4044 6402
298 294 367 347 15
1694 282 1763 340 IN
1802 282 1933 340 lSAI

2042 322 2057 348 ,
2096 280 2247 338 CAP.
2283 282 2325 338 ι.
3136 360 3143 365 ﬁ
3641 309 3711 365 16

294 402 535 476 ’Δμμῶς.
564 403 716 468 Τίνος
745 404 928 457 ἐνεκεν
950 401 1043 456 τοῦ
1074 401 1277 473 πατρὸς
1306 400 1607 473 μέμνηταις
1637 402 1705 453 Ἢ
1730 400 1817 453 διὰ
1846 399 1944 463 τὰς

292 490 622 561 ὁμωνυμίας,
660 490 693 561 ἢ
736 488 876 542 ὥστε
926 487 1117 558 μαθεῖν
1154 486 1235 539 ὅτι
1278 485 1426 539 οὐδὲν
1459 484 1697 537 εὐτέλεια
1743 484 1945 556 πατρὸς

288 572 593 640 ἐπισκιάζει
642 575 832 639 παιδὸς
872 575 1107 646 ἀρετήν’
1147 572 1267 627 οὐδὲ
1296 571 1544 641 εὐγένεια
1587 570 1743 623 τοῦτο
1775 570 1834 622 τὸ
1882 572 1946 622 ἐκ

288 663 539 733 μεγάλων
559 662 740 730 φῦναι,
766 660 898 715 ἀλλά
923 662 984 713 τὺ
1010 659 1279 731 μεγάλους
1305 659 1501 722 αὐτοὺς
1534 657 1809 725 γενέσθαι.
1839 648 1944 710 Οὖ-

283 750 375 813 τός
406 766 465 803 τε
490 751 703 819 ἀσήμου
731 748 933 819 πατρὸς
968 747 1063 811 ὣν,
1106 748 1320 801 πάντων
1353 744 1699 815 φαιδρότερος
1733 742 1943 811 γέγονε,

282 838 349 906 τῇ
378 837 478 904 τῆς
504 836 711 898 οίκείας
729 829 928 906 ἀρετῆς
951 833 1171 904 λάμψας
1198 833 1491 903 ὑπερϐολῇ.
1522 834 1634 886 ’Ἡν
1650 828 1771 885 εἶδε
1797 830 1945 883 κατὰ

282 921 394 989 τῆς
422 922 712 987 Ἰουδαίας
731 921 830 975 καί
858 923 1008 975 κατὰ
1040 919 1458 988 Ἰερουσαλήμ.

354 1008 421 1079 β’.
459 1008 613 1071 Τίνος
658 1009 842 1061 ἕνεκεν
883 1006 1225 1077 διῃρημένως
1264 1006 1538 1076 ἑκατέρων
1576 1004 1944 1075 ἐμνημόνευσε

277 1092 388 1145 τῶν
426 1093 668 1163 χωρίων;
710 1092 921 1164 Ἐπειδὴ
962 1092 1055 1145 καὶ
1097 1093 1151 1145 αἱ
1181 1090 1441 1162 τιμωρίαι
1484 1088 1825 1160 διῃρημένως
1863 1086 1943 1159 [5]

276 1181 554 1248 γεγόνασι,
584 1179 677 1232 καὶ
716 1182 772 1233 ἐν
800 1179 1075 1249 διαφόροις
1102 1180 1330 1248 καιροῖς,
1371 1176 1462 1229 τοῦ
1495 1176 1628 1230 Θεοῦ
1660 1177 1754 1229 καὶ
1790 1177 1945 1231 τοῦτο

279 1267 459 1334 σοφῶς
482 1268 946 1337 οίκονομήσαντος,
976 1265 1036 1317 τὺ
1076 1264 1151 1336 μὴ
1175 1263 1383 1325 πάντας
1425 1263 1619 1333 ἀθρόον
1658 1261 1941 1329 ἀπολέσαι,

276 1352 393 1406 ἀλλ’
424 1352 606 1423 ἡρέμα
650 1353 744 1405 καὶ
789 1351 1154 1422 καταμικρδν,
1188 1349 1328 1403 ὥστε
1353 1351 1422 1421 τῇ
1455 1349 1564 1401 τῶν
1595 1348 1943 1418 ἀπαχθέντων

274 1440 519 1510 τιμωρίᾳ
545 1440 670 1502 τοὺς
699 1439 1049 1508 λειπομένους
1077 1437 1329 1506 γενέσθαι
1355 1435 1842 1507 σωφρονεστέρους.
1878 1436 1944 1489 Εί

270 1526 331 1580 δὲ
354 1528 454 1579 οὐκ
486 1528 783 1597 ἐχρήσαντο
804 1526 881 1587 είς
907 1524 1023 1577 δέον
1044 1523 1122 1595 τῷ
1146 1523 1448 1596 φαρμάκῳ.
1472 1523 1591 1592 οὐχὶ¹
1613 1522 1708 1575 τοῦ
1733 1521 1939 1594 ίατροῦ,

272 1612 412 1668 ἀλλά
448 1614 561 1666 τῶν
603 1613 914 1681 καμνόντων
958 1612 1018 1664 τὸ
1072 1610 1346 1681 ἔγκλημα.
1400 1610 1552 1663 Ποιετ
1580 1609 1635 1662 δὲ
1678 1608 1808 1661 αὐτὸ
1853 1609 1942 1662 διὰ

274 1700 496 1763 παντὸς,
529 1699 624 1751 καὶ
654 1698 775 1750 καθ’
808 1698 1044 1767 ἑκάστην
1072 1697 1285 1765 γενεάν,
1324 1696 1384 1749 οὐ
1420 1695 1625 1759 πάντας
1654 1694 1787 1765 ὁμοῦ
1814 1696 1940 1759 τοὺς

269 1786 342 1839 τά
372 1785 513 1839 αὐτά
561 1784 969 1855 ἁμαρτάνοντας
1008 1781 1146 1853 ὁμοῦ
1190 1783 1284 1834 καὶ
1328 1781 1601 1843 κολάζωνο
1649 1782 1682 1851 ἦ
1724 1782 1833 1851 γὰρ
1872 1780 1939 1833 ἂν

273 1872 421 1926 ἀπαν
450 1872 605 1942 ἡμῶν
636 1872 801 1922 πάλαι
825 1879 850 1907 ⁸
878 1868 1311 1939 προανηρπάσθη
1343 1868 1405 1921 τὸ
1437 1868 1591 1936 γένος
1610 1883 1624 1899 ο
1653 1867 1787 1919 ἀλλά
1813 1867 1940 1929 τοὺς

275 1958 374 2027 μὲν
402 1957 633 2010 ἐνταῦθα
666 1957 884 2009 ἀπαιτεῖ
915 1956 1091 2025 δίκην,
1123 1955 1305 2017 αὐτοῖς
1332 1971 1393 2006 τε
1423 1953 1650 2016 ἐκείνοις
1679 1952 1939 2022 κουφοτέ-

274 2060 376 2114 ραν
403 2044 501 2112 τὴν
532 2045 648 2096 ἐκεῖ
678 2040 1103 2104 κατασκευάζων
1135 2040 1374 2104 κόλασιν,
1403 2039 1629 2101 καὶτοῖς
1660 2038 1939 2108 συνακμά-

271 2131 455 2194 ζουσιν
480 2129 661 2191 αὐτοῖς
712 2127 973 2198 μεγίστην
1002 2127 1100 2197 τῆς
1132 2127 1225 2179 ἐπὶ
1271 2125 1332 2178 τὸ
1376 2124 1584 2195 βέλτιον
1638 2124 1938 2194 μεταϐολῆς

271 2214 770 2283 προαποτιθέμενος
799 2212 1058 2266 ὑπόθεσιν
1082 2227 1097 2242 ο
1129 2212 1256 2274 τοὺς
1282 2211 1339 2263 δὲ
1373 2212 1507 2282 μήτε
1540 2211 1765 2274 οἴκοθεν,
1798 2211 1936 2281 μήτε

270 2303 335 2354 ἐκ
361 2303 460 2372 τῆς
502 2300 754 2369 τοιαύτης
785 2298 1095 2368 οἰκονομίας
1138 2296 1492 2368 βουλομένους
1527 2314 1579 2349 τι
1616 2295 1935 2366 κερδαίνειν,

270 2389 624 2458 ἀπαραιτήτῳ
653 2387 748 2439 καὶ
777 2385 982 2456 φοϐερᾷ
1006 2386 1105 2455 τῆς
1136 2384 1369 2456 κρίσεως
1396 2383 1786 2453 ταμιευόμενος
1807 2383 1937 2452 ἡμέ-

275 2492 363 2545 ρᾳ.
396 2475 493 2527 Ἑν
517 2472 807 2537 βασιλείᾳ
846 2471 1024 2530 Ὀζίου
1068 2470 1169 2524 καί
1221 2468 1480 2533 Ἰωάθαν,
1508 2468 1604 2521 καί
1628 2466 1820 2535 Ἀχαζ
1836 2467 1933 2521 καί

283 2559 571 2623 Ἐζὲκίου,.
587 2557 645 2612 οἳ
669 2557 1077 2610 ἐϐασίλευσαν
1103 2554 1216 2624 τῆς
1243 2554 1555 2621 Ἰουδαίας.
1581 2554 1685 2607 Καὶ
1713 2554 1802 2607 τὸν
1824 2572 1938 2608 και·
2002 2614 2003 2617 η

275 2645 367 2717 ρὺν
418 2645 732 2713 ἀναγκαίως
784 2643 1072 2713 προτίθησι
1116 2642 1169 2706 ι),
1218 2641 1307 2695 τὸν
1350 2641 1629 2709 φιλόπονον
1666 2642 1936 2712 ἀκροατὴν

272 2733 656 2805 παραπέμπων
701 2732 780 2794 είς
808 2730 904 2801 τὴν
934 2730 1174 2800 ἱστορίαν
1202 2728 1310 2782 τῶν
1339 2730 1738 2800 γεγενημένων.
1781 2729 1937 2782 Οὕτω

271 2820 380 2891 γὰρ
408 2818 781 2888 εὐμαθεστέρα
811 2833 871 2869 τε
901 2816 1053 2870 ἐσται
1086 2817 1180 2871 καὶ
1210 2815 1518 2886 σαφεστέρα
1543 2817 1575 2885 ή
1609 2816 1931 2886 προφητεία,

271 2907 322 2960 τί
354 2906 636 2976 μάθοιμεν,
668 2906 783 2967 πῶς
808 2903 916 2957 τῶν
940 2904 1278 2974 πραγμάτων
1300 2902 1673 2970 διακειμένων,
1696 2902 1788 2955 καὶ
1818 2902 1935 2965 πῶς

270 2992 380 3047 τῶν
400 2992 730 3063 τραυμάτων
763 2992 993 3060 ἐχόντων
1019 2990 1128 3044 τῶν
1164 2990 1487 3054 Ἰουδαϊκῶν,
1520 2984 1663 3042 οῦτοι
1698 2989 1767 3041 τὰ
1794 2990 1934 3061 φάρ-

273 3096 426 3150 μακα
483 3076 905 3131 κατεσκεύασαν.
934 3079 1166 3137 Ἄκουε,
1214 3076 1451 3144 οὺρανὲ,
1498 3076 1595 3129 καὶ
1641 3075 1931 3139 ἐνωτίζου,

268 3165 369 3235 γῆ,
403 3165 493 3218 ὅτι
522 3165 734 3232 Κύριος
771 3164 1060 3232 ἐλάλησε.
1108 3164 1311 3217 Πολλοῦ
1343 3163 1499 3232 γέμει
1541 3162 1633 3215 τοῦ
1677 3162 1845 3231 θυμοῦ
1874 3162 1934 3217 τὸ

268 3253 571 3323 προοίμιον.
605 3251 669 3305 El
694 3250 800 3320 γὰρ
827 3250 901 3321 μὴ
923 3250 1129 3320 σφοδρά
1148 3267 1232 3312 τις
1263 3246 1329 3320 ἦν
1359 3250 1451 3302 καί
1480 3250 1684 3317 ἄφατός
1712 3251 1743 3318 ὴ
1770 3249 1930 3320 όργὴ,

266 3339 367 3392 οὐκ
394 3339 461 3392 ἂν
478 3340 603 3402 τοὺς
639 3336 957 3407 ἀνθρώπους
985 3337 1162 3405 ἀφεὶς,
1197 3337 1331 3405 πρὸς
1362 3337 1429 3388 τὰ
1470 3339 1707 3405 στοιχεῖα
1732 3337 1820 3388 τὸν
1846 3336 1934 3388 λό-

266 3442 363 3494 γον
395 3425 619 3496 ἐστρεψε
657 3435 705 3478 ο.
736 3426 887 3477 Ποιεῖ
920 3423 976 3476 δὲ
1016 3423 1169 3487 αὐτὸ,
1209 3424 1305 3492 οὐχ
1336 3422 1475 3475 ὥστε
1508 3422 1603 3493 τὴν
1642 3423 1808 3493 ὀργὴν
1848 3423 1933 3477 ἐν-

265 3511 541 3579 δείξασθαι
591 3512 768 3583 μόνον,
817 3512 931 3565 ἀλλ’
974 3511 1116 3564 ὥστε
1171 3514 1266 3564 καὶ
1306 3512 1501 3573 αὐτοὺς
1548 3513 1672 3572 τοὺς
1717 3510 1932 3564 ἀκούειν

270 3598 566 3668 μέλλοντας
595 3598 734 3667 μετά
759 3597 955 3665 πολλῆς
978 3596 1233 3667 ἐντρέψαι
1253 3599 1351 3666 τῆς
1378 3596 1698 3664 ὑπερϐολῆς,
1719 3597 1932 3658 δεικνὺς

265 3686 347 3738 ὅτι
380 3684 489 3737 τῶν
516 3684 855 3751 ἀναισθήτων
881 3682 1039 3751 φύσει
1071 3682 1349 3750 στοιχείων
1383 3684 1559 3751 χεῖρον
1588 3683 1634 3733 οί
1670 3682 1809 3751 λόγῳ
1841 3700 1931 3737 τετ

265 3770 558 3841 τιμημένοι
590 3769 904 3822 διάκεινται.
943 3768 1113 3820 Τοῦτο
1139 3768 1195 3820 δὲ
1213 3769 1309 3821 καὶ
1340 3767 1541 3837 ἑτέροις
1572 3767 1690 3829 ἔθος
1723 3770 1933 3838 προφή-

263 3873 386 3919 ταις
410 3858 603 3909 ποιεῖν.
622 3856 720 3909 Διά
748 3871 829 3907 τοι
854 3854 1012 3906 τοῦτο
1044 3855 1140 3907 καὶ
1169 3857 1197 3907 ό
1219 3855 1355 3925 πρὸς
1378 3855 1468 3907 τὸν
1501 3853 1782 3924 Ἱεροϐοάμ
1805 3856 1933 3907 ἀπο-

266 3942 505 4005 σταλεὶς,
540 3942 698 4010 ἀφεὶς
745 3942 837 3993 τὸν
886 3940 1110 4010 βασιλέα
1160 3942 1297 4011 πρὸς
1334 3940 1393 3993 ὃν
1440 3941 1814 4002 ἀπεστέλλετο,
1853 3941 1930 4011 τῷ

265 4028 637 4099 θυσιαστηρίῳ
666 4027 990 4095 διαλέγεται.
1029 4027 1140 4079 Καὶ
1190 4027 1456 4098 Ἱερεμίας
1488 4027 1587 4096 τὴν
1608 4027 1721 4095 ,γῆν
1750 4028 1929 4081 ἐκάλει

263 4113 435 4183 λέγων
450 4131 464 4143 ·
488 4113 601 4181 Γῆ,
627 4111 723 4180 γῆ,
754 4113 828 4182 γῆ
849 4129 863 4142 ⁸
905 4112 1144 4181 γράψον
1163 4112 1269 4165 τὸν
1284 4113 1471 4178 ἄνδρα
1490 4114 1719 4179 τοῦτον,
1742 4114 1930 4181 ἄνδρα

263 4201 659 4270 ἐκκήρυκτον.
717 4200 826 4252 Καὶ
877 4200 1064 4269 ἔτερος
1107 4199 1267 4253 πάλιν
1322 4198 1537 4266 ἐλεγεν’
1593 4200 1925 4268 Ἀκούσατε,

265 4288 583 4359 φάραγγες,
614 4286 853 4356 θεμέλια
883 4284 993 4353 τῆς
1016 4283 1144 4355 γῆς.
1188 4286 1360 4350 Υίοὺς
1390 4284 1706 4353 ἐγέννησα.
1736 4288 1809 4340 Οὐ
1830 4289 1927 4360 τὴν

263 4376 449 4444 κοινὴν
499 4374 635 4446 πρὸς
681 4374 887 4436 πάντας
934 4370 1255 4441 ἀνθρώπους
1314 4370 1524 4441 τίθησιν
1587 4374 1665 4433 εἰς
1732 4375 1924 4439 αὐτοὺς

264 4460 603 4531 εὐεργεσίαν,
633 4461 769 4531 ὅπερ
798 4455 866 4530 ἦν
903 4458 964 4511 τὸ
1012 4457 1287 4525 γενέσθαι,
1329 4446 1595 4526 ἀλλάίτὴν
1631 4460 1922 4530 ἐξαίρετον,

263 4548 402 4618 ὅπερ
446 4542 514 4617 ἦν
561 4547 622 4599 τὸ
657 4546 683 4586 ἀ
724 4548 874 4609 υἱοὺς
928 4544 1201 4613 γενέσθαι.
1264 4546 1544 4613 Πανταχοῦ
1599 4546 1705 4615 γάρ
1768 4548 1923 4617 ἄρχει

261 4635 371 4687 τῶν
410 4634 736 4703 εὐεργεσιῶν
761 4635 791 4685 ὁ
809 4633 963 4698 Θεὸς,
996 4632 1089 4684 καλ⁸
1119 4630 1307 4700 ὥσπερ
1332 4631 1423 4683 τὸν
1446 4632 1730 4701 ἄνθρωπον
1758 4635 1925 4687 πλάτ-

263 4738 392 4786 των,
416 4719 627 4773 οὐδέπω
657 4718 945 4788 γενόμενον
975 4718 1202 4788 ἐτίμησε
1239 4721 1304 4789 τῆ
1338 4719 1497 4789 ἀρχῇ,
1530 4719 1718 4782 εἰπὼν,
1751 4722 1925 4788 Ποιή-

264 4823 465 4878 σωμεν
508 4806 818 4875 ἄνθρωπον
862 4806 987 4857 κατ’
1044 4806 1249 4861 είκόνα
1303 4805 1595 4873 ἡμετέραν
1653 4806 1749 4859 καί
1793 4809 1921 4863 καθ’

266 4895 578 4964 ὁμοίωσινο
633 4892 725 4945 ἐπὶ
764 4891 820 4944 δὲ
860 4891 961 4959 τῆς
1009 4891 1221 4960 Καινῆς
1258 4894 1348 4943 καὶ
1388 4890 1674 4960 μειζόνως·
1725 4893 1783 4945 οὐ
1816 4895 1923 4965 γάρ

266 4981 331 5051 δὴ
371 4981 531 5051 μόνον
586 4979 750 5050 μηδὲν
787 4977 1201 5048 εἰργασμένους,
1247 4977 1383 5030 ἀλλὰ
1427 4979 1520 5029 καὶ
1569 4978 1736 5048 μυρίοι
1780 4983 1924 5035 κακὰ

268 5063 659 5133 είργασμένους
695 5062 918 5131 ἐτίμησε
951 5060 1035 5112 διὰ
1078 5060 1176 5130 τῆς
1205 5060 1300 5112 τοῦ
1337 5060 1558 5129 λουτροῦ
1606 5062 1921 5130 παλιγγενε-

271 5145 423 5208 σίας·
476 5144 618 5197 οὕτω
661 5144 756 5197 καὶ
790 5142 1018 5197 ἐνταῦθα
1058 5142 1203 5195 ἐστιν
1244 5143 1391 5204 ἰδεῖν,
1445 5143 1524 5195 ὅτι
1568 5146 1633 5213 τῇ
1686 5146 1921 5217 υἱοθεσία

269 5226 388 5295 οὐχὶ
429 5225 584 5295 μόνον
613 5225 762 5277 οὐδὲν
790 5222 1218 5293 κατωρθωκότας
1237 5264 1253 5288 ,
1300 5224 1439 5277 ἀλλά
1474 5226 1567 5276 καὶ
1598 5227 1921 5292 ἐπταικότας

271 5307 547 5377 ἐτίμησεν.
579 5307 652 5357 Οὐ
678 5306 782 5375 μὴν
811 5305 993 5374 ἐπειδὴ
1018 5307 1155 5374 τιμᾷ
1184 5301 1289 5375 πρὸ
1319 5307 1425 5359 τῶν
1460 5307 1655 5372 πόνων,
1687 5311 1920 5365 ἀποστε-

276 5392 358 5457 ρεῖ
390 5388 526 5455 μετά
568 5389 691 5447 τοὺς
731 5388 952 5449 πόνους,
992 5386 1125 5437 ἀλλὰ
1179 5388 1272 5439 καὶ
1321 5388 1441 5439 τότε
1498 5390 1713 5457 μείζονα
1743 5393 1921 5447 δίδωσι

272 5470 340 5521 τὰ
382 5469 606 5522 ἔπαθλα.
645 5469 752 5522 Kal
788 5471 1023 5538 ὕψωσαι
1064 5467 1145 5521 Τὰ
1196 5471 1254 5521 ἐν
1298 5469 1575 5539 Αἰγύπτῳ,
1630 5473 1697 5524 τά
1743 5475 1799 5525 ἐν
1854 5480 1920 5547 τῇ

338 5579 362 5641 ξ
386 5579 466 5641 Sic
488 5583 625 5641 recte
649 5578 917 5628 Bavaricus.
944 5577 1071 5628 Εόὶιί
1091 5579 1131 5625 εἰ
1153 5578 1242 5641 γὰρ
1264 5580 1377 5625 ἂν...
1403 5578 1556 5625 πάλιν.

336 5639 364 5703 β
394 5639 671 5703 ιτρεεῐιᾶμη]
690 5641 812 5703 forte
842 5642 1133 5703 προστίθησι.

338 5702 361 5730 ι
401 5699 487 5747 Hic
512 5700 603 5748 levi
644 5699 908 5763 mulatione
946 5701 1103 5751 series
1130 5700 1309 5748 melius
1351 5707 1427 5748 est
1466 5701 1567 5748 sic:
1597 5701 1671 5747 τὸν
1697 5704 1833 5763 λόγον
1868 5705 1921 5750 ἂν

277 5762 489 5822 trabe.
513 5764 611 5817 vel,
637 5768 691 5822 ul
711 5762 982 5809 Bavaricus.
1021 5765 1198 5822 ἔτρεψε.

337 5820 466 5871 ιδιε
487 5829 625 5871 recte
649 5821 918 5874 Bavaricus.
948 5826 998 5874 ιιι
1022 5820 1175 5873 unus
1199 5830 1251 5872 τό
1274 5823 1463 5871 deerat.

2052 397 2129 471 [6]
2145 398 2239 469 ἐρή
2248 414 2349 467 μῳ,
2366 396 2432 450 τὰ
2444 397 2500 449 ἐν
2512 396 2845 470 Παλαιστίνῃ
2859 395 2937 449 ἐνὶ
2953 396 3017 469 ρή
3026 360 3155 467 ματι
3171 360 3709 469 παρέδραμεν.Ἔθος

2049 483 2158 552 γὰρ
2191 483 2267 553 τῷ
2298 482 2417 553 Θεῷ
2443 481 2620 546 τοῦτο,
2652 482 2739 535 διά
2760 482 2857 553 τὴν
2880 483 3195 553 περιουσίαν
3220 481 3329 536 τῶν
3378 484 3703 556 εὐεργεσιῶν

2054 569 2127 640 μὴ
2160 568 2497 640 καταμικρὸν
2542 568 2895 639 ἐνδιατρίϐειν
2938 573 3002 640 τῇ
3050 569 3295 641 διηγήσει
3332 570 3440 624 τῶν
3483 589 3710 643 γεγενηο

2052 654 2250 725 μένων.
2275 656 2450 709 Αὐτοὶ
2488 654 2554 708 δέ
2570 671 2648 723 με
2678 654 2996 721 ἠθέτησαν.
3030 654 3351 726 Παρέϐησάν
3402 673 3524 726 μου,
3552 660 3706 729 φησι,

2046 743 2137 795 τὸν
2169 742 2351 813 νόμον,
2405 742 2474 795 τὰ
2526 743 2919 812 προστάγματα
2968 742 3279 798 κατέλιπον.
3312 745 3505 813 Ἔγνω
3549 746 3710 813 ,Βοῦς

2048 829 2153 881 τὸν
2178 828 2575 897 κτησάμενον,
2628 830 2727 882 καί
2776 828 2915 894 ὄνος
2953 828 3070 894 τὴν
3097 827 3336 898 φάτνην
3366 830 3470 885 τοῦ
3499 832 3710 899 κυρίου

2047 915 2252 968 αὐτοῦ.
2280 914 2346 967 Al
2378 914 2697 984 συγκρίσεις
2724 912 2949 983 αὔξησιν
2979 914 3078 984 τῆς
3116 916 3449 985 κατηγορίας
3473 917 3706 982 ποιοῦσι,

2047 999 2141 1053 καὶ
2170 999 2403 1069 μάλιστα
2430 1002 2555 1053 ὅταν
2578 999 2637 1064 ἐξ
2674 1000 2874 1053 ἀνίσων
2904 993 3005 1053 ὦσι
3030 1017 3042 1033 ο
3075 999 3254 1062 καθὼς
3290 1001 3384 1053 καὶ
3418 1003 3446 1053 ό
3475 1002 3710 1071 Χριστός

2048 1102 2180 1155 φησι
2204 1102 2218 1117 ·
2258 1085 2506 1153 ’Ἄνδρες
2529 1084 2829 1141 Νινευῖται
2853 1085 3300 1153 ἀναστήσονται
3326 1086 3396 1139 ἐν
3420 1085 3494 1155 τῇ
3514 1089 3710 1155 κρίσει

2041 1172 2190 1243 μετὰ
2220 1172 2332 1242 τῆς
2358 1173 2567 1244 γενεᾶς
2588 1174 2827 1239 ταύτης,
2859 1173 2956 1226 καί
2984 1171 3445 1241 κατακρινοῦσιν
3474 1173 3668 1241 αὑτήν
3689 1191 3706 1206 ·

2046 1260 2140 1313 καὶ
2184 1260 2350 1314 πάλιν
2382 1276 2397 1291 ’
2432 1260 2780 1314 Βασίλισσα
2838 1260 3018 1313 νότου
3069 1258 3448 1328 ἐγερθήσεται
3506 1260 3575 1313 ὲν
3632 1259 3710 1330 τῇ

2045 1346 2262 1414 κρίσει,
2281 1345 2379 1399 καί
2409 1346 2753 1414 κατακρινεῖ
2767 1345 2882 1413 τὴν
2902 1345 3114 1415 γενεὰν
3139 1346 3384 1412 ταύτην,
3418 1346 3506 1399 ὅτι
3522 1345 3709 1415 ήλθεν

2042 1434 2111 1488 ἐκ
2142 1431 2261 1487 τῶν
2286 1434 2556 1502 περάτων
2585 1433 2693 1502 τῆς
2722 1430 2833 1504 γῆς
2864 1432 3119 1488 ἀκοῦσαι
3145 1432 3259 1501 τὴν
3278 1435 3503 1502 σοφίαν
3525 1438 3708 1489 Σολο-

2039 1518 2293 1589 μῶντος.
2331 1522 2440 1573 Καὶ
2478 1520 2742 1589 Ἱερεμίας
2775 1518 2833 1572 δέ
2866 1518 3026 1572 πάλιν
3062 1517 3225 1587 φησί·
3254 1520 3587 1586 Πορεύθητε
3618 1523 3708 1587 είς

2041 1607 2274 1674 νήσους
2296 1606 2498 1674 Χετιίμ
2532 1617 2578 1668 θ,
2610 1605 2706 1659 καί
2748 1604 2901 1658 ἴδετε
2924 1607 3010 1670 είς
3032 1603 3243 1673 Κεδάρ.
3286 1605 3706 1661 Ἀποστείλατε

2041 1690 2140 1743 καί
2175 1689 2381 1759 γνῶτε,
2420 1693 2472 1743 εί
2502 1688 2871 1753 ἀλλὰξονται
2898 1689 3040 1755 ἔθνη
3094 1689 3266 1755 θεοὺς
3297 1690 3497 1743 αὐτῶν
3522 1708 3535 1722 ·
3574 1695 3606 1745 ό
3634 1692 3704 1745 δὲ

2040 1776 2188 1841 λαός
2220 1793 2339 1845 μου
2374 1774 2683 1843 ἠλλάξατο
2723 1773 2837 1841 τὴν
2879 1773 3069 1837 δόξαν
3112 1774 3316 1838 αὑτοῦ,
3364 1775 3432 1839 ἐξ
3475 1772 3550 1845 ἧς
3590 1779 3702 1831 οὐκ

2040 1860 2513 1930 ὠφεληθήσεται.
2546 1861 2620 1914 Τὸ
2650 1860 2956 1930 ἀνεπαχθὲς
2975 1860 3074 1928 τῆς
3090 1860 3410 1929 νομοθεσίας
3440 1861 3703 1926 δείκνυσι,

2041 1950 2135 2002 καὶ
2170 1949 2293 2002 ὅσον
2334 1949 2557 2001 ἀπαιτεῖ
2598 1946 2750 2018 παρὰ
2786 1948 2897 1999 τῶν
2942 1947 3245 2018 ἀνθρώπων
3290 1947 3508 2019 μέτρον,
3550 1949 3578 2001 ὃ
3610 1952 3705 2003 καὶ

2040 2034 2256 2100 ἀλόγοις
2284 2033 2507 2087 εὔκολον
2540 2032 2886 2104 κατορθῶσαι
2911 2070 2925 2094 ,
2972 2033 3067 2086 κα)⁵
3095 2032 3302 2100 ἀλόγων
3329 2036 3443 2096 τοῖς
3475 2036 3702 2104 ἀνοητο-

2037 2119 2236 2190 τέροις.
2277 2118 2415 2172 Ἀλλ’
2454 2120 2571 2189 ἐρεῖ
2609 2136 2714 2183 τις,
2759 2120 2841 2172 ὅτι
2873 2120 3057 2172 ἐκεῖνα
3094 2120 3152 2172 ἐν
3179 2121 3245 2190 τῇ
3290 2118 3445 2189 φύσει
3489 2121 3610 2190 εχει
3640 2122 3702 2175 τὸ

2037 2204 2343 2275 γνωρίζειν.
2391 2206 2550 2261 Ἀλλά
2571 2205 2793 2259 δυνατὸν
2820 2206 2889 2258 τά
2925 2206 3081 2274 φύσει
3118 2206 3525 2278 κατορθούμενα
3556 2208 3700 2261 ἐκεί-

2038 2308 2149 2354 νοις
2194 2294 2258 2345 ἐκ
2307 2293 2679 2364 προαιρέσεως
2706 2292 2794 2361 ὑφ’
2835 2293 2990 2362 ήμῶν
3037 2292 3302 2361 γίνεσθαι.
3334 2295 3520 2362 Ἔγνω
3543 2294 3703 2361 βοῦς

2036 2377 2143 2431 τὸν
2169 2379 2548 2447 κτησάμενον
2569 2395 2583 2409 ο
2609 2380 2671 2431 οὐ
2702 2378 2779 2449 τῷ
2820 2378 3082 2448 ἐξαιρέτῳ
3124 2378 3143 2418 ί
3176 2380 3273 2449 τῆς
3301 2379 3507 2449 δωρεᾶς
3530 2380 3700 2445 τιθεὶς

2036 2464 2250 2527 αὐτοὺς,
2288 2464 2423 2516 ἀλλά
2458 2463 2552 2517 καὶ
2581 2466 2647 2534 τῇ
2680 2464 2950 2535 ὑπερϐολῇ
2980 2464 3076 2533 τῆς
3105 2466 3301 2529 κακίας
3333 2466 3510 2519 αὐτῶν
3546 2466 3700 2532 αὔξει

2034 2549 2134 2620 τὴν
2182 2555 2535 2621 κατηγορίαν.
2574 2552 2785 2621 Ὠσπρ
2834 2550 2941 2621 γὰρ
2977 2553 3056 2614 είς
3102 2552 3368 2623 ἐντροπὴν
3412 2553 3592 2607 αὐτῶν
3631 2557 3703 2610 τά

2038 2639 2271 2706 στοιχεῖα
2295 2637 2466 2700 καλεῖ,
2484 2637 2625 2691 οὕτω
2648 2638 2807 2691 πάλιν
2841 2638 2939 2691 οὐκ
2971 2637 3296 2708 ἀνθρώποις,
3328 2639 3463 2692 ἀλλά
3484 2641 3701 2709 ἀλόγοις

2037 2720 2219 2781 αὐτοῖς
2256 2720 2553 2791 συγκρίνει,
2606 2721 2701 2773 καὶ
2751 2720 2954 2773 τούτων
3002 2724 3116 2784 τοῖς
3163 2723 3562 2793 ἀνοητοτάτοις,
3603 2725 3701 2778 καὶ

2035 2800 2266 2854 δείκνυσι
2299 2802 2512 2873 χείρους
2536 2803 2822 2857 κάκείνων.

2103 2881 2173 2949 γ’.
2206 2881 2360 2935 Οὕτω
2403 2883 2496 2935 καὶ
2538 2882 2803 2952 Ἱερεμίας
2850 2882 3011 2945 ποιεῖ,
3045 2880 3281 2951 τρυγόνα
3323 2883 3416 2935 καὶ
3458 2882 3700 2953 χελιδόνα

2036 2967 2300 3037 παράγων
2340 2968 2419 3030 είς
2449 2968 2634 3037 μέσον,
2669 2970 2763 3021 καὶ
2806 2968 2834 3019 ὁ
2876 2966 3125 3037 Σολομῶν
3179 2967 3237 3020 δὲ
3299 2967 3393 3022 νῦν
3431 2970 3564 3039 πρὸς
3598 2970 3700 3041 τὴν

2039 3053 2326 3123 μύρμηκα,
2355 3054 2449 3106 νῦν
2475 3055 2530 3107 δὲ
2567 3055 2702 3123 πρὸς
2727 3054 2825 3125 τήν
2857 3054 3111 3124 μέλιτταν
3153 3054 3385 3123 πέμπων
3413 3056 3501 3109 τὸν
3527 3058 3699 3126 ἀργὸν

2037 3138 2149 3207 βίον
2175 3140 2372 3203 ζῶντα.
2417 3140 2663 3209 Ἰσραὴλ
2715 3140 2779 3193 δέ
2804 3157 2877 3210 με
2918 3142 3027 3194 οὐκ
3075 3141 3245 3210 ἔγνω.
3286 3142 3564 3207 Ἐπίτασις
3595 3162 3698 3198 κα-

2036 3227 2181 3290 κίας,
2201 3228 2329 3279 ὃταν
2357 3228 2449 3281 καὶ
2478 3229 2527 3279 οί
2548 3228 2902 3298 ᾡκειωμένοι,
2923 3228 3017 3280 καὶ
3050 3227 3192 3299 μετά
3215 3229 3480 3289 τοσαύτας
3510 3232 3695 3300 τιμὰς,

2035 3313 2127 3365 καὶ
2146 3312 2343 3376 πάντες
2363 3311 2428 3364 άθ
2438 3312 2557 3382 ρόον
2576 3315 2710 3383 πρὸς
2740 3313 2836 3383 τὴν
2865 3313 3062 3366 κακίαν
3087 3307 3220 3365 ὦσιν
3244 3314 3695 3384 ηὐτομοληκότες.

2035 3399 2146 3451 Οὐκ
2188 3395 2364 3462 εἶπεν,
2412 3399 2626 3459 Ἰακὼϐ,
2662 3399 2775 3451 ἀλλ’
2811 3398 3090 3466 Ἰσραὴλ,
3128 3399 3267 3452 ὥστε
3296 3402 3361 3471 τῇ
3396 3402 3561 3473 ἀρετῇ
3600 3403 3696 3456 τοῦ

2035 3485 2300 3555 προγόνου
2331 3486 2438 3538 τῶν
2458 3485 2693 3554 ἐκγόνων
2716 3484 2940 3553 μείζονα
2965 3485 3134 3549 δεῖξαι
3160 3488 3257 3555 τὴν
3285 3489 3694 3561 ἀγνωμοσύνην.

2044 3571 2101 3622 '0
2135 3571 2233 3639 μὲν
2259 3570 2367 3641 γάρ
2393 3574 2463 3642 τῇ
2492 3572 2589 3640 τῆς
2613 3572 2791 3642 ψυχῆς
2823 3573 2989 3642 ἀρετῇ
3019 3571 3115 3642 τὴν
3155 3573 3404 3642 εὐλογίαν
3450 3578 3695 3631 ἐπεσπά-

2034 3672 2162 3709 σατο
2196 3657 2292 3728 τήν
2316 3658 2417 3727 τῆς
2461 3659 2849 3729 προσηγορίας,
2892 3661 2940 3712 οί
2974 3659 3031 3712 δέ
3074 3660 3161 3712 διά
3199 3660 3298 3729 τῆς
3352 3664 3696 3734 παρανομίας

2032 3744 2200 3815 αὐτὴν
2240 3746 2585 3817 προῦδωκαν.
2615 3748 2726 3800 Kal
2750 3750 2783 3800 d
2810 3747 2959 3812 λαός
2980 3765 3100 3815 μου
3122 3745 3229 3816 ἐμὲ
3266 3750 3337 3804 οὐ
3378 3750 3650 3819 συνῆκεν
3673 3770 3689 3787 ·

2046 3832 2200 3900 Ἐμὲ,
2251 3833 2403 3903 φησὶ,
2451 3832 2543 3886 τὸν
2571 3832 2665 3885 τοῦ
2713 3833 2865 3903 ήλίου
2917 3833 3310 3905 φανερώτερον.
3346 3838 3488 3890 Οὐαί
3519 3838 3694 3905 ἔθνος

2032 3919 2400 3985 ἀμαρτωλόν.
2434 3918 2545 3971 Καὶ
2580 3918 2739 3971 τοῦτο
2778 3921 2891 3981 τοῖς
2930 3922 3235 3989 προφήταις
3270 3919 3387 3984 ἔθος
3408 3959 3422 3985 ,
3459 3924 3586 3986 τοὺς
3624 3926 3693 3982 τά

2030 4004 2223 4057 ἀνίατα
2267 4002 2555 4067 νοσοῦντας
2606 4002 2841 4073 θρηνεῖν.
2883 4004 3038 4059 Οὕτω
3067 4007 3160 4058 καὶ
3193 4006 3458 4078 Ἱερεμίας
3488 4011 3691 4065 πολλα-

2030 4090 2124 4159 χοῦ
2147 4106 2160 4120 ·
2190 4088 2332 4144 οὕτω
2355 4090 2451 4143 καὶ
2470 4090 2704 4159 Χριστὸς
2728 4090 2900 4159 λέγων
2920 4108 2933 4120 ο
2952 4092 3099 4145 Οὐαί
3133 4106 3233 4145 σοι
3247 4093 3463 4161 Χωραζί
3480 4105 3526 4159 8,
3554 4098 3693 4149 οὐαί

2030 4193 2128 4233 σοι
2152 4179 2479 4247 Βηθσαῖδά.
2532 4179 2685 4233 Ἐπεὶ
2709 4180 2801 4232 καὶ
2830 4178 2985 4232 τοῦτο
3016 4179 3362 4244 διδασκαλίας
3395 4179 3553 4246 εἶδος.
3594 4188 3694 4239 ὐν

2030 4266 2136 4336 γὰρ
2161 4267 2260 4320 οὐκ
2290 4268 2627 4337 ἀνεκτήσατο
2677 4266 2852 4335 λόγος,
2880 4266 3067 4319 τοῦτον
3106 4267 3364 4331 πολλάκις
3412 4269 3690 4341 διώρθωσε

2031 4351 2245 4421 θρῆνος.
2294 4354 2452 4418 Λαὸς
2505 4353 2747 4421 πλήρης
2796 4352 3113 4421 ἁμαρτιῶν.
3182 4354 3347 4426 Ἀλλη
3400 4358 3682 4431 προσθήκη

2030 4442 2379 4512 κατηγορίας,
2401 4440 2462 4493 τὸ
2486 4440 2579 4493 καὶ
2594 4440 2820 4501 πάντας,
2852 4440 2943 4492 καὶ
2967 4440 3083 4508 μετ’
3102 4441 3421 4505 ἐπιτάσεως.
3445 4445 3684 4514 Σπέρμα

2028 4530 2317 4595 πονηρόν.
2354 4528 2427 4580 Οὐ
2483 4528 2581 4597 τὴν
2618 4527 2827 4595 γένεσιν
2870 4526 3047 4581 αὐτῶν
3089 4526 3380 4593 διαϐάλλει,
3413 4530 3546 4584 ἀλλά
3580 4533 3685 4585 δείη

2027 4630 2213 4667 κνυσιν
2248 4616 2311 4667 ἐκ
2345 4612 2569 4686 πρώτης
2601 4614 2816 4684 ἡλικίας
2834 4617 2993 4675 όντας
3015 4613 3237 4676 κακούς.
3276 4615 3485 4685 Ὠσπερ
3516 4617 3624 4687 γὰρ
3650 4621 3682 4673 ὁ

2039 4694 2287 4765 Ἰωάννης
2312 4696 2506 4764 λέγων,
2545 4698 2768 4766 Ὄφεις,
2802 4694 3137 4764 γεννήματα
3165 4693 3415 4763 ἐχιδνῶν
3434 4735 3448 4759 ,
3492 4698 3552 4749 οὐ
3581 4698 3681 4768 τὴν

2026 4777 2185 4843 φύσιν
2214 4777 2293 4849 [7]
2315 4777 2598 4848 ἀτιμάζειο
2630 4781 2690 4831 οὐ
2724 4778 2831 4848 γάρ
2855 4777 2919 4829 ἂν
2940 4771 3077 4841 εἷπε,
3096 4775 3387 4841 Ποιήσατε
3403 4774 3515 4832 οὖν
3542 4797 3680 4849 καρ-

2025 4858 2175 4922 ποὺς
2196 4858 2406 4923 ἀξίους
2422 4858 2530 4924 τῆς
2538 4858 2876 4926 μετανοίας,
2902 4859 2949 4909 εί
2974 4856 3131 4925 φύσει
3149 4857 3240 4909 καὶ
3256 4856 3362 4911 ἀπὸ
3377 4862 3678 4931 γεννήσεως

2022 4935 2161 5008 ἦσαν
2194 4940 2422 4992 τοιοῦτοι
2443 4956 2455 4970 ·
2485 4939 2626 4992 οὕτω
2662 4939 2754 4992 καὶ
2803 4938 3035 4990 ἐνταῦθα
3064 4938 3256 5006 λέγων,
3288 4940 3527 5008 Σπέρμα
3569 4959 3674 4996 πο-

2022 5022 2229 5089 νηρὸν,
2258 5024 2318 5075 οὐ
2352 5021 2448 5091 τὴν
2481 5021 2730 5090 γέννησιν
2772 5021 2948 5075 αὐτῶν
2972 5022 3262 5075 διαϐάλλει.
3293 5024 3409 5075 Υίοί
3441 5023 3668 5092 ἄνομοι.

2024 5106 2137 5158 Οὐκ
2188 5100 2330 5167 εἶπε,
2383 5106 2724 5174 παράνομοι,
2781 5104 2917 5169 ἀλλ’,
2971 5106 3216 5173 Ἀνομοι,
3272 5106 3379 5157 τῶν
3425 5107 3673 5177 οὐδαμῶς

2090 5220 2111 5280 ἐ
2135 5218 2215 5267 Sic
2237 5220 2356 5280 Reg.
2395 5222 2443 5266 el
2470 5217 2617 5267 Savil.
2642 5236 2655 5271 ι
2679 5220 2726 5266 in
2750 5218 2918 5266 Morel.
2961 5230 3074 5266 vero
3094 5218 3257 5278 Χετῖμ.

2090 5275 2328 5360 ΐνίηηίιιξρό
2349 5282 2503 5353 ιοεηηι
2518 5280 2627 5360 ἔλεξε
2652 5280 2796 5355 ἤθρει
2817 5280 3023 5360 allenu‘s
3047 5280 3093 5352 ir!
3122 5275 3246 5360 nolis
3269 5276 3451 5360 Siwilii,
3476 5291 3522 5353 ρ.
3546 5275 3662 5351 ίβθς

2024 5360 2048 5382 κ
2072 5345 2125 5391 οὐ
2146 5342 2212 5401 τῷ
2248 5342 2463 5402 ἐξαιρέτῳ
2485 5347 2567 5396 τῆς
2583 5342 2757 5402 δωρεᾶς
2791 5342 2925 5393 τιθεὶς
2955 5339 3137 5393 αὐτούς,
3165 5347 3282 5394 em,
3304 5336 3427 5384 forle
3453 5336 3507 5383 οὐ
3528 5337 3667 5396 μόνον

2021 5404 2103 5469 τῷ.
2136 5402 2195 5449 Ει
2221 5415 2319 5469 [ιι-ε
2327 5403 2460 5469 τιθεὶς
2478 5401 2644 5469 αὐτούς
2658 5408 2783 5469 .pulo
2809 5404 2994 5469 τεριῑυε
3029 5400 3132 5469 legi
3170 5411 3309 5469 ροξςρ
3342 5396 3667 5469 δεθείσῃςιαύ-

2021 5448 2267 5538 τοῖξξείξλ
2283 5462 2413 5509 Talis
2442 5448 2694 5538 [οειιιὶοιξὶξ
2715 5448 3217 5538 exculplumrgsi’Aét.
3246 5456 3320 5515 11,
3345 5455 3419 5538 ιγ,
3453 5448 3666 5538 ﬁgite?

2023 5521 2198 5586 δωρεὰν
2221 5525 2391 5570 ἔδωκεν
2411 5522 2566 5576 αὐτοῖς
2589 5524 2613 5568 ὀ
2639 5524 2771 5577 Θεος,
2803 5528 2898 5569 elc.
2933 5536 2951 5568 ι
2997 5522 3113 5569 Sine
3139 5532 3249 5567 mss.
3284 5521 3575 5587 guclorilalo
3598 5521 3667 5587 ηἰ-

2022 5583 2108 5651 hil_
2120 5586 2517 5651 a_qsin1_mutare__:
2562 5585 2654 5651 et§j
2678 5584 2827 5651 locus
2862 5595 2954 5651 μου
2999 5579 3439 5651 νερειυειιεριςίοιιρ
3458 5579 3639 5651 pendi.

2086 5646 2108 5683 8
2139 5645 2306 5692 Morel.
2333 5650 2458 5691 male
2483 5642 2799 5704 Χωριζίλὶθε.
2828 5650 2879 5691 ει
2900 5643 3050 5704 Savil._
3073 5648 3124 5688 ul
3142 5642 3191 5687 in
3220 5637 3375 5704 ιεὲιιμιἐ
3407 5637 3530 5687 Infra
3552 5651 3669 5704 verp

2023 5706 2511 5761 Saviliuslegeudnm
2549 5699 2777 5763 dpinatuF
2799 5704 2852 5750 ού
2877 5706 2960 5757 τήν
3000 5702 3208 5761 γέννησιν
3254 5701 3427 5763 αὐτῶν,
3472 5711 3565 5747 non
3590 5699 3665 5755 γέ-

2023 5767 2282 5813 νεσιν.“58ό
2309 5768 2380 5813 hae
2417 5778 2560 5815 voces
2583 5761 2714 5826 Saepe
2743 5764 2871 5813 inter
2892 5776 2945 5813 se
2997 5768 3283 5822 mutantur;
3322 5761 3497 5821 γένεσιν
3536 5767 3666 5810 stare

2027 5840 2167 5888 posse
2191 5834 2322 5889 pulo.
