4044 6406
284 320 349 373 17
1597 302 1661 356 ω
1701 295 1851 353 lSAll

1986 297 2131 353 CAP.
2176 297 2217 351 1.
3444 315 3514 365 18

277 419 448 471 Facite
486 420 634 487 igitur
656 424 847 487 fructus
886 419 1061 486 dignos
1096 416 1391 485 ptenitentiw
1413 412 1571 482 (Ibid.
1601 429 1645 466 υ.
1676 411 1755 482 8),
1785 410 1831 464 si

271 523 335 563 ex
368 519 550 563 natura
591 518 645 562 et
682 510 748 561 ab
776 518 895 561 ortu
942 509 1073 561 tales
1117 506 1335 560 fuissent
1368 522 1380 557 :
1410 507 1485 558 sie
1512 514 1564 558 et
1593 504 1694 557 hoc
1718 503 1837 557 loco

271 612 395 652 eum
433 598 599 650 dicit:
634 597 829 651 Semini
868 614 1099 664 nequam,
1149 611 1251 650 non
1297 604 1471 650 ortum
1515 594 1710 665 probro
1750 594 1840 647 dat

275 686 399 737 illis.
449 684 596 737 Filiis
634 686 906 755 exlegibus.
950 685 1065 739 Non
1102 684 1266 749 dixit,
1312 684 1834 749 Praevaricatoribus,

274 777 389 839 sed,
432 777 720 847 Exlegibus,
752 778 841 848 qui
877 792 978 830 non
1003 776 1208 830 meliori
1235 784 1412 829 essent
1441 774 1647 835 affectu,
1680 788 1834 844 quam

271 866 315 917 si
349 866 517 933 legem
566 880 847 936 numquam
884 865 1234 932 excepissent.
1262 863 1364 917 Sed
1410 863 1660 931 propositi
1691 860 1839 915 dific-

275 956 496 1007 rentiam
524 955 781 1023 significat
814 957 850 1006 ι.
878 953 1224 1021 Dercliquistis
1248 952 1539 1013 Dominum,
1565 962 1610 1004 et
1639 950 1706 1004 ad
1735 953 1841 1003 ira-

271 1044 509 1095 cundiam
551 1043 869 1111 prorocastis.
901 1043 1000 1097 Per
1039 1041 1315 1110 emphasin
1354 1040 1455 1094 hoc
1495 1040 1643 1095 dixit.
1680 1040 1839 1095 Sufﬁ-

274 1134 446 1187 ciebat
474 1134 614 1186 enim
654 1148 843 1186 nomen
885 1133 971 1185 Dei
999 1132 1064 1186 ad
1091 1132 1478 1187 accusationem
1515 1149 1528 1185 :
1558 1147 1658 1201 qua
1687 1132 1753 1185 de
1784 1146 1841 1186 re

274 1223 531 1277 Jeremias
566 1224 864 1290 expostulat
904 1222 1085 1276 dicens
1114 1240 1126 1275 :
1163 1222 1293 1285 Quia
1328 1222 1388 1274 ab
1424 1220 1512 1274 illo
1534 1222 1837 1290 defecerunt,

274 1322 318 1365 et
348 1312 658 1364 dwmonibus
691 1312 1021 1364 adiuuerunt.
1049 1311 1292 1364 Sanctum
1316 1308 1480 1363 Israel
1508 1309 1751 1379 (Baruclt.
1782 1312 1836 1365 4.

274 1401 326 1452 7.
359 1400 437 1470 8).
475 1399 599 1454 Haec
636 1415 841 1469 quoque
884 1400 1263 1454 criminationis
1309 1399 1544 1454 aCCCSSlO
1588 1407 1687 1462 est,
1719 1400 1840 1468 quia

276 1505 394 1542 cum
425 1491 723 1543 communis
749 1491 979 1543 omnium
1006 1490 1257 1543 Dominus
1282 1488 1376 1552 sit,
1409 1489 1533 1557 ipsis
1558 1498 1677 1541 tunc.
1700 1488 1841 1560 (pro-

280 1578 412 1645 prie)
455 1586 610 1632 notus
639 1587 772 1631 erat.
804 1578 1082 1630 Abalienati
1121 1588 1232 1631 sunt
1275 1588 1561 1629 retrorsum.
1608 1578 1660 1630 5.
1706 1577 1840 1643 Quid

280 1668 413 1720 ultra
450 1666 791 1735 percutiemini
828 1667 1064 1718 addentes
1111 1666 1578 1733 praevaricationes?
1619 1665 1839 1719 Maxima

279 1755 566 1817 damnatio,
587 1770 707 1808 cum
730 1769 794 1808 ne
820 1770 885 1809 ex
907 1755 1172 1823 suppliciis
1188 1755 1397 1823 quidem
1426 1758 1667 1809 meliores
1691 1756 1840 1809 ﬁunt.

284 1842 517 1912 Illudque
544 1844 747 1911 species
773 1842 1009 1896 beneﬁcii
1042 1853 1174 1906 erat,
1204 1843 1342 1910 quod
1380 1844 1705 1911 munirentur.
1737 1844 1840 1898 Ne-

283 1950 385 2002 que
402 1934 541 1987 enim
570 1933 745 1988 dicere
783 1943 995 2001 possent
1038 1935 1197 1987 Deum
1240 1935 1525 1989 houorassc
1569 1945 1764 1989 tantum
1790 1943 1843 1989 et

284 2023 553 2076 beneficiis
582 2024 850 2087 affecisse,
884 2036 1163 2092 peccantes
1210 2034 1383 2077 autem
1425 2025 1717 2089 dimisisse;
1749 2025 1841 2079 sed

288 2115 373 2168 ille
403 2114 690 2167 honoribus
724 2112 1048 2177 attrahebat,
1082 2122 1134 2166 ct
1163 2113 1535 2182 suppliciorum
1566 2114 1751 2167 timore
1777 2113 1845 2168 ad

286 2203 557 2257 meliorem
594 2202 792 2271 frugem
822 2202 1121 2267 revocabat,
1151 2213 1203 2257 et
1242 2204 1377 2257 inter
1408 2214 1626 2272 utraque
1666 2204 1739 2258 illi
1767 2204 1844 2257 in-

285 2292 504 2346 curabili
535 2292 718 2345 morbo
747 2292 945 2346 detenti
974 2292 1274 2346 manebant.
1305 2292 1470 2347 Omne
1490 2309 1654 2362 genus
1676 2294 1843 2349 medi-

285 2379 419 2434 cinae
461 2380 725 2445 exhibuit,
760 2395 975 2443 secans,
1011 2395 1169 2433 urens
1213 2398 1223 2432 :
1269 2381 1481 2434 morbus
1523 2391 1697 2434 tamen
1740 2397 1844 2435 non

286 2471 477 2534 ct'ssit,
510 2472 647 2537 quod
689 2472 913 2524 maxime
940 2471 1143 2538 signum
1184 2480 1259 2523 est
1303 2471 1605 2525 incurabilis
1632 2473 1845 2540 :egritu-

286 2560 443 2619 diuis.
467 2574 586 2611 cum
617 2575 719 2611 non
743 2568 912 2627 potest
939 2559 1054 2627 quis
1080 2558 1368 2613 remedium
1394 2560 1656 2627 accipere.
1690 2560 1849 2614 Omne

288 2658 439 2714 caput
468 2649 535 2699 ad
564 2648 801 2712 laborem,
831 2660 873 2700 et
894 2664 1036 2701 omne
1057 2664 1143 2701 cor
1168 2648 1235 2700 ad
1256 2648 1523 2703 tristitiam.
1554 2649 1605 2703 6.
1635 2649 1678 2701 Α
1703 2650 1847 2718 pedi-

288 2741 375 2791 bus
400 2755 554 2806 usque
575 2740 639 2790 ad
678 2748 826 2807 caput
855 2755 951 2792 non
992 2749 1061 2791 est
1088 2739 1139 2791 in
1164 2754 1220 2792 eo
1246 2739 1527 2807 integritas,
1561 2755 1715 2808 neque
1739 2740 1849 2791 vul-

290 2848 412 2892 nus,
444 2847 599 2898 neque
625 2831 790 2894 vibex,
827 2847 981 2899 neque
1008 2830 1158 2901 plaga
1201 2840 1413 2885 tumens.
1447 2831 1645 2885 Deinde
1674 2842 1853 2886 narrat

289 2921 552 2973 cruciatus
590 2929 643 2973 et
684 2921 935 2988 supplicia
968 2938 979 2973 :
1015 2935 1183 2989 neque
1220 2922 1359 2974 enim
1400 2924 1573 2977 minor
1613 2922 1723 2977 haec
1771 2931 1854 2977 est

291 3010 497 3075 species
522 3009 759 3061 beneficii
790 3019 843 3063 et
864 3011 1077 3063 honoris
1102 3010 1226 3078 ipsis
1254 3013 1447 3065 collati.
1470 3012 1664 3067 Omnes
1686 3014 1850 3077 enim,

294 3100 493 3168 inquit,
524 3100 717 3160 afﬁixi,
750 3114 945 3168 eosque
976 3101 1025 3153 in
1066 3101 1301 3155 dolorem
1340 3102 1562 3169 conjeci.
1599 3102 1653 3156 Si
1697 3118 1853 3159 omne

291 3191 448 3250 caput
487 3182 536 3233 in
581 3182 811 3236 laborem
832 3223 847 3247 ,
892 3183 1157 3252 quomodo
1187 3200 1288 3237 non
1326 3193 1405 3239 cst
1430 3185 1654 3251 vulnus,
1685 3202 1855 3254 neque

294 3272 483 3325 vihex?
516 3271 733 3335 Vulnus,
776 3273 979 3341 reliquo
1020 3288 1241 3340 corpore
1281 3290 1444 3341 sano,
1480 3285 1603 3331 tunc
1636 3287 1855 3346 apparet

297 3362 483 3416 vulnus
509 3379 521 3414 :
552 3361 691 3430 quod
722 3364 763 3416 si
793 3371 958 3416 totum
982 3364 1336 3418 exulceratum
1374 3366 1556 3431 fuerit,
1585 3383 1691 3421 non
1723 3369 1855 3423 ultra

296 3452 483 3506 vulnus
509 3453 801 3522 apparebit.
836 3454 944 3507 Hoc
972 3455 1127 3523 igitur
1152 3456 1427 3524 signiﬁcat,
1462 3465 1625 3511 totum
1665 3474 1859 3529 corpus

297 3542 456 3596 fuisse
485 3543 751 3597 ulceribus
794 3544 1002 3612 plenum
1038 3562 1050 3596 :
1083 3561 1251 3614 neque
1291 3546 1428 3599 aliud
1475 3563 1681 3611 sanum,
1713 3549 1855 3602 aliud

296 3630 582 3683 nlceratum
614 3630 771 3685 fuisse
793 3650 805 3689 :
831 3633 920 3686 sed
953 3642 1116 3686 totum
1145 3634 1483 3699 intumuisse,
1517 3646 1679 3690 totum
1710 3640 1859 3694 ulcus

298 3733 457 3770 unum
487 3719 665 3772 fuisse.
701 3719 817 3771 Non
859 3730 927 3773 est
970 3723 1220 3791 malagma
1258 3740 1522 3791 apponere.
1555 3727 1662 3781 Hoc
1686 3729 1861 3794 priore

294 3808 506 3875 gravius
532 3816 630 3861 cst.
655 3808 836 3862 Morbo
872 3810 1010 3863 enim
1056 3811 1294 3865 laborare
1324 3830 1426 3866 non
1460 3815 1527 3867 ita
1560 3832 1717 3885 grave
1754 3828 1857 3883 est,

298 3908 353 3949 ut
379 3912 575 3966 azgrum
602 3911 704 3951 non
730 3912 884 3966 posse
922 3900 1093 3953 sanari
1124 3917 1136 3953 :
1163 3903 1451 3968 praesertim
1490 3918 1607 3957 cum
1650 3907 1766 3961 talis
1795 3908 1863 3961 sit

298 3988 555 4041 medicus.
588 3987 762 4056 Neque
799 3990 985 4053 oleum,
1016 4006 1171 4058 neque
1209 3992 1471 4060 ligamina.
1508 3994 1573 4049 Ut
1601 4010 1720 4049 cum
1752 4013 1862 4050 em-

300 4077 448 4144 phasi
478 4077 741 4145 loquatur,
781 4086 978 4145 perstat
1005 4079 1055 4131 in
1089 4078 1270 4133 eadem
1303 4083 1606 4150 metaphora
1639 4104 1650 4138 :
1682 4087 1731 4139 in
1763 4086 1862 4143 hoc

298 4166 437 4218 enim
464 4164 561 4217 sita
602 4173 684 4218 est
720 4165 1042 4233 metaphora:
1086 4170 1401 4235 praestantia.
1432 4171 1487 4225 7.
1516 4171 1670 4226 Terra
1705 4185 1863 4227 vestra

298 4258 512 4310 deserta.
554 4255 678 4311 [lare
700 4271 802 4309 non
824 4266 881 4310 ut
896 4256 1003 4325 jam
1025 4257 1156 4312 facta
1177 4262 1469 4327 annuntiat,
1492 4263 1583 4318 sed
1617 4272 1674 4318 ut
1694 4264 1863 4321 futura

301 4345 535 4412 praedicit
552 4347 591 4398 ¹.
628 4345 737 4400 Hoc
762 4355 976 4400 utuntur
1005 4362 1153 4402 more
1179 4351 1466 4418 prophetae,
1486 4352 1641 4407 simul
1660 4355 1865 4411 audito-

301 4451 410 4490 rem
443 4443 737 4502 terrentes,
764 4445 817 4491 et
857 4452 965 4492 suae
995 4439 1230 4493 veritatis
1269 4445 1371 4495 vim
1413 4443 1772 4501 ostendentes.
1798 4447 1868 4504 Ut

302 4525 441 4577 enim
471 4541 588 4592 qua:
619 4526 1016 4593 praeterierunt,
1042 4543 1143 4581 non
1180 4542 1399 4597 possunt
1432 4548 1535 4586 non
1564 4533 1693 4588 facta
1725 4552 1862 4601 esse,

300 4614 375 4665 sic
414 4628 531 4680 quae
572 4612 746 4666 futura
791 4629 819 4666 a
865 4616 1134 4682 praphctis
1173 4621 1517 4685 praenuntiata
1561 4631 1703 4685 sunt,
1752 4624 1865 4677 ﬁeri

302 4702 483 4768 nequit
512 4712 567 4753 ut
601 4717 703 4753 non
730 4702 1053 4772 contingant,
1088 4704 1186 4758 nisi
1215 4708 1575 4773 pcenitentiam
1603 4722 1759 4781 agant
1787 4713 1864 4767 illi

302 4793 387 4859 qui
415 4791 670 4860 supplicio
691 4800 813 4844 sunt
847 4792 1129 4860 plectendi.
1164 4795 1394 4851 Civitates
1420 4810 1593 4852 vestra:
1616 4818 1867 4857 succensa:

305 4881 427 4950 igni.
455 4880 565 4932 Non
596 4881 735 4933 enim
762 4882 876 4935 illas
906 4884 1123 4937 omnino
1152 4884 1377 4953 delevit,
1413 4888 1507 4943 sed
1547 4892 1785 4957 permisit
1814 4902 1869 4947 ut

306 4970 531 5024 incendii
581 4969 837 5024 barbarici
884 4972 1125 5041 reliquiae
1166 4987 1524 5044 superessent,
1565 4996 1681 5049 quae
1707 4984 1871 5052 magis

305 5058 367 5111 ad
401 5058 711 5112 intuentium
733 5069 1000 5127 aspectmn
1022 5064 1316 5133 pertingere
1343 5077 1574 5134 possent.
1599 5070 1869 5139 Hegionem

308 5160 517 5201 vestram
543 5166 709 5201 coram
733 5150 865 5203 vobis
890 5150 1038 5203 alieni
1061 5152 1319 5222 devorant,
1347 5166 1391 5209 et
1408 5157 1632 5212 desolata
1658 5172 1729 5214 est
1754 5164 1872 5215 sub-

370 5303 399 5377 ‘7
423 5300 474 5377 lu
498 5308 675 5377 graeco,
702 5319 928 5377 κραιρισιας
963 5319 1028 5377 τήν
1065 5315 1233 5369 διαφορὰν
1266 5318 1379 5377 δηλοι
1419 5314 1691 5377 Legendum
1716 5317 1873 5377 suspi-

306 5374 484 5439 Satnur,
506 5372 697 5439 διξῃεορτὶν
719 5373 870 5439 atoue
896 5372 1022 5439 enim
1044 5381 1218 5439 sensus
1238 5374 1417 5439 optime
1436 5372 1711 5435 quadraret,
1728 5372 1874 5439 siqui-

307 5422 416 5467 dem
444 5422 593 5478 esset,
619 5422 854 5484 signi/im!
881 5426 1123 5476 roluntatis
1148 5422 1511 5482 corruptionem.

371 5485 398 5556 ξ
424 5485 603 5556 Rusius
628 5486 671 5531 in
700 5487 1024 5555 ttotis_sav'ilii,
1058 5504 1100 5546 ιι.
1131 5491 1233 5556 liii,
1261 5484 1521 5553 legendum
1555 5504 1686 5556 putat
1710 5510 1721 5545 :
1759 5506 1873 5547 nate

314 5542 627 5616 utinm-[acta
651 5548 911 5616 annuntiat,
938 5556 981 5594 at
1002 5542 1095 5616 non
1122 5558 1168 5616 ut
1192 5542 1353 5609 futura
1375 5542 1729 5616 pm'dic'itdéed

308 5608 452 5655 stimo
482 5604 655 5665 lumini,
696 5615 746 5655 ut
779 5618 868 5667 est,
915 5611 1091 5670 optime
1133 5604 1332 5662 habere.

1944 423 2082 461 versa
2109 428 2139 461 α
2165 411 2363 479 populis
2397 412 2594 465 alienis.
2621 412 2945 467 Calamitatis
2976 413 3213 467 accessio
3237 421 3347 475 est,
3385 428 3505 465 cum

1945 498 2168 565 propria:
2211 499 2436 553 miseria:
2478 510 2803 567 spectatores
2844 511 2985 566 sunt,
3034 516 3132 556 nec
3169 502 3284 555 solo
3327 502 3507 553 auditu

1942 587 2085 640 illam
2110 588 2339 643 discunt.
2378 592 2428 644 8.
2458 590 2839 658 Derelinquetur
2864 592 2972 658 ﬁlia
2998 591 3154 651 Sion.
3176 592 3322 654 quasi
3350 599 3508 643 tento-

1941 681 2073 733 rium
2094 683 2145 734 in
2172 683 2334 747 vinea,
2356 692 2402 735 et
2428 683 2554 735 sicut
2579 684 2832 751 tugurium
2858 684 2909 735 in
2929 682 3293 736 cucumerario.

2014 771 2065 823 ι.
2106 770 2341 839 Magnum
2363 771 2628 839 quidpiam
2657 772 2708 824 in
2730 786 2785 824 se
2810 772 3083 825 continent
3104 771 3206 824 illa
3228 770 3504 839 imagines,

1943 862 2272 930 maximeque
2301 864 2351 915 in
2382 862 2651 932 Scriptura
2671 903 2685 926 ,
2718 862 2782 915 ad
2810 862 3269 930 amplificationem
3302 875 3508 914 sermo-

1945 952 2044 1004 nis.
2072 950 2361 1005 Jerusalem
2386 962 2561 1006 autem
2582 962 2734 1006 vocat
2755 952 2911 1006 ﬁliam
2937 952 3083 1014 Sion,
3106 951 3244 1020 quod
3268 951 3316 1004 ei
3342 950 3508 1004 monti

1943 1041 2177 1110 subjecta
2207 1042 2293 1095 sit.
2323 1042 2469 1096 Sicut
2492 1044 2754 1096 tentorium
2778 1044 2829 1095 in
2854 1045 3014 1103 vinea,
3038 1052 3082 1095 et
3102 1043 3228 1095 sicut
3255 1042 3508 1110 tugurium

1942 1130 1995 1182 in
2020 1131 2373 1184 cucumerario.
2407 1131 2625 1185 Sublato
2654 1146 2876 1200 namque
2904 1131 3095 1195 fructu,
3124 1130 3510 1197 summotisque

1942 1221 2179 1286 colonis,
2226 1222 2488 1290 superﬂua
2536 1222 2785 1291 deinceps
2834 1221 2989 1275 fuerit
3032 1229 3293 1274 structura
3342 1219 3507 1273 urbis.

1944 1310 2089 1365 Sicut
2127 1312 2241 1364 urbs
2277 1327 2389 1378 aute
2426 1312 2693 1365 obsidetur.
2738 1311 2848 1364 lloc
2872 1310 3201 1379 :enigmatice
3231 1308 3420 1361 dicitur
3442 1307 3509 1361 ad

1945 1400 2301 1456 inﬁrmitatem
2323 1410 2377 1455 et
2400 1400 2796 1456 derelictionem
2823 1400 2936 1468 ejus
2960 1397 3350 1452 declarandam.
3377 1396 3508 1451 Cum

1944 1490 2083 1542 enim
2113 1490 2285 1544 nullus
2312 1500 2393 1543 est
2421 1490 2509 1558 qui
2535 1489 2838 1555 auxilietur,
2870 1499 2993 1543 tunc
3024 1501 3241 1542 necesse
3264 1496 3345 1540 est
3370 1486 3513 1539 obsi-

1944 1579 2054 1634 deri
2084 1596 2197 1647 eos,
2224 1582 2411 1651 quibus
2446 1597 2545 1635 una
2573 1590 2814 1649 superest
2840 1595 3107 1634 murorum
3149 1578 3331 1631 tutela.
3362 1580 3417 1631 9.
3446 1576 3511 1630 Et

1946 1673 2040 1723 nisi
2072 1671 2312 1724 Dominus
2340 1672 2592 1724 Sabbaoth
2617 1671 2951 1739 dereliquisset
2976 1670 3113 1722 nobis
3142 1684 3306 1721 semen
3327 1708 3340 1727 .
3367 1668 3511 1728 quasi

1948 1759 2169 1814 Sodoma
2196 1762 2478 1829 fuissemus,
2511 1770 2555 1813 et
2583 1761 2724 1829 quasi
2755 1758 3034 1814 Gomorrlta
3060 1759 3245 1812 similes
3275 1773 3507 1809 essemus.

1946 1849 2055 1901 Mos
2082 1858 2163 1903 est
2204 1864 2413 1917 semper
2453 1849 2721 1917 prophetis
2761 1863 2862 1901 non
2905 1848 2986 1900 illa
3028 1849 3195 1901 solum
3228 1845 3510 1913 praedicere

1947 1939 2102 1999 mala,
2132 1954 2249 2005 quze
2279 1939 2481 2007 passuri
2509 1948 2625 1990 sunt
2660 1938 3108 2006 prgevarieatores,
3140 1937 3231 1989 sed
3263 1936 3419 1987 etiam
3445 1950 3510 1989 ea

1946 2042 2062 2094 qua:
2096 2027 2237 2095 digni
2272 2037 2394 2081 sunt
2433 2032 2667 2096 perpeti,
2702 2034 2757 2079 ut
2786 2028 2834 2079 in
2868 2028 2981 2092 ipso
3007 2026 3244 2094 supplicii
3276 2035 3512 2092 tempore

1950 2118 2139 2172 nulltas
2180 2118 2405 2171 habeant
2452 2118 2559 2173 Deo
2600 2119 2832 2186 gratias,
2876 2116 3013 2185 quod
3053 2132 3155 2169 non
3200 2130 3294 2183 pro
3325 2116 3513 2168 merito

1948 2208 2227 2274 scelerum,
2254 2208 2345 2261 sed
2371 2207 2533 2261 multo
2560 2208 2782 2261 leviores
2812 2209 2956 2259 luant
2983 2219 3182 2274 pcenas.
3216 2204 3326 2259 Hoc
3350 2205 3513 2257 etiam

1949 2297 2076 2352 dicit
2114 2297 2214 2351 hoc
2250 2299 2367 2351 loco
2389 2336 2403 2359 ,
2437 2304 2647 2365 peccata
2679 2310 2865 2362 nempe
2900 2310 3081 2347 eorum
3114 2309 3216 2346 non
3249 2308 3309 2346 ea
3338 2292 3511 2345 solqu

1949 2404 2065 2456 quzc
2092 2388 2229 2441 dicta
2259 2395 2414 2449 sunt,
2442 2386 2534 2440 sed
2560 2386 2717 2439 etiam
2749 2384 3158 2438 internecionem
3190 2383 3472 2450 expetiisse
3494 2420 3511 2444 ,

1950 2478 2310 2544 universeque
2335 2477 2505 2544 gentis
2530 2476 2745 2529 exitium
2776 2492 2787 2526 :
2814 2489 2929 2541 qua:
2958 2474 3113 2525 etiam
3143 2474 3192 2523 iu
3224 2470 3514 2525 Sodomitis

1950 2566 2297 2634 contigerunt.
2333 2564 2423 2617 Dei
2448 2575 2622 2617 autem
2652 2562 2941 2630 benignitas
2965 2561 3077 2615 luce
3104 2561 3215 2614 ﬁeri
3245 2575 3346 2613 non
3369 2558 3512 2623 sivit,

1953 2654 2043 2708 sed
2070 2668 2275 2723 pinnam
2307 2660 2524 2723 peccato
2553 2652 2705 2721 longe
2738 2652 2986 2705 leviorem
3016 2651 3223 2704 inﬁixit.
3265 2649 3394 2715 Quia
3426 2662 3518 2702 ve-

1953 2759 2013 2797 ro
2034 2744 2192 2797 multa
2214 2752 2296 2797 est
2314 2743 2540 2796 afﬁnitas
2564 2743 2721 2795 Vetus
2744 2743 2879 2796 inter
2903 2751 2956 2797 et
2983 2741 3183 2795 Novum
3207 2741 3518 2794 Testamen-

1956 2840 2085 2896 tum,
2110 2833 2231 2900 jure
2254 2832 2343 2885 illo
2368 2832 2560 2886 Paulus
2580 2842 2660 2885 est
2682 2848 2807 2885 usus
2833 2849 2847 2884 :
2868 2839 2922 2885 et
2939 2830 3338 2886 convenientius
3357 2845 3515 2898 quam

1955 2921 2206 2988 pr0pheta
2247 2920 2396 2974 dixit.
2442 2920 2892 2987 Quemadmodum
2932 2921 3071 2974 enim
3108 2920 3199 2973 illo
3240 2929 3517 2987 tempore,

1956 3010 2056 3062 nisi
2095 3023 2278 3077 magna
2319 3009 2501 3063 fuisset
2536 3010 2627 3063 Dei
2666 3009 3022 3062 misericordia
3049 3049 3064 3073 ,
3105 3023 3291 3062 omnes
3317 3009 3519 3078 abrepti

1957 3098 2176 3153 fuissent
2203 3098 2373 3169 (Rom.
2406 3099 2457 3153 9.
2485 3098 2575 3168 29)
2606 3116 2619 3152 :
2648 3099 2723 3153 sic
2748 3100 2798 3151 in
2832 3108 3069 3167 tempore
3094 3097 3289 3152 Christi
3319 3099 3518 3153 adven-

1959 3200 2063 3257 tus,
2096 3191 2191 3245 nisi
2222 3191 2383 3260 gratia
2412 3191 2756 3259 apparuisset,
2788 3191 3024 3258 graviora
3054 3189 3139 3244 his
3168 3205 3355 3243 omnes
3382 3190 3521 3258 passi

1960 3290 2155 3335 ossi-nt.
2204 3281 2484 3349 Dereliqnit
2520 3290 2692 3333 autem
2742 3280 2891 3332 nobis
2920 3295 3100 3333 semen
3133 3296 3149 3336 ε
3188 3279 3254 3332 de
3283 3279 3345 3331 iis
3374 3280 3462 3347 qui
3493 3294 3524 3332 a

1960 3372 2259 3440 captivitate
2303 3372 2495 3425 servati
2531 3381 2655 3424 sunt
2694 3371 2938 3438 loquitur.
2986 3370 3070 3424 l0.
3113 3370 3294 3423 Audite
3326 3370 3524 3421 verbum

1961 3460 2183 3524 Domini,
2214 3461 2459 3529 principes
2488 3461 2841 3524 Sodomorum,
2870 3460 3106 3514 attendite
3127 3462 3284 3531 legem
3312 3458 3407 3513 Dei
3437 3476 3529 3513 no-

1961 3552 2071 3613 stri,
2097 3550 2311 3618 populus
2334 3548 2642 3603 Gomorrhw.
2672 3548 2893 3615 Quando
2913 3548 3043 3602 dixit
3066 3550 3182 3602 illos
3203 3564 3321 3603 esse
3342 3550 3530 3617 dignos

1963 3639 2050 3707 qui
2081 3638 2263 3693 eadem
2304 3646 2639 3707 paterentur,
2672 3653 2789 3707 qua:
2819 3636 3105 3691 Sodomita:
3129 3678 3141 3699 ,
3175 3637 3407 3691 ostendit
3435 3651 3529 3689 eos

1964 3728 2146 3781 eadem
2186 3742 2343 3781 ausos
2372 3742 2487 3781 esse
2512 3744 2629 3796 qua:
2656 3727 2973 3781 Sodomitas.
3025 3727 3144 3780 Ideo
3173 3728 3289 3779 illos
3319 3741 3347 3778 a
3376 3741 3525 3779 colu-

1966 3817 2109 3869 muni
2141 3818 2489 3884 appellatione
2514 3817 2769 3869 nominat.
2801 3816 2909 3870 Nisi
2931 3817 3069 3869 enim
3102 3815 3202 3868 hoc
3227 3825 3385 3879 esset,
3420 3833 3525 3872 non

1965 3914 2256 3973 opportuna
2289 3904 2473 3958 fuisset
2501 3904 2765 3973 loquutus.
2807 3905 2956 3969 Quod
2992 3905 3130 3958 enim
3156 3920 3294 3958 nunc
3337 3920 3441 3958 non
3474 3906 3526 3959 in

1965 3993 2261 4047 Sodomitas
2277 3993 2574 4058 invehatur,
2594 3992 2686 4047 sed
2708 3993 2758 4046 in
2779 3992 3008 4057 Judzeos,
3032 3993 3148 4049 illos
3163 3994 3238 4047 sic
3254 3993 3529 4063 appellans

1966 4082 2035 4136 ob
2066 4083 2291 4137 nominis
2318 4082 2737 4137 convenientiam
2762 4122 2777 4149 ,
2808 4098 2923 4152 qua:
2952 4091 3240 4152 sequuntur
3274 4083 3527 4137 indicant.

1967 4172 2097 4227 Nam
2124 4173 2378 4228 sacriﬁcia
2404 4181 2811 4239 commemorat,
2840 4173 3131 4227 oblationes
3157 4172 3425 4240 aliumque
3450 4172 3530 4225 le-

1968 4264 2136 4334 galem
2164 4266 2361 4318 cultum
2386 4304 2400 4328 ,
2431 4263 2579 4331 cujus
2610 4279 2675 4318 ne
2706 4263 2981 4329 vestigium
3010 4260 3222 4330 quidem
3252 4270 3365 4313 crat
3392 4261 3530 4327 apud

1969 4354 2285 4409 Sodomitas.
2318 4351 2497 4421 Legem
2528 4351 2623 4405 Dei
2655 4352 2809 4404 nostri
2835 4351 2886 4403 in
2912 4362 3279 4417 argumentum
3309 4350 3529 4421 profert.

2042 4444 2306 4511 Sacriﬁcia
2321 4443 2492 4495 veteris
2510 4441 2807 4495 Testamenti
2825 4442 2931 4496 Deo
2947 4459 3035 4512 per
3054 4460 3106 4496 se
3124 4461 3222 4497 non
3241 4444 3534 4512 placebant;

1970 4552 2058 4587 cur
2084 4536 2225 4603 {uere
2242 4534 2481 4587 instituta.
2511 4532 2795 4604 Repudium
2825 4535 2875 4586 in
2904 4535 3055 4588 veteri
3078 4535 3184 4604 lege
3208 4552 3297 4587 cur
3324 4535 3534 4603 permis-

1968 4640 2100 4677 sum.
2139 4653 2209 4663 ——
2236 4624 2320 4677 Η.
2353 4623 2487 4689 Quid
2515 4624 2636 4677 milii
2666 4624 2931 4677 multitudo
2959 4624 3317 4692 sacriﬁciorum
3351 4634 3534 4676 vestro-

1972 4713 2119 4765 rum?
2147 4712 2265 4765 dicit
2285 4712 2547 4768 Dominus.
2571 4712 2759 4767 Plenus
2778 4730 2885 4766 sum
2906 4714 3205 4766 holocaustis
3229 4713 3461 4773 arietum,
3487 4723 3533 4765 et

1973 4803 2170 4870 adipem
2208 4819 2479 4873 agnorum,
2505 4804 2889 4873 sanguinemque
2923 4813 3179 4854 taurorum
3206 4793 3251 4853 et
3281 4801 3534 4854 hircorum

1975 4895 2109 4947 nolo.
2160 4894 2397 4948 Psalmus
2426 4893 2855 4964 quadragesimus
2883 4906 3054 4946 nonus
3084 4902 3226 4947 totus
3263 4893 3387 4946 huic
3423 4894 3540 4947 loco

1976 4986 2161 5040 similis
2186 4994 2287 5049 est,
2310 4985 2425 5039 aliis
2447 4985 2656 5054 quidem
2684 4984 2877 5049 verbis,
2908 4984 3091 5039 eadem
3115 5001 3241 5039 vero
3263 4996 3543 5041 contextus

1977 5075 2252 5128 sententia.
2306 5074 2411 5127 Illis
2455 5074 2595 5128 enim
2620 5113 2634 5137 ,
2674 5072 2943 5126 Advocabit
2983 5076 3160 5128 mlum
3192 5075 3455 5129 desursum
3499 5087 3545 5128 et

1979 5174 2157 5216 terram
2183 5165 2457 5217 discernere
2482 5163 2725 5231 populum
2750 5179 2896 5215 suum
2924 5162 2944 5234 (
2967 5163 3109 5217 Psal.
3139 5165 3227 5220 49.
3251 5166 3285 5218 4
3308 5165 3346 5233 ),
3374 5165 3545 5219 simile

1979 5262 2058 5305 est
2080 5252 2178 5306 hoc
2201 5252 2393 5305 dictum
2420 5253 2603 5312 :Audi,
2628 5253 2822 5316 cretum,
2850 5264 2899 5305 et
2922 5254 3125 5307 auribus
3151 5255 3366 5324 percipe,
3392 5264 3543 5319 terra,

1979 5344 2095 5412 quia
2123 5342 2365 5395 Dummus
2391 5342 2621 5407 loquutus
2645 5354 2751 5407 est;
2781 5352 2833 5397 et
2858 5354 3045 5399 cetera
3074 5360 3191 5398 cum
3220 5345 3298 5397 his
3324 5360 3547 5400 consen-

1982 5433 2134 5485 tiunt.
2170 5433 2621 5498 Quemadmodum
2654 5434 2793 5487 enim
2827 5435 2987 5489 David
3018 5434 3142 5489 dicit
3170 5451 3186 5487 :
3216 5433 3334 5487 Non
3373 5436 3422 5485 in
3464 5453 3547 5487 sa-

1980 5523 2181 5590 criﬁciis
2212 5524 2307 5576 tuis
2335 5541 2542 5592 arguam
2571 5537 2633 5587 te,
2667 5525 2952 5578 holocausta
2975 5534 3137 5577 autent
3160 5534 3245 5576 tua
3268 5526 3319 5575 iu
3342 5540 3547 5591 conspe-

1985 5623 2067 5667 ctu
2097 5630 2203 5667 meo
2228 5622 2341 5667 sunt
2370 5630 2563 5685 semper
2596 5616 2613 5681 (
2638 5613 2772 5667 Ibid.
2818 5630 2866 5668 υ.
2912 5614 2984 5685 8)
3012 5630 3024 5667 :
3052 5614 3129 5669 sic
3158 5620 3211 5669 et
3244 5612 3403 5674 Isaias
3425 5615 3499 5671 ait
3528 5630 3547 5669 δ
