4044 6410
567 297 641 353 19
1391 299 1446 354 S.
1479 299 1751 353 JOANNIS
1774 295 2237 352 CllRYSOSTOlIl
2265 298 2577 355 ARCHIEP.
2618 303 3142 366 CONSTANTINOP.
3734 323 3806 374 20

559 417 696 484 Quid
719 417 838 468 milii
867 412 1135 468 multitudo
1159 413 1518 480 sacriﬁciorum
1545 411 1857 464 vestrorum?
1881 411 2000 462 dicit
2029 408 2125 461 Do-

555 512 739 562 minus.
770 511 844 562 Ac
872 521 1056 561 rursus
1087 505 1248 560 David
1277 505 1400 558 dicit
1428 521 1440 556 :
1475 502 1590 556 Non
1621 504 1864 569 accipiam
1895 503 1955 552 de
1981 501 2129 552 domo

557 609 646 651 tua
673 599 854 650 vitulos
875 638 888 661 ,
914 613 1068 663 neque
1096 597 1158 649 de
1185 598 1420 665 gregibus
1440 595 1537 645 tuis
1573 595 1737 644 hircos
1767 590 1930 657 (Ibid.
1955 606 2000 643 υ.
2032 591 2088 655 9)
2112 606 2125 654 ;

553 686 716 741 Isaias
743 702 871 740 vero
895 702 909 740 :
937 685 1244 738 Holocausta
1263 683 1482 736 arietum
1509 724 1522 747 ,
1555 692 1599 734 et
1626 683 1824 749 adipem
1851 696 2125 749 agnorum,

552 787 599 830 et
639 778 933 846 sanguinem
973 785 1230 828 taurorum
1269 784 1314 828 et
1354 775 1606 826 hircorum
1649 772 1785 824 nolo.
1835 771 1964 823 Nam
2004 771 2125 840 quia

548 868 784 922 accusati
835 865 1168 936 frequenter,
1213 866 1354 932 quod
1397 867 1604 918 czeteris
1650 863 1930 917 virtutibus
1976 863 2125 916 vacui

545 966 753 1023 essent,
780 974 872 1025 pro
890 958 1116 1012 maxima
1142 957 1449 1013 defensione
1470 955 1727 1012 sacriﬁcia
1748 955 2121 1019 obtendebant,

545 1057 602 1102 ut
631 1063 748 1118 quae
775 1047 1077 1118 frequenter
1106 1049 1500 1118 persolvebant,
1531 1048 1720 1102 merito
1751 1057 1971 1118 uterque
1995 1063 2123 1117 pro-

541 1136 705 1205 pheta
730 1178 746 1204 ,
792 1139 898 1193 imo
943 1140 1114 1206 potius
1155 1140 1333 1193 caeteri
1364 1153 1549 1192 omnes
1578 1137 1646 1192 ab
1677 1139 1775 1192 hac
1815 1137 2123 1192 defensione

545 1230 667 1285 illos
697 1231 1000 1287 exturbant.
1044 1230 1194 1287 Unde
1219 1232 1432 1302 planum
1463 1240 1547 1287 est
1574 1246 1636 1286 ea
1664 1246 1767 1285 non
1799 1247 1918 1286 esse
1945 1247 2037 1300 per
2065 1246 2124 1285 se

543 1321 815 1390 praecipue
838 1323 1144 1386 constituta,
1168 1322 1260 1376 sed
1292 1331 1347 1376 ut
1371 1322 1437 1376 ad
1459 1330 1660 1376 rectum
1683 1322 1804 1375 vitae
1828 1322 2120 1375 institutum

540 1421 878 1482 exterasque
912 1413 1133 1469 virtutes
1161 1413 1281 1468 illos
1309 1413 1648 1468 deducerent.
1689 1413 1820 1481 Quia
1849 1429 1974 1468 vero
2001 1414 2078 1467 illi
2102 1454 2119 1480 ,

541 1503 757 1558 cmteris
780 1520 899 1573 qua:
929 1507 1227 1560 necessaria
1257 1515 1408 1560 erant
1436 1505 1709 1574 neglectis,
1739 1506 1822 1559 his
1849 1503 2122 1560 incumbe-

543 1590 692 1658 bant,
730 1610 790 1650 se
831 1595 917 1650 illa
959 1594 1172 1650 demum
1209 1611 1313 1650 non
1357 1597 1636 1650 admittere
1677 1597 1804 1651 dicit
1836 1597 1992 1651 Deus.
2031 1596 2118 1650 12.

547 1683 727 1754 Neque
748 1686 976 1739 veneritis
1004 1696 1058 1738 ut
1084 1687 1374 1756 appareatis
1401 1687 1545 1738 mihi.
1575 1685 1629 1740 Si
1656 1687 2008 1753 accesseritis,
2039 1686 2120 1742 in-

541 1775 676 1843 quit,
710 1774 776 1828 ad
808 1776 1081 1844 templum.
1113 1775 1238 1840 Quis
1266 1777 1397 1830 enim
1423 1777 1647 1844 qua'sivit
1675 1777 1781 1829 [nec
1806 1778 1868 1829 de
1892 1777 2118 1831 manibus

543 1865 756 1918 vestris?
783 1864 940 1919 Certe
969 1874 1107 1919 totus
1131 1867 1219 1920 ille
1247 1867 1384 1921 liber
1407 1867 1495 1936 qui
1524 1865 1787 1920 Leviticus
1813 1867 2023 1933 dicitur,
2051 1867 2119 1922 de

542 1953 928 2008 sacriﬁciorum
965 1955 1300 2010 accuratione
1330 1956 1472 2026 leges
1500 1955 1730 2009 exhibet.
1761 1955 1815 2009 ln
1858 1957 2116 2012 Deutero-

542 2044 722 2095 nomio
758 2058 968 2112 quoque
1001 2054 1054 2099 et
1085 2043 1134 2097 in
1161 2044 1278 2098 aliis
1313 2044 1552 2112 plurimis
1581 2044 1706 2098 locis
1733 2046 1911 2099 multm
1939 2046 2005 2102 de
2030 2061 2118 2100 sa-

540 2129 756 2184 criﬁciis
788 2146 986 2200 sparsa:
1014 2141 1138 2186 sunt
1177 2133 1337 2202 leges.
1387 2133 1560 2199 Quare
1590 2133 1746 2202 igitur
1768 2134 1895 2189 dicit
1936 2155 1949 2188 :
1995 2135 2118 2200 Quis

539 2219 793 2288 requisivit
822 2221 928 2274 Ittec
951 2221 1014 2275 de
1040 2223 1265 2276 manibus
1294 2223 1504 2276 vestris?
1541 2222 1608 2277 Ut
1635 2222 1806 2276 discas
1834 2223 1976 2276 illam
2011 2240 2114 2278 non

542 2308 703 2364 fuisse
724 2311 1040 2379 praecipuam
1066 2311 1156 2365 Dei
1174 2312 1515 2377 voluntatem,
1539 2319 1597 2365 ut
1617 2311 1740 2365 talia
1762 2315 2110 2378 sancirentur,

541 2400 635 2454 sed
663 2400 732 2454 ab
766 2416 949 2456 eorum
990 2401 1292 2457 inﬁrmitate
1330 2403 1536 2457 initium
1565 2403 1680 2457 illas
1709 2403 1851 2473 leges
1880 2405 2113 2459 duxisse.

541 2492 996 2556 Quemadmodum
1037 2493 1180 2548 enim
1223 2492 1437 2548 nolebat
1475 2493 1746 2548 mulierem
1795 2495 1959 2549 semel
2004 2495 2117 2549 viro

540 2579 876 2649 conjunctam
893 2582 1152 2650 repudiari
1169 2599 1182 2646 ;
1200 2584 1442 2651 graviora
1465 2591 1638 2637 tamen
1663 2584 1796 2636 mala
1816 2584 2112 2650 succidens,

541 2677 610 2722 ne
639 2669 916 2738 repudiare
940 2670 1117 2733 vetiti,
1149 2671 1262 2725 illas
1288 2671 1481 2725 invisas
1513 2685 1703 2725 uxores
1732 2672 1870 2725 intus
1903 2671 2113 2741 jugula-

543 2766 698 2821 rent,
745 2759 919 2812 minus
957 2758 1152 2813 malum
1183 2760 1420 2830 permisit
1451 2777 1464 2813 :
1494 2759 1569 2814 sic
1593 2770 1646 2814 et
1671 2760 1808 2814 circa
1840 2775 1948 2815 rem
1980 2761 2115 2815 hanc

544 2842 666 2903 fecit
690 2891 703 2911 ,
750 2859 807 2903 ut
841 2849 1172 2905 d:r:monibus
1215 2851 1491 2908 immolare
1527 2850 1848 2921 prohiberet,
1888 2851 1938 2906 id
1977 2850 2115 2922 quod

542 2939 759 2993 minime
779 2941 986 2994 volebat
1005 2941 1235 3008 admisit,
1259 2951 1316 2996 ut
1334 2943 1475 3013 quod
1497 2944 1705 3000 Volebat
1725 2954 2112 3014 assequcrctur.

544 3031 657 3086 lloc
682 3031 851 3102 ipsum
882 3049 1062 3088 rursus
1089 3035 1251 3089 Amos
1278 3034 1534 3104 propheta
1560 3035 1836 3090 declarans
1864 3036 2072 3091 dicebat
2100 3056 2113 3092 :

543 3119 685 3174 Num
718 3122 939 3177 uictimas
958 3133 1006 3177 et
1042 3125 1228 3178 hostias
1255 3126 1501 3179 obtulislis
1525 3126 1648 3179 mihi
1671 3127 2002 3196 quadraginta
2027 3143 2119 3180 an-

543 3210 658 3265 nis?
697 3213 817 3264 dicit
843 3211 1089 3266 Dominus
1126 3214 1321 3281 (Amos
1355 3216 1407 3269 5.
1459 3215 1527 3269 25
1553 3215 1592 3283 ).
1626 3214 1884 3269 Jeremias
1909 3231 2117 3283 quoque

541 3299 616 3353 ait
649 3317 662 3354 :
695 3299 816 3355 Non
842 3310 956 3355 sunt
984 3303 1089 3355 [nec
1114 3318 1223 3370 qua:
1249 3303 1483 3356 mandavi
1510 3303 1733 3373 patribus
1771 3304 1943 3357 vestris
1970 3302 2113 3374 (Jer.

540 3388 594 3442 7.
624 3389 739 3458 es).

613 3479 667 3533 5.
707 3478 963 3545 Quoniam
1003 3479 1143 3533 enim
1181 3481 1451 3534 dmmones
1491 3480 1593 3536 hoc
1629 3481 1751 3535 culti
1784 3491 1906 3535 sunt
1937 3483 2112 3545 modo,

545 3568 682 3635 ipse,
725 3583 792 3622 ne
816 3570 1078 3638 qnmpiam
1111 3570 1235 3623 hinc
1273 3571 1650 3625 inﬁrmioribus
1681 3572 1930 3640 perniciei
1959 3587 2116 3626 occa-

541 3658 623 3712 sio
647 3659 896 3723 oriretur,
932 3660 1043 3713 haec
1065 3659 1367 3729 frequenter
1389 3677 1482 3730 per
1505 3661 1788 3730 prophetas
1814 3677 1999 3715 omnes
2025 3665 2119 3718 de-

543 3751 770 3802 nuntiat.
805 3749 928 3804 llzec
955 3764 1076 3804 cum
1117 3765 1220 3804 non
1248 3751 1520 3816 darentur,
1567 3752 1640 3804 illi
1689 3750 2113 3819 indignabantur,

538 3852 606 3891 ac
641 3837 947 3906 frequenter
985 3838 1269 3907 instabant,
1313 3839 1549 3894 nidorem
1594 3849 1647 3895 et
1671 3839 1871 3895 fumum
1898 3841 2119 3910 exigen-

544 3935 646 3994 tes,
674 3928 1055 3998 dicentcsque:

849 4051 900 4090 τὸ
921 4051 988 4102 τδρ
1007 4051 1160 4103 “tum
1181 4055 1282 4104 τινες
1305 4054 1405 4102 ἧμας
1429 4040 1520 4104 (a)-

1461 4103 1696 4166 (nomen)

543 4199 664 4272 Ipse
687 4216 816 4259 vero
847 4203 898 4257 id
944 4219 1112 4272 neque
1142 4204 1209 4259 ab
1248 4205 1400 4260 initio
1428 4207 1598 4276 petiit,
1630 4218 1683 4262 et
1709 4207 1918 4278 quando
1938 4208 2118 4277 jussit,

543 4293 776 4350 ostendit
797 4309 854 4349 se
883 4310 986 4350 non
1019 4295 1268 4349 libentem
1292 4295 1406 4351 haec
1437 4299 1743 4366 permittere
1767 4315 1781 4363 ;
1818 4315 1988 4370 neque
2016 4301 2117 4355 hoc

547 4392 753 4440 tantum
780 4383 900 4439 hinc
921 4394 1084 4454 patet,
1115 4385 1208 4441 sed
1239 4388 1396 4441 etiam
1423 4387 1543 4458 quia
1570 4389 1676 4442 cito
1705 4390 1885 4457 solvit,
1914 4401 1969 4446 et
1996 4393 2115 4461 quia

541 4487 664 4526 cum
691 4472 779 4525 illa
808 4475 1172 4540 persolverent
1200 4493 1304 4532 non
1346 4478 1597 4533 admisit:
1625 4489 1781 4551 atque
1818 4495 1922 4535 uno
1957 4481 2120 4536 verbo

545 4577 643 4632 per
679 4561 856 4616 omnia
899 4563 1236 4632 signiﬁcavit,
1269 4567 1569 4636 hujusmodi
1617 4571 1817 4625 cultum
1865 4580 1920 4625 et
1958 4572 2118 4625 ritum

547 4652 825 4724 majestate
849 4668 943 4707 sua
974 4654 1129 4724 longe
1167 4655 1437 4724 indignum
1467 4673 1605 4712 esse.
1649 4659 1760 4714 Hoc
1787 4661 1962 4729 itaque
2002 4663 2116 4716 ait:

545 4745 771 4816 Propter
797 4758 893 4800 vos
925 4745 1040 4799 haec
1061 4745 1298 4811 toleravi,
1332 4759 1507 4814 neque
1534 4747 1615 4800 bis
1640 4763 1772 4815 Opus
1795 4750 1973 4804 habui.
2002 4751 2120 4805 Cal-

543 4854 662 4891 care
698 4838 884 4891 atrium
922 4853 1087 4890 nteant
1133 4852 1233 4890 non
1288 4838 1568 4906 apponetis.
1617 4838 1719 4890 Aut
1764 4843 2118 4908 captivitatem

547 4931 804 4996 prmdicit,
846 4941 939 4985 aut
974 4931 1133 4985 etiam
1164 4930 1265 4984 hoc
1303 4939 1464 4992 vetat,
1505 4930 1626 4999 quia
1667 4944 1771 4984 non
1812 4945 1930 4985 cum
1975 4942 2120 4987 recto

544 5020 728 5073 animo
767 5021 1221 5091 ingrediebantur.
1265 5021 1351 5075 15.
1385 5020 1444 5075 Si
1473 5020 1694 5086 oﬂ'eratis
1722 5022 1844 5074 mihi
1880 5023 2117 5090 similam,

543 5123 750 5163 nanum.
781 5110 1145 5166 Mandatorum
1188 5111 1329 5166 enim
1374 5112 1476 5165 alia
1509 5121 1724 5181 propter
1762 5127 1820 5166 se
1851 5112 1984 5182 ipsa,
2016 5114 2117 5168 alia

547 5201 705 5254 aliam
747 5200 818 5254 ob
847 5216 1060 5256 causam
1106 5203 1596 5268 constituebantur;
1642 5211 1698 5256 ut
1728 5203 1891 5258 Deum
1938 5219 2115 5272 nosse,

549 5309 654 5347 non
699 5291 966 5357 occidere,
1017 5307 1122 5346 non
1170 5292 1447 5361 meechart,
1491 5302 1544 5347 et
1587 5309 1930 5364 quaecumque
1974 5295 2117 5362 talia,

606 5404 678 5464 (a)
707 5403 988 5470 menenius
1017 5404 1240 5470 honorent
1261 5418 1344 5455 nos
1363 5404 1518 5470 sortiti
1537 5419 1714 5456 summ.
1740 5415 1833 5457 Hoc
1855 5410 1921 5457 ait
1941 5411 2124 5470 Jupiter

540 5464 1234 5530 iunonemualloqnengilliad.
1269 5467 1426 5530 5,49,
1461 5470 1674 5530 itemque
1705 5472 1886 5530 Jupiter
1923 5464 2122 5519 deorum

542 5534 721 5574 uratum
746 5526 1013 5583 alloquens,
1045 5527 1177 5573 lliaul.
1204 5542 1248 5581 ο,
1282 5527 1359 5583 70,
1380 5541 1486 5576 cum
1510 5529 1572 5576 de
1593 5526 1889 5577 restituendo
1908 5534 2123 5581 Itectuis

545 5540 721 5574 unum
746 5540 808 5574 an
876 5540 1013 5581 nens,
1045 5540 1177 5573 ιιιειιι.
1204 5542 1248 5581 ο,
1282 5540 1359 5583 ἰυ,
1380 5541 1486 5576 cum
1510 5540 1572 5576 ue
1593 5540 1889 5577 restituendo
1908 5540 2123 5581 ﬂecteris

545 5589 783 5636 cadavere
809 5540 1074 5653 0‘aﬁeretur.
1102 5594 1198 5653 Il_oc
1220 5587 1524 5653 hemistichia
1546 5593 1693 5638 utitur
1715 5592 1826 5639 alibi
1852 5590 2123 5653 Chrys0sto-

542 5658 669 5708 ωδ,
694 5655 749 5700 ιιι
766 5647 908 5711 supra
926 5683 941 5710 ,
971 5651 1018 5698 in
1043 5647 1222 5697 t’salmo
1247 5647 1323 5696 49.

2238 421 2455 479 propter
2481 415 2760 470 utilitatem
2808 419 2930 475 inde
2968 425 3364 489 provenientem
3403 432 3803 497 saneiebantur;

2236 501 2538 557 sacriﬁcare
2581 517 2776 571 autem,
2812 509 3086 564 incensum
3115 514 3331 581 oﬁ‘erre,
3379 519 3654 573 sabbatum
3696 537 3804 576 ser-

2236 607 2379 656 vare,
2412 601 2465 646 et
2509 595 2696 650 similia
2728 613 2957 664 rursum,
2989 618 3094 656 non
3121 615 3177 658 ut
3201 604 3315 660 hare
3344 608 3530 663 ﬁerent
3555 613 3806 680 simplici-

2234 689 2334 746 ter,
2383 685 2473 736 sed
2515 693 2571 738 ut
2614 702 2678 739 ex
2727 703 2909 742 eorum
2956 694 3209 748 exercitio
3255 711 3284 749 a
3322 695 3621 752 daemonum
3661 702 3804 754 cultu

2231 771 2644 828 abducerentur.
2680 776 2810 842 Quia
2841 778 2997 848 igitur
3027 782 3137 835 hsce
3163 784 3373 852 quidem
3406 789 3802 856 persolvebant,

2230 859 2322 914 sed
2361 862 2560 918 nullam
2601 864 2722 920 inde
2767 867 3041 924 utilitatem
3071 873 3453 941 percipiebant,
3490 877 3582 931 sed
3629 877 3806 933 adhuc

2229 950 2557 1008 daemonibus
2595 954 2789 1010 addicti
2831 970 3000 1027 erant,
3028 961 3148 1030 jure
3185 962 3297 1018 haec
3325 981 3536 1035 quoque
3582 967 3806 1034 ejiciun-

2230 1053 2315 1099 tur
2344 1061 2358 1098 :
2388 1046 2812 1117 quandoquidem
2837 1052 3027 1106 merito
3054 1054 3171 1123 quis
3196 1056 3440 1111 arborem
3470 1058 3698 1116 excidat.
3726 1058 3806 1111 lo-

2226 1133 2311 1188 liis
2340 1143 2393 1190 et
2427 1138 2589 1192 ramis
2617 1150 2877 1204 ornatam,
2915 1141 3007 1196 sed
3035 1141 3207 1198 fructu
3235 1159 3475 1199 vacuam.
3504 1146 3634 1200 Nam
3659 1147 3806 1202 colo-

2227 1237 2326 1278 nus
2380 1239 2593 1281 omnem
2650 1243 2829 1283 curam
2879 1232 3017 1285 circa
3080 1235 3325 1290 arborem
3373 1235 3626 1300 adhibet,
3693 1253 3802 1292 non

2225 1318 2437 1372 corticis
2472 1327 2563 1372 aut
2603 1321 2773 1375 trunci
2817 1336 2994 1386 causa,
3035 1324 3128 1377 sed
3160 1333 3215 1377 ut
3255 1324 3484 1380 fructum
3524 1327 3800 1395 decerpat.

2225 1405 2494 1461 Incensum
2518 1409 2820 1465 abominatio
2843 1414 2962 1466 mihi
2992 1424 3082 1466 est.
3118 1415 3304 1469 Viden‘
3327 1431 3449 1470 eum
3476 1433 3581 1471 non
3609 1417 3675 1472 de
3707 1433 3802 1472 na-

2224 1504 2342 1550 tura
2380 1511 2563 1551 eorum
2591 1513 2708 1567 quae
2748 1500 2850 1554 sibi
2879 1501 3241 1558 offerebantur
3263 1505 3502 1573 gavisam
3532 1520 3671 1572 esse,
3702 1507 3798 1562 sed

2223 1585 2556 1641 oll‘erentium
2605 1599 2835 1644 mentem
2891 1592 3285 1661 exploravisse?
3331 1593 3453 1649 Ideo
3500 1595 3700 1650 fumum
3746 1607 3802 1651 et

2223 1677 2462 1733 nidorem
2489 1693 2555 1734 ex
2597 1679 2854 1734 sacriﬁcio
2883 1680 2993 1735 Noe
3037 1693 3340 1752 surgentem
3371 1684 3586 1739 odorem
3616 1687 3798 1739 suavi-

2221 1771 2345 1826 tatis
2375 1771 2601 1836 voeavit,
2628 1771 2898 1826 incensum
2927 1787 3056 1828 vero
3093 1775 3538 1830 abominationem
3569 1775 3719 1845 (Gen.
3739 1778 3792 1833 8.

2222 1855 2336 1928 21).
2385 1859 2539 1926 Nam,
2569 1869 2625 1915 ut
2663 1861 2926 1928 dicebam,
2960 1878 3064 1916 non
3106 1873 3345 1918 naturam
3374 1865 3656 1932 donorum,
3697 1868 3795 1922 sed

2220 1949 2464 2005 allectum
2491 1951 2822 2006 oﬁ'erentinm
2863 1953 3102 2021 requirit.
3149 1956 3232 2009 14.
3265 1954 3570 2010 Neontenias
3607 1967 3794 2010 vestras

2227 2050 2273 2094 et
2302 2041 2527 2094 sabbata.
2575 2040 2970 2097 Observandum
3001 2053 3083 2099 est
3120 2059 3238 2100 eum
3271 2046 3400 2099 nihil
3447 2061 3630 2103 eorum
3674 2064 3792 2117 qua:

2220 2132 2517 2184 necessaria
2540 2140 2662 2184 sunt
2684 2131 2994 2198 eXcludere,
3023 2133 3114 2188 sed
3138 2135 3270 2198 haec,
3303 2150 3421 2204 qua:
3449 2135 3606 2190 etiam
3636 2136 3793 2190 Chri-

2217 2229 2333 2273 stus
2365 2220 2652 2276 adveniens
2694 2222 2982 2292 abrogavit.
3021 2223 3373 2291 Quamobrem
3407 2226 3596 2281 Paulus
3625 2226 3792 2280 vehe-

2218 2311 2479 2365 mentiore
2519 2326 2645 2366 usus
2673 2327 2940 2378 sermone,
2981 2329 3100 2367 cum
3141 2324 3324 2369 e0ntra
3352 2316 3563 2370 Iudaeos
3585 2332 3790 2387 pugna-

2219 2410 2323 2466 ret,
2353 2415 2458 2454 non
2491 2401 2605 2455 huc
2625 2401 2815 2468 solum,
2850 2403 2942 2457 sed
2968 2413 3019 2456 et
3045 2404 3147 2457 alia
3180 2403 3261 2458 his
3287 2405 3510 2474 plurima
3539 2405 3788 2472 atl'erens,

2217 2505 2330 2556 eos,
2370 2492 2458 2561 qui
2500 2492 2628 2544 nihil
2669 2508 2733 2547 ex
2766 2508 2823 2547 se
2851 2493 3103 2564 (virtutis)
3129 2495 3463 2560 exhiberem,
3499 2495 3626 2548 nihil
3657 2496 3783 2550 inde

2219 2579 2354 2634 lucri
2401 2579 2602 2636 referre
2640 2581 2794 2646 dixit,
2827 2583 2907 2636 his
2931 2582 3106 2636 verbis
3136 2601 3150 2637 :
3181 2583 3240 2638 Si
3281 2594 3445 2636 autem
3489 2594 3540 2635 tu
3577 2583 3788 2638 Ιαάωιιε

2217 2669 2607 2737 cognominaris,
2646 2679 2693 2721 et
2719 2671 2982 2739 requiescis
3009 2671 3060 2723 in
3097 2673 3226 2742 lege,
3252 2684 3298 2724 et
3327 2673 3560 2742 gloriaris
3581 2674 3631 2724 in
3659 2672 3783 2737 Deo,

2218 2768 2264 2811 et
2291 2759 2421 2812 nosti
2448 2759 2749 2812 voluntatem
2789 2762 2914 2828 ejus,
2950 2771 2994 2813 et
3026 2762 3207 2829 probas
3250 2764 3473 2827 utiliora,
3520 2764 3788 2816 instructus

2220 2865 2307 2915 per
2336 2851 2493 2919 legem
2521 2850 2694 2921 (Rom.
2737 2850 2792 2904 Ξ.
2835 2853 2919 2905 17.
2965 2852 3072 2923 18).
3119 2853 3185 2907 Ει
3215 2869 3433 2908 rursus:
3466 2855 3786 2908 Circumcisio

2217 2940 2415 3008 quidem
2436 2939 2656 3010 prodest,
2691 2942 2734 2994 si
2764 2941 2919 3011 legem
2948 2942 3203 3007 observes;
3233 2944 3276 2996 si
3299 2955 3461 2997 autem
3493 2947 3790 3010 prevarica-

2221 3038 2297 3082 tor
2312 3030 2402 3096 sis,
2421 3030 2730 3084 circumcisio
2749 3041 2834 3084 tua
2848 3033 3146 3102 prwputium
3177 3038 3310 3103 facta
3335 3044 3405 3087 est
3429 3033 3586 3102 (Ibid.
3607 3051 3652 3087 v.
3671 3034 3784 3104 ‘25).

2221 3117 2328 3174 Nec
2353 3119 2619 3189 quidpiam
2650 3119 2852 3174 fructus
2878 3137 2971 3176 eos
3003 3122 3126 3178 inde
3167 3124 3436 3192 percipere
3465 3125 3612 3189 dixit,
3647 3127 3786 3194 quod

2221 3207 2304 3262 lex
2335 3210 2411 3263 eis
2437 3210 2740 3266 concredita
2766 3211 2851 3275 sit,
2882 3212 3001 3280 quia
3033 3228 3137 3266 non
3173 3214 3546 3270 crediderunt:
3571 3215 3621 3268 id
3649 3217 3786 3287 quod

2219 3300 2323 3354 alio
2376 3301 2535 3355 modo
2595 3302 2756 3356 David
2812 3303 3152 3358 subindicans
3217 3305 3422 3360 dicebat
3471 3323 3484 3356 :
3533 3305 3788 3360 Pcccatort

2219 3398 2385 3441 autent
2428 3391 2554 3443 dixit
2605 3390 2739 3445 Deus
2779 3393 2990 3457 :Quare
3044 3402 3096 3446 tu
3139 3411 3342 3448 cnarras
3382 3397 3608 3464 justitias
3655 3414 3789 3449 meus

2220 3479 2393 3546 (Psal.
2426 3481 2516 3536 49.
2564 3481 2690 3551 l6)?
2724 3483 2855 3547 Quia
2896 3485 3036 3538 enim
3073 3484 3139 3537 de
3181 3485 3356 3538 audita
3398 3486 3620 3540 lectione
3661 3486 3791 3555 legis

2219 3585 2378 3639 supra
2407 3571 2619 3625 modum
2650 3573 2754 3626 alte
2785 3574 3082 3627 sentiebant
3110 3589 3226 3627 cum
3255 3575 3501 3642 cperibus
3530 3578 3675 3629 vacui
3704 3592 3762 3631 es

2223 3670 2362 3724 sent,
2393 3676 2458 3714 ex
2492 3660 2591 3714 hac
2626 3662 2877 3730 jactantia
2919 3664 3075 3716 etiam
3106 3664 3300 3718 Paulus
3342 3665 3459 3718 illos
3491 3665 3792 3720 deturbavit

2222 3748 2406 3804 dicens
2436 3767 2448 3802 :
2481 3751 2577 3815 Qui
2604 3768 2720 3822 ergo
2743 3753 2897 3805 alium
2922 3753 3091 3818 doces,
3124 3755 3335 3823 teipsum
3363 3772 3461 3808 non
3492 3758 3678 3810 doces?
3703 3761 3788 3826 qui

2225 3841 2468 3910 praedicas
2511 3858 2611 3894 non
2650 3843 2957 3912 furandum,
2999 3845 3186 3912 {uraris
3234 3845 3408 3913 (Rom.
3456 3847 3510 3898 2.
3555 3846 3686 3910 21)ἳ
3729 3849 3794 3900 Et

2224 3929 2386 3984 David
2431 3930 2673 3986 similiter
2719 3931 2941 3986 dicens:
2977 3932 3038 3987 Si
3088 3934 3286 3987 videbas
3333 3939 3516 4004 furem,
3562 3938 3794 3990 currebas

2225 4038 2337 4075 cum
2387 4037 2472 4084 eo,
2517 4032 2561 4075 et
2615 4039 2727 4074 cum
2771 4022 3012 4076 adulteris
3057 4025 3334 4092 portionem
3382 4035 3520 4076 tuam
3572 4027 3788 4093 ponebas

2225 4109 2400 4179 (Psal.
2425 4111 2512 4166 49.
2543 4109 2650 4182 18).
2690 4109 2757 4164 Et
2785 4111 2915 4165 diem
2945 4129 3180 4182 magnum
3212 4130 3309 4166 non
3337 4114 3564 4167 admitto.
3599 4115 3790 4169 Pente-

2223 4209 2404 4255 costen
2437 4201 2583 4267 dicit,
2616 4201 3020 4272 Scenopegiam,
3056 4203 3275 4269 Pascha,
3307 4215 3360 4258 et
3390 4205 3620 4274 reliquas
3645 4207 3791 4260 cele-

2224 4291 2464 4345 britatcs.
2491 4290 2754 4361 Jejunium
2781 4302 2824 4345 et
2855 4295 3160 4347 vacationem
3186 4296 3246 4347 ab
3274 4311 3440 4365 apere,
3475 4305 3519 4348 et
3548 4297 3791 4364 festivita-

2226 4392 2295 4435 tes
2319 4392 2505 4436 vestras
2535 4383 2638 4435 odit
2668 4383 2836 4436 anima
2877 4401 3004 4436 mea.
3034 4385 3276 4439 Humano
3312 4401 3461 4440 more
3493 4387 3635 4453 ipsos
3660 4387 3791 4440 allo-

2224 4471 2424 4540 quitur.
2467 4469 2615 4523 Facti
2645 4471 2758 4524 estis
2802 4471 2926 4524 mihi
2953 4471 3021 4524 ad
3056 4474 3371 4526 satietatem:
3399 4472 3465 4527 ad
3507 4475 3792 4540 fastidiunt,

2225 4561 2290 4615 ad
2328 4560 2528 4614 odium.
2574 4559 2630 4615 ld
2671 4561 2785 4630 ejus
2828 4561 3144 4615 ineffabilem
3190 4563 3498 4632 patientiam
3540 4564 3789 4628 ostendit,

2225 4652 2366 4724 quod
2414 4667 2557 4723 saepe
2607 4662 2887 4723 peccantes
2935 4654 3136 4722 tulerit,
3179 4670 3276 4709 nec
3317 4656 3463 4725 prius
3508 4657 3793 4711 vindictam

2226 4745 2531 4815 sumpserit,
2567 4761 2722 4815 quam
2760 4746 3008 4815 nequitiae
3048 4747 3408 4815 magnitudine
3435 4749 3604 4817 ipsum
3629 4749 3796 4802 scele-

2227 4837 2292 4889 sti
2319 4837 2611 4889 evocarint.
2643 4835 2761 4888 Non
2791 4836 2924 4889 ultra
2960 4837 3210 4890 remittam
3235 4848 3439 4905 peccata
3467 4849 3644 4892 vestra.
3679 4838 3794 4893 Non

2227 4924 2362 4977 ultra
2391 4923 2579 4992 patiar.
2610 4923 2839 4993 ldipsum
2873 4934 2951 4979 est
2981 4929 3031 4980 to
3057 4927 3197 4996 quod
3226 4928 3302 4982 ait
3328 4927 3492 4982 David
3521 4946 3534 4982 :
3566 4926 3689 4981 Hac
3715 4931 3793 4997 fe-

2225 5013 2357 5077 cisti,
2378 5021 2422 5065 et
2451 5014 2584 5066 tacui
2607 5011 2774 5082 (Psal.
2799 5015 2887 5068 49.
2910 5013 2973 5068 21
2991 5018 3028 5081 ).

2299 5100 2472 5154 Oratio
2495 5102 2683 5155 inutilis
2711 5111 2780 5155 est
2805 5117 2918 5154 cum
2941 5105 3050 5171 quis
3073 5116 3346 5174 perseverat
3367 5105 3419 5159 in
3446 5107 3679 5174 peccatis.
3711 5133 3781 5147 κ

2227 5189 2422 5246 5.Cunt
2447 5191 2760 5246 extenderitis
2781 5209 2959 5246 manus
2976 5207 3162 5251 vestras
3179 5197 3245 5249 ad
3269 5213 3363 5260 me,
3387 5207 3605 5250 avertam
3625 5205 3800 5251 oculos

2227 5297 2361 5335 meos
2387 5299 2419 5334 α
2453 5282 2586 5336 vobis
2611 5297 2628 5336 :
2657 5291 2701 5336 et
2730 5283 2773 5336 si
2788 5285 3230 5354 multiplicaveritis
3255 5287 3673 5354 deprecationem,
3697 5302 3806 5339 non

2228 5371 2515 5424 exaudiam.
2557 5370 2683 5426 Inde
2724 5371 2888 5442 liquet
2916 5375 3113 5430 nullam
3144 5389 3261 5429 esse
3300 5374 3553 5429 orationis
3601 5375 3796 5429 utilita-

2231 5472 2335 5518 tem
2356 5504 2371 5529 ,
2419 5463 2802 5532 quantumlibet
2823 5466 2974 5537 longa
3001 5468 3070 5522 sit
3116 5467 3324 5538 quando
3350 5468 3395 5524 is
3419 5468 3508 5538 qui
3533 5478 3795 5537 precatur,

2232 5555 2283 5607 in
2328 5556 2556 5624 peccatis
2587 5569 2906 5626 perseverat.
2938 5560 3076 5616 Nihil
3122 5561 3261 5616 enim
3319 5562 3495 5616 virtuti
3535 5577 3626 5629 par
3673 5570 3794 5628 est,

2231 5658 2436 5700 necnon
2486 5646 2599 5702 voci
2650 5663 2766 5719 qua:
2818 5665 2912 5721 per
2959 5667 3117 5722 Opera
3165 5653 3554 5724 comprobatur.
3598 5649 3792 5705 Manus
