4044 6402
234 387 305 441 19
1619 371 1682 424 IN
1723 370 1884 426 ISMA

2012 373 2157 428 CAP.
2199 374 2235 427 Ι.
3550 394 3621 446 2ο

216 491 383 562 ἄλλης
407 489 605 561 ἀρετῆς
634 483 771 544 εἶναι
801 489 897 559 ἐρη
907 505 1016 557 μοι,
1036 486 1154 541 ἀντὶ
1183 484 1445 557 μεγίστης
1460 484 1749 552 ἀπολογίας
1774 483 1871 546 τάς

218 577 411 639 θυσίας
452 567 860 646 προεϐάλλοντο,
906 574 978 638 ὡς
1030 572 1264 642 συνεχῶς
1289 570 1455 633 αὐτάς
1477 568 1865 631 ἐπιτελοῦντες.

216 661 439 724 είκότως
470 663 723 732 ἑκάτερος
750 662 778 713 6
811 660 1116 730 προφήτης,
1171 658 1367 728 μᾶλλον
1407 656 1463 709 δὲ
1509 657 1602 709 καὶ
1640 657 1688 708 οἱ
1719 654 1866 708 ἄλλοι

217 747 439 809 πάντες,
467 745 667 816 ταύτης
689 744 1037 799 ἐκϐάλλουσιν
1052 745 1245 805 αὐτοὺς
1261 743 1358 811 τῆς
1372 740 1683 808 ἀπολογίας.
1707 740 1868 793 Ὀθεν

217 830 397 900 δῆλον,
430 833 511 884 ὅτι
547 831 606 883 οὐ
629 830 1051 902 προηγουμένως
1077 829 1237 882 αὐταί
1272 826 1549 896 ἐδόθησαν,
1586 825 1699 878 ἀλλ’
1730 826 1868 879 ὥστε

220 916 593 983 παιδαγωγίαν
628 915 879 984 γενέσθαι
925 915 1022 984 τῆς
1070 913 1235 983 άλλης
1267 912 1514 965 ἐντεῦθεν
1566 912 1747 974 αὐτοῖς
1776 929 1871 965 πο-

216 1001 442 1063 λιτείας.
484 1001 637 1056 Ἐπεὶ
671 1000 728 1053 δὲ
768 999 875 1054 τῶν
915 999 1224 1067 ἀναγκαίων
1271 998 1701 1063 κατεπειγόντων
1737 997 1873 1067 άμε-

216 1085 456 1148 λοῦντες,
491 1087 549 1138 ἐν
582 1084 785 1147 τούτοις
803 1084 1117 1154 ἠσχόληντο,
1144 1083 1261 1135 οὐδὲ
1288 1082 1487 1145 ταύτας
1505 1082 1686 1135 λοιπὸν
1707 1098 1874 1153 προσ-

221 1169 394 1221 (εσθαί
420 1181 445 1208 ι
472 1185 633 1238 φησιν
663 1170 691 1221 6
716 1168 864 1231 Θεός.
895 1168 1048 1221 Οὐδὲ
1086 1166 1162 1221 ἂν
1182 1167 1439 1236 ἔρχησθε
1475 1166 1732 1235 ὀφθῆναί
1747 1183 1869 1235 μοι.

230 1253 357 1305 Ἐὰν
392 1254 799 1324 παραγένησθε,
835 1255 1021 1322 φησὶν,
1057 1254 1136 1316 είς
1177 1253 1269 1307 τὸν
1304 1254 1447 1307 ναόν.
1504 1255 1597 1318 Τίς
1628 1254 1737 1321 γὰρ
1772 1252 1873 1314 ἐξ-

216 1336 468 1405 εζήτησε
510 1340 695 1393 ταῦτα
724 1340 793 1392 ἐκ
825 1338 944 1391 τῶν
986 1337 1198 1406 χειρῶν
1233 1337 1431 1408 ὐμῶν;
1478 1340 1586 1391 Καὶ
1617 1340 1721 1407 μὴν
1757 1337 1874 1390 ὀλό-

218 1424 421 1494 κληρον
453 1424 730 1492 σύγκειται
784 1422 983 1492 βιϐλίον
1008 1424 1068 1477 τὸ
1094 1425 1374 1477 Λευιτικὸν
1403 1424 1710 1493 λεγόμενον,
1749 1423 1875 1493 περὶ

223 1510 325 1579 τῆς
356 1509 464 1562 τῶν
496 1509 694 1562 θυσιῶν
723 1508 1006 1579 ἀκριϐείας
1040 1509 1381 1579 νομοθετοῦν.
1412 1509 1521 1563 Καὶ
1558 1509 1614 1560 ἐν
1638 1507 1715 1577 τῷ
1747 1510 1876 1559 Δευ-

216 1594 518 1663 τερονομίῳ
548 1593 604 1645 δέ
633 1593 726 1645 καὶ
746 1595 803 1646 ἐν
830 1593 1037 1664 ἑτέροις
1061 1594 1267 1646 πλείοσι
1294 1594 1475 1645 πολλοὶ
1515 1593 1643 1660 περ)⁵
1674 1592 1875 1645 τούτων

220 1679 327 1729 εἰσὶ
350 1679 737 1748 διεσπαρμένοι
766 1679 937 1749 νόμοι.
957 1678 1080 1741 Πῶς
1113 1674 1205 1731 οὖν
1232 1695 1385 1747 φησι,
1424 1679 1516 1743 Τίς
1557 1677 1877 1746 έξεξήτησε

219 1763 407 1817 ταῦτα
431 1764 497 1817 ἐκ
526 1764 642 1818 τῶν
662 1765 877 1833 χειρῶν
904 1765 1109 1834 ὐμῶν;
1141 1764 1257 1818 ’Ὶνα
1282 1765 1478 1836 μάθῃς,
1507 1766 1589 1818 ὅτι
1636 1767 1697 1818 οὐ
1746 1782 1877 1833 προ-

218 1848 522 1919 ηγούμενον
549 1845 615 1918 ἦν
644 1850 777 1901 Θεοῦ
802 1850 1034 1920 θέλημα,
1066 1849 1126 1902 τὸ
1156 1850 1225 1904 τὰ
1252 1849 1473 1903 τοιαῦτα
1524 1851 1829 1921 νομοθετεῖν
1860 1891 1872 1913 ,

221 1934 335 1985 ἀλλ’
370 1935 479 1987 ἀπὸ
512 1935 609 2003 τῆς
632 1936 810 1988 αὐτῶν
833 1935 1112 1998 ἀσθενείας
1144 1933 1239 2005 τήν
1269 1934 1440 2005 ἀρχὴν
1465 1936 1654 1989 ἐλαϐεν
1686 1938 1717 2005 ἡ
1750 1939 1877 2008 περὶ

220 2018 425 2071 τούτων
474 2019 781 2088 νομοθεσία.
820 2020 1028 2089 Ὠσπερ
1078 2019 1184 2089 γάρ
1230 2020 1329 2072 οὐκ
1360 2020 1605 2073 ἐϐούλετο
1648 2025 1877 2088 γυναῖκα

222 2103 549 2156 ἑκϐαλέσθαι
589 2104 686 2173 τήν
733 2104 875 2169 ἅπαξ
910 2104 1059 2175 ἀνδρὶ⁸
1096 2105 1485 2172 συναφθεῖσαν,
1539 2106 1793 2175 μειζόνων
1824 2108 1878 2159 δὲ

224 2188 505 2242 ἐκκόπτων
560 2188 743 2241 κακῶν
784 2188 810 2225 δ
838 2227 852 2250 ,
911 2190 971 2240 τὸ
1036 2188 1109 2258 μή
1173 2188 1542 2257 κωλυομένους
1594 2190 1837 2241 ἐκϐαλεῖν
1861 2229 1877 2251 ,

225 2272 634 2339 ἀναγκάζεσθαι
660 2273 914 2339 σφάττειν
944 2274 1093 2332 ἔνδον
1123 2272 1285 2335 οὔσας
1315 2274 1406 2325 καὶ
1444 2274 1793 2342 μισουμένας,
1822 2277 1880 2325 τὸ

226 2357 445 2409 ἔλαττον
479 2357 849 2427 συνεχώρησεν
877 2372 889 2385 ·
927 2357 1068 2409 οὕτω
1083 2358 1145 2428 δή
1170 2358 1260 2410 καὶ
1290 2357 1541 2419 ἐνταῦθα,
1578 2358 1798 2411 κωλύων
1821 2359 1881 2411 τὸ

226 2442 440 2511 δαίμοσι
470 2442 636 2506 θύειν,
667 2443 981 2507 κατεδέξατο
1018 2445 1152 2513 ὅπερ
1191 2444 1289 2495 οὐκ
1314 2443 1581 2508 ἐϐούλετο,
1624 2444 1690 2496 ἵν’
1742 2445 1881 2515 ὅπερ

227 2528 477 2580 ἐϐούλετο
522 2527 857 2599 κατορθώσῃ.
901 2528 1072 2581 Τοῦτο
1106 2528 1235 2596 γοῦν
1268 2530 1397 2582 αὐτὸ
1431 2530 1591 2582 πάλιν
1630 2529 1808 2598 Ἀμὼς
1854 2533 1881 2583 6

231 2615 513 2681 προφήτης
530 2614 929 2681 ἐνδεικνύμενος
947 2614 1132 2681 ἔλεγε*
1166 2612 1259 2681 Μὴ
1289 2613 1512 2682 σφάγια
1542 2614 1639 2666 καὶ
1668 2615 1882 2678 θυσίας

231 2698 681 2766 ,προσηνέγκατέ
702 2715 802 2766 μοι
822 2700 923 2764 ἐτη
952 2697 1429 2764 τεσσαράκοντα;
1462 2699 1623 2765 λέγει
1646 2698 1879 2763 Κύριος.

232 2782 340 2833 Καὶ
366 2784 394 2834 6
439 2783 705 2851 Ἱερεμίας
749 2783 805 2835 δέ
836 2798 1027 2850 φησιν·
1072 2782 1153 2833 Οὐ
1185 2779 1365 2833 ταῦτά
1391 2781 1579 2844 ἐστιν,
1609 2780 1648 2833 ἃ
1673 2781 1885 2833 ἐνετει-

231 2867 433 2934 λάμην
464 2867 586 2932 τοῖς
614 2866 909 2935 πατράσιν
937 2866 1121 2935 ὑμῶν.

302 3006 362 3051 ε’.
407 2999 622 3070 Ἐπειδὴ
662 2999 766 3070 γάρ
805 2999 897 3053 καὶ
943 3000 1189 3069 δαίμονες
1225 2999 1409 3053 τοῦτον
1449 2999 1885 3070 ἐθεραπεύθησαν

232 3086 322 3138 τὸν
344 3085 560 3155 τρόπον,
587 3086 676 3137 καὶ
702 3086 859 3148 αὐτὸς
876 3080 1043 3148 οὗτος,
1071 3085 1153 3138 ἵνα
1177 3086 1410 3155 μηδεμία
1441 3089 1550 3148 τοῖς
1574 3086 1887 3138 ἀσθενεστέ-

236 3189 349 3240 ροις
382 3172 627 3223 ἐντεῦθεν
660 3171 931 3233 ἀπωλείας
966 3173 1185 3241 γένηται
1218 3172 1499 3241 πρόφασις,
1543 3171 1773 3240 συνεχῶς
1801 3172 1885 3225 διὰ

236 3256 453 3308 πάντων
492 3255 661 3309 ταῦτά
700 3273 830 3323 φησι
880 3255 985 3307 τῶν
1040 3255 1350 3325 προφητῶν.
1391 3258 1613 3308 Ἐκεῖνοι
1652 3258 1746 3325 μὲν
1780 3258 1885 3326 γάρ

235 3342 327 3394 καὶ
380 3344 453 3411 μὴ
490 3342 779 3410 διδομένων
813 3342 1171 3409 ἠγανάκτουν,
1216 3342 1310 3393 καὶ
1341 3342 1575 3410 συνεχῶς
1632 3341 1744 3411 [10]
1792 3345 1887 3393 ἐπ-

235 3428 443 3478 έκειντο
460 3426 556 3495 τήν
605 3427 830 3479 κνίσσαν
879 3427 970 3478 καὶ
1014 3426 1103 3477 τὸν
1136 3426 1338 3477 καπνὸν
1387 3426 1741 3487 ἀπαιτοῦντες
1795 3428 1887 3478 καὶ

236 3509 488 3576 λέγοντες
503 3527 517 3541 ·

610 3631 679 3686 Τὸ
712 3632 816 3699 γὰρ
844 3631 1106 3699 λάχομεν
1133 3629 1306 3698 γέρας
1338 3628 1526 3697 ἡμεῖς.

304 3770 477 3830 Αὐτὸς
502 3769 559 3821 δὲ
590 3766 712 3821 οὔτε
750 3766 809 3831 ἐξ
833 3766 1005 3837 ἀρχῆς
1028 3766 1216 3836 ᾔτησε,
1259 3765 1350 3818 καὶ
1378 3764 1537 3834 ἡνίκα
1584 3764 1884 3830 ἐκέλευσεν,

238 3855 456 3919 ἔδειξεν,
484 3855 563 3906 ὅτι
588 3854 709 3922 οὐχὶ
738 3852 1052 3921 βουλόμενος
1089 3851 1243 3903 τοῦτο
1272 3850 1568 3920 ἐπέτρεψεν
1588 3866 1601 3882 ⁶
1630 3850 1690 3902 ού
1719 3850 1890 3923 ταύτῃ

237 3937 293 3988 δέ
330 3936 489 4004 μόνον
512 3972 527 3998 ,
572 3934 707 3986 ἀλλά
745 3933 838 3985 καὶ
877 3932 952 4001 τῷ
988 3932 1284 3985 καταλῦσαι
1330 3932 1533 4000 ταχέως
1572 3931 1760 3997 αύτάς,
1797 3934 1890 3985 καὶ

238 4022 400 4091 ἠνίκα
440 4020 819 4085 ἐπετελοῦντο,
865 4020 984 4088 μήε
1024 4018 1366 4089 προσίεσθαι·
1418 4018 1510 4071 καὶ
1546 4017 1635 4070 διὰ
1676 4020 1890 4071 πάντων

240 4108 573 4172 ἁπαξαπλῶς
600 4107 784 4176 ἐδήλου
799 4108 877 4159 ὅτι
901 4105 1078 4175 πολλῷ
1094 4105 1191 4173 τῆς
1212 4104 1593 4175 μεγαλωσύνης
1610 4104 1772 4157 αὐτοῦ
1791 4105 1890 4173 τῆς

240 4196 494 4264 λατρείας
522 4189 673 4256 οὗτος
704 4196 732 4247 6
762 4192 958 4263 τρόπος
997 4191 1229 4255 ἀνάξιος.
1259 4190 1427 4243 Τοῦτο
1469 4186 1560 4243 οὖν
1594 4208 1723 4259 φησι
1774 4190 1888 4255 νῦν,

240 4282 320 4332 ὅτι
341 4284 418 4335 Δι’
440 4281 582 4348 ἐμᾶς
610 4279 766 4331 τοῦτο
788 4279 1098 4348 ἠνειχόμην,
1120 4278 1220 4329 οὐκ
1240 4277 1398 4339 αὐτὸς
1419 4277 1619 4330 τούτων
1646 4277 1886 4347 ἐδεόμην.

242 4367 458 4420 Πατεῖν
482 4384 599 4434 μου
628 4365 743 4432 τὴν
760 4365 959 4431 αὐλὴν
983 4367 1054 4418 οὐ
1075 4364 1467 4432 προσθήσετε.
1518 4365 1587 4415 Ἦ
1617 4364 1714 4432 τὴν
1731 4365 1890 4433 αίχμ-

244 4453 479 4507 αλωσίαν
504 4451 779 4521 προλέγει,
797 4451 830 4521 ἢ
848 4450 1174 4519 ἀπαγορεύει
1198 4448 1353 4501 τοῦτο
1384 4450 1581 4510 αὐτοῖς,
1620 4448 1804 4518 ἐπειδή
1830 4449 1890 4499 οὐ

247 4540 363 4607 μετ’
402 4537 568 4609 ὀρθῆς
600 4536 851 4606 εἰσῄεσαν
877 4536 1122 4606 γνώμης.
1163 4536 1296 4589 Ἐὰν
1333 4535 1546 4603 φέρητέ
1589 4553 1689 4603 μοι
1737 4535 1896 4603 σεμί-

244 4625 455 4686 δαλιν,
498 4622 771 4690 μάταιον.
813 4620 933 4673 Τῶν
971 4620 1078 4689 γὰρ
1126 4620 1508 4688 ἐπιταγμάτων
1558 4619 1624 4671 τὰ
1681 4619 1779 4687 μὲν
1828 4618 1894 4671 δι’

243 4708 434 4771 ἐαυτά,
462 4708 528 4761 τά
554 4707 611 4758 δέ
646 4706 710 4758 δι’
740 4706 902 4774 ἐτερα
955 4704 1196 4772 γίνεσθαι
1250 4704 1558 4757 ἐκελεύετοο
1585 4698 1693 4756 οἷον
1720 4704 1778 4756 τὸ
1805 4705 1894 4757 τὸν

244 4793 376 4845 Θεὸν
416 4792 635 4855 εἰδέναι,
694 4790 754 4842 τὸ
793 4789 867 4859 μὴ
902 4788 1167 4857 φονεύειν,
1218 4789 1293 4859 μή
1340 4789 1627 4858 μοιχεύειν,
1672 4790 1765 4840 καὶ
1794 4791 1894 4841 ὅσα

244 4879 499 4942 τοιαῦτα,
536 4878 623 4930 διά
658 4876 753 4945 τὴν
789 4876 847 4939 ἐξ
878 4875 1047 4945 αὐτῆς
1086 4874 1349 4942 ὠφέλειαν
1388 4875 1790 4945 ἐνομοθετεῖτο·
1834 4874 1895 4925 τὸ

252 4967 432 5036 μέντοι
465 4963 641 5026 θῦσαι,
685 4963 776 5014 καὶ
812 4962 1061 5031 θυμίαμα
1090 4963 1491 5028 προσενεγκεῖν,
1535 4961 1628 5013 καὶ
1663 4961 1893 5028 τηρῆσαι

248 5050 538 5113 σάϐϐατον,
572 5048 666 5101 καὶ
696 5049 797 5100 ὃσα
835 5046 1060 5100 τοιαῦτα
1089 5047 1271 5111 πάλιν,
1312 5046 1408 5116 οὐχ
1455 5046 1539 5097 ῐνα
1568 5046 1705 5098 αύτά
1728 5044 1898 5097 ταῦτα

247 5137 463 5205 γίνηται
494 5132 695 5194 ἁπλῶς,
714 5133 825 5185 ἀλλ’
857 5135 945 5185 ἵνα
966 5134 1028 5184 ἐκ
1057 5132 1154 5200 τῆς
1182 5131 1385 5183 τούτων
1424 5130 1649 5200 μελέτης
1672 5132 1769 5199 τῆς
1791 5131 1896 5182 τῶν

252 5221 517 5290 δαιμόνων
537 5218 854 5285 άπάγωνται
873 5217 1186 5287 θεραπείας.
1241 5217 1391 5270 Ἐπεὶ
1418 5212 1507 5269 οὖν
1548 5213 1690 5271 οὗτοι
1719 5216 1896 5270 ταῦτα

313 5359 338 5386 ⁸
366 5357 471 5416 Reg
488 5354 747 5416 προῑέσθαι.

311 5418 343 5457 b
369 5414 459 5465 Hi6
482 5414 680 5462 omnino
711 5415 886 5474 aliquid
910 5414 1179 5474 desiderari
1207 5414 1415 5474 ridetur,
1442 5415 1575 5461 verbi
1602 5418 1771 5473 gratia,
1800 5429 1898 5472 μει-

253 5480 397 5534 ζόνων
432 5477 482 5523 δὲ
516 5474 758 5537 ἐκκόπτων
784 5472 942 5522 κακῶν
976 5472 1256 5537 [ὑπόθεσιν],
1300 5480 1383 5522 aut
1412 5472 1683 5537 aiiquaﬂo;
1710 5476 1895 5537 similis.

255 5540 379 5589 Infra
405 5538 544 5583 locus
566 5535 650 5592 qui
672 5538 807 5594 quasi
850 5548 911 5583 ex
948 5534 1144 5583 Michaea
1173 5534 1445 5594 as'sumptus
1482 5534 1813 5594 proferebatur
1852 5536 1898 5594 in

257 5600 429 5655 Editis,
454 5602 532 5643 est
552 5596 735 5655 Amosi,
760 5603 813 5643 et
834 5596 1089 5645 Bavaricus
1122 5596 1277 5656 Ἀμώς
1303 5593 1465 5653 hibet,
1484 5593 1549 5641 ’ut
1572 5608 1657 5642 nos
1678 5593 1896 5641 restitui-

258 5673 382 5707 mus.

320 5722 342 5747 ε
368 5719 578 5765 Saviiius
596 5719 674 5764 καὶ
692 5716 831 5771 ἡνίκα
854 5716 1095 5765 ἐπετέλουν
1116 5716 1170 5763 τὸ
1206 5716 1287 5775 μή,
1317 5715 1459 5762 male.
1506 5714 1678 5762 Morel.
1698 5714 1783 5774 τῷ,
1815 5715 1901 5761 sed

261 5791 371 5827 vera
395 5778 541 5825 lectio
562 5785 637 5825 est
664 5775 979 5834 ἐπετελοῦντο,
1021 5784 1072 5824 ut
1105 5776 1249 5823 habet
1284 5778 1549 5823 Bavaricus.
1595 5775 1775 5821 Ibidem
1798 5787 1906 5834 qua:

266 5853 288 5867 -
314 5850 433 5886 voce
456 5838 654 5944 6vdE:oc,
684 5850 836 5899 usque
859 5838 918 5884 ad
960 5838 1122 5885 πατεῖν
1149 5836 1407 5897 habemur,
1448 5848 1509 5883 ex
1552 5836 1776 5883 Ποινοτὶεο
1820 5836 1906 5882 de-

266 5908 449 5944 summa
471 5909 561 5943 sun
590 5932 600 5943 .

266 5908 449 5961 sumpta
471 5908 600 5944 sum.

1978 487 2077 555 μὲν
2100 487 2399 553 ἐπετέλουν,
2437 487 2498 541 τὸ
2523 488 2579 541 δὲ
2613 487 2672 552 ἐξ
2698 486 2876 540 αὐτῶν
2912 486 3013 541 οὐκ
3041 485 3374 557 ἐκαρποῦντο
3399 488 3619 559 κέρδος.

1974 572 2087 623 ἀλλ’
2113 573 2193 624 ἔτι
2226 575 2337 636 τοῖς
2367 573 2613 644 δαίμοσιν
2638 570 2777 644 ἦσαν
2801 574 3229 644 προσηλωμένοι,
3253 573 3477 637 εἰκότως
3525 577 3620 627 καὶ

1977 657 2149 710 ταῦτα
2190 658 2534 712 ἐκϐάλλεται·
2588 660 2707 712 ἐπεὶ
2754 661 2846 712 καὶ
2889 659 3100 729 δένδρον
3140 658 3363 722 εἰκότως
3396 676 3480 722 τις
3526 661 3620 713 ἐκ-

1974 744 2176 813 τέμνοι,
2200 745 2367 812 φύλλα
2396 745 2492 815 μὲν
2518 747 2639 815 ἔχον
2669 747 2760 799 καὶ
2792 745 3037 811 κλάδους,
3071 744 3296 813 καρπῶν
3325 746 3383 799 δέ
3416 744 3621 816 ἐρημον

1975 830 2051 883 δν.
2073 831 2178 882 Καὶ
2196 831 2298 903 γάρ
2320 831 2394 900 τῷ
2420 832 2640 901 γηπόνῳ
2672 834 2816 884 πᾶσα
2842 832 2970 901 περὶ
2996 832 3057 883 τὸ
3079 831 3241 899 φυτὸν
3257 833 3291 901 ὴ
3311 830 3620 900 ἐπιμέλεια,

1975 916 2034 969 οὐ
2067 916 2153 968 διά
2189 918 2276 969 τὸν
2304 917 2480 985 φλοιὸν
2502 918 2596 970 καὶ
2624 918 2684 970 τὸ
2706 917 2972 987 στέλεχος,
2995 914 3107 970 ἀλλ’
3133 916 3218 969 ἵνα
3248 917 3357 969 τῶν
3394 916 3627 987 καρπῶν

1976 1001 2241 1072 ἀπολαύῃ.
2272 1004 2540 1072 Θυμίαμα
2566 1003 2881 1072 ,ϐδέλυγμό
2896 1003 2999 1072 μοί
3025 1003 3212 1057 ἐστιν.
3262 1002 3431 1072 Ὁρᾷς
3450 1003 3533 1055 δτι
3559 1002 3624 1054 οὐ

1977 1088 2043 1155 τῇ
2072 1085 2228 1153 φύσει
2248 1087 2353 1140 τῶν
2377 1087 2828 1158 προσφερομένων
2849 1087 3082 1158 ῐχαιρεν,
3109 1086 3243 1140 ἀλλά
3270 1086 3371 1157 τήν
3400 1085 3627 1156 γνώμην

1976 1171 2084 1223 τῶν
2115 1176 2490 1242 προσαγόντων
2514 1174 2739 1244 ἐξήταζε
2758 1192 2773 1238 ;
2790 1174 2887 1226 Διά
2905 1174 2968 1244 δὴ
2991 1173 3148 1226 τοῦτο
3172 1174 3263 1226 τὸν
3286 1174 3387 1243 μὲν
3417 1173 3627 1226 καπνὸν

1980 1257 2072 1310 καὶ
2097 1257 2194 1327 τὴν
2218 1259 2437 1312 κνίσσαν
2474 1261 2571 1328 τήν
2604 1261 2711 1314 ἀπὸ
2760 1261 2858 1328 τῆς
2903 1258 3091 1322 θυσίας
3141 1259 3234 1311 τοῦ
3280 1260 3403 1312 Νῶε
3451 1258 3626 1329 ὀσμήν

1979 1344 2199 1408 εὐωδίας
2236 1345 2479 1408 ἐκάλεσε,
2523 1348 2585 1399 τὸ
2620 1346 2675 1399 δέ
2709 1345 2955 1415 θυμίαμα
2994 1345 3284 1415 βδέλυγμα.
3316 1346 3489 1416 Ὅπερ
3517 1345 3628 1414 γάρ

1980 1429 2133 1499 ἔφην,
2159 1431 2217 1482 οὐ
2251 1432 2349 1500 τὴν
2371 1430 2587 1484 οὐσίανά
2614 1430 2721 1484 τῶν
2744 1430 2946 1502 δώρων,
2972 1430 3105 1484 ἀλλά
3137 1431 3235 1501 τήν
3267 1430 3501 1484 διάθεσιν
3518 1429 3627 1483 τῶν

1981 1516 2391 1586 προσφερόντων
2418 1517 2681 1587 ἐπιζητεῖ.
2717 1516 2830 1583 Τὰς
2853 1518 3177 1585 νεομηνίας
3214 1516 3402 1584 ὑμῶν,
3431 1516 3530 1569 καί
3552 1516 3627 1569 τὰ

1980 1600 2259 1657 σάϐϐατα.
2293 1603 2710 1672 Παρατηρητέον
2741 1602 2814 1665 ώς
2843 1604 2994 1656 οὐδὲν
3042 1602 3151 1655 τῶν
3190 1601 3506 1670 ἀναγκαίων
3531 1603 3628 1653 ἐκ-

1982 1686 2184 1746 ϐάλλει,
2233 1687 2367 1740 ἀλλά
2411 1687 2584 1740 ταῦτα
2617 1687 2653 1741 ἃ.
2692 1689 2786 1739 καὶ
2835 1686 3275 1757 παραγενόμενος
3322 1688 3352 1739 6
3394 1686 3631 1755 Χριστὸς

1982 1772 2257 1826 κατέλυσε.
2278 1773 2367 1824 Διὸ
2392 1773 2482 1824 καὶ
2511 1772 2538 1823 6
2562 1773 2767 1833 Παῦλος
2787 1773 3139 1841 εὐτονώτερον
3158 1773 3237 1841 τῷ
3256 1772 3399 1840 λόγῳ
3426 1787 3633 1841 κεχρη-

1986 1858 2164 1927 μένος,
2206 1859 2364 1927 ἠνίκα
2395 1859 2528 1927 πρὸς
2561 1859 2839 1920 Ἰουδαίους
2877 1860 3128 1927 ἐμάχετο,
3154 1858 3214 1909 οὐ
3249 1858 3419 1909 ταῦτα
3446 1857 3629 1926 μόνον,

1982 1944 2115 1996 ἀλλά
2144 1946 2235 1996 καὶ
2268 1946 2427 2014 ἕτερα
2452 1944 2669 1997 πλείονα
2696 1944 2897 1997 τούτων
2918 1944 3050 2006 θεὶς,
3078 1944 3206 2006 τοὺς
3236 1943 3388 1996 οὐδέν
3415 1942 3631 1995 οἴκοθεν

1983 2032 2448 2100 ἐπιδεικνυμένους
2467 2032 2617 2084 οὐδὲν
2649 2032 2852 2084 ἐκεῖθεν
2876 2031 3170 2101 κερδαίνειν
3198 2032 3395 2101 ἔφησεν
3424 2069 3442 2094 ,
3486 2030 3633 2085 οὕτω

1983 2118 2151 2185 λέγων
2167 2136 2180 2150 ·
2198 2122 2267 2172 El
2295 2119 2360 2170 δέ
2374 2119 2454 2172 σὺ
2489 2117 2773 2183 Ἰουδαῖος
2789 2116 3136 2185 ἐπονομάζῃ,
3160 2116 3259 2169 καί
3275 2116 3633 2185 ἐπαναπαύῃ

1984 2207 2065 2270 τῷ
2100 2208 2279 2274 νόμῳ,
2316 2206 2411 2258 καὶ
2441 2204 2741 2272 καυχᾶσαι
2782 2205 2849 2255 ἐν
2887 2203 3027 2266 Θεῷ,
3071 2202 3169 2254 καί
3212 2201 3521 2269 γινώσκεις
3562 2201 3635 2253 τὸ

1986 2291 2234 2358 θέλημα,
2270 2291 2367 2342 καὶ
2397 2289 2731 2356 δοκιμάζεις
2764 2288 2834 2341 τὰ
2856 2287 3235 2355 διαφέροντα,
3270 2286 3636 2353 κατηχούμε-

1986 2395 2089 2443 νος
2134 2378 2201 2429 ἐκ
2236 2377 2341 2431 τοῦ
2384 2376 2591 2444 νόμου.
2643 2375 2750 2427 Καὶ
2798 2374 2991 2427 πάλιν·
3035 2372 3322 2440 Περιτομὴ
3368 2370 3485 2439 μὲν
3522 2371 3631 2437 τὰρ

1985 2467 2218 2535 ὠφελεῖ,
2249 2467 2357 2519 ἐὰν
2378 2467 2564 2533 νόμον
2595 2463 2895 2529 πράσσης’
2922 2463 3029 2514 ἐὰν
3048 2461 3115 2512 δέ
3142 2458 3482 2527 παραϐάτης
3532 2455 3632 2532 ᾖς,

1987 2553 2024 2617 η
2065 2551 2343 2619 περιτομή
2384 2566 2499 2603 σου
2536 2548 2898 2615 ἀκροϐυστία
2942 2546 3168 2614 γέγονε.
3220 2544 3327 2597 Καὶ
3374 2543 3492 2596 οὐδὲ
3526 2543 3637 2595 ἀπὸ

1986 2640 2076 2690 τοῦ
2119 2640 2466 2705 πιστευθῆναι
2507 2638 2700 2697 αὐτοὺς
2732 2647 2753 2672 θ
2788 2636 2874 2686 τὸν
2906 2635 3066 2701 νόμον
3092 2633 3259 2699 ἔφησέ
3298 2650 3352 2684 τι
3378 2633 3503 2694 τοὺς
3541 2647 3637 2683 πι-

1990 2726 2304 2785 στευθέντας
2330 2722 2740 2793 καρπώσασθαι,
2788 2721 2975 2789 ἐπειδή
3003 2720 3309 2787 ἠπίστησαν
3328 2734 3342 2748 ·
3375 2718 3512 2787 ὅπερ
3543 2713 3636 2770 οὖν

1990 2810 2083 2861 καὶ
2124 2811 2151 2861 6
2196 2808 2355 2860 Δαυῖδ
2403 2808 2601 2876 ἑτέρως
2628 2805 2990 2873 αἰνιττόμενος
3015 2804 3204 2869 έλεγευ
3243 2800 3328 2865 Τῷ
3362 2801 3431 2855 δέ
3453 2803 3637 2870 ἁμαρ-

1988 2893 2154 2957 τωλῷ
2172 2890 2338 2946 εἶπεν
2354 2896 2383 2945 ὀ
2407 2895 2546 2955 Θεός
2561 2908 2575 2923 ·
2601 2892 2731 2945 ἰνα
2752 2891 2807 2942 τί
2826 2889 2905 2943 σὺ
2923 2887 3170 2957 έκδιηγῇ
3192 2888 3263 2941 τὰ
3281 2885 3636 2954 δικαιώματά

1984 2994 2136 3047 μου;
2180 2978 2391 3046 Ἐπειδή
2424 2977 2529 3047 γὰρ
2558 2978 2667 3030 ἄνω
2702 2976 2792 3027 καὶ
2820 2976 2966 3028 κάτω
2998 2974 3017 3013 ί
3053 2977 3119 3044 τῇ
3146 2974 3399 3045 ἀκροάσει
3430 2971 3523 3024 τοῦ
3552 2972 3641 3024 v6-

1994 3082 2092 3131 μου
2128 3064 2266 3133 μέγα
2296 3064 2566 3133 ἐφρόνουν,
2587 3063 2686 3131 τῆς
2707 3062 2952 3131 πράξεως
2982 3060 3131 3119 ὄντες
3162 3059 3376 3129 ἔρημοι,
3403 3057 3497 3110 καὶ
3520 3056 3636 3127 [Η]

1989 3153 2017 3203 6
2045 3150 2251 3213 Παῦλος
2282 3151 2473 3212 αὐτοὺς
2516 3149 2763 3214 ἐξέϐαλλε
2804 3148 2894 3200 τοῦ
2939 3146 3293 3215 καυχήματος
3340 3142 3528 3195 είπών·
3580 3144 3637 3194 Ὀ

1990 3233 2102 3292 οὖν
2136 3237 2432 3289 διδάσκων
2465 3236 2687 3301 ἕτερον,
2722 3236 2979 3286 σεαυτὸν
3004 3234 3075 3285 οὐ
3101 3230 3440 3293 διδάσκειςς
3470 3229 3569 3282 καί
3602 3230 3638 3283 ό

1991 3326 2315 3390 κηρύσσων
2374 3322 2456 3389 μὴ
2505 3321 2801 3382 κλέπτειν,
2854 3319 3168 3381 κλέπτεις
3226 3318 3335 3370 Καὶ
3392 3318 3420 3369 6
3474 3315 3639 3367 Δαυῖδ

1990 3410 2186 3479 ὁμοίως
2245 3408 2433 3473 λέγων·
2496 3408 2564 3459 Εί
2618 3405 2879 3471 έθεώρεις
2940 3404 3221 3469 κλέπτην,
3281 3401 3641 3469 συνέτρεχες

1991 3496 2167 3560 αὐτῷ,
2198 3492 2293 3548 καὶ
2317 3494 2463 3561 μετὰ
2492 3492 2716 3561 μοιχῶν
2743 3491 2853 3556 τὴν
2872 3489 3080 3557 μερίδα
3116 3502 3232 3541 σου
3274 3488 3491 3553 ὲτίθης.
3526 3487 3637 3540 Καὶ

1992 3584 2215 3651 ἡμέραν
2257 3580 2526 3648 μεγάλην
2560 3581 2667 3630 οὐκ
2703 3573 3117 3642 ἀνέχομαι.Τήν
3155 3570 3520 3641 πεντηκοστὴν
3552 3572 3641 3623 λέ-

1992 3686 2097 3736 γει,
2126 3667 2221 3736 τήν
2247 3663 2629 3735 σκηνοπηγίαν,
2656 3663 2714 3713 τὸ
2743 3663 2946 3729 Πάσχα,
2972 3660 3062 3711 καὶ
3088 3658 3185 3720 τάς
3205 3657 3395 3719 λοιπάς
3424 3656 3638 3727 ἑορτάς.

1992 3754 2307 3822 Νηστείαν,
2334 3752 2429 3804 καὶ
2455 3751 2684 3819 ἀργίαν,
2715 3747 2811 3799 καὶ
2848 3746 2948 3809 τὰς
2967 3744 3170 3811 ἑορτὰς
3208 3742 3375 3809 ὑμῶν
3407 3742 3571 3809 μισεῖ
3598 3743 3638 3808 ἠ

1992 3841 2160 3909 ψυχή
2188 3858 2325 3907 μου.
2374 3834 2869 3907 Ἀνθρωπινώτερον
2910 3833 3043 3902 πρὸς
3081 3831 3276 3892 αὐτοὺς
3312 3830 3638 3896 διαλέγεται.

2007 3925 2350 3992 Ἐγενήθητέ
2377 3941 2475 3991 μοι
2499 3926 2584 3986 εὶς
2621 3919 2997 3987 πλησμονήν·
3031 3919 3109 3980 είς
3139 3916 3317 3986 κόρον,
3348 3916 3429 3977 εἰς
3463 3918 3638 3984 μίσος.

1994 4013 2161 4065 Τοῦτο
2183 4012 2289 4080 γὰρ
2313 4007 2473 4062 αὐτοῦ
2504 4007 2736 4060 δείκνυσι
2760 4005 2855 4074 τήν
2883 4005 3085 4072 ἄφατον
3111 4000 3509 4072 μακροθυμίαν,
3547 3999 3647 4053 καὶ

1993 4099 2055 4152 τὸ
2089 4098 2341 4157 πολλάκις
2365 4094 2704 4164 ἁμαρτόντας
2732 4092 2988 4157 ἐνεγκεῖν,
3016 4088 3111 4141 καὶ
3147 4088 3221 4157 μὴ
3248 4086 3512 4157 πρότερον
3542 4087 3642 4137 ἐπ-

1995 4184 2247 4247 εξελθεῖν,
2272 4182 2375 4243 ἐως
2407 4180 2565 4233 αὐτὸν
2596 4177 2746 4231 αὐτοὶ
2778 4176 2826 4227 οί
2850 4172 3368 4243 πεπλημμεληκότες
3390 4172 3456 4240 τῇ
3485 4171 3647 4240 ὑπερ-

1996 4272 2123 4340 ϐολῇ
2161 4269 2257 4338 τῆς
2300 4266 2558 4335 πονηρίας
2601 4262 3000 4327 ἐξεκαλέσαντο.
3055 4258 3262 4313 Οὐκέτι
3297 4256 3502 4322 ἀνήσω
3538 4252 3646 4340 τὰς

1997 4338 2279 4424 ἁμαρτίας
2300 4350 2482 4420 ὑμῶν.
2509 4350 2703 4401 Οὐκέτι
2737 4345 3156 4416 μακροθυμήσω.
3200 4342 3404 4395 Ταύτόν
3433 4342 3547 4393 ἐστι
3584 4338 3647 4391 τὸ

1998 4442 2101 4494 ὑπὸ
2158 4440 2249 4492 τοῦ
2314 4438 2472 4492 Δαυῖδ
2533 4434 2835 4506 εἰρημένον·
2914 4431 3108 4485 Ταῦτα
3168 4428 3480 4495 ἐποίησας,
3544 4426 3645 4479 καὶ

1997 4529 2272 4596 ἐσίγησα.

2068 4666 2242 4716 Ὅταν
2306 4660 2410 4726 τὰς
2482 4659 2679 4727 χεῖρας
2740 4655 2906 4723 ὑμῶν
2966 4651 3267 4718 έκτείνητε
3333 4649 3482 4717 πρός
3532 4664 3649 4717 με,

1997 4752 2351 4817 ἀποστρέψω
2381 4746 2521 4810 τοὺς
2550 4742 2889 4811 ὀφθαλμούς
2912 4757 3029 4808 μου
3057 4739 3156 4805 ἀφ’
3183 4736 3368 4805 ὑμῶν·
3410 4736 3509 4789 καὶ
3538 4737 3655 4788 ἐὰν

1999 4839 2342 4903 πληθύνητε
2393 4833 2505 4899 τὴν
2559 4830 2791 4895 δέησιν,
2840 4828 2949 4880 οὐκ
2990 4825 3439 4892 είσακούσομαι.
3488 4823 3655 4876 Ὅθεν

1999 4926 2171 4992 δῆλον,
2212 4924 2292 4974 ὅτι
2325 4920 2485 4987 εὐχῆς
2527 4916 2715 4984 ὄφελος
2751 4913 2921 4975 οὐδὲν,
2960 4912 3053 4964 καὶ
3086 4912 3304 4980 μακρᾶς
3334 4908 3649 4979 γινομένης,

2000 5011 2123 5061 ’όταν
2150 5007 2396 5076 ἐπιμείνῃ
2420 5006 2528 5065 τοῖς
2558 5002 2942 5070 ἁμαρτήμασιν
2972 5000 2999 5050 6
3024 4997 3325 5065 εὐχόμενος.
3350 4994 3513 5048 Οὐδὲν
3540 4994 3652 5065 γάρ

2000 5094 2199 5163 ἀρετῆς
2243 5093 2373 5154 ἴσον,
2427 5090 2519 5141 καὶ
2561 5088 2658 5155 τῆς
2707 5086 2813 5138 άπὸ
2856 5083 2963 5136 τῶν
2994 5083 3168 5153 ἔργων
3200 5080 3402 5149 φωνῆς.
3443 5083 3512 5133 Al
3538 5080 3651 5147 γὰρ

2002 5181 2191 5249 χεῖρες
2245 5176 2407 5245 ὑμῶν
2454 5175 2696 5242 αἵματος
2747 5168 3021 5233 πλήρεις·
3088 5169 3352 5231 τουτέστι,
3411 5166 3644 5233 φονικαίο

2002 5268 2113 5322 ἀλλ’
2137 5268 2234 5319 οὐκ
2254 5262 2372 5317 εἷπε
2394 5262 2625 5331 φονικαὶ,
2652 5257 2807 5319 ἀλλά,
2828 5255 3080 5322 Πλήρεις
3102 5255 3346 5322 αἵματος
3367 5254 3415 5317 ⁸,
3436 5252 3651 5313 δεικνὺς

2066 5410 2090 5449 (1
2115 5411 2191 5457 Sic
2232 5408 2485 5455 Davaricus
2531 5407 2681 5449 recte.
2726 5396 2855 5447 Editi
2895 5396 3053 5443 θυσίαν
3087 5401 3139 5443 et
3176 5406 3286 5442 mox
3327 5391 3648 5454 προσφερομέο

2070 5492 2110 5519 ν.
2145 5471 2284 5517 male.
2896 5516 2937 5519 __
3034 5518 3041 5519 ,
3096 5518 3101 5519 ,
3377 5511 3446 5519 ,..
3515 5509 3525 5519 .

2002 5492 2340 5579 νωέἒὲνῖίῗῖη
2374 5529 2510 5573 textu
2539 5522 2698 5585 αὐτόνᾷ
2722 5519 2866 5585 male.
2895 5516 3142 5585 Morel._in
3171 5520 3308 5563 textu
3339 5518 3392 5561 et
3416 5509 3566 5560 Savil.
3595 5510 3646 5557 in

2006 5577 2221 5649 margine
2243 5588 2412 5649 αὐτοῖς.
2442 5586 2559 5649 Reg.
2589 5577 2921 5649 eLBaf‘gricu's
2944 5577 3125 5649 αὐτούς.
3206 5633 3225 5649 ν
3244 5640 3253 5649 ι
3415 5632 3453 5649 Δ

2077 5632 2397 5709 frigide—ridi.
2417 5632 2592 5709 modiis
2628 5639 2849 5705 Palribqs
2868 5704 2875 5709 _
2892 5638 3150 5709 familiaris.
3172 5707 3187 5709 Δ
3206 5633 3335 5709 ’Λνω
3360 5632 3649 5709 ,καὶλκέῖωζ

2008 5690 2525 5763 διιτειῖυιηᾶέόιοξιυὴοα
2566 5704 2774 5763 litteram
2814 5696 3207 5763 interpretamur,
3228 5700 3332 5763 ,θυι
3355 5703 3442 5763 ειλεΔ
3455 5690 3650 5763 itaque;

2010 5752 2245 5831 ἐξέδυέ-ρυᾶ
2254 5752 2647 5831 ἶῖιιιῖγεοειοιηυῃι
2670 5762 2884 5831 aliosque
2910 5752 3098 5831 Βάττῳ,
3115 5762 3199 5831 ΔιιιιΔ
3211 5752 3260 5831 Αἴξ
3268 5752 3547 5813 equentiam
3562 5754 3648 5797 aut

2014 5816 2369 5884 {-éiiéﬁiémmn'
2391 5823 2647 5885 exprimat,
2674 5816 3133 5885 u_surpat_ur,__u.t._lioc
3160 5816 3277 5862 loco.

2079 5876 2207 5942 ἱεῖέ
2222 5876 2397 5938 ίΒιινεγ.
2424 5908 2433 5935 ;
2459 5876 2655 5945 αἳματος
2683 5881 2852 5928 deerat
2873 5880 2921 5925 in
2950 5876 3119 5926 lidius.
