4044 6418
388 407 454 458 21
1246 405 1303 462 S.
1342 407 1624 464 JOANNIS
1665 407 2143 465 CIIIWSOSTOMI
2178 408 2489 466 ARCHIEP.
2528 409 3062 470 CONSTANTINOP.
3240 469 3243 472 .
3731 434 3807 487 22

401 513 482 567 ὅτι
508 513 737 586 μελέτην
771 515 1048 569 ἐποιοῦντο
1077 514 1171 586 τὴν
1193 519 1480 590 ἀμαρτίαν,
1508 525 1601 576 καὶ
1627 521 1896 591 πανταχοῦ
1932 524 2048 591 μετ’

402 601 726 662 ἐπιτάσεως.

476 692 549 748 ς’.
574 687 681 737 Καὶ
706 687 858 740 τοῦτο
882 689 935 742 δὲ
959 691 1055 760 τῆς
1079 693 1409 763 ἡμερότητος
1431 692 1622 756 αὐτοῦ,
1645 693 1703 745 τὸ
1723 691 2046 746 ἀπειλοῦντα

401 770 802 838 ἀπολογεῖσθαι.
843 775 1034 845 Τίθησι
1068 778 1174 847 γὰρ
1209 778 1306 835 τὰς
1349 777 1543 841 αίτίας,
1577 778 1642 830 δι’
1672 778 1738 840 ἃς
1772 779 1833 830 οὐ
1879 795 2047 848 προσ-

409 857 537 909 ίεται
584 858 684 928 τὴν
733 859 914 930 εὐχήν.
963 864 1294 928 Λούσασθε,
1335 864 1572 931 καθαροί
1611 864 1862 932 γίνεσθε·
1897 864 2041 929 Πῶς,

403 941 591 1007 εἰπὼν,
641 947 847 999 Οὐκέτι
891 949 1096 1015 ἀνήσω
1133 950 1237 1013 τὰς
1279 951 1560 1017 ἁμαρτίας
1597 949 1779 1016 ὑμῶν,
1808 952 2043 1020 συμϐου-

400 1025 566 1091 λεύει,
596 1030 687 1082 καὶ
721 1031 898 1095 δείξας
927 1034 1117 1086 ἀνίατα
1151 1035 1450 1095 νοσοῦντας,
1480 1034 1758 1102 διόρθωσιν
1796 1035 2040 1103 είσάγει;

405 1112 565 1175 Ἐθος
593 1114 669 1182 τῷ
708 1116 844 1184 Θεῷ,
887 1117 981 1169 καὶ
1006 1117 1166 1186 ἡνίκα
1202 1120 1266 1171 ἂν
1295 1119 1511 1187 ἀπειλῇ,
1546 1117 1901 1188 ἀπαγορεύειν
1944 1121 2044 1189 τὴν

400 1199 690 1266 σωτηρίαν,
737 1199 874 1252 ὥστε
929 1202 1156 1270 αὐξῆσαι
1205 1205 1294 1254 τὸν
1340 1202 1519 1270 φόϐον,
1562 1203 1653 1254 καὶ
1699 1202 1772 1273 μὴ
1814 1204 2043 1258 ἐνταῦθα

399 1281 685 1335 καταλύειν
715 1283 804 1335 τὸν
833 1284 1008 1352 λόγον,
1043 1287 1181 1338 ὥστε
1213 1286 1448 1355 χρηστὰς
1475 1287 1746 1340 ύποτεῖναι
1775 1288 1871 1352 τὰς
1895 1291 2042 1342 ἐλπί-

397 1365 515 1430 δας,
567 1369 661 1420 καὶ
716 1370 884 1440 ταύτῃ
936 1372 1096 1424 πάλιν
1142 1374 1219 1433 είς
1274 1373 1558 1441 μετάνοιαν
1593 1373 1901 1441 ἐπανάγειν.
1935 1376 2042 1428 Καὶ

397 1451 552 1504 τοῦτο
585 1455 852 1525 πανταχοῦ
881 1457 1161 1526 γινόμενον
1196 1457 1295 1510 ίδοι
1332 1474 1416 1520 τις
1457 1458 1543 1511 ἄν.
1577 1459 1695 1511 Ἐπὶ
1730 1459 1907 1528 μέντοι
1935 1459 2042 1513 τῶν

394 1537 691 1593 Νινευιτῶν
728 1542 788 1592 οὐ
822 1541 908 1592 διά
944 1543 1220 1610 ῥημάτων,
1261 1543 1393 1595 ἀλλά
1428 1543 1515 1596 διὰ
1553 1545 1887 1613 πραγμάτων
1914 1544 2042 1596 αὐτὸ

397 1625 710 1695 πεποίηκεν.
755 1630 842 1680 ‘Ev
870 1628 977 1698 γὰρ
1014 1630 1126 1691 τοίς
1165 1629 1340 1697 λόγοις
1372 1631 1521 1682 οὐδὲν
1550 1631 1777 1699 χρηστὸν
1811 1630 2040 1700 ὑποσχό-

398 1727 578 1779 μενος,
609 1712 742 1765 ἀλλά
771 1715 981 1783 γυμνὴν
1011 1713 1104 1765 ἐπὶ
1127 1714 1224 1783 τῆς
1246 1715 1471 1784 ἀπειλῆς
1500 1715 1708 1767 κεῖσθαι
1750 1717 1846 1784 τὴν
1873 1732 2042 1783 τιμω-

396 1797 519 1865 ρίαν
546 1799 721 1864 ἀφεὶς,
758 1800 945 1869 ἐπειδὴ
984 1799 1050 1852 τά
1086 1802 1212 1870 παρ’
1243 1801 1446 1854 ἐαυτῶν
1477 1801 1813 1866 ἐπεδείξαντο
1845 1802 2042 1864 πάντες

392 1883 444 1932 οί
478 1881 760 1953 βάρϐαροι,
795 1887 1003 1955 ταχέως
1025 1886 1178 1938 ἔλυσε
1206 1887 1305 1956 τὴν
1337 1889 1524 1958 ὀργήν.
1563 1887 1714 1939 Οὕτω
1747 1888 1839 1939 καὶ
1880 1888 1938 1940 ἐν
1966 1888 2041 1956 τῷ

392 1963 591 2034 ψαλμῷ
624 1968 782 2021 πάλιν
817 1972 844 2021 6
875 1972 1054 2023 Δαυῖδ·
1092 1970 1260 2040 ἔφθην
1299 1971 1406 2039 γὰρ
1447 1969 1636 2032 εἰπὼν,
1671 1973 1748 2023 ὅτι
1791 1973 1924 2034 ὅλως
1973 1973 2040 2024 δι’

392 2050 515 2101 ὄλου
538 2051 614 2119 τῷ
638 2055 903 2123 προοιμίῳ
931 2055 1084 2107 τοῦτο
1104 2057 1407 2123 προσέοικε·
1439 2058 1529 2109 καὶ
1556 2057 1741 2125 ῶσπερ
1765 2052 1916 2118 οὕτός
1940 2075 2039 2127 φη-

393 2151 467 2186 σι·
503 2139 838 2202 Λούσασθε,
891 2141 1133 2207 καθαροί
1189 2142 1443 2209 γίνεσθε,
1482 2144 1619 2211 μετά
1659 2143 1758 2204 τὰς
1794 2143 2036 2205 ἀπειλάς·

391 2219 534 2272 οὕτω
587 2223 680 2274 καὶ
735 2225 936 2288 ἐκεῖνος
979 2226 1114 2295 μετὰ
1163 2228 1222 2278 τὸ
1269 2230 1457 2292 είπείν,
1512 2229 1755 2295 Ἐλέγξω
1806 2245 1898 2290 σε,
1940 2229 2038 2281 καί

390 2308 760 2374 παραστήσω
805 2310 954 2362 κατὰ
985 2313 1307 2378 πρόσωπόν
1340 2328 1456 2366 σου
1487 2314 1592 2378 τὰς
1625 2314 1870 2380 ἀνομίας
1900 2329 2035 2377 σου,

391 2393 658 2461 ἐπήγαγε·
691 2396 880 2447 Θυσίιι
907 2395 1187 2462 αίνέσεως
1214 2397 1454 2462 δοξάσει
1479 2416 1573 2466 με,
1602 2399 1697 2451 καί
1726 2398 1852 2451 ἐκεῖ
1876 2398 2034 2464 ὁδὸς,

390 2474 429 2546 ᾗ
453 2477 624 2541 δείξω
654 2481 854 2544 αὐτοῖς
890 2483 953 2532 τὸ
977 2483 1271 2548 σωτήριον
1300 2486 1404 2537 τοῦ
1438 2486 1602 2538 Θεοῦ·
1637 2483 1838 2537 αῐνεσιν
1869 2485 2037 2552 λέγων

391 2563 489 2631 τὴν
526 2562 614 2617 διὰ
655 2565 762 2615 τῶν
810 2565 983 2635 ἔργων
1016 2565 1338 2633 δοξολογίαν,
1374 2569 1465 2621 καὶ
1492 2567 1586 2637 τὴν
1627 2567 1915 2635 ἐπίγνωσιν
1941 2569 2037 2638 τὴν

391 2651 471 2710 είς
499 2649 678 2703 αὐτόν.

461 2751 578 2805 Ἵνα
624 2754 710 2816 δὲ,
757 2756 1102 2817 Λούσασθε,
1147 2757 1387 2823 καθαροὶ
1446 2757 1714 2825 γίνεσθε,
1773 2756 2035 2811 ἀκούσαν-

387 2850 499 2901 τες,
549 2838 624 2908 μὴ
659 2840 786 2901 τοὺς
830 2841 1083 2903 εἰωθότας
1121 2841 1234 2912 [12]
1279 2844 1534 2910 νομίσωσι
1574 2843 1902 2912 καθαρμοὺς,
1941 2845 2036 2895 ἐπ-

388 2923 613 2990 ήγαγεν·
673 2926 941 2993 Ἀφέλετε
997 2928 1102 2990 τὰς
1147 2930 1431 2994 πονηρίας
1483 2929 1601 2982 ἀπὸ
1654 2929 1771 2980 τῶν
1824 2927 2036 2996 ψυχῶν

388 3007 554 3074 ὑμῶν
580 3011 865 3064 ἀπέναντι
906 3009 1022 3063 τῶν
1062 3012 1380 3079 ὀφθαλμῶν
1403 3029 1543 3079 μου,
1578 3013 1888 3066 παύσασθε
1919 3012 2034 3065 ἀπὸ

387 3092 507 3145 τῶν
525 3095 826 3162 πονηριῶν
844 3095 1028 3164 ὑμῶν.
1059 3096 1131 3146 Τὸ
1153 3099 1248 3166 τῆς
1272 3097 1467 3164 ἀρετῆς
1494 3095 1709 3147 εὔκολον
1735 3097 1915 3159 ἔδειξε,
1947 3097 2037 3147 καὶ

386 3179 486 3246 τὴν
523 3181 622 3249 τῆς
647 3179 888 3243 ἐξουσίας
921 3179 1243 3248 ἐλευθερίαν,
1276 3181 1356 3231 ὅτι
1386 3180 1443 3230 ἐν
1477 3181 1657 3240 αὐτοῖς
1687 3175 1754 3248 ἦν
1783 3180 1842 3231 τὸ
1877 3196 2038 3248 μετα-

389 3263 662 3318 ϐαλέσθαι.
692 3264 918 3320 Μὰθετε
945 3265 1136 3319 καλὸν
1178 3266 1387 3322 ποιεῖν.
1427 3264 1610 3329 Οὕτως
1651 3267 1755 3320 ὑπὸ
1787 3267 1885 3332 τῆς
1915 3265 2041 3318 πολ-

400 3346 496 3413 λῆς
527 3347 788 3417 πονηρίας
828 3351 920 3402 καὶ⁵
951 3350 1048 3420 τὴν
1088 3353 1394 3422 ἐπιστήμην
1430 3354 1527 3423 τῆς
1565 3353 1763 3422 ἀρετῆς
1797 3350 1935 3424 ἦσαν
1961 3356 2052 3407 ἐκ·

398 3432 740 3503 ϐεϐληκότες.
780 3436 933 3489 Οὕτω
979 3437 1070 3489 καὶ
1110 3441 1138 3490 6
1185 3441 1463 3508 προφήτης
1489 3441 1648 3492 Δαυῖδ
1679 3457 1826 3508 φησι·
1858 3441 2050 3508 Δεῦτε,

398 3521 596 3585 τέκνα,
646 3526 942 3579 ἀκούσατέ
977 3544 1116 3596 μου·
1151 3531 1336 3596 φόϐον
1372 3531 1586 3597 Κυρίου
1626 3530 1842 3594 διδάξω
1878 3533 2050 3600 ὑμᾶς.

396 3612 594 3665 Πασῶν
620 3615 725 3684 γὰρ
763 3617 1076 3684 ἐπιστημῶν
1107 3618 1240 3687 αὕτη
1272 3619 1531 3687 ἀνωτὲρα,
1559 3620 1653 3671 καὶ
1680 3619 1919 3683 πλείονος
1945 3622 2052 3674 δεο-

398 3703 532 3772 μένη
575 3706 828 3775 σπουδῆς,
861 3707 969 3776 ὅσῳ
1011 3708 1104 3761 καὶ
1149 3709 1367 3761 πλείονα
1414 3709 1524 3779 ἔχει
1564 3709 1631 3762 τὰ
1668 3709 2046 3776 διακωλύοντα,

388 3803 602 3869 φύσεως
638 3802 943 3870 τυραννίδα,
984 3802 1076 3852 καὶ
1100 3801 1461 3869 προαιρέσεως
1495 3798 1778 3868 ῥαθυμίαν,
1811 3800 1902 3850 καὶ
1926 3801 2037 3852 δαι-

392 3892 569 3960 μόνων
603 3890 909 3953 ἐπιϐουλὰς,
954 3891 1045 3943 καὶ
1089 3890 1421 3959 πραγμάτων
1470 3889 1640 3956 ὄχλον.
1675 3887 1828 3939 Οὕτω
1857 3888 1918 3956 δὴ
1946 3889 2037 3940 καὶ

389 3979 624 4050 Βαρούχ·
668 3974 854 4042 Οὗτος
890 3980 921 4030 ό
961 3978 1102 4039 Θεὸς
1135 3977 1318 4042 ἡμῶν·
1353 3978 1424 4028 οὐ
1465 3975 1880 4042 λογισθήσεται
1917 3975 2038 4027 ἓτε-

383 4085 490 4135 ρος
524 4068 671 4135 πρὸς
702 4069 904 4120 αὐτόν·
928 4065 1130 4132 ἐξεῦρε
1153 4065 1354 4122 πᾶσαν
1377 4065 1518 4118 όδὸν
1543 4065 1888 4132 ἐπιστήμης.
1925 4067 2041 4116 Ἐκ-

389 4156 679 4223 ζητήσατε
711 4159 928 4225 κρίσιν.
960 4156 1232 4218 Τουτέστι,
1260 4157 1317 4208 τὸ
1346 4157 1572 4208 ἐκδικεῖν
1604 4157 1725 4218 τοὺς
1759 4156 2040 4224 ἀδικουμέ-

389 4266 531 4314 νους,
561 4250 695 4318 ὅπερ
727 4246 917 4300 πολλοῦ
946 4247 1105 4299 πόνου
1133 4246 1296 4298 δεῖται
1323 4246 1415 4299 καὶ
1444 4247 1711 4317 νηφούσης
1729 4246 1922 4316 ψυχῆς.
1949 4247 2039 4298 Διὸ

390 4339 484 4392 καὶ
528 4338 894 4407 Ἐκζητήσατε
928 4332 1070 4388 εἷπε.
1103 4335 1276 4388 Πολλὰ
1305 4337 1409 4406 γάρ
1445 4339 1557 4388 ἐστι
1590 4337 1656 4389 τά
1686 4336 2040 4397 συσκιάζοντα

390 4429 452 4481 τὸ
491 4428 716 4492 δίκαιον,
761 4427 851 4478 καὶ
892 4425 1203 4495 δωροδοκία,
1251 4425 1342 4478 κα)⁸
1370 4427 1576 4492 ἄγνοια,
1619 4427 1710 4478 καὶ
1739 4426 2037 4489 δυναστεία,

393 4516 485 4566 καὶ
511 4515 690 4578 αίδὼς,
731 4516 822 4568 καὶ
860 4515 1039 4580 φόϐος,
1073 4515 1163 4566 καὶ
1192 4514 1448 4583 Θεραπεία
1489 4515 1805 4585 προσώπων·
1837 4517 1929 4567 καὶ
1961 4516 2041 4566 δεῖ

393 4608 594 4676 πολλῆς
654 4608 755 4676 τῆς
815 4607 1138 4676 ἀγρυπνίας.
1208 4607 1523 4659 Ῥὑσασθαι
1567 4619 1592 4646 ι
1629 4607 2040 4674 ἀδικούμενον.

393 4697 562 4750 Τοῦτο
597 4699 754 4750 πλέον
792 4697 884 4750 τοῦ
931 4697 1213 4766 προτέρου·
1248 4697 1307 4748 ού
1339 4697 1444 4766 γὰρ
1478 4698 1694 4748 ἀπαιτεῖ
1724 4699 1783 4748 τὸ
1816 4699 2041 4766 ψηφίζε-

394 4787 514 4838 σθαι
545 4787 613 4839 τὰ
641 4789 842 4849 δίκαια,
882 4787 1015 4841 ἀλλὰ
1055 4788 1146 4838 καὶ
1184 4787 1242 4838 τὸ
1275 4791 1352 4848 είς
1389 4787 1557 4856 πέρας
1591 4789 1759 4854 ἀγειν.
1799 4789 2041 4854 Κρίνατε

394 4878 676 4945 ὀρφανὸν,
711 4880 806 4931 καὶ
839 4877 1184 4931 δικαιώσατε
1209 4878 1416 4946 χήραν.
1451 4878 1618 4939 Πολὺς
1645 4877 1720 4947 τῷ
1747 4879 1863 4946 Θεῷ
1890 4879 2041 4944 λόγος

392 4967 485 5020 τοῦ
531 4968 732 5037 μηδένα
765 4968 990 5037 πάσχειν
1017 4967 1216 5029 κακῶς,
1251 4969 1444 5020 πλείων
1485 4968 1561 5030 δὲ,
1609 4969 1733 5020 ὅταν
1775 4970 1909 5037 μετὰ
1953 4969 2040 5020 τοῦ

395 5059 623 5125 πάσχειν
647 5057 830 5119 κακῶς
859 5058 950 5110 καὶ
975 5057 1132 5126 ἑτέρᾳ
1160 5057 1299 5116 τινὲς
1331 5051 1460 5107 ὦσιν
1485 5056 1813 5125 ἐνδεδυμένοι
1842 5074 2044 5125 συμφο-

396 5149 484 5216 ρᾷ.
543 5147 606 5198 Ἡ
643 5146 749 5216 γὰρ
793 5148 1052 5216 χηρανεία
1098 5149 1124 5187 b
1182 5150 1273 5198 καὶ
1320 5144 1546 5214 ὀρφανία
1599 5148 1690 5200 καὶ
1736 5147 1855 5198 καθ’
1885 5146 2043 5199 ἐαυτὸ

395 5237 682 5306 ἀφόρητον·
724 5240 847 5290 ᾶταν
888 5239 944 5290 δὲ
992 5241 1084 5291 καὶ⁸
1119 5241 1247 5308 παρ’
1275 5239 1471 5308 ἐτέρων
1512 5239 1932 5307 ἐπηρεάζωνται,
1967 5239 2044 5290 δι-

397 5325 561 5378 πλοῦν
581 5326 642 5378 τὸ
669 5327 939 5393 ναυάγιον.
969 5328 1077 5380 Kal
1109 5328 1296 5390 δεῦτε,
1327 5329 1422 5380 καὶ
1446 5326 1856 5394 διαλεχθῶμεν,
1885 5327 2042 5392 λέγει

396 5418 626 5480 Κύριος.
678 5417 1094 5487 Παρατηρητέον
1139 5419 1218 5469 ὅτι
1262 5416 1531 5484 πανταχοῦ
1591 5417 1696 5468 τῶν
1758 5419 2042 5486 προφητῶν

395 5507 544 5559 οὐδὲν
577 5506 744 5568 οὕτως
793 5510 820 5558 6
871 5507 998 5569 Θεὸς
1043 5507 1301 5577 ἐπιζητεῖ,
1341 5510 1414 5569 ώς
1450 5509 1508 5559 τὸ
1540 5511 1650 5570 τοῖς
1681 5510 2044 5578 ἀδικουμένοις

399 5593 712 5662 ἐπαμύνειν.
743 5595 894 5647 Οὕτω
945 5595 1072 5663 γοῦν
1108 5597 1198 5648 καὶ
1233 5597 1482 5666 ἀλλαχοῦ,
1521 5596 1592 5658 ώς
1637 5598 1692 5649 ἐν
1729 5597 1805 5668 τῷ
1837 5600 2043 5668 Μιχαίᾳ

461 5796 483 5861 f'
508 5795 791 5861 l_._egend_um
817 5797 1032 5861 ῥύσασθε,
1057 5797 1262 5855 liberale,
1287 5807 1339 5847 ut
1362 5802 1542 5861 legitur
1561 5805 1607 5850 in
1636 5801 1814 5851 Bibliis.

460 5853 488 5927 ξ
517 5853 767 5927 Χαρανεία,
792 5853 1028 5916 ινϊίίιιίιαε,
1059 5873 1145 5907 ι’οι
1171 5853 1293 5921 apud
1337 5853 1483 5908 uliJm
1530 5866 1711 5911 nullum
1754 5866 2039 5927 scriptorem

403 5917 516 5964 υιίιιι
545 5917 697 5962 adhuc
722 5915 992 5965 observata.

2163 521 2420 590 λεγόντων
2462 523 2569 576 τῶν
2617 523 2876 577 Ἰουδαίων
2903 536 2956 561 ιτ·
3002 528 3069 578 El
3113 527 3279 580 δώσω
3309 532 3649 596 πρωτότοκά
3682 550 3802 602 μου

2151 608 2299 674 ὑπὲρ
2327 609 2598 674 ἀσεϐείας
2621 627 2758 677 μου,
2787 609 3016 676 καρπὸν
3038 613 3266 677 κοιλίας
3282 631 3400 681 μου
3428 616 3580 683 ὑπὲρ
3611 619 3801 685 ἀμαρ-

2148 693 2278 757 τίας
2298 692 2503 760 ψυχῆς
2516 710 2656 761 μου,
2691 694 2933 763 ἐπήγαγε
2961 695 3150 763 λέγων·
3182 698 3509 766 Ἀπαγγελῶ
3543 719 3663 760 σοι.
3702 703 3805 755 ἀν-

2146 781 2359 844 θρωπε,
2381 778 2438 830 τί
2453 780 2660 842 καλὸν,
2679 779 2774 831 καί
2791 781 2846 831 τί
2863 781 3073 847 Κύριος
3082 780 3308 848 ἐκζητεῖ
3321 786 3479 851 παρὰ
3500 788 3637 849 σοῦ,
3657 787 3806 841 ἀλλ’

2145 855 2183 923 ἢ
2199 857 2301 911 τοῦ
2317 857 2510 910 ποιεῖν
2523 859 2698 926 κρίμα
2710 858 2805 910 καί
2825 859 3062 928 ἀγαπᾷν
3076 861 3270 924 ἔλεον,
3288 864 3384 916 καὶ
3399 864 3633 932 ἕτοιμον
3643 864 3804 921 εἶναι

2143 941 2612 1009 τοῦ-πορεύεσθαί
2623 959 2695 996 σε
2708 944 2897 996 ὀπίσω
2911 945 3129 1011 Κυρίου
3144 947 3248 999 τοῦ
3263 947 3410 1001 Θεοῦ
3422 964 3556 1004 σου.
3572 952 3800 1004 K01116-

2144 1025 2225 1078 λιν
2239 1029 2266 1078 6
2282 1029 2558 1096 προφήτης
2579 1021 2736 1079 Δαυῒδ
2765 1028 2964 1095 ἔλεγεν·
2993 1031 3203 1082 Ἕλεον
3227 1030 3324 1084 καὶ
3351 1035 3553 1100 κρίσιν
3573 1034 3800 1102 ᾇσομαί

2144 1122 2264 1174 σοι,
2293 1112 2485 1178 Κύριε.
2511 1108 2617 1165 Καί
2652 1111 2821 1166 δευτε
2845 1110 2940 1178 δή.
2983 1112 3248 1185 Πρότερον
3283 1119 3393 1181 τοῖς
3437 1118 3800 1189 δικαιώμασιν

2143 1194 2384 1258 ὁπλίσας,
2409 1197 2528 1248 τότε
2550 1198 2640 1250 ἐπὶ
2662 1198 2722 1250 τὸ
2741 1198 3082 1268 δικαστήριον
3104 1199 3269 1266 ελκει,
3293 1202 3386 1254 καὶ
3415 1202 3626 1267 διδάξας
3645 1203 3798 1268 ὅπως

2144 1282 2210 1334 ἂν
2238 1281 2590 1336 ἀποδύσαιντο
2617 1283 2682 1337 τά
2719 1284 3055 1355 ἐγκλήματα,
3095 1285 3215 1337 τότε
3267 1287 3484 1340 ἀπαιτεῖ
3516 1289 3613 1352 τὰς
3633 1291 3798 1343 εὐθύ-

2144 1383 2258 1429 νας,
2315 1365 2402 1419 ῐνα
2456 1368 2528 1436 μὴ
2585 1368 2822 1437 γυμνοὺς
2882 1364 3074 1432 αὐτοὺς
3134 1369 3232 1439 τῆς
3278 1372 3570 1438 ἀπολογίας
3613 1374 3796 1428 λαϐὼν

2144 1452 2461 1522 κατακρίνῃ.
2490 1452 2596 1505 Καὶ
2628 1452 3075 1520 διελεγχθῶμεν.
3107 1453 3481 1523 Δικασώμεθα,
3514 1460 3693 1526 φησίν.
3735 1459 3796 1512 ’0

2141 1538 2488 1606 δικαζόμενος
2519 1538 2808 1606 συνήγορος
2829 1537 3032 1604 γίνεται
3063 1540 3155 1592 καὶ
3186 1539 3386 1612 ίατρός.
3409 1538 3538 1594 Εἶτα
3557 1543 3792 1605 δεικνὺς,

2142 1623 2221 1674 ὅτι
2263 1624 2365 1675 κᾶν
2410 1622 2615 1692 μεγάλα
2660 1616 3036 1692 ἐργασώμεθα,
3086 1624 3167 1676 ἐτι
3210 1627 3308 1695 τῆς
3357 1625 3520 1679 αὐτοῦ
3560 1626 3793 1696 δεόμεθα

2145 1708 2546 1779 φιλανθρωπίας
2595 1704 2673 1772 είς
2715 1703 2774 1761 τὸ
2817 1709 2923 1761 τῶν
2957 1707 3362 1781 ἁμαρτημάτων
3393 1713 3791 1784 ἀπαλλαγῆναι,

2144 1794 2323 1862 φησίν·
2367 1794 2500 1847 Ἐὰν
2529 1792 2678 1847 ὦσιν
2702 1791 2866 1862 ὑμῶν
2885 1796 2943 1849 al
2964 1797 3235 1864 ἁμαρτίαι
3255 1797 3334 1864 ὡς
3353 1799 3684 1866 φοινικοῦν,
3710 1801 3794 1866 ὡς

2143 1882 2313 1948 χιόνα
2326 1874 2619 1932 λευκανῶ·
2637 1878 2732 1941 τάς
2749 1882 2812 1932 ἐκ
2829 1880 3114 1951 διαμέτρου
3137 1881 3421 1951 ποιότητας
3443 1885 3686 1938 ἐναντίας
3703 1885 3794 1938 λα-

2143 1963 2285 2027 ϐὼν,
2329 1964 2421 2015 καὶ
2463 1963 2822 2031 ὑποσχόμενος
2859 1964 2994 2034 πρὸς
3042 1963 3102 2017 τὸ
3149 1965 3389 2018 ἐναντίον
3428 1969 3790 2038 μεταστήσειν

2142 2051 2268 2102 αὐτό
2285 2049 2334 2106 ἀ.
2369 2049 2500 2103 Ἐὰν
2525 2047 2591 2100 δὲ
2616 2044 2766 2102 ὦσιν
2783 2045 2863 2112 ὡς
2891 2051 3186 2116 κόκκινον,
3212 2047 3290 2116 ὡς
3310 2053 3469 2119 ἔριον
3491 2054 3785 2108 λευκανῶ.

2143 2135 2312 2202 Πολλὴ
2341 2134 2440 2203 τῆς
2463 2135 2570 2187 τῶν
2606 2134 2788 2203 χηρῶν
2817 2136 3142 2204 προστασίας
3171 2139 3204 2206 ἡ
3235 2137 3476 2206 δύναμις.
3508 2138 3622 2208 [15]
3653 2141 3706 2191 εἴ
3723 2157 3789 2206 γε

2141 2220 2238 2289 τὴν
2285 2218 2424 2271 οὕτω
2452 2220 2967 2290 καταρρυπωθείσαν
2994 2221 3187 2290 ψυχὴν,
3216 2220 3290 2283 ὼς
3330 2224 3422 2275 καὶ
3451 2223 3580 2275 αὐτὸ
3608 2223 3788 2294 βαφὴν

2140 2307 2387 2370 δέξασθαι
2425 2308 2701 2376 πονηρίας,
2737 2309 2811 2378 μὴ
2853 2309 3010 2378 μόνον
3051 2309 3375 2364 ἀπαλλάττει
3420 2313 3518 2382 τῆς
3566 2311 3783 2379 κακίας,

2141 2393 2272 2445 ἀλλά
2316 2395 2408 2445 καὶ
2447 2393 2700 2464 λαμπρὰν
2734 2391 2904 2457 οὕτως
2954 2395 3248 2463 ἐργάζοιτο.
3285 2396 3391 2450 Καί
3423 2398 3530 2450 ἐὰν
3551 2397 3782 2464 θέλητε.

2141 2479 2234 2530 καὶ
2256 2478 2644 2546 είσακούσητέ
2658 2496 2796 2547 μου,
2817 2480 2887 2532 τὰ
2906 2480 3093 2548 ἀγαθά
3111 2479 3217 2546 τῆς
3230 2480 3340 2550 γῆς
3353 2482 3630 2551 φάγεσθε.
3650 2485 3788 2536 Ἐὰν

2138 2563 2301 2630 δὲμὴ
2323 2565 2549 2629 θέλητε,
2587 2566 2732 2630 μηδὲ
2763 2560 3154 2631 είσακούσητέ
3181 2583 3317 2634 μου,
3337 2568 3597 2636 μάχαιρα
3626 2569 3782 2636 ὑμᾶς

2139 2647 2454 2700 κατέδεται.
2509 2649 2576 2700 Τὸ
2621 2647 2729 2715 γὰρ
2765 2649 2954 2716 στόμα
2999 2650 3218 2715 Κυρίου
3268 2650 3531 2718 ἐλάλησε
3571 2653 3780 2707 ταῦτα.

2150 2732 2361 2801 Ἐπειδὴ
2398 2732 2504 2801 γάρ
2545 2735 2656 2794 τοῖς
2689 2733 3009 2804 παχυτέροις
3040 2733 3136 2802 οὐχ
3168 2733 3337 2798 οὕτως
3378 2737 3783 2807 ἁμαρτημάτων

2135 2815 2416 2886 ἀπαλλαγὴ
2480 2816 2721 2869 ποθεινὸν
2787 2817 2878 2871 καὶ
2944 2816 3297 2881 εὐσύνοπτον,
3353 2819 3428 2882 ὡς
3469 2821 3574 2872 τῶν
3611 2824 3666 2874 ἐν
3703 2814 3782 2890 τῷ

2137 2901 2357 2970 παρόντι
2393 2901 2491 2971 βίῳ
2523 2902 2816 2955 δοκούντων
2857 2899 2990 2955 εἷναι
3031 2903 3207 2956 καλῶν
3241 2905 3274 2974 ὴ
3319 2905 3632 2968 ἀπόλαυσις.
3663 2911 3780 2976 μετ’

2135 2986 2354 3038 ἐκείνων
2390 2987 2482 3039 καὶ
2511 2986 2681 3041 ταῦτα
2712 2985 3116 3056 ἐπαγγέλλεται·
3156 2989 3248 3041 καὶ
3275 2991 3379 3059 γάρ
3411 2989 3504 3044 καὶ
3534 2989 3687 3043 τοῦτο
3719 2991 3781 3058 ἐξ

2136 3070 2362 3120 ἐκείνου.

2204 3143 2267 3207 ς.
2283 3138 2414 3196 Εἶτα
2431 3145 2641 3207 δεικνὺς
2658 3145 2738 3198 ὅτι
2764 3145 2978 3199 εὕκολον
2999 3149 3030 3216 ή
3050 3148 3233 3219 ἀρετὴ,
3259 3149 3316 3203 ἐν
3332 3148 3409 3218 τῷ
3427 3147 3599 3200 θέλειν
3617 3148 3787 3219 αὐτὴν

2133 3228 2311 3298 τίθησι
2345 3230 2522 3297 μόνον.
2560 3231 2717 3284 Ὥστε
2748 3232 2803 3284 δὲ
2834 3234 2906 3303 μὴ
2930 3236 3040 3296 τοῖς
3065 3240 3316 3304 χρηστοῖς
3347 3235 3591 3298 ἐκλῦσαι,
3626 3235 3790 3288 πάλιν

2134 3316 2212 3376 είς
2245 3314 2313 3366 τὰ
2343 3315 2546 3385 φοϐερά
2573 3318 2929 3382 κατακλείσας
2964 3319 3052 3372 τὸν
3094 3320 3270 3388 λόγον,
3302 3321 3609 3384 ἀξιόπιστον
3649 3323 3794 3372 ποιεί

2133 3403 2198 3469 τῇ
2219 3400 2440 3470 δυνάμει
2479 3401 2569 3453 τοῦ
2595 3402 2761 3455 ταῦτα
2790 3404 3223 3474 ἀποφηναμένου.
3248 3405 3376 3472 Πῶς
3393 3407 3626 3476 ἐγένετο
3649 3408 3794 3475 πόρ-

2134 3501 2210 3551 νη
2234 3487 2408 3550 πόλις
2429 3487 2610 3554 πιστὴ
2635 3490 2805 3553 Σιών;
2837 3492 2946 3543 Καὶ
2963 3492 3058 3562 τῆς
3077 3493 3265 3564 ὀδύνης
3289 3494 3382 3548 τοῦ
3405 3495 3672 3563 λέγοντος,
3697 3496 3793 3546 καὶ

2136 3571 2235 3639 τῆς
2287 3572 2480 3642 πολλῆς
2531 3574 2635 3627 τῶν
2676 3576 2938 3631 Ἰουδαίων
2985 3579 3333 3650 ἀναισθησίας
3380 3583 3412 3651 ἡ
3451 3580 3789 3650 διαπόρησις,

2139 3657 2231 3708 καὶ
2258 3656 2347 3708 τοῦ
2381 3659 2508 3729 παρ’
2539 3660 2725 3714 ἐλπίδα
2753 3664 3004 3731 γενέσθαι
3045 3664 3105 3717 τὸ
3144 3667 3523 3735 γεγενημένον.
3555 3663 3794 3718 Τοιαῦτα

2138 3746 2233 3799 καὶ
2267 3747 2476 3811 Παῦλος
2504 3751 2595 3802 ἐπὶ
2623 3751 2874 3804 Γαλατῶν
2901 3752 3146 3824 διαπορεῖ
3170 3753 3361 3821 λέγων·
3391 3750 3668 3820 Θαυμάζω
3702 3750 3794 3804 ὅτι

2138 3842 2287 3892 οὕτω
2321 3839 2542 3907 ταχέως
2573 3838 2953 3903 μετατίθεσθε
2977 3853 2989 3865 ·
3022 3837 3155 3905 ὅπερ
3177 3839 3232 3887 ἐν
3257 3835 3610 3904 ἐγκλημάτων
3631 3834 3785 3896 τάξει

2139 3928 2232 3979 καὶ
2260 3926 2562 3995 προτροπῆς
2593 3919 2729 3984 εἶδός
2754 3923 2888 3984 ἐστι,
2918 3921 3051 3990 πρὸς
3085 3919 3282 3990 ἀρετὴν
3322 3919 3781 3986 ἀνακαλουμένου.

2140 4013 2202 4063 EE
2245 4012 2348 4080 γὰρ
2383 4009 2470 4062 καὶ
2519 4008 2824 4076 θαυμαστὸν
2866 4007 2924 4059 τὸ
2974 4007 3280 4075 λεγόμενον,
3323 4005 3414 4059 καὶ
3445 4004 3731 4072 ἐγκωμίων
3759 4014 3784 4041 ο

2139 4095 2522 4165 ἀναμέμικται,
2558 4096 2622 4163 τῇ
2651 4093 2949 4162 κατηγορίᾳ⁴
2984 4091 3078 4161 τὴν
3108 4089 3436 4160 κατηγορίαν
3478 4089 3784 4158 χαλεπωτέ-

2146 4200 2241 4252 ραν
2273 4181 2473 4234 ’ποιοῦν⁸
2516 4180 2589 4231 Ού
2632 4179 2736 4248 γὰρ
2778 4177 2916 4229 οὕτω
2944 4177 3234 4245 κακίζομεν
3275 4177 3399 4236 τοὺς
3426 4175 3572 4227 οὐδὲν
3604 4175 3784 4239 ὄντας,

2143 4270 2234 4320 καὶ
2268 4267 2465 4335 φαῦλον
2495 4265 2770 4334 μετιόντας
2801 4264 2932 4331 βίον,
2961 4261 3032 4322 ώς
3064 4263 3187 4322 τοὺς
3217 4259 3536 4321 σπουδαίους
3572 4259 3668 4329 μὲν
3705 4256 3785 4312 εἶ-

2142 4372 2226 4406 ναι
2273 4353 2522 4418 δόξαντας
2575 4351 2898 4420 ἔμπροσθεν,
2942 4347 3009 4399 τὰ
3047 4347 3102 4398 δὲ
3140 4345 3244 4398 τῶν
3276 4344 3525 4414 πονηρῶν
3561 4345 3786 4414 ὕστερον

2143 4437 2626 4508 ἐπιδεικνυμένους.
2655 4436 2862 4504 Πόρνην
2890 4435 2944 4486 δὲ
2977 4432 3203 4485 ἐνταῦθα
3237 4431 3406 4494 καλεῖ,
3442 4431 3500 4481 οὕ
3546 4447 3786 4500 σωματι-

2141 4524 2241 4594 κὴν
2269 4525 2550 4591 ἀσέλγειαν
2575 4522 2950 4588 αἰνιττόμενος,
2975 4519 3107 4571 ἀλλά
3129 4519 3224 4587 τὴν
3247 4517 3370 4585 περὶ
3392 4517 3520 4568 Θεὸν
3547 4516 3789 4586 ἀγνωμο-

2145 4611 2327 4678 σύνην,
2363 4611 2390 4660 ὃ
2421 4609 2667 4677 πορνείας
2697 4607 2905 4674 ἐκείνης
2937 4607 3051 4657 ἐστὶ
3081 4604 3469 4672 χαλεπώτερον.
3515 4604 3658 4656 Ἐκεῖ
3690 4605 3787 4672 μὲν

2143 4698 2250 4765 γὰρ
2268 4697 2545 4765 ἄνθρωπος
2567 4695 2930 4764 ὑϐριζόμενος,
2959 4692 3188 4744 ἐνταῦθα
3213 4692 3267 4743 δέ
3287 4692 3415 4753 Θεὸς
3441 4694 3466 4743 6
3496 4691 3788 4759 ἀθετοῦμε-

2144 4800 2248 4842 νος.
2284 4783 2428 4832 Ποιεῖ
2455 4780 2509 4831 δὲ
2537 4781 2629 4831 καὶ
2656 4779 2784 4831 αὐτὸ
2806 4772 2955 4837 οὕτος
2987 4779 3079 4828 καὶ
3104 4779 3149 4827 οἱ
3177 4777 3321 4827 ἄλλοι
3353 4777 3549 4838 πάντες
3573 4780 3783 4846 προφῆ-

2143 4883 2250 4920 ται·
2293 4866 2474 4934 ἐπειδὴ
2514 4866 2604 4917 καὶ
2643 4866 2671 4917 6
2704 4864 2833 4926 Θεὸς
2866 4862 3195 4931 κατηξίωσεν
3231 4861 3287 4912 ἐν
3320 4860 3506 4930 ἀνδρὸς
3537 4862 3686 4928 τάξει
3717 4867 3782 4933 τῇ

2207 5086 2229 5114 ε
2259 5081 2502 5131 Edebatur
2524 5081 2670 5140 λέγων
2685 5081 2777 5126 τῶν
2821 5079 3072 5140 Ἰουδαίων.
3111 5076 3200 5140 Hic
3241 5080 3501 5140 legendum
3538 5085 3676 5140 pulal
3699 5083 3787 5128 Al-

2145 5145 2286 5191 leuus
2307 5144 2452 5201 λέγων
2479 5143 2530 5188 ἐκ
2551 5137 2805 5202 προσώπου
2832 5142 2925 5185 τῶν
2962 5137 3220 5195 Ἰουδαίων,
3265 5137 3464 5187 ίότιεεεε
3485 5137 3661 5186 mélius
3680 5144 3785 5202 περὶ

2143 5207 2235 5249 τῶν
2287 5203 2540 5256 Ἰουδαίων,
2581 5201 2658 5246 vel
2703 5201 2822 5244 κατὰ
2859 5201 2970 5253 τῶν,
3014 5211 3154 5257 quam
3200 5202 3451 5246 lectionem
3495 5207 3690 5246 secutus
3711 5201 3790 5248 ρει

2144 5265 2438 5311 Τξὶωδῃιιυε.
2488 5262 2611 5310 Puto
2673 5271 2831 5306 veram
2869 5271 2979 5306 esse
3031 5261 3288 5306 lectionem
3324 5262 3534 5308 Bamrici
3560 5260 3786 5317 λεγόντων

2143 5341 2253 5370 των.

2205 5384 2233 5420 d
2259 5385 2460 5430 Alienus
2483 5379 2900 5442 legendumpqtat
2940 5378 3096 5442 αὐτας,
3135 5391 3242 5442 quae
3261 5392 3349 5425 vox
3391 5382 3567 5427 melius
3587 5380 3789 5439 quadrat

2144 5445 2201 5491 ad
2222 5442 2416 5490 seriem.
2442 5438 2697 5490 Daviticus
2717 5438 2871 5492 αὐτὸς,
2910 5450 3019 5496 quae
3043 5439 3188 5498 lectio
3213 5451 3306 5485 non
3329 5441 3390 5485 ita
3425 5442 3600 5498 placet.

2210 5508 2232 5532 ε
2256 5503 2357 5550 Hoc
2383 5505 2486 5550 loco
2511 5506 2639 5547 notat
2667 5499 2897 5546 Savilius:
2960 5511 2977 5543 ι
3007 5498 3085 5558 καὶ
3123 5497 3379 5558 ἐγκωμίων.
3411 5497 3563 5546 Locus
3586 5499 3789 5544 mendo-

2145 5578 2246 5618 sus,
2274 5567 2355 5621 qui
2378 5575 2435 5609 ex
2461 5563 2733 5621 conjectura
2759 5561 2826 5604 sic
2852 5556 3042 5621 restitui
3083 5556 3260 5621 polesl;
3288 5561 3365 5621 καὶ
3391 5560 3632 5621 ἐγκωμίων
3669 5560 3786 5621 -ἁνα-

2181 5617 2303 5684 ιχθὲν
2323 5629 2378 5683 τῇ
2401 5617 2652 5682 κατηγορίᾳ
2675 5619 2758 5673 τήν
2779 5619 3056 5684 κατηγορίαν
3076 5619 3402 5684 χαλεπωτέραν
3417 5617 3564 5684 ποιεῖ.
3583 5617 3785 5684 __Sa|_lem

2181 5642 2299 5684 LXUEV
2323 5642 2378 5683 τῃ
2401 5642 2652 5682 χατηγοριᾳ
2675 5642 2758 5673 την
2780 5642 3056 5677 ιαιηγυμιαν
3076 5642 3402 5686 χαλεπωπιεραν
3417 5642 3564 5684 πιοῑιι.
3603 5642 3785 5686 οσιισιιι

2143 5642 2222 5731 llic
2257 5692 2331 5730 est
2369 5685 2506 5743 hujus
2531 5683 2618 5728 loci
2649 5692 2837 5743 εοιιςιυε,
2866 5679 2911 5743 ip
2937 5691 3051 5743 quq,
3077 5683 3129 5743 υἱ
3168 5690 3215 5723 ιη
3240 5680 3473 5743 ριυιηιιιε,
3517 5679 3785 5743 balineum-

2147 5751 2224 5790 lus
2246 5750 2322 5790 est
2345 5736 2607 5801 lntérpres.
2650 5738 2835 5801 Boi_sius
2857 5736 3058 5801 δίοηιαι
3089 5736 3330 5801 ἐγκωμίων
3379 5739 3686 5801 ἀναμέμικται
3726 5743 3782 5797 τῇ

2144 5805 2398 5864 κατηγορίᾳ
2419 5797 2500 5855 τήν
2519 5797 2797 5864 κατηγορίαν
2820 5798 3145 5864 χαλεπωτέραν
3162 5797 3339 5864 ποι-οῦν.
3372 5811 3388 5841 ι
3422 5798 3517 5864 ,Η
3536 5803 3669 5864 certe
3709 5803 3784 5864 εει

2145 5858 2354 5910 auctoris
2377 5858 2567 5912 ﬁensus,
2593 5865 2641 5904 el
2666 5859 2785 5903 hanc
2825 5864 3110 5914 pastmmam
3137 5858 3395 5902 lectionem
3421 5858 3563 5902 habet
3593 5858 3778 5904 ﬂauu-

2147 5937 2229 5972 cus
2248 5924 2415 5981 codex,
2439 5934 2575 5981 Quam
2600 5915 2862 5976 sequimur.
2890 5916 3014 5963 Εάιιι
3039 5916 3365 5977 ἀναμέμνγμαι.
