4044 6400
249 389 316 443 21
1542 378 1604 433 IN
1646 376 1890 437 ISAIAM,
1932 377 2080 433 CAP.
2122 378 2165 434 l.
3426 413 3496 465 22

256 490 386 542 enim
408 500 583 546 eestrte
596 494 837 565 sanguine
861 495 1023 564 plena:
1045 503 1161 548 sunt
1185 511 1203 548 :
1234 494 1332 548 hoc
1361 502 1441 549 est
1459 537 1472 559 ,
1503 491 1780 548 homicidae
1809 508 1824 546 :

255 587 309 631 at
339 593 444 633 non
475 579 641 645 dixit,
674 582 979 647 Homicidia,
1014 583 1137 646 sed,
1175 585 1346 637 Plena.-
1382 583 1660 653 sanguine,
1688 579 1828 633 indi-

254 680 382 720 cans
411 668 531 722 illos
558 670 803 725 meditate
830 674 1058 740 peccatis
1080 674 1319 727 addictos
1350 673 1529 736 fuisse,
1558 680 1612 726 et
1638 671 1829 738 ubique

252 772 374 811 cum
401 758 752 815 vehementia.

326 846 381 901 8.
409 849 606 919 Estque
628 852 755 905 illud
785 852 1200 905 mansuetudinis
1243 853 1356 921 ejus
1386 852 1656 916 indicium,
1687 853 1828 922 quod

255 951 375 989 cum
404 940 772 1005 comminatur,
803 942 1057 994 rationem
1093 941 1295 995 all‘erat.
1343 942 1540 996 Causas
1577 942 1716 995 enim
1737 942 1832 996 ad-

252 1024 352 1091 dit,
385 1041 481 1080 cur
503 1043 606 1082 non
634 1030 873 1083 admittat
898 1031 1211 1084 orationem.
1235 1032 1317 1086 l6.
1347 1031 1628 1098 Lavamini,
1654 1032 1830 1085 mundi

252 1128 425 1171 estote.
458 1118 584 1183 Cur,
610 1134 729 1173 cum
752 1121 967 1185 dixerit,
1002 1120 1121 1173 Non
1170 1121 1304 1175 ultra
1337 1124 1584 1174 remittam
1629 1132 1830 1190 peccata

253 1218 441 1271 uestra,
462 1210 733 1265 consilium
756 1210 864 1273 dat,
888 1219 941 1265 et
965 1225 1083 1265 cum
1102 1212 1394 1266 ostenderit
1433 1214 1575 1280 ipsos
1616 1212 1825 1264 incura-

253 1297 346 1352 bili
378 1298 564 1353 morbo
594 1300 851 1364 laborare,
885 1301 1307 1356 emendationem
1339 1302 1582 1355 inducit?
1612 1302 1726 1355 Mos
1745 1311 1827 1355 est

254 1388 397 1455 Deo,
427 1391 585 1444 etiam
613 1406 730 1445 cum
762 1393 1117 1446 comminatur
1137 1433 1149 1455 ,
1198 1393 1264 1448 de
1305 1394 1475 1447 salute
1502 1393 1828 1461 desperatio-

251 1492 374 1531 nem
400 1479 609 1545 eﬂ'urre,
660 1490 717 1535 ut
765 1491 953 1551 augeat
1004 1492 1226 1548 metum,
1265 1499 1433 1552 neque
1463 1483 1549 1537 hic
1576 1484 1825 1552 loquendi

251 1567 410 1622 finem
436 1568 630 1635 facere,
674 1582 729 1624 ut
754 1571 944 1625 bonam
972 1586 1123 1641 spem
1150 1572 1411 1640 subjiciat,
1442 1582 1496 1625 et
1514 1576 1590 1627 sic
1616 1587 1823 1626 rursum

249 1660 315 1714 ad
337 1662 701 1731 paenitentiam
719 1673 954 1717 revocet.
978 1664 1140 1732 idque
1162 1664 1354 1733 ubique
1372 1664 1483 1717 ﬁeri
1509 1664 1688 1717 videre
1718 1673 1820 1715 est.

249 1750 387 1819 Erga
414 1750 668 1806 Ninivitas
692 1762 833 1807 certe
854 1752 907 1806 id
937 1767 1041 1806 non
1070 1754 1264 1819 verbis,
1291 1754 1382 1806 sed
1404 1753 1650 1821 operibus
1681 1753 1820 1806 fecit.

251 1840 439 1896 Verbis
468 1841 606 1895 enim
634 1841 764 1896 nihil
792 1843 913 1897 boni
939 1844 1227 1913 pollicitus,
1261 1844 1351 1898 sed
1399 1845 1567 1898 solum
1619 1846 1822 1912 suppli-

246 1929 389 1983 cium
441 1939 561 1997 post
604 1932 1069 1987 comminationem
1115 1933 1303 1988 adesse
1349 1942 1669 1997 monstrans,
1700 1935 1820 2003 quia

246 2019 458 2073 barbari
482 2036 687 2088 omnes,
710 2037 827 2091 qua:
864 2038 1078 2077 suarum
1100 2024 1326 2092 partium
1355 2033 1525 2089 erant,
1556 2026 1820 2093 prmstite-

247 2117 393 2173 runt,
415 2108 544 2162 iram
566 2110 671 2164 cito
694 2111 913 2165 sedavit.
937 2111 1025 2166 Sic
1049 2123 1103 2166 et
1121 2129 1303 2167 rursus
1330 2115 1380 2167 in
1400 2115 1609 2168 Psalmo
1626 2115 1817 2168 David:

243 2197 351 2265 jam
379 2198 519 2251 enim
551 2199 658 2253 dixi
688 2201 856 2269 ipsum
886 2202 948 2255 iis
977 2216 1192 2269 prorsus
1214 2204 1405 2257 similia
1436 2204 1599 2272 loqui,
1626 2220 1744 2273 qua:
1768 2206 1818 2257 in

248 2289 349 2340 hoc
381 2289 636 2355 prooemio
666 2288 927 2344 habentur
955 2292 969 2322 ⁸
1001 2308 1014 2344 :
1046 2306 1111 2345 ac
1134 2292 1271 2346 sicut
1300 2292 1384 2347 hic
1407 2294 1478 2346 ait
1502 2312 1515 2346 :
1536 2292 1816 2357 Lavamini,

248 2377 427 2428 mundi
475 2386 645 2442 estote,
692 2387 808 2447 post
852 2380 1293 2435 comminationes
1325 2399 1338 2434 :
1366 2384 1443 2435 sic
1471 2391 1521 2435 et
1560 2383 1647 2436 ille
1675 2392 1819 2449 post-

246 2482 403 2535 quam
435 2467 659 2535 dixerat,
697 2471 918 2540 Arguam
961 2482 1008 2525 te
1060 2481 1108 2524 et
1156 2483 1372 2525 statuam
1415 2484 1588 2525 contra
1640 2475 1820 2542 faciem

248 2565 387 2607 tuam
414 2556 697 2625 iniquitates
718 2567 849 2621 tuas,
878 2558 1079 2614 addidit
1117 2578 1130 2613 :
1165 2560 1487 2628 Sacri/icium
1531 2563 1697 2614 laudis
1725 2564 1819 2613 Ito-

247 2646 527 2712 noriﬁcabit
554 2663 650 2713 me,
697 2657 742 2701 et
766 2650 869 2701 illic
913 2651 1027 2716 iter,
1074 2667 1172 2718 quo
1218 2651 1475 2704 ostendant
1498 2653 1568 2704 eis
1600 2652 1821 2704 salutare

247 2733 341 2786 Dei
385 2732 569 2807 (Psal.
623 2735 712 2791 49.
763 2737 850 2792 2t.
902 2737 1039 2806 25);
1071 2740 1278 2795 laudem
1314 2755 1505 2794 vocans
1539 2756 1653 2794 eam
1675 2781 1691 2807 ,
1718 2757 1819 2810 qua

247 2837 342 2890 per
365 2838 527 2892 opera
552 2824 717 2894 gloria
743 2827 851 2881 Deo
872 2827 1099 2882 refertur
1118 2868 1134 2895 ,
1180 2838 1235 2883 et
1281 2829 1630 2899 cognitionem
1682 2830 1819 2884 divi-

245 2928 433 2968 uorum
441 2952 455 2966 .

315 3003 483 3057 Liberi
510 3006 701 3059 arbitrii
737 3014 972 3074 potestas.
1010 3006 1221 3061 Virtutis
1245 3009 1533 3062 exercenda:
1556 3009 1820 3077 difficulta-

244 3103 335 3147 tes.
355 3122 428 3134 —
448 3094 516 3149 Ut
543 3110 668 3149 vero
692 3111 810 3150 cum
840 3097 1103 3159 audirent,
1135 3097 1416 3164 Laoamini,
1441 3100 1615 3151 mundi
1642 3109 1813 3164 estote,

244 3200 350 3239 non
377 3184 561 3239 solitas
598 3186 714 3240 illas
756 3187 1150 3255 puriticationcs
1174 3191 1503 3258 cogitarent,
1554 3190 1814 3257 subjecit:

242 3276 450 3343 Auferte
464 3274 681 3329 malitias
695 3276 755 3330 ab
768 3277 1029 3330 animabus
1044 3279 1213 3331 vestris
1232 3295 1265 3330 a
1284 3290 1542 3347 conspectu
1562 3282 1819 3333 oculorum

240 3383 467 3421 nieorum
486 3406 501 3433 ,
523 3378 711 3421 cessate
738 3385 771 3421 a
795 3370 1027 3437 nequitiis
1048 3373 1241 3425 vestris.
1270 3370 1486 3424 Virtutis
1512 3373 1817 3428 facilitatem

241 3455 494 3520 ostendit,
536 3465 590 3511 et
629 3459 902 3525 potestatis
948 3459 1257 3526 arbitrium,
1304 3464 1424 3532 quia
1472 3479 1634 3533 penes
1673 3466 1817 3533 ipsos

239 3556 432 3600 eratut
459 3556 803 3602 mutarentur.
853 3550 940 3603 17.
989 3549 1176 3605 Discite
1210 3553 1391 3606 bonum
1433 3558 1614 3622 facere.
1640 3554 1817 3623 Usque

240 3637 451 3691 adeoex
470 3639 662 3707 ingenti
684 3640 875 3693 malitia
893 3641 1105 3695 virtutis
1127 3643 1477 3711 cognitionem
1491 3644 1811 3710 abjecerant.

238 3726 325 3779 Sic
345 3735 399 3779 et
434 3726 691 3795 propheta
723 3728 883 3782 David
924 3729 1052 3782 dicit
1081 3747 1095 3783 :
1137 3730 1324 3795 Venite,
1356 3732 1470 3797 ﬁlii,
1510 3733 1681 3784 audite
1703 3750 1815 3785 me:

241 3816 468 3868 timorem
520 3815 723 3870 Domini
775 3817 956 3870 docebo
998 3834 1083 3870 vos
1130 3818 1317 3888 (Psal.
1368 3822 1456 3874 55.
1508 3820 1630 3891 12).
1660 3822 1814 3875 Omni

240 3906 436 3973 quippe
465 3906 681 3960 scientia
712 3908 824 3960 llaec
851 3908 1093 3976 superior
1126 3918 1227 3975 est,
1254 3925 1369 3978 quae
1395 3925 1460 3963 eo
1488 3912 1671 3979 majori
1696 3920 1816 3979 eget

238 3995 434 4060 studio,
462 3996 599 4064 quod
626 3997 771 4065 plura
788 3997 979 4051 habeat
1000 3999 1394 4067 impedimenta,
1410 4010 1609 4053 natura-
1625 4017 1817 4070 nempe

240 4087 592 4156 tyrannidem,
626 4088 773 4141 liberi
794 4088 995 4142 arbitrii
1027 4089 1309 4158 ignaviam,
1355 4092 1654 4145 daemonum
1689 4092 1817 4145 insi-

238 4174 373 4239 dias,
422 4175 745 4243 negotiorum
796 4176 1023 4229 turbam.
1064 4178 1148 4230 Sic
1178 4187 1232 4231 et
1262 4178 1463 4231 Baruch
1497 4196 1510 4233 :
1544 4179 1640 4230 Hic
1676 4177 1816 4231 Deus

240 4275 439 4328 noster;
484 4282 583 4319 non
624 4267 935 4336 reputabitur
959 4268 1089 4319 alius
1128 4268 1196 4319 ad
1221 4270 1574 4321 eum:invenit
1619 4286 1814 4321 onmem

237 4359 369 4409 viam
396 4357 632 4409 scientias.
660 4355 922 4425 Exquirite
945 4358 1189 4422 judicium
1220 4357 1475 4428 (Baruch.
1506 4359 1559 4412 '5.
1579 4360 1664 4413 543.
1690 4360 1755 4412 37
1773 4362 1811 4427 ).

241 4448 351 4502 lloc
385 4458 485 4513 est,
518 4449 720 4517 injuriis
764 4448 982 4501 affectos
1010 4450 1211 4511 ulcisci,
1241 4465 1340 4518 qna
1367 4452 1417 4503 in
1450 4466 1505 4504 re
1533 4451 1696 4504 multo
1734 4454 1813 4503 la-

240 4542 367 4594 bore
398 4549 451 4594 et
480 4541 615 4609 vigili
653 4540 829 4593 animo
870 4549 953 4594 est
976 4555 1128 4607 opus.
1166 4539 1284 4593 Ideo
1332 4542 1485 4605 dixit,
1531 4540 1811 4606 Exquirite.

237 4631 396 4685 Multa
445 4632 585 4685 enim
629 4641 767 4696 sunt,
820 4646 938 4700 qum
978 4630 1232 4699 justitiam
1278 4632 1581 4695 obscurent,
1627 4647 1815 4699 nempe

238 4725 407 4787 dona,
446 4724 733 4791 ignorantia
754 4764 768 4785 ,
811 4724 1065 4790 potentia,
1098 4722 1267 4791 pudor
1288 4763 1302 4787 ,
1337 4724 1526 4787 timor,
1561 4739 1813 4791 persona-

238 4829 353 4868 rum
403 4812 605 4875 cultus;
655 4827 717 4865 ac
758 4812 922 4864 multa
970 4826 1106 4878 Opus
1149 4822 1229 4865 cst
1272 4814 1557 4881 vigilantia.
1591 4813 1815 4866 Liberale

237 4919 351 4957 eum
378 4902 467 4971 qui
494 4902 678 4967 iniuria
729 4901 958 4969 afﬁcitur.
992 4901 1100 4955 lloc
1129 4901 1298 4969 majus
1339 4912 1419 4955 est
1462 4903 1635 4970 priore
1670 4918 1811 4957 :non

236 4996 377 5049 enim
402 4994 561 5062 exigit
589 5002 642 5046 ut
663 4992 803 5061 justa
845 4992 1218 5058 decernautur,
1265 4994 1356 5047 sed
1404 5004 1461 5047 ut
1505 4994 1571 5047 ad
1615 4995 1812 5048 exitum

236 5088 397 5140 etiam
430 5084 796 5154 perducantur.
848 5083 1083 5136 Judicale
1128 5086 1394 5153 pupillum,
1448 5094 1493 5137 et
1536 5085 1815 5155 justi/Scuta

237 5178 456 5230 viduam.
489 5174 699 5227 Multam
734 5172 893 5227 habet
916 5175 1174 5228 rationem
1223 5176 1380 5239 Deus,
1434 5192 1500 5229 ne
1551 5175 1809 5243 quiSpiam

238 5269 375 5323 male
400 5268 657 5338 patiatur;
682 5265 933 5335 majorem
960 5281 1104 5330 vero,
1135 5282 1249 5319 cum
1272 5267 1305 5319 ii
1332 5267 1419 5334 qui
1452 5268 1584 5319 male
1607 5267 1813 5334 patiun-

297 5429 314 5459 ³
350 5426 408 5475 In
428 5433 604 5483 Graeco,
642 5435 744 5485 7.?9-qv
768 5432 833 5482 τὰς)
856 5435 990 5485 Atium,
1027 5431 1085 5485 8_xt
1124 5430 1216 5485 ὅλως.
1236 5428 1283 5469 δι’
1308 5431 1390 5469 ὅλου
1414 5438 1463 5479 τῷ
1498 5434 1669 5482 προοιμίῳ
1700 5436 1809 5469 τοῦτο

232 5502 430 5549 «μάθω.
454 5481 613 5543 Porro,
632 5481 1013 5549 juxta’Boisium,
1041 5481 1301 5549 legendum
1328 5489 1419 5549 est,
1440 5492 1545 5549 ῥλος,
1565 5481 1666 5549 pro,
1684 5493 1809 5549 sum,

234 5542 301 5603 ei,
330 5561 474 5609 "tm,
501 5542 607 5609 pro,
632 5542 763 5609 Q6530,
792 5550 839 5609 et
862 5546 930 5609 sic
953 5542 1127 5609 sensus
1164 5543 1321 5609 evadit
1342 5542 1527 5598 clarior,
1572 5542 1809 5603 siquidem

230 5600 341 5659 talis
367 5600 442 5657 esi
463 5600 479 5655 Ξ
504 5600 616 5655 ῖιωίι
639 5600 762 5656 enim
786 5604 893 5653 diri
916 5604 1041 5663 quod
1067 5610 1188 5652 totus
1214 5603 1445 5659 Psalmns,
1480 5600 1659 5663 nempe
1684 5609 1808 5649 XLIX

232 5671 293 5720 de
315 5682 573 5779 quosurra
601 5670 784 5718 locutus
808 5674 901 5724 est,
928 5663 1038 5714 huic
1056 5663 1284 5727 prowmio
1302 5664 1470 5715 similis
1495 5664 1555 5716 sit
1584 5676 1601 5713 .'
1628 5676 1806 5725 nempe

233 5744 463 5779 vrommo
508 5743 639 5779 sane.

233 5731 463 5792 vrodunio
486 5731 639 5779 lsaiae.

1939 498 2042 555 tur,
2074 492 2172 550 alia
2202 493 2508 552 circumdati
2535 510 2654 554 sunt
2674 503 2991 560 calamitate.
3034 509 3262 566 Viduitas
3282 520 3419 569 enim
3447 528 3503 572 et

1938 584 2203 651 pupillaris
2238 594 2363 639 actas
2391 602 2487 655 per
2512 604 2569 643 se
2597 602 2719 645 sunt
2740 594 3094 651 intolerabiles
3124 617 3137 654 :
3170 615 3289 655 cum
3319 607 3502 654 autem

1935 677 2000 725 ab
2027 676 2141 727 aliis
2168 676 2360 731 damno
2386 680 2717 746 afficiuntur,
2769 695 2891 739 tunc
2936 688 3127 755 duplex
3166 702 3248 747 est
3290 696 3503 748 naufra-

1935 766 2095 833 gium.
2132 768 2215 821 18.
2249 769 2313 820 Et
2353 772 2539 835 venite,
2591 784 2638 824 et
2676 774 3023 842 disceptemus,
3074 781 3192 833 dicit
3236 781 3495 835 Dominus.

1934 857 2327 911 Observandum
2359 871 2438 914 est
2469 862 2657 929 ubique
2683 865 2815 933 apud
2854 869 3136 933 prephetas
3166 870 3292 925 nihil
3339 874 3499 927 Deum

1936 950 2003 1002 ita
2027 954 2315 1015 requirere,
2348 968 2501 1021 quam
2527 962 2581 1006 ut
2616 955 2801 1022 injuria
2838 957 3005 1011 affecti
3037 961 3383 1019 vindicentur.
3416 966 3498 1019 Sir

1934 1050 1985 1091 et
2038 1039 2193 1101 alibi,
2245 1049 2301 1093 ut
2348 1043 2483 1109 apud
2539 1043 2809 1097 Miclueam
2835 1046 3130 1103 dicentibus
3171 1051 3364 1107 Judzeis
3397 1071 3410 1106 :
3442 1056 3501 1110 Si

1934 1128 2061 1179 dabo
2087 1129 2412 1197 primogenita
2443 1147 2549 1183 mea
2576 1149 2666 1199 pro
2707 1134 2956 1201 impietate
2980 1155 3107 1203 mea,
3136 1144 3349 1209 fructum
3376 1149 3502 1197 uteri

1934 1218 2027 1271 mei
2054 1235 2145 1286 pro
2166 1228 2365 1285 peccato
2389 1222 2568 1273 animle
2597 1238 2719 1274 mete
2738 1223 2915 1292 (Mica.
2943 1226 2993 1279 6.
3018 1229 3068 1281 7.
3095 1230 3173 1298 8),
3197 1232 3494 1299 subjunxit:

1933 1310 2250 1363 Annuntiabo
2278 1311 2382 1375 tibi,
2412 1313 2577 1375 homo,
2603 1315 2721 1380 quid
2741 1316 2803 1367 sit
2826 1316 3025 1381 bonum,
3049 1330 3094 1372 et
3117 1323 3236 1390 quid
3260 1322 3499 1378 Dominus

1932 1402 2149 1470 requirat
2185 1420 2215 1453 α
2245 1413 2307 1463 te,
2338 1403 2434 1455 nisi
2461 1414 2514 1453 ut
2540 1406 2698 1473 facias
2712 1407 2983 1473 judicium,
3015 1419 3062 1461 et
3098 1412 3277 1482 diligas
3303 1416 3495 1468 miseri-

1931 1490 2175 1555 cordiam,
2203 1501 2248 1542 et
2275 1502 2480 1560 paratus
2506 1498 2573 1544 sis
2600 1494 2665 1545 ad
2688 1494 3044 1549 ambulandum
3075 1511 3184 1566 post
3228 1501 3495 1556 Dominum

1932 1580 2093 1633 Deum
2114 1591 2270 1633 tuum.
2301 1584 2375 1634 Ac
2404 1598 2585 1637 rursus
2635 1585 2884 1653 propheta
2920 1588 3079 1642 David
3123 1590 3329 1645 dicebat
3357 1610 3369 1645 :
3399 1593 3497 1646 Mi-

1930 1672 2249 1724 sericordiam
2284 1684 2327 1725 et
2364 1674 2613 1741 judicium
2657 1676 2863 1728 cantabo
2917 1680 3022 1741 tibi,
3079 1679 3291 1734 Domine
3318 1683 3492 1753 (Psal.

1933 1764 2052 1817 100.
2094 1766 2175 1833 ι).
2211 1764 2277 1817 Et
2308 1766 2483 1817 venite.
2516 1766 2793 1834 Postquam
2837 1768 3301 1833 justilicationibus
3354 1789 3496 1827 com-

1932 1857 2171 1919 munivit,
2199 1865 2318 1909 tunc
2364 1855 2428 1909 ad
2459 1856 2682 1909 tribunal
2713 1857 2869 1910 trahit
2899 1876 2912 1912 :
2943 1869 2992 1911 et
3019 1870 3291 1929 postquam
3321 1864 3496 1917 docuit

1928 1947 2191 2016 quomodo
2220 1947 2437 2001 crimina
2462 1957 2675 2012 exuant,
2711 1956 2831 2001 tunc
2878 1951 3105 2003 rationes
3140 1955 3398 2018 exposuit,
3431 1970 3495 2009 ne

1931 2038 2045 2089 illos
2075 2037 2379 2089 defensione
2423 2039 2699 2090 deSlillllus
2740 2041 3129 2106 reprehendens
3158 2042 3492 2097 condemnet.

1932 2127 1994 2179 Et
2022 2128 2367 2195 disceptemus.
2408 2129 2611 2181 Judicio
2636 2131 3031 2195 contendamus,
3071 2134 3141 2184 ait
3169 2135 3204 2184 ¹.
3230 2134 3327 2200 Qui
3350 2136 3493 2202 judi-

1926 2219 2008 2271 cio
2029 2219 2295 2271 contendit
2338 2219 2395 2271 lit
2426 2228 2673 2286 patronus
2718 2228 2770 2273 et
2817 2221 3068 2274 medicus.
3126 2223 3323 2277 Deinde
3374 2240 3492 2279 eum

1927 2309 2250 2364 declarasset
2279 2322 2375 2361 nos
2402 2310 2605 2362 etiamsi
2649 2325 2832 2378 magna
2864 2325 3022 2377 opera
3071 2312 3367 2377 fecerimus,
3396 2318 3485 2367 ad-

1927 2400 2027 2451 huc
2054 2400 2167 2466 ejus
2196 2399 2471 2452 clementia
2499 2414 2630 2465 opus
2653 2397 2867 2463 habere,
2902 2410 2957 2452 ut
3007 2415 3036 2453 a
3086 2403 3311 2467 peccatis
3364 2404 3437 2455 lib
3456 2425 3493 2443 --

1927 2504 2123 2549 remur,
2156 2489 2228 2539 ait
2258 2505 2271 2538 :
2303 2488 2362 2541 Si
2391 2489 2573 2556 fuerint
2614 2499 2814 2557 peccata
2842 2498 2999 2540 vestra
3027 2491 3151 2541 sicut
3178 2493 3489 2555 vermiculus,

1924 2578 2067 2647 quasi
2088 2578 2243 2629 nivem
2280 2577 2519 2630 dealbabo
2546 2592 2564 2629 :
2588 2592 2651 2630 ex
2683 2577 2941 2630 diametro
2968 2581 3235 2647 Oppositus
3268 2582 3490 2648 qualita-

1927 2679 2005 2723 tes
2031 2683 2321 2732 assumens,
2369 2669 2731 2737 pollicitusque
2764 2682 2823 2721 se
2850 2669 2900 2720 in
2928 2671 3253 2722 contrarium
3299 2671 3346 2723 id
3380 2689 3493 2722 tnu-

1926 2768 2169 2812 taturum.
2202 2760 2263 2811 Si
2294 2769 2456 2811 autem
2483 2771 2533 2811 ut
2574 2759 2847 2823 coccinum,
2870 2761 3011 2828 quasi
3040 2760 3206 2812 lauant
3232 2761 3488 2813 dealbabo.

1925 2850 2107 2917 Magna
2154 2850 2231 2901 vis
2286 2849 2511 2917 przcsidii
2567 2863 2687 2915 erga
2737 2848 2918 2900 viduas
2946 2847 3182 2905 exliEbiti.
3234 2849 3488 2917 siquidem

1923 2942 2151 2994 animam
2180 2942 2244 2993 ita
2272 2940 2558 2998 sordidam.
2604 2948 2657 2991 ut
2697 2939 2942 3007 nequitiae
2973 2938 3248 2992 tincturam
3278 2956 3493 3009 accepe-

1926 3035 2011 3098 rit,
2045 3049 2148 3086 nou
2178 3034 2335 3085 modo
2367 3033 2548 3085 liberat
2579 3047 2605 3084 a
2632 3032 2847 3094 malitia,
2892 3031 2983 3085 sed
3023 3033 3177 3085 etiam
3225 3033 3289 3084 ita
3317 3034 3493 3100 splen-

1923 3126 2097 3179 didam
2137 3127 2311 3178 cflicit.
2346 3126 2427 3179 l9.
2463 3124 2525 3175 Et
2568 3125 2610 3177 si
2655 3123 2933 3186 volueritis,
2964 3133 3009 3176 et
3037 3125 3233 3177 exaudit
3250 3126 3355 3176 ritis
3392 3141 3490 3186 me,

1924 3218 2052 3270 bona
2105 3231 2249 3270 terra:
2293 3216 2573 3269 comedetis.
2609 3214 2697 3267 ΞΟ.
2756 3212 2815 3267 Si
2863 3223 3029 3265 autem
3085 3214 3359 3277 nolueritis,
3406 3232 3493 3266 nec

1924 3309 2243 3363 cxaudierilis
2263 3324 2357 3369 me,
2390 3308 2587 3376 gladius
2608 3304 2858 3357 devorabit
2888 3319 2991 3355 vos.
3027 3304 3095 3355 0s
3120 3305 3249 3355 enim
3290 3303 3494 3355 Domini

1925 3402 2185 3465 loqttulunt
2236 3410 2305 3451 est
2337 3401 2459 3451 litvo.
2507 3397 2637 3463 Quia
2692 3398 2830 3449 enim
2880 3392 3226 3450 crassioribus
3271 3411 3371 3447 non
3424 3396 3491 3448 ita

1924 3491 2152 3558 optabile
2178 3499 2227 3543 et
2250 3487 2538 3555 jucundum
2568 3486 2770 3539 videtur
2791 3485 2999 3539 liberari
3022 3499 3049 3537 a
3080 3484 3490 3551 pecc:tlis.qttani

1924 3580 1987 3633 iis
2009 3580 2106 3632 frui
2153 3580 2324 3642 bOnis,
2357 3594 2472 3646 qua:
2509 3577 2559 3629 in
2605 3577 2849 3645 priesenti
2881 3575 2981 3626 vita
3011 3574 3131 3627 talia
3159 3589 3275 3627 esse
3307 3574 3492 3626 viden-

1924 3680 2039 3733 tur,
2072 3684 2191 3723 cum
2223 3668 2324 3720 illis
2356 3667 2466 3720 lucc
2498 3667 2656 3719 etiam
2702 3663 2954 3733 promittit
2981 3681 2995 3717 :
3025 3678 3141 3714 nam
3174 3664 3271 3715 hoc
3313 3677 3375 3715 ex
3405 3662 3493 3713 illo

1922 3759 2134 3828 pendet.

1992 3852 2041 3903 7.
2089 3849 2283 3903 Deinde
2312 3848 2597 3902 ostendens
2624 3862 2778 3915 quam
2807 3846 2973 3898 facilis
2996 3845 3063 3898 sit
3093 3846 3254 3896 virtus
3278 3885 3295 3907 ,
3318 3844 3367 3895 in
3400 3857 3494 3894 vo-

1923 3940 2123 3992 luntate
2148 3947 2349 3991 tantum
2382 3939 2521 3989 illam
2554 3937 2718 4005 poiait.
2754 3935 2817 3988 Ut
2846 3951 2912 3987 ne
2935 3945 3109 3986 autem
3142 3950 3203 3985 ex
3234 3935 3490 3985 bonorum

1921 4029 2424 4084 commemoratione
2451 4028 2655 4079 animos
2691 4026 2942 4085 solveret,
2974 4039 3152 4076 rursus
3194 4024 3242 4075 in
3278 4022 3488 4077 terribi-

1922 4121 2057 4176 libus
2080 4134 2377 4174 sermonem
2407 4116 2730 4171 concludeus
2749 4156 2761 4173 .
2792 4115 2949 4167 litlcm
2982 4113 3105 4166 facit
3136 4113 3245 4180 ejus
3274 4113 3445 4165 virtuti
3474 4156 3488 4177 ,

1922 4213 2007 4281 qui
2052 4210 2165 4263 lucc
2209 4207 2581 4276 pronuntiavit.
2631 4205 2719 4259 21.
2766 4204 3027 4270 Quomodo
3066 4208 3197 4272 facta
3230 4213 3300 4255 est
3336 4219 3493 4256 mere-

1922 4305 2022 4357 trix
2050 4304 2222 4355 civitas
2248 4301 2411 4368 ﬁdelis
2441 4299 2608 4353 Sion?
2634 4296 2940 4364 Hujusmodi
2982 4296 3204 4363 qumstio
3231 4304 3283 4347 ct
3309 4294 3491 4346 dicen-

1922 4395 1987 4449 tis
2016 4392 2279 4455 dolorcm,
2304 4400 2357 4444 et
2392 4392 2658 4457 ingentem
2686 4386 2987 4439 Iudaeorum
3015 4384 3371 4451 slupiditatetn
3395 4383 3488 4435 de-

1919 4488 2099 4547 clarat,
2121 4499 2335 4553 remque
2363 4492 2553 4550 printer
2576 4493 2722 4544 spem
2752 4477 3004 4529 accidisse
3033 4475 3219 4527 innuit.
3240 4474 3492 4527 Similiter

1920 4577 2112 4631 Paulus
2136 4576 2274 4627 circa
2303 4565 2518 4625 Galatas
2543 4567 2734 4620 dubius
2762 4565 3018 4632 exquirit:
3050 4564 3207 4616 Miror
3234 4564 3365 4629 quod
3392 4574 3491 4615 tant

1919 4668 2014 4719 cito
2040 4661 2396 4731 transferimini
2428 4657 2633 4729 (Galat.
2668 4656 2717 4708 i.
2748 4653 2815 4722 6)
2842 4672 2855 4707 :
2890 4654 2938 4706 id
2965 4654 3101 4722 quod
3132 4654 3407 4706 accusandi
3440 4666 3492 4705 et

1922 4754 2160 4807 hortandi
2204 4751 2407 4819 species
2436 4757 2517 4802 est
2556 4756 2611 4801 ut
2638 4746 2701 4799 ad
2731 4745 2978 4798 virtutem
3008 4752 3243 4797 revocet.
3276 4743 3487 4795 litiamsi

1920 4847 2059 4899 enim
2091 4845 2280 4896 mirum
2303 4851 2385 4896 est
2405 4841 2454 4894 id
2477 4838 2615 4909 quod
2643 4839 2854 4902 dicitur,
2884 4836 3037 4889 laude
3062 4846 3236 4888 tamen
3270 4836 3486 4887 mixtum

1920 4944 2019 4998 est,
2053 4936 2127 4987 sie
2157 4933 2547 4987 accusationem
2578 4928 2915 4982 accusatione
2950 4926 3242 4994 graviorem
3272 4926 3485 4978 iaciens.

1919 5024 2031 5077 Non
2060 5025 2198 5078 enim
2229 5024 2297 5075 ita
2328 5022 2651 5089 exagitamus
2681 5031 2774 5071 eos
2801 5018 2887 5085 qui
2918 5017 3113 5069 nullius
3145 5024 3267 5068 sunt
3315 5017 3488 5084 pretii,

1920 5115 2181 5183 vitamque
2209 5116 2393 5181 ignave
2424 5120 2603 5180 agunt,
2641 5119 2696 5163 ut
2734 5122 2826 5162 eos
2850 5108 2938 5177 qui
2967 5109 3107 5183 prius
3139 5108 3343 5161 virtutis
3370 5118 3481 5160 stn-

1920 5208 2051 5261 diosi
2100 5181 2430 5267 videbantur,
2481 5212 2534 5257 et
2587 5200 2945 5270 improborum
2992 5181 3239 5266 deinceps
3282 5215 3483 5253 murem

1918 5298 2122 5367 sequuti
2150 5306 2290 5351 sunt.
2323 5295 2653 5350 Meretricem
2677 5302 2854 5347 autem
2878 5292 2961 5345 hic
2983 5302 3152 5357 vocat,
3178 5307 3282 5345 non
3303 5307 3491 5361 corpo-

1970 5538 1984 5566 ¹
2014 5534 2065 5580 In
2106 5534 2227 5586 Reg.
2255 5534 2364 5589 post
2395 5538 2547 5586 graeca
2567 5523 2728 5589 verba.
2753 5522 3073 5589 δικᾳσώμεθα,
3098 5520 3253 5589 φῃσίν,
3288 5516 3420 5587 addit
3446 5531 3456 5563 :

1903 5598 1996 5642 Καὶ
2032 5596 2108 5640 ἐὰν
2152 5583 2267 5637 dictv
2305 5583 2435 5647 ὑμῶν
2466 5589 2512 5651 a._'t
2556 5583 2797 5652 ᾁμαρτίαι,
2835 5585 2898 5651 ᾡς
2933 5583 3203 5652 Ξοινηωξδνἰ
3227 5583 3303 5652 ὡς.
3328 5583 3462 5652 χιὸνς

1904 5639 2130 5701 habitauit).
2165 5639 2346 5697 Verum
2368 5660 2459 5693 nec
2486 5645 2532 5692 in
2560 5639 2709 5711 Savil.
2738 5639 3102 5711 necuin‘Morel.
3129 5639 3388 5699 habentur,
3412 5644 3465 5687 et

1905 5724 2263 5776 supervacanea
2290 5711 2368 5758 hic
2392 5718 2503 5757 esse
2525 5718 2585 5753 ex
2608 5704 2740 5755 serie
2765 5704 3011 5753 videntur.
