4044 6406
543 409 620 463 23
1287 389 1345 445 s.
1383 383 1660 443 JOANNIS
1695 368 2169 436 CHM'SOSTOMI
2204 369 2523 426 ABCHIEP.
2562 369 3088 427 CONSTANTINOP.
3349 339 3353 344 ’
3402 391 3407 395 -
3701 379 3769 431 24

537 526 682 567 ream
704 509 1045 566 subindicans
1069 501 1468 567 lasciviam,sed
1500 501 1758 569 ingratum
1787 509 1908 564 erga
1937 494 2102 547 Deum

541 601 794 664 animum,
827 614 946 668 qua:
979 597 1258 651 l'ornicatlo
1285 594 1495 664 gravior
1531 601 1611 645 est
1655 590 1760 643 illa.
1815 587 1923 641 Illic
1964 585 2105 639 enim

543 689 702 742 homo
739 687 1056 741 contumelia
1087 684 1333 749 afﬁcitur,
1367 682 1453 736 hic
1479 681 1621 735 Deus
1649 676 2016 733 contemnitur.
2051 672 2104 727 Id

543 788 717 831 autem
761 785 815 830 et
861 776 949 830 hic
997 785 1050 832 et
1080 775 1168 828 alii
1198 786 1385 827 omnes
1423 769 1692 840 propheta:
1730 766 1920 822 faciunt
1949 763 2104 832 :quia

551 864 688 920 Deus
717 865 890 919 mariti
923 865 1039 918 loco
1079 862 1200 918 huic
1244 860 1440 914 civitati
1494 857 1736 926 dignatus
1777 863 1859 909 est
1903 850 2104 914 haberi,

547 955 863 1010 ineffabilem
916 968 1063 1008 suam
1116 967 1240 1021 erga
1295 951 1414 1004 illos
1459 946 1790 1002 dilectionem
1838 957 2108 998 common-

545 1055 756 1098 strans:
790 1043 972 1111 illlque
997 1051 1054 1097 ut
1077 1042 1143 1095 de
1169 1042 1282 1094 viro
1309 1048 1362 1093 et
1391 1053 1555 1092 uxore
1575 1051 1714 1104 saepe
1735 1035 2104 1101 loquebantur,

547 1149 651 1190 non
681 1141 735 1188 ut
760 1133 811 1187 in
855 1132 1137 1186 humanam
1171 1129 1462 1184 crassitiem
1501 1140 1801 1181 sermonem
1841 1122 2107 1192 deprime-

546 1231 686 1288 rent,
715 1221 809 1278 sed
839 1228 896 1275 ut
929 1220 1045 1274 illos
1085 1233 1178 1287 per
1207 1232 1292 1272 res
1321 1217 1420 1271 sibi
1449 1215 1735 1270 familiares
1759 1212 1824 1265 ad
1854 1211 2111 1281 cognitio-

548 1326 668 1368 nem
695 1311 892 1366 amoris
935 1310 1028 1365 Dei
1057 1308 1378 1364 deducerent
1403 1322 1419 1371 ;
1449 1305 1601 1359 simul
1623 1318 1750 1359 vero
1775 1301 2109 1371 turpitudinis

540 1399 894 1473 appellatione
923 1400 1040 1455 illos
1062 1400 1327 1455 incessere
1348 1396 1611 1452 volebant.
1639 1394 1869 1458 Fidelis;
1901 1392 2000 1448 hoc
2027 1400 2108 1447 est

544 1493 650 1560 pia,
677 1499 730 1547 et
749 1491 891 1546 omni
915 1491 1106 1545 virtute
1131 1489 1307 1559 plena,
1336 1487 1476 1543 unde
1505 1486 1663 1542 etiam
1692 1485 1864 1554 palam
1886 1493 1967 1540 est
1987 1497 2108 1538 eum

546 1597 652 1637 non
691 1582 757 1638 de
786 1582 1130 1637 fornicatione
1173 1593 1427 1649 corporea
1461 1578 1646 1648 loqui;
1677 1577 1805 1632 alias
1852 1577 1990 1631 enim
2029 1576 2112 1629 di-

542 1675 730 1741 xisset,
757 1673 952 1729 Civitas
979 1681 1156 1738 casta;
1187 1670 1239 1726 id
1267 1671 1410 1726 enim
1438 1670 1622 1725 fuisset
1642 1669 1906 1723 meretrici
1943 1681 2110 1738 oppo‘

549 1765 706 1818 situm
733 1779 751 1817 :
780 1779 921 1820 nunc
963 1777 1139 1818 autem
1181 1762 1467 1818 ostendens
1505 1775 1563 1816 se
1589 1766 1682 1829 pe’r
1711 1759 2109 1814 fornicationem

544 1853 878 1908 subindicare
922 1855 1265 1921 impietatem,
1299 1851 1454 1906 ﬁdem
1491 1850 1590 1919 ipsi
1629 1849 1986 1904 adversariam
2013 1863 2110 1918 po-

545 1943 668 1996 suit.
718 1942 881 1997 Plena
917 1943 1138 2012 judicii;
1180 1943 1232 1996 id
1279 1951 1380 2006 est,
1432 1942 1586 2009 plena
1631 1941 1865 2009 justitiai.
1910 1940 2112 1995 Rursus

548 2031 833 2084 maximum
859 2032 1083 2098 crimen,
1113 2048 1217 2085 non
1239 2030 1377 2100 quod
1407 2030 1472 2085 ad
1502 2030 1800 2084 universam
1827 2029 2110 2098 nequitiam

550 2117 904 2182 defecissent,
952 2120 1044 2174 sed
1079 2120 1220 2189 quod
1255 2120 1547 2173 universam
1575 2119 1821 2172 virtutem
1851 2118 2110 2186 prodidis-

550 2215 687 2269 sent,
711 2216 764 2262 et
787 2224 971 2264 omnes
995 2209 1253 2264 bonorum
1284 2209 1490 2263 divitias
1510 2207 1788 2262 confertim
1811 2223 1842 2262 e
1871 2208 2113 2261 manibus

551 2297 885 2366 abiecissent,
925 2299 989 2352 ad
1029 2309 1318 2354 extremam
1346 2301 1604 2352 malorum
1635 2307 1994 2366 paupertatem
2023 2299 2115 2353 dc-

551 2387 696 2455 jecti.
722 2388 786 2442 In
819 2405 917 2457 qua
951 2390 1153 2459 justitia
1190 2389 1424 2458 requievit
1466 2391 1519 2442 in
1563 2406 1641 2442 ea.
1678 2389 1883 2452 Mansit,
1926 2389 2110 2456 inquit,

554 2476 824 2542 habitavit,
865 2478 918 2532 id
963 2487 1065 2542 est,
1114 2479 1346 2547 plantata
1388 2486 1488 2543 est,
1528 2478 1731 2532 radices
1767 2480 1966 2548 posuit,
1995 2494 2113 2532 cum

553 2566 822 2622 alacritate
864 2568 930 2622 ab
965 2567 1206 2622 omnibus
1244 2568 1448 2622 civibus
1490 2569 1851 2622 exercebatur.
1885 2568 1938 2622 Iu
1973 2571 2112 2637 prio-

555 2658 697 2712 ribus
719 2658 956 2712 laudibus
977 2660 1304 2722 immoratur,
1320 2659 1476 2712 simul
1507 2674 1702 2727 augens
1728 2661 2113 2713 accusationem

555 2747 623 2802 de
643 2748 947 2812 mutatione,
967 2757 1019 2802 et
1034 2748 1223 2802 bonam
1241 2763 1386 2816 spem
1409 2747 1713 2816 subjiciens,
1727 2749 2118 2819 ostendensque

557 2835 711 2891 facile
737 2837 879 2905 ipsos
905 2851 1059 2906 posse
1087 2838 1139 2891 in
1171 2838 1450 2906 pristinum
1482 2845 1675 2891 statum
1709 2838 1932 2892 restitui.
1968 2838 2120 2893 Nunc

556 2937 722 2980 autem
747 2928 1100 2995 interfectores.
1131 2927 1417 2982 Homicida:
1441 2969 1455 2992 ,
1487 2927 1578 2982 ait.
1606 2926 1694 2980 22.
1729 2927 2001 2998 Argentum
2035 2946 2117 2983 ve-

557 3024 717 3070 strum
753 3016 1034 3085 reprobum.
1063 3016 1117 3070 Id
1147 3024 1246 3081 est,
1275 3016 1410 3069 male
1435 3017 1695 3084 signatum
1716 3055 1730 3078 ,
1754 3016 2078 3085 illegitimum
2099 3059 2114 3084 ,

559 3107 769 3162 falsum.
800 3107 1060 3177 Caupones
1095 3109 1164 3160 tui
1187 3108 1391 3160 miscent
1416 3107 1584 3160 vinum
1609 3122 1758 3176 aqua.
1791 3105 1921 3173 Quia
1952 3107 2002 3161 in
2027 3124 2121 3162 ex-

558 3197 709 3251 ordio
732 3212 915 3253 eorum
947 3197 1231 3266 nequitiam
1265 3211 1369 3250 non
1401 3196 1671 3265 speciatim
1695 3198 1994 3263 recensuit;
2026 3197 2119 3252 sed

557 3287 633 3340 ait
657 3287 775 3342 illos
801 3285 1182 3355 contempsisse
1201 3326 1216 3351 ,
1248 3301 1430 3341 semen
1469 3285 1766 3353 improbum
1793 3299 1912 3340 esse
1934 3326 1948 3349 ,
1980 3295 2033 3340 et
2061 3287 2121 3339 ﬁ-

559 3377 658 3432 lios
695 3378 933 3446 iniquos,
969 3376 1104 3444 quod
1131 3377 1423 3430 convicium
1449 3375 1721 3430 videbatur
1759 3390 1877 3430 esse
1914 3377 2084 3445 potius

558 3484 715 3538 quam
755 3469 1065 3522 accusatio:
1107 3467 1192 3521 hic
1235 3467 1597 3522 accusationes
1643 3467 1913 3536 speciatim
1958 3482 2121 3522 enun-

562 3558 683 3623 tiat,
710 3568 764 3612 et
802 3557 970 3626 primo
989 3597 1004 3623 ,
1037 3557 1175 3626 quod
1208 3565 1288 3612 est
1316 3566 1368 3610 et
1396 3557 1620 3625 primum
1644 3557 1900 3611 malorum
1928 3565 1979 3611 et
2009 3572 2122 3612 mc-

561 3648 704 3704 dium
732 3657 786 3704 et
806 3657 1099 3702 extremum
1121 3689 1135 3714 ,
1167 3649 1436 3702 avaritiam
1459 3689 1472 3711 ,
1504 3657 1558 3703 et
1585 3648 1724 3702 circa
1756 3657 1904 3716 pacta
1931 3663 2124 3716 caupo-

563 3740 761 3793 nariam
788 3748 974 3792 artem.
1003 3738 1072 3792 At
1095 3738 1304 3805 quidam
1337 3737 1651 3791 ineli‘abilem
1677 3736 1770 3790 Dei
1811 3738 2119 3805 sapientiam

565 3843 668 3883 non
704 3829 1072 3894 intelligentes,
1116 3827 1215 3881 hoc
1240 3842 1333 3896 per
1362 3841 1632 3895 anagogen
1667 3825 1864 3880 dictum
1905 3841 2124 3894 accepe-

563 3928 704 3974 runt.
753 3918 933 3988 Neque
977 3920 1141 3978 enim.
1192 3918 1357 3983 aiunt,
1402 3933 1622 3986 magnus
1658 3917 1746 3971 ille
1792 3925 1845 3971 et
1886 3917 2123 3972 sublimis

564 4007 724 4062 Isaias
739 4008 803 4062 de
826 4007 1290 4062 nummulariorum
1307 4005 1533 4071 vafritie,
1548 4017 1597 4061 et
1615 4010 1680 4060 de
1699 4021 1992 4075 cauponum
2009 4023 2126 4061 cor-

563 4096 766 4164 ruptela
791 4097 1032 4165 loquutus
1059 4096 1242 4149 fuisset
1272 4113 1285 4148 :
1326 4094 1418 4148 sed
1446 4103 1723 4163 argentum
1757 4095 1838 4149 hic
1860 4095 1989 4149 dicit
2015 4096 2126 4149 elo-

566 4185 686 4252 quia
717 4185 807 4238 Dei
833 4223 846 4240 .
876 4194 927 4237 et
956 4185 1134 4237 vinum
1163 4183 1456 4238 doctrinam
1481 4223 1497 4247 ,
1537 4198 1694 4251 quam
1739 4184 2127 4252 permiscebant

565 4289 688 4328 suas
725 4274 979 4328 addentes
1005 4275 1326 4343 disciplinas.
1363 4273 1475 4343 Ego
1501 4291 1630 4330 vero
1658 4275 1793 4330 hanc
1814 4278 2124 4346 explicatio-

565 4379 685 4417 nem
731 4378 836 4418 non
885 4364 1159 4431 improbo,
1190 4363 1284 4417 sed
1325 4365 1498 4417 aliam
1525 4365 1784 4418 veriorem
1827 4381 1944 4420 esse
1984 4367 2123 4421 dico.

564 4452 678 4506 Non
707 4452 865 4506 modo
890 4453 1029 4507 enim
1058 4467 1161 4506 non
1191 4453 1462 4522 indignum
1488 4454 1746 4522 prepheta
1767 4463 1820 4507 et
1847 4454 1912 4507 de
1939 4457 2128 4510 talibus

569 4543 732 4611 loqui,
762 4543 854 4596 sed
881 4542 1032 4597 valde
1053 4543 1266 4612 dignum
1295 4552 1348 4596 et
1378 4543 1466 4596 illo
1493 4552 1550 4597 et
1582 4542 1676 4596 Dei
1703 4543 2044 4612 benignitate.
2065 4546 2129 4600 Et

564 4633 690 4702 quid
733 4645 866 4700 opus
906 4641 990 4686 est
1032 4632 1193 4684 multa
1231 4631 1457 4686 dicere?
1485 4631 1617 4686 Cum
1661 4633 1801 4686 enim
1829 4633 2129 4701 unigenitus

569 4724 659 4778 Dei
683 4723 846 4776 Filius
872 4722 1149 4776 sublimem
1171 4721 1395 4775 alierens
1415 4721 1704 4777 doctrinam
1728 4722 1958 4790 advenit,
1982 4739 2131 4777 cum-

566 4829 668 4882 que
693 4813 983 4881 angelicum
1008 4811 1131 4864 vita:
1169 4811 1464 4864 institutum
1505 4811 1942 4866 disseminaturus
1963 4822 2126 4877 esset,

568 4916 671 4954 non
717 4915 879 4970 pauca
928 4909 979 4953 et
1008 4902 1118 4968 ipse
1161 4899 1226 4953 de
1273 4899 1537 4954 mensuris
1573 4900 1838 4962 disseruit,
1873 4902 2040 4971 deque
2068 4904 2130 4956 iis

567 5006 685 5055 quae
727 4991 912 5043 viliora
963 4991 1278 5044 videbantur
1313 5006 1453 5055 esse,
1500 4991 1567 5044 de
1614 4991 2034 5056 salutationibus,
2064 4995 2131 5048 de

567 5081 742 5134 medio
792 5081 908 5135 loco
945 5082 1039 5150 (α),
1086 5082 1153 5136 de
1201 5083 1372 5151 primo
1415 5082 1676 5136 accubitu.
1718 5082 1846 5136 Nam
1876 5083 1986 5138 Iizec
2015 5101 2131 5154 qua:

568 5174 752 5241 exigua
786 5173 1034 5226 videntur
1057 5189 1192 5236 esse,
1228 5176 1270 5228 si
1314 5175 1660 5244 negligantur,
1689 5177 1859 5244 magni
1892 5188 2132 5246 peccato-

569 5277 684 5315 rum
719 5262 924 5317 fomites
961 5273 1100 5317 snut.
1133 5264 1283 5329 Quod
1312 5265 1355 5317 si
1400 5265 1449 5317 iu
1482 5265 1626 5318 Novo
1657 5265 1991 5319 Testamento
2021 5268 2133 5322 lucc

631 5394 702 5454 (α)
737 5393 788 5441 in
809 5401 983 5449 Grave,
1008 5414 1205 5455 almis...
1231 5403 1339 5443 mre
1361 5404 1495 5443 recte
1522 5404 1650 5444 notat
1674 5398 1869 5445 Savilitts
1890 5398 2094 5446 hocim‘o
2118 5415 2128 5447 :

577 5471 597 5496 ε
620 5473 818 5517 nuagpy
842 5455 1021 5517 medios
1045 5457 1250 5506 incessus
1288 5456 1522 5516 signiﬁcat
1551 5472 1561 5503 :
1592 5458 1671 5517 qui
1722 5457 1850 5506 locus
1896 5468 1969 5506 est
2011 5463 2132 5507 inter

569 5513 904 5577 ambulandum
931 5513 1352 5564 honoratissimus}
1379 5518 1489 5564 inde
1519 5513 1632 5564 illud
1664 5518 1964 5577 Itnperntm‘is
1987 5521 2041 5566 ad
2078 5522 2133 5566 II-

572 5575 760 5622 Iiertntn
784 5588 922 5622 suum
949 5578 1074 5622 inter
1097 5577 1216 5624 duos
1238 5585 1490 5625 senatores
1530 5575 1741 5626 medium
1770 5579 2092 5629 ambulantem
2119 5595 2130 5628 :

575 5647 730 5756 Ergo:
755 5642 797 5744 lg
821 5635 964 5745 ﬁnget
985 5635 1108 5685 inter
1130 5650 1208 5686 eos
1238 5637 1442 5686 medium
1475 5638 1714 5695 incedere,
1741 5653 1939 5702 quorum
1975 5655 2135 5690 servus

723 5704 766 5744 οἰ
797 5709 819 5742 l'
882 5731 894 5745 .
927 5712 948 5738 1

723 5704 862 5745 οῐενιδ
882 5704 906 5745 ἶ
927 5712 948 5738 ν

2214 482 2485 553 dirigenda
2513 493 2684 550 erant,
2714 484 2881 538 multo
2911 485 3079 553 magis
3105 485 3157 538 in
3181 484 3381 550 Veteri,
3405 484 3630 557 quando
3650 498 3796 538 cras-

2210 576 2380 630 siores
2409 576 2677 629 auditores
2707 583 2882 640 erant,
2911 585 2965 630 et
2995 583 3100 630 tota
3123 576 3332 630 illorum
3355 578 3477 631 vitae
3497 577 3644 632 ratio
3668 577 3796 634 hinc

2214 664 2511 734 regebatur,
2534 678 2653 717 cum
2677 664 2902 733 populus
2931 664 3014 719 his
3038 665 3207 734 magis
3229 665 3555 731 erudiretur,
3579 674 3641 719 ut
3670 681 3798 733 pro-

2211 755 2296 808 cul
2317 755 2462 807 omni
2493 753 2725 821 nequitia
2754 763 2917 820 esset,
2944 763 2998 809 et
3027 756 3080 809 in
3124 755 3272 810 nullo
3308 757 3613 824 proximum
3648 750 3794 806 frauo

2212 843 2382 905 daret,
2419 858 2590 912 neque
2626 859 2720 912 per
2758 845 2948 898 malam
2979 845 3121 898 illam
3167 847 3543 914 cauponariam
3587 858 3795 914 paupe-

2213 933 2382 986 riores
2403 935 2744 1002 opprimeret.

2283 1021 2336 1076 8.
2366 1021 2458 1076 His
2495 1037 2721 1092 namque
2764 1023 3017 1093 neglectis
3061 1039 3203 1094 saepe
3230 1026 3467 1080 civitates
3494 1029 3798 1090 subversae,

2213 1121 2266 1164 et
2295 1111 2558 1180 principes
2585 1111 2652 1166 de
2678 1113 2812 1167 solio
2835 1113 3098 1168 deturbati
3119 1124 3261 1180 sunt,
3285 1115 3525 1184 bellaque
3557 1116 3803 1183 inexpia-

2217 1200 2339 1254 bilia
2388 1202 2638 1256 suscitata
2681 1218 2695 1255 :
2731 1203 3177 1270 quemadmodum
3218 1205 3301 1258 his
3341 1206 3642 1260 observatis
3693 1223 3796 1275 pax

2216 1291 2378 1346 multa
2405 1301 2458 1348 et
2487 1293 2836 1362 tranquillitas
2866 1293 2982 1358 fuit,
3010 1310 3215 1350 necnon
3243 1297 3500 1352 securitas
3525 1297 3598 1352 ad
3631 1298 3801 1352 virtu-

2216 1391 2322 1438 tem
2367 1383 2653 1439 deducens.
2696 1383 2785 1440 25.
2820 1383 3084 1454 Principes
3127 1387 3201 1440 tui
3241 1387 3618 1458 inobsequentes
3656 1400 3798 1444 sunt.

2215 1474 2454 1530 Maxima:
2519 1474 2843 1545 aegritudinis
2887 1483 2942 1530 et
2993 1478 3349 1546 perversitatis
3407 1479 3621 1548 signum
3675 1492 3796 1548 est,

2215 1566 2425 1637 quando
2446 1565 2635 1621 medici
2665 1569 2878 1622 morbos
2901 1566 3163 1636 adaugent
3185 1569 3284 1640 (α).
3313 1570 3618 1640 Principum
3651 1574 3797 1625 enim

2216 1668 2298 1715 est
2325 1660 2499 1728 populi
2528 1659 2812 1714 dissolutos
2851 1675 3028 1714 mores
3056 1676 3413 1730 compescere,
3457 1672 3604 1718 recte
3654 1664 3803 1718 ordi-

2217 1765 2363 1814 nare,
2389 1752 2662 1820 ipsumque
2683 1751 2886 1819 legibus
2908 1751 3356 1820 obtemperantem
3383 1755 3648 1809 reddere:
3674 1770 3798 1810 cum

2216 1848 2390 1894 autem
2422 1842 2516 1907 ipsi
2538 1841 2692 1910 primi
2721 1842 2864 1910 leges
2890 1843 3363 1910 transgrediuntur,
3383 1844 3655 1914 quomodo
3675 1846 3798 1900 aliis

2216 1928 2460 1983 doctores
2503 1929 2730 1986 fuerint?
2771 1931 2903 1983 Illud
2939 1933 3105 1999 enim,
3149 1932 3530 2002 lnobsequentes
3567 1945 3711 2002 sunt,
3745 1936 3797 1990 id

2218 2031 2316 2086 est,
2347 2022 2460 2076 Non
2489 2023 2849 2091 obsequuntur
2878 2023 3000 2092 legi,
3035 2033 3293 2092 princepta
3316 2041 3420 2079 non
3449 2036 3669 2080 servant
3693 2042 3707 2080 :
3744 2027 3795 2081 id

2217 2112 2356 2180 quod
2380 2113 2535 2166 etiam
2568 2113 2760 2167 Paulus
2785 2113 2912 2181 ipsis
2940 2114 3145 2167 crimini
3173 2115 3262 2167 dat
3286 2115 3465 2169 dicens
3495 2133 3508 2168 :
3544 2117 3645 2182 Qui
3673 2133 3797 2186 ergo

2217 2201 2372 2254 alium
2397 2201 2561 2263 doces,
2590 2204 2800 2266 teipsum
2833 2217 2934 2254 non
2959 2203 3105 2255 doces
3131 2202 3301 2273 (Rom.
3324 2205 3377 2256 2.
3402 2205 3538 2270 2|)?
3565 2205 3796 2272 Quando

2218 2305 2344 2358 ergo
2376 2290 2524 2344 radix
2552 2299 2798 2358 corrupta
2828 2289 3003 2352 fuerit,
3035 2292 3102 2345 de
3140 2294 3300 2347 ramis
3324 2293 3446 2362 quid
3479 2294 3600 2348 boni
3624 2296 3796 2362 conji-

2219 2379 2366 2431 cias?
2394 2379 2532 2433 Socii
2561 2383 2750 2447 furum.
2784 2379 3034 2434 Accessio
3058 2380 3309 2446 criminis,
3334 2382 3471 2450 quod
3490 2399 3593 2437 non
3615 2385 3795 2438 solum

2222 2469 2356 2521 mala
2389 2483 2490 2522 nOn
2521 2478 2818 2532 coerceant,
2861 2469 2955 2524 sed
2994 2479 3215 2524 conatus
3241 2470 3294 2524 in
3319 2474 3639 2528 contrarium
3671 2490 3796 2530 ver-

2222 2567 2350 2623 tant,
2394 2558 2496 2612 non
2529 2559 2685 2611 modo
2724 2560 2864 2613 fures
2911 2575 3016 2614 non
3058 2571 3378 2632 Oppugnent,
3429 2565 3522 2620 sed
3567 2575 3621 2620 et
3664 2567 3795 2636 ipsis

2217 2647 2523 2716 jungantur,
2555 2663 2618 2701 ex
2648 2647 2908 2702 diametro
2946 2651 3242 2718 oppositam
3279 2653 3455 2707 virtuti
3497 2655 3793 2723 principum

2224 2738 2505 2804 nequitiam
2536 2738 2811 2792 adeuntes.
2845 2738 3117 2808 Diligentes
3145 2757 3372 2794 munera.
3411 2742 3586 2798 Altera
3617 2747 3796 2814 gravis

2223 2825 2426 2892 species
2451 2824 2602 2879 famis
2625 2827 2759 2890 auri,
2791 2841 2906 2894 quin
2936 2826 3166 2881 fucatum
3196 2831 3405 2896 quidem
3447 2833 3605 2887 habet
3638 2849 3798 2903 argu-

2223 2922 2478 2979 mentum,
2513 2915 2607 2969 sed
2654 2915 3031 2970 benevolentia:
3058 2918 3274 2972 obtentu
3302 2929 3590 2975 extremam
3622 2925 3798 2978 avari-

2224 3005 2347 3057 tiam
2397 3004 2591 3074 prodit.
2645 3004 3003 3075 Persequentes
3048 3008 3440 3064 retributionem.
3488 3011 3792 3067 Memoriam

2224 3094 2531 3162 injuriarum
2558 3110 2682 3165 erga
2731 3095 2973 3153 inimicos
3001 3108 3292 3164 servantes,
3323 3101 3459 3155 mala
3503 3103 3795 3160 retribuere

2224 3194 2480 3239 conantur
2508 3186 2572 3241 iis
2597 3187 2684 3255 qui
2711 3201 2768 3241 se
2797 3187 2984 3257 injuria
3011 3189 3316 3256 affecerunt,
3343 3208 3460 3261 qua:
3505 3203 3587 3249 est
3611 3195 3795 3266 ingens

2225 3276 2436 3328 malitiae
2481 3277 2684 3343 species
2722 3294 2737 3330 :
2776 3278 3119 3345 quamobrem
3165 3296 3268 3334 non
3312 3283 3364 3335 in
3405 3282 3552 3337 Novo
3593 3294 3794 3341 tantum

2226 3366 2584 3430 Testamento,
2617 3367 2710 3421 sed
2733 3368 2888 3421 etiam
2920 3368 2972 3422 in
3002 3369 3202 3435 Veteri,
3233 3387 3422 3440 magno
3449 3375 3622 3428 studio
3645 3391 3796 3431 coer-

2226 3465 2393 3509 cetur.
2427 3456 2676 3508 Malitiam
2700 3457 2865 3522 enim,
2903 3458 3091 3526 inquit,
3138 3462 3353 3528 proximi
3383 3465 3462 3515 sui
3502 3481 3565 3516 ne
3605 3475 3798 3519 revocet

2227 3549 2432 3615 quisque
2460 3556 2671 3599 vestrum
2712 3547 2766 3599 in
2815 3549 2965 3600 corde
2998 3565 3088 3601 suo
3125 3549 3303 3618 (Zach.
3337 3551 3388 3603 7.
3424 3552 3534 3621 10).
3577 3554 3657 3607 ΑΙ)
3699 3555 3800 3611 hoc

2228 3636 2366 3689 enim
2399 3636 2642 3704 nequitia:
2671 3649 2865 3704 genere
2898 3652 3088 3705 purum
3128 3653 3246 3694 esse
3278 3649 3487 3706 Oportet
3524 3644 3796 3711 populum,

2227 3725 2499 3794 multoque
2527 3728 2694 3794 magis
2740 3728 3052 3796 principem,
3101 3731 3187 3798 qui
3233 3732 3454 3786 subditis
3504 3735 3554 3788 in
3598 3734 3800 3803 judicio

2231 3815 2519 3883 praecipere
2545 3815 2721 3876 debet,
2751 3826 2805 3869 ut
2833 3827 3028 3884 ponant
3059 3819 3377 3886 inimicitias,
3416 3837 3483 3877 ne
3528 3833 3712 3892 portus
3746 3826 3798 3879 in

2230 3904 2506 3970 scopulum
2531 3911 2782 3956 vertatur.
2818 3903 3040 3973 Pupillis
3067 3925 3166 3960 nun
3189 3909 3490 3972 iudicantes.
3521 3913 3576 3966 Id
3605 3923 3708 3976 est.
3737 3916 3800 3969 iis

2231 4008 2335 4046 non
2362 3993 2772 4062 patrocinantes,
2804 4003 2856 4046 ut
2881 3995 2967 4062 jus
3003 4011 3155 4049 suum
3185 3999 3474 4054 obtineant.
3522 4002 3584 4054 Et
3601 4004 3802 4073 judicio

2231 4083 2492 4134 viduarum
2517 4099 2614 4134 non
2643 4083 2968 4137 attendentes.
3342 4142 3352 4146 _

2306 4173 2424 4226 Non
2449 4173 2596 4226 modo
2630 4174 2817 4226 malum
2845 4187 3150 4244 perpetrare,
3198 4177 3284 4229 sed
3307 4178 3455 4231 etiam
3490 4180 3673 4234 bonum
3703 4200 3803 4237 non

2233 4281 2379 4334 agere
2407 4264 2602 4316 crimini
2628 4265 2797 4316 datur.
2822 4292 2894 4304 -—
2916 4264 3335 4333 Observandum,
3375 4284 3481 4323 non
3511 4272 3667 4326 modo
3694 4289 3806 4327 ma-

2233 4352 2342 4405 lum
2374 4361 2695 4420 perpetrare,
2727 4353 2818 4407 sed
2846 4354 3002 4407 etiam
3035 4355 3231 4409 bonum
3260 4374 3363 4412 non
3393 4375 3568 4430 agere,
3595 4363 3802 4418 crimini

2233 4442 2367 4505 dari,
2398 4441 2839 4509 quemadmodum
2861 4443 3018 4496 etiam
3048 4446 3097 4498 in
3130 4446 3276 4500 Novo
3296 4449 3648 4504 Testamento.
3672 4452 3805 4508 Nam

2235 4532 2324 4601 qui
2350 4533 2667 4586 esurientem
2699 4547 2803 4586 non
2827 4533 2992 4597 alunt,
3023 4549 3125 4587 non
3157 4537 3276 4604 quia
3301 4538 3469 4592 aliena
3495 4553 3798 4609 rapuerunt,

2235 4623 2326 4676 sed
2354 4624 2471 4690 quia
2503 4637 2597 4675 sua
2621 4621 2803 4691 egenis
2830 4637 2933 4676 non
2956 4635 3257 4692 erogarunt,
3282 4625 3331 4679 in
3351 4627 3606 4695 gehennae
3630 4631 3802 4700 ignem

2237 4713 2549 4766 mittuntur:
2587 4711 2664 4766 sic
2691 4711 2848 4780 igitur
2883 4710 2935 4765 Iti
2977 4727 3117 4766 nunc
3159 4714 3483 4783 incnsantur,
3526 4732 3630 4773 non
3663 4721 3801 4789 quod

2236 4803 2420 4856 alienis
2443 4803 2594 4855 benis
2623 4801 2843 4865 inhient,
2875 4818 2980 4856 non
3010 4803 3147 4871 quod
3179 4805 3370 4873 injuste
3398 4811 3625 4876 potentia
3655 4820 3804 4865 utan-

2239 4902 2337 4955 tur,
2371 4892 2460 4944 scd
2490 4891 2629 4959 quod
2665 4891 2844 4961 egenis
2871 4891 3159 4946 officiosam
3191 4910 3401 4949 manum
3431 4913 3534 4951 non
3565 4899 3801 4954 tendant.

2237 4982 2323 5034 24.
2364 4980 2574 5048 I’mpter
2611 4981 2704 5033 ltoc
2748 4981 2853 5033 Ita-rc
2891 4981 3011 5033 dicit
3055 4980 3350 5037 Dominator
3379 4985 3625 5040 Dominus
3668 4986 3804 5041 Sab-

2238 5071 2405 5134 baot/i,
2441 5080 2608 5136 potens
2636 5069 2800 5123 Israel
2831 5085 2848 5122 :
2879 5070 2926 5123 id
2967 5080 3066 5134 est,
3111 5075 3307 5140 populi.
3345 5075 3458 5128 Non
3497 5077 3611 5128 sine
3645 5091 3802 5132 causa

2241 5161 2386 5222 illud,
2421 5161 2628 5225 Potens,
2651 5161 2846 5229 posuit,
2879 5160 2969 5213 sed
3003 5163 3053 5214 in
3084 5165 3388 5216 memoriam
3420 5178 3673 5218 revocans
3703 5167 3806 5222 illis

2303 5341 2374 5399 ((1)
2401 5339 2454 5388 In
2471 5346 2644 5394 Cl‘i'BCO,
2658 5350 2722 5395 τὰς
2745 5351 3124 5400 νίσουςγᾷπιτρὶδωσιν.
3139 5339 3409 5400 'l‘ilmannus
3422 5340 3580 5392 νθτῑὶι,
3598 5339 3804 5400 inferunt

2238 5400 2440 5448 morbos.
2459 5401 2547 5447 Sed
2573 5400 2747 5447 melius
2770 5399 3072 5459 iute!ligitur,
3097 5400 3142 5447 ni
3176 5399 3524 5461 fallor,inorbos
3547 5399 3800 5461 adaugent,

2240 5463 2364 5528 ut__i_u
2382 5461 2662 5528 diuturnius
2687 5468 2876 5528 tempus
2901 5461 3183 5514 extrahant;
3212 5460 3287 5528 vel
3319 5460 3439 5507 forte.
3464 5462 3532 5507 sic
3549 5460 3801 5528 _|»ossit_iu-

2241 5521 2414 5577 telligi.
2442 5521 2487 5566 in
2513 5518 2684 5568 morbis
2708 5518 2798 5579 ipsi
2818 5528 3093 5578 versantur;
3118 5534 3226 5581 qius!
3259 5518 3592 5581 interpretatio
3631 5523 3804 5571 melius

2240 5583 2476 5641 quadrare
2501 5581 2693 5642 videtur
2714 5581 2769 5627 ad
2804 5593 2860 5642 ea
2883 5594 2992 5642 qum
3016 5580 3415 5642 sequiuntuqﬁml
3448 5582 3485 5628 si
3528 5582 3595 5628 sic
3625 5582 3802 5630 intelli-

2243 5639 2452 5698 gendum
2479 5648 2627 5697 esset,
2654 5639 2825 5700 aliquid
2851 5639 2997 5689 serici
3037 5639 3210 5688 Griecze
3232 5640 3500 5688 addendum
3540 5642 3803 5699 videretur,

2243 5703 2377 5750 γριᾞὶ
2407 5703 2575 5764 gratia,
2602 5714 2648 5757 si;
2671 5715 2733 5756 τὰς
2759 5715 2878 5759 νόσους
2901 5714 3135 5763 innisum».
