4044 6400
303 391 379 446 23
470 366 475 368 '
1679 386 1744 440 IN
1786 385 2035 453 nsum,
2070 384 2223 441 CAP.
2269 387 2310 442 l.
3637 397 3710 452 24

291 494 442 546 πόλει
477 494 743 561 γενέσθαι,
773 494 871 565 τὴν
912 495 1115 563 ἄφατον
1147 497 1366 566 ἀγάπην
1396 497 1491 566 τὴν
1529 499 1654 567 περὶ
1690 499 1883 561 αὐτοὺς
1916 511 1940 538 ι

289 580 713 650 ἐνδεικνύμενος·
743 583 835 634 καὶ
872 583 947 645 ὡς
978 582 1104 652 περὶ
1134 584 1324 652 ἀνδρὸς
1349 584 1439 635 καὶ
1473 585 1726 650 γυναικὸς
1751 584 1942 636 πολλα-

289 665 386 734 χοῦ
417 666 771 734 διαλέγονται,
797 669 892 738 οὐχ
921 669 1006 720 ’ίνα
1030 670 1109 730 είς
1136 669 1475 740 ἀνθρωπίνην
1503 670 1782 738 παχύτητα
1813 687 1938 722 κατ-

289 753 554 818 ενέγκωσι
593 755 682 806 τὸν
723 755 895 822 λόγον,
921 756 1034 808 ἀλλ’
1066 757 1150 808 ἴνα
1175 757 1261 809 διὰ
1288 756 1395 808 τῶν
1428 759 1735 826 συντρόφων
1764 758 1939 818 αὐτοῖς

288 839 628 907 πραγμάτων
648 841 739 893 ἐπὶ
763 842 859 911 τὴν
887 843 1084 909 γνῶσιν
1109 842 1206 912 τῆς
1238 841 1332 894 τοῦ
1357 841 1488 894 Θεοῦ
1520 844 1941 911 χειραγωγήσωο

291 938 374 973 σιν
420 925 616 988 αὐτοὺς
659 927 1050 997 φιλοστοργίαςο
1097 928 1231 998 ὁμοῦ
1274 928 1330 980 δὲ
1373 929 1462 980 καὶ
1502 928 1580 998 τῷ
1611 927 1816 996 αἰσχρῷ
1842 929 1939 996 τῆς

289 1012 657 1080 προσηγορίας
703 1013 1044 1082 καθάψασθαι
1076 1015 1368 1085 βούλονται.
1406 1014 1616 1078 Πιστή·
1645 1014 1936 1078 τουτέστιν,

285 1094 320 1161 ὴ
352 1097 581 1166 εὐσεϐὴς
619 1101 712 1152 καὶ
751 1100 931 1171 πάσης
960 1103 1159 1172 ἀρετῆς
1193 1102 1452 1170 γέμουσα·
1478 1101 1616 1155 ὥστε
1651 1100 1938 1153 κάντεῦθεν

284 1178 464 1248 δῆλον,
508 1185 589 1237 ὅτι
635 1187 886 1256 πορνείαν
935 1189 996 1240 οὐ
1039 1189 1136 1259 τὴν
1182 1188 1288 1241 τῶν
1322 1189 1585 1258 σωμάτων
1623 1188 1786 1255 λέγει·
1819 1187 1939 1240 ἐπεί¹

285 1262 440 1319 εἷπεν
468 1271 554 1333 ἂν,
591 1272 743 1336 πόλις
770 1276 803 1343 ή
831 1274 1078 1344 σώφρωψ
1101 1274 1243 1328 οὕτω
1265 1275 1372 1343 γάρ
1400 1271 1466 1344 ἦν
1497 1274 1558 1326 τὸ
1578 1273 1934 1327 ἀντιδιαστελ-

285 1351 508 1421 λόμενον
534 1360 599 1426 τῇ
635 1359 824 1430 πόρνῃ·
857 1359 950 1413 νῦν
986 1361 1040 1414 δὲ
1069 1361 1299 1423 δεικνὺς,
1330 1361 1411 1413 ὅτι
1439 1361 1540 1431 τὴν
1566 1360 1816 1412 ἀσέϐειαν
1847 1360 1934 1412 αἰ-

283 1439 518 1493 νίττεται
542 1443 629 1495 διὰ
650 1445 745 1512 τῆς
767 1447 1039 1516 πορνείας,
1063 1447 1123 1498 τὺ
1145 1445 1514 1514 ἀντικείμενον
1545 1446 1683 1515 αὐτῇ
1706 1445 1931 1510 τέθεικε,

281 1523 381 1594 τὴν
407 1526 588 1580 πίστιν
602 1530 650 1581 δ.
674 1530 917 1598 Πλήρης
931 1532 1178 1598 κρίσεως
1197 1549 1210 1562 ·
1229 1532 1490 1593 τουτέστι,
1515 1531 1723 1600 πλήρης
1736 1531 1934 1584 δικαιο-

283 1611 468 1681 σύνης.
503 1615 667 1668 Πάλιν
697 1618 947 1686 μέγιστον
972 1618 1237 1688 ἔγκλημα,
1260 1619 1356 1688 οὐχ
1379 1620 1458 1671 ὄτι
1486 1619 1619 1689 πρὸς
1647 1617 1933 1690 ὁλόκληρον

280 1698 381 1767 τὴν
429 1700 626 1752 κακίαν
667 1703 1057 1773 ηὐτομόλησαν,
1097 1704 1206 1758 ἀλλ’
1235 1706 1316 1757 ὅτι
1355 1707 1447 1757 καὶ⁵
1482 1704 1768 1774 ὀλόκληρον
1803 1722 1932 1777 προ-

283 1782 488 1836 έδωκαν
511 1785 605 1855 τὴν
629 1789 844 1858 ἀρετὴν,
877 1790 1076 1844 καὶτὸν
1111 1790 1329 1846 πλοῦτον
1355 1792 1563 1844 ἅπαντα
1586 1791 1691 1842 τῶν
1715 1791 1932 1858 ἀγαθῶν

281 1869 482 1938 ἀθρόον
514 1872 620 1924 ἀπὸ
648 1874 753 1926 τῶν
786 1876 981 1946 χειρῶν
1015 1876 1129 1948 [Η]
1161 1877 1431 1946 ῥίψαντες,
1467 1879 1559 1930 καὶ
1597 1879 1730 1948 πρὸς
1767 1877 1928 1946 ἐσχά-

281 1973 381 2026 την
411 1957 519 2010 τῶν
549 1960 732 2013 κακῶν
751 1964 1157 2032 κατενεχθέντες
1179 1964 1385 2017 πενίαν.
1406 1966 1458 2015 ‘E
1462 1981 1499 2015 ν
1518 1959 1556 2034 ᾖ
1581 1964 1929 2032 δικαιοσύνη

279 2042 562 2112 ἐκοιμήθη
588 2047 658 2099 ἐν
680 2048 848 2116 αὐτῇ.
888 2050 1146 2119 Ηύλίσθη,
1183 2049 1332 2120 φησὶ,
1363 2051 1756 2119 κατεσκήνωσε,
1779 2067 1930 2102 τουτ-

281 2131 414 2191 έστι,
449 2133 795 2200 πεφύτευται,
845 2135 1125 2205 ἐρῤίζωτο,
1171 2137 1306 2207 μετὰ
1332 2137 1634 2205 προθυμίας
1663 2137 1766 2188 ὑπὸ
1799 2138 1932 2191 πάν-

279 2235 386 2269 των
429 2219 768 2289 κατωρθοῦτο
804 2222 908 2273 τῶν
937 2222 1183 2275 πολιτῶν.
1240 2224 1584 2293 Ἐνδιατρίδει
1614 2227 1726 2286 τοῖς
1756 2226 1923 2290 ἐγκω-

282 2303 425 2372 μίοις
473 2307 582 2367 τοῖς
626 2308 924 2378 προτέροις,
958 2309 1089 2379 ὁμοῦ
1126 2310 1220 2379 μὲν
1247 2309 1422 2375 αὔξων
1462 2310 1559 2381 τὴν
1599 2312 1928 2382 κατηγορίαν

277 2390 376 2457 τὴν
412 2391 477 2442 ἐκ
507 2391 605 2459 τῆς
642 2392 958 2461 μεταϐολῆς,
996 2395 1127 2464 ὁμοῦ
1161 2397 1216 2450 δὲ
1247 2394 1486 2467 χρηστὰς
1514 2396 1803 2449 ὑποτείνων
1833 2398 1928 2460 τὰς

279 2476 516 2540 ἐλπίδας,
561 2478 652 2530 καὶ
690 2479 921 2541 δεικνὺς,
967 2481 1045 2533 ὅτι
1090 2483 1266 2551 ῥᾴδιον
1297 2482 1489 2544 αὐτοὺς
1525 2483 1927 2552 ἀνακτήσασθαι

281 2562 460 2615 πάλιν.
480 2563 608 2616 Νῦν
620 2563 688 2616 δὲ
702 2567 1000 2632 φονευταί.
1019 2567 1372 2636 Ἀνδροφόνοι,
1389 2585 1461 2636 φη
1471 2568 1538 2620 σί.
1559 2568 1633 2620 Τὸ
1648 2567 1928 2635 ἀργύριον

273 2652 438 2718 ὑμῶν
458 2652 763 2720 ἀδόκιμον.
790 2653 1066 2716 Τουτέστι,
1097 2660 1444 2728 παράσημον,
1465 2659 1634 2720 νόθον,
1667 2660 1933 2732 κίϐδηλον.

268 2742 332 2792 Ol
349 2738 470 2791 κὰπ
479 2740 614 2806 ηλοί
629 2755 743 2793 σου
755 2741 822 2808 μί
825 2755 1038 2807 σγουσι
1057 2742 1160 2794 τὸν
1172 2743 1337 2796 οἶνον
1353 2743 1542 2798 ὕδατι.
1563 2747 1777 2816 Ἐπειδὴ
1809 2766 1926 2818 προσ

270 2825 649 2895 οιμιαζόμενος
677 2828 735 2880 οὐ
759 2828 875 2881 κατ’
903 2823 1040 2892 εἴδος
1068 2823 1219 2882 εἷπεν
1249 2830 1424 2882 αὐτῶν
1451 2831 1550 2901 τὴν
1579 2831 1796 2897 κακίαν,
1823 2833 1935 2886 ἀλλ’

272 2912 354 2964 ὅτι
389 2912 679 2981 ἠθέτησαν,
718 2915 808 2967 καὶ
843 2915 922 2967 ὅτι
960 2913 1182 2984 σπέρμα
1219 2916 1452 2986 πονηρὸν
1496 2913 1656 2987 ἦσαν,
1691 2918 1784 2971 καὶ
1829 2920 1936 2973 υἱοὶ⁵

276 3000 487 3068 ἄνομοι,
530 3000 558 3052 δ
599 3000 861 3072 λοιδορίας
892 3001 1060 3054 ἐδόκει
1096 3000 1314 3070 μᾶλλον,
1345 3002 1379 3072 ἢ
1416 3003 1744 3075 κατηγορίας
1777 3001 1933 3060 εἶναι·

273 3092 509 3146 ἐνταῦθα
545 3093 638 3147 καὶ
675 3094 812 3146 αὐτά
837 3093 1012 3165 τίθησι
1052 3095 1170 3147 κατ’
1193 3091 1328 3158 εἶδος
1365 3097 1432 3149 τὰ
1463 3098 1798 3168 ἐγκλήματα,
1828 3099 1920 3152 καὶ

275 3181 512 3251 πρῶτον,
553 3180 581 3232 δ
619 3180 830 3250 πρῶτόν
885 3183 998 3234 ἐστι
1044 3182 1136 3234 καὶ
1184 3182 1344 3252 μέσον
1372 3184 1465 3235 καὶ
1492 3185 1790 3236 τελευταῖον
1814 3185 1938 3256 τῶν⁵

274 3267 477 3327 κακῶν,
529 3266 624 3338 τὴν
676 3267 1051 3337 φιλαργυρίαν,
1107 3270 1198 3320 καὶ
1243 3268 1340 3339 τὴν
1371 3269 1495 3340 περὶ
1525 3269 1592 3322 τὰ
1624 3271 1920 3338 συμϐόλαια

272 3353 592 3423 καπηλείαν.
634 3354 792 3407 Ἀλλά
828 3371 971 3416 τινες
1015 3355 1075 3407 οὐ
1115 3356 1379 3419 συνιέντες
1413 3367 1435 3394 ο
1477 3355 1570 3426 τὴν
1602 3356 1802 3424 ἄφατον
1827 3358 1918 3412 τοῦ

270 3439 404 3491 Θεοῦ
433 3438 642 3508 σοφίαν,
668 3441 785 3492 κατ’
817 3440 1103 3510 ἀναγωγὴν
1130 3441 1190 3493 τὸ
1217 3440 1504 3512 εἰρημένον
1546 3442 1812 3508 ἐξέλαϐον.
1845 3445 1918 3496 Οὐ

269 3526 379 3596 γὰρ
415 3524 503 3588 ἂν,
544 3525 725 3595 φησὶν,
763 3527 790 3578 ὁ
822 3526 991 3595 μέγας
1021 3527 1112 3579 καὶ
1140 3526 1336 3596 ὑψηλὸς
1367 3527 1590 3590 Ἡσαΐας
1620 3527 1756 3596 ὑπὲρ
1784 3547 1920 3600 τρα-

269 3611 505 3676 πεζιτῶν
537 3613 893 3682 κακουργίας..
914 3614 1005 3665 καὶ
1033 3613 1291 3682 καπήλων
1318 3612 1608 3684 διαφθορᾶς
1654 3615 1914 3685 διελέχθη·

271 3697 406 3751 ἀλλὰ
429 3697 686 3767 ἀργύριον
712 3698 940 3753 ἐνταῦθα
959 3699 1026 3752 τά
1049 3698 1202 3767 λόγιά
1226 3716 1355 3768 φησι
1374 3699 1466 3752 τοῦ
1491 3700 1646 3763 Θεοῦ,
1670 3702 1762 3753 καὶ
1782 3697 1920 3755 οἶνον

267 3787 367 3855 τὴν
393 3785 752 3850 διδασκαλίαν,
798 3788 863 3855 ἢν
892 3788 1101 3842 ἐθόλουν
1129 3789 1505 3856 ἐπεισάγοντες
1532 3791 1709 3844 αὐτῶν
1752 3791 1818 3844 τά
1844 3794 1920 3844 δι·

268 3872 536 3942 δάγματα.
586 3872 724 3939 Ἐγὼ
767 3871 822 3924 δὲ
859 3873 980 3927 οὗτε
1015 3874 1214 3944 ταύτην
1240 3875 1487 3944 ἀτιμάζω
1515 3875 1610 3945 τὴν
1640 3877 1916 3947 ἐξήγησιν,

271 3961 363 4014 καὶ
396 3961 494 4029 τὴν
523 3961 711 4030 ἑτέραν
752 3960 1114 4032 ἀληθεστέραν
1160 3957 1294 4013 εἷναί
1326 3979 1481 4034 φημι.
1517 3964 1588 4015 Οὐ
1617 3964 1722 4032 γὰρ
1761 3964 1918 4032 μόνον

268 4047 366 4100 οὐκ
396 4046 612 4109 ἀνάξιον
642 4045 733 4097 τοῦ
761 4049 1034 4116 προφήτου
1075 4048 1134 4100 τὸ
1174 4050 1299 4118 περὶ
1335 4050 1534 4101 τούτων
1560 4049 1915 4117 διαλέγεσθαι,

267 4132 401 4188 ἀλλά
438 4133 530 4182 καὶ
559 4132 756 4201 σφόδρα
792 4133 936 4197 ἀξιον
973 4134 1063 4185 καὶ
1091 4134 1254 4187 αὐτοῦ
1284 4135 1492 4204 καὶτῆς
1515 4136 1607 4187 τοῦ
1634 4138 1767 4189 Θεοῦ
1798 4139 1916 4206 φιλ-

266 4218 598 4286 ανθρωπίας.
638 4220 743 4270 Καὶ
769 4218 819 4270 τί
843 4218 920 4272 δεῖ
945 4218 1012 4270 τὰ
1046 4219 1210 4274 πολλὰ
1236 4219 1412 4285 λέγειν
1437 4237 1452 4284 ;
1482 4221 1607 4274 Ὅτε
1639 4222 1664 4261 d
1701 4223 1828 4288 γοῦν
1852 4225 1917 4276 τὰ

267 4305 446 4373 ὑψηλά
482 4305 779 4374 διδάγματα
825 4305 1002 4375 φέρων
1044 4301 1206 4376 ἦλθεν
1254 4307 1282 4359 ὁ
1324 4308 1613 4380 μονογενὴς
1651 4308 1742 4362 τοῦ
1784 4311 1915 4362 Θεοῦ

267 4388 424 4450 Παῖς,
451 4385 544 4438 καὶ
572 4389 667 4455 τὴν
703 4386 808 4442 τῶν
835 4387 1078 4456 ἀγγέλων
1120 4389 1510 4456 καταφυτεύειν
1547 4392 1732 4460 ἔμελλε
1771 4394 1917 4448 πολι-

263 4475 433 4535 τείαν,
461 4475 558 4526 οὐκ
587 4473 739 4541 ὀλίγα
765 4475 889 4544 περὶ
922 4475 1134 4546 μέτρων
1175 4475 1267 4528 καὶ
1293 4475 1452 4539 αὐτὸς
1479 4478 1786 4542 διείλεκται,
1826 4483 1916 4532 καὶ

264 4559 370 4612 τῶν
401 4561 604 4612 τούτων
643 4560 1030 4628 εὐτελεστέρων
1070 4557 1204 4615 εἶναι
1243 4561 1556 4627 δοκούντων,
1591 4565 1912 4634 ἀσπασμῶν,

264 4646 358 4696 καὶ
385 4646 701 4715 μεσασμῶν,
733 4648 824 4700 καὶ
851 4649 1270 4717 πρωτοκλισιῶν.
1300 4651 1378 4703 Τά
1408 4649 1513 4720 γὰρ
1549 4651 1718 4721 μικρά
1749 4653 1916 4707 ταῦτα

265 4727 402 4784 εἶναι
457 4731 711 4785 δοκοῦντα
756 4733 1210 4802 παραμελούμενα
1257 4737 1464 4804 μεγάλα
1511 4739 1915 4806 ἁμαρτημάτων

264 4815 662 4883 ὑπεκκαύματα
707 4816 930 4882 γίνεται.
993 4818 1055 4869 El
1106 4817 1162 4870 δὲ
1199 4819 1289 4871 ἐπὶ
1331 4821 1426 4888 τῆς
1481 4822 1685 4889 Καινῆς
1745 4823 1914 4878 ταῦτα

262 4901 604 4971 διορθοῦσθαι
637 4902 760 4964 ἔδει,
805 4902 982 4972 πολλῷ
1032 4903 1228 4972 μᾶλλον
1271 4906 1360 4956 ἐπὶ
1399 4906 1496 4974 τῆς
1535 4907 1793 4970 Παλαιᾶς,
1826 4910 1912 4962 ὅτε

264 4990 358 5042 καὶ
384 4991 676 5059 παχύτεροι
701 4992 748 5042 οί
778 4992 1059 5058 ἀκροαταὶ,
1088 4993 1179 5045 καὶ
1205 4994 1308 5054 πᾶς
1341 4994 1516 5049 αὐτῶν
1549 4997 1576 5046 ὁ
1605 4994 1714 5062 βίος
1737 4997 1916 5050 ἐντεῦ-

266 5075 354 5127 θεν
374 5075 633 5145 ὼρθοῦτο,
667 5075 756 5130 τοῦ
781 5075 949 5144 δήμου
979 5076 1119 5128 οὕτω
1153 5079 1308 5131 πλέον
1331 5079 1387 5131 ἐν
1412 5080 1640 5132 τουτοισὶ
1671 5084 1915 5135 παιδευο-

267 5162 450 5230 μένου,
489 5161 675 5231 πόρῤω
715 5161 892 5230 πάσης
935 5164 1145 5228 ἀδικίας
1193 5164 1454 5230 γίνεσθαι,
1487 5167 1578 5220 καὶ
1617 5168 1674 5220 ἐν
1728 5169 1914 5238 μηδενὶ

328 5328 352 5353 ⁴¹
384 5326 500 5392 Βεζε.
527 5329 631 5392 περὶ
654 5328 815 5392 αὐτοῦ,
841 5329 995 5392 male:
1021 5333 1123 5392 περῖ
1146 5332 1290 5389 αὐτήν
1317 5333 1494 5382 melius
1517 5339 1680 5382 esset:
1707 5348 1814 5384 nam
1835 5337 1914 5387 hic

264 5385 327 5458 sle
361 5385 555 5458 οἱνιῐειιο
581 5385 806 5458 [οᾳυίιυτ.
836 5390 933 5458 8εᾴ
952 5385 1263 5458 περὶ-αὐτούς’
1289 5392 1418 5442 bene
1457 5393 1622 5454 habet,
1645 5385 1913 5458 posselqdé

263 5445 369 5510 hac
389 5445 684 5510 gqnslrucli'o
704 5450 945 5510 exemplis
967 5445 1254 5501 co'unrmari}

328 5506 355 5573 lg
384 5507 509 5573 ljcjiti
534 5510 659 5573 mgle
691 5506 943 5573 Tﬁjtioj’ﬂ.
975 5512 1228 5560 Bavaricus
1250 5516 1432 5573 optime
1452 5516 1536 5571 τήν
1556 5514 1731 5564 πίστιν.

325 5568 353 5599 ε
381 5567 451 5614 Οὐ
476 5567 823 5624 συνιέντες.’5ἱο
850 5571 1115 5620 Bavaricus.
1146 5567 1389 5621 Edebétur
1410 5567 1590 5623 omisso
1611 5577 1682 5622 οὐ.

328 5627 355 5708 ξ
375 5627 479 5708 ch
502 5628 608 5696 locg
630 5632 699 5708 sfc
725 5631 1150 5708 l‘egfarifl‘ulp’putal
1174 5634 1447 5708 qusiusﬁn
1475 5638 1601 5682 notis
1620 5638 1822 5708 βανὶμιὲ
1860 5652 1906 5708 ρλ

268 5687 391 5755 ᾗῖι
420 5688 498 5755 ὅτε
519 5687 630 5755 γοῦν
648 5691 758 5755 6_1:¢‘:_
772 5687 928 5755 ὑψηλά
952 5687 1160 5750 δόγματα
1181 5694 1345 5755 φέρων,
1368 5697 1393 5742 ὀ
1418 5698 1662 5755 μονογενὴς
1681 5697 1764 5742 τοῦ
1789 5687 1910 5745 Θεοῦ

269 5749 494 5814 ιιαῖς,καὶ
520 5749 616 5814 τήν.
627 5751 720 5814 τῶν
739 5749 944 5814 ἀγγέλων
966 5749 1292 5814 καταφυτεύειν
1317 5749 1494 5814 μέλλων
1527 5749 1777 5808 πολιτείαν,
1793 5767 1908 5813 clc.,

269 5811 346 5874 νει
366 5807 575 5874 ἐίτξῌγρῦν
596 5808 644 5864 ὃς
663 5811 721 5874 τὰ
744 5807 898 5874 ὐψξηλά
920 5812 1178 5870 διδάγματα
1197 5807 1344 5874 φέρων
1364 5815 1498 5872 ἦλθεν
1516 5818 1541 5861 ό
1566 5807 1810 5874 μονογενὴς
1825 5807 1909 5865 τοῦ

269 5867 629 5936 φεοῦ-Παῖς,οι
648 5868 717 5916 sic
740 5867 990 5936 déiuceps,
1015 5867 1065 5918 υἱ
1104 5874 1153 5936 in_
1179 5867 1314 5936 Ubiis
1346 5867 1542 5936 légitur.
1566 5867 1631 5925 Ἁι
1659 5867 1809 5936 ιόρυιὶ,
1857 5887 1909 5926 ιιι

273 5932 322 5978 ιιι
342 5928 486 5978 Edilo
507 5934 601 5989 cst,
643 5943 734 5977 non
761 5935 884 5978 maie
909 5928 1087 5979 habere
1114 5931 1318 5979 videtur.

656 6017 922 6074 ιδλτιιυι..
970 6017 1082 6075 Gn.
1133 6015 1260 6074 LVI

2046 500 2154 550 τῶν
2194 499 2417 569 πλησίον
2455 497 2811 562 πλεονεκτεῖν,
2839 497 2972 567 μηδὲ
3015 496 3113 560 τὰς
3137 495 3244 548 τῶν
3273 494 3707 564 καταδεεστέρων

2045 584 2343 654 ἐπιτρίϐειν
2368 584 2556 647 πενίας
2574 586 2640 654 τῇ
2669 584 2973 655 κακουργίᾳ
2997 584 3094 653 τῆς
3123 582 3449 651 καπηλείας.

2112 674 2182 736 η’.
2204 669 2419 722 Τούτων
2437 669 2565 738 γοῦν
2593 669 2975 739 ἀμελουμένων
3000 670 3090 722 καὶ
3109 670 3288 732 πόλεις
3315 669 3568 732 πολλάκις
3586 669 3705 722 ἀνε-

2043 752 2346 822 τράπησαν,
2372 757 2464 807 καὶ
2493 755 2601 808 ἀπὸ
2635 753 2837 825 θρόνων
2867 755 3120 824 ἄρχοντες
3151 755 3581 824 κατηνέχθησαν,
3610 753 3706 810 καὶ

2045 837 2275 906 πόλεμος
2294 837 2550 902 ἄσπονδος
2571 838 2810 906 γέγονεν’
2833 838 2979 892 ῶσπε
2988 857 3019 910 ρ
3041 839 3485 910 κατορθουμένων
3512 841 3701 910 είρήνη

2041 921 2207 992 πολλὴ
2248 939 2345 976 και
2373 923 2597 994 εὐνομία
2627 923 2721 975 καὶ
2749 924 3016 992 ἀσφάλεια
3040 925 3175 996 πρὸς
3203 924 3403 996 ἀρετὴν
3429 941 3700 996 χειραγω-

2039 1006 2230 1074 γοῦσα,
2263 1010 2326 1060 Ol
2371 1009 2656 1077 ἄρχοντές
2691 1022 2807 1062 σου
2861 1009 3191 1064 ἀπειθοῦσι.
3233 1011 3510 1080 Μεγίστης
3545 1011 3699 1065 νόσου

2039 1095 2130 1145 καὶ
2156 1093 2485 1164 διαστροφῆς
2519 1096 2762 1164 σημεῖον,
2798 1095 2925 1146 ὅταν
2962 1096 3010 1146 οἱ
3039 1096 3211 1165 ἰατροὶ
3241 1097 3339 1158 τὰς
3366 1097 3550 1160 νόσους
3581 1101 3700 1151 ἐπι-

2037 1180 2312 1249 τρίϐωσιν.
2356 1180 2652 1249 ’Λρχόντων
2687 1179 2796 1250 γὰρ
2826 1179 2917 1232 τοῦ
2943 1181 3117 1251 δήμου
3155 1183 3254 1244 τὰς
3281 1183 3505 1246 ἀταξίας
3533 1200 3700 1237 κατα-

2038 1266 2290 1330 στέλλειν,
2319 1266 2411 1318 καὶ
2447 1265 2582 1336 πρὸς
2606 1265 2667 1318 τδ
2692 1266 2808 1318 δέον
2835 1266 3135 1336 ῥυθμίζειν,
3171 1266 3285 1339 IIS]
3321 1269 3414 1322 καὶ
3440 1269 3517 1337 τῷ
3548 1271 3699 1339 νόμῳ

2037 1356 2206 1406 ποιεῖν
2240 1353 2605 1416 καταπειθεῖς
2650 1354 2776 1406 ὅταν
2808 1354 2863 1407 δὲ
2899 1354 3052 1407 αὐτοὶ
3085 1356 3289 1424 πρῶτοι
3335 1357 3458 1418 τοὺς
3500 1358 3698 1426 νόμους

2036 1437 2432 1506 παραϐαίνωσι,
2475 1438 2592 1502 πῶς
2635 1439 2700 1492 ἂν
2749 1439 2956 1508 ἑτέροις
2993 1439 3230 1507 γένοιντο
3265 1440 3598 1505 διδάσκαλοι;
3623 1444 3696 1495 Τὸ

2035 1525 2163 1594 γάρ,
2204 1524 2562 1587 Ἀπειθοῦσι,
2582 1523 2879 1589 τουτέστιν,
2909 1526 2969 1578 οὑ
2998 1525 3269 1580 πείθονται
3301 1526 3377 1596 τῷ
3410 1527 3578 1596 νόμῳ,
3595 1528 3694 1582 οὐκ

2033 1610 2314 1679 ἀνέχονται
2336 1609 2444 1663 τῶν
2473 1609 2718 1664 ἐντολῶν·
2748 1610 2775 1663 δ
2803 1611 2898 1664 καὶ
2928 1609 3135 1674 Παῦλος
3164 1611 3384 1677 ἐγκαλεῖ
3407 1611 3597 1678 λέγων·
3641 1613 3694 1664 '0

2033 1691 2144 1750 οὖν
2180 1695 2485 1750 διδάσκων
2514 1696 2735 1765 ἕτερον,
2774 1697 3033 1752 σεαυτὸν
3071 1700 3140 1752 οὐ
3171 1697 3504 1764 διδάσκεις;
3529 1701 3695 1756 Ὅταν

2033 1777 2124 1834 οὖν
2171 1783 2204 1850 ἡ
2257 1781 2379 1852 ῥίζα
2425 1782 2789 1853 διεφθαρμένη
2834 1779 2890 1856 ᾖ,
2928 1783 2979 1836 τί
3014 1783 3246 1854 χρηστὸν
3285 1783 3399 1836 ἔστι
3433 1785 3559 1854 περὶ
3588 1785 3694 1838 τῶν

2033 1871 2239 1924 κλάδων
2293 1870 2648 1936 ὐποπτεύειν;
2699 1872 2980 1925 Κοινωνοὶ
3040 1869 3332 1925 κλεπτῶν.
3401 1873 3691 1946 Προσθήκη

2031 1958 2384 2026 κατηγορίας,
2417 1959 2500 2010 ὅτι
2535 1960 2594 2011 οὐ
2631 1959 2787 2028 μόνον
2823 1959 2882 2010 οὐ
2917 1959 3333 2012 καταστέλλουσι
3371 1971 3395 1997 ο
3423 1961 3488 2010 τὰ
3522 1960 3690 2021 δεινὰ,

2030 2041 2164 2095 ἀλλά
2189 2044 2282 2094 καὶ
2307 2043 2704 2097 ἀντιτείνουσιν·
2736 2045 2796 2096 οὐ
2832 2043 2989 2111 μόνον
3024 2045 3083 2095 οὐ
3117 2043 3407 2113 πολεμοῦσι
3434 2049 3542 2107 τοῖς
3570 2044 3691 2097 κλέ-

2030 2144 2210 2189 πταις,
2239 2127 2374 2181 ἀλλὰ
2399 2129 2492 2181 καὶ
2515 2130 2972 2200 συμπράττουσιν,
2997 2129 3060 2182 ἐκ
3085 2129 3377 2200 διαμέτρου
3406 2131 3502 2200 τῆς
3526 2148 3693 2200 προσ.

2029 2213 2269 2282 ηκούσης
2294 2214 2496 2284 ἀρετῆς
2519 2215 2736 2285 ἄρχοντι
2754 2214 2851 2285 τὴν
2876 2214 3073 2268 κακίαν
3097 2216 3388 2284 μετιόντες.
3405 2217 3460 2270 Ἀ
3471 2215 3692 2282 ναυτῶν-

2028 2316 2127 2364 τες
2172 2299 2346 2368 δῶρα.
2384 2300 2605 2371 Ἕτερον
2657 2299 3058 2370 φιλοχρυσίαςί
3101 2297 3237 2365 εἶδος
3288 2301 3543 2372 χαλεπὸν,
3600 2305 3690 2356 εὐ-

2031 2381 2315 2450 πρόσωπον
2365 2382 2464 2451 μὲν
2499 2382 2751 2436 ὑπόθεσιν
2795 2382 2934 2451 ἔχον,
2969 2384 3026 2435 ἐν
3067 2385 3412 2454 προσχήματι
3451 2383 3508 2436 δὲ
3536 2384 3686 2452 φιλοο

2028 2468 2298 2538 φροσύνης
2347 2470 2446 2537 τὴν
2491 2469 2724 2539 ἐσχάτην
2760 2469 3069 2536 πλεονεξίαν
3097 2471 3555 2542 ἐπιδεικνύμενον.
3597 2475 3686 2525 Διο

2025 2556 2279 2620 ώκοντες
2313 2553 2712 2622 ἀνταπόδομα.
2756 2555 3232 2625 Μνησικακοῦντες
3289 2559 3402 2620 τοῖς
3447 2559 3682 2628 ἐχθροῖς,

2024 2641 2412 2696 ἀνταποδοῦναι
2454 2640 2845 2724 σπουδάζοντες
2884 2647 2994 2709 τοῖς
3027 2646 3410 2719 λελυπηκόσιν,
3436 2651 3572 2724 ὅπερ
3599 2655 3696 2724 μέν

2022 2743 2205 2795 γιστον
2235 2727 2433 2790 κακίας
2468 2722 2626 2792 εἶδος.
2658 2729 2737 2782 Δι’
2761 2729 2790 2783 δ
2817 2730 2916 2784 οὐκ
2942 2731 3002 2786 ἐν
3040 2736 3104 2806 τῇ
3133 2735 3308 2808 Καινῇ
3348 2722 3694 2806 μόνονίάλλά

2032 2813 2126 2867 καὶ
2164 2815 2222 2868 ἐν
2253 2818 2319 2886 τῇ
2364 2817 2573 2888 Παλαιᾷ
2604 2817 2740 2888 μετὰ
2787 2817 2987 2888 πολλῆς
3015 2819 3256 2888 εἴργεται
3299 2822 3398 2890 τῆς
3432 2826 3686 2893 σπουδῆς.

2029 2901 2254 2955 Κακίαν
2289 2903 2397 2972 γὰρ
2433 2902 2709 2968 ἕκαστος,
2750 2905 2904 2972 φησὶ,
2939 2905 3046 2960 τοῦ
3079 2907 3346 2970 πλησίον
3392 2907 3576 2961 αὑτοῦ
3600 2908 3687 2975 μὴ

2025 2989 2444 3055 μνησικακεῖτε
2483 2990 2550 3042 ἐν
2601 2989 2728 3055 ταῖς
2767 2988 3034 3057 καρδίαις
3075 2990 3260 3058 ὑμῶν.
3301 2992 3551 3045 Μάλιστα
3590 2997 3689 3060 μὲν

2028 3074 2136 3143 γάρ
2157 3075 2249 3127 κα)⁵
2279 3076 2340 3127 τὸ
2366 3075 2670 3145 δημοτικὸν,
2699 3075 2874 3144 πολλῷ
2894 3076 2950 3128 δὲ
2975 3076 3174 3145 μᾶλλον
3195 3077 3287 3128 τὸν
3309 3077 3539 3147 ἄρχοντα
3561 3077 3690 3129 ταύο

2026 3175 2124 3228 της
2159 3159 2237 3211 δεῖ
2267 3158 2586 3229 καθαρεύειν
2618 3160 2714 3230 τῆς
2740 3161 2958 3222 κακίας,
2985 3162 3076 3213 καὶ
3104 3161 3198 3214 τοῦ
3235 3162 3367 3231 πρὸς
3393 3162 3688 3231 ἀπέχθειαν

2025 3243 2352 3312 ψηφίζεσθαι
2375 3248 2486 3307 τοῖς
2511 3245 2850 3315 κρινομένοις
2876 3245 3236 3315 ἀπηλλάχθαι,
3265 3248 3350 3300 ἵνα
3376 3249 3450 3319 μὴ
3478 3251 3506 3301 ό
3528 3249 3688 3319 λιμὴν

2028 3331 2287 3393 σκόπελος
2308 3331 2549 3401 γένηται.
2591 3329 2892 3400 Ὀρφανοῖς
2927 3334 2998 3385 οὐ
3027 3333 3350 3400 κρίνοντες.
3375 3335 3685 3398 Τουτέστιν,

2025 3417 2084 3468 οὐ
2123 3416 2527 3486 προϊστάμενοι,
2553 3417 2627 3480 ὡς
2660 3418 2755 3470 καὶ
2787 3415 2894 3470 τῶν
2921 3417 3141 3471 δικαίων
3191 3421 3392 3489 τυχεῖν.
3424 3422 3531 3475 Καὶ
3565 3424 3689 3489 κρίο

2024 3516 2119 3554 σει
2152 3501 2350 3570 χηρῶν
2378 3505 2450 3556 οὑ
2478 3502 2892 3571 προσέχοντες.

2096 3587 2509 3656 Παρατηρητέον
2549 3588 2632 3640 ὅτι
2671 3589 2731 3640 οὐ
2749 3589 3155 3652 τὸκακοποιεῖν,
3205 3591 3318 3643 ἀλλ’
3353 3593 3432 3646 ὅτι
3484 3593 3577 3645 καὶ
3625 3595 3688 3647 τὸ

2024 3675 2223 3741 ἀγαθὸν
2246 3675 2318 3745 μὴ
2339 3674 2661 3745 ἐργάζεσθαι
2681 3675 2888 3739 ἐνταξει
2920 3679 3094 3730 κεῖται
3119 3679 3381 3748 πονηρίας
3397 3719 3411 3741 ,
3437 3680 3684 3750 καθάπερ

2023 3758 2113 3814 οὖν
2155 3762 2247 3814 καὶ
2288 3763 2346 3814 ἐν
2386 3764 2454 3832 τῇ
2491 3763 2687 3831 Καινῇ.
2723 3764 2784 3815 OE
2816 3763 2924 3834 γὰρ
2958 3765 3223 3818 πεινῶντα
3261 3766 3334 3836 μὴ
3365 3767 3682 3836 θρέψαντες,

2022 3849 2118 3917 οὐχ
2148 3848 2228 3902 ὃτι
2249 3848 2315 3900 τά
2340 3847 2592 3916 ἀλλότρια
2610 3848 2880 3918 ἥρπασαν,
2904 3849 3016 3902 ἀλλ’
3039 3851 3118 3903 ὄτι
3143 3850 3210 3904 τά
3238 3851 3415 3904 αὐτῶν
3435 3853 3493 3904 οὐ
3518 3853 3684 3922 προήη

2023 3951 2184 3986 καντο
2205 3936 2314 3996 τοῖς
2340 3933 2631 4003 δεομένοις,
2659 3935 2739 3996 είς
2765 3933 2825 3985 τὸ
2846 3934 2942 4004 τῆς
2969 3935 3189 4005 γεέννης
3219 3937 3523 4006 πέμπονται
3549 3937 3680 4008 πῦρ·

2021 4020 2208 4089 ὥσπερ
2240 4014 2331 4071 οὖν
2362 4019 2455 4071 καὶ
2483 4013 2625 4072 οὗτοι
2664 4018 2758 4071 νῦν
2805 4019 3176 4087 ἐγκαλοῦνται,
3217 4022 3316 4091 οὐχ
3349 4023 3429 4076 ὅτι
3468 4023 3684 4075 πλεονε-

2023 4105 2256 4167 κτοῦσιν,
2273 4104 2381 4155 οὐδ’
2397 4105 2478 4156 ὅτι
2499 4104 3067 4167 καταδυναστεύουσιν,
3089 4107 3202 4159 ἀλλ’
3220 4109 3300 4162 ὃτι
3327 4110 3421 4161 καὶ
3439 4112 3550 4172 τοῖς
3580 4109 3686 4162 δεοο

2024 4191 2202 4259 μένοις
2224 4189 2324 4258 τῆς
2351 4189 2528 4244 αὐτῶν
2554 4190 2800 4259 βοηθείας
2815 4193 2914 4245 οὐκ
2931 4191 3180 4262 ὀρέγουσι
3199 4197 3370 4264 χεῖρα.
3393 4195 3494 4247 Διὰ
3509 4195 3683 4248 τοῦτο

2019 4278 2156 4332 τάδε
2193 4275 2352 4345 λέγει
2382 4279 2414 4330 ό
2438 4277 2741 4345 Δεσπότης
2771 4279 2981 4348 Κύριος
3018 4280 3279 4342 Σαϐαὼθ,
3316 4283 3348 4332 ό
3377 4280 3681 4347 δυνάστης

2018 4364 2121 4418 τοῦ
2154 4363 2411 4432 Ἰσραήλ·
2431 4363 2693 4429 τουτέστι,
2717 4364 2809 4416 τοῦ
2833 4363 2983 4418 λαοῦ.
3004 4365 3113 4433 Οὐχ
3139 4365 3319 4427 ἁπλῶς
3337 4366 3392 4418 δὲ
3414 4365 3678 4428 τέθεικεν,

2029 4451 2081 4503 Ὀ
2101 4449 2431 4517 δυνάστης,
2460 4450 2592 4503 ἀλλά
2620 4450 3048 4518 ἀναμιμνήσκων
3072 4452 3267 4513 αὐτοὺς
3299 4453 3392 4503 καὶ
3417 4451 3523 4504 τῶν
3550 4455 3680 4522 παρ’

2017 4534 2235 4597 ἐλπίδας
2264 4532 2608 4603 εὐεργεσιῶν,
2643 4533 2736 4585 καὶ
2761 4533 2870 4587 τῶν
2900 4534 3147 4603 χαλεπῶν
3184 4534 3456 4588 κολάσεων
3489 4537 3555 4598 ἃς
3584 4538 3680 4590 ὑπο

2017 4618 2258 4686 έμειναν.
2298 4615 2514 4685 Ἐπειδὴ
2544 4615 2651 4685 γὰρ
2682 4615 2850 4669 πολλὰ
2881 4617 2973 4669 καὶ
3003 4619 3028 4657 ε
3061 4616 3318 4680 πολλάκις
3343 4618 3680 4688 ἁμαρτάνον-

2014 4717 2125 4764 τες,
2157 4699 2250 4753 καὶ
2279 4699 2478 4767 πολλῆς
2505 4699 2863 4764 ἀπολαύοντες
2899 4701 2997 4771 τῆς
3029 4702 3428 4772 μακροθυμίας,
3463 4705 3542 4765 εις
3579 4705 3678 4774 pg.

2015 4785 2211 4855 θυμίαν
2243 4785 2484 4849 ἔπιπτον,
2513 4785 2668 4838 τοῦτο
2701 4785 3030 4848 ἐνδείξασθαι
3066 4788 3330 4857 βούλεται,
3353 4789 3433 4841 ὅτι
3454 4787 3676 4843 δυνατὸν

2013 4875 2101 4923 ὅτε
2131 4871 2373 4940 βούλεται
2400 4871 2724 4937 ἐπεξελθεῖν,
2754 4874 2844 4924 καὶ
2869 4874 2929 4924 οὐ
2955 4874 3122 4928 δεῖται
3155 4874 3376 4944 καιρῶν,
3405 4875 3524 4927 οὐδὲ
3550 4876 3675 4945 χρὸο

2013 4974 2139 5016 νων,
2165 4956 2278 5009 ἀλλ’
2300 4956 2491 5025 ἕτοιμα
2519 4955 2665 5026 αὐτῷ
2691 4957 2867 5009 πάντα
2887 4958 2979 5011 καὶ
3000 4959 3504 5027 παρεσκευασμένα.
3527 4961 3671 5012 Οὐαὶ

2013 5041 2134 5106 τοῖς
2173 5043 2494 5109 ἰσχύουσιν
2519 5041 2587 5092 ἐν
2631 5041 2882 5106 Ἰσραήλ’
2917 5044 2988 5095 οὐ
3019 5042 3309 5095 παύσεται
3341 5043 3452 5110 γάρ
3485 5062 3604 5110 μου
3639 5049 3673 5097 ό

2013 5128 2194 5196 θυμὸς
2212 5128 2282 5179 ὲν
2301 5126 2422 5191 τοῖς
2442 5127 2816 5192 ὑπεναντίοις
2835 5144 2953 5195 μου
3001 5128 3065 5179 Τί
3092 5128 3198 5198 γάρ
3219 5127 3541 5199 ἀθλιώτερον
3562 5129 3671 5182 τῶν

2011 5215 2100 5271 τὸν
2127 5213 2259 5267 Θεὸν
2289 5211 2542 5283 πολέμιον
2563 5214 2820 5283 ἐχόντων,
2849 5216 2930 5269 Οὐ
2955 5215 3246 5270 παύσεται
3268 5215 3324 5271 δὲ
3344 5216 3546 5286 ἔλεγεν,
3573 5217 3670 5286 οὐχ

2076 5393 2099 5420 ⁸
2125 5389 2246 5451 Reg.
2273 5389 2359 5436 οὐκ
2377 5387 2738 5451 ἀποστέλλουσι,
2757 5401 2862 5451 _non
2905 5391 3048 5439 male.
3081 5391 3259 5440 Ibidem
3285 5391 3432 5440 Savil.
3473 5403 3562 5451 pro
3584 5392 3668 5437 ἀν-

2008 5449 2255 5522 τιτείνουσι
2281 5449 2542 5520 legendum
2570 5454 2708 5555 ﬂutat
2750 5449 3046 5499 ἐπιτείνουσι.
3071 5452 3221 5524 Ρειιιο
3254 5457 3364 5512 post
3384 5449 3590 5498 Allénus
3613 5452 3664 5500 in

2008 5520 2138 5555 nolis
2162 5509 2347 5555 Savilil.
2370 5522 2416 5555 ο.
2446 5508 2552 5555 139.
2609 5521 2701 5555 unc
2728 5510 2884 5555 locum
2904 5512 2958 5555 ἐκ
2983 5512 3230 5555 διαμέτρου
3253 5519 3370 5555 εις..
3396 5513 3464 5555 sic
3488 5510 3663 5555 leaen-

2008 5515 2138 5560 nolis
2162 5508 2350 5572 Saviliij
2370 5522 2416 5572 ρ.
2446 5508 2552 5572 139‘,
2574 5508 2701 5572 hung
2728 5510 2884 5572 |ocurn
2904 5512 2958 5558 ἐκ
2983 5512 3230 5572 διαμέτ’ρου
3253 5508 3370 5566 οιοη
3396 5513 3464 5557 sic
3488 5510 3663 5572 legenf

2007 5573 2121 5619 dum
2142 5575 2296 5629 putat,
2317 5571 2370 5616 ἐκ
2389 5570 2638 5629 διαμέτρου
2679 5569 2903 5628 ἐναντίαν,
2927 5574 3002 5619 vel
3039 5569 3254 5624 ἐναντίως
3274 5577 3355 5628 τῆς
3375 5569 3555 5631 προσ,
3583 5570 3660 5619 vel

2005 5633 2090 5687 τήν
2114 5633 2167 5677 ἐκ
2208 5631 2932 5691 διαμετροῦντῆς-προσῃκούσης
2973 5633 3047 5691 ἀρ.
3092 5633 3198 5691 ἅρχ.
3233 5648 3340 5677 και.
3386 5647 3486 5690 μετ.
3531 5631 3661 5691 ένανο

2011 5692 2129 5747 τίαν,
2171 5687 2308 5736 cerlé
2334 5687 2411 5736 hic
2440 5687 2620 5751 aliquid
2643 5687 3246 5751 ὲιιιὺῆοιοιΙίερηόιιιῐι’ὲὲειιἒ
3292 5692 3353 5737 Al
3381 5687 3658 5751 multashao

2005 5750 2090 5797 bet
2115 5751 2483 5806 Chrysoslomus
2503 5749 2772 5806 hujusmodi
2798 5749 3180 5808 ἀποσιωπήσεις,
3208 5749 3427 5798 Hominis
3449 5749 3654 5795 maxime

2006 5814 2054 5859 in
2092 5812 2340 5858 Genesim.

2073 5869 2090 5906 Ῑ
2121 5869 2372 5915 Bamricus
2397 5869 2774 5929 φιλοχρημάτίας.

2070 5932 2096 5970 0
2119 5929 2196 5976 Sic
2218 5929 2472 5976 Bavaricus
2503 5927 2862 5987 (Ouiniuebalur
2884 5928 2969 5986 γὰρ
2991 5927 3140 5974 πολλὰ
3164 5928 3242 5973 καί
3268 5927 3284 5985 )

3177 6014 3214 6071 2
