4044 6402
385 396 458 451 25
1186 392 1244 448 S.
1287 393 1568 453 JOANNIS
1604 392 2088 452 CIIRYSOSTOMI
2126 390 2441 449 ARCHIEP.
2483 389 3017 448 CONSTANTINOP.
3696 416 3774 471 2’6

388 493 475 545 ῖνα
505 494 583 557 εἰς
615 496 918 566 ἀπόγνωσιν
941 503 1199 577 ἐμϐάλλῃ,
1232 506 1346 560 ἀλλ’
1376 510 1461 560 ἴνα
1492 508 1731 577 αὐξήσας
1755 507 1845 560 τὸν
1873 506 2037 573 φόϐον

386 577 464 639 εἰς
498 581 781 647 μετάνοιαν
811 586 1031 658 καλέσῃ.
1061 588 1177 662 [16]
1201 591 1305 644 Τοῦ
1334 592 1441 663 γὰρ
1472 604 1521 658 α,
1560 594 1642 644 Οὐ
1682 594 1964 645 παύσεται
2003 592 2036 643 ό

385 664 589 730 θυμός,
638 668 1005 742 φοϐερώτερον
1046 676 1126 740 τὸ,
1178 678 1273 730 Ἑν
1318 678 1441 744 τοῖς
1480 678 1859 742 ὑπεναντίοις
1888 692 2026 743 μου·

382 748 543 844 οὐδὲν
565 752 671 844 γὰρ
706 754 845 844 οὕτω
878 758 965 844 τον
990 758 1120 813 Θεὸν
1150 762 1467 833 παροξύνειν
1491 763 1699 825 εῐωθεν,
1733 762 1807 825 ὡς
1835 763 1867 830 ή
1895 760 2034 814 κατά

378 840 489 887 τῶν
520 840 761 908 πενήτων
781 842 962 896 ἀδικία
990 847 1108 898 κατ’
1134 848 1327 911 αὐτοὺς
1351 849 1624 918 γινομένη.
1659 849 1799 902 οὑαί
1824 848 1882 900 δέ
1910 846 2032 912 τοῖς

382 920 663 1004 ἰσχύουσι
702 925 904 995 ἔλεγεν,
945 932 1041 999 οὐχ
1080 932 1263 995 ἁπλῶς
1308 933 1402 1003 τὴν
1442 934 1667 1004 δύναμιν
1711 932 2027 996 διαϐάλλων,

380 1003 511 1058 ἀλλά
548 1008 648 1077 τὴν
692 1011 783 1064 ἐπὶ
825 1013 980 1084 κακῷ
1004 1014 1249 1086 δύναμιν.
1294 1018 1467 1087 ’ἰσχὺν
1501 1018 1557 1071 δέ
1580 1003 1817 1073 ἐνταῦθα
1841 1018 1902 1070 οὐ
1931 1019 2029 1087 τὴν

378 1089 471 1141 τοῦ
515 1092 763 1163 σώματός
788 1115 970 1168 φησιν,
996 1102 1130 1154 ἀλλά
1162 1102 1261 1172 τὴν
1289 1104 1396 1156 ἀπὸ
1431 1103 1533 1173 τῆς
1560 1103 1666 1156 τῶν
1690 1102 2028 1174 πραγμάτων

380 1178 667 1251 περιϐολῆς
722 1182 1055 1239 δυναστείαν.
1095 1189 1202 1241 Καὶ
1248 1191 1448 1256 κρίσιν
1506 1189 1737 1257 ποιήσω
1789 1190 1856 1242 ἐκ
1912 1187 2027 1240 τῶν

375 1260 604 1346 ἐχθρῶν
620 1283 757 1333 μου.
784 1270 1010 1324 Κολάσω
1049 1274 1171 1335 τοὺς
1192 1274 1415 1345 ἐχθρούς
1450 1292 1574 1344 μου,
1610 1275 1834 1346 ἐχθροὺς
1864 1273 2024 1326 αὐτοῦ

376 1345 546 1415 λέγων
580 1353 703 1415 τοὺς
747 1354 853 1406 τῶν
891 1358 1138 1427 πενήτων
1194 1359 1419 1430 ἐχθροὺς
1467 1360 1554 1413 διὰ
1595 1359 1655 1412 τὸ
1702 1359 2025 1429 ἐπηρεάζειν

374 1430 531 1496 ὄντας
554 1451 565 1463 ·
598 1436 754 1490 τοῦτο
798 1440 854 1492 δὲ
886 1441 1088 1510 ἔλεγεν,
1129 1442 1215 1496 ῖνα
1249 1445 1425 1514 μάθῃς
1464 1446 1562 1514 τῆς
1587 1446 1800 1507 ἀδικίας
1831 1446 1891 1496 τδ
1926 1444 2023 1512 μέ·

374 1518 547 1585 γεθος.
581 1524 686 1575 Καὶ
712 1524 909 1588 ἐπάξω
935 1526 1049 1594 τὴν
1074 1529 1237 1596 χεῖρά
1257 1548 1376 1598 μου
1400 1531 1498 1583 ἐπὶ
1526 1530 1618 1594 σὲ,
1648 1530 1745 1582 καὶ
1773 1530 2024 1596 πυρώσω

372 1620 447 1693 (:8
478 1607 566 1693 fle
601 1612 881 1693 καθαρόν.
919 1614 1033 1693 Ἵνα
1090 1615 1283 1686 μάθῃς,
1320 1617 1403 1669 ὅτι
1441 1617 1528 1669 οἵα
1555 1616 1619 1669 ἀν
1653 1612 1739 1688 ᾖή
1770 1616 1903 1685 ὀργὴ
1929 1614 2021 1667 τοῦ

372 1682 505 1734 Θεοῦ
562 1687 655 1737 καὶ
709 1688 743 1758 ή
791 1690 1048 1760 τιμωρία,
1080 1682 1178 1746 οὐκ
1208 1682 1332 1747 ’νέπί
1371 1694 1572 1763 xaqu
1619 1682 1814 1746 κάλ’τδ
1843 1682 2021 1745 δοῦναι

369 1766 523 1838 δίκην
550 1771 755 1838 γίνεται
791 1774 971 1844 μόνον,
1000 1776 1112 1829 ἀλλ’
1139 1778 1231 1832 ἐπὶ
1261 1779 1339 1849 τῷ
1387 1779 1622 1848 βελτίους
1648 1778 1897 1846 γενέσθαι
1929 1778 2022 1830 καὶ

370 1855 565 1920 αὐτοὺς
617 1860 744 1923 τοὺς
790 1862 1199 1934 κολαζομένους.
1249 1868 1357 1922 Kal
1401 1868 1654 1935 πυρώσω
1706 1884 1797 1929 σε.
1833 1866 2017 1937 φησιν,

369 1941 456 2005 εἰς
497 1944 771 2011 καθαρόν.
808 1948 880 2000 Οὐ
924 1950 1098 2003 τοίνυν
1134 1951 1260 2005 ὅταν
1304 1953 1678 2022 κολαζώμεθα,
1726 1953 1841 2006 ἀλλ’
1892 1953 2020 2006 ὅταν

370 2025 789 2100 ἀμαρτάνωμεν,
818 2033 938 2086 τότε
970 2035 1153 2103 ἀλγεῖν
1198 2038 1431 2091 δίκαιον⁸
1456 2040 1516 2092 τὸ
1556 2040 1651 2109 μὲν
1688 2037 1797 2108 γὰρ
1827 2038 2016 2107 ῥύπον,

368 2112 428 2164 τὸ
451 2113 505 2167 δέ
536 2115 811 2187 καθαρμὸν
843 2120 1149 2189 ἐργάζεται.
1191 2124 1256 2176 Τί
1292 2125 1349 2177 δέ
1378 2129 1542 2189 ἐστιν,
1582 2128 1683 2190 Εἰς
1721 2127 1981 2192 καθαρόν
1998 2140 2019 2189 ;

380 2197 467 2263 Ὠς
496 2201 629 2272 μηδὲ
664 2204 806 2273 ἴχνος
833 2202 968 2260 εἰναι
992 2209 1139 2278 παρά
1169 2210 1250 2263 col
1274 2210 1507 2281 κηλῖδος.
1536 2212 1714 2279 Ὅπερ
1750 2210 1859 2281 γάρ
1902 2212 2017 2263 ἐστι

365 2284 445 2355 τῷ
494 2288 699 2357 χρυσίῳ
751 2291 813 2343 τὸ
846 2291 977 2363 πῦρ,
1008 2294 1162 2347 τοῦτο
1209 2297 1320 2358 τοῖς
1370 2295 1631 2367 ῥᾳθύμοις
1673 2298 1706 2366 ἠ
1757 2297 2014 2365 τιμωρία.

372 2368 519 2435 Τοὺς
546 2369 613 2423 δὲ
648 2372 1038 2441 ἀπειθοῦντας
1056 2378 1336 2432 ἀπολέσω
1355 2418 1369 2440 ,
1400 2380 1500 2432 καὶ
1540 2378 1745 2448 ἀφελῶ
1789 2378 2019 2444 πάντας

365 2454 627 2523 ἀνόμους
649 2457 769 2511 ἀπὸ
797 2460 932 2526 σοῦ,
960 2462 1056 2514 καί
1085 2462 1312 2527 πάντας
1358 2464 1780 2532 ὑπερηφάνους
1818 2479 2018 2517 ταπει-

366 2542 557 2597 νώσω.
589 2546 652 2598 Ol
698 2546 807 2617 γάρ
852 2548 1043 2602 ἀνίατα
1074 2550 1372 2615 νοσοῦντες,
1397 2551 1553 2622 φησὶ,
1594 2551 1688 2604 καὶ
1710 2550 1830 2603 οὐδὲ
1853 2568 2018 2619 τιμω-

369 2628 513 2697 ρίαις
544 2630 801 2695 εἴκοντες,
841 2633 1183 2689 ἀπολοῦνται.
1224 2636 1288 2688 Τί
1338 2635 1447 2705 γὰρ
1474 2636 1662 2704 ὄφελος
1679 2636 1779 2704 τῆς
1813 2635 2016 2688 τούτων

367 2713 532 2783 ζωῆς.
564 2716 691 2769 ὅταν
732 2717 826 2770 καὶ
854 2718 1062 2782 ἑαυτοῖς
1092 2719 1186 2773 καὶ
1230 2719 1436 2790 ἐτέροις
1490 2720 1911 2773 ἐπιϐουλεύωσιν
1958 2721 2017 2774 ἐν

365 2799 444 2869 τῷ
487 2798 621 2872 ζῇν;
662 2802 724 2855 Ol
766 2802 822 2856 δὲ
877 2804 941 2856 ἐκ
985 2805 1084 2875 τῆς
1127 2805 1351 2859 ἐκείνων
1401 2807 1672 2874 τιμωρίας
1730 2806 2015 2876 δυνάμενοι

370 2885 607 2954 βελτίους
634 2890 904 2957 γενέσθαι,
936 2891 1173 2963 μενοῦσι.
1193 2894 1348 2946 Δοκεῖ
1363 2893 1420 2946 δέ
1441 2910 1529 2963 μοι
1551 2893 1783 2947 ἐνταῦθα
1806 2894 1897 2947 καί
1917 2894 2016 2962 τὴν

366 2974 741 3043 αἰχμαλωσίαν
782 2978 1127 3032 αἰνίττεσθαι.
1160 2978 1269 3031 Kal
1302 2978 1608 3044 ἐπιστήσω
1645 2978 1787 3044 τοὺς
1813 2979 2016 3046 κριτάς

365 3074 504 3123 σου,
528 3062 610 3128 ὡς
640 3064 707 3115 τὸ
740 3064 1043 3132 πρότερον,
1078 3063 1176 3117 καί
1203 3063 1339 3130 τοὺς
1362 3065 1747 3134 συμϐούλους
1776 3082 1913 3132 σου,
1935 3067 2016 3130 ὡς

365 3144 434 3198 τὸ
456 3146 556 3200 ἀπ’
589 3147 796 3217 ἀρχῆς.

437 3231 499 3286 θ’.
545 3234 804 3288 Ἐνταῦθα
830 3234 924 3304 τὴν
962 3236 1215 3290 ἐπάνοδόν
1252 3254 1404 3308 φησι.
1432 3238 1551 3291 Τῶν
1584 3255 1642 3290 τε
1678 3239 1785 3310 γάρ
1824 3242 2016 3295 ἀνίατα

367 3319 660 3373 νοσούντων
719 3320 1107 3390 ἀναιρεθέντων
1134 3363 1148 3387 ,
1198 3323 1303 3375 τῶν
1357 3341 1415 3376 τε
1484 3325 1796 3393 ἐπιμέλειαν
1851 3328 2015 3380 ἐνδεί-

369 3408 559 3472 ξασθαι
595 3420 617 3448 ο
666 3410 972 3480 δυναμένων
1014 3412 1436 3482 διορθωθέντων,
1494 3416 1761 3486 εὐκαίρως
1816 3417 1909 3468 καί⁵
1957 3417 2016 3469 τὸ

365 3495 549 3549 λοιπὸν
598 3497 694 3566 τῆς
753 3497 1043 3567 θεραπείας
1076 3494 1211 3561 εἶδος
1250 3501 1613 3569 προστίθεται,
1635 3502 1869 3572 δοκίμων
1920 3502 2017 3572 ἀρ-

366 3582 565 3651 χόντων
621 3583 928 3647 ἐπιστασία,
954 3584 1048 3637 καὶ
1106 3584 1421 3654 συμϐούλων
1479 3587 1695 3654 ἀγαθῶν
1736 3587 1895 3657 φορὰ,
1932 3588 2015 3640 ῖνα

365 3667 461 3719 καὶ
504 3666 595 3719 τοῦ
643 3666 888 3737 σώματος
946 3670 1178 3732 εἴκοντος
1222 3674 1331 3731 τοῖς
1398 3673 1726 3742 φαρμάκοις,
1772 3674 1867 3726 καὶ
1908 3674 2016 3727 τῶν

370 3752 565 3823 ἰατρῶν
597 3753 827 3822 ἀρίστων
848 3754 1032 3816 ὄντων,
1068 3755 1399 3825 πανταχόθεν
1424 3758 1555 3827 πρὸς
1588 3758 1793 3825 ὑγίειαν
1821 3759 2014 3829 ἐπανίῃ

365 3838 433 3891 τά
464 3839 561 3907 τῆς
592 3838 796 3902 πόλεως
837 3840 997 3911 μέρη.
1030 3840 1103 3893 Οὐ
1136 3841 1244 3912 γὰρ
1284 3842 1479 3912 μικρὸν
1516 3843 1831 3913 εὐεργεσίας
1855 3840 2013 3906 εἶδος,

366 3928 638 3996 ἀρχόντων
682 3930 1059 3998 ἐπιτυγχάνειν
1088 3929 1323 3998 ἀγαθῶν.
1360 3931 1467 3984 Kal
1487 3932 1635 4000 μετὰ
1656 3932 1841 3985 ταῦτα
1871 3938 2018 4001 κλη-

366 4014 525 4083 θήσῃ
558 4016 732 4080 πόλις
778 4013 1191 4083 δικαιοσύνης,
1238 4017 1603 4085 μητρόπολις
1630 4016 1783 4071 Σιὼν
1810 4020 2013 4087 πιστή.

366 4100 557 4153 Καίτοι
582 4115 644 4167 γε
680 4099 909 4169 οὐδαμοῦ
939 4100 1092 4153 τοῦτο
1130 4100 1452 4172 εὑρίσκομεν
1478 4102 1539 4155 τὸ
1569 4103 1738 4173 ὄνομα
1758 4107 1823 4175 τῇ
1868 4105 2015 4159 πόλει

364 4183 471 4237 τῶν
507 4183 889 4254 Ἰεροσολύμων
941 4185 1206 4241 ἐπιτεθέν.
1237 4187 1301 4238 Τί
1344 4183 1435 4242 οῦν
1475 4189 1542 4240 ἀν
1582 4189 1862 4258 είποιμεν;
1895 4191 2016 4244 Ὅτι

364 4269 463 4341 τὴν
506 4269 613 4322 ἀπὸ
652 4270 759 4322 τῶν
811 4270 1149 4340 πραγμάτων
1197 4273 1563 4342 προσηγορίαν
1606 4274 1836 4327 ἐνταῦθά
1864 4293 2014 4345 φησι.

434 4354 602 4409 Τοῦτο
624 4355 679 4407 δέ
706 4357 836 4427 ήμῖν
859 4357 918 4409 οὐ
949 4357 1139 4426 μικρὸν
1172 4358 1523 4428 συμϐαλεῖται
1544 4360 1595 4424 ⁸³,
1624 4361 1750 4414 ὅταν
1782 4363 2018 4416 ἀπαιτῶ-

367 4459 453 4497 σιν
472 4444 615 4511 ἡμᾶς
630 4443 868 4495 Ἰουδαῖοι
887 4442 979 4495 τοῦ
995 4444 1335 4515 Ἐμμανουήλ
1355 4443 1451 4515 τὴν
1472 4446 1783 4516 ἑρμηνείαν.
1802 4449 2017 4517 Ἐπειδὴ

364 4528 474 4599 γὰρ
517 4526 741 4589 Ἡσαΐας
774 4526 938 4599 ἐφησε
966 4530 1055 4581 τὸν
1083 4529 1316 4601 Χριστὸν
1333 4529 1503 4595 οὕτως
1530 4532 2014 4604 ὀνομασθήσεσθαι,

363 4612 596 4682 οὐδαμοῦ
621 4612 676 4665 δὲ
710 4611 1039 4682 ὠνόμασται,
1061 4616 1306 4684 εἴποιμεν
1329 4616 1393 4669 ἀν
1416 4618 1549 4687 πρὸς
1572 4618 1786 4681 αὐτοὺς,
1816 4620 1896 4671 ὅτι
1919 4621 2017 4689 τὴν

364 4700 473 4753 ἀπὸ
510 4699 615 4752 τῶν
670 4700 1009 4769 πραγμάτων
1064 4701 1336 4771 σημασίαν
1372 4702 1569 4772 ἔφησεν
1625 4705 1793 4774 ὄνομα
1842 4701 2012 4758 εἶναι·

363 4784 549 4857 ὥσπερ
597 4782 689 4839 οῦν
733 4787 826 4839 καὶ
862 4785 1111 4841 ἐνταῦθα.
1162 4786 1325 4841 Μετὰ
1369 4787 1478 4857 γὰρ
1518 4791 1794 4858 κρίματος
1824 4792 2017 4858 mum}-

364 4885 533 4923 σεται
565 4872 603 4937 ἡ
656 4873 1031 4939 αἰχμαλωσία
1052 4874 1257 4941 αὐτῆς,
1282 4873 1381 4928 καί
1410 4875 1561 4943 μετὰ
1577 4876 2013 4945 ἐλεημοσύνης.

362 4958 525 5011 Μετὰ
557 4959 854 5026 κρίματος,
903 4959 1166 5023 τουτέστι,
1204 4957 1322 5032 [l7]
1362 4960 1499 5031 μετὰ
1550 4961 1704 5031 δίκης
1736 4964 1829 5014 καὶ
1860 4965 2017 5019 κολά-

428 5083 454 5111 ⁸
478 5080 763 5151 legendum
788 5086 926 5151 autat
949 5082 1171 5151 _Allenus
1201 5083 1286 5132 τοῦ
1328 5087 1395 5134 δέ.
1436 5085 1562 5135 Infra
1596 5089 1702 5134 κατ’
1721 5089 1888 5143 αὐτούς
1908 5095 2017 5151 post

363 5142 682 5205 aagxiadeest
717 5145 767 5205 lu
786 5142 1036 5205 WBAa‘varico.

424 5202 452 5240 δ
480 5202 583 5249 Οὐκ
606 5201 943 5250 ἐπικαλῶεεν.
969 5208 1019 5251 ει
1050 5202 1217 5251 Morel.
1248 5204 1416 5253 Series
1438 5208 1605 5255 mutila
1628 5208 1704 5255 vel
1732 5206 1893 5257 vitiata
1921 5215 2012 5258 est.

363 5262 542 5309 Locum
566 5262 758 5325 gicyull
778 5265 969 5325 restitui
1004 5263 1174 5321 Savil.,
1196 5264 1285 5325 sed
1310 5276 1371 5311 ex
1396 5268 1671 5325 conjectura
1700 5274 1880 5316 tantum
1904 5290 1915 5317 :
1938 5273 2015 5318 καὶ

363 5326 392 5393 ᾖ
417 5320 625 5393 τιμωρία
640 5322 713 5393 ἐπὶ
735 5324 883 5393 καλεῖ),
906 5326 985 5393 καὶ
1018 5320 1344 5393 00_1§5_60_Bvat_.
1373 5320 1509 5393 δίκην
1532 5328 1882 5393 γίνεταιᾼμρνον,
1899 5331 2015 5393 Δἀλλ’

365 5383 439 5430 ἐπὶ
465 5380 985 5447 λεῷ-βελτίουςβρὴίυε
1008 5398 1019 5431 :
1047 5380 1148 5432 οὐχ’
1176 5385 1249 5432 ἐπὶ
1270 5380 1481 5447 κολάσει,
1505 5380 1583 5432 καί
1606 5390 1673 5447 τῷ
1696 5380 2015 5446 δοῦναιδίκην.

365 5447 466 5508 εἰς.
485 5442 728 5508 ᾼΙίειιιιςὶ
743 5441 828 5508 οῦκ
852 5443 923 5489 ἐπὶ
944 5448 1095 5508 κακῷ,
1114 5447 1193 5492 καὶ
1213 5447 1280 5505 τῷ
1300 5444 1459 5493 δοῦναι
1501 5447 1633 5503 δίκην
1650 5441 1827 5505 ’γίνεται
1858 5441 2011 5508 μόνον,

365 5501 467 5549 ἀλλ’
492 5501 564 5547 ἐπὶ
585 5503 680 5565 τῷἒ
701 5502 883 5565 Bpisius
912 5501 1061 5565 mulla'
1084 5501 1330 5565 'congei'il,
1377 5514 1428 5553 ut
1467 5501 1795 5564 conjecturam
1841 5501 2015 5555 euulir-

365 5564 467 5627 mel
488 5560 636 5607 suam;
652 5560 749 5609 Sed
770 5561 872 5610 haec
894 5563 1051 5611 omnia
1076 5560 1332 5627 diviﬁaudo
1356 5560 1600 5624 dicunlu},
1620 5579 1707 5614 nec
1731 5574 1890 5627 potest
1907 5582 2014 5613 sum

364 5620 569 5685 allatum
590 5634 703 5685 ωδε
724 5635 817 5685 ope
844 5626 974 5670 locus
994 5624 1201 5672 reslilui.
1227 5626 1276 5672 Si
1301 5639 1391 5685 qua
1434 5640 1496 5675 ex
1525 5620 1684 5675 alfalis
1727 5620 2016 5685 éonjecturis

362 5681 548 5787 aidmiu!
568 5682 856 5787 ⁸ικῖεςὶῃούκ
881 5685 953 5730 ἐπὶ
979 5686 1113 5746 κακῷ
1134 5681 1347 5744 mallem,
1374 5698 1428 5734 ac
1448 5700 1555 5735 cum
1579 5690 1649 5735 sic
1666 5681 1838 5735 habeal
1864 5689 2013 5735 Bam-

364 5753 388 5786 r
410 5754 511 5787 cus.
539 5754 607 5787 εις
654 5754 759 5787 ego.

410 5754 511 5793 eus.
539 5754 607 5788 εις
634 5754 759 5800 lego.

429 5805 449 5829 ⁰
476 5799 733 5847 Bavuricds
754 5803 980 5853 δέξασθαι.

425 5859 448 5897 d
478 5861 595 5930 (leg.
627 5866 679 5907 et
720 5862 928 5908 Savilius
973 5865 1319 5930 quasi)._)_.nrm._
1345 5865 1441 5930 Sed
1484 5866 1739 5930 Ravpyicus
1762 5870 2013 5930 συμϐαλεῖο

378 5937 460 5970 tm.
485 5924 603 5979 Qua:
624 5935 730 5970 mox
753 5929 1023 5982 sequuntur
1044 5927 1285 5974 tantillum
1310 5928 1529 5975 inlrlcala
1552 5927 1789 5975 videnlur.

2135 522 2269 568 σεως
2293 507 2385 559 καί
2416 505 2678 575 τιμωρίας
2702 503 2810 557 τῶν
2839 502 3126 571 πολεμίων.
3167 500 3325 554 Μετὰ
3344 500 3785 568 ἐλεημοσύνης,

2130 590 2401 653 τουτέστι,
2466 590 2663 658 πολλῆς
2731 588 2828 658 τῆς
2893 586 3308 655 φιλανθρωπίας.
3377 586 3477 637 Δύο
3550 586 3785 638 ἐνταῦθα

2138 673 2522 740 ἐπαγγέλλεται
2550 672 2795 742 ιμέγιστα
2822 672 3003 733 αὐτοῖς
3032 670 3199 740 δῶρα,
3236 671 3294 722 τό
3332 686 3391 723 τε
3419 669 3571 739 δίκην
3598 668 3787 722 δοῦναι

2134 758 2258 819 τοὺς
2289 758 2660 825 ἐπαγαγόντας
2680 797 2694 819 ,
2729 757 2789 809 τό
2820 773 2878 808 τε
2904 756 3098 818 αὐτοὺς
3131 755 3328 825 πολλῆς
3352 754 3648 808 ἀπολαῦσαι
3676 756 3787 823 τῆς

2134 844 2449 914 εὐημερίας,
2476 838 2550 897 ὧν
2582 844 2806 896 ἕκαστον
2837 844 2928 896 καὶ
2954 842 3075 897 καθ’
3112 842 3270 896 ἐαυτδ
3303 842 3562 911 μεγίστην
3595 841 3787 894 ἰκανὸν

2132 931 2434 997 παρασχεῖν
2482 929 2706 998 ἡδονήν·
2752 928 2877 981 ὅταν
2933 928 2989 980 δέ
3027 928 3121 981 καὶ
3171 928 3450 997 ἀμφότερα
3476 926 3783 995 συνδράμῃ,

2131 1012 2334 1079 ἀφατος
2364 1013 2554 1081 γένοιτ’
2589 1013 2655 1066 ἀν
2695 1015 2727 1081 ή
2782 1013 3103 1083 εὐφροσύνη.
3137 1012 3342 1073 Ἀλλως
3383 1028 3440 1063 τε
3484 1010 3575 1063 καὶ
3609 1010 3785 1074 δεῖξαι

2134 1099 2467 1169 βουλόμενος,
2500 1099 2580 1151 ὅτι
2612 1100 2705 1152 καὶ
2747 1100 2880 1168 μετά
2902 1100 3000 1168 τὴν
3026 1099 3237 1169 μακρὰν
3266 1096 3655 1167 αἰχμαλωσίαν,
3714 1096 3783 1147 οὐ

2130 1184 2217 1237 διὰ
2242 1186 2301 1237 τὸ
2329 1185 2506 1238 δοῦναι
2538 1184 2691 1254 δίκην
2721 1185 2893 1249 ἀξίαν,
2926 1185 3016 1236 καί¹
3044 1184 3103 1235 τὸ
3142 1184 3208 1235 τά
3236 1184 3601 1251 ἁμαρτήματα
3634 1183 3782 1233 ἀπο-

2131 1270 2408 1339 κείρασθαι
2439 1282 2483 1334 ο,
2514 1271 2646 1323 ἀλλά
2674 1272 2760 1323 διὰ
2786 1271 2881 1339 τὴν
2908 1269 3305 1337 φιλανθρωπίαν
3332 1269 3428 1335 τὴν
3451 1267 3612 1320 αὐτοῦ
3638 1267 3782 1337 πρὸς

2129 1355 2225 1425 τήν
2262 1358 2462 1409 οἰκείαν
2519 1358 2872 1422 ἐπανάγονται
2894 1395 2907 1417 ,
2944 1356 3036 1407 καὶ
3088 1354 3234 1407 ἐλέου
3294 1354 3488 1423 μᾶλλόν
3539 1354 3682 1405 ἐστιν
3740 1354 3779 1419 ἡ

2132 1440 2392 1509 σωτηρία,
2425 1441 2457 1511 ἢ
2489 1441 2805 1502 ἀντιδόσεως
2837 1441 2929 1492 καί
2958 1440 3207 1509 ἀμοιϐῆς,
3232 1440 3495 1508 ἐπήγαγε,
3516 1438 3622 1492 Kal
3644 1436 3780 1506 μετ’

2127 1524 2553 1593 ἐλεημοσύνης.
2578 1525 2683 1579 Kal
2711 1525 3208 1593 συντριϐήσοντιιι
3246 1528 3299 1577 οι
3353 1524 3554 1592 ἄνομοι
3585 1523 3680 1576 καί
3720 1525 3779 1574 οι

2127 1611 2454 1677 ἁμαρτωλοὶ
2487 1612 2625 1680 ἅμα.
2658 1609 2850 1681 Τρίτον
2889 1611 2981 1662 καὶ
2998 1610 3153 1662 τοῦτο
3186 1609 3496 1678 εὐεργεσίας
3526 1603 3681 1669 εἶδος,
3714 1608 3781 1659 τὸ

2130 1696 2333 1765 μηδένα
2357 1692 2493 1749 εἶναι
2507 1698 2597 1749 τὸν
2620 1696 2834 1766 παρασύ
2845 1713 2999 1766 ροντα
3022 1695 3113 1747 καὶ
3136 1695 3267 1763 πρὸς
3292 1696 3503 1762 ἀπάτην
3524 1694 3777 1753 ἕλκοντα,

2125 1781 2239 1833 ἀλλ’
2267 1782 2506 1835 ἐκποδὼν
2527 1783 2767 1849 γίνεσθαι
2813 1783 2936 1843 τοὺς
2964 1784 3061 1851 τῆς
3103 1782 3363 1849 πονηρίας
3402 1780 3775 1839 διδασκάλους.

2126 1868 2234 1920 Kal
2285 1870 2339 1920 οἰ
2380 1868 2903 1936 ἐγκαταλείποντες
2954 1868 3058 1920 τὸν
3105 1866 3320 1933 Κύριον
3369 1865 3778 1931 συντελεσθιίθ

2125 1967 2351 2007 σονται.
2384 1955 2450 2010 Ol
2482 1955 2538 2007 δέ
2594 1954 2826 2016 ἀσεϐεῖς,
2858 1956 3041 2025 φησὶν,
3077 1952 3418 2005 ἀπολοῦνται.

2192 2044 2342 2095 Διότι
2367 2042 2483 2095 νῦν
2501 2041 3009 2110 αἰσχυνθήσονται
3036 2041 3104 2092 ἐν
3131 2039 3253 2103 τοῖς
3275 2038 3533 2101 εἰδώλοις
3551 2035 3774 2099 αὐτῶν,

2122 2126 2213 2195 ἐφ’
2227 2122 2317 2193 οἷς
2331 2128 2497 2181 αὐτοί
2516 2128 2849 2180 ἐϐούλοντο.
2869 2126 3020 2187 Τινὲς
3042 2126 3137 2193 μὲν
3158 2127 3248 2177 καὶ
3269 2124 3406 2175 κατά
3422 2123 3510 2173 τὸν
3528 2123 3775 2191 παρόντα

2123 2213 2310 2284 καιρὸν
2336 2213 2404 2266 τά
2432 2212 2693 2285 εἰρημένα
2737 2212 2993 2283 ἁρμόζειν
3026 2210 3387 2279 ἐπιχειροῦσιν
3408 2224 3419 2236 ·
3462 2208 3573 2261 ἀλλ’
3610 2209 3775 2275 ἡμεῖς

2122 2298 2243 2351 οὐτε
2272 2300 2510 2363 ἐκείνους
2546 2298 2915 2368 αἰτιασόμεθα,
2967 2296 3060 2350 καὶ
3087 2299 3153 2366 τῇ
3198 2294 3481 2363 ἀκολουθίᾳ
3510 2294 3770 2362 ἑψόμεθα.

2123 2384 2306 2436 Ταῦτα
2343 2384 2451 2454 γάρ
2471 2386 2634 2445 ἐστιν,
2671 2383 2707 2436 ἀ
2753 2382 3117 2453 συμϐήσεσθαί
3168 2397 3327 2450 φησιν
3371 2380 3459 2431 ὲ,πί
3507 2379 3605 2447 τῆς
3658 2378 3773 2429 τῶν

2126 2465 2391 2535 πολεμίων
2414 2466 2621 2533 ἐφόδου.
2656 2467 2822 2518 Ὅταν
2874 2465 2978 2536 γάρ
3008 2464 3100 2516 τοῦ
3138 2464 3408 2534 βαρϐάρου
3453 2461 3548 2530 τὴν
3587 2459 3773 2530 χώραν

2122 2552 2560 2622 κατατρέχοντος,
2592 2554 2685 2605 καὶ
2700 2552 2797 2621 τὴν
2824 2552 2975 2603 πόλιν
3006 2550 3435 2620 περικαθημένου
3455 2587 3469 2610 ,
3509 2548 3602 2599 καὶ
3630 2548 3772 2599 πάν-

2120 2649 2214 2695 τας
2242 2633 2315 2694 ὼς
2340 2635 2397 2685 ἐν
2424 2633 2657 2696 δικτύοις
2685 2632 2879 2701 μέσους
2911 2630 3140 2700 ἔχοντος,
3169 2630 3351 2698 μηδεὶς
3394 2630 3421 2679 ὁ
3471 2626 3688 2696 ἀμύνων

2122 2714 2214 2765 καὶ
2238 2713 2297 2765 τὸ
2321 2713 2477 2780 νέφος
2504 2715 2673 2765 ἐκεῖνο
2699 2714 3109 2781 διακρουόμενος
3132 2711 3216 2763 διὰ
3255 2711 3350 2777 τὴν
3388 2708 3770 2775 ἐγκατάλειψιν

2120 2796 2212 2849 τοῦ
2254 2796 2410 2860 Θεοῦ,
2443 2798 2664 2860 εἰκότως
2718 2799 2811 2850 καὶ
2865 2798 2924 2859 ἐξ
2973 2798 3140 2863 αὐτῆς
3162 2796 3265 2846 τῶν
3297 2795 3628 2864 πραγμάτων
3668 2795 3769 2862 τῆς

2122 2881 2313 2951 πείρας
2364 2881 2527 2951 πολλὴ
2555 2881 3117 2949 κατασκεδασθήσετο.ι
3146 2880 3248 2930 τῶν
3282 2879 3349 2930 τὰ
3380 2879 3570 2931 εἴδωλα
3611 2878 3767 2947 θερα·

2121 2967 2388 3019 πευόντων
2442 2968 2475 3036 ἡ
2531 2967 2779 3036 αἰσχύνη.
2851 2965 2969 3033 Ἐφ’
3032 2960 3118 3026 οἷς
3165 2965 3503 3021 ἐϐούλοντο.
3556 2964 3681 3032 περὶ
3727 2963 3771 3017 ἃ.

2120 3051 2559 3115 ἐσπουδάκεισαν,
2607 3051 2758 3122 φησί.
2810 3051 2919 3103 Kal
2958 3051 3464 3118 αἰσχρν--θήσοντιιι
3502 3048 3596 3101 ἐπί
3642 3049 3767 3117 τοῖς

2121 3138 2402 3208 γλυπτοῖς
2433 3138 2648 3202 αὐτῶν,
2689 3138 2772 3205 ἐφ’
2805 3131 2884 3199 οἷς
2924 3137 3199 3205 ἐποίησαν.
3243 3137 3327 3187 Ἐν
3382 3134 3531 3197 τάξει
3576 3135 3767 3203 διηγή-

2122 3240 2256 3287 σεως
2287 3224 2610 3294 κατηγορίαν
2643 3222 2867 3293 τίθησιν.
2908 3224 3101 3293 Ἤρκει
3150 3222 3254 3291 γὰρ
3287 3220 3377 3273 καί
3404 3221 3507 3291 πρὸ
3534 3220 3628 3288 τῆς
3657 3220 3767 3273 τῶν

2119 3311 2440 3381 τραυμάτων
2485 3310 2774 3371 ἐκϐάσεως,
2798 3309 2889 3361 καὶ
2947 3309 3105 3370 αὐτὸς
3152 3308 3248 3375 τῆς
3272 3306 3521 3374 τοιαύτης
3548 3305 3759 3357 εἰδωλο·

2121 3396 2299 3459 ποιίας
2348 3398 2375 3447 ὁ
2425 3396 2619 3467 τρόπος
2659 3396 2851 3456 αὐτοὺς
2882 3393 3250 3463 καταισχῦναι.
3282 3393 3344 3443 Τί
3401 3393 3508 3462 γὰρ
3550 3392 3769 3460 αἰσχρό-

2121 3498 2274 3553 τερον
2298 3481 2391 3533 τοῦ
2421 3482 2536 3534 θεόν
2564 3499 2681 3533 τινα
2708 3479 2881 3549 ἐαυτῷ
2898 3482 3065 3531 ποιεῖν
3087 3497 3099 3539 ;
3129 3479 3231 3530 Kal
3257 3475 3766 3545 αἰσχυνθήσονται

2119 3566 2217 3619 ἐπὶ
2255 3568 2374 3633 τοῖς
2398 3568 2609 3632 κήποις
2640 3565 2852 3629 αὐτῶν,
2883 3564 2974 3633 ἐφ’
3002 3560 3089 3630 οἷς
3127 3564 3524 3631 ἐπεθύμησαν.
3553 3563 3627 3614 Οὐ
3655 3562 3767 3629 γὰρ

2120 3655 2183 3722 δὴ
2208 3654 2367 3719 ξόανα
2394 3654 2755 3724 προσεκύνουν
2797 3652 2973 3721 μόνον,
2996 3650 3129 3702 ἀλλά
3160 3651 3250 3702 καὶ
3281 3649 3465 3719 δένδρα
3487 3649 3543 3700 ἐν
3566 3649 3767 3718 κήποις

2121 3740 2465 3810 ἐθεράπευον.
2520 3741 2792 3791 Ἔσονται
2830 3738 2939 3807 γὰρ
2987 3737 3063 3801 ὡς
3097 3733 3423 3803 τερέϐινθος
3447 3732 3769 3801 ἀποϐεϐλη-

2122 3826 2260 3878 κυῖα
2294 3825 2482 3894 αὐτῆς
2506 3824 2578 3878 τὰ
2615 3826 2836 3893 φύλλα.
2867 3824 3021 3875 Ἤτοι
3058 3821 3123 3873 τὰ
3148 3821 3338 3874 εἴδωλα
3366 3819 3406 3880 τ,
3438 3819 3469 3890 ἢ
3520 3819 3671 3871 αὐτοὶ
3713 3820 3766 3871 οἰ

2122 3911 2217 3981 τὴν
2252 3912 2402 3965 πόλιν
2432 3910 2718 3971 οἰκοῦντες.
2747 3908 2855 3977 Τὴν
2887 3908 2943 3960 δὲ
2977 3908 3156 3959 εἰκόνα
3184 3906 3273 3957 τοῦ
3318 3904 3530 3974 δένδρου
3573 3902 3763 3956 τούτου

2123 4000 2426 4068 παρήγαγε,
2472 3998 2558 4050 διά
2600 4013 2660 4047 τε
2706 3996 2763 4047 τὸ
2790 3994 3046 4064 ἐγχώριον
3081 3990 3213 4045 εἶναι
3245 3994 3473 4061 μάλιστα
3505 3991 3565 4043 τὸ
3598 3992 3765 4057 φυτὸν

2122 4085 2214 4136 καὶ
2242 4085 2374 4136 πολὺ
2431 4085 2559 4152 παρ’
2613 4081 2813 4142 αὐτοῖς,
2839 4081 2931 4131 καὶ
2974 4078 3058 4131 διὰ
3090 4079 3148 4130 τὸ
3205 4078 3403 4147 σφόδρα
3442 4076 3617 4127 ἀνθεῖν
3670 4079 3766 4129 καὶ

2119 4168 2418 4237 τεθηλέναι,
2479 4167 2637 4238 ήνίκα
2694 4166 2757 4219 ἂν
2804 4165 3045 4234 ἀκμάζῃ,
3094 4165 3185 4216 καὶ
3228 4162 3458 4231 ἐσχάτην
3490 4163 3765 4231 ἀμορφίαν

2121 4254 2503 4318 ἐνδείκνυσθαι,
2561 4253 2777 4305 ἐπειδὰν
2836 4251 3109 4320 ἀποϐάλλῃ
3166 4249 3233 4301 τὰ
3288 4247 3477 4317 φύλλα.
3517 4248 3625 4299 Kal
3682 4248 3763 4314 ὠς

2121 4340 2479 4407 παράδεισος
2509 4338 2662 4406 ὕδωρ
2693 4338 2777 4405 μὴ
2817 4336 2989 4403 ἔχων.
3023 4336 3128 4387 Kal.
3156 4337 3189 4402 ἡ
3225 4334 3446 4403 δευτέρα
3476 4330 3636 4383 εἰκὼν
3662 4333 3763 4401 τῆς

2122 4426 2388 4496 προτέρας
2437 4424 2763 4492 σαφεστέρα,
2792 4422 2885 4475 καὶ
2914 4421 3240 4489 πιστουμένη
3272 4419 3377 4470 τῶν
3413 4419 3503 4469 ἐπὶ
3532 4420 3595 4485 τῇ
3633 4434 3760 4486 προ-

2121 4510 2252 4579 τέρᾳ
2273 4510 2442 4576 λόγων
2474 4509 2772 4579 εἰρημένων
2800 4517 2845 4559 ε.
2897 4506 3028 4558 Οὔτε
3061 4506 3166 4575 γὰρ
3202 4504 3521 4573 παραδείσου
3547 4503 3764 4556 θάλλον-

2119 4612 2211 4657 τος
2237 4595 2609 4663 τερπνότερον,
2639 4592 2760 4645 οὐτε
2781 4590 3150 4661 ἐρημωθέντος
3183 4591 3589 4660 ἀτερπέστερον.
3621 4592 3764 4658 ἅπερ

2121 4682 2399 4751 ἀμφότερα
2426 4680 2641 4748 γέγονεν
2664 4679 2753 4730 ἐπὶ
2768 4678 2864 4747 τῆς
2893 4676 3266 4746 μητροπόλεως
3286 4676 3509 4745 ἐκείνης.
3531 4676 3763 4728 Πάντοτε

2120 4765 2317 4836 γὰρῆν
2347 4766 2582 4835 ἀμείνων
2631 4764 2723 4816 καί
2764 4764 3129 4832 λαμπροτέρα,
3180 4761 3389 4830 μυρίοις
3429 4760 3762 4822 καλλωπιζο-

2124 4853 2260 4923 μένη
2309 4852 2565 4920 κόσμοις*
2618 4852 2711 4902 καὶ
2763 4850 2975 4901 πάντων
3027 4848 3373 4915 εὐτελεστέρα
3426 4847 3611 4913 γέγονε
3672 4846 3764 4897 καὶ

2122 4939 2479 5006 αἰσχροτέρα,
2529 4935 2775 4987 τοσοῦτον
2836 4934 3025 5003 ἀθρόον
3078 4931 3367 5000 εὐκοσμίας
3419 4928 3763 4982 ἀπολαϐοῦσα

2122 5023 2366 5077 πλοῦτον.
2423 5020 2533 5074 Καὶ
2595 5023 2763 5074 ἐσται
2821 5021 2858 5086 ἡ
2927 5019 3102 5087 ἰσχὺς
3160 5018 3352 5070 αὐτῶν
3398 5018 3477 5081 ὠς
3527 5016 3763 5083 καλάμη

2121 5111 2521 5165 στυππίου.Αἰ
2549 5110 2802 5179 πρότεραι
2824 5108 2940 5176 ’μὲν
2970 5107 3170 5167 εἰκόνες
3198 5106 3207 5175 1
3230 5104 3311 5174 18]
3342 5105 3417 5165 εἰς
3449 5103 3508 5153 τὸ
3529 5101 3764 5171 ἀτερπὲς

2121 5196 2559 5266 παρελήφθησαν,
2586 5195 2722 5262 αῦτη
2746 5194 2798 5245 δὲ
2829 5195 2905 5254 εἰς
2925 5193 2982 5245 τὸ
3003 5192 3251 5253 ἀσθενές·
3288 5191 3452 5241 πᾶσαι
3480 5188 3533 5239 δὲ
3561 5189 3764 5256 σφόδρα

2121 5286 2383 5353 ἐναργεῖς,
2421 5283 2512 5333 καὶ
2550 5280 2682 5333 πολὺ
2738 5279 2795 5329 τὺ
2841 5280 3005 5345 σαφὲς
3039 5278 3129 5329 καὶ
3171 5274 3494 5343 ἐμφαντικὸν
3524 5273 3759 5341 ἔχουσαι.

2131 5372 2223 5433 Ὡς
2262 5366 2496 5435 καλάμη
2543 5365 2867 5424 στυππίου,
2916 5363 3204 5422 τουτέστιν,
3251 5358 3510 5421 ἀσθενεῖς.
3553 5359 3660 5410 Kal
3702 5362 3763 5411 αἰ

2183 5519 2204 5544 ε
2230 5508 2319 5553 Kal
2342 5507 2395 5553 τὸ
2427 5506 2486 5551 τὰ
2513 5504 2825 5565 ἁμαρτήματα
2861 5502 3210 5565 ἀποκείρασθαι.
3247 5496 3419 5545 Nescio
3454 5510 3513 5545 an
3555 5509 3765 5556 unquam

2118 5568 2263 5613 talem
2290 5580 2425 5615 usum
2449 5563 2581 5613 vocis
2598 5563 2930 5623 ἀποκείρασθαι
2955 5563 3176 5623 viderim.

2186 5626 2202 5661 ί
2232 5628 2363 5683 Haec,
2390 5628 2495 5681 ἤτοι
2526 5626 2584 5671 τὰ
2611 5617 2800 5679 εἴδωλα,
2839 5622 3016 5669 desum.
3056 5624 3105 5668 in
3137 5618 3285 5666 Savil.
3324 5623 3374 5665 et
3400 5617 3541 5677 303.,
3564 5617 3649 5663 sed
3677 5617 3759 5663 lm-

2117 5686 2297 5733 bentnr
2321 5691 2369 5734 in
2391 5688 2635 5733 Bavarico.

2181 5750 2204 5785 ε
2236 5748 2343 5793 1³0ςί
2372 5747 2621 5807 εἰρημένων
2644 5744 2829 5807 Boislus
2852 5740 2959 5789 addi
2974 5742 3089 5807 _vull
3112 5736 3517 5807 é).ﬁﬂscav:(Su}‘il.
3540 5736 3765 5807 {affam-

2117 5808 2282 5865 νείαν.)
2308 5799 2489 5853 Ibidem
2519 5813 2625 5865 post
2641 5804 2938 5863 τερπνότερον
2957 5802 3095 5848 deest
3122 5815 3181 5863 τι.
3217 5799 3360 5865 (ιυοό⁸
3382 5799 3525 5865 ειὶιιηι
3551 5803 3661 5865 uule
3685 5809 3765 5853 pu-

2119 5858 2276 5913 silum'
2303 5867 2452 5913 fuisse
2499 5858 2673 5924 ﬁuluil.
2698 5858 2981 5925 'Paulo'posl
3018 5858 3544 5925 ρῐοπαντοτεΔΑΗειιιιε
3593 5858 3762 5925 legan-

2120 5930 2232 5975 dum
2271 5934 2402 5987 pulul
2429 5918 2610 5973 πάντων
2632 5940 2695 5972 τε.
2720 5924 2816 5971 Sed
2838 5918 3050 5980 πάντοτέ,
3081 5921 3123 5966 ni
3140 5918 3295 5974 fallor,
3321 5919 3430 5964 ferri
3455 5921 3629 5977 potest.
