4044 6398
242 464 314 517 25

239 574 319 620 ea,
352 573 471 626 qua!
498 568 690 627 prteter
716 573 862 629 spem
891 562 1199 629 consequuti
1228 567 1371 624 sunt,
1395 558 1666 623 beneﬁcia,
1697 573 1815 627 gra-

239 664 460 717 vesque,
487 664 619 719 quas
650 650 787 719 passi
808 660 949 714 sunt,
979 666 1180 719 pmnas.
1210 651 1340 715 Quia
1368 651 1507 703 enim
1534 666 1652 702 cum
1676 664 1813 717 sa-pe

237 749 291 791 et
321 740 486 793 multa
532 750 859 809 peccassent,
889 751 941 795 et
972 756 1210 811 magnam
1253 742 1344 794 Dei
1377 740 1677 808 patientiam
1717 754 1811 792 cx-

238 830 373 898 perti
419 839 618 896 essent,
675 831 728 884 in
777 831 1032 900 ignaviam
1084 830 1394 892 inciderunt,
1442 829 1491 883 id
1534 840 1677 883 certe
1706 829 1814 881 vult

238 920 535 985 declarare,
565 922 705 990 quod
734 922 975 975 videlicet
1008 922 1193 990 possit,
1236 921 1445 990 quando
1479 922 1606 981 vult,
1639 920 1809 973 vindi-

238 1022 381 1065 ctam
412 1027 644 1075 sumere,
692 1013 806 1067 sine
848 1013 951 1065 ulla
982 1022 1191 1065 servata
1231 1014 1480 1081 temporis
1518 1012 1596 1065 vel
1622 1025 1813 1080 oppor-

243 1103 485 1155 tunitatis
508 1103 807 1164 occasione,
840 1102 929 1155 sed
960 1102 1132 1156 omnia
1179 1103 1276 1157 sibi
1318 1117 1527 1170 semper
1557 1112 1732 1170 parata
1760 1112 1812 1154 et

239 1192 305 1245 ad
339 1209 553 1247 manum
581 1208 717 1248 esse.
753 1192 837 1245 γω
860 1196 1065 1262 fortibus
1094 1192 1257 1247 Israel
1282 1210 1300 1247 :
1327 1211 1423 1247 non
1450 1195 1579 1247 enim
1604 1193 1809 1246 cessabit

241 1285 387 1351 {amr
412 1300 548 1336 meus
585 1295 757 1336 contra
783 1284 1013 1337 inimicos
1053 1301 1206 1338 meos.
1236 1284 1368 1349 Quid
1397 1285 1534 1337 enim
1566 1283 1810 1338 miserius

240 1373 326 1434 iis,
356 1374 444 1442 qui
471 1374 632 1427 Deum
663 1374 856 1427 habent
882 1374 1185 1428 inimicum?
1213 1374 1330 1427 Non
1359 1374 1585 1436 cessabit,
1620 1374 1805 1444 inquit,

240 1483 347 1519 non
389 1475 447 1519 ut
486 1466 536 1520 in
580 1465 997 1534 desperationem
1039 1466 1313 1534 conjiciat,
1355 1466 1445 1519 sed
1475 1474 1531 1518 ut
1569 1467 1807 1519 timorem

239 1572 441 1626 augens
466 1557 528 1609 ad
561 1558 917 1625 paenitentiam
944 1567 1112 1611 vocet.
1149 1557 1276 1610 Nam
1311 1558 1419 1619 illo,
1454 1556 1571 1610 Non
1603 1556 1809 1611 cessabit

239 1650 406 1717 furor,
440 1648 721 1702 terribilius
749 1656 829 1701 est
853 1647 997 1712 illud,
1026 1647 1211 1700 Contra
1236 1647 1461 1700 inimicos
1486 1664 1639 1701 meos.
1666 1647 1805 1701 Nihil

237 1738 380 1791 enim
419 1740 487 1790 ita
521 1739 683 1792 Deum
730 1736 794 1790 ad
844 1739 971 1791 iram
1017 1738 1280 1790 concitare
1329 1738 1481 1799 solet,
1515 1750 1568 1789 ut
1618 1739 1806 1805 injuria

239 1828 560 1895 pauperibus
605 1828 758 1880 facta.
820 1826 904 1880 Va:
952 1835 1126 1880 autem
1172 1828 1382 1896 fortibus
1427 1826 1665 1893 dicebat,
1703 1842 1805 1881 non

237 1917 378 1986 quod
410 1918 716 1985 potentiam,
746 1919 836 1972 sed
866 1918 1005 1986 quod
1030 1919 1313 1985 potentiam
1344 1919 1409 1972 ad
1439 1919 1634 1973 malum
1660 1920 1812 1974 adhi-

240 2008 401 2061 bitam
432 2010 813 2062 criminaretur.
862 2008 1241 2063 Fortitudinem
1285 2024 1412 2064 vero
1440 2010 1525 2064 hie
1554 2026 1657 2065 non
1690 2027 1810 2066 eor-

236 2098 382 2167 poris
407 2098 551 2158 dicit.
584 2098 677 2152 sed
704 2113 820 2153 eam
853 2099 1134 2166 potentiam
1161 2115 1277 2168 qua:
1302 2114 1367 2154 ex
1403 2100 1559 2155 rebus
1585 2103 1811 2156 circum-

235 2189 499 2242 stantibus
533 2189 750 2255 paritur.
784 2188 848 2241 Et
864 2190 1113 2256 judicium
1140 2190 1323 2258 faciam
1348 2191 1410 2243 de
1433 2192 1643 2246 inimicis
1665 2194 1803 2246 meis.

236 2279 470 2333 Plectam
500 2279 737 2333 inimicos
767 2294 935 2344 meos,
982 2280 1222 2336 inimicos
1262 2296 1384 2336 suos
1408 2297 1603 2337 vocans
1632 2285 1805 2338 inimi-

234 2382 329 2422 cos
369 2383 682 2437 pauperum,
724 2371 811 2439 qui
862 2370 961 2425 illis
1000 2370 1246 2425 damnum
1291 2371 1523 2427 inferunt
1557 2391 1569 2424 :
1601 2372 1650 2427 id
1683 2390 1808 2429 vero

233 2459 447 2513 dicebat
478 2470 533 2512 ut
560 2459 732 2513 discas
759 2460 1026 2529 injustitia:
1055 2462 1488 2531 magnitudinem.
1514 2463 1600 2519 25.
1634 2463 1700 2517 Et
1727 2466 1807 2518 in-

234 2552 420 2603 ducam
456 2568 658 2605 manum
699 2568 859 2606 "eam
895 2570 1045 2621 super
1085 2564 1150 2621 te,
1180 2564 1225 2608 et
1251 2572 1523 2624 excoquam
1553 2566 1599 2611 te
1623 2560 1689 2610 ad
1715 2575 1808 2627 pu-

233 2658 369 2694 rum.
402 2642 471 2697 Ut
510 2643 701 2707 discas,
731 2643 1124 2713 qualiscumque
1150 2646 1218 2698 sit
1245 2645 1318 2698 ira
1361 2646 1450 2699 Dei
1477 2657 1529 2699 et
1555 2648 1801 2714 vindicta,

232 2747 351 2785 eam
383 2747 487 2786 non
518 2733 566 2785 in
596 2733 809 2793 malum,
840 2741 893 2787 et
931 2742 986 2787 ut
1016 2749 1183 2802 poma!
1215 2734 1505 2789 inferantur
1529 2737 1698 2791 solum
1726 2738 1809 2791 in-

234 2826 363 2894 ﬂigi,
394 2827 486 2881 sed
530 2835 586 2879 ut
630 2827 665 2880 ii
709 2827 793 2896 qui
842 2828 1125 2896 puniuntur
1171 2828 1235 2881 ad
1288 2828 1555 2884 meliorem
1602 2828 1801 2895 frugem

234 2927 570 2971 revocentur.
608 2918 675 2969 L‘t
704 2934 972 2985 excoquam
1015 2928 1080 2982 te,
1111 2918 1299 2987 inquit,
1344 2918 1413 2971 ad
1445 2936 1643 2989 purum.
1689 2920 1802 2974 Non

230 3021 361 3075 ergo
387 3021 505 3059 eum
533 3008 869 3075 eastigamur,
901 3006 992 3061 sed
1025 3021 1143 3061 cum
1187 3021 1483 3073 peccamus,
1504 3023 1597 3063 nos
1624 3008 1805 3064 dolere

230 3110 327 3164 par
353 3106 432 3151 est
466 3114 479 3150 :
511 3096 635 3150 illud
673 3098 812 3151 enim
850 3097 1053 3162 sordes,
1101 3096 1201 3151 hoc
1239 3100 1597 3167 purgationem
1644 3103 1799 3169 parit.

228 3188 366 3255 Quid
398 3196 572 3241 autem
601 3195 702 3251 est,
732 3187 812 3240 Ad
840 3187 1059 3256 purum?
1090 3186 1154 3242 Ut
1184 3204 1250 3242 ne
1281 3189 1558 3259 vestigium
1590 3190 1799 3260 quidem

228 3277 404 3331 sordis
435 3278 485 3331 in
517 3286 567 3330 te
594 3286 821 3331 maneat.
863 3278 1013 3344 Quod
1057 3278 1196 3333 enim
1231 3294 1361 3333 auro
1404 3281 1537 3349 ignis
1568 3290 1669 3347 est,
1703 3282 1803 3336 huc

228 3370 433 3440 ignavis
458 3370 793 3439 supplicium.
844 3369 1191 3425 lnobedientes
1233 3388 1346 3425 vero
1378 3373 1601 3442 perdant,
1632 3384 1677 3428 et
1703 3391 1799 3426 au-

228 3464 389 3531 feram
412 3477 581 3513 omnes
605 3461 830 3515 inimicos
850 3478 881 3514 a
907 3471 972 3528 te,
996 3472 1043 3515 et
1063 3479 1230 3516 omnes
1244 3464 1482 3531 superbos
1504 3465 1794 3520 humiliabo.

228 3548 331 3615 Qui
359 3550 517 3610 enim,
555 3550 740 3620 inquit,
784 3550 1144 3605 insanabiliter
1168 3562 1443 3622 mgrmant,
1480 3569 1577 3608 nec
1604 3556 1801 3623 suppli—

225 3640 325 3695 ciis
358 3640 570 3705 cedunt,
606 3640 657 3693 bi
688 3642 949 3710 peribunt.
979 3641 1105 3695 Nam
1144 3656 1260 3711 qua:
1304 3643 1498 3696 utilitas
1521 3658 1586 3697 ex
1613 3658 1796 3697 eorum

225 3730 351 3795 vita,
384 3731 613 3797 quando,
640 3731 762 3785 dum
794 3732 995 3794 vivunt,
1027 3740 1080 3786 et
1108 3732 1204 3785 sibi
1230 3742 1285 3786 et
1311 3733 1427 3786 aliis
1453 3733 1797 3787 insidiantur?

224 3822 323 3887 Qui
352 3830 526 3876 autem
554 3838 617 3877 ex
640 3838 822 3877 eorum
851 3822 1105 3892 supplicio
1134 3822 1375 3877 meliores
1413 3824 1520 3878 ﬁeri
1557 3835 1793 3893 possunt,

225 3916 259 3969 ii
313 3914 622 3968 manebunt.
677 3914 774 3968 Hic
820 3930 980 3984 porro
1022 3914 1147 3967 mihi
1192 3914 1396 3968 videtur
1440 3916 1795 3983 captivitatem

222 4004 581 4058 subindicare.
612 4004 701 4057 26.
736 4003 799 4056 Et
825 4004 1095 4071 prie/icium
1111 4003 1311 4072 judices
1336 4014 1465 4066 tuos,
1490 4006 1615 4058 sicut
1635 4006 1793 4075 prius,

222 4106 270 4149 et
296 4095 609 4148 consiliarios
634 4104 763 4161 tuos,
795 4096 920 4147 sicut
949 4095 1010 4147 ab
1036 4096 1196 4147 initio.

295 4186 347 4237 9.
379 4185 473 4238 llic
500 4184 724 4238 reditum
752 4184 1042 4237 annuntiat.
1072 4185 1138 4236 lis
1165 4185 1302 4237 enim
1325 4186 1409 4253 qui
1435 4185 1795 4239 iusanahiliter

223 4276 552 4343 :rgrotahant
572 4275 808 4338 sublatis,
836 4285 888 4328 et
910 4276 972 4328 iis
992 4275 1077 4342 qui
1103 4274 1514 4343 resipiscentiam
1546 4275 1795 4330 exhibere

223 4374 467 4436 poterant
508 4364 839 4429 emendatis,
884 4374 1177 4432 Opportune
1216 4366 1470 4426 reliquam
1511 4367 1795 4420 curationis

221 4457 454 4525 speciem
496 4455 711 4509 adhibet
744 4473 756 4509 :
788 4470 848 4509 ea
890 4464 972 4509 est
1008 4456 1342 4524 probatorum
1376 4457 1664 4527 principum
1695 4459 1791 4512 do-

222 4547 471 4609 minatus,
495 4555 545 4599 et
567 4545 987 4600 consiliariorum
1011 4545 1267 4599 bonorum
1288 4547 1467 4616 copia;
1497 4556 1553 4601 ut
1572 4563 1795 4616 corpore

222 4638 472 4693 remediis
516 4638 766 4703 cedente,
808 4637 1128 4707 medicisque
1170 4638 1383 4706 optimis
1430 4638 1791 4703 adstantibus,

220 4729 366 4783 urbis
398 4739 573 4797 partes
599 4728 827 4796 undique
857 4727 920 4779 ad
951 4729 1229 4781 sanitatem
1256 4741 1645 4784 revocarentur.
1676 4730 1791 4784 Non

220 4822 360 4875 enim
390 4835 607 4888 parvum
654 4818 894 4873 beneﬁcii
933 4834 1098 4887 genus
1127 4829 1241 4886 est,
1273 4821 1535 4889 principes
1562 4823 1791 4875 nancisci

219 4913 405 4965 bonos.
437 4910 498 4963 Et
524 4921 631 4979 post
655 4912 758 4963 hcec
782 4910 1032 4963 vocaberis
1052 4912 1224 4964 civitas
1244 4912 1477 4979 justitiaz,
1504 4914 1793 4978 metropolis

218 5003 348 5056 Sion
389 5001 573 5069 ﬁdelis.
620 5000 777 5069 Atqui
824 5014 1079 5067 nusquam
1128 5000 1422 5068 reperimus
1467 5002 1565 5055 hoc
1598 5018 1789 5057 nomen

220 5094 333 5147 urbi
379 5091 829 5161 Jcrosolymorum
862 5091 1101 5145 inditmu.
1136 5091 1270 5155 Quid
1307 5106 1431 5160 ergo
1458 5092 1790 5146 dixerimus?

219 5185 366 5239 llanc
398 5182 803 5252 appellationem
834 5197 899 5235 ex
928 5180 1085 5234 rebus
1117 5182 1243 5249 ipsis
1275 5182 1343 5234 illi
1372 5182 1627 5235 attribuit.

284 5272 584 5326 Iudaeorum
607 5272 871 5339 objectioni
890 5273 1232 5339 respondetur.
1254 5302 1319 5309 —
1339 5271 1465 5325 Illud
1488 5287 1611 5325 vero
1638 5272 1789 5325 nobis

216 5378 319 5419 non
346 5379 528 5433 parum
561 5363 682 5415 utile
710 5363 829 5423 erit,
858 5376 975 5414 cum
1007 5362 1171 5415 Judaei
1201 5376 1226 5412 a
1261 5362 1411 5415 nobis
1438 5372 1616 5429 petent
1644 5365 1788 5416 vocis

219 5454 527 5509 Emmanuel
586 5453 1097 5520 interpretationem.
1164 5452 1323 5504 Isaias
1378 5468 1603 5520 namque
1658 5453 1789 5506 dixit

215 5547 477 5600 Christum
509 5545 583 5597 sic
615 5543 905 5595 vocandum
936 5542 1046 5596 fore
1067 5584 1079 5603 ,
1114 5553 1164 5596 ct
1200 5554 1371 5595 tamen
1404 5557 1685 5610 numquam
1712 5544 1787 5596 sic

214 5646 429 5689 vocatus
454 5645 556 5699 est,
590 5634 1002 5702 respondeamus
1031 5635 1176 5701 ipsis,
1208 5649 1328 5687 eum
1359 5634 1573 5695 dixisse,
1610 5649 1784 5687 rerum

215 5728 645 5796 signiﬁcationem
694 5726 853 5793 ipsius
902 5740 1090 5777 nomen
1138 5739 1254 5777 esse
1298 5724 1446 5789 (lsai.
1478 5726 1528 5777 7.
1574 5725 1650 5792 4).
1699 5725 1787 5778 Sic

208 5816 367 5867 ttiam
397 5816 483 5869 hic
513 5814 827 5869 faciendum.
860 5815 946 5867 ‘27.
981 5815 1103 5867 Cum
1131 5814 1329 5882 judicio
1356 5815 1485 5867 cnint
1513 5814 1783 5868 salvabitur

1537 445 1599 501 IN
1639 444 1800 501 [SAM

1927 446 2072 501 ων.
2115 447 2153 500 Ι.
3400 464 3472 517 26

1921 562 2183 626 captivitas
2208 566 2331 634 ejus.
2373 570 2418 615 et
2459 576 2571 613 cum
2619 559 2980 612 misericordia.
3018 556 3142 611 Cum
3166 556 3385 625 judicio,
3418 553 3470 609 id

1917 666 1991 705 esr
2016 693 2029 713 .
2070 669 2191 708 cum
2216 655 2440 708 vindicta
2463 696 2476 716 ,
2505 652 2739 706 cruciatu
2767 660 2818 705 et
2843 649 3102 720 supplicio
3127 648 3488 705 inimicorum.

1915 740 2041 795 Cum
2064 746 2403 797 misericordia
2427 786 2440 807 ,
2487 742 2587 796 hoc
2625 750 2742 806 est,
2784 756 2902 794 cum
2945 740 3104 793 multa
3137 740 3488 809 benignitate.

1918 835 2028 888 Duo
2067 836 2149 888 hic
2180 836 2306 904 ipsis
2336 837 2557 888 maxima
2588 834 2724 887 dona
2756 832 3034 902 pollicetur
3056 872 3071 896 ,
3122 830 3321 884 scilicet
3358 839 3480 884 tunc

1915 940 2098 993 poenas
2133 925 2348 978 daturos
2393 940 2485 977 eos
2515 925 2600 992 qui
2642 939 2698 976 se
2743 922 3106 987 abduxeraat,
3153 931 3377 991 tuncque
3421 936 3481 975 se

1915 1015 2077 1068 multa
2120 1014 2373 1070 fruiturus
2422 1030 2539 1068 esse
2590 1013 2874 1077 felicitate,
2922 1027 3143 1081 quorum
3201 1022 3479 1080 utrumque

1914 1105 2135 1159 seorsim
2163 1120 2403 1174 magnam
2437 1112 2607 1173 potest
2635 1103 2823 1157 afferre
2850 1103 3172 1171 volupta'em
3200 1120 3211 1154 :
3235 1116 3352 1155 cum
3384 1115 3480 1153 au-

1918 1207 2023 1251 tem
2050 1196 2205 1249 ambo
2230 1196 2627 1260 concurrerint,
2674 1193 3041 1248 inenarrabilis
3086 1193 3263 1246 lzctitia
3302 1192 3478 1246 fuerit.

1914 1287 2139 1341 Aliunde
2164 1301 2291 1341 vero
2318 1286 2601 1342 ostendere
2632 1286 2845 1351 volens,
2877 1294 2995 1354 post
3025 1285 3227 1354 longam
3257 1286 3481 1352 captivi-

1917 1385 2075 1428 tatem
2107 1391 2218 1440 cos,
2245 1391 2347 1429 non
2375 1376 2512 1445 quod
2532 1376 2718 1443 dignas
2743 1389 2925 1443 pmnas
2945 1373 3203 1439 dederint,
3224 1387 3320 1427 nec
3340 1373 3479 1441 quod

1916 1473 2124 1533 peccata
2173 1481 2265 1519 sua
2310 1465 2650 1534 espiavcrint,
2700 1464 2791 1517 sed
2840 1473 3059 1533 propter
3110 1463 3479 1533 benignitatem

1916 1560 2027 1623 Dei,
2058 1561 2107 1613 in
2138 1576 2282 1613 suam
2310 1560 2487 1615 reduci
2514 1569 2726 1613 terram.
2758 1574 2876 1627 quae
2906 1558 3049 1611 salus
3080 1556 3245 1625 magis
3272 1564 3354 1610 est
3382 1556 3453 1608 mi

1912 1652 2235 1715 sericordia‘,
2266 1666 2422 1721 quam
2454 1649 2812 1704 retributionis
2841 1648 2919 1700 vel
2945 1648 3144 1717 prrcmii
3167 1688 3181 1713 ,
3214 1646 3331 1701 ideo
3358 1646 3482 1701 sub-

1906 1740 2099 1809 junxit,
2132 1740 2197 1793 Et
2228 1757 2339 1793 cum
2365 1739 2719 1793 misericordia.
2751 1738 2839 1793 28.
2887 1737 2949 1790 Et
2988 1746 3297 1790 conterentur
3324 1736 3482 1805 iniqui

1912 1844 1955 1886 et
1981 1842 2262 1901 peccatores
2304 1834 2474 1887 simul.
2504 1832 2678 1886 Tertia
2713 1832 2823 1883 haec
2855 1839 2935 1884 est
2961 1830 3163 1897 species
3193 1829 3433 1884 beneﬁcii
3460 1871 3475 1893 ,

1910 1926 2048 1993 quod
2078 1939 2235 1980 nemo
2260 1925 2329 1978 sit
2354 1924 2441 1993 qui
2471 1923 2695 1978 abducat
2723 1931 2777 1975 et
2804 1922 2853 1975 iu
2891 1920 3128 1975 fraudem
3160 1921 3360 1985 trahat,
3390 1920 3481 1974 scd

1911 2015 2155 2084 nequitiae
2181 2016 2425 2069 doctores
2461 2014 2526 2067 de
2571 2013 2743 2067 medio
2771 2012 2959 2065 sublati
2988 2012 3112 2064 sint.
3144 2010 3205 2063 Et
3234 2012 3316 2079 qui
3345 2012 3485 2062 dere-

1910 2104 2495 2172 liqueruntDominum,
2545 2102 3042 2155 consummabuutur.
3086 2099 3232 2170 lmpii
3271 2112 3481 2161 autem,

1910 2195 2100 2263 inquit,
2123 2194 2390 2264 peribunt.

1978 2286 2294 2341 ldololatria:
2338 2287 2595 2355 turpitudo
2631 2296 2675 2339 et
2712 2284 2924 2339 vanitas.
2953 2283 3133 2338 —29.
3179 2282 3308 2349 Quia
3352 2298 3486 2334 nunc

1908 2378 2278 2447 confundentur
2301 2378 2352 2430 in
2380 2377 2528 2429 idolis
2549 2378 2674 2441 suis,
2698 2392 2808 2445 qua:
2830 2376 2925 2443 ipsi
2951 2374 3229 2427 voluerunt.
3259 2374 3481 2440 Quidam

1910 2468 2024 2521 haec
2053 2467 2190 2521 dicta
2224 2467 2343 2521 huic
2374 2467 2594 2536 tempori
2636 2477 2817 2533 aptare
2846 2474 3106 2518 conantur
3134 2483 3147 2518 :
3175 2474 3222 2517 at
3255 2480 3348 2517 nos
3380 2480 3483 2516 non

1908 2556 2297 2611 confutabimus
2323 2557 2459 2613 illos.
2485 2555 2576 2610 sed
2599 2556 2790 2609 seriem
2818 2570 3121 2622 sequemur.
3150 2554 3270 2607 Hmc
3289 2554 3485 2622 quippe

1908 2656 2063 2713 sunt,
2108 2662 2223 2715 qum
2250 2657 2499 2701 eventura
2533 2646 2660 2699 dicit
2711 2647 2759 2698 in
2810 2646 3037 2698 hostium
3085 2645 3317 2698 incursu.
3346 2643 3479 2697 Cum

1908 2739 2046 2791 enim
2066 2778 2081 2801 ,
2110 2737 2335 2791 barbaro
2362 2746 2554 2790 terram
2584 2736 2888 2789 iucursaute
2916 2775 2929 2799 ,
2964 2736 3146 2787 urbem
3175 2733 3483 2797 obsidente,

1908 2838 1961 2882 et
1984 2842 2168 2883 omnes
2197 2827 2344 2897 quasi
2374 2827 2574 2881 retibus
2604 2826 2833 2881 inclusos
2860 2835 3068 2880 tenente
3088 2868 3103 2890 ,
3149 2840 3304 2879 nemo
3332 2824 3485 2879 fuerit

1904 2918 1992 2987 qui
2017 2917 2284 2980 defendat,
2308 2926 2360 2972 et
2388 2918 2581 2971 nubetu
2610 2916 2749 2970 illam
2781 2917 3026 2983 depellat,
3060 2931 3125 2969 eo
3152 2915 3292 2984 quod
3319 2930 3347 2968 a
3373 2916 3481 2968 Deo

1905 3008 2140 3063 derelicti
2172 3008 2388 3071 fuerint,
2408 3008 2524 3076 jure
2545 3023 2606 3060 ex
2638 3008 2747 3075 ipsa
2778 3023 2955 3061 rerum
2982 3006 3331 3074 experientia,
3362 3016 3485 3059 tunc

1906 3116 2097 3169 magno
2141 3100 2339 3169 pudore
2386 3100 2753 3154 sulTundcntur
2803 3101 2834 3153 ii
2878 3100 2965 3169 qui
3013 3099 3292 3153 coluerunt
3321 3097 3480 3150 idola.

1908 3192 2035 3257 Qua:
2059 3192 2354 3256 voluerunt,
2384 3191 2583 3258 inquit,
2633 3190 2681 3242 in
2715 3190 2903 3256 quibus
2930 3188 3101 3241 studia
3127 3202 3218 3241 sua
3247 3186 3465 3241 colloca.

1903 3290 2044 3335 runt.
2073 3281 2140 3333 Et
2176 3282 2461 3335 erubescent
2502 3282 2552 3334 in
2591 3280 2905 3348 sculptilibus
2945 3280 3050 3332 suis
3077 3294 3191 3342 quia
3232 3278 3478 3346 fecerunt.

1903 3372 2177 3426 Narrantis
2228 3386 2375 3426 more
2426 3372 2817 3425 accusationem
2878 3370 3119 3423 instituit.
3179 3368 3482 3423 Sufﬁciebat

1902 3463 2041 3516 enim
2068 3464 2225 3517 etiam
2255 3471 2378 3517 ante
2403 3462 2655 3516 inﬁietum
2688 3461 2900 3525 vulnus,
2931 3460 3011 3514 vel
3042 3460 3153 3528 ipse
3181 3458 3316 3513 idola
3346 3472 3478 3511 con-

1905 3555 2113 3609 ficiendi
2142 3554 2329 3608 modus
2357 3554 2420 3607 ad
2452 3569 2545 3608 cos
2581 3552 2781 3621 pudore
2820 3550 3149 3605 afﬁciendos.
3176 3548 3308 3617 Quid
3336 3548 3476 3601 enim

1904 3647 2126 3715 turpius,
2155 3661 2310 3716 quam
2339 3646 2436 3699 sibi
2462 3646 2557 3713 ipsi
2588 3644 2745 3697 deum
2772 3643 2983 3698 facere?
3018 3642 3081 3695 Et
3110 3640 3477 3711 confundatur

1899 3755 2050 3807 super
2078 3739 2234 3791 hortis
2263 3738 2386 3799 suis,
2418 3753 2529 3808 qua!
2557 3738 2960 3807 concupiverunt.
2992 3735 3104 3789 Non
3134 3735 3303 3787 Solum
3334 3734 3474 3787 enim

1900 3829 2161 3898 sculptilia
2190 3828 2497 3890 adorabaut,
2528 3828 2617 3881 sed
2642 3828 2799 3881 etiam
2826 3826 3041 3879 arbores
3064 3826 3113 3879 in
3138 3824 3306 3879 hortis
3332 3824 3475 3879 cole-

1899 3919 2045 3973 bant.
2074 3919 2161 3975 50.
2203 3917 2369 3972 Erunt
2403 3920 2534 3971 enim
2563 3919 2707 3987 quasi
2739 3918 3059 3981 terebinthus,
3096 3931 3207 3983 qua:
3232 3916 3354 3983 folia
3384 3930 3476 3965 sua

1900 4012 2085 4064 amisit.
2116 4011 2329 4066 Scilicet
2360 4009 2495 4063 idola
2519 4051 2532 4071 ,
2573 4010 2653 4062 vel
2683 4008 2841 4061 etiam
2873 4021 2966 4060 eos
2994 4006 3081 4074 qui
3110 4005 3293 4058 urbem
3323 4004 3475 4057 inco-

1901 4103 2133 4157 lebaut‘.
2167 4102 2449 4169 Imaginem
2483 4114 2637 4167 porro
2667 4098 2870 4151 arboris
2901 4096 3056 4165 hujus
3084 4094 3286 4149 induxit
3311 4134 3325 4159 ,
3352 4095 3472 4163 quia

1900 4194 1952 4247 in
1983 4193 2067 4246 illa
2110 4192 2325 4261 regione
2366 4190 2677 4243 nascebatur
2714 4198 2769 4242 ct
2814 4189 3056 4258 frequens
3094 4194 3237 4247 erat,
3270 4196 3321 4240 et
3351 4186 3471 4255 quia

1898 4281 2179 4337 admodum
2223 4283 2375 4334 ﬂoret
2402 4290 2455 4334 et
2492 4280 2653 4333 densa
2702 4280 2837 4333 foliis
2879 4287 2993 4343 est,
3039 4276 3163 4332 dum
3211 4277 3380 4339 viret,
3422 4287 3477 4328 et

1899 4388 2193 4430 extremam
2223 4375 2606 4428 deformitatem
2638 4388 2747 4443 pra:
2778 4388 2835 4426 se
2866 4372 3016 4433 ferat,
3043 4385 3162 4424 cum
3197 4368 3315 4421 folia
3342 4368 3473 4419 ami-

1898 4468 2047 4522 serit.
2101 4466 2168 4519 Et
2215 4467 2338 4521 sicut
2384 4466 2556 4518 hortus
2601 4481 2698 4517 non
2756 4464 2941 4515 habens
2986 4477 3186 4529 aquam.
3230 4458 3472 4513 Secunda

1899 4559 2073 4627 imago
2100 4557 2275 4626 priore
2305 4556 2498 4609 clarior
2524 4562 2635 4614 est,
2685 4562 2738 4609 et
2780 4553 2936 4606 tidem
2985 4551 3106 4605 facit
3136 4552 3228 4613 iis,
3272 4566 3388 4611 qum
3419 4551 3470 4604 in

1897 4649 2075 4717 priore
2106 4648 2244 4700 dicta
2278 4656 2419 4698 sunt.
2446 4644 2583 4698 Nihil
2616 4642 2753 4695 enim
2781 4652 2862 4695 est
2884 4641 3037 4695 horto
3062 4640 3474 4703 virenlejucuu-

1896 4739 2034 4799 dius,
2064 4737 2191 4789 nihil
2220 4737 2371 4789 horto
2400 4736 2481 4789 his
2507 4735 2758 4788 destituto
2787 4732 3139 4801 injueuudius,
3168 4746 3285 4800 qua:
3310 4730 3470 4783 ambo

1898 4830 1969 4882 illi
2003 4830 2278 4897 metropoli
2315 4829 2665 4897 contigerunt.
2706 4825 2929 4895 Semper
2968 4825 3107 4878 enim
3134 4822 3329 4892 optima
3355 4828 3470 4874 erat

1896 4932 1951 4976 et
1992 4921 2415 4989 Splendidissima
2444 4960 2457 4981 ,
2510 4918 2797 4972 innumeris
2837 4916 3082 4971 decorata
3115 4910 3468 4970 ornamentis.

1896 5022 1950 5066 et
1990 5013 2225 5066 omnium
2269 5012 2516 5066 vilissima
2566 5009 2968 5077 turpissimaque
3014 5005 3147 5059 facta
3194 5011 3293 5069 est,
3347 5015 3469 5055 cum

1898 5114 2069 5159 tantas
2124 5105 2411 5171 derepente
2463 5111 2890 5155 ornamentorum
2932 5094 3140 5149 divitias
3182 5091 3466 5147 amisisset.

1895 5198 1953 5251 3i
1969 5235 1983 5248 .
2009 5197 2072 5250 Et
2093 5197 2183 5249 erit
2205 5193 2447 5265 fortitudo
2472 5209 2640 5246 eorum
2664 5190 2807 5258 quasi
2826 5188 3009 5257 stipula
3032 5195 3240 5257 stuppte.
3260 5184 3472 5239 Priures

1895 5288 2105 5355 quidem
2136 5285 2388 5354 imagines
2435 5283 2499 5336 ad
2545 5281 2883 5349 injucundum
2916 5276 3269 5347 spectaculum
3299 5283 3467 5343 capta:

1890 5386 2035 5441 sunt,
2070 5376 2183 5429 haec
2209 5387 2337 5428 vero
2362 5372 2427 5427 ad
2463 5372 2817 5425 inﬁrmitatem
2847 5365 3215 5422 declarandam
3242 5381 3255 5418 ε
3283 5376 3468 5417 omnes

1893 5476 2067 5520 autem
2116 5463 2397 5519 admodum
2440 5463 2728 5533 perspicua:
2756 5470 2909 5523 sunt,
2944 5458 3211 5526 multaque
3237 5454 3471 5524 gaudent

1892 5560 2130 5612 claritate
2175 5566 2228 5611 et
2271 5556 2528 5624 emphasi.
2568 5554 2721 5619 Quasi
2774 5553 2960 5617 stipula
3003 5558 3216 5618 stuppa,
3259 5546 3309 5599 id
3352 5553 3465 5602 est.

1894 5648 2205 5702 imbecilles.
2241 5645 2309 5698 Et
2347 5661 2498 5715 Opera
2529 5661 2699 5697 eorum
2742 5642 2883 5711 quasi
2925 5639 3143 5694 scintilla
3186 5636 3333 5706 ignis.
3375 5633 3469 5688 Hic

1955 5763 1970 5791 ί
2010 5761 2062 5807 lu
2086 5758 2223 5807 savil.
2251 5765 2301 5807 et
2337 5756 2784 5819 Reg.,quibusdam
2808 5753 3015 5812 omissis,
3041 5752 3113 5800 sic
3138 5748 3347 5811 legitur:
3370 5736 3468 5789 εεί-

1892 5822 1998 5871 Ιὲ(·θι
2024 5821 2059 5871 ui
2082 5820 2163 5881 qui
2186 5820 2350 5869 urbem
2372 5818 2654 5869 incolebant.
