4044 6406
518 435 589 491 27

519 546 750 606 ostendit
780 560 843 600 ex
871 542 1060 612 seipsis
1091 541 1228 594 mala
1260 538 1519 607 prodiisse
1542 577 1558 602 ,
1607 535 1853 604 ipsosque
1880 535 1979 589 sibi
2005 548 2094 587 ca-

521 638 821 710 ptivitatem
849 631 1137 704 peperisse,
1159 636 1211 684 et
1232 627 1498 683 fornacem
1527 623 1884 680 succendisse.
1906 622 2098 690 Quem-

523 726 811 784 admodum
865 723 1007 779 enim
1065 718 1306 776 scintilla:
1357 717 1558 786 illapsu:
1602 715 1778 784 ignem
1829 713 2095 778 excitant,

523 820 596 875 ita
631 824 844 888 peccata
883 827 1068 869 eorum
1113 816 1362 878 congesta
1403 807 1499 862 Dei
1546 805 1678 860 iram
1722 800 2095 857 accenderunt.

524 907 594 963 Et
622 909 736 979 igne
759 911 1112 961 consumentur
1136 899 1296 968 iniqui
1325 907 1370 952 et
1400 905 1682 968 peccatores
1715 893 1899 958 simul,
1930 900 1976 944 et
2001 906 2101 943 non

522 1001 615 1055 erit
635 999 719 1070 qui
740 998 1040 1068 exstinguat.
1061 994 1265 1048 Rursus
1288 991 1513 1060 denegat
1531 988 1752 1042 salutem
1772 985 1841 1040 ob
1859 982 2100 1040 eamdem

525 1090 695 1160 ipsam
725 1102 936 1145 causam
961 1127 977 1152 ,
1023 1100 1129 1140 non
1158 1093 1214 1138 ut
1240 1081 1547 1152 desperent,
1575 1078 1668 1134 sed
1694 1085 1750 1131 ut
1776 1075 1900 1131 hinc
1927 1073 2103 1129 valido

525 1183 717 1238 timore
746 1178 1007 1252 perculsi,
1037 1177 1305 1247 ingentem
1336 1171 1595 1244 ignaviam
1625 1168 1916 1225 excutiant.
1945 1163 2101 1220 Aliud

523 1287 736 1344 quoque
761 1271 850 1327 hic
874 1268 1204 1332 subindicat,
1236 1264 1401 1337 ipsius
1431 1276 1620 1332 nempe
1646 1255 2102 1329 inexpugnabilem

525 1364 816 1435 potentiam
835 1402 851 1430 ,
877 1359 1131 1432 quodque
1155 1359 1271 1428 ipso
1301 1355 1552 1427 puniente
1572 1394 1587 1419 ,
1619 1360 1674 1408 et
1697 1349 1982 1405 vindictam
2008 1362 2102 1404 su-

528 1463 728 1520 mente,
759 1467 919 1510 nemo
947 1451 1116 1522 possit
1143 1448 1394 1505 resistere
1423 1456 1474 1501 et
1504 1443 1642 1500 mala
1670 1441 1897 1499 solvere.

1157 1578 1382 1639 CAPUT
1434 1575 1498 1632 11.

607 1696 841 1764 Verbum,
865 1696 1000 1766 quod
1024 1696 1214 1764 factum
1244 1703 1311 1746 est
1339 1693 1405 1744 ad
1446 1690 1639 1743 Isaiam
1668 1689 1835 1756 [ilium
1862 1690 2030 1739 Amos.

603 1813 653 1866 1.
697 1810 830 1866 llinc
872 1810 1036 1879 liquet
1077 1805 1364 1877 prophetas
1401 1820 1505 1858 non
1550 1819 1655 1857 uno
1699 1811 1941 1868 tempore
1986 1813 2107 1867 pro-

532 1901 737 1970 phetias
760 1900 980 1965 dixisse,
1003 1897 1097 1953 sed
1126 1895 1350 1952 diversis
1370 1894 1574 1949 afllatos
1609 1890 1955 1960 temporibus,
1989 1904 2107 1957 par-

531 2002 611 2047 tes
638 1989 892 2061 quasdam
923 1987 1284 2052 atinuntiasse,
1308 2001 1426 2056 qum
1444 1984 1656 2040 demum
1671 1983 1824 2038 simul
1845 1981 2106 2046 collectas,

532 2091 700 2137 totum
732 2081 922 2135 librum
950 2079 1256 2134 effecerunt.
1287 2077 1410 2132 ldco
1436 2077 1512 2131 sic
1549 2075 1748 2144 incipit.
1780 2073 1961 2143 Neque
1988 2072 2110 2126 hinc

534 2184 734 2229 tantum
777 2173 827 2228 id
857 2172 1029 2243 palam
1057 2171 1209 2226 nobis
1246 2179 1328 2224 est
1367 2176 1422 2223 et
1460 2168 1717 2237 liquidum
1741 2207 1756 2233 ,
1779 2164 1872 2220 sed
1908 2164 2029 2234 quia
2057 2163 2108 2217 in

536 2264 880 2334 sequentibus
906 2271 1142 2330 tempora
1174 2259 1433 2329 significat
1456 2299 1470 2322 ,
1501 2272 1642 2312 nunc
1687 2256 1873 2310 dicens
1900 2269 1914 2308 :
1940 2254 2104 2317 Anno,

535 2371 631 2423 quo
649 2355 902 2424 ingrcssus
929 2362 997 2406 est
1023 2351 1230 2405 Nat/tan
1253 2351 1325 2418 (a)
1343 2347 1615 2417 AzotumU
1623 2348 1716 2402 sai.
1739 2345 1906 2413 20.1)
1934 2364 1946 2411 ;
1976 2360 2114 2400 nunc

533 2460 667 2499 vero
699 2462 713 2498 :
750 2442 816 2496 Et
845 2447 1032 2513 factum
1063 2451 1132 2495 est
1167 2444 1218 2493 in
1264 2455 1398 2492 anno
1433 2439 1486 2492 in
1525 2453 1623 2506 quo
1665 2445 1893 2490 mortuus
1932 2445 2002 2488 est
2026 2450 2115 2488 rex

540 2536 712 2603 Ozias,
743 2536 844 2589 vidi
875 2533 1145 2588 Dominum
1190 2532 1440 2585 sedentem
1465 2545 1614 2598 super
1655 2529 1838 2582 solium
1867 2527 2115 2580 excelsum

537 2639 583 2683 et
629 2627 874 2682 eleuatum
921 2624 1070 2694 (lsai.
1102 2622 1135 2677 6
1207 2623 1281 2690 ’l).
1331 2620 1446 2675 Non
1482 2621 1622 2675 enim
1672 2616 2113 2688 quemadmodum

541 2719 690 2774 Pauli
739 2717 989 2787 Epistola:
1017 2725 1066 2770 et
1101 2714 1384 2783 Evangelia
1424 2714 1474 2765 in
1511 2727 1672 2765 unum
1701 2711 1922 2765 collecta
1971 2720 2112 2773 sunt,

540 2811 610 2864 ita
642 2819 695 2867 et
721 2809 1033 2878 prophetiae,
1057 2806 1149 2861 sed
1183 2804 1320 2876 quod
1349 2802 1480 2869 dixi,
1509 2802 1733 2858 diversis
1765 2799 2114 2869 temporibus.

541 2899 695 2956 Unde
721 2899 787 2954 ab
813 2899 916 2953 alio
941 2897 1162 2951 exordio
1200 2903 1515 2962 praesentem
1544 2893 1557 2923 ¹
1593 2906 1891 2946 sermonem
1914 2890 2115 2957 incipit.

540 2991 723 3059 Neque
774 2989 893 3044 ideo
929 2996 1153 3050 tantum,
1185 2985 1276 3040 sed
1308 2985 1429 3052 quia
1472 2991 1863 3053 argumentum,
1899 2980 1967 3035 de
2017 2995 2120 3050 quo

544 3082 859 3152 loquuturus
898 3087 1001 3144 est,
1032 3078 1190 3146 longo
1216 3076 1386 3144 spatio
1415 3073 1575 3128 distat
1596 3088 1625 3126 a
1655 3070 2078 3142 praecedentibus
2103 3112 2116 3137 ,

543 3173 924 3242 sublimiusque
942 3179 1043 3226 est.
1075 3169 1196 3237 Agit
1219 3168 1358 3222 enim
1382 3167 1449 3220 de
1468 3165 1700 3235 gentium
1729 3165 2026 3229 vocatione,
2055 3162 2122 3218 de

546 3263 936 3334 prardicationis
956 3262 1206 3327 adventu,
1239 3260 1305 3314 de
1324 3257 1624 3327 cognitione
1647 3271 1739 3324 per
1753 3264 1917 3309 totum
1941 3255 2121 3308 orbem

546 3364 764 3410 extensa
789 3393 804 3419 ,
827 3361 880 3407 ct
921 3351 987 3406 de
1037 3365 1166 3420 pace
1205 3351 1385 3403 orbem
1426 3355 1760 3414 occupatura.
1808 3343 1958 3411 Quod
1986 3344 2028 3397 si
2057 3343 2123 3399 de

548 3444 743 3500 talibus
771 3452 1086 3497 tractaturus
1112 3439 1466 3508 dogmatibus,
1484 3436 1728 3491 Iudaeam
1755 3445 1807 3489 et
1828 3433 2121 3489 Jerusalem

545 3545 828 3600 memorat,
857 3534 984 3588 nihil
1015 3534 1226 3587 mirum.
1251 3529 1398 3598 Quod
1431 3528 1570 3582 enim
1590 3525 1867 3581 dicebatur
1896 3522 2128 3594 prophe-

552 3631 624 3683 tia
677 3627 922 3687 erat,his
978 3624 1253 3680 nominum
1301 3618 1748 3690 appellationibus
1795 3616 2122 3671 adumbrata.

548 3716 990 3787 Quandoquidem
1018 3715 1180 3770 David
1228 3713 1492 3767 Psalmnm
1540 3709 1986 3780 septuagesimum
2018 3708 2129 3777 pri-

551 3825 698 3867 mum
725 3807 1132 3877 compositurus,
1165 3803 1312 3858 illum
1343 3800 1612 3856 Salomoni
1632 3799 1985 3868 inscripsit,et
2010 3812 2133 3867 pro-

552 3917 770 3976 gressus
811 3902 969 3971 longe
998 3898 1196 3968 majora
1237 3893 1532 3951 Salomonis
1559 3893 1847 3961 dignitate,
1884 3891 1991 3944 imo
2032 3906 2135 3958 po-

556 3995 661 4049 tius
693 4001 801 4048 tota
838 3990 1108 4045 hominum
1141 3995 1324 4042 natura
1348 3983 1529 4037 vidit’.
1556 3981 1686 4036 lllud
1714 3982 1875 4046 enim,
1903 3980 2030 4033 Ante
2055 3996 2135 4032 so-

557 4089 658 4142 lem
695 4093 947 4155 permanet
972 4097 1151 4135 nomen
1177 4079 1285 4147 eius
1307 4119 1321 4143 ,
1342 4085 1428 4139 et,
1458 4076 1585 4128 Ante
1611 4073 1780 4126 lunam
1806 4072 2014 4126 thronus
2031 4073 2138 4141 ejus

559 4176 734 4248 (Psal.
758 4173 1086 4241 71.115),
1119 4169 1448 4237 similiaque,
1486 4180 1643 4220 nemo
1688 4166 1846 4219 etiam
1889 4179 1953 4218 ex
2004 4162 2135 4216 insi-

560 4267 910 4341 pientioribus
957 4262 1149 4318 dixerit
1186 4259 1253 4313 de
1293 4253 1517 4310 humana
1575 4265 1756 4309 natura
1805 4254 2140 4324 pronuntiata

563 4361 747 4415 fuisse.
802 4354 968 4411 Jacob
1007 4366 1247 4422 quoque,
1283 4363 1401 4402 cum
1432 4347 1564 4411 hate,
1596 4360 1712 4415 qua:
1740 4359 1878 4397 nunc
1907 4345 2142 4398 dicturus

567 4460 651 4507 est
672 4448 854 4511 Isaias,
884 4446 989 4498 imo
1010 4442 1091 4496 his
1119 4441 1267 4511 plura
1287 4436 1673 4509 przununtiabat
1690 4433 1839 4503 (Gen.
1863 4432 1952 4501 49)
1977 4450 1992 4498 ;
2021 4447 2144 4486 nam

570 4556 693 4596 cum
723 4538 957 4608 gentium
982 4533 1257 4588 vocatione
1287 4537 1509 4582 mortem
1538 4526 1697 4580 etiam
1720 4534 1772 4578 et
1803 4523 2147 4578 resurrectio-

571 4647 694 4687 nem
722 4627 878 4691 dixit,
899 4635 1208 4692 tempusque
1228 4636 1333 4689 quo
1351 4615 1635 4690 [Christus]
1658 4615 1983 4670 adventurus
1997 4623 2144 4678 erat;

572 4738 679 4778 non
711 4731 886 4774 tamen
915 4715 1001 4769 ille
1032 4714 1146 4766 hanc
1171 4711 1309 4765 nude
1340 4708 1575 4777 protulit,
1607 4705 1698 4761 sed
1720 4720 1941 4775 persona
1970 4714 2022 4760 et
2051 4719 2153 4758 no-

576 4814 722 4868 mine
753 4809 867 4863 Filii
909 4805 990 4862 sui
1028 4804 1114 4858 illa
1164 4801 1416 4871 obtegens
1455 4814 1572 4867 qua:
1621 4799 1856 4851 dicturus
1909 4806 2042 4862 erat,
2075 4795 2152 4850 sic

573 4897 971 4973 prmnuntiavit,
998 4893 1147 4965 quasi
1175 4907 1236 4947 ea
1263 4905 1377 4960 quae
1401 4887 1551 4944 Juda:
1575 4897 1827 4942 eventura
1856 4895 2007 4940 erant
2039 4900 2153 4940 me-

577 5005 829 5054 morans;
864 4996 923 5042 ut
969 4994 1142 5040 autem
1193 4996 1370 5037 rerum
1405 4987 1627 5034 eventus
1679 4976 2010 5042 testificatur,
2035 4991 2155 5047 qua:

576 5084 820 5144 Christus
867 5078 1077 5149 egregie
1123 5076 1356 5129 facturus
1405 5082 1518 5126 erat
1569 5069 1906 5139 praedicebat.
1979 5065 2158 5138 Neque

581 5176 724 5231 enim
746 5171 908 5227 Judas
935 5168 1029 5223 fuit
1064 5165 1387 5235 exSpeelatio
1415 5163 1648 5232 gentium
1676 5201 1690 5224 ,
1715 5174 1884 5229 neque
1912 5168 2037 5213 tunc
2067 5160 2158 5213 tri-

583 5267 686 5322 bus
711 5259 1068 5331 resplenduit,
1096 5272 1216 5314 cum
1247 5269 1432 5311 eorum
1478 5252 1774 5322 respublica
1809 5251 2038 5315 defecit;
2070 5252 2163 5307 sed

588 5358 704 5411 inec
731 5351 911 5407 omnia
934 5361 1056 5404 tunc
1079 5355 1227 5416 gesta
1251 5352 1394 5407 sunt,
1423 5358 1542 5397 cum
1574 5341 1814 5396 Christus
1837 5341 2070 5395 advenit.

646 5495 663 5523 ι
687 5489 812 5542 Vox,
833 5489 1116 5547 pgazsentem
1140 5475 1685 5542 (Gr.napéwoc),deest
1706 5475 1752 5521 in
1767 5472 1891 5532 Reg.
1916 5469 2152 5526 etSavil.,

584 5551 675 5601 sed
695 5554 773 5597 est
796 5544 848 5596 iii
869 5544 1116 5594 Bavarico.

651 5595 674 5641 ἶ
704 5595 846 5659 sat-il.
867 5608 915 5655 in
938 5615 1095 5663 marg.
1137 5603 1270 5664 notat
1293 5601 1416 5644 torte
1442 5596 1703 5664 legendum
1730 5605 1862 5654 esse,
1899 5595 2043 5655 dixit,
2068 5607 2172 5658 pro,

589 5669 729 5722 cidit.
756 5669 953 5718 Alienus
976 5660 1242 5725 legendum
1267 5664 1420 5717 putat,
1445 5660 1634 5705 cecinit.

658 5753 733 5814 (a)
765 5750 869 5799 Vox
909 5746 1142 5796 Hebraiea
1177 5753 1272 5796 est,
1291 5743 1446 5821 ῘΠἾΠ,
1476 5740 1698 5796 Thartan,
1727 5741 1773 5786 in
1802 5739 1976 5796 Bibliis,
2003 5753 2178 5801 τανάοαν,

592 5844 726 5898 unde
751 5845 901 5906 prima
922 5843 1115 5901 dempta
1140 5838 1318 5899 syllaba
1344 5836 1536 5894 factum,
1567 5845 1699 5888 Νάθαν,
1726 5831 1925 5881 Nat/mn.

1187 422 1236 478 S.
1275 421 1550 478 JOANNIS
1591 419 2057 476 CllRYSOSTOMl
2100 416 2413 474 ARCHIEP.
2453 411 2974 472 CONSTANTINOP.

3708 412 3786 466 28

2283 530 2460 583 Multa:
2491 527 2764 599 prophetia:
2800 529 2861 580 de
2911 524 3218 578 Patrinrrhis
3257 524 3423 594 edita,
3451 540 3551 581 tum
3585 527 3683 582 nisi
3711 528 3773 580 iu

2209 636 2375 672 eorum
2403 618 2662 686 nepotibus
2687 617 2904 688 impleta:
2928 625 3061 669 sunt.
3089 645 3156 655 -—
3182 613 3332 682 Quod
3363 616 3407 671 si
3442 616 3786 686 impudenter

2207 710 2557 779 agantJudazi,
2576 709 2710 763 hanc
2730 708 3016 778 prophetia:
3034 707 3199 776 legem
3222 720 3496 775 perperam
3515 707 3783 775 explican-

2209 815 2307 868 tes,
2339 804 2490 860 exiis
2513 803 2740 857 maxime
2763 816 2880 871 qua:
2906 799 3045 854 dicta
3077 808 3199 852 sunt
3229 797 3378 852 facile
3407 795 3785 862 confutaverit,

2209 901 2250 954 si
2281 900 2399 970 quis
2427 909 2670 955 accurate
2697 897 2998 968 prophetias
3020 896 3312 965 explicans,
3339 903 3393 948 et
3414 892 3590 947 omnia
3616 889 3787 944 verba

2207 1005 2327 1044 cum
2357 990 2534 1045 debita
2566 991 2855 1044 attentione
2883 988 3216 1048 examinans,
3239 985 3373 1038 dicta
3396 982 3546 1036 factis
3573 993 3764 1034 aecom

2209 1080 2404 1135 modct.
2455 1080 2533 1134 Ex
2556 1079 2843 1134 abundanti
2878 1080 3051 1147 itaque
3081 1077 3313 1145 ipsorum
3362 1087 3456 1126 ora
3495 1071 3782 1132 obturans,

2211 1184 2314 1225 non
2341 1185 2406 1226 ex
2427 1170 2490 1224 iis
2519 1185 2637 1239 quae
2661 1169 2728 1224 de
2751 1168 2965 1223 Christo
2985 1167 3121 1222 dicta
3146 1174 3302 1229 sunt,
3327 1162 3420 1218 sed
3447 1176 3512 1217 ex
3551 1161 3616 1214 iis
3656 1172 3782 1227 quas

2211 1273 2334 1318 sunt
2361 1261 2428 1318 de
2453 1261 2766 1331 patriarehis
2794 1261 3030 1330 ipsorum
3069 1256 3415 1328 praenuntiata
3435 1295 3450 1320 ,
3481 1253 3583 1307 hoc
3612 1253 3789 1320 ipsum

2211 1355 2352 1409 clare
2378 1352 2746 1408 demonstrare
2773 1352 3029 1417 conabor,
3061 1349 3348 1404 ostendens
3375 1362 3441 1402 ex
3485 1342 3792 1414 prophetiis

2213 1443 2404 1498 multas
2424 1442 2593 1496 dictas
2619 1441 2778 1495 fuisse
2802 1441 2869 1495 de
2900 1440 3128 1494 tribuum
3159 1433 3602 1506 progenitoribus,
3622 1432 3673 1484 in
3692 1445 3792 1483 eo-

2212 1550 2434 1604 rumque
2462 1534 2736 1598 nepotibus
2763 1533 3004 1603 impletas
3052 1546 3190 1585 esse.
3249 1530 3313 1583 Et
3355 1525 3582 1594 exempli
3625 1536 3791 1577 causa

2213 1641 2315 1679 una
2343 1626 2574 1685 alterave
2599 1625 2754 1678 allata
2785 1623 3020 1686 historia,
3039 1637 3149 1676 rem
3173 1617 3494 1689 propositam
3509 1614 3791 1682 attingam.

2213 1715 2420 1769 Etenim
2449 1729 2569 1769 cum
2589 1711 2908 1785 Symeonem
2934 1719 2987 1766 et
3013 1711 3141 1765 Levi
3167 1716 3405 1763 vocasset
3429 1704 3613 1766 Jacob,
3648 1717 3793 1770 pra:-

2215 1806 2462 1860 nnntians
2490 1820 2554 1860 ea
2579 1818 2738 1873 ,qua:
2763 1803 2891 1872 ipsis
2933 1808 3184 1856 eventura
3227 1807 3416 1853 erant.
3456 1796 3532 1850 sic
3577 1792 3796 1847 dicebat

2216 1896 2437 1966 Symeon
2456 1904 2502 1950 et
2527 1894 2644 1948 Levi
2671 1899 2851 1963 fratres
2873 1891 3118 1962 (Gem/i9.
3140 1890 3215 1958 5),
3235 1897 3289 1942 et
3311 1888 3544 1941 incusata
3571 1884 3792 1938 illorum

2217 1988 2508 2056 iniquitate,
2532 1987 2830 2055 injustaque
2855 1983 3224 2039 Sicemitarum
3272 1981 3446 2041 cwde,
3475 1978 3527 2031 in
3563 1989 3798 2044 sequen-

2218 2079 2355 2132 tibus
2379 2077 2452 2130 ait
2482 2093 2495 2129 :
2521 2075 2760 2129 Dividam
2784 2090 2866 2128 eos
2889 2075 2944 2127 in
2968 2072 3128 2126 Jacob
3148 2112 3162 2137 ,
3192 2080 3239 2125 et
3269 2069 3552 2138 dispergant
3580 2066 3695 2119 illos
3734 2067 3794 2118 in

2217 2168 2383 2222 Israel
2411 2165 2571 2238 (Ibid.
2591 2183 2638 2220 υ.
2667 2166 2744 2235 7).
2775 2164 2886 2219 Hoc
2928 2173 3102 2218 autem
3155 2173 3311 2214 nemo
3338 2157 3532 2212 dixerit
3575 2155 3626 2210 in
3681 2153 3792 2209 Le-

2219 2261 2267 2313 vi
2295 2269 2348 2314 ct
2373 2258 2638 2330 Symeonc
2680 2256 2876 2310 factum
2904 2268 3059 2319 esse,
3094 2251 3186 2307 sed
3221 2253 3270 2304 in
3311 2248 3552 2304 tribubus
3597 2259 3667 2300 ex
3710 2245 3797 2299 eis

2221 2348 2527 2418 progenitis.
2553 2347 2688 2401 Nam
2717 2343 2884 2400 tribus
2905 2343 3034 2398 Levi
3063 2342 3300 2408 diSpersa
3326 2349 3438 2402 est,
3467 2337 3536 2391 ita
3563 2344 3619 2390 ut
3641 2333 3793 2389 deci-

2221 2453 2360 2491 mam
2392 2447 2596 2505 partem
2625 2433 2740 2504 ejus
2769 2445 3097 2501 unaquaeque
3137 2429 3308 2483 tribus
3335 2426 3551 2481 haberet
3577 2442 3595 2482 ι
3622 2423 3797 2477 tribus

2222 2530 2346 2583 item
2393 2526 2673 2598 Symeonis
2708 2539 2829 2596 quae
2875 2523 3104 2592 idipsum
3150 2520 3260 2574 fere
3299 2525 3515 2587 experta
3553 2525 3653 2580 est,
3701 2529 3800 2583 per

2221 2633 2406 2674 omnes
2433 2618 2550 2672 illas
2577 2624 2792 2671 extensa
2824 2628 2917 2684 per
2942 2621 3139 2667 sortem
3165 2653 3179 2672 .
3209 2624 3314 2664 non
3344 2604 3796 2678 quemadmodum

2223 2711 2359 2775 aliae,
2390 2708 2728 2778 conjunctam
2753 2714 2807 2760 et
2831 2703 2986 2759 simul
3013 2702 3380 2771 conglobatam
3423 2696 3604 2752 habuit
3633 2694 3798 2748 here-

2223 2798 2462 2852 ditatem.
2489 2796 2650 2851 Jacob
2678 2795 2837 2849 etiam
2866 2809 2928 2847 ex
2958 2792 3185 2858 acceptis
3227 2805 3254 2843 a
3292 2797 3440 2858 patre
3471 2785 3803 2842 benedictio-

2226 2888 2400 2952 nibus,
2432 2885 2628 2940 nullam
2659 2884 2772 2953 ipse
2791 2891 3148 2951 consequutus
3174 2889 3272 2932 est.
3301 2878 3454 2931 Pater
3474 2876 3613 2930 enim
3634 2875 3804 2943 ipsius

2227 2981 2439 3050 longam
2465 2978 2866 3048 prosperitatem
2897 2974 2993 3043 ipsi
3026 2971 3361 3041 pra-dixerat,
3395 2977 3450 3023 et
3486 2975 3806 3036 perpetuum

2226 3073 2276 3127 in
2310 3072 2448 3126 Esat‘t
2476 3070 2821 3133 dominatum,
2847 3069 2891 3120 is
2927 3081 3052 3120 vero
3091 3063 3141 3117 in
3168 3077 3345 3116 rerum
3385 3059 3806 3114 necessariarum

2227 3163 2448 3234 penuria
2491 3171 2640 3229 erat,
2678 3159 3140 3225 mercenariuSQue
3185 3153 3462 3217 alebatur,
3491 3157 3808 3217 tantumque

2228 3258 2413 3310 aberat
2450 3263 2508 3310 ut
2556 3253 2836 3324 imperium
2873 3250 3092 3304 haberet
3135 3248 3183 3300 in
3215 3246 3452 3308 fratrem,
3487 3251 3541 3296 ut
3575 3241 3644 3296 de
3695 3240 3810 3293 vita

2230 3347 2638 3418 periclitaretur,
2662 3353 2715 3399 et
2761 3340 2927 3398 semel
2958 3341 3031 3394 illi
3060 3339 3244 3394 obvius
3270 3351 3388 3389 cum
3421 3333 3588 3386 multo
3614 3331 3811 3386 timore

2233 3439 2419 3503 factus,
2444 3437 2581 3492 bene
2603 3448 2782 3490 secum
2800 3441 2974 3488 actum
3007 3431 3216 3500 putarit,
3253 3425 3390 3496 quod
3429 3423 3654 3490 potuerit
3691 3436 3809 3476 ma-

2234 3546 2332 3585 nus
2376 3529 2489 3600 ejus
2521 3527 2772 3597 effugere.
2817 3523 2954 3591 Quid
2994 3521 3148 3592 igitur
3177 3520 3243 3573 ad
3272 3519 3384 3571 haec
3419 3514 3700 3570 dicamus?
3742 3529 3814 3566 an

2235 3623 2540 3678 mendacem
2561 3635 2679 3675 esse
2703 3615 3073 3688 prophetiam?
3105 3613 3251 3668 Absit
3286 3628 3297 3663 :
3325 3608 3418 3664 sed
3465 3610 3581 3676 ejus
3606 3619 3816 3660 murem

2237 3716 2377 3769 hunc
2403 3728 2544 3783 saepe
2573 3726 2710 3776 esse,
2734 3719 2792 3763 ut
2816 3724 2875 3764 ea
2905 3722 3022 3776 qua:
3058 3713 3180 3759 sunt
3219 3702 3338 3756 aliis
3381 3708 3661 3763 eventura,
3693 3696 3817 3750 aliis

2238 3807 2478 3878 personis
2507 3803 2770 3859 adscribat
2789 3842 2804 3866 ,
2838 3811 2887 3854 et
2919 3799 3019 3852 alia
3054 3812 3147 3867 pro
3172 3795 3288 3848 aliis
3317 3791 3621 3847 nominibus
3651 3803 3817 3842 usur-

2241 3909 2329 3968 pet
2360 3915 2374 3952 :
2409 3897 2461 3951 id
2490 3895 2631 3966 quod
2668 3894 2826 3949 etiam
2857 3893 2908 3945 in
2951 3889 3236 3945 Chanaano
3277 3888 3468 3940 factum
3501 3892 3602 3936 est.
3631 3879 3820 3948 Neque

2241 3990 2382 4045 enim
2414 3987 2656 4042 videmus
2685 3984 2830 4038 illum
2865 3980 3146 4036 servivisse
3179 3977 3429 4032 fratribus
3464 3973 3593 4035 suis,
3641 3985 3823 4038 neque

2242 4082 2401 4136 etiam
2429 4074 2850 4132 maledictionem
2872 4070 3165 4135 excidisse,
3197 4067 3291 4122 sed
3318 4069 3367 4119 in
3399 4062 3706 4118 Gabaonitis
3754 4075 3822 4114 ex

2243 4171 2528 4226 Chanaano
2557 4165 2689 4220 ortis
2715 4166 2869 4218 linem
2895 4161 3181 4230 accepisse.
3216 4157 3346 4211 Nam
3367 4155 3418 4209 id
3446 4154 3584 4225 quod
3606 4152 3826 4207 diceba-

2247 4271 2332 4317 tur
2359 4257 2632 4330 prophetia
2661 4262 2803 4318 erat,
2834 4249 3221 4307 maledictiOnis
3260 4247 3427 4301 forma
3454 4245 3678 4314 prolata.

2317 4353 2371 4406 2.
2414 4352 2545 4405 Cum
2573 4360 2649 4402 tot
2669 4361 2793 4414 ergo
2822 4345 3047 4412 taliaque
3079 4341 3366 4394 habeamus
3392 4334 3634 4404 exempla
3657 4375 3673 4398 ,
3701 4332 3828 4402 qui-

2251 4445 2349 4499 bus
2379 4442 2646 4511 probatur,
2680 4436 2841 4491 multa
2872 4449 2988 4503 quae
3008 4434 3254 4487 dicuntur
3280 4429 3345 4483 de
3368 4428 3485 4482 aliis
3512 4422 3832 4495 proferri,et

2254 4538 2305 4590 in
2335 4536 2450 4588 aliis
2479 4530 2720 4586 accidere
2742 4569 2755 4593 ,
2784 4536 2836 4580 et
2862 4524 3161 4579 nominibus
3195 4521 3273 4574 sic
3303 4532 3425 4573 usos
3451 4531 3570 4572 esse
3599 4514 3833 4584 prophe-

2255 4638 2357 4693 tas,
2387 4625 2510 4695 quid
2533 4624 2724 4677 mirum
2767 4619 2810 4674 si
2846 4631 2986 4672 nunc
3008 4630 3197 4668 nomen
3228 4612 3425 4667 .ludzete
3450 4617 3503 4663 et
3535 4606 3836 4661 Jerusalem

2257 4719 2510 4791 propheta
2537 4726 2818 4780 usurpans,
2849 4711 2915 4763 de
2939 4707 3173 4763 Ecclesia
3191 4704 3502 4758 vaticinetur
3521 4700 3544 4754 ?
3564 4697 3694 4753 Nam
3712 4697 3836 4764 quia

2260 4787 2486 4881 ingratis,
2537 4803 2874 4876 loquebatur,
2925 4799 3212 4870 prephetas
3251 4791 3632 4855 occidentibus,
3669 4787 3840 4842 libros

2259 4877 2709 4960 comburentibus,
2729 4908 2849 4948 aras
2869 4888 3289 4948 sullodientibus,
3305 4885 3424 4954 jure
3447 4881 3686 4936 velamen
3709 4877 3843 4947 ipsis

2263 4991 2565 5062 impositum
2596 4995 2710 5041 erat
2750 4985 2799 5038 in
2847 4981 3075 5036 lectione
3119 4975 3324 5030 Veteris
3350 4968 3710 5031 Testamenti,
3747 4981 3842 5018 se-

2265 5055 2493 5140 cundum
2535 5079 2744 5132 beatum
2790 5072 3003 5127 Paulum
3038 5069 3121 5136 (‘2.
3154 5066 3271 5121 Cor.
3314 5065 3366 5119 5.
3415 5063 3541 5131 14).
3593 5055 3846 5123 Alioquin

2267 5177 2428 5230 libros
2445 5169 2799 5227 sustulissent,
2826 5165 2869 5216 si
2891 5161 3177 5231 prophetia:
3204 5154 3492 5210 deChristo
3507 5151 3613 5204 vim
3633 5147 3848 5201 intelle-

2270 5287 2297 5324 x
2307 5263 2626 5322 issent.Cum
2640 5260 2781 5315 enim
2797 5263 3113 5326 praesentem
3129 5252 3296 5318 ipsum
3310 5243 3562 5301 miracula
3575 5239 3849 5304 edentem,

2273 5357 2664 5427 perfectamque
2677 5346 2928 5419 potentiae
2947 5359 3057 5399 suae
3073 5351 3124 5396 et
3138 5350 3430 5396 consensus
3444 5329 3853 5398 concordiaeque

2273 5462 2392 5502 cum
2436 5445 2592 5499 Patre
2620 5434 3128 5496 demonstrationem
3157 5428 3526 5489 exhibentem,
3556 5436 3663 5476 non
3695 5434 3855 5474 reve-

2277 5539 2364 5593 riti
2398 5537 2532 5600 sint,
2564 5545 2737 5602 neque
2762 5526 3064 5598 quieverint
3099 5523 3268 5590 donec
3291 5532 3413 5573 eum
3444 5512 3854 5570 cruciﬁxissent,

2280 5632 2363 5685 vix
2395 5626 2754 5699 pepercissent
2777 5622 2861 5686 iis,
2901 5619 2989 5688 qui
3017 5617 3083 5671 de
3114 5615 3228 5684 ipso
3257 5608 3456 5679 loquuti
3483 5610 3696 5666 essent,
3724 5614 3861 5670 quos

2285 5690 2624 5776 nihilominus
2659 5715 2960 5781 frequenter
2998 5705 3318 5774 lapidabant.
3361 5697 3484 5750 Ideo
3533 5690 3760 5763 propriis
3803 5698 3857 5742 et

2289 5814 2427 5869 mitis
2467 5810 2566 5865 sibi
2607 5803 2907 5864 nominibus
2955 5799 3180 5855 libenter
3213 5797 3444 5856 utentes,
3495 5785 3592 5838 hac
3634 5793 3861 5855 persona
