  <div class='ocr_page' id='page_1' title='image "/cluster/home/n/w/nwhite01/storage/ocr_20150623/56/ien.35556001660836/034.png"; bbox 0 0 4044 6398; ppageno 0'>
   <div class='ocr_carea' id='block_1_1' title="bbox 268 403 3685 479">
    <p class='ocr_par' dir='ltr' id='par_1_1' title="bbox 268 403 3685 479">
     <span class='ocr_line' id='line_1_1' title="bbox 268 403 3685 479; baseline -0.001 -21"><span class='ocrx_word' id='word_1_1' title='bbox 268 405 340 459; x_wconf 86' lang='lat'>27</span> <span class='ocrx_word' id='word_1_2' title='bbox 1624 404 1687 459; x_wconf 81' lang='lat' dir='ltr'>IN</span> <span class='ocrx_word' id='word_1_3' title='bbox 1729 403 1985 471; x_wconf 71' lang='lat' dir='ltr'>ISAIAM,</span> <span class='ocrx_word' id='word_1_4' title='bbox 2015 405 2168 460; x_wconf 80' lang='lat' dir='ltr'>CAP.</span> <span class='ocrx_word' id='word_1_5' title='bbox 2210 404 2280 458; x_wconf 82' lang='grc' dir='ltr'>ιι.</span> <span class='ocrx_word' id='word_1_6' title='bbox 3614 424 3685 479; x_wconf 72' lang='lat'>28</span> 
     </span>
    </p>
   </div>
   <div class='ocr_carea' id='block_1_2' title="bbox 263 519 1917 593">
    <p class='ocr_par' dir='ltr' id='par_1_2' title="bbox 263 519 1917 593">
     <span class='ocr_line' id='line_1_2' title="bbox 263 519 1917 593; baseline -0.005 -14"><span class='ocrx_word' id='word_1_7' title='bbox 263 525 534 593; x_wconf 75' lang='grc' dir='ltr'>ἐργασίαι</span> <span class='ocrx_word' id='word_1_8' title='bbox 565 524 759 579; x_wconf 83' lang='grc' dir='ltr'>αὐτῶν</span> <span class='ocrx_word' id='word_1_9' title='bbox 797 522 876 587; x_wconf 87' lang='grc' dir='ltr'>ὠς</span> <span class='ocrx_word' id='word_1_10' title='bbox 900 519 1161 589; x_wconf 77' lang='grc' dir='ltr'>σπινθὴρ</span> <span class='ocrx_word' id='word_1_11' title='bbox 1192 520 1396 588; x_wconf 80' lang='grc' dir='ltr'>πυρός.</span> <span class='ocrx_word' id='word_1_12' title='bbox 1427 519 1690 573; x_wconf 82' lang='grc' dir='ltr'>Ἐνταῦθα</span> <span class='ocrx_word' id='word_1_13' title='bbox 1714 519 1917 571; x_wconf 81' lang='grc' dir='ltr'>δείκνυ-</span> 
     </span>
    </p>
   </div>
   <div class='ocr_carea' id='block_1_3' title="bbox 266 606 1917 677">
    <p class='ocr_par' dir='ltr' id='par_1_3' title="bbox 266 606 1917 677">
     <span class='ocr_line' id='line_1_3' title="bbox 266 606 1917 677; baseline -0.005 -11"><span class='ocrx_word' id='word_1_14' title='bbox 266 632 350 666; x_wconf 85' lang='grc' dir='ltr'>σιν</span> <span class='ocrx_word' id='word_1_15' title='bbox 380 614 461 665; x_wconf 82' lang='grc' dir='ltr'>ὅτι</span> <span class='ocrx_word' id='word_1_16' title='bbox 493 612 700 665; x_wconf 83' lang='grc' dir='ltr'>οίκοθεν</span> <span class='ocrx_word' id='word_1_17' title='bbox 744 611 812 663; x_wconf 72' lang='grc' dir='ltr'>τά</span> <span class='ocrx_word' id='word_1_18' title='bbox 867 609 1033 675; x_wconf 78' lang='grc' dir='ltr'>κακά,</span> <span class='ocrx_word' id='word_1_19' title='bbox 1069 610 1161 661; x_wconf 70' lang='grc' dir='ltr'>καὶ</span> <span class='ocrx_word' id='word_1_20' title='bbox 1209 608 1360 661; x_wconf 77' lang='grc' dir='ltr'>αὐτοὶ</span> <span class='ocrx_word' id='word_1_21' title='bbox 1413 608 1510 677; x_wconf 80' lang='grc' dir='ltr'>τὴν</span> <span class='ocrx_word' id='word_1_22' title='bbox 1549 606 1917 677; x_wconf 74' lang='grc' dir='ltr'>αἰχμαλωσίαν</span> 
     </span>
    </p>
   </div>
   <div class='ocr_carea' id='block_1_4' title="bbox 261 693 1918 769">
    <p class='ocr_par' dir='ltr' id='par_1_4' title="bbox 261 693 1918 769">
     <span class='ocr_line' id='line_1_4' title="bbox 261 693 1918 769; baseline -0.003 -17"><span class='ocrx_word' id='word_1_23' title='bbox 261 701 467 764; x_wconf 74' lang='grc' dir='ltr'>ἔτεκον,</span> <span class='ocrx_word' id='word_1_24' title='bbox 500 701 593 753; x_wconf 82' lang='grc' dir='ltr'>καὶ</span> <span class='ocrx_word' id='word_1_25' title='bbox 624 699 721 769; x_wconf 80' lang='grc' dir='ltr'>την</span> <span class='ocrx_word' id='word_1_26' title='bbox 750 697 973 767; x_wconf 82' lang='grc' dir='ltr'>κάμινον</span> <span class='ocrx_word' id='word_1_27' title='bbox 1004 696 1230 767; x_wconf 72' lang='grc' dir='ltr'>ἀνῆψαν.</span> <span class='ocrx_word' id='word_1_28' title='bbox 1252 696 1464 765; x_wconf 80' lang='grc' dir='ltr'>Ὠσπερ</span> <span class='ocrx_word' id='word_1_29' title='bbox 1492 695 1597 765; x_wconf 80' lang='grc' dir='ltr'>γὰρ</span> <span class='ocrx_word' id='word_1_30' title='bbox 1625 693 1918 764; x_wconf 75' lang='grc' dir='ltr'>σπινθῆρες</span> 
     </span>
    </p>
   </div>
   <div class='ocr_carea' id='block_1_5' title="bbox 263 779 1923 853">
    <p class='ocr_par' dir='ltr' id='par_1_5' title="bbox 263 779 1923 853">
     <span class='ocr_line' id='line_1_5' title="bbox 263 779 1923 853; baseline -0.004 -17"><span class='ocrx_word' id='word_1_31' title='bbox 263 784 625 853; x_wconf 73' lang='grc' dir='ltr'>ἐμπίπτοντες</span> <span class='ocrx_word' id='word_1_32' title='bbox 665 783 776 852; x_wconf 91' lang='grc' dir='ltr'>πῦρ</span> <span class='ocrx_word' id='word_1_33' title='bbox 821 781 1206 852; x_wconf 88' lang='grc' dir='ltr'>ἀνεγείρουσιν,</span> <span class='ocrx_word' id='word_1_34' title='bbox 1252 779 1394 834; x_wconf 82' lang='grc' dir='ltr'>οὕτω</span> <span class='ocrx_word' id='word_1_35' title='bbox 1444 779 1512 832; x_wconf 81' lang='grc' dir='ltr'>τὰ.</span> <span class='ocrx_word' id='word_1_36' title='bbox 1555 779 1923 850; x_wconf 85' lang='grc' dir='ltr'>ἁμαρτήματα</span> 
     </span>
    </p>
   </div>
   <div class='ocr_carea' id='block_1_6' title="bbox 261 864 1921 939">
    <p class='ocr_par' dir='ltr' id='par_1_6' title="bbox 261 864 1921 939">
     <span class='ocr_line' id='line_1_6' title="bbox 261 864 1921 939; baseline -0.005 -16"><span class='ocrx_word' id='word_1_37' title='bbox 261 873 469 924; x_wconf 89' lang='grc' dir='ltr'>τούτων</span> <span class='ocrx_word' id='word_1_38' title='bbox 528 870 858 939; x_wconf 80' lang='grc' dir='ltr'>συναχθέντα</span> <span class='ocrx_word' id='word_1_39' title='bbox 899 869 989 921; x_wconf 91' lang='grc' dir='ltr'>τοῦ</span> <span class='ocrx_word' id='word_1_40' title='bbox 1038 868 1170 921; x_wconf 83' lang='grc' dir='ltr'>Θεοῦ</span> <span class='ocrx_word' id='word_1_41' title='bbox 1221 868 1321 937; x_wconf 81' lang='grc' dir='ltr'>τὴν</span> <span class='ocrx_word' id='word_1_42' title='bbox 1372 866 1539 937; x_wconf 83' lang='grc' dir='ltr'>ὀργὴν</span> <span class='ocrx_word' id='word_1_43' title='bbox 1582 866 1773 935; x_wconf 81' lang='grc' dir='ltr'>ἀνῆψε.</span> <span class='ocrx_word' id='word_1_44' title='bbox 1810 864 1921 917; x_wconf 80' lang='grc' dir='ltr'>Καὶ</span> 
     </span>
    </p>
   </div>
   <div class='ocr_carea' id='block_1_7' title="bbox 272 951 1920 1021">
    <p class='ocr_par' dir='ltr' id='par_1_7' title="bbox 272 951 1920 1021">
     <span class='ocr_line' id='line_1_7' title="bbox 272 951 1920 1021; baseline -0.001 -12"><span class='ocrx_word' id='word_1_45' title='bbox 272 956 831 1021; x_wconf 75' lang='grc' dir='ltr'>κατακαυθήσονται</span> <span class='ocrx_word' id='word_1_46' title='bbox 867 957 919 1008; x_wconf 78' lang='grc' dir='ltr'>οἱ</span> <span class='ocrx_word' id='word_1_47' title='bbox 974 955 1181 1021; x_wconf 82' lang='grc' dir='ltr'>ἄνομοι</span> <span class='ocrx_word' id='word_1_48' title='bbox 1215 953 1315 1005; x_wconf 80' lang='grc' dir='ltr'>καί</span> <span class='ocrx_word' id='word_1_49' title='bbox 1350 956 1403 1005; x_wconf 78' lang='grc' dir='ltr'>οἱ</span> <span class='ocrx_word' id='word_1_50' title='bbox 1424 951 1755 1021; x_wconf 81' lang='grc' dir='ltr'>ἁμαρτωλοί</span> <span class='ocrx_word' id='word_1_51' title='bbox 1782 952 1920 1020; x_wconf 81' lang='grc' dir='ltr'>ἅμα,</span> 
     </span>
    </p>
   </div>
   <div class='ocr_carea' id='block_1_8' title="bbox 264 1039 1920 1109">
    <p class='ocr_par' dir='ltr' id='par_1_8' title="bbox 264 1039 1920 1109">
     <span class='ocr_line' id='line_1_8' title="bbox 264 1039 1920 1109; baseline -0.003 -14"><span class='ocrx_word' id='word_1_52' title='bbox 264 1043 362 1095; x_wconf 78' lang='grc' dir='ltr'>καί</span> <span class='ocrx_word' id='word_1_53' title='bbox 382 1046 492 1100; x_wconf 75' lang='grc' dir='ltr'>οὐκ</span> <span class='ocrx_word' id='word_1_54' title='bbox 518 1043 687 1096; x_wconf 78' lang='grc' dir='ltr'>ἔσται</span> <span class='ocrx_word' id='word_1_55' title='bbox 707 1045 739 1095; x_wconf 85' lang='grc' dir='ltr'>ό</span> <span class='ocrx_word' id='word_1_56' title='bbox 762 1041 1012 1095; x_wconf 82' lang='grc' dir='ltr'>σϐέσων.</span> <span class='ocrx_word' id='word_1_57' title='bbox 1044 1041 1209 1095; x_wconf 87' lang='grc' dir='ltr'>Πάλιν</span> <span class='ocrx_word' id='word_1_58' title='bbox 1251 1039 1581 1109; x_wconf 83' lang='grc' dir='ltr'>ἀπαγορεύει</span> <span class='ocrx_word' id='word_1_59' title='bbox 1606 1039 1703 1109; x_wconf 82' lang='grc' dir='ltr'>τὴν</span> <span class='ocrx_word' id='word_1_60' title='bbox 1748 1054 1920 1107; x_wconf 89' lang='grc' dir='ltr'>σωτη-</span> 
     </span>
    </p>
   </div>
   <div class='ocr_carea' id='block_1_9' title="bbox 268 1126 1917 1200">
    <p class='ocr_par' dir='ltr' id='par_1_9' title="bbox 268 1126 1917 1200">
     <span class='ocr_line' id='line_1_9' title="bbox 268 1126 1917 1200; baseline -0.001 -19"><span class='ocrx_word' id='word_1_61' title='bbox 268 1131 390 1198; x_wconf 90' lang='grc' dir='ltr'>ρίαν</span> <span class='ocrx_word' id='word_1_62' title='bbox 439 1130 528 1183; x_wconf 76' lang='grc' dir='ltr'>διά</span> <span class='ocrx_word' id='word_1_63' title='bbox 571 1129 667 1199; x_wconf 82' lang='grc' dir='ltr'>τὴν</span> <span class='ocrx_word' id='word_1_64' title='bbox 700 1129 864 1200; x_wconf 78' lang='grc' dir='ltr'>αὐτὴν</span> <span class='ocrx_word' id='word_1_65' title='bbox 909 1129 1067 1182; x_wconf 83' lang='grc' dir='ltr'>πάλιν</span> <span class='ocrx_word' id='word_1_66' title='bbox 1101 1127 1308 1191; x_wconf 88' lang='grc' dir='ltr'>αἰτίαν,</span> <span class='ocrx_word' id='word_1_67' title='bbox 1348 1127 1446 1197; x_wconf 83' lang='grc' dir='ltr'>οὐχ</span> <span class='ocrx_word' id='word_1_68' title='bbox 1481 1127 1567 1180; x_wconf 76' lang='grc' dir='ltr'>ἵνα</span> <span class='ocrx_word' id='word_1_69' title='bbox 1593 1126 1917 1194; x_wconf 86' lang='grc' dir='ltr'>ἀπογνῶσιν,</span> 
     </span>
    </p>
   </div>
   <div class='ocr_carea' id='block_1_10' title="bbox 265 1213 1917 1287">
    <p class='ocr_par' dir='ltr' id='par_1_10' title="bbox 265 1213 1917 1287">
     <span class='ocr_line' id='line_1_10' title="bbox 265 1213 1917 1287; baseline -0.001 -20"><span class='ocrx_word' id='word_1_70' title='bbox 265 1215 383 1267; x_wconf 87' lang='grc' dir='ltr'>ἀλλ’</span> <span class='ocrx_word' id='word_1_71' title='bbox 414 1217 501 1268; x_wconf 81' lang='grc' dir='ltr'>ἴνα</span> <span class='ocrx_word' id='word_1_72' title='bbox 547 1216 715 1287; x_wconf 82' lang='grc' dir='ltr'>ταύτῃ</span> <span class='ocrx_word' id='word_1_73' title='bbox 757 1217 885 1283; x_wconf 90' lang='grc' dir='ltr'>γοῦν</span> <span class='ocrx_word' id='word_1_74' title='bbox 932 1216 1248 1286; x_wconf 79' lang='grc' dir='ltr'>ἀκμάζοντα</span> <span class='ocrx_word' id='word_1_75' title='bbox 1294 1214 1384 1267; x_wconf 80' lang='grc' dir='ltr'>τὸν</span> <span class='ocrx_word' id='word_1_76' title='bbox 1419 1213 1579 1283; x_wconf 87' lang='grc' dir='ltr'>φόϐον</span> <span class='ocrx_word' id='word_1_77' title='bbox 1618 1214 1917 1284; x_wconf 79' lang='grc' dir='ltr'>δεξάμενοι,</span> 
     </span>
    </p>
   </div>
   <div class='ocr_carea' id='block_1_11' title="bbox 265 1298 1919 1371">
    <p class='ocr_par' dir='ltr' id='par_1_11' title="bbox 265 1298 1919 1371">
     <span class='ocr_line' id='line_1_11' title="bbox 265 1298 1919 1371; baseline -0.001 -20"><span class='ocrx_word' id='word_1_78' title='bbox 265 1301 365 1367; x_wconf 83' lang='grc' dir='ltr'>τὴν</span> <span class='ocrx_word' id='word_1_79' title='bbox 391 1302 589 1371; x_wconf 85' lang='grc' dir='ltr'>πολλὴν</span> <span class='ocrx_word' id='word_1_80' title='bbox 618 1302 1041 1365; x_wconf 78' lang='grc' dir='ltr'>ἀποτινάξωνται</span> <span class='ocrx_word' id='word_1_81' title='bbox 1074 1300 1359 1370; x_wconf 79' lang='grc' dir='ltr'>ρᾳθυμίαν.</span> <span class='ocrx_word' id='word_1_82' title='bbox 1414 1301 1523 1353; x_wconf 89' lang='lat' dir='ltr'>Kal</span> <span class='ocrx_word' id='word_1_83' title='bbox 1567 1300 1747 1369; x_wconf 69' lang='grc' dir='ltr'>ἕτερον</span> <span class='ocrx_word' id='word_1_84' title='bbox 1779 1298 1836 1350; x_wconf 91' lang='grc' dir='ltr'>δέ</span> <span class='ocrx_word' id='word_1_85' title='bbox 1866 1314 1919 1349; x_wconf 88' lang='grc' dir='ltr'>τι</span> 
     </span>
    </p>
   </div>
   <div class='ocr_carea' id='block_1_12' title="bbox 263 1382 1919 1455">
    <p class='ocr_par' dir='ltr' id='par_1_12' title="bbox 263 1382 1919 1455">
     <span class='ocr_line' id='line_1_12' title="bbox 263 1382 1919 1455; baseline -0.002 -18"><span class='ocrx_word' id='word_1_86' title='bbox 263 1387 498 1440; x_wconf 78' lang='grc' dir='ltr'>ἐνταῦθα</span> <span class='ocrx_word' id='word_1_87' title='bbox 530 1388 840 1450; x_wconf 77' lang='grc' dir='ltr'>αἰνίττεται,</span> <span class='ocrx_word' id='word_1_88' title='bbox 865 1387 925 1438; x_wconf 86' lang='lat'>16</span> <span class='ocrx_word' id='word_1_89' title='bbox 944 1387 1150 1455; x_wconf 78' lang='grc' dir='ltr'>ἄμαχον</span> <span class='ocrx_word' id='word_1_90' title='bbox 1176 1386 1337 1438; x_wconf 81' lang='grc' dir='ltr'>αὐτοῦ</span> <span class='ocrx_word' id='word_1_91' title='bbox 1359 1386 1458 1453; x_wconf 91' lang='grc' dir='ltr'>τῆς</span> <span class='ocrx_word' id='word_1_92' title='bbox 1495 1383 1793 1452; x_wconf 89' lang='grc' dir='ltr'>δυνάμεως,</span> <span class='ocrx_word' id='word_1_93' title='bbox 1827 1382 1919 1434; x_wconf 80' lang='grc' dir='ltr'>καὶ</span> 
     </span>
    </p>
   </div>
   <div class='ocr_carea' id='block_1_13' title="bbox 262 1469 1917 1543">
    <p class='ocr_par' dir='ltr' id='par_1_13' title="bbox 262 1469 1917 1543">
     <span class='ocr_line' id='line_1_13' title="bbox 262 1469 1917 1543; baseline -0.005 -17"><span class='ocrx_word' id='word_1_94' title='bbox 262 1474 346 1526; x_wconf 84' lang='grc' dir='ltr'>δτι</span> <span class='ocrx_word' id='word_1_95' title='bbox 378 1474 694 1539; x_wconf 76' lang='grc' dir='ltr'>κολάζοντος</span> <span class='ocrx_word' id='word_1_96' title='bbox 726 1473 911 1538; x_wconf 84' lang='grc' dir='ltr'>αὑτοῦ,</span> <span class='ocrx_word' id='word_1_97' title='bbox 943 1473 1037 1528; x_wconf 76' lang='grc' dir='ltr'>καὶ</span> <span class='ocrx_word' id='word_1_98' title='bbox 1089 1473 1518 1543; x_wconf 87' lang='grc' dir='ltr'>τιμωρουμένου,</span> <span class='ocrx_word' id='word_1_99' title='bbox 1562 1469 1733 1531; x_wconf 74' lang='grc' dir='ltr'>οὐδεὶς</span> <span class='ocrx_word' id='word_1_100' title='bbox 1770 1470 1917 1521; x_wconf 88' lang='grc' dir='ltr'>ἀντι-</span> 
     </span>
    </p>
   </div>
   <div class='ocr_carea' id='block_1_14' title="bbox 263 1557 1507 1631">
    <p class='ocr_par' dir='ltr' id='par_1_14' title="bbox 263 1557 1507 1631">
     <span class='ocr_line' id='line_1_14' title="bbox 263 1557 1507 1631; baseline -0.005 -18"><span class='ocrx_word' id='word_1_101' title='bbox 263 1561 458 1631; x_wconf 77' lang='grc' dir='ltr'>στῆναι</span> <span class='ocrx_word' id='word_1_102' title='bbox 492 1562 583 1613; x_wconf 64' lang='grc' dir='ltr'>καὶ</span> <span class='ocrx_word' id='word_1_103' title='bbox 610 1559 911 1615; x_wconf 87' lang='grc' dir='ltr'>καταλῦσαι</span> <span class='ocrx_word' id='word_1_104' title='bbox 937 1560 1221 1629; x_wconf 82' lang='grc' dir='ltr'>δυνήσεται</span> <span class='ocrx_word' id='word_1_105' title='bbox 1252 1558 1320 1611; x_wconf 84' lang='grc' dir='ltr'>τά</span> <span class='ocrx_word' id='word_1_106' title='bbox 1341 1557 1507 1610; x_wconf 89' lang='grc' dir='ltr'>δεινά.</span> 
     </span>
    </p>
   </div>
   <div class='ocr_carea' id='block_1_15' title="bbox 910 1660 1277 1715">
    <p class='ocr_par' dir='ltr' id='par_1_15' title="bbox 910 1660 1277 1715">
     <span class='ocr_line' id='line_1_15' title="bbox 910 1660 1277 1715; baseline -0.008 0"><span class='ocrx_word' id='word_1_107' title='bbox 910 1661 1159 1715; x_wconf 80' lang='grc' dir='ltr'>ΚΕΦΛΛ.</span> <span class='ocrx_word' id='word_1_108' title='bbox 1203 1660 1277 1712; x_wconf 88' lang='lat' dir='ltr'>B&#39;.</span> 
     </span>
    </p>
   </div>
   <div class='ocr_carea' id='block_1_16' title="bbox 272 1758 1916 1834">
    <p class='ocr_par' dir='ltr' id='par_1_16' title="bbox 272 1758 1916 1834">
     <span class='ocr_line' id='line_1_16' title="bbox 272 1758 1916 1834; baseline -0.001 -19"><span class='ocrx_word' id='word_1_109' title='bbox 272 1761 338 1815; x_wconf 90' lang='lat'>&#39;0</span> <span class='ocrx_word' id='word_1_110' title='bbox 362 1764 544 1831; x_wconf 75' lang='grc' dir='ltr'>λόγος</span> <span class='ocrx_word' id='word_1_111' title='bbox 570 1766 604 1818; x_wconf 80' lang='grc' dir='ltr'><em>ὁ</em></span> <span class='ocrx_word' id='word_1_112' title='bbox 639 1766 958 1834; x_wconf 73' lang='grc' dir='ltr'>γενόμενος</span> <span class='ocrx_word' id='word_1_113' title='bbox 994 1762 1142 1831; x_wconf 84' lang='grc' dir='ltr'>πρὸς</span> <span class='ocrx_word' id='word_1_114' title='bbox 1178 1760 1425 1815; x_wconf 78' lang='grc' dir='ltr'>Ἡσαΐαν</span> <span class='ocrx_word' id='word_1_115' title='bbox 1463 1759 1595 1813; x_wconf 72' lang='grc' dir='ltr'>υἱόν</span> <span class='ocrx_word' id='word_1_116' title='bbox 1634 1758 1847 1828; x_wconf 82' lang='grc' dir='ltr'>Ἀμμώς</span> <span class='ocrx_word' id='word_1_117' title='bbox 1870 1770 1916 1813; x_wconf 76' lang='grc' dir='ltr'>α.</span> 
     </span>
    </p>
   </div>
   <div class='ocr_carea' id='block_1_17' title="bbox 331 1864 1922 1936">
    <p class='ocr_par' dir='ltr' id='par_1_17' title="bbox 331 1864 1922 1936">
     <span class='ocr_line' id='line_1_17' title="bbox 331 1864 1922 1936; baseline -0.003 -16"><span class='ocrx_word' id='word_1_118' title='bbox 331 1873 403 1921; x_wconf 86' lang='grc' dir='ltr'>α’.</span> <span class='ocrx_word' id='word_1_119' title='bbox 433 1867 707 1919; x_wconf 83' lang='grc' dir='ltr'>Ἐντεῦθεν</span> <span class='ocrx_word' id='word_1_120' title='bbox 729 1867 884 1936; x_wconf 80' lang='grc' dir='ltr'>δῆλον</span> <span class='ocrx_word' id='word_1_121' title='bbox 906 1867 980 1929; x_wconf 86' lang='grc' dir='ltr'>ὠς</span> <span class='ocrx_word' id='word_1_122' title='bbox 1007 1866 1066 1919; x_wconf 86' lang='grc' dir='ltr'>οὺ</span> <span class='ocrx_word' id='word_1_123' title='bbox 1093 1864 1269 1927; x_wconf 86' lang='grc' dir='ltr'>πάσας</span> <span class='ocrx_word' id='word_1_124' title='bbox 1288 1865 1373 1932; x_wconf 85' lang='grc' dir='ltr'>ὑφ’</span> <span class='ocrx_word' id='word_1_125' title='bbox 1393 1865 1448 1917; x_wconf 76' lang='grc' dir='ltr'>ἓν</span> <span class='ocrx_word' id='word_1_126' title='bbox 1470 1864 1566 1927; x_wconf 86' lang='grc' dir='ltr'>τάς</span> <span class='ocrx_word' id='word_1_127' title='bbox 1592 1864 1922 1935; x_wconf 73' lang='grc' dir='ltr'>προφητείας</span> 
     </span>
    </p>
   </div>
   <div class='ocr_carea' id='block_1_18' title="bbox 262 1952 1917 2024">
    <p class='ocr_par' dir='ltr' id='par_1_18' title="bbox 262 1952 1917 2024">
     <span class='ocr_line' id='line_1_18' title="bbox 262 1952 1917 2024; baseline 0 -21"><span class='ocrx_word' id='word_1_128' title='bbox 262 1953 725 2021; x_wconf 78' lang='grc' dir='ltr'>είρήκασιν,ἀλλὰ</span> <span class='ocrx_word' id='word_1_129' title='bbox 760 1954 898 2005; x_wconf 85' lang='grc' dir='ltr'>κατά</span> <span class='ocrx_word' id='word_1_130' title='bbox 942 1952 1226 2024; x_wconf 78' lang='grc' dir='ltr'>διαφόρους</span> <span class='ocrx_word' id='word_1_131' title='bbox 1264 1953 1621 2023; x_wconf 82' lang='grc' dir='ltr'>ἐμπνεόμενοι</span> <span class='ocrx_word' id='word_1_132' title='bbox 1675 1952 1917 2020; x_wconf 85' lang='grc' dir='ltr'>καιροὺς,</span> 
     </span>
    </p>
   </div>
   <div class='ocr_carea' id='block_1_19' title="bbox 264 2039 1919 2108">
    <p class='ocr_par' dir='ltr' id='par_1_19' title="bbox 264 2039 1919 2108">
     <span class='ocr_line' id='line_1_19' title="bbox 264 2039 1919 2108; baseline -0.001 -19"><span class='ocrx_word' id='word_1_133' title='bbox 264 2040 568 2107; x_wconf 89' lang='grc' dir='ltr'>περικοπάς</span> <span class='ocrx_word' id='word_1_134' title='bbox 618 2056 766 2101; x_wconf 89' lang='grc' dir='ltr'>τινας</span> <span class='ocrx_word' id='word_1_135' title='bbox 812 2039 1167 2108; x_wconf 81' lang='grc' dir='ltr'>ἀπήγγελλον,</span> <span class='ocrx_word' id='word_1_136' title='bbox 1200 2040 1255 2092; x_wconf 82' lang='grc' dir='ltr'>αἳ</span> <span class='ocrx_word' id='word_1_137' title='bbox 1310 2039 1641 2091; x_wconf 81' lang='grc' dir='ltr'>συντεθεῖσαι</span> <span class='ocrx_word' id='word_1_138' title='bbox 1695 2039 1919 2107; x_wconf 76' lang='grc' dir='ltr'>ὕστερον</span> 
     </span>
    </p>
   </div>
   <div class='ocr_carea' id='block_1_20' title="bbox 262 2125 1920 2197">
    <p class='ocr_par' dir='ltr' id='par_1_20' title="bbox 262 2125 1920 2197">
     <span class='ocr_line' id='line_1_20' title="bbox 262 2125 1920 2197; baseline 0 -20"><span class='ocrx_word' id='word_1_139' title='bbox 262 2126 353 2193; x_wconf 82' lang='grc' dir='ltr'>ὑφ’</span> <span class='ocrx_word' id='word_1_140' title='bbox 400 2125 479 2188; x_wconf 80' lang='grc' dir='ltr'>ἓν,</span> <span class='ocrx_word' id='word_1_141' title='bbox 532 2126 818 2196; x_wconf 76' lang='grc' dir='ltr'>ὀλόκληρον</span> <span class='ocrx_word' id='word_1_142' title='bbox 873 2127 1070 2196; x_wconf 80' lang='grc' dir='ltr'>βιϐλίον</span> <span class='ocrx_word' id='word_1_143' title='bbox 1125 2127 1405 2197; x_wconf 84' lang='grc' dir='ltr'>ἐποίησαν,</span> <span class='ocrx_word' id='word_1_144' title='bbox 1464 2127 1553 2179; x_wconf 83' lang='grc' dir='ltr'>Διὸ</span> <span class='ocrx_word' id='word_1_145' title='bbox 1603 2126 1694 2179; x_wconf 87' lang='grc' dir='ltr'>καί</span> <span class='ocrx_word' id='word_1_146' title='bbox 1749 2125 1920 2188; x_wconf 80' lang='grc' dir='ltr'>οὓτως</span> 
     </span>
    </p>
   </div>
   <div class='ocr_carea' id='block_1_21' title="bbox 261 2211 1921 2283">
    <p class='ocr_par' dir='ltr' id='par_1_21' title="bbox 261 2211 1921 2283">
     <span class='ocr_line' id='line_1_21' title="bbox 261 2211 1921 2283; baseline 0.001 -21"><span class='ocrx_word' id='word_1_147' title='bbox 261 2211 510 2281; x_wconf 83' lang='grc' dir='ltr'>ἄρχεται.</span> <span class='ocrx_word' id='word_1_148' title='bbox 546 2213 657 2263; x_wconf 89' lang='grc' dir='ltr'>Ούκ</span> <span class='ocrx_word' id='word_1_149' title='bbox 694 2213 939 2265; x_wconf 85' lang='grc' dir='ltr'>ἐντεῦθεν</span> <span class='ocrx_word' id='word_1_150' title='bbox 976 2214 1031 2265; x_wconf 81' lang='grc' dir='ltr'>δὲ</span> <span class='ocrx_word' id='word_1_151' title='bbox 1073 2215 1229 2283; x_wconf 87' lang='grc' dir='ltr'>μόνον</span> <span class='ocrx_word' id='word_1_152' title='bbox 1256 2212 1412 2266; x_wconf 86' lang='grc' dir='ltr'>τοῦτο</span> <span class='ocrx_word' id='word_1_153' title='bbox 1455 2212 1610 2281; x_wconf 90' lang='grc' dir='ltr'>δῆλον</span> <span class='ocrx_word' id='word_1_154' title='bbox 1636 2211 1783 2264; x_wconf 76' lang='grc' dir='ltr'>ἔσται</span> <span class='ocrx_word' id='word_1_155' title='bbox 1829 2212 1921 2264; x_wconf 76' lang='grc' dir='ltr'>καὶ</span> 
     </span>
    </p>
   </div>
   <div class='ocr_carea' id='block_1_22' title="bbox 265 2295 1919 2373">
    <p class='ocr_par' dir='ltr' id='par_1_22' title="bbox 265 2295 1919 2373">
     <span class='ocr_line' id='line_1_22' title="bbox 265 2295 1919 2373; baseline 0 -23"><span class='ocrx_word' id='word_1_156' title='bbox 265 2300 430 2366; x_wconf 84' lang='grc' dir='ltr'>σαφὲς</span> <span class='ocrx_word' id='word_1_157' title='bbox 460 2301 610 2369; x_wconf 83' lang='grc' dir='ltr'>ἡμῖν.</span> <span class='ocrx_word' id='word_1_158' title='bbox 647 2302 758 2353; x_wconf 85' lang='grc' dir='ltr'>ἀλλ’</span> <span class='ocrx_word' id='word_1_159' title='bbox 786 2302 841 2366; x_wconf 79' lang='grc' dir='ltr'>ἐξ</span> <span class='ocrx_word' id='word_1_160' title='bbox 871 2295 943 2354; x_wconf 82' lang='grc' dir='ltr'>ὧν</span> <span class='ocrx_word' id='word_1_161' title='bbox 974 2304 1175 2371; x_wconf 86' lang='grc' dir='ltr'>προῖὼν</span> <span class='ocrx_word' id='word_1_162' title='bbox 1200 2302 1293 2355; x_wconf 75' lang='grc' dir='ltr'>καὶ</span> <span class='ocrx_word' id='word_1_163' title='bbox 1321 2303 1444 2361; x_wconf 80' lang='grc' dir='ltr'>τοὺς</span> <span class='ocrx_word' id='word_1_164' title='bbox 1481 2300 1701 2373; x_wconf 74' lang='grc' dir='ltr'>καιροὺς</span> <span class='ocrx_word' id='word_1_165' title='bbox 1726 2301 1919 2369; x_wconf 83' lang='grc' dir='ltr'>ἐπιση-</span> 
     </span>
    </p>
   </div>
   <div class='ocr_carea' id='block_1_23' title="bbox 266 2380 1921 2454">
    <p class='ocr_par' dir='ltr' id='par_1_23' title="bbox 266 2380 1921 2454">
     <span class='ocr_line' id='line_1_23' title="bbox 266 2380 1921 2454; baseline 0.001 -20"><span class='ocrx_word' id='word_1_166' title='bbox 266 2383 539 2451; x_wconf 84' lang='grc' dir='ltr'>μαίνεται,</span> <span class='ocrx_word' id='word_1_167' title='bbox 587 2384 680 2436; x_wconf 91' lang='grc' dir='ltr'>νῦν</span> <span class='ocrx_word' id='word_1_168' title='bbox 724 2387 821 2454; x_wconf 83' lang='grc' dir='ltr'>μὲν</span> <span class='ocrx_word' id='word_1_169' title='bbox 858 2386 1049 2453; x_wconf 85' lang='grc' dir='ltr'>λέγων,</span> <span class='ocrx_word' id='word_1_170' title='bbox 1098 2386 1208 2439; x_wconf 85' lang='grc' dir='ltr'>Τοῦ</span> <span class='ocrx_word' id='word_1_171' title='bbox 1243 2385 1536 2449; x_wconf 82' lang='grc' dir='ltr'>ἐνιαυτοῦ,</span> <span class='ocrx_word' id='word_1_172' title='bbox 1574 2380 1643 2439; x_wconf 83' lang='grc' dir='ltr'>οὗ</span> <span class='ocrx_word' id='word_1_173' title='bbox 1679 2383 1921 2451; x_wconf 74' lang='grc' dir='ltr'>εἰσῆλθε</span> 
     </span>
    </p>
   </div>
   <div class='ocr_carea' id='block_1_24' title="bbox 260 2469 1921 2540">
    <p class='ocr_par' dir='ltr' id='par_1_24' title="bbox 260 2469 1921 2540">
     <span class='ocr_line' id='line_1_24' title="bbox 260 2469 1921 2540; baseline 0.001 -17"><span class='ocrx_word' id='word_1_174' title='bbox 260 2469 468 2524; x_wconf 80' lang='grc' dir='ltr'>Νάθαν</span> <span class='ocrx_word' id='word_1_175' title='bbox 496 2472 583 2535; x_wconf 84' lang='grc' dir='ltr'>είς</span> <span class='ocrx_word' id='word_1_176' title='bbox 628 2470 906 2530; x_wconf 80' lang='grc' dir='ltr'>Ἀζωτον·</span> <span class='ocrx_word' id='word_1_177' title='bbox 950 2472 1043 2524; x_wconf 88' lang='grc' dir='ltr'>νῦν</span> <span class='ocrx_word' id='word_1_178' title='bbox 1072 2472 1127 2524; x_wconf 83' lang='grc' dir='ltr'>δὲ</span> <span class='ocrx_word' id='word_1_179' title='bbox 1171 2471 1373 2539; x_wconf 87' lang='grc' dir='ltr'>λέγων·</span> <span class='ocrx_word' id='word_1_180' title='bbox 1406 2470 1512 2524; x_wconf 80' lang='grc' dir='ltr'>Καὶ</span> <span class='ocrx_word' id='word_1_181' title='bbox 1552 2471 1783 2540; x_wconf 69' lang='grc' dir='ltr'>ἐγένετο</span> <span class='ocrx_word' id='word_1_182' title='bbox 1816 2471 1921 2524; x_wconf 87' lang='grc' dir='ltr'>τοῦ</span> 
     </span>
    </p>
   </div>
   <div class='ocr_carea' id='block_1_25' title="bbox 260 2553 1921 2623">
    <p class='ocr_par' dir='ltr' id='par_1_25' title="bbox 260 2553 1921 2623">
     <span class='ocr_line' id='line_1_25' title="bbox 260 2553 1921 2623; baseline 0.001 -15"><span class='ocrx_word' id='word_1_183' title='bbox 260 2555 560 2620; x_wconf 71' lang='grc' dir='ltr'>ἐνιαυτοῦ,</span> <span class='ocrx_word' id='word_1_184' title='bbox 591 2553 663 2612; x_wconf 83' lang='grc' dir='ltr'>οὗ</span> <span class='ocrx_word' id='word_1_185' title='bbox 693 2558 990 2612; x_wconf 78' lang='grc' dir='ltr'>ἀπέθανεν</span> <span class='ocrx_word' id='word_1_186' title='bbox 1019 2557 1198 2623; x_wconf 84' lang='grc' dir='ltr'>Ὀζίας</span> <span class='ocrx_word' id='word_1_187' title='bbox 1227 2560 1258 2611; x_wconf 86' lang='grc' dir='ltr'>ό</span> <span class='ocrx_word' id='word_1_188' title='bbox 1286 2556 1603 2621; x_wconf 79' lang='grc' dir='ltr'>βασιλεὺς,</span> <span class='ocrx_word' id='word_1_189' title='bbox 1626 2558 1787 2609; x_wconf 74' lang='grc' dir='ltr'>εἶδον</span> <span class='ocrx_word' id='word_1_190' title='bbox 1814 2558 1921 2609; x_wconf 82' lang='grc' dir='ltr'>τὸν</span> 
     </span>
    </p>
   </div>
   <div class='ocr_carea' id='block_1_26' title="bbox 263 2643 1917 2713">
    <p class='ocr_par' dir='ltr' id='par_1_26' title="bbox 263 2643 1917 2713">
     <span class='ocr_line' id='line_1_26' title="bbox 263 2643 1917 2713; baseline -0.001 -17"><span class='ocrx_word' id='word_1_191' title='bbox 263 2643 482 2709; x_wconf 80' lang='grc' dir='ltr'>Κύριον</span> <span class='ocrx_word' id='word_1_192' title='bbox 516 2643 853 2713; x_wconf 79' lang='grc' dir='ltr'>καθήμενον</span> <span class='ocrx_word' id='word_1_193' title='bbox 888 2644 983 2697; x_wconf 81' lang='grc' dir='ltr'>ἐπὶ</span> <span class='ocrx_word' id='word_1_194' title='bbox 1013 2646 1225 2711; x_wconf 78' lang='grc' dir='ltr'>θρόνου</span> <span class='ocrx_word' id='word_1_195' title='bbox 1262 2644 1503 2711; x_wconf 70' lang='grc' dir='ltr'>ὑψηλοῦ</span> <span class='ocrx_word' id='word_1_196' title='bbox 1537 2644 1632 2695; x_wconf 78' lang='grc' dir='ltr'>καὶ</span> <span class='ocrx_word' id='word_1_197' title='bbox 1664 2644 1917 2712; x_wconf 76' lang='grc' dir='ltr'>ἐπηρμέ-</span> 
     </span>
    </p>
   </div>
   <div class='ocr_carea' id='block_1_27' title="bbox 261 2729 1919 2801">
    <p class='ocr_par' dir='ltr' id='par_1_27' title="bbox 261 2729 1919 2801">
     <span class='ocr_line' id='line_1_27' title="bbox 261 2729 1919 2801; baseline 0 -20"><span class='ocrx_word' id='word_1_198' title='bbox 261 2746 393 2781; x_wconf 80' lang='grc' dir='ltr'>νου.</span> <span class='ocrx_word' id='word_1_199' title='bbox 432 2730 505 2782; x_wconf 84' lang='grc' dir='ltr'>Οὐ</span> <span class='ocrx_word' id='word_1_200' title='bbox 562 2729 669 2801; x_wconf 88' lang='grc' dir='ltr'>γὰρ</span> <span class='ocrx_word' id='word_1_201' title='bbox 701 2730 887 2801; x_wconf 84' lang='grc' dir='ltr'>ὥσπερ</span> <span class='ocrx_word' id='word_1_202' title='bbox 938 2732 993 2783; x_wconf 88' lang='grc' dir='ltr'>αἰ</span> <span class='ocrx_word' id='word_1_203' title='bbox 1025 2732 1333 2782; x_wconf 75' lang='grc' dir='ltr'>Ἐπιστολαὶ</span> <span class='ocrx_word' id='word_1_204' title='bbox 1376 2732 1431 2782; x_wconf 86' lang='grc' dir='ltr'>αἰ</span> <span class='ocrx_word' id='word_1_205' title='bbox 1478 2730 1688 2782; x_wconf 77' lang='grc' dir='ltr'>Παύλου</span> <span class='ocrx_word' id='word_1_206' title='bbox 1724 2730 1816 2781; x_wconf 73' lang='grc' dir='ltr'>καὶ</span> <span class='ocrx_word' id='word_1_207' title='bbox 1853 2730 1919 2781; x_wconf 73' lang='grc' dir='ltr'>τά</span> 
     </span>
    </p>
   </div>
   <div class='ocr_carea' id='block_1_28' title="bbox 260 2817 1917 2889">
    <p class='ocr_par' dir='ltr' id='par_1_28' title="bbox 260 2817 1917 2889">
     <span class='ocr_line' id='line_1_28' title="bbox 260 2817 1917 2889; baseline 0.002 -21"><span class='ocrx_word' id='word_1_208' title='bbox 260 2817 571 2884; x_wconf 83' lang='grc' dir='ltr'>Εὑαγγέλια</span> <span class='ocrx_word' id='word_1_209' title='bbox 601 2820 691 2885; x_wconf 80' lang='grc' dir='ltr'>ὑφ’</span> <span class='ocrx_word' id='word_1_210' title='bbox 719 2818 776 2871; x_wconf 80' lang='grc' dir='ltr'>ἓν</span> <span class='ocrx_word' id='word_1_211' title='bbox 810 2819 1188 2888; x_wconf 77' lang='grc' dir='ltr'>συνετέθησαν,</span> <span class='ocrx_word' id='word_1_212' title='bbox 1211 2819 1352 2871; x_wconf 76' lang='grc' dir='ltr'>οὕτω</span> <span class='ocrx_word' id='word_1_213' title='bbox 1375 2819 1435 2889; x_wconf 84' lang='grc' dir='ltr'>δὴ</span> <span class='ocrx_word' id='word_1_214' title='bbox 1467 2821 1557 2871; x_wconf 85' lang='grc' dir='ltr'>καί</span> <span class='ocrx_word' id='word_1_215' title='bbox 1576 2821 1917 2888; x_wconf 80' lang='grc' dir='ltr'>προφητεῖαι,</span> 
     </span>
    </p>
   </div>
   <div class='ocr_carea' id='block_1_29' title="bbox 260 2902 1920 2973">
    <p class='ocr_par' dir='ltr' id='par_1_29' title="bbox 260 2902 1920 2973">
     <span class='ocr_line' id='line_1_29' title="bbox 260 2902 1920 2973; baseline 0.002 -21"><span class='ocrx_word' id='word_1_216' title='bbox 260 2902 376 2953; x_wconf 83' lang='grc' dir='ltr'>ἀλλ’</span> <span class='ocrx_word' id='word_1_217' title='bbox 406 2903 542 2971; x_wconf 86' lang='grc' dir='ltr'>ὅπερ</span> <span class='ocrx_word' id='word_1_218' title='bbox 578 2903 745 2971; x_wconf 81' lang='grc' dir='ltr'>ἔφθην</span> <span class='ocrx_word' id='word_1_219' title='bbox 782 2903 968 2967; x_wconf 87' lang='grc' dir='ltr'>εἰπὼν,</span> <span class='ocrx_word' id='word_1_220' title='bbox 1006 2906 1061 2956; x_wconf 81' lang='grc' dir='ltr'>ἐν</span> <span class='ocrx_word' id='word_1_221' title='bbox 1082 2905 1355 2973; x_wconf 77' lang='grc' dir='ltr'>διαφόροις</span> <span class='ocrx_word' id='word_1_222' title='bbox 1385 2907 1609 2973; x_wconf 88' lang='grc' dir='ltr'>καιροῖς.</span> <span class='ocrx_word' id='word_1_223' title='bbox 1641 2905 1802 2957; x_wconf 82' lang='grc' dir='ltr'>Ὅθεν</span> <span class='ocrx_word' id='word_1_224' title='bbox 1828 2904 1920 2956; x_wconf 85' lang='grc' dir='ltr'>καὶ</span> 
     </span>
    </p>
   </div>
   <div class='ocr_carea' id='block_1_30' title="bbox 260 2989 1918 3061">
    <p class='ocr_par' dir='ltr' id='par_1_30' title="bbox 260 2989 1918 3061">
     <span class='ocr_line' id='line_1_30' title="bbox 260 2989 1918 3061; baseline 0.003 -24"><span class='ocrx_word' id='word_1_225' title='bbox 260 2989 357 3038; x_wconf 85' lang='grc' dir='ltr'>ἀπ’</span> <span class='ocrx_word' id='word_1_226' title='bbox 391 2990 564 3058; x_wconf 87' lang='grc' dir='ltr'>ἀρχῆς</span> <span class='ocrx_word' id='word_1_227' title='bbox 604 2990 795 3058; x_wconf 88' lang='grc' dir='ltr'>ἐτέρας</span> <span class='ocrx_word' id='word_1_228' title='bbox 834 2990 1059 3059; x_wconf 80' lang='grc' dir='ltr'>ἄρχεται</span> <span class='ocrx_word' id='word_1_229' title='bbox 1091 2991 1183 3044; x_wconf 89' lang='grc' dir='ltr'>τοῦ</span> <span class='ocrx_word' id='word_1_230' title='bbox 1217 2991 1480 3061; x_wconf 84' lang='grc' dir='ltr'>παρόντος</span> <span class='ocrx_word' id='word_1_231' title='bbox 1504 2992 1679 3059; x_wconf 80' lang='grc' dir='ltr'>λόγου.</span> <span class='ocrx_word' id='word_1_232' title='bbox 1720 2991 1828 3044; x_wconf 84' lang='lat' dir='ltr'>Kal</span> <span class='ocrx_word' id='word_1_233' title='bbox 1859 2992 1918 3043; x_wconf 84' lang='grc' dir='ltr'>ού</span> 
     </span>
    </p>
   </div>
   <div class='ocr_carea' id='block_1_31' title="bbox 260 3072 1920 3149">
    <p class='ocr_par' dir='ltr' id='par_1_31' title="bbox 260 3072 1920 3149">
     <span class='ocr_line' id='line_1_31' title="bbox 260 3072 1920 3149; baseline 0.002 -24"><span class='ocrx_word' id='word_1_234' title='bbox 260 3073 348 3126; x_wconf 83' lang='grc' dir='ltr'>διὰ</span> <span class='ocrx_word' id='word_1_235' title='bbox 373 3074 529 3126; x_wconf 87' lang='grc' dir='ltr'>τοῦτο</span> <span class='ocrx_word' id='word_1_236' title='bbox 570 3075 726 3144; x_wconf 90' lang='grc' dir='ltr'>μόνον</span> <span class='ocrx_word' id='word_1_237' title='bbox 745 3117 759 3141; x_wconf 91' lang='grc'>,</span> <span class='ocrx_word' id='word_1_238' title='bbox 788 3076 920 3128; x_wconf 85' lang='grc' dir='ltr'>ἀλλὰ</span> <span class='ocrx_word' id='word_1_239' title='bbox 953 3076 1047 3129; x_wconf 77' lang='grc' dir='ltr'>καὶ</span> <span class='ocrx_word' id='word_1_240' title='bbox 1077 3076 1165 3129; x_wconf 75' lang='grc' dir='ltr'>διὰ</span> <span class='ocrx_word' id='word_1_241' title='bbox 1193 3078 1253 3130; x_wconf 84' lang='grc' dir='ltr'>τὸ</span> <span class='ocrx_word' id='word_1_242' title='bbox 1280 3076 1377 3147; x_wconf 82' lang='grc' dir='ltr'>τὴν</span> <span class='ocrx_word' id='word_1_243' title='bbox 1402 3077 1671 3141; x_wconf 87' lang='grc' dir='ltr'>ὑπόθεσιν,</span> <span class='ocrx_word' id='word_1_244' title='bbox 1706 3078 1831 3145; x_wconf 73' lang='grc' dir='ltr'>περὶ</span> <span class='ocrx_word' id='word_1_245' title='bbox 1852 3072 1920 3149; x_wconf 80' lang='grc' dir='ltr'>ῆς</span> 
     </span>
    </p>
   </div>
   <div class='ocr_carea' id='block_1_32' title="bbox 264 3159 1919 3234">
    <p class='ocr_par' dir='ltr' id='par_1_32' title="bbox 264 3159 1919 3234">
     <span class='ocr_line' id='line_1_32' title="bbox 264 3159 1919 3234; baseline 0.004 -24"><span class='ocrx_word' id='word_1_246' title='bbox 264 3159 448 3229; x_wconf 82' lang='grc' dir='ltr'>μέλλει</span> <span class='ocrx_word' id='word_1_247' title='bbox 480 3161 841 3228; x_wconf 89' lang='grc' dir='ltr'>διαλέγεσθαι,</span> <span class='ocrx_word' id='word_1_248' title='bbox 884 3163 1087 3233; x_wconf 81' lang='grc' dir='ltr'>σφόδρα</span> <span class='ocrx_word' id='word_1_249' title='bbox 1132 3163 1474 3233; x_wconf 78' lang='grc' dir='ltr'>ἀπηρτῆσθαι</span> <span class='ocrx_word' id='word_1_250' title='bbox 1524 3164 1630 3215; x_wconf 83' lang='grc' dir='ltr'>τῶν</span> <span class='ocrx_word' id='word_1_251' title='bbox 1664 3180 1919 3234; x_wconf 83' lang='grc' dir='ltr'>προειρη-</span> 
     </span>
    </p>
   </div>
   <div class='ocr_carea' id='block_1_33' title="bbox 264 3244 1917 3320">
    <p class='ocr_par' dir='ltr' id='par_1_33' title="bbox 264 3244 1917 3320">
     <span class='ocr_line' id='line_1_33' title="bbox 264 3244 1917 3320; baseline 0.004 -23"><span class='ocrx_word' id='word_1_252' title='bbox 264 3247 465 3315; x_wconf 84' lang='grc' dir='ltr'>μένων,</span> <span class='ocrx_word' id='word_1_253' title='bbox 494 3249 586 3301; x_wconf 79' lang='grc' dir='ltr'>καὶ</span> <span class='ocrx_word' id='word_1_254' title='bbox 620 3248 951 3318; x_wconf 70' lang='grc' dir='ltr'>ὑψηλοτέραν</span> <span class='ocrx_word' id='word_1_255' title='bbox 984 3244 1144 3302; x_wconf 77' lang='grc' dir='ltr'>εἶναι.</span> <span class='ocrx_word' id='word_1_256' title='bbox 1181 3250 1313 3320; x_wconf 80' lang='grc' dir='ltr'>Περὶ</span> <span class='ocrx_word' id='word_1_257' title='bbox 1342 3249 1446 3319; x_wconf 87' lang='grc' dir='ltr'>γὰρ</span> <span class='ocrx_word' id='word_1_258' title='bbox 1472 3250 1567 3318; x_wconf 89' lang='grc' dir='ltr'>τῆς</span> <span class='ocrx_word' id='word_1_259' title='bbox 1613 3250 1716 3303; x_wconf 83' lang='grc' dir='ltr'>τῶν</span> <span class='ocrx_word' id='word_1_260' title='bbox 1752 3250 1917 3303; x_wconf 84' lang='grc' dir='ltr'>ἐθνῶν</span> 
     </span>
    </p>
   </div>
   <div class='ocr_carea' id='block_1_34' title="bbox 262 3334 1918 3407">
    <p class='ocr_par' dir='ltr' id='par_1_34' title="bbox 262 3334 1918 3407">
     <span class='ocr_line' id='line_1_34' title="bbox 262 3334 1918 3407; baseline 0.002 -22"><span class='ocrx_word' id='word_1_261' title='bbox 262 3334 525 3404; x_wconf 84' lang='grc' dir='ltr'>κλήσεως,</span> <span class='ocrx_word' id='word_1_262' title='bbox 554 3338 645 3389; x_wconf 82' lang='grc' dir='ltr'>καὶ</span> <span class='ocrx_word' id='word_1_263' title='bbox 668 3337 767 3405; x_wconf 91' lang='grc' dir='ltr'>τῆς</span> <span class='ocrx_word' id='word_1_264' title='bbox 791 3335 880 3389; x_wconf 92' lang='grc' dir='ltr'>τοῦ</span> <span class='ocrx_word' id='word_1_265' title='bbox 908 3337 1257 3405; x_wconf 83' lang='grc' dir='ltr'>κηρύγματος</span> <span class='ocrx_word' id='word_1_266' title='bbox 1285 3339 1661 3407; x_wconf 73' lang='grc' dir='ltr'>περιφανείας,</span> <span class='ocrx_word' id='word_1_267' title='bbox 1690 3339 1782 3390; x_wconf 73' lang='grc' dir='ltr'>καὶ</span> <span class='ocrx_word' id='word_1_268' title='bbox 1819 3337 1918 3405; x_wconf 88' lang='grc' dir='ltr'>τῆς</span> 
     </span>
    </p>
   </div>
   <div class='ocr_carea' id='block_1_35' title="bbox 255 3421 1916 3492">
    <p class='ocr_par' dir='ltr' id='par_1_35' title="bbox 255 3421 1916 3492">
     <span class='ocr_line' id='line_1_35' title="bbox 255 3421 1916 3492; baseline 0.001 -19"><span class='ocrx_word' id='word_1_269' title='bbox 255 3421 537 3490; x_wconf 79' lang='grc' dir='ltr'>πανταχοῦ</span> <span class='ocrx_word' id='word_1_270' title='bbox 565 3423 663 3491; x_wconf 87' lang='grc' dir='ltr'>τῆς</span> <span class='ocrx_word' id='word_1_271' title='bbox 688 3423 1009 3491; x_wconf 78' lang='grc' dir='ltr'>οἰκουμένης</span> <span class='ocrx_word' id='word_1_272' title='bbox 1044 3424 1362 3491; x_wconf 86' lang='grc' dir='ltr'>ἐκταθείσης</span> <span class='ocrx_word' id='word_1_273' title='bbox 1385 3423 1636 3489; x_wconf 86' lang='grc' dir='ltr'>γνώσεως</span> <span class='ocrx_word' id='word_1_274' title='bbox 1656 3460 1670 3485; x_wconf 90' lang='grc'>,</span> <span class='ocrx_word' id='word_1_275' title='bbox 1700 3424 1792 3475; x_wconf 71' lang='grc' dir='ltr'>καὶ</span> <span class='ocrx_word' id='word_1_276' title='bbox 1822 3424 1916 3492; x_wconf 87' lang='grc' dir='ltr'>τῆς</span> 
     </span>
    </p>
   </div>
   <div class='ocr_carea' id='block_1_36' title="bbox 260 3505 1916 3577">
    <p class='ocr_par' dir='ltr' id='par_1_36' title="bbox 260 3505 1916 3577">
     <span class='ocr_line' id='line_1_36' title="bbox 260 3505 1916 3577; baseline 0.002 -20"><span class='ocrx_word' id='word_1_277' title='bbox 260 3505 713 3576; x_wconf 81' lang='grc' dir='ltr'>καταληψομένης</span> <span class='ocrx_word' id='word_1_278' title='bbox 744 3507 839 3577; x_wconf 85' lang='grc' dir='ltr'>τὴν</span> <span class='ocrx_word' id='word_1_279' title='bbox 876 3508 978 3576; x_wconf 86' lang='grc' dir='ltr'>γῆν</span> <span class='ocrx_word' id='word_1_280' title='bbox 998 3508 1217 3577; x_wconf 85' lang='grc' dir='ltr'>εἰρήνης</span> <span class='ocrx_word' id='word_1_281' title='bbox 1249 3509 1377 3577; x_wconf 79' lang='grc' dir='ltr'>ἡμῖν</span> <span class='ocrx_word' id='word_1_282' title='bbox 1402 3508 1724 3574; x_wconf 85' lang='grc' dir='ltr'>διαλέγεται.</span> <span class='ocrx_word' id='word_1_283' title='bbox 1765 3510 1827 3560; x_wconf 85' lang='grc' dir='ltr'>Εἰ</span> <span class='ocrx_word' id='word_1_284' title='bbox 1860 3509 1916 3561; x_wconf 87' lang='grc' dir='ltr'>δὲ</span> 
     </span>
    </p>
   </div>
   <div class='ocr_carea' id='block_1_37' title="bbox 260 3592 1915 3664">
    <p class='ocr_par' dir='ltr' id='par_1_37' title="bbox 260 3592 1915 3664">
     <span class='ocr_line' id='line_1_37' title="bbox 260 3592 1915 3664; baseline 0.001 -20"><span class='ocrx_word' id='word_1_285' title='bbox 260 3592 472 3661; x_wconf 80' lang='grc' dir='ltr'>μέλλων</span> <span class='ocrx_word' id='word_1_286' title='bbox 505 3592 758 3645; x_wconf 89' lang='grc' dir='ltr'>τοιούτων</span> <span class='ocrx_word' id='word_1_287' title='bbox 784 3593 1049 3646; x_wconf 77' lang='grc' dir='ltr'>ἅπτεσθαι</span> <span class='ocrx_word' id='word_1_288' title='bbox 1081 3594 1382 3662; x_wconf 86' lang='grc' dir='ltr'>δογμάτων,</span> <span class='ocrx_word' id='word_1_289' title='bbox 1426 3594 1678 3655; x_wconf 83' lang='grc' dir='ltr'>Ἰουδαίας</span> <span class='ocrx_word' id='word_1_290' title='bbox 1709 3594 1915 3664; x_wconf 88' lang='grc' dir='ltr'>μέμνη-</span> 
     </span>
    </p>
   </div>
   <div class='ocr_carea' id='block_1_38' title="bbox 256 3676 1917 3751">
    <p class='ocr_par' dir='ltr' id='par_1_38' title="bbox 256 3676 1917 3751">
     <span class='ocr_line' id='line_1_38' title="bbox 256 3676 1917 3751; baseline -0.001 -19"><span class='ocrx_word' id='word_1_291' title='bbox 256 3696 349 3733; x_wconf 87' lang='grc' dir='ltr'>ται</span> <span class='ocrx_word' id='word_1_292' title='bbox 383 3680 479 3733; x_wconf 76' lang='grc' dir='ltr'>καί.</span> <span class='ocrx_word' id='word_1_293' title='bbox 518 3680 902 3750; x_wconf 84' lang='grc' dir='ltr'>Ἰερουσαλὴμ,</span> <span class='ocrx_word' id='word_1_294' title='bbox 940 3680 1086 3744; x_wconf 86' lang='grc' dir='ltr'>ξένον</span> <span class='ocrx_word' id='word_1_295' title='bbox 1128 3680 1297 3733; x_wconf 82' lang='grc' dir='ltr'>οὐδέν.</span> <span class='ocrx_word' id='word_1_296' title='bbox 1338 3681 1645 3751; x_wconf 84' lang='grc' dir='ltr'>Προφητεία</span> <span class='ocrx_word' id='word_1_297' title='bbox 1695 3681 1800 3749; x_wconf 83' lang='grc' dir='ltr'>γὰρ</span> <span class='ocrx_word' id='word_1_298' title='bbox 1850 3676 1917 3750; x_wconf 82' lang='grc' dir='ltr'>ἦν</span> 
     </span>
    </p>
   </div>
   <div class='ocr_carea' id='block_1_39' title="bbox 260 3768 1917 3838">
    <p class='ocr_par' dir='ltr' id='par_1_39' title="bbox 260 3768 1917 3838">
     <span class='ocr_line' id='line_1_39' title="bbox 260 3768 1917 3838; baseline 0 -19"><span class='ocrx_word' id='word_1_299' title='bbox 260 3768 322 3819; x_wconf 88' lang='lat'>16</span> <span class='ocrx_word' id='word_1_300' title='bbox 363 3768 673 3837; x_wconf 88' lang='grc' dir='ltr'>λεγόμενον,</span> <span class='ocrx_word' id='word_1_301' title='bbox 713 3768 1141 3838; x_wconf 89' lang='grc' dir='ltr'>συνεσκιασμένη</span> <span class='ocrx_word' id='word_1_302' title='bbox 1176 3768 1314 3829; x_wconf 88' lang='grc' dir='ltr'>τέως</span> <span class='ocrx_word' id='word_1_303' title='bbox 1362 3770 1476 3828; x_wconf 73' lang='grc' dir='ltr'>ταῖς</span> <span class='ocrx_word' id='word_1_304' title='bbox 1504 3770 1610 3819; x_wconf 82' lang='grc' dir='ltr'>τῶν</span> <span class='ocrx_word' id='word_1_305' title='bbox 1643 3768 1917 3836; x_wconf 77' lang='grc' dir='ltr'>ὀνομάτων</span> 
     </span>
    </p>
   </div>
   <div class='ocr_carea' id='block_1_40' title="bbox 257 3854 1917 3924">
    <p class='ocr_par' dir='ltr' id='par_1_40' title="bbox 257 3854 1917 3924">
     <span class='ocr_line' id='line_1_40' title="bbox 257 3854 1917 3924; baseline 0 -19"><span class='ocrx_word' id='word_1_306' title='bbox 257 3854 653 3923; x_wconf 85' lang='grc' dir='ltr'>προσηγορίαις</span> <span class='ocrx_word' id='word_1_307' title='bbox 687 3855 735 3908; x_wconf 73' lang='lat' dir='ltr'>b.</span> <span class='ocrx_word' id='word_1_308' title='bbox 794 3856 944 3907; x_wconf 84' lang='grc' dir='ltr'>Ἐπεὶ</span> <span class='ocrx_word' id='word_1_309' title='bbox 1005 3854 1099 3907; x_wconf 75' lang='grc' dir='ltr'>καὶ</span> <span class='ocrx_word' id='word_1_310' title='bbox 1150 3855 1241 3906; x_wconf 80' lang='grc' dir='ltr'>τὸν</span> <span class='ocrx_word' id='word_1_311' title='bbox 1295 3855 1506 3922; x_wconf 71' lang='grc' dir='ltr'>ψαλμὸν</span> <span class='ocrx_word' id='word_1_312' title='bbox 1568 3855 1656 3906; x_wconf 85' lang='grc' dir='ltr'>τὸν</span> <span class='ocrx_word' id='word_1_313' title='bbox 1700 3854 1917 3924; x_wconf 79' lang='grc' dir='ltr'>ἑϐδομη-</span> 
     </span>
    </p>
   </div>
   <div class='ocr_carea' id='block_1_41' title="bbox 258 3940 1915 4010">
    <p class='ocr_par' dir='ltr' id='par_1_41' title="bbox 258 3940 1915 4010">
     <span class='ocr_line' id='line_1_41' title="bbox 258 3940 1915 4010; baseline 0.001 -19"><span class='ocrx_word' id='word_1_314' title='bbox 258 3940 450 3991; x_wconf 82' lang='grc' dir='ltr'>κοστὸν</span> <span class='ocrx_word' id='word_1_315' title='bbox 480 3941 691 4009; x_wconf 86' lang='grc' dir='ltr'>πρῶτον</span> <span class='ocrx_word' id='word_1_316' title='bbox 741 3944 769 3994; x_wconf 93' lang='lat'>6</span> <span class='ocrx_word' id='word_1_317' title='bbox 798 3940 955 3995; x_wconf 82' lang='grc' dir='ltr'>Δαυῖδ</span> <span class='ocrx_word' id='word_1_318' title='bbox 995 3940 1295 3992; x_wconf 87' lang='grc' dir='ltr'>συντιθέναι</span> <span class='ocrx_word' id='word_1_319' title='bbox 1334 3940 1557 4009; x_wconf 82' lang='grc' dir='ltr'>μέλλων,</span> <span class='ocrx_word' id='word_1_320' title='bbox 1614 3941 1915 4010; x_wconf 68' lang='grc' dir='ltr'>ἐπέγραψεν</span> 
     </span>
    </p>
   </div>
   <div class='ocr_carea' id='block_1_42' title="bbox 254 4026 1916 4096">
    <p class='ocr_par' dir='ltr' id='par_1_42' title="bbox 254 4026 1916 4096">
     <span class='ocr_line' id='line_1_42' title="bbox 254 4026 1916 4096; baseline 0.002 -19"><span class='ocrx_word' id='word_1_321' title='bbox 254 4026 417 4077; x_wconf 75' lang='grc' dir='ltr'>αὑτὸν</span> <span class='ocrx_word' id='word_1_322' title='bbox 481 4026 560 4094; x_wconf 83' lang='grc' dir='ltr'>τῷ</span> <span class='ocrx_word' id='word_1_323' title='bbox 617 4027 939 4095; x_wconf 86' lang='grc' dir='ltr'>Σολομῶντι,</span> <span class='ocrx_word' id='word_1_324' title='bbox 988 4028 1080 4079; x_wconf 75' lang='grc' dir='ltr'>καὶ</span> <span class='ocrx_word' id='word_1_325' title='bbox 1132 4026 1550 4096; x_wconf 74' lang='grc' dir='ltr'>προῖὼνπολλῷ</span> <span class='ocrx_word' id='word_1_326' title='bbox 1571 4027 1786 4096; x_wconf 79' lang='grc' dir='ltr'>μείζονα</span> <span class='ocrx_word' id='word_1_327' title='bbox 1822 4029 1916 4096; x_wconf 89' lang='grc' dir='ltr'>τῆς</span> 
     </span>
    </p>
   </div>
   <div class='ocr_carea' id='block_1_43' title="bbox 256 4110 1909 4182">
    <p class='ocr_par' dir='ltr' id='par_1_43' title="bbox 256 4110 1909 4182">
     <span class='ocr_line' id='line_1_43' title="bbox 256 4110 1909 4182; baseline 0.001 -19"><span class='ocrx_word' id='word_1_328' title='bbox 256 4110 600 4179; x_wconf 82' lang='grc' dir='ltr'>Σολομῶντος</span> <span class='ocrx_word' id='word_1_329' title='bbox 632 4111 807 4176; x_wconf 84' lang='grc' dir='ltr'>ἀξίας,</span> <span class='ocrx_word' id='word_1_330' title='bbox 844 4112 1039 4181; x_wconf 82' lang='grc' dir='ltr'>μᾶλλον</span> <span class='ocrx_word' id='word_1_331' title='bbox 1068 4112 1122 4163; x_wconf 77' lang='grc' dir='ltr'>δὲ</span> <span class='ocrx_word' id='word_1_332' title='bbox 1153 4114 1245 4165; x_wconf 74' lang='grc' dir='ltr'>καὶ</span> <span class='ocrx_word' id='word_1_333' title='bbox 1286 4112 1383 4181; x_wconf 89' lang='grc' dir='ltr'>τῆς</span> <span class='ocrx_word' id='word_1_334' title='bbox 1427 4113 1675 4165; x_wconf 80' lang='grc' dir='ltr'>ἁπάντων</span> <span class='ocrx_word' id='word_1_335' title='bbox 1706 4113 1909 4182; x_wconf 80' lang='grc' dir='ltr'>ἀνθρώ-</span> 
     </span>
    </p>
   </div>
   <div class='ocr_carea' id='block_1_44' title="bbox 255 4196 1914 4274">
    <p class='ocr_par' dir='ltr' id='par_1_44' title="bbox 255 4196 1914 4274">
     <span class='ocr_line' id='line_1_44' title="bbox 255 4196 1914 4274; baseline 0.002 -25"><span class='ocrx_word' id='word_1_336' title='bbox 255 4212 376 4274; x_wconf 67' lang='grc' dir='ltr'>πων</span> <span class='ocrx_word' id='word_1_337' title='bbox 396 4196 610 4265; x_wconf 87' lang='grc' dir='ltr'>φύσεως</span> <span class='ocrx_word' id='word_1_338' title='bbox 651 4198 820 4253; x_wconf 77' lang='grc' dir='ltr'>ίδενε.</span> <span class='ocrx_word' id='word_1_339' title='bbox 871 4198 942 4251; x_wconf 88' lang='lat' dir='ltr'>T6</span> <span class='ocrx_word' id='word_1_340' title='bbox 974 4200 1099 4266; x_wconf 84' lang='grc' dir='ltr'>γὰρ,</span> <span class='ocrx_word' id='word_1_341' title='bbox 1134 4199 1249 4266; x_wconf 82' lang='grc' dir='ltr'>Πρὸ</span> <span class='ocrx_word' id='word_1_342' title='bbox 1295 4199 1392 4250; x_wconf 85' lang='grc' dir='ltr'>τοῦ</span> <span class='ocrx_word' id='word_1_343' title='bbox 1443 4198 1621 4265; x_wconf 70' lang='grc' dir='ltr'>ἡλίου</span> <span class='ocrx_word' id='word_1_344' title='bbox 1658 4199 1914 4267; x_wconf 81' lang='grc' dir='ltr'>διαμένει</span> 
     </span>
    </p>
   </div>
   <div class='ocr_carea' id='block_1_45' title="bbox 256 4282 1915 4355">
    <p class='ocr_par' dir='ltr' id='par_1_45' title="bbox 256 4282 1915 4355">
     <span class='ocr_line' id='line_1_45' title="bbox 256 4282 1915 4355; baseline 0.002 -20"><span class='ocrx_word' id='word_1_345' title='bbox 256 4282 324 4336; x_wconf 84' lang='grc' dir='ltr'>τὸ</span> <span class='ocrx_word' id='word_1_346' title='bbox 376 4283 563 4351; x_wconf 84' lang='grc' dir='ltr'>ὄνομα</span> <span class='ocrx_word' id='word_1_347' title='bbox 604 4282 811 4347; x_wconf 87' lang='grc' dir='ltr'>αὐτοῦ,</span> <span class='ocrx_word' id='word_1_348' title='bbox 870 4284 982 4347; x_wconf 77' lang='grc' dir='ltr'>καὶ,</span> <span class='ocrx_word' id='word_1_349' title='bbox 1036 4285 1152 4351; x_wconf 85' lang='grc' dir='ltr'>Πρὸ</span> <span class='ocrx_word' id='word_1_350' title='bbox 1190 4284 1298 4351; x_wconf 83' lang='grc' dir='ltr'>τῆς</span> <span class='ocrx_word' id='word_1_351' title='bbox 1344 4286 1608 4355; x_wconf 78' lang='grc' dir='ltr'>σελήνης</span> <span class='ocrx_word' id='word_1_352' title='bbox 1640 4290 1671 4339; x_wconf 81' lang='grc' dir='ltr'><em>ὁ</em></span> <span class='ocrx_word' id='word_1_353' title='bbox 1709 4290 1915 4354; x_wconf 82' lang='grc' dir='ltr'>θρόνος</span> 
     </span>
    </p>
   </div>
   <div class='ocr_carea' id='block_1_46' title="bbox 254 4370 1914 4443">
    <p class='ocr_par' dir='ltr' id='par_1_46' title="bbox 254 4370 1914 4443">
     <span class='ocr_line' id='line_1_46' title="bbox 254 4370 1914 4443; baseline 0.004 -22"><span class='ocrx_word' id='word_1_354' title='bbox 254 4370 465 4433; x_wconf 82' lang='grc' dir='ltr'>αὑτοῦ,</span> <span class='ocrx_word' id='word_1_355' title='bbox 524 4370 617 4421; x_wconf 83' lang='grc' dir='ltr'>καὶ</span> <span class='ocrx_word' id='word_1_356' title='bbox 655 4371 752 4422; x_wconf 83' lang='grc' dir='ltr'>ὅσα</span> <span class='ocrx_word' id='word_1_357' title='bbox 802 4371 1041 4435; x_wconf 85' lang='grc' dir='ltr'>τοιαῦτα,</span> <span class='ocrx_word' id='word_1_358' title='bbox 1093 4371 1266 4434; x_wconf 77' lang='grc' dir='ltr'>οὐδεὶς</span> <span class='ocrx_word' id='word_1_359' title='bbox 1314 4372 1377 4424; x_wconf 82' lang='grc' dir='ltr'>ἂν</span> <span class='ocrx_word' id='word_1_360' title='bbox 1418 4374 1536 4425; x_wconf 74' lang='grc' dir='ltr'>οὐδὲ</span> <span class='ocrx_word' id='word_1_361' title='bbox 1578 4374 1680 4426; x_wconf 82' lang='grc' dir='ltr'>τῶν</span> <span class='ocrx_word' id='word_1_362' title='bbox 1714 4375 1914 4443; x_wconf 83' lang='grc' dir='ltr'>σφόδρα</span> 
     </span>
    </p>
   </div>
   <div class='ocr_carea' id='block_1_47' title="bbox 254 4455 1913 4528">
    <p class='ocr_par' dir='ltr' id='par_1_47' title="bbox 254 4455 1913 4528">
     <span class='ocr_line' id='line_1_47' title="bbox 254 4455 1913 4528; baseline 0.002 -21"><span class='ocrx_word' id='word_1_363' title='bbox 254 4455 497 4525; x_wconf 82' lang='grc' dir='ltr'>ἀνοήτων</span> <span class='ocrx_word' id='word_1_364' title='bbox 541 4457 666 4526; x_wconf 85' lang='grc' dir='ltr'>περί</span> <span class='ocrx_word' id='word_1_365' title='bbox 709 4458 1049 4527; x_wconf 87' lang='grc' dir='ltr'>ἀνθρωπίνης</span> <span class='ocrx_word' id='word_1_366' title='bbox 1080 4459 1219 4511; x_wconf 80' lang='grc' dir='ltr'>εἴποι</span> <span class='ocrx_word' id='word_1_367' title='bbox 1250 4459 1496 4526; x_wconf 84' lang='grc' dir='ltr'>λέγεσθαι</span> <span class='ocrx_word' id='word_1_368' title='bbox 1536 4460 1764 4528; x_wconf 83' lang='grc' dir='ltr'>φύσεως.</span> <span class='ocrx_word' id='word_1_369' title='bbox 1808 4462 1913 4512; x_wconf 87' lang='lat' dir='ltr'>Kal</span> 
     </span>
    </p>
   </div>
   <div class='ocr_carea' id='block_1_48' title="bbox 253 4540 1913 4617">
    <p class='ocr_par' dir='ltr' id='par_1_48' title="bbox 253 4540 1913 4617">
     <span class='ocr_line' id='line_1_48' title="bbox 253 4540 1913 4617; baseline 0.004 -25"><span class='ocrx_word' id='word_1_370' title='bbox 253 4542 284 4592; x_wconf 85' lang='lat'>6</span> <span class='ocrx_word' id='word_1_371' title='bbox 319 4540 511 4594; x_wconf 87' lang='grc' dir='ltr'>Ἰακὼϐ</span> <span class='ocrx_word' id='word_1_372' title='bbox 545 4543 620 4604; x_wconf 82' lang='grc' dir='ltr'>δὲ,</span> <span class='ocrx_word' id='word_1_373' title='bbox 661 4544 818 4612; x_wconf 79' lang='grc' dir='ltr'>ἡνίκα</span> <span class='ocrx_word' id='word_1_374' title='bbox 846 4543 1036 4607; x_wconf 86' lang='grc' dir='ltr'>ταῦτα,</span> <span class='ocrx_word' id='word_1_375' title='bbox 1072 4544 1107 4597; x_wconf 85' lang='grc' dir='ltr'>δι</span> <span class='ocrx_word' id='word_1_376' title='bbox 1150 4546 1327 4614; x_wconf 81' lang='grc' dir='ltr'>μέλλει</span> <span class='ocrx_word' id='word_1_377' title='bbox 1357 4547 1449 4597; x_wconf 81' lang='grc' dir='ltr'>νῦν</span> <span class='ocrx_word' id='word_1_378' title='bbox 1475 4548 1501 4598; x_wconf 97' lang='lat'>6</span> <span class='ocrx_word' id='word_1_379' title='bbox 1539 4546 1651 4617; x_wconf 80' lang='grc'>[19]</span> <span class='ocrx_word' id='word_1_380' title='bbox 1692 4548 1913 4609; x_wconf 79' lang='grc' dir='ltr'>Ἡσαΐας</span> 
     </span>
    </p>
   </div>
   <div class='ocr_carea' id='block_1_49' title="bbox 254 4625 1915 4703">
    <p class='ocr_par' dir='ltr' id='par_1_49' title="bbox 254 4625 1915 4703">
     <span class='ocr_line' id='line_1_49' title="bbox 254 4625 1915 4703; baseline 0.004 -26"><span class='ocrx_word' id='word_1_381' title='bbox 254 4625 502 4693; x_wconf 68' lang='grc' dir='ltr'>λέγειντί,</span> <span class='ocrx_word' id='word_1_382' title='bbox 543 4628 635 4680; x_wconf 78' lang='lat' dir='ltr'><strong>xal</strong></span> <span class='ocrx_word' id='word_1_383' title='bbox 686 4627 902 4681; x_wconf 82' lang='grc' dir='ltr'>πλείονα</span> <span class='ocrx_word' id='word_1_384' title='bbox 949 4629 1150 4682; x_wconf 80' lang='grc' dir='ltr'>τούτων</span> <span class='ocrx_word' id='word_1_385' title='bbox 1202 4633 1586 4699; x_wconf 83' lang='grc' dir='ltr'>προανεφώνει·</span> <span class='ocrx_word' id='word_1_386' title='bbox 1633 4633 1767 4701; x_wconf 89' lang='grc' dir='ltr'>μετά</span> <span class='ocrx_word' id='word_1_387' title='bbox 1808 4633 1915 4703; x_wconf 76' lang='grc' dir='ltr'>γὰρ</span> 
     </span>
    </p>
   </div>
   <div class='ocr_carea' id='block_1_50' title="bbox 253 4712 1913 4788">
    <p class='ocr_par' dir='ltr' id='par_1_50' title="bbox 253 4712 1913 4788">
     <span class='ocr_line' id='line_1_50' title="bbox 253 4712 1913 4788; baseline 0.005 -25"><span class='ocrx_word' id='word_1_388' title='bbox 253 4713 354 4780; x_wconf 91' lang='grc' dir='ltr'>τῆς</span> <span class='ocrx_word' id='word_1_389' title='bbox 381 4712 489 4764; x_wconf 86' lang='grc' dir='ltr'>τῶν</span> <span class='ocrx_word' id='word_1_390' title='bbox 516 4713 683 4765; x_wconf 80' lang='grc' dir='ltr'>ἐθνῶν</span> <span class='ocrx_word' id='word_1_391' title='bbox 711 4714 950 4782; x_wconf 85' lang='grc' dir='ltr'>κλήσεως</span> <span class='ocrx_word' id='word_1_392' title='bbox 986 4716 1197 4767; x_wconf 74' lang='grc' dir='ltr'>καὶτὸν</span> <span class='ocrx_word' id='word_1_393' title='bbox 1249 4716 1473 4768; x_wconf 76' lang='grc' dir='ltr'>θάνατον</span> <span class='ocrx_word' id='word_1_394' title='bbox 1522 4713 1639 4768; x_wconf 74' lang='grc' dir='ltr'>εἷπε</span> <span class='ocrx_word' id='word_1_395' title='bbox 1680 4719 1773 4769; x_wconf 73' lang='grc' dir='ltr'>καὶ</span> <span class='ocrx_word' id='word_1_396' title='bbox 1818 4719 1913 4788; x_wconf 81' lang='grc' dir='ltr'>τὴν</span> 
     </span>
    </p>
   </div>
   <div class='ocr_carea' id='block_1_51' title="bbox 254 4799 1911 4872">
    <p class='ocr_par' dir='ltr' id='par_1_51' title="bbox 254 4799 1911 4872">
     <span class='ocr_line' id='line_1_51' title="bbox 254 4799 1911 4872; baseline 0.002 -20"><span class='ocrx_word' id='word_1_397' title='bbox 254 4799 570 4862; x_wconf 82' lang='grc' dir='ltr'>ἀνάστασιν,</span> <span class='ocrx_word' id='word_1_398' title='bbox 623 4800 715 4852; x_wconf 76' lang='grc' dir='ltr'>καὶ</span> <span class='ocrx_word' id='word_1_399' title='bbox 741 4801 828 4852; x_wconf 81' lang='grc' dir='ltr'>τὸν</span> <span class='ocrx_word' id='word_1_400' title='bbox 862 4802 1049 4871; x_wconf 86' lang='grc' dir='ltr'>καιρὸν</span> <span class='ocrx_word' id='word_1_401' title='bbox 1084 4802 1203 4854; x_wconf 87' lang='grc' dir='ltr'>καθ’</span> <span class='ocrx_word' id='word_1_402' title='bbox 1230 4803 1287 4853; x_wconf 83' lang='grc' dir='ltr'>ὃν</span> <span class='ocrx_word' id='word_1_403' title='bbox 1324 4803 1511 4871; x_wconf 76' lang='grc' dir='ltr'>ἔμελλε</span> <span class='ocrx_word' id='word_1_404' title='bbox 1542 4805 1870 4872; x_wconf 78' lang='grc' dir='ltr'>παρέσεσθαι</span> <span class='ocrx_word' id='word_1_405' title='bbox 1899 4822 1911 4835; x_wconf 87' lang='grc'><strong>·</strong></span> 
     </span>
    </p>
   </div>
   <div class='ocr_carea' id='block_1_52' title="bbox 253 4886 1911 4963">
    <p class='ocr_par' dir='ltr' id='par_1_52' title="bbox 253 4886 1911 4963">
     <span class='ocr_line' id='line_1_52' title="bbox 253 4886 1911 4963; baseline 0.003 -25"><span class='ocrx_word' id='word_1_406' title='bbox 253 4886 373 4938; x_wconf 75' lang='grc' dir='ltr'>οὐδὲ</span> <span class='ocrx_word' id='word_1_407' title='bbox 421 4888 625 4948; x_wconf 81' lang='grc' dir='ltr'>ἐκεῖνος</span> <span class='ocrx_word' id='word_1_408' title='bbox 677 4887 1077 4957; x_wconf 79' lang='grc' dir='ltr'>ἀπογυμνώσας</span> <span class='ocrx_word' id='word_1_409' title='bbox 1130 4891 1266 4941; x_wconf 76' lang='grc' dir='ltr'>αὐτὰ</span> <span class='ocrx_word' id='word_1_410' title='bbox 1321 4890 1592 4953; x_wconf 80' lang='grc' dir='ltr'>τέθεικεν,</span> <span class='ocrx_word' id='word_1_411' title='bbox 1647 4892 1781 4944; x_wconf 82' lang='grc' dir='ltr'>ἀλλά</span> <span class='ocrx_word' id='word_1_412' title='bbox 1835 4894 1911 4963; x_wconf 84' lang='grc' dir='ltr'>τῷ</span> 
     </span>
    </p>
   </div>
   <div class='ocr_carea' id='block_1_53' title="bbox 254 4974 1911 5048">
    <p class='ocr_par' dir='ltr' id='par_1_53' title="bbox 254 4974 1911 5048">
     <span class='ocr_line' id='line_1_53' title="bbox 254 4974 1911 5048; baseline 0.007 -25"><span class='ocrx_word' id='word_1_413' title='bbox 254 4974 582 5044; x_wconf 81' lang='grc' dir='ltr'>προσωπείῳ</span> <span class='ocrx_word' id='word_1_414' title='bbox 619 4984 640 5012; x_wconf 73' lang='grc' dir='ltr'>θ</span> <span class='ocrx_word' id='word_1_415' title='bbox 680 4975 777 5042; x_wconf 89' lang='grc' dir='ltr'>τῆς</span> <span class='ocrx_word' id='word_1_416' title='bbox 831 4976 1194 5045; x_wconf 79' lang='grc' dir='ltr'>προσηγορίας</span> <span class='ocrx_word' id='word_1_417' title='bbox 1260 4978 1355 5029; x_wconf 89' lang='grc' dir='ltr'>τοῦ</span> <span class='ocrx_word' id='word_1_418' title='bbox 1425 4978 1551 5029; x_wconf 81' lang='grc' dir='ltr'>Υίοῦ</span> <span class='ocrx_word' id='word_1_419' title='bbox 1608 4979 1815 5048; x_wconf 66' lang='grc' dir='ltr'>κρύψας</span> <span class='ocrx_word' id='word_1_420' title='bbox 1878 4982 1911 5035; x_wconf 79' lang='grc' dir='ltr'>δι</span> 
     </span>
    </p>
   </div>
   <div class='ocr_carea' id='block_1_54' title="bbox 254 5058 1910 5138">
    <p class='ocr_par' dir='ltr' id='par_1_54' title="bbox 254 5058 1910 5138">
     <span class='ocr_line' id='line_1_54' title="bbox 254 5058 1910 5138; baseline 0.007 -29"><span class='ocrx_word' id='word_1_421' title='bbox 254 5058 475 5127; x_wconf 82' lang='grc' dir='ltr'>ἔμελλεν</span> <span class='ocrx_word' id='word_1_422' title='bbox 501 5059 664 5126; x_wconf 79' lang='grc' dir='ltr'>ἐρεῖν,</span> <span class='ocrx_word' id='word_1_423' title='bbox 696 5060 865 5122; x_wconf 74' lang='grc' dir='ltr'>οὕτως</span> <span class='ocrx_word' id='word_1_424' title='bbox 898 5062 1034 5114; x_wconf 79' lang='grc' dir='ltr'>αὐτὰ</span> <span class='ocrx_word' id='word_1_425' title='bbox 1063 5064 1501 5135; x_wconf 82' lang='grc' dir='ltr'>προανεφώνησε,</span> <span class='ocrx_word' id='word_1_426' title='bbox 1524 5067 1597 5138; x_wconf 81' lang='grc' dir='ltr'>τῷ</span> <span class='ocrx_word' id='word_1_427' title='bbox 1622 5070 1719 5137; x_wconf 85' lang='grc' dir='ltr'>μὲν</span> <span class='ocrx_word' id='word_1_428' title='bbox 1740 5068 1910 5121; x_wconf 84' lang='grc' dir='ltr'>δοκεῖν</span> 
     </span>
    </p>
   </div>
   <div class='ocr_carea' id='block_1_55' title="bbox 252 5144 1909 5219">
    <p class='ocr_par' dir='ltr' id='par_1_55' title="bbox 252 5144 1909 5219">
     <span class='ocr_line' id='line_1_55' title="bbox 252 5144 1909 5219; baseline 0.007 -23"><span class='ocrx_word' id='word_1_429' title='bbox 252 5144 320 5196; x_wconf 72' lang='grc' dir='ltr'>τά</span> <span class='ocrx_word' id='word_1_430' title='bbox 385 5146 766 5216; x_wconf 81' lang='grc' dir='ltr'>συμϐησόμενα</span> <span class='ocrx_word' id='word_1_431' title='bbox 806 5148 883 5218; x_wconf 84' lang='grc' dir='ltr'>τῷ</span> <span class='ocrx_word' id='word_1_432' title='bbox 926 5148 1092 5219; x_wconf 78' lang='grc' dir='ltr'>Ἰούδᾳ</span> <span class='ocrx_word' id='word_1_433' title='bbox 1134 5149 1335 5216; x_wconf 81' lang='grc' dir='ltr'>λέγων’</span> <span class='ocrx_word' id='word_1_434' title='bbox 1378 5153 1558 5216; x_wconf 85' lang='grc' dir='ltr'>καθὼς</span> <span class='ocrx_word' id='word_1_435' title='bbox 1604 5154 1659 5205; x_wconf 75' lang='grc' dir='ltr'>δὲ</span> <span class='ocrx_word' id='word_1_436' title='bbox 1696 5154 1755 5205; x_wconf 85' lang='grc' dir='ltr'>τό</span> <span class='ocrx_word' id='word_1_437' title='bbox 1807 5155 1909 5207; x_wconf 83' lang='grc' dir='ltr'>τῶν</span> 
     </span>
    </p>
   </div>
   <div class='ocr_carea' id='block_1_56' title="bbox 254 5236 1910 5313">
    <p class='ocr_par' dir='ltr' id='par_1_56' title="bbox 254 5236 1910 5313">
     <span class='ocr_line' id='line_1_56' title="bbox 254 5236 1910 5313; baseline 0.008 -28"><span class='ocrx_word' id='word_1_438' title='bbox 254 5236 596 5306; x_wconf 83' lang='grc' dir='ltr'>πραγμάτων</span> <span class='ocrx_word' id='word_1_439' title='bbox 642 5240 904 5308; x_wconf 87' lang='grc' dir='ltr'>μαρτυρεῖ</span> <span class='ocrx_word' id='word_1_440' title='bbox 945 5239 1116 5303; x_wconf 86' lang='grc' dir='ltr'>τέλος,</span> <span class='ocrx_word' id='word_1_441' title='bbox 1156 5239 1296 5311; x_wconf 80' lang='grc' dir='ltr'>άπερ</span> <span class='ocrx_word' id='word_1_442' title='bbox 1340 5241 1529 5310; x_wconf 77' lang='grc' dir='ltr'>ἔμελλε</span> <span class='ocrx_word' id='word_1_443' title='bbox 1566 5244 1856 5313; x_wconf 82' lang='grc' dir='ltr'>κατορθοῦν</span> <span class='ocrx_word' id='word_1_444' title='bbox 1884 5248 1910 5297; x_wconf 92' lang='lat'>6</span> 
     </span>
    </p>
   </div>
   <div class='ocr_carea' id='block_1_57' title="bbox 316 5375 1456 5443">
    <p class='ocr_par' dir='ltr' id='par_1_57' title="bbox 316 5375 1456 5443">
     <span class='ocr_line' id='line_1_57' title="bbox 316 5375 1456 5443; baseline 0.005 -19"><span class='ocrx_word' id='word_1_445' title='bbox 316 5379 342 5443; x_wconf 65' lang='grc' dir='ltr'>ξ·</span> <span class='ocrx_word' id='word_1_446' title='bbox 365 5376 443 5443; x_wconf 71' lang='lat' dir='ltr'>§ic</span> <span class='ocrx_word' id='word_1_447' title='bbox 464 5375 517 5425; x_wconf 81' lang='lat' dir='ltr'>In</span> <span class='ocrx_word' id='word_1_448' title='bbox 537 5376 764 5443; x_wconf 50' lang='lat' dir='ltr'>omnibus</span> <span class='ocrx_word' id='word_1_449' title='bbox 782 5379 1140 5443; x_wconf 71' lang='lat' dir='ltr'>exemplaribus</span> <span class='ocrx_word' id='word_1_450' title='bbox 1164 5393 1252 5440; x_wconf 89' lang='lat' dir='ltr'>pro</span> <span class='ocrx_word' id='word_1_451' title='bbox 1285 5380 1456 5443; x_wconf 83' lang='grc' dir='ltr'>Ἀμώς.</span> 
     </span>
    </p>
   </div>
   <div class='ocr_carea' id='block_1_58' title="bbox 316 5436 1909 5509">
    <p class='ocr_par' dir='ltr' id='par_1_58' title="bbox 316 5436 1909 5509">
     <span class='ocr_line' id='line_1_58' title="bbox 316 5436 1909 5509; baseline 0.006 -25"><span class='ocrx_word' id='word_1_452' title='bbox 316 5436 343 5509; x_wconf 53' lang='grc' dir='ltr'>ξ’</span> <span class='ocrx_word' id='word_1_453' title='bbox 371 5438 492 5509; x_wconf 56' lang='lat' dir='ltr'><strong>llng</strong></span> <span class='ocrx_word' id='word_1_454' title='bbox 516 5442 714 5509; x_wconf 61' lang='grc' dir='ltr'>τῆςτῶν</span> <span class='ocrx_word' id='word_1_455' title='bbox 746 5436 987 5509; x_wconf 61' lang='grc' dir='ltr'>ὀνομάτων</span> <span class='ocrx_word' id='word_1_456' title='bbox 1025 5436 1363 5509; x_wconf 36' lang='grc' dir='ltr'>προσήγορίαςξ.</span> <span class='ocrx_word' id='word_1_457' title='bbox 1399 5436 1606 5493; x_wconf 73' lang='lat' dir='ltr'>Alienus</span> <span class='ocrx_word' id='word_1_458' title='bbox 1646 5444 1909 5507; x_wconf 82' lang='lat' dir='ltr'>legendum</span> 
     </span>
    </p>
   </div>
   <div class='ocr_carea' id='block_1_59' title="bbox 252 5499 1452 5564">
    <p class='ocr_par' dir='ltr' id='par_1_59' title="bbox 252 5499 1452 5564">
     <span class='ocr_line' id='line_1_59' title="bbox 252 5499 1452 5564; baseline 0.006 -20"><span class='ocrx_word' id='word_1_459' title='bbox 252 5504 396 5564; x_wconf 50' lang='lat' dir='ltr'>puga!</span> <span class='ocrx_word' id='word_1_460' title='bbox 405 5499 527 5564; x_wconf 46' lang='grc' dir='ltr'>,ταῖς</span> <span class='ocrx_word' id='word_1_461' title='bbox 536 5499 826 5564; x_wconf 47' lang='grc' dir='ltr'>τούτων-τῶν</span> <span class='ocrx_word' id='word_1_462' title='bbox 847 5499 1088 5564; x_wconf 73' lang='grc' dir='ltr'>ὀνομάτων</span> <span class='ocrx_word' id='word_1_463' title='bbox 1106 5499 1452 5564; x_wconf 71' lang='grc' dir='ltr'>προσηγορίαις.</span> 
     </span>
    </p>
   </div>
   <div class='ocr_carea' id='block_1_60' title="bbox 317 5558 1909 5627">
    <p class='ocr_par' dir='ltr' id='par_1_60' title="bbox 317 5558 1909 5627">
     <span class='ocr_line' id='line_1_60' title="bbox 317 5558 1909 5627; baseline 0.006 -21"><span class='ocrx_word' id='word_1_464' title='bbox 317 5561 339 5588; x_wconf 70' lang='grc' dir='ltr'><em>ε</em></span> <span class='ocrx_word' id='word_1_465' title='bbox 380 5558 549 5627; x_wconf 79' lang='lat' dir='ltr'>Mprel.</span> <span class='ocrx_word' id='word_1_466' title='bbox 574 5558 939 5627; x_wconf 59' lang='lat' dir='ltr'>laev._Sav._:-:_laé</span> <span class='ocrx_word' id='word_1_467' title='bbox 963 5582 974 5609; x_wconf 89' lang='lat'><strong>:</strong></span> <span class='ocrx_word' id='word_1_468' title='bbox 1002 5564 1079 5627; x_wconf 87' lang='lat' dir='ltr'>bi_c</span> <span class='ocrx_word' id='word_1_469' title='bbox 1103 5558 1337 5627; x_wconf 55' lang='lat' dir='ltr'>adtem&#39;id</span> <span class='ocrx_word' id='word_1_470' title='bbox 1363 5568 1581 5627; x_wconf 83' lang='lat' dir='ltr'>margine</span> <span class='ocrx_word' id='word_1_471' title='bbox 1612 5570 1745 5615; x_wconf 80' lang='lat' dir='ltr'>notat</span> <span class='ocrx_word' id='word_1_472' title='bbox 1771 5565 1909 5627; x_wconf 63' lang='lat' dir='ltr'>forte</span> 
     </span>
    </p>
   </div>
   <div class='ocr_carea' id='block_1_61' title="bbox 252 5619 1907 5727">
    <p class='ocr_par' dir='ltr' id='par_1_61' title="bbox 252 5619 1907 5727">
     <span class='ocr_line' id='line_1_61' title="bbox 252 5619 1907 5726; baseline 0.006 -61"><span class='ocrx_word' id='word_1_473' title='bbox 252 5619 518 5726; x_wconf 41' lang='lat' dir='ltr'>ieggndum</span> <span class='ocrx_word' id='word_1_474' title='bbox 539 5633 651 5669; x_wconf 81' lang='lat' dir='ltr'><strong>esse</strong></span> <span class='ocrx_word' id='word_1_475' title='bbox 675 5621 791 5668; x_wconf 87' lang='grc' dir='ltr'>εἶπε.</span> <span class='ocrx_word' id='word_1_476' title='bbox 815 5622 1020 5671; x_wconf 83' lang='lat' dir='ltr'>Allenus</span> <span class='ocrx_word' id='word_1_477' title='bbox 1056 5624 1320 5685; x_wconf 78' lang='lat' dir='ltr'>legendum</span> <span class='ocrx_word' id='word_1_478' title='bbox 1342 5619 1493 5686; x_wconf 48' lang='lat' dir='ltr'><strong>pulalv</strong></span> <span class='ocrx_word' id='word_1_479' title='bbox 1505 5628 1606 5687; x_wconf 62' lang='lat' dir='ltr'>aee,</span> <span class='ocrx_word' id='word_1_480' title='bbox 1629 5626 1815 5686; x_wconf 77' lang='lat' dir='ltr'>cecinit,</span> <span class='ocrx_word' id='word_1_481' title='bbox 1849 5628 1907 5675; x_wconf 81' lang='lat' dir='ltr'><strong>ab</strong></span> 
     </span>
     <span class='ocr_line' id='line_1_62' title="bbox 290 5695 417 5727; baseline -0.024 0"><span class='ocrx_word' id='word_1_482' title='bbox 290 5695 417 5727; x_wconf 85' lang='grc' dir='ltr'>ειοω.</span> 
     </span>
    </p>
   </div>
   <div class='ocr_carea' id='block_1_62' title="bbox 290 5697 417 5727">
    <p class='ocr_par' dir='ltr' id='par_1_62' title="bbox 290 5697 417 5727">
     <span class='ocr_line' id='line_1_63' title="bbox 290 5697 417 5727; baseline -0.024 0"><span class='ocrx_word' id='word_1_483' title='bbox 290 5697 397 5727; x_wconf 83' lang='grc' dir='ltr'>ειοω</span> <span class='ocrx_word' id='word_1_484' title='bbox 406 5715 417 5724; x_wconf 89' lang='grc'>.</span> 
     </span>
    </p>
   </div>
   <div class='ocr_carea' id='block_1_63' title="bbox 280 5739 1905 5809">
    <p class='ocr_par' dir='ltr' id='par_1_63' title="bbox 280 5739 1905 5809">
     <span class='ocr_line' id='line_1_64' title="bbox 280 5739 1905 5809; baseline 0.005 -21"><span class='ocrx_word' id='word_1_485' title='bbox 280 5742 345 5808; x_wconf 48' lang='grc' dir='ltr'>,τι</span> <span class='ocrx_word' id='word_1_486' title='bbox 370 5742 489 5809; x_wconf 62' lang='grc' dir='ltr'>Βςς.</span> <span class='ocrx_word' id='word_1_487' title='bbox 517 5739 892 5809; x_wconf 33' lang='lat' dir='ltr'>qt-Sax&#39;ilealé</span> <span class='ocrx_word' id='word_1_488' title='bbox 922 5744 1091 5794; x_wconf 83' lang='grc' dir='ltr'>Ἰακὼϐ</span> <span class='ocrx_word' id='word_1_489' title='bbox 1126 5747 1194 5809; x_wconf 75' lang='grc' dir='ltr'>δὲ,</span> <span class='ocrx_word' id='word_1_490' title='bbox 1215 5747 1353 5802; x_wconf 82' lang='grc' dir='ltr'>ἡνίκα</span> <span class='ocrx_word' id='word_1_491' title='bbox 1375 5750 1430 5795; x_wconf 86' lang='grc' dir='ltr'>ἆν</span> <span class='ocrx_word' id='word_1_492' title='bbox 1465 5752 1490 5796; x_wconf 90' lang='lat'>6</span> <span class='ocrx_word' id='word_1_493' title='bbox 1520 5748 1717 5803; x_wconf 64' lang='lat' dir='ltr'><strong>‘Ilaa‘ia;</strong></span> <span class='ocrx_word' id='word_1_494' title='bbox 1754 5751 1905 5809; x_wconf 83' lang='grc' dir='ltr'>μέλλει</span> 
     </span>
    </p>
   </div>
   <div class='ocr_carea' id='block_1_64' title="bbox 256 5802 1907 5859">
    <p class='ocr_par' dir='ltr' id='par_1_64' title="bbox 256 5802 1907 5859">
     <span class='ocr_line' id='line_1_65' title="bbox 256 5802 1907 5859; baseline 0.007 -13"><span class='ocrx_word' id='word_1_495' title='bbox 256 5802 335 5847; x_wconf 88' lang='grc' dir='ltr'>νῦν</span> <span class='ocrx_word' id='word_1_496' title='bbox 359 5802 508 5847; x_wconf 85' lang='grc' dir='ltr'>ταῦτα</span> <span class='ocrx_word' id='word_1_497' title='bbox 534 5803 700 5859; x_wconf 83' lang='grc' dir='ltr'>λέγειν.</span> <span class='ocrx_word' id='word_1_498' title='bbox 737 5805 918 5853; x_wconf 74' lang='lat' dir='ltr'>Boisins</span> <span class='ocrx_word' id='word_1_499' title='bbox 941 5809 1041 5854; x_wconf 76' lang='grc' dir='ltr'>γυιι</span> <span class='ocrx_word' id='word_1_500' title='bbox 1083 5802 1343 5855; x_wconf 72' lang='grc' dir='ltr'>αΙίοιιιυύο</span> <span class='ocrx_word' id='word_1_501' title='bbox 1367 5813 1576 5859; x_wconf 80' lang='lat' dir='ltr'>rcslilui.</span> <span class='ocrx_word' id='word_1_502' title='bbox 1621 5802 1718 5857; x_wconf 71' lang='lat' dir='ltr'>Sed</span> <span class='ocrx_word' id='word_1_503' title='bbox 1754 5802 1907 5858; x_wconf 50' lang='lat' dir='ltr'>&#39;lt‘clio</span> 
     </span>
    </p>
   </div>
   <div class='ocr_carea' id='block_1_65' title="bbox 258 5861 1905 5970">
    <p class='ocr_par' dir='ltr' id='par_1_65' title="bbox 258 5861 1905 5970">
     <span class='ocr_line' id='line_1_66' title="bbox 258 5861 1905 5969; baseline 0.01 -64"><span class='ocrx_word' id='word_1_504' title='bbox 258 5861 559 5969; x_wconf 50' lang='grc' dir='ltr'>ῗτίῖιιὲιηῗιηω</span> <span class='ocrx_word' id='word_1_505' title='bbox 585 5861 824 5912; x_wconf 72' lang='lat' dir='ltr'>Editiouis</span> <span class='ocrx_word' id='word_1_506' title='bbox 865 5866 991 5916; x_wconf 80' lang='lat' dir='ltr'>bene</span> <span class='ocrx_word' id='word_1_507' title='bbox 1036 5868 1218 5915; x_wconf 74' lang='lat' dir='ltr'>habere</span> <span class='ocrx_word' id='word_1_508' title='bbox 1248 5871 1457 5928; x_wconf 73' lang='lat' dir='ltr'>\idclur,</span> <span class='ocrx_word' id='word_1_509' title='bbox 1499 5880 1550 5921; x_wconf 81' lang='lat' dir='ltr'>cl.</span> <span class='ocrx_word' id='word_1_510' title='bbox 1591 5871 1637 5919; x_wconf 87' lang='lat' dir='ltr'>in</span> <span class='ocrx_word' id='word_1_511' title='bbox 1681 5872 1905 5921; x_wconf 68' lang='lat' dir='ltr'>Buvuricu</span> 
     </span>
     <span class='ocr_line' id='line_1_67' title="bbox 276 5937 480 5970; baseline 0.01 -2"><span class='ocrx_word' id='word_1_512' title='bbox 276 5938 349 5970; x_wconf 74' lang='grc' dir='ltr'>ω»</span> <span class='ocrx_word' id='word_1_513' title='bbox 408 5937 435 5969; x_wconf 90' lang='lat' dir='ltr'><strong>u</strong></span> <span class='ocrx_word' id='word_1_514' title='bbox 470 5962 480 5970; x_wconf 94' lang='lat'>.</span> 
     </span>
    </p>
   </div>
   <div class='ocr_carea' id='block_1_66' title="bbox 317 5984 1485 6051">
    <p class='ocr_par' dir='ltr' id='par_1_66' title="bbox 317 5984 1485 6051">
     <span class='ocr_line' id='line_1_68' title="bbox 317 5984 1485 6051; baseline 0.009 -20"><span class='ocrx_word' id='word_1_515' title='bbox 317 5984 335 6004; x_wconf 84' lang='lat'><strong>‘</strong></span> <span class='ocrx_word' id='word_1_516' title='bbox 368 5985 487 6044; x_wconf 68' lang='grc' dir='ltr'>ιιι-ε.</span> <span class='ocrx_word' id='word_1_517' title='bbox 517 5991 567 6034; x_wconf 77' lang='lat' dir='ltr'>cl.</span> <span class='ocrx_word' id='word_1_518' title='bbox 594 5986 700 6034; x_wconf 69' lang='lat' dir='ltr'>Sav.</span> <span class='ocrx_word' id='word_1_519' title='bbox 736 5988 782 6033; x_wconf 74' lang='grc' dir='ltr'>τὸ</span> <span class='ocrx_word' id='word_1_520' title='bbox 812 5990 1125 6051; x_wconf 59' lang='grc' dir='ltr'>προοωπζιον,</span> <span class='ocrx_word' id='word_1_521' title='bbox 1152 5992 1311 6040; x_wconf 78' lang='lat' dir='ltr'><strong>minus</strong></span> <span class='ocrx_word' id='word_1_522' title='bbox 1335 5999 1485 6041; x_wconf 63' lang='lat' dir='ltr'>rule.</span> 
     </span>
    </p>
   </div>
   <div class='ocr_carea' id='block_1_67' title="bbox 2026 518 3685 592">
    <p class='ocr_par' dir='ltr' id='par_1_67' title="bbox 2026 518 3685 592">
     <span class='ocr_line' id='line_1_69' title="bbox 2026 518 3685 592; baseline -0.001 -21"><span class='ocrx_word' id='word_1_523' title='bbox 2026 518 2259 589; x_wconf 75' lang='grc' dir='ltr'>Χριστὸς</span> <span class='ocrx_word' id='word_1_524' title='bbox 2317 520 2735 589; x_wconf 80' lang='grc' dir='ltr'>προαναφωνῶν.</span> <span class='ocrx_word' id='word_1_525' title='bbox 2807 520 2938 574; x_wconf 82' lang='grc' dir='ltr'>Οῦτε</span> <span class='ocrx_word' id='word_1_526' title='bbox 3001 525 3106 592; x_wconf 81' lang='grc' dir='ltr'>γάρ</span> <span class='ocrx_word' id='word_1_527' title='bbox 3169 523 3459 589; x_wconf 71' lang='grc' dir='ltr'>προσδοκία</span> <span class='ocrx_word' id='word_1_528' title='bbox 3519 521 3685 573; x_wconf 76' lang='grc' dir='ltr'>ἐθνῶν</span> 
     </span>
    </p>
   </div>
   <div class='ocr_carea' id='block_1_68' title="bbox 2036 607 3685 679">
    <p class='ocr_par' dir='ltr' id='par_1_68' title="bbox 2036 607 3685 679">
     <span class='ocr_line' id='line_1_70' title="bbox 2036 607 3685 679; baseline 0.001 -20"><span class='ocrx_word' id='word_1_529' title='bbox 2036 607 2232 670; x_wconf 82' lang='grc' dir='ltr'>Ἰούδας</span> <span class='ocrx_word' id='word_1_530' title='bbox 2260 607 2499 675; x_wconf 83' lang='grc' dir='ltr'>γέγονεν,</span> <span class='ocrx_word' id='word_1_531' title='bbox 2535 608 2656 661; x_wconf 74' lang='grc' dir='ltr'>οὔτε</span> <span class='ocrx_word' id='word_1_532' title='bbox 2688 609 2805 661; x_wconf 79' lang='grc' dir='ltr'>τότε</span> <span class='ocrx_word' id='word_1_533' title='bbox 2826 608 3058 678; x_wconf 73' lang='grc' dir='ltr'>ἔλαμψεν</span> <span class='ocrx_word' id='word_1_534' title='bbox 3082 612 3112 679; x_wconf 81' lang='grc' dir='ltr'>ἠ</span> <span class='ocrx_word' id='word_1_535' title='bbox 3149 610 3307 679; x_wconf 84' lang='grc' dir='ltr'>φυλὴ,</span> <span class='ocrx_word' id='word_1_536' title='bbox 3335 611 3419 662; x_wconf 82' lang='grc' dir='ltr'>ὅτε</span> <span class='ocrx_word' id='word_1_537' title='bbox 3442 609 3685 673; x_wconf 77' lang='grc' dir='ltr'>ἐξέλιπεν</span> 
     </span>
    </p>
   </div>
   <div class='ocr_carea' id='block_1_69' title="bbox 2024 694 3686 766">
    <p class='ocr_par' dir='ltr' id='par_1_69' title="bbox 2024 694 3686 766">
     <span class='ocr_line' id='line_1_71' title="bbox 2024 694 3686 766; baseline 0.002 -20"><span class='ocrx_word' id='word_1_538' title='bbox 2024 695 2257 762; x_wconf 79' lang='grc' dir='ltr'>αύτῶνὴ</span> <span class='ocrx_word' id='word_1_539' title='bbox 2312 694 2583 747; x_wconf 86' lang='grc' dir='ltr'>πολιτεία·</span> <span class='ocrx_word' id='word_1_540' title='bbox 2617 696 2748 749; x_wconf 75' lang='grc' dir='ltr'>ἀλλὰ</span> <span class='ocrx_word' id='word_1_541' title='bbox 2786 696 2952 748; x_wconf 88' lang='grc' dir='ltr'>ταῦτα</span> <span class='ocrx_word' id='word_1_542' title='bbox 2998 696 3201 757; x_wconf 85' lang='grc' dir='ltr'>πάντα,</span> <span class='ocrx_word' id='word_1_543' title='bbox 3251 699 3336 749; x_wconf 82' lang='grc' dir='ltr'>ὅτε</span> <span class='ocrx_word' id='word_1_544' title='bbox 3374 699 3400 750; x_wconf 91' lang='lat'>6</span> <span class='ocrx_word' id='word_1_545' title='bbox 3455 698 3686 766; x_wconf 78' lang='grc' dir='ltr'>Χριστὸς</span> 
     </span>
    </p>
   </div>
   <div class='ocr_carea' id='block_1_70' title="bbox 2023 779 2639 847">
    <p class='ocr_par' dir='ltr' id='par_1_70' title="bbox 2023 779 2639 847">
     <span class='ocr_line' id='line_1_72' title="bbox 2023 779 2639 847; baseline 0.005 -16"><span class='ocrx_word' id='word_1_546' title='bbox 2023 779 2372 847; x_wconf 88' lang='grc' dir='ltr'>παρεγένετο,</span> <span class='ocrx_word' id='word_1_547' title='bbox 2402 781 2639 847; x_wconf 89' lang='grc' dir='ltr'>γέγονεν.</span> 
     </span>
    </p>
   </div>
   <div class='ocr_carea' id='block_1_71' title="bbox 2092 865 3684 939">
    <p class='ocr_par' dir='ltr' id='par_1_71' title="bbox 2092 865 3684 939">
     <span class='ocr_line' id='line_1_73' title="bbox 2092 865 3684 939; baseline 0.003 -24"><span class='ocrx_word' id='word_1_548' title='bbox 2092 866 2152 916; x_wconf 87' lang='grc' dir='ltr'>Εἰ</span> <span class='ocrx_word' id='word_1_549' title='bbox 2182 865 2237 917; x_wconf 85' lang='grc' dir='ltr'>δὲ</span> <span class='ocrx_word' id='word_1_550' title='bbox 2267 867 2666 935; x_wconf 81' lang='grc' dir='ltr'>ἀναισχυντοῖειν</span> <span class='ocrx_word' id='word_1_551' title='bbox 2706 867 2943 920; x_wconf 87' lang='grc' dir='ltr'>Ἰουδαῖοι</span> <span class='ocrx_word' id='word_1_552' title='bbox 2989 867 3175 920; x_wconf 87' lang='grc' dir='ltr'>τοῦτον</span> <span class='ocrx_word' id='word_1_553' title='bbox 3222 869 3684 939; x_wconf 79' lang='grc' dir='ltr'>παρακρουόμενοι</span> 
     </span>
    </p>
   </div>
   <div class='ocr_carea' id='block_1_72' title="bbox 2021 949 3681 1022">
    <p class='ocr_par' dir='ltr' id='par_1_72' title="bbox 2021 949 3681 1022">
     <span class='ocr_line' id='line_1_74' title="bbox 2021 949 3681 1022; baseline 0.003 -22"><span class='ocrx_word' id='word_1_554' title='bbox 2021 949 2119 1017; x_wconf 89' lang='grc' dir='ltr'>τῆς</span> <span class='ocrx_word' id='word_1_555' title='bbox 2160 953 2492 1021; x_wconf 83' lang='grc' dir='ltr'>προφητείας</span> <span class='ocrx_word' id='word_1_556' title='bbox 2542 952 2632 1005; x_wconf 84' lang='grc' dir='ltr'>τὸν</span> <span class='ocrx_word' id='word_1_557' title='bbox 2683 953 2864 1022; x_wconf 80' lang='grc' dir='ltr'>νόμον,</span> <span class='ocrx_word' id='word_1_558' title='bbox 2896 953 3126 1022; x_wconf 87' lang='grc' dir='ltr'>μάλιστα</span> <span class='ocrx_word' id='word_1_559' title='bbox 3181 952 3279 1021; x_wconf 88' lang='grc' dir='ltr'>μὲν</span> <span class='ocrx_word' id='word_1_560' title='bbox 3340 950 3431 1006; x_wconf 74' lang='grc' dir='ltr'>οὖν</span> <span class='ocrx_word' id='word_1_561' title='bbox 3482 954 3576 1007; x_wconf 78' lang='grc' dir='ltr'>καὶ</span> <span class='ocrx_word' id='word_1_562' title='bbox 3623 955 3681 1019; x_wconf 81' lang='grc' dir='ltr'>ἐξ</span> 
     </span>
    </p>
   </div>
   <div class='ocr_carea' id='block_1_73' title="bbox 2020 1036 3683 1109">
    <p class='ocr_par' dir='ltr' id='par_1_73' title="bbox 2020 1036 3683 1109">
     <span class='ocr_line' id='line_1_75' title="bbox 2020 1036 3683 1109; baseline 0.003 -22"><span class='ocrx_word' id='word_1_563' title='bbox 2020 1036 2199 1089; x_wconf 83' lang='grc' dir='ltr'>αὐτῶν</span> <span class='ocrx_word' id='word_1_564' title='bbox 2226 1036 2330 1091; x_wconf 87' lang='grc' dir='ltr'>τῶν</span> <span class='ocrx_word' id='word_1_565' title='bbox 2361 1038 2660 1108; x_wconf 75' lang='grc' dir='ltr'>εἰρημένων</span> <span class='ocrx_word' id='word_1_566' title='bbox 2697 1038 2887 1109; x_wconf 70' lang='grc' dir='ltr'>ῥαδίως</span> <span class='ocrx_word' id='word_1_567' title='bbox 2925 1039 3299 1109; x_wconf 85' lang='grc' dir='ltr'>διελεγχθεῖεν,</span> <span class='ocrx_word' id='word_1_568' title='bbox 3333 1041 3384 1092; x_wconf 79' lang='grc' dir='ltr'>εἴ</span> <span class='ocrx_word' id='word_1_569' title='bbox 3420 1055 3503 1102; x_wconf 92' lang='grc' dir='ltr'>τις</span> <span class='ocrx_word' id='word_1_570' title='bbox 3546 1039 3683 1108; x_wconf 85' lang='grc' dir='ltr'>μετά</span> 
     </span>
    </p>
   </div>
   <div class='ocr_carea' id='block_1_74' title="bbox 2020 1122 3681 1198">
    <p class='ocr_par' dir='ltr' id='par_1_74' title="bbox 2020 1122 3681 1198">
     <span class='ocr_line' id='line_1_76' title="bbox 2020 1122 3681 1198; baseline 0.002 -21"><span class='ocrx_word' id='word_1_571' title='bbox 2020 1122 2302 1193; x_wconf 87' lang='grc' dir='ltr'>ἀκριϐείας</span> <span class='ocrx_word' id='word_1_572' title='bbox 2348 1125 2447 1190; x_wconf 80' lang='grc' dir='ltr'>τὰς</span> <span class='ocrx_word' id='word_1_573' title='bbox 2495 1126 2829 1198; x_wconf 84' lang='grc' dir='ltr'>προφητείας</span> <span class='ocrx_word' id='word_1_574' title='bbox 2894 1127 3207 1192; x_wconf 76' lang='grc' dir='ltr'>ἐξαπλώσας</span> <span class='ocrx_word' id='word_1_575' title='bbox 3243 1126 3302 1193; x_wconf 69' lang='grc' dir='ltr'>ί,</span> <span class='ocrx_word' id='word_1_576' title='bbox 3354 1128 3447 1180; x_wconf 71' lang='grc' dir='ltr'>καὶ</span> <span class='ocrx_word' id='word_1_577' title='bbox 3502 1129 3681 1180; x_wconf 82' lang='grc' dir='ltr'>πᾶσαν</span> 
     </span>
    </p>
   </div>
   <div class='ocr_carea' id='block_1_75' title="bbox 2023 1211 3680 1283">
    <p class='ocr_par' dir='ltr' id='par_1_75' title="bbox 2023 1211 3680 1283">
     <span class='ocr_line' id='line_1_77' title="bbox 2023 1211 3680 1283; baseline 0.001 -19"><span class='ocrx_word' id='word_1_578' title='bbox 2023 1211 2180 1281; x_wconf 81' lang='grc' dir='ltr'>ῥῆσιν</span> <span class='ocrx_word' id='word_1_579' title='bbox 2229 1214 2366 1281; x_wconf 88' lang='grc' dir='ltr'>μετά</span> <span class='ocrx_word' id='word_1_580' title='bbox 2424 1215 2524 1283; x_wconf 86' lang='grc' dir='ltr'>τῆς</span> <span class='ocrx_word' id='word_1_581' title='bbox 2595 1212 2975 1283; x_wconf 83' lang='grc' dir='ltr'>προσηκούσης</span> <span class='ocrx_word' id='word_1_582' title='bbox 3035 1215 3301 1278; x_wconf 80' lang='grc' dir='ltr'>ἐξετάζων</span> <span class='ocrx_word' id='word_1_583' title='bbox 3356 1213 3632 1283; x_wconf 75' lang='grc' dir='ltr'>προσοχῆς</span> <span class='ocrx_word' id='word_1_584' title='bbox 3660 1251 3680 1279; x_wconf 86' lang='grc'>,</span> 
     </span>
    </p>
   </div>
   <div class='ocr_carea' id='block_1_76' title="bbox 2020 1296 3681 1371">
    <p class='ocr_par' dir='ltr' id='par_1_76' title="bbox 2020 1296 3681 1371">
     <span class='ocr_line' id='line_1_78' title="bbox 2020 1296 3681 1371; baseline 0.001 -22"><span class='ocrx_word' id='word_1_585' title='bbox 2020 1296 2246 1366; x_wconf 80' lang='grc' dir='ltr'>ἀρμόζοι</span> <span class='ocrx_word' id='word_1_586' title='bbox 2272 1299 2337 1351; x_wconf 83' lang='grc' dir='ltr'>τά</span> <span class='ocrx_word' id='word_1_587' title='bbox 2370 1300 2631 1371; x_wconf 84' lang='grc' dir='ltr'>εἰρημένα</span> <span class='ocrx_word' id='word_1_588' title='bbox 2666 1303 2775 1363; x_wconf 85' lang='grc' dir='ltr'>τοῖς</span> <span class='ocrx_word' id='word_1_589' title='bbox 2801 1301 3200 1369; x_wconf 83' lang='grc' dir='ltr'>γεγενημένοις.</span> <span class='ocrx_word' id='word_1_590' title='bbox 3227 1302 3387 1352; x_wconf 78' lang='grc' dir='ltr'>Ὥστε</span> <span class='ocrx_word' id='word_1_591' title='bbox 3413 1301 3466 1353; x_wconf 80' lang='grc' dir='ltr'>δὲ</span> <span class='ocrx_word' id='word_1_592' title='bbox 3497 1303 3587 1352; x_wconf 81' lang='grc' dir='ltr'>καὶ</span> <span class='ocrx_word' id='word_1_593' title='bbox 3617 1303 3681 1352; x_wconf 79' lang='grc' dir='ltr'>ἐκ</span> 
     </span>
    </p>
   </div>
   <div class='ocr_carea' id='block_1_77' title="bbox 2022 1386 3680 1458">
    <p class='ocr_par' dir='ltr' id='par_1_77' title="bbox 2022 1386 3680 1458">
     <span class='ocr_line' id='line_1_79' title="bbox 2022 1386 3680 1458; baseline 0.002 -24"><span class='ocrx_word' id='word_1_594' title='bbox 2022 1386 2337 1454; x_wconf 84' lang='grc' dir='ltr'>περιουσίας</span> <span class='ocrx_word' id='word_1_595' title='bbox 2364 1388 2539 1439; x_wconf 83' lang='grc' dir='ltr'>αὐτῶν</span> <span class='ocrx_word' id='word_1_596' title='bbox 2578 1387 2893 1458; x_wconf 70' lang='grc' dir='ltr'>άπορῤάψαι</span> <span class='ocrx_word' id='word_1_597' title='bbox 2925 1387 2993 1439; x_wconf 79' lang='grc' dir='ltr'>τά</span> <span class='ocrx_word' id='word_1_598' title='bbox 3023 1387 3281 1454; x_wconf 84' lang='grc' dir='ltr'>στόματα,</span> <span class='ocrx_word' id='word_1_599' title='bbox 3319 1388 3416 1439; x_wconf 79' lang='grc' dir='ltr'>οὐκ</span> <span class='ocrx_word' id='word_1_600' title='bbox 3440 1388 3546 1439; x_wconf 73' lang='grc' dir='ltr'>ἀπὸ</span> <span class='ocrx_word' id='word_1_601' title='bbox 3572 1387 3680 1438; x_wconf 80' lang='grc' dir='ltr'>τῶν</span> 
     </span>
    </p>
   </div>
   <div class='ocr_carea' id='block_1_78' title="bbox 2021 1471 3677 1542">
    <p class='ocr_par' dir='ltr' id='par_1_78' title="bbox 2021 1471 3677 1542">
     <span class='ocr_line' id='line_1_80' title="bbox 2021 1471 3677 1542; baseline 0.002 -23"><span class='ocrx_word' id='word_1_602' title='bbox 2021 1472 2099 1531; x_wconf 83' lang='grc' dir='ltr'>εἰς</span> <span class='ocrx_word' id='word_1_603' title='bbox 2137 1471 2226 1521; x_wconf 80' lang='grc' dir='ltr'>τὸν</span> <span class='ocrx_word' id='word_1_604' title='bbox 2255 1473 2485 1539; x_wconf 83' lang='grc' dir='ltr'>Χριστὸν</span> <span class='ocrx_word' id='word_1_605' title='bbox 2500 1474 2823 1542; x_wconf 73' lang='grc' dir='ltr'>εἰρημένων,</span> <span class='ocrx_word' id='word_1_606' title='bbox 2846 1472 2959 1525; x_wconf 87' lang='grc' dir='ltr'>ἀλλ’</span> <span class='ocrx_word' id='word_1_607' title='bbox 2986 1472 3094 1525; x_wconf 82' lang='grc' dir='ltr'>ἀπὸ</span> <span class='ocrx_word' id='word_1_608' title='bbox 3115 1472 3219 1524; x_wconf 83' lang='grc' dir='ltr'>τῶν</span> <span class='ocrx_word' id='word_1_609' title='bbox 3245 1476 3321 1535; x_wconf 89' lang='grc' dir='ltr'>εἰς</span> <span class='ocrx_word' id='word_1_610' title='bbox 3348 1476 3470 1535; x_wconf 82' lang='grc' dir='ltr'>τοὺς</span> <span class='ocrx_word' id='word_1_611' title='bbox 3500 1474 3677 1525; x_wconf 80' lang='grc' dir='ltr'>αὐτῶν</span> 
     </span>
    </p>
   </div>
   <div class='ocr_carea' id='block_1_79' title="bbox 2022 1555 3677 1628">
    <p class='ocr_par' dir='ltr' id='par_1_79' title="bbox 2022 1555 3677 1628">
     <span class='ocr_line' id='line_1_81' title="bbox 2022 1555 3677 1628; baseline 0.005 -24"><span class='ocrx_word' id='word_1_612' title='bbox 2022 1555 2360 1625; x_wconf 84' lang='grc' dir='ltr'>πατριάρχας</span> <span class='ocrx_word' id='word_1_613' title='bbox 2386 1558 2884 1627; x_wconf 88' lang='grc' dir='ltr'>προφητευθέντων,</span> <span class='ocrx_word' id='word_1_614' title='bbox 2909 1558 3064 1610; x_wconf 90' lang='grc' dir='ltr'>τοῦτο</span> <span class='ocrx_word' id='word_1_615' title='bbox 3100 1558 3427 1627; x_wconf 86' lang='grc' dir='ltr'>πειράσομαι</span> <span class='ocrx_word' id='word_1_616' title='bbox 3454 1560 3677 1628; x_wconf 87' lang='grc' dir='ltr'>ποιῆσαι</span> 
     </span>
    </p>
   </div>
   <div class='ocr_carea' id='block_1_80' title="bbox 2022 1641 3677 1713">
    <p class='ocr_par' dir='ltr' id='par_1_80' title="bbox 2022 1641 3677 1713">
     <span class='ocr_line' id='line_1_82' title="bbox 2022 1641 3677 1713; baseline 0.002 -20"><span class='ocrx_word' id='word_1_617' title='bbox 2022 1641 2496 1710; x_wconf 79' lang='grc' dir='ltr'>φανερὸν,δεικνὺς</span> <span class='ocrx_word' id='word_1_618' title='bbox 2516 1644 2597 1697; x_wconf 83' lang='grc' dir='ltr'>ὅτι</span> <span class='ocrx_word' id='word_1_619' title='bbox 2620 1647 2673 1697; x_wconf 89' lang='grc' dir='ltr'>αἱ</span> <span class='ocrx_word' id='word_1_620' title='bbox 2708 1645 2897 1697; x_wconf 78' lang='grc' dir='ltr'>πολλαὶ</span> <span class='ocrx_word' id='word_1_621' title='bbox 2928 1645 3034 1697; x_wconf 80' lang='grc' dir='ltr'>τῶν</span> <span class='ocrx_word' id='word_1_622' title='bbox 3064 1644 3403 1713; x_wconf 86' lang='grc' dir='ltr'>προφητειῶν</span> <span class='ocrx_word' id='word_1_623' title='bbox 3434 1644 3677 1712; x_wconf 81' lang='grc' dir='ltr'>εἴρηνται</span> 
     </span>
    </p>
   </div>
   <div class='ocr_carea' id='block_1_81' title="bbox 2025 1728 3673 1799">
    <p class='ocr_par' dir='ltr' id='par_1_81' title="bbox 2025 1728 3673 1799">
     <span class='ocr_line' id='line_1_83' title="bbox 2025 1728 3673 1799; baseline 0.002 -20"><span class='ocrx_word' id='word_1_624' title='bbox 2025 1728 2123 1796; x_wconf 78' lang='grc' dir='ltr'>μὲν</span> <span class='ocrx_word' id='word_1_625' title='bbox 2142 1728 2219 1790; x_wconf 82' lang='grc' dir='ltr'>εἰς</span> <span class='ocrx_word' id='word_1_626' title='bbox 2235 1729 2358 1790; x_wconf 79' lang='grc' dir='ltr'>τοὺς</span> <span class='ocrx_word' id='word_1_627' title='bbox 2389 1728 2711 1799; x_wconf 74' lang='grc' dir='ltr'>φυλάρχους,</span> <span class='ocrx_word' id='word_1_628' title='bbox 2737 1729 2998 1798; x_wconf 83' lang='grc' dir='ltr'>ἐξέϐησαν</span> <span class='ocrx_word' id='word_1_629' title='bbox 3014 1730 3069 1782; x_wconf 84' lang='grc' dir='ltr'>δὲ</span> <span class='ocrx_word' id='word_1_630' title='bbox 3099 1732 3175 1791; x_wconf 81' lang='grc' dir='ltr'>εἰς</span> <span class='ocrx_word' id='word_1_631' title='bbox 3195 1731 3319 1792; x_wconf 80' lang='grc' dir='ltr'>τοὺς</span> <span class='ocrx_word' id='word_1_632' title='bbox 3348 1728 3405 1792; x_wconf 83' lang='grc' dir='ltr'>ἐξ</span> <span class='ocrx_word' id='word_1_633' title='bbox 3434 1730 3673 1782; x_wconf 81' lang='grc' dir='ltr'>ἐκείνων.</span> 
     </span>
    </p>
   </div>
   <div class='ocr_carea' id='block_1_82' title="bbox 2022 1814 3677 1885">
    <p class='ocr_par' dir='ltr' id='par_1_82' title="bbox 2022 1814 3677 1885">
     <span class='ocr_line' id='line_1_84' title="bbox 2022 1814 3677 1885; baseline 0.001 -19"><span class='ocrx_word' id='word_1_634' title='bbox 2022 1814 2130 1866; x_wconf 97' lang='lat' dir='ltr'>Kal</span> <span class='ocrx_word' id='word_1_635' title='bbox 2174 1814 2609 1885; x_wconf 82' lang='grc' dir='ltr'>παραδείγματος</span> <span class='ocrx_word' id='word_1_636' title='bbox 2636 1816 2819 1868; x_wconf 84' lang='grc' dir='ltr'>’ἐνεκεν</span> <span class='ocrx_word' id='word_1_637' title='bbox 2851 1816 2977 1884; x_wconf 90' lang='grc' dir='ltr'>μίαν</span> <span class='ocrx_word' id='word_1_638' title='bbox 3008 1818 3037 1882; x_wconf 86' lang='grc' dir='ltr'>ἢ</span> <span class='ocrx_word' id='word_1_639' title='bbox 3081 1817 3171 1869; x_wconf 75' lang='grc' dir='ltr'>καὶ</span> <span class='ocrx_word' id='word_1_640' title='bbox 3220 1816 3477 1884; x_wconf 83' lang='grc' dir='ltr'>δευτέραν</span> <span class='ocrx_word' id='word_1_641' title='bbox 3511 1814 3677 1867; x_wconf 78' lang='grc' dir='ltr'>εἰπὼν</span> 
     </span>
    </p>
   </div>
   <div class='ocr_carea' id='block_1_83' title="bbox 2023 1898 3675 1972">
    <p class='ocr_par' dir='ltr' id='par_1_83' title="bbox 2023 1898 3675 1972">
     <span class='ocr_line' id='line_1_85' title="bbox 2023 1898 3675 1972; baseline 0.002 -22"><span class='ocrx_word' id='word_1_642' title='bbox 2023 1898 2283 1970; x_wconf 82' lang='grc' dir='ltr'>ἱστορίαν,</span> <span class='ocrx_word' id='word_1_643' title='bbox 2316 1899 2519 1968; x_wconf 73' lang='grc' dir='ltr'>ἅψομαι</span> <span class='ocrx_word' id='word_1_644' title='bbox 2575 1900 2683 1953; x_wconf 82' lang='grc' dir='ltr'>τῶν</span> <span class='ocrx_word' id='word_1_645' title='bbox 2732 1902 3127 1972; x_wconf 86' lang='grc' dir='ltr'>προκειμένων.</span> <span class='ocrx_word' id='word_1_646' title='bbox 3161 1902 3268 1953; x_wconf 85' lang='lat' dir='ltr'>Kal</span> <span class='ocrx_word' id='word_1_647' title='bbox 3319 1903 3426 1971; x_wconf 79' lang='grc' dir='ltr'>γάρ</span> <span class='ocrx_word' id='word_1_648' title='bbox 3465 1902 3551 1955; x_wconf 84' lang='grc' dir='ltr'>ὅτε</span> <span class='ocrx_word' id='word_1_649' title='bbox 3585 1901 3675 1954; x_wconf 75' lang='grc' dir='ltr'>τὸν</span> 
     </span>
    </p>
   </div>
   <div class='ocr_carea' id='block_1_84' title="bbox 2022 1984 3677 2057">
    <p class='ocr_par' dir='ltr' id='par_1_84' title="bbox 2022 1984 3677 2057">
     <span class='ocr_line' id='line_1_86' title="bbox 2022 1984 3677 2057; baseline 0.002 -21"><span class='ocrx_word' id='word_1_650' title='bbox 2022 1984 2244 2054; x_wconf 83' lang='grc' dir='ltr'>Συμεὼν</span> <span class='ocrx_word' id='word_1_651' title='bbox 2264 1986 2357 2039; x_wconf 74' lang='grc' dir='ltr'>καὶ</span> <span class='ocrx_word' id='word_1_652' title='bbox 2383 1987 2474 2038; x_wconf 79' lang='grc' dir='ltr'>τὸν</span> <span class='ocrx_word' id='word_1_653' title='bbox 2500 1987 2628 2040; x_wconf 76' lang='grc' dir='ltr'>Λευὶ</span> <span class='ocrx_word' id='word_1_654' title='bbox 2654 1987 2882 2050; x_wconf 86' lang='grc' dir='ltr'>καλέσας</span> <span class='ocrx_word' id='word_1_655' title='bbox 2905 1990 2933 2041; x_wconf 92' lang='lat'>6</span> <span class='ocrx_word' id='word_1_656' title='bbox 2972 1986 3182 2051; x_wconf 88' lang='grc' dir='ltr'>Ἰακὼϐ,</span> <span class='ocrx_word' id='word_1_657' title='bbox 3215 1990 3589 2057; x_wconf 80' lang='grc' dir='ltr'>προαναφωνεῖ</span> <span class='ocrx_word' id='word_1_658' title='bbox 3611 1988 3677 2040; x_wconf 75' lang='grc' dir='ltr'>τίι</span> 
     </span>
    </p>
   </div>
   <div class='ocr_carea' id='block_1_85' title="bbox 2023 2074 3677 2146">
    <p class='ocr_par' dir='ltr' id='par_1_85' title="bbox 2023 2074 3677 2146">
     <span class='ocr_line' id='line_1_87' title="bbox 2023 2074 3677 2146; baseline 0.001 -21"><span class='ocrx_word' id='word_1_659' title='bbox 2023 2074 2408 2144; x_wconf 87' lang='grc' dir='ltr'>συμϐησόμενα</span> <span class='ocrx_word' id='word_1_660' title='bbox 2438 2075 2637 2139; x_wconf 82' lang='grc' dir='ltr'>αὐτοῖς,</span> <span class='ocrx_word' id='word_1_661' title='bbox 2682 2074 2851 2140; x_wconf 77' lang='grc' dir='ltr'>οὕτως</span> <span class='ocrx_word' id='word_1_662' title='bbox 2894 2076 3076 2146; x_wconf 81' lang='grc' dir='ltr'>ἔλεγε·</span> <span class='ocrx_word' id='word_1_663' title='bbox 3120 2077 3362 2144; x_wconf 78' lang='grc' dir='ltr'>Συμεὼν</span> <span class='ocrx_word' id='word_1_664' title='bbox 3390 2076 3487 2128; x_wconf 80' lang='grc' dir='ltr'>καί</span> <span class='ocrx_word' id='word_1_665' title='bbox 3536 2076 3677 2130; x_wconf 81' lang='grc' dir='ltr'>Λευὶ</span> 
     </span>
    </p>
   </div>
   <div class='ocr_carea' id='block_1_86' title="bbox 2020 2162 3677 2234">
    <p class='ocr_par' dir='ltr' id='par_1_86' title="bbox 2020 2162 3677 2234">
     <span class='ocr_line' id='line_1_88' title="bbox 2020 2162 3677 2234; baseline -0.001 -19"><span class='ocrx_word' id='word_1_666' title='bbox 2020 2162 2285 2229; x_wconf 61' lang='grc' dir='ltr'>ἀδελφοί,</span> <span class='ocrx_word' id='word_1_667' title='bbox 2312 2163 2405 2216; x_wconf 75' lang='grc' dir='ltr'>καὶ</span> <span class='ocrx_word' id='word_1_668' title='bbox 2436 2165 2812 2234; x_wconf 88' lang='grc' dir='ltr'>κατηγορήσας</span> <span class='ocrx_word' id='word_1_669' title='bbox 2841 2164 3019 2217; x_wconf 83' lang='grc' dir='ltr'>αὐτῶν</span> <span class='ocrx_word' id='word_1_670' title='bbox 3047 2165 3143 2234; x_wconf 89' lang='grc' dir='ltr'>τῆς</span> <span class='ocrx_word' id='word_1_671' title='bbox 3170 2163 3508 2233; x_wconf 89' lang='grc' dir='ltr'>παρανομίας</span> <span class='ocrx_word' id='word_1_672' title='bbox 3526 2204 3538 2222; x_wconf 88' lang='grc'><strong>.</strong></span> <span class='ocrx_word' id='word_1_673' title='bbox 3583 2165 3677 2216; x_wconf 74' lang='grc' dir='ltr'>καὶ</span> 
     </span>
    </p>
   </div>
   <div class='ocr_carea' id='block_1_87' title="bbox 2020 2248 3675 2320">
    <p class='ocr_par' dir='ltr' id='par_1_87' title="bbox 2020 2248 3675 2320">
     <span class='ocr_line' id='line_1_89' title="bbox 2020 2248 3675 2320; baseline 0 -19"><span class='ocrx_word' id='word_1_674' title='bbox 2020 2248 2117 2316; x_wconf 88' lang='grc' dir='ltr'>τῆς</span> <span class='ocrx_word' id='word_1_675' title='bbox 2142 2249 2326 2301; x_wconf 87' lang='grc' dir='ltr'>ἀδίκου</span> <span class='ocrx_word' id='word_1_676' title='bbox 2358 2250 2571 2318; x_wconf 86' lang='grc' dir='ltr'>σφαγῆς</span> <span class='ocrx_word' id='word_1_677' title='bbox 2596 2252 2690 2320; x_wconf 90' lang='grc' dir='ltr'>τῆς</span> <span class='ocrx_word' id='word_1_678' title='bbox 2712 2252 2791 2313; x_wconf 85' lang='grc' dir='ltr'>εἰς</span> <span class='ocrx_word' id='word_1_679' title='bbox 2818 2252 2942 2312; x_wconf 79' lang='grc' dir='ltr'>τοὺς</span> <span class='ocrx_word' id='word_1_680' title='bbox 2966 2252 3260 2320; x_wconf 77' lang='grc' dir='ltr'>Σικημίτας</span> <span class='ocrx_word' id='word_1_681' title='bbox 3288 2249 3675 2319; x_wconf 79' lang='grc' dir='ltr'>γεγενημένης,</span> 
     </span>
    </p>
   </div>
   <div class='ocr_carea' id='block_1_88' title="bbox 2023 2336 3678 2406">
    <p class='ocr_par' dir='ltr' id='par_1_88' title="bbox 2023 2336 3678 2406">
     <span class='ocr_line' id='line_1_90' title="bbox 2023 2336 3678 2406; baseline 0.002 -20"><span class='ocrx_word' id='word_1_682' title='bbox 2023 2336 2223 2405; x_wconf 81' lang='grc' dir='ltr'>προϊών</span> <span class='ocrx_word' id='word_1_683' title='bbox 2258 2353 2424 2405; x_wconf 85' lang='grc' dir='ltr'>φησι·</span> <span class='ocrx_word' id='word_1_684' title='bbox 2469 2336 2743 2406; x_wconf 84' lang='grc' dir='ltr'>Διαμεριῶ</span> <span class='ocrx_word' id='word_1_685' title='bbox 2794 2338 3015 2403; x_wconf 82' lang='grc' dir='ltr'>αὐτοὺς</span> <span class='ocrx_word' id='word_1_686' title='bbox 3057 2339 3125 2389; x_wconf 87' lang='grc' dir='ltr'>ἑν</span> <span class='ocrx_word' id='word_1_687' title='bbox 3170 2338 3395 2401; x_wconf 80' lang='grc' dir='ltr'>Ἰακὼϐ,</span> <span class='ocrx_word' id='word_1_688' title='bbox 3429 2338 3524 2391; x_wconf 78' lang='grc' dir='ltr'>καί</span> <span class='ocrx_word' id='word_1_689' title='bbox 3556 2337 3678 2390; x_wconf 73' lang='grc' dir='ltr'>δια-</span> 
     </span>
    </p>
   </div>
   <div class='ocr_carea' id='block_1_89' title="bbox 2022 2422 3678 2492">
    <p class='ocr_par' dir='ltr' id='par_1_89' title="bbox 2022 2422 3678 2492">
     <span class='ocr_line' id='line_1_91' title="bbox 2022 2422 3678 2492; baseline 0.002 -19"><span class='ocrx_word' id='word_1_690' title='bbox 2022 2422 2219 2489; x_wconf 77' lang='grc' dir='ltr'>σπερῶ</span> <span class='ocrx_word' id='word_1_691' title='bbox 2244 2422 2461 2488; x_wconf 77' lang='grc' dir='ltr'>αὐτοὺς</span> <span class='ocrx_word' id='word_1_692' title='bbox 2482 2424 2550 2475; x_wconf 84' lang='grc' dir='ltr'>ἐν</span> <span class='ocrx_word' id='word_1_693' title='bbox 2593 2424 2849 2492; x_wconf 78' lang='grc' dir='ltr'>Ἰσραήλ.</span> <span class='ocrx_word' id='word_1_694' title='bbox 2893 2423 3061 2475; x_wconf 84' lang='grc' dir='ltr'>Τοῦτο</span> <span class='ocrx_word' id='word_1_695' title='bbox 3092 2423 3145 2476; x_wconf 84' lang='grc' dir='ltr'>δὲ</span> <span class='ocrx_word' id='word_1_696' title='bbox 3174 2424 3262 2475; x_wconf 69' lang='grc' dir='ltr'>ἐπὶ</span> <span class='ocrx_word' id='word_1_697' title='bbox 3294 2423 3385 2475; x_wconf 85' lang='grc' dir='ltr'>τοῦ</span> <span class='ocrx_word' id='word_1_698' title='bbox 3416 2422 3543 2477; x_wconf 86' lang='grc' dir='ltr'>Λευί</span> <span class='ocrx_word' id='word_1_699' title='bbox 3586 2424 3678 2476; x_wconf 79' lang='grc' dir='ltr'>καὶ</span> 
     </span>
    </p>
   </div>
   <div class='ocr_carea' id='block_1_90' title="bbox 2019 2506 3673 2579">
    <p class='ocr_par' dir='ltr' id='par_1_90' title="bbox 2019 2506 3673 2579">
     <span class='ocr_line' id='line_1_92' title="bbox 2019 2506 3673 2579; baseline 0.002 -21"><span class='ocrx_word' id='word_1_700' title='bbox 2019 2506 2112 2559; x_wconf 90' lang='grc' dir='ltr'>τοῦ</span> <span class='ocrx_word' id='word_1_701' title='bbox 2153 2508 2373 2576; x_wconf 88' lang='grc' dir='ltr'>Συμεὼν</span> <span class='ocrx_word' id='word_1_702' title='bbox 2422 2509 2589 2571; x_wconf 73' lang='grc' dir='ltr'>οὐδεὶς</span> <span class='ocrx_word' id='word_1_703' title='bbox 2626 2510 2691 2563; x_wconf 85' lang='grc' dir='ltr'>ἂν</span> <span class='ocrx_word' id='word_1_704' title='bbox 2728 2510 2824 2562; x_wconf 77' lang='grc' dir='ltr'>ἴδοι</span> <span class='ocrx_word' id='word_1_705' title='bbox 2878 2510 3258 2579; x_wconf 82' lang='grc' dir='ltr'>γεγενημένον,</span> <span class='ocrx_word' id='word_1_706' title='bbox 3284 2511 3395 2562; x_wconf 83' lang='grc' dir='ltr'>ἀλλ’</span> <span class='ocrx_word' id='word_1_707' title='bbox 3436 2511 3528 2562; x_wconf 73' lang='grc' dir='ltr'>ἐπὶ</span> <span class='ocrx_word' id='word_1_708' title='bbox 3565 2510 3673 2561; x_wconf 87' lang='grc' dir='ltr'>τῶν</span> 
     </span>
    </p>
   </div>
   <div class='ocr_carea' id='block_1_91' title="bbox 2020 2592 3676 2665">
    <p class='ocr_par' dir='ltr' id='par_1_91' title="bbox 2020 2592 3676 2665">
     <span class='ocr_line' id='line_1_93' title="bbox 2020 2592 3676 2665; baseline 0.003 -22"><span class='ocrx_word' id='word_1_709' title='bbox 2020 2592 2198 2659; x_wconf 85' lang='grc' dir='ltr'>φυλῶν</span> <span class='ocrx_word' id='word_1_710' title='bbox 2219 2592 2323 2645; x_wconf 83' lang='grc' dir='ltr'>τῶν</span> <span class='ocrx_word' id='word_1_711' title='bbox 2355 2593 2413 2657; x_wconf 79' lang='grc' dir='ltr'>ἐξ</span> <span class='ocrx_word' id='word_1_712' title='bbox 2438 2594 2636 2648; x_wconf 82' lang='grc' dir='ltr'>αὐτῶν.</span> <span class='ocrx_word' id='word_1_713' title='bbox 2676 2595 2784 2647; x_wconf 86' lang='lat' dir='ltr'>Kal</span> <span class='ocrx_word' id='word_1_714' title='bbox 2811 2594 2916 2664; x_wconf 87' lang='grc' dir='ltr'>γὰρ</span> <span class='ocrx_word' id='word_1_715' title='bbox 2944 2596 2975 2663; x_wconf 83' lang='grc' dir='ltr'>ἡ</span> <span class='ocrx_word' id='word_1_716' title='bbox 2999 2595 3090 2646; x_wconf 85' lang='grc' dir='ltr'>τοῦ</span> <span class='ocrx_word' id='word_1_717' title='bbox 3130 2592 3257 2647; x_wconf 81' lang='grc' dir='ltr'>Λευῖ</span> <span class='ocrx_word' id='word_1_718' title='bbox 3290 2594 3425 2665; x_wconf 83' lang='grc' dir='ltr'>φυλὴ</span> <span class='ocrx_word' id='word_1_719' title='bbox 3452 2594 3676 2648; x_wconf 77' lang='grc' dir='ltr'>διεσπάο</span> 
     </span>
    </p>
   </div>
   <div class='ocr_carea' id='block_1_92' title="bbox 2024 2680 3674 2752">
    <p class='ocr_par' dir='ltr' id='par_1_92' title="bbox 2024 2680 3674 2752">
     <span class='ocr_line' id='line_1_94' title="bbox 2024 2680 3674 2752; baseline 0.001 -21"><span class='ocrx_word' id='word_1_720' title='bbox 2024 2696 2110 2747; x_wconf 85' lang='grc' dir='ltr'>ρη,</span> <span class='ocrx_word' id='word_1_721' title='bbox 2157 2680 2216 2731; x_wconf 88' lang='lat'>16</span> <span class='ocrx_word' id='word_1_722' title='bbox 2246 2680 2468 2733; x_wconf 79' lang='grc' dir='ltr'>δέκατον</span> <span class='ocrx_word' id='word_1_723' title='bbox 2521 2682 2679 2751; x_wconf 81' lang='grc' dir='ltr'>μέρος</span> <span class='ocrx_word' id='word_1_724' title='bbox 2728 2682 2893 2750; x_wconf 79' lang='grc' dir='ltr'>αὐτῆς</span> <span class='ocrx_word' id='word_1_725' title='bbox 2938 2682 3174 2749; x_wconf 71' lang='grc' dir='ltr'>ἑκάστης</span> <span class='ocrx_word' id='word_1_726' title='bbox 3214 2682 3381 2750; x_wconf 82' lang='grc' dir='ltr'>φυλῆς</span> <span class='ocrx_word' id='word_1_727' title='bbox 3415 2681 3674 2752; x_wconf 70' lang='grc' dir='ltr'>ἐχούσης⁹</span> 
     </span>
    </p>
   </div>
   <div class='ocr_carea' id='block_1_93' title="bbox 2018 2764 3680 2835">
    <p class='ocr_par' dir='ltr' id='par_1_93' title="bbox 2018 2764 3680 2835">
     <span class='ocr_line' id='line_1_95' title="bbox 2018 2764 3680 2835; baseline 0.003 -20"><span class='ocrx_word' id='word_1_728' title='bbox 2018 2766 2053 2831; x_wconf 75' lang='grc' dir='ltr'>ἦ</span> <span class='ocrx_word' id='word_1_729' title='bbox 2085 2781 2143 2815; x_wconf 88' lang='grc' dir='ltr'>τε</span> <span class='ocrx_word' id='word_1_730' title='bbox 2190 2764 2281 2816; x_wconf 89' lang='grc' dir='ltr'>τοῦ</span> <span class='ocrx_word' id='word_1_731' title='bbox 2320 2765 2562 2834; x_wconf 88' lang='grc' dir='ltr'>Συμεὼν,</span> <span class='ocrx_word' id='word_1_732' title='bbox 2609 2768 2728 2835; x_wconf 81' lang='grc' dir='ltr'>ἥτις</span> <span class='ocrx_word' id='word_1_733' title='bbox 2776 2767 2835 2818; x_wconf 85' lang='grc' dir='ltr'>τὸ</span> <span class='ocrx_word' id='word_1_734' title='bbox 2876 2767 3005 2818; x_wconf 77' lang='grc' dir='ltr'>αὐτὸ</span> <span class='ocrx_word' id='word_1_735' title='bbox 3035 2766 3217 2835; x_wconf 79' lang='grc' dir='ltr'>σχεδὸν</span> <span class='ocrx_word' id='word_1_736' title='bbox 3256 2768 3443 2829; x_wconf 75' lang='grc' dir='ltr'>ἔπαθε,</span> <span class='ocrx_word' id='word_1_737' title='bbox 3478 2767 3680 2829; x_wconf 84' lang='grc' dir='ltr'>πάσαις</span> 
     </span>
    </p>
   </div>
   <div class='ocr_carea' id='block_1_94' title="bbox 2020 2852 3681 2923">
    <p class='ocr_par' dir='ltr' id='par_1_94' title="bbox 2020 2852 3681 2923">
     <span class='ocr_line' id='line_1_96' title="bbox 2020 2852 3681 2923; baseline 0.001 -18"><span class='ocrx_word' id='word_1_738' title='bbox 2020 2854 2206 2914; x_wconf 79' lang='grc' dir='ltr'>αὑταῖς</span> <span class='ocrx_word' id='word_1_739' title='bbox 2253 2852 2651 2921; x_wconf 87' lang='grc' dir='ltr'>παρεκταθεῖσα</span> <span class='ocrx_word' id='word_1_740' title='bbox 2709 2854 2847 2907; x_wconf 83' lang='grc' dir='ltr'>κατά</span> <span class='ocrx_word' id='word_1_741' title='bbox 2897 2854 2987 2905; x_wconf 63' lang='grc' dir='ltr'>τὸν</span> <span class='ocrx_word' id='word_1_742' title='bbox 3044 2854 3265 2922; x_wconf 85' lang='grc' dir='ltr'>κλῆρον,</span> <span class='ocrx_word' id='word_1_743' title='bbox 3312 2854 3405 2906; x_wconf 72' lang='grc' dir='ltr'>καί¹</span> <span class='ocrx_word' id='word_1_744' title='bbox 3458 2854 3576 2923; x_wconf 74' lang='grc' dir='ltr'>οὐχ,</span> <span class='ocrx_word' id='word_1_745' title='bbox 3605 2854 3681 2918; x_wconf 82' lang='grc' dir='ltr'>ὡς</span> 
     </span>
    </p>
   </div>
   <div class='ocr_carea' id='block_1_95' title="bbox 2020 2938 3678 3010">
    <p class='ocr_par' dir='ltr' id='par_1_95' title="bbox 2020 2938 3678 3010">
     <span class='ocr_line' id='line_1_97' title="bbox 2020 2938 3678 3010; baseline 0.002 -20"><span class='ocrx_word' id='word_1_746' title='bbox 2020 2938 2221 3008; x_wconf 76' lang='grc' dir='ltr'>ἑκάστη</span> <span class='ocrx_word' id='word_1_747' title='bbox 2258 2939 2362 2991; x_wconf 83' lang='grc' dir='ltr'>τῶν</span> <span class='ocrx_word' id='word_1_748' title='bbox 2411 2939 2604 3003; x_wconf 83' lang='grc' dir='ltr'>ἄλλων,</span> <span class='ocrx_word' id='word_1_749' title='bbox 2639 2940 2986 3009; x_wconf 86' lang='grc' dir='ltr'>συνημμένην</span> <span class='ocrx_word' id='word_1_750' title='bbox 3013 2940 3173 2991; x_wconf 73' lang='grc' dir='ltr'>ἔλαϐε</span> <span class='ocrx_word' id='word_1_751' title='bbox 3212 2940 3307 3009; x_wconf 83' lang='grc' dir='ltr'>τὴν</span> <span class='ocrx_word' id='word_1_752' title='bbox 3332 2939 3678 3010; x_wconf 83' lang='grc' dir='ltr'>κληρουχίαν.</span> 
     </span>
    </p>
   </div>
   <div class='ocr_carea' id='block_1_96' title="bbox 2020 3026 3682 3097">
    <p class='ocr_par' dir='ltr' id='par_1_96' title="bbox 2020 3026 3682 3097">
     <span class='ocr_line' id='line_1_98' title="bbox 2020 3026 3682 3097; baseline 0.002 -19"><span class='ocrx_word' id='word_1_753' title='bbox 2020 3026 2113 3078; x_wconf 77' lang='grc' dir='ltr'>καὶ</span> <span class='ocrx_word' id='word_1_754' title='bbox 2142 3026 2275 3095; x_wconf 87' lang='grc' dir='ltr'>πρὸς</span> <span class='ocrx_word' id='word_1_755' title='bbox 2302 3026 2496 3096; x_wconf 78' lang='grc' dir='ltr'>ἑαυτὴν</span> <span class='ocrx_word' id='word_1_756' title='bbox 2532 3027 3063 3097; x_wconf 81' lang='grc' dir='ltr'>συγκεκροτημένην.</span> <span class='ocrx_word' id='word_1_757' title='bbox 3092 3029 3197 3080; x_wconf 89' lang='lat' dir='ltr'>Kal</span> <span class='ocrx_word' id='word_1_758' title='bbox 3229 3030 3256 3079; x_wconf 90' lang='lat'>6</span> <span class='ocrx_word' id='word_1_759' title='bbox 3298 3026 3493 3080; x_wconf 88' lang='grc' dir='ltr'>Ἰακὼϐ</span> <span class='ocrx_word' id='word_1_760' title='bbox 3525 3027 3682 3091; x_wconf 69' lang='grc' dir='ltr'>δεξά-</span> 
     </span>
    </p>
   </div>
   <div class='ocr_carea' id='block_1_97' title="bbox 2021 3113 3679 3183">
    <p class='ocr_par' dir='ltr' id='par_1_97' title="bbox 2021 3113 3679 3183">
     <span class='ocr_line' id='line_1_99' title="bbox 2021 3113 3679 3183; baseline 0.001 -18"><span class='ocrx_word' id='word_1_761' title='bbox 2021 3130 2179 3182; x_wconf 86' lang='grc' dir='ltr'>μενος</span> <span class='ocrx_word' id='word_1_762' title='bbox 2211 3113 2455 3181; x_wconf 79' lang='grc' dir='ltr'>εὐλογίας</span> <span class='ocrx_word' id='word_1_763' title='bbox 2494 3114 2645 3183; x_wconf 80' lang='grc' dir='ltr'>παρὰ</span> <span class='ocrx_word' id='word_1_764' title='bbox 2676 3113 2768 3166; x_wconf 88' lang='grc' dir='ltr'>τοῦ</span> <span class='ocrx_word' id='word_1_765' title='bbox 2804 3116 3004 3183; x_wconf 73' lang='grc' dir='ltr'>πατρὸς</span> <span class='ocrx_word' id='word_1_766' title='bbox 3038 3115 3289 3183; x_wconf 80' lang='grc' dir='ltr'>οὐδεμιᾶς</span> <span class='ocrx_word' id='word_1_767' title='bbox 3336 3114 3511 3167; x_wconf 78' lang='grc' dir='ltr'>αὐτῶν</span> <span class='ocrx_word' id='word_1_768' title='bbox 3572 3116 3679 3167; x_wconf 66' lang='grc' dir='ltr'>ἀπο</span> 
     </span>
    </p>
   </div>
   <div class='ocr_carea' id='block_1_98' title="bbox 2019 3199 3679 3271">
    <p class='ocr_par' dir='ltr' id='par_1_98' title="bbox 2019 3199 3679 3271">
     <span class='ocr_line' id='line_1_100' title="bbox 2019 3199 3679 3271; baseline 0.001 -19"><span class='ocrx_word' id='word_1_769' title='bbox 2019 3200 2247 3270; x_wconf 87' lang='grc' dir='ltr'>ήλαυσεν</span> <span class='ocrx_word' id='word_1_770' title='bbox 2273 3201 2451 3265; x_wconf 80' lang='grc' dir='ltr'>αὑτός.</span> <span class='ocrx_word' id='word_1_771' title='bbox 2471 3202 2527 3253; x_wconf 89' lang='lat'>&#39;0</span> <span class='ocrx_word' id='word_1_772' title='bbox 2552 3201 2649 3270; x_wconf 80' lang='grc' dir='ltr'>μὲν</span> <span class='ocrx_word' id='word_1_773' title='bbox 2672 3202 2778 3268; x_wconf 76' lang='grc' dir='ltr'>γὰρ</span> <span class='ocrx_word' id='word_1_774' title='bbox 2806 3203 2984 3270; x_wconf 86' lang='grc' dir='ltr'>πατὴρ</span> <span class='ocrx_word' id='word_1_775' title='bbox 3002 3200 3162 3253; x_wconf 82' lang='grc' dir='ltr'>αὐτοῦ</span> <span class='ocrx_word' id='word_1_776' title='bbox 3180 3199 3471 3270; x_wconf 78' lang='grc' dir='ltr'>προύλεγεν</span> <span class='ocrx_word' id='word_1_777' title='bbox 3496 3202 3679 3271; x_wconf 84' lang='grc' dir='ltr'>εύετη-</span> 
     </span>
    </p>
   </div>
   <div class='ocr_carea' id='block_1_99' title="bbox 2020 3284 3679 3361">
    <p class='ocr_par' dir='ltr' id='par_1_99' title="bbox 2020 3284 3679 3361">
     <span class='ocr_line' id='line_1_101' title="bbox 2020 3284 3679 3361; baseline 0 -20"><span class='ocrx_word' id='word_1_778' title='bbox 2020 3291 2140 3360; x_wconf 87' lang='grc' dir='ltr'>ρίαν</span> <span class='ocrx_word' id='word_1_779' title='bbox 2174 3291 2392 3361; x_wconf 83' lang='grc' dir='ltr'>πολλὴν,</span> <span class='ocrx_word' id='word_1_780' title='bbox 2422 3292 2514 3343; x_wconf 75' lang='grc' dir='ltr'>καί⁹</span> <span class='ocrx_word' id='word_1_781' title='bbox 2550 3292 2765 3361; x_wconf 83' lang='grc' dir='ltr'>διηνεκῆ</span> <span class='ocrx_word' id='word_1_782' title='bbox 2796 3290 3107 3343; x_wconf 83' lang='grc' dir='ltr'>δεσποτείαν</span> <span class='ocrx_word' id='word_1_783' title='bbox 3143 3289 3236 3342; x_wconf 88' lang='grc' dir='ltr'>τοῦ</span> <span class='ocrx_word' id='word_1_784' title='bbox 3287 3290 3458 3342; x_wconf 80' lang='grc' dir='ltr'>Ἠσαῦ</span> <span class='ocrx_word' id='word_1_785' title='bbox 3481 3308 3495 3321; x_wconf 89' lang='grc'><strong>·</strong></span> <span class='ocrx_word' id='word_1_786' title='bbox 3529 3284 3679 3353; x_wconf 76' lang='grc' dir='ltr'>οὗτος</span> 
     </span>
    </p>
   </div>
   <div class='ocr_carea' id='block_1_100' title="bbox 2017 3375 3677 3446">
    <p class='ocr_par' dir='ltr' id='par_1_100' title="bbox 2017 3375 3677 3446">
     <span class='ocr_line' id='line_1_102' title="bbox 2017 3375 3677 3446; baseline 0 -19"><span class='ocrx_word' id='word_1_787' title='bbox 2017 3376 2073 3428; x_wconf 82' lang='grc' dir='ltr'>δὲ</span> <span class='ocrx_word' id='word_1_788' title='bbox 2110 3377 2202 3428; x_wconf 77' lang='grc' dir='ltr'>καὶ</span> <span class='ocrx_word' id='word_1_789' title='bbox 2234 3377 2339 3428; x_wconf 84' lang='grc' dir='ltr'>τῶν</span> <span class='ocrx_word' id='word_1_790' title='bbox 2370 3377 2677 3443; x_wconf 84' lang='grc' dir='ltr'>ἀναγκαίων</span> <span class='ocrx_word' id='word_1_791' title='bbox 2718 3377 2932 3446; x_wconf 78' lang='grc' dir='ltr'>ἠπόρει,</span> <span class='ocrx_word' id='word_1_792' title='bbox 2968 3376 3061 3429; x_wconf 75' lang='grc' dir='ltr'>καὶ</span> <span class='ocrx_word' id='word_1_793' title='bbox 3118 3375 3355 3444; x_wconf 88' lang='grc' dir='ltr'>θητεύων</span> <span class='ocrx_word' id='word_1_794' title='bbox 3400 3376 3677 3445; x_wconf 86' lang='grc' dir='ltr'>ἐτρέφετο,</span> 
     </span>
    </p>
   </div>
   <div class='ocr_carea' id='block_1_101' title="bbox 2019 3460 3679 3532">
    <p class='ocr_par' dir='ltr' id='par_1_101' title="bbox 2019 3460 3679 3532">
     <span class='ocr_line' id='line_1_103' title="bbox 2019 3460 3679 3532; baseline 0.002 -20"><span class='ocrx_word' id='word_1_795' title='bbox 2019 3460 2111 3513; x_wconf 74' lang='grc' dir='ltr'>καὶ</span> <span class='ocrx_word' id='word_1_796' title='bbox 2136 3461 2385 3513; x_wconf 89' lang='grc' dir='ltr'>τοσοῦτον</span> <span class='ocrx_word' id='word_1_797' title='bbox 2412 3462 2614 3529; x_wconf 86' lang='grc' dir='ltr'>ἀπέσχε</span> <span class='ocrx_word' id='word_1_798' title='bbox 2650 3462 2917 3531; x_wconf 86' lang='grc' dir='ltr'>κρατῆσαι</span> <span class='ocrx_word' id='word_1_799' title='bbox 2946 3461 3226 3527; x_wconf 87' lang='grc' dir='ltr'>τάδελφοῦ,</span> <span class='ocrx_word' id='word_1_800' title='bbox 3244 3463 3323 3514; x_wconf 81' lang='grc' dir='ltr'>ὅτι</span> <span class='ocrx_word' id='word_1_801' title='bbox 3353 3461 3416 3530; x_wconf 82' lang='grc' dir='ltr'>δὴ</span> <span class='ocrx_word' id='word_1_802' title='bbox 3445 3462 3537 3514; x_wconf 71' lang='grc' dir='ltr'>καὶ</span> <span class='ocrx_word' id='word_1_803' title='bbox 3554 3462 3679 3532; x_wconf 82' lang='grc' dir='ltr'>περί</span> 
     </span>
    </p>
   </div>
   <div class='ocr_carea' id='block_1_102' title="bbox 2017 3548 3680 3618">
    <p class='ocr_par' dir='ltr' id='par_1_102' title="bbox 2017 3548 3680 3618">
     <span class='ocr_line' id='line_1_104' title="bbox 2017 3548 3680 3618; baseline 0.001 -18"><span class='ocrx_word' id='word_1_804' title='bbox 2017 3548 2193 3601; x_wconf 83' lang='grc' dir='ltr'>αὐτῶν</span> <span class='ocrx_word' id='word_1_805' title='bbox 2221 3548 2521 3601; x_wconf 73' lang='grc' dir='ltr'>ἐκινδύνευε</span> <span class='ocrx_word' id='word_1_806' title='bbox 2557 3548 2663 3601; x_wconf 82' lang='grc' dir='ltr'>τῶν</span> <span class='ocrx_word' id='word_1_807' title='bbox 2705 3550 2942 3617; x_wconf 78' lang='grc' dir='ltr'>ἐσχάτων</span> <span class='ocrx_word' id='word_1_808' title='bbox 2962 3589 2977 3612; x_wconf 93' lang='grc'>,</span> <span class='ocrx_word' id='word_1_809' title='bbox 3005 3548 3096 3601; x_wconf 76' lang='grc' dir='ltr'>καὶ</span> <span class='ocrx_word' id='word_1_810' title='bbox 3126 3549 3271 3612; x_wconf 77' lang='grc' dir='ltr'>ἅπαξ</span> <span class='ocrx_word' id='word_1_811' title='bbox 3301 3550 3446 3618; x_wconf 86' lang='grc' dir='ltr'>αύτῴ</span> <span class='ocrx_word' id='word_1_812' title='bbox 3488 3567 3680 3602; x_wconf 84' lang='grc' dir='ltr'>συντυ-</span> 
     </span>
    </p>
   </div>
   <div class='ocr_carea' id='block_1_103' title="bbox 2017 3635 3680 3707">
    <p class='ocr_par' dir='ltr' id='par_1_103' title="bbox 2017 3635 3680 3707">
     <span class='ocr_line' id='line_1_105' title="bbox 2017 3635 3680 3707; baseline 0.001 -20"><span class='ocrx_word' id='word_1_813' title='bbox 2017 3635 2127 3704; x_wconf 85' lang='grc' dir='ltr'>χὼν</span> <span class='ocrx_word' id='word_1_814' title='bbox 2183 3636 2340 3705; x_wconf 86' lang='grc' dir='ltr'>μόνον</span> <span class='ocrx_word' id='word_1_815' title='bbox 2400 3636 2536 3704; x_wconf 81' lang='grc' dir='ltr'>μετὰ</span> <span class='ocrx_word' id='word_1_816' title='bbox 2568 3636 2759 3689; x_wconf 89' lang='grc' dir='ltr'>πολλοῦ</span> <span class='ocrx_word' id='word_1_817' title='bbox 2808 3636 2899 3689; x_wconf 88' lang='grc' dir='ltr'>τοῦ</span> <span class='ocrx_word' id='word_1_818' title='bbox 2929 3636 3112 3699; x_wconf 87' lang='grc' dir='ltr'>δέους,</span> <span class='ocrx_word' id='word_1_819' title='bbox 3149 3637 3399 3707; x_wconf 73' lang='grc' dir='ltr'>ἠγάπησε</span> <span class='ocrx_word' id='word_1_820' title='bbox 3432 3639 3492 3689; x_wconf 86' lang='lat'>16</span> <span class='ocrx_word' id='word_1_821' title='bbox 3523 3639 3680 3707; x_wconf 88' lang='grc' dir='ltr'>δυνη-</span> 
     </span>
    </p>
   </div>
   <div class='ocr_carea' id='block_1_104' title="bbox 2018 3721 3679 3793">
    <p class='ocr_par' dir='ltr' id='par_1_104' title="bbox 2018 3721 3679 3793">
     <span class='ocr_line' id='line_1_106' title="bbox 2018 3721 3679 3793; baseline 0.002 -19"><span class='ocrx_word' id='word_1_822' title='bbox 2018 3721 2466 3790; x_wconf 83' lang='grc' dir='ltr'>θῆναιδιαφυγὼν</span> <span class='ocrx_word' id='word_1_823' title='bbox 2495 3724 2654 3775; x_wconf 76' lang='grc' dir='ltr'>αὑτὸν</span> <span class='ocrx_word' id='word_1_824' title='bbox 2694 3724 2786 3775; x_wconf 75' lang='grc' dir='ltr'>καὶ</span> <span class='ocrx_word' id='word_1_825' title='bbox 2820 3724 3073 3793; x_wconf 85' lang='grc' dir='ltr'>σωθῆναι.</span> <span class='ocrx_word' id='word_1_826' title='bbox 3102 3725 3167 3775; x_wconf 69' lang='lat' dir='ltr'><strong>&#39;l&#39;l</strong></span> <span class='ocrx_word' id='word_1_827' title='bbox 3196 3721 3286 3775; x_wconf 82' lang='grc' dir='ltr'>οῦν</span> <span class='ocrx_word' id='word_1_828' title='bbox 3329 3724 3393 3776; x_wconf 77' lang='grc' dir='ltr'>ἂν</span> <span class='ocrx_word' id='word_1_829' title='bbox 3433 3725 3679 3793; x_wconf 79' lang='grc' dir='ltr'>εἴποιμεν</span> 
     </span>
    </p>
   </div>
   <div class='ocr_carea' id='block_1_105' title="bbox 2017 3808 3678 3880">
    <p class='ocr_par' dir='ltr' id='par_1_105' title="bbox 2017 3808 3678 3880">
     <span class='ocr_line' id='line_1_107' title="bbox 2017 3808 3678 3880; baseline 0.003 -20"><span class='ocrx_word' id='word_1_830' title='bbox 2017 3810 2152 3877; x_wconf 78' lang='grc' dir='ltr'>πρὸς</span> <span class='ocrx_word' id='word_1_831' title='bbox 2188 3808 2389 3871; x_wconf 89' lang='grc' dir='ltr'>ταῦτα;</span> <span class='ocrx_word' id='word_1_832' title='bbox 2417 3809 2495 3861; x_wconf 81' lang='grc' dir='ltr'>ὅτι</span> <span class='ocrx_word' id='word_1_833' title='bbox 2519 3810 2707 3877; x_wconf 69' lang='grc' dir='ltr'>ψεῦδος</span> <span class='ocrx_word' id='word_1_834' title='bbox 2737 3811 2771 3879; x_wconf 79' lang='grc' dir='ltr'>ἡ</span> <span class='ocrx_word' id='word_1_835' title='bbox 2804 3811 3138 3880; x_wconf 79' lang='grc' dir='ltr'>προφητείας</span> <span class='ocrx_word' id='word_1_836' title='bbox 3175 3812 3384 3875; x_wconf 72' lang='grc' dir='ltr'>’Λπαγε</span> <span class='ocrx_word' id='word_1_837' title='bbox 3404 3827 3417 3841; x_wconf 86' lang='grc'>·</span> <span class='ocrx_word' id='word_1_838' title='bbox 3453 3812 3563 3864; x_wconf 85' lang='grc' dir='ltr'>ἀλλ’</span> <span class='ocrx_word' id='word_1_839' title='bbox 3596 3813 3678 3865; x_wconf 76' lang='grc' dir='ltr'>ὅτι</span> 
     </span>
    </p>
   </div>
   <div class='ocr_carea' id='block_1_106' title="bbox 2016 3895 3678 3966">
    <p class='ocr_par' dir='ltr' id='par_1_106' title="bbox 2016 3895 3678 3966">
     <span class='ocr_line' id='line_1_108' title="bbox 2016 3895 3678 3966; baseline 0.001 -20"><span class='ocrx_word' id='word_1_840' title='bbox 2016 3896 2251 3948; x_wconf 84' lang='grc' dir='ltr'>τοιοῦτον</span> <span class='ocrx_word' id='word_1_841' title='bbox 2277 3896 2444 3963; x_wconf 74' lang='grc' dir='ltr'>αὐτῆς</span> <span class='ocrx_word' id='word_1_842' title='bbox 2464 3895 2728 3964; x_wconf 89' lang='grc' dir='ltr'>πολλαχοῦ</span> <span class='ocrx_word' id='word_1_843' title='bbox 2762 3896 2821 3948; x_wconf 88' lang='lat'>16</span> <span class='ocrx_word' id='word_1_844' title='bbox 2858 3896 2996 3959; x_wconf 76' lang='grc' dir='ltr'>ἔθος,</span> <span class='ocrx_word' id='word_1_845' title='bbox 3029 3896 3094 3948; x_wconf 76' lang='grc' dir='ltr'>τὰ</span> <span class='ocrx_word' id='word_1_846' title='bbox 3125 3896 3208 3961; x_wconf 80' lang='grc' dir='ltr'>ἐφ’</span> <span class='ocrx_word' id='word_1_847' title='bbox 3242 3896 3483 3965; x_wconf 74' lang='grc' dir='ltr'>ἐτέρωνε</span> <span class='ocrx_word' id='word_1_848' title='bbox 3516 3896 3678 3966; x_wconf 66' lang='grc' dir='ltr'>ἐκϐης</span> 
     </span>
    </p>
   </div>
   <div class='ocr_carea' id='block_1_107' title="bbox 2020 3984 3676 4052">
    <p class='ocr_par' dir='ltr' id='par_1_107' title="bbox 2020 3984 3676 4052">
     <span class='ocr_line' id='line_1_109' title="bbox 2020 3984 3676 4052; baseline 0.002 -19"><span class='ocrx_word' id='word_1_849' title='bbox 2020 3984 2217 4051; x_wconf 87' lang='grc' dir='ltr'>σόμενα</span> <span class='ocrx_word' id='word_1_850' title='bbox 2271 3984 2470 4052; x_wconf 80' lang='grc' dir='ltr'>ἐτέρων</span> <span class='ocrx_word' id='word_1_851' title='bbox 2532 3984 2899 4051; x_wconf 79' lang='grc' dir='ltr'>ὑποκειμένων</span> <span class='ocrx_word' id='word_1_852' title='bbox 2956 3985 3263 4051; x_wconf 78' lang='grc' dir='ltr'>προσώπων</span> <span class='ocrx_word' id='word_1_853' title='bbox 3317 3984 3512 4049; x_wconf 85' lang='grc' dir='ltr'>λέγειν,</span> <span class='ocrx_word' id='word_1_854' title='bbox 3582 3987 3676 4037; x_wconf 71' lang='grc' dir='ltr'>καὶ</span> 
     </span>
    </p>
   </div>
   <div class='ocr_carea' id='block_1_108' title="bbox 2017 4069 3675 4139">
    <p class='ocr_par' dir='ltr' id='par_1_108' title="bbox 2017 4069 3675 4139">
     <span class='ocr_line' id='line_1_110' title="bbox 2017 4069 3675 4139; baseline 0.001 -18"><span class='ocrx_word' id='word_1_855' title='bbox 2017 4070 2416 4138; x_wconf 85' lang='grc' dir='ltr'>ἀποκεχρῆσθαι</span> <span class='ocrx_word' id='word_1_856' title='bbox 2447 4069 2699 4137; x_wconf 83' lang='grc' dir='ltr'>ὀνόμασιν</span> <span class='ocrx_word' id='word_1_857' title='bbox 2744 4070 2922 4131; x_wconf 82' lang='grc' dir='ltr'>ἄλλοις</span> <span class='ocrx_word' id='word_1_858' title='bbox 2968 4070 3083 4122; x_wconf 85' lang='grc' dir='ltr'>ἀνθ’</span> <span class='ocrx_word' id='word_1_859' title='bbox 3114 4070 3347 4139; x_wconf 77' lang='grc' dir='ltr'>ἐτέρων*</span> <span class='ocrx_word' id='word_1_860' title='bbox 3384 4069 3412 4121; x_wconf 82' lang='grc' dir='ltr'>ὃ</span> <span class='ocrx_word' id='word_1_861' title='bbox 3445 4072 3538 4122; x_wconf 79' lang='grc' dir='ltr'>καὶ</span> <span class='ocrx_word' id='word_1_862' title='bbox 3583 4072 3675 4122; x_wconf 77' lang='grc' dir='ltr'>ἐπὶ</span> 
     </span>
    </p>
   </div>
   <div class='ocr_carea' id='block_1_109' title="bbox 2015 4155 3675 4225">
    <p class='ocr_par' dir='ltr' id='par_1_109' title="bbox 2015 4155 3675 4225">
     <span class='ocr_line' id='line_1_111' title="bbox 2015 4155 3675 4225; baseline 0.003 -20"><span class='ocrx_word' id='word_1_863' title='bbox 2015 4155 2108 4207; x_wconf 88' lang='grc' dir='ltr'>τοῦ</span> <span class='ocrx_word' id='word_1_864' title='bbox 2139 4156 2351 4207; x_wconf 82' lang='grc' dir='ltr'>Χαναὰν</span> <span class='ocrx_word' id='word_1_865' title='bbox 2386 4155 2621 4221; x_wconf 86' lang='grc' dir='ltr'>γέγονεν.</span> <span class='ocrx_word' id='word_1_866' title='bbox 2655 4155 2786 4207; x_wconf 80' lang='grc' dir='ltr'>Οὐδὲ</span> <span class='ocrx_word' id='word_1_867' title='bbox 2832 4155 2941 4225; x_wconf 84' lang='grc' dir='ltr'>γὰρ</span> <span class='ocrx_word' id='word_1_868' title='bbox 2969 4158 3181 4225; x_wconf 79' lang='grc' dir='ltr'>ὁρῶμεν</span> <span class='ocrx_word' id='word_1_869' title='bbox 3222 4159 3424 4209; x_wconf 77' lang='grc' dir='ltr'>ἐκεῖνον</span> <span class='ocrx_word' id='word_1_870' title='bbox 3461 4157 3675 4210; x_wconf 82' lang='grc' dir='ltr'>δουλεύ-</span> 
     </span>
    </p>
   </div>
   <div class='ocr_carea' id='block_1_110' title="bbox 2019 4242 3671 4311">
    <p class='ocr_par' dir='ltr' id='par_1_110' title="bbox 2019 4242 3671 4311">
     <span class='ocr_line' id='line_1_112' title="bbox 2019 4242 3671 4311; baseline 0.002 -18"><span class='ocrx_word' id='word_1_871' title='bbox 2019 4259 2183 4295; x_wconf 89' lang='grc' dir='ltr'>σαντα</span> <span class='ocrx_word' id='word_1_872' title='bbox 2210 4244 2320 4303; x_wconf 88' lang='grc' dir='ltr'>τοῖς</span> <span class='ocrx_word' id='word_1_873' title='bbox 2348 4242 2688 4308; x_wconf 80' lang='grc' dir='ltr'>ἀδελφοῖς,ού</span> <span class='ocrx_word' id='word_1_874' title='bbox 2722 4242 2825 4311; x_wconf 86' lang='grc' dir='ltr'>μὴν</span> <span class='ocrx_word' id='word_1_875' title='bbox 2853 4242 2971 4293; x_wconf 79' lang='grc' dir='ltr'>οὐδὲ</span> <span class='ocrx_word' id='word_1_876' title='bbox 2993 4244 3087 4311; x_wconf 87' lang='grc' dir='ltr'>τὴν</span> <span class='ocrx_word' id='word_1_877' title='bbox 3124 4242 3258 4311; x_wconf 84' lang='grc' dir='ltr'>ἀράν</span> <span class='ocrx_word' id='word_1_878' title='bbox 3292 4244 3671 4308; x_wconf 84' lang='grc' dir='ltr'>διαπεσοῦσαν,</span> 
     </span>
    </p>
   </div>
   <div class='ocr_carea' id='block_1_111' title="bbox 2017 4327 3671 4393">
    <p class='ocr_par' dir='ltr' id='par_1_111' title="bbox 2017 4327 3671 4393">
     <span class='ocr_line' id='line_1_113' title="bbox 2017 4327 3671 4393; baseline 0.002 -13"><span class='ocrx_word' id='word_1_879' title='bbox 2017 4328 2128 4381; x_wconf 82' lang='grc' dir='ltr'>ἀλλ’</span> <span class='ocrx_word' id='word_1_880' title='bbox 2164 4329 2253 4379; x_wconf 73' lang='grc' dir='ltr'>ἐπὶ</span> <span class='ocrx_word' id='word_1_881' title='bbox 2281 4328 2387 4379; x_wconf 84' lang='grc' dir='ltr'>τῶν</span> <span class='ocrx_word' id='word_1_882' title='bbox 2406 4328 2766 4380; x_wconf 85' lang='grc' dir='ltr'>Γαϐαιονιτῶν</span> <span class='ocrx_word' id='word_1_883' title='bbox 2792 4327 3058 4381; x_wconf 84' lang='grc' dir='ltr'>λαϐοῦσαν</span> <span class='ocrx_word' id='word_1_884' title='bbox 3091 4330 3149 4381; x_wconf 87' lang='lat'>16</span> <span class='ocrx_word' id='word_1_885' title='bbox 3175 4330 3322 4393; x_wconf 88' lang='grc' dir='ltr'>τέλος</span> <span class='ocrx_word' id='word_1_886' title='bbox 3344 4330 3450 4382; x_wconf 84' lang='grc' dir='ltr'>τῶν</span> <span class='ocrx_word' id='word_1_887' title='bbox 3472 4332 3534 4383; x_wconf 84' lang='grc' dir='ltr'>ἐκ</span> <span class='ocrx_word' id='word_1_888' title='bbox 3576 4330 3671 4383; x_wconf 89' lang='grc' dir='ltr'>τοῦ</span> 
     </span>
    </p>
   </div>
   <div class='ocr_carea' id='block_1_112' title="bbox 2018 4414 3671 4487">
    <p class='ocr_par' dir='ltr' id='par_1_112' title="bbox 2018 4414 3671 4487">
     <span class='ocr_line' id='line_1_114' title="bbox 2018 4414 3671 4487; baseline 0.004 -22"><span class='ocrx_word' id='word_1_889' title='bbox 2018 4414 2233 4466; x_wconf 75' lang='grc' dir='ltr'>Χαναὰν</span> <span class='ocrx_word' id='word_1_890' title='bbox 2287 4414 2599 4481; x_wconf 84' lang='grc' dir='ltr'>γεγονότων,</span> <span class='ocrx_word' id='word_1_891' title='bbox 2636 4417 2739 4468; x_wconf 86' lang='lat' dir='ltr'>Kal</span> <span class='ocrx_word' id='word_1_892' title='bbox 2779 4415 2885 4484; x_wconf 76' lang='grc' dir='ltr'>γὰρ</span> <span class='ocrx_word' id='word_1_893' title='bbox 2914 4417 2971 4468; x_wconf 87' lang='grc' dir='ltr'>ἐν</span> <span class='ocrx_word' id='word_1_894' title='bbox 3018 4417 3163 4481; x_wconf 77' lang='grc' dir='ltr'>τάξει</span> <span class='ocrx_word' id='word_1_895' title='bbox 3193 4419 3330 4485; x_wconf 78' lang='grc' dir='ltr'>ἀρᾶς</span> <span class='ocrx_word' id='word_1_896' title='bbox 3368 4418 3671 4487; x_wconf 86' lang='grc' dir='ltr'>προφητεία</span> 
     </span>
    </p>
   </div>
   <div class='ocr_carea' id='block_1_113' title="bbox 2015 4496 2497 4570">
    <p class='ocr_par' dir='ltr' id='par_1_113' title="bbox 2015 4496 2497 4570">
     <span class='ocr_line' id='line_1_115' title="bbox 2015 4496 2497 4570; baseline 0.004 -19"><span class='ocrx_word' id='word_1_897' title='bbox 2015 4500 2075 4551; x_wconf 82' lang='grc' dir='ltr'>τὸ</span> <span class='ocrx_word' id='word_1_898' title='bbox 2100 4500 2384 4569; x_wconf 89' lang='grc' dir='ltr'>λεγόμενον</span> <span class='ocrx_word' id='word_1_899' title='bbox 2408 4496 2497 4570; x_wconf 81' lang='grc' dir='ltr'>ῆν.</span> 
     </span>
    </p>
   </div>
   <div class='ocr_carea' id='block_1_114' title="bbox 2088 4604 3668 4680">
    <p class='ocr_par' dir='ltr' id='par_1_114' title="bbox 2088 4604 3668 4680">
     <span class='ocr_line' id='line_1_116' title="bbox 2088 4604 3668 4680; baseline 0.002 -23"><span class='ocrx_word' id='word_1_900' title='bbox 2088 4604 2201 4676; x_wconf 73' lang='lat'>[&#39;20]</span> <span class='ocrx_word' id='word_1_901' title='bbox 2243 4606 2307 4674; x_wconf 82' lang='grc' dir='ltr'>β’.</span> <span class='ocrx_word' id='word_1_902' title='bbox 2349 4606 2623 4658; x_wconf 89' lang='grc' dir='ltr'>Τοσούτων</span> <span class='ocrx_word' id='word_1_903' title='bbox 2661 4608 2832 4659; x_wconf 88' lang='grc' dir='ltr'>τοίνυν</span> <span class='ocrx_word' id='word_1_904' title='bbox 2871 4609 2963 4660; x_wconf 79' lang='grc' dir='ltr'>καὶ</span> <span class='ocrx_word' id='word_1_905' title='bbox 2994 4610 3243 4660; x_wconf 81' lang='grc' dir='ltr'>τοιούτων</span> <span class='ocrx_word' id='word_1_906' title='bbox 3281 4610 3447 4660; x_wconf 76' lang='grc' dir='ltr'>ὄντων</span> <span class='ocrx_word' id='word_1_907' title='bbox 3491 4626 3668 4680; x_wconf 88' lang='grc' dir='ltr'>παρα-</span> 
     </span>
    </p>
   </div>
   <div class='ocr_carea' id='block_1_115' title="bbox 2014 4692 3669 4762">
    <p class='ocr_par' dir='ltr' id='par_1_115' title="bbox 2014 4692 3669 4762">
     <span class='ocr_line' id='line_1_117' title="bbox 2014 4692 3669 4762; baseline 0.002 -17"><span class='ocrx_word' id='word_1_908' title='bbox 2014 4692 2321 4762; x_wconf 87' lang='grc' dir='ltr'>δειγμάτων</span> <span class='ocrx_word' id='word_1_909' title='bbox 2363 4693 2469 4746; x_wconf 85' lang='grc' dir='ltr'>τῶν</span> <span class='ocrx_word' id='word_1_910' title='bbox 2512 4694 2938 4745; x_wconf 86' lang='grc' dir='ltr'>ἀποδεικνύντων</span> <span class='ocrx_word' id='word_1_911' title='bbox 2970 4697 3099 4762; x_wconf 77' lang='grc' dir='ltr'>ἡμῖν</span> <span class='ocrx_word' id='word_1_912' title='bbox 3125 4735 3138 4757; x_wconf 89' lang='grc'>,</span> <span class='ocrx_word' id='word_1_913' title='bbox 3198 4696 3278 4746; x_wconf 80' lang='grc' dir='ltr'>ὅτι</span> <span class='ocrx_word' id='word_1_914' title='bbox 3341 4695 3509 4747; x_wconf 74' lang='grc' dir='ltr'>πολλὰ</span> <span class='ocrx_word' id='word_1_915' title='bbox 3562 4697 3669 4750; x_wconf 79' lang='grc' dir='ltr'>τῶν</span> 
     </span>
    </p>
   </div>
   <div class='ocr_carea' id='block_1_116' title="bbox 2014 4780 3667 4850">
    <p class='ocr_par' dir='ltr' id='par_1_116' title="bbox 2014 4780 3667 4850">
     <span class='ocr_line' id='line_1_118' title="bbox 2014 4780 3667 4850; baseline 0.004 -20"><span class='ocrx_word' id='word_1_916' title='bbox 2014 4781 2313 4849; x_wconf 83' lang='grc' dir='ltr'>εἰρημένων</span> <span class='ocrx_word' id='word_1_917' title='bbox 2366 4780 2575 4846; x_wconf 85' lang='grc' dir='ltr'>λέγεται</span> <span class='ocrx_word' id='word_1_918' title='bbox 2639 4780 2734 4847; x_wconf 84' lang='grc' dir='ltr'>μὲν</span> <span class='ocrx_word' id='word_1_919' title='bbox 2798 4781 2881 4847; x_wconf 78' lang='grc' dir='ltr'>ἐφ’</span> <span class='ocrx_word' id='word_1_920' title='bbox 2939 4782 3156 4850; x_wconf 78' lang='grc' dir='ltr'>ἑτέρων,</span> <span class='ocrx_word' id='word_1_921' title='bbox 3194 4781 3431 4833; x_wconf 83' lang='grc' dir='ltr'>ἐκϐαίνει</span> <span class='ocrx_word' id='word_1_922' title='bbox 3482 4784 3536 4835; x_wconf 81' lang='grc' dir='ltr'>δὲ</span> <span class='ocrx_word' id='word_1_923' title='bbox 3581 4785 3667 4836; x_wconf 74' lang='grc' dir='ltr'>ἐπ’</span> 
     </span>
    </p>
   </div>
   <div class='ocr_carea' id='block_1_117' title="bbox 2014 4866 3668 4936">
    <p class='ocr_par' dir='ltr' id='par_1_117' title="bbox 2014 4866 3668 4936">
     <span class='ocr_line' id='line_1_119' title="bbox 2014 4866 3668 4936; baseline 0.002 -17"><span class='ocrx_word' id='word_1_924' title='bbox 2014 4867 2203 4929; x_wconf 81' lang='grc' dir='ltr'>ἄλλων,</span> <span class='ocrx_word' id='word_1_925' title='bbox 2266 4866 2357 4917; x_wconf 71' lang='grc' dir='ltr'>καὶ</span> <span class='ocrx_word' id='word_1_926' title='bbox 2403 4866 2656 4933; x_wconf 80' lang='grc' dir='ltr'>ὀνόμασιν</span> <span class='ocrx_word' id='word_1_927' title='bbox 2715 4866 3111 4935; x_wconf 84' lang='grc' dir='ltr'>ἀποκέχρηνται</span> <span class='ocrx_word' id='word_1_928' title='bbox 3159 4868 3206 4918; x_wconf 87' lang='grc' dir='ltr'>οἰ</span> <span class='ocrx_word' id='word_1_929' title='bbox 3258 4868 3562 4936; x_wconf 79' lang='grc' dir='ltr'>προφῆται,</span> <span class='ocrx_word' id='word_1_930' title='bbox 3614 4871 3668 4923; x_wconf 87' lang='grc' dir='ltr'>τί</span> 
     </span>
    </p>
   </div>
   <div class='ocr_carea' id='block_1_118' title="bbox 2015 4951 3667 5023">
    <p class='ocr_par' dir='ltr' id='par_1_118' title="bbox 2015 4951 3667 5023">
     <span class='ocr_line' id='line_1_120' title="bbox 2015 4951 3667 5023; baseline 0.002 -20"><span class='ocrx_word' id='word_1_931' title='bbox 2015 4953 2318 5021; x_wconf 71' lang='grc' dir='ltr'>θαυμαστὸν</span> <span class='ocrx_word' id='word_1_932' title='bbox 2351 4954 2397 5002; x_wconf 91' lang='grc' dir='ltr'>εἰ</span> <span class='ocrx_word' id='word_1_933' title='bbox 2430 4952 2518 5002; x_wconf 72' lang='grc' dir='ltr'>καὶ</span> <span class='ocrx_word' id='word_1_934' title='bbox 2571 4951 2661 5003; x_wconf 86' lang='grc' dir='ltr'>νῦν</span> <span class='ocrx_word' id='word_1_935' title='bbox 2702 4951 2760 5003; x_wconf 85' lang='grc' dir='ltr'>τὸ</span> <span class='ocrx_word' id='word_1_936' title='bbox 2798 4952 2892 5021; x_wconf 83' lang='grc' dir='ltr'>τῆς</span> <span class='ocrx_word' id='word_1_937' title='bbox 2937 4952 3187 5015; x_wconf 83' lang='grc' dir='ltr'>Ἰουδαίας</span> <span class='ocrx_word' id='word_1_938' title='bbox 3219 4955 3307 5005; x_wconf 80' lang='grc' dir='ltr'>καὶ</span> <span class='ocrx_word' id='word_1_939' title='bbox 3341 4958 3434 5021; x_wconf 87' lang='grc' dir='ltr'>τῆς</span> <span class='ocrx_word' id='word_1_940' title='bbox 3474 4957 3667 5023; x_wconf 84' lang='grc' dir='ltr'>Ἰερου-</span> 
     </span>
    </p>
   </div>
   <div class='ocr_carea' id='block_1_119' title="bbox 2015 5039 3669 5109">
    <p class='ocr_par' dir='ltr' id='par_1_119' title="bbox 2015 5039 3669 5109">
     <span class='ocr_line' id='line_1_121' title="bbox 2015 5039 3669 5109; baseline 0.002 -20"><span class='ocrx_word' id='word_1_941' title='bbox 2015 5040 2191 5107; x_wconf 84' lang='grc' dir='ltr'>σαλὴμ</span> <span class='ocrx_word' id='word_1_942' title='bbox 2223 5039 2439 5106; x_wconf 71' lang='grc' dir='ltr'>προθεὶς</span> <span class='ocrx_word' id='word_1_943' title='bbox 2460 5040 2626 5106; x_wconf 69' lang='grc' dir='ltr'>ὄνομα</span> <span class='ocrx_word' id='word_1_944' title='bbox 2658 5041 2685 5091; x_wconf 91' lang='lat'>6</span> <span class='ocrx_word' id='word_1_945' title='bbox 2710 5041 3014 5108; x_wconf 79' lang='grc' dir='ltr'>προφήτης,</span> <span class='ocrx_word' id='word_1_946' title='bbox 3054 5041 3179 5109; x_wconf 83' lang='grc' dir='ltr'>περί</span> <span class='ocrx_word' id='word_1_947' title='bbox 3210 5043 3305 5108; x_wconf 85' lang='grc' dir='ltr'>τῆς</span> <span class='ocrx_word' id='word_1_948' title='bbox 3346 5042 3669 5109; x_wconf 74' lang='grc' dir='ltr'>Ἐκκλησίας</span> 
     </span>
    </p>
   </div>
   <div class='ocr_carea' id='block_1_120' title="bbox 2013 5126 3668 5195">
    <p class='ocr_par' dir='ltr' id='par_1_120' title="bbox 2013 5126 3668 5195">
     <span class='ocr_line' id='line_1_122' title="bbox 2013 5126 3668 5195; baseline 0.002 -20"><span class='ocrx_word' id='word_1_949' title='bbox 2013 5128 2416 5194; x_wconf 58' lang='grc' dir='ltr'>προαναφωνεῇ</span> <span class='ocrx_word' id='word_1_950' title='bbox 2453 5126 2560 5177; x_wconf 72' lang='grc' dir='ltr'>Καὶ</span> <span class='ocrx_word' id='word_1_951' title='bbox 2592 5127 2697 5195; x_wconf 85' lang='grc' dir='ltr'>γὰρ</span> <span class='ocrx_word' id='word_1_952' title='bbox 2732 5127 2913 5195; x_wconf 75' lang='grc' dir='ltr'>ἐπειδὴ</span> <span class='ocrx_word' id='word_1_953' title='bbox 2946 5126 3079 5195; x_wconf 80' lang='grc' dir='ltr'>πρὸς</span> <span class='ocrx_word' id='word_1_954' title='bbox 3114 5126 3429 5194; x_wconf 82' lang='grc' dir='ltr'>ἀγνώμονας</span> <span class='ocrx_word' id='word_1_955' title='bbox 3459 5130 3486 5179; x_wconf 91' lang='grc' dir='ltr'>ό</span> <span class='ocrx_word' id='word_1_956' title='bbox 3514 5128 3668 5195; x_wconf 85' lang='grc' dir='ltr'>λόγος</span> 
     </span>
    </p>
   </div>
   <div class='ocr_carea' id='block_1_121' title="bbox 2009 5208 3663 5281">
    <p class='ocr_par' dir='ltr' id='par_1_121' title="bbox 2009 5208 3663 5281">
     <span class='ocr_line' id='line_1_123' title="bbox 2009 5208 3663 5281; baseline 0.001 -19"><span class='ocrx_word' id='word_1_957' title='bbox 2009 5208 2075 5281; x_wconf 81' lang='grc' dir='ltr'>ἦν</span> <span class='ocrx_word' id='word_1_958' title='bbox 2112 5212 2274 5280; x_wconf 82' lang='grc' dir='ltr'>αὐτῷ,</span> <span class='ocrx_word' id='word_1_959' title='bbox 2307 5214 2581 5280; x_wconf 72' lang='grc' dir='ltr'>προφήτας</span> <span class='ocrx_word' id='word_1_960' title='bbox 2616 5211 2985 5281; x_wconf 85' lang='grc' dir='ltr'>ἀναιροῦντας,</span> <span class='ocrx_word' id='word_1_961' title='bbox 3009 5214 3074 5264; x_wconf 77' lang='grc' dir='ltr'>τὰ</span> <span class='ocrx_word' id='word_1_962' title='bbox 3098 5212 3272 5281; x_wconf 83' lang='grc' dir='ltr'>βιϐλία</span> <span class='ocrx_word' id='word_1_963' title='bbox 3303 5215 3569 5277; x_wconf 89' lang='grc' dir='ltr'>καίοντας,</span> <span class='ocrx_word' id='word_1_964' title='bbox 3596 5214 3663 5265; x_wconf 85' lang='grc' dir='ltr'>τὰ</span> 
     </span>
    </p>
   </div>
   <div class='ocr_carea' id='block_1_122' title="bbox 2012 5298 3662 5369">
    <p class='ocr_par' dir='ltr' id='par_1_122' title="bbox 2012 5298 3662 5369">
     <span class='ocr_line' id='line_1_124' title="bbox 2012 5298 3662 5369; baseline 0.004 -21"><span class='ocrx_word' id='word_1_965' title='bbox 2012 5298 2367 5368; x_wconf 83' lang='grc' dir='ltr'>θυσιαστήρια</span> <span class='ocrx_word' id='word_1_966' title='bbox 2420 5299 2899 5362; x_wconf 87' lang='grc' dir='ltr'>κατασκάπτοντας</span> <span class='ocrx_word' id='word_1_967' title='bbox 2932 5338 2945 5362; x_wconf 94' lang='grc'>,</span> <span class='ocrx_word' id='word_1_968' title='bbox 3014 5301 3233 5362; x_wconf 86' lang='grc' dir='ltr'>εἰκότως</span> <span class='ocrx_word' id='word_1_969' title='bbox 3282 5302 3343 5353; x_wconf 87' lang='grc' dir='ltr'>τὸ</span> <span class='ocrx_word' id='word_1_970' title='bbox 3406 5301 3662 5369; x_wconf 79' lang='grc' dir='ltr'>κάλυμμα</span> 
     </span>
    </p>
   </div>
   <div class='ocr_carea' id='block_1_123' title="bbox 2010 5384 3660 5457">
    <p class='ocr_par' dir='ltr' id='par_1_123' title="bbox 2010 5384 3660 5457">
     <span class='ocr_line' id='line_1_125' title="bbox 2010 5384 3660 5457; baseline 0.002 -22"><span class='ocrx_word' id='word_1_971' title='bbox 2010 5384 2184 5437; x_wconf 79' lang='grc' dir='ltr'>ἔκειτο</span> <span class='ocrx_word' id='word_1_972' title='bbox 2222 5385 2314 5437; x_wconf 74' lang='grc' dir='ltr'>ἐπὶ</span> <span class='ocrx_word' id='word_1_973' title='bbox 2356 5388 2421 5455; x_wconf 82' lang='grc' dir='ltr'>τῇ</span> <span class='ocrx_word' id='word_1_974' title='bbox 2471 5386 2767 5452; x_wconf 83' lang='grc' dir='ltr'>ἀναγνώσει</span> <span class='ocrx_word' id='word_1_975' title='bbox 2810 5388 2905 5455; x_wconf 86' lang='grc' dir='ltr'>τῆς</span> <span class='ocrx_word' id='word_1_976' title='bbox 2936 5387 3169 5450; x_wconf 81' lang='grc' dir='ltr'>παλαιάς</span> <span class='ocrx_word' id='word_1_977' title='bbox 3201 5388 3491 5457; x_wconf 82' lang='grc' dir='ltr'>Διαθήκης,</span> <span class='ocrx_word' id='word_1_978' title='bbox 3524 5390 3660 5440; x_wconf 78' lang='grc' dir='ltr'>κατά</span> 
     </span>
    </p>
   </div>
   <div class='ocr_carea' id='block_1_124' title="bbox 2009 5470 3662 5543">
    <p class='ocr_par' dir='ltr' id='par_1_124' title="bbox 2009 5470 3662 5543">
     <span class='ocr_line' id='line_1_126' title="bbox 2009 5470 3662 5543; baseline 0.003 -21"><span class='ocrx_word' id='word_1_979' title='bbox 2009 5472 2099 5523; x_wconf 78' lang='grc' dir='ltr'>τὸν</span> <span class='ocrx_word' id='word_1_980' title='bbox 2150 5473 2412 5542; x_wconf 90' lang='grc' dir='ltr'>μακάριον</span> <span class='ocrx_word' id='word_1_981' title='bbox 2483 5474 2709 5527; x_wconf 87' lang='grc' dir='ltr'>Παῦλον.</span> <span class='ocrx_word' id='word_1_982' title='bbox 2769 5470 2843 5526; x_wconf 85' lang='grc' dir='ltr'>ἾΙ</span> <span class='ocrx_word' id='word_1_983' title='bbox 2899 5476 3004 5543; x_wconf 79' lang='grc' dir='ltr'>γὰρ</span> <span class='ocrx_word' id='word_1_984' title='bbox 3054 5475 3117 5527; x_wconf 82' lang='grc' dir='ltr'>ἂν</span> <span class='ocrx_word' id='word_1_985' title='bbox 3160 5478 3253 5527; x_wconf 79' lang='grc' dir='ltr'>καὶ</span> <span class='ocrx_word' id='word_1_986' title='bbox 3289 5476 3553 5543; x_wconf 76' lang='grc' dir='ltr'>ἠφάνισαν</span> <span class='ocrx_word' id='word_1_987' title='bbox 3597 5476 3662 5527; x_wconf 76' lang='grc' dir='ltr'>τὰ</span> 
     </span>
    </p>
   </div>
   <div class='ocr_carea' id='block_1_125' title="bbox 2013 5559 3660 5631">
    <p class='ocr_par' dir='ltr' id='par_1_125' title="bbox 2013 5559 3660 5631">
     <span class='ocr_line' id='line_1_127' title="bbox 2013 5559 3660 5631; baseline 0.002 -21"><span class='ocrx_word' id='word_1_988' title='bbox 2013 5559 2210 5627; x_wconf 85' lang='grc' dir='ltr'>βιϐλία,</span> <span class='ocrx_word' id='word_1_989' title='bbox 2249 5561 2296 5611; x_wconf 90' lang='grc' dir='ltr'>εἰ</span> <span class='ocrx_word' id='word_1_990' title='bbox 2356 5561 2592 5627; x_wconf 84' lang='grc' dir='ltr'>συνῆκαν</span> <span class='ocrx_word' id='word_1_991' title='bbox 2644 5562 2739 5630; x_wconf 89' lang='grc' dir='ltr'>τῆς</span> <span class='ocrx_word' id='word_1_992' title='bbox 2792 5563 3122 5631; x_wconf 83' lang='grc' dir='ltr'>προφητείας</span> <span class='ocrx_word' id='word_1_993' title='bbox 3160 5564 3256 5631; x_wconf 80' lang='grc' dir='ltr'>τὴν</span> <span class='ocrx_word' id='word_1_994' title='bbox 3300 5563 3527 5631; x_wconf 85' lang='grc' dir='ltr'>δύναμιν</span> <span class='ocrx_word' id='word_1_995' title='bbox 3562 5564 3660 5631; x_wconf 66' lang='grc' dir='ltr'>τῆς,</span> 
     </span>
    </p>
   </div>
   <div class='ocr_carea' id='block_1_126' title="bbox 2013 5648 3659 5719">
    <p class='ocr_par' dir='ltr' id='par_1_126' title="bbox 2013 5648 3659 5719">
     <span class='ocr_line' id='line_1_128' title="bbox 2013 5648 3659 5719; baseline 0 -20"><span class='ocrx_word' id='word_1_996' title='bbox 2013 5650 2137 5717; x_wconf 72' lang='grc' dir='ltr'>περὶ</span> <span class='ocrx_word' id='word_1_997' title='bbox 2169 5648 2261 5699; x_wconf 88' lang='grc' dir='ltr'>τοῦ</span> <span class='ocrx_word' id='word_1_998' title='bbox 2293 5648 2544 5717; x_wconf 84' lang='grc' dir='ltr'>Χριστοῦ.</span> <span class='ocrx_word' id='word_1_999' title='bbox 2582 5651 2751 5702; x_wconf 82' lang='grc' dir='ltr'>Ὅπου</span> <span class='ocrx_word' id='word_1_1000' title='bbox 2779 5650 2883 5717; x_wconf 77' lang='grc' dir='ltr'>γὰρ</span> <span class='ocrx_word' id='word_1_1001' title='bbox 2915 5650 3151 5719; x_wconf 85' lang='grc' dir='ltr'>παρόντα</span> <span class='ocrx_word' id='word_1_1002' title='bbox 3186 5651 3365 5712; x_wconf 73' lang='grc' dir='ltr'>αὑτὸν,</span> <span class='ocrx_word' id='word_1_1003' title='bbox 3417 5650 3508 5701; x_wconf 81' lang='grc' dir='ltr'>καὶ</span> <span class='ocrx_word' id='word_1_1004' title='bbox 3534 5649 3659 5701; x_wconf 81' lang='grc' dir='ltr'>θαυ-</span> 
     </span>
    </p>
   </div>
   <div class='ocr_carea' id='block_1_127' title="bbox 2014 5734 3660 5805">
    <p class='ocr_par' dir='ltr' id='par_1_127' title="bbox 2014 5734 3660 5805">
     <span class='ocr_line' id='line_1_129' title="bbox 2014 5734 3660 5805; baseline 0.001 -20"><span class='ocrx_word' id='word_1_1005' title='bbox 2014 5734 2435 5804; x_wconf 85' lang='grc' dir='ltr'>ματουργοῦντα,</span> <span class='ocrx_word' id='word_1_1006' title='bbox 2470 5738 2559 5788; x_wconf 67' lang='grc' dir='ltr'>καὶ</span> <span class='ocrx_word' id='word_1_1007' title='bbox 2588 5737 2771 5805; x_wconf 80' lang='grc' dir='ltr'>ἐντελῆ</span> <span class='ocrx_word' id='word_1_1008' title='bbox 2800 5738 2896 5801; x_wconf 84' lang='grc' dir='ltr'>τῆς</span> <span class='ocrx_word' id='word_1_1009' title='bbox 2922 5738 3120 5798; x_wconf 87' lang='grc' dir='ltr'>οἰκείας</span> <span class='ocrx_word' id='word_1_1010' title='bbox 3147 5737 3424 5805; x_wconf 87' lang='grc' dir='ltr'>δυνάμεως</span> <span class='ocrx_word' id='word_1_1011' title='bbox 3449 5737 3539 5788; x_wconf 71' lang='grc' dir='ltr'>καὶ</span> <span class='ocrx_word' id='word_1_1012' title='bbox 3564 5736 3660 5803; x_wconf 89' lang='grc' dir='ltr'>τῆς</span> 
     </span>
    </p>
   </div>
   <div class='ocr_carea' id='block_1_128' title="bbox 2077 5875 3659 5939">
    <p class='ocr_par' dir='ltr' id='par_1_128' title="bbox 2077 5875 3659 5939">
     <span class='ocr_line' id='line_1_130' title="bbox 2077 5875 3659 5939; baseline -0.001 -14"><span class='ocrx_word' id='word_1_1013' title='bbox 2077 5878 2090 5913; x_wconf 76' lang='grc' dir='ltr'>ί</span> <span class='ocrx_word' id='word_1_1014' title='bbox 2127 5877 2272 5925; x_wconf 70' lang='lat' dir='ltr'>Smil.</span> <span class='ocrx_word' id='word_1_1015' title='bbox 2302 5883 2347 5922; x_wconf 76' lang='lat' dir='ltr'><strong>cl</strong></span> <span class='ocrx_word' id='word_1_1016' title='bbox 2377 5878 2494 5938; x_wconf 68' lang='lat' dir='ltr'>Reg.</span> <span class='ocrx_word' id='word_1_1017' title='bbox 2521 5878 2598 5929; x_wconf 65' lang='grc' dir='ltr'>τὰς</span> <span class='ocrx_word' id='word_1_1018' title='bbox 2622 5880 2896 5937; x_wconf 68' lang='grc' dir='ltr'>πςοφητεὶας</span> <span class='ocrx_word' id='word_1_1019' title='bbox 2918 5879 3273 5939; x_wconf 67' lang='grc' dir='ltr'>ἀναπληρώσας,</span> <span class='ocrx_word' id='word_1_1020' title='bbox 3297 5876 3437 5925; x_wconf 77' lang='lat' dir='ltr'><strong>male.</strong></span> <span class='ocrx_word' id='word_1_1021' title='bbox 3466 5875 3659 5925; x_wconf 71' lang='lat' dir='ltr'>navari-</span> 
     </span>
    </p>
   </div>
   <div class='ocr_carea' id='block_1_129' title="bbox 2010 5942 2419 5984">
    <p class='ocr_par' dir='ltr' id='par_1_129' title="bbox 2010 5942 2419 5984">
     <span class='ocr_line' id='line_1_131' title="bbox 2010 5942 2419 5984; baseline 0.002 -1"><span class='ocrx_word' id='word_1_1022' title='bbox 2010 5954 2091 5983; x_wconf 62' lang='lat' dir='ltr'>rm</span> <span class='ocrx_word' id='word_1_1023' title='bbox 2116 5947 2167 5983; x_wconf 78' lang='lat' dir='ltr'>ut</span> <span class='ocrx_word' id='word_1_1024' title='bbox 2193 5942 2235 5981; x_wconf 84' lang='lat' dir='ltr'>in</span> <span class='ocrx_word' id='word_1_1025' title='bbox 2266 5945 2419 5984; x_wconf 66' lang='lat' dir='ltr'>U-xlu.</span> 
     </span>
    </p>
   </div>
   <div class='ocr_carea' id='block_1_130' title="bbox 2074 6000 3045 6060">
    <p class='ocr_par' dir='ltr' id='par_1_130' title="bbox 2074 6000 3045 6060">
     <span class='ocr_line' id='line_1_132' title="bbox 2074 6000 3045 6060; baseline 0.001 -15"><span class='ocrx_word' id='word_1_1026' title='bbox 2074 6004 2094 6036; x_wconf 66' lang='grc' dir='ltr'>Β</span> <span class='ocrx_word' id='word_1_1027' title='bbox 2142 6000 2234 6056; x_wconf 55' lang='lat' dir='ltr'>‘L-g‘</span> <span class='ocrx_word' id='word_1_1028' title='bbox 2258 6001 2425 6059; x_wconf 42' lang='lat'>(114.0“</span> <span class='ocrx_word' id='word_1_1029' title='bbox 2445 6001 2581 6047; x_wconf 67' lang='lat' dir='ltr'>dtL‘bl</span> <span class='ocrx_word' id='word_1_1030' title='bbox 2602 6002 2649 6048; x_wconf 74' lang='grc' dir='ltr'>ω</span> <span class='ocrx_word' id='word_1_1031' title='bbox 2674 6001 2801 6048; x_wconf 67' lang='lat' dir='ltr'>5m]</span> <span class='ocrx_word' id='word_1_1032' title='bbox 2851 6008 2898 6047; x_wconf 77' lang='lat' dir='ltr'><strong>cl</strong></span> <span class='ocrx_word' id='word_1_1033' title='bbox 2926 6000 3045 6060; x_wconf 62' lang='lat' dir='ltr'>Reg.</span> 
     </span>
    </p>
   </div>
  </div>
