4044 6410
421 367 498 422 29
1184 371 1241 427 S.
1282 372 1565 429 JOANNIS
1596 372 2051 430 CHRYSOSTOM

2167 374 2430 436 RCIIIEP.
2471 381 3011 442 CONSTANTINOP.
3745 402 3820 457 30

413 477 552 544 πρὸς
599 475 688 528 τὸν
737 475 949 547 Πατέρα
989 481 1300 546 συμφωνίας
1342 500 1398 535 τε
1432 484 1525 535 καὶ
1551 483 1798 552 ὁμονοίας
1836 482 2064 551 παρεχό-

416 577 573 631 pevov
612 559 712 628 τήν
759 560 1026 625 ἀπόδειξιν
1059 564 1155 615 οὐκ
1204 566 1537 635 ᾐδέσθησαν,
1586 567 1703 618 0666
1757 567 2063 634 ἀπέστησαν

411 649 516 709 ἕως
546 648 910 718 ἐσταύρωσαν.
949 651 1107 720 σχολῇ
1139 669 1200 718 γε
1239 653 1303 704 ἂν
1333 653 1438 704 τῶν
1465 665 1492 693 ι
1536 656 1660 724 περὶ
1690 654 1851 707 αὑτοῦ
1877 653 2060 720 λεγόν-

412 750 519 784 των
566 734 864 800 ἐφείσαντο,
907 734 998 797 οὒς
1027 737 1120 789 καὶ
1151 737 1317 806 χωρὶς
1364 739 1546 791 τούτου
1596 741 1878 792 κατέλευον
1947 757 2066 791 συν-

412 820 569 889 εχῶς.
591 821 686 873 Διά
714 821 869 873 τοῦτο
888 825 994 884 τοῖς
1015 823 1231 884 οἰκείοις
1262 824 1352 876 καὶ
1378 825 1668 894 γνωρίμοις
1699 824 1876 886 αὐτοῖς
1905 828 2062 893 ἐμφι-

411 904 770 975 λοχωροῦντες
815 906 1057 975 ὀνόμασι,
1105 906 1202 969 τάς
1237 909 1565 978 προφητείας
1621 908 1791 977 τούτῳ
1853 910 2066 962 συσκιά-

413 989 562 1052 ζουσι
592 991 668 1060 τῷ
695 991 985 1061 προσώπῳ.
1010 993 1131 1044 Ὀτι
1162 991 1266 1062 γάρ
1297 994 1355 1044 06
1386 993 1513 1064 περὶ
1551 993 1650 1061 τῆς
1685 993 1937 1058 Ἰουδαίας
1971 995 2062 1048 καὶ

423 1075 774 1146 Ἰερουσαλὴμ
818 1077 846 1128 6
886 1076 1072 1144 λόγος,
1118 1079 1349 1149 ἐκάστην
1401 1079 1732 1149 παράγοντες
1780 1079 1920 1143 λέξιν
1985 1083 2065 1138 είς

415 1161 578 1228 μέσον
610 1162 745 1230 μετά
773 1162 1054 1232 ἀκριϐείας
1085 1165 1335 1233 εἰσόμεθα
1369 1167 1437 1218 τά
1463 1166 1742 1235 εἰρημένα.

485 1315 612 1367 Ὀτι
662 1317 832 1371 ἔσται
871 1318 939 1369 ἐν
969 1319 1094 1382 ταῖς
1121 1318 1403 1384 ἐσχάταις
1443 1319 1687 1386 ἡμέραις
1709 1320 1967 1387 ἐμφανὲς
1999 1323 2060 1373 τὸ

414 1399 551 1466 ὄρος
581 1403 814 1467 Κυρίου.
844 1403 984 1472 Ὅρα
1003 1403 1281 1471 ἀκρίϐειαν
1309 1405 1604 1471 προφήτου,
1631 1404 1691 1455 06
1709 1404 1776 1455 τά
1803 1408 2060 1474 πράγμα-

411 1501 479 1536 τα
524 1485 765 1552 λέγοντος
810 1489 985 1556 μόνον,
1025 1489 1159 1540 ἀλλά
1195 1490 1286 1540 καὶ
1321 1489 1410 1539 τὸν
1467 1489 1653 1558 χρόνον
1709 1491 2059 1558 ἐπισημαινο-

416 1569 596 1637 μένου.
629 1571 802 1640 Ὅπερ
833 1573 940 1641 γάρ
981 1589 1142 1642 φησιν
1177 1575 1204 1625 6
1254 1572 1486 1637 Παῦλος,
1521 1574 1656 1626 Ὅτε·
1688 1574 1754 1626 δὲ
1803 1570 1948 1642 ἦλθε
1995 1575 2061 1629 τὸ

412 1653 699 1723 πλήρωμα
746 1654 864 1709 τῶν
895 1657 1130 1724 καιρῶν,
1165 1659 1256 1711 καὶ
1299 1659 1521 1727 ἑτέρωθι
1566 1658 1746 1721 πάλιν,
1789 1663 1889 1725 Εἰς
1912 1663 2063 1713 οἰκο-

412 1741 627 1806 νομίαν
656 1739 760 1792 τοῦ
805 1741 1191 1809 πληρώματος
1250 1743 1366 1795 τῶν
1409 1742 1644 1810 καιρῶν,
1668 1744 1822 1797 τοῦτο
1849 1746 1877 1798 6
1933 1763 2061 1815 προ-

412 1825 590 1892 φήτης
629 1828 812 1894 φησὶν,
859 1829 960 1879 Ἔν
1004 1829 1129 1893 ταῖς
1167 1829 1454 1896 ἐσχάταις
1500 1830 1759 1897 ἡμέραις.
1807 1832 1968 1901 Ὄρος
2004 1831 2059 1882 δὲ

409 1909 512 1976 τήν
559 1909 875 1978 Ἐκκλησίαν
927 1913 1019 1963 καὶ
1060 1912 1120 1964 τὸ
1156 1912 1263 1963 τῶν
1301 1913 1578 1982 δογμάτων
1623 1914 2060 1982 ἀκαταγώνιστον

412 1992 584 2046 καλεῖ.
610 1995 873 2066 Καθάπερ
896 1996 1001 2066 γὰρ
1023 1996 1171 2064 ὄρεσι
1217 1997 1319 2050 κᾶν
1351 2000 1517 2069 μυρία
1546 2001 1854 2073 προσϐάλλῃ
1896 2019 2059 2072 στρα-

411 2080 627 2144 τόπεδα,
653 2081 780 2147 τξξα
805 2082 1064 2147 τείνοντα,
1100 2085 1191 2136 καὶ
1209 2083 1403 2153 δόρατα
1427 2086 1670 2154 ἀφιέντα,
1699 2088 2058 2158 μηχανήματα

413 2170 774 2235 προσάγοντα,
818 2172 999 2222 ἐκεῖνα
1031 2171 1128 2238 μὲν
1169 2171 1288 2223 0666
1341 2173 1686 2242 παραϐλάψαι
1722 2175 2056 2244 δυνήσονται,

411 2255 508 2324 τὴν
535 2257 590 2308 δὲ
617 2260 816 2310 οἰκείαν
843 2260 1260 2313 καταλύσανταδ
1289 2262 1437 2331 ἰσχὺν
1469 2262 1884 2316 ἀπελεύσονται·
1917 2262 2057 2315 οὕτω

411 2338 475 2407 δὴ
505 2343 596 2392 καὶ
624 2347 670 2394 οἱ
702 2347 766 2412 τῇ
811 2345 1098 2414 Ἐκκλησία
1132 2346 1527 2416 πολεμήσαντες
1560 2350 1821 2413 ἅπαντες,
1859 2350 2057 2418 ταύτην

415 2425 514 2492 μὲν
553 2429 651 2479 οὐκ
703 2428 933 2487 ἔσεισαν,
980 2431 1076 2498 τὴν
1107 2431 1162 2481 δὲ
1183 2431 1388 2482 οἰκείαν
1440 2432 1792 2494 ἀπολέσαντες
1836 2432 2058 2502 δύναμιν

412 2512 876 2583 κατῃσχύνθησαν,
918 2516 974 2566 ἐν
1031 2514 1106 2584 τῷ
1150 2517 1328 2567 παίειν
1354 2515 1706 2584 διαλυόμενοι,
1750 2518 1841 2568 καὶ
1877 2518 1934 2570 ἐν
1982 2517 2058 2587 τῷ

415 2596 626 2665 βάλλειν
656 2599 1018 2664 ἀσθενοῦντες,
1043 2601 1135 2652 καὶ
1159 2603 1214 2652 ἐν
1242 2601 1317 2669 τῷ
1358 2604 1525 2654 ποιεῖν
1554 2602 1657 2655 ὑπὸ
1691 2603 1800 2656 τῶν
1828 2604 2058 2673 πασχόν-

409 2698 518 2734 των
545 2683 856 2753 νικώμενοι·
885 2687 1018 2756 ὅπερ
1057 2689 1148 2740 καὶ
1181 2687 1474 2757 παράδοξος
1500 2689 1652 2758 νίκης
1691 2691 1887 2759 τρόπος
1920 2692 2051 2754 ἐστὶ,

412 2768 505 2819 καὶ
533 2771 630 2820 οὐκ
682 2770 1000 2839 ἀνθρώποις,
1035 2773 1165 2825 ἀλλά
1197 2774 1312 2842 Θεῷ
1365 2775 1519 2842 μόνον
1545 2773 1781 2837 δυνατός.
1839 2777 1909 2828 T6
1945 2776 2055 2846 γὰρ

412 2849 723 2919 θαυμαστὸν
767 2855 859 2922 τῆς
903 2856 1248 2924 Ἐκκλησίας,
1275 2857 1370 2925 οὐχ
1402 2857 1482 2908 ὅτι
1526 2858 1791 2926 ἐνίκησεν,
1825 2858 1935 2910 ἀλλ’
1973 2860 2054 2910 ὅτι

411 2938 506 2988 καὶ
530 2938 697 3000 οὕτως
725 2940 989 3010 ἐνίκησεν.
1035 2941 1388 3011 Ἐλαυνομένη
1415 2943 1520 3011 γὰρ
1538 2981 1550 3003 ,
1593 2942 1892 3012 διωκομένη
1909 2982 1925 3003 ,
1959 2962 2057 3012 μυ-

413 3023 546 3093 ρίοις
570 3027 1012 3096 κατακοπτομένη
1038 3028 1273 3097 τρόποις,
1292 3030 1351 3080 06
1379 3031 1534 3098 μόνον
1562 3029 1659 3080 οὐκ
1686 3030 2055 3096 ήλαττονοῦτο,

409 3108 543 3161 ἀλλά
586 3113 680 3162 καὶ
728 3111 925 3179 μείζων
977 3113 1201 3178 ἐγίνετο,
1234 3113 1323 3163 καὶ
1367 3114 1491 3172 τοῦς
1532 3114 1704 3165 ταῦτα
1742 3115 1909 3165 ποιεῖν
1942 3116 2061 3165 ἐπι-

379 3196 724 3264 ,χειροῦντας
788 3196 916 3248 αὐτὸ
970 3196 1031 3248 :6
1079 3197 1303 3265 πάσχειν
1366 3198 1520 3266 μόνον
1563 3199 1848 3250 κατέλυενο
1923 3200 2058 3267 ὅπερ

407 3282 617 3348 ἀδάμας
647 3284 787 3332 ποιεῖ
814 3283 939 3351 περί
969 3283 1059 3334 τὸν
1094 3285 1324 3352 σίδηρον,
1368 3284 1445 3353 τῷ
1481 3285 1734 3336 παίεσθαι
1760 3285 1915 3354 μόνον
1945 3286 2058 3337 δια-

407 3361 547 3413 λύων
596 3364 687 3414 τοῦ
744 3364 992 3425 παίοντο;
1042 3364 1136 3433 τὴν
1179 3365 1354 3433 ἰσχύν·
1401 3366 1492 3416 καὶ
1535 3366 1732 3434 κέντρα
1772 3365 1907 3435 πρὸς
1934 3366 2058 3425 τοὺς

407 3449 773 3512 λακτίζοντας,
826 3450 964 3501 αὐτὰ
998 3450 1094 3518 μὲν
1124 3450 1274 3501 οὐδὲν
1303 3450 1612 3520 ἀμϐλύτεροι
1645 3450 1886 3504 ἐντεῦθεν
1908 3452 2054 3519 γινό-

409 3552 564 3602 μενα,
610 3538 732 3598 τοὺς
781 3536 837 3588 δὲ
892 3536 1234 3599 λακτίζοντας
1288 3537 1620 3605 αἰμάσσοντα
1655 3537 1838 3595 πόδας,
1863 3538 1960 3590 Διά
1991 3539 2052 3608 δὴ

405 3624 562 3676 τοῦτο
597 3625 720 3695 ὅρος
745 3625 1016 3677 ἐκάλεσεν.
1056 3626 1114 3675 Εἰ
1135 3623 1191 3675 δὲ
1214 3624 1310 3675 ούκ
1335 3625 1582 3692 ἀνέχεται
1631 3626 1728 3693 τῆς
1750 3628 2055 3694 μεταφορᾶς

405 3715 434 3765 6
479 3713 972 3775 Ἰουδαῖος,οἰ’κοθεν
1011 3713 1170 3764 πάλιν
1197 3712 1426 3781 δεχέσθω
1487 3713 1577 3764 τὸν
1616 3712 1852 3781 ἔλεγχον.
1887 3713 2056 3776 Αὐτὸς

406 3800 515 3868 γάρ
552 3794 702 3862 οὗτος
745 3801 773 3851 6
823 3801 1100 3868 προφήτης
1159 3798 1350 3861 λύκους
1402 3799 1493 3851 καὶ
1544 3799 1710 3867 ἄρνας
1754 3798 1921 3868 ἔφησε
1958 3799 2054 3867 τῆς

404 3885 575 3953 αὐτῆς
606 3884 772 3954 νομῆς
798 3885 1162 3953 κοινωνήσειν,
1195 3885 1286 3936 καὶ
1322 3884 1504 3952 μυίαις
1557 3885 1647 3936 τὸν
1681 3884 1809 3935 Θεὸν
1853 3885 2055 3954 συριεῖν

405 3973 500 4025 καὶ
529 3974 645 4033 ταῖς
678 3971 971 4040 μελίσσαις,
1011 3972 1104 4023 καί
1153 3971 1388 4039 ποταμὸν
1419 3971 1636 4037 ἀνάγειν
1681 3971 1929 4038 ῥαγδαῖον
1965 3971 2055 4021 ἐπὶ

405 4062 531 4122 τοὺς
582 4059 886 4120 Ἰουδαίους,
912 4059 997 4110 διὰ
1034 4059 1093 4111 τὸ
1137 4059 1209 4128 μὴ
1235 4058 1512 4127 βούλεσθαι
1539 4057 1652 4128 [21]
1687 4059 1877 4119 αὐτοὺς
1915 4058 2055 4125 ἔχειν

403 4147 465 4198 τὸ
520 4146 662 4215 ὕδωρ
711 4147 802 4198 τοῦ
863 4145 1097 4214 Σιλωάμ.
1141 4146 1316 4214 Ἀπερ
1369 4144 1422 4195 εί
1473 4161 1554 4205 τις
1587 4143 1678 4195 ἐπὶ
1722 4144 1829 4197 τῶν
1861 4144 2055 4206 λέξεων

406 4230 645 4295 ὲκλάϐοι,
676 4232 807 4284 πολὺ
841 4232 902 4284 τὸ
929 4233 1276 4302 ἀπερινόητον
1299 4231 1441 4300 ἔχει’
1479 4230 1612 4282 ἀλλά
1635 4231 1716 4282 δεῖ
1744 4231 1811 4282 τά
1841 4231 1904 4282 ἐκ
1935 4232 2056 4281 τού-

405 4335 516 4370 των
547 4317 918 4387 σημαινόμενα
949 4319 1264 4386 δεχομένους
1297 4317 1436 4369 οὕτω
1477 4316 1766 4369 ποικίλλειν
1796 4317 1903 4368 τῶν
1935 4335 2055 4384 νοη-

410 4403 593 4472 μάτων
619 4405 715 4475 τήν
744 4405 1074 4457 ἀκολουθίαν.
1112 4404 1174 4456 Τί
1198 4400 1288 4456 οὖν
1308 4404 1420 4455 ἐστι
1446 4403 1514 4456 τά
1535 4406 1597 4455 ἐκ
1630 4403 1828 4455 τούτων
1861 4419 2056 4472 σημαι-

406 4491 638 4560 νόμενα;
668 4491 766 4542 Διά
815 4491 911 4559 μὲν
964 4491 1071 4542 τῶν
1124 4490 1299 4542 λύκων
1340 4492 1430 4542 καὶ
1471 4490 1580 4541 τῶν
1625 4489 1821 4558 ἀρνῶν,
1869 4491 1917 4540 οἱ
1944 4489 2055 4541 τῶν

409 4575 710 4645 ἀνθρώπων
745 4575 931 4645 τρόποι
967 4577 1016 4627 οί
1043 4574 1322 4644 θηριώδεις
1367 4577 1458 4626 καὶ
1490 4575 1683 4644 ἥμεροι
1705 4591 1716 4603 ·
1746 4574 1832 4625 διά
1862 4574 1916 4626 δὲ
1949 4575 2056 4626 τῶν

413 4663 626 4731 μυιῶν,
668 4661 729 4713 τὸ
772 4661 1121 4729 ἀναίσχυντον
1176 4660 1283 4712 τῶν
1332 4661 1670 4726 Αἰγυπτίων·
1717 4659 1804 4712 διά
1855 4661 1910 4712 66
1964 4661 2056 4711 τοῦ

411 4747 677 4816 ποταμοῦ,
709 4747 769 4798 τὸ
797 4746 1021 4818 σφοδρὸν
1063 4748 1160 4814 τῆς
1194 4747 1475 4816 στρατείας
1504 4747 1595 4798 τοῦ
1627 4746 1898 4817 βαρϐάρου
1920 4763 1932 4774 ·
1970 4746 2058 4798 διὰ

407 4834 464 4886 66
493 4833 586 4886 τοῦ
616 4833 850 4902 Σιλωάμ,
867 4834 926 4885 τὸ
948 4837 1116 4902 πρᾶον
1139 4835 1233 4885 καὶ
1249 4835 1482 4894 ἐπιεικὲς
1511 4833 1602 4886 τοῦ
1632 4835 1752 4885 τότε
1778 4834 2054 4904 ἄρχοντος,

407 4920 501 4974 τοῦ
547 4920 655 4973 τῶν
712 4921 972 4973 Ἰουδαίων
1001 4919 1277 4989 βασιλέως.
1314 4921 1417 4970 Καὶ
1447 4920 1615 4977 οὐδεὶς
1644 4920 1762 4970 οῦδὲ
1790 4919 1896 4971 τῶν
1932 4920 2058 4986 σφό-

407 5007 507 5076 δρα
533 5008 768 5074 ἀνοήτων
797 5007 930 5076 πρὸς
949 5006 1117 5058 ταῦτα
1144 5008 1274 5074 ήμῖν
1307 5007 1534 5074 ἀντερεῖ.
1567 5006 1775 5073 Ὥσπερ
1815 5007 1920 5074 γὰρ
1967 5002 2057 5056 οὖν

407 5095 590 5145 ἐκεῖνα
638 5093 840 5163 ἑτέροις
879 5092 1100 5161 ὀνόμασι
1154 5092 1542 5161 παρεδηλώθη,
1605 5091 1743 5141 οὕτω
1804 5094 1893 5142 καὶ
1959 5092 2058 5160 τῆς

420 5180 740 5247 Ἐκκλησίας
783 5179 843 5231 τὺ
881 5181 1122 5249 στερρὸν,
1165 5178 1222 5231 τὸ
1267 5179 1518 5245 ἀκίνητον
1546 5187 1592 5239 ε,
1623 5176 1683 5228 τὸ
1739 5177 1957 5243 ὑψηλὸν,
1998 5179 2059 5228 τὸ

407 5268 700 5338 ἀχείρωτον
721 5268 809 5322 διὰ
833 5269 931 5337 τῆς
966 5267 1056 5320 τοῦ
1089 5268 1247 5338 ὄρους
1277 5269 1490 5336 ᾐνίξατο
1524 5266 1906 5335 προσηγορίας.
1951 5267 2060 5320 Καὶ

469 5467 488 5490 ⁸
509 5469 630 5538 Reg.
657 5468 916 5576 61012169
935 5469 1044 5540 τῶν.
1070 5469 1218 5539 Sam.
1245 5471 1394 5530 σχολῇ
1418 5487 1488 5541 ,γε
1508 5472 1618 5518 τῶν.
1664 5457 1868 5520 Ρταεδίδι
1911 5473 2057 5521 lectio

469 5530 709 5576 neniam!)
734 5529 772 5576 1:.
809 5537 990 5576 llloms.
1017 5537 1068 5576 et
1089 5537 1166 5576 es:
1189 5543 1234 5576 ιο
1264 5532 1507 5576 Bavanco.

407 5529 709 5578 liorellianaa
734 5529 990 5584 Edilionis,
1017 5537 1068 5576 et
1089 5537 1166 5576 es:
1189 5532 1234 5576 in
1264 5532 1507 5579 Bavarico.

473 5589 499 5627 δ
526 5589 646 5648 Reg.
675 5596 722 5635 el
743 5590 893 5635 Savil.
918 5591 1191 5643 τείνοντες...
1231 5591 1489 5649 ἀφιέντες...
1526 5594 1833 5652 προσάγοντες
1858 5631 1887 5641 ..
1914 5613 2055 5641 κατα-

406 5651 648 5706 λύσαντες,
695 5663 804 5708 ρυω
837 5651 982 5696 etiam
1010 5652 1152 5696 leclio
1178 5654 1396 5709 quadrat,
1438 5661 1490 5699 et
1532 5651 1803 5701 innumeris
1844 5656 2055 5702 ﬁrmalur

409 5713 677 5770 exemplis;
701 5711 788 5756 sed
811 5723 916 5756 cum
945 5710 1107 5756 Morel.
1159 5711 1302 5756 eliam
1325 5713 1472 5760 lectio
1506 5713 1634 5760 bene
1658 5716 1848 5770 habeat.
1879 5717 2054 5763 τείνον-

411 5789 526 5820 τα...
551 5771 741 5830 ἀφιέντα
766 5779 883 5826 elc.,
911 5777 963 5818 et
999 5770 1112 5818 Cod.
1154 5771 1377 5820 Bavarico
1416 5774 1652 5832 urtnelur,
1696 5788 1801 5822 eam
1837 5779 2051 5824 retinere

413 5833 567 5882 visum
593 5839 685 5877 est.

473 5898 495 5923 ε
518 5891 592 5942 Ita
612 5892 730 5953 Reg.
761 5899 807 5940 εἰ
834 5891 978 5940 Ξειγίι.
1007 5891 1059 5939 In
1104 5892 1271 5941 Morel.
1388 5894 1589 5950 inf-11,10:
1619 5897 1802 5946 docnt.

2170 488 2275 556 γὰρ
2301 490 2482 559 ἐτερος
2511 495 2792 562 προφήτης
2815 497 2938 556 τοὺς
2962 493 3283 554 πεποιθότας
3316 493 3405 545 ἐπὶ
3430 496 3518 547 τὸν
3550 497 3680 550 Θεὸν
3702 499 3822 567 ὄρει

2169 575 2533 642 παραϐάλλει.
2591 579 2649 630 τὸ
2690 580 3118 646 ἀκαταγώνιστον
3171 579 3351 632 αὐτῶν
3397 582 3820 652 ἐνδεικνύμενος.

2183 659 2490 728 Ἐμςταφ-ἐς.
2513 663 2680 715 Τοῦτο
2707 665 2824 716 0666
2853 665 2948 734 τῆς
2975 665 3079 720 ἀπὸ
3113 666 3204 717 τοῦ
3239 666 3395 734 λόγου
3435 665 3615 717 λοιπὸν
3650 664 3823 737 ἑρμη-

2168 747 2314 809 νείας
2341 749 2526 802 δεῖται.
2557 751 2741 812 Οὕτως
2769 751 2905 819 αὐτὴ
2939 751 3043 803 τῶν
3067 753 3404 822 πραγμάτων
3435 754 3466 822 ή
3491 753 3651 820 φύσις
3690 755 3820 805 σάλ-

2168 850 2360 899 πιγγος
2406 835 2785 906 λαμπροτέραν
2842 836 3023 905 φωνὴν
3092 839 3328 906 ἀφίησι,
3403 839 3464 892 τὸ
3524 842 3822 908 περιφανὲς

2166 917 2538 990 ἐνδεικνυμένη
2601 921 2698 990 τῆς
2747 922 3084 990 Ἐκκλησίας.
3149 924 3221 975 U6
3277 924 3384 994 γάρ
3438 926 3613 989 οὕτως
3668 925 3823 994 ἥλιος

2167 1003 2350 1068 φανὸς,
2382 1005 2498 1056 0666
2533 1006 2592 1058 τὸ
2621 1007 2684 1058 ἐκ
2738 1006 2925 1058 τούτου
2977 1007 3109 1075 φῶς,
3153 1009 3227 1069 ὡς
3262 1011 3358 1078 τῆς
3395 1011 3720 1082 Ἐκκλησίας
3749 1010 3823 1064 τὰ

2165 1086 2478 1156 πράγματα.
2503 1091 2610 1143 Καὶ
2648 1091 2754 1160 γὰρ
2781 1096 2812 1145 ὁ
2845 1090 3008 1157 οἶκος
3038 1093 3142 1146 τοῦ
3179 1094 3323 1147 Θεοῦ
3351 1097 3440 1148 ἐπ’
3467 1097 3664 1166 ἄχρων
3694 1098 3817 1152 τῶν

2164 1171 2366 1240 ὀρέων.

2232 1318 2300 1377 γ’.
2342 1313 2461 1373 Πῶς
2490 1313 2555 1364 ἀν
2592 1313 2745 1364 τοῦτο
2774 1315 3150 1384 έρμηνεύσειεν
3178 1317 3206 1368 6
3251 1318 3525 1381 Ἰουδαῖος;
3559 1319 3815 1390 Οὖδαμοῦ

2163 1395 2269 1464 γὰρ
2305 1397 2390 1446 ἐπ’
2419 1398 2600 1464 ἄκρων
2627 1397 2732 1449 τῶν
2761 1399 2926 1465 ὀρέων
2963 1402 2990 1453 6
3022 1401 3146 1462 ναός
3186 1403 3363 1453 ἐστιν·
3408 1405 3440 1472 ή
3487 1405 3666 1472 μέντοι
3709 1407 3816 1474 τῆς

2177 1481 2494 1551 Ἐκκλησίας
2532 1483 2756 1553 δύναμις
2811 1484 2990 1536 αὐτῶν
3042 1487 3214 1554 ἥψατο
3255 1489 3359 1539 τῶν
3404 1490 3666 1558 οὐρανῶν.
3703 1493 3816 1544 Καὶ

2162 1564 2359 1618 ὡσανεὶ
2391 1563 2535 1630 οἶκος
2578 1569 2715 1638 ὑπὲρ
2748 1572 2990 1638 κορυφῆς
3026 1570 3167 1638 ὀρῶν
3211 1573 3456 1640 κείμενος
3498 1577 3662 1628 πᾶσίν
3692 1579 3811 1631 ἐστι

2163 1651 2473 1720 κατάδηλος,
2502 1653 2642 1704 οὕτω
2673 1654 2765 1705 καὶ
2798 1653 2975 1722 πολλῷ
3010 1655 3169 1706 πλέον
3208 1657 3342 1726 αὑτὴ
3374 1661 3672 1729 περιφανὴς
3704 1664 3815 1714 πᾶ-

2164 1751 2246 1786 σιν
2279 1736 2579 1806 ἀνθρώποις
2606 1739 2814 1806 γέγονε.
2844 1741 2952 1792 Καὶ
2982 1740 3360 1808 ὑψωθήσεται
3391 1745 3663 1811 ὑπεράνω
3693 1746 3815 1798 τῶν

2156 1821 2414 1884 βουνῶν.
2439 1824 2508 1875 T6
2529 1825 2655 1877 αὐτὸ
2681 1826 2833 1879 τοῦτο
2857 1827 3014 1880 πάλιν
3043 1829 3400 1897 ήρμήνευσεν,
3424 1829 3558 1900 ὅπερ
3589 1831 3679 1882 ἐπὶ
3712 1831 3810 1884 τοῦ

2160 1905 2287 1958 ναοῦ
2320 1906 2566 1959 οὐδέποτε
2599 1908 2814 1979 συνέϐη,
2844 1911 2963 1961 0666
2987 1910 3145 1980 ήνίκα
3170 1912 3362 1980 ἄριστα
3396 1913 3654 1983 πράττειν
3688 1915 3807 1967 ἐδό-

2161 2010 2263 2044 κει.
2313 1994 2434 2057 Πῶς
2469 1995 2597 2066 γάρ,
2630 1996 2762 2049 ὅπου
2796 2013 2859 2063 γε
2904 1997 2997 2048 καὶ
3036 1998 3126 2048 ὑπ’
3169 1998 3346 2051 αὐτῶν
3386 2000 3493 2052 τῶν
3540 2000 3810 2054 Ἰουδαίων

2160 2079 2412 2142 πολλάκις
2437 2083 2745 2151 ήτιμάζετο,
2767 2084 2861 2136 καὶ
2884 2082 2986 2136 ὑπὸ
3011 2082 3354 2153 βαρϐαρικῶν
3379 2086 3669 2153 ἠφανίζετο
3694 2104 3809 2155 χει-

2160 2166 2301 2236 ρῶν;
2331 2168 2392 2220 Ἡ
2413 2168 2469 2220 δὲ
2490 2169 2589 2238 τῆς
2615 2170 2935 2240 Ἐκκλησίας
2967 2171 3118 2239 ἰσχὺς
3149 2170 3453 2241 ἐπολεμήθη
3477 2172 3574 2241 μὲν
3595 2173 3808 2226 ἐκείνω

2157 2251 2526 2322 χαλεπώτερον
2560 2255 2649 2306 καὶ
2683 2255 2840 2307 πλέον
2858 2273 2872 2286 ο
2901 2254 3008 2319 εἶξε
3042 2256 3096 2308 δὲ
3126 2257 3377 2309 οὐδέποτε
3407 2260 3527 2320 ταῖς
3557 2258 3664 2310 τῶν
3701 2276 3808 2310 πο-

2157 2337 2460 2406 λεμούντων
2491 2342 2672 2410 χερσὶν
2695 2381 2710 2406 ,
2745 2341 2857 2394 ἀλλ’
2890 2342 3191 2412 ὑψηλοτέρα
3227 2344 3320 2395 καὶ
3371 2346 3807 2415 περιφανεστέρα

2161 2426 2389 2491 μάλιστα
2412 2428 2513 2479 61:6
2539 2428 2644 2480 τῶν
2666 2429 2934 2498 πολεμίων
2967 2432 3186 2498 ἐγίνετο.
3213 2433 3342 2484 Τότε
3365 2434 3492 2500 γοῦν
3521 2435 3628 2486 τῶν
3665 2453 3807 2504 μαρ-

2157 2509 2332 2577 τύρων
2365 2513 2414 2561 οἱ
2445 2511 2634 2580 δῆμοι,
2667 2515 2784 2565 τότε
2827 2518 2934 2566 τῶν
2961 2516 3302 2586 ὁμολογητῶν
3340 2519 3406 2569 τά
3451 2519 3648 2588 πλήθη,
3679 2521 3806 2572 τότε

2159 2601 2212 2650 αἱ
2255 2599 2466 2668 σιδήρου
2507 2600 2852 2671 στερρότεραι
2893 2603 3273 2654 ἀπεδείκνυντο
3317 2604 3483 2671 ψυχαὶ
3507 2643 3521 2665 ,
3567 2607 3660 2656 καὶ
3694 2606 3806 2658 τῶν

2159 2687 2398 2754 ἀστέρων
2429 2686 2604 2738 αὐτῶν
2633 2687 3015 2756 ἀκριϐέστερον
3044 2688 3301 2756 ἔλαμπον,
3336 2689 3444 2740 τῶν
3479 2690 3577 2758 μὲν
3617 2692 3806 2760 σωμά-

2157 2789 2262 2823 των
2296 2774 2471 2834 αὖτοῖς
2514 2773 3020 2841 κατακοπτομένων,
3060 2773 3156 2842 τῆς
3188 2773 3408 2843 γνώμης
3440 2776 3494 2826 δέ
3544 2777 3604 2828 o6
3637 2794 3803 2829 νικω-

2161 2859 2344 2925 μένης,
2367 2858 2501 2910 ἀλλά
2527 2859 2829 2928 κρατούσης
2860 2860 2949 2911 καὶ
2982 2877 3237 2926 στεφανου
3247 2861 3429 2930 μένης.
3451 2862 3542 2923 Τίς
3570 2858 3698 2923 εἶδε,
3719 2865 3807 2926 τίς

2156 2946 2352 3012 ἤκουσε
2382 2946 2536 3014 φόνον
2564 2947 2818 3014 στέφανον
2843 2946 3090 3016 φέροντα,
3114 2949 3208 2998 καὶ
3237 2949 3447 3015 σφαγὴν
3471 2949 3622 3016 νίκην
3643 2951 3805 3018 ἐργα-

2158 3031 2408 3098 ζομένην,
2432 3033 2525 3083 καὶ
2557 3032 2673 3083 τότε
2699 3033 2758 3083 τὸ
2792 3032 3146 3100 στρατόπεδον
3178 3031 3550 3101 λαμπρότερον
3583 3035 3806 3102 γινόμε-

2157 3132 2264 3175 νον,
2309 3117 2396 3166 ὅτε
2449 3117 2659 3180 πλείους
2691 3119 2740 3168 οί
2788 3118 3139 3186 σφαττόμενοι
3187 3117 3336 3185 παρά
3379 3117 3484 3169 τῶν
3525 3118 3804 3188 πολεμίων

2158 3202 2430 3269 ἐφαίνοντο
2449 3220 2464 3268 ;

2225 3339 2329 3391 Καὶ
2376 3339 2628 3406 ἥξουσιν
2669 3339 2760 3390 ἐπ’
2809 3336 2967 3402 αὐτῷ
3014 3337 3208 3390 πάντα
3247 3336 3318 3390 τὰ
3367 3338 3530 3404 ἔθνη.
3591 3338 3808 3408 Προϊὼν

2157 3425 2480 3495 σαφέστερος
2515 3425 2542 3476 6
2576 3425 2857 3494 προφήτης
2901 3424 3125 3490 γίνεται,
3164 3425 3256 3476 καὶ
3296 3423 3493 3493 μᾶλλον
3529 3425 3807 3478 ἀνακαλύ-

2155 3527 2276 3561 πτει
2323 3511 2412 3562 τὸν
2455 3510 2628 3576 λόγον,
2673 3510 2766 3562 καὶ
2814 3509 3130 3578 τρανότερον
3175 3508 3411 3561 δείκνυσι
3449 3510 3548 3578 τήν
3593 3527 3808 3580 προφη-

2153 3596 2322 3659 τείαν,
2358 3597 2448 3647 καὶ
2481 3595 2862 3665 ἀκριϐέστερον
2899 3595 3237 3664 ἀπορῤἀπτει
3280 3594 3387 3646 τῶν
3435 3595 3698 3648 Ἰουδαίων
3734 3595 3808 3648 τά

2158 3683 2414 3752 στόματα.
2446 3683 2612 3734 Τοῦτο
2643 3683 2750 3751 γὰρ
2769 3721 2784 3746 ,
2825 3683 2918 3733 καὶ
2958 3683 3006 3732 εί
3046 3681 3249 3750 σφόδρα
3281 3681 3707 3748 ἀναισχυντοῖεν,
3741 3681 3807 3732 06

2155 3769 2464 3836 δυνήσονται
2505 3768 2581 3837 τῷ
2610 3769 2784 3820 αὐτῶν
2812 3767 2924 3835 ναῷ
2952 3767 3188 3835 ἁρμόσαι
3213 3765 3262 3818 d.
3298 3767 3404 3816 Καὶ
3437 3766 3543 3833 γάρ
3573 3767 3664 3816 καὶ
3695 3767 3808 3818 ἀπ-

2155 3850 2433 3918 ηγόρευτο,
2479 3851 2570 3901 καὶ
2615 3848 2730 3917 μεθ’
2780 3846 3082 3916 ὑπερϐολῆς
3130 3844 3399 3898 κεκώλυτο
3436 3844 3560 3913 ἔθνη
3600 3847 3681 3906 εἰς
3714 3845 3808 3898 τὸν

2155 3935 2277 3987 ναὸν
2306 3935 2544 3987 εἰσιέναι.
2580 3935 2689 3985 Καὶ
2731 3933 2783 3983 τί
2825 3932 2965 3998 λέγω
2999 3933 3076 3992 εἰς
3104 3931 3194 3982 τὸν
3226 3929 3348 3982 ναὸν
3386 3931 3629 3990 είσιέναι,
3669 3932 3807 3982 ὅπου

2154 4035 2218 4086 γε
2261 4020 2353 4071 καὶ
2389 4019 2566 4081 αὐτοῖς
2609 4021 2744 4088 μετά
2790 4019 2985 4086 πολλῆς
3033 4019 3129 4085 τῆς
3163 4017 3386 4084 ἀπειλῆς
3431 4014 3542 4085 [‘22]
3581 4018 3608 4067 6
3641 4017 3809 4084 νόμος

2155 4106 2459 4175 ἀπηγόρευε
2493 4107 2587 4167 τάς
2612 4106 2719 4157 τῶν
2760 4105 2924 4157 ἐθνῶν
2965 4104 3240 4172 ἐπιμιξίας
3263 4145 3275 4168 ,
3309 4105 3400 4157 καὶ
3440 4104 3538 4171 τὴν
3579 4102 3809 4171 ἔσχατον

2156 4192 2293 4260 ὑπὲρ
2315 4191 2516 4243 τούτων
2545 4191 2737 4260 ἀπῄτει
2765 4190 2951 4258 δίκην;
2997 4190 3052 4240 '0
3079 4188 3206 4254 γοῦν
3237 4190 3513 4256 προφήτης
3552 4187 3810 4253 Ἀγγαῖος

2155 4276 2368 4328 ἅπασαν
2389 4279 2467 4339 εἰς
2494 4277 2650 4328 τοῦτο
2677 4277 3018 4346 κατηνάλωσε
3040 4274 3135 4343 τήν
3156 4273 3504 4343 προφητείαν,
3533 4271 3806 4338 ἐγκαλῶν,

2155 4362 2411 4427 ἀπειλῶν,
2434 4362 2656 4424 εὐθύνας
2676 4361 2918 4414 ἀπαιτῶν
2943 4362 3038 4430 τῆς
3067 4361 3126 4411 06
3159 4358 3534 4427 προσηκούσης
3568 4359 3810 4424 ἐπιγαμ-

2157 4447 2332 4514 ϐρίας.
2368 4446 2504 4498 Ἀλλ’
2541 4447 2602 4498 06
2639 4447 2705 4497 τὰ
2742 4447 2978 4514 ἡμέτερα
3006 4443 3249 4502 τοιαῦτα,
3287 4443 3420 4492 ἀλλά
3456 4439 3592 4507 μετὰ
3621 4439 3808 4500 ἀδείας

2159 4532 2372 4600 ἀπάσης
2402 4534 2782 4585 ἀναπετάσασα
2804 4531 2928 4591 τοὺς
2951 4530 3175 4590 κόλπους
3208 4529 3240 4596 ή
3278 4526 3587 4593 Ἐκκλησία,
3619 4525 3808 4593 χερσὶν

2158 4618 2374 4680 ὑπτίαις
2405 4619 2616 4670 ᾶπαντα
2641 4617 2706 4667 τά
2727 4618 2820 4684 τῆς
2853 4615 3171 4682 οἰκουμένης
3189 4612 3304 4664 καθ’
3329 4611 3560 4677 ἐκάστην
3591 4611 3808 4678 ἡμέραν

2157 4705 2470 4773 ὑποδέχεται
2503 4704 2651 4771 ἔθνη.
2685 4703 2852 4754 Τοῦτο
2890 4702 2994 4768 γάρ
3028 4701 3118 4750 καὶ
3153 4702 3200 4749 οἱ
3233 4697 3435 4766 πρῶτοι
3467 4696 3574 4746 τῶν
3599 4695 3809 4763 δογμά-

2158 4808 2262 4842 των
2304 4790 2604 4842 διδάσκαλοι
2656 4789 2802 4859 παρὰ
2849 4787 2939 4839 τοῦ
2993 4785 3318 4850 Μονογενοῦς
3372 4781 3802 4849 ἐκελεύσθησαν,

2157 4877 2353 4945 ταύτην
2378 4878 2574 4938 εὐθέως
2599 4877 2922 4935 ἀκούσαντες
2944 4873 3038 4941 τὴν
3065 4875 3261 4940 φωνήν·
3289 4868 3676 4935 Πορευθέντες
3698 4883 3807 4936 μα-

2159 4963 2479 5026 θητεύσατε
2507 4959 2699 5012 ,πάντα
2737 4962 2807 5011 τὰ
2833 4959 2992 5022 ἔθνη.
3031 4955 3226 5007 Σκόπει
3257 4955 3313 5007 δέ
3345 4971 3433 5022 μοι
3462 4953 3576 5015 πῶς
3605 4953 3664 5003 06
3702 4953 3804 5021 τὴν

2160 5049 2346 5115 κλῆσιν
2369 5047 2476 5100 τῶν
2505 5047 2668 5098 ἐθνῶν
2698 5047 2910 5113 ᾐνίξατο
2947 5044 3100 5112 μόνον
3139 5045 3166 5093 6
3206 5042 3506 5109 προφήτης,
3544 5039 3676 5092 ἀλλά
3709 5039 3805 5092 καὶ

2159 5135 2254 5201 τήν
2309 5135 2443 5202 μετά
2487 5133 2786 5202 προθυμίας
2826 5129 3001 5182 αὐτῶν
3051 5128 3312 5194 ὑπακοήν.
3351 5126 3422 5177 06
3470 5125 3574 5194 γάρ
3625 5120 3801 5188 εἶπεν,

2159 5219 2508 5288 ἀχθήσονται,
2557 5219 2720 5278 ἀλλά,
2754 5217 3068 5276 Ἤξουσινο
3107 5215 3240 5280 ὅπερ
3290 5212 3470 5279 ἕτερος
3518 5211 3826 5279 προφήτης,

2161 5303 2482 5371 σαφέστερον
2513 5299 2912 5368 ἐνδεικνύμενος
2932 5297 3081 5363 ἔλεγε
3106 5313 3118 5325 ·
3145 5297 3247 5348 Καὶ
3272 5298 3341 5348 οὺ
3365 5295 3448 5362 μὴ
3478 5292 3806 5346 διδάξωσιν

2157 5381 2404 5451 ἕκαστος
2436 5389 2537 5439 τὸν
2561 5387 2815 5451 πολίτην
2843 5383 3046 5447 αὐτοῦ,
3084 5382 3180 5434 καί
3213 5382 3463 5446 ἕκαστος
3491 5380 3596 5432 τὸν
3622 5379 3803 5432 ἀδελ·

2156 5474 2271 5540 μὸν
2311 5475 2509 5535 αὑτοῦ,
2547 5473 2757 5540 λέγων,
2804 5469 2992 5524 Γνῶθι
3041 5470 3144 5522 τὸν
3172 5470 3406 5534 Κύριον,
3454 5467 3542 5520 ὅτι
3581 5467 3804 5532 πάντες

2154 5560 2466 5623 εἱδιξσουσί
2491 5577 2564 5627 με
2601 5559 2716 5610 ἀπὸ
2745 5556 2960 5625 μικροῦ
2989 5556 3094 5619 ἕως
3117 5555 3383 5622 μεγάλου
3419 5553 3632 5605 αὐτῶν.
3677 5553 3804 5605 Ἐπὶ

2160 5648 2254 5714 μὲν
2287 5649 2389 5714 γάρ
2419 5647 2522 5697 τῶν
2557 5646 2822 5697 Ἰουδαίων
2852 5644 2939 5695 καὶ
2971 5647 3001 5713 ή
3032 5643 3200 5703 κτίσις
3233 5640 3675 5708 ἀνεστοιχειοῦτο,
3708 5641 3805 5694 καὶ

2212 5832 2234 5869 ἀ
2261 5835 2372 5891 ιῖίις.
2404 5832 2454 5877 οὐ
2479 5830 2750 5885 δοθήσονται
2771 5832 2863 5874 τῶν
2888 5829 3039 5874 αὐτῶν
3092 5828 3321 5876 Ἰουδαίαν,
3355 5832 3580 5894 ἁρμόσας,
3619 5843 3798 5893 χιε-τρες

2156 5908 2267 5942 11.;1,
2300 5895 2442 5942 taxi}.
2473 5896 2535 5955 τῷ
2562 5895 2656 5954 nc];
2682 5895 2770 5938 τῶν
2807 5891 3042 5938 leuia-ﬁrm
3067 5892 3286 5951 ἁρμόσαι.
