4044 6402
291 422 369 477 29
1584 403 1647 457 IN
1679 398 1926 463 lSAIAM,
1967 399 2121 454 CAP.
2166 401 2229 454 ll.
3482 435 3553 490 30

280 527 585 594 prophetias
635 525 1035 579 adumbrabant.
1084 522 1232 589 Quod
1264 536 1403 576 enim
1442 534 1544 573 non
1573 518 1640 572 de
1670 514 1849 571 Jud:ea

278 627 331 669 et
351 617 419 671 de
442 614 730 671 Jerusalem
756 630 933 669 sermo
959 607 1129 676 esset,
1151 612 1352 681 singula
1382 612 1516 665 dicta
1545 609 1595 662 in
1625 605 1857 660 medium

278 707 627 771 adducentes,
659 717 899 760 accurate
924 704 1429 759 demonstrabimus.

352 796 488 861 Quid
514 797 789 866 signiﬁcent
821 797 983 856 verba,
1018 813 1036 846 ‹
1066 796 1117 847 in
1139 793 1417 847 novissimis
1438 791 1609 843 diebus
1632 808 1676 841 ι.
1708 788 1857 841 Mons

289 885 493 939 Domini
537 886 768 938 Ecclesia
812 899 914 949 est;
962 884 1193 938 Ecclesia
1234 893 1409 936 vexata
1459 882 1572 933 vicit
1618 891 1663 933 et
1708 889 1856 931 aucta

279 987 369 1026 est.
401 1003 475 1013 —
516 974 568 1027 2.
620 974 728 1026 Erit
770 976 820 1027 in
867 975 1145 1027 novissimis
1181 974 1351 1025 diebus
1382 972 1673 1040 manifestus
1714 986 1857 1022 mons

283 1064 507 1117 Domini.
534 1065 663 1118 Vide
690 1066 957 1133 propheta}
986 1064 1401 1126 accurationem,
1431 1063 1520 1131 qui
1553 1077 1658 1114 non
1686 1060 1857 1115 solum

282 1174 391 1211 rem
422 1158 585 1220 dicit,
635 1158 726 1211 sed
769 1168 974 1226 tempus
1013 1157 1170 1210 etiam
1212 1156 1488 1224 significat.
1537 1154 1686 1221 Quod
1717 1155 1855 1207 enim

279 1249 407 1302 dicit
452 1249 677 1306 Paulus,
724 1248 850 1302 Cum
893 1257 1057 1299 autent
1102 1247 1230 1299 venit
1276 1245 1531 1313 plenitudo
1577 1254 1858 1313 temporum

281 1339 423 1408 (Gal.
462 1340 516 1392 4.
563 1340 643 1404 4),
671 1348 722 1392 et
749 1338 868 1391 alibi
916 1354 1146 1401 rursum,
1179 1336 1245 1388 In
1292 1335 1716 1403 dispensationem
1744 1334 1855 1403 ple-

280 1430 519 1482 nitudinis
550 1439 825 1497 temporum
867 1428 1080 1495 (Ep/tes.
1112 1430 1163 1481 1.
1195 1426 1282 1495 10)
1306 1466 1322 1491 ,
1375 1427 1476 1480 hoc
1503 1426 1579 1480 sic
1605 1426 1854 1494 exprimit.

281 1518 567 1585 propheta,
614 1517 678 1570 In
704 1519 981 1570 novissimis
1011 1517 1202 1569 diebus.
1235 1516 1465 1570 Montem
1503 1525 1677 1569 autem
1708 1524 1860 1569 vocat

284 1608 573 1661 Ecclesium
600 1649 615 1671 ,
659 1617 709 1661 et
738 1607 1161 1674 inexpugnabilia
1188 1606 1453 1675 dogmata.
1504 1605 1859 1671 Quemadmo-

279 1697 405 1749 dum
433 1698 572 1751 enim
598 1697 639 1749 si
668 1697 1047 1764 quisadvcrsus
1071 1704 1277 1750 montes
1309 1697 1613 1750 innmneros
1644 1695 1859 1764 objiciat

278 1787 541 1839 exercitus
564 1826 579 1850 ,
609 1802 761 1840 arcus
792 1787 1087 1851 tendentes,
1121 1790 1296 1841 hastas
1326 1787 1593 1841 vibrantes
1613 1826 1627 1852 ,
1661 1788 1859 1839 machi-

282 1893 373 1929 nas
403 1877 748 1931 admoventes
772 1917 787 1941 ,
834 1878 949 1931 illos
995 1878 1204 1945 quidem
1247 1877 1391 1930 nullo
1421 1877 1614 1930 damno
1643 1876 1858 1931 allicere

280 1978 544 2036 poterunt,
578 1970 668 2022 sed
692 1980 999 2037 consumpta
1028 1971 1237 2038 propria
1258 1968 1560 2022 fortitudine
1577 1970 1853 2023 recedent:

280 2061 356 2111 sic
404 2069 458 2113 et
504 2059 821 2127 quicumque
870 2061 1153 2113 Ecclesium
1204 2060 1671 2128 impugnaverunt.
1723 2061 1858 2115 hanc

280 2149 490 2212 quidem
540 2163 642 2201 non
689 2149 976 2212 laeserunt,
1020 2147 1113 2201 sed
1160 2164 1251 2200 sua
1279 2149 1471 2201 amissa
1502 2150 1731 2217 potentia
1763 2167 1858 2218 pu-

278 2239 407 2291 dure
432 2246 554 2290 sunt
581 2237 770 2301 allecti,
803 2237 925 2289 dum
958 2238 1176 2291 ferirent
1204 2238 1397 2303 soluti,
1449 2238 1574 2292 dum
1618 2241 1731 2293 telis
1757 2240 1857 2293 im-

280 2337 518 2393 peterent
548 2327 817 2393 inﬁrmati,
841 2327 963 2380 dum
991 2344 1205 2397 agerent
1229 2344 1255 2381 a
1290 2329 1607 2399 patientibus
1628 2330 1817 2385 devicti
1840 2350 1853 2386 :

278 2419 364 2485 qui
400 2426 483 2471 est
527 2433 655 2471 sane
701 2418 998 2485 inepinatus
1046 2420 1276 2473 victoriae
1307 2421 1529 2485 modus,
1562 2437 1718 2491 quem
1749 2438 1853 2477 non

282 2510 521 2564 homines
547 2512 775 2579 assequi,
799 2513 889 2565 sed
925 2512 1061 2564 Deus
1092 2512 1232 2565 solus
1254 2521 1444 2581 potest.
1473 2513 1603 2567 Nam
1628 2525 1772 2568 certe
1803 2516 1853 2568 in

282 2601 516 2655 Ecclesia
544 2602 782 2656 mirabile
810 2613 923 2667 est,
960 2620 1062 2655 non
1091 2603 1228 2670 quod
1263 2605 1463 2667 vicerit,
1497 2605 1589 2657 sed
1615 2605 1753 2673 quod
1783 2605 1853 2657 ita

281 2692 483 2744 vicerit.
530 2692 754 2760 lmpulsa
795 2694 967 2755 enim,
1018 2702 1225 2758 vexata,
1282 2695 1569 2746 innumeris
1597 2709 1853 2748 concussa

280 2779 471 2844 modis,
504 2794 606 2832 non
636 2781 792 2833 modo
821 2796 922 2833 nou
955 2782 1310 2846 minuebatur,
1334 2783 1425 2835 sed
1461 2783 1631 2851 major
1657 2783 1853 2838 evade-

280 2872 386 2937 bat,
433 2879 488 2924 et
528 2886 620 2924 eos
650 2872 739 2939 qui
774 2872 821 2923 id
853 2871 1023 2925 facere
1052 2874 1322 2927 tentabant
1366 2873 1611 2943 patiendo
1652 2883 1853 2928 tantum

281 2959 623 3027 pi-olligabat;
658 2960 710 3013 id
734 2960 871 3028 quod
891 2962 1102 3014 adamas
1132 2962 1270 3014 ferro
1297 2962 1559 3030 impetitus
1574 2962 1851 3025 facit,dum

281 3064 562 3115 percussus
592 3059 792 3101 tantum
822 3051 977 3101 solvit
1021 3052 1359 3116 percutientis
1388 3051 1578 3114 robur;
1623 3052 1851 3105 stimuli-

278 3155 379 3203 que
410 3139 804 3191 calcitrantibus
846 3139 1070 3205 objecti,
1118 3157 1220 3192 non
1252 3140 1550 3194 obtusiores
1581 3141 1702 3196 inde
1727 3142 1851 3195 red.

275 3231 490 3291 duntur,
521 3228 612 3281 sed
643 3229 1027 3281 calcitrantimn
1062 3231 1218 3297 pedes
1246 3242 1542 3285 cruentaut.
1573 3234 1695 3287 ldeo
1724 3249 1852 3289 sane

278 3330 515 3371 montem
542 3318 762 3370 vocavit.
811 3318 960 3383 Quod
1003 3320 1043 3373 si
1085 3322 1448 3389 metaphoram
1480 3338 1583 3376 non
1610 3324 1853 3379 admittat

276 3408 521 3470 .ludaeus,
573 3409 913 3462 domesticam
964 3411 1184 3479 accipiat
1242 3414 1677 3485 confutationem.
1737 3415 1853 3483 Ipse

279 3500 530 3568 propheta
558 3500 682 3553 dicit
708 3501 856 3568 lupos
889 3510 940 3552 et
965 3517 1129 3571 agnos
1155 3504 1456 3557 communia
1489 3520 1679 3573 pascua
1704 3506 1853 3561 babi-

278 3602 422 3643 turos
446 3633 461 3656 ,
504 3601 558 3644 et
604 3592 796 3644 muscis
838 3592 1130 3662 apibusque
1156 3594 1320 3648 Deum
1350 3596 1684 3651 sibilaturum
1706 3640 1719 3664 ,
1750 3598 1851 3653 Πυ-

276 3685 521 3751 viumque
543 3684 907 3736 vehementem
924 3684 1270 3739 adducturum
1302 3688 1351 3740 in
1373 3686 1602 3754 Judwos,
1631 3705 1694 3744 eo
1712 3692 1853 3760 quod

276 3772 373 3837 ipsi
425 3771 620 3825 habere
663 3772 925 3825 noluerint
966 3789 1157 3842 aquam
1184 3775 1381 3830 Siloam
1429 3776 1579 3847 (Isai.
1608 3781 1695 3834 Η.
1726 3780 1779 3835 6.
1804 3792 1850 3836 et

275 3862 361 3915 05.
394 3862 501 3924 25;
535 3863 584 3913 7.
622 3862 719 3917 18'.
752 3863 802 3916 8.
835 3863 885 3917 6.
918 3864 990 3932 7).
1042 3865 1172 3930 Quae
1201 3868 1246 3918 si
1274 3868 1390 3935 quis
1428 3868 1493 3921 ad
1520 3870 1737 3924 verbum
1765 3887 1861 3927 ach

272 3955 507 4021 ceperit,
538 3968 663 4007 sane
692 3956 1035 4025 intelligibilia
1068 3974 1172 4011 non
1216 3971 1341 4013 sunt
1373 3979 1385 4015 :
1421 3978 1603 4017 verum
1645 3974 1853 4033 oportet

274 4059 332 4096 ca
356 4059 473 4110 qua:
497 4044 577 4097 his
598 4045 957 4114 significantur
974 4050 1235 4118 accipere,
1266 4052 1445 4121 sicque
1470 4057 1849 4110 sententiarum

274 4138 466 4190 seriem
501 4138 643 4191 varie
686 4137 998 4208 intelligere.
1045 4141 1298 4206 Qurenam
1345 4144 1502 4212 igitur
1543 4145 1623 4199 his
1651 4148 1852 4217 signifi-

274 4226 509 4277 cantur?
558 4226 657 4280 Per
699 4228 849 4296 lupos
878 4240 929 4282 et
966 4245 1162 4299 agnos,
1211 4232 1483 4287 hominum
1520 4252 1699 4291 mores
1729 4254 1848 4293 cum

276 4315 470 4368 ferinos
512 4323 623 4368 tum
658 4328 958 4373 mansuetos
988 4320 1219 4386 indicat;
1273 4338 1366 4391 per
1404 4341 1613 4379 muscas
1635 4367 1647 4391 ,
1681 4328 1850 4397 impu-

273 4403 504 4457 dentiam
524 4404 893 4475 Egyptiorum
920 4425 933 4472 ;
964 4425 1055 4477 per
1084 4411 1318 4479 lluvimn,
1351 4415 1652 4470 violentiam
1686 4435 1850 4474 exer-

271 4499 407 4551 citus
436 4499 678 4563 barbari;
725 4518 818 4569 per
845 4502 1041 4557 Siloam
1062 4547 1075 4568 ,
1110 4507 1565 4562 mansuetudinem
1599 4512 1848 4565 modera-

274 4589 575 4652 tionemque
602 4589 736 4659 ejus,
764 4592 851 4659 qui
876 4601 997 4647 tunc
1024 4595 1335 4663 imperabat,
1366 4600 1503 4668 regis
1523 4600 1847 4657 Judmorum.

270 4677 541 4748 Nemoque
565 4682 643 4735 vel
665 4697 727 4735 ex
758 4683 1203 4752 insipientioribus
1225 4691 1360 4743 circa
1396 4694 1508 4745 hagc
1538 4694 1691 4748 nobis
1717 4711 1846 4749 eon-

272 4766 511 4819 tradicet.
540 4769 989 4834 Quemadmodum
1024 4778 1177 4844 igitur
1209 4781 1291 4831 illa
1312 4781 1426 4834 aliis
1449 4793 1568 4835 sunt
1601 4801 1848 4853 expressa

272 4856 593 4922 nominibus,
626 4860 703 4911 sic
731 4860 819 4915 ille
850 4864 1103 4917 Ecclesia:
1136 4867 1435 4923 firmitatem
1458 4911 1471 4934 ,
1505 4872 1847 4928 iunnobilita-

272 4955 416 5009 tem,
466 4948 878 5017 sublimitatem,
937 4955 1340 5025 inexpugnabile
1397 4962 1596 5026 robur,
1654 4967 1849 5022 montis

271 5036 483 5089 nomine
512 5037 878 5094 subindicavit.
910 5042 975 5095 Et
1000 5045 1132 5097 alius
1164 5048 1423 5115 propheta
1455 5051 1574 5105 illos
1603 5054 1690 5122 qui
1715 5071 1843 5111 con-

272 5126 439 5181 ﬁdunt
482 5129 532 5181 in
576 5130 798 5186 Domino
842 5136 1006 5189 monti
1036 5150 1339 5209 comparat,
1386 5144 1630 5197 invictum
1663 5162 1846 5203 eorum

270 5217 629 5273 fortitudinem
652 5225 936 5279 ostemlens
968 5227 1134 5298 (Psal.
1172 5231 1289 5285 liti.
1326 5235 1398 5303 l}.
1437 5235 1755 5307 Manifestus.
1794 5239 1849 5294 ld

267 5310 409 5361 nulla
439 5308 686 5379 deinceps
715 5312 1146 5382 interpretatione
1169 5321 1381 5391 indiget.
1416 5324 1502 5378 Sic
1527 5327 1639 5394 ipsa
1671 5344 1846 5384 rerum

266 5409 453 5451 natura
503 5401 623 5454 tuba
668 5403 943 5459 clariorem
993 5411 1185 5463 emittit
1236 5428 1452 5479 vocem,
1507 5417 1844 5483 splendorem

263 5492 553 5546 ostendens
595 5494 863 5551 Ecclesiaz.
920 5500 1126 5555 Etenim
1159 5519 1330 5573 neque
1372 5508 1449 5560 sol
1494 5508 1562 5561 ita
1608 5511 1845 5577 Splendi-

254 5578 362 5647 'du_s
388 5621 403 5642 ,
434 5594 606 5651 neque
634 5586 746 5653 ejus
772 5588 857 5641 lux
903 5589 971 5642 ita
998 5594 1135 5644 clara
1162 5580 1359 5656 estiut
1387 5585 1519 5650 sunt
1539 5614 1623 5653 res
1651 5602 1715 5654 ad
1748 5604 1847 5656 Ee-

262 5671 842 5745 clesianrspcctantcs.
892 5680 1026 5735 Nam
1056 5683 1249 5738 Domus
1280 5685 1374 5739 Dci
1422 5704 1576 5758 supra
1619 5694 1845 5748 verticem

269 5765 527 5817 monitum.
544 5770 559 5775 ”

2034 514 2084 566 5.
2108 514 2385 581 Quomodo
2405 513 2520 572 btcc
2539 514 2915 587 interpretatus
2938 520 3093 577 fuerit
3118 525 3365 582 Judmus?
3390 532 3552 585 Tem-

1963 607 2106 674 plum
2149 607 2292 660 enim
2333 623 2438 661 non
2479 618 2562 664 est
2607 624 2765 680 supra
2813 616 3064 668 verticem
3106 620 3365 674 montium
3398 640 3411 675 :
3446 623 3550 677 Ec-

1962 700 2136 752 clesia:
2165 709 2342 753 autem
2376 709 2607 768 potestas
2648 705 2791 772 ipsos
2826 707 3033 776 attingit
3070 711 3251 765 cmhrs.
3296 714 3359 766 Et
3401 720 3550 784 quasi

1961 787 2152 843 domus
2189 804 2347 858 supra
2391 792 2642 846 verticem
2691 796 2948 850 montium
2990 800 3157 866 posita
3200 802 3446 857 onmilms
3472 816 3555 858 est

1964 878 2262 943 manifesta,
2294 881 2372 935 sic
2399 890 2454 935 et
2482 884 2649 937 multo
2677 886 2843 954 magis
2872 889 3120 943 omnibus
3146 894 3427 960 conSpicua
3458 895 3553 947 ho-

1963 969 2193 1023 minibus
2233 971 2319 1024 illa
2360 975 2547 1028 evasit.
2594 974 2658 1028 Et
2698 979 3001 1032 exaltabitur
3039 998 3189 1047 super
3223 986 3397 1039 colles.
3444 987 3554 1042 Hoc

1964 1061 2133 1129 ipsum
2163 1077 2346 1116 rursus
2376 1064 2750 1133 interpretatus
2771 1078 2871 1135 est,
2902 1072 3040 1139 quod
3067 1075 3261 1144 templo
3284 1076 3372 1131 illo
3397 1095 3553 1134 num-

1963 1164 2120 1217 quam
2151 1152 2405 1220 contigit,
2435 1170 2609 1224 neque
2635 1172 2756 1211 cum
2785 1160 3012 1214 maxime
3045 1161 3233 1219 florere
3259 1167 3544 1224 videretur.

1962 1239 2240 1329 Quomodo
2262 1242 2405 1296 enim
2432 1244 2499 1298 de
2523 1248 2719 1316 templo
2746 1248 3145 1319 intelligeretur,
3167 1257 3309 1324 quod
3329 1258 3397 1314 ab
3423 1260 3550 1329 ipsis

1962 1328 2161 1384 Judzcis
2190 1344 2333 1398 saepe
2361 1332 2801 1404 inhonorabatur,
2830 1339 3279 1414 barbarorumque
3308 1328 3551 1407 manibus

1963 1422 2310 1478 diruebatur?
2358 1426 2611 1483 Ecclesiae
2659 1439 2835 1485 autem
2886 1433 3139 1489 fortitudo
3186 1438 3551 1499 vehementius

1962 1516 2261 1585 saepiusque
2290 1532 2447 1586 quam
2479 1522 2730 1589 templum
2762 1523 3061 1594 impugnata
3092 1527 3190 1581 fuit
3219 1547 3232 1582 :
3263 1546 3548 1602 numquam

1966 1620 2091 1660 vero
2124 1608 2284 1662 cessit
2322 1624 2381 1663 se
2421 1612 2836 1680 oppugnantium
2866 1617 3138 1684 manibus,
3169 1620 3261 1674 sed
3291 1624 3551 1681 excelsior

1964 1698 2322 1768 illustriorque
2351 1702 2585 1756 maxime
2605 1702 2673 1756 ab
2695 1702 2932 1761 hostibus
2958 1706 3092 1763 facta
3114 1718 3216 1765 est.
3242 1712 3390 1769 Tunc
3411 1730 3551 1770 mar-

1966 1797 2137 1858 tyrum
2169 1799 2363 1855 coetus,
2390 1800 2513 1846 tunc
2537 1794 2899 1850 confessorum
2926 1800 3230 1869 multitudo,
3260 1812 3382 1860 tunc
3406 1805 3549 1864 ferro

1964 1880 2225 1935 ﬁrmiores
2246 1882 2436 1936 animae
2459 1884 2897 1955 ostendebantur,
2928 1890 3157 1961 ipsisque
3179 1894 3345 1951 stellis
3370 1898 3547 1967 splen-

1962 1970 2196 2026 didiores
2236 1983 2420 2037 erant,
2456 1976 2687 2030 concisis
2723 1980 3065 2049 corporibus,
3098 1984 3290 2039 animis
3329 1988 3547 2045 minime

1964 2062 2145 2126 victis,
2176 2064 2270 2116 sed
2308 2063 2640 2120 vincentibus
2680 2076 2734 2121 et
2768 2071 3053 2126 coronatis.
3082 2072 3212 2139 Quis
3238 2075 3396 2143 vidit,
3427 2080 3547 2148 quis

1961 2151 2161 2205 audivit
2188 2153 2386 2208 caedem
2418 2163 2628 2224 gestare
2661 2172 2934 2226 coronam,
2961 2160 3345 2232 jugulationem
3376 2169 3544 2224 victo-

1962 2243 2093 2297 riam
2127 2255 2516 2314 reportantem,
2550 2260 2779 2321 tuncque
2806 2255 3092 2309 exercitum
3131 2260 3542 2327 splendidiorem

1961 2335 2228 2401 ell‘ectum,
2260 2352 2380 2391 cum
2413 2340 2593 2407 plures
2622 2340 2717 2395 visi
2745 2352 2868 2397 sunt
2889 2344 2957 2398 ab
2983 2344 3221 2403 hostibus
3245 2350 3509 2421 jugulari?

2043 2424 2279 2480 Validam
2304 2439 2480 2482 contra
2507 2429 2716 2486 Judwos
2748 2434 2919 2489 telum.
2943 2466 3013 2475 —
3035 2436 3099 2489 Et
3124 2441 3317 2494 venient
3340 2444 3408 2495 ad
3434 2461 3543 2498 eam

1960 2533 2129 2569 omnes
2175 2529 2364 2587 gentes.
2407 2519 2697 2590 Progressu
2742 2524 2937 2579 clarior
2980 2527 3205 2582 cllicitur
3244 2533 3497 2601 prephcta
3524 2576 3539 2600 ,

1960 2624 2261 2663 sermonem
2314 2612 2482 2680 magis
2531 2614 2758 2684 retegit,
2808 2616 3282 2689 dilucidioremque
3328 2624 3544 2681 exhibet

1963 2699 2328 2767 prephetiam,
2370 2704 2775 2772 accuratiusque
2821 2705 3124 2763 Judccorum
3168 2714 3377 2767 censuit
3424 2731 3538 2770 ora.

1960 2789 2071 2844 lloc
2099 2791 2271 2855 enim,
2314 2793 2521 2846 etiamsi
2560 2794 2845 2851 admodum
2891 2801 3221 2869 impudentes
3255 2806 3393 2873 sint,
3437 2823 3540 2863 nou

1962 2888 2208 2946 poterunt.
2232 2881 2299 2935 ad
2330 2881 2581 2952 templum
2609 2902 2759 2940 suum
2790 2889 3007 2946 referre.
3042 2896 3109 2947 At
3136 2896 3277 2950 enim
3308 2899 3542 2967 prohibi-

1962 2980 2069 3023 tmn
2092 2982 2226 3036 erat,
2253 2972 2409 3042 idque
2429 2976 2827 3033 accuratissime
2848 2980 3243 3049 observabatur,
3268 3002 3334 3041 ne
3358 3000 3543 3056 gentes

1960 3060 2012 3113 in
2051 3062 2304 3131 templum
2339 3064 2637 3121 introirent.
2685 3068 2883 3139 Ecquid
2924 3072 3043 3127 dico
3080 3074 3132 3128 in
3171 3079 3420 3147 templum
3457 3081 3542 3135 iu-

1960 3153 2121 3206 troire
2147 3194 2161 3217 ,
2206 3157 2419 3222 quando
2462 3158 2590 3226 ipsis
2636 3160 2719 3214 lex
2763 3176 2882 3215 cum
2932 3166 3075 3232 gravi
3116 3166 3544 3229 intermiuatione

1958 3243 2272 3308 prohibebat
2309 3261 2376 3300 ne
2406 3262 2526 3300 cum
2556 3250 2803 3317 gentibus
2840 3255 3343 3325 commiscerentur,
3372 3272 3423 3316 et
3449 3279 3543 3317 cx-

1960 3342 2155 3387 trcmas
2183 3334 2249 3387 de
2281 3334 2363 3389 his
2402 3337 2647 3407 exigebat
2686 3342 2901 3408 poenas?
2936 3342 3093 3400 Certe
3134 3349 3389 3417 propheta
3435 3356 3544 3423 Ag-

1957 3441 2101 3494 gaeus
2129 3436 2293 3481 totam
2332 3428 2431 3483 hac
2466 3430 2516 3483 in
2550 3446 2608 3484 re
2643 3447 2792 3486 suam
2824 3439 3149 3506 consumpsit
3181 3443 3545 3511 prophetiam,

1961 3517 2229 3584 incusans,
2258 3519 2611 3585 comminans,
2646 3536 2829 3589 poenas
2858 3536 3102 3594 repetens
3128 3528 3193 3583 de
3224 3531 3401 3585 illicita
3431 3534 3545 3587 afti-

1959 3609 2144 3663 nitate.
2190 3612 2258 3663 At
2305 3621 2482 3665 nostra
2530 3612 2652 3666 talia
2701 3629 2807 3668 non
2845 3627 2998 3681 sunt,
3027 3619 3121 3673 sed
3159 3622 3393 3679 Ecclesia
3424 3641 3544 3682 cum

1959 3705 2101 3757 omni
2131 3704 2380 3759 facilitate
2408 3707 2584 3760 sinum
2624 3723 2780 3763 suum
2819 3712 3155 3780 expandens,
3186 3715 3390 3783 supinis
3428 3734 3544 3771 mam

1961 3795 2113 3848 nibus
2136 3810 2323 3850 omnes
2346 3796 2489 3851 orbis
2518 3800 2675 3853 totius
2699 3809 2883 3869 gentes
2910 3804 3145 3870 quotidie
3169 3808 3405 3875 suscipit.
3433 3808 3545 3864 [loc

1958 3889 2097 3941 enim
2126 3891 2277 3958 primi
2305 3890 2378 3946 illi
2405 3890 2711 3961 dogmatum
2734 3894 2977 3950 doctores
3002 3898 3067 3950 ab
3091 3896 3370 3966 Unigenito
3395 3916 3544 3951 man-

1958 3981 2138 4035 datum
2178 3993 2533 4052 acceperunt,
2570 3984 2668 4038 hac
2710 3985 2888 4039 statim
2930 3987 3104 4040 audita
3147 4002 3274 4043 voce
3309 4007 3319 4039 :
3354 3990 3543 4043 Euntes

1959 4074 2126 4125 docete
2156 4089 2323 4125 omnes
2361 4084 2529 4143 gentes
2560 4076 2577 4142 (
2604 4074 2790 4129 Matth.
2830 4074 2921 4130 28.
2951 4076 3075 4148 19).
3111 4079 3341 4134 Adverte
3368 4091 3543 4135 autem

1956 4164 2225 4232 quomodo
2255 4179 2358 4217 non
2391 4175 2590 4218 tantum
2620 4167 2951 4221 vocationem
2981 4169 3215 4237 gentium
3249 4170 3545 4225 subindica-

1957 4258 2031 4309 vit
2070 4258 2324 4327 propheta
2344 4300 2357 4323 ,
2388 4258 2481 4313 sed
2510 4260 2667 4312 etiam
2696 4274 2877 4313 earum
2910 4271 3207 4330 promptam
3235 4270 3288 4315 et
3314 4262 3544 4317 alacrem

1957 4348 2383 4417 obsequentiam.
2411 4350 2522 4404 Non
2552 4351 2693 4404 enim
2722 4350 2872 4416 dixit,
2904 4351 3264 4415 Adducentur,
3295 4353 3409 4416 sed,
3451 4352 3546 4406 Ve-

1957 4440 2092 4492 nient
2121 4455 2138 4491 :
2167 4440 2216 4492 id
2256 4439 2397 4508 quod
2435 4441 2572 4494 alius
2611 4439 2865 4507 propheta
2905 4440 3097 4493 clarius
3135 4441 3423 4495 ostendens
3462 4442 3545 4496 di-

1957 4532 2110 4586 cebat
2135 4550 2145 4585 :
2172 4531 2241 4584 Et
2270 4548 2368 4584 non
2397 4531 2640 4585 docebunt
2664 4530 3002 4598 unusquisque
3026 4532 3278 4584 concivem
3308 4549 3475 4595 suum,
3500 4544 3547 4587 et

1958 4626 2291 4693 unusquisque
2318 4624 2528 4689 fratrem
2556 4638 2699 4675 suum
2728 4621 2928 4687 dicens,
2957 4622 3211 4691 Cognosce
3236 4623 3510 4677 Dominum
3528 4667 3544 4690 ,

1956 4719 2073 4785 quia
2102 4732 2270 4768 omnes
2306 4716 2459 4768 scient
2493 4731 2572 4767 me
2604 4732 2635 4767 a
2670 4732 2822 4782 paruo
2852 4731 3008 4785 usque
3032 4718 3101 4769 ad
3129 4735 3364 4787 magnum
3393 4719 3539 4785 (Jer.

1955 4808 2042 4861 51.
2084 4807 2212 4874 54).
2246 4806 2396 4872 Quod
2434 4806 2500 4860 ad
2539 4805 2754 4861 Judteos
2796 4809 2935 4860 enim
2976 4809 3249 4877 spectabat
3284 4820 3543 4863 creatura:

1955 4896 2195 4951 ordinem
2234 4911 2385 4950 suum
2425 4897 2701 4952 mutabant
2730 4899 2827 4968 (α),
2856 4897 3077 4952 aderant
3106 4897 3412 4967 frequentes
3441 4900 3542 4951 mi-

1957 5005 2059 5052 nae,
2092 4989 2350 5059 supplicia
2374 4989 2612 5055 assidua,
2641 4989 2828 5043 crebra
2858 4988 3129 5052 miracula,
3164 4988 3539 5057 prOphetarum

1955 5082 2259 5145 discursus,
2292 5080 2611 5151 legislatoris
2651 5081 2843 5145 timor,
2876 5080 3332 5135 interminationes
3369 5080 3540 5137 bello-

2020 5242 2090 5302 (a)
2128 5240 2183 5289 In
2205 5246 2384 5297 Grzeco,
2407 5249 2707 5302 ἀνιστθιχιιηῡτο.
2736 5237 2944 5302 obscura
2972 5238 3098 5302 vocis
3120 5238 3423 5302 sngnilicatio.
3446 5240 3543 5287 'l'il-

1955 5297 2157 5352 manuus
2182 5302 2367 5370 vertit;
2393 5297 2618 5347 creatura
2642 5297 2788 5346 etiam
2826 5300 2931 5371 ipsa
2968 5297 3017 5370 in
3050 5297 3285 5371 primario
3311 5300 3541 5371 elementa

1953 5365 2159 5413 resoluta
2184 5368 2269 5431 es_t.
2296 5362 2377 5431 Hic
2399 5367 2563 5408 autem
2578 5372 2740 5431 sermo
2766 5370 2841 5409 est
2859 5359 2922 5408 de
2939 5359 3541 5431 signisncastigationibus,

1955 5426 2159 5487 aliisque
2182 5424 2239 5471 ad
2260 5422 2448 5487 Judaaos
2466 5424 2859 5482 praevaricatores
2876 5423 3345 5487 perterrefacieudos
3369 5424 3541 5487 immis-

1954 5492 2049 5545 sis;
2078 5483 2147 5543 nt,
2163 5483 2375 5555 exempli
2394 5495 2555 5553 causa,
2574 5494 2681 5555 cum
2705 5483 3005 5555 terrzebiatu
3032 5483 3152 5533 Core
3179 5490 3228 5555 et
3245 5483 3446 5553 asseclze
3462 5483 3541 5555 al).

1955 5550 2103 5608 sorpti
2128 5545 2461 5608 sunt,_aliique_
2487 5545 2603 5604 igne
2627 5546 2884 5605 absumpti,
2909 5557 3015 5608 cum
3033 5548 3293 5608 serpentes
3324 5545 3539 5601 immissi,

1955 5604 2063 5659 cum
2086 5605 2305 5655 sauiuele
2330 5605 2646 5654 concionante
2670 5604 2818 5655 voces
2843 5615 2893 5655 et
2934 5604 3104 5667 pluvia:
3128 5604 3251 5651 daue
3276 5612 3406 5667 sunt,
3431 5618 3541 5666 quas

1957 5670 2181 5733 pOpuhnn
2213 5673 2593 5733 exterruerunt;
2635 5681 2729 5715 uno
2746 5669 2903 5733 verbo
2937 5665 3042 5733 cum
3079 5673 3260 5713 naturae
3297 5665 3539 5716 elementa

1957 5729 2173 5780 ordinem
2197 5741 2337 5776 suum
2362 5729 2633 5787 mutabant;
2661 5738 2712 5777 et.
2744 5730 2834 5777 hoc
2866 5731 3004 5777 modo
3029 5741 3210 5787 vocent,
3235 5738 3537 5791 ἀνιστοιιωῡιυ.

1963 5793 2253 5845 reddendam
2278 5801 2390 5839 esse
2418 5791 2571 5839 visum
2596 5791 2735 5843 nobis
2759 5798 2850 5842 est.
