4044 6402
525 407 587 460 31
1259 405 1312 460 S.
1349 404 1624 462 JOANNIS
1660 402 2132 461 CIIRYSOSTOMI
2171 404 2482 463 ARCIIIEP.
2523 407 3047 468 CONSTANTINOP.

525 533 640 572 tum
660 559 675 585 ,
705 517 1047 573 barbarorum
1077 519 1436 586 incursiones,
1465 535 1492 573 a
1523 521 1630 574 Deo
1657 520 1906 573 immissa:
1932 519 2100 572 vindi-

522 619 642 675 ctze,
671 610 1044 679 castigationes
1070 626 1132 664 ex
1160 611 1302 664 culis
1333 612 1554 665 invecta:
1580 627 1591 662 :
1617 609 2005 680 manebantque
2026 610 2097 662 illi

521 701 652 754 dura
679 702 886 756 cervice
915 710 968 755 et
1010 701 1384 766 ineircumcisi,
1411 709 1468 755 ut
1501 700 1575 754 ait
1611 699 1933 768 Stephanus,
1964 713 2100 768 prte-

521 796 708 858 fracti,
735 804 787 849 et
812 795 1028 850 difficile
1066 794 1313 850 cedentes
1335 794 1482 863 (Act.
1507 792 1560 848 7.
1587 793 1719 861 5t);
1757 791 1823 845 ad
1863 792 2098 861 gentium

524 901 653 942 vero
677 883 1055 958 [vocationem]
1085 886 1213 940 satis
1238 883 1336 940 fuit
1358 885 1567 939 unicum
1595 891 1856 952 tenueque
1877 881 2098 936 verbum

517 978 801 1043 audivisse,
828 987 884 1033 et
911 992 1098 1033 omnes
1121 976 1399 1033 confestim
1419 983 1782 1033 accurrerunt.
1803 974 1955 1043 Quod
1974 974 2098 1029 sub-

477 1089 481 1096 ·
518 1071 754 1126 indicans
787 1070 948 1125 David
977 1069 1186 1126 dicebat
1218 1088 1232 1124 :
1264 1068 1524 1139 Populus,
1551 1084 1698 1138 quem
1727 1084 1828 1122 non
1857 1066 2094 1138 cognovi,

513 1161 711 1215 servivit
750 1159 1090 1231 nihi(Psal.
1126 1161 1215 1215 17.
1255 1160 1391 1230 45);
1430 1169 1485 1214 et
1527 1159 1742 1213 modum
1781 1157 2096 1213 obedientite

512 1249 780 1307 admirans
822 1252 1133 1320 subjiciebat
1162 1269 1175 1306 :
1206 1251 1274 1305 In
1312 1251 1488 1304 auditu
1528 1251 1667 1304 auris
1701 1251 1915 1305 obedivit
1949 1249 2091 1302 mihi.

514 1343 625 1398 lloc
656 1344 825 1412 ipsmu
856 1355 910 1399 et
936 1343 1100 1398 Jacob
1135 1342 1468 1413 :enigmatico
1496 1358 1644 1398 more
1678 1343 1955 1398 declarans
1984 1344 2093 1397 aie-

512 1433 602 1487 bat
629 1450 644 1487 :
671 1431 860 1504 Ligans
887 1433 956 1486 ad
992 1434 1185 1487 vineam
1228 1433 1424 1503 pullum
1455 1449 1603 1487 suum
1622 1475 1637 1499 ,
1672 1442 1718 1488 et
1743 1434 1812 1487 ad
1835 1433 2094 1486 surculum

513 1523 710 1593 pullum
739 1526 898 1579 asinis
923 1539 1030 1579 suat
1057 1524 1208 1597 (Gen.
1239 1525 1330 1580 69.
1363 1526 1474 1595 11).
1503 1527 1572 1580 At
1595 1526 1714 1595 quis
1739 1526 1866 1580 vidit
1891 1526 2092 1594 pullum

511 1615 675 1670 asina:
719 1615 933 1670 surculo
969 1615 1242 1685 alligatum
1272 1626 1326 1671 et
1353 1616 1522 1671 viuere
1548 1617 1842 1670 adstantem
1863 1658 1878 1682 ,
1905 1626 1958 1671 et
1987 1616 2094 1670 fru-

512 1715 653 1758 ctum
685 1720 789 1759 non
831 1706 1306 1774 pessumdantcm?
1333 1707 1387 1761 lu
1419 1707 1586 1761 brutis
1611 1707 1822 1776 quidem
1854 1707 2088 1773 minime,

511 1796 564 1848 in
591 1794 894 1850 hominibus
917 1804 1095 1852 autem
1120 1797 1170 1852 id
1195 1812 1318 1852 vere
1342 1806 1395 1853 et
1420 1799 1592 1867 relpsa
1620 1799 1897 1867 contingit.
1926 1798 2091 1854 Judmi

512 1899 741 1956 namque
771 1887 1068 1944 innumeris
1105 1889 1335 1960 colligati
1374 1889 1594 1944 vinculis
1615 1931 1631 1956 ,
1667 1890 1850 1960 jugum
1875 1890 2087 1946 conire-

508 1989 734 2046 gerunt,
762 1979 1030 2035 vinculum
1059 1979 1399 2050 disruperunt
1421 2021 1436 2048 ,
1467 1991 1525 2036 ut
1556 1982 1629 2036 ait
1663 1981 1918 2052 propheta
1946 1981 2088 2054 (Jer.

509 2066 562 2122 5.
585 2069 674 2138 5);
701 2080 885 2140 gentes
913 2079 1087 2126 autem
1115 2072 1259 2127 nulla
1285 2073 1445 2128 simili
1465 2073 1723 2142 colligatte
1749 2075 2086 2141 necessitate,

509 2169 753 2228 prompte
789 2161 1132 2226 obedierunt,
1165 2163 1314 2232 quasi
1351 2163 1526 2233 pullus
1563 2165 1775 2219 surculo
1802 2165 2046 2234 alligatus
2068 2207 2084 2232 ,

507 2259 559 2303 ct
584 2264 648 2303 ex
676 2252 951 2318 praeceptis
979 2252 1104 2306 nihil
1136 2253 1629 2321 pessumdederuut,
1654 2255 1746 2309 sed
1771 2255 2088 2310 adstiteruut

507 2341 725 2394 multam
766 2341 1078 2397 exhibentes
1115 2343 1534 2412 obsequentiam.
1569 2345 1620 2398 3.
1653 2343 1716 2396 Et
1743 2345 1884 2397 ibunt
1911 2346 2087 2414 populi

507 2433 671 2499 multi,
698 2443 746 2487 et
774 2433 936 2486 dicent
962 2448 982 2486 :
1012 2431 1201 2498 Venite,
1226 2444 1270 2487 et
1295 2434 1624 2489 accendamus
1646 2435 1713 2488 ad
1739 2445 1953 2489 montem
1977 2436 2083 2489 Do-

506 2525 660 2591 mini,
690 2534 735 2578 et
762 2525 829 2577 ad
857 2525 1060 2578 ιιοηηιηι
1086 2525 1180 2580 Dei
1214 2525 1393 2580 Jacob.
1422 2526 1558 2581 Vide
1586 2527 1809 2583 choreas
1832 2538 2080 2599 agentes,

505 2625 558 2669 et
583 2613 716 2669 festa
746 2614 1110 2680 celebrantes,
1137 2624 1190 2671 et
1218 2616 1351 2671 alter
1373 2616 1597 2672 alterum
1629 2617 1902 2673 hortantes
1923 2659 1939 2685 ,
1967 2634 2081 2673 om-

505 2717 704 2774 ncsque
729 2705 780 2760 in
806 2706 1054 2761 doctores
1075 2721 1362 2761 conversos
1389 2723 1402 2760 :
1429 2722 1600 2776 neque
1623 2722 1800 2774 unam,
1825 2708 1908 2764 vel
1929 2709 2080 2774 duas,

507 2796 584 2850 vel
634 2805 740 2850 tres
764 2836 781 2863 ,
820 2795 912 2850 sed
953 2797 1145 2850 multas
1182 2807 1371 2866 gentes
1407 2806 1808 2853 concurrentes.
1858 2798 2083 2852 Venient

503 2887 674 2951 enim,
709 2887 908 2956 inquit,
939 2887 1118 2956 populi
1145 2887 1295 2942 multi
1321 2897 1374 2941 et
1401 2902 1468 2941 ex
1495 2888 1718 2942 diversis
1748 2887 1911 2953 locis,
1942 2889 2082 2958 quod

503 2977 639 3047 apud
665 2977 876 3033 Judaeos
903 2993 1187 3047 numquam
1215 2980 1478 3047 contigit:
1506 2978 1600 3032 sed
1639 2979 1684 3032 si
1721 2979 1809 3047 qui
1844 2993 2083 3034 accesse-

501 3078 656 3135 runt,
682 3069 736 3124 hi
781 3069 930 3136 pauci
966 3078 1120 3124 erant
1163 3070 1414 3140 prosclyti
1435 3111 1450 3135 ,
1479 3080 1531 3124 et
1559 3070 1611 3123 hi
1639 3084 1758 3124 cum
1790 3070 1958 3124 multo
1987 3083 2079 3125 ne-

499 3159 663 3228 gotio,
695 3168 750 3214 et
786 3175 1073 3228 numquam.
1099 3169 1283 3230 gentes
1312 3161 1482 3214 vocati
1513 3169 1656 3226 sunt,
1687 3160 1778 3216 sed
1808 3162 2079 3232 proselyti.

500 3249 756 3321 Proselyti
780 3253 920 3306 enim
947 3253 1016 3305 ad
1041 3261 1087 3305 te
1111 3252 1408 3318 transibunt,
1431 3263 1477 3306 et
1502 3261 1646 3307 erunt
1667 3253 1755 3307 tibi
1777 3255 1907 3308 servi
1930 3253 2079 3325 (Isai.

499 3343 588 3396 Μ.
619 3343 741 3409 15),
769 3342 958 3410 inquit.
988 3342 1136 3408 Quod
1165 3344 1208 3398 sl
1241 3344 1290 3396 in
1324 3344 1632 3412 metaphora
1671 3346 1919 3412 persistat
1959 3361 2082 3414 pro-

501 3431 693 3500 pheta,
725 3440 958 3485 montem
990 3432 1260 3500 appellans
1300 3439 1355 3486 et
1392 3432 1608 3486 domum
1649 3433 1740 3488 Dei
1784 3434 1982 3498 Jacob,
2016 3451 2083 3490 ne

499 3522 728 3576 mireris.
755 3521 906 3587 Quod
933 3521 1071 3575 enim
1094 3522 1200 3590 jam
1229 3521 1358 3587 dixi,
1389 3522 1545 3576 modo
1572 3523 1681 3578 fere
1706 3525 1894 3594 aperit,
1925 3525 2082 3580 modo

500 3611 779 3667 adumbrat
820 3612 1147 3682 prophetiam
1176 3631 1190 3678 ;
1219 3613 1346 3668 illud
1372 3614 1619 3684 quidem,
1647 3629 1752 3684 quo
1779 3615 2083 3683 prudentio-

501 3703 647 3761 ribus
674 3704 1007 3757 occasionem
1054 3705 1321 3774 prazbeat,
1359 3715 1418 3759 ut
1453 3721 1570 3776 quae
1608 3705 1857 3762 dicuntur
1884 3708 2081 3763 intelli-

501 3801 659 3859 gant;
691 3791 792 3846 hoc
815 3802 1026 3860 autem,
1055 3803 1113 3848 ut
1147 3796 1472 3864 ingratorum
1501 3797 1882 3852 tumultuosum
1912 3798 2084 3867 impe-

505 3890 615 3936 tum
643 3891 888 3937 coerceat
915 3900 928 3936 :
958 3893 1011 3938 et
1039 3884 1231 3955 ubique
1265 3901 1568 3942 sermonem
1596 3887 1785 3942 variat.

574 3975 629 4027 4.
659 3973 714 4028 Si
744 3983 920 4029 autem
960 3975 1110 4042 dixit,
1142 3977 1362 4032 Domum
1399 3978 1502 4033 Dei
1528 3977 1707 4047 Jacob,
1737 3996 1804 4036 ne
1833 3982 2081 4047 turberis,

503 4062 697 4119 dilecte
721 4082 734 4118 :
765 4067 960 4121 etenim
983 4070 1283 4138 unigenitus
1313 4071 1406 4126 Dei
1436 4071 1571 4127 ﬁlius
1593 4073 1732 4128 Deus
1758 4073 1924 4130 Jacob
1947 4085 2082 4129 erat.

505 4156 623 4224 Ipse
647 4156 790 4210 enim
812 4169 865 4212 et
893 4158 1064 4228 legem
1087 4160 1252 4225 dedit,
1275 4171 1328 4217 et
1354 4165 1529 4217 omnia
1551 4166 1691 4234 apud
1712 4181 1804 4221 eos
1832 4169 2085 4222 miracula

507 4246 698 4300 edidit:
723 4247 772 4302 id
795 4250 936 4317 quod
965 4264 1027 4305 ex
1045 4251 1159 4320 ipso
1187 4253 1416 4308 maxime
1440 4254 1617 4310 Veteri
1641 4257 1981 4313 Testamento
2009 4259 2087 4312 vi-

508 4341 633 4395 dere
655 4350 736 4395 est
761 4360 774 4395 :
798 4341 925 4397 Novi
951 4345 1147 4413 quippe
1171 4345 1494 4400 Tcstamenti
1520 4349 1660 4400 nulla
1684 4350 1820 4402 ratio
1841 4360 1921 4404 est
1947 4351 2086 4418 apud

507 4430 738 4484 Judmos.
771 4431 1027 4487 Jeremias
1073 4436 1234 4506 igitur
1276 4436 1350 4489 ait
1383 4453 1396 4488 :
1429 4435 1710 4505 Disponam
1757 4439 1892 4495 vobis
1940 4451 2088 4492 testa-

505 4531 726 4573 mentum
743 4540 955 4587 —novum,
982 4542 1080 4577 non
1121 4527 1396 4579 secundum
1422 4535 1791 4594 testamentum,
1817 4530 1950 4597 quod
1980 4530 2086 4584 dis-

507 4610 654 4674 posui
679 4613 898 4676 patribus
945 4617 1116 4669 vestris
1159 4616 1312 4683 (Jer.
1342 4618 1432 4673 51.
1480 4619 1566 4673 31.
1616 4618 1752 4688 5‘2);
1799 4618 2090 4675 ostendens

509 4699 680 4759 ipsum
704 4714 822 4753 esse
861 4703 1134 4770 utriusque
1162 4707 1537 4774 legislaturem.
1568 4708 1699 4774 Quia
1729 4723 1856 4764 vero
1887 4711 1998 4778 ipse
2024 4726 2090 4765 ex

508 4787 739 4857 Aﬂgypto
765 4789 884 4845 illos
911 4793 1124 4860 eripuit,
1151 4793 1354 4847 addidit
1381 4813 1395 4847 :
1424 4795 1493 4848 In
1533 4797 1614 4849 die
1647 4815 1748 4864 qua
1781 4801 2091 4867 apprehendi

507 4895 713 4931 manum
752 4896 941 4945 eorum,
975 4892 1027 4934 ut
1054 4883 1311 4936 educerem
1346 4899 1428 4938 eos
1461 4885 1524 4936 de
1550 4896 1682 4936 terra
1713 4887 1931 4956 Αἰθυιηί
1960 4888 2090 4954 (lbi-

510 4971 676 5041 tlem).
729 4971 878 5038 Quod
905 4973 950 5026 si
984 4974 1095 5041 ipse
1122 4972 1324 5038 eduxit,
1374 4975 1533 5029 etiam
1566 4975 1678 5038 ipse
1711 4976 1797 5026 illa
1831 4980 2007 5029 utttnia
2038 4980 2090 5032 in

511 5063 747 5134 ngypto
766 5076 818 5120 et
843 5067 895 5120 in
920 5067 1138 5121 deserto
1160 5065 1416 5121 miracula
1446 5067 1692 5136 patravit.
1724 5064 1792 5119 Et
1820 5070 2094 5121 annuntia-

512 5157 578 5208 bit
616 5156 758 5209 nobis
776 5157 907 5210 viam
943 5175 1117 5224 suam,
1144 5169 1192 5213 et
1210 5159 1582 5212 ambulabimus
1609 5159 1660 5211 in
1691 5176 1767 5210 ea.
1799 5158 1999 5214 Viden’
2038 5169 2096 5213 ut

511 5247 668 5299 aliam
711 5247 986 5314 requirunt
1031 5249 1241 5318 legem?
1268 5250 1419 5303 Viam
1464 5253 1604 5303 enim
1635 5250 1904 5318 Scriptura
1953 5267 2093 5320 pra:-

513 5345 663 5402 cepta
694 5335 788 5389 Dei
817 5337 952 5390 solet
989 5338 1288 5406 appellare;
1341 5341 1384 5392 si
1417 5340 1481 5394 de
1529 5341 1706 5408 priore
1752 5340 2097 5394 Testamento

513 5426 839 5494 loqueretur,
861 5441 966 5479 non
992 5426 1232 5494 dixisset,
1253 5429 1580 5484 Annuntiabit
1605 5431 1782 5484 nobis:
1806 5430 1932 5485 illud
1955 5431 2095 5485 enim

515 5526 629 5570 erat
662 5517 908 5570 omnibus
937 5517 1516 5586 manifestum,planum
1547 5531 1600 5576 et
1627 5532 1834 5576 notum.

585 5604 741 5658 Aliud
770 5607 966 5677 insigne
1004 5616 1177 5660 contra
1217 5605 1426 5661 Juda’os
1453 5621 1824 5680 argumentum.
1854 5642 1924 5651 ——
1950 5612 2099 5678 Quod

519 5705 696 5750 autem
725 5698 839 5752 htcc
868 5716 970 5754 non
1002 5702 1235 5768 captiose
1262 5701 1521 5767 dicamus,
1553 5719 1670 5771 qua:
1699 5704 1838 5757 dicta
1871 5714 1992 5757 sunt
2021 5705 2099 5757 vel

519 5783 998 5861 lnipizdentioribus
1021 5794 1177 5850 tidem
1198 5794 1371 5851 facere
1393 5803 1632 5866 possunt.
1648 5795 1780 5862 Quia
1801 5797 1942 5852 enim
1966 5797 2102 5850 viam

3703 411 3786 463 32

2208 534 2407 579 tantum
2437 529 2768 590 memoravit,
2793 529 2919 584 dicit
2944 544 3186 598 quasnam
3218 528 3301 582 illa
3327 527 3394 580 sit
3423 527 3524 586 via.
3554 525 3790 594 ejusque

2207 617 2366 668 multa
2409 619 2557 685 ponit
2588 620 2830 688 insignia.
2862 619 3140 690 Subjuugit
3168 634 3295 688 ergo
3326 636 3338 671 :
3375 616 3508 669 Nam
3545 617 3607 668 de
3650 616 3789 669 Sion

2206 706 2354 758 exibit
2381 707 2481 772 lex,
2513 717 2559 760 et
2604 709 2803 761 uerbum
2844 708 3050 763 Domini
3094 709 3156 762 de
3183 708 3484 762 Jerusalem.
3536 705 3614 758 Ad
3665 705 3789 757 hinc

2203 795 2368 849 Judmi
2397 812 2555 866 supra
2601 800 2815 853 modum
2864 801 3194 870 impudentes
3224 815 3290 854 ne
3333 800 3538 852 hiscere
3562 795 3785 866 quidem

2204 896 2470 956 poterunt.
2497 889 2649 957 Quod
2679 892 2822 946 enim
2854 891 2969 946 hau:
2993 892 3059 947 de
3084 891 3229 945 Novo
3259 890 3601 945 Testamento
3635 888 3786 941 dicta

2201 978 2328 1043 sint,
2354 988 2408 1034 et
2440 995 2504 1034 ex
2532 981 2669 1047 loco,
2703 990 2756 1035 et
2781 997 2844 1035 ex
2882 990 3142 1051 tempore,
3188 990 3238 1037 et
3281 995 3344 1036 ex
3378 981 3442 1035 iis
3470 979 3559 1048 qui
3602 978 3782 1047 legem

2201 1079 2540 1140 receperunt,
2571 1081 2625 1126 et
2650 1087 2715 1126 ex
2739 1073 2902 1142 gestis
2925 1085 3042 1141 post
3066 1073 3260 1142 legem,
3285 1080 3341 1126 et
3361 1087 3426 1126 ex
3453 1069 3597 1123 onmi
3625 1076 3782 1137 parte

2200 1160 2412 1216 demum
2459 1162 2645 1216 videre
2685 1172 2784 1218 est.
2824 1163 3003 1218 Primo
3031 1178 3095 1217 ex
3135 1161 3273 1228 loco,
3317 1177 3380 1217 ex
3423 1168 3600 1214 monte
3643 1159 3779 1212 Sion

2201 1267 2411 1322 nempe.
2444 1253 2550 1308 Lex
2580 1254 2721 1309 enim
2768 1271 2860 1324 per
2900 1254 3131 1323 Moysem
3171 1255 3274 1308 lata
3322 1254 3374 1306 in
3421 1262 3598 1305 monte
3626 1247 3779 1302 Siuai

2199 1344 2491 1412 majoribus
2521 1345 2754 1414 ipsorum
2783 1344 2906 1400 data
2949 1344 3066 1398 fuit.
3093 1343 3199 1398 Cur
3226 1357 3352 1412 ergo
3383 1341 3468 1395 hic
3505 1337 3653 1402 dicit,
3695 1335 3781 1389 De

2201 1432 2369 1487 Sion?
2397 1434 2578 1504 Neque
2605 1435 2706 1488 hoc
2736 1437 2864 1490 satis
2894 1435 3096 1499 habuit,
3127 1432 3221 1488 sed
3248 1432 3405 1487 etiam
3435 1439 3645 1496 tempus
3671 1425 3776 1479 ad-

2193 1524 2341 1594 jecit.
2369 1525 2480 1578 Non
2513 1527 2656 1580 enim
2682 1527 2832 1589 dixit,
2857 1526 3026 1579 Exivit
3053 1525 3157 1587 lex,
3185 1522 3298 1585 sed,
3319 1521 3486 1574 Exibit
3508 1519 3608 1581 lex,
3628 1516 3775 1586 quod

2197 1625 2278 1669 est
2329 1616 2486 1668 futuri
2537 1617 2816 1684 temporis,
2843 1618 2916 1671 rei
2942 1615 3173 1669 nondum
3220 1621 3397 1682 gestm.
3429 1609 3562 1663 Cum
3593 1617 3774 1662 autem

2199 1705 2312 1760 haec
2338 1707 2593 1775 propheta
2625 1706 2845 1769 diceret,
2875 1719 2903 1756 a
2945 1706 3124 1759 multis
3160 1704 3268 1773 jam
3316 1701 3468 1756 annis
3513 1700 3600 1753 lex
3645 1697 3771 1752 data

2197 1795 2402 1851 fuerat:
2431 1797 2559 1850 Novi
2582 1811 2708 1851 vero
2725 1797 3048 1851 Testamenti
3078 1797 3158 1849 lex
3185 1804 3301 1864 post
3329 1792 3581 1863 plurimos
3600 1803 3773 1842 annos

2195 1886 2368 1942 danda
2399 1897 2531 1942 erat.
2562 1887 2686 1942 Ideo
2716 1904 2818 1941 non
2845 1887 2997 1952 dixit,
3030 1887 3224 1950 Exivit,
3253 1885 3367 1949 sed,
3397 1881 3586 1946 Exibit,
3611 1879 3663 1933 id
3685 1889 3774 1934 est

2195 1987 2398 2046 postea.
2425 1981 2502 2034 Ac
2526 1993 2733 2033 rursum
2765 1978 2830 2033 ad
2859 1979 3028 2032 locum
3069 1979 3242 2045 ipsum
3285 1972 3519 2041 confugit
3547 1970 3769 2025 dicens:

2193 2069 2262 2123 Et
2305 2071 2505 2124 uerbum
2546 2069 2751 2124 Domini
2779 2071 2841 2123 de
2863 2069 3166 2122 Jerusalem.
3213 2070 3472 2120 Accurate
3502 2060 3654 2114 nobis
3682 2057 3772 2112 hic

2191 2161 2323 2215 Novi
2357 2161 2683 2216 Testamenti
2710 2161 2916 2230 insigne
2942 2159 3109 2228 ponit.
3138 2157 3266 2211 Nam
3296 2154 3453 2209 modo
3492 2152 3544 2206 in
3588 2157 3770 2204 monte

2191 2253 2404 2318 sedens,
2431 2252 2676 2306 sublimia
2712 2259 2768 2306 et
2811 2251 2955 2305 caelis
2988 2249 3145 2318 digna
3178 2254 3439 2316 prmeepta
3483 2243 3598 2308 lege
3637 2255 3770 2294 sau-

2189 2345 2381 2410 ciebat,
2410 2343 2569 2398 modo
2599 2343 2651 2396 in
2693 2343 2989 2398 Jerusalem
3034 2354 3256 2393 versans
3285 2338 3508 2406 idipsum
3553 2333 3767 2402 agebat.

2188 2435 2320 2489 Cum
2361 2435 2583 2491 dixisset
2610 2450 2737 2505 ergo
2762 2444 2817 2489 et
2838 2434 3012 2487 locum
3052 2444 3104 2485 et
3129 2441 3356 2499 tempus,
3389 2428 3567 2496 adjicit
3595 2435 3648 2478 et
3671 2437 3770 2478 eos

2188 2526 2280 2595 qui
2327 2525 2470 2579 illam
2501 2524 2769 2594 accepturi
2799 2531 2953 2577 erant
2984 2522 3150 2590 legem
3171 2561 3186 2585 ,
3220 2519 3450 2585 undique
3495 2512 3768 2568 contradio

2188 2619 2421 2672 centium
2450 2633 2540 2670 ora
2566 2630 2849 2670 consuens.
2874 2614 3098 2680 Quinam
3131 2626 3257 2680 ergo
3294 2610 3436 2662 illum
3467 2603 3768 2672 suscepturi

2187 2707 2377 2761 erant?
2407 2722 2531 2761 num
2576 2705 2918 2760 Hebr-tuorum
2967 2703 3143 2772 potius
3191 2698 3415 2770 populus
3458 2705 3512 2751 et
3552 2691 3769 2749 .lndtei’.

2187 2797 2532 2865 Nequaquam
2554 2838 2568 2862 ,
2600 2795 2692 2850 sed
2715 2796 2804 2863 qui
2835 2809 2901 2849 ex
2935 2792 3200 2861 gentibus.
3232 2790 3353 2844 ideo
3379 2786 3583 2841 intulit:
3610 2787 3664 2838 4.
3693 2780 3767 2836 Et

2178 2888 2430 2957 judicabit
2479 2888 2608 2939 inter
2654 2895 2841 2956 gentes.
2895 2882 3025 2936 Illud
3057 2881 3198 2935 enim
3231 2879 3460 2932 maxime
3499 2876 3564 2929 ad
3595 2875 3765 2943 legem

2186 2979 2469 3049 pertinet‘,
2488 2979 2726 3047 judicare
2743 2975 2808 3030 de
2831 2975 2933 3028 illis
2953 2973 3041 3043 qui
3071 2972 3236 3040 ipsam
3260 2970 3586 3037 impugnant.
3609 2965 3766 3031 Quod

2186 3083 2361 3126 autem
2394 3070 2478 3125 hic
2520 3086 2624 3124 non
2655 3082 2834 3124 sermo
2879 3067 2948 3120 sit
2993 3064 3059 3118 de
3085 3062 3259 3116 Veteri
3289 3060 3647 3121 Testamento,
3693 3070 3766 3110 ex

2187 3163 2315 3233 ipsis
2343 3163 2501 3218 rebus
2531 3161 2702 3232 palam
2729 3169 2829 3214 est.
2875 3157 2988 3212 Non
3017 3156 3156 3210 enim
3187 3153 3460 3207 sabbatum
3500 3149 3763 3203 observa-

2186 3272 2326 3322 mus,
2359 3255 2818 3310 circumcisionem
2851 3265 2954 3304 non
2986 3247 3317 3308 admisimus,
3348 3261 3451 3298 non
3485 3243 3615 3296 festa
3649 3241 3768 3293 illu-

2187 3364 2327 3412 rum,
2361 3363 2465 3401 non
2496 3344 2640 3399 aliud
2684 3343 2950 3413 quidpiam
3001 3355 3066 3394 ex
3115 3337 3400 3392 veteribus.
3453 3333 3767 3386 Audivimus

2187 3443 2328 3496 enim
2358 3439 2578 3494 Paulum
2607 3437 2870 3491 dicentem
2908 3452 2919 3486 :
2967 3432 3026 3486 Si
3054 3427 3503 3491 circumcidamini,
3535 3425 3768 3478 Christus

2185 3534 2322 3586 vobis
2352 3530 2481 3583 nihil
2513 3528 2732 3598 proderit
2765 3525 2903 3597 (Gal.
2934 3525 2984 3579 5.
3012 3523 3067 3592 2)
3093 3540 3104 3574 :
3138 3532 3211 3586 et,
3257 3521 3375 3572 Die:
3404 3517 3689 3579 observatis,
3717 3525 3769 3568 et

2187 3640 2398 3687 menses,
2429 3633 2476 3676 et
2503 3631 2748 3689 tempora,
2776 3627 2822 3672 et
2851 3618 3050 3669 annos?
3097 3613 3266 3667 Timeo
3306 3629 3367 3663 ne
3406 3615 3534 3681 forte
3574 3612 3766 3678 {rustra

2187 3714 2519 3771 laboraverim
2567 3713 2622 3765 in
2658 3710 2796 3764 vobis
2824 3707 2963 3778 (Gal.
2993 3708 3043 3760 4.
3077 3705 3185 3772 10).
3237 3703 3382 3757 [inde
3435 3702 3596 3770 liquet
3625 3701 3767 3752 hunc

2188 3817 2490 3859 sermonem
2533 3802 2598 3856 dc
2627 3801 2774 3855 Novo
2820 3813 2961 3861 esse,
3003 3797 3123 3865 quia
3165 3799 3301 3848 inter
3342 3802 3523 3862 gentes
3563 3791 3772 3859 judica-

2188 3897 2264 3950 vit
2285 3895 2380 3964 (o),
2412 3890 2860 3963 quemadmodum
2893 3899 2945 3943 et
2974 3888 3169 3941 Paulus
3194 3887 3262 3937 ait
3292 3902 3305 3936 :
3339 3884 3401 3936 1η
3442 3883 3520 3933 die
3564 3881 3770 3952 quando

2181 3985 2428 4056 judicabit
2448 3981 2580 4035 Deus
2602 3980 2794 4034 occulta
2817 3978 3071 4031 hominum
3096 3976 3265 4042 (Rom.
3287 3973 3340 4026 Ξ.
3369 3972 3470 4043 16).
3491 3971 3771 4036 Quomodo

2188 4075 2483 4147 judicabit?
2513 4074 2598 4127 die
2642 4071 2794 4138 mihi,
2819 4086 2885 4123 an
2930 4068 3219 4123 secundum
3246 4066 3408 4118 Vetus
3453 4063 3769 4116 Testamen-

2195 4173 2342 4224 tum?
2387 4169 2541 4222 Nullo
2572 4166 2750 4232 modo,
2782 4163 2874 4219 sed
2903 4162 3191 4216 Secundum
3228 4157 3556 4227 Evangelium
3583 4170 3766 4206 meum.

2192 4261 2387 4315 Viden’
2418 4259 2576 4313 verba
2610 4258 2838 4320 diversa,
2873 4253 3160 4308 sententias
3187 4259 3362 4303 autem
3395 4249 3530 4300 inter
3555 4260 3612 4298 se
3636 4259 3771 4297 cou-

2193 4353 2520 4406 scmientes?
2558 4348 2715 4402 Isaias
2745 4346 2872 4399 dicit
2901 4361 2913 4395 :
2943 4342 3199 4395 Judicabit
3233 4341 3360 4392 inter
3384 4347 3587 4408 gentes;
3635 4335 3773 4387 Pau-

2198 4443 2280 4496 lus
2329 4442 2424 4505 ait,
2472 4437 2733 4491 Judicabit
2783 4435 3055 4487 secundum
3108 4430 3434 4497 Evangeiium
3484 4441 3664 4476 meum.
3706 4423 3772 4476 Et

2193 4541 2370 4600 arguet
2402 4530 2645 4598 populum
2675 4526 2923 4584 multum;
2951 4523 3084 4576 bella
3113 4529 3356 4590 gerentes
3381 4526 3432 4570 et
3473 4524 3770 4582 transgres-

2195 4635 2364 4675 sores.
2415 4619 2481 4672 Et
2519 4617 2620 4671 hoc
2647 4615 2922 4669 declarans
2947 4612 3191 4666 Christus
3239 4607 3446 4661 dicebat
3477 4624 3490 4658 :
3524 4603 3641 4656 Non
3682 4619 3774 4670 ego

2193 4714 2429 4782 iudicabo
2457 4727 2562 4770 vos,
2591 4709 2676 4762 sed
2706 4723 2886 4770 sermo,
2928 4721 3072 4776 quem
3117 4703 3346 4768 loquutus
3385 4715 3516 4762 sum,
3554 4698 3660 4764 ipse
3689 4712 3776 4752 uos

2190 4803 2460 4874 judicabit.
2491 4801 2551 4853 (Ct
2574 4799 2834 4852 concident
2865 4796 3062 4866 gladios
3081 4811 3195 4847 suos
3219 4793 3268 4844 in
3292 4803 3482 4851 aratra,
3503 4797 3548 4840 et
3575 4787 3779 4838 lanceas

2198 4913 2315 4949 suos
2360 4896 2409 4946 in
2457 4895 2630 4962 falces.
2687 4891 2751 4943 Et
2801 4905 2898 4941 non
2945 4889 3154 4955 accipiet
3199 4901 3316 4952 gens
3361 4892 3536 4933 contra
3584 4887 3782 4948 gentem

2199 4989 2447 5056 gladium.
2481 4997 2525 5038 et
2554 5003 2653 5038 non
2685 4986 2820 5036 ultra
2861 4983 3050 5033 discent
3078 4978 3302 5048 prwliuri
3334 4975 3509 5044 (Joon.
3541 4972 3628 5026 12.
3663 4972 3776 5038 ά8).

2201 5077 2316 5130 Non
2346 5078 2474 5128 satis
2500 5075 2646 5127 fuere
2675 5073 2944 5142 propheta—3
2977 5069 3151 5137 priora
3197 5067 3367 5134 signa.
3398 5065 3555 5116 Multa
3587 5061 3784 5130 quippe

2199 5178 2286 5222 est
2310 5167 2548 5219 veritatis
2596 5163 2836 5217 facultas.
2867 5161 2987 5213 Ideo
3016 5159 3154 5212 aliud
3202 5156 3376 5224 posuit
3418 5154 3546 5207 Novi
3593 5151 3779 5202 Testa-

2201 5259 2364 5311 meuti
2397 5257 2646 5310 indicium
2676 5270 2770 5323 per
2797 5262 2962 5306 totum
2991 5250 3174 5303 orbem
3203 5247 3484 5315 refulgens.
3507 5240 3781 5309 Quodnam

2271 5437 2283 5463 ι
2321 5439 2462 5479 Juxta
2483 5428 2721 5484 sai-ilium,
2747 5427 2921 5474 melius
2960 5423 3172 5484 legetur.
3221 5423 3285 5469 ad
3316 5418 3532 5480 judicem
3564 5408 3784 5484 pertinet,

2205 5472 2462 5554 (ιυίιῐῆξῃξίᾶ
2903 5486 2991 5534 sed
3011 5472 3065 5534 in
3092 5472 3235 5532 nullis
3257 5472 3363 5531 sive
3394 5487 3498 5526 Mss.
3535 5472 3642 5522 sive
3665 5472 3786 5521 ﬁdit.

2206 5553 2336 5617 lil‘ltlt‘
2360 5553 2558 5617 affertur
2585 5553 2743 5617 lectio.
2879 5609 2890 5617 _
3047 5607 3058 5617 _
3261 5605 3269 5614 ι
3331 5603 3340 5612 ν
3473 5602 3623 5617 “una
3662 5593 3769 5617 hu"

2360 5593 2468 5662 "ui?
2485 5593 2620 5661 hirto
2636 5593 2853 5659 videatur
2879 5607 3161 5676 legendum,
3190 5605 3300 5668 quia
3323 5603 3451 5676 inter
3467 5593 3788 5676 gentes“

2209 5656 2340 5726 nihil,
2646 5656 3007 5734 sequuntur‘ad
3033 5656 3212 5736 horum.
3232 5656 3788 5736 ex;tlica-tionent-alla'ta.

2210 5721 2655 5796 idaliuitiiiL-dtms
2695 5721 2932 5796 itidicaut;
2959 5731 3045 5780 sed
3090 5734 3195 5779 sine
3230 5721 3509 5777 auctoritate
3533 5721 3786 5780 exempla-

2215 5811 2339 5846 rium
2362 5798 2479 5847 ttlllll
2498 5795 2681 5848 mutare
2705 5795 2956 5845 audemus.
