4044 6402
264 391 330 445 31
1648 384 1712 437 IN
1749 385 2001 456 ISAIAM,
2038 390 2188 445 CAP.
2223 394 2285 450 ιι.

266 484 481 539 ἀπειλαὶ
514 490 773 556 συνεχεῖς,
800 492 894 543 καὶ
929 492 1175 557 κολάσεις
1207 495 1501 564 διηνεκεῖς,
1534 497 1626 549 καὶ
1661 498 1911 568 θαύματα

263 571 557 640 ἐπάλληλα,
591 577 680 627 καὶ
712 580 998 645 προφητῶν
1030 582 1239 650 δρόμοι,
1281 585 1373 635 καὶ
1408 585 1694 653 νομοθέτου
1726 588 1908 654 φόϐο·,

264 658 356 709 καὶ
384 658 633 728 πολέμων
659 662 901 724 ἀπειλαὶ,
929 667 1021 717 καὶ
1053 666 1340 735 βαρϐάρων
1380 670 1553 734 ἔφοδοι
1574 708 1588 730 ,
1631 672 1722 723 καὶ
1751 674 1909 741 ὀργαὶ

261 743 527 812 θεήλατοι,
556 746 648 796 καὶ
671 749 912 811 κολάσεις
933 750 997 801 ἐκ
1023 752 1129 803 τῶν
1152 754 1391 820 οὐρανῶν
1417 756 1762 825 πεμπόμεναι
1781 773 1793 786 ·
1821 759 1914 808 καὶ

260 826 450 894 ἔμενον
480 828 933 901 σκληροτράχηλοι
974 836 1065 887 καὶ
1094 838 1455 907 ἀπερίτμητοι
1481 839 1650 902 ὄντες,
1682 840 1858 902 καθὼς
1885 843 1914 892 6

262 912 529 978 Στέφανος
569 913 786 981 ελεγεν,
826 918 1032 980 ἀτενεῖς
1070 921 1165 972 καὶ
1214 922 1528 977 δυσένδοτοι·
1581 924 1674 977 ἐπὶ
1718 925 1773 976 δὲ
1806 923 1913 976 τῶν

259 996 429 1049 ἐθνῶν
472 999 670 1067 ἢρκεσε
702 1002 851 1072 ῥῆμα
889 1004 1041 1071 ψιλὸν
1078 1008 1174 1060 καὶ
1212 1009 1349 1078 ἀκοὴ
1386 1009 1540 1078 μόνη,
1580 1012 1672 1063 καὶ
1716 1010 1913 1074 πάντες

258 1082 461 1147 εὐθέως
485 1087 873 1157 προσέδραμον.
894 1091 1070 1162 Ὅπερ
1087 1088 1180 1146 οῦν
1200 1095 1293 1146 καὶ
1316 1097 1344 1147 6
1366 1095 1527 1148 Δαυῖδ
1553 1099 1913 1166 αἰνιττόμενος

259 1168 410 1235 ελεγι
436 1188 449 1199 ·
480 1173 656 1237 Λαὸς,
697 1173 770 1226 ὃν
796 1177 904 1228 οὐκ
941 1176 1149 1245 ἔγνων,
1179 1179 1504 1233 ἐδούλευσέ
1536 1199 1636 1249 μοι
1654 1198 1667 1211 ·
1703 1182 1796 1235 καὶ
1822 1182 1913 1233 τὸν

256 1254 460 1322 τρόπον
496 1257 595 1325 τῆς
624 1259 863 1328 ὑπακοῆς
893 1260 1185 1330 θαυμάζων
1214 1266 1517 1334 προσετίθει
1538 1284 1553 1296 ·
1594 1268 1695 1332 Εἰς
1722 1267 1913 1333 ἀκοὴν

253 1340 434 1394 ὠτίου
465 1342 770 1407 ἐπήκουσέ
802 1364 939 1413 μου.
983 1348 1153 1400 Τοῦτο
1189 1351 1319 1403 αὐτὸ
1362 1352 1454 1402 καὶ
1480 1354 1508 1403 6
1540 1352 1731 1404 Ἰακὼϐ
1772 1354 1912 1406 αἰνι-

256 1429 702 1499 γματωδέστερον
741 1431 1018 1500 ἐμφαίνων
1055 1434 1207 1502 ἔλεγε
1228 1452 1243 1466 ·
1284 1438 1595 1504 Δεσμεὺων
1623 1439 1771 1503 πρὸς
1806 1439 1914 1507 ἆμ-

255 1514 446 1565 πελον
475 1514 582 1567 τὸν
609 1514 811 1570 πῶλον
829 1520 1033 1579 αὑτοῦ.
1061 1521 1157 1573 καί
1180 1520 1254 1588 τῇ
1271 1521 1421 1575 ἕλικι
1446 1522 1552 1575 τὸν
1576 1523 1778 1575 πῶλον
1804 1522 1913 1590 τῆς

256 1596 403 1650 ενου
426 1601 630 1654 αὐτοῦ.
659 1604 847 1656 Καίτοι
878 1605 962 1667 τίς
987 1602 1126 1658 εἶδεν
1150 1606 1289 1659 ἕλικι
1321 1607 1498 1660 πῶλον
1527 1607 1908 1678 δεσμούμενον,

258 1682 351 1734 καὶ
401 1687 721 1753 παρεστῶτα
765 1688 991 1760 ἀμπέλῳ
1016 1703 1079 1755 ι,
1133 1693 1228 1745 καὶ
1263 1693 1337 1762 μὴ
1389 1692 1776 1762 λυμαινόμενον
1818 1694 1912 1745 τὸν

256 1769 500 1837 καρπόνς
542 1772 662 1825 Ἐπὶ
702 1774 800 1843 μὲν
826 1775 933 1846 γάρ
970 1775 1078 1828 τῶν
1115 1777 1322 1845 ἀλόγων
1355 1779 1546 1841 οὐδεὶς,
1588 1780 1680 1831 ἐπὶ
1708 1779 1765 1831 δὲ
1803 1780 1911 1832 τῶν

254 1852 561 1923 ἀνθρώπων
608 1859 744 1926 μετά
791 1859 991 1929 πολλῆς
1033 1860 1193 1914 τοῦτο
1239 1862 1428 1930 γέγονε
1464 1864 1563 1934 τῆς
1608 1865 1908 1934 ἀκριϐείας.

256 1939 318 1990 Ol
346 1940 444 2007 μὲν
460 1940 568 2010 γὰρ
595 1941 827 1997 Ἰουδαῖοι
852 1947 1061 2016 μυρίοις
1078 1948 1319 2011 δεθέντες
1340 1950 1571 2019 δεσμοῖς,
1593 1951 1912 2020 συνέτριψαν

254 2024 345 2076 τὸν
374 2023 556 2092 ζυγὸν,
588 2028 872 2100 διέρρηξαν
896 2031 986 2084 τὸν
1010 2034 1225 2102 δεσμὸν,
1252 2034 1430 2097 καθὼς
1453 2038 1480 2087 6
1506 2037 1787 2105 προφήτης
1812 2054 1914 2107 φη-

257 2108 339 2159 σί·
358 2111 425 2162 τὰ
444 2111 499 2163 δέ
522 2112 645 2182 ἔθνη
669 2114 784 2166 οὐδε
794 2118 889 2184 μιᾷ
910 2118 1128 2187 τοιαύτη
1149 2118 1366 2172 δεθέντα
1390 2122 1599 2191 ἀνάγκη
1617 2122 1664 2186 1³,
1684 2123 1913 2192 ἑτοίμως

256 2194 589 2263 ὑπήκουσαν,
622 2197 697 2260 ὡς
739 2200 805 2252 ἂν
836 2201 973 2253 ἕλικι
1004 2203 1182 2266 πῶλος
1223 2205 1603 2275 δεσμούμενος,
1636 2210 1727 2259 καὶ
1761 2209 1912 2262 οὐδὲν

255 2279 589 2348 ἐλυμήναντο
638 2283 748 2335 τῶν
791 2285 1213 2356 ἐπιταγμάτων,
1263 2291 1399 2344 ἀλλά
1458 2296 1913 2361 παρειστήκεισαν

257 2364 457 2433 πολλὴν
501 2368 887 2439 ἐνδεικνύμενοι
928 2373 1026 2442 τὴν
1070 2374 1333 2446 ὑπακοήν.
1370 2378 1475 2430 Καὶ
1520 2379 1914 2444 πορεύσονται

253 2452 388 2502 λαοί
419 2453 653 2518 πολλοὶ,
683 2456 782 2507 καί
806 2457 1008 2525 ἐροῦσι
1029 2475 1042 2487 ·
1063 2460 1256 2523 Δεῦτε,
1285 2461 1385 2514 καί
1408 2462 1715 2530 ἀναδῶμεν
1738 2467 1823 2528 εἰς
1846 2466 1911 2517 τὸ

256 2534 388 2601 ὄρος
416 2538 523 2591 τοῦ
552 2541 787 2606 Κυρίου,
824 2543 920 2595 καί
946 2546 1032 2608 είς
1060 2544 1170 2597 τὸν
1196 2542 1363 2598 οἷκον
1388 2548 1493 2601 τοῦ
1521 2550 1665 2601 Θεοῦ
1692 2550 1909 2601 Ἰακώϐ.

258 2621 402 2689 Ὀρα
453 2624 771 2693 χορεύοντας
819 2629 913 2680 καὶ
974 2631 1473 2700 πανηγυρίζοντας,
1533 2634 1623 2684 καὶ
1666 2634 1912 2703 ἀλλήλοις

256 2706 722 2777 ἐγκελευομένους,
740 2712 833 2764 καὶ
854 2712 1059 2777 πάντας
1082 2716 1430 2780 διδασκάλους
1453 2720 1760 2787 γινομένους
1780 2738 1792 2749 θ
1820 2723 1913 2773 καὶ⁸

255 2793 350 2862 οὐχ
381 2794 460 2854 ἓν,
492 2797 585 2848 καὶ
622 2796 887 2867 δεύτερον,
931 2801 1023 2853 καὶ
1054 2803 1255 2871 τρίτον,
1289 2804 1422 2856 ἀλλά
1461 2805 1554 2856 καὶ
1592 2805 1754 2856 πολλά
1786 2805 1911 2874 ἔθνη

257 2879 634 2949 συντρέχοντα.
669 2882 891 2946 Ἦξουσι
938 2884 1077 2955 γάρ,
1107 2889 1269 2956 φησὶ,
1314 2888 1431 2941 λαοὶ
1472 2889 1680 2951 πολλοὶ,
1716 2893 1809 2942 καὶ
1851 2894 1915 2944 ἐκ

254 2962 527 3035 διαφόρων
556 2969 768 3039 χωρῶν,
796 2971 927 3041 ὅπερ
957 2974 1048 3024 ἐπὶ
1086 2974 1192 3026 τῶν
1240 2974 1506 3027 Ἰουδαίων
1544 2976 1791 3028 οὐδέποτε
1819 2977 1912 3043 γέ-

257 3064 409 3115 γονεν
431 3068 447 3082 °
486 3053 598 3104 ἀλλ’
636 3056 684 3105 εἰ
717 3056 809 3107 καί
848 3073 990 3118 τινες
1024 3060 1345 3127 προσῆλθον,
1377 3061 1542 3127 ὀλίγοι
1576 3063 1703 3113 ποτὲ
1745 3081 1913 3133 προσ-

260 3136 465 3203 ήλυτοι,
494 3138 633 3205 μετά
680 3140 876 3208 πολλῆς
910 3142 1002 3192 καὶ
1049 3144 1199 3195 αὐτοί
1233 3145 1330 3213 τῆς
1368 3145 1479 3215 [25]
1513 3149 1912 3216 πραγματείας,

257 3222 349 3277 καὶ
380 3222 631 3274 οὐδέποτε
659 3223 783 3293 ἔθνη
817 3226 1142 3295 ἐκλήθησαν,
1181 3228 1316 3282 ἀλλά
1348 3232 1692 3301 προσήλυτοι.
1723 3237 1914 3299 Προσ-

254 3306 466 3373 ήλυτοι
505 3309 611 3377 γάρ
654 3309 753 3361 ἐπὶ
792 3310 866 3363 σὲ
914 3311 1354 3380 διελεύσονται,
1400 3318 1499 3370 καί
1525 3335 1621 3370 σοι
1675 3318 1916 3371 ἔσονται

255 3390 482 3456 δοῦλοι,
516 3395 696 3463 φησίν.
724 3395 784 3448 Εἰ
805 3398 859 3450 δὲ
887 3400 1135 3468 ἐπιμένει
1161 3403 1225 3471 τῇ
1262 3405 1540 3472 μεταφορᾷ
1561 3405 1587 3454 6
1611 3406 1911 3474 προφήτης,

253 3476 378 3561 δρος
412 3479 591 3531 καλῶν
622 3483 713 3534 καὶ
760 3480 904 3537 οἷκον
949 3487 1041 3540 τοῦ
1072 3488 1206 3541 Θεοῦ
1254 3488 1464 3550 Ἰακὼϐ,
1499 3492 1572 3561 μή
1608 3490 1910 3561 θαυμάσῃς-

260 3557 437 3629 Ὅπερ
483 3562 591 3631 γὰρ
635 3564 802 3636 ἔφθην
838 3567 1027 3633 εἰπὼν,
1064 3569 1159 3622 νῦν
1210 3570 1308 3645 μὲν
1348 3557 1683 3641 παρανοίγει,
1717 3557 1917 3625 -νῦννδὲ

259 3646 538 3709 συσκιάξει
561 3648 657 3719 τὴν
684 3654 1016 3721 προφητείαν
1036 3672 1049 3685 ο
1074 3655 1134 3707 τὸ
1159 3656 1276 3725 μὲν,
1297 3658 1382 3710 ἴνα
1403 3661 1512 3720 τοῖς
1537 3659 1917 3729 συνετωτέροις

256 3732 511 3801 ἀφορμὰς
546 3737 812 3807 παράσχοι
842 3740 934 3790 τοῦ
966 3742 1191 3793 συνιδεῖν
1224 3743 1293 3795 τά
1314 3744 1577 3811 λεγόμενα
1597 3760 1610 3773 ⁸
1640 3745 1697 3795 τὸ
1722 3746 1795 3809 δὲ,
1831 3748 1919 3799 ῖνα

256 3817 365 3869 τῶν
392 3820 721 3889 ἀγνωμόνων
752 3826 1007 3894 κατάσχοι
1037 3828 1133 3896 τὴν
1166 3829 1396 3882 ἄτακτον
1420 3831 1596 3899 ῥύμην
1617 3848 1628 3859 ’
1663 3832 1756 3883 καὶ
1785 3850 1918 3886 παν-

256 3904 485 3973 ταχόθεν
512 3907 773 3960 ποικίλλει
801 3910 891 3962 τὸν
920 3911 1094 3979 λόγον.

326 4040 389 4095 δ’.
422 4044 483 4095 Εἰ
514 4044 569 4096 δὲ
603 4047 750 4100 Θεοῦ
778 4048 978 4101 Ἰακὼὸ
1008 4047 1146 4114 εἷπε,
1186 4050 1259 4120 μή
1287 4050 1605 4121 θορυϐηθῇς,
1637 4052 1915 4122 ἀγαπητέ·

261 4129 353 4179 καὶ
397 4130 506 4198 γὰρ
547 4133 575 4183 6
631 4134 919 4205 μονογενής
952 4136 1077 4196 Υἱὸς
1122 4136 1215 4187 τοῦ
1250 4136 1382 4187 Θεοῦ
1426 4138 1554 4197 Θεὸς
1601 4138 1789 4187 Ἰακὼϐ
1828 4133 1917 4205 ἦν.

261 4213 429 4275 Αὐτὸς
475 4216 579 4285 769
616 4218 707 4269 καὶ
742 4218 831 4271 τὸν
877 4220 1038 4289 νόμον
1073 4221 1238 4274 ἔδωκε
1261 4263 1273 4286 ,
1306 4224 1400 4274 καὶ
1446 4223 1513 4273 τά
1566 4224 1683 4273 κατ’
1725 4224 1919 4283 αὐτοὺς

261 4298 772 4372 ἐθαυματούργησεν
816 4304 1027 4357 ᾶπαντα
1052 4324 1066 4339 ο
1109 4308 1202 4359 καὶ
1244 4308 1401 4359 τοῦτο
1433 4310 1495 4359 ἐκ
1533 4310 1630 4377 τῆς
1678 4310 1918 4371 Παλαιᾶς

261 4384 429 4453 αὐτῆς
466 4387 695 4453 μάλιστα
733 4386 875 4442 ἔστιν
901 4392 1047 4457 ἰδεῖν,
1089 4394 1275 4462 ἐπειδὴ
1316 4395 1412 4463 τῆς
1448 4396 1651 4463 Καινῆς
1682 4396 1799 4446 οὐδὲ
1841 4392 1920 4457 εἷς

275 4471 541 4535 Ἰουδαίοις
588 4474 764 4541 λόγος.
808 4478 865 4529 'U
902 4475 989 4531 οῦν
1039 4480 1305 4549 Ἱερεμίας
1349 4482 1511 4551 φησί·
1563 4482 1921 4549 Διαθήσομαι

261 4556 401 4623 ὑμῖν·
439 4560 732 4628 διαθήκην
768 4564 1000 4631 καινὴν,
1045 4569 1115 4620 οὺ
1147 4568 1295 4619 κατὰ
1338 4569 1451 4634 τὴν
1490 4568 1809 4635 διαθήκην.
1843 4569 1923 4635 ἣν

262 4643 535 4712 διεθέμην
568 4650 691 4714 τοῖς
737 4653 1031 4718 πατράσιν
1062 4654 1261 4722 ὑμῶν·
1294 4656 1506 4717 δεικνὺς
1536 4659 1613 4708 ὃτι
1650 4659 1922 4726 ἑκατέρων

260 4732 365 4783 τῶν
398 4734 573 4800 νόμων
596 4737 755 4798 αὐτὸς
784 4741 811 4788 ὁ
839 4740 1129 4808 νομοθέτης
1156 4738 1245 4810 ἦν.
1273 4744 1395 4793 Ὅτι
1426 4744 1480 4793 δὲ
1509 4745 1599 4794 καὶ
1630 4745 1724 4810 τῆς
1755 4744 1921 4809 Αἰγύ-

264 4834 395 4869 πτου
424 4820 582 4882 αὐτὸς
619 4823 942 4891 ἀπήλλαξεν,
976 4828 1279 4893 ἐπήγαγεν·
1318 4830 1410 4877 Ἐν
1434 4828 1621 4893 ἡμέιςςι
1650 4830 1923 4879 ἐπιλαϐο-

255 4903 443 4971 μένου
457 4923 573 4973 μου
595 4906 702 4974 τῆς
720 4910 912 4975 χειρὸς
931 4912 1143 4975 αὐτῶν,
1164 4913 1474 4980 ἐξαγαγεῖν
1490 4914 1708 4977 αὐτοὺς
1725 4914 1790 4965 ὲιι
1816 4913 1921 4981 γῆς

266 4993 582 5058 Αἰγύπτου.
609 4994 669 5045 Εἰ
700 4995 756 5044 δὲ
794 4996 951 5057 αὐτὸς
992 4997 1224 5065 ἐξήγαγε
1247 5041 1261 5063 ,
1292 5000 1384 5051 καὶ
1417 5000 1590 5052 πάντα
1636 5002 1814 5051 ἐκεῖνα
1855 5000 1922 5052 τὰ

262 5076 318 5126 ἐν
350 5080 415 5146 τῇ
449 5079 702 5149 Αἰγύπτῳ
735 5083 824 5132 καὶ
852 5082 917 5133 τά
952 5084 1007 5133 ἐν
1034 5087 1098 5152 τῇ
1132 5086 1320 5154 ἐρήμῳ
1346 5087 1504 5147 αὐτὸς
1540 5086 1759 5154 ἐποίησε
1792 5085 1920 5138 θαύ-

266 5178 427 5229 ματα.
464 5164 567 5215 Καί
600 5166 914 5233 ἀναγγελεῖ
952 5170 1093 5236 ἡμῖν
1133 5170 1246 5235 τὴν
1276 5170 1419 5223 ὁδὸν
1451 5172 1657 5232 αὑτοῦ,
1694 5172 1788 5223 καὶ
1822 5190 1924 5223 πο-

253 5251 591 5317 ρευσόμεθα
627 5252 695 5303 ἐν
732 5253 901 5321 αὐτῇ.
940 5256 1098 5324 Ὁρᾷς
1145 5257 1328 5326 ἕτερόν
1378 5275 1497 5310 τινα
1538 5257 1923 5326 ἐπιζητοῦντας

264 5332 459 5398 νόμον;
496 5336 640 5387 ὐδὸν
668 5337 773 5405 γὰρ
823 5342 855 5408 ή
890 5342 1072 5410 Γραφὴ
1105 5343 1202 5403 τὰς
1232 5343 1447 5405 ἐντολάς
1478 5344 1570 5395 τοῦ
1604 5344 1736 5395 Θεοῦ
1768 5344 1921 5395 εἴωθε

262 5415 467 5483 λέγειν·
501 5421 547 5469 εἰ
580 5422 635 5472 δὲ
663 5423 753 5473 ἐπὶ
779 5425 876 5494 τῆς
917 5428 1184 5497 προτέρας
1221 5429 1371 5497 ἔλεγε
1411 5431 1702 5499 Διαθήκης,
1730 5432 1826 5481 οὐκ
1859 5430 1923 5481 ἂν

262 5499 434 5569 εἶπεν,
472 5507 802 5575 Ἀναγγελεῐ
837 5513 1011 5581 ἡμῖν·
1046 5515 1175 5585 δήλη
1218 5516 1327 5587 γάρ
1375 5514 1443 5587 ἧν
1485 5519 1577 5571 καὶ
1611 5518 1783 5586 σαφὴς
1834 5519 1924 5569 καὶ

264 5593 536 5665 γνώριμος
570 5597 759 5650 ἅπασι.

324 5797 347 5865 ξ
375 5795 493 5865 ἷξες.
519 5802 569 5843 Cl
594 5800 739 5865 ﬁmi}.
768 5807 1045 5865 παρεστῶτα
1066 5807 1289 5865 ἄμπελον,
1319 5812 1463 5857 male.

323 5854 1004 5937 Βαγξὶγιέἷούδεμιᾶς
1036 5854 1253 5925 τοίαύτης
1279 5854 1481 5919 ’δεθέντα
1507 5873 1726 5933 ἀνάγκης,
1776 5876 1920 5937 male,

268 5922 314 5960 ul
341 5920 442 5974 ιιιυο
464 5920 611 5967 Saul.
647 5920 914 5981 suspicatus
934 5934 1028 5975 est.

3595 423 3667 478 32

2087 509 2194 559 Καὶ
2240 508 2320 559 ὄτι
2356 508 2415 559 οὐ
2456 507 2795 576 σοφιζόμενοι
2830 505 3001 558 ταῦτά
3031 521 3234 573 φαμεν,
3270 504 3335 557 τά
3376 505 3473 573 μὲν
3513 508 3663 577 εἰρη-

2017 598 2151 664 μένα
2188 598 2280 649 καί
2326 598 2450 659 τούς
2491 598 2693 667 σφόδρα
2728 594 3206 663 ἀναισχυντοῦντας
3256 594 3412 647 ἰκανά
3459 598 3658 650 πεῖσαι.

2031 687 2245 756 Ἐπειδὴ
2296 686 2405 756 γάρ
2455 686 2573 738 ὀδοῦ
2630 688 2785 755 μόνον
2839 686 3110 755 ἐμνήσθη,
3161 685 3306 751 λέγει
3365 686 3455 736 καὶ
3506 687 3664 749 ποίας

2016 776 2156 835 ὁδοῦ.
2185 777 2279 829 καί
2310 776 2475 829 πολλά
2497 776 2706 846 τίθησιν
2736 776 2902 844 αὐτῆς
2929 775 2996 826 τά
3030 775 3350 844 παράσημα.
3389 776 3664 843 Ἐπήγαγε

2018 862 2146 929 γοῦν
2194 863 2396 931 λέγων·
2440 864 2541 916 Ἐκ
2575 865 2683 931 γὰρ
2723 860 2873 914 Σιὼν
2899 860 3277 924 ἐξελεύσεται
3320 863 3523 928 νόμος,
3562 861 3664 913 καί

2017 955 2195 1019 λόγος
2218 953 2433 1019 Κυρίου
2453 952 2519 1015 ἐξ
2548 951 2956 1019 Ἰερουσαλήμ.
2982 951 3121 1020 Πρὸς
3145 950 3317 1003 ταῦτα
3350 951 3439 1002 καί⁵
3467 951 3667 1020 σφόδρα

2017 1041 2492 1111 ἀναισχυντοῦντες
2530 1041 2796 1094 Ἰουδαίων
2825 1041 3006 1102 παῖδες
3047 1040 3164 1091 οὐδὲ
3192 1039 3371 1109 διᾶραι
3398 1040 3461 1092 τὸ
3497 1040 3669 1109 στόμα

2017 1132 2348 1202 δυνήσονται.
2382 1132 2499 1185 Ὅτι
2542 1131 2647 1203 769
2696 1132 2821 1202 περί
2865 1131 2964 1200 τῆς
3003 1131 3203 1200 Καινῆς
3242 1130 3412 1181 ταῦτα
3457 1130 3669 1201 εἴρηται

2017 1222 2309 1289 Διαθήκης,
2342 1222 2435 1272 καὶ
2465 1221 2572 1273 ἀπὸ
2606 1221 2699 1272 τοῦ
2733 1221 2921 1286 τόπου,
2950 1221 3042 1273 καὶ
3069 1220 3174 1272 ἀπὸ
3202 1219 3291 1271 τοῦ
3333 1219 3540 1288 χρόνου,
3575 1222 3669 1272 καὶ

2016 1314 2121 1365 ἀπὸ
2150 1314 2258 1365 τῶν
2285 1311 2586 1380 δεξαμένων
2620 1311 2713 1362 τὸν
2740 1310 2921 1376 νόμον,
2956 1309 3045 1360 καί
3078 1308 3183 1360 ἀπὸ
3216 1308 3307 1360 τοῦ
3347 1309 3666 1377 πράγματος

2014 1402 2111 1454 τοῦ
2140 1402 2278 1471 μετὰ
2304 1400 2485 1470 νόμον,
2524 1400 2617 1453 καὶ
2645 1399 2905 1451 πάντοθεν
2930 1398 3111 1461 ἁπλῶς
3141 1397 3253 1449 ἐστι
3291 1396 3538 1449 συνιδεῖν.
3560 1395 3669 1448 Καὶ

2018 1491 2234 1560 πρῶτον
2255 1491 2362 1543 ἀπὸ
2388 1490 2481 1543 τοῦ
2511 1490 2696 1550 τόπου,
2721 1487 2812 1539 τοῦ
2836 1488 2971 1538 Σιὼν
2999 1486 3177 1555 ὅρους.
3202 1485 3259 1538 Ὀ
3287 1483 3396 1553 γὰρ
3426 1482 3513 1536 διά
3541 1484 3669 1538 Μω-

2018 1581 2155 1643 σέως
2196 1582 2356 1651 νόμος
2405 1583 2462 1633 ἐν
2490 1580 2567 1650 τῷ
2612 1579 2805 1647 Σιναίῳ
2851 1579 2966 1648 ὄρει
3013 1579 3127 1639 τοῖς
3168 1577 3450 1647 προγόνοις
3495 1573 3673 1628 αὐτῶν

2017 1671 2192 1739 ἐδόθη.
2212 1672 2337 1734 Πῶς
2361 1665 2452 1722 οὖν
2482 1668 2709 1722 ἐνταῦθα
2744 1669 2835 1719 Ἐκ
2872 1666 3021 1719 Σιών
3047 1683 3178 1735 φησι
3201 1682 3214 1731 ;
3248 1668 3356 1719 Καὶ
3381 1666 3481 1719 οὐκ
3508 1665 3675 1734 ήρκέυ

2021 1760 2120 1831 σθη
2149 1762 2323 1829 τούτῳ
2352 1760 2532 1829 μόνον,
2561 1758 2695 1812 ἀλλά
2727 1758 2819 1810 καὶ
2848 1757 2938 1809 τὸν
2965 1757 3152 1826 χρόνον
3177 1756 3575 1826 προστέθεικεν.
3595 1755 3672 1808 Οὐ

2018 1855 2126 1923 γὰρ
2159 1849 2341 1918 εἶπεν,
2376 1851 2595 1921 Ἐξῆλθε
2629 1850 2811 1920 νόμος,
2846 1850 2982 1913 ἀλλ’,
3031 1848 3432 1913 Ἐξελεύσεται
3469 1849 3672 1916 νόμος,

2018 1946 2155 2015 ὅπερ
2190 1946 2280 1997 ἐπὶ
2308 1944 2586 2013 μέλλοντος
2607 1942 2817 2012 χρόνου,
2841 1942 2933 1993 καὶ
2960 1939 3279 2010 πράγματος
3297 1939 3504 1991 οὐδέπω
3526 1954 3675 2004 γεγε-

2018 2034 2271 2102 νημένου.
2311 2035 2441 2085 Ὅτε
2475 2033 2531 2084 δὲ
2558 2034 2586 2084 6
2614 2033 2893 2100 προφήτης
2920 2028 3087 2082 ταῦτα
3116 2028 3288 2098 ἔλεγε,
3322 2029 3427 2098 πρὸ
3463 2028 3673 2083 πολλῶν

2018 2124 2153 2175 ἐτῶν
2185 2119 2253 2192 ἦν
2298 2122 2574 2191 δεδομένος
2616 2123 2645 2173 6
2687 2121 2879 2189 νόμος·
2927 2122 2955 2173 6
2998 2120 3055 2173 δέ
3082 2119 3182 2188 τῆς
3228 2118 3435 2187 Καινῆς
3482 2116 3675 2187 ἔμελλε

2023 2219 2158 2288 μετά
2185 2220 2280 2287 ἐτη
2313 2218 2530 2270 πλείονα
2570 2216 2823 2268 δίδοσθαι.
2858 2215 2955 2266 Διά
2997 2213 3155 2266 τοῦτο
3185 2214 3283 2265 οὐκ
3309 2209 3478 2274 εἶπεν.
3518 2212 3676 2280 ἐξῆλ-

2021 2306 2129 2369 θεν,
2152 2306 2285 2367 ἀλλ’,
2324 2304 2754 2367 Ἐξελεύσεται,
2781 2301 3044 2363 τουτέστι,
3070 2300 3203 2369 μετὰ
3230 2299 3419 2352 ταῦτα.
3446 2299 3552 2350 Καὶ
3568 2298 3676 2351 πά·-

2018 2393 2099 2445 λιν
2128 2394 2219 2445 ἐπὶ
2243 2392 2333 2443 τὸν
2360 2393 2523 2444 τόπον
2548 2391 2709 2443 αὐτὸν
2742 2387 3072 2454 καταφεύγει
3113 2388 3314 2452 λέγων·
3351 2386 3461 2438 Καὶ
3493 2386 3674 2451 λόγος

2019 2479 2236 2542 Κυρίου
2261 2476 2329 2537 ἐξ
2352 2474 2751 2541 Ἰερουσαλήμ.
2776 2472 2923 2524 Μετά
2953 2471 3231 2541 ἀκριϐείας
3261 2473 3390 2538 ήμῖν
3418 2470 3477 2521 τὸ
3500 2470 3674 2537 παρά-

2019 2578 2189 2630 σημον
2217 2560 2311 2626 τῆς
2340 2560 2525 2627 καινῆς
2551 2559 2819 2626 Διαθήκης
2845 2556 3074 2609 ἐνταῦθα
3102 2555 3298 2624 τίθησι.
3317 2555 3425 2607 Καὶ
3451 2556 3557 2624 γάρ
3578 2554 3673 2607 νῦν

2022 2646 2118 2716 μὲν
2144 2646 2201 2697 ἐν
2232 2646 2307 2714 τῷ
2343 2645 2458 2713 ὄρει
2502 2644 2827 2713 καθήμενος,
2856 2641 2923 2694 τά
2948 2640 3125 2711 ὑψηλά
3159 2640 3250 2693 καὶ
3286 2640 3393 2692 τῶν
3430 2640 3673 2709 οὐρανῶν

2018 2734 2142 2797 ἀξια
2190 2733 2584 2803 προστάγματα
2624 2730 2957 2800 ἐνομοθέτει,
3003 2728 3096 2783 νῦν
3142 2728 3198 2780 δὲ
3231 2729 3287 2781 ἐν
3328 2727 3676 2798 Ἰερουσαλήμ

2016 2818 2322 2889 διατρίϐων.
2353 2817 2536 2870 Είπὼν
2574 2816 2754 2869 τοίνυν
2784 2816 2877 2869 καί
2908 2815 2998 2867 τὸν
3030 2814 3191 2867 τόπον
3224 2813 3316 2866 καὶ
3344 2812 3433 2865 τὸν
3464 2813 3673 2882 χρόνον,

2019 2906 2338 2975 προστίθησι
2365 2903 2480 2975 [24]
2514 2905 2606 2956 καὶ
2637 2904 2761 2966 τοὺς
2795 2902 3149 2970 ὑποδέχεσθαι
3174 2899 3334 2953 αὐτὸν
3365 2899 3673 2969 μέλλοντας,

2017 2991 2350 3059 πανταχόθεν
2372 2991 2742 3061 ἀπορράπτων
2770 2988 2879 3041 τῶν
2912 2986 3289 3053 ἀντιλεγόντων
3315 2985 3382 3037 τά
3413 2985 3671 3053 στόματα.

2020 3078 2173 3138 Τίνες
2216 3072 2308 3128 οῦν
2360 3078 2410 3127 οἰ
2458 3075 2740 3142 μέλλοντες
2790 3074 2952 3127 αὐτὸν
2987 3072 3372 3140 ὐποδέχεσθαι;
3416 3067 3524 3139 ἆρα
3566 3071 3676 3124 τῶν

2031 3164 2293 3232 Ἐϐραίων
2320 3166 2346 3215 6
2378 3164 2542 3230 δῆμος
2577 3164 2668 3215 καὶ⁸
2706 3163 2973 3214 Ἰουδαίων
3006 3161 3220 3223 παῖδες;
3251 3160 3533 3226 Οὐδαμῶς,
3560 3161 3676 3212 ἀλλ’

2018 3252 2068 3303 οἰ
2096 3251 2153 3315 ἐξ
2186 3249 2375 3301 ἐθνῶν.
2416 3249 2507 3301 Διὸ
2543 3252 2635 3301 καὶ
2675 3250 2919 3317 ἐπήγαγε
2940 3265 2951 3278 ’
2982 3247 3091 3301 Καὶ
3126 3246 3313 3314 κρινεῖ
3344 3246 3460 3299 ἀνὰ
3484 3248 3680 3313 μέσον

2018 3339 2226 3395 ἐθνῶν.
2257 3338 2426 3391 Τοῦτο
2459 3338 2565 3407 γὰρ
2606 3338 2834 3405 μάλιστα
2863 3337 3047 3405 νόμου,
3076 3336 3135 3387 τὸ
3164 3335 3401 3398 δικάζειν
3422 3338 3531 3396 τοῖς
3569 3352 3675 3402 μαο

2020 3427 2266 3496 χομένοις
2288 3424 2447 3478 αὐτόν
2470 3434 2516 3476 ε.
2542 3424 2657 3475 Ὀτι
2687 3422 2742 3473 δὲ
2780 3422 2838 3473 οὐ
2876 3421 3003 3491 περί
3042 3421 3140 3489 τῆς
3176 3421 3413 3481 Παλαιᾶς
3437 3423 3464 3472 6
3502 3420 3675 3485 λόγος,

2020 3514 2177 3582 δῆλον
2214 3512 2319 3564 ἀπὸ
2347 3511 2454 3563 τῶν
2492 3510 2827 3581 πραγμάτιον
2848 3508 3043 3561 αὐτῶν.
3067 3506 3205 3560 Οὔτε
3230 3506 3336 3575 γὰρ
3363 3506 3680 3569 σαϐϐατίζο-

2026 3617 2142 3670 μεν,
2159 3601 2218 3650 οὐ
2244 3599 2543 3668 περιτομὴν
2569 3596 2885 3665 ἐδεξάμεθα,
2906 3596 2964 3646 οὐ
2986 3595 3083 3657 τὰς
3106 3595 3297 3663 ἑορτὰς
3316 3594 3557 3655 ἐκείνων,
3581 3594 3681 3648 οὐκ

2021 3686 2147 3738 ἄλλο
2167 3684 2272 3735 τῶν
2295 3682 2542 3735 παλαιῶν
2558 3682 2726 3736 οὐδέν.
2767 3680 3103 3749 Ἦκούσαμεν
3122 3679 3227 3747 γὰρ
3257 3679 3465 3731 Παύλου
3501 3679 3683 3746 λέγον-

2022 3788 2132 3833 τος,
2156 3772 2237 3823 ὅτι
2259 3772 2393 3822 Ἐὰν
2418 3769 2863 3835 περιτέμνησθε,
2881 3765 3128 3833 Χριστὸς
3152 3765 3305 3832 ὑμᾶς
3332 3765 3513 3818 οὐδὲν
3532 3767 3682 3833 ὠφε-

2021 3858 2199 3924 λήσει
2217 3874 2229 3886 ·
2250 3858 2360 3919 καὶ,
2379 3854 2618 3920 Ἡμέρας
2638 3853 3088 3920 παρατηρεῖσθε,
3112 3853 3207 3903 καί
3222 3850 3435 3919 μῆνας,
3451 3851 3545 3903 καί
3564 3867 3683 3903 και-

2016 3943 2181 4010 ροὺς,
2206 3943 2298 3993 καί
2322 3941 2665 4002 ἐνιαυτούς;
2688 3940 2979 4005 Φοϐοῦμαι
2998 3936 3222 4005 μήπως
3252 3936 3380 4002 εἰκῆ
3409 3939 3684 3989 κεκοπία-

2024 4045 2101 4080 κα
2124 4031 2209 4091 εὶς
2228 4026 2567 4093 ὑμᾶς.”υθεν
2591 4025 2746 4092 δῆλον
2767 4026 2846 4076 ὅτι
2874 4026 2999 4093 περί
3024 4026 3119 4092 τῆς
3142 4023 3347 4089 Καινῆς
3366 4027 3391 4074 6
3411 4024 3585 4090 λόγος,
3600 4026 3684 4077 ὅτι

2024 4115 2125 4166 ἀνά
2149 4115 2311 4182 μέσον
2341 4112 2509 4165 ἐθνῶν
2529 4113 2707 4180 ἔκρινε
2722 4111 2771 4170 ἀ.
2804 4111 2983 4173 καθὼς
3005 4113 3094 4163 καὶ
3115 4114 3142 4163 6
3158 4112 3362 4173 Παῦλός
3381 4130 3541 4180 φησιν
3562 4132 3569 4140 ·
3590 4114 3686 4166 Ἐν

2023 4197 2232 4265 ἡμέρᾳ,
2256 4198 2351 4249 ὅτε
2376 4196 2560 4263 κρινεῖ
2593 4198 2624 4248 ό
2660 4195 2803 4259 Θεὸς
2842 4196 2911 4247 τὰ
2944 4196 3169 4261 κρυπτὰ
3197 4194 3314 4247 τῶν
3340 4195 3681 4261 ἀνθρώπων.

2026 4283 2147 4343 Πῶς
2172 4284 2375 4349 κρινεῖς
2403 4279 2525 4332 εἰπέ
2556 4296 2678 4348 μοι·
2713 4280 2854 4331 κατά
2874 4280 2971 4347 τὴν
3001 4278 3232 4331 παλαιάν
3252 4278 3549 4347 Διαθήκην;
3584 4280 3689 4333 Οὐ·

2025 4368 2229 4435 δαμῶς,
2254 4368 2388 4419 ἀλλά
2426 4368 2584 4419 Κατὰ
2617 4365 2681 4417 τὸ
2710 4365 3074 4432 Εὐαγγέλιόν
3103 4382 3238 4430 μου.
3273 4360 3424 4425 Εἶδες
3456 4364 3685 4433 διάφορα

2030 4454 2127 4521 μὲν
2158 4454 2225 4504 τά
2259 4455 2498 4522 ῥήματα,
2543 4449 2930 4517 συμφωνοῦντα
2955 4449 3009 4499 δὲ
3040 4447 3106 4499 τά
3136 4450 3375 4517 νοήματα
3402 4467 3414 4513 ;
3459 4450 3685 4513 Ἡσαΐας

2029 4538 2194 4608 φησί’
2247 4537 2450 4603 Κρινεῖ
2486 4535 2600 4588 ἀνὰ
2624 4534 2816 4600 μέσον
2854 4532 2971 4584 τῶν
3010 4533 3230 4586 ἐθνῶν·
3277 4535 3484 4598 Παῦλός
3515 4553 3645 4604 φησι
3667 4553 3683 4567 ’

2028 4626 2223 4689 Κρινεῖ
2259 4622 2404 4673 κατὰ
2438 4621 2503 4671 τὸ
2546 4619 2911 4685 Εὑαγγέλιάν
2938 4636 3076 4687 μου.
3123 4620 3231 4672 Καὶ
3262 4620 3491 4690 ἐλέγξει
3532 4623 3688 4674 λαόν

2027 4710 2223 4761 πολύν
2243 4725 2254 4737 ·
2287 4706 2410 4767 τοὺς
2447 4706 2783 4773 μαχομένους
2813 4706 2905 4757 καὶ
2928 4706 3375 4776 παραϐαίνοντας.
3398 4709 3502 4759 Καὶ
3530 4708 3689 4759 τοῦτο

2025 4795 2197 4861 δηλῶν
2226 4796 2253 4845 6
2272 4793 2500 4862 Χριστὸς
2530 4793 2740 4859 ἔλεγεν·
2779 4796 2899 4846 Οὐκ
2925 4794 3037 4861 ἐγὼ
3076 4794 3253 4860 κρινῶ
3282 4793 3454 4861 ὑμᾶς,
3478 4795 3617 4846 ἀλλ’
3653 4798 3685 4848 ό

2028 4884 2228 4947 λόγος,
2256 4881 2326 4933 ὃν
2345 4880 2641 4944 ἐλάλησα,
2677 4881 2906 4944 ἐκεῖνος
2936 4880 3124 4946 κρινεῖ
3146 4879 3315 4947 ὑμᾶς.
3342 4880 3447 4931 Καὶ
3473 4882 3689 4948 συγκό·

2026 4972 2215 5035 ψουσι
2250 4968 2354 5032 τὰς
2394 4971 2693 5035 μαχαίρας
2724 4967 2917 5020 αὐτῶν
2953 4969 3039 5031 εἰς
3069 4966 3302 5032 ἄροτρα,
3340 4967 3435 5018 καί
3477 4968 3582 5031 τὰς
3612 4968 3689 5026 ο-

2029 5056 2211 5117 ϐὐνας
2238 5054 2433 5106 αὐτῶν
2461 5057 2544 5118 εἰς
2577 5053 2857 5121 δρέπανα.
2902 5053 3009 5105 Καὶ
3056 5054 3116 5103 οὐ
3160 5052 3384 5121 λήψεται
3417 5053 3565 5115 ἔθνος
3601 5057 3689 5106 ἐπ’

2029 5142 2174 5203 ἔθνος
2192 5143 2477 5210 μάχαιραν,
2494 5143 2581 5191 καὶ
2597 5143 2656 5191 οὐ
2682 5142 2754 5209 μὴ
2777 5139 3102 5208 μάθωσινέτι
3119 5139 3243 5191 πολε
3252 5143 3388 5207 μεῖν,
3406 5142 3516 5193 Οὐκ
3533 5142 3689 5209 ἠρκέ-

2034 5228 2131 5296 σθη
2168 5228 2409 5295 σημείοις
2435 5228 2545 5286 τοῖς
2571 5225 2850 5295 προτέροις
2878 5228 2905 5276 6
2933 5226 3234 5294 προφήτης.
3260 5226 3429 5295 Πολλὴ
3462 5227 3568 5295 γάρ
3591 5230 3689 5296 τῆς

2031 5314 2279 5382 ἀληθείας
2303 5316 2334 5382 ή
2365 5312 2665 5380 περιουσία.
2698 5313 2794 5363 Διά
2822 5312 2977 5363 τοῦτο
3016 5312 3107 5364 καί
3136 5313 3315 5382 ἕτερον
3349 5314 3526 5381 τίθησι
3550 5314 3688 5379 7w?»-

2035 5418 2201 5469 ρισμα
2224 5400 2320 5467 τῆς
2345 5398 2533 5465 καινῆς
2555 5397 2825 5466 Διαθήκης
2851 5398 2989 5449 κατά
3017 5400 3114 5468 τὴν
3133 5399 3453 5468 οἰκουμένην
3477 5399 3690 5465 λάμπον

2033 5487 2264 5539 ἃπασαν.
2295 5484 2357 5536 Τί
2384 5483 2440 5534 δὲ
2472 5482 2630 5534 τοῦτό
2664 5483 2844 5549 ὲστιν;
2879 5485 3081 5555 Εἰρήνη
3124 5486 3218 5538 καὶ
3253 5484 3498 5553 πολέμων
3533 5482 3687 5535 ἀναί-

2093 5699 2114 5725 ε
2141 5695 2289 5743 Fnrle
2318 5694 2494 5742 melius
2516 5694 2613 5748 τοῖς
2634 5696 2913 5755 μαχομένοις
2953 5693 3065 5755 πρὸς
3087 5692 3236 5740 αὐτόν.
3282 5690 3492 5755 Alienus
3512 5687 3686 5755 proha-

2028 5757 2129 5805 bile
2156 5763 2289 5816 pnlal
2316 5757 2577 5815 legendum
2604 5751 3000 5817 θεεάδεχομένοις
3022 5768 3107 5815 pro
3151 5754 3447 5814 μαχομένοις,
3471 5751 3558 5798 sed
3592 5763 3687 5796 ma-

2032 5821 2111 5865 lim
2140 5822 2417 5877 μαχομένοις
2442 5818 2555 5878 πρὸς
2575 5817 2730 5863 αὐτόν.

2091 5880 2117 5917 (ι
2148 5881 2265 5935 lh'g.
2304 5881 2373 5925 ὅτι
2412 5880 2498 5937 γὰρ
2532 5880 2619 5925 ἀνὰ
2644 5880 2784 5937 μέσον
2808 5878 2974 5937 ἔκρινε.

2034 5942 2295 6003 ιροριιαυω
2322 5944 2389 5988 οτι
2414 5941 2502 5987 ἀνα
2524 5943 2665 6001 μέσον
2687 5944 2824 5990 ἐθνῶν
2854 5940 3011 5999 κρινεῖ.

3013 5880 3155 5924 maio.
3196 5874 3286 5923 llic
3315 5874 3438 5923 I‘orle
3466 5872 3685 5922 videatur
