4044 6414
469 408 538 462 33
1210 411 1265 467 S.
1303 410 1580 467 JOANNIS
1609 408 2087 466 CIIRYSOSTOMI
2123 412 2434 468 ARCIIIEP.
2481 410 3012 468 CONSTAN'I’INUP.
3748 429 3830 483 34

449 535 616 588 ρεσις.
637 519 800 573 Ὅταν
826 515 931 592 γάρ
955 522 1384 593 ταῦτα-γένηται,
1412 524 1564 594 φησι,
1591 523 1820 590 τοσαύτη
1854 522 2073 590 λήψεται
2177 525 2352 590 μόνον.
2390 527 2642 578 Ἡδύνατο
2695 527 2788 594 μὲν
2821 525 2928 594 γὰρ
2975 525 3069 577 καὶ
3100 527 3166 577 τά
3213 528 3439 596 λείψανα
3487 533 3730 586 καθελεῖν
3776 537 3811 587 ὁ

447 603 667 671 εὐνομία
697 607 793 674 τὴν
811 608 1145 677 οἰκουμένην,
1171 607 1244 670 ὡς
1277 609 1368 659 καὶ
1402 609 1539 660 αύτά
1564 608 1630 658 τὰ
1660 607 1796 658 ὅπλα
1829 607 1894 658 τά
1924 608 2074 657 πολε-

2172 609 2418 676 Χριστὸς,
2462 610 2572 661 ἀλλ’
2602 610 2775 676 ἀφῆκε
2824 611 3192 680 σωφρονισμοῦ
3226 630 3363 675 τινος
3395 614 3640 668 ὑπόθεσιν
3683 623 3810 680 τοῖς

449 688 581 756 μικά
625 689 702 751 είς
733 692 1004 760 γεωργικὰ
1039 692 1387 760 χαλκεύεσθαι
1415 692 1645 760 ὄργανα·
1686 691 1817 759 ὅπερ
1846 691 1934 742 ἐπὶ¹
1963 691 2069 743 τῶν
2171 695 2483 762 ῥᾳθυμοῦσι,
2507 697 2596 746 καὶ
2626 697 2726 746 61:6
2749 696 2843 762 τῆς
2866 696 3083 765 εἰρήνης
3115 701 3444 765 χαυνοτέροις
3471 704 3805 769 γινομένοις,

447 772 649 841 καιρῶν
677 775 782 826 τῶν
810 776 1071 828 Ἰουδαίων
1102 776 1199 828 οὐκ
1216 775 1280 828 ἄν
1305 791 1386 837 τις
1413 775 1507 827 ίόοι
1537 774 1910 844 γεγενημένον,
1939 774 2070 826 ἀλλά
2166 780 2272 828 τῶν
2299 780 2578 848 βαρϐάρων
2609 775 2744 831 εἶναι
2774 780 2867 840 τάς
2902 779 3213 848 ἐπιδρομάς.
3243 783 3347 833 Kal
3376 784 3403 832 6
3431 789 3704 854 προφήτης
3738 789 3806 839 δὲ

444 857 742 912 τούναντίον
763 859 924 913 ᾶπαν.
945 860 1016 913 Ού
1038 861 1144 931 γάρ
1162 861 1420 914 διέλειπον
1441 861 1651 913 ἀπάντα
1679 859 1778 927 τῆς
1806 859 2070 921 πολιτείας
2166 864 2275 924 τοῖς
2316 864 2624 932 δυναμένοις
2664 863 2898 933 ἀκριϐῶς
2951 865 3175 915 συνιδεῖν
3208 867 3335 917 αὐτὸ
3365 868 3516 920 τοῦτο
3554 873 3800 938 ᾐνίξατο,

445 941 618 994 αὐτῶν
650 943 740 996 τὸν
777 945 960 1014 καιρὸν
1003 945 1356 1015 πολεμοῦντες
1399 945 1491 998 καὶ
1523 943 1934 1013 πολεμούμενοι,
1975 945 2066 995 καὶ

441 1023 526 1077 διά
559 1027 765 1097 μακροῦ
797 1029 887 1081 καὶ
926 1029 991 1082 δι’
1029 1030 1203 1097 ὀλίγου
1235 1031 1340 1082 τῶν
1373 1029 1639 1098 πολεμίων
1675 1028 1850 1090 αὐτοῖς
1887 1028 2064 1079 ἐπιόν-

442 1126 568 1164 των.
603 1113 710 1164 Kal
745 1113 850 1183 γὰρ
887 1115 934 1167 οί
964 1116 1021 1168 ἐν
1051 1116 1186 1184 αὐτῇ
1221 1117 1283 1184 τῇ
1326 1113 1653 1185 Παλαιστίνῃ
1680 1112 1884 1181 χαλεπά
1924 1113 2065 1182 πρά-

441 1211 622 1264 γματα
643 1198 906 1268 παρέσχον
928 1200 1104 1262 αὐτοῖς
1128 1199 1400 1262 πολλάκις,
1429 1199 1521 1252 καὶ
1543 1198 1668 1268 περὶ
1695 1196 1800 1249 τῶν
1830 1197 2065 1264 ἐσχάτων

448 1281 825 1351 ἐπεκρέμασαν
853 1282 1086 1335 κίνδυνον
1109 1295 1157 1336 ι.

507 1441 568 1486 ε’.
601 1435 708 1486 Kal
733 1434 898 1486 ταῦτα
930 1435 1078 1504 δηλοῖ
1109 1436 1206 1503 μὲν
1237 1434 1395 1506 ήτῶν
1425 1433 1706 1503 βασιλειῶν
1733 1433 1934 1501 ἱστορία
1967 1448 2058 1485 σσ-

436 1517 572 1585 φῶς,
599 1519 690 1588 ὅλη
721 1519 788 1571 δι’
827 1520 951 1587 δλης
986 1522 1048 1572 ἐκ
1088 1519 1333 1589 πολέμων
1368 1520 1694 1589 ὑφαινομένη
1720 1537 1733 1551 ο
1763 1518 1974 1586 δηλοῦσι
2006 1518 2062 1569 δέ

433 1602 482 1654 οι
512 1603 779 1671 προφῆται
809 1604 1023 1666 πάντες,
1048 1604 1116 1655 τά
1137 1604 1394 1673 γενόμενα
1420 1603 1840 1670 ἀπαγγέλλοντες
1869 1601 2057 1662 ταῦτα,

433 1687 523 1740 καὶ
557 1690 683 1757 πρὶν
711 1689 742 1757 ἢ
766 1688 1008 1756 γενέσθαι
1032 1688 1531 1758 προαναφωνοῦντες
1549 1703 1563 1720 ⁶
1590 1688 1680 1741 καὶ
1705 1687 1762 1750 ἐξ
1787 1687 1969 1754 αὐτῆς,
1986 1687 2058 1747 ὼς

434 1775 622 1834 εἰπεῖν,
650 1773 746 1842 τῆς
773 1775 994 1843 ἡμέρας,
1018 1769 1085 1844 ἦς
1114 1773 1497 1842 ἀπηλλάγησαν
1521 1773 1620 1841 τῆς
1642 1773 1945 1838 Δίγυπτίων
1970 1788 2058 1822 τυ-

433 1858 694 1926 ραννίδος,
721 1859 778 1910 ἐν
817 1858 1062 1927 πολέμοις
1093 1857 1181 1910 τὸν
1208 1857 1421 1911 ἅπαντα
1447 1855 1634 1926 χρόνον
1666 1857 1917 1910 ἐϐίωσαν.

513 2009 648 2060 Ἀλλ’
685 2009 800 2078 ούχὶ
829 2008 919 2061 νῦν
957 2008 1140 2072 οὕτως,
1173 2007 1304 2061 ἀλλά
1331 2006 1492 2077 πολλὴ
1517 2006 1654 2059 κατά
1684 2005 1778 2075 τὴν
1805 2007 2056 2075 οἰκουμέ-

431 2112 528 2164 νην
553 2095 756 2164 είρήνη.
775 2095 834 2146 El
853 2095 906 2146 δέ
926 2111 1066 2156 τινες
1092 2093 1326 2162 γίνονται
1348 2093 1587 2160 πόλεμοι,
1606 2091 1716 2143 ἀλλ’
1741 2092 1836 2160 οὐχ
1864 2092 2059 2159 ὁμοίως

430 2177 505 2239 ὼς
529 2179 806 2248 πρότερον.
824 2179 952 2230 Τότε
982 2180 1074 2247 μὲν
1097 2179 1204 2246 γὰρ
1230 2179 1321 2230 καὶ
1342 2177 1521 2237 πόλεις
1546 2176 1747 2239 πόλεσι,
1771 2179 1861 2228 καὶ
1888 2176 2055 2244 χῶραι

431 2263 650 2332 χώραις,
682 2265 773 2315 καλ⁸
806 2264 964 2330 δῆμοι
1006 2264 1430 2332 συνερρήγνυντο
1460 2263 1668 2331 δήμοις,
1700 2262 1790 2312 καὶ
1823 2261 1966 2321 ἔθνος
1999 2261 2056 2312 ἓν

429 2349 507 2410 είς
538 2347 704 2399 πολλά
733 2347 1030 2416 διετέμνετο
1060 2347 1212 2415 μέρη.
1255 2344 1368 2415 [25]
1412 2345 1520 2397 Καὶ
1557 2345 1648 2396 τοῦ
1684 2344 1851 2412 Ἰησοῦ
1887 2343 1947 2394 τὸ
1978 2344 2055 2411 βι-

429 2433 569 2484 ϐλίον
593 2449 676 2494 τις
711 2432 968 2498 ἀναγνοὺς
1006 2433 1099 2484 καὶ
1137 2431 1244 2483 τῶν
1290 2429 1520 2498 Κριτῶν,
1554 2429 1752 2481 εἴσεται
1790 2429 1982 2489 πόσους
2019 2431 2050 2496 ἡ

429 2517 747 2585 Παλαιστίνη
774 2518 830 2568 ἐν
861 2517 1048 2585 βραχεῖ
1069 2516 1330 2584 πολέμους
1356 2515 1475 2565 τότε
1505 2514 1714 2578 ἐδέξατο
1737 2513 1925 2581 καιρῷ.
1949 2514 2055 2564 Kal

427 2604 487 2656 ού
517 2603 670 2654 τοῦτο
697 2603 850 2670 μόνον
869 2598 934 2671 ἦν
962 2601 1020 2652 τὸ
1052 2601 1302 2671 χαλεπὸν,
1327 2599 1437 2652 ἀλλ’
1463 2600 1544 2651 ὅτι
1581 2598 1784 2660 πάντας
1814 2597 1948 2650 ὅπλα
1977 2599 2055 2649 τί-

427 2686 608 2738 θεσθαι
625 2687 651 2724 δ
671 2689 698 2737 6
725 2687 881 2754 νόμος
911 2685 1176 2748 ἐκέλευσε,
1206 2685 1299 2736 καὶ
1327 2683 1496 2744 οὐδεὶς
1521 2681 1714 2750 ἀτελὴς
1732 2682 1930 2750 ταύτης
1956 2684 2052 2750 τῆς

424 2770 755 2841 λειτουργίας
788 2766 873 2841 ἧν.
913 2771 1019 2823 Kal
1047 2771 1106 2824 ού
1135 2770 1282 2840 παρά
1327 2767 1590 2829 Ἰουδαίοις
1641 2765 1795 2835 μόνον
1837 2762 1987 2829 οὗτος
2023 2769 2051 2820 6

424 2856 582 2924 νόμος
613 2858 844 2926 ἐκράτει,
865 2856 998 2909 ἀλλά
1016 2857 1107 2908 καὶ
1129 2855 1397 2922 πανταχοῦ
1420 2857 1516 2923 τῆς
1542 2853 1860 2920 οίκουμένης
1879 2869 1893 2882 ο
1919 2855 2048 2905 ὅπου

423 2959 485 3009 γε
508 2943 599 2994 καὶ
628 2943 849 3011 ῥήτορες
873 2942 963 2992 καὶ
987 2940 1253 3007 φιλόσοφοι
1276 2939 1530 3007 ἐξωμίδος
1552 2936 1709 2990 πλέον
1736 2937 1882 2988 οὐδὲν
1908 2937 2052 3005 ἔχον-

421 3044 530 3089 τες,
560 3027 789 3096 πολέμου
818 3025 1118 3088 καλοῦντος,
1149 3025 1239 3078 καὶ
1266 3023 1461 3076 ἀσπίδα
1489 3022 1931 3092 μετεχειρίζοντο,
1955 3024 2048 3074 ua

421 3113 510 3164 ἐπὶ
538 3111 882 3182 παρατάξεως
915 3113 1144 3164 ίσταντο.
1182 3110 1240 3162 'U
1284 3109 1411 3176 γοῦν
1449 3108 1576 3178 παρ’
1615 3108 1909 3178 ⁹Αθηναίοις
1944 3109 2046 3176 μά-

419 3197 574 3250 λιστα
597 3198 810 3266 λάμψας
835 3193 1255 3266 ἀπραγμοσύνης
1275 3194 1456 3246 ἕνεκεν
1480 3195 1573 3246 καὶ
1607 3191 1911 3262 φιλοσοφίας
1941 3194 2049 3245 Σω-

420 3281 623 3350 κράτης
643 3284 670 3334 6
685 3282 1052 3349 Σωφρονίσκου
1085 3280 1176 3333 καὶ
1201 3279 1341 3343 ἅπαξ
1373 3279 1465 3332 καὶ
1490 3279 1569 3340 δὶς
1585 3276 1677 3330 ἐπὶ
1698 3277 2049 3346 παρατάξεως

417 3365 564 3436 εστη.
597 3366 704 3417 Kal
734 3366 840 3416 τῶν
886 3365 1125 3433 ρητόρων
1155 3363 1262 3414 τῶν
1308 3363 1431 3430 παρ’
1462 3363 1640 3423 αὐτοῖς
1667 3362 1728 3413 τὸ
1764 3361 2048 3428 κεφάλαιον

417 3451 761 3521 Δημοσθένης
809 3450 913 3502 ἀπὸ
954 3449 1047 3502 τοῦ
1101 3449 1338 3518 βήματος
1367 3447 1457 3498 ἐπὶ
1497 3447 1588 3498 τὸν
1630 3446 1858 3515 πόλεμον
1905 3446 2047 3516 ἐξῄει

417 3537 691 3599 πολλάκις.
723 3539 782 3588 Εί
807 3536 862 3588 δέ
897 3537 1128 3605 ῥήτορας
1157 3534 1251 3586 καὶ
1284 3533 1596 3600 φιλοσόφους
1622 3531 1793 3593 οὐδεὶς
1821 3531 2046 3602 ἐξῄρητο

417 3624 577 3691 νόμος
600 3623 691 3674 τοῦ
724 3622 990 3688 πολεμεῖν,
1019 3618 1177 3688 σχολῇ
1207 3635 1268 3684 γε
1296 3616 1476 3685 ἐτερός
1501 3633 1584 3679 τις
1607 3615 1698 3668 τοῦ
1722 3616 1890 3687 δήμου
1916 3617 2045 3670 ταύ-

415 3725 515 3778 της
544 3707 819 3777 ἀπήλαυσε
847 3708 944 3774 τῆς
970 3704 1232 3767 ἀτελείας.
1262 3703 1394 3756 Ἀλλ’
1415 3703 1531 3772 οὐχὶ
1557 3702 1757 3756 τούτων
1779 3703 1925 3756 οὐδὲν
1954 3705 2045 3757 νῦν

415 3795 690 3863 γινόμενον
745 3792 841 3844 ίδοι
878 3808 960 3853 τις
987 3792 1071 3845 ἀν.
1113 3790 1328 3859 Ἐπειδὴ
1367 3789 1470 3856 γὰρ
1506 3790 1534 3841 ὀ
1574 3791 1672 3858 τῆς
1710 3789 2044 3858 δικαιοσύνης

416 3879 648 3947 ιλαμψεν
686 3877 851 3946 ήλιος,
895 3877 987 3928 καὶ
1022 3875 1202 3937 πόλεις
1245 3875 1337 3927 καλ⁵
1382 3875 1538 3943 δῆμοι
1582 3874 1671 3927 καὶ
1705 3875 1827 3944 έθνη
1872 3876 2044 3929 πάντα

415 3963 661 4015 τοσοῦτον
701 3961 958 4027 ἀπέχουσι
996 3959 1090 4011 τοῦ
1125 3960 1222 4028 ζῇν
1264 3961 1320 4011 ἐν
1362 3958 1620 4019 κινδύνοις
1659 3958 1934 4021 τοιούτοις,
1965 3962 2043 4012 ὅτι

414 4048 533 4100 οὐδὲ
557 4045 1018 4113 μεταχειρίζεσθαι
1042 4062 1093 4096 τι
1116 4044 1222 4096 τῶν
1247 4044 1549 4112 πολεμικῶν
1573 4043 1765 4106 ίσασιν,
1786 4043 1897 4095 ἀλλ’
1917 4044 2044 4095 εἴσω

416 4132 620 4183 πόλεων
647 4131 738 4182 καὶ
764 4130 954 4198 τειχῶν
980 4129 1304 4197 καθήμενοι,
1334 4129 1520 4198 πόρρω
1546 4127 1613 4180 τά
1650 4127 1757 4179 τῶν
1796 4128 2044 4196 πολέμων

418 4216 738 4286 μανθάνουσι
767 4215 1079 4284 πράγματα,
1100 4213 1193 4264 καὶ
1217 4214 1380 4281 δῆμος
1409 4213 1552 4275 ἄπας
1574 4215 1629 4264 ἐν
1655 4213 1928 4283 ἐλευθερίᾳ
1955 4213 2040 4282 ζῇ,

414 4306 507 4358 καὶ
545 4304 754 4373 ἀτελείᾳ
795 4305 888 4368 τῆς
928 4302 1251 4372 πικροτάτης
1286 4301 1485 4369 ταύτης
1513 4303 1865 4370 λειτουργίας.
1897 4305 1957 4355 Εί
1988 4303 2043 4354 δέ

416 4407 516 4442 που
547 4390 636 4442 καὶ
663 4388 754 4440 νῦν
786 4389 1054 4454 γίγνονται
1084 4387 1323 4455 πόλεμοι,
1353 4387 1537 4455 πόρρω
1568 4403 1664 4438 που
1704 4389 1794 4440 καὶ
1827 4389 1955 4456 πρὸς
1977 4389 2042 4439 τά

415 4466 611 4544 ἔσχατα
634 4479 730 4544 τῆς
759 4473 1037 4544 Ῥωμαίων
1065 4473 1254 4543 ἀρχῆς,
1281 4472 1340 4524 ού
1374 4472 1510 4524 κατὰ
1544 4471 1692 4524 πόλιν
1719 4472 1810 4524 καὶ
1843 4474 2039 4542 χώραν,

413 4561 488 4621 ὡς
520 4561 835 4627 ἔμπροσθεν.
872 4560 1002 4610 Τότε
1035 4559 1129 4628 μὲν
1161 4559 1287 4628 γὰρ,
1328 4556 1398 4618 ὡς
1427 4556 1590 4626 ἔφθην
1637 4556 1822 4620 εἰπὼν,
1867 4560 1958 4610 καὶ
1987 4560 2041 4608 ἐν

414 4644 493 4696 ἐνὶ
528 4642 664 4694 ἔθνει
701 4643 884 4710 μυρίαι
922 4642 1154 4710 συνεχῶς
1189 4643 1574 4703 ἐπαναστάσεις
1612 4642 1909 4708 ἐγίγνοντο,
1951 4644 2042 4696 καὶ

415 4727 819 4797 πολυπρόσωποι
851 4728 1098 4794 πόλεμοι·
1135 4728 1249 4779 νυνὶ
1285 4727 1340 4778 δὲ
1368 4728 1496 4796 ὅσην
1545 4727 1692 4795 ἥλιος
1744 4730 1910 4798 ἐφορᾷ
1943 4731 2041 4797 γῆν

412 4814 519 4868 ἀπὸ
552 4813 644 4866 τοῦ
681 4812 939 4882 Τίγρητος
971 4811 1061 4862 ἐπὶ
1105 4810 1202 4871 τὰς
1250 4811 1606 4879 Βρεττανικὰς
1651 4815 1860 4882 νήσους,
1908 4814 2042 4883 αὑτὴ

414 4899 577 4957 πᾶσα,
599 4895 688 4947 καὶ
715 4894 846 4963 μετά
866 4892 1061 4960 ταύτης
1087 4891 1276 4958 Λιϐύη,
1299 4893 1389 4941 καὶ
1417 4893 1704 4958 Αἴγυπτος,
1735 4895 1824 4945 καὶ
1850 4895 2044 4946 Παλαι-

413 4983 604 5035 στινῶν
649 4981 822 5044 ἔθνος,
863 4978 1056 5048 μᾶλλον
1104 4978 1158 5030 δὲ
1204 4978 1344 5028 ἅπαν
1387 4977 1446 5028 τὸ
1485 4976 1586 5028 ὑπὸ
1630 4978 1724 5046 τὴν
1768 4980 2043 5046 Ῥωμαίων

413 5067 581 5136 ἀρχὴν
624 5067 947 5135 κείμενονοο
989 5064 1098 5115 ῐστε
1130 5064 1186 5115 δὲ
1220 5062 1292 5124 ὼς
1340 5055 1493 5114 αὗται
1541 5063 1594 5114 αἱ
1640 5062 1817 5124 πόλεις
1863 5065 2041 5125 ἀδείας

415 5153 736 5208 ἀπολαύουσι
774 5154 949 5216 πάσι-,ς
973 5192 986 5216 ,
1032 5155 1163 5224 ἀκοῇ
1215 5152 1336 5214 τοὺς
1383 5150 1644 5219 πολέμους
1688 5153 2041 5220 μανθάνουσαι

473 5388 501 5419 ⁸³
527 5384 653 5457 Reg._
677 5385 779 5457 περὶ
807 5387 904 5457 τὸν·
928 5386 1144 5457 ἔσχατον.
1164 5388 1480 5457 ἐπεκρέμασαν
1505 5385 1740 5457 ,κίνδυνον
1765 5385 2040 5457 ngtiqnqn

410 5445 699 5509 spernexida.
731 5445 826 5509 Sed
865 5445 1016 5509 διιεέὰ
1047 5448 1256 5509 muneri
1279 5445 1286 5449 ⁷
1306 5445 1479 5506 potest.
1504 5445 1652 5509 Paulo
1691 5456 1794 5505 post
1822 5446 1966 5509 Savil.
1991 5449 2042 5494 ἐκ

411 5507 660 5568 πολεμίων,
705 5507 790 5553 sed
827 5507 1002 5555 melius
1041 5507 1093 5552 ἐκ
1136 5508 1370 5567 πολέμων,
1443 5513 1495 5554 ut
1541 5507 1644 5566 ipse
1672 5511 1803 5552 notat
1828 5507 1875 5553 in
1921 5521 2044 5554 mar-

410 5570 680 5675 8¹ῐἐθδοπλιιι
703 5627 898 5673 τίθεσθαι
923 5626 1111 5673 videtur
1153 5626 1443 5692 gigpiﬂcare,
1485 5639 1623 5674 arma
1644 5639 1814 5692 ponerp
1838 5637 1854 5684 ;
1875 5632 1925 5692 σι
1966 5627 2044 5673 hic

409 5692 504 5753 εει,
531 5699 664 5753 aqua
685 5700 885 5753 s_umere.
914 5697 1024 5753 .se_s_e
1045 5685 1487 5753 arnzis’iglslruer-et
1522 5694 1572 5733 ut
1600 5685 1659 5753 ej:
1702 5689 1830 5734 serie
1873 5688 2038 5747 liquet.

425 5744 618 5806 Ἐεῳμίς
641 5747 758 5794 infra
782 5754 854 5792 est
877 5744 1030 5792 abolla
1054 5757 1139 5806 seru
1172 5744 1368 5804 pallium
1391 5744 1790 5806 philosophorum.

479 5763 540 5797 ξω
580 5763 618 5795 ις
641 5763 758 5794 lmra
782 5763 854 5792 εει
877 5763 1030 5792 αυοιιιι
1054 5763 1139 5791 seu
1172 5763 1368 5804 paulum
1391 5763 1790 5806 pnucsopuormn.

479 5807 500 5834 ε
530 5763 641 5852 [£6.51
663 5808 867 5864 κείμενον
888 5807 1026 5852 deos!
1052 5805 1247 5863 aliquid.
1278 5812 1325 5852 ul
1351 5807 1395 5851 ἐν
1429 5807 1581 5864 εἶρήνῃ
1622 5806 1782 5866 διάγει,
1818 5807 1889 5854 \‘Cl
1929 5808 2040 5865 quia

414 5865 590 5924 ςὶιιιιιο,
614 5869 738 5926 qund
764 5881 846 5913 uos
870 5878 1191 5919 cxprusuuus
1219 5866 1602 5925 wlcrprcluudo.

2169 947 2302 1015 ὅπερ
2323 947 2488 1016 ἔφθην
2533 948 2716 1012 εἰπὼν,
2748 949 2805 999 τὸ
2862 949 3051 1016 μηκέτι
3080 949 3176 1010 τάς
3213 950 3276 1000 δι’
3306 951 3479 1016 ὀλίγου
3513 956 3800 1020 γίγνεσθαι

2168 1033 2569 1094 ἐπαναστάσεις.
2601 1033 2673 1084 Οὐ
2702 1032 2806 1101 γάρ
2843 1027 3010 1092 εἶπεν.
3031 1035 3144 1087 Ούκ
3167 1033 3312 1085 ἐσται
3339 1037 3564 1105 πόλεμος
3587 1057 3760 1091 παντε
3780 1070 3800 1082 ο

2166 1115 2291 1178 λῶς,
2322 1117 2453 1169 ἀλλά
2470 1119 2521 1168 τί
2541 1134 2554 1180 ;
2586 1121 2666 1170 Οὐ
2685 1118 2768 1185 μὴ
2789 1118 2900 1183 ἄρῃ
2920 1119 3090 1182 ἔθνος
3113 1118 3201 1169 ἐπ’
3233 1119 3401 1184 ἔθνος
3424 1122 3795 1188 μάχαιραν-δ’

2163 1203 2256 1254 καὶ
2285 1202 2380 1270 τὴν
2412 1203 2516 1255 τῶν
2541 1203 2721 1271 δήμων
2755 1203 3055 1272 ἐλευθερίαν
3086 1205 3453 1271 προστέθεικεν
3482 1210 3664 1269 εἰπὼν,
3702 1214 3796 1263 Οὐ

2159 1286 2241 1352 μὴ
2264 1288 2531 1353 μάθωσιν
2557 1287 2638 1338 ἔτι
2669 1288 2946 1353 πολεμεῖν
2963 1327 2978 1348 ,
3014 1289 3147 1355 πλὴν
3175 1289 3362 1355 ὀλίγων
3398 1291 3501 1341 τῶν
3527 1294 3604 1354 είς
3631 1294 3796 1346 τοῦτο

2160 1374 2496 1439 τεταγμένων
2541 1375 2899 1441 στρατιωτῶν.
2936 1374 3046 1425 Kal
3095 1376 3208 1426 νῦν
3256 1375 3372 1436 σὺ,
3407 1378 3440 1428 ό
3471 1373 3629 1440 οἶκος
3679 1380 3795 1432 τοῦ

2173 1455 2376 1509 Ἰακὼϐ
2391 1498 2404 1518 ,
2444 1457 2612 1508 δεῦτε
2627 1499 2640 1522 ,
2688 1459 2782 1509 καί
2831 1459 3201 1524 πορευθώμεν
3213 1459 3280 1514 ἐν
3298 1457 3378 1523 τῷ
3390 1463 3533 1534 φωτί
3546 1465 3788 1529 Κυρίου.

2173 1540 2381 1604 Ἀνῆκε
2413 1541 2518 1607 γὰρ
2547 1542 2650 1593 τὸν
2674 1543 2824 1594 λαὸν
2859 1544 3038 1594 αὐτοῦ
3059 1582 3074 1604 ,
3104 1544 3207 1596 τὸν
3237 1541 3399 1598 οἶκον
3427 1547 3530 1599 τοῦ
3559 1549 3789 1605 Ἰακώϐ.

2172 1624 2493 1691 ’Λπαρτίσας
2517 1626 2612 1694 τὴν
2643 1629 2766 1695 περὶ
2787 1629 2881 1694 τῆς
2912 1628 3228 1696 Ἐκκλησίας
3253 1632 3598 1699 προφητείαν,
3622 1634 3791 1685 πάλιν

2158 1710 2247 1760 ἐπὶ
2283 1711 2378 1777 τὴν
2409 1711 2642 1778 ἱστορίαν
2669 1712 2994 1778 μεταϐαίνει,
3026 1713 3098 1775 ὡς
3116 1715 3177 1782 δὴ
3207 1715 3310 1766 τῶν
3338 1715 3447 1785 [26]
3481 1716 3790 1768 ἀκολούθων

2158 1794 2409 1862 ἐχόμενος
2450 1797 2721 1864 ῥημάτων.
2769 1798 3017 1850 Τοιοῦτον
3050 1801 3155 1869 γάρ
3191 1800 3306 1862 ἔθος
3345 1801 3556 1863 αὐτοῖς,
3609 1803 3681 1870 μὴ
3715 1806 3784 1871 τῇ

2158 1879 2261 1931 τῶν
2280 1881 2574 1948 είρημένων
2605 1883 2864 1951 ἀσφαλείᾳ
2889 1895 2912 1921 ο
2936 1885 3110 1951 μόνον,
3145 1886 3275 1936 ἀλλά
3310 1887 3400 1938 καὶ
3431 1886 3506 1955 τῷ
3544 1889 3786 1956 σχήματι

2156 1964 2252 2032 τῆς
2283 1964 2592 2025 ἀκολουθίας
2617 1967 2920 2028 συσκιάζειν
2952 1966 3046 2035 τὴν
3071 1970 3417 2036 προφητείαν.
3449 1971 3640 2038 Διόπερ
3664 1973 3789 2024 οὑδὶ

2159 2049 2552 2116 ἀπηρτισμένον
2583 2052 2722 2100 ποιεῖ
2745 2050 2830 2100 τὸν
2858 2050 3030 2115 λόγον,
3069 2051 3199 2103 ἀλλά
3228 2053 3301 2114 ὼς
3327 2054 3452 2120 μίαν
3470 2055 3585 2106 τινὰ
3609 2056 3788 2107 ἕλκων

2157 2131 2359 2199 σειρὰν,
2401 2131 2542 2184 οῦτω
2573 2133 2698 2202 πρὸς
2744 2134 2839 2204 τὴν
2875 2133 2982 2186 τῶν
3022 2135 3280 2187 Ἰουδαίων
3315 2137 3582 2189 νουθεσίαν
3617 2155 3785 2205 μετα-

2155 2215 2323 2267 ϐαίνει
2340 2217 2517 2277 πάλιν,
2531 2217 2620 2268 καί
2641 2234 2796 2285 φησι·
2817 2218 2921 2272 Kal
2945 2219 3060 2271 νῦν
3082 2219 3181 2280 σὺ,
3201 2223 3231 2272 d
3251 2221 3411 2285 οἶκος
3424 2222 3526 2274 τοῦ
3557 2223 3782 2286 Ἰακὼϐ,

2152 2298 2341 2360 δεῦτε,
2370 2301 2466 2352 καί
2497 2303 2864 2370 πορευθῶμεν
2888 2304 2955 2356 ἐν
2982 2303 3060 2367 τῷ
3091 2306 3230 2371 φωτί
3255 2307 3494 2372 Κυρίου·
3519 2308 3780 2368 τουτέστι,

2152 2387 2267 2444 ταῖς
2309 2386 2542 2446 ἐντολαῖς
2581 2387 2761 2448 αὐτοῦ,
2797 2387 2872 2454 τῷ
2903 2390 3048 2456 νόμῳ
3075 2390 3237 2441 αὑτοῦ
3255 2406 3266 2418 ·
3293 2392 3522 2456 Λύχνος
3551 2393 3654 2460 γὰρ
3682 2393 3784 2443 ἐν-

2152 2468 2296 2534 τολὴ
2328 2471 2530 2535 νόμου,
2558 2471 2649 2521 καὶ
2679 2470 2800 2536 φῶς
2835 2471 2931 2523 καί
2954 2471 3083 2538 ζωὴ,
3115 2473 3211 2524 καί
3235 2473 3475 2541 ἐλεγχος
3518 2477 3612 2527 καί
3647 2493 3782 2530 παι-

2153 2555 2305 2605 δεία·
2343 2556 2473 2605 καὶὸ
2505 2555 2664 2607 Δαυῒδ
2700 2557 2856 2607 πάλιν
2888 2557 3074 2624 φησίν·
3114 2558 3172 2611 Ἡ
3199 2559 3411 2624 ἐντολή
3439 2561 3650 2624 Κυρίου
3681 2578 3780 2626 τη-

2155 2637 2400 2706 λαυγὴς,
2441 2639 2765 2706 φωτίζουσα
2809 2641 3178 2708 ὀφθαλμούς·
3219 2643 3329 2704 καὶ,
3376 2645 3606 2709 Λύχνος
3656 2644 3780 2708 τοῖς

2151 2724 2296 2776 ποσί
2328 2741 2445 2792 μου
2488 2727 2520 2779 ό
2567 2725 2744 2791 νόμος
2779 2739 2915 2788 σου,
2953 2724 3050 2778 καὶ
3084 2725 3206 2793 φῶς
3237 2725 3361 2789 ταῖς
3388 2727 3601 2793 τρίϐυις
3635 2745 3774 2794 μου.

2149 2809 2256 2860 Kal
2277 2808 2545 2875 πανταχοῦ
2571 2809 2708 2859 οὕτω
2729 2810 2817 2860 τὸν
2845 2810 3002 2877 νόμον
3028 2810 3348 2878 καλούμενον
3368 2811 3565 2863 κατίδοι
3588 2829 3665 2871 τις
3688 2812 3774 2864 ἄν.

2149 2891 2301 2944 Οῦτω
2328 2893 2420 2943 καὶ
2447 2893 2648 2954 Παῦλός
2677 2910 2840 2960 φησι··
2874 2894 3163 2956 Πέποιθάς
3184 2910 3244 2945 τε
3279 2896 3532 2946 σεαυτὸν
3560 2894 3777 2961 ὁδηγὸν

2147 2973 2294 3029 εἶναι
2327 2976 2584 3043 τυφλῶν,
2626 2977 2745 3043 φῶς
2771 2976 2885 3029 τῶν
2911 2977 2979 3029 ἐν
3002 2980 3219 3038 σκότει,
3253 2978 3572 3044 παιδευτὴν
3605 2980 3777 3045 ἀφρό-

2148 3081 2283 3116 νων.
2309 3066 2380 3114 Οὐ
2414 3063 2518 3131 γὰρ
2549 3061 2716 3124 οὕτως
2751 3065 2803 3114 al
2834 3061 2924 3114 τοῦ
2951 3063 3095 3131 ήλίου
3126 3064 3334 3125 ἀκτῖνες
3358 3063 3777 3132 χειραγωγοὼιν

2148 3149 2299 3217 ήμῶν
2330 3147 2421 3200 τοῦ
2455 3148 2699 3217 σώματος
2741 3149 2863 3209 τοὺς
2895 3147 3194 3215 ὀφθαλμοὺς
3214 3187 3227 3207 ,
3275 3147 3345 3209 ὡς
3378 3149 3431 3199 al
3477 3148 3569 3200 τοῦ
3609 3150 3776 3218 νόμου

2145 3236 2351 3290 ἐντολαὶ
2379 3236 2772 3304 καταυγάζουσι
2805 3235 2866 3287 τὰ
2899 3236 2994 3304 τῆς
3025 3234 3196 3303 ψυχῆς
3226 3236 3459 3303 ὄμματα.

2216 3389 2288 3454 ς’.
2325 3391 2544 3453 Δεικνὺς
2569 3391 2742 3443 τοίνυν
2768 3391 2794 3440 6
2829 3389 3124 3459 προφήτης,
3164 3389 3242 3440 ὅτι
3275 3389 3366 3439 καὶ
3392 3387 3493 3458 1:96
3522 3389 3618 3456 τῆς
3637 3389 3775 3441 ἀντι-

2143 3474 2355 3538 δόσεως,
2395 3475 2485 3526 xal
2516 3475 2620 3542 πρὸ
2649 3475 2745 3542 τῆς
2778 3473 3022 3542 ἀμοιϐῆς,
3062 3474 3118 3523 ἐν
3147 3472 3289 3538 αύτῷ
3322 3471 3396 3539 τῷ
3440 3471 3775 3539 πληροῦσθαι

2143 3560 2239 3628 τὴν
2288 3559 2517 3627 ἀμοιϐὴν
2562 3559 2883 3626 παρέχουσιν
2913 3558 3046 3624 ἡμῖν
3086 3556 3140 3608 al
3186 3555 3409 3615 ἐντολαὶ,
3450 3555 3564 3621 φῶς
3607 3555 3776 3620 αύτάς

2143 3643 2412 3695 ἐκάλεσεν.
2439 3643 2645 3711 Ὥσπερ
2680 3643 2782 3710 γὰρ
2802 3639 3070 3708 ὀφθαλμὸς
3093 3641 3148 3690 ἐν
3177 3638 3320 3706 αὐτῷ
3348 3637 3423 3706 τῷ
3451 3638 3772 3704 φωτίζεσθαι

2143 3727 2426 3798 κερδαίνει,
2458 3727 2595 3780 οῦτω
2635 3729 2724 3780 xal
2759 3726 2900 3794 ψυχὴ
2953 3727 3009 3778 ἐν
3051 3725 3198 3794 αύτῷ
3248 3723 3322 3793 τῷ
3370 3724 3644 3775 πείθεσθαι
3691 3724 3771 3793 τῷ

2143 3815 2287 3882 νόμῳ
2321 3813 2384 3864 τά
2421 3812 2644 3880 μέγιστα
2696 3810 3016 3881 καρποῦται,
3048 3808 3493 3877 ἐκκαθαιρομένη,
3535 3809 3627 3861 καὶ⁵
3670 3826 3771 3862 κα-

2145 3901 2265 3960 κίας
2314 3898 2769 3966 ἀπαλλαττομένη,
2820 3897 2913 3949 καὶ
2959 3897 3092 3966 πρὸς
3143 3896 3308 3964 αὐτὴν
3373 3895 3613 3946 ἀναϐᾶσα
3674 3895 3774 3963 τὴν

2145 3986 2340 4053 ἀρετήν
2364 4000 2376 4011 ·
2428 3983 2610 4051 ὥσπερ
2645 3979 2734 4034 οὖν
2787 3983 3090 4034 τούναντίον
3124 3981 3172 4033 οί
3223 3980 3637 4049 παραϐαίνοντες
3675 3981 3774 4032 καὶ

2144 4071 2247 4138 πρὸ
2295 4069 2387 4136 τῆς
2417 4068 2681 4128 κολάσεως
2713 4069 2769 4118 ἐν
2805 4065 2950 4136 αύτῷ
2979 4066 3057 4135 τῷ
3090 4065 3441 4134 παραϐαίνειν
3492 4064 3644 4132 δίκην
3688 4064 3772 4116 δι-

2142 4154 2309 4216 δόασι,
2339 4154 2444 4204 τῶν
2487 4155 2542 4204 ἐν
2583 4153 2757 4204 σκότει
2789 4151 3102 4220 καθημένων
3142 4148 3458 4217 ἀθλιώτερον
3493 4149 3772 4216 διακείμε-

2143 4257 2242 4300 νοι,
2265 4240 2426 4307 φόϐου
2457 4240 2544 4291 καὶ
2567 4239 2762 4307 τρόμου
2796 4238 2886 4290 καὶ
2914 4236 3147 4304 πονηροῦ
3170 4235 3426 4303 γέμοντες
3453 4234 3769 4296 συνειδότος,

2144 4327 2236 4378 καὶ
2270 4327 2325 4376 ἐν
2349 4324 2657 4393 μεσημϐρίᾳ
2687 4324 2823 4393 μέσῃ
2854 4322 3146 4382 δεδοικότες
3179 4321 3268 4372 καὶ
3291 4321 3573 4389 τρέμοντες
3602 4320 3774 4370 ἀπαν-

2142 4427 2256 4471 τας,
2281 4411 2401 4470 τοὺς
2435 4406 2888 4467 συνειδότας,τοὺς
2909 4405 3057 4457 οὐδὲν
3079 4405 3396 4466 συνειδότας.
3430 4403 3632 4470 Ἀνῆκε
3665 4406 3772 4471 γὰρ

2141 4495 2246 4544 τὸν
2295 4494 2446 4544 λαὸν
2493 4491 2697 4551 αὐτοῦ,
2738 4490 2842 4541 τὸν
2875 4486 3038 4541 οἷκον
3066 4488 3171 4540 τοῦ
3222 4487 3412 4540 Ἰακώϐ
3432 4503 3444 4516 ·
3476 4489 3769 4551 τουτέστιν,

2142 4578 2337 4638 εἴασεν,
2374 4577 2565 4642 ἀφῆκε,
2599 4575 2838 4642 παρεῖδε,
2869 4573 2966 4641 τῆς
2986 4572 3148 4624 αὑτοῦ
3172 4573 3415 4641 προνοίας
3438 4571 3768 4639 ἐγύμνωσεν.

2143 4659 2270 4712 Εἶτα
2298 4661 2550 4727 φοϐήσας,
2583 4659 2728 4723 λέγει
2777 4658 2867 4709 καὶ
2907 4656 3002 4727 τὴν
3035 4656 3229 4727 αἰτίαν,
3257 4655 3390 4727 ὥστε
3421 4657 3607 4727 αὐτοὺς
3636 4657 3770 4727 6:09-

2144 4721 2318 4780 θῶσαι
2360 4721 2429 4778 τά
2475 4721 2826 4795 γεγενημένα.
2867 4721 2971 4786 τις
3007 4721 3098 4777 οὖν
3147 4728 3290 4775 ἐστιν
3332 4726 3364 4792 ἡ
3418 4725 3590 4789 αἰτία;
3641 4721 3770 4776 Ὀτι

2141 4813 2477 4877 ἐνεπλήσθη
2503 4815 2538 4879 ἡ
2575 4812 2726 4878 χώρα
2765 4809 2958 4863 αὐτῶν
2989 4808 3422 4876 κλῃδονισμῶν,
3468 4811 3545 4873 ὠς
3578 4809 3615 4874 ή
3657 4811 3773 4861 τῶν

2142 4900 2518 4966 ἀλλοφύλων.
2547 4897 2885 4965 Ἐμπροσθεν
2908 4896 3003 4964 μὲν
3035 4896 3139 4963 γὰρ
3165 4895 3459 4962 καπηλείαν
3480 4895 3656 4955 αὐτοῖς
3679 4898 3774 4945 καὶ

2143 4985 2498 5053 φιλαργυρίαν
2528 4985 2619 5034 καὶ
2652 4983 2754 5033 τῶν
2797 4983 2975 5050 χηρῶν
3025 4981 3318 5048 ὑπεροψίαν
3357 4981 3589 5032 ἐνεκάλει
3615 4996 3629 5009 ⁸
3680 4983 3768 5032 ἐν·

2143 5069 2385 5120 ταῦθαδέ
2414 5069 2504 5118 καὶ
2551 5068 2788 5133 δόγματα
2827 5065 3054 5133 πονηρὰ,
3105 5068 3193 5116 καέι
3233 5065 3476 5125 ἀσεϐείας
3528 5064 3767 5130 λείψανα,

2141 5153 2278 5205 κατά
2326 5153 2512 5220 μικρὸν
2552 5152 2740 5211 αὐτοὺς
2775 5150 3106 5216 ύποσύροντα
3141 5150 3269 5218 πρὸς
3311 5149 3404 5214 τὴν
3445 5149 3549 5198 τῶν
3581 5149 3771 5217 δαιμό-

2141 5255 2242 5288 νων
2289 5237 2509 5303 πλάνην.
2538 5231 2665 5286 Εἷτα
2696 5235 3109 5303 καθικνούμενος
3136 5233 3331 5292 αὐτῶν,
3377 5232 3471 5282 οὐκ
3511 5228 3655 5282 εἶπεν
3688 5235 3770 5286 ὅτι

2144 5322 2531 5393 κλῃόονίζονται
2582 5320 2778 5381 ἁπλῶς,
2836 5319 2944 5370 ἀλλ’
2993 5321 3071 5371 ὃτι
3133 5315 3498 5381 Ἐνεπλιξσθη
3540 5318 3576 5382 ή
3614 5319 3771 5383 χώρα.

2140 5409 2352 5461 αὐτῶν.
2401 5407 2552 5459 Μετά
2581 5406 2774 5473 πολλῆς
2801 5405 3098 5475 ὑπερϐολῆς
3131 5405 3161 5470 ή
3203 5402 3361 5452 κακία
3391 5401 3566 5453 αὐτῶν
3613 5403 3770 5453 πάλιν

2143 5496 2350 5564 ηὔξετο,
2385 5493 2562 5561 φησίν.
2591 5492 2796 5560 Ὥσπερ
2823 5491 3071 5560 ἀνωτέρω
3097 5488 3266 5554 ἔλεγε,
3286 5487 3442 5549 Λαδς,
3467 5487 3561 5555 οὐχ
3588 5487 3769 5552 ἁπλῶς

2203 5747 2228 5784 τι
2261 5747 2326 5792 Ilo
2369 5782 2379 5792 .
2417 5752 2466 5792 et
2506 5747 2649 5792 Savil.
2693 5745 2780 5804 ἄρῃ
2821 5744 2942 5796 ἔθνος
2979 5743 3049 5789 ἐπ’
3075 5743 3194 5796 ἔθνος
3233 5741 3477 5802 μάχαιραν,
3521 5746 3661 5787 reue.
3720 5737 3768 5784 In

2203 5812 2309 5852 πρε.
2333 5760 2559 5852 ῗῖιὶίιὶιιηο
2585 5806 2651 5849 ἐπ’
2675 5807 2794 5852 ἔθνος
2817 5805 2999 5849 deerat.

2147 5810 2309 5855 Mnrvl.
2341 5805 2559 5852 I'Iditinno
2585 5806 2651 5849 ἐπ’
2675 5807 2794 5857 ἔθνος
2817 5805 2999 5849 dcorat.

2206 5877 2220 5888 ‘
2245 5866 2447 5914 Alienus
2473 5867 2726 5923 legendum
2751 5872 2886 5924 pulat
2909 5863 3125 5922 ἀσαφείφ.
