4044 6402
315 382 387 437 33
1581 374 1645 431 IN
1671 372 1915 440 ISAIAM,
1954 374 2105 437 CAP.
2143 380 2207 439 ll.

302 483 431 540 illud
460 488 580 541 est?
632 488 739 543 Pax
786 498 840 544 et
882 489 1139 544 bellorum
1170 490 1459 563 abrogatio.
1488 492 1710 560 Quando
1754 492 1867 546 haec

300 578 643 646 contingent,
678 579 879 647 inquit,
922 590 1064 633 tanta
1111 581 1295 635 orbem
1343 583 1568 650 excipiet
1610 584 1867 651 tranquil-

301 666 443 730 litas,
493 677 549 721 ut
592 671 752 722 etiam
787 670 974 723 bellica
1017 686 1161 724 arma
1208 672 1259 724 in
1301 672 1631 740 agricultura:
1675 673 1870 725 instru-

301 764 478 810 menta
505 757 800 811 cuduntur:
828 759 966 827 quod
998 760 1048 813 in
1087 759 1389 815 Judasorum
1434 760 1755 829 temporibus
1776 775 1867 815 ac-

298 848 492 901 cidisse
520 862 627 901 non
655 849 949 917 comperies
978 869 991 903 :
1026 849 1133 902 imo
1157 864 1241 903 res
1268 850 1319 902 in
1358 851 1678 903 contrarium
1718 850 1864 903 abiit.

300 934 413 988 Non
440 945 716 989 cessarunt
736 937 874 990 enim
904 953 994 1005 per
1017 947 1181 992 totum
1205 939 1503 1006 reipublicae
1523 954 1631 993 suae
1661 948 1866 1007 tempus

301 1026 435 1078 bella
486 1028 679 1081 inferre
730 1036 785 1081 et
828 1028 980 1083 bellis
1032 1028 1233 1096 impoti,
1267 1028 1505 1083 hostibus
1553 1030 1669 1084 illos
1707 1030 1865 1083 modo

299 1115 517 1178 diutius,
546 1117 701 1172 modo
739 1120 1011 1172 remissius
1057 1119 1441 1175 invadentibus.
1485 1119 1693 1174 Etenim
1722 1121 1808 1187 qui
1833 1134 1865 1173 e

299 1206 475 1260 vicino
506 1207 828 1271 habitabant,
850 1211 954 1262 imo
982 1211 1139 1263 etiam
1165 1210 1250 1279 qui
1278 1210 1330 1264 in
1362 1211 1659 1276 Palmstina,
1686 1211 1862 1281 gravia

297 1295 428 1362 ipsis
475 1311 617 1366 saepe
660 1300 867 1369 negotia
914 1298 1263 1366 lacessebant,
1302 1302 1372 1355 ita
1421 1310 1479 1355 ut
1521 1301 1587 1355 de
1615 1302 1863 1355 extremis

297 1387 738 1455 periclitarentur.

365 1476 419 1529 5.
462 1477 527 1528 Et
555 1476 669 1530 hzcc
698 1477 971 1545 perspicue
998 1477 1233 1532 declarat
1266 1478 1565 1548 Regnorum
1592 1478 1808 1532 historia
1839 1517 1857 1546 ,

298 1572 404 1617 tota
432 1565 585 1619 bellis
610 1575 893 1620 contexta:
917 1567 1201 1622 ostendunt
1220 1568 1343 1621 item
1367 1567 1634 1636 propheta:
1654 1582 1856 1634 omnes,

295 1654 384 1721 qui
414 1654 525 1708 huic
545 1666 689 1724 gesta
725 1657 1036 1722 narrabant,
1083 1666 1139 1711 et
1184 1666 1462 1727 antequam
1507 1657 1693 1711 ﬂerent
1720 1673 1859 1726 pra:-

295 1746 607 1800 nuntiabant
637 1765 649 1799 :
682 1758 735 1802 et
758 1763 826 1802 ex
855 1748 939 1802 illa
958 1790 971 1813 ,
1023 1758 1076 1802 ut
1109 1749 1179 1802 ita
1206 1748 1375 1802 dicam
1398 1792 1415 1813 ,
1457 1750 1542 1805 die
1566 1766 1664 1819 qua
1691 1753 1858 1820 crepti

292 1844 415 1888 sunt
435 1850 501 1889 ex
528 1837 741 1907 Egypti
772 1838 1066 1907 tyrannide,
1086 1848 1247 1893 lotam
1265 1840 1425 1894 vitam
1445 1840 1497 1895 in
1518 1840 1667 1897 bellis
1687 1850 1858 1897 trans-

290 1934 532 1992 egerunt.

364 2015 575 2085 Imperii
591 2027 747 2072 status
768 2035 880 2072 cum
908 2020 1285 2090 Chrysostomus
1306 2024 1601 2093 loqueretur.
1628 2024 1706 2079 De
1729 2026 1855 2080 bello

289 2108 430 2176 apud
468 2108 682 2176 populos
726 2112 1051 2180 antiquiores.
1080 2144 1152 2153 —
1174 2114 1363 2168 Verum
1402 2131 1539 2170 nunc
1568 2131 1670 2170 non
1700 2117 1770 2170 ita
1797 2132 1856 2172 se

291 2213 378 2251 res
425 2198 628 2252 habet:
662 2201 753 2255 sed
798 2217 984 2269 magna
1026 2219 1123 2271 pax
1166 2219 1257 2272 per
1300 2206 1501 2260 orbem.
1531 2207 1597 2259 Et
1638 2208 1680 2259 si
1719 2206 1854 2262 bella

289 2287 531 2354 quasdam
561 2290 803 2343 oriuntur
825 2331 840 2355 ,
872 2308 975 2345 non
1002 2294 1220 2361 perinde
1250 2304 1304 2347 ut
1339 2296 1502 2362 prius.
1544 2296 1690 2350 Tunc
1714 2298 1854 2351 enim

287 2379 530 2432 civitates
562 2390 744 2432 contra
771 2382 1008 2436 civitates
1033 2422 1048 2447 ,
1093 2384 1334 2451 regiones
1358 2396 1537 2439 contra
1577 2388 1848 2456 regiones,

288 2470 465 2537 populi
493 2480 677 2523 contra
701 2472 922 2538 populos
942 2474 1292 2542 confligebant
1321 2492 1334 2527 :
1363 2491 1490 2544 gens
1518 2492 1619 2531 una
1639 2478 1689 2532 in
1716 2480 1851 2533 mul-

288 2568 366 2612 tas
395 2568 575 2626 partes
597 2560 953 2614 scindebatur.
978 2565 1054 2615 Ae
1077 2566 1118 2617 si
1142 2565 1261 2632 quis
1291 2566 1478 2619 librum
1500 2568 1658 2624 Josue
1682 2580 1733 2624 et
1757 2571 1850 2625 Ju-

284 2647 460 2701 dicum
486 2648 691 2716 legerit,
724 2651 855 2703 sciet
880 2662 1007 2718 quot
1035 2653 1168 2706 bella
1199 2655 1481 2710 Palaestina
1527 2657 1670 2712 brevi
1716 2669 1851 2714 tem-

286 2750 414 2803 pore
441 2740 755 2805 susceperit.
781 2738 961 2807 Neque
986 2741 1034 2793 id
1061 2743 1229 2794 solum
1258 2744 1572 2799 incommodi
1597 2758 1729 2813 erat,
1759 2751 1850 2803 sed

283 2826 424 2894 quod
450 2826 532 2877 lex
562 2840 746 2879 omnes
772 2841 916 2878 arma
944 2842 1152 2882 sumere
1176 2830 1385 2897 iuberet
1406 2872 1420 2895 ,
1463 2848 1722 2903 nemoque
1752 2838 1851 2890 im-

285 2914 461 2966 munis
488 2923 629 2967 esset
657 2928 685 2965 a
715 2913 803 2966 tali
826 2914 1016 2968 officio.
1046 2915 1225 2986 Neque
1254 2928 1451 2973 tantum
1478 2923 1615 2990 apud
1643 2924 1851 2980 Judaeos

286 3002 398 3057 haec
427 3003 511 3058 lex
540 3004 851 3067 invaluerat,
883 3006 975 3059 sed
1001 3019 1053 3061 et
1078 3009 1267 3077 ubique
1299 3021 1554 3067 terrarum
1579 3031 1591 3065 :
1617 3018 1852 3083 quando-

283 3093 495 3160 quidem
533 3103 586 3147 et
630 3095 869 3148 rhetores
912 3104 965 3148 et
1004 3096 1335 3167 philosophi,
1380 3105 1465 3171 qui
1507 3105 1633 3157 nihil
1661 3117 1852 3173 praeter

282 3184 511 3237 abollam
541 3184 830 3250 habebant,
870 3188 934 3240 ad
963 3188 1152 3241 bellum
1183 3194 1445 3257 accersiti,
1472 3196 1712 3263 clvpeum
1741 3208 1849 3252 tra-

282 3275 496 3327 ctabant
514 3316 527 3337 ,
555 3285 608 3329 et
635 3276 685 3328 in
717 3278 828 3331 acie
853 3279 1081 3332 stabant.
1112 3280 1242 3334 Nam
1284 3282 1534 3339 Socrates
1560 3286 1851 3355 Sophroni-

281 3363 356 3416 sci
388 3364 547 3427 (ilius,
579 3366 667 3432 qui
696 3365 764 3418 ob
779 3366 900 3419 vita:
929 3370 1357 3436 tranquillitatem
1383 3380 1437 3425 et
1466 3374 1848 3443 phil050phiam

281 3454 421 3521 apud
466 3456 819 3509 Athenienses
857 3459 1084 3513 maxime
1128 3460 1384 3524 florebat,
1415 3466 1579 3517 semel
1608 3478 1660 3520 et
1690 3468 1770 3521 bis
1796 3469 1849 3523 iu

282 3546 395 3599 acie
429 3547 574 3599 stetit
603 3547 724 3615 (a).
775 3546 841 3599 Et
870 3547 1139 3602 rhetorum
1168 3550 1304 3619 apud
1332 3552 1449 3606 illos
1477 3553 1717 3624 princeps
1750 3559 1849 3613 De-

282 3636 590 3689 mosthenes
612 3653 677 3690 ex
704 3647 952 3706 suggestu
981 3640 1045 3691 ad
1075 3640 1271 3694 bellum
1296 3656 1437 3711 Saepe
1461 3646 1669 3712 prodiit.
1699 3648 1849 3715 Quod

280 3724 324 3778 si
359 3726 601 3779 rlietOres
622 3737 673 3778 et
701 3726 1043 3796 philosophos
1071 3731 1210 3783 nulla
1237 3731 1318 3784 lex
1346 3733 1608 3790 eximebat
1632 3752 1661 3791 a
1686 3740 1847 3807 bello,

280 3815 363 3869 vix
393 3817 511 3885 quis
542 3818 675 3869 alius
703 3832 733 3871 e
764 3820 954 3886 populo
980 3820 1067 3872 tali
1096 3819 1421 3877 immunitate
1462 3826 1740 3893 gaudebat.
1782 3832 1851 3882 At

282 3906 413 3959 nihil
464 3906 651 3959 horum
677 3907 785 3974 jam
814 3910 1122 3976 conspicere
1160 3920 1260 3964 est.
1301 3912 1559 3978 Quoniam
1598 3918 1738 3971 enim
1768 3920 1847 3972 sol

276 3997 491 4065 iustitia:
518 3997 743 4061 refulsit,
774 4013 835 4052 ac
861 4000 1118 4065 civitates,
1156 4004 1329 4070 populi
1358 4014 1409 4059 et
1432 4016 1617 4075 gentes
1642 4023 1846 4075 omnes,

282 4098 483 4141 tantum
525 4089 676 4141 abest
718 4098 773 4141 ut
799 4090 850 4141 in
880 4089 1070 4143 talibus
1095 4092 1340 4158 periculis
1369 4094 1563 4159 vivant,
1594 4106 1649 4150 ut
1678 4114 1849 4167 neque

284 4179 467 4232 bellica
489 4194 634 4231 arma
668 4187 893 4232 tractare
915 4180 1102 4243 sciant,
1126 4181 1217 4234 sed
1237 4183 1371 4235 intra
1402 4185 1559 4239 urbes
1585 4195 1638 4240 et
1667 4203 1847 4244 muros

282 4271 549 4333 sedentes,
581 4270 716 4323 bella
740 4270 923 4337 procul
950 4283 1097 4339 gesta
1123 4273 1337 4326 audiant
1364 4278 1563 4330 narrari
1596 4278 1844 4345 (Malacli.

282 4363 332 4414 Δ.
361 4360 419 4427 2)
445 4376 458 4422 ;
489 4368 732 4427 totusque
754 4361 979 4427 populus
1005 4361 1057 4414 in
1090 4363 1331 4417 libertate
1358 4366 1513 4430 vivat,
1545 4378 1597 4422 et
1625 4369 1675 4421 in
1702 4386 1850 4424 acer-

282 4452 332 4504 bi
367 4451 522 4519 hujus
550 4450 826 4503 miuisterii
859 4451 1203 4506 immunitate.
1238 4454 1390 4519 Quod
1415 4456 1458 4507 si
1488 4458 1681 4511 alicubi
1711 4476 1847 4515 nunc

282 4540 417 4593 bella
444 4548 724 4608 gerantur,
755 4553 815 4591 ea
845 4539 1025 4607 procul
1051 4550 1172 4593 sunt
1199 4550 1253 4594 et
1281 4543 1331 4594 in
1354 4547 1608 4599 extremis
1643 4548 1847 4616 imperii

282 4631 503 4683 Romani
532 4629 804 4694 limitibus,
831 4645 933 4682 non
956 4645 1049 4698 per
1074 4632 1306 4701 singulas
1328 4635 1483 4689 urbes
1504 4645 1557 4690 et
1584 4640 1844 4707 regiones,

281 4733 335 4775 ut
361 4722 507 4775 olim.
561 4722 709 4775 Tunc
736 4722 875 4774 enim
901 4762 915 4786 ,
968 4732 1022 4775 ut
1046 4723 1155 4791 jam
1200 4725 1313 4777 dixi
1336 4764 1350 4788 ,
1383 4728 1461 4780 vel
1492 4730 1541 4782 in
1571 4744 1669 4782 una
1690 4744 1846 4800 gente

282 4815 571 4866 innumera:
594 4826 735 4879 saepe
765 4811 1052 4865 seditiones
1076 4813 1399 4880 oriebantur,
1421 4826 1475 4869 et
1502 4817 1708 4872 diversa
1736 4823 1846 4875 bel-

282 4905 325 4956 la
355 4920 367 4955 :
398 4917 536 4955 nunc
560 4912 734 4955 autem
762 4910 1011 4967 quantum
1046 4912 1198 4955 terra:
1222 4907 1445 4971 spatium
1472 4908 1551 4960 sol
1581 4912 1791 4977 respicit
1815 4927 1847 4967 a

280 4994 489 5063 Tigride
520 5006 685 5060 usque
712 4993 775 5045 ad
810 4993 1135 5045 Britannicas
1172 4994 1401 5062 insulas,
1448 4999 1557 5066 ipsa
1608 5011 1714 5055 tota
1737 5042 1752 5066 ,
1795 5012 1848 5057 et

280 5102 397 5140 cum
432 5086 519 5139 illa
548 5084 743 5147 Africa,
775 5084 1035 5153 Egyptus
1062 5095 1114 5139 et
1142 5100 1271 5153 gens
1294 5087 1711 5155 Palmstinorum,
1741 5093 1847 5147 imo

279 5176 650 5248 quodcumque
672 5175 910 5229 Romano
935 5176 1160 5245 imperio
1181 5177 1437 5247 subjacet,
1465 5181 1514 5233 in
1533 5196 1660 5250 pace
1681 5183 1844 5254 degit.

341 5350 412 5458 ((2
431 5345 561 5404 Quod
589 5344 668 5392 hic
688 5343 861 5393 dicitur
878 5344 941 5393 de
964 5351 1154 5416 Socrate
1172 5349 1228 5396 ad
1254 5349 1435 5422 bellum
1458 5357 1673 5422 exeunte
1698 5352 1849 5401 babes

341 5424 368 5456 u
438 5406 741 5458 Plutarchum
786 5408 834 5454 lu
872 5405 1153 5458 Alcnbtadc:
1196 5412 1277 5458 ubi
1331 5412 1412 5458 ille
1461 5412 1846 5458 ιλΙιιΙυςιουὴοΓιιιιι

280 5405 402 5473 apud
438 5406 741 5459 Plutarchum
786 5408 834 5454 in
872 5405 1153 5467 Alcibiade;
1196 5412 1412 5473 ubiﬂille
1460 5412 1846 5473 philosophorum

282 5472 727 5535 princepsnstrenue
747 5478 991 5535 pugnasse
1015 5478 1249 5535 narratur.
1277 5472 1398 5535 Vide
1424 5474 1537 5521 item
1566 5475 1612 5521 in
1637 5472 1847 5535 Diogene

282 5528 476 5585 inertio,
500 5528 584 5575 lib.
605 5528 653 5580 2.
670 5528 756 5596 ubi
783 5536 834 5575 et
858 5528 1125 5596 Amphipoli
1148 5540 1199 5578 et
1224 5534 1439 5596 t’otidzeae
1463 5548 1701 5596 puicgnasse
1720 5528 1847 5583 Hici-

282 5600 371 5640 tur.
400 5598 464 5637 De
490 5588 816 5655 Demosthene
856 5588 1015 5655 etiam,
1036 5588 1105 5655 fut
1130 5605 1228 5655 non
1260 5594 1317 5641 ad
1344 5609 1361 5655 γι
1383 5588 1557 5655 ιιειὶειῆ
1596 5597 1847 5644 admodum

282 5660 498 5722 strenuo,
520 5649 845 5722 [castimoniam
869 5650 1101 5699 Plutarchi
1127 5653 1174 5699 in
1195 5656 1298 5716 ejus
1314 5649 1606 5718 Vitavhabes,
1628 5660 1674 5706 in
1694 5672 1849 5722 pugna

279 5713 471 5765 scilicet
488 5711 550 5760 ad
565 5710 902 5761 Chaeroneam.
1221 5710 1235 5716 '
1586 5752 1589 5753 ν

3464 417 3535 471 34

1972 490 2130 549 Scitis
2166 504 2340 552 autem
2373 515 2557 557 omnes
2596 503 2757 561 urbes
2799 506 2951 575 plena
2987 508 3087 565 frni
3121 512 3532 583 tranquillitate.

1971 586 2084 637 solo
2109 586 2288 641 auditu
2315 589 2450 644 bella
2475 593 2721 648 scientes.
2746 594 2960 650 Poterat
2982 608 3127 655 certe
3152 600 3390 657 Christus
3416 604 3529 659 bel-

1972 672 2139 728 lorum
2166 676 2411 747 reliquias
2442 682 2644 754 tollere,
2667 684 2759 739 sed
2788 687 3025 753 permisit
3048 690 3114 743 ad
3136 692 3531 762 castigationem

1973 768 2280 830 ignavorum
2304 807 2318 831 ,
2353 768 2440 837 qui
2471 772 2613 836 pacis
2636 775 2913 829 occasione
2937 778 3209 845 segniores
3236 783 3520 848 evaserint,

1972 864 2027 907 ut
2043 852 2381 910 barbarorum
2399 858 2569 914 adhuc
2586 861 2909 920 incursiones
2928 874 3123 921 essent.
3147 868 3405 937 Propheta
3423 887 3537 926 cer-

1970 950 2023 995 te
2047 943 2111 996 iis
2138 946 2226 1013 qui
2248 948 2410 1015 probe
2436 949 2729 1019 intelligere
2760 965 2974 1020 possent
2997 955 3048 1010 id
3072 957 3445 1023 subindicavit,
3475 970 3528 1014 ut

1969 1031 2094 1096 dixi,
2130 1048 2232 1086 non
2265 1035 2399 1089 ultra
2429 1037 2541 1091 fore
2567 1038 2683 1093 illas
2722 1040 3021 1110 frequentes
3045 1045 3145 1113 (a)
3187 1046 3526 1116 irruptiones.

1966 1120 2079 1175 Non
2106 1124 2243 1177 enim
2272 1124 2439 1192 dixit,
2473 1127 2589 1182 Non
2618 1131 2719 1183 erit
2744 1132 2959 1186 omnino
2983 1135 3211 1199 bellum;
3246 1137 3338 1190 sed
3365 1139 3530 1206 quid?

1967 1208 2087 1263 Non
2115 1215 2321 1283 accipiet
2344 1233 2462 1284 gens
2489 1228 2663 1271 contra
2686 1229 2878 1288 gentem
2906 1223 3165 1290 gladium;
3208 1235 3260 1279 et
3305 1229 3529 1296 pepule-

1965 1315 2079 1352 rum
2104 1302 2398 1358 libertatem
2423 1307 2617 1373 adjecit
2654 1308 2866 1375 dicens,
2914 1309 3034 1364 Non
3077 1313 3264 1367 discent
3310 1319 3528 1385 amplius

1963 1393 2183 1460 prwliari
2207 1433 2224 1458 ,
2261 1395 2571 1463 quibusdam
2601 1400 2836 1469 exceptis
2860 1401 3114 1455 militibus
3139 1403 3206 1457 ad
3230 1404 3331 1458 hoc
3358 1406 3525 1461 desti-

1963 1482 2121 1534 natis.
2150 1482 2204 1536 5.
2229 1482 2294 1535 Et
2318 1501 2451 1537 nunc
2471 1494 2546 1551 tu,
2585 1488 2762 1543 domus
2784 1489 2941 1544 Jacob
2959 1530 2974 1554 ,
3006 1494 3193 1556 venite,
3227 1504 3274 1547 et
3302 1496 3527 1551 ambule-

1962 1583 2071 1621 mus
2090 1570 2141 1621 in
2170 1570 2357 1625 lumine
2373 1570 2595 1628 Domini.
2621 1576 2675 1630 6.
2702 1577 2903 1631 Dimisit
2920 1579 3052 1633 enim
3079 1583 3324 1651 populum
3349 1601 3517 1651 suum,

1960 1657 2163 1712 domum
2199 1659 2381 1715 Iacob.
2430 1664 2711 1735 Pr0phetia
2747 1668 2814 1722 de
2846 1668 3083 1724 Ecclesia
3103 1673 3214 1739 jam
3242 1673 3481 1728 absoluta
3506 1717 3523 1741 ,

1959 1761 2141 1803 rursus
2164 1749 2229 1804 ad
2258 1750 2530 1808 historiam
2556 1757 2743 1810 transit
2764 1796 2780 1823 ,
2834 1760 2981 1826 quasi
3017 1760 3297 1816 verborum
3332 1765 3523 1818 seriem

1958 1852 2253 1895 resumens.
2301 1842 2448 1898 Talis
2467 1844 2607 1899 enim
2637 1845 2740 1901 illis
2767 1861 2882 1900 mos
2918 1856 3070 1915 erat,
3118 1865 3223 1903 non
3262 1852 3525 1907 dictorum

1958 1931 2205 1989 ﬁrmitate
2232 1934 2310 2005 (b)
2337 1946 2556 2003 tantum,
2585 1938 2678 1993 sed
2699 1940 2858 1993 etiam
2888 1941 3042 1995 seriei
3066 1941 3270 1996 ratione
3297 1944 3525 2011 pr0phe—

1956 2024 2082 2076 tiam
2118 2024 2454 2082 adumbrare.
2495 2028 2825 2098 Quapropter
2864 2045 2967 2084 non
3008 2031 3306 2085 asbolutum
3339 2036 3519 2101 explet

1955 2126 2273 2179 sermonem,
2302 2115 2394 2169 sed
2424 2116 2571 2185 quasi
2591 2118 2819 2187 aliquam
2847 2120 3018 2173 trahat
3046 2129 3320 2187 catenam,
3352 2123 3429 2175 sic
3452 2123 3518 2175 ad

1957 2200 2258 2256 Judaeorum
2287 2204 2695 2261 admonitionem
2736 2224 2942 2263 rursum
2982 2213 3202 2279 transit,
3232 2222 3286 2266 et
3314 2214 3388 2266 ait
3414 2233 3427 2268 :
3454 2215 3524 2267 Et

1955 2305 2086 2343 nunc
2112 2300 2185 2356 tu,
2214 2297 2390 2346 domus
2409 2291 2567 2347 Iacob
2587 2337 2602 2358 ,
2630 2296 2818 2362 venite,
2843 2307 2889 2349 et
2918 2300 3221 2352 ambulemus
3246 2301 3297 2352 in
3336 2302 3525 2354 lumine

1955 2378 2201 2443 Domini;
2229 2380 2279 2433 id
2309 2392 2409 2449 est,
2444 2384 2492 2437 in
2520 2386 2794 2453 praeceptis
2824 2386 2959 2455 ejus,
2988 2388 3041 2441 in
3074 2388 3187 2457 lege
3207 2391 3319 2456 ejus
3352 2408 3365 2444 :
3396 2406 3516 2445 nam

1954 2466 2270 2538 Praeceptum
2300 2469 2420 2541 legis
2447 2484 2519 2526 est
2548 2473 2768 2539 lucerna,
2793 2487 2839 2528 et
2866 2478 2954 2529 tua:
2980 2487 3025 2530 et
3054 2479 3173 2543 vita,
3201 2483 3520 2547 reprehensio

1951 2568 1998 2610 et
2025 2559 2291 2629 disciplina
2335 2560 2525 2630 (Prov.
2570 2564 2623 2617 6.
2666 2563 2803 2634 25);
2853 2566 3119 2635 Davidque
3163 2584 3371 2623 rursum
3400 2572 3516 2624 ait:

1956 2646 2269 2717 Praeceptum
2296 2649 2502 2704 Domini
2538 2654 2756 2706 lucidum
2781 2694 2797 2720 ,
2828 2656 3118 2711 illuminans
3146 2661 3315 2723 oculos
3336 2662 3354 2729 (
3376 2660 3518 2716 Psal.

1955 2737 2041 2790 18.
2064 2734 2133 2804 9)
2158 2753 2173 2802 ;
2205 2747 2292 2805 et,
2322 2738 2548 2792 Lucerna
2568 2741 2773 2809 pedibus
2799 2746 2917 2796 meis
2941 2745 3021 2797 lea:
3048 2754 3160 2812 tua,
3182 2756 3226 2798 et
3253 2748 3419 2800 lumen
3439 2765 3519 2801 sc-

1953 2828 2084 2880 mitis
2113 2828 2232 2881 meis
2271 2827 2449 2899 (Psal.
2482 2830 2601 2884 118.
2636 2831 2788 2901 105).
2824 2832 2888 2885 Ει
2917 2834 3104 2903 ubique
3133 2834 3299 2904 legem
3330 2838 3397 2890 ita
3423 2853 3517 2890 vo-

1952 2917 2059 2968 cari
2104 2917 2408 2985 perspicias.
2451 2919 2537 2973 Sic
2570 2931 2623 2974 et
2664 2920 2855 2973 Paulus
2893 2923 2966 2974 ait
3002 2921 3267 2989 :Conﬁdis
3306 2926 3519 2991 teipsum

1951 3022 2057 3059 esse
2079 3007 2251 3059 duceni
2278 3024 2542 3074 caecorum,
2570 3009 2737 3062 lumen
2761 3026 2930 3063 eorum
2959 3010 3044 3078 qui
3070 3011 3121 3063 in
3148 3012 3356 3064 tenebris
3379 3024 3516 3076 sunt,

1951 3096 2248 3149 eruditorem
2284 3098 2618 3165 insipientium
2647 3096 2838 3168 (Rom.
2871 3098 2925 3151 2.
2957 3098 3040 3152 19.
3065 3099 3193 3168 20).
3231 3099 3346 3153 Non
3376 3101 3514 3155 enim

1950 3188 2019 3240 ita
2052 3187 2251 3242 solares
2280 3189 2411 3242 radii
2442 3202 2725 3257 corporeus
2755 3199 2963 3243 nostros
2985 3191 3169 3245 oculos
3194 3204 3381 3260 regunt
3399 3232 3415 3259 ,
3461 3205 3513 3247 ut

1952 3288 2211 3346 pta-cepta
2240 3278 2369 3347 legis
2392 3279 2579 3332 animae
2605 3279 2785 3333 oculos
2816 3280 3095 3333 illustrant.

2020 3369 2073 3422 6.
2089 3367 2350 3435 PrOpheta
2378 3369 2531 3435 igitur
2548 3376 2603 3421 ut
2616 3368 2861 3422 ostendat
2879 3370 3034 3421 etiam
3061 3378 3183 3423 ante
3205 3371 3505 3438 prmmium,

1951 3469 2005 3513 et
2043 3466 2169 3513 ante
2199 3459 2519 3523 mercedem,
2548 3466 2831 3527 praecepta,
2860 3458 2986 3512 dum
3024 3459 3328 3526 implentur,
3357 3474 3512 3514 suam

1951 3548 2142 3603 afferre
2170 3550 2489 3614 mercedem,
2522 3549 2699 3602 lumen
2731 3548 2844 3616 ipsa
2883 3549 3112 3602 vocavit.
3162 3550 3515 3616 Quemadmo-

1951 3641 2076 3694 dum
2093 3641 2233 3695 enim
2250 3641 2450 3705 oculus,
2474 3640 2597 3693 dum
2623 3640 2968 3705 illuminatur,
2992 3640 3195 3692 lucrum
3223 3639 3416 3692 refert:
3437 3640 3515 3693 sic

1951 3741 2005 3786 et
2034 3731 2231 3796 anima,
2258 3746 2377 3785 cum
2423 3729 2522 3798 legi
2570 3729 2935 3797 obtemperat,
2963 3728 3247 3781 maximum
3289 3729 3513 3780 fructum

1952 3823 2161 3891 accipit,
2196 3830 2481 3891 expurgatu
2503 3829 2557 3875 et
2578 3835 2608 3873 a
2634 3819 2866 3889 nequitia
2888 3820 3129 3884 liberata,
3161 3827 3215 3871 et
3244 3817 3307 3870 ad
3346 3818 3514 3885 ipsam

1951 3915 2247 3969 ascendens
2308 3915 2551 3967 virtutem
2602 3929 2617 3966 :
2669 3911 3113 3980 quemadmodum
3169 3924 3200 3963 e
3245 3909 3513 3961 contrario

1952 4006 2382 4074 praevaricatores
2402 4013 2524 4057 ante
2541 4002 2854 4069 supplicium
2887 4001 2935 4052 in
2965 4001 3075 4067 ipsa
3096 3997 3514 4066 transgressione

1952 4111 2136 4165 pinnas
2165 4095 2291 4148 dant
2314 4136 2328 4159 ,
2359 4092 2744 4160 miserioreque
2772 4088 3078 4143 conditione
3108 4098 3261 4150 sunt,
3289 4103 3446 4154 quam
3478 4086 3513 4138 ii

1949 4190 2036 4258 qui
2061 4187 2249 4242 sedent
2272 4188 2321 4240 in
2352 4185 2606 4249 tenebris,
2638 4186 2848 4245 timore,
2877 4191 3107 4233 tremore
3127 4188 3181 4232 et
3208 4178 3342 4231 mala
3386 4192 3515 4230 one-

1950 4279 2049 4332 rati
2078 4278 2431 4340 conscientia,
2464 4275 2518 4329 in
2566 4273 2788 4328 meridie
2814 4273 2972 4326 etiam
3023 4270 3091 4322 ab
3125 4267 3371 4322 omnibus
3400 4283 3512 4320 me-

1952 4379 2160 4424 tuentes
2205 4379 2259 4424 et
2305 4377 2613 4432 trementes,
2656 4367 2767 4419 sive
2809 4364 3038 4417 consciis
3082 4361 3211 4423 sibi,
3249 4361 3362 4414 sive
3406 4376 3511 4413 non

1949 4461 2198 4515 consciis.
2228 4459 2431 4513 Dimisit
2459 4460 2589 4511 cnim
2628 4457 2868 4526 populum
2897 4471 3061 4518 suum,
3091 4452 3295 4505 domum
3330 4451 3512 4515 Jacob,

1952 4554 2001 4606 id
2025 4562 2123 4615 est,
2157 4553 2311 4618 sivit,
2344 4551 2563 4615 dimisit,
2593 4548 2930 4615 contempsit,
2959 4560 3157 4614 suaque
3186 4543 3514 4612 providentia

1950 4645 2221 4711 Spoliavit.
2252 4641 2447 4697 Deinde
2477 4641 2541 4695 iis
2571 4637 2980 4708 perterrefactis,
3013 4649 3227 4689 causam
3260 4633 3431 4695 ail‘ert,
3460 4643 3514 4685 ut

1951 4734 2025 4787 illi
2054 4745 2201 4803 gesta
2231 4748 2325 4786 sua
2365 4730 2669 4785 emendent.
2701 4726 2829 4793 Qua:
2865 4726 3025 4794 igitur
3049 4738 3207 4778 causa
3235 4724 3353 4777 est?
3384 4722 3515 4787 Quia

1949 4826 2151 4894 impleta
2178 4832 2251 4877 est
2288 4832 2416 4875 terra
2445 4835 2616 4872 eorum
2643 4816 2899 4885 auguriis,
2936 4824 2987 4867 ut
3040 4824 3172 4867 terra
3211 4812 3515 4880 alienigena-

1949 4932 2081 4969 rum.
2114 4915 2267 4968 Prius
2318 4912 2439 4965 illos
2487 4908 2555 4963 de
2598 4906 2941 4975 cauponaria,
2973 4903 3039 4957 de
3082 4902 3304 4956 avaritia
3349 4910 3403 4955 et
3447 4900 3517 4954 de

1949 5007 2223 5059 viduarum
2270 5007 2576 5069 contemptu
2619 4996 2903 5051 accusabat
2932 5013 2943 5048 :
2976 4993 3062 5047 hic
3090 5008 3217 5047 vero
3265 4991 3393 5060 ipsis
3424 5006 3515 5044 ex-

2010 5163 2081 5223 (a)
2104 5160 2157 5223 in
2174 5164 2349 5223 Graece,
2367 5160 2416 5202 δι’
2438 5164 2580 5223 ὀλίγου.Δ
2590 5156 2730 5223 Porro
2755 5146 2888 5223 illud,
2902 5155 2950 5195 δι’
2964 5140 3516 5223 έξς-ςαᾈγξρξειμὶ

1950 5206 2089 5273 ιιιὸἆὸ
2111 5206 2521 5277 intelligi'posse',
2563 5219 2612 5260 δι’
2630 5222 2769 5277 eum
2801 5222 2939 5277 χρόνον,
2960 5219 3055 5277 per"
3073 5206 3230 5277 brevia
3253 5211 3516 5265 temporum

1948 5266 2221 5343 ἶςἰὶᾶἇιζέέυ
2245 5266 2542 5339 ffatim";
2564 5272 2663 5343 γειν
2680 5266 2728 5319 δέ
2750 5266 3517 5343 mea.i!‘i¢QESi‘BFz,P€CR‘E¥Y3‘

1950 5323 2378 5395 ᾗῇῖξξτῖηῖῆᾖάήέδ,
2396 5347 2480 5395 per
2506 5323 2773 5395 urbes,per
2797 5323 2985 5395 urbiwn
3018 5323 3252 5395 factiones
3281 5323 3514 5395 diversas,

1952 5390 2166 5469 uigilia
2188 5390 2325 5450 dixit.
2349 5390 2597 5445 ualuimus
2618 5390 2824 5469 priorem
2842 5390 2982 5469 sequi
3010 5390 3514 5469 seuteutigltLREIR:

1951 5446 2423 5531 ahiﬁfhitéiaromi
2439 5467 2587 5503 sensu
2618 5446 2726 5501 haec
2748 5446 2931 5513 possint
2955 5448 3202 5510 explicari.
3231 5446 3411 5495 Verum
3434 5458 3517 5494 res

1955 5520 2446 5591 éSlt‘m"'_i."‘°m‘imi'
2504 5576 2523 5591 ,.
2576 5589 2603 5591 ν,
3146 5582 3228 5591 --Α
3284 5566 3339 5591 ε..

2021 5566 2323 5653 urinae;
2338 5566 2609 5653 ἰεέθυάιξφ
2628 5580 2798 5653 rutila
2811 5566 3515 5653 fitf'f'i‘ﬂlfz.EE“:.!?.’.‘£€'.‘£‘¥?;

1955 5655 2005 5703 Id
2022 5630 2358 5701 iterm—melius
2378 5630 2488 5690 esse
2512 5630 2721 5689 videtur.
2746 5630 2837 5685 Sed
2850 5636 2957 5685 sine
2982 5630 3204 5681 Codicum
3230 5630 3520 5680 auctoritate

1956 5713 2071 5764 nihil
2094 5717 2346 5761 mutamus.
