4044 6406
551 403 623 457 35
1303 389 1360 445 S.
1393 387 1662 444 JOANNIS
1699 386 2167 443 CIIRYSOSTOMI
2208 388 2520 444 ARCIIIEP.
2561 390 3088 455 CONSTANTINOP.
3722 421 3806 476 36

543 502 757 565 probra!
781 515 942 571 prava
973 501 1240 571 dogmata,
1268 512 1323 554 et
1350 501 1636 570 impietatis
1673 501 1954 568 reliquias,
1985 515 2102 568 quae

543 590 794 657 paulatim
825 590 972 658 ipsos
999 593 1064 644 ad
1091 592 1394 645 daemonum
1421 606 1706 646 erroneum
1747 592 1947 645 cultmn
1987 606 2106 658 per-

543 679 843 732 trahcbant.
875 679 992 734 Mox
1039 681 1160 734 illos
1189 681 1482 744 incessens,
1515 694 1620 733 non
1657 679 1814 734 modo
1842 679 1974 733 dicit
2012 693 2105 732 eos

542 770 774 838 auguriis
796 785 1014 839 operam
1046 771 1206 836 dare,
1237 770 1332 824 sed
1363 771 1618 838 repletam
1644 770 1710 823 iis
1749 783 1866 822 esse
1909 778 2101 822 terram

539 872 722 912 eorum
750 859 904 928 (Isai.
940 862 987 914 Ι.
1015 861 1092 930 4).
1125 859 1295 927 Supra
1353 860 1566 914 modum
1589 901 1604 925 ,
1647 860 1845 927 inquit,
1876 860 2106 912 accrevit

541 949 771 1017 nequitia
809 965 1016 1005 eorum.
1048 949 1503 1014 Quemadmodum
1532 963 1692 1017 supra
1737 947 1946 1002 diccbat
1968 989 1984 1014 ,
2013 964 2106 1017 po-

541 1039 762 1106 pulum,
815 1054 920 1093 non
974 1047 1261 1108 utcumque
1311 1048 1678 1109 peccatorem,
1725 1038 1816 1092 sed
1892 1039 2103 1107 plenum

542 1130 803 1195 peccatis;
825 1129 903 1182 sic
933 1138 986 1183 et
1012 1129 1114 1183 hoc
1143 1130 1261 1184 loco
1286 1170 1301 1194 ,
1336 1129 1547 1198 Repleta
1574 1137 1664 1182 est.
1694 1128 1896 1183 Exinde
1920 1143 2106 1183 rursus

539 1218 789 1285 probrum
843 1219 1172 1286 amplificans
1226 1219 1465 1284 addidit,
1499 1217 1642 1271 Sicut
1686 1234 1719 1270 a
1763 1219 2030 1287 principio.
2061 1220 2104 1272 Α

539 1311 787 1379 principio
807 1351 822 1374 ,
851 1311 1227 1379 quandonam?
1251 1309 1472 1375 Quando
1494 1310 1658 1363 Deum
1686 1309 1920 1363 nondum
1945 1325 2107 1365 nove-

542 1409 692 1462 rant,
724 1403 935 1470 quando
980 1402 1148 1470 legem
1201 1401 1434 1454 nondum
1488 1410 1805 1466 acceperant
1832 1441 1848 1465 ,
1892 1401 2106 1468 quando

541 1493 919 1547 beneficiorum
945 1493 1060 1561 ejus
1089 1491 1469 1560 experientiam
1522 1491 1748 1551 nondum
1799 1490 2103 1556 habebant,

537 1586 748 1652 quando
761 1601 881 1639 cum
908 1586 1154 1654 gentibus
1171 1586 1435 1651 vivebant,
1454 1584 1591 1653 quod
1614 1593 1865 1639 extrema:
1887 1584 2106 1637 damna-

538 1675 700 1729 tionis
734 1685 872 1739 erat,
898 1674 1038 1744 quod
1070 1689 1173 1728 non
1204 1675 1392 1728 melius
1418 1683 1545 1728 tunc
1572 1689 1631 1729 se
1665 1674 1954 1739 haberent,
1988 1680 2109 1740 post

537 1775 736 1820 tantam
757 1767 1140 1835 providentiam
1170 1778 1222 1821 et
1251 1776 1446 1820 tantam
1475 1767 1914 1830 sollicitudinem,
1946 1780 2104 1834 quam

538 1858 572 1909 ii
621 1857 708 1925 qui
753 1858 882 1911 nihil
909 1873 1094 1912 eorum
1132 1860 1444 1927 consequuti
1489 1868 1660 1912 erant.
1715 1858 1819 1913 Sed
1863 1873 1968 1912 non
2022 1858 2109 1912 hic

534 1948 894 2010 stetit,verum
919 1948 1094 2001 denuo
1117 1949 1555 2016 perterrefaciens
1578 1963 1672 2004 eos
1697 1949 1891 2018 adjecit
1914 1966 1926 2002 :
1949 1948 2108 2012 Quasi

537 2045 672 2088 terra
715 2036 1107 2106 alienigenarum
1134 2053 1154 2091 :
1200 2037 1299 2092 hac
1342 2039 1741 2107 comparatione
1809 2039 2106 2106 graviorem

536 2126 930 2181 accusationem
984 2141 1196 2195 parans.
1248 2127 1398 2194 Quod
1451 2137 1506 2181 et
1561 2128 1752 2182 Paulus
1806 2129 2108 2197 frequenter

537 2216 714 2271 facere
762 2217 934 2281 solet;
965 2228 1022 2272 ttt
1065 2228 1120 2272 et
1166 2219 1380 2288 quando
1427 2219 1591 2274 dicit:
1631 2219 1706 2272 De
1755 2218 2109 2273 dormientibus

532 2321 698 2363 autem
725 2310 842 2364 nolo
868 2326 952 2362 vos
976 2313 1207 2380 ignorare
1228 2351 1242 2376 ,
1273 2312 1478 2377 fratres,
1509 2322 1563 2364 ut
1593 2328 1692 2364 non
1724 2310 2103 2377 contristemini,

533 2402 662 2451 sicut
687 2410 732 2452 et
757 2401 925 2452 cwteri
949 2402 1034 2467 qui
1071 2417 1210 2468 spem
1256 2419 1356 2454 non
1391 2401 1569 2454 habent
1590 2401 1666 2470 (l.
1697 2401 1872 2456 Thess.
1898 2403 1951 2456 4.
1977 2401 2102 2470 12);

535 2505 598 2540 ac
630 2505 841 2541 rursum
873 2507 886 2542 :
924 2489 992 2542 Ut
1034 2493 1158 2541 sciat
1206 2492 1544 2559 unusquisque
1585 2500 1798 2543 vestrum
1848 2507 1934 2543 vas
1961 2507 2107 2542 suum

534 2582 790 2650 possidere
812 2585 863 2632 in
893 2583 1287 2648 sancti/iratione
1313 2592 1359 2635 et
1397 2583 1584 2635 honore
1603 2625 1615 2646 ,
1645 2598 1745 2634 non
1783 2583 1836 2634 in
1877 2582 2108 2650 passione

535 2673 772 2725 desiderii
801 2671 961 2734 (Ibid.
989 2686 1036 2723 υ.
1060 2673 1133 2739 4).
1168 2672 1348 2741 Neque
1391 2671 1491 2725 hoc
1541 2680 1820 2725 contentus
1850 2671 1977 2736 fuit,
2013 2671 2106 2726 sed

533 2762 730 2829 adjecit
751 2779 762 2811 :
785 2761 1221 2822 Quemadmodum
1248 2771 1294 2815 et
1323 2762 1529 2831 reliquie
1549 2772 1716 2831 gentes
1739 2778 1850 2830 qua:
1872 2764 2106 2830 ignorant

537 2850 701 2904 Deum
724 2850 883 2919 (Ibid.
913 2868 960 2903 υ.
989 2851 1068 2920 ὸ).
1099 2851 1194 2904 llic
1222 2851 1417 2919 quippe
1450 2852 1639 2906 modus
1667 2854 1930 2906 sermonis
1958 2867 2103 2904 mor-

536 2942 664 2995 dere
690 2943 826 2995 solet
854 2943 1019 2995 etiam
1049 2958 1143 2996 eos
1169 2944 1256 3011 qui
1293 2942 1580 2996 admodum
1610 2943 1741 3012 lapsi
1774 2952 1917 2996 sunt.
1951 2943 2101 3007 Quod

532 3032 577 3085 si
623 3031 790 3085 Jndmi
829 3032 897 3086 de
949 3033 1140 3085 lalibus
1182 3043 1519 3095 accusantur,
1551 3048 1706 3100 quam
1759 3047 1854 3085 nos
1891 3032 2102 3085 veniam

531 3138 1123 3191 consequemur,qnam
1169 3123 1555 3186 defensionem,
1590 3122 1676 3190 qui
1730 3131 1848 3190 post
1903 3130 2103 3175 tantam

531 3214 756 3282 gratiam
786 3220 842 3264 et
872 3211 1193 3266 ineffabilem
1227 3211 1506 3272 honorem,
1536 3226 1791 3279 Spemque
1825 3213 2102 3265 immortao

533 3306 678 3367 lem,
728 3305 779 3356 in
833 3318 1044 3371 parem,
1100 3318 1256 3370 quam
1307 3303 1402 3364 illi,
1445 3301 1740 3356 decidimus
1781 3302 2103 3372 in0piam‘l

531 3394 673 3448 Multi
699 3409 926 3463 namque
946 3393 1055 3460 jam
1083 3402 1239 3457 sunt,
1270 3394 1356 3461 qui
1390 3392 1490 3446 hoc
1516 3393 1699 3446 morbo
1729 3393 1988 3459 laborant,
2013 3397 2103 3464 qui

535 3485 698 3537 vitam
748 3498 900 3537 suam
952 3483 1300 3546 labefactant,
1333 3483 1418 3550 qui
1469 3498 1723 3551 augurum
1778 3482 1997 3536 insania:
2044 3499 2103 3538 se

531 3577 752 3639 dedunt,
778 3575 1049 3641 Deumque
1069 3572 1363 3635 offendunt,
1381 3583 1434 3625 et
1460 3572 1756 3640 superfluos
1777 3572 1987 3625 dolores
2003 3573 2100 3625 sibi

531 3665 1002 3732 lucrantur,atque
1030 3666 1080 3716 in
1110 3663 1380 3716 laboribus
1409 3678 1504 3730 pro
1531 3667 1725 3715 virtute
1748 3664 2101 3731 suscipiendis

527 3756 913 3810 dissolvuntur.
945 3753 1056 3806 Hoc
1097 3753 1240 3806 enim
1286 3755 1502 3806 omnino
1543 3762 1694 3806 curat
1749 3752 2014 3817 diabolus,
2045 3762 2103 3805 ut

531 3846 986 3916 insipientioribus
1015 3844 1269 3906 suadeat,
1300 3860 1405 3897 non
1438 3859 1600 3913 penes
1633 3859 1691 3898 se
1723 3859 1840 3898 esse
1877 3853 1967 3897 aut
1998 3845 2100 3896 vir-

531 3947 699 3991 tutem
747 3947 839 3989 aut
885 3935 1280 4003 improbitatem
1331 3935 1516 3999 adire,
1546 3950 1716 4004 neque
1757 3949 1816 3988 se
1860 3934 2101 3987 libertate

531 4027 761 4096 quadam
789 4026 995 4079 arbitrii
1028 4026 1320 4078 honoratos
1348 4039 1488 4088 esse,
1517 4024 1628 4077 lucc
1656 4025 1761 4077 duo
1796 4024 2100 4092 turpissima

531 4120 790 4188 perficere
820 4118 1035 4181 volens,
1060 4127 1118 4170 ut
1149 4118 1360 4170 labores
1391 4130 1486 4184 pro
1515 4117 1707 4170 virtute
1735 4116 2101 4184 suscipiendos

532 4211 737 4276 solvat,
768 4219 823 4262 et
849 4210 1136 4262 maximum
1180 4209 1306 4262 illud
1346 4207 1603 4262 libertatis
1628 4207 1826 4260 donum
1872 4207 2096 4262 auferat.

534 4302 642 4353 lloc
672 4315 768 4369 per
797 4301 1040 4369 auguria,
1073 4301 1172 4354 hoc
1201 4315 1293 4368 per
1313 4299 1492 4352 omina
1523 4297 1598 4368 (a)
1619 4338 1634 4360 ,
1667 4299 1767 4352 hoc
1792 4314 1886 4367 per
1914 4299 2099 4351 obser-

531 4392 798 4443 vationem
825 4390 1053 4454 dierum,
1087 4390 1185 4443 hoc
1217 4407 1309 4458 per
1342 4407 1557 4458 pravmu
1589 4391 1677 4443 fati
1704 4391 1895 4460 dogma
1916 4431 1931 4455 ,
1959 4391 2098 4444 hunc

532 4498 749 4550 gravem
789 4482 1031 4534 morbum
1083 4496 1177 4549 per
1215 4483 1317 4535 alia
1364 4483 1526 4534 multa
1560 4485 1612 4534 in
1657 4484 1818 4536 vitam
1863 4484 2096 4548 invexit,

595 4663 610 4690 ⁸
639 4659 889 4723 inACl'fCCQ,
908 4670 993 4719 πρὸς
1017 4672 1080 4715 τήν
1103 4671 1212 4716 αὐτὴν
1244 4671 1382 4712 lui-am;
1416 4671 1561 4723 ιᾳτᾳκὶτ
1579 4683 1692 4713 sunt;
1715 4671 1847 4706 πινὶαν,
1873 4664 2006 4723 Putat
2022 4657 2099 4703 ΛΙ-

531 4722 672 4768 lenus
695 4717 958 4781 legendum
983 4733 1098 4787 esse
1119 4719 1592 4787 τιςινηρρωι-,κοςρίμιίςέωζιἶ
1610 4733 1702 4787 non
1719 4733 1850 4787 mv'ttsv,
1872 4717 2098 4787 inopiam.

528 4788 582 4828 Et
625 4778 943 4840 vere'xmpm
974 4781 1166 4828 omnino
1209 4778 1473 4840 desiderari
1501 4779 1727 4840 videtur.
1771 4786 1879 4826 Nam
1919 4778 1996 4824 hic
2036 4781 2101 4828 ait

530 4837 892 4908 Chrysostomus
916 4855 926 4888 :
962 4841 1093 4899 Quod
1117 4840 1160 4888 si
1181 4839 1342 4887 Juda’i
1364 4841 1424 4908 de
1447 4837 1615 4908 talibus
1638 4846 1935 4908 accusantur,
1955 4851 2101 4908 quam

528 4915 612 4951 nos
630 4900 818 4950 ueniam
841 4914 1194 4962 consequemur,
1220 4914 1362 4962 quam
1386 4900 1719 4960 defensionem,
1744 4900 1825 4962 qui
1861 4906 1961 4961 post
1994 4904 2101 4962 tan-

527 4971 626 5025 tam
648 4963 854 5025 gratiam
876 4970 919 5009 et
942 4959 1240 5025 inemgbilmir
1255 4959 1496 5025 honorem,
1520 4973 1741 5025 spemque
1759 4959 2096 5025 inmortalem,

526 5024 576 5085 in
621 5019 787 5085 parem
821 5035 959 5082 quam
1003 5019 1078 5085 illi
1123 5021 1388 5069 decidimus
1423 5019 1552 5085 διαί
1578 5019 1672 5069 sive
1703 5023 1908 5085 fovqpiav?
1942 5021 1999 5085 Id»
2027 5029 2101 5070 est

527 5081 754 5142 inopitan,
768 5081 850 5130 aut
871 5083 1144 5142 nequitiam.
1161 5090 1264 5129 Utra
1291 5096 1408 5128 vero
1431 5081 1574 5129 lectio
1596 5082 1970 5142 Inagisquadret
1991 5083 2100 5131 hinc

530 5145 868 5204 penspicielur,
892 5141 949 5191 si
975 5144 1279 5191 advertamus
1321 5143 1396 5190 hic
1438 5143 1529 5204 sibi
1567 5141 1694 5204 velle
1716 5141 2099 5202 Chrysostomum

528 5202 616 5252 nos
639 5202 685 5250 in
711 5217 872 5262 parem
896 5213 1042 5264 atque
1084 5203 1232 5251 Juda'i
1264 5211 1436 5251 statum
1460 5202 1704 5264 decidere.
1724 5204 1974 5264 QlllSAl/CI'O
2016 5204 2098 5251 ille

529 5261 810 5325 statusest?
838 5265 926 5312 [lle
951 5261 1074 5312 haud
1107 5265 1253 5311 dubie
1277 5266 1322 5310 in
1346 5278 1492 5325 quem
1515 5276 1657 5319 supra
1678 5263 1798 5309 dixit
1827 5261 2100 5324 Chrysosto—

529 5338 636 5372 mus
672 5324 894 5386 delapsos
925 5327 1112 5374 Judteos
1137 5338 1264 5380 esse,
1301 5328 1348 5372 in
1365 5324 1710 5384 cauponariatn
1734 5336 1924 5386 nempe,
1951 5328 2100 5372 avari-

531 5386 662 5441 tiam,
685 5385 960 5446 doginatum
1001 5388 1388 5445 perversitatem,
1432 5387 1734 5446 praestigias:
1772 5385 1948 5444 quibus
1981 5401 2099 5447 prze-

531 5447 692 5491 missis
714 5459 833 5493 sane
860 5447 1046 5494 videtur
1071 5461 1218 5507 πονηρια
1242 5449 1394 5505 magis
1425 5447 1676 5506 quadrare,
1701 5456 1842 5507 quam
1866 5462 1978 5495 πινὶα..
2018 5449 2100 5494 Λι-

530 5513 689 5568 tamen
715 5507 1060 5567 exemplarium
1084 5505 1294 5553 onmium
1319 5505 1600 5554 auctet-uate
1625 5514 1752 5564 moti,
1775 5505 1897 5554 hanc
1922 5516 2100 5568 postre-

529 5578 654 5611 mam
678 5566 933 5614 lectionem
956 5570 1148 5627 sequuti
1170 5581 1349 5614 sumus.

594 5627 667 5684 (rt)
700 5630 815 5684 Quid
841 5631 936 5675 sint
977 5625 1054 5675 illa
1079 5629 1252 5684 omina,
1293 5628 1506 5688 pluribus
1545 5627 1625 5675 ille
1654 5625 1862 5687 explicat
1887 5630 1931 5675 in
1965 5629 2096 5678 Cate-

529 5685 673 5749 clwsi
704 5690 915 5735 secunda
958 5689 1016 5735 ad
1042 5685 1388 5749 illuminandos,
1419 5697 1550 5737 'I‘om.
1579 5689 1640 5736 ll.
1684 5685 1764 5736 L'bi
1803 5697 1931 5739 totus
1970 5691 2100 5740 locns

529 5757 636 5793 cum
663 5747 750 5795 hoc
773 5749 1091 5797 confercutltts
1115 5758 1204 5796 est.

2213 500 2414 553 nullam
2445 501 2510 554 ad
2542 501 2643 556 hoc
2668 517 2773 557 non
2815 505 3112 561 machinam
3155 524 3391 566 movens.
3421 513 3796 581 Quamobrem

2211 589 2465 657 propheta
2519 592 2861 648 vehementer
2905 595 3066 650 instat
3113 599 3398 669 incusans,
3427 614 3484 659 ut
3535 612 3793 664 morbum

2208 680 2459 734 radicitus
2480 681 2690 735 evellat.
2722 681 2784 734 Et
2809 685 2906 750 filii
2931 687 3075 740 multi
3102 689 3393 760 alienigena:
3416 696 3520 747 nati
3544 708 3660 750 sunt
3687 701 3791 753 eis.

2280 769 2331 822 7.
2373 769 2509 834 Quid
2545 779 2645 834 est,
2675 770 2796 824 Filii
2820 775 3160 846 alienigena?
3189 779 3292 834 Lex
3339 781 3442 836 illis
3486 795 3603 839 erat
3648 789 3792 843 olim

2210 859 2311 911 lata
2363 871 2584 928 propter
2625 862 2788 916 animi
2833 863 3200 936 fragilitatem,
3233 881 3286 926 et
3325 885 3558 930 mentem
3606 878 3792 934 fraudi

2209 958 2593 1016 opportunam,
2651 962 2708 1004 ut
2754 968 2875 1008 cum
2929 959 3074 1011 nullo
3125 961 3446 1030 reliquorum
3501 965 3792 1022 hominum

2209 1035 2518 1090 affinitatem
2565 1042 2980 1109 contraherent,
3022 1062 3089 1100 ne
3144 1049 3445 1118 hujusmodi
3490 1055 3793 1112 afﬁnitates

2211 1121 2496 1192 impietatis
2527 1126 2657 1195 ipsis
2681 1133 2892 1186 occasio
2918 1144 3117 1188 essent.
3147 1137 3278 1204 Quia
3307 1141 3448 1196 enim
3479 1160 3583 1198 non
3615 1146 3792 1201 modo

2209 1214 2342 1265 alios
2365 1216 2636 1284 corrigere
2658 1235 2760 1274 non
2794 1230 3059 1291 poterant,
3085 1227 3176 1280 sed
3200 1244 3372 1298 neque
3389 1231 3785 1290 detrimentum

2209 1306 2277 1357 ab
2315 1307 2468 1373 aliis,
2497 1310 2815 1380 quicumque
2856 1325 3073 1380 essent,
3120 1319 3220 1372 sibi
3283 1321 3625 1389 importatum
3681 1327 3790 1381 de-

2211 1395 2440 1462 pellere,
2466 1398 2579 1467 lege
2609 1399 2750 1468 ipsos
2788 1404 3006 1469 vallans,
3037 1414 3094 1460 et
3129 1408 3196 1460 ab
3225 1410 3483 1467 affinitate
3507 1428 3630 1469 cum
3658 1418 3790 1472 aliis

2209 1487 2510 1553 abducens,
2545 1491 2769 1544 seorsim
2810 1493 2929 1547 illos
2975 1496 3288 1553 efl’ormabat
3318 1513 3370 1555 et
3420 1506 3736 1561 instituebat
3767 1526 3782 1561 :

2210 1578 2441 1644 optabile
2469 1580 2613 1633 enim
2639 1581 2962 1652 difficilequc
2991 1597 3107 1641 erat
3134 1599 3194 1643 ut
3219 1593 3301 1645 vel
3327 1594 3404 1647 sic
3429 1594 3571 1649 ducti
3596 1637 3613 1663 ,
3648 1613 3786 1667 pos-

2209 1678 2328 1721 sent
2374 1684 2588 1726 servare
2628 1673 2958 1744 disciplinam
2993 1691 3021 1730 a
3055 1679 3164 1732 Deo
3211 1681 3309 1734 sibi
3356 1686 3624 1741 traditam.
3669 1691 3782 1746 Sed

2209 1759 2652 1825 quemadmodum
2678 1765 2780 1819 alia
2813 1779 3076 1836 praecepta
3104 1775 3422 1841 transgressi
3448 1788 3592 1842 sunt,
3620 1780 3698 1834 sic
3723 1791 3789 1835 et

2211 1845 2312 1900 hoc
2336 1859 2660 1919 contempto,
2687 1857 3013 1912 transierunt
3043 1859 3109 1912 ad
3141 1861 3455 1918 affinitatem
3493 1881 3613 1921 cum
3645 1869 3785 1922 vici-

2211 1938 2293 1991 nis
2321 1941 2736 1997 contrahendam
2759 1987 2774 2011 ,
2805 1955 2858 2000 ct
2884 1950 3135 2004 uxoribus
3165 1952 3290 2006 inde
3316 1953 3488 2009 ductis
3513 1997 3527 2019 ,
3561 1973 3590 2011 a
3635 1958 3786 2013 Moa-

2210 2026 2337 2081 bilis
2366 2030 2630 2097 videlicet,
2658 2033 2726 2087 ab
2753 2037 3091 2104 Ammonius,
3119 2050 3174 2094 et
3204 2041 3272 2095 ab
3299 2043 3415 2097 aliis
3442 2045 3620 2115 impiis
3651 2065 3786 2117 gen-

2211 2118 2379 2184 tibus,
2403 2121 2639 2191 aliasque
2667 2127 3013 2196 cognationes
3032 2131 3291 2198 amplexi,
3316 2133 3564 2189 doctores
3591 2142 3786 2205 nequi-

2213 2213 2298 2265 tia:
2325 2214 2674 2279 admiserunt,
2697 2227 2751 2271 et
2773 2218 3065 2274 nobilitatis
3089 2222 3337 2276 decorem
3370 2223 3780 2282 labefactarunt.

2212 2304 2321 2357 Iloc
2351 2305 2525 2373 itaque
2569 2322 2688 2362 cum
2733 2309 2854 2363 aliis
2905 2311 3161 2378 propheta
3202 2313 3404 2368 crimen
3447 2315 3692 2369 intentat.
3726 2318 3778 2369 7.

2209 2391 2427 2460 lmpleta
2451 2408 2524 2447 est
2562 2399 2693 2449 enim
2718 2399 2855 2467 regio
2880 2415 3074 2465 eorum,
3103 2402 3302 2470 inquit,
3326 2395 3542 2473 argento.
3558 2417 3602 2456 et
3628 2423 3781 2470 auro,

2206 2491 2256 2534 et
2285 2499 2384 2534 nou
2412 2494 2516 2536 erat
2542 2503 2774 2540 numerus
2804 2487 3149 2543 thesaurorum
3178 2509 3366 2544 eorum.
3399 2493 3452 2547 8.
3483 2493 3550 2546 Et
3575 2496 3786 2562 impleta

2207 2577 2279 2624 est
2317 2581 2450 2623 terra
2479 2589 2649 2625 eorum
2678 2577 2848 2642 equis,
2885 2587 2931 2630 et
2972 2595 3073 2631 non
3114 2590 3219 2632 erat
3259 2598 3493 2636 nunterus
3539 2600 3786 2636 curruum

2208 2676 2399 2714 eorum.
2431 2662 2647 2732 Ecquod
2685 2666 2887 2719 crimen
2923 2667 3025 2722 hoc
3044 2710 3058 2734 ,
3087 2669 3281 2724 dixerit
3311 2672 3445 2726 forte
3475 2675 3781 2742 quispiam,

2207 2751 2418 2806 divitias
2464 2753 2679 2821 habere,
2706 2765 2760 2810 et
2798 2772 2964 2827 equos
3004 2761 3306 2828 possidere,
3333 2780 3394 2818 ea
3444 2766 3784 2832 potissimum

2207 2851 2385 2908 artato,
2408 2845 2618 2913 quando
2640 2861 2743 2900 non
2770 2857 2969 2903 tantum
2994 2861 3108 2904 erat
3137 2852 3484 2922 philosophia;
3507 2857 3782 2912 studium?

2205 2934 2342 2998 Quid
2362 2951 2489 3002 ergo
2510 2937 2840 2993 dixerimus?
2865 2940 3080 2995 Scilicet
3105 2958 3210 2996 non
3244 2959 3393 2998 nsmn
3421 2947 3780 3016 improbabat,

2207 3024 2300 3078 sed
2325 3027 2556 3080 animum
2585 3043 2691 3082 non
2725 3029 2786 3082 iis
2827 3039 2884 3083 ut
2909 3033 3193 3098 oportebat
3225 3046 3483 3089 utentem.
3513 3040 3784 3105 Quemad-

2211 3114 2425 3167 modum
2460 3117 2603 3169 enim
2633 3133 2758 3171 cum
2797 3119 2958 3185 dicit,
3007 3121 3091 3174 Vw
3117 3125 3198 3190 qui
3230 3135 3450 3191 potentes
3476 3129 3590 3180 estis
3620 3127 3779 3196 (lsai.

2207 3205 2261 3257 1.
2289 3204 2402 3272 2i),
2429 3221 2534 3258 non
2579 3209 2761 3276 utique
2810 3211 3100 3276 potentiam
3131 3213 3222 3265 dat
3263 3215 3509 3280 crimini,
3545 3218 3639 3270 sed
3687 3235 3785 3274 eos

2206 3295 2294 3361 qui
2354 3296 2586 3361 potentia
2640 3300 2777 3352 male
2810 3308 3032 3353 utuntur
3066 3322 3079 3356 :
3114 3303 3192 3356 sic
3223 3313 3275 3357 ct
3323 3303 3423 3358 hoc
3467 3306 3585 3360 loco
3611 3348 3626 3372 ,
3672 3325 3782 3363 non

2206 3385 2345 3452 quod
2390 3389 2640 3453 pecunias
2692 3390 3060 3457 possiderent,
3092 3393 3184 3446 sed
3225 3395 3364 3461 quod
3413 3411 3531 3448 cum
3583 3399 3782 3466 ingenti

2205 3478 2354 3544 copia
2376 3519 2390 3542 ,
2423 3489 2475 3529 et
2505 3480 2636 3532 ultra
2686 3483 3054 3536 necessitatem
3087 3483 3203 3537 illas
3242 3497 3611 3553 congererent.
3661 3487 3784 3542 Non

2203 3580 2338 3630 erat,
2376 3571 2562 3637 inquit,
2593 3589 2825 3624 numerus
2852 3574 3199 3627 thesaurorum
3228 3594 3419 3630 eorum.
3452 3573 3639 3647 Neque
3679 3581 3784 3635 hoc

2203 3660 2373 3711 Solum
2397 3702 2410 3724 ,
2443 3662 2536 3714 sed
2566 3664 2704 3730 quod
2736 3663 2801 3716 de
2831 3663 3025 3720 divitiis
3053 3676 3105 3720 et
3134 3667 3202 3720 de
3227 3684 3482 3735 equorum
3509 3672 3658 3736 copia
3694 3671 3779 3728 iu-

2206 3749 2314 3802 flali
2337 3793 2351 3815 ,
2383 3754 2629 3818 paulatim
2658 3772 2685 3806 a
2715 3770 2809 3822 Spe
2853 3755 2902 3809 in
2947 3757 3112 3810 Deum
3154 3759 3606 3825 abstrahcrcntur,
3637 3764 3782 3830 quod

2207 3839 2332 3907 ipsis
2358 3841 2515 3894 etiam
2547 3844 2667 3895 alibi
2699 3845 2949 3912 proliheta
2989 3846 3200 3900 dicebat
3229 3865 3241 3899 :
3281 3847 3368 3901 Vw
3395 3850 3477 3917 qui
3517 3853 3782 3919 conﬁdunt

2204 3931 2256 3982 in
2305 3932 2483 3984 virtute
2518 3950 2608 3985 sua
2637 3974 2649 3995 ,
2694 3945 2739 3987 et
2782 3937 2831 3987 in
2885 3937 3202 3991 multitudine
3252 3940 3539 3994 divitiarum
3575 3959 3782 3996 suarum

2204 4023 2483 4090 gloriantur
2511 4023 2677 4091 (Psal.
2713 4028 2800 4079 48.
2835 4028 2910 4092 7).
2940 4029 3015 4081 Ac
3043 4044 3249 4082 rursum
3281 4031 3402 4083 alibi
3431 4049 3442 4081 :
3466 4032 3582 4084 Non
3605 4036 3779 4086 salva-

2206 4122 2289 4162 tur
2312 4129 2400 4164 rea:
2429 4130 2516 4179 per
2546 4115 2750 4166 multam
2777 4117 3025 4180 virtutem,
3050 4129 3094 4170 et
3122 4121 3261 4187 gigas
3297 4137 3395 4172 non
3425 4122 3696 4174 salvabitur
3727 4125 3781 4176 in

2204 4203 2522 4257 multitudine
2565 4207 2758 4257 virtutis
2796 4207 3087 4275 sttte(Psal.
3115 4211 3200 4262 59..
3234 4211 3345 4279 16).
3384 4213 3681 4281 lterttmque
3726 4218 3778 4268 in

2204 4295 2308 4347 alio
2335 4296 2543 4349 Psalmo
2573 4313 2587 4348 :
2624 4296 2740 4349 Non
2769 4299 2818 4349 in
2846 4301 3138 4367 fortitudine
3159 4303 3269 4370 equi
3299 4303 3600 4354 voluntatem
3629 4306 3780 4357 habe-

2203 4382 2306 4448 bit,
2339 4401 2424 4436 uec
2453 4386 2504 4436 in
2531 4387 2660 4438 tibiis
2688 4388 2779 4438 viri
2803 4387 3162 4456 beneplacitum
3191 4391 3280 4441 erit
3306 4393 3367 4442 ei.
3398 4391 3779 4459 Beneplacitam

2204 4484 2274 4524 est
2316 4473 2528 4526 Domino
2572 4493 2720 4543 super
2754 4478 2978 4530 timentes
3020 4495 3150 4530 eum.
3195 4479 3257 4532 Et
3295 4482 3499 4549 impleta
3533 4494 3603 4534 est
3645 4493 3780 4538 terra

2204 4565 2647 4619 abominationibus
2677 4585 2880 4632 Operam
2913 4587 3153 4622 manuunt
3178 4589 3416 4634 suarum,
3446 4583 3490 4624 et
3526 4576 3777 4628 adorave-

2203 4667 2316 4706 runt
2343 4673 2451 4724 qua:
2473 4661 2691 4724 fecerunt
2720 4660 2865 4726 digiti
2896 4677 3066 4712 eorum
3094 4659 3261 4730 (Psal.
3291 4663 3407 4715 MO.
3438 4665 3546 4730 10).
3578 4665 3644 4717 Ul
3688 4681 3776 4716 sa-

2207 4747 2352 4812 piens
2381 4748 2631 4809 medicus,
2665 4749 2916 4815 propheta
2946 4751 3112 4802 morbi
3141 4767 3352 4803 causam
3383 4753 3527 4812 dicit,
3557 4767 3612 4806 et
3658 4755 3777 4806 fon-

2208 4843 2309 4885 tem
2337 4835 2524 4886 morbi.
2545 4837 2672 4888 tium
2706 4840 2842 4889 enim
2873 4855 3056 4891 eorum
3087 4840 3406 4906 impietatem
3436 4852 3780 4898 accus:ttnrus

2205 4934 2367 4989 esset,
2398 4928 2701 4981 occasiones
2726 4929 2891 4981 morbi
2924 4932 3066 4997 prius
3094 4929 3244 4994 dixit,
3278 4932 3587 4996 avaritiam,
3621 4950 3778 4988 arro~

2204 5017 2434 5082 gantiam
2459 5056 2472 5080 ,
2501 5019 2879 5071 eonnubiorum
2910 5020 3193 5073 affinitates
3221 5035 3323 5073 non
3365 5022 3561 5080 licitas,
3594 5023 3775 5077 decla-

2205 5122 2327 5160 rans
2349 5122 2441 5160 eos
2464 5107 2583 5161 hinc
2610 5111 2854 5176 paulatim
2883 5112 3247 5179 supplantatos
3275 5113 3323 5164 in
3344 5111 3604 5178 perniciei
3627 5115 3779 5168 bara-

2207 5196 2380 5249 thrum
2425 5199 2719 5262 corruisse,
2752 5210 2804 5251 et
2847 5200 2982 5252 idola
3023 5200 3291 5254 adorasse.
3328 5202 3525 5254 Deinde
3567 5202 3776 5256 illorum

2205 5289 2400 5341 cultum
2429 5290 2725 5355 traducens,
2747 5292 3014 5360 subjungit
3039 5333 3051 5355 ,
3084 5291 3302 5360 Operam
3325 5309 3558 5342 manuum
3583 5309 3774 5344 eorum.

2205 5379 2337 5444 Quid
2368 5381 2505 5432 enim
2553 5382 2657 5432 risu
2697 5381 2906 5450 dignius
2956 5381 3112 5434 fuerit
3157 5398 3310 5450 quam
3351 5396 3467 5434 cum
3496 5381 3656 5434 homo
3687 5382 3771 5435 dei

2203 5478 2412 5522 creator
2439 5470 2704 5522 efficitur?
2734 5473 3189 5524 Abominationcm
3217 5487 3340 5525 vero
3371 5472 3638 5538 Scriptura
3677 5487 3776 5522 vo-

2204 5573 2326 5613 care
2381 5561 2516 5612 solet
2565 5560 2745 5613 idola:
2793 5561 3016 5630 indeque
3068 5563 3386 5615 abominatio
3435 5562 3780 5614 desolationis

2208 5661 2421 5703 vocatur
2449 5661 2620 5705 statua
2663 5654 2712 5704 in
2744 5655 2936 5720 templo
2962 5665 3154 5705 erecta.
3191 5653 3314 5704 Cum
3356 5655 3484 5703 enim
3515 5651 3734 5702 videritis
3755 5685 3772 5712 ,

2214 5741 2412 5810 inquit,
2466 5743 2881 5796 abominationem
2929 5744 3242 5796 desolatiouis
3293 5751 3512 5794 stantem
3556 5742 3605 5792 in
3651 5739 3760 5793 loco
