4044 6410
289 405 361 459 35
1648 385 1712 440 IN
1752 381 1942 439 ISAIA]

2049 382 2192 439 CAP.
2233 382 2296 437 11.
3632 409 3703 464 36

281 510 624 584 ἁμαρτωλὸς,
654 509 811 573 ἀλλά,
831 508 1052 581 Πλήρῆς
1072 504 1377 577 ἁμαρτιῶν,
1406 504 1547 556 οὕτω
1571 504 1663 554 καὶ
1691 497 1944 562 ἐνταῦθα,

295 610 696 676 Ἐνεπλήσθη.
728 602 860 661 Εἶτα
884 607 1047 662 πάλιν
1067 606 1349 659 ἐπιτείνων
1364 603 1423 655 τὸ
1450 601 1648 663 ϐνειδος
1672 597 1941 669 προσέθη-

281 728 396 772 κεν,
440 711 534 774 Ὠς
563 708 629 762 τὸ
663 708 763 762 ἀπ’
786 705 1000 775 ἀρχῆς.
1046 702 1389 771 Ἆπ“ιίρχῆς,
1432 700 1589 765 πότες
1636 698 1765 749 Ὀτε
1804 694 1937 747 Θεὸν

278 811 380 864 οὐκ
406 808 758 877 ἐγνώκεισαν,
787 807 874 859 ὅτε
894 806 1055 874 νόμον
1080 804 1179 856 οὐκ
1204 803 1535 871 εἰλήφεισαν,
1560 798 1649 850 ὅτε
1671 795 1767 864 τῆς
1793 793 1941 864 ειῖδερ⁴

279 908 471 976 γεσίας
494 904 656 959 αὑτοῦ
692 908 884 974 πεῖραν
915 904 1194 974 εἰληφότες
1226 902 1325 954 οὐκ
1351 896 1509 970 ἦσαν,
1536 897 1624 950 ὅτε
1670 892 1807 965 μετά
1831 891 1939 944 τῶν

279 1006 449 1059 ἐθνῶν
496 1005 654 1069 ἔζων,
707 1006 845 1071 ὅπερ
899 1002 1132 1073 ἐσχάτης
1177 1000 1570 1069 καταγνώσεως
1626 992 1714 1067 ἦν.
1774 992 1939 1064 μηδὲν

278 1106 501 1174 ἄμεινον
525 1104 824 1157 διακεῖσθαι
853 1103 966 1168 νῦν,
1003 1100 1140 1172 μετά
1166 1100 1264 1170 τὴν
1286 1100 1553 1171 τοσαύτην
1592 1100 1845 1171 πρόνοιάν
1880 1117 1939 1153 τε

280 1204 373 1255 καὶ
414 1205 751 1275 ἐπιμέλειαν,
794 1204 900 1257 τῶν
954 1202 1179 1274 μηδενὸς
1222 1202 1426 1255 τούτων
1472 1200 1938 1254 ἀπολελαυκότων.

282 1304 393 1357 Καὶ
410 1305 531 1357 οὐδὲ
561 1304 791 1358 ἐνταῦθα
819 1304 971 1371 ἔστη,
1014 1301 1149 1356 ἀλλά
1191 1301 1583 1370 καταπλήττων
1616 1301 1809 1364 αὐτοὺς
1837 1300 1941 1354 πά-

282 1402 367 1456 λιν
422 1402 806 1472 προστέθεικεν
831 1419 845 1433 ·
896 1400 1014 1473 [27]
1068 1401 1167 1466 Ὠς
1207 1400 1246 1466 ἠ
1291 1398 1411 1451 τῶν
1446 1398 1842 1466 ἀλλοφύλων·
1871 1401 1938 1469 τῇ

282 1503 568 1573 συγκρίσει
596 1502 691 1555 τοῦ
721 1502 1011 1573 προσώπου
1043 1500 1144 1570 τὴν
1182 1498 1515 1569 κατηγορίαν
1558 1497 1941 1568 χαλεπωτέραν

280 1602 472 1655 ποιῶν.
508 1603 573 1654 Ὀ
606 1602 697 1655 καὶ
725 1600 934 1663 Παῦλος
969 1597 1156 1652 εῐωθεν
1190 1597 1521 1667 ἐργάζεσθαι
1563 1596 1799 1665 συνεχῶς
1821 1611 1834 1625 ⁸
1864 1596 1940 1659 ὡς

280 1703 411 1755 ὅταν
444 1701 606 1772 λέγῃο
640 1701 777 1768 Περὶ
810 1700 877 1753 δὲ
901 1699 1020 1752 τῶν
1047 1698 1491 1766 κεκοιμημένων
1519 1699 1589 1750 οὐ
1615 1696 1765 1749 θέλω
1791 1695 1942 1764 ὑμᾶς

278 1803 541 1872 ἀγνοεῖν,
570 1802 837 1870 ἀδελφοὶ,
860 1799 1060 1868 ἵναμὴ
1093 1799 1393 1865 λυπῆσθε,
1418 1799 1496 1862 ὡς
1519 1798 1614 1850 καὶ
1657 1802 1710 1851 οι
1741 1799 1941 1851 λοιποί

280 1903 336 1955 οί
356 1900 443 1969 μὴ
473 1900 715 1966 ἔχοντες
742 1898 978 1951 ἐλπίδα·
1004 1897 1099 1950 καὶ
1122 1896 1283 1949 πάλιν
1302 1911 1316 1927 ο
1342 1895 1574 1950 Εἱδέναι
1600 1894 1858 1948 ἕκαστον
1874 1898 1940 1950 τὸ

280 1999 499 2055 ἑαυτοῦ
529 1997 752 2063 σκεῦος
777 1996 1028 2051 κτᾶσθαι
1056 1996 1126 2048 ἐν
1154 1994 1424 2063 ἁγιασμῷ
1448 1996 1547 2047 καὶ
1573 1995 1730 2064 τιμῇ.
1748 1996 1833 2063 μὴ
1865 1996 1939 2050 ἐν

279 2100 449 2154 πάθει
466 2097 797 2165 ἐπιθυμίας.
832 2096 939 2147 Kal
962 2096 1062 2147 οὐκ
1080 2092 1321 2164 ἠρκέσθη
1349 2094 1538 2164 τούτῳ,
1555 2095 1689 2147 ἀλλὰ
1714 2096 1940 2165 προστέ-

278 2206 426 2258 θεικε
456 2204 651 2271 λέγων,
676 2198 880 2263 Καθὼς
911 2199 1010 2252 καί
1049 2202 1121 2251 τὰ
1149 2198 1329 2252 λοιπὰ
1355 2200 1496 2266 ἔθνη
1538 2200 1608 2253 τὰ
1631 2201 1714 2269 μὴ
1744 2201 1940 2253 εἰδότα

274 2305 383 2358 τὸν
410 2305 578 2356 Θεόν.
612 2302 859 2354 Μάλιστα
883 2299 990 2368 γάρ
1010 2292 1162 2359 οὗτος
1192 2298 1219 2349 6
1239 2298 1393 2365 λόγος
1422 2298 1635 2350 δάκνειν
1662 2300 1817 2351 εἴωθε
1848 2301 1940 2352 καὶ

274 2406 403 2467 τοὺς
439 2403 643 2473 σφόδρα
672 2400 1150 2462 ἁναπεπτωκότας.
1193 2400 1252 2452 El
1278 2400 1335 2453 δέ
1377 2400 1615 2453 Ἰουδαῖοι
1655 2401 1825 2454 ταῦτα
1851 2402 1941 2469 ἐγ-

276 2504 587 2570 καλοῦνται,
634 2502 781 2564 τίνος
813 2499 879 2555 ἂν
911 2499 1169 2570 τύχοιμεν
1211 2499 1540 2572 συγγνώμης
1566 2502 1748 2571 ἡμεῖς,
1783 2502 1942 2563 ποίας

276 2601 594 2670 ἀπολογίας,
628 2602 677 2653 οί
703 2599 841 2670 μετὰ
872 2598 1035 2669 χάριν
1060 2597 1351 2667 τοσαύτην,
1395 2600 1489 2651 καὶ
1513 2598 1679 2669 τιμὴν
1710 2598 1936 2665 ἄφατον,

277 2702 371 2753 καὶ
403 2700 502 2763 τὰς
553 2698 851 2759 ἀθανάτους
886 2696 1124 2759 ἐλπίδας,
1178 2695 1314 2764 πρὸς
1357 2694 1455 2767 τὴν
1492 2696 1660 2767 αὐτὴν
1713 2697 1940 2761 ἐκείνοις

276 2799 712 2860 καταπίπτοντες
748 2796 969 2863 πενίαν;
1010 2796 1121 2850 Kal
1168 2797 1276 2867 γὰρ
1325 2796 1508 2849 πολλοὶ
1538 2797 1634 2850 καὶ
1678 2798 1774 2853 νῦν
1833 2800 1940 2853 είσι

276 2898 353 2967 τῷ
382 2896 649 2965 νοσήματι
680 2893 1007 2963 κεχρημένοι
1029 2891 1221 2962 τούτῳ,
1246 2893 1451 2946 καὶτὸν
1480 2894 1686 2947 ἑαυτῶν
1708 2895 1943 2964 διαφθεί-

282 3011 467 3064 ροντες
505 2993 639 3062 βίον,
664 2993 714 3046 οἳ
738 2995 805 3062 τῇ
828 2991 934 3045 τῶν
966 2992 1235 3062 κλῃδόνων
1265 2992 1456 3063 ἀλογίᾳ
1489 2994 1785 3058 ἐκδιδόντες
1815 2998 1941 3051 ἐαυ⁹

275 3098 421 3159 τοὺς,
449 3094 587 3165 μετά
612 3091 707 3145 τοῦ
726 3091 804 3161 τῷ
820 3090 939 3161 Θεῷ
970 3090 1352 3161 προσκρούειν,
1382 3093 1639 3162 περιττὰς
1668 3095 1941 3165 καρποῦν-

276 3212 367 3248 ται
401 3195 599 3257 λύπας,
645 3193 740 3245 καὶ
772 3191 910 3262 πρὸς
939 3191 1066 3253 τοὺς
1104 3191 1245 3260 ὑπὲρ
1278 3190 1378 3259 τῆς
1415 3192 1614 3263 ἀρετῆς
1660 3194 1941 3248 ἐκλύονται

278 3295 496 3356 πόνους.
546 3293 658 3345 Kal
718 3292 825 3362 γὰρ
864 3291 1193 3344 ἐσπούδακεν
1236 3292 1264 3343 6
1309 3290 1553 3354 διάϐολος
1591 3293 1682 3346 διὰ
1726 3295 1942 3349 πάντων

278 3397 439 3451 τοῦτο
472 3397 655 3447 πεῖσαι
679 3405 704 3434 ει
733 3392 860 3454 τοὺς
892 3393 1295 3462 ἀνοητοτέρους,
1323 3393 1403 3444 ὅτι
1429 3393 1527 3445 οὐκ
1553 3393 1638 3446 ἐπ’
1668 3394 1851 3459 αὐτοῖς
1875 3396 1944 3449 τὰ

281 3501 375 3569 τῆς
410 3497 613 3568 ἀρετῆς
667 3494 761 3547 καὶ
798 3492 869 3546 τά
908 3494 1008 3563 τῆς
1059 3492 1275 3558 κακίας,
1326 3493 1445 3546 οὐδὲ
1497 3493 1779 3566 ἐλευθερίᾳ
1835 3498 1944 3549 τινὶ

279 3593 657 3668 προαιρέσεώς
676 3595 782 3646 είσι
809 3593 1181 3663 τετιμημένοι,
1212 3590 1376 3646 δύοδὲ
1401 3590 1573 3646 ταῦτα
1597 3593 1664 3646 τά
1691 3594 1943 3663 αίσχιστα

282 3694 627 3765 κατορθῶσαι
687 3692 1030 3763 βουλόμενος,
1070 3692 1165 3745 καὶ
1220 3692 1347 3754 τοὺς
1405 3692 1543 3761 ύπέρ
1594 3693 1693 3762 τῆς
1742 3693 1942 3763 ἀρετῆς

283 3795 509 3848 ἐκλῦσαι
548 3794 763 3855 πόνους,
812 3792 908 3845 καὶ
947 3791 1009 3843 τὸ
1056 3790 1309 3861 μέγιστον
1344 3792 1443 3860 τῆς
1486 3790 1798 3863 ἐλευθερίας
1840 3793 1945 3862 ἀφ-

282 3894 499 3947 ελέσθαι
520 3892 713 3962 δῶρον.
735 3889 906 3943 Τοῦτο
929 3888 1017 3942 διά
1043 3888 1333 3960 κληδόνων,
1356 3887 1512 3941 τοῦτο
1526 3888 1613 3942 διά
1637 3889 1942 3961 συμϐόλων,

280 3993 441 4047 τοῦτο
485 3990 574 4044 διὰ
608 3989 1039 4061 παρατηρήσεως
1072 3986 1314 4058 ήμερῶν,
1342 3985 1499 4039 τοῦτο
1533 3986 1622 4041 διὰ
1655 3988 1748 4041 τοῦ
1779 4006 1944 4060 ποινηο

288 4094 379 4167 ροῦ
408 4094 503 4163 τῆς
535 4090 873 4161 εἱμαρμένης
901 4088 1189 4159 δόγματος,
1217 4087 1374 4140 τοῦτο
1402 4088 1471 4141 δι’
1497 4088 1696 4157 ἐτέρων
1732 4088 1943 4142 πολλῶν

284 4199 364 4259 εἰς
401 4195 494 4247 τὸν
525 4191 637 4261 βίον
668 4191 932 4259 εἰσήγαγε
968 4189 1029 4241 τὸ
1070 4189 1303 4258 χαλεπὸν
1350 4189 1584 4259 νόσημα,
1630 4189 1807 4242 πάντα
1832 4190 1944 4243 ἄνω

284 4295 379 4346 καὶ
406 4292 556 4346 κάτω
581 4290 769 4341 ποιῶν.
800 4289 879 4339 Δι’
909 4288 937 4340 6
962 4286 1027 4356 δὴ
1058 4287 1153 4340 καὶ
1184 4288 1213 4340 6
1246 4289 1531 4359 προφήτης
1553 4287 1799 4359 σφοδρῶς
1815 4288 1944 4360 ἐστη

285 4390 629 4460 κατηγορῶν,
676 4387 817 4439 ῶστε
848 4386 1145 4456 πρόρριζον
1170 4386 1480 4439 ἀνασπάσαι
1510 4386 1570 4439 τὸ
1598 4386 1788 4450 πάθος.
1836 4390 1944 4443 Kal

283 4486 466 4539 τέκνα
493 4483 693 4536 πολλὰ
713 4483 1034 4551 ἀλλόφυλα
1062 4480 1350 4549 ἐγεννήθη
1373 4481 1592 4548 αὐτοῖς.
1652 4502 1655 4505 ·

354 4582 418 4649 ζ’.
443 4583 509 4636 Τί
540 4584 678 4645 ἐστι,
707 4580 892 4634 Τέκνα
920 4580 1239 4648 ἀλλόφυλα
1266 4597 1285 4644 ;
1316 4582 1497 4651 Νόμος
1523 4577 1589 4653 ἦν
1611 4583 1790 4646 αὐτοῖς
1812 4582 1949 4637 ἀνω-

285 4685 377 4737 θεν
402 4684 653 4751 κείμενος
675 4682 762 4735 διά
790 4680 850 4735 τὸ
880 4681 978 4751 τῆς
1004 4680 1228 4749 γνώμης
1260 4682 1286 4720 b
1319 4681 1609 4745 εὐόλισθον,
1636 4683 1729 4735 καὶ
1758 4683 1819 4735 τὸ
1847 4682 1947 4751 τῆς

283 4781 520 4843 διανοίας
555 4780 979 4849 εὐεξαπάτητοι),
1028 4780 1215 4849 μηδενὶ
1255 4780 1365 4832 τῶν
1403 4780 1603 4833 λοιπῶν
1649 4779 1948 4851 ἀνθρώπων

285 4877 695 4948 ἐπιμίγνυσθαι,
730 4876 871 4929 ὥστε
921 4876 996 4946 μὴ
1037 4876 1294 4940 τοιαύτας
1336 4877 1654 4946 συγγενείας
1692 4878 1947 4941 ἀσεϐείας

286 4976 542 5030 ὑπόθεσιν
568 4974 837 5042 γενέσθαι.
880 4975 1099 5045 Ἐπειδὴ
1119 4975 1227 5046 γάρ
1258 4977 1318 5029 ού
1349 4978 1507 5046 μόνον
1544 4977 1763 5047 ἐτέρους
1807 4978 1947 5048 διορ-

287 5077 459 5129 θῶσαι
488 5076 589 5128 οὐκ
642 5077 843 5145 ῐσχυον,
890 5074 1003 5129 ἀλλ’
1037 5075 1156 5128 οὐδὲ
1198 5076 1296 5146 τὴν
1336 5078 1466 5147 παρ’
1507 5077 1706 5146 ἐτέρων
1746 5073 1848 5129 οἷοί
1888 5094 1947 5130 τε

284 5172 426 5247 ἦσαν
479 5174 864 5245 διακρούεσθαι
893 5173 1119 5243 βλάϐην,
1148 5174 1225 5245 τῷ
1268 5175 1417 5245 νόμῳ
1446 5176 1689 5245 τειχίσας
1729 5176 1945 5239 αὐτοὺς,

286 5277 385 5328 καὶ
403 5275 502 5344 τῆς
529 5273 665 5346 πρὸς
697 5275 822 5338 τοὺς
847 5273 1068 5336 λοιποὺς
1095 5274 1374 5344 ἐπιμιξίας
1402 5275 1597 5337 αὐτοὺς
1614 5276 1945 5345 ἀποστήσας,

287 5376 409 5430 κατ’
454 5374 591 5427 ίδίαν
637 5374 830 5437 αὐτοὺς
864 5373 1093 5426 ἔπλαττε
1128 5372 1223 5425 καὶ
1274 5374 1600 5445 ἐῤῥύθμιζεν
1621 5393 1634 5406 ·
1668 5374 1947 5445 ἀγαπητὸν

291 5461 397 5531 γὰρ
430 5457 499 5531 ἦν
534 5462 628 5513 xal
650 5460 822 5523 οὕτως
850 5460 1150 5530 ἀγομένους
1175 5460 1465 5531 δυνηθῆναι
1491 5463 1811 5532 διατηρῆσαι
1854 5461 1949 5531 τὴν

289 5560 441 5629 ’παρά
472 5559 567 5613 τοῦ
597 5560 731 5613 Θεοῦ
749 5560 1037 5632 δεδομένην
1065 5560 1340 5613 πολιτείαν
1357 5562 1557 5624 αὐτοῖς.
1596 5562 1732 5615 Ἀλλ’
1761 5560 1949 5631 ῶσπερ

352 5732 376 5757 ⁸
402 5730 639 5794 εανίιηρι
667 5733 790 5794 Reg.
830 5734 907 5781 διὰ
940 5733 1129 5780 πάντων
1174 5730 1316 5794 τοῦτο
1354 5732 1536 5794 πεῖσαι,
1587 5733 1765 5794 melius
1807 5744 1949 5794 qgam

290 5789 464 5855 Morel.
489 5800 541 5855 erl.
564 5789 840 5855 Bavarfqui
863 5794 1005 5842 habe!
1029 5793 1419 5855 τούτωνᾉπεῖσαι.
1462 5792 1581 5841 Infra
1611 5793 1693 5839 δύο
1716 5795 1764 5840 δὲ
1785 5789 1947 5855 ταῦτα.

291 5853 497 5963 Λίξεὲε
517 5853 786 5962 gggndum'
804 5862 940 5917 putat.
965 5856 1048 5903 δύο
1072 5856 1129 5911 δὴ
1152 5853 1315 5902 ταῦτα.
1347 5853 1469 5903 Infra
1500 5856 1575 5903 διὰ
1596 5855 1861 5915 συμϐόλων,
1903 5854 1950 5904 Id

296 5927 349 5957 “5
378 5950 389 5963 1
473 5928 496 5959 r
581 5928 696 5963 mm.

296 5927 389 5967 est,
410 5927 496 6021 rer
520 5927 696 5963 omnm.

303 6042 309 6049 .
356 5976 379 6011 ιι
429 5977 525 6031 (mg.
559 5984 609 6025 el
649 5978 795 6025 Savil.
828 5983 908 6035 τῆς
926 5978 1159 6038 γνώσεως.

2052 498 2152 560 τὰς
2204 497 2369 559 ἄλλας
2417 498 2745 567 παρέϐαινον
2791 499 3028 567 ἐντολὰς,
3059 502 3200 553 οὓτω
3242 501 3308 572 δὴ
3358 502 3450 555 καὶ
3497 503 3701 571 ταύτης

2054 584 2417 653 ὑπεριδόντες,
2475 585 2779 655 μετέϐησαν
2802 588 2937 656 πρὸς
2980 588 3081 651 τὰς
3123 590 3231 641 τῶν
3282 589 3509 658 πλησίον
3553 591 3705 660 ἀγχι-

2050 683 2253 745 στείας,
2289 683 2381 735 καὶ
2400 684 2615 753 νύμφας
2636 686 2842 739 ἐκεῖθεν
2866 687 3119 757 ἀγόμενοι
3145 698 3168 724 ο
3203 688 3355 758 παρά
3376 688 3702 751 Μωαϐιτῶν,

2032 791 2163 864 ’[28]
2195 795 2347 865 παρά
2388 796 2771 867 Ἀμμανητῶν,
2820 798 2949 869 παρ’
3006 798 3207 868 ἐτέρων
3249 798 3459 853 ἀσεϐῶν
3510 798 3703 862 ἐθνῶν,

2049 893 2273 958 καὶτὰς
2324 895 2487 958 ἄλλας
2540 895 2905 966 ἀσπαζόμενοι
2960 898 3296 966 συγγενείας,
3354 898 3704 961 διδασκάλους

2049 993 2310 1065 πονηρίας
2330 994 2589 1065 ἐδέχοντο,
2607 995 2699 1048 καὶ
2717 996 2776 1048 τὸ
2797 997 2894 1065 τῆς
2914 998 3188 1065 εὐγενείας
3205 998 3461 1067 ἀκέραιον
3477 996 3707 1066 διέφθειο

2049 1109 2160 1161 ρον.
2194 1092 2236 1145 Τ
2240 1094 2365 1146 οῦτο
2397 1094 2573 1147 τοίνυν
2601 1096 2738 1164 μετά
2762 1095 2868 1147 τῶν
2894 1096 3068 1149 ἄλλων
3097 1096 3125 1147 6
3156 1098 3440 1167 προφήτης
3462 1096 3700 1164 ἐγκαλεῖ.

2060 1194 2433 1264 Ἐνεπλήσθη
2452 1197 2560 1265 τὰρ
2593 1198 2631 1265 ἠ
2655 1196 2811 1265 χώρα
2831 1197 3049 1260 αὐτῶν,
3091 1201 3273 1269 φησὶν,
3307 1199 3588 1268 ἀργυρίου
3605 1198 3703 1252 καὶ

2048 1293 2325 1360 χρυσίου,
2352 1294 2449 1347 καί
2477 1298 2587 1348 οὐκ
2616 1296 2696 1363 ἧν
2724 1297 2967 1365 ἀριθμὸς
2996 1296 3115 1350 τῶν
3134 1299 3450 1364 θησαυρῶν
3484 1296 3701 1350 αὐτῶν.

2047 1389 2151 1442 Καὶ
2166 1390 2509 1460 ἐνεπλήσθη
2527 1394 2564 1459 ἠ
2582 1392 2657 1462 γῆ
2673 1393 2870 1447 αὐτῶν
2890 1396 3107 1458 ἵππων,
3120 1394 3218 1448 καί
3234 1396 3344 1447 οὐκ
3365 1391 3443 1463 ἦν
3462 1393 3706 1462 ἀριθμὸς

2047 1486 2167 1542 τῶν
2199 1489 2471 1558 ἁρμάτων
2512 1491 2727 1545 αὐτῶν.
2762 1493 2871 1546 Kal
2898 1496 3048 1546 ποῖον
3085 1493 3335 1564 ἔγκλημα
3361 1492 3537 1553 τοῦτο,
3577 1493 3706 1553 ῐσως

2048 1584 2189 1638 είποι
2211 1604 2293 1650 τις
2315 1588 2400 1654 ἂν,
2425 1590 2483 1641 τὸ
2510 1591 2767 1660 χρήματα
2805 1590 2969 1660 ἐχειν,
3006 1591 3100 1642 καὶ
3140 1592 3337 1653 ἵππους
3381 1588 3703 1657 κεκτῆσθαι,

2048 1691 2143 1743 καὶ
2175 1692 2406 1760 μάλιστα
2436 1694 2527 1745 ἐπὶ
2552 1695 2651 1763 τῆς
2684 1696 2876 1762 γενεᾶς
2896 1694 3131 1765 ἐκείνης,
3179 1695 3266 1747 ὅτε
3300 1696 3359 1747 οὐ
3406 1693 3574 1764 πολλή
3613 1710 3706 1762 φι-

2048 1792 2298 1861 λοσοφίας
2337 1790 2403 1864 ἦν
2440 1795 2728 1866 ἁκρίϐεια;
2758 1796 2822 1848 Τί
2850 1792 2941 1849 οὖν
2970 1796 3035 1850 ἂν
3060 1798 3305 1865 εἴποιμεν
3327 1814 3341 1860 ;
3365 1796 3487 1847 Ὀτι
3519 1795 3580 1846 οὑ
3607 1794 3707 1866 τὴν

2048 1894 2241 1963 χρῆσιν
2293 1895 2587 1959 διέϐαλλεν,
2637 1896 2769 1950 ἀλλά
2812 1895 2908 1967 τὴν
2952 1895 3174 1967 γνώμην
3211 1896 3309 1965 τὴν
3342 1895 3439 1947 οὐκ
3481 1896 3558 1956 είς
3590 1893 3707 1946 δέον

2047 1997 2229 2061 αὐτοῖς
2260 1999 2619 2070 κεχρημένην.
2661 2001 2870 2070 Ὠσπερ
2921 2000 3029 2069 γὰρ
3085 2000 3211 2052 ὅταν
3258 1999 3410 2067 λέγῃ,
3459 1996 3599 2050 Οὐαί
3652 2000 3706 2050 οι

2048 2097 2381 2165 ἰσχύοντες,
2414 2098 2473 2150 ού
2507 2100 2603 2168 τὴν
2645 2099 2960 2152 δυναστείαν
2994 2100 3253 2159 αἰτιᾶται,
3282 2096 3415 2150 ἀλλὰ
3450 2098 3575 2157 τοὺς
3608 2112 3707 2148 κα-

2046 2196 2157 2257 κῶς
2188 2199 2254 2266 τῇ
2284 2197 2565 2265 δυναστεία
2597 2198 2997 2267 κεχρημένους·
3045 2196 3186 2249 οὕτω
3224 2196 3288 2267 δὴ
3326 2197 3417 2249 καὶ
3452 2195 3706 2258 ἐνταῦθα,

2046 2292 2142 2362 οὐχ
2179 2295 2259 2347 ὅτι
2292 2297 2548 2365 χρήματα
2581 2296 2891 2365 ἐκέκτηντο,
2937 2296 3052 2349 ἀλλ’
3090 2297 3171 2348 ὅτι
3214 2296 3351 2365 μετά
3386 2296 3582 2366 πολλῆς
3612 2297 3707 2367 τῆς

2047 2394 2382 2464 περιουσίας,
2434 2394 2526 2446 καὶ
2578 2394 2717 2463 ὑπὲρ
2760 2394 2863 2465 τὴν
2919 2396 3106 2464 χρείαν
3157 2396 3407 2465 συνῆγον.
3448 2397 3568 2447 Οὐκ
3606 2390 3706 2462 ἦν,

2046 2492 2230 2562 φησὶν,
2264 2493 2509 2561 ἀριθμὸς
2535 2492 2656 2545 τῶν
2702 2493 3020 2560 θησαυρῶν
3051 2494 3267 2547 αὐτῶν.
3316 2495 3425 2546 Kal
3453 2495 3512 2546 οὐ
3549 2493 3707 2545 τοῦτο

2049 2592 2229 2663 μόνον,
2273 2592 2390 2646 ἀλλ’
2440 2594 2521 2647 δτι
2559 2593 2931 2663 πεφυσημένοι
2978 2592 3056 2663 τῷ
3101 2593 3315 2663 πλούτῳ
3351 2595 3442 2646 καὶ
3479 2596 3545 2665 τῇ
3597 2594 3707 2646 τῶν

2046 2692 2229 2745 ἵππων
2272 2693 2559 2763 δυναστείᾳ
2603 2692 2745 2746 κατὰ
2794 2692 2987 2763 μικρὸν
3048 2693 3156 2745 ἀπὸ
3196 2694 3295 2763 τῆς
3337 2694 3415 2757 είς
3456 2694 3547 2745 τὸν
3574 2693 3708 2746 Θεὸν

2046 2791 2260 2857 ἐλπίδος
2300 2793 2690 2866 παρεσύροντο,
2714 2793 2744 2847 6
2772 2795 2864 2847 καὶ
2901 2793 3131 2864 ἀλλαχοῦ
3163 2795 3343 2858 αὐτοῖς
3370 2796 3399 2846 6
3424 2797 3708 2866 προφήτης

2046 2893 2256 2963 ἐλεγενο
2297 2896 2439 2950 Οὐαί
2474 2898 2526 2949 οι
2554 2896 2902 2962 πεποιθότες
2934 2896 3031 2948 ἐπὶ
3077 2896 3152 2965 τῇ
3190 2896 3436 2965 δυνάμει
3486 2897 3706 2962 αὐτῶν,

2046 2995 2145 3048 καί
2176 2995 2274 3049 ἐπὶ
2307 2994 2387 3061 τῷ
2420 2994 2634 3062 πλήθει
2668 2996 2774 3051 τοῦ
2800 2997 3065 3051 πλούτου
3095 2998 3297 3050 αὐτῶν
3331 2997 3705 3066 ἐγκαυχώμε-

2045 3106 2159 3144 νοι.
2194 3091 2302 3143 Kal
2332 3091 2491 3145 πάλιν
2533 3092 2790 3163 ἐτέρωθι’
2850 3094 2934 3147 Οὐ
2985 3091 3225 3153 σώζεται
3263 3093 3563 3159 ,ϐασιλεὺς
3611 3094 3708 3147 διὰ

2044 3191 2286 3261 πολλὴν
2315 3194 2588 3263 δύναμιν,
2613 3193 2710 3246 καί
2738 3193 2910 3261 γίγας
2935 3194 3007 3246 οὐ
3034 3192 3368 3258 σωθήσεται
3396 3193 3466 3245 ἐν
3493 3194 3707 3259 πλήθει

2050 3297 2262 3365 ἰσχύος
2296 3294 2500 3349 αὐτοῦ.
2543 3293 2654 3348 Kal
2673 3296 2730 3347 ἐν
2761 3294 2930 3364 ἐτέρῳ
2975 3293 3032 3345 δὲ
3066 3292 3226 3347 πάλιν
3271 3292 3469 3363 ψαλμῷ
3513 3311 3705 3363 φησιν’

2043 3398 2163 3449 Οὐκ
2199 3395 2268 3448 ἐν
2304 3393 2377 3463 τῇ
2404 3394 2723 3461 δυναστείᾳ
2766 3394 2872 3447 τοῦ
2918 3394 3107 3446 ἵππου
3157 3392 3421 3457 θελήσει.
3469 3395 3607 3447 οὔτε
3641 3395 3711 3447 ἐν

2049 3499 2177 3563 ταῖς
2214 3498 2467 3567 κνήμαις
2502 3497 2608 3551 τοῦ
2636 3497 2852 3564 ἀνδρὸς
2882 3495 3133 3551 εὐδοκεῖ.
3180 3494 3467 3548 Εὑδοιιεῖ(Ι
3499 3498 3712 3566 Κίριος

2048 3596 2146 3648 ἐπὶ
2178 3596 2320 3662 τοὺς
2362 3597 2769 3665 φοϐουμένους
2808 3596 3013 3648 αὐτόν.
3054 3593 3161 3647 Καὶ
3187 3593 3535 3662 ἐνεπλήσθη
3568 3597 3605 3663 η
3634 3598 3712 3665 γῆ

2044 3695 2479 3764 βδελυγμάτων
2527 3692 2647 3747 τῶν
2696 3695 2885 3762 ἔργων
2930 3691 3049 3745 τῶν
3092 3692 3305 3761 χειρῶν
3357 3692 3574 3758 αὐτῶν,
3612 3697 3711 3749 καὶ

2051 3796 2519 3864 προσεκύνησαν
2568 3787 2660 3858 οἷς
2706 3792 3001 3861 ἐποίησαν
3045 3795 3100 3846 οι
3144 3792 3429 3847 δάκτυλοι
3493 3793 3711 3848 αὐτῶν.

2052 3895 2261 3966 Ὠσπερ
2302 3895 2462 3964 σοφὸς
2492 3893 2693 3965 ίατρὸς,
2734 3895 2763 3947 6
2810 3893 3093 3963 προφήτης
3134 3892 3226 3944 τοῦ
3265 3893 3571 3962 νοσήματος
3615 3894 3717 3963 τὴν

2050 3994 2227 4048 αἰτίαν
2260 3993 2426 4062 λέγει,
2452 3993 2544 4046 καὶ
2570 3993 2669 4063 τὴν
2694 3990 2874 4061 πηγὴν
2902 3990 2995 4044 τοῦ
3009 3991 3332 4061 νοσήματος.
3362 3991 3584 4044 Μέλλων
3605 3992 3716 4063 γὰρ

2053 4094 2371 4163 κατηγορεῖν
2416 4090 2593 4144 αὐτῶν
2638 4090 2736 4160 τὴν
2781 4088 3056 4153 ἀσέϐειαν,
3114 4088 3403 4163 προλαϐὼν
3448 4083 3567 4141 εἷπε
3614 4093 3715 4153 τὰς

2052 4190 2305 4262 ἀφορμὰς
2342 4190 2442 4260 τῆς
2490 4189 2820 4260 ἀρρωστίας,
2872 4187 3257 4261 φιλαργυρίαν,
3298 4189 3574 4253 ἀπόνοιαν,
3615 4189 3714 4250 τὰς

2051 4290 2113 4341 οὑ
2153 4288 2531 4360 προσηκούσας
2578 4287 2879 4359 ἐπιμιξίας,
2932 4287 3108 4357 δηλῶν
3160 4288 3241 4341 ὃτι
3290 4286 3536 4340 ἐντεῦθεν
3571 4288 3716 4345 κατά

2055 4388 2247 4459 μικρὸν
2275 4388 2738 4457 ύπεσκελίσθησαν
2770 4388 2850 4449 είς
2889 4386 2949 4439 τὸ
2982 4386 3081 4453 τῆς
3115 4386 3387 4446 ἀπωλείας
3418 4384 3712 4454 βάραθρον,

2054 4488 2149 4541 καὶ
2193 4486 2384 4541 εἴδωλα
2434 4486 2863 4557 προσεκύνησαν.
2900 4479 3031 4539 Εἶτα
3076 4483 3354 4553 κωμῳδῶν
3396 4483 3574 4536 αὐτῶν
3615 4484 3714 4553 τὴν

2052 4587 2364 4659 θρησκείαν,
2395 4588 2661 4654 ἐπήγαγε,
2704 4585 2824 4637 Τῶν
2863 4585 3051 4653 ἔργων
3083 4583 3201 4637 τῶν
3232 4582 3447 4650 χειρῶν
3493 4580 3709 4637 αὐτῶν.

2054 4688 2118 4741 Τί
2160 4688 2267 4758 γάρ
2302 4688 2366 4740 ἂν
2404 4686 2612 4754 γένοιτο
2652 4683 3181 4753 καταγελαστότερον
3226 4682 3373 4744 ἄλλο,
3410 4681 3445 4751 ἦ
3468 4681 3593 4732 ὅταν
3622 4681 3713 4733 ἄν-

2054 4790 2268 4862 θρωπος
2288 4788 2613 4859 δημιουργὸς
2696 4786 2817 4839 θεοῦ
2837 4804 2851 4852 ;
2873 4785 3153 4854 Βδέλυγμα
3181 4783 3236 4834 δὲ
3260 4781 3447 4833 εἴωθεν
3472 4781 3715 4853 ήΓραφὴ

2055 4891 2238 4944 καλεῖν
2281 4888 2348 4941 τά
2376 4889 2601 4943 εῖδωλα’
2635 4886 2883 4940 ἐντεῦθεν
2927 4887 3020 4939 καὶ
3060 4884 3334 4953 βδέλυγμα
3383 4879 3715 4951 ἐρημώσεως

2054 4992 2267 5059 λέγεται
2291 4992 2319 5044 6
2337 4990 2553 5061 ἀνδριὰς
2572 4991 2601 5042 6
2621 4990 2713 5040 ἐπὶ
2730 4988 2823 5039 τοῦ
2838 4986 2965 5040 ναοῦ
2987 4985 3177 5047 ἐστώς.
3203 4981 3508 5051 ’Ὄταντὰρ
3531 4981 3716 5047 ἴδητε,

2054 5090 2204 5159 φησὶ,
2233 5089 2300 5142 τὸ
2322 5089 2634 5156 βδέλυγμα
2672 5086 2781 5152 τῆς
2813 5083 3161 5152 ἐρημώσεως
3216 5079 3405 5145 ἑστὼς
3446 5079 3514 5131 ὲν
3557 5080 3720 5142 τόπῳ

2053 5190 2198 5258 ἁγίῳ
2228 5207 2241 5220 ·
2279 5192 2311 5243 ό
2344 5186 2772 5257 ἀναγινώσκων
2816 5184 3044 5238 νοείτω.
3112 5180 3325 5249 Ἐπειδὴ
3368 5177 3478 5249 γὰρ
3522 5177 3716 5241 αὐτοὺς

2054 5290 2305 5358 ἀπήγαγε
2337 5287 2429 5340 τοῦ
2457 5286 2591 5355 πρὸς
2622 5285 2691 5337 τὰ
2715 5282 2947 5353 αἰσθητά
2978 5282 3295 5348 ἐπτοῆσθαι,
3344 5280 3717 5349 ἀπηγόρευσεν

2054 5390 2232 5450 αὐτοῖς
2282 5388 2387 5440 πᾶν
2420 5386 2763 5454 ἐξεικόνισμα
2798 5384 3054 5453 ποιῆσαι·
3114 5383 3206 5434 καὶ
3254 5381 3528 5451 βδέλυγμα
3560 5375 3717 5427 τοῦτο

2055 5487 2299 5551 ἐκάλεσε,
2330 5485 2611 5558 πόρρωθεν
2632 5484 2826 5546 αὐτοὺς
2854 5481 3190 5535 ἀναστέλλων
3220 5481 3319 5549 τῆς
3342 5476 3593 5537 ἀσεϐείας
3616 5491 3629 5504 ·
3657 5475 3717 5525 τὸ

2054 5588 2161 5657 γὰρ
2202 5585 2574 5657 βδελύττεσθαι
2622 5585 2683 5637 τὸ
2726 5584 2843 5654 μεθ’
2872 5582 3175 5653 ὑπερϐολῆς
3210 5581 3325 5631 ἐστι
3390 5578 3587 5647 μισεῖν,
3636 5573 3711 5636 ὡς

2056 5687 2383 5756 ἀκάθαρτον,
2406 5685 2480 5747 ὡς
2511 5684 2718 5751 ἐναγές.
2769 5684 2843 5735 Τὸ
2876 5684 3052 5736 τοίνυν
3095 5680 3367 5751 βδέλυγμα
3400 5675 3461 5728 τὸ
3493 5672 3719 5744 μισητὸν

2122 5919 2141 5944 ε
2174 5916 2290 5973 Reg.
2320 5916 2369 5960 cl
2388 5906 2860 5973 Ξενὶίτάναγόμενοι.

2121 5976 2145 6013 ά
2170 5961 2288 6036 Reg.
2316 5972 2511 6021 εὐδοκιεῖ
2547 5972 2593 6018 in
2620 5961 2795 6027 fu'lu'ro,
2821 5965 2955 6027 quasi
2979 5962 3036 6012 ab
3066 5961 3309 6016 εύῦοκίζω.
