4044 6416
245 414 316 469 37
1544 408 1609 462 IN
1667 405 1912 472 lSAlAM,
1941 406 2090 462 CAP.
2136 407 2197 463 ΙΙ.
3422 417 3493 474 38

235 531 445 584 structo;
471 521 558 590 qui
586 521 702 591 legit
721 563 735 586 ,
766 520 1015 592 intelligat
1045 520 1257 593 (Matth.
1289 520 1377 573 24.
1411 520 1518 589 l5).
1544 521 1807 588 Quoniam

237 610 372 663 enim
394 610 537 678 ipsos
557 612 846 666 abduxerat
864 626 930 665 ne
950 611 1162 665 sensilia
1194 609 1600 674 admirarentur,
1630 609 1810 677 prohi-

233 700 346 754 buit
362 702 488 770 ipsis
506 717 572 756 ne
591 703 830 772 quamvis
850 703 1133 771 imaginem
1158 702 1418 763 facerent;
1438 702 1667 770 illudque
1689 701 1811 753 abo-

234 788 580 846 minationem
607 794 832 855 vocavit,
862 793 1045 861 procul
1076 793 1194 846 illos
1218 807 1443 847 avocans
1470 793 1536 844 ab
1566 803 1809 859 impieta-

231 888 283 932 te
310 879 540 951 (Dan.9.
561 882 678 952 27).
708 882 837 936 Nam
870 882 1166 936 abominari
1194 897 1352 949 supra
1387 881 1601 934 modum
1631 880 1807 933 odisse

229 981 343 1037 est,
395 974 545 1042 quasi
593 974 889 1043 impurum,
934 975 1084 1043 quasi
1135 972 1538 1025 exsecrandum.
1586 970 1806 1024 Abomi-

230 1061 409 1116 nabile
437 1063 612 1130 igitur,
657 1077 900 1130 perosum
929 1074 983 1115 et
1012 1065 1285 1115 aversione
1320 1062 1534 1128 dignum
1572 1060 1623 1112 in
1667 1059 1807 1112 Scri-

236 1160 383 1217 ptnra
414 1151 625 1205 dicitur.
662 1154 860 1206 Idolum
892 1162 1067 1207 autem
1098 1152 1317 1221 quodvis
1361 1150 1659 1219 lmjnsmodi
1701 1159 1800 1203 est.

232 1238 297 1291 Et
326 1241 657 1296 adorauerunt
681 1258 792 1311 qua:
817 1246 1040 1309 fecerunt
1065 1243 1209 1311 digiti
1229 1258 1419 1295 eorum.
1449 1240 1502 1293 9.
1527 1240 1593 1292 Et
1631 1240 1805 1291 incur-

225 1332 359 1382 pauit
406 1348 458 1385 se
496 1332 676 1395 homo,
706 1343 751 1385 et
792 1334 1085 1387 humiliatus
1113 1341 1186 1386 est
1225 1335 1318 1386 uir.
1350 1330 1803 1399 Quemadmodum

228 1422 369 1473 enim
401 1422 639 1475 adoratio
667 1424 754 1477 Dei
783 1424 1050 1477 hominem
1079 1425 1129 1476 in
1157 1424 1318 1475 altum
1347 1422 1545 1487 evehit,
1590 1422 1664 1473 sic
1708 1420 1804 1473 ad-

227 1510 398 1561 oratio
429 1527 610 1564 eorum
637 1513 886 1582 deprimit
914 1514 1212 1581 ilejicitque.
1234 1512 1367 1578 Quid
1391 1514 1527 1565 enim
1551 1511 1805 1579 abjectius

228 1596 445 1653 homine
466 1642 479 1662 ,
511 1602 598 1669 qui
640 1617 668 1655 a
694 1604 860 1655 salute
888 1603 1103 1665 decidit,
1138 1604 1608 1669 universorumque
1641 1602 1802 1654 Deum

228 1688 499 1743 inimicum
528 1691 625 1744 sibi
662 1691 927 1756 reddidit,
961 1691 1049 1761 qui
1082 1692 1381 1744 inauimatis
1417 1706 1474 1743 se
1514 1690 1793 1751 submittit,

226 1788 279 1830 et
311 1778 510 1845 lapides
536 1780 695 1833 colit?
719 1782 858 1834 Dens
875 1782 1071 1850 quippe
1103 1784 1152 1834 in
1184 1790 1382 1834 tantum
1416 1797 1511 1833 nos
1545 1781 1799 1834 honorem

226 1867 440 1932 evexit,
466 1877 521 1922 ut
544 1870 689 1923 caelis
713 1872 870 1924 etiam
901 1885 997 1925 nos
1023 1871 1359 1925 sublimiores
1384 1870 1662 1933 redderet;
1685 1871 1789 1923 dia-

222 1956 383 2012 bolus
403 1973 495 2013 eos
524 1961 610 2029 qui
643 1961 740 2015 sibi
771 1961 1200 2029 obsequebantur
1230 1962 1281 2013 in
1315 1970 1511 2013 tantam
1545 1960 1798 2013 vilitatem

224 2049 463 2116 deduxit,
493 2060 550 2106 ut
578 2052 916 2106 insensilibus
940 2052 1301 2107 insensiliores
1333 2051 1551 2104 faceret.
1580 2051 1704 2105 Ideo
1727 2051 1800 2104 ait

225 2140 479 2208 propheta
511 2157 525 2192 :
558 2139 864 2194 Humiliatus
901 2151 972 2195 est
1012 2142 1104 2194 vir.
1151 2139 1462 2195 Sufficiebat
1497 2149 1641 2194 certe
1685 2140 1798 2193 hinc

225 2233 490 2285 accusatio
519 2239 576 2286 ut
612 2242 788 2287 mente
818 2233 1095 2301 prmditum
1126 2233 1193 2286 ab
1222 2232 1322 2286 hoc
1351 2231 1537 2285 morbo
1562 2232 1795 2285 abduce-

225 2331 325 2373 ret.
355 2321 550 2375 Verum
595 2323 714 2391 quia
755 2323 994 2392 plerique
1023 2322 1265 2376 homines
1292 2337 1397 2375 non
1427 2329 1531 2375 tam
1582 2334 1795 2391 peccata

224 2426 380 2478 quam
412 2412 663 2479 supplicia
714 2411 1021 2476 formidant,
1051 2412 1139 2466 ille
1173 2412 1486 2480 supplicium
1533 2411 1793 2479 adjunxit,

222 2500 407 2554 dicens
439 2517 452 2553 :
502 2500 622 2555 Non
664 2502 913 2554 dimittam
941 2518 1044 2556 eos.
1077 2500 1189 2557 Non
1232 2501 1566 2567 condonabo,
1600 2501 1791 2570 inquit,

224 2604 329 2642 non
356 2590 640 2655 dimittam,
664 2606 768 2645 non
808 2590 1091 2659 negligam,
1117 2590 1211 2645 sed
1236 2590 1471 2645 rationes
1505 2604 1795 2660 poenasque

223 2691 460 2749 repetam
507 2682 789 2735 scelerum.
820 2682 905 2736 10.
940 2681 1007 2735 Et
1034 2698 1166 2734 nunc
1190 2680 1392 2735 introite
1438 2682 1491 2735 in
1523 2690 1715 2750 petras,
1748 2690 1794 2733 et

222 2772 584 2825 alrscoudimini
604 2775 656 2826 in
683 2782 813 2826 terra
835 2791 866 2826 a
893 2775 1024 2844 facie
1042 2774 1233 2827 timoris
1250 2771 1477 2827 Domini.
1507 2773 1793 2843 Postquam

222 2864 431 2917 illorum
451 2863 929 2935 insipientiam,qui
958 2864 1095 2919 idola
1120 2865 1363 2929 adorant,
1392 2867 1520 2920 satis
1539 2866 1789 2930 traduxit,

221 2961 268 3004 et
298 2966 327 3005 a
355 2952 514 3005 modo
540 2952 829 3009 fabricandi
854 2970 1038 3009 eorum
1073 2956 1355 3010 amentiam
1386 2955 1639 3013 ostendit.
1666 2972 1789 3010 nee-

221 3056 325 3096 non
353 3041 607 3097 idolorum
633 3044 1080 3110 imbecillitatem;
1102 3060 1284 3099 rursus
1307 3047 1479 3099 verbis
1496 3057 1788 3113 concertat,

218 3142 271 3188 et
291 3134 551 3190 dictorum
586 3136 979 3203 inquisitionem
1000 3152 1178 3190 rerum
1206 3138 1545 3205 experientiae
1570 3138 1789 3206 permit-

221 3228 300 3290 tit,
332 3226 508 3296 aitque
538 3244 551 3279 :
579 3225 886 3281 Sul'liciebat
909 3226 1035 3281 mihi
1065 3241 1159 3297 per
1180 3226 1279 3279 hoc
1309 3227 1477 3294 ipsum
1507 3226 1643 3295 quod
1678 3226 1791 3281 inec

219 3314 355 3369 facta
386 3323 509 3369 sunt
536 3316 601 3371 ab
628 3316 945 3381 hominibus,
980 3332 1165 3371 eorum
1193 3317 1280 3385 qui
1313 3316 1520 3385 decepti
1552 3326 1673 3370 sunt
1707 3318 1789 3371 in-

219 3406 515 3472 sipientiam
540 3408 871 3462 ostendisse:
897 3408 1016 3477 quia
1045 3422 1171 3461 vero
1192 3407 1459 3476 impietate
1485 3423 1582 3462 ceu
1615 3409 1791 3462 ebrie-

220 3504 327 3551 tate
353 3496 578 3566 quadam
602 3499 890 3567 aggravati,
922 3499 1061 3552 circa
1093 3512 1178 3551 res
1205 3499 1374 3552 claras
1399 3508 1451 3551 et
1482 3499 1790 3552 manifestas

208 3588 535 3651 .e'acutiunt,
566 3588 696 3641 tales
726 3589 908 3640 urbem
939 3589 1202 3657 excipient
1230 3590 1576 3651 calamitates,
1612 3600 1666 3642 ut
1707 3592 1787 3644 vel

204 3691 311 3731 eos
351 3677 442 3746 qui
484 3677 766 3731 admodum
814 3680 1009 3747 stupidi
1053 3690 1175 3733 sunt
1222 3679 1469 3744 doceant,
1496 3690 1690 3749 quanta
1723 3682 1791 3735 sit

220 3764 431 3819 illorum
460 3766 808 3829 imbecillitas,
835 3775 889 3820 et
924 3775 1119 3835 quanta
1148 3767 1240 3820 Dei
1268 3768 1522 3836 potentia.

288 3855 340 3909 8.
386 3854 583 3909 Idcirco
609 3866 886 3925 antequam
912 3857 981 3910 de
1006 3856 1144 3911 bello
1171 3857 1434 3926 loquatur,
1463 3873 1581 3927 quae
1606 3873 1671 3913 ex
1698 3860 1790 3913 illo

218 3954 603 4013 consequutura
630 3946 736 3999 sint
758 3948 950 4015 aperit,
982 3948 1292 4016 praecipiens
1315 3958 1371 4001 ut
1400 3949 1450 4002 in
1492 3960 1669 4018 petras
1705 3951 1755 4003 in
1774 3978 1788 3991 -

218 4036 540 4104 grediantnr,
586 4044 641 4089 et
674 4037 773 4089 sub
809 4036 922 4105 ipsa
964 4044 1104 4091 terra
1143 4037 1477 4102 delitescant,
1516 4053 1620 4091 non
1653 4047 1709 4092 ut
1737 4039 1788 4093 id

219 4135 394 4195 agant,
420 4125 513 4179 sed
537 4134 594 4179 ut
618 4126 739 4180 hinc
759 4127 1016 4191 ediscant,
1054 4143 1208 4197 quam
1239 4129 1561 4182 intoleranda
1605 4130 1674 4183 sit
1712 4130 1789 4183 ira

222 4216 312 4269 Dei
345 4226 465 4269 tunc
493 4215 615 4269 illos
657 4217 925 4272 invasura.
1008 4216 1140 4269 Nam
1168 4217 1241 4269 ait
1273 4234 1287 4269 :
1328 4216 1702 4270 Abscondimini
1737 4220 1790 4271 in

220 4316 351 4357 terra
385 4321 418 4356 a
451 4304 580 4375 facie
615 4306 807 4358 timoris
850 4304 1076 4370 Domini,
1108 4315 1155 4358 et
1198 4323 1230 4358 a
1273 4306 1435 4376 gloria
1480 4307 1790 4377 fortitudinis

219 4399 347 4466 ejus,
380 4412 492 4449 cum
518 4397 789 4451 surrexerit
807 4406 1065 4466 percutere
1092 4406 1295 4451 terram.
1325 4397 1441 4451 Non
1465 4399 1536 4452 ait
1560 4407 1788 4463 tantum,

221 4489 260 4539 A
292 4487 597 4541 fortitudine
633 4489 777 4554 ejus,
817 4487 933 4551 sed,
974 4488 1021 4541 A
1063 4488 1225 4558 gloria
1269 4490 1595 4557 fortitudinis.
1643 4490 1789 4544 Talia

222 4592 447 4647 namque
475 4587 599 4632 sunt
623 4580 735 4645 ejus
766 4578 1019 4647 praeclara
1048 4588 1216 4647 gesta,
1248 4580 1368 4633 talia
1397 4589 1615 4650 tropaea,
1654 4582 1788 4635 mul-

223 4675 329 4719 tum
361 4668 719 4735 splendorem,
745 4671 966 4722 multam
992 4669 1300 4737 dignitatem
1329 4685 1438 4738 pra:
1466 4686 1524 4725 se
1550 4671 1787 4725 ferentia.

223 4759 317 4815 Hic
346 4760 474 4814 mihi
500 4760 704 4814 videtur
733 4763 1003 4815 victoriam
1034 4763 1173 4814 illam
1216 4763 1511 4830 signiﬁcare
1550 4779 1668 4832 qua:
1694 4764 1792 4817 sub

223 4849 444 4905 Ezechia
474 4850 710 4918 contigit,
736 4859 929 4904 terram
962 4864 1158 4903 vocans
1198 4852 1583 4905 multitudinem
1617 4852 1789 4906 homi-

222 4960 367 5009 num,
396 4952 452 4997 et
492 4943 882 5011 percussionem
914 4942 1122 4995 illorum
1168 4945 1392 5007 ruinam,
1439 4945 1787 4997 resurrectio-

222 5050 340 5089 nem
370 5049 497 5089 vero
521 5033 635 5102 ejus
660 5048 929 5101 egressum
958 5033 1021 5085 ad
1048 5034 1421 5086 anxdiandum.
1452 5035 1793 5099 Quandoun

220 5125 340 5179 dem
366 5134 420 5179 et
451 5124 611 5177 David
636 5124 761 5177 dicit
790 5139 802 5174 :
838 5122 1090 5191 Exsurgat
1117 5122 1271 5186 Deus,
1297 5134 1341 5175 et
1369 5125 1673 5191 dissipentur
1697 5125 1795 5175 ini-

224 5216 338 5266 mici
367 5215 475 5283 ejus
503 5212 670 5284 (Psal.
704 5213 790 5265 67.
817 5212 914 5279 ‘2);
945 5227 1005 5265 ac
1037 5227 1217 5264 rursus
1250 5230 1262 5266 :
1297 5213 1477 5281 Surge,
1523 5214 1674 5274 Deus,
1703 5216 1795 5280 ju-

224 5303 335 5353 dica
362 5311 545 5353 terram
574 5300 743 5371 (Psal.
784 5301 871 5354 8i.
904 5300 994 5369 8);
1025 5301 1093 5353 ab
1124 5301 1365 5353 humanis
1393 5303 1556 5370 gestis
1593 5312 1648 5355 et
1678 5320 1793 5354 mo-

222 5391 301 5443 dis
327 5391 416 5443 Dei
444 5390 775 5457 Operationes
797 5390 1123 5458 exprimens.
1153 5390 1239 5444 ll.
1268 5391 1416 5443 Oculi
1437 5393 1566 5444 cnim
1590 5392 1794 5445 Domini

227 5481 477 5541 sublimes,
513 5481 661 5533 homo
700 5490 867 5533 autem
911 5481 1134 5533 humilis.
1185 5482 1382 5537 Deinde
1426 5500 1490 5538 ne
1533 5484 1791 5552 quispiam

226 5572 547 5625 audientium
570 5570 722 5624 dictis
750 5581 967 5642 negaret
990 5573 1143 5624 tidem
1188 5571 1388 5642 (multis
1426 5576 1566 5629 enim
1608 5586 1793 5630 contra

226 5678 369 5730 spem
400 5674 452 5718 et
478 5668 925 5731 eXSpectationem
956 5677 1069 5717 erat
1100 5664 1149 5717 id
1190 5667 1325 5732 quod
1359 5679 1668 5722 eventurum
1709 5668 1792 5721 di-

227 5753 419 5819 cebat),
436 5752 764 5826 confugiebat
784 5754 848 5807 ad
878 5755 1165 5823 potentiam
1184 5754 1414 5820 Opilicis,
1445 5768 1494 5811 et
1522 5760 1585 5811 ad
1609 5777 1787 5815 eorum

1919 536 2005 587 qm
2031 520 2363 588 patiebantur
2392 521 2821 578 imbecillitatem.
2854 522 3033 594 Neque
3059 525 3220 591 enim,
3248 527 3339 589 ait,
3375 527 3484 581 Deo

1916 621 1996 664 est
2016 610 2282 679 quidpiam
2311 611 2607 674 sublimius,
2640 629 2810 681 neque
2855 616 3153 669 hominibus
3194 616 3365 671 vilius.
3403 616 3480 671 Ne

1917 713 2043 767 ergo
2069 699 2297 763 dubites,
2330 714 2453 751 num
2482 701 2644 767 possit
2674 702 2761 754 ille
2789 718 3007 771 magnus
3033 713 3085 756 et
3112 702 3262 758 fortis
3314 707 3482 759 imbe-

1914 792 2064 844 cillos
2080 792 2155 845 sic
2176 793 2451 845 confestim
2471 793 2784 861 deprimere.
2812 796 2876 849 Et
2899 800 3136 865 apposite
3156 801 3303 859 dixit.
3333 801 3491 854 Oculi

1914 878 2118 931 Domini
2144 880 2396 934 sublimes.
2426 881 2537 934 Non
2567 882 2714 947 dixit,
2746 884 3005 949 Potentia,
3032 888 3146 951 sed,
3193 888 3341 941 Oculi
3369 889 3478 942 Do-

1911 970 2054 1031 mini,
2083 971 2229 1037 quasi
2259 970 2402 1022 solus
2428 983 2671 1038 aspectus
2695 974 2857 1038 possit
2882 976 3055 1027 omnia
3087 977 3186 1029 sibi
3216 980 3479 1033 reluctan-

1914 1060 1979 1110 tia
2014 1068 2348 1126 prosternere
2377 1076 2388 1111 :
2422 1060 2468 1112 id
2496 1060 2632 1128 quod
2662 1064 2819 1113 etiam
2861 1063 3018 1116 David
3062 1067 3181 1117 alibi
3224 1068 3426 1121 dicebat
3464 1088 3476 1121 :

1914 1148 2013 1212 Qui
2038 1151 2236 1217 respicit
2268 1162 2468 1212 terram,
2512 1162 2556 1202 et
2600 1154 2720 1221 facit
2761 1168 2869 1202 eam
2907 1163 3110 1207 tremere
3151 1154 3316 1227 (Psal.
3358 1160 3475 1214 105.

1909 1235 2033 1304 52);
2065 1246 2113 1290 ct
2142 1238 2276 1290 alius
2306 1238 2495 1291 iterum
2526 1242 2774 1306 propheta
2810 1258 2824 1294 :
2857 1242 3136 1309 Rcspiciam
3180 1247 3244 1296 ad
3273 1264 3403 1313 eum,
3432 1259 3478 1300 et

1911 1328 2186 1394 pra'valebo
2236 1329 2299 1381 ei.
2354 1327 2419 1380 Et
2466 1329 2813 1381 humiliabitur
2861 1331 3071 1385 altitudo
3115 1334 3387 1403 hominum,
3434 1350 3479 1392 ct

1908 1419 2208 1471 exaltabitur
2252 1418 2496 1471 Dominus
2539 1421 2676 1474 solus
2711 1422 2763 1473 in
2817 1423 2898 1475 die
2938 1424 3027 1476 illa
3078 1426 3227 1496 (Osee
3271 1430 3353 1482 Η.
3398 1433 3474 1498 4).

1907 1507 2195 1576 Conspecta
2227 1512 2367 1563 enim
2412 1510 2492 1562 illa
2527 1512 2791 1581 inopinata
2824 1514 3064 1579 victoria,
3112 1518 3316 1587 illisque
3350 1537 3475 1576 Con-

1908 1596 2101 1664 spicuis
2123 1598 2552 1667 admirandisque
2576 1601 2807 1669 tropaeis,
2831 1602 3098 1658 dzemones
3120 1607 3307 1663 devicti
3330 1624 3473 1680 sunt,

1909 1685 2044 1738 idola
2071 1685 2333 1742 dedecore
2359 1689 2565 1755 allecto,
2601 1692 3173 1760 pseudopmphetarum
3199 1715 3286 1751 ora
3317 1702 3474 1755 obtn.

1907 1786 2039 1840 rata,
2074 1775 2413 1831 barbarorum
2445 1781 2680 1848 tyrannis
2709 1782 2897 1845 soluta,
2949 1794 2999 1836 et
3036 1798 3094 1837 os
3126 1802 3300 1853 omne,
3332 1793 3471 1859 quod

1910 1866 2013 1919 Deo
2042 1868 2402 1933 aversabatur,
2436 1871 2766 1925 obstructum
2795 1882 2895 1927 est.
2940 1875 3061 1929 Ideo
3086 1880 3176 1943 ait,
3212 1879 3474 1937 Exultubi-

1906 1964 1986 2007 tur
2010 1954 2257 2011 Dominus
2282 1961 2439 2012 solus.
2471 1959 2657 2014 Nullus
2684 1964 2786 2015 erit
2809 1963 3058 2033 deinceps
3093 1969 3178 2035 qui
3205 1973 3469 2026 contradi-

1903 2056 2005 2107 cat,
2031 2063 2127 2101 nec
2151 2050 2235 2117 qui
2260 2050 2327 2104 de
2352 2050 2441 2103 Dei
2472 2052 2701 2117 potentia
2720 2052 2942 2114 dubitet,
2965 2070 3083 2107 cum
3108 2073 3282 2113 rerum
3301 2074 3474 2129 gesta.

1905 2153 2017 2190 rum
2034 2138 2415 2194 demonstratio
2436 2142 2827 2197 evidentissima
2851 2143 3024 2198 fuerit.
3044 2146 3251 2201 Natura:
3277 2153 3470 2220 quippe

1901 2225 2092 2281 divina:
2117 2229 2371 2283 celsitudo
2404 2241 2651 2300 perpetua
2679 2241 2778 2293 est,
2825 2249 2888 2287 ac
2918 2251 3201 2305 numquam
3232 2239 3467 2309 incmpit,

1900 2318 1992 2371 sed
2019 2332 2228 2388 semper
2253 2330 2363 2385 est;
2395 2322 2618 2376 exaltari
2644 2333 2821 2377 autem
2856 2323 3048 2378 dicitur
3076 2327 3126 2379 in
3172 2340 3344 2383 mente
3374 2331 3467 2383 ho-

1900 2412 2120 2476 minmn,
2153 2413 2362 2483 quando
2392 2416 2423 2467 ii
2455 2416 2542 2484 qui
2570 2415 3001 2469 contradicebant
3043 2428 3096 2470 et
3139 2420 3466 2475 reluctaban-

1903 2511 2005 2564 tur,
2034 2501 2144 2570 ipsa
2178 2519 2356 2556 rerum
2380 2502 2831 2558 demonstratione
2854 2506 3128 2568 suadente,
3161 2509 3373 2577 cedunt,
3404 2527 3464 2566 ac

1896 2599 2279 2658 competentem
2321 2591 2736 2647 benedictionem
2767 2592 3020 2647 referunt.
3053 2595 3135 2647 12.
3180 2596 3296 2650 Dies
3334 2601 3463 2651 enini

1898 2678 2100 2733 Domini
2130 2679 2355 2735 Sabaoth
2381 2682 2577 2736 advenit
2600 2700 2748 2752 super
2768 2700 2959 2736 onmem
2986 2688 3393 2740 contumeliosum
3415 2700 3462 2741 ct

1895 2772 2182 2838 superbum,
2205 2782 2250 2825 et
2277 2789 2425 2843 super
2449 2789 2641 2826 omnem
2660 2774 2906 2827 excelsum
2931 2784 2975 2827 et
3000 2775 3276 2845 sublimem,
3299 2786 3345 2830 et
3372 2780 3468 2830 hu-

1898 2860 2238 2916 miliabuntur.
2266 2863 2352 2917 15.
2384 2862 2451 2916 Et
2480 2880 2632 2933 super
2652 2880 2846 2917 omnem
2870 2865 3076 2918 cedrum
3104 2866 3283 2921 Libani
3309 2874 3465 2923 eat-rl-

1896 2966 2003 3003 sam
2032 2962 2076 3003 et
2102 2951 2382 3017 sublimem,
2415 2962 2460 3006 et
2483 2970 2631 3022 super
2654 2970 2845 3006 onmem
2878 2955 3104 3007 arborem
3132 2957 3331 3025 glandis
3356 2957 3461 3011 Bn-

1895 3056 1985 3093 san
2012 3040 2110 3109 (a).
2138 3042 2224 3096 M.
2254 3042 2319 3095 Et
2344 3060 2494 3112 super
2519 3060 2715 3097 omnem
2742 3054 2957 3097 montem
3001 3047 3269 3113 excelsum,
3298 3060 3343 3100 et
3380 3066 3463 3101 su-

1894 3147 1984 3198 per
2004 3149 2197 3186 onmem
2226 3150 2422 3185 murum
2448 3135 2726 3187 sublimem.
2761 3135 2848 3189 15.
2872 3134 2938 3187 Et
2967 3152 3118 3205 super
3141 3153 3333 3190 omnem
3357 3150 3464 3190 tur—

1895 3222 1989 3275 rim
2017 3224 2291 3276 sublimem.
2328 3225 2413 3278 l6.
2458 3223 2524 3276 Et
2550 3240 2699 3293 super
2723 3240 2867 3278 omne
2904 3226 3154 3295 navigium
3198 3228 3371 3290 maris,
3414 3240 3463 3282 et

1892 3330 2041 3382 super
2066 3331 2259 3367 onmem
2288 3325 2541 3382 aspectum
2584 3314 2968 3384 pulchritudinis
3002 3317 3219 3369 nauium.
3263 3318 3348 3371 17.
3399 3319 3462 3371 Et

1895 3404 2243 3457 humiliubitur
2280 3404 2493 3456 altitudo
2539 3404 2818 3467 hominum,
2861 3414 2906 3458 et
2949 3406 3250 3459 exaltabitur
3291 3406 3462 3460 Domi-

1894 3509 1987 3545 nus
2024 3495 2161 3546 solus
2202 3494 2254 3546 in
2294 3494 2374 3545 die
2410 3495 2522 3546 illa.
2570 3494 2772 3546 Murum
2816 3493 2921 3557 hic,
2966 3495 3204 3560 cedrum,
3249 3497 3458 3565 collem,

1892 3599 2145 3652 quercum
2189 3594 2428 3653 potentes
2470 3584 2713 3637 homines
2758 3592 2931 3648 vocat,
2984 3584 3254 3639 altitudine
3285 3586 3463 3655 hujus-

1892 3672 2034 3726 modi
2060 3673 2309 3726 arborum
2337 3687 2521 3727 eorum
2551 3673 2842 3742 potentiam
2870 3673 3227 3741 metaphorice
3262 3676 3461 3745 signiti-

1892 3776 2020 3815 cans
2046 3778 2060 3814 :
2089 3776 2151 3816 ac
2180 3777 2299 3816 cum
2330 3762 2592 3830 navigium
2622 3774 2675 3815 et
2710 3772 2979 3830 aspectum
3022 3764 3456 3831 pulchritudinis'

1892 3852 2101 3906 navium
2130 3851 2275 3917 dicit,
2301 3865 2395 3906 eos
2424 3851 2739 3915 subindicat,
2768 3852 2855 3920 qui
2878 3862 3000 3904 sunt
3026 3853 3402 3922 opulentiores.

1962 3944 2016 3999 9.
2060 3944 2168 3997 Hoc
2189 3956 2366 3998 autem
2388 3943 2499 3997 vult
2517 3944 2833 4013 significare,
2862 3958 3048 4011 nempe
3072 3942 3259 3997 fortem
3277 3960 3460 4013 quem—

1892 4035 2039 4099 libet,
2081 4045 2373 4103 potentem,
2414 4033 2602 4087 ducem
2640 4034 2923 4097 exercitus,
2964 4048 3226 4102 quemque
3267 4035 3462 4090 divitiis

1892 4126 2367 4190 circumﬂuentem,
2414 4133 2707 4193 totumque,
2753 4134 2808 4178 ut
2852 4128 2919 4178 ita
2960 4124 3153 4191 dicam,
3189 4124 3458 4180 hominum

1894 4216 2139 4269 decorem
2179 4230 2241 4269 ac
2293 4224 2454 4269 totam
2502 4213 2899 4280 fortitudinem,
2945 4224 3068 4268 tunc
3108 4215 3363 4270 abituram
3408 4228 3459 4270 et

1893 4305 2199 4359 solvendam
2227 4320 2382 4369 esse;
2413 4304 2648 4372 nihilque
2682 4304 2956 4372 patrocinii
2987 4304 3310 4372 profuturum
3340 4321 3459 4360 esse

1894 4396 1959 4450 ad
1991 4395 2337 4465 elfugiendam
2366 4395 2495 4449 iram
2525 4394 2637 4460 Dei,
2669 4410 2770 4447 non
2802 4395 3044 4446 virtutem
3074 4398 3329 4462 corporis,
3355 4410 3457 4450 non

1894 4487 2273 4555 experientiam
2305 4486 2450 4549 belli,
2485 4501 2586 4539 non
2618 4485 2954 4554 pecuniarum
2980 4485 3205 4553 copiam,
3236 4501 3337 4540 non
3370 4502 3459 4556 po-

1895 4579 2072 4632 tentia:
2097 4578 2413 4655 clientelam,
2442 4592 2545 4630 non
2588 4576 2853 4629 exercitus
2892 4576 3323 4645 magnitudinem,
3353 4594 3456 4633 non

1895 4670 2035 4724 aliud
2058 4668 2324 4738 quidpiam
2366 4668 2555 4721 simile.
2592 4666 2794 4720 Cedros
2828 4678 3007 4721 autem
3047 4667 3229 4721 Libani
3263 4684 3461 4723 memo-

1896 4774 1997 4827 rat,
2029 4762 2148 4831 quia
2186 4761 2253 4813 ibi
2299 4762 2526 4813 maxime
2574 4760 2806 4812 nascitur
2854 4761 2965 4812 haec
3006 4759 3183 4821 arbor,
3230 4761 3310 4813 vel
3341 4762 3460 4828 quia

1899 4868 1983 4905 res
2004 4852 2109 4920 jam
2134 4852 2390 4919 proximae
2418 4858 2542 4903 sunt
2568 4850 2677 4918 (ii);
2706 4860 2973 4919 aspectum
2998 4865 3120 4903 vero
3145 4852 3215 4903 ait
3238 4851 3461 4916 pulchri—

1900 4943 2093 4997 tudinis
2132 4942 2362 5006 navium,
2391 4941 2635 4995 dccorem
2669 4940 2857 4993 ducmn
2887 4941 3167 4998 exercitus,
3205 4940 3291 5008 qui
3322 4940 3460 4993 divi-

1902 5035 2005 5098 tiis,
2024 5034 2185 5086 armis
2202 5042 2254 5087 et
2273 5030 2585 5086 satellitibus
2604 5030 2828 5098 stipandi
2849 5030 3035 5082 forent.
3060 5029 3270 5083 Videtur
3287 5039 3464 5086 autem

1963 5168 1977 5197 ι
2006 5173 2154 5227 Juxta
2176 5164 2391 5227 savil._et
2416 5163 2587 5227 Morel._
2621 5164 2883 5227 legendum
2900 5170 3047 5227 esset
3180 5176 3342 5213 eorum
3383 5180 3467 5227 po-

1899 5226 2094 5277 tentiam
2116 5233 2159 5275 ct
2201 5224 2389 5287 divitias
2412 5223 2729 5287 metaphoricc
2760 5223 3070 5287 signiﬁcans;
3113 5232 3156 5273 et
3189 5238 3298 5275 cum
3336 5223 3466 5283 aspe-

1900 5295 2025 5336 ctum
2049 5286 2434 5350 pulchritudinis,
2462 5286 2580 5345 etc.;
2608 5287 2762 5361 minus
2784 5286 2936 5335 recte.

1965 5369 2036 5430 (ιι)
2051 5370 2308 5418 Itebraicus
2327 5374 2493 5416 textus
2512 5370 2661 5448 man
2683 5364 2841 5420 νιπδκ.

1965 5458 2037 5568 (ὸέ
2052 5467 2147 5507 Non
2170 5460 2287 5507 satis
2310 5458 2544 5519 perspicio
2567 5456 2679 5518 quid
2704 5457 2792 5503 sibi
2820 5456 2936 5505 velit
2958 5455 3337 5519 Chrysostomus.
3364 5470 3468 5506 cum

1990 5523 2001 5567 i
2040 5533 2099 5568 eo
2121 5520 2294 5567 cedrus
2316 5518 2472 5565 Libani
2496 5518 2576 5564 hic
2598 5518 2873 5568 memorari.
2899 5520 3007 5568 quia
3032 5532 3130 5568 res.
3165 5532 3340 5568 nempe
3364 5532 3468 5568 tum:

1901 5518 2099 5569 ait‘ideo
2121 5520 2294 5567 cedrus
2313 5518 2472 5565 Libani
2496 5518 2576 5579 hic
2598 5518 2873 5573 memorari,
2890 5520 3007 5579 quia
3032 5518 3130 5575 res,
3165 5532 3340 5579 nempe
3364 5532 3469 5577 qua:

1902 5581 2302 5642 praedicebantur,
2325 5579 2419 5639 jam
2444 5578 2673 5642 proximae
2691 5586 2847 5642 erant.
2875 5578 2945 5625 An
2965 5580 3074 5640 quia
3095 5578 3332 5639 proximus
3368 5586 3469 5629 erat

1901 5638 2077 5690 Judasae
2099 5638 2431 5700 Libanus,’per
2454 5640 2627 5700 cedros
2656 5638 2812 5685 Libani
2840 5638 3027 5687 excisas
3064 5638 3208 5699 prole
3232 5651 3356 5700 esse
3391 5650 3471 5687 res

1904 5705 2243 5766 prmnuntiatas
2279 5698 2490 5747 deterit?
2526 5706 2590 5749 Ne
2638 5701 2706 5748 sic
2741 5700 2938 5761 quidem
2976 5698 3079 5748 haec
3122 5698 3359 5762 quadrare
3399 5710 3463 5747 n-

1909 5770 2101 5814 dentur.
