4044 6440
545 490 619 545 39

547 586 679 644 mihi
705 577 1037 637 subindicare
1071 570 1410 640 longinquam
1442 561 1788 616 barbarorum
1820 551 2110 622 expeditio.

550 643 690 730 nem.
719 671 785 725 18
831 666 896 720 Et
916 665 1206 731 manufacta
1235 656 1402 710 omnia
1422 649 1744 710 abscondent,
1772 647 1858 700 19.
1888 643 2121 705 Interea-

550 777 621 820 tes
644 780 702 818 ea
733 763 788 815 in
829 770 1067 812 cavernas
1108 767 1169 804 ac
1207 749 1453 802 scissuras
1483 753 1767 813 petrarum,
1799 744 1844 789 et
1869 733 1924 786 in
1953 736 2119 800 foveas

551 870 716 917 terrm,
748 871 778 905 a
808 850 935 922 facie
961 844 1150 900 timoris
1181 836 1406 899 Domini,
1449 842 1498 885 et
1546 847 1577 883 a
1618 828 1780 899 gloria
1809 819 2120 892 fortitudinis

549 951 678 1017 ejus,
705 960 817 997 cum
856 935 1124 992 surrexerit
1149 930 1216 984 ad
1243 923 1613 999 percutiendam
1639 928 1838 971 terram.
1872 913 2118 975 Tantum,

553 1001 740 1105 linqtiit,
770 1029 958 1093 aberit,
985 1035 1042 1079 ut
1069 1034 1254 1077 eorum
1280 1015 1351 1070 dii
1379 1010 1573 1079 aliquid
1612 1006 1729 1075 opis
1764 1001 1952 1057 alferre
1996 1011 2120 1067 pos-

553 1091 677 1188 sint,
709 1133 762 1177 ut
794 1121 864 1174 illi
898 1091 1166 1172 hominum
1191 1106 1387 1162 auxilio
1412 1114 1545 1172 opus
1570 1095 1799 1151 habituri
1837 1091 1962 1152 sint,
1993 1101 2120 1142 nec-

555 1231 659 1270 nuu
685 1213 922 1266 locorum
944 1205 1126 1268 tutela,
1156 1209 1214 1254 ιιι
1244 1211 1310 1251 ne
1348 1192 1638 1260 capiantur,
1683 1185 1727 1237 A
1760 1181 1888 1253 [acie
1931 1177 2124 1232 timoris

557 1303 780 1364 Domini,
813 1310 857 1352 et
897 1315 928 1351 a
966 1296 1132 1366 gloria
1173 1284 1481 1362 fortitudinis
1523 1281 1652 1350 ejus,
1700 1291 1814 1328 cum
1855 1267 2124 1324 surrexerit

556 1405 814 1466 percutere
838 1400 1038 1442 terram.
1067 1381 1142 1436 Ne
1170 1379 1288 1448 quis
1311 1374 1451 1430 enim
1476 1370 1816 1423 barbarorum
1845 1355 2124 1426 irruptioni

557 1488 670 1541 lucc
699 1487 936 1550 imputet.
969 1488 1100 1530 neve
1129 1470 1395 1526 existimet
1439 1462 1684 1514 timorem
1721 1469 1788 1508 ex
1816 1464 2001 1507 eorum
2027 1461 2125 1516 po-

559 1579 720 1634 lentia
753 1572 1048 1644 provenire,
1100 1571 1402 1620 sermonem
1451 1549 1614 1606 refl-rt
1649 1546 1715 1601 ad
1762 1544 2127 1597 universorum

561 1634 981 1732 DClIIII,'di('ell3,
1006 1673 1126 1714 eum
1158 1651 1277 1707 belli
1323 1646 1542 1715 hujusce
1569 1639 1755 1694 ducem
1791 1634 2045 1690 futurum,
2074 1634 2129 1681 et

489 1779 492 1782 '
561 1763 629 1815 ab
672 1775 735 1812 eo
775 1761 1083 1825 potestatem
1115 1759 1234 1801 esse
1277 1743 1328 1795 in
1367 1746 1513 1791 tanto
1561 1729 1792 1800 periculo
1829 1717 2130 1779 vindicandi

562 1853 759 1906 scelera
785 1849 894 1915 jam
933 1839 1181 1895 admissa.
1211 1833 1300 1886 20.
1344 1828 1442 1881 Die
1475 1825 1606 1878 enim
1646 1821 1738 1872 illa
1783 1815 1943 1885 ejiciet
1984 1811 2130 1863 homo

562 1937 952 1995 abominationes
975 1945 1091 1984 suas
1133 1931 1391 1994 argenteas
1429 1929 1477 1970 et
1514 1926 1714 1971 aureas,
1759 1920 1882 1975 quas
1912 1904 2132 1972 fecerunt

565 2034 652 2088 sibi
679 2029 800 2101 ipsis
831 2036 882 2078 ut
907 2025 1174 2076 adorarent
1194 1990 1384 2067 inania
1415 2023 1508 2060 sua
1548 2014 1594 2058 et
1623 1997 2012 2070 vespertiliones,
2039 1990 2130 2044 2|.

567 2124 635 2176 ad
660 2091 1035 2190 ingrediendum
1064 2111 1114 2162 in
1144 2105 1331 2161 solidos
1353 2109 1537 2171 petras,
1569 2103 1616 2168 et
1635 2093 1686 2146 in
1708 2091 1950 2144 scissuras
1972 2092 2136 2151 petra-

565 2229 678 2268 rum
705 2230 734 2264 a
766 2209 893 2280 [acie
913 2205 1103 2259 timoris
1135 2196 1354 2252 Domini,
1383 2203 1426 2245 et
1447 2207 1477 2242 a
1495 2187 1654 2259 gloria
1677 2175 1986 2251 fortitudinis
2006 2174 2132 2241 ejus,

566 2322 679 2357 eum
707 2297 1027 2354 resurrexerit
1071 2290 1139 2343 ad
1185 2283 1552 2356 percutiendum
1600 2285 1802 2329 terram.
1850 2268 1988 2323 Satis
2032 2276 2140 2317 tra-

570 2397 720 2449 duxit
744 2407 857 2456 eos,
887 2386 1172 2442 ostcmleus
1194 2381 1338 2448 ipsos
1365 2388 1484 2427 eum
1515 2370 1615 2422 diis
1640 2367 1750 2421 suis
1773 2360 2064 2421 delituisse,
2085 2364 2141 2410 et

573 2491 623 2544 in
656 2498 848 2542 terram
892 2496 949 2534 se
978 2475 1262 2533 abdidisse,
1313 2481 1481 2536 neque
1521 2459 1757 2516 materia!
1787 2453 2012 2526 pretium
2039 2449 2141 2503 ali-

572 2576 696 2648 quid
741 2573 858 2642 opis
903 2568 1145 2622 conferre
1189 2559 1422 2631 potuisse
1471 2549 1776 2606 imminente
1819 2541 2138 2598 calamitate.

577 2671 714 2725 ldola
745 2679 901 2736 porro
925 2657 1326 2729 vespertilioncs
1356 2646 1579 2706 vocavit,
1608 2642 1720 2694 sive
1756 2637 1824 2690 ob
1867 2630 2146 2689 imbecilli-

577 2770 763 2823 tatem,
791 2755 904 2810 sive
931 2752 1000 2805 ub
1025 2745 1224 2803 erroris
1250 2739 1514 2797 tenebras.
1542 2742 1597 2787 et
1620 2730 1740 2801 quia
1769 2725 1944 2780 omnia
1973 2738 2002 2774 a
2031 2720 2141 2774 dae-

575 2849 818 2906 nmnibus
862 2844 1000 2898 clam
1043 2844 1318 2908 geruntur.
1366 2817 1820 2898 Quemadmodum
1864 2813 2005 2869 enim
2049 2823 2143 2863 ve-

576 2935 966 3010 sper-tilionibns
991 2929 1070 2983 sol
1097 2927 1338 2981 inimicus
1362 2927 1442 2972 est
1470 2922 1524 2970 et
1550 2913 1636 2966 lux
1663 2918 1892 2977 quoque,
1921 2915 2023 2955 nox
2049 2913 2146 2952 au-

580 2988 686 3010 Ὗ--

580 3042 684 3084 tum
711 3037 765 3082 et
788 3023 1018 3079 teuebra:
1039 3017 1219 3072 amica:
1239 3019 1363 3066 sunt
1389 3026 1402 3061 :
1433 3007 1507 3060 sic
1544 3011 1598 3056 et
1629 2995 1978 3057 dminonibns,
2006 2998 2057 3044 et
2083 2988 2149 3043 iis

580 3137 713 3192 quos
738 3121 788 3173 in
814 3126 1047 3171 errorem
1068 3105 1416 3162 deduxerunt,
1443 3091 1671 3163 nequitia
1698 3097 1753 3144 et
1778 3086 1950 3153 iniqua
1971 3079 2147 3133 omnia

1365 3191 1373 3192 ί
1774 3189 1784 3192 -
1840 3191 1850 3192 κ
1908 3187 1981 3192 ΑᾼΑ
2018 3169 2146 3192 Inui-

583 3169 710 3192 Ψ.--
824 3169 859 3171 ,κ

583 3209 855 3270 familiaria
885 3212 1006 3260 sunt
1029 3211 1082 3254 et
1106 3197 1296 3259 amica,
1327 3191 1492 3245 virtus
1522 3193 1698 3238 autem
1738 3189 1791 3233 et
1829 3187 1988 3243 Opera
2018 3169 2149 3224 lueis

584 3305 793 3362 inimica
820 3307 964 3362 sunt,
997 3295 1163 3362 iisque
1183 3279 1604 3356 splendentibus,
1633 3273 1808 3328 statim
1837 3270 1910 3324 illi
1934 3267 2150 3320 obtenec

587 3400 826 3456 brantur,
844 3403 964 3444 cum
985 3391 1169 3440 contra
1197 3381 1240 3433 is
1261 3376 1350 3446 qui
1372 3375 1564 3427 virtute
1583 3365 1837 3438 prteditus
1862 3360 1990 3413 vivit
2010 3356 2153 3410 nullo

588 3489 766 3545 labore
810 3452 892 3536 vel
931 3477 1122 3533 sudore
1149 3477 1320 3540 egeat.
1355 3463 1564 3520 Sufﬁcit
1597 3458 1737 3512 enim
1775 3464 1834 3507 ut
1877 3452 1962 3505 ille
1991 3462 2153 3516 appa-

587 3587 722 3638 reat,
752 3574 1030 3638 annuaque
1069 3565 1157 3619 illa
1189 3538 1572 3615 dissolvuntur.
1609 3547 1700 3602 ‘22.
1738 3542 1984 3610 Quiescite
2022 3538 2155 3592 vobis

587 3671 650 3722 ob
677 3667 892 3724 homine,
920 3661 1063 3731 cujus
1089 3666 1159 3710 est
1189 3649 1452 3721 respiratio
1476 3645 1529 3698 in
1554 3640 1756 3695 naribus
1779 3637 1886 3706 ejus
1918 3651 1936 3686 :
1965 3632 2082 3699 quia
2106 3630 2158 3682 in

593 3776 690 3829 quo
715 3757 837 3826 ipsis
860 3759 1116 3821 reputatus
1141 3754 1210 3798 est
1233 3742 1311 3794 ltic
1328 3741 1353 3792 ?
1381 3737 1475 3791 llic
1495 3733 1623 3790 mihi
1652 3730 1858 3784 videtur
1879 3722 2158 3780 Ezechiam

592 3846 943 3903 subindicare,
972 3838 1057 3907 qui
1092 3849 1196 3904 prae
1224 3833 1414 3885 timore
1443 3835 1497 3879 et
1536 3834 1735 3891 angore
1773 3825 2037 3873 extremos
2064 3813 2158 3865 ba-

592 3943 718 4000 litus
744 3903 1141 3995 alﬁabatdQuia
1170 3923 1325 3991 igitur
1365 3914 1572 3970 barbari
1608 3925 1728 3966 cum
1773 3906 1922 3977 quasi
1964 3903 2162 3957 retibus

596 4031 942 4093 interceptum
987 4017 1260 4078 habentes,
1310 4017 1546 4079 lmratam
1575 4002 1676 4056 sibi
1706 3996 1936 4069 prmdam
1983 4002 2164 4048 tenere

598 4120 868 4191 putabant,
897 4125 1063 4179 neque
1089 4106 1186 4160 sibi
1220 4103 1398 4158 labore
1427 4111 1562 4166 opus
1591 4107 1709 4147 es<e
1737 4089 1804 4143 ad
1849 4087 2029 4141 urbem
2071 4098 2164 4137 ca-

601 4210 864 4283 piendam,
905 4213 958 4257 et
981 4215 1099 4254 eum
1125 4197 1387 4265 captivum
1422 4184 1809 4246 abducendum,
1840 4177 2162 4232 contrarium

603 4299 838 4356 barbaris
862 4292 1069 4349 aecidit.
1103 4288 1222 4342 Ideo
1251 4285 1344 4345 ait,
1387 4278 1634 4346 Quiescite
1668 4274 1730 4326 ab
1764 4271 1983 4334 homine,
2023 4268 2168 4335 cujus

601 4405 671 4452 cst
695 4387 960 4458 respiratio
983 4384 1033 4436 in
1060 4377 1264 4433 naribus
1293 4373 1401 4443 ejus
1428 4385 1446 4423 :
1470 4369 1588 4438 quia
1613 4367 1662 4418 in
1687 4379 1784 4434 quo
1811 4363 1930 4431 ipsis
1968 4367 2171 4427 repulu-

603 4495 683 4538 tus
732 4447 801 4535 est
843 4476 961 4530 hic?
996 4473 1049 4528 ιιι
1083 4479 1184 4534 est,
1215 4468 1266 4521 in
1313 4463 1466 4518 nullo
1511 4463 1777 4526 reputatus
1825 4460 1922 4504 est.
1961 4447 2170 4502 Etenim

608 4575 756 4646 quasi
788 4586 880 4640 per
906 4565 1271 4623 excursionem
1299 4571 1357 4610 Se
1385 4550 1559 4606 omnia
1585 4547 1886 4600 sublaturos
1906 4554 2024 4596 esse
2049 4552 2181 4606 spe;

613 4663 834 4723 rabant;
866 4656 956 4709 sed
984 4651 1306 4707 cmurarium
1336 4656 1552 4713 prorsus
1581 4635 1809 4698 accidit;
1841 4640 1893 4684 et
1922 4628 2009 4696 qui
2036 4642 2066 4680 a
2088 4641 2178 4679 vo-

618 4758 699 4811 bis
729 4719 831 4822 pro
862 4747 1024 4803 nihilo
1055 4740 1389 4812 reputabatur
1416 4737 1826 4801 expugnatuque
1857 4723 2044 4784 facilis,
2085 4719 2178 4772 Dei

617 4845 815 4902 attxiliu
842 4845 1023 4903 fictus,
1053 4833 1288 4889 omnium
1310 4822 1770 4895 splendidissimus
1795 4813 2087 4887 apparebit.

1232 4959 1456 5017 CAPUT
1493 4956 1581 5011 III.

626 5099 671 5146 l.
708 5090 834 5143 Ecce
862 5083 1155 5138 Dominatar
1186 5074 1430 5129 Dominus
1461 5067 1682 5123 Sabaoth
1704 5067 1894 5134 auferet
1924 5062 1985 5114 de
2003 5059 2032 5111 J
2043 5059 2186 5111 udwa

904 5185 948 5227 et
974 5173 1035 5224 de
1058 5165 1338 5223 Jerusalem
1358 5161 1575 5216 validum
1603 5167 1647 5209 et
1667 5154 1904 5207 validam.

701 5291 750 5344 i.
794 5279 1240 5352 Quemadmodum
1267 5275 1496 5344 optimus
1542 5268 1796 5330 medicus,
1827 5262 1986 5316 modo
2009 5273 2188 5324 urens,

637 5380 793 5435 modo
818 5389 1021 5437 secans,
1051 5370 1206 5424 modo
1234 5379 1408 5419 amara
1454 5360 1680 5413 offerens
1701 5354 1953 5412 remedia,
1977 5357 2194 5418 aegroto-

636 5486 752 5526 rum
803 5465 1010 5519 sanitati
1057 5469 1168 5514 arte
1199 5452 1583 5528 prosilicit;sic
1627 5460 1678 5500 et
1729 5445 1984 5512 benignus
2032 5441 2192 5503 Deus,

640 5562 798 5618 variis
830 5565 882 5610 et
905 5554 1124 5607 diversis
1145 5548 1431 5617 suppliciis,
1463 5541 1601 5612 quod
1625 5538 1897 5592 difﬂuebat
1918 5543 1970 5587 et
1991 5532 2194 5598 lapsum

637 5658 750 5704 erat
773 5645 910 5715 apud
958 5645 1167 5700 Judteos
1203 5639 1588 5705 coiistringeus,
1649 5629 1806 5684 modo
1855 5625 2200 5680 barbarorum

642 5740 937 5793 incursione
986 5738 1216 5802 ingratos
1277 5729 1559 5790 terrefacit,
1608 5723 1767 5778 modo
1816 5729 1938 5773 ante
1992 5715 2200 5768 illorum

650 5833 967 5888 invasionem
991 5828 1104 5884 aliis
1135 5824 1252 5881 illos
1279 5818 1790 5878 interminationilms
1818 5809 2074 5879 reprimit.
2101 5808 2202 5861 mi-

1321 453 1379 511 S.
1416 447 1693 509 JOANNIS
1727 436 2196 500 CllliYSOSTOMI
2241 431 2551 488 ARCIIIEP.
2594 425 3124 486 CONSTANTINOP.

3754 437 3831 493 40

2226 561 2414 598 narum
2440 544 2695 598 varietate
2725 540 3020 595 imminenti
3069 536 3350 593 formidine
3374 535 3644 591 continuo
3696 547 3826 602 pcr-

2226 639 2451 693 ccllens.
2477 637 2626 692 Nunc
2655 636 2834 704 itaque
2863 633 3222 688 inlirmitatem
3250 630 3378 698 ipsis
3401 628 3824 693 inter-minatur,

2225 738 2280 784 et
2306 728 2496 783 famem
2517 735 2572 782 et
2592 725 2908 786 siccitatem,
2942 738 3049 778 non
3091 721 3305 790 quidem
3323 735 3501 775 rerum
3553 731 3822 774 necessa-

2226 821 2446 882 riarum,
2481 817 2574 873 sed
2600 830 2781 871 earum
2811 828 2929 884 quae
2969 827 3073 867 non
3103 810 3275 865 minus
3299 818 3435 880 aptat
3458 815 3590 865 sunt
3627 805 3700 860 ad
3750 806 3826 858 vi-

2229 922 2334 966 tam
2386 907 2828 962 conservandam.
2858 903 2976 958 Non
3009 902 3151 957 enim
3199 900 3363 954 fames
3405 899 3581 954 solum
3643 895 3830 965 gravis

2227 1009 2330 1081 est,
2353 999 2447 1054 sed
2467 1012 2626 1069 grave
2651 997 2807 1052 etiam
2833 1003 2916 1048 est
2942 1007 3064 1047 cum
3083 991 3257 1044 nullus
3285 988 3436 1044 adest
3453 988 3545 1058 qui
3598 999 3831 1050 rempu-

2228 1076 2418 1146 blicam
2444 1088 2804 1149 administret;
2835 1084 2885 1137 id
2911 1081 3050 1153 quod
3080 1095 3258 1136 rerum
3276 1078 3482 1147 cOpiam
3513 1076 3662 1131 fame
3706 1088 3828 1127 τηου

2229 1179 2499 1238 lestiorem
2527 1179 2751 1234 reddere
2776 1176 2931 1230 solet.
2962 1172 3098 1240 Quid
3128 1172 3270 1226 enim
3298 1170 3538 1224 utilitatis
3559 1175 3648 1222 est
3701 1178 3826 1219 cum

2229 1292 2326 1331 ceu
2347 1291 2411 1330 ex
2438 1273 2668 1327 fontibus
2687 1269 2863 1325 omnia
2891 1267 3063 1321 ﬂuunt
3083 1307 3098 1329 ,
3118 1265 3164 1319 si
3191 1263 3363 1318 civilia
3386 1261 3524 1316 bella
3544 1260 3830 1319 oriantur,

2230 1375 2283 1421 et
2310 1379 2455 1418 mare
2481 1364 2813 1422 intumescat,
2848 1355 3336 1420 insanientibusque
3363 1349 3615 1404 ﬂuetibus
3643 1360 3830 1414 neque

2231 1458 2570 1528 gubernator,
2601 1466 2772 1520 neque
2833 1448 2899 1502 ad
2943 1462 3152 1517 proram
3192 1445 3403 1509 sedens,
3458 1456 3638 1511 neque
3683 1440 3830 1492 alius

2233 1548 2494 1618 quispiam
2542 1543 2678 1598 adsit
2724 1541 2812 1610 qui
2855 1538 3024 1608 possit
3066 1536 3394 1605 negotiorum
3442 1538 3834 1599 tempestatem

2234 1638 2483 1706 dirigere,
2503 1642 2558 1689 et
2613 1630 3043 1699 tranquillitatem
3073 1620 3400 1680 conciliare?
3435 1618 3665 1688 Quando
3724 1631 3830 1670 au-

2236 1739 2340 1783 tem
2370 1723 2605 1781 cumbis
2644 1722 2808 1775 fames
2855 1720 3016 1772 etiam
3062 1716 3250 1778 adest,
3295 1712 3464 1781 cogita
3511 1719 3718 1779 quanta
3767 1706 3838 1759 sit

2236 1819 2494 1874 malorum
2514 1811 2703 1868 moles.
2743 1811 2865 1864 Haec
2888 1811 3060 1876 itaque
3073 1807 3248 1860 omnia
3270 1801 3628 1857 comminatur
3651 1798 3830 1850 Deus:

2237 1910 2570 1979 primumque
2595 1912 2678 1958 est
2695 1899 2930 1955 omnium
2957 1896 3352 1966 gravissimum.
3379 1889 3510 1944 Ecce
3537 1890 3714 1953 enim,
3751 1887 3837 1940 in-

2238 2002 2370 2069 quit,
2425 1995 2721 2050 Dominatar
2751 1989 2993 2043 Dominus
3040 1983 3284 2039 Sabaoth.
3318 1981 3424 2034 Hac
3470 1993 3620 2044 voce,
3675 1975 3834 2039 Ecce,

2239 2105 2380 2159 saepe
2405 2087 2673 2156 prOphclu:
2696 2090 2931 2135 utuntur.
2963 2075 3178 2147 quando
3205 2072 3502 2127 auditorem
3532 2069 3598 2122 de
3655 2067 3828 2120 rebus

2240 2196 2357 2251 qua:
2383 2179 2585 2238 dicunt,
2616 2174 2898 2228 certiorem
2921 2168 3091 2222 facere
3105 2164 3308 2219 volunt.
3338 2159 3452 2215 Non
3480 2158 3566 2212 hic
3587 2163 3831 2216 tantum,

2241 2275 2332 2329 sed
2359 2274 2516 2326 etiam
2558 2265 2801 2336 superius
2826 2273 2880 2314 ct
2904 2277 2932 2312 a
2965 2256 3219 2328 principio
3248 2253 3426 2307 videre
3457 2258 3558 2314 est,
3601 2257 3830 2318 peccata

2243 2376 2555 2432 corpoream
2609 2356 2964 2412 inﬁrmitatem
3021 2363 3162 2417 saepe
3225 2342 3581 2416 praecessisse,
3659 2348 3720 2393 ut
3781 2338 3834 2391 in

2246 2456 2375 2511 Cain
2409 2471 2424 2507 :
2453 2451 2575 2521 quia
2600 2449 2739 2503 enim
2763 2444 2955 2498 robore
2981 2437 3218 2506 corporis
3246 2449 3350 2489 non
3377 2441 3524 2487 recte
3551 2445 3683 2484 usus
3726 2435 3835 2489 est,

2240 2545 2358 2613 jure
2382 2544 2434 2595 in
2467 2519 2748 2609 paralysim
2802 2531 3004 2588 incidit.
3035 2529 3124 2584 Sic
3145 2527 3302 2580 etiam
3328 2525 3376 2578 ei
3412 2522 3500 2590 qui
3547 2520 3614 2572 ad
3669 2519 3831 2590 pisci-

2246 2651 2368 2690 nam
2395 2608 2651 2687 sedebat:
2676 2627 2796 2696 quia
2837 2620 3093 2693 paralysis
3121 2619 3270 2685 origo
3301 2622 3512 2682 peccata
3543 2619 3719 2673 erant,
3762 2608 3837 2660 ait

2247 2728 2529 2782 Christus:
2559 2721 2692 2774 Ecce
2714 2732 2866 2772 sanus
2892 2719 3056 2785 factus
3095 2726 3168 2774 es,
3218 2708 3325 2762 noli
3369 2705 3588 2773 amplius
3619 2717 3834 2770 peccare

2249 2818 2440 2887 (Joan.
2467 2816 2519 2869 5.
2550 2813 2614 2866 M
2637 2810 2674 2882 ).
2702 2807 2894 2863 Paulus
2913 2817 3122 2874 quoque
3145 2801 3256 2855 ait:
3283 2797 3409 2852 Ideo
3426 2793 3561 2865 apud
3583 2808 3668 2846 vos
3692 2791 3834 2844 mul-

2251 2885 2285 2964 ti
2307 2908 2494 2976 infirmi
2516 2905 2534 2975 (
2552 2906 2602 2959 1.
2637 2902 2755 2957 Cor.
2787 2900 2871 2953 ll.
2899 2897 2969 2951 ὅθ
2995 2895 3036 2965 );
3056 2894 3176 2963 quia
3205 2888 3515 2961 peccabant,
3536 2885 3677 2953 quod
3720 2896 3828 2934 non

2251 3015 2380 3071 pura
2410 2993 2731 3052 conscientia
2762 2987 3134 3061 mysteriorum
3163 2979 3444 3049 participes
3466 2981 3663 3028 essent.
3696 2971 3835 3024 Foro

2251 3090 2509 3146 uicarium
2539 3097 2748 3156 quoque
2793 3075 3085 3134 inﬁrmitati
3134 3069 3372 3141 corporis
3402 3067 3598 3130 tradit,
3626 3065 3723 3117 bas
3768 3063 3838 3116 de

2253 3182 2485 3253 peccatis
2532 3189 2712 3247 prunas
2758 3177 3027 3241 repetens.
3054 3163 3235 3233 Neque
3254 3169 3425 3214 tamen
3452 3170 3661 3224 semper
3683 3152 3839 3206 inﬁr-

2255 3275 2411 3330 minus
2445 3280 2527 3326 est
2571 3274 2903 3338 peccatorum
2951 3258 3115 3321 ultio,
3158 3253 3253 3309 sed
3302 3248 3583 3321 aliquando
3619 3258 3840 3300 corona:

2259 3363 2477 3419 materia
2495 3369 2596 3423 est,
2631 3366 2688 3412 ut
2730 3357 2781 3410 in
2814 3354 3015 3408 Lazaro
3064 3356 3119 3402 et
3144 3346 3197 3401 iu
3230 3342 3383 3398 Jobo.
3455 3338 3564 3393 Nec
3608 3333 3838 3389 inﬁrmi-

2258 3466 2394 3511 tates
2421 3461 2643 3514 tantum,
2674 3445 2766 3501 sed
2793 3455 2848 3498 et
2873 3442 2976 3496 alia
3005 3435 3246 3506 corporis
3289 3427 3619 3487 incommoda
3647 3440 3677 3479 a
3710 3437 3840 3493 pec-

2259 3548 2390 3600 catis
2439 3550 2558 3596 orta
2606 3543 2833 3601 sunt,ut
2861 3531 3002 3587 Ozia‘.
3050 3529 3216 3596 lepra,
3264 3523 3335 3577 ob
3371 3519 3532 3574 animi
3560 3513 3837 3585 impuden-

2264 3639 2388 3693 tiam
2411 3675 2426 3700 ,
2459 3642 2517 3688 ut
2545 3624 2844 3686 Jcroboami
2874 3622 3014 3691 regis
3041 3630 3227 3672 manus
3251 3611 3548 3666 ariditatem
3587 3612 3838 3676 perpessa

2262 3740 2383 3797 est,
2437 3727 2506 3782 ob
2575 3720 2924 3790 arrogantiam
2974 3721 3028 3768 et
3088 3705 3392 3776 Superbiam
3451 3699 3588 3768 ejus.
3639 3695 3856 3764 Linguta

2265 3784 2475 3894 quoque
2526 3784 2796 3871 Zacharim
2842 3821 2946 3861 non
2998 3797 3211 3855 aliunde
3238 3797 3395 3864 ligata
3419 3800 3503 3847 est
3518 3790 3558 3855 ί,
3586 3801 3744 3858 quam
3775 3784 3844 3839 ob

2265 3917 2455 3970 anima:
2502 3915 2795 3979 peccatum.
2839 3897 3096 3965 Quoniam
3129 3891 3283 3960 igitur
3316 3883 3514 3940 Judmis
3540 3881 3674 3936 bona
3698 3876 3842 3930 vale-

2268 4005 2396 4060 tudo
2446 4011 2502 4055 et
2543 3998 2709 4053 robur
2761 3988 3020 4059 corporis,
3075 3994 3267 4049 resque
3320 3986 3589 4046 prospera:
3612 4009 3629 4035 ,
3695 3980 3846 4020 arro-

2269 4096 2458 4169 gantia:
2508 4089 2719 4145 occasio
2762 4084 2993 4143 fuerant,
3038 4069 3351 4142 arrogantia:
3375 4065 3607 4120 radicem
3639 4059 3846 4112 subtra-

2272 4195 2347 4244 xit
2399 4189 2573 4247 Deus,
2622 4171 3102 4234 commonefaeiens
3163 4163 3282 4217 illos
3333 4168 3388 4213 et
3435 4155 3500 4211 ad
3568 4152 3842 4206 meliorem

2273 4237 2472 4348 frugem
2500 4237 2780 4332 reducens,
2799 4264 3108 4332 majoraque
3132 4255 3285 4316 dans,
3315 4261 3471 4319 quam
3523 4243 3652 4313 ipsis
3695 4237 3845 4293 aufe-

2278 4566 2342 4605 ex
2365 4555 2571 4600 natura:
2599 4535 2904 4593 inﬁrmitate
2935 4526 3245 4599 procedere,
3273 4520 3323 4574 id
3364 4524 3674 4572 eventurum
3725 4521 3850 4576 pro-

2282 4641 2437 4710 pheta
2470 4629 2733 4704 praedixit,
2777 4635 2949 4690 neque
2998 4619 3140 4672 viros
3179 4620 3379 4667 tantum
3430 4605 3588 4661 minis
3641 4599 3850 4662 terruit,

2285 4693 2375 4784 sed
2404 4693 2611 4795 ptl-auam
2640 4714 2953 4773 mulieribus
2983 4719 3190 4778 quoque
3216 4696 3524 4760 transmisit,
3556 4693 3674 4764 quia
3713 4698 3854 4744 uter-

2281 4833 2388 4889 que
2418 4828 2574 4869 sexus
2601 4815 2879 4875 corruptus
2916 4807 3048 4864 erat,
3079 4805 3134 4850 et
3162 4795 3213 4847 in
3267 4801 3547 4859 progressu
3597 4781 3661 4836 ad
3715 4779 3855 4849 ipsas

2287 4910 2536 4966 mulieres
2563 4871 2860 4958 sermonem
2887 4893 3084 4960 dirigit,
3111 4895 3185 4950 et,
3210 4884 3278 4936 ob
3303 4877 3529 4935 absurda
3570 4871 3852 4928 admodum

2484 4994 2703 5050 crimina
2731 4989 2859 5058 ipsis
2880 4984 3051 5046 oll‘ert,
3080 4992 3198 5048 qua:
3224 4973 3405 5030 urbem
3429 4974 3596 5042 ipsam
3615 4979 3644 5020 a
3665 4960 3857 5020 funda-

2293 5055 2483 5147 intimis
2531 5055 2826 5139 diruerant.
2861 5074 2982 5128 Ideo
3010 5069 3127 5124 illas
3169 5062 3462 5134 pestilentia
3498 5055 3723 5124 amigit:
3772 5065 3856 5120 pe-

2295 5179 2580 5236 stilentiam
2607 5172 2746 5226 enim
2788 5164 2918 5220 mihi
2948 5156 3281 5215 subindicare
3309 5151 3512 5205 videtur
3537 5158 3655 5200 cum
3696 5142 3857 5195 dicit:

2296 5273 2535 5339 Auroram
2557 5262 2812 5317 robustum
2837 5262 2880 5307 et
2901 5251 3187 5309 robustam;
3214 5243 3296 5298 vel
3343 5240 3503 5293 alium
3551 5244 3859 5301 corporeum

2300 5359 2540 5415 morbum
2569 5350 2893 5406 medicorum
2917 5341 3014 5395 arti
3057 5353 3162 5392 non
3191 5332 3485 5388 cedentem.
3519 5323 3674 5378 Tales
3723 5320 3863 5374 enim

2301 5408 2563 5506 suit—tybei
2595 5443 2778 5512 plagat.
2813 5435 2983 5487 Robur
3010 5429 3154 5498 panis
3189 5432 3234 5477 et
3271 5421 3421 5474 robur
3443 5428 3607 5483 aqua’.
3651 5408 3863 5463 Gravis.

2305 5544 2435 5597 sima
2479 5539 2592 5589 bmc
2631 5529 2860 5585 vindicta
2887 5533 2989 5588 est,
3016 5515 3228 5588 quando
3259 5527 3363 5566 non
3395 5509 3558 5577 ipsam
3586 5501 3716 5555 tollit
3743 5496 3864 5550 sub-

2306 5633 2572 5692 stantiam,
2603 5622 2694 5678 sed
2717 5619 2820 5674 vim
2850 5632 2913 5670 ex
2939 5629 2998 5668 ea
3032 5610 3202 5664 aufert
3231 5606 3480 5662 innatam,
3511 5597 3578 5649 ita
3612 5601 3668 5649 ut
3692 5589 3774 5646 vel
3799 5600 3859 5639 ex

2367 5812 2381 5839 ¹
2408 5806 2554 5854 Juxta
2579 5800 2704 5859 Reg.
2730 5797 2780 5842 et
2801 5793 2910 5841 Sav.
2939 5784 3138 5848 legitur,
3163 5778 3328 5828 edocto
3363 5777 3450 5825 est.
3480 5781 3583 5833 pro,
3609 5762 3752 5823 ligula
3773 5761 3854 5805 est.
