4044 6400
303 362 374 418 39

297 444 528 512 νομένην
558 440 862 510 ἀποδημίαν
892 438 1000 492 τῶν
1040 436 1323 507 βαρϐάρων
1359 434 1700 489 αἰνίττεσθαι.
1730 435 1836 490 Kal
1873 432 1944 486 τὰ

301 526 671 594 χειροποίητα
710 528 905 579 πάντα
945 523 1453 588 κατακρύψουσιν,
1496 521 1943 589 εὶσενέγκαντες

297 614 383 676 εις
409 610 480 663 τὰ
521 608 788 676 σπήλαια
824 607 920 661 καί
961 609 1046 672 είς
1087 607 1192 670 τὰς
1232 605 1495 674 σχισμὰς
1536 604 1654 657 τῶν
1690 604 1937 670 πετρῶν,

298 697 394 750 καί
436 698 521 762 εις
553 695 657 761 τὰς
702 694 961 760 τρώγλας
992 690 1099 757 τῆς
1145 690 1275 758 γῆς,
1322 691 1439 742 ἀπὸ
1478 690 1796 756 προσώπου
1836 686 1940 741 τοῦ

296 784 481 851 φόϐου
520 784 757 849 Κυρίου,
790 781 885 833 καὶ
934 778 1047 833 ἀπὸ
1084 776 1192 844 τῆς
1232 776 1418 843 δόξης
1448 794 1557 843 της
1595 776 1807 843 ἰσχύος
1835 776 1940 826 αὺ-

295 869 419 928 τοῦ,
452 868 597 921 ὅταν
641 864 876 933 ἀναστῇ
915 863 1166 931 θραῦσαι
1213 862 1327 929 τὴν
1376 861 1510 931 γῆν.
1545 861 1806 914 Τοσοῦτον
1835 859 1941 929 γὰρ

294 950 578 1017 ἀφέξουσιν
609 949 805 1013 αὐτῶν,
848 949 1029 1017 φησὶν,
1066 947 1113 998 οί
1152 945 1262 998 θεοὶ
1315 946 1616 1013 παρασχεῖν
1656 959 1776 995 τινα
1806 959 1942 1009 συμ-

296 1037 514 1105 μαχίαν,
562 1037 642 1088 ὅτι
690 1035 786 1104 τῆς
824 1035 972 1104 παρά
1009 1033 1116 1085 τῶν
1163 1030 1460 1101 ἀνθρώπων
1504 1030 1778 1099 δεήσονται
1815 1028 1940 1097 βοη-

292 1119 478 1182 θείας,
525 1120 619 1172 καὶ
649 1120 826 1171 τόπων
868 1117 1193 1185 ἀσφαλείας,
1241 1116 1379 1167 ὥστε
1416 1114 1489 1184 μὴ
1527 1114 1759 1175 ἁλῶναι,
1809 1112 1940 1164 Ἀπὸ

291 1205 613 1272 προσώπου
649 1205 753 1257 τοῦ
790 1206 975 1272 φόϐου
1026 1202 1270 1269 Κυρίου,
1316 1201 1410 1253 καί
1452 1199 1571 1255 ἀπὸ
1612 1199 1722 1266 τῆς
1761 1198 1942 1264 δόξης

292 1290 401 1357 τῆς
429 1293 641 1359 ἰσχύος
683 1291 886 1354 αὐτοῦ,
929 1290 1074 1341 ὅταν
1100 1284 1335 1353 ἀναστῇ
1374 1284 1627 1353 θραῦσαι
1660 1285 1773 1350 τὴν
1805 1282 1936 1352 γῆν.

295 1370 408 1429 ’Ίνα
448 1375 554 1444 γὰρ
587 1376 658 1445 μή
691 1391 773 1436 τις
810 1376 873 1443 τῇ
916 1374 1022 1424 τῶν
1064 1371 1351 1441 βαρϐάρων
1388 1370 1560 1438 ἐφόδῳ
1597 1368 1765 1420 ταῦτα
1798 1368 1941 1434 λογί-

289 1462 469 1531 ζηται,
515 1461 648 1531 μηδὲ
675 1463 773 1529 τῆς
824 1459 1001 1528 ἰσχύος
1044 1459 1140 1527 τῆς
1168 1456 1387 1509 ἐκείνων
1430 1452 1567 1507 εἶναι
1618 1454 1809 1524 νομίζῃ
1852 1452 1941 1505 τὸν

290 1549 472 1618 φόϐαν,
499 1549 688 1616 ἀνάγει
716 1549 803 1600 τὸν
836 1548 988 1614 λόγον
1014 1546 1107 1600 ἐπὶ⁷
1133 1546 1222 1598 τὸν
1251 1544 1357 1597 τῶν
1385 1544 1520 1597 ὅλων
1557 1543 1706 1606 Θεὸν,
1740 1544 1931 1610 λέγων.

288 1636 370 1688 δτι
424 1635 586 1696 αὐτὸς
634 1634 728 1686 τοῦ
782 1632 1017 1702 πολέμου
1081 1632 1371 1700 στρατηγεί
1427 1629 1636 1691 τούτου,
1678 1629 1768 1681 καὶ
1811 1629 1938 1696 παρ’

288 1721 495 1775 ἐκείνου
531 1720 757 1790 δύναμις
802 1721 859 1771 ἐν
899 1719 1133 1788 τοσούτῳ
1163 1717 1387 1786 κινδύνῳ
1412 1717 1519 1769 τῶν
1547 1716 1647 1785 ἤδη
1692 1715 1941 1783 πεπλημ-

291 1806 603 1877 μελημένων
625 1817 674 1859 ι.
709 1803 788 1872 Τῇ
824 1804 932 1871 γὰρ
968 1802 1158 1871 ἡμέρᾳ
1200 1804 1401 1869 ἐκείνῃ
1446 1800 1690 1856 ἐκϐαλεῖ
1720 1802 1940 1866 ἀνθρω-

288 1907 401 1957 κος
426 1892 498 1945 τὰ
524 1890 907 1956 ,ϐδελύγματα
930 1889 1131 1949 αὺτοῦ,
1158 1887 1229 1940 τὰ
1256 1885 1479 1955 ἀργυρᾶ
1502 1885 1600 1938 καὶ
1627 1883 1699 1937 τὰ
1722 1883 1938 1952 χρυσᾶ,

288 1975 326 2030 ἆ
363 1976 656 2042 ἐποίησαν
706 1973 936 2038 ἑαυτοῖς
974 1975 1060 2037 εις
1103 1973 1170 2025 τὸ
1225 1970 1594 2038 προσκυνεῖν
1645 1970 1765 2035 τοῖς
1825 1985 1940 2037 μα-

286 2063 473 2126 ταίοις
508 2058 701 2114 αὐτῶν
733 2059 829 2111 καὶ
878 2058 1002 2123 ταῖς
1034 2058 1360 2124 νυκτερίσι,
1390 2056 1498 2110 τοῦ
1536 2056 1828 2110 είσελθεῖν
1854 2057 1941 2120 είς

288 2146 391 2209 τὰς
410 2144 659 2211 στερεάς
679 2142 896 2209 πέτρας
922 2142 1016 2194 καὶ
1042 2143 1128 2205 εἰς
1148 2141 1253 2205 τὰς
1277 2140 1539 2209 σχισμὰς
1564 2139 1682 2193 τῶν
1714 2139 1942 2206 πετρῶν

288 2230 403 2284 ἀπὸ
446 2229 764 2296 προσώπου
810 2227 915 2281 τοῦ
967 2228 1152 2293 φόϐου
1216 2227 1457 2292 Κυρίου,
1508 2225 1605 2278 καὶ
1664 2224 1779 2278 ἀπὸ
1834 2224 1941 2291 τῆς

287 2313 468 2381 δόξης
498 2312 606 2380 τῆς
637 2313 841 2380 ἰσχύος
884 2310 1090 2372 αὐτοῦ,
1119 2310 1263 2363 ὅταν
1287 2308 1521 2377 ἀναστῇ
1546 2310 1795 2377 θραῦσαι
1827 2308 1941 2375 τὴν

286 2399 423 2467 τῆν.
462 2399 678 2460 ’ἰκανῶς
724 2399 916 2460 αὐτοὺς
975 2395 1334 2466 ἐκωμῲδησε,
1383 2396 1592 2457 δεικνὺς
1644 2396 1778 2463 μετά
1833 2395 1939 2447 τῶν

286 2484 423 2537 θεῶν
472 2484 896 2553 κρυπτομένους,
930 2484 1023 2535 καὶ
1057 2484 1134 2544 είς
1171 2482 1267 2551 τὴν
1317 2482 1422 2550 γῆν
1472 2480 1935 2549 καταδυομένους,

286 2569 377 2621 καὶ
416 2568 538 2620 οὔτε
580 2570 678 2638 τὴν
731 2568 1073 2620 πολυτέλειαν
1115 2568 1214 2636 τῆς
1251 2566 1381 2637 ῦλης
1420 2568 1648 2636 ἀρκέσαι
1690 2584 1741 2618 τι
1783 2566 1938 2618 δυνα-

288 2654 453 2724 μένην
494 2654 628 2723 πρὸς
657 2654 752 2721 τὴν
800 2653 1147 2722 ἐπικειμένην
1178 2652 1475 2721 συμφοράν.
1513 2651 1841 2722 Νυκτερίδας
1881 2651 1937 2703 δὲ

286 2740 507 2793 ἐκάλεσε
544 2739 613 2791 τὰ
652 2739 922 2807 εἴδωλα,ἥ
957 2738 1040 2790 διὰ
1075 2738 1169 2807 τὴν
1200 2737 1497 2798 ἀσθένειαν,
1536 2738 1570 2807 ἢ
1618 2737 1702 2788 διὰ
1744 2736 1801 2788 τὸ
1838 2735 1936 2803 τῆς

284 2825 494 2892 πλάνης
539 2824 934 2893 ἐσκοτισμένον,
971 2823 1063 2874 καὶ
1109 2822 1170 2874 τὸ
1210 2821 1384 2873 πάντα
1424 2821 1595 2890 λάθρα
1642 2819 1791 2888 παρά
1832 2820 1936 2872 τῶν

283 2910 552 2979 δαιμόνων
596 2909 943 2979 πράττεσθαι.
983 2909 1189 2978 Ὥσπερ
1235 2914 1343 2977 γάρ
1396 2910 1514 2970 ταῖς
1575 2907 1876 2975 νυκτερίσιν
1909 2908 1938 2959 6

288 2999 386 3067 μὲν
412 2997 561 3067 ἥλιος
594 2996 846 3066 πολέμιον
882 2996 973 3048 καὶ
1016 2996 1074 3047 τὸ
1103 2995 1237 3061 φῶς,
1265 2998 1299 3064 ἠ
1329 2995 1385 3046 δὲ
1412 2993 1507 3057 νὺξ
1543 2994 1637 3044 καὶ⁵
1664 2993 1724 3044 τὸ
1753 2993 1938 3055 σκότος

286 3083 469 3151 φίλονο
515 3081 655 3134 οὕτω
706 3082 798 3134 καὶ
833 3083 942 3142 τοῖς
984 3081 1199 3149 δαίμοσι
1242 3081 1335 3133 καλ¹
1384 3078 1545 3141 τοίςδ
1588 3079 1677 3129 ὑπ’
1717 3078 1936 3130 ἐκείνων

283 3166 650 3237 πλανωμένοις
678 3167 711 3235 ἠ
758 3165 987 3234 πονηρία
1038 3166 1135 3233 μὲν
1179 3164 1367 3217 καὶτὰ
1399 3164 1683 3232 παράνομα
1726 3163 1936 3215 ᾶπαντα

285 3252 484 3322 συνήθη
516 3252 610 3304 καὶ
637 3250 783 3318 φίλα,
824 3250 989 3319 ἐχθρά
1024 3250 1081 3301 δὲ
1112 3252 1144 3320 ἡ
1178 3249 1344 3318 ἀρετὴ
1376 3248 1470 3300 καὶ
1511 3247 1579 3299 τὰ
1624 3247 1715 3299 τοῦ
1762 3248 1932 3315 φωτὸς

284 3338 448 3408 ἔργα,
490 3339 585 3389 καὶ
625 3335 949 3405 λαμψάντων
987 3335 1184 3395 αὐτῶν,
1231 3334 1431 3395 εὐθέως
1480 3334 1838 3397 σκοτίζονται,
1874 3334 1933 3385 οὐ

281 3423 535 3492 δεομένου
575 3420 668 3473 τοῦ
716 3423 773 3473 ἐν
806 3422 970 3489 ἀρετῇ
1004 3420 1203 3483 ζῶντος
1243 3419 1405 3470 πόνου
1442 3419 1585 3480 τινὸς
1617 3418 1707 3470 καὶ
1751 3418 1933 3487 καμά-

283 3524 394 3560 του.
430 3508 614 3576 Ἀρκεί
652 3505 759 3575 γὰρ
789 3506 1022 3573 φανῆναι
1056 3505 1230 3573 μόνον,
1267 3504 1358 3555 καὶ
1388 3504 1560 3555 πάντα
1600 3501 1930 3554 καταλύσειε

287 3594 489 3647 ἐκεῖνα.
515 3592 836 3645 Παύσασθε
870 3590 1011 3658 ὑμῖν
1033 3589 1147 3643 ἀπὸ
1178 3588 1281 3641 τοῦ
1312 3589 1639 3654 ἀνθρώπου,
1670 3582 1741 3641 οὗ
1769 3587 1936 3639 ἐστιν

286 3676 555 3742 ἀναπνοὴ
593 3676 662 3728 ἐν
703 3673 957 3743 μυκτῆρι
1004 3674 1215 3728 αὐτοῦ’
1257 3673 1344 3726 ὅτι
1380 3674 1448 3725 ἐν
1493 3675 1608 3725 τίνι
1650 3673 1932 3740 ἐλογίσθη

285 3763 485 3825 αὐτοῖς
512 3758 719 3825 οὗτος;
757 3760 1015 3814 Ἐνταῦθά
1060 3778 1148 3829 μοι
1180 3760 1324 3812 δοκεῖ
1358 3759 1447 3811 τὸν
1492 3758 1733 3822 Ἐζεκίαν
1764 3759 1934 3811 αίνίτ-

283 3847 485 3905 τεσθαι,
513 3848 577 3898 ἐκ
598 3846 691 3898 τοῦ
719 3845 869 3908 δέους
898 3847 1106 3913 καὶτῆς
1137 3845 1333 3913 πολλῆς
1358 3843 1594 3910 ἀγωνίας
1623 3842 1755 3911 πρὸς
1778 3844 1935 3911 ἐσχά-

283 3949 379 3993 τας
401 3931 528 3983 δντα
569 3932 857 3992 ἀναπνοάς.
898 3930 1049 3983 Ἐπεὶ
1079 3925 1170 3982 οὖν
1199 3928 1385 3998 ὥσπερ
1416 3930 1473 3979 ἐν
1504 3927 1741 3989 δικτύοις
1772 3928 1932 3981 αὑτὸν

283 4017 534 4079 λαϐόντες
580 4018 628 4069 οί
684 4015 975 4085 βάρϐαροι,
1016 4015 1227 4084 ἕτοιμον
1263 4015 1505 4083 ἐνόμιζον
1557 4014 1725 4084 θήραν
1770 4013 1929 4082 ἔχειν,

284 4104 376 4156 καὶ
401 4102 520 4155 οὐδὲ
550 4102 709 4154 πόνου
747 4101 951 4155 δεῖσθαι
978 4102 1057 4162 είς
1092 4102 1189 4169 τῆν
1220 4099 1318 4167 τῆς
1352 4099 1555 4161 πόλεως
1587 4098 1804 4161 ἅλωσιν,
1843 4098 1933 4149 καὶ

281 4188 377 4258 τὴν
406 4186 776 4255 αἰχμαλωσίαν
815 4187 912 4253 τὴν
960 4185 1187 4249 ἐκείνου,
1235 4183 1430 4253 συνέϐη
1467 4183 1772 4236 τούναντίον
1822 4185 1932 4244 τοῖς

285 4270 604 4342 βαρϐάροις.
641 4271 738 4323 Διά
768 4270 926 4323 τοῦτό
975 4286 1138 4339 φησιο
1178 4270 1500 4322 Παύσασθε
1537 4268 1655 4323 ἀπὸ
1688 4269 1790 4322 τοῦ
1830 4269 1933 4322 ἀν-

285 4357 535 4423 θρώπου,
566 4352 635 4410 οὗ
665 4357 833 4408 ἐστιν
871 4355 1143 4421 ἀναπνοὴ
1184 4355 1253 4407 ἐν
1296 4352 1552 4423 μυκτῆρι
1593 4354 1804 4407 αὐτοῦ·
1846 4354 1932 4407 ὅτι

282 4442 351 4495 έν
381 4441 498 4494 τίνι
538 4442 821 4509 ἐλογίσθη
859 4440 1061 4504 αὐτοῖς
1111 4440 1235 4511 [52]
1281 4435 1493 4504 οὖτος;
1538 4441 1844 4504 Τουτέστιν,
1875 4442 1932 4493 ἐν

282 4526 455 4579 οὐδενὶ
507 4525 775 4595 ἐλογίσθη.
810 4526 917 4577 Καὶ
953 4525 1061 4595 γάρ
1093 4526 1167 4589 ὡς
1199 4525 1259 4588 ἐξ
1296 4526 1592 4595 ἐπιδρομῆς
1630 4527 1805 4579 πάντα
1836 4527 1933 4595 ἧλ-

282 4628 447 4665 πισαν
489 4610 904 4681 ἀναιρήσεσθαι·
939 4610 1097 4679 ἐξέϐη
1124 4610 1180 4663 δὲ
1225 4612 1532 4664 τούναντίον
1576 4611 1751 4665 ἅπαν·
1785 4613 1878 4665 καὶ
1905 4616 1933 4666 6

284 4697 449 4767 μηδὲν
484 4693 621 4749 εἶναι
669 4697 1014 4765 νομιζόμενος
1062 4695 1189 4765 παρ’
1243 4698 1385 4765 ὑμῖν,
1429 4697 1541 4749 ἀλλ’
1569 4698 1933 4763 εὐκαταγώνιο

283 4799 427 4845 στος,
471 4778 623 4843 οὗτος
664 4782 1042 4852 λαμπρότερος
1088 4782 1305 4836 πάντων
1338 4784 1605 4850 φανεῖται,
1652 4784 1748 4851 τῆς
1783 4784 1933 4852 παρά

281 4866 378 4920 τοῦ
410 4866 544 4919 Θεοῦ
577 4866 860 4919 ἀπολαύων
895 4869 1085 4937 ῥοπῆς.

926 4987 1168 5039 ΚΕΦΑΛ.
1212 4987 1280 5038 Γθ.

295 5089 438 5143 Ἰδοὺ
477 5093 509 5142 ό
550 5090 850 5153 Δεσπότης
893 5090 1102 5155 Κύριος
1140 5089 1378 5143 Σαϐαὼο
1417 5092 1630 5157 ἀφελεῖ
1662 5092 1777 5143 ἀπὸ
1822 5090 1932 5156 τῆς

367 5158 642 5222 Ἰουδαίας
696 5158 790 5209 καὶ
854 5158 971 5210 ἀπὸ
1033 5159 1425 5227 Ἰερουσαλὴμ
1484 5162 1773 5226 ἰσχύοντα
1833 5162 1928 5212 καὶ

352 5229 710 5295 ἰσχύουσαν.

354 5335 419 5382 α’.
456 5328 718 5397 Καθάπερ
760 5328 939 5399 ίατρδς
972 5328 1207 5398 ἀριστος,
1253 5328 1346 5380 νῦν
1393 5329 1490 5397 μὲν
1528 5330 1717 5393 καίων,
1752 5329 1843 5380 νῦν
1876 5330 1930 5380 δὲ

342 5466 369 5493 ⁸
388 5463 546 5514 Locus
569 5470 623 5513 ut
645 5465 840 5513 videtur
861 5470 1131 5525 corruptus,
1171 5467 1247 5511 cui
1266 5465 1522 5525 Amedicam
1544 5479 1735 5513 manum
1769 5466 1931 5513 admo-

282 5536 401 5573 vere
423 5530 577 5573 lenla't
601 5527 649 5572 in
684 5528 809 5574 notis
833 5523 1215 5574 Savilii‘Boisius
1238 5523 1305 5572 sic
1328 5528 1486 5573 locum
1528 5528 1792 5575 restituens
1820 5546 1829 5572 :
1852 5528 1929 5571 καὶ

283 5587 314 5640 ἡ
338 5586 443 5647 παρ’
464 5586 639 5632 ἐκείνου
664 5585 850 5645 δύναμις
882 5586 1193 5640 καταπλήττει
1236 5586 1343 5639 τοὺς
1387 5587 1433 5633 ἐν
1476 5587 1691 5647 τοσούτῳ
1734 5586 1930 5647 κινδύνῳ

282 5646 595 5700 καθεστῶτας,
619 5650 698 5691 καὶ
717 5648 811 5692 τῶν
849 5647 938 5701 ἤδη
980 5646 1439 5704 πεπλημμελημένων
1480 5648 1635 5701 αὐτοῖς
1668 5646 1932 5699 δεδωκότας

281 5704 413 5761 δίκην
460 5705 643 5752 Verum
665 5707 753 5752 hoc
780 5706 995 5752 divinare
1020 5712 1111 5751 est.

346 5765 527 5829 δηῌιες,
551 5766 741 5825 δαίμοσι
759 5767 837 5811 καὶ
870 5766 982 5821 τοῖς,
1008 5765 1210 5811 deerant
1245 5766 1293 5811 in
1336 5766 1454 5813 Mor.
1503 5766 1602 5814 Sed
1628 5779 1685 5814 ex
1709 5766 1834 5829 Reg.
1882 5774 1932 5815 el

286 5822 431 5872 Sm‘il.
463 5822 684 5872 res-[illita
710 5833 840 5872 sunt.

351 5886 373 5914 ο
400 5885 517 5946 Reg.
544 5885 822 5940 καταλῦσαι,
844 5898 951 5943 quae
974 5884 1119 5930 lectio
1154 5900 1244 5929 non
1270 5887 1562 5940 spprrmnda.

695 5978 959 6032 l‘ATuuL.
1005 5975 1119 6031 Un.
1169 5974 1321 6032 LVI.

1663 321 1733 377 ιΝ
1770 318 1935 377 18Α1ἐ

2066 315 2218 372 CAP.
2252 316 2340 371 111.
3633 324 3708 380 4ο

2047 430 2279 499 τέμνων,
2310 429 2403 481 νῦν
2432 428 2488 480 δὲ
2520 427 2689 497 πικρά
2733 427 2906 491 διδοὺς
2937 427 3234 498 φάρμακα,
3277 425 3550 496 μεθοδεύει
3592 424 3701 477 τῶν

2046 514 2465 584 ἀρρωστούντων
2491 512 2589 583 τὴν
2617 512 2826 581 ὑγίειαν
2847 529 2860 542 °
2896 512 3036 566 οὕτω
3061 512 3124 581 δὴ
3154 513 3246 565 καὶ
3268 516 3295 565 ὸ
3325 512 3699 581 φιλάνθρωπος

2047 599 2197 663 θεὸς,
2226 598 2491 663 ποικίλαις
2523 599 2618 652 καὶ
2642 599 2915 670 διαφόρως
2936 600 3227 669 τιμωρίαις
3253 598 3312 651 τὸ
3334 598 3581 668 διαρρέον
3606 596 3700 648 καὶ

2047 687 2436 750 ἀναπεπτωκὸς
2480 686 2588 740 τῶν
2624 689 2891 742 Ἰουδαίων
2935 689 3296 757 ἐπισφίγγων,
3342 687 3436 739 νῦν
3485 686 3583 755 μὲν
3630 687 3698 755 τῇ

2046 772 2153 824 τῶν
2182 772 2480 843 Βαρϐάρων
2510 773 2678 843 ἐφόδῳ
2710 774 2861 842 φοϐεῖ
2886 775 3012 839 τοὺς
3034 775 3372 844 ἀγνώμονας,
3401 771 3495 825 νῦν
3519 772 3574 824 δὲ
3607 774 3702 825 καὶ

2049 858 2154 927 πρὸ
2206 859 2303 927 τῆς
2358 858 2579 911 ἐκείνων
2625 860 2916 924 ἐπιθέσεως
2958 862 3173 932 ἑτέραις
3213 860 3408 921 αὐτοὺς
3455 858 3703 920 ἀπειλαῖς

2048 944 2415 1007 καταστέλλει,
2444 949 2509 1014 τῇ
2544 946 2779 1016 ποικιλία
2805 948 2912 999 τῶν
2957 948 3190 1000 ἀπειλῶν
3237 944 3549 1016 ἀκμάζοντα
3579 944 3699 996 δια-

2046 1030 2227 1099 τηρῶν
2268 1030 2326 1082 ἐν
2354 1031 2535 1093 αὐτοῖς
2562 1030 2654 1083 τὸν
2691 1031 2872 1098 φόϐον.
2899 1031 3012 1084 Νῦν
3034 1031 3164 1100 γοῦν
3198 1031 3480 1085 ἀσθένειαν
3507 1030 3701 1092 αὐτοὺς

2047 1115 2257 1167 ἀπειλεῖ
2275 1114 2324 1179 δ,
2356 1117 2451 1169 καὶ
2484 1116 2659 1185 λιμὸν,
2695 1117 2789 1169 καὶ
2821 1118 3048 1187 αὐχμὸν,
3078 1119 3197 1187 οὐχὶ
3223 1118 3331 1171 τῶν
3367 1116 3698 1184 ἀναγκαίων,

2047 1196 2179 1250 ἀλλά
2204 1198 2295 1250 καὶ
2319 1198 2539 1252 ἐκείνων
2565 1200 2672 1251 τῶν
2700 1200 2851 1253 οὐδὲν
2891 1200 3105 1253 ἔλαττον
3128 1200 3236 1253 τῶν
3263 1200 3577 1267 ἐπιτηδείων
3604 1199 3703 1269 τὴν

2047 1283 2319 1353 ἡμετέραν
2363 1285 2691 1354 συνεχόντων
2722 1287 2884 1356 ζωήν.
2930 1287 3003 1339 Οὐ
3050 1286 3158 1356 γάρ
3185 1286 3249 1356 δὴ
3279 1286 3433 1356 λιμὸς
3466 1286 3702 1355 χαλεπὸν

2049 1370 2225 1436 μόνον,
2268 1370 2403 1423 ἀλλὰ
2445 1375 2536 1423 καὶ
2564 1373 2625 1424 τὸ
2662 1376 2720 1425 ἐν
2763 1373 2966 1443 ἐρημίᾳ
3011 1372 3338 1425 καθεστάναι
3366 1372 3473 1425 τῶν
3501 1372 3703 1441 κυϐερ-

2046 1453 2257 1508 νὼντων
2289 1455 2358 1508 τά
2390 1458 2687 1527 πράγματα
2709 1475 2724 1489 ο
2760 1458 2788 1511 ὅ
2818 1459 2911 1511 καὶ
2942 1459 3041 1529 τὴν
3072 1458 3321 1529 εὐθηνίαν
3348 1456 3506 1528 λιμοῦ
3540 1458 3700 1528 χαλε-

2047 1540 2295 1607 πωτέραν
2326 1542 2643 1608 ἀποφαίνειν
2688 1544 2863 1596 εἴωθε.
2914 1544 2979 1596 Τί
3021 1545 3130 1616 γὰρ
3167 1543 3357 1613 ὄφελος
3398 1545 3462 1596 ἐκ
3511 1542 3701 1609 πηγῶν

2047 1624 2257 1677 ἅπαντα
2291 1627 2535 1696 ἐπιρρεῖν
2574 1640 2619 1690 ο,
2661 1629 2787 1681 ὅταν
2823 1629 3070 1698 ἐμφύλιοι
3112 1630 3397 1683 τίκτωνται
3438 1628 3699 1697 πόλεμοι,

2047 1711 2139 1763 καὶ
2172 1713 2204 1781 ἡ
2241 1711 2481 1767 θάλασσα
2523 1715 2884 1786 διεγείρηται,
2931 1717 3024 1769 καὶ
3065 1717 3173 1769 τῶν
3204 1717 3463 1787 κυμάτων
3510 1732 3701 1784 μαινο-

2047 1796 2222 1866 μένων
2252 1801 2389 1869 μήτε
2412 1801 2764 1872 κυϐερνήτης,
2798 1803 2935 1871 μήτε
2964 1803 3233 1873 πρωρεὺς.
3268 1804 3402 1872 μήτε
3434 1801 3590 1864 ἀλλος
3616 1817 3702 1862 τις

2047 1878 2078 1953 ᾖ
2108 1883 2398 1953 δυνάμενος
2423 1886 2679 1942 διαθεῖναι
2702 1886 2792 1941 τὸν
2818 1888 2926 1940 τῶν
2952 1889 3288 1957 πραγμάτων
3313 1888 3573 1957 χειμῶνα,
3607 1905 3674 1940 κα
3694 1904 3714 1940 ι

2046 1970 2382 2040 καταστῆσαι
2421 1972 2690 2043 γαλήνηνς
2716 1974 2884 2027 Ὅταν
2913 1973 2971 2026 δέ
3008 1973 3143 2041 μετά
3178 1972 3384 2025 τούτων
3420 1973 3513 2025 καὶ
3544 1972 3701 2041 λιμὸς

2043 2051 2116 2126 ᾖ,
2166 2057 2414 2127 ἐννόησον
2466 2059 2577 2111 τῶν
2624 2060 2809 2113 κακῶν
2856 2060 2953 2130 τὴν
3000 2059 3324 2131 ὑπερϐολήν.
3379 2059 3564 2113 Ταῦτα
3609 2056 3701 2112 οὖν

2046 2141 2257 2195 ἅπαντα
2281 2142 2493 2196 ἀπειλεῖ
2517 2145 2545 2196 6
2573 2144 2725 2207 Θεὸς,
2756 2144 2853 2197 καὶ
2880 2145 3093 2215 πρῶτον
3122 2145 3181 2198 τὸ
3212 2146 3427 2199 πάντων
3457 2144 3701 2214 χαλεπώο

2043 2241 2219 2294 τερον.
2250 2225 2396 2280 Ἰδοὺ
2421 2226 2551 2296 γὰρ,
2583 2229 2765 2298 φησὶν,
2796 2234 2833 2286 ό
2876 2231 3180 2295 Δεσπότης
3200 2231 3412 2297 Κύριος
3436 2229 3697 2284 Σαϐαὼθ.

2044 2310 2122 2380 Τῇ
2146 2310 2287 2375 λέξει
2314 2311 2504 2384 ταύτῃ,
2542 2312 2708 2378 Ἰδοὺ,
2732 2314 2970 2383 συνεχῶς
2997 2317 3046 2367 οἱ
3072 2315 3345 2385 προφῆται
3382 2316 3697 2385 κέχρηνται,

2043 2397 2167 2449 ὅταν
2197 2397 2604 2469 πληροφορῆσαι
2650 2399 2742 2452 τὸν
2772 2401 3043 2471 ἀκροατὴν
3094 2401 3385 2471 βούλωνται
3424 2404 3552 2471 περὶ
3585 2403 3694 2454 τῶν

2044 2481 2369 2551 λεγομένων.
2393 2484 2506 2535 Οὐκ
2538 2483 2767 2537 ἐνταῦθα
2787 2484 2845 2537 δὲ
2874 2486 3052 2554 μόνον,
3080 2487 3212 2540 ἀλλά
3238 2487 3331 2539 καὶ
3356 2488 3577 2552 ἀνωθεν,
3606 2489 3698 2540 καὶ

2044 2567 2105 2629 ἐξ
2130 2568 2301 2636 ἀρχῆς
2343 2565 2495 2624 ἐστιν
2545 2569 2689 2633 ἰδεῖν,
2720 2570 2800 2624 ὅτι
2846 2571 2944 2641 τῆς
2990 2576 3303 2642 σωματικῆς
3333 2574 3610 2635 ἀσθενείας
3640 2576 3695 2625 at

2042 2652 2303 2721 ἁμαρτίαι
2358 2656 2738 2725 προηγήσαντο
2789 2656 3078 2719 πολλάκις,
3118 2658 3195 2722 ὡς
3239 2659 3330 2710 ἐπὶ
3377 2658 3470 2711 τοῦ
3522 2661 3693 2712 Κάῖνο

2042 2738 2226 2809 ἐπειδὴ
2263 2738 2368 2810 γὰρ
2398 2740 2460 2791 οὐ
2494 2740 2671 2803 καλῶς
2703 2742 2970 2812 ἐχρήσατο
2996 2746 3060 2814 τῇ
3096 2745 3257 2814 ίσχύῖ,
3298 2746 3577 2815 παρελύθη
3606 2762 3699 2798 καο

2042 2824 2165 2887 λῶς.
2192 2824 2347 2878 υῦτω
2375 2826 2470 2880 καὶ
2496 2826 2526 2878 6
2553 2827 2646 2879 ἐπὶ
2670 2828 2769 2898 τῆς
2798 2829 3177 2901 κολυμϐήθρας
3236 2832 3315 2884 ὅτι
3343 2832 3450 2901 γὰρ
3482 2834 3514 2901 ἡ
3545 2834 3695 2902 πηγὴ

2040 2911 2135 2979 τῆς
2182 2910 2462 2980 παρέσεως
2502 2911 2571 2965 τά
2610 2912 2981 2983 ἁμαρτήματα
3015 2911 3108 2986 ἦν,
3158 2918 3321 2986 φησὶν
3364 2918 3392 2969 6
3424 2919 3653 2988 Χριστός
3678 2936 3693 2949 ⁸

2045 2994 2175 3056 Ἴδε,
2210 2995 2385 3064 ὑγιὴς
2418 2996 2688 3066 γέγονας,
2711 3000 2919 3068 μηκέτι
2952 3001 3266 3069 ἁμάρτανε.
3298 3003 3407 3056 Καὶ
3431 3006 3459 3057 6
3487 3005 3697 3068 Παῦλος

2041 3079 2097 3132 δέ
2131 3098 2259 3150 φησι
2280 3097 2293 3111 ⁸
2323 3083 2428 3135 Διά
2455 3083 2628 3136 τοῦτο
2656 3084 2726 3136 ἐν
2753 3085 2893 3152 ὑμῖν
2925 3088 3139 3140 πολλοὶ
3170 3089 3442 3155 ἀσθενεῖς
3462 3108 3475 3121 ν
3510 3090 3694 3159 ἐπειδὴ

2042 3165 2349 3234 ἡμάρτανον
2387 3167 2446 3219 οὺ
2481 3167 2703 3237 καθαρῷ
2732 3168 2989 3223 συνειδότι
3022 3171 3129 3223 τῶν
3179 3173 3487 3243 μυστηρίων
3529 3191 3695 3244 μετα-

2041 3251 2422 3321 λαμϐάνοντες.
2467 3254 2577 3306 Καὶ
2616 3254 2707 3308 τὸν
2744 3256 3147 3326 πεπορνευκότα
3190 3258 3247 3310 δὲ
3287 3259 3537 3331 ἀσθενείᾳ
3587 3263 3694 3313 σώ-

2044 3353 2211 3405 ματος
2242 3338 2593 3407 παραδίδωσι,
2622 3339 2824 3410 ταύτην
2853 3341 2992 3411 ὑπὲρ
3018 3343 3424 3412 ἁμαρτημάτων
3449 3346 3695 3401 ἀπαιτῶν

2039 3420 2212 3490 δίκην.
2244 3423 2317 3474 Οὐ
2350 3422 2454 3492 μὴν
2486 3424 2758 3494 πανταχοῦ
2789 3427 3195 3497 ἁμαρτημάτων
3223 3429 3491 3500 ἐπιτίμιον
3516 3432 3692 3497 τοῦτο,

2040 3506 2153 3559 ἀλλ’
2191 3506 2338 3559 ἐστιν
2366 3508 2499 3560 ὅπου
2535 3509 2627 3562 καὶ
2667 3512 2943 3579 στεφάνων
2973 3512 3225 3576 ὑπόθεσις
3253 3514 3315 3566 τὸ
3346 3517 3575 3586 πρᾶγμα
3611 3519 3693 3586 γί-

2039 3608 2222 3655 νεται,
2252 3592 2328 3655 ὡς
2373 3594 2465 3645 ἐπὶ
2508 3593 2601 3647 τοῦ
2651 3595 2898 3667 Λαζάρου
2944 3598 3035 3650 καὶ
3066 3600 3161 3651 τοῦ
3209 3599 3346 3654 Ἰὼϐ.
3379 3602 3490 3654 οὐκ
3534 3605 3693 3657 ἀσθέ-

2038 3694 2175 3730 νειαι
2200 3678 2255 3730 δὲ
2297 3678 2474 3747 μόνον,
2501 3678 2616 3751 [55]
2644 3681 2777 3735 ἀλλά
2806 3682 2899 3736 καὶ
2929 3683 3101 3737 λῶϐαι
3131 3684 3315 3755 ἕτεραι
3352 3686 3600 3758 σώματος
3635 3692 3691 3755 ἐξ

2038 3763 2446 3833 ἁμαρτημάτων
2482 3765 2736 3832 ἐγίνοντο,
2778 3766 2853 3829 ὡς
2882 3769 2914 3837 ἡ
2959 3769 3132 3838 λέπρα
3160 3769 3253 3822 τοῦ
3288 3770 3434 3834 Ὀζία
3478 3774 3568 3826 διὰ
3596 3776 3693 3845 τὴν

2038 3850 2413 3918 ἀναισχυντίαν
2439 3851 2537 3920 τῆς
2562 3850 2804 3922 γνώμης,
2828 3854 2903 3915 ὡς
2929 3855 2960 3923 ἡ
2994 3855 3113 3924 χεὶρ
3134 3855 3228 3906 τοῦ
3261 3855 3519 3924 βασιλέως
3540 3861 3692 3931 Ἱερο-

2040 3933 2181 4004 ϐοάμ
2207 3936 2304 4004 τὴν
2337 3937 2605 4007 ξηρότητα
2633 3939 2969 4006 ὑπομείνασα
2996 3940 3084 3993 διὰ
3113 3942 3212 4009 τὴν
3244 3942 3499 3996 ἀπόνοιαν
3529 3947 3691 3999 αὑτοῦ

2039 4020 2130 4071 καὶ
2161 4020 2496 4084 ἀλαζονείαν.
2551 4024 2658 4075 Καὶ
2702 4024 2792 4075 τοῦ
2841 4026 3110 4094 Ζαχαρίου
3152 4026 3211 4078 δὲ
3251 4028 3284 4097 ὴ
3331 4028 3544 4096 γλῶττα
3594 4033 3692 4103 οὐχ

2038 4106 2299 4173 ἑτέρωθεν
2349 4108 2580 4178 ἐπδήθη
2612 4108 2655 4174 τ,
2696 4110 2868 4180 ἀλλ’ἢ
2902 4110 2989 4163 διὰ
3029 4112 3128 4181 τὴν
3160 4113 3257 4182 τῆς
3288 4112 3464 4185 ψυχῆς
3508 4118 3690 4188 ἀμαρ-

2036 4192 2176 4244 τίαν.
2212 4193 2362 4245 Ἐπεὶ
2382 4190 2477 4247 οῦν
2504 4195 2597 4246 καὶ
2624 4197 2734 4257 τοῖς
2766 4196 3035 4259 Ἰουδαίοις
3063 4198 3397 4267 εὺσιιιματεῖν
3422 4202 3514 4253 καὶ
3543 4221 3691 4275 σφρι·

2036 4278 2140 4346 γᾷν
2176 4278 2267 4329 καὶ
2301 4277 2510 4341 τούτοις
2558 4282 2732 4350 κομᾷν
2762 4284 2872 4344 τοῖς
2931 4280 3391 4352 πλεονεκτήμασιν
3439 4288 3688 4345 ἀπονοία-τ

2038 4363 2293 4425 ὑπόθεσις
2336 4364 2558 4429 ἐγίνετο,
2611 4366 2845 4436 ῦπέσυρε
2884 4368 2983 4437 τῆς
3026 4368 3337 4432 ἀλαζονείας
3383 4371 3479 4441 τὴν
3512 4374 3687 4443 ῥίζαν,

2039 4448 2303 4501 νουθετῶν
2330 4451 2527 4514 αὐτοὺς
2548 4454 2639 4504 καὶ
2671 4452 2906 4520 βελτίους
2926 4454 3111 4517 ποιῶν,
3139 4456 3230 4507 καὶ
3258 4456 3476 4524 μείζονα
3496 4459 3686 4525 διδοὺς,

2035 4535 2070 4604 ἢ
2104 4534 2499 4604 ἀφαιρούμενος
2545 4536 2605 4599 ἐξ
2631 4536 2827 4589 αὐτῶν.
2853 4538 3009 4590 Ποῖον
3044 4540 3149 4609 γάρ
3196 4540 3389 4609 βλάϐος
3430 4544 3490 4595 τὸ
3535 4546 3687 4614 σῶμα

2038 4620 2302 4684 ἀσθενεῖν,
2335 4622 2460 4675 ὅταν
2497 4620 2743 4673 ἐντεῦθεν
2778 4622 3093 4693 παιδεύηται
3130 4626 3163 4694 ἡ
3202 4625 3379 4695 ψυχῆς
3424 4623 3555 4681 Εἶτα
3603 4632 3690 4685 ἵνα

2041 4704 2116 4774 μὴ
2147 4706 2405 4774 νομίζωσι
2430 4705 2643 4773 φύσεως
2670 4707 2951 4771 ἀσθενείας
2980 4705 3117 4761 εἶναι
3144 4710 3203 4762 τὸ
3231 4713 3536 4780 γενόμενον,
3564 4732 3687 4785 προ-

2038 4790 2381 4860 ανεφώνησεν
2408 4791 2545 4843 αὐτὰ
2566 4793 2593 4844 6
2623 4796 2920 4862 προφήτης,
2949 4794 3042 4846 καὶ
3069 4796 3131 4847 οὺ
3162 4797 3320 4865 μέχρι
3348 4797 3453 4849 τῶν
3479 4800 3686 4870 ἀνδρῶν

2038 4875 2231 4944 ἔστησε
2258 4876 2359 4947 τὴν
2391 4876 2636 4946 ἀπειλὴν,
2668 4877 2801 4930 ἀλλά
2836 4880 2929 4932 καὶ
2966 4882 3057 4933 ἐπὶ
3097 4880 3158 4933 τὸ
3200 4886 3501 4948 γυναικεῖον
3532 4886 3685 4953 γένος

2037 4961 2304 5016 διεϐίϐασε
2342 4964 2441 5033 τὴν
2484 4964 2770 5033 τιμωρίαν,
2817 4966 3001 5036 ἐπειδὴ
3047 4968 3139 5021 καὶ
3182 4970 3415 5038 ἑκατέρα
3446 4973 3481 5041 ὴ
3526 4971 3684 5039 φύσις

2035 5048 2341 5118 διέφθαρτο,
2375 5052 2468 5103 καὶ
2500 5050 2703 5120 προῖὼν
2733 5051 2818 5104 διά
2845 5052 2940 5122 τὴν
2974 5054 3273 5125 ὑπερϐολὴν
3320 5058 3418 5126 τῆς
3459 5058 3685 5123 ἀτοπίας

2040 5136 2131 5185 καὶ
2162 5134 2294 5204 πρὸς
2323 5134 2489 5198 αὐτὰς
2523 5136 2859 5189 ἀποτείνεται
2884 5138 2982 5201 τὰς
3010 5143 3290 5204 γυναῖκας,
3320 5142 3563 5209 ἐγκαλῶν
3590 5147 3685 5199 αύ-

2039 5221 2155 5280 ταῖς
2184 5219 2519 5288 ἐγκλήματα,
2548 5220 2583 5274 ἀ
2611 5222 2710 5291 τὴν
2737 5223 2888 5275 πόλιν
2918 5225 3084 5293 αὐτὴν
3114 5227 3177 5277 ἐκ
3209 5225 3422 5297 βάθρων
3464 5230 3683 5299 ἀνέτρε-

2040 5321 2157 5357 πον.
2184 5305 2281 5356 Διά
2316 5306 2379 5375 δὴ
2406 5306 2560 5358 τοῦτο
2587 5308 2681 5359 καὶ
2713 5308 2879 5371 αὺτάς
2910 5308 2987 5377 τῷ
3018 5310 3186 5379 λοιμῷ
3218 5313 3557 5382 περιϐάλλει’
3592 5318 3684 5368 καὶ

2036 5390 2143 5459 γὰρ
2208 5390 2389 5459 λοιμὸν
2453 5392 2779 5445 αίνίττεσθαί
2840 5411 2930 5460 μοι
2991 5395 3137 5447 δοκεῖ
3192 5396 3403 5464 λέγων·
3471 5402 3684 5467 Ἄφελώ

2098 5524 2123 5562 ά
2151 5524 2431 5586 Legendum
2459 5529 2654 5576 videtur
2673 5530 2829 5585 αὐτοῖς
2851 5532 3046 5579 ἀπειλεῖ.

2045 5646 2063 5658 η
2102 5587 2125 5615 ⁸
2153 5585 2403 5659 Hic‘longe
2428 5590 2768 5659 yan’gptﬁeg.
2790 5598 2839 5638 ei
2872 5593 3027 5659 βαιῇ.
3069 5594 3148 5652 qui
3180 5593 3457 5659 ﬁght-mue):
3494 5596 3685 5659 πληγῶν

2036 5650 2487 5716 ᾶπαχταιέπιτηρεῐ-ν.
2522 5650 2633 5716 _$e_d
2660 5650 2821 5698 veiam
2872 5650 3133 5699 lcclionein
3177 5654 3326 5716 hibet
3368 5655 3599 5716 Morellus
3631 5655 3685 5700 ἐκ

2224 5707 2405 5753 ἅπαντα
2435 5710 2651 5777 ἐπιρρεῖν,
2686 5726 2829 5771 quam
2870 5720 3067 5761 secutus
3098 5720 3174 5760 est
3214 5714 3498 5763 Tilmauuus
3535 5714 3686 5760 inier-

2064 5784 2070 5806 Ι
2119 5780 2143 5810 ⁵.
2164 5802 2173 5811 .

2058 5780 2173 5811 ‘IH'S.

2109 5825 2122 5859 ί
2158 5826 2274 5883 Reg.
2322 5833 2365 5871 (ιι
2413 5827 2619 5875 Savilins
2668 5832 2937 5887 ἐπαιδεύθη,
2979 5833 3147 5879 Morel.
3197 5839 3247 5880 et
3286 5834 3538 5881 Bavaricus
3576 5836 3682 5883 ἐπε-

2040 5886 2169 5939 δῆϐη.
2203 5887 2214 5929 ι
2246 5897 2412 5945 ιτςιιιιιε
2441 5890 2586 5935 lcctiu
2626 5892 2735 5938 ωτι-ί
2762 5886 2940 5952 ρετιρδι,
2966 5895 3051 5941 sed
3075 5902 3318 5954 postrema
3343 5893 3532 5942 Ineliur.

3222 5980 3262 6036 3
