4044 6410
311 302 382 359 41
1146 297 1201 353 δ.
1239 295 1524 351 JOANNIS
1560 294 2048 353 cnnvsosmm
2089 295 2403 354 ARCIIIEP.
2444 297 2985 355 consmmmur.
3688 281 3768 335 42

325 410 610 483 ἰσχύοντα
668 408 765 462 καὶ
802 409 1165 477 ἰσχύουσαν·
1200 412 1233 480 ἢ
1267 411 1432 479 ἀλλην
1495 411 1615 463 τινὰ
1672 410 1990 481 σωματικὴν

321 495 620 559 ἀσθένειαν,
648 495 765 547 οὐδὲ
802 495 997 565 ἰατρῶν
1034 496 1283 549 εἴκουσαν
1310 496 1546 566 τέχναις.
1588 496 1847 549 Τοιαῦται
1881 497 1988 566 7&9

321 586 377 635 αἰ
407 582 500 636 τοῦ
529 581 661 635 Θεοῦ
702 581 925 652 πληγαί.
943 583 1140 652 Ἰσχὺν
1172 583 1355 651 ἄρτου
1393 584 1492 638 καὶ
1534 584 1719 652 ἰσχὺν
1744 584 1983 649 ὕδατος.

323 668 693 738 Χαλεπωτάτη
718 669 750 738 ἡ
791 668 1047 738 τιμωρία,
1084 670 1210 721 ὅταν
1246 667 1321 738 μὴ
1350 669 1517 737 αὐτὴν
1542 668 1740 738 ἀναιρῇ
1770 669 1869 738 τὴν
1899 669 1988 720 οὐ-

325 754 465 819 σίαν,
494 754 626 809 ἀλλά
650 755 747 825 τὴν
772 754 831 819 ἐξ
856 755 1024 823 αὐτῆς
1056 754 1409 825 ἐγγινομένην
1440 754 1690 823 δύναμιν,
1721 756 1862 809 ὥστε
1894 755 1988 807 καὶ

324 842 388 909 τῇ
417 840 534 908 δψει
564 839 885 903 κολάζεσθαι
930 839 1197 909 μηδέποτε
1239 838 1707 909 ἐμπιπλαμένους,
1747 840 1841 891 καὶ
1889 840 1986 891 αὺ-

323 927 475 979 τόθεν
522 928 771 997 συνορᾷν,
817 927 897 979 ὅτι
950 926 1203 996 θεήλατος
1247 921 1314 995 ἦν
1365 926 1525 995 ὀργή.
1580 924 1843 995 Γιγαντα
1887 926 1984 977 καί

322 1014 629 1081 ἰσχύοντα.
678 1014 915 1081 Γίγαντα
956 1013 1042 1066 ἀεὶ
1085 1014 1119 1082 ή
1157 1012 1345 1082 Γραφὴ
1387 1012 1479 1065 τὸν
1536 1011 1757 1082 ἰσχυρὸν
1803 1010 1982 1079 λέγειν

323 1098 528 1163 εἴωθεν,
568 1100 721 1170 ἢτὸν
765 1100 1093 1169 ὑπερέχοντα
1134 1099 1241 1151 τῶν
1281 1097 1489 1151 πολλῶν
1537 1101 1605 1167 τῇ
1653 1098 1760 1151 τῶν
1804 1096 1984 1167 μελῶν

322 1186 599 1257 ἀναλογίᾳ.
626 1187 733 1240 Καὶ
759 1186 865 1255 7&9
894 1188 951 1238 tv
980 1189 1045 1255 τῇ
1076 1185 1250 1238 κτίσει
1276 1185 1404 1238 ὅταν
1431 1184 1586 1256 λέγῃ,
1618 1180 1793 1240 Οὗτοι
1824 1181 1985 1253 ἦσαν

320 1275 374 1325 οι
412 1272 701 1341 γίγαντες,
730 1274 783 1325 οἰ
821 1272 1115 1339 ἄνθρωποι
1148 1273 1201 1325 οἰ
1236 1271 1587 1340 ὀνομαστοὶ,
1623 1271 1724 1323 οὐκ
1761 1271 1888 1324 ἀλλο
1931 1287 1982 1321 τι

321 1360 474 1427 γένος
524 1358 846 1428 γεγενῆσθαι
899 1357 1228 1428 διηγουμένη
1276 1356 1448 1410 ταῦτά
1496 1374 1680 1426 φησιν,
1713 1356 1849 1409 ἀλλά
1890 1356 1985 1409 καὶ

320 1447 445 1509 τοὺς
486 1443 736 1514 ἰσχυροὺς
789 1443 881 1495 καὶ
930 1441 1284 1512 εὐρώστους“
1325 1442 1418 1494 καὶ
1467 1442 1812 1512 σφριγῶντας
1853 1440 1985 1510 ἡμῖν

320 1532 628 1586 αἰνίττεται.
660 1530 770 1584 Κιιί
797 1529 1108 1596 ἄνθρωπον
1136 1527 1508 1595 πολεμιστὴν
1540 1527 1638 1582 καί
1665 1524 1980 1591 δικαστήν.

333 1618 626 1688 ’Λφόρητος
657 1616 690 1686 ὴ
723 1614 981 1685 τιμωρία,
1020 1615 1113 1666 καὶ
1146 1614 1377 1683 ἐσχάτης
1408 1612 1681 1674 ἀπωλείας
1712 1609 1984 1673 ἀπόδειξις

320 1704 388 1757 τά
417 1701 701 1773 εἰρημένα,
734 1701 847 1765 καὶ,
873 1699 979 1752 τῶν
1009 1698 1201 1769 τειχῶν
1226 1698 1469 1751 ἑστώτων
1491 1697 1708 1751 καὶτῶν
1734 1698 1981 1767 πύργων,

318 1785 608 1855 αὔτανδρον
640 1786 750 1847 τοῖς
784 1782 1059 1852 πολεμίοις
1090 1780 1205 1859 τὴν.
1227 1778 1376 1833 πόλιν
1414 1778 1762 1849 παραδιδόναι
1782 1777 1981 1830 δύναιτ’

318 1873 405 1927 ἄν.
445 1853 735 1940 ’Λσφάλεια
776 1869 883 1939 7&9
928 1868 1134 1921 πόλεων
1165 1853 1266 1919 οῦκ
1293 1867 1350 1919 ἐν
1378 1865 1544 1928 λίθοις
1572 1865 1664 1917 καὶ
1685 1853 1861 1929 ξύλοις
1892 1864 1983 1915 καὶ

318 1958 643 2030 περιϐόλοις,
678 1955 790 2009 ἀλλ’
833 1956 889 2008 ἐν
923 1956 989 2023 τῇ
1027 1952 1239 2006 συνέσει
1278 1951 1389 2004 τῶν
1432 1952 1532 2020 τὴν
1574 1950 1725 2003 πόλιν
1768 1950 1979 2002 οἰκούν-

319 2064 445 2109 των,
473 2046 521 2099 οἳ
549 2046 712 2115 ἡνίκα
748 2042 845 2113 μὲν
874 2040 939 2095 ἂν
970 2036 1092 2104 ὦσι,
1126 2040 1221 2091 καὶ
1266 2037 1539 2107 πολεμίων
1578 2038 1768 2097 ὄντων,
1802 2037 1980 2103 ἀσφα-

318 2132 564 2201 λέστερον
586 2129 837 2183 ἁπάντων
864 2126 1031 2195 αὐτὴν
1052 2124 1374 2195 τειχίζουσιν
1389 2138 1400 2151 °
1426 2123 1586 2201 ήνίκα
1605 2122 1662 2174 δὲ
1688 2121 1977 2201 ἂνᾲάπῶσι,

318 2210 411 2264 καὶ
453 2199 676 2279 μηδενὸς
704 2204 1064 2275 ἐνοχλοῦντος,
1092 2206 1189 2272 τῆς
1219 2200 1677 2270 πολιορκουμένης
1717 2199 1975 2252 ἀθλιωτέ-

320 2312 418 2367 ραν
445 2295 613 2365 αὐτὴν
638 2292 1044 2361 ἀποφαίνουσιν.

387 2383 450 2453 β’.
488 2382 648 2432 Ὥστε
694 2376 973 2439 κάκείνους
1011 2374 1258 2435 καὶτοὺς
1300 2371 1591 2433 ἀκούοντας
1639 2372 1883 2432 ἅπαντας
1912 2372 1974 2423 οὐ

318 2464 509 2534 μικρὸν
540 2460 849 2531 φιλοσοφίας
887 2458 1062 2526 δόγμα
1090 2455 1175 2509 διά
1208 2454 1408 2507 τούτων
1439 2457 1467 2507 6
1498 2454 1783 2523 προφήτης
1816 2453 1973 2505 ἐπαί-

312 2548 487 2614 δευσε,
521 2547 722 2599 πείθων
760 2544 1027 2614 μηδέποτε
1068 2541 1285 2611 μεγέθει
1312 2539 1518 2602 πόλεως
1558 2538 1800 2609 θαρρεῖν,
1840 2538 1973 2608 μηδὲ

313 2636 536 2704 τάφροις
564 2633 659 2686 καὶ
690 2631 1094 2701 μηχανήμασιν,
1121 2628 1233 2679 ἀλλ’
1260 2626 1468 2697 ἀνδρῶν
1491 2624 1749 2677 ἐπιεικῶν
1780 2625 1971 2693 ἀρετῇ.

311 2720 492 2773 Φοϐῶν
529 2719 702 2772 τοίνυν
728 2714 922 2777 αύτούς
948 2731 1129 2783 φησιν,
1154 2714 1233 2765 ὅτι
1261 2710 1536 2781 ἐρημώσει
1558 2711 1655 2779 τῆς
1679 2709 1974 2778 ἀσφαλείας

312 2807 496 2877 αὐτὴν.
524 2806 582 2858 οὐ
610 2804 733 2866 τοὺς
761 2801 1013 2870 πολεμεῖν
1043 2799 1245 2862 εἰδότας
1271 2797 1599 2867 ἀναρπάζων
1627 2795 1808 2865 μόνον,
1839 2795 1975 2849 ἀλλά

313 2894 407 2948 καὶ
437 2893 561 2954 τοὺς
607 2888 843 2952 δικάζειν
878 2885 1303 2954 ἐπισταμένους,
1345 2885 1395 2935 οῖ
1443 2882 1550 2935 τῶν
1595 2881 1974 2951 πολεμούντων

310 2980 408 3033 οὐκ
440 2976 656 3029 ἔλαττον
686 2971 993 3027 συντελοῦσι
1022 2974 1140 3033 ταῖς
1168 2970 1404 3031 πόλεσιν,
1437 2968 1659 3038 εἰρήνην
1686 2984 1747 3019 τε
1781 2962 1840 3020 εὖ
1870 2967 1975 3019 δια-

311 3064 569 3128 τιθέντες,
610 3062 704 3115 καὶ
744 3060 1008 3129 πολέμους
1035 3057 1063 3097 ιτ
1092 3056 1346 3117 πολλάκις
1391 3054 1639 3117 ἐπιόντας
1675 3054 1974 3124 ἀποκρουό-

316 3167 485 3222 μενοι.
520 3146 735 3217 Ἐπειδὴ
780 3144 887 3216 γάρ
928 3136 1072 3196 οῦτοι
1102 3140 1337 3211 συνεχῶς
1367 3139 1475 3193 ἀπὸ
1519 3140 1616 3209 τῆς
1655 3137 1763 3192 τῶν
1796 3140 1976 3210 ἀμαρ-

310 3237 568 3307 τημάτων
608 3232 827 3304 φύονται
864 3230 920 3302 [5
934 3230 979 3301 ἰ]
1021 3230 1197 3301 ῥίζης,
1237 3228 1457 3280 δυνατὸν
1493 3229 1619 3289 τοὺς
1654 3227 1763 3280 τῶν
1797 3226 1975 3294 νόμων

313 3324 587 3393 φύλακας,
633 3320 725 3372 καί⁵
768 3318 861 3371 τοῦ
894 3317 1097 3398 δικαίου
1136 3316 1272 3384 μετὰ
1305 3312 1591 3381 ἀκριϐείας
1639 3310 1973 3381 προϊσταμέ-

314 3428 456 3472 νους,
483 3410 549 3461 τὰ
575 3406 790 3459 πλείονα
814 3402 920 3456 τῶν
945 3397 1350 3471 ἁμαρτημάτων
1378 3397 1791 3459 άναστέλλοντας
1823 3398 1975 3449 ἀναι-

315 3499 428 3568 ρεῖν
459 3494 549 3548 καὶ
580 3491 672 3545 τοῦ
704 3490 940 3559 πολέμου
974 3487 1072 3557 τὴν
1113 3486 1386 3538 ὑπόθεσιν.
1420 3483 1575 3544 Τίνος
1606 3476 1699 3534 οῦν
1731 3481 1915 3533 ἕνεκεν
1946 3484 1974 3534 6

312 3582 443 3645 Θεὸς
475 3580 670 3641 αὐτοὺς
708 3577 962 3646 ἀνασπᾷ;
998 3572 1212 3643 Ἐπειδὴ
1244 3569 1504 3639 παροῦσιν
1536 3569 1718 3629 αὐτοῖς
1750 3568 1850 3619 οὐκ
1894 3569 1973 3632 εἰς

310 3668 428 3722 δέον
477 3665 791 3734 ἐκέχρηντο.
821 3662 1029 3730 Ὠσπερ
1076 3659 1183 3729 7&9
1229 3657 1298 3709 τά
1336 3658 1576 3725 σωτήρια
1629 3654 1791 3707 αὑτοῦ
1825 3652 1972 3708 διδά-

312 3769 499 3823 γματα
527 3750 725 3819 πολλὴν
755 3748 945 3818 ἐφερον
994 3748 1105 3809 τοῖς
1144 3742 1512 3812 ἀκροωμένοις
1558 3740 1654 3809 τὴν
1684 3741 1970 3808 ὠφέλειαν,

311 3841 403 3895 ἐπὶ
438 3840 494 3891 δὲ
532 3837 637 3890 τῶν
674 3833 937 3888 Ἰουδαίων
983 3830 1328 3901 δημηγορῶν,
1371 3827 1657 3897 ἀσαφείαο
1704 3826 1775 3879 τὰ
1814 3827 1972 3895 λεγό-

316 3941 449 3995 μενα
482 3923 770 3992 ἔκρυπτεν,
814 3916 999 3985 ἐπειδὴ
1047 3916 1121 3985 μὴ
1155 3916 1438 3985 προσεῖχον
1476 3914 1586 3973 τοῖς
1623 3912 1966 3980 λεγομένοις·

311 4012 451 4064 οὕτω
475 4010 537 4078 δὴ
573 4009 667 4061 καὶ
693 4005 763 4057 τά
794 4004 939 4071 δῶρα
968 4001 1141 4061 ,αὑτοῦ
1181 4000 1249 4052 τά
1282 3997 1491 4069 μεγάλα
1515 3995 1709 4060 ταῦτα,
1740 3998 1834 4049 καὶ
1868 4014 1970 4048 σω-

310 4096 501 4168 τηρίαν
528 4094 658 4163 ἡμῖν
688 4089 884 4157 πολλὴν
912 4086 1223 4156 κομίζοντα,
1254 4086 1318 4136 ἐκ
1350 4084 1513 4153 μέσου
1549 4083 1803 4145 πολλάκις
1830 4085 1975 4136 ἀναι-

312 4185 423 4255 ρεῖ,
464 4181 589 4234 ὅταν
620 4178 667 4230 οἰ
709 4173 1075 4245 λαμϐάνοντες
1118 4171 1280 4241 μηδὲν
1323 4170 1415 4221 ἀπ’
1450 4169 1629 4221 αὐτῶν
1666 4169 1971 4255 βουληθῶσι

310 4254 723 4340 καρπώσασθαι.
764 4259 872 4315 Καὶ
900 4256 1213 4326 προφήτην
1239 4254 1339 4308 καί
1369 4254 1737 4322 στοχαστήν.
1772 4255 1846 4308 Ού
1879 4272 1967 4323 μι-

311 4355 439 4425 κρὸν
476 4353 533 4407 δέ
562 4351 729 4422 όργῆς
766 4342 904 4407 εἶδος
946 4346 1039 4397 καὶ
1079 4343 1139 4396 τὸ
1172 4343 1270 4404 τὰς
1309 4341 1640 4411 προφητείας
1682 4340 1966 4394 ἐπιλιπεῖν.

311 4443 441 4493 Ὅτε
475 4436 605 4505 γοῦν
633 4436 723 4487 τὸν
752 4434 859 4486 τῶν
893 4430 1161 4484 Ἰουδαίων
1185 4428 1354 4497 δῆμον
1382 4426 1471 4479 διά
1498 4426 1564 4477 τά
1598 4426 1971 4494 ἁμαρτήματα

308 4526 415 4578 τῶν
442 4523 535 4575 τοῦ
572 4520 685 4574 Ἠλὶ
713 4519 917 4571 παίδων
938 4520 964 4571 6
988 4515 1117 4577 Θεὸς
1145 4514 1485 4582 ἀπεστράφη,
1517 4513 1606 4563 καί
1637 4513 1734 4581 τὴν
1765 4511 1965 4580 πολλὴν

306 4610 402 4663 τοῦ
431 4608 663 4678 πλήθους
689 4605 906 4668 κακίαν,
934 4602 1187 4654 ἐπέλιπεν
1218 4602 1250 4669 ὴ
1285 4599 1587 4669 προφητεία
1606 4615 1618 4629 ·
1654 4597 1833 4666 Ῥἦμα
1862 4599 1967 4667 7&9

310 4700 521 4767 u‘ywr,
554 4695 735 4762 φησιν,
763 4687 859 4759 ἦν,
887 4689 981 4741 καί
1009 4690 1119 4740 οὐκ
1146 4682 1224 4755 ἦν
1254 4684 1718 4737 διαστέλλουσα.
1746 4684 1967 4752 Τίμιον,

308 4784 570 4845 τουτέστι,
603 4779 841 4833 σπάνιον.
872 4776 977 4827 Καὶ
1007 4775 1099 4827 ἐπὶ
1127 4773 1220 4825 τοῦ
1260 4772 1407 4835 Ὀζία
1433 4773 1493 4825 τὸ
1532 4773 1661 4824 αὐτὸ
1691 4770 1845 4823 τοῦτο
1878 4771 1969 4837 γέ-

311 4885 493 4935 γονεν·
536 4868 595 4919 οὐ
639 4865 746 4935 7&9
788 4862 957 4934 μικρά
1004 4862 1097 4912 καὶ
1139 4858 1383 4911 ἐντεῦθεν
1425 4858 1777 4927 ἐκαρποῦντο,
1814 4857 1866 4907 εἴ
1904 4873 1967 4922 γε

308 4954 606 5007 ἐϐούλοντο.
641 4953 712 5005 Τὸ
762 4952 870 5021 7&9
922 4947 1212 5019 μανθάνειν
1246 4946 1313 4997 τά
1347 4945 1497 5013 παρά
1544 4944 1637 4996 τοῦ
1688 4942 1843 5006 Θεοῦ,
1876 4945 1967 4996 καὶ

310 5042 443 5110 πρὸς
487 5040 553 5091 τὰ
600 5039 859 5108 μέλλοντα
913 5034 1421 5106 παρασκευάζεσθαι
1468 5032 1643 5093 δεινά,
1692 5030 1787 5081 καὶ
1830 5031 1967 5099 ὑπὲρ

308 5128 413 5181 τῶν
464 5127 671 5195 ἀδήλων
709 5124 1099 5185 πυνθάνεσθαι,
1140 5124 1234 5172 καὶ
1269 5120 1395 5171 πότε
1432 5118 1527 5187 μὲν
1578 5116 1857 5168 ἐπιθέσθαι
1889 5117 1967 5167 δεῖ

309 5213 602 5281 πολεμίοις,
641 5211 767 5263 πότε
806 5212 862 5262 δὲ
902 5210 1213 5280 ήσυχάζειν,
1249 5208 1338 5259 καὶ
1378 5205 1491 5266 πῶς
1523 5204 1735 5256 ἅπαντα
1765 5202 1833 5254 τὰ
1879 5202 1967 5254 λυ-

308 5302 456 5371 πηρά
504 5297 878 5367 διακρούεσθαι
926 5298 1062 5360 δέοι,
1100 5295 1296 5362 πολλὴν
1337 5293 1528 5360 ἔφερεν
1572 5291 1751 5352 αὐτοῖς
1791 5306 1963 5358 σωτη-

368 5453 713 5523 είιιῐύράωτουςᾹ
733 5448 849 5523 Kac
869 5462 960 5497 vox
993 5449 1168 5496 deerat.
1192 5450 1241 5497 in
1290 5445 1458 5494 Morel.
1485 5444 1601 5493 Sed.
1629 5456 1692 5492 ex
1741 5444 1862 5503 Reg.
1911 5448 1964 5489 et

307 5516 456 5563 Savil.
490 5510 670 5562 inserta
692 5510 797 5567 fuit.

366 5576 391 5613 b
418 5574 692 5635 Πολεμίους.
723 5563 841 5635 [ἱεῖς.
868 5578 921 5619 οι
944 5570 1056 5635 Sav.
1102 5575 1153 5616 el
1186 5573 1252 5615 ita
1276 5568 1399 5628 legit
1442 5566 1742 5635 :I‘ilmannug.
1789 5563 1958 5610 Morel.

306 5648 423 5683 vero
445 5644 493 5681 el
522 5626 690 5682 Bavar.
714 5626 964 5693 noﬁpoug.
1007 5632 1125 5689 Quae
1165 5626 1407 5689 postrema
1442 5628 1591 5675 lectio
1620 5626 1796 5672 melius
1839 5638 1961 5685 qua-

395 5709 447 5740 ῐῬ
472 5706 678 5740 γιιιυιιιτ.

395 5710 417 5740 ι·
472 5710 493 5739 γ
606 5706 678 5740 ur.

306 5698 393 5785 ύΓὲ
414 5696 705 5815 ἃυὲίάἰίτφα)
720 5755 876 5815 ϐίᾳ,οι
897 5756 962 5799 ita
981 5750 1383 5815 videturAlcgissc
1408 5742 1817 5815 Tihnmgnuanu-i
1851 5757 1961 5815 ιρι·-

302 5820 375 5870 ιίι,
424 5806 567 5863 nasz
608 5806 823 5861 c'uutioil}:
875 5824 1029 5874 quam
1071 5824 1118 5860 se
1159 5810 1431 5874 diccbwuur
1472 5808 1674 5874 μαθοῦσι.
1707 5806 1803 5873 Sed
1840 5806 1959 5851 ἀσα-

298 5868 419 5938 pia,
448 5888 496 5923 ιιι
518 5876 697 5923 habent
720 5868 895 5921 Morel:
916 5881 967 5921 cl.
993 5873 1123 5931 δοίη,
1152 5873 1326 5918 melius
1360 5868 1560 5929 quadrat
1585 5868 1641 5914 ιιι]
1666 5870 1865 5914 seriem.

2100 409 2219 477 ρίας
2249 411 2513 463 εὐκολίαν.
2563 412 2697 464 ’Λλλ’
2742 412 2928 481 ἐπειδὴ
2982 411 3336 481 μανθάνοντες
3369 413 3467 465 οὐκ
3521 411 3767 468 ἐποίουν,

2097 497 2181 549 διὰ
2228 497 2384 549 τοῦτο
2429 498 2613 551 καὶτὸ
2647 498 2933 567 μανθάνειν
2967 499 3143 551 αὐτῶν
3193 499 3446 568 ἀφεῖλεν·
3489 500 3519 551 ὃ
3561 498 3767 567 πολλῆς

2098 580 2190 633 τοῦ
2228 581 2363 635 Θεοῦ
2407 583 2813 655 φιλανθρωπίας
2862 584 3057 653 δεῖγμα
3090 579 3180 654 ἦν,
3228 584 3288 637 τὸ
3333 585 3427 637 καὶ
3469 584 3769 653 προειδότα

2095 669 2161 722 τὰ
2196 669 2488 737 μέλλοντα,
2525 671 2615 724 καὶ
2646 671 2721 734 ώς
2757 672 2816 723 ού
2866 672 3155 740 χρήσονται
3196 671 3274 733 εἰς
3322 671 3441 724 δέον
3470 674 3586 733 τοῖς
3633 670 3769 740 παρ’

2095 755 2257 807 αὐτοῦ
2285 756 2496 827 δώροις,
2530 756 2597 810 τά
2634 756 2764 823 γοῦν
2802 756 2931 826 παρ’
2968 756 3128 810 αὐτοῦ
3174 757 3387 810 ἅπαντα
3427 759 3766 828 παρασχεῖν.

2094 842 2245 894 Μετά
2271 843 2328 896 δὲ
2355 844 2447 896 τοῦ
2477 846 2753 914 προφήτου
2780 845 2874 897 καὶ
2902 846 3197 914 στοχαστήν
3227 862 3390 913 φησιν
3416 846 3693 914 ἀναιρεῖν.

2178 930 2439 983 Ἐνταῦθά
2484 949 2573 1000 μοι
2620 932 2767 985 δοκεῖ
2798 931 2979 998 λέγειν
3011 930 3305 1000 στοχαστὴν
3352 930 3441 983 τὸν
3473 930 3589 983 ἀπὸ
3636 947 3766 982 συν·-

2094 1008 2261 1072 έσεως
2295 1011 2494 1081 πολλῆς
2543 1012 2649 1063 τῶν
2701 1010 2999 1082 μελλόντων
3052 1009 3476 1081 στοχάζεσθαιά,
3517 1012 3616 1065 καὶ
3670 1012 3768 1064 ἀπ’

2092 1096 2261 1165 αὐτῆς
2308 1099 2416 1151 τῶν
2467 1099 2805 1169 πραγμάτων
2848 1099 2946 1167 τῆς
2993 1098 3205 1168 πείρας.
3236 1099 3457 1168 Ἕτερον
3492 1098 3596 1167 μὲν
3653 1098 3766 1169 7&9

2095 1182 2414 1251 στοχασμὸς,
2460 1183 2553 1236 καὶ
2586 1182 2887 1253 προφητεία
2932 1182 3088 1237 ἄλλο·
3122 1184 3151 1234 ό
3191 1182 3291 1253 μὲν
3319 1182 3427 1254 γάρ
3474 1182 3765 1253 Πνεύματι

2092 1268 2219 1337 θείῳ
2267 1268 2593 1336 φθέγγεται,
2631 1270 2780 1323 οὐδὲν
2845 1269 3052 1323 οῖκοθεν
3110 1269 3415 1339 εἰσφέρων·
3465 1270 3494 1322 6
3544 1268 3605 1321 δὲ
3661 1268 3763 1332 τὰς

2091 1354 2342 1424 ἀφορμὰς
2386 1355 2492 1408 ἀπὸ
2544 1356 2651 1409 τῶν
2701 1357 2800 1427 ήδη
2851 1356 3226 1425 γεγενημένων
3278 1355 3605 1426 λαμϐάνων,
3665 1356 3765 1408 καὶ

2090 1438 2187 1509 τὴν
2233 1440 2437 1495 οἰκείαν
2477 1441 2689 1495 σύνεσιν
2731 1441 3031 1511 διεγείρων,
3076 1440 3243 1494 πολλὰ
3289 1441 3396 1495 τῶν
3448 1441 3765 1511 μελλόντων

2091 1528 2330 1598 προορᾷ,
2381 1529 2456 1593 ὡς
2510 1530 2657 1592 εἰκὸς
2708 1527 2991 1599 ἄνθρωπον
3041 1529 3167 1582 ὄντα
3219 1527 3434 1581 συνετὸν
3485 1528 3757 1599 προϊδεῖν.

2104 1614 2262 1667 ’Λλλά
2300 1615 2431 1668 πολὺ
2470 1615 2530 1667 τὸ
2576 1614 2740 1684 μέσον
2773 1615 2960 1668 τούτου
3015 1615 3297 1676 κάκείνου,
3338 1616 3431 1668 καὶ
3470 1615 3759 1678 τοσοῦτον,

2088 1700 2210 1753 ὅσον
2254 1702 2517 1763 συνέσεως
2562 1700 2905 1772 ἀνθρωπίνης
2944 1702 3036 1755 καὶ
3075 1701 3223 1764 θείας
3269 1701 3490 1772 χάριτος
3525 1700 3592 1754 τὸ
3636 1701 3757 1755 διά-

2089 1805 2273 1857 φορον.
2306 1788 2422 1840 Ἵνα
2459 1788 2513 1840 δὲ
2552 1786 2643 1840 καὶ
2681 1788 2773 1839 ἐπὶ
2811 1787 3199 1856 ὑποδείγματος
3225 1788 3315 1841 τὸν
3348 1788 3504 1856 λόγον
3535 1788 3760 1858 ποιήσω

2090 1875 2352 1943 φανερὸν,
2405 1876 2742 1945 ἐννοήσωμεν
2793 1873 2882 1925 τὸν
2935 1873 3251 1942 Σολομῶντα
3290 1874 3384 1928 καὶ
3432 1873 3524 1927 τὸν
3570 1873 3758 1927 Ἑλισ-

2089 1962 2271 2011 σαῖον·
2312 1961 2607 2029 ἀμφότεροι
2648 1959 2755 2028 γὰρ
2792 1960 3143 2028 κεκρυμμένα
3195 1959 3491 2029 πράγματα
3526 1961 3612 2021 εἰς
3653 1960 3756 2029 μέ-

2089 2062 2179 2098 σον
2218 2046 2455 2117 ήγαγον,
2494 2046 2591 2097 καί⁵
2628 2044 2982 2114 κεκρυμμένα
3031 2044 3407 2113 ἀνεκάλυψαν·
3447 2046 3753 2115 ἀμφότεροι

2085 2132 2143 2185 δὲ
2175 2134 2234 2185 οὐ
2275 2135 2339 2202 τῇ
2378 2134 2514 2200 αὐτῇ
2556 2120 2816 2200 δυνάμει·
2858 2129 2971 2183 ἀλλ’
2999 2130 3027 2181 6
3067 2131 3164 2199 μὲν
3200 2130 3309 2183 ἀπὸ
3346 2133 3613 2195 συνέσεως
3649 2134 3752 2185 ἀν-

2088 2218 2364 2286 θρωπίνης
2400 2216 2552 2285 παρά
2586 2216 2683 2285 τῆς
2722 2215 2935 2283 φύσεως
2990 2215 3163 2269 λαϐὼν
3214 2216 3465 2287 ἀφορμὰς
3499 2218 3594 2271 ἐπὶ
3635 2217 3750 2271 τῶν

2084 2302 2301 2373 πόρνων
2352 2300 2624 2369 γυναικῶν
2674 2302 2934 2354 ἐκείνων·
2975 2304 3003 2355 6
3037 2301 3094 2354 δὲ
3132 2301 3372 2371 λογισμῷ
3428 2302 3527 2372 μὲν
3564 2303 3748 2357 οὐδενὶ

2083 2386 2418 2457 χρησάμενος
2459 2388 2641 2456 (ποῖος
2684 2387 2791 2457 7&9
2830 2388 3083 2457 λογισμὸς
3132 2388 3469 2456 ἀνακαλύψαι
3514 2390 3746 2454 δυνατὸς

2080 2469 2149 2542 ἦν
2182 2473 2275 2525 τοῦ
2312 2473 2470 2543 Γιεζῆ
2496 2473 2597 2543 τῆν
2623 2472 2888 2542 κλοπήν;)
2933 2473 3050 2543 θείᾳ
3067 2472 3125 2526 δέ
3154 2473 3332 2544 χάριτι
3360 2473 3428 2527 τά
3452 2475 3743 2545 πόρρωθεν

2082 2560 2418 2629 γεγενημένα
2446 2558 2725 2629 προειδώς.
2754 2558 2861 2611 Καὶ
2887 2560 3286 2627 πρεσϐύτερον
3319 2558 3433 2630 [35]
3464 2560 3561 2613 καί
3592 2574 3743 2614 πεν-

2080 2646 2507 2714 τηκόνταρχον.
2554 2645 2711 2698 Μετὰ
2744 2645 2800 2698 δὲ
2842 2644 3041 2697 τούτων
3081 2646 3172 2698 καὶ
3219 2645 3584 2717 πρεσϐύτερον
3647 2647 3743 2700 καί

2083 2731 2546 2800 πεντηκόνταρχον
2567 2747 2729 2799 φησιν
2745 2730 2981 2799 ἀναιρεῖν
3004 2747 3019 2762 ·
3054 2730 3415 2801 πρεσϐύτερον
3430 2732 3527 2801 οὐχ
3550 2732 3742 2796 ἁπλῶς

2080 2817 2424 2887 γεγηρακότα
2483 2816 2676 2883 λέγων,
2730 2815 2861 2868 ἀλλά
2916 2815 3004 2867 τὸν
3051 2816 3186 2884 μετὰ
3233 2816 3332 2885 τῆς
3390 2817 3578 2880 πολιᾶς
3636 2818 3740 2889 τὴν

2081 2904 2459 2972 προσήκουσαν
2496 2903 2562 2971 τῇ
2594 2900 2752 2969 πολιᾷ
2777 2900 3129 2971 διατηροῦντα
3172 2900 3401 2955 σύνεσιν.
3454 2903 3562 2955 Καὶ
3601 2920 3739 2956 πεν-

2079 2988 2443 3057 τηκόνταρχον
2466 2987 2524 3041 δέ
2552 2988 2678 3040 ὅταν
2702 2986 2855 3057 λέγῃ,
2878 2988 2976 3055 οὐχ
3001 2987 3096 3039 ἐνα
3123 2985 3240 3038 τινά
3271 2988 3739 3059 πεντηκόνταρχον

2081 3090 2263 3143 φησιν,
2297 3073 2433 3126 ἀλλά
2465 3072 2543 3143 τῷ
2580 3073 2803 3141 ὀνόματι
2840 3071 3014 3155 τούτῳ
3054 3073 3177 3134 τοὺς
3221 3072 3487 3141 ἄρχοντας
3526 3074 3735 3138 πάντας

2080 3161 2391 3214 αἰνίττεται.
2446 3160 2609 3213 οὐδὲν
2644 3158 2771 3228 γὰρ,
2812 3158 2961 3210 οὐδὲν
3023 3158 3281 3227 ἀναρχίας
3338 3158 3735 3231 χαλεπώτερον,

2080 3246 2267 3316 ὥσπερ
2292 3246 2411 3299 οὐδὲ
2440 3245 2623 3299 πλοίου
2663 3262 2717 3297 τι
2760 3241 3163 3313 σφαλερώτερον
3210 3244 3406 3310 γένοιτ’
3434 3243 3499 3298 ἂν
3536 3246 3739 3318 κυϐερ-

2081 3336 2247 3403 νήτην
2278 3333 2375 3385 ούκ
2396 3332 2625 3402 ἔχοντος.
2661 3332 2771 3385 Καὶ
2798 3330 2917 3383 οὐδὲ
2946 3329 3173 3383 ἐνταῦθα
3203 3330 3434 3396 ἵσταται,
3468 3331 3601 3387 ἀλλά
3639 3336 3738 3389 καὶ

2081 3421 2269 3487 έτέραν
2307 3419 2546 3488 μεγάλην
2577 3417 2873 3486 ἀσφάλειαν
2908 3417 3218 3487 ἀναιρήσειν
3252 3416 3479 3483 ἀπειλεῖ,
3514 3419 3637 3482 τοὺς
3665 3421 3737 3475 τὰ

2080 3506 2276 3574 ἄριστα
2322 3502 2592 3573 βουλεύειν
2634 3504 2859 3565 εἰδότας,
2901 3504 2949 3555 οἳ
2991 3503 3098 3555 τῶν
3150 3503 3327 3556 ὃπλων
3361 3504 3458 3554 οὐκ
3480 3503 3737 3559 ἐλάττονα

2080 3592 2420 3661 εἰσφέρουσιν
2440 3589 2755 3659 εὐεργεσίαν
2782 3592 2898 3651 ταῖς
2922 3589 3155 3641 πόλεσιν.
3187 3588 3400 3656 Ἀφελῶ
3422 3588 3549 3660 γὰρ,
3577 3593 3735 3662 φησι,

2080 3678 2178 3732 καὶ
2210 3679 2555 3745 θαυμαστὸν
2580 3676 2945 3743 σύμϐουλον,
2974 3675 3070 3728 καί
3102 3674 3295 3743 σοφὸν
3318 3675 3734 3744 ἀρχιτέκτονα·

2078 3766 2199 3835 οὐχὶ
2225 3764 2317 3817 τὸν
2341 3762 2616 3832 οἰκοδόμον
2641 3762 2833 3827 λέγων,
2869 3760 3003 3814 ἀλλά
3034 3761 3140 3813 τῶν
3178 3761 3514 3831 πραγμάτων
3540 3763 3738 3834 ἐμπει..

2080 3869 2191 3921 ρον,
2222 3852 2315 3905 καὶ
2345 3850 2510 3903 πολλά
2535 3848 2912 3917 ἐπιστάμενον,
2945 3849 3037 3900 καὶ
3066 3847 3199 3917 μετά
3231 3848 3733 3922 συνέσεωςγάπαντα

2078 3940 2146 3993 τά
2172 3941 2267 4009 τῆς
2292 3939 2499 4000 πόλεως
2522 3936 2814 3989 διατιθέναι
2845 3936 3140 4004 πράγματα
3165 3934 3362 3987 εἰδότα.

2147 4033 2217 4094 7'.
2257 4026 2365 4079 Καὶ
2405 4024 2542 4093 μετά
2575 4022 2801 4082 τούτων,
2837 4020 2943 4073 Καὶ
2971 4020 3227 4072 συνετὸν
3255 4019 3575 4087 ἀκροατήν.
3634 4022 3734 4076 "Av

2078 4114 2187 4183 7&9
2216 4112 2370 4165 τοῦτο
2394 4112 2529 4180 ἀπῇ,
2574 4109 2676 4161 κᾶν
2704 4108 2869 4161 τάλλα
2912 4109 3120 4160 ἅπαντα
3155 4108 3328 4177 παρῇ,
3379 4106 3537 4160 πλέον
3583 4109 3735 4166 οὐδέν

2078 4203 2193 4253 ἐστι
2238 4201 2359 4261 ταῖς
2403 4198 2607 4257 πόλεσι,
2643 4194 2748 4247 κᾶν
2794 4194 3063 4264 προφῆται
3099 4186 3219 4258 ὦσι,
3266 4195 3371 4247 κάν
3421 4193 3730 4264 σύμϐουλοι,

2079 4287 2182 4340 κάν
2207 4285 2483 4346 δυνάσται,
2531 4283 2560 4334 6
2590 4281 2646 4335 6t
2675 4281 3035 4350 ἀκουσόμενος
3079 4279 3263 4349 μηδεὶς
3304 4277 3361 4353 ᾖ,
3398 4280 3573 4334 πάντα
3609 4284 3730 4353 εἰκῆ

2079 4372 2170 4422 καὶ
2198 4370 2393 4438 μάτην.
2441 4368 2595 4437 Ἐμοὶ
2632 4366 2779 4419 δοκεῖ
2809 4364 3037 4417 ἐνταῦθα
3070 4363 3130 4416 τὸ
3174 4362 3399 4432 Ἀςρελῶ
3432 4365 3627 4432 λέγειν,
3670 4369 3733 4421 τὸ

2077 4463 2221 4515 ἐάσω
2253 4462 2345 4512 καὶ
2389 4460 2604 4527 ἀφήσω,
2642 4456 2830 4526 ὥσπερ
2872 4456 2900 4507 ό
2947 4454 3152 4515 Παῦλός
3184 4470 3344 4523 φησι·
3385 4454 3734 4523 Παρέδωκεν

2074 4546 2294 4611 αὐτοὺς
2322 4548 2408 4610 εἰς
2432 4544 2716 4610 ἀδόκιμον
2738 4541 2889 4594 νοῦν
2914 4554 2927 4568 °
2964 4540 3023 4591 οὐ
3053 4538 3210 4591 τοῦτο
3239 4539 3467 4604 δεικνὺς,
3513 4541 3594 4593 δτι
3642 4543 3731 4596 ἐν·

2076 4629 2265 4688 έϐαλεν
2304 4633 2383 4695 εἰς
2429 4630 2635 4694 άνοιαν,
2675 4627 2787 4681 ἀλλ’
2818 4627 2898 4680 ὅτι
2926 4626 3102 4696 ἀφῆκε
3135 4625 3229 4677 καὶ
3264 4624 3442 4678 εῐασεν
3474 4626 3733 4699 ἀνοήτους

2075 4722 2254 4783 ὄντας.

2146 4806 2255 4859 Kal
2284 4802 2589 4868 ἐπιστήσω
2620 4801 2975 4865 νεανίσκους
2997 4798 3288 4866 ἄρχοντας
3320 4798 3531 4854 αὐτῶν.
3562 4800 3729 4855 Τοῦτο

2074 4894 2333 4962 ἀναρχίας
2380 4894 2557 4960 χεῖρον
2604 4889 2698 4941 καὶ
2739 4887 2918 4955 πολλῷ
2955 4885 3343 4955 χαλεπώτερον.
3398 4886 3455 4939 ’0
3487 4888 3585 4956 μὲν
3620 4888 3728 4959 γὰρ

2073 4980 2172 5031 οὐκ
2235 4978 2369 5046 ἔχων
2427 4976 2700 5045 ἄρχοντα,
2755 4972 3120 5041 ἀπεστέρηται
3177 4970 3269 5023 τοῦ
3331 4973 3727 5041 χειραγωγοῦν-

2072 5080 2192 5125 τος·
2234 5064 2261 5114 6
2298 5062 2355 5115 δὲ
2390 5061 2620 5130 πονηρὸν
2656 5058 2813 5128 ἔχων,
2847 5058 2935 5111 τὸν
2977 5057 3305 5126 ἐμϐάλλοντα
3348 5058 3424 5119 εἰς
3450 5062 3726 5127 κρημνοὺς

2072 5152 2202 5218 ἔχει.
2245 5148 2575 5208 Νεανίσκους
2617 5147 2672 5198 δὲ
2712 5143 2941 5196 ἐνταῦθα
2981 5144 3099 5213 ούχί
3148 5144 3329 5206 ἁπλῶς
3372 5144 3469 5213 τὴν
3510 5146 3725 5215 ήλικίαν

2071 5236 2367 5289 διαϐάλλων
2434 5233 2653 5301 ἔφησεν,
2718 5231 2831 5283 ἀλλ’
2897 5231 3002 5282 ἀπὸ
3056 5230 3148 5282 τοῦ
3202 5230 3581 5294 πλεονάζοντος
3622 5233 3722 5303 τὴν

2071 5321 2253 5374 ἄνοιαν
2286 5320 2463 5373 αὐτῶν
2494 5319 2874 5371 ἐπιδείκνυται.
2921 5318 3074 5369 Ἔστι
3106 5316 3211 5386 7&9
3258 5318 3349 5370 καὶ
3389 5317 3539 5381 νέους
3585 5315 3723 5372 εἶναι

2072 5409 2340 5471 συνετοὺς,
2386 5407 2476 5457 καὶ
2519 5404 2894 5473 γεγηρακότας
2930 5403 3084 5471 ἀνοία
3128 5403 3327 5471 συζῆν·
3377 5402 3491 5455 ἀλλ’
3536 5404 3720 5475 ἐπειδὴ

2056 5493 2225 5547 ’τοῦτο
2251 5494 2344 5561 μὲν
2368 5490 2658 5551 σπανιάκις
2698 5490 3013 5557 συμϐαίνειν
3043 5488 3216 5552 εῖωθε,
3257 5490 3317 5541 τὸ
3342 5489 3397 5540 δὲ
3430 5489 3720 5551 πλεονάζον

2068 5579 2369 5633 τούναντίον
2394 5577 2560 5640 ἐστὶν,
2589 5574 2648 5637 ἐξ
2674 5575 2881 5626 ἐκείνου
2925 5576 3179 5640 ἀνοήτους
3218 5576 3515 5645 ὠνόμασεν.
3568 5576 3718 5628 Ἐπεὶ

2130 5741 2155 5778 ά
2182 5738 2273 5788 Τὸν
2292 5738 2383 5786 ἀπὸ
2414 5736 2645 5789 συνέσεως
2663 5734 2838 5788 πολλῆς
2877 5734 2969 5778 τῶν
2992 5733 3247 5792 μελλόντων
3267 5734 3581 5794 στοχάζεσθαι.

2071 5805 2210 5849 ulius
2229 5808 2358 5859 putat
2384 5798 2643 5859 legendum
2669 5808 2776 5844 es“:
2801 5791 3138 5854 στοχαζόμενον
3160 5797 3231 5841 vel
3260 5791 3559 5855 στοχάζεσθαι
3582 5791 3687 5838 δυνά

2071 5883 2094 5926 ρ
2105 5881 2149 5909 εν
2156 5881 2219 5911 '1".
