4044 6418
251 425 318 477 41
1504 390 1564 443 IN
1604 388 1821 444 ISAIAM

1932 386 2030 444 ΑΡ.
2074 386 2157 445 ΙΙΙ.
3413 409 3486 462 42

255 530 366 595 ipso
396 530 609 591 aspectu
630 517 929 573 crucientur
955 524 1236 578 numquam
1263 508 1454 567 satiati,
1501 514 1553 557 et
1578 504 1697 556 hinc
1724 506 1773 555 in

255 615 486 681 telligaut
509 628 538 664 a
569 612 673 663 Deo
706 608 988 661 immissam
1018 603 1176 655 fuisse
1206 603 1351 653 iram.
1382 599 1434 651 2.
1469 597 1728 665 (.‘igantem
1766 603 1809 645 et

253 714 520 773 potentem.
558 700 830 769 Gigantem
880 710 1087 763 semper
1136 694 1404 761 Scriptura
1455 689 1641 742 fortem
1679 687 1811 740 solet

254 807 462 853 vocare,
489 791 573 843 vel
604 804 721 842 eum
751 787 837 853 qui
864 782 1199 853 proportione
1240 780 1590 833 membrorum
1636 775 1812 828 multis

254 879 555 935 antecellat.
590 875 795 931 Etenim
823 875 875 926 in
917 871 1199 933 creatione,
1226 884 1344 923 cum
1370 867 1515 929 dicit,
1567 865 1635 917 lli
1676 874 1813 917 erant

254 974 500 1043 gigantes,
553 968 773 1021 homines
836 963 1072 1017 nominati
1114 958 1277 1032 (Cen.
1309 956 1475 1027 6.4),
1531 971 1633 1009 non
1674 954 1812 1005 aliud

255 1077 422 1131 genus
463 1060 622 1113 fuisse
670 1057 814 1119 dicit,
844 1053 936 1108 sed
978 1051 1159 1114 fortes,
1190 1051 1453 1111 robustos,
1497 1055 1553 1101 et
1601 1055 1814 1105 vegetos

258 1150 411 1204 nobis
435 1147 748 1202 subindicat.
777 1143 843 1196 Et
869 1141 1113 1195 hominem
1151 1138 1439 1193 bellatorem
1480 1145 1526 1188 et
1570 1135 1811 1204 judicent.

259 1238 594 1297 Intolerabile
617 1232 949 1303 supplicium,
980 1240 1032 1285 et
1058 1229 1142 1283 illa
1172 1243 1287 1298 qua:
1311 1226 1447 1280 dicta
1484 1234 1605 1277 sunt
1644 1234 1817 1277 extre-

260 1346 361 1384 mae
391 1327 637 1398 perniciei
658 1334 778 1379 sunt
810 1328 1169 1391 argumentum
1191 1359 1207 1384 ,
1234 1333 1369 1387 quze,
1400 1314 1657 1370 stantibus
1707 1330 1820 1365 mu-

261 1422 337 1474 ris
362 1429 417 1474 et
442 1417 693 1477 turribus,
728 1414 911 1467 urbem
959 1412 1162 1481 possint
1188 1424 1304 1463 cum
1348 1407 1544 1461 civibus
1592 1405 1818 1458 inimicis

263 1508 476 1561 dedere.
488 1505 745 1558 Tutamen
761 1501 954 1570 quippe
970 1499 1174 1554 urbium
1194 1514 1295 1553 non
1314 1498 1363 1551 in
1379 1494 1656 1568 lapidibus,
1669 1491 1819 1562 lignis

264 1608 317 1650 et
336 1596 499 1663 septis
533 1594 689 1647 situm
722 1602 824 1655 est,
846 1590 937 1645 sed
966 1589 1017 1641 in
1058 1586 1330 1656 prudentia
1357 1584 1565 1647 civium,
1590 1583 1678 1651 qui
1702 1597 1821 1637 cum

267 1688 399 1741 tales
420 1686 628 1747 adsunt,
659 1683 816 1736 etiam
839 1687 1095 1749 prmsente
1120 1679 1289 1743 hoste,
1339 1676 1499 1730 tutius
1538 1690 1693 1743 quam
1720 1688 1821 1727 c:e-

268 1788 379 1831 tera
432 1775 604 1827 omnia
660 1773 825 1840 ipsam
878 1770 1157 1822 muniunt:
1187 1782 1305 1823 cum
1332 1777 1505 1820 autem
1542 1768 1573 1820 ii
1612 1767 1820 1829 absunt,

266 1869 425 1920 etiam
461 1863 667 1917 nemine
713 1848 951 1929 urgente,
993 1858 1316 1912 miseriorem
1362 1857 1502 1910 illam
1566 1858 1818 1913 exhibent

268 1970 425 2023 quant
456 1954 497 2005 si
525 1952 871 2005 obsideretur.

337 2043 392 2093 9..
435 2042 612 2110 Itaque
650 2049 703 2094 et
744 2040 861 2093 illos
906 2048 959 2092 et
1000 2038 1262 2091 auditores
1299 2050 1483 2091 omnes
1525 2051 1628 2089 non
1666 2049 1826 2103 parvo

271 2135 618 2203 philosophia:
660 2133 973 2185 documento
1011 2130 1193 2183 imbuit
1219 2130 1491 2198 propheta,
1519 2128 1745 2182 suadens
1772 2138 1827 2181 ut

274 2240 338 2276 ne
377 2236 620 2290 umquam
668 2223 718 2273 in
769 2219 1124 2288 magnitudine
1193 2218 1340 2274 urbis
1410 2232 1555 2286 spem
1601 2227 1817 2285 ponant,

274 2327 369 2364 nec
412 2312 461 2363 in
510 2310 659 2363 vallis
688 2317 741 2363 et
764 2308 1019 2361 machinis
1039 2348 1055 2372 ,
1098 2306 1190 2360 sed
1216 2307 1267 2359 in
1295 2306 1425 2375 frugi
1453 2308 1686 2361 virorum
1725 2308 1828 2361 vir-

274 2408 401 2452 tute.
430 2398 550 2451 lllos
594 2398 747 2467 igitur
779 2397 1022 2450 territans
1044 2396 1133 2458 ait,
1167 2396 1334 2463 ipsum
1360 2409 1477 2448 eam
1509 2395 1667 2449 tutela
1682 2397 1828 2449 omni

272 2488 642 2540 destituturum
687 2498 824 2546 esse,
869 2499 970 2536 non
997 2482 1152 2537 modo
1179 2483 1383 2537 bellica:
1408 2484 1483 2537 rei
1513 2484 1708 2551 peritos
1732 2499 1826 2536 au-

274 2578 510 2641 ferendo,
540 2575 630 2629 sed
657 2576 814 2629 etiam
841 2574 1041 2642 judiccs
1060 2612 1074 2635 ,
1102 2573 1189 2641 qui
1221 2587 1323 2626 non
1351 2573 1519 2626 minus
1540 2573 1725 2641 juvant
1752 2574 1829 2626 ci-

280 2668 463 2719 vitates
504 2680 657 2733 quam
701 2662 1015 2726 bellatores,
1062 2662 1185 2716 dum
1228 2677 1411 2731 parem
1463 2672 1680 2729 curant,
1726 2665 1831 2717 imo

274 2770 414 2822 smne
465 2752 785 2805 imminentia
831 2751 965 2805 bella
997 2753 1012 2782 ¹
1042 2750 1361 2819 propulsant.
1414 2751 1477 2804 lli
1525 2753 1663 2804 enim
1712 2766 1829 2805 cum

274 2844 574 2911 frequenter
603 2857 633 2895 a
663 2841 841 2896 radice
868 2851 1198 2910 peccatorum
1227 2842 1483 2906 oriantur,
1527 2843 1634 2895 tieri
1662 2851 1833 2911 potest

277 2946 333 2992 ut
357 2938 528 3003 legum
542 2933 807 2997 custodes,
834 2947 1030 3000 eosque
1053 2934 1140 3001 qui
1158 2932 1262 3001 juri
1288 2932 1512 2986 dicundo
1532 2947 1650 2985 cum
1672 2934 1831 3001 tequi-

276 3039 382 3084 tate
426 3024 730 3093 prmsident,
770 3024 990 3091 plurima
1034 3033 1244 3091 peccata
1283 3023 1662 3091 reprimentes,
1709 3023 1827 3076 belli

279 3129 488 3170 causam
531 3113 790 3166 auferant.
837 3112 942 3166 Cur
979 3126 1105 3181 ergo
1144 3112 1281 3166 Deus
1316 3126 1410 3166 eos
1437 3114 1679 3165 amovet?
1704 3112 1832 3176 Quia

278 3204 378 3257 illis
422 3200 766 3270 przesentibus
809 3213 915 3253 non
959 3208 1018 3254 ut
1059 3200 1330 3268 oportebat
1358 3201 1436 3253 usi
1466 3208 1606 3254 sunt.
1638 3201 1833 3268 Quem-

277 3293 560 3346 admodum
599 3292 743 3345 enim
782 3290 1025 3343 salutaria
1053 3291 1165 3359 ejus
1193 3290 1435 3358 dogmata
1472 3291 1686 3343 multam
1712 3290 1835 3345 affe-

279 3383 465 3437 rebant
492 3382 819 3436 audientibus
847 3381 1149 3445 utilitatem,
1195 3380 1388 3434 Judaais
1416 3390 1586 3434 autem
1620 3382 1831 3434 concio-

281 3492 432 3540 nans,
465 3476 600 3529 dicta
628 3489 718 3528 sua
742 3473 1057 3527 obscuritate
1080 3473 1238 3526 multa
1266 3472 1580 3537 involvebat,
1612 3471 1729 3540 quia
1762 3471 1831 3524 illi

280 3567 432 3620 dictis
453 3581 556 3618 non
582 3563 919 3618 attendebant
945 3578 959 3615 :
990 3562 1055 3615 ita
1082 3562 1195 3616 hcce
1218 3562 1352 3615 dona
1376 3577 1467 3615 sua
1499 3576 1703 3630 magna,
1720 3578 1833 3629 qua:

281 3656 498 3709 nndtam
525 3654 672 3708 nobis
702 3655 922 3708 salutem
947 3651 1242 3713 conferunt,
1270 3652 1335 3706 de
1362 3652 1536 3705 medio
1561 3666 1700 3719 srepc
1732 3652 1833 3705 tol-

282 3746 373 3809 lit,
419 3759 540 3798 cum
570 3744 601 3797 ii
632 3744 719 3812 qui
748 3742 1009 3810 accipiunt
1034 3741 1162 3794 nihil
1192 3741 1315 3794 hinc
1344 3740 1539 3794 fructus
1565 3741 1834 3808 percipere

281 3836 480 3889 volunt.
514 3833 579 3886 Et
608 3833 896 3901 praphetam
920 3839 965 3884 et
989 3831 1330 3899 conjecturam.
1364 3828 1476 3883 Non
1503 3844 1716 3897 parvum
1742 3844 1835 3883 au-

282 3934 385 3977 tem
418 3925 508 3977 ira:
533 3937 698 3991 genus
723 3929 805 3976 est
830 3935 949 3976 cum
979 3920 1264 3990 prephetite
1302 3920 1568 3975 deficiunt.
1615 3919 1835 3986 Quando

284 4014 438 4083 igitur
482 4012 754 4065 Judaicum
794 4010 1039 4081 populum
1089 4011 1226 4065 Deus
1260 4010 1327 4064 ob
1369 4020 1577 4077 peccata
1608 4011 1833 4065 filiorum

285 4104 396 4156 lleli
454 4110 724 4157 aversatus
772 4111 871 4167 est,
916 4100 1085 4169 obque
1138 4098 1482 4153 multitudinis
1525 4101 1831 4168 nequitiam,

282 4194 472 4248 defecit
517 4192 785 4261 prophetia
817 4209 831 4246 :
871 4191 1083 4244 Verbum
1106 4191 1246 4245 enim
1273 4231 1288 4253 ,
1329 4190 1511 4257 inquit,
1569 4191 1835 4259 pretiosum

281 4294 401 4350 crat,
444 4294 490 4337 et
518 4300 618 4337 non
646 4292 747 4336 erat
775 4284 895 4337 visio
920 4282 1221 4351 distinguens
1259 4281 1335 4351 (1.
1368 4280 1489 4349 Reg.
1515 4282 1567 4335 3.
1593 4281 1667 4351 1).
1710 4280 1835 4335 Pre-

283 4376 484 4437 tiosum,
534 4374 583 4427 id
629 4382 741 4437 est,
790 4386 965 4425 rarum
1007 4380 1141 4425 erat.
1192 4370 1260 4424 Et
1303 4369 1399 4423 sub
1436 4368 1557 4423 Ozia
1610 4370 1832 4438 idipsum

282 4463 468 4517 accidit
498 4479 512 4516 :
540 4476 709 4528 neque
736 4461 873 4515 enim
901 4461 1021 4515 hinc
1039 4463 1280 4529 exiguum
1308 4459 1529 4513 fructum
1551 4459 1831 4527 cepissent,

281 4553 322 4606 si
353 4551 662 4605 voluissent.
692 4550 821 4605 Nam
850 4550 1027 4605 divina
1052 4550 1304 4613 ediscere,
1329 4558 1383 4603 et
1404 4549 1469 4603 ad
1500 4548 1671 4603 futura
1699 4551 1831 4604 mala

284 4643 584 4711 praeparari,
612 4642 679 4697 de
705 4641 917 4696 incertis
938 4641 1097 4697 rebus
1124 4655 1371 4709 responsa
1394 4643 1651 4710 accipere,
1668 4656 1835 4710 quan-

281 4733 471 4785 donam
497 4731 734 4783 inimicos
750 4732 993 4784 invadere
1020 4739 1278 4797 oporteat,
1307 4730 1513 4798 quando
1542 4730 1831 4798 quiescere,

282 4819 545 4891 quomodo
593 4819 757 4871 tristia
803 4818 978 4872 omnia
1025 4819 1307 4887 depellere,
1348 4820 1564 4872 multam
1607 4820 1734 4888 ipsis
1768 4818 1832 4871 ad

281 4914 502 4967 salutem
534 4910 783 4966 afferebat
811 4910 1139 4965 facilitatem.
1185 4910 1378 4965 Verum
1412 4912 1530 4979 quia
1559 4926 1675 4979 qua:
1696 4909 1832 4962 didi-

279 5012 460 5058 cerant
498 5017 602 5055 non
639 5001 951 5069 explebant,
994 5001 1114 5055 ideo
1153 5001 1481 5069 disciplinam
1524 5001 1658 5055 hanc
1706 5001 1834 5069 ipsis

277 5096 473 5148 ademit
503 5112 517 5146 :
548 5092 687 5161 quod
716 5102 828 5145 erat
858 5091 1079 5159 ingentis
1109 5091 1201 5145 Dei
1228 5092 1518 5146 clementire
1552 5107 1831 5160 argumen-

282 5194 409 5247 tum,
439 5182 579 5251 quod
606 5196 725 5234 cum
754 5178 921 5233 futura
955 5179 1280 5247 prazvideret,
1325 5181 1586 5247 sciretque
1612 5193 1702 5231 eos
1728 5194 1831 5232 non

282 5282 419 5323 recte
456 5269 611 5325 donis
637 5283 823 5323 usuros
843 5309 857 5333 ,
907 5277 1082 5320 tamen
1108 5283 1223 5337 quae
1248 5282 1340 5320 sua
1368 5277 1519 5321 erant
1543 5268 1713 5320 omnia
1741 5283 1833 5321 ex-

282 5360 503 5412 hiberct.
574 5357 701 5411 Cum
750 5357 1002 5426 propheta
1043 5370 1169 5409 vero
1218 5357 1565 5424 eonjectorem
1608 5371 1665 5411 se
1706 5356 1834 5410 dicit

281 5452 571 5503 ablaturum
619 5463 758 5502 esse.

347 5540 611 5609 Coujector
631 5539 739 5607 quis
767 5540 848 5591 sit.
873 5567 944 5577 —
970 5536 1329 5605 Conjectorem
1361 5538 1445 5592 hic
1470 5539 1592 5591 mihi
1622 5538 1831 5591 videtur

344 5676 359 5705 ¹
399 5682 513 5732 mag.
541 5680 592 5723 et
635 5672 769 5720 Savil.
800 5659 995 5729 habeni,
1034 5671 1183 5720 hostes
1220 5672 1528 5733 imminentes,
1567 5687 1667 5733 pro,
1709 5672 1830 5721 bella

286 5736 331 5783 in
353 5734 593 5783 mittentia.
617 5740 727 5791 Quae
752 5744 989 5795 postrema
1013 5732 1154 5781 lectio
1176 5732 1347 5782 melius
1369 5735 1599 5795 quadrare
1623 5734 1827 5783 videtur.

1919 501 2093 556 dicere
2116 516 2257 567 eum,
2286 502 2371 571 qui
2398 517 2459 555 ex
2493 500 2653 555 multa
2682 502 3051 571 intelligentia,
3091 508 3144 554 et
3173 516 3235 555 ex
3264 500 3373 568 ipsa
3396 517 3479 555 ro«

1915 607 2029 645 rum
2058 591 2381 659 experientia
2412 592 2579 644 futura
2608 594 2869 659 conjicere
2899 600 3118 660 poterat.
3137 589 3290 643 Aliud
3330 590 3470 643 enim

1916 689 1996 733 est
2031 679 2354 747 conjectura,
2385 679 2525 733 aliud
2568 680 2842 749 prophetia
2892 698 2906 733 :
2953 680 3206 747 propheta
3234 679 3373 733 enim
3410 694 3475 731 ex

1917 770 2093 824 divino
2111 770 2302 839 Spiritu
2332 771 2581 838 loquitur,
2612 786 2674 823 ev
2699 785 2755 823 se
2784 770 2910 823 nihil
2940 769 3202 833 alfercns;
3236 768 3321 823 ille
3352 783 3479 822 vero

1917 861 2190 915 occasione
2217 870 2367 929 capta
2396 876 2458 915 ex
2490 861 2552 914 iis
2574 877 2697 930 ane
2728 862 2834 929 jam
2877 864 3229 930 contigerunt,
3282 860 3475 914 intelli-

1918 951 2145 1019 gentiam
2171 966 2425 1005 exercens
2454 966 2599 1003 suam
2620 990 2634 1015 ,
2682 955 2969 1005 futurorum
3001 951 3163 1004 multa
3192 950 3439 1019 prospicit
3458 989 3474 1010 ,

1921 1050 1975 1093 ut
2006 1056 2098 1109 par
2122 1050 2201 1094 est
2235 1042 2399 1095 virum
2429 1043 2734 1110 prudentem
2771 1043 3093 1111 prospicere.
3152 1043 3217 1095 At
3258 1042 3476 1095 multum

1923 1131 2059 1185 hunc
2084 1131 2219 1184 inter
2245 1142 2297 1185 et
2324 1132 2467 1186 illum
2500 1133 2777 1186 discrimen
2804 1149 2819 1197 ;
2872 1142 3197 1201 tantumque,
3226 1142 3473 1202 quantum

1920 1232 2001 1278 cst
2029 1224 2356 1277 intervallum
2388 1225 2526 1277 inter
2555 1224 2882 1292 prudentiam
2927 1224 3205 1277 humanam
3250 1232 3302 1278 et
3346 1223 3481 1277 divi-

1921 1327 2040 1365 nam
2067 1314 2303 1381 gratiam.
2338 1313 2405 1367 Ut
2425 1322 2594 1366 autem
2624 1312 2865 1381 exemplo
2888 1327 3183 1367 sermonem
3210 1312 3485 1366 dilucidio-

1922 1418 2032 1455 rem
2078 1403 2312 1464 reddam,
2361 1404 2647 1473 cogitemus
2708 1402 3043 1458 Salomonem
3086 1412 3142 1457 et
3184 1402 3427 1456 Elisznum
3463 1418 3475 1454 :

1923 1495 2078 1548 ambo
2114 1495 2253 1548 enim
2280 1508 2365 1548 res
2393 1495 2626 1548 occultas
2668 1495 2720 1547 in
2762 1494 2990 1548 medium
3031 1494 3377 1558 adducebant,
3425 1501 3474 1547 et

1924 1583 2225 1637 abscondita
2258 1584 2560 1637 revelabant
2589 1602 2602 1638 :
2634 1584 2724 1637 sed
2751 1601 2853 1637 non
2876 1586 3031 1639 ambo
3056 1584 3236 1639 eadem
3260 1586 3481 1649 virtute;

1925 1673 2016 1726 sed
2045 1673 2129 1726 ille
2158 1672 2367 1741 quidem
2392 1689 2454 1726 ex
2484 1673 2752 1741 prudentia
2781 1673 3003 1727 humana
3026 1715 3039 1737 ,
3090 1690 3120 1727 a
3170 1684 3350 1729 natura
3398 1689 3487 1728 διας

1928 1775 2076 1815 mens
2103 1762 2432 1815 occasionem
2462 1762 2598 1816 circa
2625 1764 2930 1818 meretrices
2958 1764 3075 1818 illas
3098 1765 3341 1819 mulieres
3370 1764 3480 1832 (a);

1930 1850 2012 1904 hic
2038 1865 2160 1903 vero
2181 1850 2456 1904 ratiocinio
2477 1851 2621 1905 nullo
2639 1866 2784 1916 usus,
2805 1853 2962 1921 (quod
2993 1854 3133 1907 enim
3156 1854 3482 1908 ratiocinium

1929 1943 2070 1997 Giezi
2100 1943 2291 1998 furtum
2318 1946 2549 1999 revelare
2580 1946 2905 2019 potuisset?)
2956 1948 3046 2001 sed
3074 1964 3137 2003 ex
3166 1948 3339 2001 divina
3367 1963 3483 2017 gra-

1930 2033 1999 2085 tia
2026 2048 2086 2086 ea
2113 2049 2229 2102 qua:
2257 2036 2435 2104 procul
2469 2036 2599 2089 facta
2625 2048 2775 2091 erant
2803 2038 3055 2106 pr.cvidit.
3102 2038 3167 2092 Et
3195 2055 3387 2103 senem,
3430 2042 3482 2095 5.

1930 2131 1973 2174 et
1999 2123 2271 2191 principem
2293 2141 2441 2192 super
2467 2127 2845 2197 quinquaginta.
2874 2125 3002 2181 Cum
3032 2129 3094 2181 iis
3120 2130 3275 2182 etiam
3306 2144 3485 2183 senem

1930 2220 1984 2264 et
2013 2214 2297 2283 principem
2323 2228 2480 2283 super
2504 2217 2872 2285 quinquaginta
2902 2232 2958 2272 se
3000 2218 3326 2273 sublaturum
3371 2234 3488 2274 esse

1932 2302 2057 2355 dicit
2105 2318 2119 2357 :
2168 2318 2345 2357 senem
2378 2320 2480 2358 non
2508 2306 2817 2375 simpliciter
2854 2323 2972 2361 eum
3015 2309 3101 2377 qui
3151 2310 3489 2364 consenuerit

1931 2392 2077 2455 dicit,
2110 2394 2200 2446 sed
2238 2408 2359 2447 eum
2398 2396 2486 2461 qui
2525 2412 2641 2450 cum
2687 2398 2881 2452 canitie
2922 2400 3251 2467 prudentiam
3280 2400 3488 2455 canitiei

1932 2488 2336 2534 consentancam
2360 2493 2551 2536 servat.
2582 2482 2708 2537 Cum
2731 2501 2854 2539 vero
2879 2485 3005 2540 dicit
3027 2488 3311 2555 principem
3333 2504 3491 2556 super

1932 2570 2337 2639 quinquaginta,
2383 2590 2485 2628 non
2530 2578 2825 2645 quempiam
2863 2578 3156 2647 hujusmodi
3205 2581 3489 2650 principem

1934 2670 2211 2726 memorat,
2260 2664 2353 2718 sed
2394 2664 2494 2718 hoc
2520 2667 2733 2721 nomine
2760 2668 3021 2737 principes
3050 2684 3234 2725 omnes
3255 2671 3491 2725 subindi-

1934 2758 2038 2802 cat.
2083 2749 2220 2803 Nihil
2246 2753 2407 2817 enim,
2439 2754 2566 2808 nihil
2592 2765 2737 2810 certe
2769 2758 3138 2826 miserabilius,
3165 2775 3317 2829 quam
3350 2762 3493 2815 nullo

1936 2840 2239 2907 magistratu
2270 2842 2409 2911 regi,
2456 2852 2511 2897 ut
2538 2845 2664 2897 nihil
2693 2847 3039 2912 periculosius
3065 2850 3180 2901 navi
3206 2864 3302 2904 suo
3329 2850 3492 2905 desti-

1939 2938 2045 2981 tuta
2092 2931 2464 2999 gubernatore.
2516 2933 2697 3001 Neque
2742 2936 2827 2989 hic
2863 2938 3079 3006 gradum
3121 2940 3276 3005 sistit,
3307 2940 3398 2994 sed
3439 2949 3495 2992 et

1938 3018 2091 3071 aliam
2123 3034 2363 3089 magnam
2386 3024 2597 3076 tutelam
2619 3039 2677 3079 se
2696 3025 2990 3080 ablaturum
3012 3031 3377 3095 comminatur,
3401 3044 3496 3084 cos

1939 3107 2025 3173 qui
2053 3106 2188 3160 bona
2212 3108 2339 3163 dare
2363 3111 2579 3164 consilia
2610 3114 2831 3180 possint,
2872 3115 2961 3183 qui
3002 3132 3105 3169 non
3138 3118 3308 3170 minus
3334 3134 3491 3185 quam

1938 3212 2081 3251 arma
2104 3198 2399 3253 civitatibus
2422 3200 2643 3255 afferunt
2671 3204 2940 3258 auxilium.
2968 3206 3096 3259 Nam
3128 3208 3199 3260 ait
3222 3224 3234 3260 :
3257 3210 3495 3276 Auferat»

1939 3290 2280 3343 admirabilem
2314 3291 2688 3357 consiliarium,
2735 3303 2779 3347 et
2820 3297 3092 3360 sapientem
3132 3299 3493 3362 architectmn;

1941 3394 2041 3431 non
2100 3390 2412 3435 strnctorem
2467 3382 2673 3449 dicens,
2728 3384 2819 3439 sed
2865 3384 2915 3438 in
2968 3388 3191 3455 negotiis
3233 3389 3493 3456 peritum,

1941 3469 2099 3521 multa
2152 3470 2399 3536 docttnn,
2443 3481 2497 3526 et
2539 3488 2657 3527 cum
2704 3476 2977 3542 prudentia
3042 3478 3217 3531 omnia
3269 3478 3496 3533 civitatis

1941 3559 2144 3625 negotia
2182 3558 2548 3616 administrare
2590 3564 2861 3618 scientem.

2009 3649 2061 3700 5.
2100 3649 2227 3702 Cum
2276 3649 2359 3703 his
2404 3652 2595 3717 etiam,
2644 3653 2709 3707 Et
2753 3654 3043 3721 prudentem
3094 3660 3386 3714 auditorem.
3440 3662 3497 3716 Si

1940 3740 2077 3791 enim
2122 3738 2220 3792 hoc
2264 3740 2524 3806 abfuerit,
2560 3743 2658 3797 etsi
2700 3744 2801 3798 alia
2840 3747 3015 3800 omnia
3064 3747 3276 3814 adsint,
3330 3752 3496 3805 nihilo

1942 3830 2058 3897 plus
2101 3829 2300 3887 accedit
2342 3832 2670 3897 civitatibus,
2724 3836 2821 3889 etsi
2870 3838 3159 3904 prophetas,
3193 3841 3289 3893 etsi
3319 3842 3495 3895 consi-

1942 3918 2095 3981 liarii,
2128 3922 2225 3972 etsi
2254 3920 2588 3988 magistratus
2614 3921 2807 3988 adsint,
2829 3924 2871 3976 si
2898 3926 3072 3978 nullus
3097 3929 3165 3979 sit
3190 3929 3278 3997 qui
3298 3931 3494 3996 audiat,

1939 4008 2113 4062 omnia
2155 4007 2345 4061 fl‘lla‘ll’a
2385 4012 2517 4063 etin
2549 4011 2766 4065 nihilum
2807 4013 3020 4070 abeunt.
3064 4016 3279 4071 Videtur
3320 4031 3493 4075 autem

1941 4097 2064 4150 mihi
2088 4097 2171 4152 hic
2194 4100 2431 4168 Auferam
2450 4100 2570 4164 dici,
2588 4103 2732 4170 quasi
2752 4103 2950 4168 Sinam,
2974 4106 3297 4174 Permittam,
3316 4127 3497 4181 quem-

1939 4186 2218 4240 admodum
2245 4188 2437 4242 Paulus
2462 4191 2536 4243 ait
2581 4208 2595 4244 :
2640 4190 2867 4246 Tradidit
2898 4210 2981 4248 eos
3009 4197 3059 4248 in
3089 4200 3352 4265 reprobum
3380 4217 3497 4253 sen-

1938 4294 2047 4329 sum
2090 4277 2259 4347 (liam.
2297 4279 2347 4331 1.
2376 4277 2503 4349 28);
2553 4294 2655 4334 non
2702 4280 2803 4336 hoc
2844 4297 3023 4347 sensu,
3054 4287 3202 4353 quasi
3234 4288 3286 4340 in
3316 4302 3496 4344 anteu-

1940 4370 2063 4421 tiam
2092 4370 2232 4438 ipsos
2255 4370 2559 4438 eonjecerit,
2582 4370 2673 4425 sed
2692 4373 2814 4441 quia
2832 4374 3138 4441 insipientes
3154 4389 3271 4429 cum
3293 4388 3494 4446 essent,

1942 4460 2082 4528 ipsos
2106 4462 2302 4515 dimisit
2329 4472 2383 4515 et
2410 4463 2640 4531 reliquit.

2011 4551 2227 4604 Prwstat
2256 4552 2448 4603 nullum
2477 4568 2625 4620 quam
2652 4555 2835 4606 malum
2861 4557 3032 4609 ducent
3058 4558 3251 4613 habere.
3272 4563 3403 4616 -4.
3439 4562 3507 4616 Et

1938 4641 2193 4693 instituam
2218 4640 2604 4693 adolescentulos
2630 4644 2875 4711 principes
2898 4661 3086 4698 eorum.
3144 4648 3255 4704 Hoc
3290 4650 3496 4705 defectu

1940 4731 2097 4783 etiam
2124 4728 2515 4799 magistratuum
2546 4730 2693 4798 pejus
2732 4740 2785 4785 et
2814 4734 2977 4787 multo
3002 4738 3208 4803 gravius
3232 4747 3331 4793 est.
3364 4739 3493 4792 Nam

1939 4820 2026 4887 qui
2060 4819 2345 4887 principem
2381 4834 2484 4873 non
2527 4820 2703 4887 habet,
2742 4822 2874 4877 duce
2922 4826 3185 4891 privatur;
3239 4830 3325 4897 qui
3369 4845 3494 4885 vero

1940 4913 2134 4964 malum
2161 4919 2344 4965 nactus
2372 4923 2456 4965 est
2479 4912 2665 4966 ducem
2686 4954 2698 4974 ,
2743 4912 2899 4968 habet
2924 4917 3013 4983 qui
3044 4931 3100 4970 se
3129 4919 3177 4971 in
3210 4920 3494 4989 przecipitia

1939 5001 2205 5068 conjiciat.
2238 5002 2671 5056 Adolescentulos
2696 5014 2869 5056 autem
2903 5003 2987 5058 hic
3013 5018 3271 5063 memorat
3296 5026 3400 5065 non
3440 5023 3493 5067 ut

2001 5182 2071 5253 (α)
2105 5189 2212 5253 Haec
2249 5180 2512 5253 respiciunt
2547 5181 2946 5253 caput‘quin‘turn
2978 5180 3084 5251 libri
3117 5186 3493 5253 Proverbiorum,

1940 5240 2020 5289 ubi
2044 5240 2208 5292 eontra
2230 5240 2537 5289 meretricum
2564 5240 2817 5289 illecebras
2838 5240 3139 5302 fallaciasque
3162 5240 3498 5295 adolescentes

1939 5306 2210 5351 communit.
2232 5302 2358 5359 Quod
2382 5309 2543 5349 autem
2566 5303 2642 5350 hic
2662 5304 2726 5349 ait
2749 5303 3058 5361 comparando
3080 5303 3373 5354 Salomonem
3392 5321 3497 5354 cum

1940 5365 2121 5422 Elisaso,
2148 5364 2277 5411 illum
2305 5376 2366 5410 ex
2391 5363 2640 5421 prudentia
2684 5363 2885 5423 humana
2926 5364 3169 5423 loquutum
3209 5378 3334 5421 esse,
3370 5366 3495 5415 hunc

1941 5440 2057 5473 vero
2083 5440 2142 5473 ex
2190 5426 2339 5484 gratia
2374 5424 2547 5485 divina,
2584 5424 2651 5470 sic
2676 5422 2931 5483 intelligas,
2958 5422 3052 5471 nea
3090 5427 3224 5485 quasi
3263 5426 3493 5482 Salomon,

1940 5486 2050 5532 dum
2075 5483 2434 5534 Proverbiorum
2450 5483 2630 5545 librum
2660 5486 2913 5540 scriberet,
2940 5489 3089 5545 gratia
3110 5483 3264 5533 divina
3292 5488 3497 5535 destitu-

1942 5554 2016 5593 tus
2042 5555 2200 5604 esset;
2226 5546 2312 5592 sed
2338 5544 2459 5606 quod
2488 5556 2561 5602 ea,
2594 5557 2700 5604 qua:
2726 5544 3027 5603 experientia
3064 5554 3113 5595 et
3134 5548 3389 5606 sagacitate
3412 5560 3497 5595 sua

1942 5616 2155 5662 noverat,
2195 5608 2437 5666 dirigente
2471 5607 2638 5664 Spiritu
2679 5614 2857 5660 sancto,
2886 5608 3037 5653 literis
3083 5607 3350 5666 mandaret;
3392 5623 3496 5656 ('lllll

1941 5670 2314 5775 (ifinu‘galilia'it‘us
2344 5666 2421 5715 illa
2454 5673 2635 5715 tantum
2670 5668 2922 5726 scriberet,
2948 5683 3054 5729 qua:
3095 5668 3279 5717 aiilante
3305 5673 3498 5719 Numine

1941 5744 2070 5775 ttscc
2135 5739 2168 5775 1..

1941 5732 2168 5780 discebat.
