4044 6450
487 430 560 487 43
1139 426 1192 480 S.
1237 422 1505 477 JOANNIS
1538 420 1998 481 CHRYSOSTOMI
2038 417 2344 476 ARCHIEP.
2384 421 2904 480 CONSTANTINOP.
3650 442 3724 496 44

467 557 674 602 attatem
718 546 924 613 culpet,
971 543 1063 598 sed
1111 553 1167 596 ιιι
1207 542 1414 595 illorum
1457 540 1805 608 insipientiam
1860 539 2031 607 aptius

466 636 732 693 ostendat.
762 635 1027 703 Contingit
1047 634 1186 688 enim
1220 631 1443 699 juvenes
1472 644 1591 683 esse
1618 628 1935 697 prudentes,
1980 636 2034 680 et

466 741 624 782 senes
665 727 716 780 in
764 724 1062 794 insipientia
1112 723 1306 777 vixisse
1354 738 1367 775 :
1412 734 1594 775 verum
1625 720 1745 789 quia
1784 719 1837 775 id
1865 719 2033 773 rarius

464 816 707 871 accidere
736 814 891 878 solet,
938 813 1030 867 sed
1055 811 1375 867 contrarium
1404 812 1717 879 plerumque
1741 809 2029 876 contingit;

463 906 585 959 ideo
628 905 746 959 illos
775 904 1081 972 insipientes
1111 901 1415 955 nominavit.
1448 900 1577 954 Nam
1627 910 1681 954 ct
1725 898 2031 952 Timotheus

457 997 671 1066 juvenis
696 1003 810 1050 erat
839 1014 852 1049 :
886 996 929 1048 is
975 1004 1144 1047 tamen
1192 991 1480 1059 sapientius
1504 1033 1518 1052 ,
1570 1005 1725 1058 quam
1774 988 2031 1042 innumeri

461 1101 650 1151 senes,
691 1084 957 1141 Ecclesias
1005 1082 1420 1146 administravit;
1470 1089 1523 1135 et
1565 1080 1815 1134 Salomon
1865 1093 2033 1130 annos

464 1186 617 1231 natus
643 1176 916 1231 duodecim
948 1174 1056 1244 (a),
1105 1188 1224 1227 cum
1262 1174 1369 1226 Deo
1397 1171 1725 1240 loquebatur,
1767 1170 2035 1237 multaque

464 1275 578 1322 erat
601 1265 809 1322 dicendi
836 1264 1018 1319 ﬁducia
1052 1264 1361 1326 instructus,
1407 1276 1470 1314 ac
1502 1276 1590 1313 rex
1619 1259 1915 1314 declaratus
1939 1273 2029 1313 co.

461 1367 781 1426 ronatusque
827 1364 943 1419 est,
990 1353 1351 1420 barbarosque
1395 1349 1577 1404 habuit
1614 1349 1882 1417 sapientize
1924 1362 2033 1402 sua:

462 1456 825 1517 spectatores;
875 1459 1046 1513 neque
1087 1443 1185 1495 viri
1233 1442 1440 1502 solum,
1495 1439 1587 1493 sed
1616 1448 1668 1492 et
1692 1438 1940 1495 mulieres
1966 1452 2030 1491 ex

467 1538 762 1608 longinquis
788 1533 1091 1605 regionibus
1116 1532 1407 1594 venientes,
1443 1528 1579 1582 hanc
1606 1527 1771 1581 solam
1799 1527 2031 1596 peregri-

464 1628 689 1683 nationis
728 1639 938 1679 causam
992 1621 1277 1681 habcbant.
1328 1633 1520 1687 nempe
1560 1626 1619 1671 ut
1658 1632 1722 1672 ex
1752 1616 1867 1684 ejus
1905 1630 2032 1669 voce

462 1718 729 1790 quidpiam
757 1715 1055 1771 ediscerent
1080 1720 1135 1767 et
1157 1710 1396 1773 tutdirent
1423 1726 1438 1763 :
1469 1708 1562 1763 sed
1609 1715 1667 1761 ut
1712 1704 1776 1759 ad
1824 1705 2029 1759 senium

464 1806 738 1876 pervenit,
781 1804 1004 1859 multum
1053 1801 1120 1857 de
1165 1802 1358 1854 virtute
1392 1798 1642 1852 detraxit.
1694 1795 1862 1864 Hujus
1906 1810 2032 1849 vero

462 1908 614 1969 pater
654 1897 837 1951 beatus
874 1892 1039 1948 David
1086 1905 1249 1961 grave
1286 1888 1414 1942 illud
1461 1897 1730 1957 peccatum
1768 1900 1873 1939 non
1911 1899 2029 1938 cum

460 1990 668 2059 juvenis
694 1998 748 2043 et
775 2001 902 2056 puer
930 1993 1071 2039 esset
1091 2025 1106 2050 ,
1129 1982 1222 2037 sed
1261 1996 1382 2035 cum
1413 1980 1555 2034 illam
1578 1987 1791 2033 nitatem
1813 1985 2031 2047 praeter-

461 2095 677 2153 gressus
726 2087 890 2136 esset.
919 2084 1040 2130 tttnc
1083 2073 1335 2144 peccavit.
1393 2071 1526 2126 Cum
1569 2078 1745 2122 autem
1785 2068 2033 2137 puerulus

463 2181 639 2238 esset,
663 2167 903 2224 mirabile
932 2173 1184 2235 tropaeum
1211 2163 1400 2227 erexit,
1429 2162 1704 2216 barbarum
1730 2159 2028 2228 prostravit.

462 2274 779 2330 omnemque
822 2258 1061 2312 exhibuit
1095 2254 1525 2326 philosophiam,
1582 2266 1753 2321 neque
1805 2249 2030 2319 impedi-

464 2363 643 2407 mento
688 2350 938 2420 juventus
986 2347 1102 2411 fuit,
1157 2344 1438 2413 quominus
1463 2342 1576 2397 hare
1600 2340 1853 2411 praeclara
1884 2350 2032 2408 gesm

460 2442 663 2498 ederet.
705 2438 989 2495 Jeremiam
1018 2449 1228 2507 quoque
1252 2434 1341 2504 qui
1378 2433 1546 2487 (etatis
1571 2432 1774 2487 obicem
1814 2428 2030 2498 objicie-

464 2536 556 2589 bat
601 2542 660 2589 ut
704 2538 996 2597 recusaret,
1047 2543 1150 2582 non
1186 2526 1399 2581 admisit
1438 2525 1596 2590 Deus,
1642 2524 1737 2578 sed
1761 2521 1943 2577 eduxit
1964 2521 2031 2574 ad

462 2625 714 2697 populum
741 2622 1041 2684 Iudaicum,
1062 2620 1231 2688 ipsum
1258 2617 1387 2671 nihil
1409 2615 1530 2672 inde
1559 2613 1797 2683 impediri
1825 2612 2027 2677 dicens,

460 2718 507 2773 si
534 2723 711 2771 mente
740 2712 889 2767 ﬁrma
918 2709 1168 2781 prmditus
1191 2718 1352 2763 esset.
1406 2707 1534 2771 liae,
1582 2706 1687 2758 imo
1731 2702 1899 2756 multo
1929 2702 2029 2754 mi-

463 2819 595 2860 nore
619 2811 794 2864 aetate,
821 2814 976 2856 senes
1003 2798 1186 2853 Daniel
1211 2794 1486 2867 judicavit.
1534 2795 1600 2849 Et
1627 2792 1799 2848 Josias
1838 2806 1904 2845 ne
1933 2790 2029 2843 de-

462 2909 578 2951 cem
608 2892 818 2964 quidem
861 2904 1029 2944 annos
1078 2897 1256 2950 natus,
1290 2888 1340 2939 in
1367 2885 1555 2941 solium
1589 2883 1734 2952 regni
1760 2879 2029 2942 ascendit,

461 2993 692 3053 tuncque
716 2979 971 3043 ﬂorebat;
1024 2976 1120 3032 sed
1164 2986 1346 3045 postea
1376 2974 1637 3028 tantillum
1683 2972 1929 3039 delapsus
1981 2971 2036 3024 in

461 3074 748 3146 ignaviam,
783 3071 1031 3125 virtutem
1059 3068 1219 3121 animi
1251 3064 1603 3120 labefactavit.
1633 3060 1768 3128 Quid
1792 3074 1920 3114 vero
1939 3058 2030 3114 Jo-

461 3165 633 3236 seph‘t
681 3164 873 3218 Annon
911 3159 1143 3231 juvenis,
1192 3167 1247 3212 et
1270 3154 1553 3211 admodum
1576 3152 1826 3223 juvenis,
1871 3164 2033 3220 grave

462 3257 588 3314 illud
616 3256 810 3310 bellum
837 3253 1086 3321 suscepit,
1111 3265 1215 3304 non
1238 3248 1493 3303 adversus
1522 3243 1784 3309 homines,
1815 3241 1907 3297 sed
1933 3240 2033 3294 ad—

461 3364 645 3406 versus
687 3350 853 3418 ipsam
897 3355 1098 3400 naturae
1143 3340 1469 3412 tyrannidem
1509 3337 1827 3399 decertans,
1872 3341 1928 3388 et
1966 3347 2032 3386 ex

462 3440 633 3497 media
679 3438 890 3493 fornace
936 3435 1255 3502 ﬂammaque
1300 3430 1505 3493 multo,
1560 3441 1718 3497 quam
1769 3425 1856 3479 illa
1909 3424 2035 3478 Per-

461 3534 568 3588 sica
600 3530 696 3602 (ιι),
724 3528 989 3598 graviore,
1033 3525 1227 3578 illatsus
1256 3520 1469 3584 exsiliit,
1516 3534 1619 3572 non
1652 3516 1846 3579 minus,
1879 3529 2033 3583 quam

464 3635 570 3678 tres
598 3622 669 3677 illi
700 3619 869 3690 pueri,
905 3618 1020 3671 sine
1063 3614 1257 3668 damno
1294 3608 1555 3665 manens?
1581 3606 2032 3675 Quemadmodum

461 3714 600 3767 enim
629 3710 707 3765 illi
731 3722 954 3777 corpora
984 3721 1103 3759 cum
1123 3704 1250 3773 ipsis
1270 3701 1474 3771 capillis
1504 3699 1666 3753 illaesa
1692 3707 1819 3752 tunc
1836 3695 2033 3766 egressi

463 3801 827 3862 ostenderunt,
872 3813 940 3852 ex
990 3796 1131 3850 fonte
1163 3794 1337 3862 potius
1372 3805 1529 3860 quam
1566 3804 1632 3842 ex
1678 3786 1896 3841 fornace
1937 3802 2033 3841 ex-

465 3906 653 3949 euntes
683 3907 698 3944 :
728 3890 805 3945 sic
833 3897 885 3943 et
915 3887 1015 3941 iste
1044 3886 1095 3939 in
1124 3881 1433 3943 certamine,
1470 3893 1536 3933 ex
1562 3876 1823 3947 [Egyptiae
1865 3875 2041 3928 mani-

464 3987 563 4039 bus
606 3981 818 4049 elapsus
848 3978 864 4009 ¹
889 4018 905 4044 ,
946 3975 1093 4039 exiit,
1124 3986 1296 4042 neque
1321 3986 1352 4025 a
1378 3979 1538 4035 tactu,
1574 3982 1745 4035 neque
1773 3982 1803 4020 a
1837 3965 2034 4027 verbis,

466 4086 639 4142 neque
662 4070 728 4125 ab
756 4075 992 4138 aspectu,
1024 4080 1195 4134 neque
1222 4078 1252 4116 a
1278 4062 1622 4121 vestimentis,
1647 4072 1817 4127 neque
1843 4056 1908 4110 ab
1937 4072 2036 4109 uu-

465 4162 693 4233 guentis,
726 4172 843 4228 quae
885 4155 1169 4211 sarmentis
1192 4162 1244 4208 et
1270 4154 1385 4221 pice
1409 4150 1764 4205 ardentiorem
1792 4146 2042 4215 concupi-

466 4255 680 4310 scentiae
700 4250 966 4305 ﬂammam
993 4244 1387 4308 accendebant;
1430 4255 1600 4311 neque
1624 4241 1691 4294 ab
1711 4246 1865 4293 aetate
1893 4239 2040 4307 ejus-

468 4345 610 4402 modi
632 4342 900 4414 quidpiam
937 4352 1125 4409 passus
1154 4346 1254 4402 est,
1299 4334 1457 4405 quale
1487 4342 1544 4387 ut
1570 4334 1729 4385 homo
1759 4332 1861 4400 pati
1884 4346 2039 4399 posse

470 4435 764 4491 videbatur.
812 4432 889 4486 Ac
917 4439 1025 4485 tres
1063 4429 1135 4482 illi
1166 4426 1334 4496 pueri,
1376 4427 1427 4479 in
1454 4426 1570 4494 ipso
1591 4422 1882 4492 juventutis
1910 4424 2041 4476 ﬂore

472 4537 527 4581 et
550 4534 788 4580 ventrem
817 4526 1167 4590 superarunt,
1213 4525 1268 4571 et
1297 4516 1483 4570 mortis
1509 4513 1848 4568 formidinem
1873 4512 2042 4566 calca-

470 4625 623 4679 runt,
674 4621 983 4681 tantumque
1029 4609 1319 4664 exercitum
1362 4607 1701 4675 furoremque
1748 4605 1889 4673 regis
1933 4604 2042 4672 ipsa

472 4705 688 4761 fornace
731 4701 1084 4757 ardentiorem
1134 4699 1395 4758 vicerunt,
1449 4696 1683 4765 nihilque
1713 4696 1832 4749 illos
1870 4701 2046 4749 exter-

473 4803 600 4861 rutt,
645 4792 741 4850 sed
785 4798 1093 4847 constanter
1120 4794 1434 4841 manserunt
1459 4785 1638 4840 animo
1677 4785 1894 4838 minime
1928 4796 2041 4837 ser-

473 4886 566 4940 vili
595 4882 857 4940 instructi.
874 4881 991 4937 Nou
1020 4879 1180 4950 igitur
1204 4886 1415 4932 aetatem
1442 4877 1723 4931 traducens
1751 4876 1863 4929 haec
1888 4874 2040 4929 dicit:

544 5088 561 5115 ι
598 5081 778 5130 Boisius
799 5076 939 5139 legit,
961 5074 1163 5139 impuris
1180 5073 1410 5139 aegyptia:
1433 5070 1649 5121 manibus
1671 5070 1877 5139 elapsus.

537 5128 621 5205 (αἱ
744 5147 821 5205 est
849 5128 1174 5200 ﬂuet-uinctam
1204 5128 1602 5205 chfonologorum
1634 5128 1900 5205 sententia,
1925 5131 2050 5180 Salo-

482 5195 675 5254 monem
697 5195 1003 5250 duodennem
1024 5208 1234 5258 regnare
1263 5197 1489 5257 ompisse,
1516 5207 1675 5255 eaque
1699 5195 1947 5254 sapientiae
1970 5205 2048 5240 ar-

482 5270 711 5328 gumenta
735 5262 1035 5328 exhibuisse,
1060 5257 1186 5328 quas
1216 5257 1265 5305 in
1296 5259 1541 5328 Scriptura.
1556 5261 1806 5303 narrantur
1832 5267 1843 5301 :
1880 5266 2050 5328 verum

478 5313 740 5388 peritiores
760 5313 1038 5388 ριν-θροιοεί
1054 5313 1152 5381 jam
1176 5325 1277 5367 tum
1294 5313 1452 5369 virum
1480 5318 1626 5387 fuisse
1657 5322 1878 5388 censent.
1906 5313 2050 5384 certe

477 5376 518 5437 'si
536 5383 805 5436 duodcnnis
825 5381 977 5430 solum
989 5376 1105 5431 'er'at
1125 5393 1233 5443 cum
1257 5393 1462 5443 regnare
1483 5380 1645 5438 Ctrpil,
1670 5384 1721 5425 et
1739 5376 2052 5443 quadraginta

386 5456 387 5459 ‘
480 5449 618 5497 annis
641 5444 939 5507 regnaverit,
956 5450 1008 5491 ut
1030 5444 1095 5490 ait
1110 5438 1639 5507 scriptut-It,.au_t_los_que
1660 5446 1800 5507 natus
1818 5438 2051 5497 quinqua-

480 5507 612 5567 ginta
635 5497 774 5567 duos,
790 5497 980 5567 abierit,
1003 5497 1239 5567 quomodo
1262 5500 1405 5548 stabit
1428 5497 1542 5546 illud
1558 5497 1847 5567 'Scripturze,
1874 5505 2051 5567 uagum

483 5514 612 5567 ginta
635 5514 758 5555 duos
790 5514 980 5561 ODtet‘tt,
1003 5514 1239 5564 quomoao
1262 5514 1405 5548 suum.
1428 5514 1542 5546 ιιιυο
1575 5514 1671 5547 δεῐῚ
1694 5514 1847 5553 iturae,
1874 5514 2051 5557 uagum

483 5573 564 5617 tib.
588 5569 637 5637 5,
658 5581 702 5617 c.
729 5566 804 5624 ll,
821 5579 868 5615 v.
885 5563 949 5637 4":
973 5572 1179 5637 Curaque
1192 5564 1302 5623 jam
1322 5574 1468 5611 senex
1492 5566 1628 5619 esset,
1654 5514 1963 5619 depravatum
1987 5562 2054 5607 cst

487 5644 570 5680 cor
593 5631 696 5689 ejus
719 5639 804 5689 per
827 5625 1087 5674 mulieres?

547 5682 628 5751 (ω’
650 5682 906 5751 Fornacetn
928 5693 1067 5751 vocat
1089 5685 1321 5733 Persicam
1343 5683 1470 5731 illam
1495 5682 1818 5751 Babylonicam
1838 5683 1885 5751 in
1909 5692 2055 5751 quam

482 5743 975 5813 tres'puericonjecti
999 5754 1271 5813 sunt.__Jam
1316 5758 1447 5805 saepe
1488 5743 1706 5813 vidimus,
1734 5743 1967 5804 assyrium
2005 5747 2056 5790 et

483 5808 784 5873 Babyloniam
806 5808 1046 5859 Persidem
1069 5824 1095 5857 a
1118 5808 1449 5870 Cbrysostnmo
1474 5808 1645 5855 vocari.

2096 570 2099 571 ν
2141 539 2560 609 quandoquidem
2586 550 2637 595 ct
2662 542 2854 598 Paulus
2880 558 3001 598 cum
3031 545 3104 597 ait

3157 563 3168 597 :
3215 544 3335 598 Non
3378 546 3704 615 reophytnm,

2138 645 2200 681 ne
2248 631 2299 682 in
2347 632 2628 701 superbiant
2664 634 2843 696 elatus,
2896 635 2948 687 in
2982 635 3235 704 judicium
3283 635 3471 689 incidat
3517 636 3705 689 diaboli

2139 719 2214 787 (l.
2243 719 2377 775 Tim.
2408 723 2462 776 5.
2490 722 2570 791 6),
2611 738 2717 778 non
2746 734 2901 779 mtale
2921 725 3171 793 juvenem
3201 726 3350 791 dicit,
3401 727 3492 779 sed
3518 742 3706 780 recens

2138 811 2448 880 plautatum,
2476 814 2529 867 id
2558 825 2659 880 est,
2699 816 2993 870 institutum
3028 833 3043 881 ;
3074 817 3313 886 plantare
3337 819 3535 888 quippe
3577 817 3707 871 dicit

2138 906 2401 960 catecltesi
2450 907 2740 972 instituere,
2800 919 2853 963 et
2899 909 3125 973 docere;
3178 918 3233 963 ut
3273 924 3390 965 cum
3424 912 3496 962 ait
3536 927 3548 961 :
3592 908 3706 978 Ego

2141 996 2383 1064 plantavi,
2419 996 2601 1068 Apollo
2628 999 2803 1069 rigavit
2842 1000 2913 1068 (i.
2945 997 3061 1053 Cor.
3091 1000 3145 1054 5.
3174 999 3256 1067 6).
3293 996 3535 1053 Christus
3571 1014 3703 1067 quo-

2136 1098 2239 1153 que
2268 1085 2319 1139 id
2352 1086 2724 1154 plantationem
2750 1097 2900 1151 vocat
2928 1088 3109 1143 dicens
3160 1106 3172 1141 :
3219 1086 3396 1142 Omnis
3434 1088 3699 1156 plantatio,

2135 1189 2283 1241 quam
2321 1191 2418 1228 non
2455 1175 2697 1243 plantavit
2734 1175 2893 1230 Pater
2916 1193 3053 1231 meus
3079 1176 3322 1241 rtelcstis,
3364 1176 3704 1229 eradicabitur

2139 1263 2347 1331 (Matth.
2382 1265 2465 1319 l5.
2488 1266 2600 1334 l5).
2619 1264 2750 1320 Nam
2777 1267 2820 1320 si
2851 1267 3172 1336 neOphytutn
3194 1266 3699 1333 dixissctjuveuem,

2137 1353 2469 1409 Timotheum
2506 1364 2671 1423 certe,
2723 1356 2812 1425 qui
2837 1355 3045 1425 juvenis
3076 1363 3213 1421 erat,
3258 1363 3314 1409 et
3356 1357 3424 1409 ita
3464 1354 3698 1424 juvenis,

2139 1454 2194 1498 ut
2247 1445 2334 1499 ille
2377 1445 2615 1513 diceret,
2665 1445 2829 1501 Nemo
2866 1448 3174 1516 juventutem
3229 1456 3367 1499 tuam
3423 1454 3702 1499 contemnat

2137 1536 2216 1604 (Ι.
2261 1534 2393 1589 Tim.
2422 1537 2476 1591 4.
2509 1536 2597 1602 η)
2621 1579 2635 1601 ,
2683 1538 2749 1593 ad
2789 1547 2988 1592 tantum
3032 1538 3248 1593 culmen
3287 1537 3557 1606 dignitatis
3595 1552 3700 1590 non

2136 1628 2418 1690 evexisset,
2448 1642 2546 1683 nec
2576 1637 2651 1683 tot
2677 1629 3027 1684 Ecclesiarum
3057 1626 3197 1683 ferre
3226 1642 3405 1681 curam
3429 1628 3704 1697 permisis-

2136 1727 2235 1773 set.
2281 1718 2345 1772 Et
2372 1719 2602 1775 illusores
2628 1721 3011 1774 dominabuntur
3034 1720 3124 1773 eis.
3177 1718 3334 1773 Vides
3377 1717 3545 1786 ipsum
3597 1732 3700 1768 non

2136 1809 2443 1878 simpliciter
2488 1821 2698 1866 aetatem
2747 1811 3057 1877 traducere,
3100 1810 3191 1863 sed
3235 1818 3538 1878 corruptum
3585 1809 3702 1860 ani-

2137 1902 2319 1955 mum?
2362 1903 2467 1956 llac
2492 1904 2630 1958 enim
2657 1903 2922 1957 additione
2948 1902 2997 1955 id
3023 1902 3214 1955 clarius
3239 1900 3419 1955 efﬁcit.
3456 1900 3706 1954 lllusores

2136 1993 2274 2047 enim
2302 1991 2384 2046 hic
2411 2004 2561 2047 vocat
2585 1993 2914 2061 deceptores,
2959 1992 3311 2057 cavillatores,
3360 1990 3660 2044 adulatores
3687 2032 3703 2054 ,

2136 2095 2228 2135 eos
2267 2083 2353 2151 qui
2384 2083 2557 2137 verbis
2605 2084 2826 2151 gratiam
2855 2092 3124 2151 captantes
3155 2083 3299 2151 ipsos
3326 2081 3535 2134 diabolo
3583 2097 3705 2147 pro-

2135 2174 2398 2241 pinarent.
2449 2174 2500 2229 5.
2552 2174 2615 2226 Et
2652 2184 2848 2227 corruet
2877 2174 3110 2242 papulas,
3144 2177 3292 2225 honto
3320 2172 3386 2223 ad
3414 2171 3703 2234 hominem,

2134 2272 2181 2315 et
2225 2264 2371 2317 homo
2426 2264 2493 2316 ad
2545 2264 2823 2332 proximum
2867 2279 3035 2317 suum.
3083 2261 3533 2329 Quemadmodum
3561 2262 3705 2316 enim

2134 2354 2286 2422 lignis
2318 2370 2436 2424 qua:
2475 2354 2695 2408 aediﬁcia
2730 2354 3068 2409 continebant
3094 2353 3379 2421 corruptis,
3410 2360 3501 2405 aut
3528 2352 3707 2405 subla-

2135 2445 2220 2511 tis,
2271 2460 2490 2501 necesse
2516 2454 2598 2500 est
2623 2445 2781 2499 etiam
2809 2459 2987 2498 muros
3032 2445 3321 2513 perrumpi,
3371 2443 3517 2495 nullo
3568 2442 3702 2494 ultra

2134 2536 2394 2590 retinente
2444 2553 2459 2589 :
2510 2534 2588 2589 sic
2633 2534 2735 2589 illis
2786 2534 3024 2598 sublatis,
3051 2534 3141 2603 qui
3182 2548 3340 2602 supra
3387 2532 3513 2585 dicti
3557 2542 3701 2593 sunt,

2134 2627 2475 2697 principibus,
2528 2625 2862 2689 consiliariis,
2901 2624 3185 2694 judicibus,
3234 2622 3525 2692 prophetis,
3574 2621 3705 2674 nihil

2134 2721 2465 2791 prohibebat,
2510 2719 2634 2788 quin
2683 2717 2906 2787 populus
2934 2720 2984 2770 in
3018 2716 3271 2770 factiones
3300 2728 3358 2769 se
3396 2713 3662 2767 scindet-et
3687 2751 3703 2777 ,

2133 2823 2187 2868 ct
2215 2825 2400 2880 magna
2436 2809 2761 2879 perturbatio
2790 2809 3038 2862 oriretur.

2203 2903 2259 2957 4.
2290 2900 2456 2954 lrruet
2495 2900 2732 2970 puerulus
2776 2899 3011 2951 adversus
3047 2913 3240 2959 senem,
3262 2906 3308 2950 et
3343 2895 3574 2964 ignobilis
3612 2895 3709 2947 ad-

2131 3008 2302 3047 versus
2340 2988 2574 3043 nobilem.
2622 2986 3031 3051 Adversabitur,
3068 2986 3235 3054 inquit
3263 3026 3277 3048 ,
3300 2985 3508 3054 juvenis
3552 2983 3705 3047 seni,

2131 3080 2426 3148 despiciet,
2474 3085 2774 3131 contemnet
2824 3076 2991 3128 illum.
3043 3074 3168 3128 Haec
3218 3074 3373 3128 etiam
3422 3084 3707 3140 antequam

2134 3168 2327 3224 bellum
2372 3168 2591 3221 instaret
2628 3164 2814 3235 quovis
2843 3164 2983 3219 bello
3020 3162 3257 3232 graviora
3286 3171 3453 3216 erant.
3484 3162 3710 3228 Quando

2134 3263 2275 3316 enim
2309 3267 2554 3314 senectus
2596 3273 2624 3310 a
2665 3257 2939 3327 juventute
2979 3254 3322 3309 inhonoratur
3346 3293 3361 3318 ,
3388 3253 3625 3321 vilesque
3653 3261 3709 3305 et

2134 3350 2324 3419 abjecti
2353 3348 2593 3402 homines
2619 3345 2951 3416 honorabiles
2980 3344 3122 3412 prius
3154 3343 3297 3396 viros
3324 3343 3529 3395 calcant
3553 3381 3567 3403 ,
3598 3355 3707 3395 non

2136 3440 2338 3494 meliori
2370 3439 2421 3492 in
2449 3446 2586 3491 statu
2618 3444 2858 3490 versatur
2885 3431 3185 3502 hujusmodi
3224 3431 3409 3485 civitas
3432 3470 3447 3495 ,
3476 3444 3633 3499 quam
3662 3430 3709 3483 si

2138 3531 2371 3586 hariolos
2414 3529 2652 3583 haberet.
2693 3527 2744 3581 6.
2774 3527 2906 3593 Quia
2932 3524 3268 3594 appreltendel
3309 3523 3456 3574 homo
3498 3524 3709 3591 fratrem

2136 3638 2281 3676 suum
2320 3630 2409 3673 aut
2439 3619 2757 3672 domesticum
2788 3616 2942 3685 patris
2987 3616 3065 3666 sui
3104 3613 3273 3665 dicens
3300 3626 3318 3663 :
3356 3610 3709 3663 Vestintentum

2138 3710 2309 3776 habes,
2343 3709 2573 3777 princeps
2598 3714 2760 3758 noster
2786 3714 2907 3766 esto,
2938 3712 2985 3756 et
3013 3702 3149 3755 cibus
3176 3716 3312 3754 meus
3341 3700 3431 3752 sub
3461 3708 3506 3752 te
3531 3700 3615 3752 sit.
3651 3698 3706 3750 7.

2140 3801 2206 3855 Et
2234 3800 2536 3869 respondens
2556 3799 2609 3850 in
2634 3798 2715 3849 die
2737 3796 2827 3849 illa
2860 3795 2987 3847 dicet
3010 3808 3029 3847 :
3052 3791 3170 3846 Non
3197 3807 3281 3845 ero
3310 3791 3540 3860 princeps
3562 3806 3583 3841 :
3607 3804 3709 3841 non

2139 3894 2270 3947 cnim
2295 3901 2368 3944 est
2406 3892 2459 3943 in
2498 3891 2644 3942 domo
2673 3904 2781 3941 mea
2817 3886 2961 3956 panis
2991 3900 3147 3953 neque
3183 3883 3546 3936 vestimentum.
3588 3877 3709 3931 Non

2142 3998 2226 4035 ero
2270 3981 2498 4049 princeps
2521 3977 2693 4047 populi
2722 3977 2890 4044 hujus.
2918 3974 3011 4028 llic
3051 3973 3179 4027 mihi
3208 3972 3414 4025 videtur
3447 3980 3538 4023 aut
3567 3967 3711 4021 obsi-

2142 4073 2351 4126 dioncm
2382 4071 2608 4138 aliquam
2648 4067 3006 4137 gravissimam
3036 4063 3389 4126 subindicare,
3417 4075 3535 4129 quae
3565 4059 3710 4127 ipsos

2142 4164 2194 4219 in
2225 4173 2515 4218 extremam
2559 4158 2923 4213 necessitatem
2971 4152 3379 4221 redegerit;aut
3407 4150 3523 4203 sine
3564 4148 3711 4202 obsi-

2142 4254 2301 4308 dione
2327 4253 2518 4305 famem
2546 4248 2821 4319 quamdam
2846 4244 3250 4307 intolerabilem,
3275 4241 3596 4309 multamque
3624 4254 3712 4293 re-

2144 4360 2258 4398 rum
2273 4341 2687 4398 necessariarum
2706 4336 2997 4406 penuriam.
3022 4332 3154 4389 Usus
3168 4342 3248 4387 est
3265 4341 3436 4385 autem
3448 4327 3717 4384 communi

2145 4432 2391 4502 loquendi
2440 4426 2815 4484 consuetudine
2858 4442 2870 4477 :
2911 4433 2963 4477 et
3010 4423 3146 4476 sicut
3192 4422 3340 4474 inulti
3388 4420 3613 4473 dicunt:
3659 4418 3719 4471 Si

2145 4524 2472 4590 contingeret
2500 4518 2681 4572 urbem
2715 4525 2872 4569 tutam
2900 4512 3059 4567 obolo
3094 4510 3436 4570 venumdari,
3466 4522 3571 4561 non
3600 4520 3724 4575 pos-

2147 4630 2258 4669 sem
2288 4614 2426 4667 illam
2464 4623 2641 4663 emere
2661 4647 2675 4671 ,
2703 4616 2993 4660 extremam
3023 4604 3102 4656 sic
3130 4608 3490 4670 paupertatem
3534 4609 3721 4651 osten-

2148 4704 2281 4757 dens
2312 4720 2323 4753 :
2352 4702 2428 4755 sic
2468 4708 2520 4753 et
2570 4696 2820 4767 propheta
2859 4694 2986 4747 dicit
3016 4711 3029 4746 :
3056 4691 3113 4745 Si
3159 4689 3483 4759 principatus
3531 4694 3721 4740 veneat

2149 4792 2463 4848 vestimento
2488 4804 2592 4843 uno
2617 4828 2631 4852 ,
2656 4797 2742 4839 aut
2771 4799 2903 4854 pane
2925 4783 3039 4836 solo
3058 4822 3073 4845 ,
3100 4795 3257 4834 nemo
3296 4780 3394 4832 erit
3423 4778 3509 4845 qui
3538 4785 3681 4830 emat
3705 4793 3722 4830 :

2152 4893 2289 4941 tanta
2312 4897 2487 4938 rerum
2507 4877 2917 4935 necessariarum
2946 4872 3162 4944 penuria
3188 4871 3307 4925 erit.
3329 4868 3380 4923 8.
3406 4868 3538 4934 Quia
3560 4869 3728 4921 disse-

2151 4980 2258 5034 luta
2294 4986 2365 5031 est
2392 4973 2674 5029 Jerusalem
2699 4985 2717 5023 :
2738 4970 2840 5022 hoc
2866 4976 2967 5030 est,
3001 4964 3248 5019 derelicta
3278 4970 3332 5015 et
3360 4962 3568 5015 deserta
3601 4966 3683 5012 est
3706 4997 3725 5021 ,

2154 5070 2246 5124 Dei
2271 5063 2598 5139 providentia
2630 5058 2912 5115 denudata.
2945 5055 3013 5108 Et
3038 5054 3223 5108 Judwa
3246 5051 3464 5105 concidit
3487 5065 3505 5102 :
3526 5057 3732 5117 pertur-

2154 5161 2383 5221 batione,
2412 5154 2579 5224 inquit
2603 5194 2617 5217 ,
2640 5159 2694 5205 et
2720 5148 2941 5202 tumultu
2969 5144 3166 5212 repleta
3192 5153 3307 5205 est,
3342 5139 3652 5194 confusione
3674 5145 3733 5189 et

2155 5249 2432 5304 seditione.
2463 5244 2527 5297 Et
2558 5242 2741 5310 lingua:
2766 5252 2936 5291 eorum
2965 5251 3076 5287 cum
3103 5233 3368 5303 iniquitate
3393 5230 3470 5281 his
3495 5242 3607 5296 qua:
3627 5225 3731 5276 Do-

2156 5338 2279 5391 mini
2319 5346 2432 5388 sunt
2480 5349 2580 5385 non
2621 5330 2977 5394 obtemperant.
3022 5323 3220 5377 Deinde
3266 5333 3423 5374 causa
3468 5316 3732 5370 malorum

2158 5427 2503 5489 subnectitur,
2526 5423 2714 5489 lingua:
2736 5415 3157 5485 intemperantia.
3183 5412 3235 5465 ld
3266 5409 3405 5479 quod
3427 5408 3563 5461 Osce
3584 5421 3738 5459 coar-

2157 5522 2268 5591 guit
2308 5519 2488 5572 dicens
2514 5533 2524 5567 :
2550 5510 2796 5581 Ephraim
2828 5509 2881 5561 in
2917 5507 3169 5559 interitum
3206 5503 3433 5554 abierunt
3473 5499 3523 5550 in
3563 5498 3738 5551 diebus

2159 5590 2564 5680 redurgutionis;
2599 5604 2651 5656 in
2716 5602 2936 5653 tribubus
2984 5595 3148 5651 Israel
3196 5592 3389 5647 ostendi
3438 5590 3538 5658 ﬁde
3583 5590 3738 5659 digna

2162 5677 2315 5774 (Osee
2337 5700 2389 5755 5.
2422 5697 2476 5767 9)
2506 5713 2519 5759 ;
2552 5702 2606 5748 et
2634 5689 2913 5745 Malachias
2951 5687 3136 5744 eadem
3176 5685 3367 5737 iterum
3407 5683 3534 5737 dicit
3563 5698 3575 5731 :
3604 5677 3733 5730 Pro—

2166 5771 2325 5862 pheta»
2341 5788 2693 5859 exprobrantes
2718 5781 2777 5833 iis
2793 5781 2874 5849 qui
2895 5783 3277 5848 prouocauerunt
3298 5771 3455 5824 Deum
3479 5771 3528 5822 in
3551 5784 3745 5825 termo-
