4044 6398
314 393 388 449 45
1576 394 1639 450 ΙΝ
1681 394 1857 449 lSAlA

1974 394 2255 451 CAP.1H.
3520 410 3594 466 46

297 509 443 563 nibus
472 508 567 581 (a).
601 518 667 564 ut
710 510 909 565 dixistis
934 527 950 564 :
975 510 1037 563 In
1068 527 1165 579 quo
1209 510 1584 577 provocavimus
1632 526 1742 561 eum
1767 510 1790 561 ?
1818 507 1885 562 1n

293 616 352 652 eo
392 602 526 669 quod
569 601 770 654 dicitis:
796 601 973 655 Omnis
1012 603 1097 671 qui
1125 602 1245 672 facit
1276 602 1499 665 malum,
1529 601 1687 653 bonus
1722 610 1796 655 est
1833 601 1885 652 in

292 701 562 760 conspectu
589 692 816 758 Domini,
846 702 893 748 et
928 694 981 746 in
1007 694 1077 746 eis
1119 694 1227 761 ipse
1263 693 1356 745 sibi
1389 693 1509 746 bene
1557 692 1879 760 complacuit.

296 782 359 835 ls‘t
400 783 485 836 ubi
512 793 583 838 est
610 783 749 838 Deus
774 785 992 854 justitiaz
1015 784 1033 854 (
1057 783 1186 837 Μαι.
1217 784 1271 836 2.
1306 784 1454 852 l7)?
1482 784 1558 837 De
1594 784 1695 837 hoc
1740 793 1885 837 certe

292 886 348 931 et
411 877 528 947 ipse
575 886 835 943 accusat,
886 877 1080 946 duplex
1130 875 1405 946 proferens
1447 877 1650 931 crimen
1680 915 1696 942 ,
1741 875 1883 945 quod

294 986 399 1024 non
448 971 622 1026 solum
665 986 771 1025 non
815 971 1186 1039 obtemperent
1216 1009 1231 1035 ,
1260 985 1359 1025 nec
1402 970 1575 1025 solum
1620 978 1886 1038 transgre-

293 1062 506 1116 diantur
534 1062 742 1131 legem;
771 1077 890 1116 eum
919 1060 1147 1116 debeant
1184 1062 1282 1116 hac
1329 1060 1395 1115 de
1439 1076 1497 1116 re
1541 1062 1741 1130 pudore
1769 1061 1881 1115 suf-

294 1155 441 1210 l‘undi
486 1166 644 1225 atque
690 1156 1039 1221 erubescere,
1073 1170 1191 1209 sese
1235 1154 1432 1209 abdere
1462 1162 1515 1208 et
1549 1162 1707 1222 caput
1734 1152 1887 1207 incli-

294 1262 456 1310 nare;
498 1246 572 1300 illi
612 1247 788 1316 priora
834 1246 1171 1301 accumulare
1217 1245 1582 1308 contendunt,
1618 1258 1718 1297 nec
1754 1243 1883 1297 satis

290 1337 551 1393 habentes
578 1347 837 1407 praecepta
870 1338 1165 1407 transgredi
1192 1378 1207 1403 ,
1240 1352 1468 1394 onerosa
1508 1353 1719 1407 quoque
1760 1353 1881 1406 pro-

287 1428 468 1484 ferunt
494 1430 652 1485 verba
678 1445 691 1484 :
716 1430 859 1485 velut
895 1430 1122 1485 famulus
1159 1431 1419 1500 quispiam
1461 1431 1767 1499 improbus,
1792 1432 1878 1499 qui

290 1516 404 1572 heri
442 1518 689 1576 mandata
719 1521 1129 1589 praetermittens
1152 1561 1166 1585 ,
1201 1520 1267 1573 ad
1307 1520 1419 1575 ha:c
1445 1521 1607 1575 etiam
1642 1520 1879 1575 insolen-

288 1621 371 1667 ter
414 1611 542 1682 agit.
571 1611 625 1667 9.
658 1612 860 1665 Idcirco
904 1629 1037 1665 nunc
1065 1613 1331 1666 liumiliata
1357 1624 1428 1667 est
1467 1613 1629 1683 gloria
1653 1615 1763 1683 ejus
1786 1654 1801 1679 ,
1834 1624 1879 1666 e.‘

285 1707 522 1776 confusio
558 1706 707 1776 faciei
749 1707 857 1777 ejus
902 1706 1085 1761 resistit
1132 1707 1224 1760 eis.
1257 1706 1458 1761 Rursus
1507 1706 1680 1760 futura
1728 1707 1877 1776 quasi

287 1801 558 1870 przeterita
582 1801 735 1868 dixit,
764 1808 1014 1856 consueta
1042 1816 1167 1856 usus
1198 1801 1491 1871 prophetize
1522 1801 1663 1871 lege.
1694 1801 1876 1855 llumi-

287 1890 558 1945 liationem
588 1898 764 1945 autem
790 1890 973 1960 gloriae
998 1891 1356 1960 captivitatem
1384 1901 1557 1945 vocat.
1589 1891 1705 1945 Non
1736 1892 1877 1946 enim

287 1982 518 2053 vulgaris
554 1982 782 2037 infamiae
811 1993 924 2037 erat
949 2023 964 2047 ,
994 1996 1087 2037 eos
1113 1984 1202 2052 qui
1246 1999 1426 2052 regum
1457 1984 1603 2037 orbis
1633 1984 1875 2038 ordinem

288 2082 550 2138 tenerent,
577 2074 880 2128 hominibus
906 2073 1141 2142 profanis
1166 2084 1219 2129 et
1247 2074 1483 2129 barbaris
1513 2074 1723 2145 subjici.
1746 2074 1877 2129 Con-

288 2162 551 2219 fusionem
579 2180 706 2221 vero
740 2164 917 2219 vultus
945 2164 1029 2218 hic
1063 2175 1218 2219 vocat
1250 2180 1367 2219 eam
1394 2207 1409 2231 ,
1439 2181 1557 2234 quae
1586 2182 1615 2219 a
1648 2169 1876 2234 peccatis

286 2255 475 2309 oritur.
508 2254 652 2310 Talis
689 2256 884 2325 quippe
922 2263 1038 2311 erat
1075 2270 1258 2310 eorum
1298 2257 1425 2310 vita.
1452 2255 1584 2310 Cum
1632 2258 1774 2311 enim
1817 2272 1877 2311 se

286 2348 434 2415 prius
455 2346 869 2402 dedecorassent
896 2362 990 2416 per
1016 2356 1162 2416 gesta
1189 2363 1304 2415 sua,
1338 2348 1458 2404 ideo
1486 2350 1624 2404 Deus
1654 2364 1680 2401 a
1706 2349 1874 2419 gloria

285 2450 378 2491 sua
418 2438 540 2491 illos
570 2437 760 2507 dejecit
785 2478 799 2500 ,
828 2436 1017 2493 leviori
1046 2439 1261 2494 tradens
1287 2440 1546 2510 supplicio
1570 2481 1584 2504 ,
1618 2454 1775 2510 quam
1824 2442 1873 2494 id

285 2528 428 2598 quod
463 2530 562 2597 ipsi
590 2530 690 2583 sibi
727 2528 1046 2584 indixerant.
1075 2528 1189 2584 Non
1218 2530 1358 2584 enim
1392 2531 1461 2584 ita
1495 2531 1873 2599 vituperabiles

285 2628 439 2674 erant
463 2636 585 2673 cum
614 2621 838 2674 alienam
870 2629 1065 2675 terram
1087 2622 1399 2686 incolerent,
1426 2638 1585 2692 quam
1612 2638 1731 2677 cum
1763 2639 1875 2678 me-

287 2710 535 2779 tropolim
562 2726 711 2765 suam
744 2711 997 2767 habentes
1028 2714 1522 2780 praevaricarentur.
1551 2714 1700 2769 Tunc
1726 2716 1868 2769 enim

284 2818 471 2859 eorum
500 2803 730 2873 nequitia
758 2804 1207 2872 compritnebatur
1230 2821 1243 2857 :
1269 2804 1321 2859 in
1350 2806 1516 2875 patria
1547 2822 1674 2860 vero
1705 2809 1873 2876 magis

284 2911 347 2951 ac
372 2896 541 2965 magis
568 2896 876 2965 augebatur.
905 2896 1145 2966 Magnum
1169 2898 1328 2967 igitur
1358 2899 1458 2953 illis
1485 2900 1743 2969 propheta
1768 2899 1862 2953 du.

284 2997 590 3045 cumentum
624 2989 804 3050 tradit,
838 2989 1028 3059 ubique
1055 2991 1284 3045 suadens
1309 3000 1366 3045 ut
1393 3000 1515 3047 ante
1554 2994 1869 3062 supplicium

284 3080 573 3149 nequitiam
617 3080 848 3149 fugiant,
878 3096 940 3135 ae
964 3082 1169 3150 pudore
1194 3082 1496 3151 ruborcque
1539 3094 1824 3139 coerceant
1852 3103 1866 3139 :

283 3189 388 3227 non
420 3182 695 3243 postquam
720 3174 925 3227 barbari
959 3174 1075 3228 illos
1104 3183 1287 3243 captos
1310 3174 1593 3242 abducent,
1624 3178 1715 3231 sed
1747 3193 1865 3231 eum

282 3263 482 3330 peccati
507 3263 744 3331 tyrannis
767 3263 884 3317 illos
900 3265 1137 3332 captivos
1163 3266 1377 3320 tenebit.
1405 3264 1677 3320 Peccatum
1702 3281 1867 3322 autem

278 3369 445 3416 suum,
470 3362 523 3406 ut
548 3354 597 3406 in
622 3352 879 3418 Sodomis,
902 3356 1263 3408 annuntiarunt
1282 3366 1327 3410 et
1348 3359 1690 3411 ostenderunt.
1715 3360 1864 3427 Quod

278 3460 422 3513 s:rpe
461 3445 610 3511 dixi,
644 3462 781 3501 nunc
825 3447 982 3502 etiam
1013 3448 1131 3503 dico
1162 3466 1175 3502 :
1202 3449 1342 3519 quod
1388 3451 1647 3521 propheta
1676 3470 1864 3522 nempe

278 3536 370 3590 Dei
410 3537 745 3591 clementiam
778 3538 1094 3606 ostendens,
1127 3556 1231 3595 non
1260 3556 1321 3596 ea
1353 3557 1469 3611 qua:
1501 3545 1704 3611 passuri
1744 3556 1865 3600 sunt

276 3628 549 3694 praedicat,
594 3630 689 3683 sed
733 3645 793 3685 ea
846 3646 963 3700 qum
994 3631 1133 3700 digni
1175 3634 1383 3687 fuerant
1429 3643 1484 3687 ut
1534 3644 1859 3702 paterentur.

273 3717 495 3773 Peccata
543 3720 737 3789 quippe
777 3721 1013 3790 ipsorum
1052 3722 1442 3778 Sodomitarum
1477 3726 1687 3795 flagitiis
1717 3730 1860 3795 paria

271 3819 444 3875 erant,
478 3812 791 3881 supplicium
814 3824 990 3868 autem
1019 3815 1203 3869 levius.
1226 3815 1340 3869 Non
1371 3818 1511 3871 enim
1546 3820 1688 3888 ipsos
1722 3822 1863 3873 radi-

272 3903 408 3956 citus
452 3903 681 3969 evulsit,
712 3920 883 3974 neque
927 3921 955 3958 a
1000 3906 1357 3962 fundamentis
1402 3911 1586 3965 urbem
1615 3914 1813 3967 diruit‘
1841 3960 1853 3979 ,

270 4006 444 4060 neque
469 3993 718 4062 reliquias
743 3997 954 4064 generis
980 3997 1193 4051 delevit.
1230 3998 1360 4054 lllud
1396 4012 1571 4056 autem
1596 4044 1610 4067 ,
1644 4005 1857 4059 Annuu-

267 4084 459 4135 tiarunt
486 4092 535 4135 et
574 4085 930 4153 ostenderunt,
963 4087 1258 4142 humaniori
1302 4104 1451 4145 more
1494 4093 1695 4149 dictum
1739 4098 1853 4153 fuit.

267 4170 449 4238 Neque
478 4172 619 4227 enim
652 4173 787 4227 Deus
813 4190 931 4243 qute
963 4176 1094 4229 facta
1122 4188 1247 4230 sunt
1274 4188 1395 4235 tunc
1416 4180 1591 4246 discit,
1617 4200 1736 4238 cum
1770 4188 1853 4240 illa

268 4260 420 4325 finiit,
464 4261 770 4331 (quomodo
813 4266 976 4332 enim,
1015 4282 1133 4321 cum
1181 4271 1357 4324 omnia
1402 4272 1533 4327 sciat
1571 4286 1852 4345 antequam

266 4356 480 4426 fiant?)
526 4358 619 4413 sed
665 4369 722 4415 ut
758 4361 1073 4418 calamitatis
1105 4370 1521 4436 magnitudinem
1568 4375 1850 4438 ostendat,

263 4446 331 4500 ita
366 4447 611 4516 loquutus
634 4460 735 4505 est.

332 4538 385 4591 5.
416 4537 870 4605 Quemadmodum
892 4545 1033 4599 enim
1061 4548 1186 4602 alibi
1215 4549 1368 4605 dicit:
1401 4554 1637 4608 Ascendit
1664 4557 1852 4611 clamor

263 4632 470 4686 malitia:
494 4650 666 4688 eorum
692 4637 760 4689 ad
786 4655 862 4691 me
885 4638 1033 4707 (Gen.
1063 4640 1150 4694 18.
1180 4642 1299 4711 ΞΟ),
1329 4659 1433 4698 neu
1466 4646 1631 4701 Deum
1664 4653 1848 4718 procul

261 4721 584 4777 habitantem
617 4729 976 4793 constituens,
1007 4740 1060 4784 et
1106 4733 1154 4785 in
1200 4735 1331 4787 caelo
1362 4736 1807 4796 circumscribens
1833 4786 1845 4807 ,

259 4815 372 4869 ham
404 4813 531 4870 dicit
559 4856 573 4880 ,
606 4817 699 4871 sed
732 4820 935 4886 peccati
966 4824 1381 4893 magnitudinem
1422 4829 1702 4886 declarans
1732 4852 1742 4885 :
1773 4836 1848 4889 sic

247 4915 304 4959 et
338 4904 439 4960 hoc
467 4906 586 4961 loco
612 4948 625 4971 ,
658 4909 1032 4965 Annuntiarunt
1056 4955 1069 4976 ,
1107 4918 1355 4986 nequitia:
1398 4922 1710 4991 gravitatem
1756 4942 1845 4981 os-

252 5005 335 5058 len
350 4996 479 5053 deus
510 4999 657 5054 dicit.
694 5001 915 5059 Leviora
948 5006 1090 5059 enim
1135 5020 1347 5076 peccata
1381 5012 1544 5068 latere
1582 5028 1843 5083 possunt;

245 5091 564 5162 gravissima
606 5101 784 5147 autem
830 5108 883 5149 et
926 5099 1155 5152 maxima
1186 5103 1433 5158 omnibus
1469 5117 1593 5160 sunt
1624 5119 1746 5162 nota
1791 5121 1845 5165 et

246 5184 538 5251 conspicua
568 5225 584 5250 ,
614 5187 712 5239 etsi
760 5202 916 5241 nemo
958 5201 1169 5246 accuset
1196 5194 1275 5247 vel
1316 5208 1515 5265 arguat.
1544 5198 1660 5266 Ipsa
1701 5203 1841 5255 enim

253 5287 373 5327 sese
403 5275 719 5328 annuntiaut
761 5286 813 5330 et
857 5278 1150 5336 declarant.
1185 5282 1386 5340 Voleos
1415 5302 1541 5357 ergo
1585 5292 1840 5359 propheta

254 5363 674 5432 magnitudinem
720 5368 978 5423 malorum
1009 5374 1293 5429 ostendere
1317 5417 1330 5440 ,
1356 5376 1525 5445 dixit,
1559 5380 1843 5436 Annuntia-

254 5464 369 5508 runt
394 5465 440 5510 et
468 5457 808 5526 declararunt,
840 5462 890 5515 id
915 5472 996 5517 est
1015 5506 1029 5530 ,
1059 5466 1189 5521 Cum
1221 5468 1438 5524 audacia
1460 5513 1473 5537 ,
1506 5487 1624 5527 cum
1656 5490 1843 5545 super-

323 5609 453 5681 I__Ila3
477 5612 1217 5681 voces,.ncqueafuudamentis
1244 5619 1411 5671 urbem
1443 5619 1631 5673 diruit.
1658 5628 1834 5677 desunt

262 5671 308 5718 iu
336 5672 455 5731 lleg.
484 5680 536 5721 et
562 5671 848 5731 Savi|.,'sed
878 5671 1121 5726 habentur
1146 5680 1192 5727 in
1226 5682 1397 5730 Mure].
1424 5691 1474 5731 et
1509 5671 1675 5734 llavar.

326 5734 394 5790 (tt)
428 5734 475 5805 l'lt
502 5734 731 5805 iialachia
755 5737 935 5797 legitur
956 5752 968 5804 ﬁ:
996 5742 1037 5805 ei.
1066 5743 1499 5800 napuiuvw’te;1ov
1526 5750 1641 5793 (kin
1668 5750 1713 5795 ἐν
1738 5754 1828 5805 τοῖςΔ

262 5793 409 5852 λύγοις
431 5796 577 5854 ὑμῶν,
604 5795 686 5858 qui
708 5793 1046 5859 profani-istis
1078 5793 1220 5851 Deum
1251 5804 1295 5853 in
1322 5793 1611 5856 sermonibus
1640 5793 1808 5861 vestris

1998 509 2080 563 bia
2128 525 2314 580 magna
2342 554 2355 578 ,
2389 514 2525 567 mala
2558 518 2935 587 perpetrabant
2981 521 3094 577 sine
3124 520 3232 577 ullo
3264 520 3467 592 pudore
3512 526 3591 577 vel

1996 600 2208 666 rubore;
2241 603 2334 657 sed
2367 604 2433 660 de
2464 606 2722 662 industria
2754 611 3042 681 nequitiam
3076 613 3455 682 eperabantur.

2064 690 2292 763 [mprobi
2320 697 2492 750 virtuti
2511 708 2627 752 sunt
2652 700 2855 769 infensi,
2886 705 3139 773 ipsiusque
3165 706 3242 762 vel
3270 706 3590 776 prtesetitiam

1992 799 2124 854 (egre
2153 790 2357 856 ferunt;
2379 790 2597 857 nequitia
2626 791 2679 844 in
2695 794 2859 863 seipsa
2894 796 3202 864 supplicium
3224 797 3391 851 habet.
3411 827 3472 836 —
3501 796 3590 850 Va:

1992 879 2176 932 animm
2204 895 2396 945 eorum,
2419 882 2537 950 quia
2565 882 2786 938 inierunt
2818 887 3084 940 consilium
3113 889 3389 959 malignum
3416 898 3591 942 contra

1992 970 2301 1038 semetipsos,
2335 971 2554 1027 dicentes
2583 988 2602 1028 :
2626 974 2715 1029 10.
2743 975 3021 1046 Alligemus
3038 979 3241 1049 justum
3267 979 3385 1049 quia
3404 980 3587 1034 noxius

1991 1069 2064 1114 est
2094 1061 2251 1116 nobis.
2275 1062 2660 1133 Exsuperautia
2679 1068 2950 1136 nequitiae,
2973 1083 3091 1123 cum
3123 1086 3226 1123 non
3258 1070 3433 1125 solum
3456 1085 3585 1139 pce-

1990 1163 2113 1208 (ant
2136 1195 2150 1219 ,
2187 1169 2359 1224 neque
2384 1156 2558 1212 solum
2598 1172 2718 1214 cum
2760 1159 2978 1215 audacia
3007 1172 3229 1231 peccant
3255 1204 3267 1225 ,
3300 1163 3396 1219 sed
3424 1165 3583 1219 etiam

1989 1258 2083 1299 eos
2109 1245 2198 1313 qui
2221 1245 2344 1301 talia
2366 1248 2653 1305 emendare
2682 1261 2923 1318 possunt,
2941 1251 3211 1319 rejiciunt.
3237 1253 3585 1321 Quemadmo-

1988 1334 2114 1388 dum
2143 1336 2285 1390 enim
2314 1337 2615 1407 phrenitide
2644 1343 2873 1411 correpti
2901 1357 3045 1413 stupe
3086 1344 3349 1400 medicum
3389 1346 3583 1401 verbe-

1988 1436 2194 1494 rarunt,
2224 1430 2302 1484 sic
2332 1439 2385 1484 et
2417 1430 2470 1485 hi
2500 1432 2807 1487 incurabilis
2835 1435 3005 1489 morbi
3038 1436 3329 1491 maximum
3362 1436 3467 1493 hoc
3492 1451 3581 1491 ar-

1985 1530 2296 1591 gumentum
2338 1524 2659 1580 exhibebant
2685 1566 2700 1588 .
2731 1526 2871 1596 quod
2914 1527 3086 1596 justos
3127 1530 3405 1599 ejicerent.
3439 1530 3581 1585 Talis

1987 1611 2183 1680 quippe
2204 1612 2372 1667 virtus
2397 1623 2479 1668 est
2503 1632 2517 1669 :
2539 1614 2622 1669 vel
2649 1615 2820 1669 solum
2842 1630 2901 1670 se
2922 1627 3249 1683 monstrans,
3274 1620 3326 1673 in
3350 1619 3579 1690 nequitia

1988 1701 2252 1757 viventem
2282 1703 2469 1758 dolore
2496 1702 2685 1759 afficit.
2712 1704 2856 1760 Talis
2886 1716 2967 1760 est
2999 1708 3235 1776 nequitia
3259 1724 3272 1760 :
3297 1722 3365 1764 ne
3393 1724 3578 1778 repre-

1987 1791 2151 1847 hensa
2197 1794 2412 1864 quidem
2461 1809 2639 1866 saepe,
2667 1796 2751 1851 vel
2793 1800 3133 1867 praesentiam
3158 1814 3342 1855 eorum
3386 1802 3476 1871 qui
3526 1801 3577 1855 in

1984 1884 2235 1953 tequitate
2280 1885 2464 1939 vivunt
2504 1886 2727 1941 moleste
2767 1884 2890 1942 fert.
2922 1889 3123 1959 Duplex
3150 1898 3329 1946 autem
3369 1890 3457 1946 hic
3497 1904 3579 1947 est

1984 1982 2271 2042 accusatio,
2294 1987 2352 2033 et
2375 1979 2517 2049 quod
2540 1980 2744 2048 justum
2770 1981 3008 2051 alligent,
3038 1992 3092 2037 et
3112 1983 3253 2052 quod
3281 1998 3401 2038 eum
3429 1984 3576 2053 quasi

1985 2071 2199 2124 noxium
2229 2068 2466 2139 alligent.
2499 2069 2723 2137 Quando
2765 2071 2924 2141 igitur
2953 2073 3070 2142 quis
3110 2073 3253 2127 utilia
3282 2089 3387 2128 non
3420 2075 3577 2128 modo

1984 2177 2091 2215 non
2129 2161 2401 2229 admittit,
2430 2163 2523 2217 sed
2556 2164 2713 2218 noxia
2738 2164 2837 2218 sibi
2875 2174 3056 2234 putat,
3088 2181 3331 2234 quaenam
3360 2167 3573 2221 demum

1983 2256 2297 2324 relinquitur
2343 2255 2730 2312 emendationis
2765 2257 3021 2312 occasio?
3052 2258 3409 2324 Quamobrem
3456 2274 3577 2329 pro-

1984 2348 2142 2415 pheta
2173 2347 2360 2401 videns
2385 2362 2478 2402 eos
2508 2348 2574 2402 ad
2604 2357 2842 2403 extrema
2871 2350 3183 2418 prorupisse
3209 2391 3222 2413 ,
3256 2364 3282 2402 a
3316 2350 3574 2405 lamenta-

1982 2434 2126 2491 tione
2161 2436 2352 2489 iterum
2382 2436 2565 2505 ineipit
2587 2478 2601 2502 ,
2630 2452 2734 2492 non
2766 2439 2832 2492 ab
2862 2442 3200 2493 accusatione
3240 2450 3294 2493 et
3335 2440 3575 2509 increpa-

1982 2526 2125 2580 tione
2148 2568 2162 2592 ,
2192 2526 2377 2581 dicens
2406 2546 2418 2581 :
2455 2527 2540 2582 Vw
2565 2530 2748 2583 anima:
2774 2546 2946 2583 eorum
2970 2546 2986 2592 ;
3016 2532 3156 2600 quod
3184 2533 3422 2601 sequitur
3451 2550 3571 2586 euut

1980 2618 2145 2672 multa
2178 2619 2454 2687 prudentia
2482 2620 2728 2685 additur,
2764 2622 2896 2688 Quia
2919 2623 3136 2677 inierunt
3164 2626 3428 2677 consilium
3465 2642 3571 2677 ma-

1980 2711 2172 2780 lignum
2216 2722 2394 2765 contra
2440 2715 2753 2783 semetipsos.
2785 2715 2945 2782 Atqui
2986 2730 3048 2769 ea
3080 2730 3197 2784 qua:
3242 2716 3374 2770 facta
3408 2726 3569 2781 sunt,

1978 2801 2226 2857 videntur
2251 2812 2435 2856 contra
2461 2803 2664 2871 justum
2690 2814 2934 2873 suscepta
2962 2820 3081 2859 esse
3107 2822 3118 2858 :
3144 2805 3237 2861 sed
3270 2807 3312 2862 si
3345 2808 3461 2876 quis
3483 2822 3571 2861 ae-

1977 2904 2160 2949 curate
2188 2895 2562 2963 exploraverit,
2584 2911 2690 2949 non
2714 2905 2897 2951 contra
2927 2899 3235 2965 patientem,
3262 2898 3353 2952 sed
3384 2908 3565 2952 contra

1977 2999 2070 3040 eos
2122 2985 2211 3053 qui
2262 2986 2312 3039 id
2354 2987 2798 3056 aggrediebantur
2843 2989 3121 3042 consilium
3172 2991 3415 3043 vertitur.
3474 2990 3568 3043 "lC

1976 3074 2230 3130 discimus
2253 3076 2424 3129 virum
2456 3077 2699 3145 probum,
2728 3079 2827 3131 etsi
2856 3090 3105 3132 sexcenta
3134 3080 3269 3132 mala
3301 3082 3525 3149 patiatur
3551 3122 3564 3145 ,

1976 3166 2028 3220 in
2058 3168 2201 3221 nullo
2227 3168 2295 3221 ah
2322 3167 2383 3221 iis
2410 3169 2498 3237 qui
2525 3185 2584 3224 se
2612 3169 2924 3224 adoriuntur
2952 3171 3249 3225 la‘dcndum
3279 3186 3398 3226 esse
3423 3188 3436 3235 ;
3471 3174 3565 3227 sed

1975 3271 2069 3311 eos
2098 3258 2185 3326 qui
2218 3258 2315 3326 ipsi
2345 3259 2660 3315 insidiantur
2689 3263 2863 3331 potius
2896 3262 2944 3314 in
2974 3262 3178 3326 seipsos
3206 3262 3436 3333 gladium
3466 3264 3564 3317 im-

1976 3350 2221 3418 pulsuros
2247 3364 2401 3412 sese;
2429 3358 2487 3404 ut
2526 3361 2579 3406 et
2618 3350 2670 3405 hi
2715 3351 2995 3406 faciebant.
3017 3352 3232 3407 Justum
3261 3354 3403 3408 enim
3434 3354 3566 3408 nihil

1974 3442 2255 3506 ltedebant,
2276 3459 2395 3498 eum
2413 3444 2707 3513 alligarent,
2722 3445 2815 3499 sed
2834 3446 3037 3513 seipsos
3058 3446 3108 3499 in
3134 3447 3319 3516 majori
3341 3448 3567 3519 caligine

1971 3543 2027 3587 et
2051 3535 2336 3589 Solitudiue
2362 3536 2771 3595 constituebant.
2788 3537 2911 3590 dum
2942 3537 3210 3592 lucernam
3230 3540 3296 3592 ab
3313 3553 3370 3594 se
3392 3554 3566 3593 remo-

1972 3635 2176 3678 verent.
2228 3624 2391 3694 Igitur
2422 3629 2616 3694 [ructus
2644 3642 2850 3695 Operam
2878 3645 3084 3682 suorum
3110 3630 3388 3683 comedent.
3420 3629 3563 3684 Talis

1969 3714 2164 3783 quippe
2184 3725 2266 3768 est
2287 3715 2517 3784 nequitia
2544 3734 2556 3769 :
2584 3719 2633 3770 in
2660 3717 2832 3786 seipsa
2862 3720 3175 3787 supplicium
3204 3719 3381 3775 habet.
3412 3719 3561 3785 Quod

1968 3814 2146 3860 autem
2175 3805 2261 3860 hic
2278 3806 2426 3872 dicit,
2451 3806 2553 3861 hoc
2574 3808 2671 3862 sibi
2695 3808 2834 3861 vult:
2855 3808 3132 3863 Fructibus
3153 3810 3262 3863 suis
3285 3811 3558 3864 donabuu-

1970 3903 2075 3961 tur,
2098 3895 2147 3948 iu
2168 3896 2353 3964 majori
2376 3910 2433 3951 se
2447 3896 2730 3951 solitudine
2746 3899 3155 3965 constituentes,
3174 3900 3440 3969 multaque
3460 3900 3557 3954 sibi

1970 3988 2259 4057 prtecipitia
2288 3989 2628 4044 adornantes.
2662 3991 2746 4043 11.
2785 3990 2867 4044 Va:
2896 3993 3066 4059 iniquo
3092 4008 3109 4045 :
3132 3994 3267 4046 mola
3288 3995 3418 4046 enim
3440 4011 3557 4049 con-

1968 4079 2156 4148 tingent
2176 4081 2221 4133 ei
2246 4081 2525 4133 secundum
2550 4097 2703 4149 Opera
2731 4099 2970 4136 manuum
3001 4084 3126 4152 ejus.
3155 4084 3337 4139 Viden‘
3357 4101 3385 4138 a
3407 4088 3557 4141 nobis

1965 4184 2179 4238 semper
2208 4186 2513 4225 tnensnram
2552 4181 2601 4226 et
2631 4174 2779 4227 initia
2807 4176 3050 4245 supplicii
3082 4178 3253 4231 oriri?
3280 4179 3403 4233 ldeo
3434 4195 3557 4249 pro-

1967 4260 2122 4328 pheta
2149 4278 2359 4317 rursum
2385 4264 2545 4333 lnget,
2569 4266 2887 4322 lamentatur
2905 4283 3131 4340 seseque
3157 4281 3405 4338 macerat,
3434 4274 3552 4341 quia

1962 4351 2130 4407 .ludcei
2176 4355 2522 4426 sibimetipsis
2562 4358 2948 4414 insidiabantur
2971 4400 2987 4426 ,
3014 4371 3068 4414 et
3105 4363 3339 4418 atrocius
3392 4379 3549 4434 quam

1961 4445 2183 4513 quilibet
2213 4444 2380 4500 hostis
2407 4447 2628 4501 salutem
2656 4464 2804 4503 suam
2838 4451 3269 4520 pessumdabant,
3294 4470 3399 4525 quo
3428 4457 3552 4527 quid

1962 4535 2317 4589 miserabilius
2366 4535 2559 4591 fuerit?
2591 4536 2678 4592 12.
2709 4538 2909 4607 Papule
2957 4541 3026 4596 mi
3052 4582 3067 4608 ,
3099 4553 3358 4601 exactores
3404 4549 3551 4602 vestri

1960 4626 2212 4679 demetunt
2242 4642 2347 4681 vos.
2380 4628 2575 4697 Optimi
2613 4630 2850 4685 doctoris
2887 4641 3001 4699 est,
3032 4638 3297 4692 sermonis
3329 4641 3551 4695 varieta-

1960 4727 2064 4771 tem
2106 4719 2298 4774 all‘erre
2321 4761 2334 4784 ,
2370 4736 2541 4790 neque
2582 4738 2901 4795 exasperare
2929 4737 3130 4784 tantum
3154 4770 3167 4794 ,
3198 4747 3367 4801 neque
3388 4732 3552 4787 etiam

1959 4826 2171 4880 semper
2213 4825 2548 4869 mansuetum
2597 4817 2853 4886 reddere;
2882 4821 2974 4875 sed
3027 4838 3165 4878 nunc
3211 4823 3335 4878 illud
3363 4864 3376 4886 ,
3409 4841 3556 4881 nunc

1956 4901 2096 4954 aliud
2148 4913 2377 4958 tractare
2419 4905 2664 4975 loquendi
2707 4923 2909 4977 genus,
2945 4921 2999 4965 ut
3036 4928 3100 4965 ex
3149 4911 3248 4968 hac
3292 4915 3550 4970 mixtione

1956 4993 2117 5046 multa
2148 5007 2397 5063 exsurgat
2439 4999 2659 5052 utilitas.
2693 4999 2892 5055 Idcirco
2939 5004 3193 5072 propheta
3242 5021 3346 5060 non
3386 5009 3549 5065 modo

1954 5083 2177 5147 incusat,
2210 5086 2303 5139 sed
2332 5087 2485 5139 etiam
2520 5090 2681 5157 luget,
2706 5093 2844 5157 quod
2866 5095 3078 5162 gravius
3106 5104 3186 5149 est
3217 5097 3327 5165 ipsa
3359 5100 3534 5152 critni~

1954 5174 2185 5235 natione,
2214 5176 2307 5228 sed
2340 5176 2599 5230 minorem
2632 5181 2767 5247 parit
2797 5181 3034 5234 doloretn
3064 5201 3074 5235 :
3100 5186 3347 5256 quodque
3380 5190 3539 5241 miram

1952 5263 2056 5317 bile
2083 5275 2164 5319 est
2190 5308 2202 5329 ,
2232 5268 2283 5319 in
2324 5268 2565 5336 graviore
2612 5273 2867 5328 incisione
2904 5277 3227 5334 moderatior
3257 5293 3338 5336 est
3362 5282 3531 5336 dolor.

1949 5354 2131 5426 Neque
2162 5359 2330 5412 solum
2366 5360 2522 5427 luget,
2546 5363 2637 5415 sed
2660 5364 2817 5417 etiam
2846 5378 3014 5432 sanat,
3040 5371 3306 5442 aliumque
3329 5390 3530 5429 rursum

1950 5448 2247 5502 mirabilem
2297 5450 2551 5505 doctrinae
2600 5452 2789 5523 ingerit
2834 5458 3071 5513 modum.
3112 5461 3239 5529 Quis
3282 5464 3369 5517 ille
3414 5466 3537 5519 est?

1948 5538 2097 5604 Quod
2129 5556 2233 5595 non
2262 5541 2419 5597 simul
2449 5557 2634 5598 omnes
2662 5546 2915 5615 increpet,
2946 5552 3037 5606 sed
3069 5555 3314 5621 pepulnm
3338 5570 3365 5608 a
3394 5558 3536 5625 prin-

1948 5631 2153 5697 cipibus
2179 5631 2408 5697 dividat,
2442 5643 2492 5687 et
2525 5635 2573 5688 in
2621 5637 2831 5693 illorum
2865 5653 3021 5710 caput
3053 5645 3269 5698 crimina
3308 5662 3532 5703 conver-

1946 5731 2039 5777 tat.
2072 5722 2296 5775 Tautum
2327 5726 2467 5779 eniut
2494 5739 2572 5782 est
2607 5731 2655 5782 in
2687 5731 2782 5783 hac
2814 5736 3065 5801 arguendi
3098 5738 3275 5797 specie
3305 5740 3528 5806 lucrum,

1954 5824 2012 5865 ut
2040 5812 2087 5866 id
2122 5812 2328 5881 Moyses
2370 5822 2598 5879 maxime
2622 5825 2970 5903 frequentant
3020 5828 3065 5889 ls
3092 5831 3232 5885 enim
3257 5850 3383 5887 cum
3406 5848 3495 5888 om
