4044 6420
463 411 534 465 47
1201 385 1257 440 S.
1298 379 1575 439 JOANNlS
1599 379 2077 438 CHRYSOSTOMI
2100 378 2415 438 ARCHIEP.
2465 383 2992 444 CONSTANTINOP.

456 522 550 563 nes
575 512 754 562 essent
774 499 1083 556 criminibus
1108 498 1341 562 obnoxii,
1366 497 1430 552 ad
1457 497 1721 568 principes
1744 509 2043 551 sermonem

454 598 649 652 vortit:
678 597 790 664 ipse
821 608 947 646 vero
978 590 1187 661 Moyses
1215 603 1334 643 cum
1364 586 1489 642 vidit
1523 587 1775 656 populum
1810 586 2048 639 maxime

455 684 910 756 praevaricationis
951 681 1114 735 fuisse
1140 688 1410 733 auctorem
1437 718 1452 744 ,
1482 679 1749 733 Aaronem
1780 690 1906 728 vero
1943 688 2046 727 non

451 790 600 834 tanta
647 777 1009 846 increpatione
1036 774 1253 843 dignum
1281 786 1400 826 esse
1425 812 1439 836 ,
1469 769 1702 824 dimissis
1747 769 1810 821 iis
1839 768 1926 837 qui
1956 767 2047 820 ad-

456 871 672 925 modum
713 867 792 922 rci
819 874 993 931 erant,
1023 863 1088 917 ad
1119 863 1298 916 minus
1327 875 1476 914 reum
1509 859 1901 913 accusationem
1933 873 2050 910 ver—

456 965 552 1030 tit,
579 977 674 1032 per
697 959 918 1014 crimina
950 956 1046 1026 ipsi
1077 954 1284 1024 objecta
1313 951 1652 1008 conscientiae
1693 951 1928 1020 ipsorum
1960 965 2050 1004 re-

454 1056 702 1123 linquens
726 1091 748 1117 ,
772 1059 826 1105 ut
864 1063 922 1102 se
951 1047 1153 1115 majore
1181 1044 1444 1114 supplicio
1484 1042 1673 1112 dignos
1707 1040 2045 1111 judicarent:

454 1145 595 1217 quod
622 1146 777 1200 etiam
805 1141 999 1196 evenit.
1030 1138 1210 1206 Neque
1239 1137 1381 1192 enim
1403 1149 1536 1206 opus
1557 1133 1874 1188 habuitaliis
1897 1131 2056 1186 dein-

454 1251 581 1306 ceps
616 1233 953 1290 sermonibus
993 1229 1248 1299 populmn
1282 1227 1511 1296 alloqui;
1539 1224 1632 1279 sed
1663 1223 1793 1278 satis
1835 1221 2052 1278 fuerunt

455 1343 623 1401 pauca
672 1328 764 1381 illa
807 1324 965 1378 verba
1013 1321 1208 1376 Aaroni
1253 1320 1430 1383 dicta,
1461 1325 1518 1371 Ill
1566 1326 1644 1371 tot
1671 1315 1866 1381 millia,
1899 1313 2050 1383 quasi

455 1436 618 1477 unum
660 1419 929 1472 hominem
976 1412 1433 1482 comprimerent;
1466 1417 1522 1465 ct
1558 1423 1588 1462 a
1635 1407 1724 1461 tali
1773 1403 2052 1461 ferocitate

452 1515 782 1584 audaciaque
811 1512 865 1566 in
889 1522 1185 1567 extremum
1216 1510 1464 1564 timorem
1495 1518 1855 1577 angoremqne
1884 1500 2051 1556 dedu-

457 1615 661 1662 cerent.
689 1605 840 1671 Quod
863 1620 982 1660 cum
1013 1602 1331 1673 praevideret
1352 1599 1581 1671 Moyses,
1615 1597 1794 1651 statim
1825 1593 2052 1648 descen.

460 1703 591 1756 d-ns
614 1699 819 1753 tabulas
844 1697 1095 1768 proiecit,
1122 1705 1176 1748 et
1210 1692 1409 1748 Λιιτοηί
1435 1691 1602 1747 dixit:
1634 1687 1769 1754 Quid
1800 1686 1917 1756 fecit
1964 1684 2054 1737 tibi

445 1766 676 1860 lpopulus
703 1791 785 1843 hic
814 1766 977 1858 {quia
1007 1786 1168 1858 fecisti
1197 1801 1308 1838 eum
1337 1782 1580 1853 gaudium
1606 1777 1825 1833 inimicis
1854 1774 2051 1847 (Exod.

461 1884 546 1938 52.
579 1881 707 1955 at)?

531 1975 586 2029 6.
617 1974 727 2027 lloc
752 1982 806 2028 et
833 1972 917 2026 hic
940 1969 1195 2041 prepheta
1225 1966 1370 2031 facit,
1401 1972 1751 2032 sanctumque
1780 1960 1929 2016 illum
1958 1958 2057 2014 du-

464 2065 585 2134 plici
613 2064 772 2119 modo
797 2063 1051 2118 imitatur.
1083 2060 1199 2114 Non
1231 2059 1374 2114 enim
1415 2056 1588 2110 solum
1632 2063 1763 2108 tunc
1785 2049 2057 2106 accusavit

464 2159 692 2230 Moyses,
721 2157 827 2210 imo
848 2156 1009 2211 etiam
1032 2151 1261 2207 dolentis
1289 2162 1571 2219 personam
1597 2142 1922 2214 assumpsit,
1949 2142 2057 2197 sic-

465 2267 566 2320 que
593 2248 982 2301 accusationem
1013 2243 1258 2297 instituit.
1289 2241 1361 2294 Ita
1391 2247 1441 2294 et
1467 2239 1550 2292 hic
1573 2247 1858 2304 utrumque
1884 2233 2032 2288 imita

467 2352 549 2394 tus
581 2347 662 2392 est
688 2338 872 2392 direns
903 2353 916 2388 :
953 2333 1152 2402 Papule
1181 2332 1250 2383 mi
1275 2371 1292 2396 ,
1333 2339 1588 2383 exactores
1617 2325 1766 2379 vestri
1809 2324 2061 2376 demetunt

463 2447 571 2484 ros.
608 2428 739 2482 Nam
770 2437 822 2480 et
856 2426 974 2479 illos
1005 2421 1308 2486 incusavit,
1337 2428 1390 2474 et
1412 2417 1561 2488 quasi
1589 2431 1711 2470 cum
1741 2413 1936 2484 populo
1960 2413 2059 2466 do-

467 2521 581 2574 lens
614 2519 728 2573 lucc
762 2517 915 2571 dixit.
965 2515 1253 2568 Exactores
1277 2518 1457 2564 autem
1497 2508 1583 2561 hic
1611 2519 1804 2560 vocare
1832 2504 2060 2568 videtur,

467 2626 562 2666 eos
609 2610 696 2680 qui
742 2616 991 2678 repetunt
1020 2624 1035 2660 :
1066 2620 1167 2676 ego
1205 2617 1330 2658 vero
1371 2609 1499 2671 puto
1540 2597 1714 2668 ipsum
1743 2606 1982 2666 raptores
2012 2602 2066 2647 et

467 2719 663 2759 avaros
688 2718 872 2759 eorum
898 2698 1274 2760 subindicare;
1321 2695 1404 2749 sin
1433 2692 1608 2746 minus
1639 2691 1762 2756 hoc,
1793 2697 1940 2743 certe
1967 2685 2064 2739 tri-

471 2803 722 2854 butormn
754 2796 1089 2851 collectores.
1129 2789 1227 2844 llic
1263 2787 1381 2857 ejus
1407 2784 1530 2838 vide
1561 2781 1916 2853 prudentiam.
1948 2776 2064 2831 Non

474 2893 620 2948 enim
645 2904 759 2946 rem
784 2886 1068 2957 improbat,
1089 2882 1182 2938 sed
1210 2877 1610 2935 immoderatam
1639 2874 1925 2929 rationem.
1949 2870 2066 2925 Non

476 2983 672 3052 quippe
699 2978 831 3033 dixit
849 3017 868 3044 ,
893 2975 1119 3044 Exigunt
1137 3013 1151 3039 ,
1181 2970 1274 3026 sed
1295 3011 1312 3036 ,
1345 2967 1609 3021 Demetunt
1634 2982 1648 3028 ;
1696 2963 1748 3018 id
1778 2970 1880 3028 est,
1908 2960 2014 3015 Vos
2039 2974 2071 3013 a

481 3047 816 3128 facultatibus
849 3067 1144 3127 denudant,
1185 3055 1473 3118 exactionis
1510 3055 1732 3109 obtentu
1773 3067 1874 3108 vos
1899 3047 2071 3103 omni-

483 3166 583 3218 bus
624 3161 874 3232 spoliant.
927 3157 1039 3211 lloe
1069 3161 1246 3207 autem
1285 3149 1504 3218 protulit
1539 3146 1757 3200 verbum
1789 3158 1855 3197 ex
1897 3149 2071 3196 meta-

483 3259 650 3327 phora
671 3249 1070 3308 demetentium.
1101 3246 1378 3300 Demetere
1401 3239 1543 3296 enim
1570 3237 1763 3291 dicitur
1789 3243 1908 3304 post
1934 3245 2074 3286 mes-

486 3365 603 3405 sem
631 3348 804 3416 lapsas
829 3359 860 3398 e
886 3341 1130 3396 manibus
1158 3335 1471 3391 metentium
1500 3330 1674 3400 spicas
1697 3327 1972 3395 colligere,
2020 3331 2075 3377 ct

488 3440 620 3496 nihil
649 3437 868 3494 omnino
898 3434 950 3487 in
981 3444 1109 3485 arvo
1137 3427 1437 3496 relinquere
1465 3438 1482 3479 :
1510 3420 1651 3491 quod
1675 3419 1728 3473 hi
1763 3430 1886 3471 tunc
1907 3414 2069 3469 facie-

490 3535 636 3595 bant,
664 3529 942 3584 universas
968 3522 1241 3577 facultates
1265 3516 1610 3586 ahripicntes,
1646 3526 1709 3565 ac
1737 3507 1905 3563 nudos
1932 3506 2078 3574 ipsos

492 3624 872 3692 relinquentes.
905 3615 971 3671 Et
997 3623 1250 3668 exactores
1279 3608 1604 3662 dominantur
1624 3601 1796 3656 vestri.
1821 3596 2082 3666 Quodque

494 3713 704 3785 gravius
733 3718 864 3774 erat,
914 3721 1087 3774 neque
1115 3703 1200 3756 hic
1237 3698 1473 3754 avaritia:
1513 3693 1723 3750 termini
1763 3698 1934 3785 cr’ant,
1987 3685 2081 3740 sed

495 3754 704 3785 gum..-
734 3754 864 3774 .....-,
915 3754 1084 3774 ---πη
1115 3754 1124 3756 ν
1153 3754 1194 3756 η

495 3803 833 3878 tyrannidem
852 3801 987 3854 ultra
1013 3793 1434 3868 promovebant,
1463 3786 1700 3843 servituti
1740 3754 2083 3851 subjicienles

497 3872 591 3956 eos
611 3895 700 3966 qui
729 3893 881 3948 liberi
911 3898 1079 3945 erant.
1114 3884 1312 3955 Papule
1338 3881 1442 3943 mi,
1470 3878 1555 3950 qui
1585 3893 1670 3930 vos
1695 3875 1870 3928 dicunt
1895 3872 2083 3931 beatos,

500 3959 751 4057 decipiunt
786 3998 891 4036 vos.
935 3980 1029 4033 llic
1059 3976 1186 4032 mihi
1214 3973 1420 4028 videtur
1449 3963 1939 4039 pseudoprophetas
1965 3959 2087 4014 sub-

503 4051 769 4138 iiidicare,
814 4071 897 4126 vel
924 4083 1018 4125 eos
1056 4066 1144 4136 qui
1185 4063 1251 4118 ad
1294 4060 1518 4132 gratiam
1549 4056 1678 4126 ipsis
1714 4051 2089 4122 loquebantur,

503 4166 642 4234 quod
657 4171 910 4220 extrema:
930 4156 1247 4225 corruptelas
1273 4153 1466 4220 ubique
1484 4161 1641 4203 causa
1671 4153 1772 4200 est.
1795 4142 2092 4196 Nocumen—

507 4275 617 4318 tum
645 4259 806 4330 igitur
843 4255 971 4310 inde
1005 4249 1325 4321 proveniens
1361 4255 1419 4298 ut
1447 4241 1745 4296 declararet
1774 4232 2048 4303 subjunin
2077 4247 2090 4283 :

510 4352 576 4407 Et
601 4349 832 4404 semitam
875 4343 1063 4414 pedum.
1102 4349 1378 4393 vestrorum
1419 4330 1619 4384 turbant
1652 4344 1674 4380 :
1703 4328 1804 4379 hoc
1832 4333 1945 4387 est,
1978 4320 2092 4374 Non

3664 418 3693 469 4

2160 417 2377 438 uulnu-
2405 421 2415 432 -
2466 417 2637 441 ιιυιιι)
2654 417 2669 440 I
2688 417 2773 441 an
2793 417 2809 442 ι
2826 417 2992 444 Inur.

2160 497 2390 551 stituetur
2417 497 2483 550 ad
2503 500 2755 567 judicium
2795 499 3064 555 Dominus.
3115 501 3245 570 Quia
3271 505 3412 560 enim
3441 518 3746 563 accusando

2157 602 2459 642 sermonem
2485 593 2813 659 consumpsit
2837 633 2849 656 ,
2895 593 2957 646 iis
2985 608 3112 647 vero
3146 593 3236 664 qui
3267 596 3445 650 animo
3473 607 3595 652 sunt
3621 609 3746 653 stu-

2159 681 2280 750 pido
2307 683 2538 735 accusari
2581 698 2685 736 non
2727 683 3012 738 admodum
3051 700 3211 754 grave
3251 695 3367 751 est,
3411 689 3580 756 puniri
3611 705 3744 744 vero

2159 773 2391 827 terribile
2415 815 2428 837 ,
2457 774 2562 839 ait,
2600 775 2706 828 lies
2731 791 2836 828 non
2866 777 2916 828 in
2956 779 3296 831 accusatione
3324 786 3528 832 tantum
3557 781 3745 833 consi-

2155 876 2292 932 stet,
2325 867 2418 920 sed
2461 867 2590 920 ultio
2619 878 2827 935 peccata
2860 878 3132 937 sequetur,
3165 868 3253 922 illo
3282 869 3368 938 qui
3395 869 3748 924 damnaturus

2156 966 2237 1011 est
2265 973 2449 1027 prunas
2479 959 2692 1012 demum
2719 959 2993 1028 exigente,
3026 970 3080 1014 et
3119 961 3373 1014 adversus
3419 963 3746 1029 prmvarica-

2159 1059 2300 1104 tores
2338 1051 2424 1120 jus
2466 1050 2696 1106 dicente.
2744 1051 2893 1118 Quod
2931 1063 3075 1106 certe
3117 1055 3606 1121 attemperalionem
3648 1055 3746 1107 Dei

2156 1141 2374 1196 multam
2398 1142 2664 1208 ostendit,
2694 1144 2783 1212 qui
2814 1144 2938 1196 velit
2967 1144 3125 1197 etiam
3154 1159 3276 1198 cum
3308 1145 3370 1197 iis
3399 1145 3576 1199 subire
3601 1145 3747 1213 judi-

2156 1234 2294 1288 cium
2320 1275 2334 1298 ,
2367 1249 2429 1287 ac
2459 1249 2761 1289 sermonem
2801 1234 2959 1288 vertit
2985 1233 3047 1288 ad
3076 1234 3414 1288 excitandum
3460 1235 3747 1304 pudorem,

2158 1324 2210 1378 id
2249 1324 2390 1393 quod
2429 1334 2575 1379 certe
2623 1324 2969 1394 intelligentia
3000 1323 3251 1394 prmditos
3280 1324 3330 1378 in
3356 1339 3620 1378 summum
3645 1340 3740 1377 an—

2156 1430 2340 1484 gorem
2369 1416 2636 1484 conjicere
2666 1415 2818 1469 solet.
2878 1415 3059 1484 Neque
3089 1415 3262 1468 solum
3301 1415 3369 1468 ob
3398 1429 3514 1468 eam
3538 1455 3553 1480 ,
3585 1428 3747 1482 quam

2157 1518 2316 1574 supra
2342 1505 2469 1568 dixi,
2493 1521 2705 1559 causam
2727 1506 2791 1558 ad
2816 1504 3080 1574 principes
3106 1512 3159 1558 et
3182 1505 3420 1559 seniores
3438 1519 3745 1558 sermonem

2157 1601 2420 1654 convertit
2449 1615 2462 1651 :
2495 1599 2588 1653 sed
2639 1608 2696 1651 ut
2722 1613 2908 1651 omnes
2943 1596 3161 1660 doceat,
3213 1596 3481 1664 graviores
3525 1595 3749 1648 daturos

2159 1704 2278 1743 esse
2306 1703 2489 1758 poenas
2517 1689 2781 1758 principes
2800 1728 2815 1754 ,
2845 1703 3002 1758 quam
3036 1686 3293 1741 subditos.
3325 1685 3575 1740 Subditns
3601 1684 3744 1739 enim

2161 1794 2260 1848 pro
2287 1795 2345 1834 se
2381 1790 2581 1833 tantum
2605 1822 2620 1845 ,
2664 1780 2910 1849 princeps
2948 1793 3073 1832 vero
3112 1793 3206 1846 pro
3237 1777 3412 1846 seipso
3441 1785 3495 1831 et
3522 1792 3618 1846 pro
3648 1790 3748 1845 po-

2138 1873 2306 1943 .pulo,
2338 1873 2388 1927 in
2417 1887 2573 1943 quem
2606 1873 2703 1942 ipsi
2729 1871 3006 1940 imperium
3037 1871 3284 1924 traditum
3315 1880 3430 1934 est,
3461 1868 3549 1922 dat
3579 1869 3749 1921 ratio-

2162 1979 2284 2019 nem
2324 1982 2337 2018 :
2376 1973 2429 2019 et
2471 1979 2499 2017 a
2545 1963 2843 2017 senioribus
2889 1976 3098 2031 quoque
3141 1974 3245 2014 non
3294 1959 3556 2012 immerito
3606 1965 3748 2010 tanta

2166 2055 2452 2126 requiritur
2478 2055 2768 2124 diligentia.
2824 2052 2976 2117 Quod
3020 2053 3159 2106 enim
3193 2050 3296 2104 illis
3323 2058 3407 2104 est
3444 2049 3748 2117 imperium,

2163 2147 2390 2216 idipsum
2419 2145 2533 2199 istis
2560 2153 2706 2199 aetas.
2745 2144 2940 2212 Dignus
2965 2142 3106 2196 enim
3138 2148 3219 2195 est
3247 2141 3403 2194 etiam
3422 2139 3602 2209 junior
3627 2151 3750 2190 cor-

2165 2238 2405 2308 reptione
2433 2237 2476 2290 si
2503 2235 2734 2305 graviter
2769 2242 2984 2302 peccet;
3036 2232 3129 2286 sed
3176 2231 3268 2285 ille
3301 2231 3390 2299 qui
3422 2245 3519 2298 per
3539 2237 3754 2281 aetatem

2166 2328 2554 2384 immunitatem
2577 2335 2659 2380 est
2683 2325 2907 2394 adeptus
2924 2365 2937 2388 ,
2967 2338 3138 2391 neque
3171 2329 3245 2374 tot
3271 2319 3552 2373 aiiectuum
3576 2315 3753 2370 ﬂucti-

2169 2421 2267 2473 bus
2291 2418 2583 2478 obsidetur,
2613 2416 2696 2468 cui
2729 2421 3021 2482 temperate
3041 2413 3220 2465 vivere
3245 2409 3447 2463 facilius
3476 2417 3576 2469 est,
3610 2415 3665 2460 ct
3688 2405 3756 2459 ab

2169 2511 2284 2566 aliis
2324 2506 2668 2564 srecularibus
2717 2504 2877 2559 rebus
2919 2502 3062 2555 nullo
3102 2498 3318 2569 negotio
3365 2497 3631 2550 abstinere
3661 2509 3756 2564 po-

2171 2613 2293 2668 test,
2322 2609 2376 2656 et
2419 2614 2597 2654 rerum
2637 2594 2959 2666 experientia
2990 2592 3246 2661 majorem
3278 2589 3502 2656 adeptus
3525 2585 3758 2655 pruden-

2173 2700 2296 2752 tiam
2319 2714 2332 2762 ;
2357 2696 2476 2764 jure
2501 2696 2699 2760 majore
2724 2704 2879 2760 quam
2899 2687 2983 2740 alii
3006 2697 3192 2739 omnes
3207 2679 3546 2737 damnatione
3565 2677 3759 2746 dignus

2173 2798 2274 2852 cst,
2303 2795 2486 2854 utpote
2514 2783 2604 2860 qui
2642 2782 2906 2850 juvenum
2935 2775 3201 2830 lasciviam
3230 2774 3282 2826 in
3311 2779 3556 2839 provecta
3599 2777 3756 2820 a:tatc

2173 2877 2494 2934 exhibuerit.
2532 2872 2631 2926 Vos
2658 2882 2826 2924 autem
2851 2884 2941 2921 cur
2978 2864 3267 2918 incendistis
3288 2862 3478 2914 vineam
3502 2873 3680 2920 meam,
3711 2865 3758 2909 et

2173 2969 2357 3037 rapina
2395 2964 2633 3037 pauperis
2673 2972 2744 3015 est
2787 2961 2841 3013 in
2880 2957 3109 3010 domibus
3152 2951 3368 3007 vestris?
3418 2948 3623 3017 Ubique
3651 2947 3759 3000 Deo

2177 3075 2365 3129 magna
2391 3054 2716 3125 providentia
2739 3061 2820 3106 est
2843 3064 2966 3119 erga
2989 3062 3083 3102 eos
3105 3045 3192 3115 qui
3217 3043 3404 3112 injuria
3426 3040 3758 3094 afﬁciuntur:

2178 3167 2240 3206 ac
2266 3165 2370 3204 non
2397 3149 2571 3202 minus
2592 3187 2605 3210 ,
2636 3146 2743 3198 imo
2769 3139 3051 3211 aliquando
3093 3136 3211 3206 plus
3235 3132 3534 3203 indignatur
3553 3130 3620 3184 de
3640 3144 3765 3199 pec-

2179 3246 2312 3301 catis
2351 3257 2474 3312 erga
2521 3249 2807 3295 conservos
2832 3275 2846 3298 ,
2893 3246 3053 3302 quam
3093 3227 3160 3283 de
3203 3224 3434 3306 peccatis
3463 3223 3517 3277 in
3565 3222 3762 3288 ipsum.

2185 3334 2389 3389 Etenim
2419 3329 2656 3401 permisit
2679 3336 2732 3379 ut
2759 3326 2802 3379 is
2824 3323 2912 3392 qui
2932 3317 3266 3374 fornicariam
3287 3297 3502 3368 haberet
3520 3325 3763 3371 uxorem,

2185 3426 2326 3478 illam
2357 3421 2648 3489 expelleret
2669 3414 2881 3486 (Matth.
2902 3413 2955 3467 5.
2981 3411 3090 3479 52),
3122 3406 3368 3478 gentilcm
3386 3417 3513 3457 vero
3538 3414 3768 3455 uxorem

2185 3529 2374 3574 secus;
2412 3514 2535 3568 licet
2568 3511 2669 3562 hoc
2696 3512 2970 3577 peccatum
3003 3511 3186 3555 contra
3215 3498 3384 3566 ipsum
3417 3501 3594 3557 esset,
3624 3489 3766 3542 aliud

2188 3611 2260 3679 (I.
2292 3607 2408 3662 Cor.
2438 3607 2490 3658 7.
2523 3603 2612 3670 12)
2641 3614 2768 3654 vero
2791 3606 2972 3651 contra
3006 3591 3295 3646 hominem.
3339 3586 3405 3640 Et
3433 3584 3603 3638 hostia
3631 3596 3772 3649 pra:-

2188 3709 2359 3765 sente,
2387 3696 2542 3766 jussit
2567 3692 2862 3759 relinquere
2893 3698 3104 3748 munus,
3137 3695 3234 3734 nec
3261 3687 3381 3732 ante
3406 3673 3533 3728 illud
3552 3671 3769 3735 oﬂ'erre,

2191 3803 2496 3862 quamcum
2543 3784 2704 3838 fratre
2753 3775 3184 3833 reronciliaretur
3225 3771 3302 3831 is,
3353 3767 3442 3837 qui
3470 3763 3773 3834 proximum

2192 3853 2484 3941 ollenderat
2514 3876 2722 3946 (Matth.
2754 3875 2807 3929 5.
2835 3871 2924 3925 es.
2952 3869 3067 3938 at).
3118 3866 3325 3919 Etcum
3350 3859 3417 3914 de
3457 3859 3548 3912 illo
3570 3853 3774 3925 judica-

2192 3979 2268 4030 vit
2294 3975 2386 4045 qui
2411 3971 2588 4026 decies
2614 3966 2760 4020 mille
2788 3963 2978 4017 talenta
3008 3958 3384 4017 devoraverat,
3403 3963 3525 4003 cum
3554 3947 3619 4001 de
3649 3958 3774 4012 pec-

2195 4070 2326 4122 catis
2351 4071 2535 4117 contra
2564 4073 2620 4112 sc
2649 4051 2945 4109 commissis
2979 4048 3126 4101 illum
3156 4049 3448 4104 accusaret,
3481 4053 3583 4090 non
3603 4037 3775 4103 ipsum

2198 4170 2423 4226 nequam
2461 4146 2774 4220 appellavit,
2822 4141 2914 4196 sed
2956 4140 3060 4192 cito
3101 4150 3219 4189 cum
3268 4132 3357 4185 illo
3406 4126 3776 4182 reconciliatus

2198 4219 2299 4316 est,
2332 4219 2605 4314 totumque
2630 4239 2867 4294 debitum
2902 4231 3102 4287 dimisit
3131 4228 3210 4292 ei;
3246 4233 3301 4277 at
3329 4237 3446 4277 cum
3476 4219 3542 4274 dc
3563 4227 3777 4273 centum

2200 4340 2432 4399 denariis
2461 4341 2726 4405 agerelur,
2755 4336 2808 4381 ct
2828 4338 3037 4378 servum
3069 4333 3290 4387 nequam
3318 4320 3491 4375 vocat,
3525 4317 3579 4363 et
3609 4316 3774 4362 torto—

2202 4436 2350 4490 ribus
2371 4400 2529 4483 tradit
2545 4444 2559 4478 z
2577 4436 2673 4476 nec
2701 4421 2843 4488 prius
2863 4430 2981 4470 eum
3006 4427 3062 4466 se
3084 4408 3422 4464 dimiSsnrum
3446 4400 3599 4465 dixit,
3625 4411 3780 4466 quam

2206 4535 2372 4579 totum
2396 4516 2644 4572 redderet
2668 4509 2909 4564 debitum
2937 4501 3140 4572 (Matth.
3175 4498 3291 4564 25).

2278 4614 2331 4666 ‘1.
2366 4609 2483 4678 lpse
2512 4614 2722 4673 quoque
2749 4595 2992 4650 Christus
3032 4605 3152 4643 cum
3192 4582 3428 4653 colaphis
3469 4578 3788 4638 mederetur,

2211 4703 2340 4762 nihil
2368 4671 2863 4764 servoipercutienti
2886 4684 3081 4738 malum
3109 4677 3306 4740 retulit,
3338 4672 3429 4726 sed
3457 4671 3616 4723 etiam
3649 4682 3792 4720 tuan-

2211 4810 2360 4853 suete
2396 4789 2668 4862 respondit
2699 4805 2712 4841 :
2741 4784 2799 4840 Si
2829 4781 2958 4835 male
2999 4778 3232 4846 loquutus
3270 4786 3409 4830 sum,
3455 4762 3790 4818 testimonium

2214 4888 2414 4960 perltibe
2439 4852 2501 4937 de
2530 4882 2662 4934 malo
2685 4893 2704 4943 ;
2744 4877 2787 4930 si
2814 4883 2980 4926 autem
3005 4869 3153 4930 bene,
3181 4861 3300 4932 quid
3328 4876 3404 4912 me
3431 4855 3580 4910 caedis
3612 4852 3790 4921 (Joun.

2217 4941 2304 5034 i8.
2344 4976 2475 5046 25)?
2528 4974 2661 5026 Cum
2686 4941 2876 5022 autem
2919 4959 3199 5016 Jeroboam
3242 4963 3456 5005 manum
3499 4941 3797 5000 extendens

2216 5037 2529 5143 prophetam
2560 5063 2648 5133 qui
2681 5075 2740 5115 se
2779 5067 2902 5111 tunc
2930 5048 3182 5121 arguebat
3210 5037 3611 5113 apprehendere
3637 5047 3798 5087 cona-

3339 5132 3384 5143 ,-
3446 5128 3480 5143 ..
3605 5123 3665 5143 ,η
3727 5121 3768 5143 ι.

2451 5121 2666 5210 manum
2694 5150 2809 5219 ejus
2836 5142 3040 5199 aridam
3077 5135 3308 5193 reddidit
3334 5132 3407 5202 (5.
3437 5128 3564 5195 Reg.
3600 5123 3687 5224 1?.
3716 5121 3796 5189 4),

2223 5263 2274 5309 te
2304 5250 2552 5308 erudiens
2577 5286 2592 5310 ,
2643 5253 2700 5297 ut
2744 5237 2962 5309 injurias
2992 5231 3086 5286 tibi
3114 5230 3287 5282 illatas
3329 5226 3603 5276 mansuete
3635 5213 3796 5275 feras,

2225 5359 2316 5399 cas
2363 5354 2490 5394 vero
2545 5349 2662 5405 qua:
2713 5305 2938 5384 Domino
2988 5321 3285 5376 inferuntur
3332 5305 3801 5364 vehementissime

2227 5431 2519 5491 ulciscaris.
2563 5395 2690 5480 ideo
2715 5421 2813 5476 etsi
2839 5432 2960 5473 cum
2987 5415 3155 5483 legem
3186 5408 3385 5468 terret,
3414 5397 3648 5453 secundo
3689 5395 3805 5446 loco

2228 5524 2466 5597 posuerit
2513 5529 2750 5571 amorem
2795 5522 2919 5578 erga
2964 5502 3260 5574 proximum
3289 5536 3302 5561 ,
3353 5501 3526 5545 tamen
3577 5485 3805 5539 similem

2229 5573 2363 5671 dixit
2389 5609 2552 5683 priori
2580 5623 2593 5659 :
2623 5619 2685 5659 ac
2723 5602 2859 5656 sicut
2888 5596 3032 5650 illum
3065 5583 3459 5646 accuratissime
3502 5576 3700 5644 exigit,
3728 5573 3804 5625 sic

2233 5719 2283 5763 et
2317 5665 2455 5761 hunc
2481 5711 2710 5770 quoque.
2761 5692 2835 5745 De
2862 5689 2950 5742 illo
2981 5683 3121 5739 enim
3148 5679 3245 5741 ait,
3298 5673 3378 5726 Ea:
3399 5679 3496 5723 toto
3523 5665 3670 5719 corde
3701 5673 3808 5722 tuo,

2231 5809 2277 5852 ct
2309 5813 2368 5850 ca:
2397 5757 2515 5848 tota.
2539 5757 2708 5842 animo
2748 5793 2869 5844 tua;
2915 5776 2983 5833 de
3023 5771 3126 5828 hoc
3165 5775 3377 5823 autem.
3427 5761 3567 5817 Sicut
3600 5757 3810 5822 “ipsum

508 4446 687 4498 sinunt
714 4446 858 4493 recte
886 4430 1156 4505 progredi,
1179 4427 1548 4484 subvertentes
1567 4461 1583 4488 ,
1613 4416 1983 4476 dissolventm,
2013 4425 2097 4464 se-

509 4534 721 4605 gniores
746 4541 842 4582 vos
870 4524 1172 4579 reddentes.

582 4622 821 4690 Deusjus
850 4617 1020 4670 dicens
1042 4612 1102 4665 ab
1133 4609 1272 4664 Isaia
1295 4604 1573 4659 inducitur.
1605 4595 1837 4668 Stupidis
1872 4590 2102 4646 accusari

513 4731 613 4768 non
635 4682 819 4783 graue,
852 4705 1000 4773 plecti
1031 4701 1263 4758 terribile.
1306 4696 1526 4751 Pcccata
1557 4690 1838 4762 principum
1866 4693 1911 4737 et
1940 4682 2104 4734 senio-

514 4821 627 4859 rum
671 4803 870 4872 majora
909 4797 1221 4868 priuatorum
1252 4789 1560 4859 peccatis.—
1590 4783 1675 4837 15.
1701 4778 1807 4833 Sed
1832 4791 1965 4829 nunc
1984 4789 2104 4826 con-

517 4869 759 4951 stituetur
778 4893 830 4944 in
850 4888 1104 4961 judicium
1128 4882 1374 4936 Dominus
1393 4918 1412 4939 ,
1437 4887 1484 4929 et
1505 4883 1681 4928 statuet
1704 4869 2108 4940 populumsttum

520 5047 800 5133 senioribus
844 5070 1051 5141 populi,
1093 5077 1277 5121 etcum
1301 5057 1609 5132 principibus
1641 5056 1889 5125 ipsorum.
1923 5047 2112 5102 Adhuc

524 5171 576 5224 in
624 5165 812 5223 eadem
846 5139 1065 5233 perstat
1110 5155 1455 5214 correctionis
1497 5149 1711 5220 specie,
1753 5161 1782 5199 a
1809 5142 2005 5215 populo
2044 5139 2110 5193 ad

526 5259 768 5314 seniores
794 5264 847 5311 et
889 5252 956 5306 ad
1002 5249 1267 5320 principes
1315 5241 1731 5310 increpationcm
1778 5244 2012 5294 vertens,
2052 5243 2114 5282 ac

533 5363 834 5405 sermonem
866 5343 1095 5399 reddens
1125 5336 1534 5396 terribiliorem;
1584 5331 1762 5400 ipsum
1793 5339 1919 5381 vero
1948 5323 2119 5377 Deum

535 5443 734 5499 inducit
752 5439 842 5508 jus
858 5439 1124 5494 dicentem
1144 5443 1200 5488 et
1216 5429 1664 5486 condemnantcm
1694 5434 1786 5473 :ae
1803 5418 1868 5472 de
1884 5415 2119 5487 peccatis

533 5544 718 5591 contra
745 5507 998 5600 populum
1021 5520 1338 5595 perpetratis
1363 5521 1701 5572 accusantem
1723 5522 1816 5562 eos
1836 5507 1926 5576 qui
1959 5519 2123 5573 popu-

535 5629 645 5684 lum
682 5624 948 5681 lmdehant
970 5620 1010 5672 ¹.
1063 5615 1417 5683 Quamobrem
1459 5609 1670 5664 dicebat
1697 5621 1711 5657 :
1744 5601 1810 5659 Et
1840 5615 1970 5654 nunc
1998 5615 2122 5651 conr-

607 5785 625 5818 ι
661 5791 748 5832 Pro
772 5780 942 5835 verbo,
966 5770 1223 5835 audebant,
1248 5765 1464 5835 Savi'.._i_n
1489 5769 1630 5835 textu
1651 5752 2125 5835 euertuuﬂligebmtt,

545 5852 594 5900 in
620 5821 747 5896 not:
771 5821 942 5891 itiiéii.’
968 5821 1222 5901 proﬁtetut‘
1242 5842 1299 5881 se
1322 5826 1487 5887 mane,
1510 5821 1854 5889 gubernabant.
