4044 6406
254 381 326 436 47
1623 376 1691 431 IN
1732 373 1902 430 ISAIA

2025 370 2176 428 CAP.
2215 371 2304 430 ιιι.
3288 443 3296 453 ι
3589 406 3661 461 48

245 494 566 566 δῆμον-τότε
612 491 843 563 μάλιστα
888 493 1017 546 ὄντα
1059 493 1150 545 τὸν
1195 491 1294 560 τήν
1341 492 1679 560 παρανομίαν
1733 491 1899 560 ἐργα-

242 582 470 650 σάμενον
536 579 767 648 ἐκείνην,
822 581 914 633 τὸν
961 580 1019 633 δὲ
1073 577 1279 648 ’Δαρὼν
1332 578 1392 629 ού
1433 577 1700 646 τοσαύτης
1772 575 1900 629 ὄντα

235 665 570 737 κατηγορίας
620 666 787 728 ἄξιον.
830 666 987 734 ἀφεὶς
1014 666 1138 726 τοὺς
1182 664 1382 734 σφόδρα
1409 662 1770 724 ὑπευθύνους,
1811 663 1902 716 ἐπὶ

232 755 325 806 τὸν
348 756 446 823 οὐχ
476 753 645 818 οὕτως
679 753 976 806 ὑπεύθυνον
1021 751 1212 822 τρέπει
1257 753 1354 820 τὴν
1389 750 1741 820 κατηγορίαν,
1793 751 1906 810 τοῖς

236 842 544 910 ἐγκλήμασι
588 844 696 903 τοῖς
742 840 860 892 κατ’
893 839 1103 892 ἐκείνου
1145 839 1317 900 διδοὺς
1350 838 1426 906 τῷ
1474 838 1730 888 συνειδότι
1785 837 1905 887 τού-

235 945 345 980 των
379 927 597 996 μείζονα
637 927 840 978 ἑαυτῶν
882 923 1364 994 καταψηφίσασθαι
1404 923 1706 992 τιμωρίαν
1766 922 1793 973 ὃ
1840 921 1902 990 δὴ

237 1014 329 1064 καὶ
370 1013 601 1081 ἐγένετο.
651 1012 727 1066 Οὐ
778 1013 885 1080 γάρ
941 1011 1134 1082 ἐδεήθη
1200 1009 1382 1062 λοιπὸν
1423 1009 1595 1076 λόγων
1645 1009 1780 1077 πρὸς
1814 1007 1904 1058 τὸν

235 1097 404 1166 δῆμον
435 1099 653 1169 ἐτέρων,
700 1098 813 1151 ἀλλ’
859 1099 1060 1169 ἤρκεσε
1097 1095 1166 1149 τά
1192 1096 1319 1166 ψιλά
1363 1097 1542 1148 ἐκεῖνα
1591 1096 1809 1163 ῥήματα
1836 1093 1902 1144 τὰ

237 1186 373 1256 πρὸς
408 1186 498 1239 τὸν
537 1186 742 1256 Ἀαρὼν
787 1185 1052 1257 εἰρημένα
1094 1183 1336 1253 χιλιάδας
1366 1182 1650 1246 τοσαύτας,
1693 1181 1766 1242 ὡς
1811 1180 1904 1232 ἕνα

236 1274 543 1344 ἄνθρωπον,
577 1275 945 1336 καταστεῖλαι,
989 1273 1084 1326 καὶ
1122 1272 1230 1324 ἀπὸ
1267 1269 1534 1337 τοσαύτης
1569 1267 1903 1338 θρασύτητος

236 1364 316 1423 εὶς
347 1361 548 1412 δειλίαν
575 1362 668 1412 καὶ
697 1360 931 1428 ἀγωνίαν
959 1361 1310 1427 κατενεγκεῖν
1334 1357 1431 1426 τὴν
1461 1355 1712 1424 ἐσχάτην.
1751 1355 1815 1404 Ἃ
1839 1353 1900 1421 δὴ

236 1446 487 1517 προορῶν
521 1449 548 1498 6
594 1449 848 1517 Μωῦσῆς,
893 1446 1140 1507 καταϐὰς
1182 1445 1403 1504 εὐθέως,
1450 1443 1547 1504 τάς
1593 1458 1650 1492 τε
1690 1439 1901 1502 πλάκας

237 1534 451 1603 ἔρριψε,
486 1534 580 1585 καὶ
611 1534 745 1603 πρὸς
780 1534 869 1585 τὸν
911 1530 1123 1601 Ἀαρὼν
1144 1531 1295 1597 ἔλεγε
1317 1548 1329 1559 ·
1369 1531 1429 1582 Τί
1457 1526 1705 1593 ἐποίησέ
1738 1543 1834 1582 σοι
1871 1530 1902 1579 ό

235 1619 387 1683 λαὸς
437 1613 643 1683 οὗτος,
693 1617 781 1669 ὅτι
829 1618 1126 1684 ἐποίησας
1167 1616 1354 1670 αὑτὸν
1419 1615 1716 1684 ἐπίχαρμιι
1779 1613 1897 1677 τοῖς

235 1704 470 1773 ἐχθροῖς
491 1723 508 1769 ;

308 1799 382 1856 ς’.
416 1791 583 1844 Τοῦτο
601 1793 692 1844 καὶ
719 1793 745 1842 6
763 1792 1045 1860 προφήτης
1060 1784 1210 1853 οὗτος
1237 1793 1395 1853 ποιεῖ,
1416 1789 1504 1840 τὸν
1525 1789 1676 1856 ἀγιον
1698 1788 1901 1838 ἐκεῖνον

241 1879 573 1949 μιμούμενος
604 1879 772 1949 διπλῷ
793 1879 868 1949 τῷ
888 1880 1092 1950 τρόπῳ.
1114 1879 1186 1930 Οὐ
1211 1877 1319 1948 γὰρ
1347 1876 1409 1947 δὴ
1437 1878 1592 1946 μόνον
1617 1875 1896 1926 ἐνεκάλεσε

240 1967 361 2019 τότε
385 1969 412 2018 ό
443 1967 698 2036 Μωῦσῆς,
732 1967 866 2019 ἀλλά
895 1967 985 2018 καὶ
1022 1965 1416 2032 συναλγοῦντος
1446 1964 1784 2032 προσωπεῖον
1809 1961 1900 2012 λα-

240 2051 369 2113 ϐὼν,
402 2051 573 2114 οὕτως
607 2053 836 2104 ἐποιεῖτο
866 2052 963 2123 τὴν
996 2052 1328 2122 κατηγορίαν
1356 2051 1596 2117 ἐκείνην.
1629 2048 1784 2102 Οὕτω
1810 2049 1900 2100 καὶ

244 2135 393 2201 οὗτος
425 2140 710 2209 ἀμφότερα
739 2141 1053 2208 ἐμιμήσατο
1087 2138 1281 2205 λέγων·
1312 2138 1470 2202 Λαός
1504 2155 1643 2205 μου,
1677 2140 1727 2188 οἱ
1752 2134 1892 2204 πρά-

241 2241 450 2292 κτορες
477 2224 641 2293 ὑμῶν
665 2224 1044 2293 καλαμῶνται
1070 2222 1246 2292 ὑμᾶς.
1269 2225 1380 2276 Καὶ
1400 2223 1506 2292 γάρ
1532 2222 1900 2291 κατηγόρησεν

243 2307 484 2370 ἐκείνων,
519 2307 612 2359 καὶ
636 2306 709 2368 ὡς
742 2307 1020 2374 συναλγῶν
1050 2308 1128 2377 τῷ
1156 2307 1311 2377 δήμι,ὶ
1335 2305 1508 2360 ταῦτα
1538 2305 1711 2372 ἔλεγε.
1751 2305 1898 2377 [Ιρά-

242 2409 441 2460 κτορας
469 2392 526 2444 δέ
568 2393 797 2446 ἐνταῦθα
839 2394 986 2446 δοκεῖ
1015 2393 1115 2464 μὲν
1148 2394 1272 2455 τοὺς
1303 2391 1662 2454 ἀπαιτοῦντας
1693 2391 1898 2458 λέγειν’

243 2477 354 2544 ἐγὼ
398 2479 454 2531 δέ
499 2477 652 2548 οἶμαι
685 2481 810 2544 τοὺς
859 2482 1137 2551 ἀρπαγας,
1188 2481 1312 2543 τοὺς
1348 2480 1674 2541 πλεονέκτας
1723 2478 1901 2530 αὐτῶν

243 2566 606 2618 αἰνίττεσθαι·
643 2569 692 2618 εί
719 2567 776 2620 δὲ
812 2567 885 2638 μὴ
922 2567 1100 2631 τοῦτο,
1132 2567 1266 2620 ἀλλὰ
1290 2568 1413 2630 τοὺς
1456 2565 1900 2636 φορολογοῦντας.

245 2651 388 2722 Ὅρα
417 2652 577 2704 αὐτοῦ
617 2653 892 2706 κάνταῦθα
919 2654 1016 2722 τὴν
1047 2653 1278 2706 σύνεσιν.
1317 2653 1391 2705 Ού
1435 2652 1542 2721 γάρ
1579 2653 1638 2704 τὸ
1673 2653 1902 2722 πρᾶγμα

244 2737 516 2803 ἐκϐάλλει,
548 2737 680 2792 ἀλλά
708 2739 806 2810 τὴν
829 2739 1117 2810 ἀμετρίαν.
1140 2740 1213 2792 Οὺ
1237 2739 1342 2809 γάρ
1366 2734 1537 2800 εἶπεν,
1560 2737 1900 2801 ἀπαιτοῦσιν,

244 2825 412 2889 ἀλλά,
457 2824 877 2893 Καλαμῶνται,
915 2827 1180 2889 τουτέστι,
1231 2824 1494 2894 γυμνοῦσι
1545 2825 1652 2877 τῶν
1709 2825 1900 2888 ὄντων,

244 2910 637 2981 ἀποστεροῦσιν
685 2913 940 2965 ἀπάντων
994 2913 1342 2982 προσχήματι
1385 2915 1483 2981 τῆς
1534 2913 1900 2981 ἀπαιτήσεως.

246 2997 462 3067 Ταύτην
491 2999 548 3050 δὲ
581 2998 767 3069 εἴρηκε
796 2999 893 3069 τὴν
922 3000 1064 3064 λέξιν
1097 3000 1206 3053 ἀπὸ
1247 3001 1556 3069 μεταφορᾶς
1589 3000 1695 3051 τῶν
1743 2999 1906 3052 καλα-

249 3084 492 3153 μώντων.
534 3086 894 3154 Καλαμᾶσθαι
925 3086 1033 3156 γάρ
1063 3085 1280 3154 λέγεται
1316 3087 1376 3138 τὸ
1412 3091 1548 3155 μετά
1577 3086 1666 3138 τὸν
1697 3086 1902 3155 ἀμητὸν

242 3172 370 3234 τοὺς
407 3172 736 3234 ἐκπεσόντας
783 3175 846 3225 ἐκ
889 3172 995 3224 τῶν
1039 3172 1359 3243 θεριζόντων
1407 3174 1676 3242 ἀστάχυας
1716 3173 1904 3224 ἀναλέ-

245 3257 457 3322 γεσθαι,
494 3259 584 3310 καὶ
633 3258 797 3328 μηδὲν
829 3259 963 3320 ὅλως
995 3270 1020 3298 ι
1057 3260 1149 3311 ἐπὶ
1186 3259 1286 3328 τῆς
1332 3261 1569 3330 ἀρούρας
1597 3261 1810 3326 ἀφιέναι
1835 3277 1847 3289 ο
1875 3259 1903 3311 ὃ

246 3345 311 3414 δὴ
342 3346 436 3396 καὶ
455 3343 575 3397 τότε
601 3341 742 3398 οῦτοι
771 3344 1214 3416 ἐποίουν,ὁλόκλη
1227 3364 1292 3414 ρα
1307 3347 1373 3397 τὰ
1395 3347 1521 3398 ὄντα
1546 3347 1900 3415 ἁρπάζοντες,

246 3433 342 3485 καὶ
376 3433 612 3502 γυμνοὺς
643 3423 886 3499 ἀφιέντες
919 3432 1133 3494 αὐτούς.
1171 3433 1280 3485 Καὶ
1302 3435 1355 3485 οί
1387 3432 1776 3498 ἀπαιτοῦντες
1810 3451 1906 3486 κυ-

235 3524 554 3590 ριεύουσιν
596 3520 778 3590 ὑμῶν.
814 3523 922 3573 Καὶ
951 3520 1012 3572 τὸ
1040 3520 1104 3591 δὴ
1136 3521 1530 3591 χαλεπώτερον,
1564 3523 1644 3574 ὅτι
1673 3522 1790 3574 οὐδὲ
1822 3525 1905 3574 ἐν-

241 3608 416 3662 ταῦθα
441 3610 539 3677 τῆς
567 3606 870 3669 πλεονεξίας
899 3606 1132 3670 ἵσταντο,
1158 3607 1290 3659 ἀλλά
1319 3608 1411 3660 καὶ
1443 3609 1752 3677 περαιτέρω
1782 3624 1905 3676 προ-

243 3696 378 3763 ῆγον
401 3695 499 3760 τὴν
531 3694 837 3763 τυραννίδα,
867 3693 1083 3754 δούλους
1106 3695 1230 3755 τοὺς
1258 3694 1571 3763 ἐλευθέρους
1606 3693 1900 3755 ποιοῦντες.

244 3781 403 3844 Λαός
439 3797 580 3848 μου,
617 3783 669 3832 vl
699 3780 1123 3847 μακαρίζοντες
1155 3779 1330 3847 ὑμᾶς,
1370 3780 1684 3832 πλανῶσιν
1727 3777 1900 3846 ὑμᾶς.

256 3866 521 3920 Ἐνταῦθά
556 3883 642 3935 μοι
678 3866 798 3927 τοὺς
828 3865 1276 3934 ψευδοπροφήτας
1307 3865 1634 3917 αἰνίττεσθαι
1660 3866 1825 3927 δοκεῖ,
1869 3867 1902 3936 ἢ

244 3953 372 4013 τοὺς
403 3951 539 4021 πρὸς
572 3950 728 4020 χάριν
777 3952 959 4014 αὑτοῖς
1000 3951 1434 4021 διαλεγομένους,
1472 3952 1499 4002 6
1530 3952 1627 4021 τῆς
1672 3953 1904 4021 ἐσχάτης

245 4039 544 4108 διαφθορᾶς
575 4037 741 4090 αἴτιον
771 4038 979 4104 γίνεται
1012 4039 1306 4108 πανταχοῦ.
1340 4040 1449 4108 Τὴν
1475 4039 1602 4105 γοῦν
1628 4040 1691 4091 ἐκ
1717 4041 1903 4091 τούτου

248 4126 454 4197 βλάϐην
486 4125 658 4195 δηλῶν
709 4127 976 4195 ἐπήγαγε,
1021 4126 1131 4178 Καὶ
1163 4126 1277 4192 τὴν
1307 4128 1505 4194 τρίϐον
1543 4124 1658 4177 τῶν
1706 4126 1907 4178 ποδῶν

244 4213 413 4278 ὑμῶν
433 4213 806 4280 ταράσσουσι
823 4227 834 4240 ·
863 4212 1154 4269 τουτέστιν.
1187 4213 1286 4263 οὑκ
1308 4213 1467 4263 ἐῶσιν
1491 4212 1623 4281 όρθὰ
1652 4211 1902 4279 βαδίζειν,

246 4299 690 4368 διαστρέφοντες,
745 4297 1068 4359 ἐκλύοντες,
1132 4297 1531 4367 ῥᾳθυμοτέρους
1604 4295 1901 4357 ποιοῦντες.

327 4385 504 4438 Ἀλλὰ
533 4383 648 4437 νῦν
677 4383 1118 4452 καταστήσεται
1165 4387 1252 4449 εἰς
1285 4385 1490 4450 κρίσιν
1537 4385 1768 4451 Κύριος,
1809 4384 1906 4436 καὶ

246 4473 464 4542 στήσει
490 4476 577 4537 είς
604 4473 802 4540 κρίσιν
833 4474 936 4527 τὸν
969 4474 1124 4528 λαὸν
1147 4474 1331 4527 αὑτοῦ
1353 4489 1366 4503 °
1397 4474 1577 4538 αὐτὸς
1595 4476 1805 4541 Κύριος
1820 4477 1906 4539 είς

248 4565 454 4629 κρίσιν
486 4561 618 4628 ἣξει
660 4564 809 4630 μετὰ
831 4559 952 4616 τῶν
990 4561 1406 4630 πρεσϐυτέρων
1445 4561 1550 4615 τοῦ
1593 4563 1767 4624 λαοῦ,
1810 4563 1907 4615 καὶ

242 4649 391 4718 μετὰ
418 4647 538 4701 τῶν
561 4651 867 4717 ἀρχόντων
893 4649 1110 4701 αὐτῶν.
1149 4650 1268 4700 Ἔτι
1291 4649 1367 4717 τῷ
1398 4649 1544 4718 αὐτῷ
1567 4648 1695 4700 εἴδει
1712 4649 1904 4718 ἐπιμέ-

246 4748 328 4782 νει
355 4731 452 4799 τῆς
481 4729 835 4799 διορθώσεως,
883 4730 989 4781 ἀπὸ
1033 4729 1127 4781 τοῦ
1156 4729 1326 4799 δήμου
1359 4730 1495 4798 πρὸς
1527 4729 1650 4791 τοὺς
1675 4746 1906 4800 γεγηρα-

248 4816 412 4878 κότας
458 4815 554 4868 καὶ¹
590 4817 714 4877 τοὺς
747 4814 1014 4884 ἄρχοντας
1063 4816 1280 4885 τρέπων
1310 4815 1406 4883 τὴν
1439 4816 1772 4883 ἐπιτίμησιν,
1815 4817 1906 4868 καὶ

246 4901 617 4973 φοϐερώτερον
651 4900 1038 4970 μεταχειρίζων
1068 4902 1157 4953 τὸν
1183 4901 1337 4968 λόγον
1358 4919 1369 4930 ·
1395 4900 1510 4972 [41]
1541 4902 1699 4953 αὑτὸν
1720 4902 1776 4954 δέ
1805 4903 1904 4954 εἰσ-

243 4990 366 5053 άγει
397 4987 486 5040 τὸν
513 4987 643 5040 Θεὸν
668 4987 1016 5056 δικαζόμενον
1054 4989 1149 5040 καὶ
1178 4986 1620 5050 καταδικάζοντα,
1653 4991 1744 5040 καὶ
1770 4989 1906 5058 ὑπὲρ

244 5071 352 5122 τῶν
392 5069 472 5130 είς
507 5069 597 5121 τὸν
645 5068 811 5138 δῆμον
845 5069 1256 5139 ἁμαρτημάτων
1291 5069 1624 5137 ἐγκαλοῦντα
1662 5074 1773 5133 τοῖς
1815 5071 1906 5123 τὸν

244 5153 416 5223 δῆμον
442 5153 684 5205 ἀδικοῦσι
712 5152 760 5203 ι.
793 5153 882 5204 Διὸ
903 5153 993 5205 καὶ
1019 5152 1202 5218 ἔλεγεν
1223 5169 1235 5181 ·
1276 5153 1451 5206 Ἀλλὰ
1473 5152 1588 5204 νῦν
1611 5152 1907 5220 καταστή-

245 5254 413 5292 σεται
436 5241 522 5304 εὶς
553 5239 754 5306 κρίσιν
787 5239 1021 5306 Κύριος.
1067 5239 1286 5307 Ἐπειδὴ
1329 5240 1437 5308 γὰρ
1463 5240 1542 5300 εἰς
1588 5238 1907 5307 ἐγκλήματα

246 5325 500 5392 τὸνλόγον
518 5325 779 5395 ἀνήλωσε,
800 5329 910 5388 τοῖς
924 5325 981 5377 δέ
1000 5323 1336 5394 ἀναισθήτως
1353 5323 1712 5393 διακειμένοις
1730 5325 1789 5376 τὸ
1809 5325 1905 5393 μὲν

247 5412 594 5480 ἐγκαλεῖσθαι
619 5414 679 5466 οὑ
716 5413 918 5484 σφόδρα
946 5412 1106 5484 βαρὺ,
1137 5411 1199 5464 τὸ
1225 5413 1282 5466 δέ
1303 5411 1622 5477 κολάζεσθαι
1656 5411 1781 5480 φοϐε
1792 5429 1901 5482 ρον,

312 5598 339 5659 ξ
360 5597 483 5659 Reg.
509 5601 561 5646 et
580 5596 728 5646 Savil.
750 5598 830 5646 καὶ
851 5598 992 5659 μηδὲν
1012 5598 1177 5659 οὕτως.

310 5658 661 5726 [λίθεοι-.-τοῖς
681 5659 768 5726 τὸν.
786 5658 934 5720 δῆμον
952 5658 1189 5726 ἀδικοῦσι,
1217 5665 1371 5710 recle.
1403 5663 1524 5726 Reg.
1550 5670 1602 5715 et
1637 5665 1783 5714 Savﬂ.
1809 5664 1908 5722 τοῖς

247 5718 329 5766 τὸν
345 5720 493 5777 δῆμον
511 5719 729 5779 ἀλγοῦσι·
756 5722 804 5768 in
827 5718 935 5780 (ima
978 5721 1120 5769 verba
1162 5722 1264 5769 ham
1289 5731 1422 5772 notat
1465 5718 1673 5775 Savilius
1699 5740 1709 5773 :
1740 5747 1763 5768 ει
1792 5718 1905 5775 Boi;

248 5781 349 5828 sius
368 5781 492 5846 legjt
513 5780 778 5846 ἀλγύνουσι,
801 5783 890 5846 hoc
914 5788 986 5828 est
1013 5780 1231 5846 λυποῦσι.
1260 5783 1383 5832 Malo
1407 5787 1594 5846 ἄγουσι,
1619 5788 1707 5835 hoc
1728 5795 1802 5835 est.
1822 5790 1906 5843 δη-

285 5839 541 5901 αγωγοῦσι.
563 5857 579 5885 ι
610 5842 845 5890 Scdmalo
869 5844 1129 5893 lectionem
1162 5843 1371 5905 Morelli,
1413 5839 1554 5907 ιιὶιιιιιι
1581 5839 1732 5896 habet
1755 5839 1902 5898 etiam

285 5906 506 5950 mancus
538 5902 707 5950 codex.

294 5914 506 5951 araneus
538 5914 657 5950 CU'C
666 5918 688 5950 Χ
699 5937 707 5945 -

2009 490 2190 558 φησιν,
2221 491 2301 542 ὅτι
2329 489 2390 540 οὐ
2425 487 2585 558 μέχρι
2616 491 2943 560 κατηγορίας
2965 491 3030 546 τὰ
3063 495 3358 568 πράγματα
3387 503 3654 571 στήσεται,

2009 578 2144 629 ἀλλά
2176 579 2269 630 καὶ
2298 577 2419 645 δίκη
2446 580 2558 638 τοῖς
2583 578 2972 646 ἁμαρτήμασιν
2993 581 3197 649 ἕψεται,
3223 586 3388 639 αὑτοῦ
3418 588 3512 642 τοῦ
3538 591 3657 659 μέλι

2012 660 2192 721 λοντος
2226 659 2608 722 καταδικάζειν
2643 659 2868 723 εὐθύνας
2913 661 3095 716 λοιπὸν
3140 667 3513 736 ἀπαιτοῦντος,
3565 676 3659 727 καὶ

2006 746 2323 816 κρινομένου
2371 745 2519 830 πρὸς,
2546 746 2671 808 τοὺς
2718 747 3266 820 πεπλημμεληκότας.
3308 757 3372 807 '0
3418 761 3510 810 καὶ
3562 760 3660 830 τὴν

2009 831 2413 899 συγκατάϐασιν
2444 829 2537 883 τοῦ
2582 831 2716 884 Θεοῦ
2767 833 2965 903 πολλὴν
2993 835 3278 904 δείκνυσιν,
3333 829 3657 914 ἀνεχομένου

2006 917 2319 979 δικάζεσθαι
2359 918 2474 986 μετ’
2505 917 2745 981 ἐκείνων,
2782 920 2875 971 καὶ
2908 923 3253 991 ἐντρεπτικὸν
3281 930 3427 981 ποιεῖ
3460 930 3550 982 τὸν
3575 932 3662 985 λό-

2006 1022 2118 1070 γον,
2145 1005 2172 1056 ὃ
2197 1006 2292 1086 καὶ
2316 1006 2440 1065 τοὺς
2468 1004 2591 1056 νοῦν
2611 1005 2829 1074 ἔχοντας
2851 1007 2930 1068 είς
2959 1007 3196 1078 μεγάλην
3219 1012 3455 1079 ἀγωνίαν
3491 1017 3660 1086 ἐμϐα..

2004 1087 2113 1138 λείν
2135 1085 2341 1173 εἴωθεν.
2369 1088 2481 1139 Οὐκ
2501 1089 2714 1157 ἐκείνης
2732 1089 2788 1141 δὲ
2813 1089 2994 1143 ἕνεκεν
3016 1092 3111 1161 τῆς
3139 1094 3335 1159 αἰτίας,
3358 1093 3426 1168 ἧς
3455 1085 3659 1173 ἐμπρο-

2007 1173 2131 1226 σθεν
2160 1169 2333 1235 εἶπον,
2369 1173 2505 1244 πρὸς
2535 1175 2660 1237 τοὺς
2688 1174 2952 1244 ἄρχοντας
2993 1179 3087 1230 καὶ
3128 1180 3252 1242 τοὺς
3283 1169 3659 1254 γεγηρακότας

2004 1261 2195 1330 τρέπει
2232 1260 2324 1313 τὸν
2354 1260 2531 1326 λόγον,
2569 1261 2703 1314 ἀλλά
2737 1263 2826 1314 καὶ
2856 1262 3118 1317 διδάσκων
3152 1267 3411 1334 ἅπαντας,
3447 1273 3528 1325 ὅτι
3563 1275 3660 1343 βα-

2007 1350 2228 1418 ρύτεραι
2261 1346 2369 1399 τῶν
2401 1349 2721 1416 ἀρχομένων
2767 1352 2880 1412 τοῖς
2917 1351 3171 1420 ἄρχουσιν
3220 1357 3274 1407 αί
3320 1357 3555 1414 εὐθῦναι.
3601 1362 3659 1415 '0

2008 1433 2106 1502 μὲν
2136 1432 2243 1503 γὰρ
2292 1433 2430 1502 ὑπὲρ
2457 1433 2650 1486 ἐαυτοῦ
2687 1435 2866 1502 μόνον,
2895 1438 2922 1488 6
2955 1437 3010 1488 δέ
3037 1439 3176 1507 ὑπὲρ
3207 1439 3400 1494 ἑαυτοῦ
3429 1447 3521 1498 καὶ
3564 1449 3659 1500 τοῦ

2003 1520 2196 1588 δήμου,
2223 1514 2281 1573 οὗ
2302 1520 2400 1590 τὴν
2421 1520 2593 1592 ἀρχὴν
2627 1521 3100 1592 ἐγκεχειρισμένος
3124 1528 3400 1595 τυγχάνει,
3433 1534 3658 1603 παρέχει

2002 1607 2092 1659 τὸν
2115 1607 2270 1676 λόγον
2291 1624 2304 1637 ·
2325 1608 2418 1660 καὶ
2444 1609 2490 1660 οί
2510 1609 2938 1680 πρεσϐύτεροιδέ
2960 1613 3058 1665 οὑκ
3079 1616 3378 1680 ἀπεικότως
3397 1622 3659 1694 τοσαύτην

2003 1694 2360 1747 ἀπαιτοῦνται
2381 1694 2479 1765 τὴν
2512 1696 2813 1765 ἀκρίϐειαν.
2842 1697 3020 1767 Ὅπερ
3047 1699 3154 1771 γάρ
3179 1703 3405 1768 ἐκείνοις
3436 1709 3470 1777 ή
3495 1710 3656 1780 ἀρχὴ,

2001 1780 2158 1832 τοῦτο
2182 1780 2390 1844 τούτοις
2418 1783 2449 1850 ή
2493 1782 2696 1852 ἡλικία.
2730 1782 2910 1847 Ἀξιος
2945 1785 3041 1852 μὲν
3074 1789 3182 1857 γὰρ
3217 1791 3308 1842 καὶ
3332 1795 3358 1843 ό
3401 1794 3515 1856 νέος
3541 1798 3658 1848 ἐπι.

2002 1869 2272 1937 τιμήσεως
2313 1868 2461 1922 δεινά
2487 1870 2842 1939 ἁμαρτάνων·
2877 1872 2904 1922 6
2948 1872 3124 1944 δὲτὴν
3174 1876 3278 1927 ἀπὸ
3310 1877 3406 1947 τῆς
3447 1881 3658 1950 ήλικίας

2003 1955 2246 2006 ἀτέλειαν
2277 1955 2434 2024 ἔχων,
2466 1961 2558 2008 καὶ
2583 1956 2853 2020 τοσούτοις
2886 1959 3072 2012 παθῶν
3110 1962 3168 2014 οὐ
3209 1964 3656 2038 πολιορκούμενος

2003 2038 2260 2108 κύμασιν,
2297 2040 2430 2092 ἀλλά
2455 2041 2549 2092 καὶ
2574 2046 2866 2112 σωφρονεῖν
2895 2044 3272 2118 εὐκολώτερον,
3305 2052 3397 2102 καὶ
3424 2054 3530 2106 τῶν
3562 2055 3656 2108 άλ-

2003 2125 2108 2177 λων
2130 2125 2414 2195 ἀνέχεσθαι
2428 2127 2536 2180 τῶν
2554 2127 2817 2197 βιωτικῶν
2842 2132 2970 2201 ῥᾷον
2989 2131 3299 2203 δυνάμενος,
3328 2139 3420 2189 καὶ
3440 2140 3658 2195 πλείονα

2005 2213 2336 2282 κεκτημένος
2357 2213 2570 2267 σύνεσιν
2595 2215 2703 2268 ἀπὸ
2726 2215 2824 2284 τῆς
2847 2217 2953 2268 τῶν
2979 2221 3313 2289 πραγμάτων
3346 2226 3656 2296 ἐμπειρίας,

2002 2299 2224 2362 δικαίως
2252 2300 2318 2353 ἂν
2344 2300 2543 2370 μᾶλλον
2572 2303 2824 2356 ἀπάντων
2853 2305 3282 2371 καταδικάζοιτο,
3300 2311 3366 2363 τὰ
3395 2313 3501 2364 τῶν
3531 2316 3659 2368 ἀκο-

2002 2387 2211 2442 λάστων
2244 2389 2377 2441 νέων
2408 2391 2466 2442 ἐν
2498 2390 2646 2460 γήρᾳ
2677 2391 3133 2462 ἐπιδεικνύμενος.
3169 2396 3349 2464 Ὑμεῖς
3386 2398 3454 2451 δὲ
3486 2401 3543 2453 τί
3566 2402 3660 2454 ἐν-

2000 2475 2324 2540 επυρίσατε
2349 2475 2456 2527 τὸν
2498 2476 2821 2543 ἀμπελῶνά
2873 2494 3013 2544 μου,
3044 2481 3143 2532 καὶ
3186 2484 3217 2549 ἡ
3265 2483 3498 2553 ἁρπαγὴ
3551 2487 3662 2541 τοῦ

2001 2559 2240 2629 πτωχοῦ
2264 2562 2333 2613 ἐν
2361 2560 2484 2626 τοῖς
2507 2563 2693 2628 οικοις
2712 2563 2877 2630 ὑμῶν
2892 2581 2911 2628 ;
2942 2566 3222 2636 Πανταχοῦ
3250 2569 3325 2638 τῷ
3347 2571 3463 2641 Θεῷ
3492 2573 3660 2645 πολλὴ

2001 2647 2110 2699 τῶν
2137 2648 2506 2718 ἀδικουμένων
2535 2652 2568 2718 ἡ
2597 2651 2819 2721 πρόνοια
2838 2667 2851 2680 ·
2883 2653 2974 2705 καὶ
3000 2655 3107 2706 τῶν
3128 2657 3207 2718 είς
3235 2657 3394 2710 αὑτὸν
3419 2660 3660 2731 ἁμαρτη-

2006 2734 2189 2820 μάτων
2221 2736 2320 2788 οὐκ
2358 2735 2612 2800 ἔλαττον,
2659 2737 2772 2790 ἀλλ’
2820 2737 2967 2792 ἐστιν
3002 2741 3136 2793 ὅπου
3176 2743 3266 2795 καὶ
3321 2745 3478 2798 πλέον
3516 2764 3657 2820 παρ-

2004 2818 2250 2883 οξύνεται
2271 2821 2410 2891 ὑπὲρ
2427 2821 2536 2874 τῶν
2559 2823 2640 2886 είς
2667 2825 2793 2885 τοὺς
2812 2825 3132 2894 ὁμοδούλους
3157 2818 3655 2901 πλημμελημάτων.

2004 2907 2114 2958 Καὶ
2138 2907 2246 2978 γάρ
2275 2907 2366 2960 τὸν
2395 2907 2495 2976 μὲν
2531 2909 2736 2980 πόρνην
2763 2908 2953 2981 ἔχοντα
2982 2915 3214 2980 γυναῖκα
3252 2916 3530 2971 ἐκϐάλλειν
3562 2921 3659 2972 ἐπ-

2003 2992 2218 3063 έτρεψε,
2251 2994 2341 3046 τὸν
2365 2994 2420 3048 δὲ
2451 2995 2729 3066 Ἑλληνίδα
2757 2999 2938 3052 οὐκέτι.
2962 3009 2985 3038 ο
3012 3015 3024 3028 ⁸
3044 3001 3218 3054 καίτοι
3246 3003 3306 3055 τὸ
3343 3004 3440 3072 μὲν
3468 3008 3545 3068 είς
3566 3008 3662 3059 αύ-

2003 3080 2110 3144 τὸν,
2126 3081 2184 3131 τὸ
2207 3081 2262 3133 δὲ
2283 3083 2362 3144 είς
2383 3083 2665 3153 ἄνθρωπον
2678 3087 2736 3138 τὸ
2756 3087 3075 3158 ἁμάρτημα.
3091 3091 3199 3142 Καὶ
3212 3093 3307 3162 τῆς
3325 3093 3509 3158 θυσίας
3531 3115 3662 3165 προ-

2004 3167 2279 3238 κειμένης,
2295 3169 2724 3240 καταλιμπάνειν
2747 3174 2806 3225 τὸ
2824 3175 2991 3244 δῶρον
3013 3177 3282 3241 ἐκέλευσε,
3314 3181 3405 3233 καὶ
3434 3182 3506 3252 μὴ
3530 3187 3662 3254 πρό-

2002 3269 2157 3320 τερον
2187 3254 2315 3308 αὐτὸ
2334 3258 2765 3326 προσάγειν,ἐως
2780 3259 2845 3312 ἂν
2877 3263 2941 3315 τά
2971 3263 3104 3332 πρὸς
3119 3265 3208 3316 τὸν
3231 3265 3452 3335 ἀδελφὸν
3475 3266 3532 3322 εὖ
3552 3270 3660 3323 δια-

2005 3340 2163 3410 θῆναι
2191 3347 2218 3393 6
2243 3343 2333 3395 τὸν
2363 3345 2588 3412 πλησίον
2612 3345 2947 3419 λελυπηκὼς.
2976 3351 3085 3404 Καὶ
3112 3353 3270 3421 ήνίκα
3295 3354 3385 3407 τὸν
3410 3355 3477 3408 τὰ
3499 3357 3664 3427 μύρια

2003 3428 2237 3481 τάλαντα
2272 3431 2664 3500 κατεδηδοκότα
2696 3434 2928 3504 ἔκρινεν,
2970 3436 3107 3507 ὑπὲρ
3147 3439 3242 3507 μὲν
3268 3440 3372 3493 τῶν
3402 3444 3478 3503 εἰς
3503 3445 3663 3498 αὑτὸν

2004 3514 2251 3581 ἐγκαλῶν
2275 3517 2495 3587 ἀμαρτη
2505 3518 2709 3586 μάτων,
2734 3518 2854 3571 οὔτε
2872 3523 3104 3591 πονηρὸν
3122 3523 3397 3589 ἐκάλεσεν,
3418 3527 3550 3580 ἀλλά
3573 3533 3662 3582 καὶ

2005 3603 2320 3687 κατηλλάγη
2350 3606 2580 3674 ταχέως,
2612 3607 2703 3658 καὶ
2733 3607 2794 3657 τὸ
2827 3607 3032 3660 δάνειον
3076 3609 3220 3662 ἀπαν
3251 3611 3460 3680 ἀφῆκεν
3484 3631 3498 3645 ·
3525 3617 3662 3687 ὑπὲρ

2005 3686 2060 3737 δὲ
2090 3687 2197 3739 τῶν
2230 3689 2422 3742 ἑκατὸν
2452 3691 2739 3761 δηναρίων,
2772 3693 2865 3745 καὶ
2890 3695 3123 3763 πονηρὸν
3153 3695 3332 3750 δοῦλον
3363 3703 3535 3763 καλεῖ,
3567 3686 3662 3755 καὶ

2004 3777 2117 3835 τοῖς
2168 3774 2520 3843 βασανισταῖς
2554 3778 2904 3847 παραδίδωσι,
2949 3780 3042 3833 καὶ
3071 3781 3131 3833 ού
3159 3784 3419 3855 πρότερον
3463 3785 3662 3859 ἔφησεν

2007 3861 2250 3930 ἀνήσειν,
2279 3861 2383 3924 ἕως
2408 3863 2551 3916 ἅπαν
2584 3864 2766 3934 ἀποδῷ
2799 3865 2860 3917 τὸ
2891 3867 3066 3936 χρέος.

2075 3948 2138 4012 ζ’.
2177 3949 2286 4001 Καὶ
2321 3950 2479 4018 ήνίκα
2527 3950 2626 4020 μὲν
2653 3951 2810 4013 αὐτὸς
2835 3953 3158 4021 ἐρῤαπίζετο
3181 3957 3207 4008 6
3232 3957 3479 4025 Χριστὸς,
3511 3961 3659 4014 ούδὲν

2005 4032 2094 4085 τὸν
2129 4034 2309 4087 δοῦλον
2344 4037 2638 4104 είργάσατο
2662 4037 2750 4088 τὸν
2773 4038 2869 4108 τὴν
2897 4039 3107 4110 πληγὴν
3134 4044 3493 4112 ἐπαγαγόντα,
3525 4049 3658 4102 ἀλλά

2009 4122 2102 4172 καὶ
2130 4121 2320 4191 πράως
2350 4123 2682 4192 ἀπεκρίνατο
2710 4122 2881 4192 λέγων
2905 4140 2918 4154 ⁸
2938 4129 3006 4178 Εἰ
3024 4125 3140 4193 μὲν
3163 4129 3356 4196 κακῶς
3371 4130 3490 4204 [42]
3519 4135 3658 4188 ἐλά-

2004 4209 2186 4272 λησα,
2216 4210 2605 4276 μαρτύρησον
2641 4211 2772 4277 περὶ
2799 4211 2906 4264 τοῦ
2929 4213 3145 4266 κακοῦ”
3178 4219 3228 4268 εί
3251 4215 3318 4268 δὲ
3356 4219 3573 4284 καλῶς,
3604 4223 3659 4274 τί

1999 4309 2076 4360 με
2103 4293 2324 4361 δέρεις;
2356 4295 2484 4347 Ὅτε
2512 4295 2569 4348 δὲ
2597 4298 2626 4349 6
2665 4297 2943 4368 Ἰεροϐοάμ
2971 4301 3068 4370 τὴν
3093 4305 3247 4371 χεῖρα
3278 4305 3516 4369 ἐκτείνας
3537 4310 3656 4360 ἐπι-

2005 4379 2259 4432 λαϐέσθαι
2286 4380 2379 4433 τοῦ
2411 4384 2689 4453 προφήτου
2728 4383 2821 4437 τοῦ
2860 4386 2980 4436 τότε
3014 4387 3324 4454 ἐλέγξαντος
3375 4393 3534 4446 αὑτὸν
3562 4397 3659 4447 ἐπ-

2008 4467 2283 4537 εχείρησε,
2315 4466 2485 4538 ξηρὰν
2513 4469 2612 4538 τὴν
2655 4473 2809 4540 χεῖρα
2839 4472 3148 4540 εἰργάσατο,
3180 4475 3445 4529 παιδεύων
3477 4483 3569 4532 καὶ
3597 4481 3657 4534 σὲ

2004 4553 2073 4605 τὰ
2109 4554 2205 4622 μὲν
2235 4553 2426 4606 ἐαυτοῦ
2467 4556 2658 4625 πράως
2686 4556 2890 4625 φέρειν,
2929 4557 2996 4610 τά
3036 4558 3092 4610 δέ
3135 4561 3214 4622 είς
3264 4562 3353 4615 τὸν
3384 4567 3657 4637 Δεσπότην

2009 4640 2144 4709 μετά
2184 4639 2381 4708 πολλῆς
2423 4641 2657 4692 ἐκδικεῖν
2699 4643 2796 4711 τῆς
2825 4643 3198 4714 σφοδρότητος.
3247 4650 3343 4701 Διά
3378 4651 3533 4704 τοῦτο
3564 4655 3660 4706 καὶ

2007 4724 2330 4806 νομοθετῶν,
2360 4727 2409 4777 εί
2447 4727 2540 4778 καὶ⁵
2566 4728 2822 4797 δευτέραν
2852 4729 3050 4797 ἔφησεν
3075 4731 3172 4801 τὴν
3202 4735 3280 4796 εἰς
3316 4735 3408 4787 τὸν
3434 4738 3658 4806 πλησίον

2005 4806 2226 4876 ἀγάπην
2251 4804 2414 4871 εἶναι,
2442 4809 2556 4862 ἀλλ’
2579 4811 2770 4879 ὁμοίαν
2797 4814 2862 4880 τῇ
2889 4813 3128 4883 προτέρᾳ
3147 4829 3162 4844 ·
3191 4816 3283 4867 καὶ
3311 4817 3495 4886 ὥσπερ
3517 4804 3658 4872 ἐκεί-

2006 4905 2104 4957 νην
2141 4890 2276 4959 μετά
2305 4891 2486 4960 πάσης
2516 4891 2737 4944 ἀπαιτεῖ
2755 4892 2856 4961 τῆς
2887 4893 3210 4962 ὑπερϐολῆς,
3242 4895 3382 4948 οὕτω
3411 4901 3504 4950 καὶ
3531 4902 3660 4954 ταύ-

2004 4987 2124 5040 την.
2165 4972 2280 5024 Ἐπ’
2296 4973 2504 5025 ἐκείνου
2522 4974 2627 5043 μέρ
2657 4974 2762 5044 γάρ
2781 4991 2965 5043 φησιν,
3002 4977 3102 5039 Ἐξ
3123 4977 3272 5044 ὅλης
3291 4979 3399 5046 τῆς
3414 4983 3661 5051 καρδίας

2005 5057 2275 5140 (romam!
2311 5058 2380 5120 ἐξ
2431 5059 2578 5125 ὅλης
2609 5059 2721 5126 τῆς
2762 5059 2968 5127 ψυχῆς
3015 5078 3164 5115 σου·
3212 5064 3303 5116 ἐπὶ
3331 5065 3387 5117 δέ
3436 5069 3655 5140 ταύτης,

2018 5139 2114 5204 Ὧς
2134 5138 2370 5194 ἑαυτόν.
2405 5141 2515 5194 Καὶ
2549 5141 2810 5211 ἐτέρωθεν
2848 5144 2944 5211 μὲν
2971 5143 3292 5213 πολλαχόθεν
3323 5147 3418 5200 ἴδοι
3455 5167 3534 5213 τις
3569 5138 3656 5216 ἂν,

2005 5223 2135 5293 ὅσην
2177 5225 2461 5296 ἀκρίϐειαν
2501 5227 2644 5296 ὑπὲρ
2675 5226 2784 5279 τῶν
2812 5229 2947 5298 πρὸς
2976 5229 3232 5301 ἀλλήλους
3268 5234 3412 5303 ἡμᾶς
3441 5237 3660 5292 ἀπαιτεῖ

2004 5311 2224 5365 δικαίων
2261 5315 2290 5366 6
2332 5313 2483 5375 Θεός.
2507 5313 2648 5384 Ὅρα
2680 5315 2810 5382 γοῦν
2835 5316 2995 5367 αὑτὸν
3032 5317 3125 5369 καὶ
3154 5318 3383 5372 ἐνταῦθα
3418 5324 3658 5392 σφοδρῶς

2007 5398 2353 5469 ἐπικείμενον
2377 5400 2470 5452 καὶ
2490 5399 2717 5464 αὔξοντα
2743 5402 2840 5472 τήν
2864 5404 3192 5475 κατηγορίαν
3224 5405 3534 5476 βαρυτάτοις
3562 5411 3657 5480 ῥή-

2009 5502 2170 5554 μασιν
2192 5503 2206 5517 ·
2260 5486 2440 5556 Ὑμεῖς
2476 5487 2564 5556 δὲ,
2598 5489 2750 5560 φησὶ,
2786 5491 2844 5544 τί
2889 5490 3282 5560 ἐνεπυρίσατε
3326 5493 3433 5548 τὸν
3472 5496 3658 5563 ἀμπε-

2066 5789 2281 5862 θ’]’ἠνιδέ
2310 5787 2558 5862 Ἑλληνίδα
2579 5790 2752 5853 οὐκέτι,
2769 5792 2996 5862 genite»:
3021 5806 3130 5845 ιοενο
3148 5808 3298 5862 seem.
3326 5798 3365 5846 11
3373 5801 3413 5847 ic
3437 5814 3524 5862 por
3550 5795 3658 5862 Ἰἰξιτ

2003 5849 2168 5925 ληνίδα
2206 5849 2578 5925 ἱιιιοηἫίιρειιιι
2611 5849 3174 5918 ηιιωΊῖΙυιοιυιιιιιυῑιω
3215 5860 3376 5910 dedita
3417 5849 3569 5925 ἔδεαι,
3608 5857 3662 5912 Μ

2009 5912 2131 5967 quod
2157 5925 2212 5959 cx
2248 5912 2580 5976 scr-ic'litwcl.
2630 5912 2642 5918 ”
3417 5922 3421 5927 ’
