4044 6400
398 379 472 433 49
1203 366 1259 423 s.
1299 367 1584 425 JOANNIS
1624 364 2104 424 cmwsosmm
2145 366 2467 424 ARCHIEP.
2508 369 3042 428 consumma
3743 391 3820 448 5o

395 476 561 531 λῶνά
594 494 752 546 μου;
782 479 990 549 ’Ὥσπερ
1026 479 1092 532 ἀν
1121 481 1442 549 εἰργάσαντο
1470 480 1714 550 πολέμιοι
1736 480 1995 552 βάρϐαροί
2025 491 2051 519 ει

396 581 543 627 τινες
588 566 835 637 ἀπηνεῖς,
881 567 1053 620 ταῦτα
1084 568 1241 637 ὑμεῖς
1285 569 1410 630 τοὺς
1453 567 1686 630 οἰκείους
1739 567 2046 637 διεθήκατε.

408 652 726 722 Ἀμπελῶνα
741 653 797 706 δὲ
829 654 981 706 καλεῖ
1006 655 1095 706 τὸν
1115 653 1260 719 λαὸν,
1284 654 1371 707 διά
1392 654 1490 724 τὴν
1510 654 1708 724 πολλὴν
1740 655 1867 721 περὶ
1889 654 2049 707 αὑτὸν

2162 482 2267 546 νίφ
2299 481 2473 551 ζώσῃ,
2523 487 2619 539 καί
2651 488 2781 540 ἀντὶ
2833 489 2935 543 τοῦ
2979 491 3209 558 κόογιινυ
3245 491 3352 559 τῆς
3396 498 3666 567 κεφαλῆς
3699 520 3819 561 σου

2158 569 2520 640 φαλάκρωμα
2565 572 2722 640 ἕξεις
2755 575 2853 628 δια
2889 577 2960 630 τὰ
2992 578 3133 645 ἔργα
3179 593 3316 641 σου,
3367 584 3460 635 καί
3522 586 3654 642 ἀντὶ
3710 595 3818 648 τοῦ

2161 653 2402 722 χιτῶνος
2457 658 2562 711 τοῦ
2613 664 3079 731 μεσοπορφύρου
3131 676 3155 704 ο
3202 667 3491 738 περιζώσῃ
3559 674 3814 730 σάκκον.

396 741 635 810 σπουδὴν
684 741 778 793 καὶ
822 741 920 824 τήν
966 740 1170 796 ἀνωθεν
1222 741 1557 810 ἐπιμέλειαν.
1613 741 1722 794 Καὶ
1771 739 1948 806 αῦξων
1993 739 2055 792 τὸ
2161 743 2354 796 Ταῦτά
2375 760 2473 797 σοι
2498 747 2630 800 ἀντὶ
2651 751 3108 820 καλλωπισμοῦ.
3135 754 3295 809 Kald
3323 759 3453 824 υίός
3477 763 3655 814 σουό
3682 764 3821 817 καί·

393 826 665 898 ἔγκλημα,
701 828 802 880 οὐκ
829 823 970 890 εἶπε,
1003 828 1066 879 Τί
1097 829 1224 889 τοὺς
1263 827 1604 896 ὁμοδούλους,
1632 827 1760 890 τοὺς
1800 826 2048 896 πλησίον,

390 916 516 977 τοὺς
564 913 847 982 ἀδελφοὺς,
894 914 1048 976 ἀλλά,
1075 915 1156 966 Td
1198 914 1325 983 ἐμά,
1365 914 1564 984 φησὶν,
1599 913 1935 977 ἀπωλέσατε,
1983 912 2053 965 τὰ

393 1000 504 1071 ἐμά
546 1001 914 1071 διεφθείρατε;
945 996 1077 1054 Εἶτα
1125 999 1300 1070 δηλῶν
1343 1000 1437 1053 τοῦ
1484 999 1816 1070 ἐμπρησμοῦ
1863 999 1923 1052 τὸ
1972 995 2050 1052 εῖ-

389 1088 498 1152 δος,
539 1087 735 1158 φησίν·
788 1088 850 1141 Ἠ
892 1086 1126 1158 ἁρπαγὴ
1171 1087 1278 1141 τοῦ
1324 1087 1561 1156 πτωχοῦ
1590 1087 1660 1140 ἐν
1696 1085 1819 1152 τοῖς
1864 1086 2050 1151 οἴκοις

387 1174 575 1244 ὑμῶν.
621 1175 696 1229 Ού
729 1175 838 1246 γὰρ
873 1175 1015 1229 οὕτω
1065 1174 1417 1245 λυμαίνεσθαι
1447 1173 1547 1237 τὰς
1579 1174 1857 1244 ἀμπέλους
1891 1172 2048 1226 εῐωθε

387 1257 621 1330 χάλαζα,
667 1256 742 1320 ὡς
783 1259 816 1328 ή
850 1259 1032 1313 ἀδικία
1074 1257 1167 1311 τοῦ
1199 1256 1416 1327 πτωχοῦ
1459 1256 1552 1310 καὶ
1611 1256 1839 1326 πένητος
1885 1256 2050 1324 ἐμπι-

389 1341 535 1410 πρᾷν
600 1340 810 1409 πέφυκε
866 1340 964 1410 τὴν
1023 1339 1222 1409 ψυχὴν,
1275 1339 1504 1392 Θανάτου
1554 1338 1755 1401 παντὸς
1805 1338 2049 1408 χαλεπω-

388 1427 528 1496 τέρᾳ
580 1425 971 1479 κατατείνουσα
1011 1425 1179 1495 αὐτὴν
1225 1424 1451 1494 ἀθυμίᾳ.
1499 1423 1782 1493 Πανταχοῦ
1819 1423 1918 1493 μὲν
1958 1417 2047 1476 οὖν

385 1511 448 1566 τὸ
496 1512 764 1583 ἁρπάζειν
812 1511 1016 1565 κακόν·
1065 1510 1298 1581 μάλιστα
1341 1510 1397 1562 δέ
1429 1509 1556 1562 ὅταν
1606 1511 1636 1562 ὀ
1681 1509 2048 1579 ἐπηρεαζόμε-

386 1619 476 1665 νος
513 1603 571 1654 ἐν
610 1600 814 1672 ἐσχάτῃ
857 1600 1101 1670 πτωχείᾳ
1222 1599 1336 1652 Οὐκ
1364 1599 1589 1669 ἐπιτιμᾷ
1614 1597 1672 1651 δέ
1699 1595 1857 1650 τοῦτο
1891 1595 2046 1665 μόνον

385 1689 582 1758 λέγων,
610 1687 746 1743 ἀλλά
779 1687 871 1740 καὶ
912 1685 1236 1757 διορθοῦται,
1282 1686 1419 1757 πρὸς
1445 1686 1546 1756 τὴν
1576 1685 1808 1755 θεωρίαν
1852 1683 2047 1746 αὐτοὺς

387 1775 777 1846 παραπέμπων
813 1773 914 1843 τῆς
943 1774 1216 1844 ἁρπαγῆς.
1261 1772 1440 1842 ’Ῑκανὴ
1490 1772 1590 1841 μέν
1631 1771 1739 1841 γὰρ
1780 1769 1915 1840 μετά
1948 1769 2045 1840 τὴν

389 1864 547 1933 ῥῆσιν
581 1861 751 1931 αὐτὴν
781 1861 814 1930 ή
843 1860 962 1928 ὄψις
1003 1859 1108 1930 πρὸ
1139 1858 1246 1912 τῶν
1273 1857 1566 1927 ὀφθαλμῶν
1605 1857 1832 1926 κειμένη
1880 1873 2046 1909 κατα-

386 1950 540 2014 νύξαι
565 1948 657 2001 τὸν
689 1949 764 2018 μὴ
795 1947 997 2018 σφόδρα
1026 1944 1366 2016 ἀναισθήτως
1397 1943 1757 2014 διακείμενον.
1790 1943 1849 1996 Τί
1879 1942 2045 2011 ὑμεῖς

383 2035 641 2091 ἀδικεῖτε
658 2035 760 2087 τὸν
778 2034 931 2088 λαόν
948 2049 1089 2101 μου;
1109 2031 1199 2102 Τῷ
1215 2031 1361 2101 αὐτῷ
1381 2030 1540 2083 πάλιν
1565 2028 1817 2100 ἐπέμεινε
1838 2028 2043 2099 τρόπῳ,

384 2121 574 2189 ὥσπερ
607 2122 741 2182 ἐκεῖ,
779 2119 890 2173 Τὸν
927 2117 1251 2188 ἀμπελῶνά
1294 2135 1435 2187 μου,
1482 2117 1622 2170 οὕτω
1663 2117 1757 2169 καὶ
1793 2114 2042 2178 ἐνταῦθα,

391 2210 500 2262 Ἰὸν
519 2208 673 2262 λαόν
694 2224 833 2276 μου,
857 2206 1050 2273 λέγων.
1069 2205 1179 2259 Kal
1203 2206 1275 2258 td
1297 2206 1586 2273 πρόσωπα
1605 2204 1725 2257 τῶν
1752 2202 2045 2256 ταπεινῶν

384 2293 848 2360 καταισχύνετε;
878 2292 971 2353 οὓς
1017 2286 1210 2360 ὀρθοῦν
1238 2289 1364 2350 ἔδει,
1395 2286 1617 2348 τούτους
1643 2285 1927 2350 ὠθοῦντες,
1954 2283 2046 2347 οῦς

383 2379 625 2449 ἀνιστᾷν,
654 2377 873 2440 τούτους
901 2375 1394 2447 καταρῤηγνύντες.
1426 2373 1580 2426 Μετὰ
1614 2372 1722 2444 γὰρ
1747 2372 1846 2441 τῆς
1874 2373 2048 2441 ἁρπα-

383 2467 508 2536 γῆς,
541 2468 636 2520 καὶ
675 2466 923 2519 διέπτυον
954 2467 1078 2528 τοὺς
1112 2463 1539 2533 εὐτελεστέρους,
1580 2463 1674 2516 καὶ
1704 2461 2047 2530 ἀνδραπόδων

383 2553 763 2624 χαλεπώτερον
803 2552 985 2614 αὐτοῖς
1030 2551 1344 2621 ἐκέχρηντο,
1375 2549 1510 2619 πρὸς
1540 2551 1605 2620 τῇ
1643 2548 1924 2617 πλεονεξίᾳ
1953 2549 2046 2600 καὶ

380 2639 480 2711 τὴν
520 2638 837 2702 ἀλαζονείαν
876 2637 1255 2699 ἐπιτείνοντες,
1294 2635 1388 2689 καὶ
1428 2637 1536 2689 ἀπὸ
1565 2637 1662 2706 τῆς
1704 2635 1914 2698 ἀδικίας
1952 2635 2045 2688 τοῦ

382 2727 615 2780 πλούτου
638 2723 829 2777 τούτου
852 2724 1050 2793 πολλὴν
1077 2723 1176 2792 τὴν
1204 2723 1461 2775 ἀπόνοιαν
1487 2723 1772 2791 κτώμενοι.
1791 2721 2048 2784 Συνέζευο

382 2826 507 2862 κται
537 2807 645 2877 γὰρ
675 2809 741 2877 τῇ
776 2806 1055 2876 πλεονεξίᾳ
1076 2805 1137 2858 τὸ
1165 2806 1262 2874 τῆς
1286 2804 1662 2876 ὑπερηφανίας
1682 2806 1890 2874 νόσημα
1913 2821 1926 2833 ·
1957 2804 2048 2856 καὶ

380 2898 491 2965 ὅσῳ
518 2895 584 2948 ἀν
604 2912 686 2957 τις
715 2894 956 2964 ἐπιτείνῃ
985 2895 1072 2947 τὸν
1095 2893 1345 2958 πλοῦτον,
1369 2892 1619 2945 τοσοῦτον
1647 2892 1738 2944 καὶ
1755 2891 1815 2943 τὸ
1837 2892 2046 2961 νόσημα

378 2983 537 3036 τοῦτο
565 2982 853 3052 ἐπιτρίϐει.
900 2981 1078 3034 Τοῦτό
1103 2995 1254 3048 φησι
1285 2981 1522 3048 Κύριος,
1561 2980 1796 3046 Κύριος,
1834 2978 2046 3045 Κύριος

379 3068 692 3139 στρατιῶν.
733 3068 798 3120 Τί
827 3068 884 3120 δέ
913 3068 1048 3134 ἐστι,
1090 3066 1421 3135 Στρατιῶν;
1454 3066 1574 3120 Τῶν
1602 3066 1844 3133 ἀγγέλων
1876 3065 2042 3133 λέγει,

378 3160 488 3212 τῶν
516 3157 894 3229 ἀρχαγγέλων,
931 3155 1037 3209 τῶν
1078 3156 1190 3210 ἄνω
1219 3155 1524 3225 δυνάμεων,
1560 3153 1667 3207 ἀπὸ
1696 3155 1794 3223 τῆς
1827 3153 1928 3222 γῆς
1957 3154 2046 3204 ἐπὶ

379 3246 468 3298 τὸν
501 3244 724 3314 οὐρανὸν
751 3243 841 3296 τὸν
868 3243 1140 3314 ἀκροατήν
1160 3242 1397 3309 ἀνάγων,
1421 3243 1499 3305 είς
1515 3240 1721 3294 έννοιαν
1741 3241 1839 3309 τῆς
1873 3240 2042 3309 μεγά-

380 3333 479 3402 λης
513 3331 678 3385 αὑτοῦ
725 3329 999 3400 βασιλείας
1035 3330 1194 3382 αὑτὸν
1237 3329 1541 3399 ἐμϐάλλων,
1588 3328 1676 3380 ἵνα
1715 3327 1887 3396 τούτῳ
1916 3327 2044 3394 γοῦν

381 3416 756 3488 καταπλήξας.
791 3417 1226 3485 σωφρονέστερον
1267 3415 1584 3484 ἐργάσηται,
1621 3415 1713 3466 καὶ
1745 3412 1856 3483 [451
1899 3413 2046 3484 δείξῃ

380 3507 480 3576 τὴν
508 3505 776 3573 τοσαύτην
815 3503 1009 3573 ἀνοχὴν
1037 3503 1135 3554 ούκ
1165 3501 1468 3564 ἀσθενείας,
1501 3501 1634 3554 ἀλλὰ
1667 3500 2046 3570 μακροθυμίας

380 3590 567 3646 οὖσαν.
614 3591 759 3646 Τάδε
796 3590 955 3660 λέγει
1010 3592 1242 3656 Κύριος⁶
1297 3589 1440 3643 Ἆνθ⁹
1471 3583 1559 3641 ὧν
1603 3587 1932 3657 ὑψώθησαν
1989 3590 2046 3639 al

381 3679 700 3748 θυγατέρες
715 3679 887 3744 Σιὼν,
901 3678 995 3730 καὶ
1015 3678 1081 3740 ἐξ
1086 3676 1500 3743 επορεύθησαν
1511 3674 1730 3743 ὑψηλῷ
1748 3673 2042 3742 τραχήλῳ,

382 3765 481 3819 καί
505 3763 798 3831 νεύμασιν
823 3761 851 3800 ὶ)
884 3761 1224 3829 ὀφθαλμῶν,
1256 3759 1352 3812 καί
1379 3758 1450 3826 τῇ
1475 3761 1680 3826 πορείᾳ
1702 3761 1819 3812 τῶν
1847 3758 2046 3810 ποδῶν

376 3845 682 3918 ὶτὺρουσαι
716 3848 835 3916 ἅμα
885 3848 1026 3911 τοὺς
1063 3846 1331 3914 χιτῶνας,
1377 3845 1475 3898 καί
1526 3845 1649 3909 τοῖς
1700 3845 1883 3897 ποσίν
1930 3845 2047 3912 ἅμα

383 3936 727 3996 παίζουσαι.
778 3934 887 3987 Kal
923 3933 1273 3986 ταπεινώσει
1307 3934 1338 3984 o'
1375 3931 1518 3996 Θεὸς
1545 3932 1851 3999 ἀρχούσας
1874 3934 2047 3998 θυγα-

383 4019 557 4086 τέρας
578 4019 751 4081 Σιὼν,
780 4015 878 4069 καὶ
908 4017 1119 4082 Κύριος
1140 4013 1517 4080 ἀνακαλύψει
1542 4015 1605 4066 τὸ
1627 4012 1833 4081 σχῆμα
1853 4012 2047 4065 αὐτῶν

381 4109 451 4160 ἐν
499 4105 569 4173 τῇ
610 4105 799 4172 ἡμέρᾳ
830 4103 1048 4168 ἐκείνη.
1087 4100 1194 4154 Kal
1229 4099 1443 4168 ἀφελεῖ
1473 4100 1683 4166 Κύριος
1713 4097 1825 4164 τὴν
1861 4097 2048 4163 δόξαν

383 4194 493 4246 τοῦ
523 4189 839 4261 ἱματισμοῦ
872 4187 1088 4246 αὑτῶν,
1121 4187 1217 4239 καί
1257 4187 1362 4238 τὸν
1389 4187 1618 4254 κόσμυν
1642 4185 1836 4238 αὐτῶν
1873 4202 1919 4251 ο,
1950 4187 2044 4238 καὶ

383 4281 456 4332 τὰ
503 4277 814 4345 ἐμπλόκια,
862 4275 960 4326 καὶ
1012 4273 1155 4336 τοὺς
1188 4273 1537 4340 κορύμϐους,
1573 4272 1666 4324 καί
1709 4271 1848 4337 τοὺς
1874 4275 2047 4340 μηνί-

383 4381 595 4430 σκους,
617 4362 799 4416 καὶτὸ
824 4360 1066 4428 κάθεμα,
1089 4358 1184 4410 καί
1207 4357 1313 4410 τὸν
1339 4358 1568 4420 κόσμον
1592 4357 1696 4410 τοῦ
1728 4357 2047 4422 προσώπου

385 4450 604 4514 αὐτῶν,
649 4451 745 4502 καί
780 4447 894 4514 τὴν
938 4446 1230 4499 σύνθεσιν
1261 4442 1366 4495 τοῦ
1421 4443 1651 4509 κόσμου
1698 4440 1802 4506 τῆς
1838 4442 2045 4510 δόξης,

391 4539 487 4592 καί
519 4536 659 4602 τοὺς
682 4534 998 4604 χλιδῶνας,
1026 4530 1208 4584 καὶτὰ
1229 4529 1474 4598 ψέλλια,
1495 4529 1588 4581 καί
1611 4528 1676 4580 τὸ
1696 4529 2047 4596 ἐμπλόκιον,

388 4627 486 4679 καὶ
531 4624 671 4688 τοὺς
699 4622 1077 4685 δακτυλίους,
1104 4617 1203 4672 καί
1234 4619 1302 4670 τὰ
1341 4616 1634 4684 περιδέρια
1657 4616 1712 4679 d,
1733 4616 1829 4669 καί
1862 4617 1932 4670 τὰ
1953 4617 2046 4668 ἑν-

387 4715 547 4776 ώτια,
571 4710 756 4764 καὶτὰ
778 4709 1204 4776 περιπόρφυρα,
1231 4705 1326 4758 καί
1343 4705 1414 4756 τὰ
1432 4703 1799 4772 ἐπιϐλιὶματα
1816 4704 1886 4756 τὰ
1901 4705 2049 4758 κατὰ

388 4802 502 4869 τὴν
539 4801 752 4862 οὶκίαν,
779 4798 874 4851 καὶ
915 4797 984 4848 τὰ
1017 4793 1276 4862 διαφανῆ
1315 4794 1640 4856 Λακωνικὰ,
1674 4792 1769 4845 καί
1802 4793 1871 4845 τὰ
1892 4794 2047 4856 ,βυσ-

389 4902 551 4950 σινα,
599 4884 698 4938 καί
746 4883 818 4938 τὰ
861 4883 1195 4941 ὑακίνθινα,
1236 4877 1334 4929 καὶ
1368 4875 1440 4928 τὰ
1481 4880 1748 4941 κόκκινα,
1789 4879 1886 4930 καί
1939 4879 2050 4946 τὴν

383 4974 633 5038 ,βύσσον
652 4970 772 5023 σὺν
800 4966 1004 5037 χρυσῷ
1022 4966 1117 5018 καὶ
1145 4965 1406 5026 ὑακίνθῳ
1434 4966 2047 5032 συγκαθυφασμένην,

390 5060 488 5112 καί
533 5057 809 5124 θέριστρα
856 5052 1203 5119 κατάληπτα
1261 5049 1366 5103 τοῦ
1399 5049 1678 5118 χρυσίου.
1730 5051 1836 5104 Kal
1880 5051 2051 5104 ἕσται

388 5145 523 5202 ἀντὶ
552 5142 748 5212 ὀσμῆς
773 5139 975 5207 ’ἡδείας
1003 5137 1326 5207 κονιορτὸς,
1368 5136 1464 5189 καί
1499 5136 1633 5190 ἀντὶ
1663 5134 1846 5203 ζώνης
1879 5155 2045 5206 σχοι-

450 5302 476 5330 α
501 5292 625 5352 Reg.
648 5295 699 5339 et
732 5287 880 5352 δεινῇ.
914 5286 1129 5352 πολέμιοι
1162 5287 1244 5352 καί
1284 5284 1522 5352 βάρϐαροι.
1554 5282 1683 5352 _|l_)id.
1732 5281 1881 5352 ταῦτα
1923 5287 2051 5352 ὑμεῖς

388 5354 498 5408 τοὺς
516 5343 718 5405 οίῖείους
741 5349 980 5405 διεθήκατε
1006 5343 1042 5396 τ’
1063 5345 1142 5395 hic
1165 5343 1331 5408 νὶίὶιιζῐι
1351 5343 1568 5408 )H’quod
1592 5345 1642 5392 in
1683 5343 2049 5394 conslructibne

388 5404 758 5483 ειιξρίεοξεμρχ
770 5409 900 5483 ‘Beg.
928 5416 980 5483 ει
998 5409 1110 5483 δεῖ.
1129 5406 1234 5483 περὶ
1252 5404 1424 5452 αὐτῶν.

450 5469 552 5523 δ’ίη
578 5469 752 5522 Biblils
770 5469 951 5530 legitur
972 5469 1051 5515 καί
1075 5470 1121 5530 ἐν
1139 5469 1376 5530 νεύμασιν.

455 5539 477 5566 ⁸
503 5535 634 5592 Haec,
653 5533 733 5580 καὶ
751 5524 1032 5590 τὸννκοσμον
1271 5528 1450 5592 desunt
1473 5526 1529 5592 i_n_
1554 5525 1742 5592 Βὶὶζὶίὶεἶ
1755 5524 1873 5592 Mox
1897 5525 2048 5592 Iliblla

388 5586 673 5656 κοσύμϐούς.
699 5586 961 5656 Reg;
989 5597 1041 5637 cl.
1060 5589 1207 5637 Savil.
1230 5589 1460 5648 κάθεσμα,
1487 5586 1656 5634 Morel.
1686 5587 1882 5646 κάθεμα,
1909 5592 1960 5635 et
1980 5590 2050 5635 sic

391 5652 573 5756 legiun-
605 5657 653 5702 in
687 5652 871 5703 Bibli'm.
1002 5709 1012 5718 ,
1305 5707 1316 5720 ο

505 5716 653 5756 Ihhlin
676 5713 919 5756 πεοιδέεια.
943 5710 1063 5756 Ibid.
1077 5709 1134 5756 τά
1155 5725 1316 5756 πεοιπο

501 5716 655 5764 Bnblia
676 5713 919 5775 περιδέξια.
943 5709 1066 5775 ῐὺίιιἶ
1077 5709 1134 5756 τὰ
1155 5709 1604 5775 περιπὸῇρςιυρα-ςεεο
1626 5714 1812 5775 [ρει-ειη
1837 5721 2048 5775 purpura

392 5785 678 5836 prwtcxlam
721 5769 1021 5822 ostendimus
1051 5770 1102 5836 Δῖιι
1134 5769 1449 5836 Λιιιίὶᾳιιιιιιιβ,
1479 5769 1615 5836 Τομι.
1643 5770 1687 5823 5,
1730 5769 1812 5836 I_ih.
1849 5771 1887 5826 l,
1910 5769 1952 5818 ε.
1998 5773 2026 5817 8

393 5828 515 5886 lzll'ra
562 5850 648 5896 pro
689 5838 900 5898 θέςιιίῖτρα
946 5828 1435 5892 κατά).·ιιπτα,’1ίίὺξὶ;ι
1488 5829 1668 5880 habent
1707 5833 1916 5892 θίξιλῖτίςλ
1962 5851 2019 5880 κέ

389 5901 600 5946 τοχλιτα.

2152 830 2382 893 λιστος,
2407 830 2480 882 ὃν
2492 833 2746 900 ἀγαπᾷς,
2760 836 3025 905 μαχαίρᾳ
3047 841 3314 896 πεσεῖται
3338 859 3352 874 ·
3373 845 3469 897 καί
3492 850 3546 901 οἱ
3579 849 3821 916 ἰσχύονο

2151 931 2248 980 τες
2279 916 2444 985 ὑμῶν
2457 933 2541 986 μα
2546 920 2720 987 χαίρῃ
2747 922 3091 987 πεσοῦνται,
3122 927 3220 979 καί
3247 931 3815 998 ταπεινωθήσοντα.·.

2151 1003 2261 1056 Kal
2301 1005 2718 1072 πενθήσουσιν
2757 1011 2815 1061 al
2847 1008 3026 1077 θῆκαι
3065 1012 3172 1066 τοῦ
3218 1017 3447 1084 κόσμου
3479 1017 3664 1087 ὑμῶν,
3711 1025 3816 1078 καὶ

2150 1090 2599 1178 καταλειφθήσῃ
2625 1096 2818 1160 μόνη,
2862 1095 2958 1148 καὶ
2991 1099 3079 1164 είς
3115 1100 3229 1166 τὴν
3254 1101 3371 1170 γῆν
3409 1103 3814 1178 ἐδαφισθὰσῃ.

2149 1174 2310 1267 Ξένον
2345 1176 2502 1230 τοῦτο
2530 1181 2558 1232 ὀ
2597 1183 2881 1251 προφήτης
2906 1183 3068 1248 αὐτὸς
3098 1188 3384 1259 πεποίηκε,
3423 1192 3634 1263 μακρὸν
3674 1174 3815 1267 πρδς

2148 1261 2246 1354 td;
2284 1267 2546 1354 γυναῖκας
2586 1267 2878 1332 ἀποτείνας
2905 1270 3081 1340 λόγον,
3110 1273 3245 1348 ὅπερ
3267 1277 3500 1349 οὐδαμοῦ
3533 1261 3643 1334 τῶν
3672 1261 3814 1354 Γρα-

2149 1348 2522 1496 ἒρέῦνχυόρῶμεν
2563 1355 2928 1424 γεγενημένον
2973 1357 3135 1413 οῦτω.
3183 1362 3248 1414 Τί
3276 1359 3368 1417 οῦν
3407 1348 3475 1419 τὸ
3511 1348 3810 1423 αἴτιοντοῦ

2181 1451 2300 1487 ενου
2320 1451 2335 1500 ;

2217 1526 2290 1590 η’.
2345 1523 2498 1593 Ἐμοὶ
2525 1525 2676 1580 δοκεῖ
2701 1527 2902 1599 πολλὴν
2922 1530 3043 1584 τότε
3075 1532 3173 1604 τήν
3204 1534 3456 1604 βλακείαν
3478 1540 3586 1593 τῶν
3617 1558 3810 1610 γυναι-

2147 1608 2259 1661 κῶν
2295 1612 2640 1682 γεγενῆσθαι,
2672 1615 2854 1669 καὶτὸ
2891 1616 3053 1672 πλέον
3097 1621 3178 1684 είς
3201 1621 3300 1693 τὴν
3336 1624 3445 1678 τῶν
3471 1608 3680 1698 ἀνδρῶν
3704 1648 3811 1684 κα-

2147 1698 2273 1790 κίαν
2303 1701 2573 1790 είσφέρειν
2605 1705 2769 1775 μέρος
2792 1705 2984 1768 αὑτάς.
3013 1707 3104 1761 Διὸ
3131 1708 3195 1780 δή
3226 1712 3321 1765 καὶ
3344 1713 3647 1780 ίδιαζόντως
3670 1719 3812 1790 πρὸς

2147 1784 2316 1872 αύτάς
2368 1787 2741 1855 ἀποτείνεται,
2789 1792 2860 1845 τά
2907 1793 3261 1867 χαλεπώτερα
3318 1799 3509 1864 αὑταῖς
3557 1784 3812 1872 ἐγκαλῶν

2147 1871 2488 1958 ἐγκλήματα,
2509 1877 2602 1928 καὶ
2619 1877 2698 1938 είς
2719 1878 2893 1949 ἀρχὴν
2908 1879 3100 1946 ἀνάγει
3126 1882 3216 1934 τὸν
3236 1883 3411 1951 λόγον,
3428 1887 3492 1939 ἐκ
3512 1871 3810 1958 προσώπου

2146 1956 2238 2041 τοῦ
2255 1958 2390 2011 Θεοῦ
2421 1961 2582 2014 πάλιν
2599 1961 2990 2034 φθεγγόμενος.
3021 1966 3163 2020 Ἦλδε
3182 1969 3342 2040 λέγει
3369 1956 3615 2041 Κύριος·
3651 1977 3811 2032 Ἀνθ“

2145 2037 2233 2097 ὧν
2259 2047 2592 2115 ὑψώθησαν
2621 2053 2680 2104 al
2713 2052 3030 2121 θυγατέρες
3068 2056 3240 2120 Σιὼν,
3263 2037 3367 2111 καί
3393 2037 3811 2130 ἐπορεύθησαν

2145 2131 2363 2200 ὑψηλῷ
2413 2135 2710 2203 τραχήλῳ.
2757 2139 2829 2190 Τὸ
2873 2140 3164 2208 κεφάλαιον
3205 2144 3314 2197 τῶν
3365 2147 3548 2200 κακῶν
3615 2150 3808 2214 αὑταῖς

2145 2220 2383 2286 ἐγκαλεῖ,
2417 2222 2674 2276 ἀπόνοιαν
2708 2227 2804 2278 καὶ
2837 2225 3172 2290 ἀλαζονείαν.
3206 2231 3375 2285 Τοῦτο
3396 2231 3504 2303 γὰρ
3527 2236 3807 2306 πανταχοῦ

2149 2308 2247 2395 μέν
2273 2310 2526 2379 χαλεπὸν,
2555 2313 2790 2381 μάλιστα
2819 2315 2876 2367 δὲ
2909 2317 3003 2369 ἐπὶ
3029 2318 3130 2386 τῆς
3158 2323 3469 2387 γυναικείας
3490 2325 3810 2395 τικτόμενον

2147 2394 2378 2460 φύσεως.
2409 2398 2580 2466 Φρονή
2592 2417 2759 2467 ματος
2787 2401 2896 2472 γὰρ
2925 2403 3302 2475 ἐμπλησθεῖσα
3329 2409 3487 2480 γυνὴ,
3538 2394 3658 2464 ἀτεί
3679 2428 3811 2465 κου-

2145 2482 2345 2551 φοτέρα
2371 2484 2465 2536 καὶ
2495 2484 2806 2557 ἀλογωτέρα
2827 2485 2980 2553 οὖσα,
3016 2491 3253 2556 εὐκόλως
3276 2496 3682 2566 περιτρέπεται,
3712 2499 3808 2553 καὶ

2146 2566 2483 2635 βαπτίζεται,
2505 2574 2597 2624 καὶ
2616 2574 2869 2641 ναυάγιον
2895 2576 3155 2646 ὑπομένει
3172 2580 3365 2644 παντὸς
3377 2583 3613 2653 πονηροῦ
3635 2583 3812 2637 πνεύ-

2148 2671 2333 2723 ματος,
2367 2658 2459 2711 τοῦ
2487 2659 2654 2729 τύφου
2688 2659 2710 2698 ί
2738 2663 2830 2714 καὶ
2854 2665 2953 2731 τῆς
2979 2666 3294 2730 ἀλαζονείας
3318 2669 3484 2738 αὐτὴν
3515 2670 3812 2741 βαπτιζού-

2147 2760 2263 2810 σης.
2297 2747 2534 2800 Δοκεῖδέ
2577 2749 2711 2818 πρὸς
2746 2751 2843 2813 τὰς
2875 2754 2932 2803 ἐν
2970 2752 3360 2824 Ἱεροσολύμοις
3391 2757 3767 2813 ἀποτείνεσθαι
3790 2776 3807 2792 ⁸

2143 2828 2224 2880 διὸ
2265 2831 2356 2882 καὶ
2404 2831 2708 2903 θυγατέρας
2756 2835 2892 2888 Σιὼν
2949 2837 3196 2892 ἐκάλεσε.
3239 2842 3347 2894 Kal
3392 2844 3810 2913 ἐπορεύθησαν

2144 2918 2362 2984 ὑψηλῷ
2394 2921 2693 2988 τραχήλῳ.
2730 2923 2991 2977 Ἐνταῦθα
3021 2927 3189 2989 αύτάς
3217 2928 3308 2980 καὶ
3328 2931 3595 3000 κωμῳδεῖ,
3627 2935 3720 2986 καὶ
3745 2935 3810 2987 τὸ

2143 3008 2452 3070 γυναικεῖον
2503 3007 2739 3062 δείκνυσι
2783 3011 3059 3081 φρόνημα,
3092 3014 3212 3066 οὐδὲ
3251 3017 3310 3068 ἐν
3338 3016 3594 3082 διανοίαις
3619 3037 3678 3073 τε
3717 3038 3809 3088 γε-

2145 3090 2326 3143 νέσθαι
2361 3095 2385 3132 Β
2414 3093 2730 3164 δυνάμενον,
2754 3097 2870 3150 ἀλλ’
2899 3099 3325 3171 ἐκρηγνύμενον,
3350 3105 3441 3157 καὶ
3465 3105 3550 3159 διά
3575 3107 3684 3160 τῶν
3710 3109 3808 3161 τοῦ

2147 3175 2401 3245 σώματος
2432 3180 2871 3252 ἐπιδεικνύμενον
2895 3186 3184 3255 κινήσεων.
3215 3188 3327 3242 Ούκ
3356 3191 3433 3252 είς
3472 3191 3729 3245 ἀπόνοιαν
3749 3195 3808 3247 δὲ

2147 3263 2327 3332 μόνον,
2368 3265 2504 3319 ἀλλά
2542 3269 2635 3319 καὶ
2675 3270 2754 3332 είς
2791 3270 3078 3338 ἀσέλγειαν
3111 3275 3278 3338 αὐτὰς
3309 3276 3601 3341 διαῦἀλλει,
3652 3281 3811 3334 τοῦτο

2143 3350 2316 3416 λέγων
2341 3352 2436 3405 καὶ
2463 3353 2636 3422 δηλῶν
2659 3357 2721 3408 ἐκ
2751 3357 2858 3409 τῶν
2879 3359 3026 3427 ἐξῆς.
3062 3361 3366 3431 Ἐπήγαγεν
3394 3359 3486 3418 οῦν
3507 3380 3521 3393 ⁸
3547 3368 3657 3420 Kal
3681 3370 3812 3423 νεύ-

2139 3454 2330 3506 μασιν
2351 3440 2690 3509 ὀερθαλμῶνο
2729 3443 2755 3495 ὂ
2781 3446 2888 3496 τῶν
2919 3447 3341 3518 ἐταιριζομένων
3367 3453 3483 3504 ἐστὶ
3509 3456 3808 3521 γυναικῶν,

2143 3524 2488 3594 διαστρέφειν
2517 3527 2614 3590 τὰς
2648 3530 2832 3599 κόρας,
2861 3533 2954 3584 καὶ
2979 3535 3076 3604 τὴν
3103 3536 3300 3607 πολλὴν
3319 3538 3568 3607 βλακείαν
3602 3541 3697 3594 καὶ
3720 3543 3812 3595 τὸν

2148 3611 2492 3681 μαλακισμόν
2525 3612 2639 3685 [44]
2662 3616 2910 3670 ἐντεῦθεν
2932 3621 3218 3688 ἐμφαίνειν
3240 3637 3254 3652 ο
3285 3623 3377 3675 τοῦ
3399 3624 3453 3676 δὲ
3476 3625 3812 3696 θρύπτεσθαι

2146 3699 2240 3751 καὶ
2275 3700 2672 3767 μαλακίζεσθαι
2716 3703 2864 3756 οὐδὲν
2892 3705 3033 3759 οῦτω
3074 3709 3297 3776 σημεῖόν
3329 3712 3494 3777 ἐστιν,
3525 3711 3601 3775 ὡς
3626 3714 3808 3769 τοῦτο.

2143 3782 2250 3838 Kal
2283 3784 2356 3853 τῇ
2380 3787 2590 3853 πορεία
2613 3786 2731 3839 τῶν
2769 3789 2968 3842 ποδῶν
2997 3794 3296 3859 σύρουσαι
3329 3796 3446 3864 ἅμα
3471 3798 3612 3864 τοὺς
3635 3799 3810 3868 χιτῶ-

2143 3890 2273 3937 νας,
2311 3874 2386 3925 Οὐ
2415 3875 2608 3945 μικρὸν
2632 3875 2786 3930 τοῦτο
2816 3877 3086 3950 ἔγκλημα,
3115 3883 3218 3936 κᾶν
3253 3885 3445 3954 μικρὸν
3482 3880 3620 3941 εἶναι
3653 3890 3807 3960 δοκῇ,

2144 3959 2259 4012 ἀλλ’
2273 3961 2527 4025 ἐξωλείας
2543 3963 2642 4031 τῆς
2656 3963 2888 4033 ἐσχάτης
2912 3966 3148 4036 ἐλεγχος,
3174 3971 3266 4022 καὶ
3286 3971 3379 4023 τοῦ
3394 3959 3807 4042 μαλακίζεσθαι,

2147 4049 2240 4100 καὶ
2266 4050 2664 4115 κατακλᾶσθαι,
2705 4052 2798 4104 καὶ
2839 4053 3173 4119 διαλύεσθαι,
3213 4057 3274 4110 τὸ
3308 4060 3430 4122 τοὺς
3459 4060 3689 4131 χιτῶνας
3716 4065 3809 4118 σύ-

2147 4153 2284 4205 ρειν.
2319 4137 2490 4189 Τοῦτο
2518 4137 2644 4205 γοῦν
2670 4157 2752 4200 τις
2779 4141 2872 4193 καὶ
2892 4141 3000 4193 τῶν
3025 4141 3224 4208 ἔξωθεν
3252 4147 3523 4216 κωμῳδῶν
3541 4149 3631 4202 τὸν
3659 4151 3810 4204 ἀντί-

2145 4225 2289 4276 δικον
2309 4224 2398 4276 τὸν
2424 4225 2585 4277 αὑτοῦ
2606 4225 2816 4279 τέθεικε
2838 4226 3011 4296 λέγων
3029 4245 3042 4257 ·
3065 4231 3376 4298 Θοίμιίτιον
3397 4234 3425 4273 ιι
3451 4235 3651 4301 καθείς
3672 4236 3810 4305 ἄχρι

2145 4309 2264 4362 τῶν
2283 4311 2550 4378 σφυρῶν.
2568 4313 2678 4364 Kal
2704 4312 2825 4377 τοῖς
2842 4316 3028 4368 ποσίν
3043 4316 3162 4385 ἅμα
3174 4317 3504 4378 παίζουσαι.
3526 4322 3635 4375 Καὶ
3651 4324 3810 4376 τοῦτο

2147 4399 2244 4465 τῆς
2275 4397 2443 4465 αὐτῆς
2476 4399 2636 4451 πάλιν
2663 4401 3048 4472 ἀσχημοσύνης
3085 4405 3374 4469 ἀπόδειξις.
3403 4407 3500 4459 Διά
3531 4407 3639 4477 γάρ
3675 4407 3812 4462 πὰν-

2147 4501 2290 4548 των,
2335 4484 2401 4536 δι’
2426 4484 2737 4554 ὀφθαλμῶν,
2784 4487 2852 4538 δι’
2895 4489 3149 4556 ἱματίων,
3181 4491 3268 4543 διὰ
3302 4492 3495 4555 ποδῶν,
3532 4491 3619 4546 διὰ
3662 4492 3811 4563 βαδί-

2151 4586 2311 4632 σεως,
2340 4570 2372 4639 ἦ
2404 4587 2462 4621 τε
2488 4572 2806 4641 σωφροσύνη
2834 4574 2974 4642 καὶὴ
2996 4575 3250 4643 ἀσέλγεια
3279 4578 3542 4644 φαίνεται.
3569 4579 3679 4649 Τῆς
3700 4580 3809 4652 γὰρ

2147 4653 2292 4707 ἔνδον
2333 4655 2645 4726 καθημένης
2688 4658 2864 4728 ψυχῆς
2896 4658 3084 4730 ὥσπερ
3121 4662 3356 4732 κήρυκές
3387 4665 3526 4728 τινές
3558 4667 3664 4719 εισι
3697 4667 3808 4721 τῶν

2149 4743 2516 4814 αἰσθητηρίων
2541 4744 2597 4798 αἱ
2631 4748 2892 4816 κινήσεις.
2923 4749 3033 4800 Καὶ
3068 4749 3318 4820 καθάπερ
3346 4753 3396 4803 οἱ
3428 4751 3706 4822 ζωγράφοι
3740 4757 3809 4809 τὰ

2149 4832 2412 4902 χρώματα
2436 4850 2495 4885 κε
2507 4833 2812 4903 ραννύντες,
2829 4834 2928 4893 τὰς
2940 4836 3154 4899 είκόνας
3170 4836 3235 4899 ἂς
3253 4835 3526 4906 βούλονται
3539 4858 3811 4910 χαρακτη-

2151 4921 2390 4989 ρίζουσιν
2410 4933 2422 4947 '
2460 4919 2602 4972 οὕτω
2630 4921 2693 4989 δὴ
2724 4921 2817 4972 καλ⁸
2851 4921 2917 4972 τὰ
2941 4924 3216 4989 κινήματα
3243 4924 3352 4976 τῶν
3381 4925 3554 4995 μελῶν
3579 4928 3671 4980 τοῦ
3699 4929 3806 4979 σώ-

2153 5024 2317 5076 ματος
2348 5008 2472 5068 τοὺς
2511 5009 2868 5076 χαρακτῆρας
2906 5007 3010 5072 ἔξω
3039 5011 3137 5078 τῆς
3174 5011 3351 5082 ψυχῆς
3380 5015 3520 5081 ἄγει,
3561 5017 3654 5067 καὶ
3703 5017 3812 5085 πρὸ

2147 5095 2254 5146 τῶν
2284 5094 2578 5163 ὀφθαλμῶν
2607 5094 2788 5165 τίθησι
2819 5095 2923 5148 τῶν
2947 5099 3247 5168 ἡμετέρων.
3279 5100 3369 5152 Διὸ
3403 5103 3494 5154 καὶ
3521 5103 3704 5171 ἕτερός
3727 5121 3808 5167 τις

2149 5182 2312 5251 σοφὸς
2347 5182 2498 5248 έλεγε
2521 5198 2532 5210 ·
2566 5183 2900 5250 Στολισμὸς
2932 5184 3174 5252 ἀνδρὸς,
3196 5189 3294 5239 καὶ
3318 5188 3502 5256 γέλως
3525 5189 3809 5254 ὀδόντων,

2209 5405 2406 5466 ’Χιτὼν
2441 5404 2812 5466 μεσοπόρφυρος,
2851 5407 2928 5451 est
2966 5403 3126 5466 amica
3146 5408 3349 5464 clavam,
3391 5404 3454 5452 de
3477 5417 3570 5465 qua
3607 5407 3717 5455 vide
3759 5409 3808 5457 in

2147 5465 2441 5527 An‘liqnitale
2475 5465 2659 5527 nostra,
2696 5466 2832 5527 'l'om.
2861 5466 2907 5522 5,
2933 5466 2965 5512 l.
2994 5465 3038 5524 1,
3057 5478 3103 5527 γε.
3132 5467 3178 5512 8.

2212 5525 2229 5562 ῐ
2258 5525 2437 5581 Παντὸς
2459 5526 2665 5588 πονηροῦ
2692 5526 2967 5587 πνεύματος,
2996 5526 3081 5573 τοῦ
3115 5527 3274 5588 τύφου.
3311 5526 3398 5574 Hic
3433 5527 3568 5574 locus
3614 5540 3812 5576 mancus

2147 5597 2258 5634 esse
2283 5589 2488 5648 videtur.
2527 5587 2718 5636 BOisius
2749 5590 2872 5648 apud
2916 5588 3151 5648 Sgavilium
3185 5587 3451 5647 legendum
3484 5595 3620 5647 pum
3642 5589 3812 5644 παντὸς

2144 5647 2350 5710 πονηροῦ
2374 5648 2635 5708 πνεύματος
2661 5647 2853 5710 μᾶλλον,
2887 5647 2973 5695 τοῦ
2997 5648 3158 5709 τύφου.

2209 5711 2232 5769 β
2261 5712 2405 5767 δςιγῑι.
2439 5712 2484 5756 in
2508 5724 2656 5769 marg.
2694 5712 2761 5756 ἷσ.
2799 5710 3058 5768 στέγεσθαι.

2207 5768 2232 5806 ιι
2270 5770 2524 5829 Θοίμά-ιιον
2567 5768 2719 5824 καθεὶς
2769 5771 2875 5832 ἄχρι
2916 5773 3009 5817 τῶν
3044 5773 3232 5830 σφυρῶν
3271 5771 3404 5836 locus
3431 5773 3502 5816 cst
3551 5770 3676 5836 him}!
3722 5771 3784 5818 du

2145 5833 2224 5878 Μαι
2263 5833 2507 5890 vujusdum
2546 5834 2750 5880 Ul'JlUll'J
2789 5836 2935 5880 ,ὶιῑίιι
3005 5835 3258 5889 υιςῖευλιιυπ
3295 5832 3452 5881 ,ιιιιιυ
3481 5845 3564 5882 ιδεμ
3610 5832 3659 5877 τὲι
3704 5835 3799 5889 '11.;-

2153 5910 2256 5940 ιιυν.
