4044 6414
235 359 311 413 49
1443 352 1509 409 ΙΝ
1546 352 1774 411 ιεΑιΑιι

1889 357 1986 413 AP.
2025 358 2116 414 ιιι.
3428 376 3504 435 50

221 460 438 530 (Matth.
459 462 553 517 22.
585 465 672 520 57.
702 465 814 532 '59).
849 467 914 522 Et
932 467 1277 536 alibiquoque
1302 481 1442 534 saepe
1469 465 1647 521 videre
1668 466 1805 536 quis-

221 566 328 621 que
367 554 538 622 possit
573 565 828 625 quantam
873 557 1015 613 Deus
1040 573 1070 611 a
1099 558 1252 613 nobis
1280 557 1455 627 exigat
1480 556 1803 626 diligentiam

220 642 366 698 circa
389 657 452 698 ea
479 659 602 714 qua:
641 648 793 702 nobis
823 657 1007 703 mutuo
1038 648 1293 704 debemus
1331 647 1525 703 oflicia.
1570 647 1805 703 Observa

220 731 383 803 igitur
402 734 490 790 hic
507 737 704 793 acriter
722 739 1028 802 instantem,
1051 748 1107 796 et
1124 742 1512 795 accusationem
1531 739 1806 795 acerrimis

221 824 404 880 verbis
435 835 880 897 augentem,cum
899 828 1060 885 dicit:
1089 830 1178 884 Vos
1194 837 1365 883 autem
1384 845 1474 883 cur
1514 829 1804 884 fncendistis

218 913 418 968 vineam
443 917 652 970 meam?
695 918 844 984 Quod
874 918 1133 974 immanes
1159 917 1372 989 quidam
1400 919 1580 974 hostes
1608 931 1661 975 et
1683 920 1800 975 bar-

217 1004 335 1060 bari
363 1006 617 1074 fecerint,
657 1007 758 1064 hoc
798 1024 893 1064 vos
918 1025 1044 1080 erga
1069 1010 1358 1066 familiares
1381 1019 1588 1066 vestros
1609 1011 1801 1066 admit-

217 1096 348 1152 titis.
382 1095 604 1152 Vineam
635 1113 798 1168 porro
823 1110 979 1155 vocat
1000 1101 1254 1170 populum
1279 1142 1295 1168 ,
1325 1101 1465 1172 quod
1492 1116 1613 1156 eum
1635 1102 1801 1156 multo

215 1185 395 1242 studio
430 1194 487 1243 et
521 1203 750 1257 superna
783 1190 1112 1258 providentia
1157 1199 1458 1245 conservet.
1508 1190 1575 1246 Et
1601 1203 1800 1260 augens

212 1277 608 1334 accusationem
631 1319 647 1343 ,
681 1295 784 1334 nou
809 1281 978 1348 dixit,
1019 1282 1127 1337 Cur
1150 1295 1471 1345 conservos,
1505 1280 1796 1350 proximos,

212 1367 412 1425 fratres
435 1387 450 1437 ;
480 1371 596 1438 sed,
621 1372 757 1438 Quid
783 1387 921 1440 mea,
948 1373 1137 1443 inquit,
1163 1373 1484 1442 perdidistis,
1516 1387 1628 1425 mea
1654 1371 1798 1426 labe-

212 1458 491 1517 factastis?
544 1461 745 1518 Deinde
791 1463 1022 1519 incendii
1070 1463 1302 1532 speciem
1342 1462 1647 1524 ostendens,
1673 1461 1792 1514 ait:

209 1552 424 1623 Rapina
450 1557 685 1626 pauperis
708 1556 856 1610 estin
891 1556 1120 1610 domibus
1148 1556 1339 1610 uestris.
1390 1554 1504 1609 Non
1543 1553 1684 1608 enim
1725 1551 1794 1606 ita

207 1644 350 1698 solet
374 1645 579 1715 grando
605 1647 787 1702 vineas
812 1655 1051 1711 vastare,
1095 1655 1154 1701 ut
1188 1645 1435 1715 iniquitas
1461 1645 1709 1716 pauperis
1742 1654 1797 1698 et

208 1733 388 1802 inopis
437 1735 672 1788 animum
722 1736 1082 1800 succendere,
1126 1744 1296 1789 morte
1348 1736 1643 1805 graviorem
1695 1736 1794 1803 ipsi

208 1839 501 1880 manerem
527 1825 777 1881 inferens.
811 1825 1014 1896 Ubique
1043 1827 1202 1897 igitur
1238 1827 1419 1895 rapina
1451 1827 1644 1880 malum
1676 1835 1789 1886 est;

208 1915 445 1970 maxime
472 1929 602 1970 vero
629 1931 750 1970 cum
778 1916 823 1970 is
857 1916 942 1970 cui
980 1915 1232 1971 damnum
1273 1915 1495 1971 infertur
1525 1916 1578 1968 in
1617 1925 1794 1969 extre-

210 2022 356 2062 mam
382 2007 628 2064 redactus
656 2018 740 2063 est
765 2017 1146 2078 paupertatem.
1176 2008 1358 2078 Neque
1384 2015 1586 2062 tantum
1616 2007 1789 2062 incre-

209 2106 302 2168 pat
329 2097 446 2154 tunc
472 2097 700 2153 dicendo
720 2140 735 2162 ,
782 2098 877 2153 sed
904 2099 1064 2154 etiam
1094 2098 1332 2169 corrigit,
1361 2098 1578 2153 mittens
1605 2111 1698 2152 eos
1723 2097 1790 2151 ad

206 2190 410 2258 rapina:
454 2190 834 2258 spectaculum.
881 2190 1002 2246 Post
1050 2190 1346 2259 lmjusmodi
1385 2189 1582 2244 dictum
1621 2191 1788 2256 enim,

206 2290 453 2350 aspectus
495 2281 571 2336 rei
615 2281 715 2336 sub
763 2281 932 2336 oculis
978 2281 1164 2350 positae
1207 2297 1568 2352 eompungere
1615 2290 1791 2351 potest

205 2388 352 2440 eum,
391 2373 480 2443 qui
513 2387 618 2426 non
648 2372 1112 2442 impudentissimo
1143 2371 1299 2427 fuerit
1338 2374 1535 2427 animo.
1569 2373 1654 2427 15.
1686 2371 1790 2426 Cur

202 2481 289 2519 vos
316 2465 506 2535 injuria
541 2465 735 2535 efﬁcitis
775 2465 1018 2536 populum
1045 2482 1208 2519 meum
1229 2466 1254 2518 ?
1304 2465 1356 2518 In
1384 2465 1574 2520 eodem
1602 2479 1787 2519 rursus

203 2565 511 2626 perseverat
536 2555 748 2611 dicendi
775 2570 972 2625 genere
1004 2573 1015 2606 :
1048 2557 1185 2610 sicut
1207 2556 1342 2618 illic,
1379 2555 1583 2609 Vineam
1603 2571 1784 2621 meam,

201 2648 271 2702 ita
301 2647 408 2712 hic,
441 2645 700 2714 Populum
720 2663 902 2711 nicum,
931 2646 1076 2700 dicit.
1109 2646 1176 2699 Et
1198 2646 1353 2714 [acies
1374 2645 1640 2699 humilium
1664 2661 1786 2698 con-

200 2738 455 2810 funditis?
493 2738 636 2804 Quos
660 2738 928 2806 corrigere
954 2737 1266 2806 oportebat,
1319 2735 1417 2791 hos
1470 2736 1780 2805 impellitis;

199 2845 335 2900 quos
372 2829 581 2899 erigere
603 2870 618 2893 ,
665 2827 767 2882 hos
801 2827 1155 2897 confringitis.
1204 2826 1335 2880 Nam
1368 2835 1487 2895 post
1521 2827 1780 2895 rapinam,

199 2919 417 2975 viliores
446 2918 788 2988 respuebant,
818 2926 872 2972 et
901 2917 1163 2985 indignius
1189 2931 1350 2987 quam
1379 2915 1658 2984 mancipiis
1679 2915 1783 2969 illis

198 3010 512 3074 utebantur,
543 3018 737 3078 praeter
765 3009 1038 3063 avaritiam
1066 3008 1419 3076 arrogantiam
1445 3022 1655 3077 quoque
1684 3022 1782 3060 au-

196 3111 416 3172 gentes,
462 3112 517 3156 et
562 3117 657 3170 per
694 3100 903 3158 divitias
947 3101 1124 3169 inique
1168 3111 1343 3168 partas
1368 3099 1531 3153 multa
1567 3099 1783 3166 insuper

197 3207 320 3249 sese
363 3192 644 3248 elierentes
674 3190 996 3259 arrogantia.
1041 3189 1290 3244 Avaritia:
1331 3190 1474 3243 enim
1519 3189 1781 3259 superbia:

194 3284 420 3338 morbus
454 3281 758 3352 adiungitur
786 3299 799 3335 :
832 3292 885 3336 et
915 3292 1114 3349 quanto
1155 3280 1272 3349 plus
1311 3280 1519 3336 divitias
1543 3279 1664 3350 quis
1686 3293 1782 3334 cu-

193 3374 431 3439 mularit,
473 3381 618 3427 tanto
649 3373 816 3440 magis
843 3371 1062 3425 morbus
1093 3370 1179 3425 hic
1205 3370 1508 3425 increverit.
1554 3368 1668 3423 Hoc
1694 3369 1780 3422 di-

192 3465 260 3517 cit
289 3464 557 3529 Dominus,
587 3461 852 3528 Dominus,
882 3462 1129 3515 Dominus
1157 3463 1482 3515 emercituum.
1509 3459 1644 3528 Quid
1674 3467 1776 3525 est,

193 3553 563 3609 Exercituum?
587 3553 908 3623 Angelorum
934 3553 1081 3618 dicit,
1111 3551 1565 3621 archangelorum,
1588 3565 1777 3621 super-

191 3660 382 3700 narum
407 3645 660 3699 virtutum
683 3686 698 3710 ,
727 3659 759 3699 a
789 3653 930 3699 terra
961 3644 1026 3698 ad
1069 3643 1256 3698 cadum
1289 3643 1583 3697 auditorem
1613 3642 1778 3695 addu-

193 3751 318 3790 cens
337 3776 352 3799 ,
379 3745 438 3789 ut
467 3735 568 3804 ipsi
601 3735 978 3805 cogitationem
1004 3735 1178 3803 magni
1210 3735 1350 3789 illius
1377 3734 1524 3803 regni
1556 3733 1774 3801 injiciat,

193 3841 250 3882 ut
297 3827 446 3880 illum
498 3828 575 3881 sic
628 3827 984 3896 stupefactum
1023 3824 1455 3894 temperatiorem
1506 3823 1773 3887 redderet,

192 3917 602 3984 ostenderetque
629 3926 827 3971 tantam
850 3917 1154 3986 patientiam
1183 3931 1286 3970 non
1310 3915 1651 3979 infirmitatis,
1681 3915 1775 3969 sed

192 4009 404 4062 maximi
444 4007 606 4061 animi
648 4021 789 4061 esse.
841 4006 928 4060 16.
965 4005 1087 4061 Ηαισ
1123 4006 1244 4060 dicit
1272 4005 1537 4060 Dominus.
1585 4005 1692 4058 Pro
1719 4021 1776 4058 eo

191 4098 324 4166 quod
357 4098 590 4151 exaltatte
627 4108 743 4151 sunt
786 4097 910 4165 ﬁlice
948 4096 1110 4163 Sion,
1155 4105 1202 4150 et
1239 4113 1450 4166 egressa:
1483 4106 1600 4150 sunt
1644 4098 1776 4150 elato

190 4192 342 4250 collo.
374 4201 419 4244 et
446 4190 648 4243 nutibus
681 4191 942 4243 oculorum
964 4231 978 4252 ,
1020 4200 1065 4243 et
1100 4191 1293 4242 incessu
1320 4189 1499 4258 pedum
1527 4189 1774 4242 trahentes

189 4281 342 4335 simul
368 4282 559 4334 tunicas
580 4322 593 4345 ,
622 4282 866 4351 simulque
890 4281 1095 4350 pedibus
1117 4281 1361 4334 ludentes.
1394 4282 1480 4335 17.
1509 4281 1576 4334 Et
1603 4282 1773 4334 humi-

191 4373 334 4426 liubit
355 4371 495 4425 Deus
519 4373 872 4426 dominatrices
901 4373 1034 4440 ﬁlias
1057 4371 1205 4436 Sion,
1239 4382 1285 4425 et
1310 4371 1555 4425 Dominus
1581 4373 1772 4424 revela-

189 4467 256 4519 bit
283 4465 507 4518 habitum
543 4481 715 4519 eorum
743 4465 798 4518 in
823 4465 904 4519 die
927 4464 1040 4518 illa.
1084 4464 1170 4519 18.
1203 4463 1270 4521 Ει
1305 4468 1499 4535 auferet
1523 4462 1774 4517 Dominus

189 4559 402 4628 gloriam
427 4558 702 4612 vestimenti
729 4573 925 4623 earum,
962 4566 1008 4610 et
1028 4569 1261 4610 ornatum
1281 4573 1454 4610 carum
1481 4557 1641 4626 (a),et
1662 4559 1768 4609 ciu-

187 4652 362 4705 cinnos
399 4667 603 4716 earum,
648 4661 691 4704 et
724 4649 982 4720 corymbos
1003 4690 1019 4716 ,
1051 4659 1096 4704 et
1128 4649 1331 4704 lunulas
1352 4690 1365 4713 ,
1399 4649 1486 4704 19.
1521 4657 1564 4701 et
1589 4648 1772 4701 monile

187 4758 361 4796 carum
382 4781 397 4807 ,
429 4750 475 4793 et
504 4751 738 4794 ornatum
763 4741 910 4811 faciei
939 4757 1112 4794 earum
1135 4781 1150 4805 ,
1186 4750 1231 4793 et
1258 4739 1662 4808 compositionem
1690 4755 1772 4792 or-

187 4833 411 4886 namenti
438 4832 631 4902 glorias,
655 4841 702 4884 et
726 4832 974 4896 armillas,
999 4841 1044 4884 et
1072 4840 1292 4900 torques,
1316 4830 1406 4884 ΞΟ.
1427 4839 1472 4884 et
1488 4831 1766 4893 reticulum,

187 4937 232 4981 ct
253 4927 493 4991 annulos,
537 4934 582 4977 et
606 4925 839 4989 cellaria,
868 4934 915 4977 et
937 4925 1160 4986 inaures,
1197 4924 1284 4976 21.
1313 4932 1358 4976 et
1388 4939 1614 4992 purpura
1638 4937 1770 4991 prae-

188 5027 350 5070 textas
371 5056 385 5079 ,
433 5025 478 5067 et
507 5030 701 5084 pannos
731 5030 818 5083 per
847 5014 1083 5078 domum,
1129 5023 1175 5066 et
1205 5014 1468 5082 perspicua
1499 5010 1768 5076 Laconica,

183 5107 270 5161 9-2.
318 5115 365 5160 et
394 5105 615 5176 byssina,
645 5114 691 5157 et
717 5105 1041 5174 hyacinthina
1064 5119 1084 5168 ;
1115 5104 1202 5158 25.
1225 5105 1472 5169 coccinea,
1501 5115 1546 5157 et
1573 5105 1772 5173 byssnm

185 5215 299 5252 cum
327 5214 454 5251 auro
480 5208 525 5251 et
547 5196 818 5267 hyacintho
856 5205 1158 5259 contextam,
1190 5206 1236 5251 et
1268 5197 1496 5249 theristra
1523 5214 1649 5249 auro
1675 5197 1771 5248 ad-

185 5297 374 5347 stricta.
417 5291 506 5345 24.
535 5289 603 5343 Ει
625 5291 719 5343 erit
744 5305 835 5358 pro
861 5290 1002 5342 suavi
1031 5290 1182 5342 odore
1221 5290 1412 5358 pulvis,
1440 5299 1488 5342 et
1528 5305 1617 5356 pro
1645 5303 1774 5340 zona

190 5386 415 5456 funiculo
441 5385 655 5452 cingeris
678 5424 691 5442 .
721 5393 766 5436 et
795 5398 886 5450 pro
916 5392 1208 5435 ornamento
1229 5383 1406 5450 capitis
1431 5383 1501 5434 tui
1527 5381 1772 5434 calvitiem

189 5476 392 5530 habebis
418 5485 621 5543 prepter
646 5490 799 5542 Opera
828 5483 915 5526 tua
939 5513 952 5535 ,
998 5481 1046 5525 et
1069 5489 1162 5542 pro
1193 5474 1360 5525 tunica
1401 5488 1630 5542 purpura
1665 5472 1772 5526 cla-

189 5576 301 5623 cata
339 5567 414 5636 (b)
465 5566 870 5635 circumcingeris
917 5580 1083 5617 sacco.
1134 5564 1258 5617 llwc
1302 5564 1385 5616 tibi
1436 5581 1526 5633 pro
1569 5573 1768 5618 ornatu.

249 5704 323 5762 (τι)
359 5710 436 5751 lla:
462 5715 622 5756 voces,
649 5708 694 5750 et
713 5709 931 5750 ornatum
955 5714 1138 5751 carum.
1165 5702 1342 5750 desunt
1365 5705 1411 5749 in
1439 5702 1613 5749 nililiis.

250 5705 298 5762 (τι
359 5710 436 5751 lla:
462 5715 622 5756 voces,
649 5708 694 5750 et
713 5709 931 5750 ornatum
955 5714 1138 5751 carum.
1165 5705 1342 5750 desunt
1365 5705 1411 5749 in
1439 5705 1568 5749 ιιιιιιιι

250 5705 323 5827 (0}
355 5765 478 5814 Vide
500 5763 808 5825 Antiquitatis
833 5772 1006 5812 nostra;
1053 5770 1177 5811 't'om.
1207 5767 1253 5822 5,
1280 5764 1362 5811 lt'o.
1397 5766 1432 5822 l,
1457 5778 1498 5812 ρ.
1525 5767 1570 5809 8.

1915 467 2006 521 25.
2041 466 2106 522 Et
2149 469 2284 536 ﬁlius
2318 479 2430 526 tuus
2468 471 2833 540 pulcherrimus
2853 512 2866 536 ,
2911 488 3058 540 quem
3082 473 3290 544 diligis,
3320 473 3498 544 gladio

1911 558 2094 621 cadet;
2137 568 2183 612 et
2208 563 2359 629 fortes
2386 564 2536 616 uestri
2573 564 2744 632 gladio
2766 565 2962 632 cadent,
2995 573 3043 618 et
3065 565 3488 621 humiliabuntur.

1908 644 1998 701 26.
2024 646 2090 699 Et
2115 648 2347 717 lugebant
2371 653 2524 704 theca:
2544 661 2748 706 ornatus
2769 653 2935 718 vestri,
2964 661 3011 708 et
3037 654 3333 719 relinqueris
3357 656 3487 718 sola,

1909 746 1954 790 et
1983 738 2034 791 in
2075 747 2256 794 terram
2300 742 2624 808 prosternet-is
2657 743 2756 814 (ο).
2793 744 3060 800 lnsolitam
3087 761 3203 801 rem
3230 747 3487 816 pmplieta

1871 846 1873 848 ·
1908 827 2062 896 fecit,
2105 829 2317 900 longum
2341 831 2408 887 ad
2442 834 2689 888 mulieres
2715 834 2949 905 dirigens
2978 851 3315 905 sermonem,
3343 840 3485 906 quod

1909 934 2166 989 nusquam
2205 923 2258 976 in
2293 923 2576 993 Scripturis
2620 925 2814 981 factum
2857 927 3117 982 videmus.
3167 928 3296 997 Qua:
3329 929 3486 999 igitur

1909 1025 2062 1066 causa
2089 1021 2172 1067 est
2199 1014 2425 1069 insolitze
2455 1016 2569 1071 rei?

1976 1102 2029 1156 8.
2060 1101 2277 1157 Videtur
2301 1105 2428 1158 mibi
2455 1114 2580 1160 tunc
2604 1107 2858 1176 temporis
2890 1122 3134 1178 magnam
3172 1109 3336 1165 fuisse
3364 1125 3483 1164 mu-

1904 1187 2092 1246 lierum
2122 1193 2414 1258 mollitiem,
2443 1197 2770 1264 multumque
2794 1197 3082 1254 contulisse
3103 1199 3223 1255 illas
3250 1200 3318 1254 ad
3343 1201 3478 1255 viro-

1903 1295 2021 1335 rum
2059 1282 2367 1352 nequitiam.
2409 1283 2532 1340 ldeo
2561 1286 2682 1341 illas
2720 1287 2998 1357 Speciatim
3033 1288 3322 1359 redarguit,
3361 1305 3481 1361 gra-

1904 1373 2118 1429 vissima
2147 1375 2252 1430 illis
2277 1376 2508 1432 oti’erens
2531 1377 2777 1445 crimina,
2806 1393 3218 1450 sermonemque
3245 1381 3312 1436 ad
3335 1382 3484 1450 prin-

1901 1463 2095 1532 cipium
2122 1477 2358 1534 revocat,
2389 1483 2454 1524 ex
2481 1483 2708 1537 persona
2738 1469 2830 1524 Dei
2863 1469 3051 1525 iterum
3079 1470 3324 1540 loquens.
3351 1470 3478 1526 Iltec

1901 1556 2021 1611 dicit
2049 1558 2298 1614 Dominus
2322 1577 2341 1616 :
2368 1560 2474 1615 Pro
2502 1577 2559 1615 eo
2598 1561 2735 1631 quod
2771 1561 3006 1616 exultans
3037 1571 3156 1617 sunt
3181 1563 3303 1634 ﬁlia:
3329 1562 3476 1628 Sion,

1901 1655 1948 1701 et
1985 1648 2358 1704 ambulaverunt
2384 1651 2516 1704 elato
2539 1652 2690 1705 collo.
2732 1651 2902 1720 Caput
2927 1651 3189 1706 malorum
3221 1653 3350 1719 ipsis
3373 1653 3482 1707 cri-

1899 1737 2028 1792 mini
2063 1738 2190 1804 dat,
2222 1741 2519 1810 superbiam
2549 1750 2604 1797 et
2630 1742 3007 1812 arrogantiam.
3054 1742 3166 1797 Hoc
3190 1743 3333 1797 enim
3359 1742 3478 1797 ubi-

1899 1842 2000 1896 que
2041 1842 2203 1898 grave
2242 1839 2352 1897 est,
2403 1833 2632 1887 maxime
2657 1847 2782 1886 vero
2808 1847 2927 1887 cum
2963 1833 3015 1887 in
3056 1833 3301 1888 muliebri
3345 1848 3476 1888 sexu

1898 1917 2153 1972 exoritur.
2206 1920 2330 1976 Alto
2368 1922 2508 1976 enim
2536 1921 2725 1991 spiritu
2754 1921 2914 1991 plena
2938 1922 3158 1990 mulier,
3189 1931 3374 1992 utpote
3403 1924 3478 1977 le-

1896 2007 2014 2062 vior
2037 2016 2091 2063 et
2120 2010 2563 2077 irrationabilior,
2592 2011 2745 2065 facile
2777 2013 3100 2080 pervertitur
3122 2054 3138 2077 ,
3175 2014 3476 2083 submergi-

1899 2104 2015 2162 tur,
2063 2097 2393 2169 naufragium
2437 2103 2670 2169 patitur,
2721 2103 2788 2156 ab
2832 2103 2975 2157 omni
3013 2103 3243 2172 maligno
3289 2103 3474 2172 spiritu

1897 2187 2142 2258 impulsa,
2177 2189 2310 2246 fastu
2341 2200 2396 2247 et
2423 2193 2720 2262 arrogantia
2754 2193 2917 2262 ipsam
2949 2193 3346 2263 submergentc.
3386 2193 3476 2247 Vi-

1894 2281 2049 2336 detur
2091 2299 2252 2351 porro
2289 2284 2760 2354 Jerosolymitanas
2807 2284 3058 2340 mulieres
3102 2285 3301 2354 alloqui
3335 2305 3348 2339 :
3386 2285 3474 2339 id-

1894 2390 2063 2444 eoque
2091 2376 2224 2428 filias
2254 2376 2380 2431 Sion
2409 2381 2634 2432 vocavit.
2664 2377 2728 2429 Et
2752 2378 3132 2430 ambulaverunt
3159 2378 3291 2431 elato
3316 2377 3471 2431 collo.

1896 2464 1989 2519 llic
2017 2465 2135 2518 illas
2157 2465 2402 2533 traducit,
2442 2482 2504 2521 ac
2532 2467 2840 2521 muliebrem
2869 2466 3105 2521 ostendit
3133 2466 3347 2530 fastum,
3381 2467 3472 2534 qui

1891 2571 1998 2611 non
2031 2566 2204 2624 potest
2246 2559 2299 2611 in
2345 2557 2522 2611 animo
2548 2571 2607 2610 se
2641 2557 2915 2611 continere
2937 2597 2954 2622 ,
2985 2555 3080 2610 sed
3110 2557 3376 2626 erumpit,
3407 2571 3472 2612 ac

1889 2662 1987 2717 per
2011 2661 2298 2716 corporeos
2335 2657 2509 2702 motus
2530 2661 2649 2702 sese
2675 2646 2872 2716 prodit.
2898 2646 3006 2702 Nec
3038 2647 3092 2701 in
3112 2647 3468 2716 arrogantiam

1891 2739 2083 2804 modo,
2135 2739 2228 2794 sed
2274 2740 2432 2794 etiam
2477 2740 2531 2794 in
2573 2739 2846 2794 lasciviam
2877 2739 2995 2793 illas
3020 2738 3240 2809 dejicit;
3288 2739 3388 2794 lioc
3416 2741 3464 2794 in

1887 2830 2232 2899 sequentibus
2256 2831 2384 2885 dicit
2409 2839 2465 2886 et
2488 2831 2740 2886 declarat.
2790 2831 2968 2901 Pergit
2999 2832 3159 2901 igitur
3189 2849 3202 2886 :
3231 2831 3300 2886 Et
3326 2834 3465 2886 nuti—

1887 2920 1978 2974 bus
1999 2922 2258 2976 oculorum
2277 2963 2292 2988 ,
2322 2922 2373 2977 id
2409 2924 2548 2993 quod
2573 2923 2895 2977 amasiarum
2921 2923 3195 2992 proprium
3217 2932 3330 2988 est,
3368 2937 3465 2992 pu-

1889 3012 2041 3083 pillas
2067 3022 2296 3079 vertere,
2322 3015 2702 3084 mollitiemque
2729 3014 2946 3068 multam
2968 3023 3021 3068 ct
3050 3014 3320 3068 lasciviam
3343 3013 3465 3069 hinc

1886 3103 2220 3174 exprimere;
2271 3105 2510 3159 mollitiei
2537 3115 2711 3160 autem
2751 3120 2814 3160 ac
2857 3105 3087 3159 lasciviae
3128 3105 3332 3158 nullum
3363 3105 3464 3159 hoc

1886 3193 2056 3263 majus
2094 3193 2345 3247 indicium
2393 3193 2630 3247 habetur.
2681 3193 2748 3246 Et
2777 3195 2975 3247 incessu
3003 3193 3185 3262 pedum
3214 3193 3464 3247 trahentes

1884 3283 2035 3338 simul
2063 3284 2275 3338 tunicas.
2307 3282 2422 3337 Non
2443 3284 2628 3351 exigua
2652 3284 2766 3338 ltmc
2784 3291 2868 3337 est
2886 3283 3191 3337 criminatio
3211 3324 3226 3346 ,
3253 3283 3460 3337 etiamsi

1886 3389 2047 3444 parva
2075 3373 2317 3430 videatur
2344 3389 2463 3429 esse
2487 3414 2502 3440 ,
2548 3373 2643 3428 sed
2682 3384 2936 3428 extrema:
2973 3382 3056 3429 est
3103 3373 3462 3441 corruptionis

1884 3477 2281 3536 argumentum,
2308 3467 2544 3522 mollitiei
2567 3482 2775 3536 nempe,
2803 3467 3048 3529 lasciviae,
3070 3461 3458 3524 dissolutionis,

1887 3561 2059 3614 tunica
2091 3559 2355 3614 diffluens.
2406 3559 2518 3614 Hoc
2553 3568 2866 3613 exterorum
2907 3559 3168 3628 quispiam
3212 3558 3462 3612 adversa-

1884 3651 2019 3704 rimn
2042 3666 2194 3703 suum
2219 3651 2496 3704 traducens
2524 3649 2602 3704 sic
2627 3649 2886 3716 expressit
2913 3665 2926 3701 :
2954 3648 3179 3702 Pallium
3199 3649 3458 3703 dcmitteus

1883 3758 2037 3810 usque
2066 3741 2132 3792 ad
2157 3741 2284 3794 talos
2315 3741 2410 3810 (b).
2457 3739 2720 3808 Simulque
2753 3740 2956 3798 pedibus
2991 3740 3236 3793 ludentes.
3267 3740 3332 3794 Et
3358 3739 3459 3794 hoc

1884 3846 2090 3884 rursum
2120 3830 2356 3898 ejusdem
2398 3829 2738 3898 turpitudinis
2778 3829 3160 3886 demonstratio
3198 3842 3299 3886 est.
3356 3831 3458 3885 Per

1884 3919 1997 3975 Iurc
2024 3921 2163 3974 enim
2209 3921 2380 3974 omnia
2403 3961 2416 3984 ,
2472 3934 2565 3988 per
2593 3919 2808 3982 oculos,
2852 3935 2946 3987 per
2975 3921 3317 3984 vestimenta,
3364 3934 3456 3988 per

1882 4014 2043 4083 pedes
2067 4056 2081 4079 ,
2115 4030 2210 4082 per
2239 4015 2500 4066 incessum
2527 4053 2541 4074 ,
2587 4026 2679 4064 seu
2709 4012 2924 4064 castitas
2956 4025 3052 4064 seu
3095 4011 3305 4064 lascivia
3335 4025 3454 4065 sese

1882 4105 2078 4172 prodit.
2123 4104 2253 4157 Nam
2297 4105 2437 4157 intus
2480 4101 2716 4157 sedentis
2756 4101 2946 4155 anima:
2990 4115 3240 4155 sensuum
3281 4113 3456 4156 motus

1881 4195 2028 4264 quasi
2073 4210 2343 4264 prmcones
2371 4194 2584 4265 quidam
2615 4203 2757 4248 sunt.
2792 4195 2868 4246 Ac
2892 4192 3338 4263 quemadmodum
3372 4194 3453 4260 pi-

1881 4297 2055 4343 ctores
2075 4289 2282 4343 Colores
2306 4287 2561 4357 quosdam
2585 4287 2889 4348 miscentes,
2922 4285 3180 4354 imagines
3207 4301 3339 4352 quas
3365 4300 3452 4337 vo—

1881 4381 1993 4436 lunt
2021 4380 2324 4448 exprimunt
2358 4395 2372 4432 :
2408 4379 2485 4432 sic
2509 4387 2564 4432 ct
2590 4386 2763 4431 motus
2796 4377 3158 4431 membrorum
3189 4375 3450 4442 corporis,

1880 4471 2039 4525 animi
2070 4471 2405 4525 characteres
2432 4469 2575 4523 foras
2611 4475 2931 4537 expromunt
2957 4507 2971 4530 ,
3021 4474 3074 4520 et
3114 4475 3238 4519 ante
3266 4464 3451 4518 oculos

1881 4573 2088 4618 nostros
2130 4573 2352 4632 ponunt.
2403 4560 2758 4638 Quamobrem
2791 4560 2923 4612 alius
2952 4559 3213 4628 quispiam
3240 4558 3454 4626 sapiens

1878 4653 2086 4708 dicebat
2114 4670 2126 4707 :
2150 4653 2372 4706 Amictus
2402 4652 2510 4717 viri,
2542 4660 2589 4704 et
2614 4651 2743 4704 risus
2772 4651 3014 4716 dentium,
3047 4660 3093 4702 et
3119 4650 3338 4703 incessus
3369 4665 3455 4717 pe-

1879 4744 1960 4797 dis
1983 4750 2296 4796 annuntiant
2311 4756 2426 4810 qua:
2451 4741 2520 4793 ad
2541 4741 2713 4807 ipsum
2733 4749 2986 4806 spectant.
3011 4741 3194 4810 (Eccli.
3223 4742 3305 4795 19.
3334 4743 3447 4810 27.)

1963 4891 2014 4953 η)
2037 4891 2129 4953 ilic
2150 4891 2274 4952 Reg.
2298 4887 2553 4952 subiungit
2574 4893 2898 4953 totumcaput
2918 4896 3146 4953 quartum
3174 4889 3320 4937 lenire.

1963 4893 2014 4953 η)
2037 4893 2129 4940 Hie
2150 4893 2274 4952 Reg.
2298 4893 2553 4952 subiungit
2574 4895 2727 4937 totum
2751 4893 2898 4949 caput
2918 4896 3146 4946 quartum
3174 4893 3320 4937 Isaiae.

1942 4893 2014 5016 ib)
2043 4951 2092 4999 in
2116 4953 2246 5016 hunc
2265 4953 2422 5000 locum
2447 4960 2583 5016 notat
2611 4949 2803 4998 Boisius
2825 4951 2954 5010 apud
2976 4951 3210 4997 SaVilium
3245 4965 3256 4996 :
3285 4964 3307 5016 _t
3342 4949 3450 5016 ipse

1879 5009 2017 5063 locus
2039 5014 2249 5061 nondum
2270 5015 2499 5065 occurrit.
2527 5025 2619 5060 nec
2650 5017 2785 5059 vacat
2811 5009 2937 5058 none
2960 5023 3187 5071 quaerere
3218 5024 3228 5056 :
3255 5009 3452 5057 similli-

1877 5089 1952 5122 ma
1981 5080 2140 5121 tamen
2166 5081 2281 5122 sunt
2301 5082 2351 5122 et
2384 5074 2604 5132 ejusdem
2649 5075 2792 5132 plane
2834 5082 3061 5126 monetm,
3087 5084 3198 5130 quae
3222 5073 3270 5118 in
3297 5086 3451 5119 unum

1878 5137 2080 5196 Collegit
2105 5135 2412 5183 doctissimus
2433 5134 2746 5182 liasaulionus
2783 5139 2951 5179 noster
2973 5132 3334 5196 Commentario
3361 5147 3454 5178 suo

1878 5198 1936 5244 ad
1958 5194 2280 5256 'I‘licopltrasli
2304 5197 2624 5256 (Jhararteres
2643 5196 2802 5252 rapite
2830 5196 2906 5239 cui
2933 5196 3129 5240 tirmcus
3154 5194 3327 5256 litt_.lt_ts
3353 5198 3450 5256 est,

1879 5271 1965 5318 ιιιρὶ
1985 5252 2326 5318 μικροίογίαςλιὺί
2350 5255 2419 5304 sic
2440 5255 2610 5303 scribit
2635 5269 2646 5301 :
2671 5256 3084 5318 Quemadmodum
3113 5253 3260 5318 restis
3284 5252 3451 5318 brevi-

1881 5315 1953 5366 tas
1981 5315 2062 5366 est
2076 5315 2287 5367 sordium
2311 5321 2672 5377 argumentum,
2712 5317 2782 5362 sic
2808 5317 2957 5363 vestis
2985 5316 3042 5360 ad
3067 5316 3192 5377 talos
3218 5315 3452 5377 demissa,

1881 5379 1990 5426 vitae
2015 5379 2238 5428 delicatae
2259 5386 2311 5426 et
2331 5374 2599 5431 dissolutae,
2620 5382 2674 5424 ut
2697 5377 2823 5430 apud
2852 5377 3102 5423 Platonem
3126 5374 3172 5422 in
3197 5374 3453 5422 Alcibiade

1897 5442 2043 5488 u-iore
2082 5437 2549 5503 tunicaspi'otractm
2587 5436 2819 5503 indicium
2843 5436 3097 5503 .mollitici.
3135 5439 3251 5503 Inde
3281 5436 3448 5503 Horat.

1897 5455 2043 5488 more
2082 5455 2254 5489 tunica:
2289 5455 2549 5501 pron'acuo
2587 5455 2819 5485 llNllClum
2843 5455 3097 5485 .moumcr.
3137 5455 3251 5483 ιιι(ιο
3284 5455 3448 5482 "urat.

1881 5455 2082 5561 ia'podon
2133 5501 2223 5550 Od.
2250 5499 2278 5545 4
2304 5515 2314 5548 :
2352 5501 2557 5547 Sacram
2582 5496 2798 5561 metiente
2840 5504 2882 5546 te
2902 5497 3028 5561 piam
3057 5511 3165 5561 cum
3190 5494 3260 5543 bis
3273 5504 3357 5561 _tcr
3377 5495 3454 5561 ul-_

1881 5555 2054 5616 nurum
2079 5571 2202 5623 toga.
2231 5562 2372 5622 Apud
2401 5563 2602 5623 Dionem
2637 5558 3037 5623 Calr'nus_objirit
3057 5556 3284 5623 Ciceroni
3321 5555 3455 5614 quod

1881 5638 2028 5687 usque
2051 5625 2112 5670 nrt
2127 5619 2255 5670 talos
2277 5619 2748 5687 restemdemitteret.
2772 5636 2788 5666 ι
2818 5619 2905 5667 liis
2925 5619 3455 5687 adiiciamCiceronem

1884 5680 2037 5744 ipsum
2065 5687 2284 5745 Catilina:
2306 5684 2507 5745 assoclis
2531 5684 2828 5745 exprobrare
2857 5682 2985 5740 quod
3014 5680 3456 5745 int-tulerunt.nur-

1882 5740 2048 5796 uiculis
2067 5741 2550 5804 cttuluribustwticis,
2563 5740 2678 5794 velis
2691 5742 2906 5801 mnirtos,
2921 5756 3010 5789 nim
3031 5740 3148 5801 togis
3186 5741 3236 5788 in
3249 5740 3391 5790 (Latii.
3406 5740 3448 5785 ‘2.
