4044 6452
609 459 676 512 51
1347 449 1402 503 8.
1443 449 1718 504 ,ΙΟᾹΝΝἰδ
1755 446 2188 504 ΟΗΒΫΒΟΞΤΟΜ

2297 443 2573 498 ιῐὶϐΙΙΙΕΡ.
2616 444 3144 500 CONSTANTINOP.
3783 445 3851 500 52

614 568 676 614 Et
708 561 1001 614 humiliabit
1025 561 1160 613 Deus
1185 560 1550 613 dominatrices
1593 560 1730 627 ﬁlias
1766 558 1893 613 Sion
1919 577 1936 613 :
1965 569 2013 614 et
2059 561 2170 614 Do-

612 655 784 705 minus
813 652 1053 705 revelabit
1084 652 1313 704 habitum
1347 669 1526 706 earum
1548 654 1603 705 in
1637 654 1720 705 die
1740 653 1854 705 illa.
1877 653 1942 706 Et
1970 655 2169 724 auferet

611 745 866 796 Dominus
882 743 1103 813 gloriam
1118 744 1405 797 vestimenti
1423 760 1625 797 earum.
1641 742 1856 797 Duobus
1871 743 2059 812 positis
2075 743 2173 798 cri-

614 835 862 898 minibus,
902 836 1200 902 arrogantia
1223 843 1274 888 et
1303 835 1534 896 lascivia,
1567 835 1784 902 singulis
1805 837 2179 899 congruentem

614 925 830 977 adhibet
852 924 1161 977 medicinam
1182 965 1194 986 ,
1227 924 1396 992 primo
1422 925 1667 991 primam,
1696 919 1930 975 secundo
1950 931 2179 985 sequen-

615 1021 721 1066 tem
753 1031 765 1066 :
803 1015 1148 1082 arrogantiae,
1191 1013 1644 1076 humiliationem;
1694 1011 1908 1063 ornatui
1948 1008 2178 1069 habitus,

615 1101 778 1172 ipsius
798 1105 1179 1172 abreptionem.
1205 1104 1372 1166 Bello,
1399 1102 1582 1170 inquit,
1610 1112 1731 1155 tunc
1745 1109 1985 1169 urgente,
2009 1098 2184 1151 omnia

616 1193 939 1246 Iuierentur.
997 1194 1128 1259 Quae
1179 1195 1320 1247 enim
1370 1193 1639 1246 tumebant
1685 1199 1739 1245 et
1783 1189 2178 1258 superbiebant,

617 1295 760 1336 metu
798 1298 1151 1352 compressae,
1192 1285 1256 1338 ab
1296 1284 1393 1337 hoc
1419 1283 1604 1336 morbo
1633 1281 1990 1335 liberabuntur
2023 1297 2035 1333 :
2069 1295 2185 1350 qua:

616 1374 835 1427 mollitie
865 1387 915 1428 et
943 1376 1066 1428 luxu
1097 1377 1308 1428 omnino
1329 1375 1653 1438 diffluebant,
1683 1374 1732 1427 in
1760 1373 2074 1442 captivitatis
2098 1373 2184 1442 ju-

615 1479 737 1533 gum
773 1465 1084 1530 incidentes,
1109 1466 1174 1519 ab
1195 1467 1334 1519 omni
1359 1467 1443 1518 illa
1476 1465 1693 1519 mollitie
1714 1472 1986 1518 eruentur.

689 1552 962 1607 Mulierum
1017 1554 1181 1608 luxus.
1208 1585 1276 1593 —
1311 1554 1380 1609 Ut
1425 1563 1600 1608 autem
1651 1553 2012 1608 onerosiorem
2059 1550 2187 1619 ipsis

618 1652 822 1698 texeret
852 1659 1172 1708 sermonem,
1205 1654 1257 1698 et
1286 1644 1582 1697 anditomm
1615 1651 1841 1696 utentem
1871 1640 2191 1711 perstringe-

619 1742 1097 1797 ret,ornamentnm
1122 1733 1340 1786 vestium
1364 1733 1635 1785 mulierum
1660 1732 1866 1784 illarum
1893 1729 2187 1783 minutatim

617 1829 892 1886 recenset,
921 1828 1044 1889 puta
1071 1835 1350 1875 aureorum
1371 1836 1386 1886 ;
1410 1821 1532 1889 quid
1562 1822 1611 1873 in
1639 1821 1824 1885 oculis,
1856 1819 1977 1889 quid
2019 1820 2069 1872 in
2101 1834 2189 1874 re-

621 1912 766 1979 liquo
785 1926 1009 1980 corpore
1037 1927 1050 1964 :
1081 1912 1203 1965 hinc
1225 1914 1463 1980 procedit
1485 1912 1549 1966 ad
1573 1912 1760 1966 domus
1783 1920 2046 1966 ornatum.
2073 1909 2186 1964 Non

619 2004 790 2058 solum
812 2003 952 2056 enim
984 2017 1204 2072 corpora
1229 2005 1553 2058 ornamentis
1580 2004 1917 2069 decorabant,
1939 2002 2031 2057 sed
2056 2005 2189 2056 hanc

620 2095 992 2149 Contumeliam
1023 2109 1189 2163 usque
1217 2096 1282 2148 ad
1321 2096 1548 2164 parietes
1572 2094 1960 2157 extendebant,
2001 2108 2188 2162 supcr-

623 2187 741 2242 lluis
775 2189 1105 2255 sumptibus;
1145 2196 1199 2242 et
1238 2188 1540 2242 calamistro
1585 2186 1803 2255 capillos
1847 2195 2148 2254 torquentes
2173 2226 2187 2248 ,

622 2277 735 2329 alas
761 2276 778 2306 ί
819 2276 1121 2344 hujnsmodi
1167 2276 1384 2330 fallacia:
1415 2277 1608 2345 ubique
1626 2275 2000 2331 extendebant.
2045 2276 2191 2328 llanc

623 2365 799 2433 itaque
827 2366 1051 2418 intentat
1083 2366 1469 2418 accusationem
1499 2379 1618 2419 cum
1647 2365 1774 2423 dicit
1802 2382 1815 2417 :
1848 2365 2048 2432 Auferet
2077 2364 2188 2432 glo-

618 2456 748 2508 riam
768 2455 1044 2509 vestimenti
1070 2471 1238 2508 earum
1260 2496 1274 2519 ,
1301 2465 1344 2507 et
1373 2464 1605 2509 ornatum
1632 2471 1800 2508 earum
1824 2495 1838 2520 ,
1868 2463 1912 2519 et
1939 2454 2192 2507 cincinnos

621 2562 814 2611 earum,
845 2556 892 2599 et
919 2545 1197 2615 corymbos.
1231 2546 1524 2616 Corymbus
1546 2556 1721 2601 autem
1747 2546 1894 2611 dicit,
1924 2546 2004 2598 vel
2032 2560 2191 2599 orna-

621 2647 732 2691 tum
755 2639 1056 2708 quempiam
1079 2638 1283 2706 capitis,
1313 2637 1391 2691 vel
1419 2638 1560 2692 vittae
1579 2646 1735 2706 caput
1757 2637 2059 2706 stringentis
2087 2636 2191 2690 for—

621 2741 782 2780 mam.
819 2726 883 2779 Et
924 2728 1128 2780 lunulas
1160 2742 1177 2778 :
1205 2737 1570 2780 ornamentum
1610 2727 1810 2780 scilicet
1833 2727 1972 2781 circa
1999 2727 2190 2781 collum

619 2815 790 2871 lunari
821 2817 1022 2871 ‘forma.
1076 2817 1143 2869 Et
1191 2819 1439 2871 cathema.
1488 2818 1644 2872 Forte
1690 2818 1993 2873 theristrum
2045 2818 2190 2873 dicit.

620 2908 688 2962 Et
731 2919 961 2962 ornatum
1011 2909 1158 2976 faciei
1205 2926 1392 2963 earnm.
1442 2909 1538 2964 Hic
1589 2909 1715 2969 mihi
1758 2910 1966 2964 videtur
2018 2909 2190 2963 incum

620 3008 674 3052 ut
706 3000 967 3067 pigmenta
993 2999 1346 3053 subindicare.
1375 2999 1440 3052 Et
1470 2999 1877 3070 compositionem
1915 3000 2193 3052 ornamenti

621 3089 816 3159 gloriaz.
868 3088 977 3141 Hoc
1014 3103 1145 3142 auro
1191 3089 1576 3143 circumdatum
1628 3090 1774 3144 dicit.
1820 3089 1886 3142 Et
1931 3091 2194 3144 armillas:

622 3179 771 3233 aurei
798 3195 987 3248 nempe
1025 3191 1242 3234 ornatus
1276 3181 1412 3234 circa
1441 3181 1672 3234 brachia.
1708 3180 1772 3233 Et
1812 3180 2194 3236 dertrocheria:

623 3273 761 3326 circa
799 3287 1046 3326 manuum
1070 3272 1361 3341 juncturas.
1405 3272 1470 3325 Et
1499 3273 1759 3324 reticulum
1782 3287 1800 3323 :
1829 3279 2193 3326 ornamentum

624 3377 841 3416 aureum
869 3364 1007 3417 circa
1039 3371 1214 3430 caput.
1246 3361 1312 3415 Et
1336 3364 1569 3425 annnlos,
1602 3363 1966 3428 dt'xlrocheria,
1996 3373 2040 3416 et
2068 3379 2196 3431 pra:-

623 3463 759 3506 texta
780 3470 1024 3522 purpura,
1045 3465 1088 3506 et
1107 3455 1300 3506 clavata
1322 3471 1562 3523 purpura,
1588 3464 1631 3506 ct
1657 3471 1848 3523 pannos
1869 3471 1956 3525 per
1970 3457 2192 3520 domum,

623 3553 669 3594 et
711 3541 960 3610 pellucida
1002 3541 1270 3595 Laconica.
1304 3542 1526 3596 Tantum
1573 3544 1711 3596 enim
1744 3544 1871 3611 ipsis
1913 3544 2082 3598 inerat
2117 3545 2196 3598 la-

621 3633 798 3686 scivia:
824 3633 1059 3710 'stndium
1084 3673 1100 3698 ,
1153 3641 1208 3685 ut
1237 3647 1340 3686 non
1383 3634 1538 3687 modo
1567 3633 1629 3685 iis
1668 3643 1938 3687 uterentur
1961 3675 1974 3698 ,
2002 3650 2118 3703 qua:
2147 3634 2198 3687 in

619 3737 714 3774 sua
743 3722 959 3790 regione
998 3729 1182 3786 erant,
1217 3722 1309 3775 sed
1341 3724 1500 3776 etiam
1532 3738 1597 3776 ex
1626 3723 1797 3777 aliena
1829 3732 1968 3777 terra
2014 3723 2193 3793 procul

621 3811 738 3864 illas
781 3811 969 3865 advehi
1026 3822 1271 3865 curarent
1315 3827 1407 3880 per
1438 3815 1820 3867 transmarinos
1848 3825 2194 3870 commeatus.

622 3901 840 3955 Multum
873 3903 1013 3956 enim
1044 3903 1269 3971 spatium
1312 3913 1366 3958 et
1395 3906 1609 3974 pelagus
1640 3905 1951 3960 immensum
1993 3916 2075 3961 est
2101 3907 2199 3961 Pa-

620 3992 878 4045 lznstlnam
908 3993 1043 4046 inter
1067 4002 1120 4045 et
1151 3992 1604 4047 Lacedaemonem.

694 4084 748 4138 9.
789 4083 905 4138 Non
943 4086 1058 4139 sine
1101 4100 1258 4139 causa
1287 4085 1443 4154 igitur
1475 4087 1743 4154 regionem
1780 4085 1988 4155 posuit,
2034 4086 2196 4141 misso

620 4173 1053 4227 vestimentorum
1093 4175 1339 4237 nomine,
1377 4175 1470 4230 sed
1504 4184 1560 4228 ut
1599 4176 1860 4244 ingentem
1900 4189 2080 4230 earum
2112 4176 2194 4230 lu-

618 4278 744 4316 xum
771 4263 1180 4319 demonstraret.
1215 4264 1277 4318 Et
1304 4267 1501 4334 byssina
1526 4276 1570 4318 et
1598 4266 1940 4333 hyacinthina,
1968 4278 2015 4320 et
2037 4267 2196 4321 cocci-

619 4370 744 4418 nea,
781 4360 826 4406 et
851 4352 1053 4422 byssum
1093 4370 1206 4406 cum
1242 4371 1366 4408 auro
1400 4363 1444 4407 et
1478 4355 1748 4423 hyacintho
1786 4366 2069 4410 contextam
2093 4398 2107 4420 ,
2148 4368 2197 4411 et

620 4442 854 4494 theristra
887 4459 1014 4495 auro
1060 4445 1318 4495 adstricta.
1358 4442 1568 4496 Nullam
1596 4445 1736 4497 enim
1761 4447 1991 4513 speciem
2031 4446 2113 4500 vel
2142 4447 2196 4500 in

617 4531 950 4585 vestimentis
972 4532 1052 4584 vel
1075 4533 1126 4584 in
1147 4531 1250 4585 alio
1274 4541 1461 4587 ornatu
1484 4532 1841 4602 reliquerunt;
1872 4535 1963 4589 sed
1985 4548 2195 4589 omnem

618 4622 773 4676 luxus
793 4623 933 4675 viam
961 4630 1249 4688 tentarunt,
1275 4638 1340 4677 ex
1365 4623 1595 4678 lascivia:
1621 4625 1894 4694 tyrannide
1915 4625 2198 4696 lymphatis

616 4713 836 4766 similes.

696 4801 975 4855 Mulierum
999 4802 1203 4854 lascivia
1236 4812 1452 4871 tempore
1483 4802 1841 4872 Chrysoslomi.
1871 4803 2123 4858 —Porro
2149 4805 2195 4860 si

620 4893 705 4948 hac
745 4902 869 4947 tunc
893 4893 1290 4947 criminationes
1316 4893 1672 4948 offerebantur
1702 4905 1823 4948 ante
1855 4895 2075 4964 gratiam
2096 4935 2110 4958 ,
2143 4904 2196 4949 et

617 4992 743 5038 ante
772 4993 970 5036 tantam
995 4982 1379 5052 phil050phiam
1401 5025 1415 5048 ,
1441 4999 1596 5052 quam
1626 4984 1829 5037 veniam
1860 5000 2194 5054 consequan-

618 5082 704 5126 tur
734 5072 855 5135 illm,
886 5087 1004 5141 qua:
1031 5055 1173 5127 nunc
1203 5073 1254 5126 in
1279 5073 1462 5127 caelum
1495 5082 1766 5136 vocantur,
1787 5081 1839 5127 et
1866 5074 1931 5127 ad
1962 5074 2194 5142 longiora

616 5160 930 5224 certamina,
957 5176 1178 5230 qumque
1197 5161 1260 5215 ad
1283 5162 1585 5231 angelorum
1612 5162 1956 5216 imitationem
1982 5164 2196 5219 trahun-

619 5259 726 5316 tur,
755 5258 809 5304 et
835 5250 991 5319 longe
1021 5251 1187 5320 magis
1213 5251 1348 5304 hanc
1376 5266 1626 5318 superare
1658 5264 1876 5320 possunt
1903 5253 2192 5322 lasciviam,

618 5349 676 5396 et
711 5349 888 5396 tamen
920 5356 1012 5395 eas
1038 5356 1157 5410 qua:
1183 5342 1233 5394 in
1262 5343 1433 5395 scenis
1459 5351 1511 5395 et
1552 5343 1770 5397 theatris
1799 5356 2076 5399 versantur
2119 5346 2194 5399 la-

619 5433 788 5488 scivia
817 5433 1073 5487 vincunt?
1099 5433 1354 5503 Quodque
1374 5435 1586 5502 gravius
1615 5447 1712 5501 est,
1748 5453 1812 5491 ne
1836 5452 2055 5506 peccare
2081 5440 2195 5507 qui-

678 5558 696 5588 ¹
731 5557 883 5606 Juxta
906 5559 1069 5605 notam
1094 5558 1151 5605 ad
1183 5569 1313 5606 oram
1336 5556 1450 5606 libri
1473 5557 1682 5606 Lutetia
1703 5570 1828 5606 anno
1859 5557 1974 5605 1588
2005 5559 2172 5609 excusi

617 5619 844 5680 positam,
875 5618 1142 5680 legendum
1175 5623 1269 5677 est,
1304 5617 1554 5678 indagines
1580 5617 2022 5680 (nsptnerdauam),
2066 5633 2170 5679 pro,

616 5677 1074 5748 alqsr(1&_nispd).
1121 5679 1218 5726 Sed
1273 5679 1374 5726 hmo
1413 5677 1867 5748 muta-tiominime'
1892 5677 2172 5748 necessaria

622 5740 831 5802 videtur.
861 5740 1053 5787 Boisins
1082 5753 1244 5802 vocem
1287 5740 1432 5800 πτερά
1465 5744 1681 5787 retinet:
1709 5748 1785 5788 est
1822 5740 1971 5796 enim,
2015 5740 2173 5802 inquit

617 5801 725 5861 ille,
740 5801 942 5863 elegans
961 5802 1138 5851 allusio
1149 5800 1206 5850 ad
1223 5814 1406 5862 pennas
1429 5803 1631 5861 pavonis
1641 5807 1830 5850 erectas
1849 5800 2168 5863 ctexpansas.

2289 554 2408 609 dem
2437 570 2494 609 se
2522 565 2722 624 putant.
2757 556 2878 610 Ideo
2916 556 3167 610 adversus
3203 557 3314 610 illas
3343 572 3438 608 vox
3469 561 3743 625 prepheta:
3768 570 3859 626 cp-

2290 648 2528 715 ponenda
2568 657 2667 701 est.
2703 649 2818 701 Non‘
2862 649 3030 702 Solum
3063 649 3202 701 enim
3240 650 3495 702 adversus
3545 649 3666 702 illas
3697 649 3853 702 olim.

2289 738 2380 790 sed
2421 737 2576 790 etiam
2618 736 2868 792 adversus
2908 741 3000 790 has
3044 737 3466 807 pronuntiabitur
3498 738 3548 790 id
3595 736 3734 806 quod
3777 753 3860 791 se-

2291 827 2468 893 quitur
2500 843 2511 879 :
2544 826 2656 880 Erit
2702 845 2790 894 pro
2820 829 2960 881 suavi
2995 830 3146 882 odore
3180 827 3359 897 puluis.
3398 828 3581 883 Vidcn‘
3603 829 3864 896 quomodo

2292 917 2565 970 unctiones
2596 919 2750 971 etiam
2781 929 3160 986 unguentorum
3194 918 3472 988 reprobet,
3508 934 3863 987 magnumque

2294 1006 2390 1072 ipsi
2420 1007 2684 1060 adscribat
2722 1009 3074 1076 supplicium?
3111 1009 3386 1063 Pulverem
3428 1009 3570 1062 enim
3617 1007 3702 1060 hic
3742 1006 3867 1060 dicit

2290 1111 2408 1148 eum
2434 1097 2521 1166 qui
2548 1099 2806 1152 excitatur
2830 1109 2947 1168 post
2976 1099 3159 1154 urbem
3181 1114 3422 1154 eversam
3443 1109 3496 1154 et
3517 1099 3865 1153 barbarorum

2294 1187 2667 1244 incursionem.
2699 1191 2829 1244 Nam
2859 1193 2999 1245 illam
3029 1192 3133 1262 igni
3170 1201 3221 1246 et
3249 1191 3388 1246 ferro
3415 1201 3538 1246 tunc
3564 1192 3863 1252 diruerunt,

2292 1279 2437 1332 aliud
2485 1279 2795 1345 diruentes,
2835 1282 2977 1335 aliud
3022 1282 3129 1352 igni
3185 1283 3473 1338 tradentes.
3516 1282 3646 1336 Haec
3693 1283 3866 1349 itaque

2295 1373 2648 1436 praenuntians
2667 1372 2873 1426 dicebat
2897 1392 2908 1427 :
2934 1372 3036 1426 Pro
3061 1375 3202 1426 suavi
3222 1374 3372 1428 odore
3388 1375 3547 1443 pulvis
3573 1374 3688 1434 erit,
3713 1382 3759 1425 et
3780 1389 3867 1439 pro

2293 1476 2420 1512 zona
2449 1462 2672 1531 funiculo
2700 1463 2910 1532 cingeris
2927 1481 2946 1528 ;
2975 1465 3075 1518 sub
3107 1466 3286 1518 oculos
3317 1479 3517 1534 ponens
3546 1463 3868 1532 captivitatis

2296 1549 2517 1603 formam
2542 1593 2555 1616 ,
2587 1561 2640 1606 ct
2677 1553 3042 1608 abductionem
3073 1556 3122 1608 in
3157 1555 3499 1609 barbarorum
3543 1564 3762 1609 terram.
3803 1552 3866 1606 Et

2294 1658 2383 1708 pro
2404 1653 2693 1696 ornamento
2712 1644 2889 1711 capitis
2912 1645 2982 1696 tui
3005 1645 3246 1698 calvitiem
3270 1645 3503 1708 habebis;
3532 1645 3645 1698 sive
3665 1643 3867 1712 capillis

2294 1732 2362 1785 ob
2387 1733 2654 1786 miseriam
2681 1734 3054 1799 deﬂuentibus,
3087 1735 3198 1790 sive
3226 1735 3274 1788 id
3302 1735 3578 1805 agentibus
3605 1735 3865 1797 hostibus,

2295 1822 2406 1875 sive
2437 1821 2561 1889 ipsis
2592 1824 2791 1892 seipsas
2817 1825 3173 1878 tendentibus.
3199 1824 3310 1880 Mos
3334 1826 3473 1879 enim
3515 1835 3632 1879 erat
3661 1824 3790 1879 olim
3818 1825 3866 1878 in

2297 1909 2440 1964 luctu
2475 1921 2527 1964 et
2565 1914 2861 1967 calamitate
2905 1929 3022 1968 sese
3063 1914 3280 1968 tondere
3307 1926 3358 1969 et
3389 1915 3600 1971 radere.
3647 1915 3859 1968 Etenim

2295 1999 2422 2064 Job,
2451 2002 2624 2054 audita
2661 2002 2944 2056 liberorum
2967 2004 3280 2067 calamitate,
3307 2012 3462 2074 caput
3486 2004 3718 2057 totondit
3742 2003 3867 2070 (Job

2295 2092 2346 2143 1.
2374 2091 2443 2144 20
2464 2089 2502 2161 ).
2536 2092 2598 2145 Et
2631 2092 2682 2145 in
2714 2093 3052 2162 sequentibus
3078 2094 3148 2148 ait
3180 2094 3450 2162 propheta,
3484 2109 3606 2148 cum
3634 2109 3790 2147 sacco
3818 2101 3867 2147 et

2296 2179 2435 2234 luctu
2455 2185 2611 2235 etiam
2636 2183 2926 2237 tonsionetn
2952 2184 3174 2237 futuram
3195 2183 3344 2253 (lsai.
3367 2185 3454 2237 22.
3481 2185 3592 2254 12).
3618 2185 3867 2253 Aliusquc

2296 2286 2507 2325 rursum
2536 2273 2607 2326 ait
2639 2290 2652 2326 :
2682 2273 2751 2326 Et
2779 2274 2954 2327 radere
2979 2285 3024 2328 et
3046 2275 3250 2329 tondere
3275 2292 3423 2345 super
3447 2275 3582 2344 ﬁlios
3613 2285 3725 2329 tuos
3754 2276 3865 2330 deli-

2296 2372 2448 2415 catos.
2473 2361 2541 2414 Et
2563 2379 2654 2432 pro
2681 2365 2847 2415 tunica
2882 2380 3109 2432 purpura
3151 2366 3347 2418 clavata
3377 2367 3700 2434 prcecingeris
3726 2383 3865 2419 sacco

2297 2455 2496 2526 (Mich.
2539 2457 2590 2509 l.
2624 2455 2747 2525 16).
2779 2457 2966 2509 Annon
3010 2457 3124 2511 lucc
3155 2459 3408 2512 terribilia
3438 2468 3490 2512 et
3531 2458 3860 2514 intoleranda

2295 2561 2414 2600 esse
2437 2546 2714 2601 videntur?
2737 2547 2928 2601 Verum
2955 2548 3088 2615 apud
3112 2562 3210 2606 nos
3236 2565 3337 2603 non
3366 2547 3453 2603 hic
3479 2549 3702 2618 gradum
3724 2549 3865 2603 sistet

2298 2637 2426 2692 ultio
2447 2679 2462 2703 ,
2496 2638 2588 2692 sed
2616 2639 2810 2691 vermis
2836 2650 3144 2705 venenatus,
3177 2639 3270 2693 sed
3297 2639 3526 2692 tenebra:
3563 2639 3868 2692 intermina-

2298 2729 2427 2782 biles
2452 2729 2733 2798 excipient.
2759 2729 2814 2783 Si
2837 2729 2976 2782 enim
3022 2729 3140 2783 illos
3169 2729 3443 2797 captivitas
3465 2769 3480 2794 ,
3523 2730 3754 2784 servitus
3779 2771 3791 2793 ,
3818 2740 3866 2782 et

2299 2828 2534 2872 extrema
2576 2821 2710 2872 mala
2741 2828 3062 2887 exceperunt
3083 2859 3099 2886 ,
3132 2819 3290 2890 idque
3331 2834 3426 2888 pro
3466 2827 3658 2873 ornatu
3690 2838 3704 2874 :
3732 2819 3865 2888 quod

2298 2910 2439 2962 enim
2467 2907 2622 2976 hujus
2653 2922 2834 2976 ptP-llaS
2860 2908 3116 2976 exigeret,
3149 2917 3201 2961 et
3231 2909 3331 2962 hoc
3359 2908 3568 2976 proprie
3597 2917 3866 2976 peccatum

2298 2999 2541 3067 puniret,
2571 2998 2692 3050 audi
2721 2997 2984 3065 quomodo
3011 2996 3093 3050 his
3118 2997 3442 3052 enumeratis
3461 3037 3475 3060 ,
3502 3012 3718 3052 causam
3748 2997 3866 3051 sub-

2293 3089 2504 3160 junxit:
2538 3087 2663 3141 Hcce
2699 3088 2788 3140 tibi
2814 3104 2903 3156 pro
2930 3097 3109 3141 ornatu
3135 3087 3210 3156 (a)
3237 3103 3250 3140 :
3277 3087 3322 3140 si
3351 3087 3506 3156 igitur
3524 3085 3724 3140 Iudaea:
3753 3102 3866 3139 mu-

2300 3180 2455 3232 lieres
2479 3179 2548 3231 ob
2575 3178 2731 3232 talem
2762 3188 3006 3231 ornatum
3033 3186 3205 3231 tantas
3231 3177 3441 3232 subiere
3469 3190 3674 3245 pmnas,
3705 3177 3866 3246 patria

2297 3285 2326 3324 a
2349 3270 2701 3325 fundamentis
2716 3270 2911 3334 excisa,
2931 3279 2981 3325 et
2998 3280 3116 3339 post
3133 3277 3330 3323 tantam
3347 3269 3662 3338 voluptatem
3681 3283 3866 3332 servm,

2299 3365 2518 3433 captiva:
2547 3372 2601 3417 et
2627 3372 2902 3428 extorres,
2951 3363 3003 3416 in
3049 3363 3277 3416 alienam
3320 3362 3588 3431 regionem
3630 3360 3868 3414 abducta:

2299 3461 2441 3513 sunt,
2472 3467 2534 3505 ac
2558 3452 2700 3516 fami,
2724 3453 2855 3519 pesti
2877 3451 3122 3520 milleque
3151 3449 3408 3504 mortibus
3434 3449 3672 3513 traditze;
3695 3462 3866 3501 annon

2301 3544 2638 3614 perspicuum
2681 3553 2762 3596 est
2784 3581 2798 3606 ,
2833 3557 2930 3595 nos
2958 3543 3198 3610 graviora
3238 3554 3486 3610 passuros
3527 3552 3645 3592 esse
3667 3578 3683 3604 ,
3709 3538 3796 3608 qui
3819 3538 3866 3589 in

2299 3635 2484 3690 eadem
2521 3643 2735 3702 peccata
2767 3634 3076 3687 incidimus?
3103 3631 3558 3699 Quemadmodum
3596 3631 3743 3686 enim
3771 3630 3863 3684 lto-

2300 3738 2459 3779 nores
2483 3724 2733 3792 majores,
2767 3724 2835 3777 ita
2862 3723 3103 3792 graviora
3132 3722 3412 3791 supplicia.

2370 3813 2507 3867 Deus
2536 3830 2636 3866 non
2661 3829 2853 3881 semper
2881 3813 3064 3867 similia
3096 3822 3352 3880 peccantes
3381 3809 3609 3865 similiter
3636 3810 3865 3878 castigat.

2298 3933 2370 3944 —
2388 3904 2536 3971 Quod
2565 3905 2608 3957 si
2629 3905 2768 3957 nulla
2795 3905 2985 3958 mulier
3015 3903 3171 3957 talem
3195 3912 3437 3956 ornatum
3460 3901 3715 3955 affectans
3747 3902 3866 3953 hac-

2303 4003 2456 4048 tenus
2497 3993 2691 4063 aliquid
2721 3994 2821 4047 tale
2866 4009 3015 4062 passa
3047 4003 3165 4058 est,
3209 4007 3277 4046 ne
3318 3992 3436 4045 ideo
3466 3990 3715 4045 conﬁdat.
3763 3991 3868 4043 Mos

2299 4085 2443 4139 enim
2471 4094 2554 4139 est
2579 4086 2686 4138 Deo
2716 4099 2897 4153 poenas
2924 4084 3148 4138 delinire
3174 4084 3260 4135 nni
3287 4091 3340 4135 et
3359 4082 3530 4144 alteri,
3555 4089 3608 4134 et
3633 4095 3730 4149 per
3759 4081 3868 4133 illos

2299 4173 2750 4229 commonefacere
2777 4184 2998 4227 caeteros
3039 4187 3226 4226 omnes
3254 4171 3321 4226 de
3355 4172 3524 4240 poenis
3573 4185 3690 4239 qua:
3732 4171 3870 4239 ipsos

2299 4274 2597 4333 exceptura:
2621 4262 2762 4318 sunt.
2789 4263 2853 4319 Ut
2875 4273 3048 4317 autem
3075 4262 3124 4315 id
3156 4262 3348 4315 clarius
3371 4259 3577 4325 evadat,
3602 4269 3867 4327 peccatum

2299 4371 2458 4425 grave
2483 4356 2806 4409 admiserunt
2834 4356 2956 4407 olim
2986 4354 3017 4408 ii
3044 4355 3129 4422 qui
3158 4352 3386 4406 Sodoma
3415 4350 3745 4414 incolebant,
3780 4363 3871 4402 ex-

2303 4457 2496 4502 tremas
2534 4448 2794 4501 dederunt
2824 4461 3004 4514 poenas
3025 4487 3038 4509 ,
3075 4447 3136 4498 iis
3165 4445 3414 4498 immissis
3451 4443 3755 4505 fulminibus
3781 4481 3795 4505 ,
3825 4448 3871 4493 ct

2303 4537 2522 4594 urbibus
2543 4579 2556 4600 ,
2585 4539 2792 4607 populis
2822 4548 3065 4605 terraque
3090 4537 3201 4603 ipsa
3231 4551 3351 4589 cum
3381 4534 3692 4603 corporibus
3720 4532 3871 4586 simul

2302 4631 2607 4710 combustis.
2655 4630 2787 4697 Quid
2829 4630 3020 4699 igitur?
3064 4629 3304 4682 nullusne
3360 4640 3477 4696 post
3523 4626 3644 4679 illos
3684 4625 3869 4677 similia

2302 4738 2460 4778 ausus
2487 4722 2607 4776 est?
2635 4721 2779 4774 Mulli
2809 4730 2953 4774 certe
2975 4761 2988 4784 ,
3016 4729 3068 4772 et
3097 4720 3146 4772 in
3179 4718 3359 4772 multis
3389 4732 3482 4785 per
3505 4716 3690 4769 orbem
3724 4713 3866 4767 locis.

2301 4812 2406 4867 Cur
2439 4825 2568 4880 ergo
2609 4810 2740 4864 nihil
2771 4808 3129 4878 hujuscemodi
3174 4808 3314 4876 passi
3345 4805 3504 4859 sunt?
3548 4804 3681 4869 Quia
3721 4805 3872 4871 longe

2300 4903 2529 4973 graviori
2571 4912 2907 4956 reservantur
2962 4900 3240 4967 supplicio.
3296 4897 3420 4951 Ideo
3461 4911 3691 4964 namque
3737 4895 3873 4948 Dens

2299 5003 2574 5065 postquam
2596 4992 2645 5045 id
2669 4992 2832 5045 semel
2860 4990 2999 5052 l'eeit,
3027 4987 3245 5053 destitit,
3270 4995 3324 5040 ut
3343 4987 3432 5056 qui
3460 4987 3578 5040 talia
3599 4985 3869 5044 auderent,

2301 5085 2508 5138 etiamsi
2537 5083 2621 5136 hic
2648 5097 2830 5150 poenas
2856 5097 2960 5134 non
2991 5081 3208 5142 darent,
3240 5089 3384 5132 certo
3415 5081 3610 5133 scirent
3637 5091 3695 5130 se
3725 5092 3868 5130 num-

2299 5189 2458 5244 quam
2486 5172 2791 5242 eﬂ‘ugituros
2811 5186 2948 5226 esse.
2976 5170 3250 5237 Quomodo
3289 5170 3430 5223 enim
3460 5175 3868 5223 consentaneum

2300 5266 2488 5321 rationi
2505 5265 2682 5331 fuerit,
2699 5275 2820 5318 ante
2835 5263 3054 5331 gratiam
3073 5271 3123 5314 et
3141 5269 3262 5314 ante
3280 5262 3470 5330 legem,
3489 5274 3581 5314 eos
3600 5259 3688 5327 qui
3707 5272 3868 5327 neque

2300 5359 2583 5426 prophetas
2603 5397 2617 5422 ,
2648 5371 2817 5424 neque
2855 5355 3015 5407 alium
3050 5354 3348 5423 quempiam
3375 5350 3735 5413 audivissent,
3781 5365 3871 5418 pro

2299 5448 2544 5502 admissis
2566 5447 2795 5515 peccatis
2823 5445 2945 5498 talia
2969 5459 3149 5513 passos
3167 5458 3284 5498 esse
3303 5460 3317 5508 ;
3337 5456 3429 5496 eos
3449 5450 3624 5495 autem
3645 5441 3735 5510 qni
3761 5449 3872 5508 post

2364 5562 2436 5623 (a)
2473 5559 2552 5609 Ait
2575 5559 2936 5621 Chrysostomus
2966 5559 3136 5623 Isaiam
3159 5565 3266 5623 post
3292 5555 3709 5623 enumerationem
3749 5553 3871 5600 illam

2299 5618 2609 5671 muliebrium
2648 5618 3036 5668 ornamentorum
3069 5622 3144 5668 bis
3163 5618 3331 5667 verbis
3367 5618 3706 5664 recensionem
3743 5628 3870 5662 suam

2299 5685 2544 5734 claudere.
2561 5681 2739 5729 Ver-um
2758 5683 2861 5746 hzec
2881 5695 2972 5729 non
2991 5683 3184 5742 reperio
3209 5682 3253 5728 in
3280 5679 3437 5746 Bibliis
3454 5684 3579 5746 cxx.
3597 5676 3870 5746 sedmagna

2299 5749 2410 5796 olim
2436 5753 2541 5792 erat
2576 5743 2921 5803 exemplarium
2948 5737 3170 5803 varietas,
3213 5750 3266 5790 ut
3306 5743 3352 5790 in
3377 5738 3774 5788 l‘rtnliutinaribus
3817 5737 3870 5784 ad

2300 5809 2511 5869 tlcaapla
2535 5804 2747 5867 alibique
2770 5805 2990 5853 diximus.
