4044 6406
212 380 283 433 51
1531 370 1597 425 IN
1625 370 1851 426 ISAIAM

1959 372 2062 428 AP.
2104 374 2190 433 ΙΙΙ.
3534 397 3606 454 52

199 466 297 517 καὶ
339 465 510 536 βῆμα
543 470 727 537 ποδὸς
763 472 1087 542 ἀναγγελεῖ
1108 476 1179 528 τὰ
1222 481 1351 545 περὶ
1388 482 1590 535 αὐτοῦ.
1619 486 1727 537 Kal
1754 502 1853 538 ta-

200 552 474 607 πεινώσει
514 558 547 608 ό
576 556 721 622 Θεὸς
746 558 1051 627 ἀρχούσας
1080 564 1403 632 θυγατέρας
1428 568 1596 633 Σιὼν,
1622 571 1718 624 καὶ
1740 572 1854 625 Κύ-

191 654 325 702 ριος
352 639 729 709 ἀνακαλύψει
744 645 808 696 τὸ
830 644 1037 713 σχῆμα
1053 647 1248 701 αὐτῶν
1264 650 1418 720 ἐνῖῇ
1435 653 1847 725 ἠμέρᾳέκείνῃ,

199 722 293 773 καὶ
322 724 539 791 ἀφελεῖ
554 728 769 795 Κύριος
796 728 909 797 τὴν
940 731 1125 795 δόξαν
1159 736 1263 789 τοῦ
1300 740 1614 808 ἱματισμοῦ
1633 722 1849 797 αὐτῶν.

198 811 299 862 Δύο
326 811 443 874 θεὶς
480 813 815 884 ἐγκλήματα,
857 819 1112 872 ἀπόνοιαν
1149 823 1240 875 καὶ
1292 825 1593 892 ἀσέλγειαν,
1639 829 1853 900 ἑκάστῳ

200 897 539 965 κατάλληλον
562 901 757 969 ἐπάγει
780 904 1084 974 φάρμακον,
1112 909 1205 960 καὶ
1227 911 1475 980 προτέρῳ
1493 913 1552 964 τὸ
1569 897 1849 984 πρότερον,

198 983 273 1051 τῷ
303 984 545 1055 δευτέρῳ
572 987 631 1040 τὸ
661 990 941 1059 ἐχόμενον·
971 996 1034 1063 τῇ
1062 996 1156 1062 μὲν
1188 997 1428 1067 ἀπονοίᾳ,
1463 998 1558 1068 τὴν
1589 1000 1853 1053 ταπείνω-

198 1088 301 1133 σιν,
340 1074 419 1143 τῷ
460 1075 514 1127 δὲ
561 1078 927 1150 καλλωπισμῴ
967 1083 1059 1134 τοῦ
1099 1086 1391 1154 σχήματος,
1441 1087 1538 1156 τὴν
1575 1088 1851 1157 ἀναίρεσιν

195 1159 429 1212 ἐκείνου.
457 1161 698 1231 Πολέμου
721 1166 825 1234 γάρ
842 1168 1235 1233 καταλαϐόντος
1261 1172 1400 1235 τότε,
1424 1174 1489 1225 τὰ
1514 1174 1686 1226 πάντα
1704 1175 1851 1244 οἰχή-

197 1260 375 1309 σεται,
408 1248 590 1317 φησίν.
617 1251 684 1305 Δῖ
707 1269 765 1303 τε
788 1254 893 1322 γὰρ
924 1255 1345 1324 φλεγμαίνουσαι
1372 1261 1462 1311 καὶ
1485 1261 1848 1330 ἀπονενοημέ-

193 1349 301 1395 ναι,
343 1333 419 1402 τῷ
451 1335 599 1404 φόΰῳ
626 1339 1047 1392 κατασταλεῖσαι
1073 1353 1122 1405 ε,
1152 1343 1244 1394 τοῦ
1279 1346 1578 1414 νοσήματος
1612 1347 1849 1400 ἀπαλλα-

192 1414 487 1481 γήσονται·
527 1418 658 1469 αἵτε
693 1419 1119 1490 μαλακιζόμεναι
1148 1425 1239 1474 καὶ
1272 1425 1355 1476 διὰ
1380 1429 1593 1479 πάντων
1620 1428 1846 1498 θρυπτό-

196 1512 377 1565 μεναι,
415 1500 496 1562 εἰς
530 1501 621 1553 τὸν
648 1503 746 1570 τῆς
767 1505 1141 1573 αἰχμαλωσίας
1174 1510 1506 1577 ἐμπεσοῦσαι
1536 1510 1717 1581 ζυγὸν,
1747 1514 1850 1568 πά-

194 1599 295 1651 σης
325 1585 544 1653 ἐκείνης
572 1587 1092 1659 ἐλευθερωθήσονται
1114 1594 1213 1662 τῆς
1240 1594 1509 1663 βλακείας.

266 1669 431 1721 Ὥστε
459 1670 515 1722 δὲ
544 1672 763 1740 ποιῆσαι
793 1674 882 1727 τὸν
915 1676 1067 1744 λόγον
1088 1680 1266 1743 αὐτοῖς
1301 1684 1718 1757 φορτικώτερον,
1755 1689 1848 1740 καὶ

192 1754 547 1822 καθάψασθαι
598 1760 697 1828 τῆς
730 1760 838 1813 τῶν
889 1764 1250 1833 ἀκροωμένων
1288 1769 1541 1834 διανοίας,
1592 1754 1685 1825 καὶ
1729 1774 1847 1826 κατ’

192 1834 333 1900 εἶδος
355 1841 619 1908 διηγεῖται
640 1845 729 1898 τὸν
758 1847 1137 1921 καλλωπισμὸν
1161 1853 1266 1905 τῶν
1293 1857 1520 1923 ἱματίων
1538 1858 1644 1909 τῶν
1671 1876 1849 1926 γυναι-

192 1925 306 1977 κῶν
332 1928 557 1981 ἐκείνων
592 1932 641 1993 '0,
665 1932 773 1984 τῶν
796 1936 1050 2005 χρυσίων,
1079 1939 1169 1992 τὸν
1192 1942 1281 1993 ἐπὶ
1299 1942 1396 2011 τῆς
1425 1943 1615 2010 ὄψεως,
1647 1946 1734 1997 τὸν
1757 1948 1848 1999 ἐπὶ

192 2013 289 2065 τοῦ
320 2014 514 2068 λοιποῦ
545 2018 815 2089 σώματος,
850 2023 943 2075 καὶ
971 2026 1181 2095 πρόεισι
1203 2029 1295 2080 καὶ
1322 2030 1412 2080 ἐπὶ
1441 2030 1530 2081 τὸν
1550 2031 1648 2099 τῆς
1674 2034 1846 2096 οἰκίας

191 2099 420 2167 κόσμον.
468 2103 543 2154 Οὐ
576 2105 684 2174 γὰρ
722 2106 784 2175 δὴ
835 2109 991 2177 μόνον
1021 2111 1089 2162 τὰ
1134 2114 1358 2181 σώματα
1402 2116 1844 2182 ἐνεκαλλωπιςον,

190 2185 328 2237 ἀλλά
358 2187 458 2254 τὴν
486 2187 641 2259 ὓϐριν
664 2192 864 2262 ταύτην
887 2197 977 2247 καὶ
998 2196 1157 2267 μέχρι
1180 2199 1286 2251 τῶν
1310 2202 1503 2271 τοίχων
1534 2203 1743 2273 ἐξῆγον,
1769 2208 1848 2269 είς

189 2271 347 2325 οὐδὲν
369 2272 486 2327 δέον
504 2275 882 2348 δαπανώμεναι
900 2299 915 2313 ο
938 2284 1031 2335 καὶ
1056 2285 1151 2347 τάς
1171 2286 1363 2356 τρίχας
1389 2289 1445 2341 δὲ
1468 2271 1723 2360 στρεῦλοῦ
1734 2310 1844 2357 σαι,

189 2355 259 2409 τὰ
288 2363 467 2427 πτερά
514 2363 610 2430 τῆς
648 2366 901 2435 τοιαύτης
933 2368 1146 2438 ἀπάτης
1172 2355 1431 2425 πάντοθεν
1466 2355 1703 2430 ἐτάνυον.
1737 2355 1847 2432 Kal

190 2442 351 2497 τοῦτο
382 2446 516 2512 γοῦν
544 2450 764 2515 ἐγκαλεῖ
794 2452 987 2520 λέγων,
1018 2457 1098 2508 ὅτι
1130 2459 1361 2525 Ἀφελεῐ
1391 2463 1503 2528 τὴν
1530 2464 1717 2527 δόξαν
1742 2465 1847 2518 τοῦ

188 2530 513 2598 ίματισμοῡ
551 2536 765 2601 αὐτῶν,
808 2541 1042 2593 καὶτὸν
1088 2544 1319 2610 κόσμον
1365 2546 1580 2609 αὐτῶν,
1632 2550 1728 2601 καὶ
1776 2548 1846 2601 τὰ

188 2615 485 2682 ἐμπλόκια
510 2620 726 2684 αὐτῶν,
756 2625 853 2676 καὶ
890 2627 1032 2692 τοὺς
1059 2630 1405 2696 κορύμϐους.
1440 2634 1759 2705 Κορύμϐους
1792 2634 1846 2686 δὲ

189 2700 358 2767 λέγει,
393 2702 425 2772 ἢ
454 2705 653 2774 κόσμον
677 2708 796 2761 τινὰ
826 2712 953 2780 περὶ
982 2713 1079 2781 τὴν
1101 2716 1357 2785 κεφαλὴν,
1390 2718 1422 2785 ἦ
1450 2700 1612 2770 αὐτοῦ
1638 2719 1730 2772 τοῦ
1754 2737 1845 2772 κε-Δ

192 2787 534 2857 φαλοδέσμου
559 2792 873 2875 -τδῗσχῆμα
915 2796 1022 2850 Καὶ
1063 2799 1203 2865 τοὺς
1238 2804 1603 2869 μηνίσκουςο
1646 2807 1847 2875 κόσμον

190 2871 321 2938 περὶ
353 2871 447 2921 τὸν
469 2873 738 2942 τράχηλον
773 2876 1098 2949 σεληνοειδῆ.
1128 2880 1238 2934 Καὶ
1274 2884 1338 2935 τὸ
1368 2884 1607 2953 κάθεμα.
1638 2871 1787 2957 Τάχα
1821 2899 1842 2926 ο

187 2954 250 3007 τὸ
274 2955 563 3025 θέριστρον
587 2958 749 3026 λέγει.
784 2963 891 3015 Kal
909 2965 1013 3017 τὸν
1034 2970 1263 3035 κόσμον
1283 2970 1390 3022 τοῦ
1410 2954 1729 3038 προσώπου
1742 2954 1849 3027 αὐ-

188 3040 330 3093 τῶν.
372 3041 486 3114 [45]
524 3045 787 3100 Ἐνταῦθά
818 3066 906 3117 μοι
930 3051 1076 3103 δοκεῖ
1105 3054 1477 3125 ἐπιτρίμματα
1501 3060 1593 3111 καὶ
1619 3061 1849 3130 ὑπογρα-

192 3128 300 3197 φάς
334 3130 683 3187 αἰνίττεσθαι.
730 3136 836 3188 Kal
882 3137 995 3202 τὴν
1022 3141 1310 3194 σύνθεσιν
1339 3143 1444 3195 τοῦ
1483 3148 1708 3213 κόσμου
1740 3146 1850 3212 τῆς

191 3213 402 3280 δόξης.
436 3217 606 3269 Τοῦτο
634 3221 987 3290 περιχρύσιόν
1024 3242 1173 3294 φησι.
1206 3227 1314 3280 Καὶ
1342 3229 1481 3293 τοὺς
1520 3230 1844 3297 χλιδῶνας*

191 3300 263 3352 τά
287 3302 416 3371 περὶ
439 3304 566 3365 τοὺς
590 3302 876 3374 βραχίονας
902 3311 1119 3381 χρυσία.
1143 3314 1251 3366 Καὶ
1276 3316 1346 3367 τὰ
1370 3315 1698 3383 ψέλλια·τά
1724 3319 1849 3389 περὶ

191 3386 320 3448 τοὺς
351 3388 617 3459 καρπούς.
647 3390 752 3444 Kal
779 3392 844 3445 τὸ
862 3395 1186 3462 ἐμπλόκιον
1204 3415 1217 3429 ο
1243 3400 1441 3469 κόσμον
1464 3402 1693 3470 χρυσοῦν
1726 3386 1852 3474 περ)⁹

192 3471 294 3540 τὴν
328 3474 589 3544 κεφαλήν.
626 3478 733 3530 Kal
758 3479 899 3544 τοὺς
919 3480 1279 3550 δακτύλους,
1300 3486 1397 3538 καὶ
1417 3488 1488 3540 τὰ
1516 3471 1816 3555 περιδέξιά
1834 3506 1849 3521 ⁸

195 3556 231 3608 ἃ
264 3558 484 3626 λέγουσι
517 3560 780 3632 δεξιάρια.
824 3567 929 3619 Kal
976 3568 1047 3621 τὰ
1091 3570 1317 3633 ἐνώτια,
1345 3574 1440 3625 καὶ
1475 3574 1544 3627 τὰ
1581 3576 1853 3644 περιπόρ-

196 3661 377 3711 pupa,
411 3648 509 3699 καὶ
558 3650 628 3701 τὰ
650 3655 1098 3721 μεσοπόρφυρα,
1130 3657 1225 3709 καὶ
1257 3658 1327 3710 τὰ
1367 3660 1738 3728 ἐπιϐλήματα
1780 3661 1853 3715 τὰ

197 3733 348 3785 κατὰ
368 3732 483 3799 τὴν
508 3736 723 3800 οὶκίαν,
752 3739 848 3790 καὶ
870 3741 940 3792 τὰ
960 3740 1218 3809 διαφανῆ
1240 3747 1569 3800 Λακωνικά.
1604 3749 1850 3820 Τοσαύτη

196 3815 389 3888 γὰρῆν
413 3820 593 3872 αὐτῶν
619 3823 650 3891 ἡ
680 3825 805 3893 περὶ
827 3825 925 3896 τὴν
945 3827 1226 3895 ἀσέλγειαν
1248 3833 1469 3902 σπουδὴ,
1495 3834 1569 3896 ὡς
1592 3835 1664 3904 μὴ
1696 3815 1853 3904 μόνον

196 3907 311 3967 τοῖς
349 3906 635 3976 ἐγχωρίοις
676 3911 998 3980 κεχρῆσθαι,
1048 3916 1183 3969 ἀλλά
1211 3918 1305 3969 καὶ
1338 3919 1617 3990 πόρρωθεν
1660 3924 1723 3974 ἐκ
1757 3924 1855 3993 τῆς

196 3989 485 4061 ἀλλοτρίας
514 3994 677 4057 αὑτάς
707 3996 1000 4067 συλλέγειν,
1041 4003 1134 4054 καὶ
1168 4005 1502 4070 διαποντίους
1551 3989 1855 4079 ἀποδημίας

198 4074 339 4142 ὑπὲρ
364 4076 543 4127 αὐτῶν
559 4077 886 4132 στέλλεσθαι.
916 4082 1055 4135 Πολὺ
1079 4084 1185 4155 γὰρ
1205 4087 1262 4138 τὸ
1285 4087 1445 4155 μέσον
1464 4090 1559 4157 τῆς
1577 4074 1857 4143 Παλαιστί-

195 4176 294 4229 νης
323 4161 418 4212 καὶ
450 4161 547 4231 τῆς
580 4163 996 4233 Λακεδαίμονος,
1029 4171 1121 4221 καὶ
1143 4172 1373 4240 πέλαγος
1402 4176 1647 4245 ἄπειρον.

268 4244 335 4297 θ’.
362 4246 472 4313 Οὐχ
500 4247 683 4310 ἁπλῶς
712 4250 891 4302 τοίνυν
919 4252 1017 4322 τὴν
1043 4256 1271 4325 πατρίδα
1301 4244 1560 4323 τέθεικεν,
1602 4263 1758 4330 ἀφεὶς
1788 4263 1855 4316 τά

195 4329 501 4400 ἐσθήματα,
532 4333 643 4385 ἀλλ’
672 4334 810 4387 ὥστε
840 4337 935 4407 τὴν
970 4341 1407 4409 ὑπερϐάλλουσαν
1446 4349 1622 4400 αὐτῶν
1658 4349 1853 4401 ἀκολα-

198 4416 322 4469 σίαν
369 4418 629 4489 ἐμφῆναι,
671 4422 780 4474 Καὶ
797 4423 1285 4487 τὰβύσσινιι,καὶ
1322 4433 1856 4498 τὰύακίνθινα,καὶ

196 4504 270 4554 τὰ
299 4504 569 4567 κόκκινα,
589 4507 689 4559 καὶ
704 4509 817 4575 τὴν
839 4510 1089 4573 ,βύσσον
1105 4515 1224 4567 σὺν
1240 4518 1443 4583 χρυσῷ
1471 4521 1567 4572 καὶ
1596 4524 1858 4587 ὑακίνθῳ

196 4589 815 4658 συγκαϐυφασμένην,
849 4595 947 4646 καὶ
971 4598 1248 4665 θέριστρα
1274 4600 1669 4656 κατάκλειστα
1695 4604 1720 4643 ἀ
1751 4609 1858 4662 τοῦ

198 4673 477 4737 χρυσίου.
511 4675 673 4727 Οὐδὲν
701 4677 807 4746 γάρ
837 4676 994 4742 εἶδος,
1021 4683 1118 4736 οὐκ
1162 4685 1218 4735 ἐν
1248 4685 1502 4753 ἱματίοις,
1549 4689 1647 4741 οὐκ
1688 4692 1744 4742 ἐν
1781 4693 1858 4761 τῷ

197 4754 370 4823 λοιπῷ
383 4757 568 4823 κόσμῳ
589 4760 895 4826 κατέλιπον,
921 4763 1055 4815 ἀλλὰ
1072 4767 1250 4818 πᾶσαν
1271 4769 1497 4837 ἐπῆλθον
1520 4754 1860 4837 πολυτελείας

197 4840 337 4903 ὁδὸν,
361 4844 426 4909 τῇ
456 4845 555 4911 τῆς
582 4844 864 4911 ἀσελγείας
903 4848 1345 4918 ἐκϐακχευθεῖσαι
1380 4858 1671 4924 τυραννίδι.

272 4926 460 4980 Ταῦτα
492 4928 548 4980 δὲ
578 4932 625 4981 εἰ
655 4931 774 4983 τότε
802 4932 1124 5003 ἐγκλήματα
1146 4932 1211 5008 ἦν
1246 4941 1350 5009 πρὸ
1388 4943 1483 5011 τῆς
1517 4946 1736 5014 χάριτος
1765 4947 1859 4999 καὶ

200 5013 299 5080 τῆς
331 5013 599 5082 τοσαύτης
624 5016 954 5085 φιλοσοφίας,
992 5021 1147 5085 ποίας
1187 5022 1252 5076 ἂν
1289 5025 1497 5096 τύχοιεν
1534 5013 1862 5101 συγγνώμης

202 5102 258 5153 αἱ
290 5101 427 5170 πρὸς
464 5102 554 5153 τὸν
593 5103 818 5175 οὐρανὸν
860 5106 1137 5175 κληθεῖσαι
1168 5109 1279 5175 νῦν,
1315 5115 1408 5165 καὶ
1438 5116 1515 5177 είς
1552 5119 1862 5188 μακρότερα

206 5191 528 5259 σκάμματα,
565 5192 657 5244 καὶ
684 5194 816 5263 πρὸς
841 5196 929 5248 τὸν
963 5196 1069 5250 τῶν
1096 5200 1341 5267 ἀγγέλων
1370 5203 1653 5273 ἑλκόμεναι
1682 5208 1859 5277 ζῆλον,

206 5281 297 5332 καὶ
339 5281 477 5348 μετά
517 5282 758 5345 πλείονος
802 5283 898 5351 τῆς
938 5285 1235 5355 ὑπερϐολῆς
1274 5290 1473 5359 ταύτην
1507 5294 1730 5345 νικῶσαι
1765 5294 1862 5365 τὴν

205 5367 509 5435 ἀσέλγειαν,
544 5371 635 5423 καὶ
662 5375 758 5433 τὰς
785 5372 876 5423 ἐπὶ
897 5372 994 5441 τῆς
1023 5374 1224 5444 σκηνῆς
1251 5377 1692 5448 ἀποκρύπτουσαι
1714 5396 1727 5445 ;
1755 5382 1862 5434 Kal

269 5563 437 5626 “Reg.
480 5568 534 5613 et
570 5567 780 5617 Savilius
820 5569 1187 5618 καταστείλασαι
1224 5573 1371 5623 male.
1396 5574 1580 5624 Ibidem
1619 5577 1863 5626 ἀπαλλάσ-

212 5641 386 5673 σονται.

272 5684 299 5758 [⁵
490 5689 585 5758 τῶν
604 5692 836 5758 γυναικῶν
859 5689 1065 5758 ἐκε-ίνωχ,
1089 5692 1268 5741 desunt
1284 5692 1333 5742 ill
1361 5696 1481 5758 Reg.
1507 5704 1557 5744 et
1579 5697 1719 5747 Savil.

271 5747 295 5811 εξ
321 5747 456 5806 Τάχα
478 5747 625 5811 εδεεῐ
643 5764 666 5797 a
692 5750 812 5811 Reg.
837 5756 890 5799 et
920 5747 1065 5799 Savill

272 5804 297 5842 (ί
324 5804 441 5862 υιιάξ
464 5810 741 5879 κατείληπται
767 5804 926 5879 υειξρηι
968 5814 1175 5869 dixerat,
1200 5813 1286 5879 hic_
1320 5817 1634 5879 κατοίκ).ειστα
1684 5824 1820 5867 vocat
1848 5834 1860 5879 ;

218 5865 452 5915 allorulro
478 5868 527 5914 in
558 5871 661 5918 loco
701 5865 929 5922 mendum
960 5885 1069 5922 esse
1095 5865 1211 5935 pulo
1237 5910 1246 5918 .
1276 5875 1323 5922 in
1355 5876 1517 5924 Bibliis
1551 5865 1825 5927 κατάυῖιξαζ

1957 488 2017 541 τὸ
2041 490 2102 560 δὴ
2129 491 2517 564 χαλεπώτερον,
2547 494 2626 545 ὅτι
2671 493 2790 546 οὐδὲ
2836 494 3165 563 ἁμαρτάνειν
3200 493 3474 564 ηγυῦνται.
3510 492 3600 547 Διδ

1957 575 2051 627 καὶ
2082 578 2217 646 πρὸς
2245 578 2410 641 αὐτὰς
2441 579 2652 649 ἀνάγκη
2680 581 2777 647 τὴν
2813 579 2902 632 τοῦ
2940 581 3213 649 προφήτου
3242 579 3422 649 φωνὴν
3451 578 3601 633 ὁπλί-

1957 679 2063 716 σαι.
2095 664 2167 715 Ού
2198 664 2303 734 γὰρ
2330 663 2393 733 δὴ
2424 665 2580 731 μόνον
2612 664 2747 733 πρὸς
2772 665 2999 728 ἐκείνας,
3032 664 3164 717 άλλά
3190 666 3283 717 καὶ
3310 666 3445 735 πρὶς
3473 665 3601 717 ταύ-

1952 766 2045 812 τας
2088 751 2362 820 εἰρήσεται
2408 750 2467 801 τὸ
2512 750 2863 818 ἐπαγόμενον,
2890 752 2971 803 ὅτι
3003 753 3211 805 Ἔσται
3235 751 3368 805 ἀντὶ
3404 750 3600 819 ὀσμῆς

1951 835 2153 902 ἡδείας
2191 837 2506 902 κονιορτός.
2524 836 2683 909 Ὁρᾷς
2717 836 2832 898 πῶς
2860 838 2950 889 καὶ
2984 838 3082 908 τὴν
3105 837 3213 890 τῶν
3241 838 3424 907 μύρων
3454 839 3598 890 ἀλοι-

1952 921 2055 990 φὴν
2080 919 2347 982 ἐκόάλλει,
2384 922 2477 973 καὶ
2520 921 2759 990 μεγάλην
2784 924 2917 991 αύτῇ
2952 924 3128 990 τίθησι
3156 923 3457 993 τιμωρίανς
3502 925 3602 975 Κο-

1950 1012 2154 1081 νιορτὺν
2186 1012 2293 1082 γὰρ
2334 1011 2563 1064 ἐνταῦθά
2602 1029 2731 1080 φησι
2761 1013 2849 1065 τὸν
2884 1015 3165 1082 αἰρόμενον
3200 1012 3335 1079 μετά
3366 1011 3462 1081 τὴν
3501 1010 3599 1081 τῆς

1950 1098 2154 1160 πόλεως
2183 1098 2536 1167 κατασκαφὴν
2561 1099 2655 1149 καὶ
2679 1097 2776 1167 τὴν
2800 1097 2907 1149 τῶν
2938 1098 3227 1168 βαρϐάρων
3258 1096 3464 1164 ἔφοδον.
3490 1099 3600 1151 Kal

1948 1184 2055 1253 γὰρ
2082 1186 2173 1237 καὶ
2197 1184 2328 1255 πυρὶ
2362 1185 2452 1236 καὶ
2480 1183 2681 1254 σιδήρῳ
2704 1185 2821 1235 τότε
2844 1185 3011 1254 αὐτὴν
3033 1185 3385 1253 διενείμαντο,
3411 1183 3470 1235 τὸ
3503 1185 3601 1253 μὲν

1948 1271 2117 1339 αὐτῆς
2152 1271 2616 1338 κατασκάψαντες,
2644 1272 2702 1322 τὸ
2743 1270 2799 1322 δὲ
2841 1271 3153 1341 ἐμπρησμῷ
3195 1269 3523 1341 παραδόντες
3553 1282 3598 1326 ο.

1947 1357 2131 1410 Ταῦτα
2162 1354 2253 1410 οῦν
2284 1357 2559 1427 προλέγων
2600 1356 2803 1424 ἔλεγεν,
2840 1359 2919 1409 ὅτι
2958 1358 3113 1412 Ἀντί
3156 1359 3351 1426 ὀσμῆς
3396 1358 3603 1423 ἡδείας

1948 1444 2119 1497 ἔσται
2151 1444 2475 1510 κονιορτὸς,
2508 1444 2606 1496 καὶ
2637 1444 2766 1496 ἀντὶ
2801 1442 2982 1510 ζώνης
3014 1445 3261 1511 σχοινίῳ
3289 1441 3476 1510 ζώσῃ·
3510 1444 3603 1495 ὑπ’

1947 1529 2067 1598 δψιν
2093 1529 2239 1596 ἄγων
2262 1529 2357 1598 τῆς
2392 1528 2763 1599 αἰχμαλωσίας
2796 1528 2856 1580 τὸ
2887 1530 3091 1598 σχῆμα,
3129 1529 3221 1583 καὶ
3249 1528 3345 1598 τὴν
3379 1529 3470 1580 ἐπὶ
3502 1528 3601 1595 τὴν

1949 1616 2219 1688 βάρϐαρον
2246 1617 2425 1688 χώραν
2450 1619 2767 1688 ἀπαγωγήν.
2800 1618 2908 1670 Kal
2939 1618 3069 1670 ἀντὶ
3102 1618 3207 1671 τοῦ
3238 1620 3468 1687 κόσμου
3491 1617 3602 1685 τῆς

1948 1704 2215 1772 κεφαλῆς
2259 1720 2373 1758 σου
2419 1704 2781 1773 φαλάκρωμα
2819 1704 3011 1769 ἕξεις·
3056 1703 3088 1773 ἢ
3137 1704 3243 1756 τῶν
3271 1705 3470 1775 τριχῶν
3496 1706 3603 1757 ἀπὺ

1947 1790 2045 1858 τῆς
2087 1790 2455 1860 ταλαιπωρίας
2496 1790 2890 1861 ἀπορρυεισῶν,
2917 1790 2950 1859 ἢ
2980 1789 3085 1842 τῶν
3131 1790 3402 1860 πολεμίων
3448 1790 3539 1842 τοῦ
3554 1807 3606 1842 ιο

1949 1874 2345 1946 ἐργαζομένων,
2374 1877 2406 1946 ἢ
2437 1876 2613 1929 αὐτῶν
2643 1877 3028 1940 ἐαυτάς.Ἒθος
3060 1876 3168 1946 γὰρ
3194 1872 3261 1945 ἦν
3282 1876 3343 1928 τὸ
3378 1877 3602 1928 παλαιόν

1948 1965 2005 2015 ἐν
2036 1963 2213 2018 πένθει
2244 1965 2337 2017 καὶ
2372 1964 2621 2033 συμφορᾷ
2647 1963 3033 2033 ἀποκείρεσθαι
3067 1963 3161 2014 καὶ
3200 1962 3472 2032 ξύρεσθαι.
3494 1964 3602 2014 Καὶ

1947 2049 2053 2119 γὰρ
2080 2052 2109 2103 ὁ
2151 2050 2268 2103 Ἰὼϐ
2301 2051 2627 2121 ἀπεκείρατο
2652 2049 2748 2120 τὴν
2776 2050 3032 2119 κεφαλὴν,
3064 2049 3303 2112 ἀκούσας
3335 2049 3443 2101 τῶν
3473 2048 3603 2101 παί-

1945 2137 2049 2190 δων
2076 2137 2173 2206 τὴν
2207 2138 2505 2207 συμφοράν.
2545 2138 2654 2190 Kal
2682 2136 2885 2207 προῖὼν
2910 2140 2937 2189 ὁ
2964 2137 3267 2207 προφήτης,
3295 2135 3431 2204 μετά
3466 2136 3601 2188 σάκ-

1946 2240 2041 2275 κου
2069 2225 2161 2276 καὶ
2186 2223 2413 2275 κοπετοῦ
2441 2227 2531 2277 καί
2572 2223 2628 2287 ξύ
2640 2241 2791 2293 ρησιν
2824 2222 2991 2291 ἔφησε
3015 2221 3285 2289 γενέσθαι.
3310 2221 3417 2273 Kal
3444 2221 3603 2283 ἄλλος

1947 2308 2104 2361 πάλιν
2133 2309 2299 2377 φησί·
2350 2310 2459 2362 Kal
2505 2308 2763 2376 ξυρῆσαι
2812 2309 2907 2361 καὶ
2945 2308 3129 2375 κεῖραι
3160 2307 3256 2359 ἐπὶ
3308 2306 3381 2358 τὰ
3422 2305 3601 2359 τέκνα

1946 2411 2061 2448 σου
2086 2398 2156 2447 τὰ
2192 2396 2463 2463 τρυφερά.
2497 2395 2601 2449 Kal
2625 2395 2754 2447 ἀντὶ
2777 2394 2881 2446 τοῦ
2907 2392 3152 2461 χιτῶνος
3176 2392 3282 2445 τοῦ
3305 2407 3602 2460 μεσοπορ-

1945 2482 2135 2547 φύρου
2167 2480 2451 2549 περιζώσῃ
2484 2477 2883 2550 σάκκον.’Ἃρα
2928 2481 2986 2531 οὐ
3035 2480 3180 2531 δοκεῖ
3218 2479 3422 2548 φοϐερὰ
3466 2475 3600 2530 εἶναι

1945 2567 2114 2620 ταῦτα
2158 2568 2251 2619 καὶ
2301 2568 2582 2636 ἀφόρητας
2622 2567 2759 2618 Ἀλλ’
2790 2567 2873 2633 ἐρ’
2901 2565 3057 2634 ἡμῶν
3098 2565 3158 2616 οὗ
3205 2565 3365 2633 μέχρι
3397 2564 3600 2615 τούτων

1948 2654 2201 2723 στήσεται
2251 2653 2317 2705 τά
2360 2655 2458 2723 τῆς
2511 2652 2794 2721 τιμωρίας,
2820 2651 2953 2704 ἀλλὰ
2992 2650 3204 2719 σκώληξ
3254 2650 3454 2711 ἰοϐόλος
3507 2648 3600 2701 καὶ

1947 2738 2133 2801 σκότος
2175 2739 2522 2809 ἀτελεύτητον
2575 2736 2687 2809 [46]
2736 2737 3047 2800 διαδέξεται.
3106 2737 3167 2788 Εἰ
3209 2735 3318 2805 γὰρ
3363 2735 3602 2795 ἐκείνους

1945 2825 2285 2895 αἰχμαλωσία
2334 2826 2425 2878 καὶ
2462 2825 2675 2877 δουλεία
2708 2823 2805 2876 καὶ
2842 2823 2909 2875 τὰ
2941 2823 3144 2892 ἐσχατα
3176 2820 3404 2891 ἀνέμενε
3456 2819 3603 2873 κακὰ

1946 2913 2063 2965 ἀντὶ
2111 2910 2205 2964 τοῦ
2254 2910 2639 2980 καλλωπισμοῦ
2662 2927 2677 2943 ο
2721 2911 2801 2963 ὃτι
2849 2909 2956 2980 γὰρ
2980 2908 3168 2960 τούτου
3197 2907 3393 2977 ἀπῄτει
3422 2906 3599 2971 δίκην,

1947 2996 2038 3050 καὶ
2068 2996 2246 3059 ίδικῶς
2274 2997 2372 3067 τὴν
2406 2996 2676 3066 ἁμαρτίαν
2703 2995 2902 3064 ταύτην
2934 2993 3208 3055 ἐκόλαζεν,
3233 2992 3462 3044 ἄκουσον
3489 2990 3604 3051 πῶς

1947 3081 2243 3144 καταλέξας
2270 3083 2470 3144 ἐκεῖνα,
2502 3082 2742 3150 ἐπήγαγε
2792 3079 2876 3131 καὶ
2909 3081 3005 3147 τὴν
3039 3078 3216 3130 αἰτίαν
3236 3092 3250 3106 °
3284 3074 3473 3127 Ταῦτά
3504 3090 3603 3127 σοι

1954 3166 2087 3219 ἀντὶ
2113 3166 2555 3234 καλλωπισμοῦ.
2595 3168 2643 3217 εἰ
2664 3165 2840 3217 τοίνυν
2867 3164 3113 3217 Ἰουδαίαι
3133 3164 3386 3228 γυναῖκες
3403 3160 3606 3211 κεκαλο

1948 3251 2285 3322 λωπισμέναι
2317 3253 2585 3322 τοσαύτην
2630 3252 2924 3320 ὑπέμειναν
2960 3248 3250 3319 τιμωρίαν,
3281 3248 3379 3342 τῆς
3410 3244 3607 3342 πατρί-

1947 3338 2035 3401 δος
2073 3340 2137 3391 ἐκ
2179 3337 2392 3408 βάθρων
2423 3337 2879 3407 άνασπασθείσης,
2924 3336 3019 3388 καὶ
3075 3334 3209 3403 μετά
3262 3332 3358 3401 τὴν
3405 3332 3606 3400 πολλὴν

1949 3427 2155 3495 τρυφὴν
2188 3426 2369 3479 δοῦλαι
2395 3426 2489 3478 καὶ
2518 3425 2848 3495 αἰχμάλωτοι
2883 3421 3255 3513 καὶάπόλιδες
3280 3420 3357 3513 εἰς
3387 3416 3485 3513 την
3511 3418 3607 3513 ἀλῗ

1950 3510 2169 3582 λοτρίαν
2202 3512 2577 3581 ἀπενεχθεῖσαι
2610 3510 2813 3581 χώραν,
2842 3510 2933 3561 καὶ
2981 3506 3122 3603 λιμῷ
3152 3506 3266 3603 ’καὶ
3285 3502 3470 3603 υλριμῴ
3514 3502 3607 3603 καὶ

1952 3597 2196 3660 θανάτοις
2243 3597 2628 3668 παραδοθεῖσαι
2684 3597 2923 3666 μυρίοις·
2970 3593 3085 3655 πῶς
3114 3593 3211 3643 οὐκ
3254 3589 3490 3659 εὔδηλον,
3524 3589 3607 3641 ὅτι

1952 3684 2305 3755 χαλεπώτερα
2348 3687 2507 3754 ἡμεῖς
2541 3683 2837 3752 πεισόμεθα
2881 3684 2989 3744 τοῖς
3020 3681 3203 3741 αὐτοῖς
3250 3677 3607 3748 περιπίπτον-

1952 3788 2069 3833 τεςς
2094 3772 2300 3841 ’Ὠσπερ
2324 3770 2431 3841 γὰρ
2458 3771 2514 3824 αἰ
2542 3769 2698 3840 τιμαὶ
2722 3768 2957 3839 μείζους,
2985 3765 3126 3818 οὕτω
3152 3766 3245 3818 καὶ
3270 3766 3324 3816 αἰ
3349 3762 3608 3833 τιμωρίαι

1954 3857 2267 3928 βαρύτεραι.

2024 3949 2084 3999 Εἰ
2118 3947 2172 3998 δὲ
2206 3948 2277 4018 μή
2306 3964 2388 4009 τις
2416 3947 2626 4000 οὐδέπω
2650 3946 2709 3996 τὸ
2738 3942 2972 3995 τοιοῦτον
3021 3939 3186 4033 ἔπαθε
3228 3935 3608 4033 ,γυνὴμαλλω-

1954 4035 2245 4103 πισαμένη,
2279 4034 2351 4103 μὴ
2389 4030 2843 4102 θαρῤείτω.Ἔθος
2871 4029 2977 4098 γάρ
3020 4026 3097 4096 τῷ
3146 4025 3263 4094 Θεῷ
3310 4022 3485 4088 τοῦτο,
3511 4021 3608 4083 τὰς

1952 4121 2219 4190 τιμωρίας
2252 4120 2451 4189 ὁρίζειν
2480 4120 2563 4186 ἐφ’
2599 4118 2714 4179 ἐνὸς
2741 4118 2835 4169 καὶ
2866 4114 3136 4185 δευτέρου,
3172 4112 3265 4164 καὶ
3295 4111 3360 4163 δι’
3387 4109 3608 4162 ἐκείνων

1954 4206 2257 4274 νομοθετεῖν
2288 4208 2397 4269 τοῖς
2426 4205 2627 4266 λοιποῖς
2656 4206 2821 4258 ἅπασι
2862 4203 2929 4255 τά
2962 4198 3382 4269 καταληψόμενα
3414 4196 3609 4257 αὐτοὺς

1954 4292 2242 4344 δεινά.“ῐνα
2274 4292 2329 4345 δὲ
2369 4292 2460 4345 καὶ
2493 4292 2817 4361 σαφέστερον
2866 4289 2893 4340 ὃ
2932 4288 3076 4355 λέγω
3106 4286 3332 4354 ποιήσω,
3365 4284 3610 4351 ἥμαρτον

1955 4380 2227 4450 ἁμαρτίαν
2262 4378 2500 4449 χαλεπὴν
2530 4379 2579 4431 οἰ
2609 4379 2675 4430 τὰ
2704 4378 2908 4445 Σόδομα
2940 4373 3211 4433 οἰκοῦντές
3239 4382 3390 4422 ποτε’
3428 4369 3611 4420 ἔδοσαν

1954 4466 2107 4537 δίκην
2150 4468 2247 4537 τὴν
2283 4467 2535 4535 ἐσχάτην,
2579 4464 2687 4515 τῶν
2719 4462 2971 4530 σκηπτῶν
3007 4456 3229 4510 ἐκείνων
3265 4455 3612 4524 κατενεχθέν-

1955 4570 2082 4614 των,
2113 4553 2205 4605 xal
2229 4554 2335 4604 τῶν
2364 4553 2590 4612 πόλεων,
2618 4548 2834 4600 καὶτῶν
2863 4548 3045 4615 δήμων
3070 4545 3164 4597 καὶ
3189 4546 3287 4613 τῆς
3310 4543 3410 4611 γῆς
3433 4542 3615 4605 αὐτοῖς

1959 4641 2203 4708 σώμασιν
2253 4636 2675 4708 ἐμπρησθέντων
2720 4635 2991 4687 ἀπάντων.
3022 4632 3087 4683 Τί
3114 4629 3245 4695 οῦν;
3276 4630 3461 4726 ὀὐδεὶς
3500 4630 3614 4726 μετ’

1958 4726 2196 4787 ἐκείνους
2221 4726 2285 4778 τά
2313 4726 2533 4777 ἐκείνων
2563 4724 2827 4792 ἐτόλμησε
2851 4740 2864 4784 ;
2894 4720 3084 4773 Πολλοὶ
3121 4720 3218 4788 μὲν
3245 4713 3356 4779 οὖν,
3384 4718 3475 4769 καὶ
3499 4715 3618 4767 πολ-

1958 4812 2120 4880 λαχοῦ
2147 4812 2246 4879 τῆς
2276 4811 2616 4881 οἰκουμένης.
2652 4810 2773 4872 Πῶς
2803 4806 2893 4861 οὖν
2931 4808 3081 4859 οὐδὲν
3111 4805 3344 4858 τοιοῦτον
3381 4801 3614 4897 ἔπαθονς

1963 4899 2081 4949 Ὅτι
2125 4899 2287 4968 ἑτέρα
2332 4898 2681 4967 χαλεπωτέρᾳ
2729 4895 3016 4965 τηροῦνται
3061 4891 3318 4961 τιμωρία.
3370 4888 3465 4938 Διά
3509 4888 3617 4955 γὰρ

1959 4985 2115 5037 τοῦτο
2150 4984 2295 5048 ἅπαξ
2334 4984 2464 5036 αὐτὸ
2508 4984 2739 5051 ποιήσας
2762 4983 2789 5033 ὁ
2812 4980 2941 5041 Θεὸς
2965 4978 3193 5045 ἀπέστη,
3222 4977 3306 5027 ἵνα
3325 4975 3373 5026 οἰ
3394 4975 3461 5026 τά
3480 4974 3617 5025 αὐτὰ

1960 5071 2282 5141 τολμῶντες,
2315 5071 2414 5123 κᾶν
2445 5071 2517 5140 μὴ
2546 5069 2705 5121 δῶσιν
2733 5065 2962 5119 ἐνταῦθα
2983 5064 3156 5133 δίκην,
3182 5062 3379 5124 εἰδότες
3400 5054 3500 5113 ὦσι
3525 5076 3618 5111 σα-

1962 5159 2095 5227 φῶς,
2123 5160 2201 5210 ὅτι
2232 5158 2484 5210 οὐδέποτε
2514 5154 2905 5222 διαφεύξονται.
2936 5151 3055 5212 Πῶς
3082 5149 3187 5218 γὰρ
3216 5149 3280 5201 ἂν
3304 5147 3415 5217 ἔχοι
3438 5146 3617 5211 λόγον,

1960 5245 2066 5313 πρὸ
2102 5244 2202 5313 μὲν
2230 5244 2329 5313 τῆς
2361 5243 2581 5313 χάριτος
2610 5242 2703 5293 καὶ
2736 5240 2828 5292 τοῦ
2869 5239 3055 5327 νόμου,
3089 5237 3181 5288 καὶ
3214 5235 3365 5327 ,μήτε
3414 5249 3620 5327 προςη-

1960 5330 2085 5393 τῶν,
2120 5333 2251 5400 μήτε
2293 5330 2448 5383 ἄλλου
2478 5329 2620 5390 τινὸς
2655 5326 2977 5397 ἀκηκοότας,
3015 5322 3358 5392 ἁμαρτόντας
3400 5335 3620 5372 τοιαυτα

1963 5416 2171 5479 παθεῖν,
2206 5417 2329 5478 τοὺς
2374 5415 2431 5467 δὲ
2477 5417 2591 5483 μετ’
2621 5413 2855 5474 ἐκείνους
2899 5410 3166 5480 τοσαύτης
3212 5406 3619 5466 ἀπολαύσαντας

1964 5504 2237 5573 προνοίας,
2262 5502 2354 5553 καὶ
2386 5501 2517 5569 μηδέ
2546 5498 2623 5569 τῷ
2649 5497 3045 5568 παραδείγματι
3066 5494 3385 5563 γενομένους
3410 5506 3619 5557 σωφρο-

1963 5586 2263 5656 νεστέρους,
2298 5584 2325 5635 ὃ
2375 5582 2551 5653 πολλῷ
2580 5582 2963 5652 χαλεπωτάτην
2990 5582 3134 5632 ποιεῖ
3311 5573 3614 5676 ἀματρτίασν,

1962 5674 2239 5741 διαφυγεῖν
2281 5672 2377 5741 τὴν
2421 5671 2511 5723 ἐπὶ
2553 5669 2708 5723 τοῦτο
2752 5669 3006 5741 κειμένην
3034 5668 3220 5735 δίκην;
3252 5662 3373 5725 Πῶς
3400 5662 3490 5715 οὖν
3520 5662 3621 5711 οὐκ

2032 5878 2054 5905 ο
2090 5875 2211 5935 Reg.
2235 5879 2285 5923 cl
2304 5875 2448 5923 Savil.
2476 5874 2814 5937 παραδιδόντες.
