4044 6414
431 372 507 430 53
1195 388 1252 441 S.
1292 388 1571 443 JOANNIS
1606 384 2083 445 οιιιιγεοετοω
2123 386 2443 447 ARCIIIEP.
2483 394 3014 451 CONSTANTINOP.
3753 411 3839 467 54

436 481 623 537 ἔδοσαν
643 488 855 543 οὐδέπω
890 494 982 545 καὶ
1009 496 1282 565 σήμερον;
1312 498 1423 550 Ἵνα
1452 499 1627 567 μάθῃς
1653 500 1734 551 ὅτι
1764 497 1897 550 πολὺ
1922 496 2075 565 χαλε-

436 572 655 642 πωτέρᾳ
678 576 965 645 τηροῦνται
991 584 1248 653 τιμωρίᾳ.

513 690 697 745 ι’.Ὂτι
721 694 830 764 7&9
848 696 965 749 ἐστι
983 699 1329 771 χαλεπώτερα
1354 702 1597 771 Σοδόμων
1613 702 1824 764 παθεῖν,
1853 702 2080 755 ἄκουσον

435 775 530 829 τοῦ
564 778 799 848 Χριστοῦ
832 782 1109 850 λέγοντοςο
1153 786 1560 855 Ἀνεκτότερον
1584 789 1752 841 ἔσται
1792 786 1868 855 τῇ
1907 787 2081 840 Σοδό-

432 878 562 929 μων
592 865 688 916 καὶ
734 868 1039 935 Γομόρῤας
1073 872 1142 923 ἐν
1178 873 1366 940 ἡμέρᾳ
1411 875 1680 940 κρίσεως,
1718 873 1755 939 ἢ
1802 872 1877 940 τῇ
1911 873 2083 925 πόλει

436 946 811 1015 ταύτῃ.Ὦστε
838 952 936 1004 κᾶν
968 954 1433 1025 καλλωπιζόμεναι
1463 957 1555 1010 νῦν
1598 959 1848 1024 γυναῖκες
1877 956 1949 1026 μὴ
1979 956 2081 1008 πά-

437 1030 621 1094 θωσιν,
651 1034 791 1106 ἆπερ
814 1038 1011 1091 ἐπαοον
1035 1041 1091 1095 αἱ
1119 1042 1237 1094 τότε
1258 1043 1738 1112 καλλωπιζόμεναι,
1770 1042 1844 1111 μὴ
1871 1041 2084 1111 θαρρεί-

437 1119 714 1172 τωσαν.⁹ιί
752 1120 861 1191 7&9
891 1124 1054 1195 άνοχή
1094 1126 1230 1197 αὐτή
1262 1130 1416 1197 καὶή
1454 1129 1801 1199 μακροθυμία
1841 1128 2081 1197 χαλεπω-

436 1200 601 1270 τέραν
632 1207 856 1273 σωρεύει
884 1209 977 1262 τοῦ
1009 1210 1174 1281 πυρὸς
1200 1212 1295 1281 τὴν
1320 1214 1562 1283 κάμινον,
1593 1215 1686 1267 καὶ
1724 1212 1942 1282 μείζονα
1986 1214 2082 1283 τὴν

436 1285 610 1354 φλόγα
633 1288 940 1356 ἐργάζεται.
963 1294 1131 1347 Τοῦτο
1162 1297 1253 1348 καὶ
1279 1297 1371 1349 ἐπὶ
1401 1298 1637 1351 Ἀνανίου
1660 1299 1753 1349 καὶ
1776 1296 2082 1365 Σαπφείρας

437 1372 646 1439 γέγονε.
679 1373 780 1427 Καὶ
816 1377 925 1446 γὰρ
955 1380 1148 1433 ἐκεῖνοι
1184 1383 1242 1433 ἐν
1286 1383 1425 1452 ἀρχῇ
1456 1383 1549 1435 καὶ
1575 1382 1839 1452 προοιμίῳ
1863 1384 1954 1435 τοῦ
1982 1400 2083 1451 κη-

439 1455 714 1525 ρύγματος
768 1461 1082 1532 ὑφελόμενοι
1121 1466 1234 1519 τῶν
1281 1468 1574 1537 χρημάτων
1623 1467 1860 1527 ἐκείνων.
1894 1466 2083 1537 ἁθρόον

436 1543 880 1615 ἀνηρπάσθησαν,
913 1549 1047 1614 μετὰ
1078 1549 1135 1603 δὲ
1172 1551 1407 1615 ἐκείνους
1438 1552 1619 1605 πολλοὶ
1647 1552 1864 1605 τοιαῦτα
1887 1551 2082 1621 τολμή-

438 1643 649 1691 σαντες,
671 1631 822 1683 οὐδὲν
850 1632 1067 1685 ἔπαθον.
1094 1635 1216 1697 Πῶς
1239 1631 1329 1688 οὖν
1351 1636 1416 1689 ἂν
1443 1635 1552 1705 ἔχοι
1570 1637 1744 1703 λόγον,
1772 1636 1861 1689 τὸν
1880 1636 2083 1689 δίκαιον

436 1712 626 1782 κριτὴν
657 1716 748 1767 καὶ
794 1719 926 1769 πᾶσι
957 1717 1025 1769 τὰ
1058 1717 1170 1789 [47]
1209 1719 1296 1771 ἶσα
1342 1721 1590 1789 νέμοντα,
1624 1722 1745 1783 τοὺς
1795 1722 1890 1789 μὲν
1923 1716 2082 1792 ἦττον

435 1798 817 1868 ἡμαρτηκότας
845 1801 1092 1866 κολάσαι,
1126 1805 1249 1867 τοὺς
1278 1806 1333 1858 δὲ
1368 1806 1716 1875 χαλεπώτερα
1758 1806 2083 1875 ποιήσαντας

437 1881 686 1950 ἀφεῖναι;
721 1888 834 1938 Οὐκ
859 1887 1099 1959 εὔδηλον,
1126 1890 1206 1942 ὅτι
1243 1891 1425 1961 ἐπειδὴ
1464 1891 1683 1960 ἔστησεν
1710 1892 1935 1960 ἡμέραν,
1965 1893 2021 1944 ἐν

439 1968 619 2034 μέλλει
648 1971 850 2039 κρίνειν
877 1972 974 2043 τὴν
1005 1976 1341 2045 οἰκουμένην,
1365 1976 1453 2029 διά
1475 1976 1630 2028 τοῦτο
1653 1977 1965 2029 ἀνεϐάλλετο
1988 1977 2083 2045 τὴν

435 2054 722 2122 τιμωρίαν,
753 2055 837 2108 ἵνα
885 2057 918 2126 ἢ
967 2062 1033 2129 τῇ
1081 2061 1427 2131 μακροθυμίᾳ
1472 2061 1729 2127 γένωνται
1761 2060 2081 2129 βελτίω)ςῶ

435 2139 546 2198 τοῖς
595 2139 777 2202 αὐτοῖς
821 2144 1165 2211 ἐπιμένοντες
1215 2146 1565 2216 χαλεπώτερα
1614 2145 1885 2207 πάθωσινς
1920 2146 2084 2197 Ὅταν

436 2221 609 2274 τοίνυν
640 2226 974 2295 ἁμαρτόντες
995 2241 1019 2270 α
1065 2230 1133 2282 τὰ
1164 2231 1302 2284 αὐτὰ
1331 2234 1442 2293 τοῖς
1472 2231 1571 2301 ήδη
1602 2230 2083 2300 πεπλημμεληκόσι

435 2308 527 2358 καὶ
559 2309 883 2371 κολασθεῖσι,
915 2315 989 2383 μὴ
1040 2315 1108 2367 τά
1149 2316 1288 2368 αὐτὰ
1328 2316 1606 2386 πάθωμεν,
1651 2317 1723 2386 μὴ
1776 2315 2079 2385 θαρρῶμεν,

432 2392 568 2445 ἀλλὰ
600 2396 797 2462 μᾶλλον
831 2399 1354 2472 φοϐώμεθα.Ὠσπερ
1389 2402 1499 2470 γὰρ
1526 2402 1685 2470 νόμον
1711 2401 1808 2471 τὴν
1836 2404 1921 2453 ἐπ’
1942 2402 2082 2453 ἐκείο

433 2496 539 2530 νων
586 2483 854 2552 τιμωρίαν
901 2482 1186 2553 ἐξήνεγκεν
1233 2488 1262 2539 ό
1311 2488 1460 2550 Θεὸς,
1496 2489 1627 2539 πᾶσι
1662 2487 1958 2555 παραινῶν,
1991 2487 2083 2538 καὶ

434 2565 636 2632 λέγων,
662 2570 741 2620 ὅτι
773 2570 869 2623 Διὰ
910 2570 1064 2624 τοῦτο
1089 2573 1180 2624 τὸν
1209 2572 1265 2638 ἐξ
1294 2573 1465 2642 ἀρχῆς
1496 2572 1801 2642 ἁμαρτόντα
1832 2571 2079 2635 ἐκόλασα,

434 2649 522 2702 ἴνα
553 2652 646 2703 καὶ
676 2653 740 2704 σὺ
776 2656 804 2706 ό
829 2654 945 2722 μετ’
972 2657 1206 2719 ἐκείνους
1235 2657 1584 2728 πλημμελῶν,
1611 2657 1679 2709 τά
1703 2657 1838 2707 αὐτὰ
1879 2655 2081 2724 ἀναμέ-

435 2751 550 2807 νῃτ,
577 2739 663 2791 ῐνα
688 2741 996 2812 μεταϐάλλῃ
1023 2743 1114 2794 καὶ
1137 2742 1267 2815 γένῃ
1286 2743 1525 2812 βελτίων.
1549 2743 1672 2804 Τοῖς
1700 2742 1808 2811 7&9
1826 2740 2081 2800 τοιούτοις

435 2822 788 2895 ἁμαρτήμασι
816 2826 1059 2880 τοιαῦται
1101 2832 1303 2881 κεῖνται
1349 2828 1624 2899 τιμωρίαι,
1657 2827 1757 2879 κᾶν
1790 2828 1862 2896 μή
1904 2844 2079 2896 παρα-

435 2909 622 2977 χρῆμα
651 2910 932 2980 ἔρχωνται.
962 2913 1178 2976 Τούτοις
1209 2914 1265 2967 δὲ
1298 2914 1394 2983 οὐχ
1416 2914 1595 2976 ἁπλῶς
1621 2913 1939 2982 ἐνδιέτριψα,
1966 2911 2079 2965 ἀλλ’

435 2994 618 3064 ἐπειδὴ
652 2997 883 3067 πονηρὸν
914 2999 1121 3068 νόσημα
1150 3002 1228 3062 εἰς
1254 3000 1352 3063 τάς
1381 3002 1486 3052 τῶν
1513 3000 1807 3070 ἀνθρώπων
1836 2998 2080 3069 εἰσῆλθεν

434 3081 610 3144 οίκίας
629 3082 715 3135 διὰ
736 3084 833 3153 τῆς
854 3085 960 3137 τῶν
980 3086 1248 3154 γυναικῶν
1274 3087 1542 3156 βλακείας,
1568 3087 1595 3138 ό
1616 3087 1713 3154 τῆς
1733 3086 2079 3155 φιλοκοσμίας

435 3165 593 3237 ἔρως,
634 3169 692 3232 ὃς
722 3172 815 3224 καὶ
849 3172 947 3241 τήν
976 3173 1084 3226 τῶν
1118 3174 1412 3245 χρημάτων
1451 3174 1688 3226 ἐπέτεινε
1719 3173 1903 3242 ρανίδα
1920 3174 1970 3235 b,
2002 3175 2080 3235 εἰς

434 3253 695 3323 ἀκαίρους
741 3256 981 3321 δαπάνας
1028 3260 1152 3321 τοὺς
1189 3260 1381 3329 ἄνδρας
1411 3258 1678 3328 ἐμϐαλὼν,
1709 3260 1802 3311 καὶ
1846 3258 2079 3327 πολέμου

439 3339 529 3391 καὶ
579 3340 818 3406 στάσεως
858 3346 953 3397 καὶ
997 3345 1319 3413 φιλονεικίας
1350 3346 1599 3408 ὑπόθεσις
1642 3346 1919 3414 γινόμενος
1948 3345 2079 3396 καθ-

438 3425 723 3495 ημερινῆς,
752 3428 845 3481 καὶ
874 3429 973 3491 τὰς
1014 3429 1118 3481 τῶν
1150 3431 1391 3501 πενήτων
1424 3428 1747 3482 κατατείνων
1792 3429 2077 3498 γαστέρας.

438 3506 608 3562 Ὅταν
637 3511 745 3581 γὰρ
773 3511 989 3565 ἃπασαν
1014 3513 1111 3583 τὴν
1134 3513 1318 3566 οὐσίαν
1346 3513 1500 3583 γυνὴ.
1538 3514 1570 3583 ή
1605 3515 1695 3565 καὶ
1716 3513 1776 3565 τὸ
1795 3513 1953 3564 πλέον
1974 3513 2080 3565 τῶν

434 3594 622 3657 όντων,
650 3598 730 3657 εἰς
772 3598 870 3669 τὴν
902 3597 996 3651 τοῦ
1032 3599 1277 3669 σώματος
1311 3599 1465 3669 ὓϐριν
1493 3598 1768 3670 ἀναγκάζῃ
1802 3598 1890 3650 τὸν
1916 3598 2080 3667 ἄνδρα

435 3681 677 3753 δαπανᾷν
709 3684 887 3756 (ὕϐρις
919 3684 1026 3755 7&9
1051 3685 1314 3752 σώματος,
1335 3686 1395 3737 τὸ
1420 3686 1791 3756 περικείμενον
1814 3686 2079 3755 χρυσίον),

433 3767 647 3839 ἀνάγκη
676 3769 773 3838 τὴν
796 3773 953 3841 χεῖρα
986 3770 1358 3822 συστέλλεσθαι
1381 3772 1515 3841 πρὸς
1540 3772 1637 3839 τὴν
1663 3771 1760 3839 τῆς
1789 3772 2080 3841 ἐλεημοσύ-

434 3870 530 3922 νης
549 3854 873 3924 φιλοτιμίαν,
899 3857 1007 3909 Καὶ
1031 3856 1197 3909 πολλὰ
1216 3857 1268 3909 δὲ
1297 3858 1455 3924 ἕτερα
1488 3857 1551 3908 ἐκ
1580 3856 1763 3909 τούτου
1790 3858 2080 3927 τικτόμενα

435 3939 580 3994 ἐστιν
614 3942 740 3995 ἰδεῖν
768 3942 1174 4014 ἁμαρτημάτων
1204 3943 1336 4012 εἴδη.
1386 3944 1544 3996 Ἀλλὰ
1570 3942 1738 3996 ταῦτα
1769 3945 1992 4011 ἀφέντες
2012 3946 2077 4013 τῇ

432 4026 597 4097 πείρᾳ
638 4028 747 4080 τῶν
805 4029 1117 4097 πασχόντων
1166 4030 1359 4082 ειδέναι
1409 4029 1610 4096 σαφῶς,
1659 4030 1763 4081 τῶν
1812 4030 2079 4098 ἐχομένων

432 4112 749 4182 ἁπτώμεθα.
783 4114 929 4167 Μετὰ
958 4115 1066 4185 γάρ
1102 4115 1163 4166 τὸ
1206 4116 1547 4185 παραστῆσαι
1573 4116 1671 4184 τῆς
1711 4116 2079 4185 αἰχμαλωσίας

429 4199 492 4251 τὸ
520 4199 721 4269 σχῆμα,
755 4200 847 4251 καὶ
874 4200 1065 4264 είπεῖν,
1091 4200 1171 4252 ὅτι
1212 4202 1354 4253 Ἀντὶ
1368 4201 1461 4253 τοῦ
1476 4201 1853 4270 καλλωπισμοῦ
1878 4201 2077 4271 ταύτην

430 4286 636 4353 ἐπάγω,
662 4285 917 4337 ἐπιτείνει
938 4284 1034 4355 τὴν
1066 4285 1362 4356 συμφοράν,
1392 4285 1563 4352 λέγων
1581 4302 1594 4315 ·
1622 4287 1727 4338 Καὶ
1755 4289 1787 4339 ό
1816 4288 1943 4351 υἱός
1962 4302 2077 4342 σου

429 4376 463 4425 ὁ
494 4372 837 4437 κάλλιστος,
867 4371 939 4423 ὃν
981 4370 1233 4440 ἀγαπᾷς,
1262 4372 1520 4440 μαχαίρᾳ
1567 4371 1845 4431 πεσεῖται,
1885 4371 1982 4424 καὶ
2025 4374 2077 4425 οἰ

431 4460 743 4528 ἰσχύοντες
779 4457 947 4526 ὑμῶν
970 4458 1228 4526 μαχαίρᾳ
1264 4457 1606 4511 πεσοῦνται.
1637 4457 1801 4509 Τοῦτο
1842 4456 1949 4525 γάρ
1996 4458 2079 4509 αἰ-

428 4544 740 4613 χμαλωσίας
765 4543 1160 4612 χαλεπώτερον.
1191 4542 1296 4595 Kal
1322 4542 1428 4613 γάρ
1454 4543 1569 4594 ἐστι
1604 4541 1712 4609 ζωή
1743 4540 1971 4594 θανάτου
1991 4558 2077 4592 πι-

431 4630 853 4700 κροτέρα.’οταν
895 4629 1003 4698 γὰρ
1046 4627 1181 4696 μετὰ
1211 4629 1306 4696 τῆς
1333 4628 1571 4690 δουλείας
1600 4628 1689 4680 καὶ
1722 4628 1874 4697 ἄωρα
1906 4626 2074 4696 πένθη

429 4717 644 4787 θρηνεῖν
671 4714 1100 4783 ἀναγκάζωνται,
1128 4715 1373 4783 ἐννόησον
1419 4716 1539 4767 ὅσον
1583 4714 1679 4781 τῆς
1713 4715 1989 4783 συμφορᾶς
2017 4714 2076 4764 τὸ

431 4802 677 4871 μέγεθος,
704 4801 812 4854 τῶν
843 4800 963 4854 καθ’
986 4799 1191 4852 ἐαυτάο
1226 4800 1434 4868 πικρῶν
1467 4799 1632 4851 όντων
1664 4801 2076 4868 συναπτομένων

426 4889 690 4958 ἀλλήλοις.
727 4889 836 4941 Kal
865 4887 973 4957 7&9
1018 4887 1066 4938 εί
1110 4885 1448 4954 αἰχμαλωσία
1492 4885 1622 4953 μόνη
1670 4881 1758 4954 ἦν,
1809 4887 2076 4957 ἀφόρητον

426 4971 495 5044 ἦν
528 4975 589 5025 τὸ
636 4974 835 5026 δεινόν·
891 4973 985 5025 καὶ
1049 4973 1096 5024 εί
1164 4973 1219 5022 ἐν
1276 4970 1551 5040 ἐλευθερία
1602 4970 1815 5032 ζώντων
1853 4974 2075 5023 τοιαῦτα

429 5060 705 5114 συνέϐαινε
755 5058 946 5129 πένθη,
983 5059 1206 5112 θανάτου
1250 5058 1541 5127 πικροτέρα
1585 5052 1652 5125 ἦν
1682 5059 1715 5125 ή
1746 5058 1875 5127 ζωή.
1917 5058 2075 5110 Ἀλλά

426 5146 522 5200 νῦν
553 5147 835 5215 ἀμφότερα
864 5144 1034 5205 ἔσται,
1065 5144 1215 5212 φησὶ,
1244 5145 1551 5211 συνηγμένα
1573 5144 1833 5211 ἀλλήλοις.
1864 5145 2074 5197 Μᾶλλον

427 5232 483 5285 δὲ
511 5232 699 5302 διπλῆν
724 5233 805 5285 δεῖ
828 5230 1031 5300 ταύτην
1060 5230 1240 5282 καλεῖν
1275 5247 1335 5281 συ
1345 5230 1573 5298 μφοράν,
1599 5230 1690 5281 καὶ
1711 5231 1960 5299 τριπλῆν,
1982 5234 2074 5283 καὶ

462 5426 504 5499 _'
531 5427 1001 5533 Reg.r&ua9‘r¢3vnc,
1024 5432 1077 5474 et
1101 5427 1171 5473 sic
1211 5424 1436 5487 superius
1476 5427 1795 5488 ἀμαρτῶντας,
1836 5433 1887 5476 et
1926 5432 2075 5492 ἀμαρ-

462 5504 579 5533 ωντα
604 5501 652 5533 m
678 5501 744 5533 ra.

426 5504 579 5534 τωντα
604 5501 744 5534 11111³3.

489 5547 517 5587 b
551 5549 696 5596 Savlt.
725 5546 1001 5607 suspicatur
1023 5547 1281 5606 legendum
1313 5547 1572 5608 τυραννίδα,
1599 5548 1662 5593 ita
1700 5552 1857 5596 tamen
1884 5550 2075 5599 uthanc

428 5610 573 5655 etiam
599 5620 767 5656 vocem
798 5609 913 5655 huic
939 5608 1042 5654 loco
1064 5620 1158 5653 non
1197 5621 1389 5666 prorsm‘
1412 5616 1567 5667 aptam
1597 5609 1859 5657 existimet.
1890 5610 2075 5659 Boisius

428 5669 815 5743 conjicittpwra.
844 5669 942 5736 Sgd
982 5668 1716 5743 υἰωξεινηιὲυῐηηιίινριςςξὲεξ.ὐἱ
1761 5676 1814 5716 ιιι
1849 5683 1943 5743 rc§_
1978 5680 2072 5743 est.

711 5726 1021 5802 plcr‘egrinum
1045 5728 1164 5776 olet.
1192 5728 1298 5775 Mox
1324 5729 1437 5789 (tog.
1470 5730 1679 5789 ἐμϐαλών
1708 5737 1856 5778 recte.
1905 5732 2070 5779 Morel.

427 5790 481 5837 et
501 5790 647 5836 SaVil.
670 5790 895 5835 ἐκϐαλών.

491 5853 513 5879 ε
542 5851 663 5911 Reg.
687 5857 739 5899 et
761 5848 909 5899 Savil.
936 5849 1038 5896 καθ’
1058 5849 1233 5895 ἑαυτῶν

2183 503 2507 573 τετραπλῆν,
2535 505 2659 557 ἄταν
2701 506 2795 558 καὶ
2824 506 2955 567 υἱὸς,
2985 506 3077 558 καὶ
3105 505 3401 568 κάλλιστος,
3434 508 3530 560 καὶ
3560 507 3843 575 ποθούμε-

2183 602 2288 651 νος,
2315 589 2406 640 xal
2450 590 2553 643 ὐπὺ
2585 590 2889 661 βαρϐάρων,
2924 590 3057 643 ἀλλά
3088 590 3162 660 μὴ
3189 590 3267 659 τῷ
3297 592 3457 662 κοινῷ
3491 593 3593 662 τῆς
3617 593 3839 662 φύσεως

2185 674 2433 727 καταλύει
2460 676 2607 745 νόμῳ
2633 676 2722 730 τὸν
2750 676 2860 744 βίον
2878 691 2892 706 ·
2923 677 3015 729 καὶ
3054 676 3190 743 μετά
3220 676 3405 729 τούτου
3434 679 3526 730 καὶ⁵
3547 679 3599 731 οἰ
3630 680 3687 731 ἐν
3709 678 3836 746 ήλι-

2182 759 2275 829 κίᾳ
2323 761 2539 823 πάντες,
2571 762 2710 814 ὥστε
2757 762 2889 832 μηδὲ
2929 761 3116 814 ἐλπίδα
3154 761 3335 824 αὐτοῖς
3382 759 3517 816 εἶναι
3564 763 3835 833 χρηστὴν,

2181 844 2301 896 ὅσον
2334 847 2411 908 εἰς
2438 846 2776 917 ἀνθρωπίνην
2812 842 2914 918 ἧκε
2955 846 3202 916 βοήθειαν
3231 848 3322 900 καὶ
3351 848 3682 917 συμμαχίαν.
3718 849 3839 901 Καὶ

2182 929 2675 995 ταπεινωθήσεται
2698 931 2726 971 ά
2753 949 2767 962 ·
2797 932 2896 985 καὶ
2931 929 3046 1003 [48]
3086 932 3495 997 πενθήσουσιν
3539 935 3599 985 αι
3648 931 3839 1000 θῆκαι

2182 1015 2288 1068 τοῦ
2317 1017 2545 1086 κόσμου
2584 1019 2767 1087 ὑμῶν,
2798 1019 2893 1073 καὶ
2920 1018 3361 1087 καταλειφθήσῃ
3391 1020 3571 1087 μόνη,
3600 1020 3699 1073 καὶ
3740 1022 3840 1084 εις

2181 1099 2296 1166 τὴν
2326 1101 2443 1169 γῆν
2469 1101 2860 1171 ἐδαφισθήσῃ.
2893 1103 2991 1157 Διὰ
3022 1105 3235 1157 πάντων
3274 1103 3424 1167 αὔξει
3471 1103 3561 1156 τὸν
3609 1102 3837 1172 θρῆνον,

2182 1188 2435 1240 ἐπιτείνει
2455 1188 2545 1241 τὸν
2565 1188 2745 1256 φόϐον,
2774 1189 3121 1259 ἀκμάζουσαν
3141 1190 3237 1257 τὴν
3256 1186 3491 1256 ἀγωνίαν
3515 1190 3836 1260 ἐργάζεται,

2182 1272 2272 1323 ὐπ’
2303 1271 2421 1340 ὄψιν
2453 1273 2572 1340 ἄγει
2610 1274 2677 1326 τὰ
2701 1274 2867 1339 δεινά,
2896 1275 3107 1345 εὐρύνει
3149 1278 3245 1344 τῆς
3277 1275 3556 1345 συμφορᾶς
3603 1274 3701 1344 τὴν
3748 1274 3838 1326 δι-

2182 1357 2395 1426 ήγησιν,
2420 1357 2688 1428 πανταχοῦ
2722 1359 3072 1429 περιτρέχων,
3098 1360 3351 1412 πάντοθεν
3370 1360 3613 1425 συνάγων
3644 1358 3711 1410 τὰ
3737 1358 3838 1409 λυ-

2184 1441 2331 1509 πηρὰ
2373 1442 2461 1495 διὰ
2509 1443 2606 1514 τὴν
2646 1444 2755 1496 τῶν
2798 1445 3098 1498 ἀκουόντων
3136 1442 3839 1514 ἁναισθησίαν.Ἀγαπητὸν

2182 1526 2289 1596 7&9
2322 1523 2390 1597 ἦν
2431 1528 2714 1592 τοσαύταις
2760 1529 3175 1600 κατασειομένας
3206 1530 3373 1593 αὐτὰς
3397 1528 3644 1591 ἀπειλαῖς
3674 1528 3838 1580 ἀνεν-

2182 1616 2380 1679 εγκεῖν,
2408 1614 2500 1667 καὶ
2525 1613 2705 1668 λαϐεῖν
2731 1614 2977 1686 αἴσθησιν
3005 1616 3113 1669 τῶν
3138 1616 3431 1686 μελλόντων
3455 1613 3836 1683 συμϐήσεσθαι

2183 1698 2456 1769 λυπηρῶν.
2485 1700 2584 1752 Διά
2608 1700 2672 1770 δὴ
2697 1699 2851 1753 τοῦτο
2878 1701 2972 1753 καὶ
3007 1702 3299 1771 ἐπήγαγεν,
3321 1699 3350 1752 δ
3372 1701 3573 1769 σφόδρα
3598 1697 3837 1752 ἐλεεινὸν

2183 1780 2318 1837 εἶναι
2345 1785 2505 1848 δοκεῖ,
2534 1785 2594 1837 τὸ
2635 1785 2855 1855 χρυσίου
2900 1785 3073 1855 θήκην
3099 1787 3230 1856 όρᾷν
3261 1784 3660 1855 κεκενωμένην,
3690 1782 3837 1837 61:6-

2186 1887 2373 1940 μνημα
2414 1870 2515 1939 τῆς
2556 1870 2787 1932 παλαιᾶς
2822 1871 3140 1939 εὐπραγίας,
3175 1871 3262 1923 διά
3304 1871 3401 1940 τῆς
3442 1870 3614 1937 ὅψεως
3649 1869 3836 1938 ἀκμά-

2183 1953 2377 2017 ζουσαν
2403 1954 2687 2025 διατηροῦν
2718 1954 2817 2024 τὴν
2856 1954 3140 2024 ἀλγηδόνα.
3172 1954 3277 2007 Kal
3312 1954 3419 2023 7&9
3444 1953 3563 2006 τότε
3592 1953 3836 2021 μάλιστα

2182 2039 2391 2092 δάκνειν
2425 2041 2567 2107 ὑμᾶς
2611 2039 2858 2092 εἰώθασιν
2889 2041 2948 2092 αἰ
3001 2040 3290 2108 συμφοραὶ,
3319 2038 3444 2090 ὅταν
3497 2038 3667 2099 αὐτάς
3708 2038 3833 2099 ταῖς

2184 2126 2471 2196 προτέραις
2516 2125 2941 2196 παραϐάλλωμεν
2978 2125 3322 2194 εὐημερίαις·
3353 2123 3445 2176 καὶ
3472 2124 3505 2192 ή
3543 2123 3835 2191 σύγκρισις

2184 2211 2551 2280 χαλεπώτερον
2577 2212 2638 2263 τὸ
2662 2211 2814 2273 ἕλκος
2847 2209 3150 2279 ἐργάζεται.
3186 2207 3353 2260 Τοῦτο
3400 2206 3528 2274 γοῦν
3574 2222 3704 2258 ποτε
3730 2205 3834 2259 καὶ

2182 2297 2211 2347 ό
2247 2295 2363 2349 Ἰὼϐ
2393 2296 2601 2367 θρηνῶν
2626 2296 2775 2363 ἔλεγε
2796 2310 2809 2323 ο
2845 2297 2939 2360 Τίς
2971 2296 3048 2347 ἄν
3068 2311 3142 2362 με
3172 2294 3296 2360 θείη
3320 2293 3465 2363 μετὰ
3494 2292 3661 2361 μῆνα
3684 2293 3832 2360 ἡμε-

2177 2381 2300 2448 ρῶν
2320 2380 2435 2433 τῶν
2456 2382 2820 2449 ἕμπροσθεν;
2840 2380 2930 2433 καὶ
2949 2380 3212 2450 διηγεῖται
3229 2379 3320 2432 τὸν
3341 2377 3565 2431 πλοῦτον
3589 2378 3832 2439 ἄπαντα,

2184 2468 2276 2520 καὶ
2308 2467 2375 2518 τά
2402 2466 2584 2537 ῶσπερ
2609 2468 2673 2518 ἐκ
2700 2467 2889 2537 πηγῶν
2922 2467 3238 2537 ἐπιρρέοντα
3269 2464 3465 2532 ἀγαθὰ,
3495 2464 3595 2533 τὰς
3640 2463 3831 2532 τιμάς,

2180 2552 2278 2615 τὰς
2306 2553 2611 2622 προσόδους,
2642 2552 2741 2621 τὴν
2778 2554 3127 2621 περιφάνειαν
3160 2550 3395 2609 ἃπασαν.
3430 2548 3570 2601 ὥστε
3598 2550 3666 2618 τῇ
3699 2565 3833 2615 συγ-

2181 2637 2356 2706 κρίσει
2381 2639 2582 2690 τούτων
2614 2636 2788 2706 πολλῷ
2815 2637 3162 2708 χαλεπώτερα
3188 2637 3352 2700 δεῖξαι
3376 2636 3443 2688 τὰ
3470 2636 3713 2704 παρόντα
3737 2635 3834 2688 καὶ

2182 2722 2534 2792 κατειληφότα
2584 2723 2742 2775 αὐτὸν
2793 2723 2956 2777 δεινά.
2989 2726 3053 2776 ’0
3096 2724 3161 2792 δὴ
3193 2723 3284 2775 καὶ
3330 2723 3359 2775 ὁ
3405 2722 3687 2791 προφήτης
3731 2720 3833 2773 νῦν

2184 2810 2421 2878 ἐποίησε,
2455 2810 2559 2861 τῶν
2593 2809 2772 2878 θηκῶν
2799 2811 3131 2879 ἀναμνήσας,
3158 2812 3250 2861 καὶ
3281 2808 3399 2861 οὐδέ
3425 2807 3632 2871 τούτοις
3657 2807 3833 2877 ἀρκε-

2185 2892 2349 2959 σθεὶς,
2384 2894 2519 2947 ἀλλά
2547 2894 2638 2947 καὶ
2671 2894 2974 2962 εἰσαγαγὼν
3003 2894 3167 2956 αὐτάς
3203 2893 3515 2955 πενθούσας.
3533 2893 3833 2962 Ἐμφαντι-

2182 2982 2417 3052 κώτερον
2462 2982 2568 3052 7&9
2614 2981 2770 3035 τοῦτο
2806 2982 2899 3035 τοῦ
2942 2982 3098 3048 λόγου
3127 2981 3186 3033 τὸ
3214 2976 3372 3044 είδος.
3408 2982 3534 3034 ὅταν
3570 2980 3833 3044 τοιαύτας

2182 3068 2477 3139 ἐργάζηται
2508 3068 3105 3138 προσωποποιίας.Ἤδη
3137 3067 3265 3134 γοῦν
3289 3068 3380 3119 καὶ
3407 3066 3683 3135 ἀμπέλους
3702 3066 3835 3135 09n-

2181 3155 2371 3217 νούσας
2397 3154 2625 3222 εἰσάγει,
2662 3155 2751 3207 καί⁵
2771 3151 2929 3217 οἶνον,
2962 3153 3100 3207 ὥστε
3137 3153 3332 3222 μᾶλλον
3363 3152 3683 3205 καθικέσθαι
3714 3152 3832 3203 τῶν

2180 3240 2558 3311 ἀκροωμένων,
2591 3240 2684 3292 καὶ
2709 3240 2806 3307 τῆς
2830 3238 3133 3308 παχύτητος
3162 3236 3339 3290 αὐτῶν
3367 3236 3731 3306 καθάψασθαι.
3762 3237 3833 3288 Τί

2178 3326 2235 3379 δέ
2266 3327 2402 3387 ἐστι,
2446 3322 2897 3392 Καταλειφθήσῃ
2941 3325 3136 3391 μόνης
3168 3322 3275 3374 Καὶ
3314 3321 3634 3391 συμμάχων,
3668 3320 3827 3388 φησὶ,

2181 3411 2271 3463 καὶ
2297 3411 2394 3477 τῆς
2426 3409 2517 3462 τοῦ
2548 3408 2680 3461 Θεοῦ
2725 3408 2976 3477 προνοίας
3019 3406 3379 3477 ἐρημωθεῖσα,
3406 3406 3500 3458 καὶ
3530 3406 3632 3473 τῆς
3658 3405 3831 3474 ἄλλης

2184 3494 2528 3566 περιφανείας
2571 3493 2913 3562 γυμνωθεῖσα
2958 3494 3154 3559 πάσης,
3200 3491 3293 3543 καὶ
3342 3490 3673 3559 πανταχόθεν
3719 3491 3832 3543 ὐπὸ

2178 3582 2284 3633 τῶν
2329 3580 2596 3649 πολεμίων
2628 3578 2985 3646 κυκλουμένη,
3020 3578 3113 3630 καὶ
3144 3578 3199 3628 ἐν
3235 3576 3415 3645 μέσοις
3440 3574 3827 3645 άπειλημμένη

2181 3666 2491 3736 βαρϐάροις.
2520 3662 2651 3718 Εἶτα
2678 3665 2773 3733 τὴν
2795 3662 3093 3733 ὑπερϐολὴν
3112 3663 3210 3730 τῆς
3230 3660 3606 3722 ταπεινώσεως
3642 3677 3831 3731 παρα-

2180 3754 2373 3821 στῆσαι
2423 3751 2609 3813 θέλων,
2638 3750 2796 3820 φησί·
2834 3748 2942 3803 Καὶ
2985 3749 3072 3812 εις
3118 3747 3233 3814 τὴν
3267 3746 3383 3815 γῆν
3420 3745 3828 3814 ἐδαφισθήσῃ.

2179 3840 2330 3899 Οὐδὲ,
2362 3838 2528 3906 Πέσῃ,
2548 3833 2717 3900 εἷπεν,
2750 3835 2891 3899 οὐδὲ,
2925 3834 3325 3903 Κατενεχθήσῃ,
3356 3831 3468 3885 ἀλλ’
3499 3831 3661 3902 ἑτέρᾳ
3680 3830 3830 3894 λέξει

2180 3924 2504 3991 σαφέστερον
2535 3920 2910 3992 ἐνδεικνυμένῃ
2949 3919 3044 3989 τὴν
3086 3918 3353 3971 εὐτέλειαν
3396 3918 3563 3985 αὐτῆς
3606 3916 3830 3970 ἃπασαν

2178 4010 2538 4081 ἀπεχρήσατο.

2825 4106 3069 4161 ΚΕΦΑΛ.
3108 4107 3181 4161 Δ’.

2178 4237 2283 4291 Καὶ
2313 4234 2709 4303 ἐπιλήψονται
2732 4231 2879 4303 ἑκτὰ
2908 4229 3184 4303 γυναῖκες
3210 4229 3280 4303 ἐν
3310 4228 3386 4297 τῇ
3416 4228 3603 4303 ἡμέρᾳ
3621 4227 3831 4303 ἐκείνῃ

2246 4297 2554 4371 ἀνθρώπου
2573 4302 2727 4365 ἑνὸς,
2750 4297 3033 4371 λέγοιρσᾳι
3053 4315 3068 4330 ·
3098 4299 3211 4351 Τὸν
3230 4298 3422 4371 ᾼᾶρτρν
3443 4297 3611 4371 ἡμῶν
3632 4302 3829 4371 φανῶς

2244 4365 2539 4442 μεθὶιηκαὶ
2569 4371 2641 4423 τὰ
2668 4365 2864 4442 ἱμάτια
2887 4368 3054 4442 ἡμῶν
3078 4367 3543 4442 περιϐαελώμεθας
3566 4365 3825 4442 πᾼὴνςὸ

2246 4434 2433 4507 25νομά
2460 4457 2574 4507 σου
2605 4434 3029 4504 κείλήσθωέςρ*
3059 4435 3234 4505 ἡμᾶς,
3266 4435 3450 4503 ἄφελε
3477 4436 3583 4487 τὸν
3608 4434 3827 4488 ὀνειδι-

2246 4506 2405 4577 σμὸν
2433 4506 2619 4576 ἡμῶν.

2249 4612 2433 4681 α⁹.Τὴν
2450 4612 2514 4663 ἐκ
2540 4609 2633 4662 τοῦ
2658 4608 2888 4677 πολέμου
2908 4606 3187 4676 συμϐᾶσαν
3214 4604 3640 4676 ὀλιγανθρωπίαν
3656 4605 3830 4675 ἐμφῆ-

2179 4716 2263 4750 ναι
2293 4697 2556 4768 βούλεται,
2590 4696 2680 4748 καὶ
2709 4694 2825 4755 πῶς
2852 4695 2931 4755 εἰς
2957 4694 3230 4762 ἐλάχιστον
3269 4693 3525 4763 περιέστη
3546 4704 3570 4731 ο
3599 4693 3629 4745 ὁ
3656 4692 3827 4762 δῆμος

2176 4786 2283 4836 τῶν
2328 4784 2613 4837 Ἰουδαίων.
2670 4780 2802 4833 Οὐδέ
2844 4780 2951 4847 γάρ
3011 4779 3336 4849 προστασίας
3373 4779 3577 4847 ἔφησαν
3617 4779 3828 4831 δεῖσθαι

2176 4874 2291 4933 ταῖς
2322 4870 2531 4938 γυναιξὶ
2561 4866 2934 4937 προσηκούσης
2954 4864 3058 4917 ὐπὸ
3089 4865 3293 4934 ἀνδρῶν
3320 4865 3669 4935 παρέχεσθαι,
3688 4865 3828 4917 ἀλλὰ

2176 4958 2338 5025 ἀτελῆ
2366 4956 2463 5025 τῆς
2495 4954 2825 5023 λειτουργίας
2858 4952 3020 5004 αὐτὸν
3051 4953 3263 5019 ἀφεῖναι
3292 4951 3513 5019 ταύτης,
3548 4952 3642 5001 καὶ
3669 4951 3828 5019 στέρο

2174 5061 2289 5113 γειν
2322 5043 2414 5095 καὶ
2442 5042 2678 5108 ἀγαπᾷν,
2706 5040 2753 5090 εί
2776 5037 2963 5098 ἁπλῶς
3010 5037 3139 5103 γοῦν
3184 5038 3275 5088 καὶ
3313 5037 3386 5098 ὡς
3417 5037 3571 5103 ἔτυχε
3602 5034 3697 5088 τοῦ
3725 5037 3825 5105 τῆς

2176 5132 2395 5201 χηρείας
2424 5129 2777 5194 ἀπαλλαγεῖεν
2806 5125 3087 5193 ὀνόματος.
3120 5124 3289 5176 Τοῦτο
3328 5124 3433 5190 γάρ
3473 5126 3653 5183 ἐστιν.
3691 5125 3826 5192 Ἅφ-

2174 5223 2273 5271 ελε
2306 5217 2411 5269 τὸν
2441 5212 2778 5280 ὀνειδισμὸν
2815 5211 2979 5277 ἡμῶν
3003 5228 3015 5240 ο
3051 5211 3235 5278 ἐπειδὴ
3262 5210 3321 5261 τὸ
3357 5209 3580 5260 παλαιὸν
3622 5209 3825 5273 ὄνειδος

2175 5302 2365 5355 τοῦτοί
2408 5297 2545 5352 εἶναι
2590 5298 2779 5349 ἐδόκει.
2819 5294 2895 5363 Τῇ
2935 5295 3002 5347 δὲ
3048 5296 3233 5361 ἡμέρᾳ
3263 5295 3460 5360 ἐκείνῃ
3499 5295 3823 5363 ἐπιλάμψῃ

2176 5394 2205 5442 ό
2237 5389 2377 5451 Θεὸς
2407 5388 2476 5439 ἐν
2508 5381 2708 5449 βουλῇ
2729 5381 2875 5449 μετὰ
2912 5382 3094 5447 δόξης
3122 5382 3217 5432 ἐπὶ
3250 5380 3359 5450 [49]
3391 5381 3497 5446 τῆς
3543 5381 3676 5449 γῆς,
3715 5385 3823 5439 τοῦ

2174 5475 2409 5542 ὑψῶσαι
2431 5472 2527 5524 καί
2552 5469 2654 5521 τοῦ
2669 5467 2919 5532 δοξάσαι
2940 5467 3004 5520 τὸ
3023 5466 3411 5533 καταλειφθὲν
3430 5468 3534 5521 τοῦ
3551 5468 3817 5537 Ἰσραήλ.

2235 5614 2260 5651 ιι
2288 5613 2491 5660 Alienus
2512 5607 2773 5669 legendum
2792 5608 2973 5655 indicat
3001 5607 3082 5653 καὶ
3114 5605 3555 5662 ταπεινωθὴσονται,
3581 5610 3636 5653 ut
3656 5618 3817 5667 supra.

2175 5677 2270 5724 Sed
2294 5671 2407 5719 nihil
2437 5671 2538 5718 ausi
2563 5681 2728 5715 sumus
2750 5674 2955 5716 mutare.

2241 5750 2261 5775 ρ
2289 5734 2368 5781 Sic
2389 5733 2503 5779 Mor.
2533 5736 2584 5777 et
2620 5726 2909 5787 Bavaricus;
2937 5729 3054 5789 Reg.
3099 5731 3148 5774 et
3198 5726 3345 5773 Savil.
3374 5725 3622 5785 περίεστιν,
3662 5730 3820 5777 minus

2177 5804 2363 5902 rezlgiv
2394 5854 2555 5899 Bax'ur.
2585 5857 2635 5898 (‘t
2658 5849 2848 5908 “oret;
2893 5853 2935 5899 iu
2961 5851 3061 5909 liog
3107 5857 3156 5896 el
3205 5847 3349 5894 Savil.
3377 5845 3513 5893 τοῦτο
3546 5848 3701 5897 dN'st.
