4044 6410
212 357 284 412 53
1460 335 1524 388 IN
1564 331 1761 389 lSAlAl

1871 332 2001 387 IAP.
2048 332 2133 387 IV.
3370 346 3442 401 54

198 455 313 509 illos
345 461 543 507 tautam
567 453 953 526 providentiam
982 452 1119 506 nacti
1149 458 1307 514 sunt,
1341 464 1510 518 neque
1533 448 1780 514 exemplo

195 547 635 614 tcmpcrantiores
673 552 996 609 evaserunt,
1025 542 1076 597 id
1104 541 1242 611 quod
1285 550 1559 608 peccatum
1608 536 1779 590 reddit

194 638 347 707 longe
372 638 603 707 gravius,
630 651 841 706 poenam
872 637 1002 704 ipsis
1030 635 1349 689 destinatam
1370 629 1642 699 effugere?
1672 627 1778 682 Cur

198 743 318 797 ergo
357 727 615 782 hactenus
642 742 827 798 pugnas
858 741 964 780 non
994 722 1291 779 dederunt?
1318 721 1385 778 Ut
1423 718 1630 775 ediscas
1658 716 1778 771 illos

197 818 353 887 longe
379 818 608 887 graviori
639 818 900 872 reservari
929 814 1211 883 supplicio.

264 909 353 963 10.
381 907 535 975 Quod
566 909 710 962 enim
741 908 947 977 possint
972 906 1234 960 atrociora
1262 902 1451 972 inﬂigi,
1483 915 1642 971 quam
1672 900 1773 954 So-

188 998 443 1063 domitis,
488 997 612 1052 audi
648 997 915 1051 Christum
960 996 1268 1051 dicentem:
1299 991 1637 1048 Tolerabilius
1679 990 1773 1043 crit

190 1098 339 1141 terra:
359 1088 697 1142 Sodomorum
717 1097 763 1141 et
781 1087 1077 1141 (Ionian-hae
1103 1087 1157 1139 in
1180 1086 1260 1139 die
1277 1084 1481 1154 judicii,
1515 1098 1667 1150 quam
1691 1082 1767 1134 ci-

192 1178 332 1228 ritati
369 1178 485 1230 huic
516 1177 748 1246 (Matth.
782 1177 871 1231 10.
903 1176 1032 1245 15).
1067 1175 1141 1229 lta
1172 1184 1231 1227 ut
1259 1175 1417 1229 etiam
1454 1173 1497 1227 si
1524 1187 1641 1240 qum
1672 1171 1773 1223 hoc

188 1280 385 1324 ornatu
410 1271 609 1339 fulgent
647 1271 895 1324 mulieres
925 1285 1031 1323 non
1058 1270 1207 1339 paria
1236 1269 1500 1337 patiantur
1528 1268 1590 1320 iis
1615 1306 1628 1330 ,
1658 1280 1776 1333 qua:

190 1370 315 1415 tunc
345 1360 689 1426 ornabantur,
715 1376 780 1415 ne
805 1360 1096 1415 confidant.
1119 1360 1249 1413 Nam
1273 1358 1548 1413 tolerantia
1572 1355 1776 1425 patien-

190 1451 365 1518 tiaque
392 1452 688 1520 graviorem
703 1452 1000 1505 accumulat
1023 1451 1158 1519 ignis
1182 1448 1473 1515 fornacem,
1499 1449 1775 1516 majorem-

188 1553 287 1606 que
317 1541 581 1595 ﬂainmam
606 1541 784 1596 efficit.
807 1541 918 1597 Hoc
938 1540 1157 1595 Anania:
1182 1549 1235 1593 ct
1256 1538 1528 1607 Sapphirrc
1557 1537 1775 1604 contigit

187 1630 325 1697 (Act.
352 1630 427 1700 5).
450 1631 579 1684 Nam
602 1632 673 1684 illi
697 1632 749 1685 in
771 1632 1030 1700 principio
1050 1641 1104 1686 et
1124 1629 1342 1685 exordio
1364 1627 1770 1698 prmdicationis,

187 1734 309 1773 cum
341 1735 410 1774 ex
450 1722 683 1788 pecuniis
711 1722 813 1775 illis
838 1722 1106 1791 quidpiam
1146 1720 1385 1775 suﬂ'urati
1415 1728 1614 1782 essent,
1645 1733 1773 1771 cou-

187 1812 365 1864 festim
398 1813 602 1881 abrepti
642 1821 800 1877 sunt;
824 1814 1088 1881 pastillos
1127 1820 1302 1865 autem
1350 1810 1498 1863 multi
1524 1810 1613 1878 qui
1651 1808 1770 1861 talia

183 1901 300 1954 ausi
329 1900 573 1964 fuerant,
617 1901 745 1954 nihil
784 1902 1025 1972 perpessi
1069 1910 1211 1956 sunt.
1242 1901 1341 1969 Qui
1384 1900 1540 1969 igitur
1578 1898 1769 1951 rationi

184 2000 604 2045 consentaneum
634 2006 752 2046 esse
778 1992 964 2060 possit,
990 1992 1194 2061 justum
1216 1989 1450 2059 judicem
1468 2029 1483 2053 ,
1510 1987 1598 2055 qui
1622 1986 1766 2055 paria

186 2082 438 2135 ortinibus
460 2082 753 2147 distribuit,
784 2096 878 2137 eos
897 2083 986 2153 qui
1010 2084 1182 2135 minus
1202 2080 1540 2151 peccaverint
1562 2076 1769 2139 ulcisci,

184 2185 282 2225 eos
308 2181 486 2225 autem
526 2174 613 2240 qui
649 2172 889 2242 graviora
932 2172 1199 2225 admisere
1231 2170 1429 2225 scelera
1467 2168 1769 2223 dimittere?

186 2264 382 2314 Annon
408 2261 579 2330 palam
601 2272 701 2326 est,
717 2263 838 2330 quia
862 2262 1000 2316 diem
1023 2261 1227 2326 statuit,
1248 2261 1298 2313 in
1321 2275 1420 2329 qua
1438 2259 1769 2327 judicaturus

184 2360 269 2405 est
288 2352 505 2419 orbem,
540 2352 657 2407 ideo
686 2353 996 2422 supplicium
1018 2353 1237 2407 differre
1257 2394 1272 2417 ,
1306 2362 1364 2406 ut
1397 2361 1488 2405 aut
1517 2350 1769 2419 patientia

185 2442 304 2511 ejus
321 2444 574 2499 meliores
594 2444 915 2510 reddantur,
940 2454 1032 2498 aut
1077 2445 1121 2498 si
1148 2446 1201 2498 in
1239 2445 1426 2499 iisdem
1462 2445 1765 2511 pet-sistant,

184 2534 452 2587 atrociora
483 2535 782 2602 patiantur?
808 2535 936 2588 Cum
960 2535 1116 2604 igitur
1141 2535 1324 2589 eadem
1350 2536 1549 2589 scelera
1575 2535 1768 2587 admit-

188 2623 373 2685 timus,
404 2639 522 2692 quze
550 2624 876 2678 admiserunt
898 2625 970 2677 illi
1004 2626 1092 2694 qui
1119 2626 1375 2693 supplicio
1415 2624 1587 2679 affecti
1617 2634 1761 2690 sunt,

188 2730 287 2767 nec
315 2714 504 2768 eadem
532 2730 650 2784 qua:
680 2715 753 2768 illi
784 2716 1033 2784 patimur,
1063 2732 1129 2771 ne
1150 2715 1499 2780 confidamus,
1528 2717 1622 2770 sed
1650 2731 1763 2769 ma-

185 2806 268 2874 gis
292 2804 591 2858 timeamus.
625 2804 771 2861 Sicut
800 2806 939 2861 enim
981 2806 1152 2877 legem
1181 2807 1299 2861 tulit
1338 2808 1475 2862 Deus
1516 2822 1611 2876 per
1648 2808 1765 2861 illo-

186 2911 303 2949 rum
332 2895 645 2965 supplicium
667 2937 683 2962 ,
712 2911 898 2951 omnes
922 2897 1213 2952 admonens
1232 2938 1246 2961 ,
1278 2897 1564 2967 dieensque
1598 2913 1610 2951 :
1640 2897 1765 2952 Ideo

186 3001 308 3040 eum
338 2987 427 3053 qui
456 2986 523 3041 ab
553 2987 699 3040 initio
737 2987 973 3056 peccavit
999 2988 1256 3057 supplicio
1281 2988 1429 3042 affcci
1451 3029 1465 3053 ,
1504 2996 1562 3041 ut
1594 2998 1647 3042 et
1677 2998 1763 3053 tu,

184 3077 276 3145 qui
313 3085 434 3144 post
462 3076 577 3131 illos
599 3076 800 3131 scelera
827 3078 1083 3144 admittis,
1110 3077 1295 3131 eadem
1328 3080 1440 3147 ipsa
1462 3086 1760 3146 exspectes,

184 3177 240 3220 et
259 3167 590 3221 convertaris
629 3176 683 3221 ct
716 3167 908 3221 melior
947 3168 1159 3222 evadas.
1187 3168 1459 3223 Similibus
1492 3169 1631 3223 enim
1659 3168 1764 3222 cri-

184 3259 421 3313 minibus
449 3258 650 3313 similes
693 3274 864 3328 poente
903 3260 1202 3314 constituta:
1240 3269 1391 3326 sunt,
1422 3260 1628 3314 etiamsi
1657 3274 1759 3313 non

183 3349 366 3403 statim
421 3350 651 3404 veniant.
699 3349 755 3403 ln
787 3349 869 3404 his
924 3366 1082 3420 porro
1132 3365 1237 3404 non
1284 3351 1399 3405 sine
1440 3364 1601 3404 causa
1644 3364 1761 3403 sum

185 3442 532 3504 immoratus;
561 3441 653 3495 sed
678 3442 799 3510 quia
823 3441 1011 3495 noxius
1035 3441 1122 3496 ille
1149 3442 1363 3496 morbus
1395 3443 1447 3495 in
1486 3439 1758 3496 hominum

182 3531 331 3585 mdes
358 3531 626 3600 ingressus
651 3540 732 3585 est
769 3532 837 3586 ob
859 3531 1140 3585 mulierum
1180 3532 1476 3599 mollitiem,
1504 3547 1654 3586 amor
1678 3533 1758 3585 vi-

182 3622 379 3675 delicet
427 3632 897 3686 ornamentorum,
951 3622 1039 3691 qui
1090 3623 1430 3691 pecuniarum
1493 3623 1759 3691 impensas

181 3713 351 3776 anxit,
386 3713 437 3765 in
470 3722 714 3782 sumptus
744 3713 1146 3782 intempestivos
1174 3713 1417 3766 homines
1444 3712 1754 3781 conjicicns,

179 3818 244 3856 ac
281 3803 426 3867 belli,
463 3803 829 3869 dissensionis,
862 3812 916 3858 et
956 3803 1275 3873 quotidianae
1318 3804 1428 3857 litis
1468 3818 1624 3857 causa
1652 3810 1755 3867 est,

182 3906 577 3963 pauperumque
609 3902 821 3947 ventres
845 3894 1043 3947 atterit.
1081 3892 1212 3948 Cum
1241 3893 1381 3945 enim
1413 3902 1548 3947 totas
1586 3892 1756 3946 facul-

182 3992 339 4046 tates,
368 3996 458 4037 aut
494 3999 633 4054 smpe
673 3987 809 4039 ultra
852 3985 1150 4049 facultates,
1183 3985 1374 4040 mulier
1404 3986 1456 4038 in
1482 3994 1757 4039 contume-

183 4077 306 4129 liam
351 4077 589 4144 corporis
613 4078 691 4129 sui
718 4078 888 4130 virum
928 4085 1083 4145 cogat
1110 4076 1414 4144 impendere
1441 4075 1583 4145 (nam
1612 4084 1755 4129 certe

179 4168 501 4221 contumelia
543 4168 779 4235 corporis
804 4174 886 4219 est
909 4181 1097 4220 aurum
1139 4162 1623 4236 circumpositum),
1658 4180 1754 4218 nc-

177 4270 332 4311 cesse
364 4270 576 4324 prorsus
619 4266 699 4310 est
745 4271 961 4310 manum
1005 4255 1274 4310 retrahere
1310 4257 1377 4310 ab
1415 4257 1754 4324 eleemosyna

177 4347 467 4417 eroganda.
498 4347 762 4416 Multaque
790 4347 889 4400 alia
922 4346 1046 4401 binc
1065 4356 1176 4401 orta
1206 4355 1420 4416 peccata
1446 4346 1625 4400 videre
1650 4356 1752 4401 est.

181 4440 377 4493 Verum
408 4438 488 4491 his
513 4437 744 4492 dimissis
763 4478 779 4504 ,
809 4445 867 4491 ut
896 4452 957 4491 ea
982 4438 1304 4506 experientia
1333 4437 1539 4491 discant
1567 4437 1601 4491 ii
1620 4477 1634 4499 ,
1666 4437 1753 4505 qui

178 4529 291 4582 haec
322 4529 615 4597 patientur,
648 4543 706 4583 ea
744 4544 863 4598 qua:
898 4538 1190 4598 sequuntur
1229 4524 1570 4598 attingamus.
1600 4529 1754 4582 Post-

174 4633 333 4687 quam
382 4618 700 4685 captivitatis
738 4618 961 4672 formam
1008 4619 1326 4685 declaravit,
1358 4630 1411 4673 et
1437 4619 1610 4674 dixit:
1652 4619 1754 4673 Pro

174 4718 364 4761 ornatu
394 4708 559 4777 ipsam
606 4709 848 4762 inducam
869 4750 883 4771 ,
914 4718 1074 4777 auget
1102 4710 1455 4763 calamitatem
1476 4750 1491 4775 ,
1523 4710 1704 4763 dicens
1737 4727 1749 4763 :

178 4798 243 4851 Et
271 4799 409 4867 filius
434 4808 551 4850 tuus
574 4798 958 4866 pulcherrimus,
990 4814 1135 4866 quem
1171 4798 1359 4866 diligis,
1391 4799 1562 4866 gladio
1586 4800 1749 4863 cadet,

173 4906 216 4945 et
248 4895 401 4961 fortes
431 4890 577 4943 vestri
603 4888 773 4958 gladio
807 4889 1006 4941 cadent.
1038 4888 1150 4942 Hoc
1192 4890 1385 4957 quippe
1426 4897 1509 4943 cst
1546 4889 1625 4941 vel
1656 4903 1751 4942 ca-

174 4986 415 5054 ptivitate
447 4985 678 5054 gravius.
711 4982 806 5035 Est
834 4983 976 5036 enim
1008 4983 1111 5035 vita
1141 4983 1382 5051 quaedam
1413 4990 1583 5036 morte
1600 4997 1753 5036 acer-

178 5080 311 5131 hior.
336 5076 469 5130 Nam
496 5073 707 5145 quando
726 5088 845 5128 cum
868 5074 1126 5127 servitute
1156 5074 1552 5142 intempestivos
1579 5073 1752 5127 luctus

178 5169 425 5237 prosequi
452 5175 730 5235 coguntur,
759 5166 927 5233 cogita
956 5174 1155 5231 quanta
1184 5166 1253 5218 sit
1287 5165 1599 5219 calamitatis
1634 5180 1749 5217 ma-

175 5258 425 5325 gnitudo,
470 5273 589 5310 cum
626 5257 927 5309 continuata
966 5256 1104 5309 serie
1144 5271 1393 5309 aerumna:
1429 5255 1525 5308 sibi
1568 5264 1752 5307 mutuo

176 5346 483 5401 succedunt.
515 5345 643 5398 Nam
671 5347 767 5399 etsi
796 5344 1072 5413 captivitas
1096 5345 1207 5398 sola
1231 5345 1459 5408 adesset,
1486 5359 1547 5397 ea
1576 5353 1749 5397 tamen

176 5446 315 5488 esset
343 5435 728 5487 intolerandum
758 5435 953 5486 malum
989 5450 1001 5484 :
1034 5442 1085 5486 ct
1121 5434 1163 5485 si
1197 5433 1245 5486 in
1281 5433 1522 5485 libertate
1564 5433 1747 5485 viven-

178 5528 311 5579 tibus
344 5526 473 5579 tales
512 5534 682 5577 laetus
723 5524 1127 5591 contingerent,
1160 5533 1332 5575 morte
1370 5522 1615 5574 acerbior
1642 5523 1746 5572 vita

176 5625 330 5668 esset.
367 5616 473 5669 Sed
505 5630 641 5667 nunc
665 5616 775 5668 haec
796 5615 953 5667 ambo
983 5623 1158 5677 erunt,
1191 5613 1378 5681 inquit,
1415 5622 1596 5664 mutuo
1617 5626 1745 5664 con-

176 5708 370 5761 iuncta.
406 5707 514 5760 lma
535 5707 706 5773 potius
728 5706 862 5760 hanc
888 5704 1237 5759 calamitatem
1271 5704 1534 5771 duplicem
1565 5702 1744 5771 appel-

1889 443 1999 497 lare
2040 459 2132 512 par
2171 451 2269 509 est,
2311 445 2577 514 etiamque
2626 446 2884 516 triplicem
2934 458 2989 503 ct
3035 451 3464 523 quadruplicem,

1888 532 2097 600 quando
2144 541 2197 587 et
2238 532 2397 599 filius,
2444 544 2499 589 et
2540 535 2944 603 pulcherrimus,
2969 548 3021 591 et
3069 540 3312 609 dilectus,
3352 554 3407 600 et
3434 562 3463 600 a

1886 622 2125 676 barbaris
2156 636 2325 677 caesus
2347 664 2360 688 ,
2394 624 2488 677 sed
2522 639 2692 693 neque
2721 641 2785 679 ex
2811 628 3078 681 communi
3111 640 3311 684 natura:
3346 633 3460 702 lege

1887 714 2045 767 vitam
2086 715 2305 778 clausit;
2346 724 2399 769 ct
2423 730 2541 769 cum
2572 716 2663 769 illo
2695 731 2882 772 omnes
2920 720 3007 789 qui
3039 721 3089 775 in
3120 722 3289 774 artatis
3329 722 3458 777 lloro

1885 814 2054 866 erant,
2086 804 2154 857 ita
2182 814 2236 859 ut
2264 806 2460 859 nullam
2487 820 2635 876 spem
2662 807 2854 860 bonam
2893 808 3174 877 haberent,
3201 821 3457 880 quantum

1884 894 2136 948 attinebat
2162 895 2227 948 ad
2255 895 2541 949 humanum
2585 898 2834 951 auxilium
2865 906 2919 953 et
2956 899 3341 954 commilitium.
3388 899 3456 954 Et

1885 984 2226 1036 humiliabitur
2257 1001 2275 1038 .'
2297 995 2340 1039 et
2365 986 2601 1056 lugebunt
2630 988 2787 1041 theca:
2813 998 3022 1043 ornatus
3052 992 3220 1055 vestri,
3248 1001 3294 1045 et
3316 992 3455 1045 dere-

1884 1076 2118 1144 linqueris
2168 1079 2311 1144 sola,
2360 1088 2404 1132 et
2448 1079 2515 1131 ad
2564 1088 2747 1133 terram
2794 1083 3141 1150 prosterneris.
3188 1084 3290 1139 Per
3340 1084 3452 1140 htec

1882 1169 2058 1221 omnia
2106 1168 2301 1222 luctum
2346 1170 2656 1238 amplificat,
2694 1182 2848 1240 auget
2893 1173 3157 1239 timorem,
3201 1189 3450 1245 angorem

1882 1257 2056 1312 reddit
2093 1258 2368 1327 majorem.
2396 1260 2505 1315 Sub
2541 1270 2811 1329 aspectum
2848 1262 2993 1319 ducit
3033 1279 3325 1333 :crumnas,
3354 1283 3453 1321 ex-

1884 1348 2049 1401 tendit
2091 1348 2406 1403 calamitatis
2446 1353 2823 1416 narrationem,
2864 1369 3294 1423 quoquoversum
3351 1359 3456 1411 cir-

1880 1450 2253 1502 cumcurrens,
2288 1439 2517 1509 undique
2563 1441 2731 1495 tristia
2768 1443 3021 1512 colligens
3049 1445 3117 1498 ob
3154 1447 3453 1502 auditorum

1880 1528 2241 1583 stoliditatem.
2271 1530 2399 1583 Nam
2432 1532 2663 1600 Optabile
2699 1533 2882 1587 fuisset
2911 1535 3028 1590 illas
3069 1546 3145 1590 tot
3173 1539 3331 1593 minis
3357 1554 3451 1594 cx-

1878 1620 2100 1686 agitatas
2142 1635 2260 1675 sese
2298 1624 2539 1693 erigere,
2569 1635 2624 1681 et
2651 1626 2703 1679 in
2732 1642 2945 1682 sensum
2982 1628 3273 1686 futurarum
3302 1635 3448 1686 cala-

1879 1708 2117 1763 mitatum
2146 1712 2346 1766 venire.
2392 1713 2514 1767 ldco
2561 1715 2838 1783 subjunxit
2885 1717 2935 1770 id
2961 1719 3100 1786 quod
3146 1720 3448 1777 miserabile

1879 1814 2095 1868 prorsus
2120 1816 2239 1857 esse
2269 1803 2565 1872 videbatur,
2596 1806 2737 1874 quod
2766 1808 2880 1862 auri
2909 1809 3113 1863 thecam
3139 1822 3445 1867 evacuatam

1880 1895 2066 1947 visuras
2093 1904 2275 1950 essent
2296 1936 2309 1957 ,
2341 1897 2393 1951 in
2426 1910 2823 1953 monumentum
2864 1902 3099 1969 priSIinzn
3126 1906 3447 1973 prosperita-

1878 1984 1963 2048 tis,
1994 1992 2051 2038 ut
2078 2000 2170 2053 per
2199 1987 2381 2040 oculos
2414 2001 2699 2043 mmrorem
2739 1992 3002 2058 vigentem
3030 2003 3318 2048 servarent.
3349 1995 3441 2049 Et-

1875 2075 2016 2128 enim
2048 2085 2170 2129 tune
2197 2092 2294 2131 nos
2331 2079 2495 2147 magis
2523 2093 2717 2147 angere
2746 2080 2919 2134 solent
2949 2082 3292 2144 calamitates.
3318 2097 3441 2138 cum

1878 2165 1990 2218 illas
2010 2178 2127 2219 cum
2158 2167 2374 2235 pristina
2402 2167 2653 2223 felicitate
2679 2185 3078 2239 comparamus;
3116 2175 3442 2241 comparatio

1874 2255 2068 2323 quippe
2098 2255 2306 2324 gravius
2354 2258 2502 2312 ulcus
2530 2258 2713 2313 efficit.
2747 2260 2857 2313 Hoc
2899 2261 3054 2330 igitur
3092 2271 3147 2317 et
3187 2264 3288 2317 Job
3315 2264 3441 2317 olim

1873 2346 2081 2401 diccbat
2123 2364 2135 2399 :
2181 2348 2306 2412 Quis
2345 2366 2423 2403 me
2475 2361 2628 2419 ponat
2672 2353 2946 2405 secundum
2983 2371 3201 2408 mensem
3247 2356 3442 2410 dierum

1874 2437 2201 2504 pristinorum
2236 2436 2354 2505 (Job
2387 2439 2474 2491 29.
2504 2439 2538 2491 2
2566 2440 2625 2509 )?
2664 2451 2949 2509 narratque
2988 2443 3193 2497 divitias
3228 2459 3437 2509 omnes,

1872 2537 1925 2580 et
1960 2528 2095 2581 bona
2139 2527 2243 2582 sibi
2287 2530 2435 2597 quasi
2483 2544 2549 2583 ex
2578 2528 2809 2584 fontibus
2849 2532 3136 2597 affluentia,
3182 2533 3438 2600 honores,

1876 2627 2161 2686 proventus
2180 2660 2194 2683 ,
2228 2620 2562 2687 splendorem
2603 2638 2845 2688 omnem;
2876 2624 2945 2677 ita
2975 2633 3031 2678 ut
3059 2626 3265 2680 illorum
3292 2642 3439 2681 com-

1873 2710 2147 2777 paratione
2175 2711 2344 2764 multo
2366 2714 2637 2779 graviores
2655 2714 2897 2769 ostendat
2922 2731 3182 2770 ternmnas
3202 2732 3437 2786 przcseu-

1871 2808 1985 2864 tes,
2015 2814 2133 2868 qua:
2162 2800 2333 2869 ipsum
2373 2813 2711 2871 exceperant.
2745 2805 2895 2867 Quod
2937 2808 3092 2860 etiam
3136 2824 3272 2862 nunc
3311 2825 3437 2877 pro-

1872 2891 2031 2957 pheta
2060 2890 2203 2957 fecit,
2230 2891 2409 2947 thecas
2436 2909 2878 2964 commemorans,
2904 2914 3074 2967 neque
3111 2900 3190 2954 his
3214 2911 3437 2955 conten-

1871 2990 1974 3048 tus,
2004 2982 2118 3037 illas
2139 2984 2391 3039 inducens
2414 2985 2671 3057 iungentes.
2693 2988 2814 3043 Haec
2830 2992 2970 3045 enim
2986 2991 3188 3046 dicendi
3208 2992 3437 3050 formula

1869 3072 2107 3140 emphasi
2141 3074 2349 3141 plenior
2371 3083 2480 3140 est,
2508 3092 2626 3131 cum
2665 3079 2794 3133 tales
2826 3084 3221 3149 prosopOptnias
3249 3085 3432 3139 efficit.

1867 3161 1983 3215 Jam
2010 3177 2135 3231 ergo
2159 3173 2212 3217 et
2240 3167 2421 3219 vineas
2447 3167 2685 3236 lugentes
2713 3169 2912 3224 inducit
2940 3181 2993 3226 ct
3017 3172 3192 3227 vinum
3212 3215 3228 3240 ,
3258 3185 3315 3230 ut
3342 3193 3437 3231 au-

1868 3253 2069 3309 ditores
2092 3256 2259 3325 magis
2290 3267 2514 3327 pungat,
2547 3268 2601 3313 et
2640 3262 2847 3315 illorum
2876 3266 3166 3319 crassitiem
3190 3268 3430 3337 attingat.

1867 3344 2002 3412 Quid
2028 3355 2204 3401 autem
2231 3358 2331 3414 est,
2360 3348 2731 3419 Dercliugueris
2758 3352 2905 3406 sola?
2955 3354 3014 3407 Et
3034 3356 3432 3419 auxliatoribus,

1868 3435 2064 3506 inquit,
2100 3447 2154 3492 et
2183 3438 2277 3493 Dei
2315 3440 2643 3507 providentia
2674 3443 2777 3497 eris
2824 3458 3006 3507 vacua,
3040 3454 3093 3500 et
3139 3452 3282 3502 omni
3330 3450 3435 3503 alio

1865 3529 2148 3597 splendore
2195 3531 2440 3600 Spoliata,
2482 3532 2825 3603 hostibusque
2883 3537 3111 3606 undique
3149 3540 3337 3599 cincta.
3380 3541 3433 3594 iu

1866 3619 2158 3689 mediisque
2187 3622 2433 3677 conclusa
2460 3621 2719 3677 barbaris.
2747 3623 2856 3679 Sub
2897 3624 3009 3680 huic
3038 3629 3221 3682 volens
3252 3631 3432 3686 humi-

1863 3709 2093 3765 liationis
2120 3713 2534 3783 magnitudinem
2564 3716 2845 3771 ostendere
2869 3758 2885 3785 ,
2912 3719 2987 3773 ait
3020 3736 3035 3772 :
3062 3719 3125 3773 Et
3152 3722 3218 3775 ad
3247 3731 3429 3777 terram

1863 3803 2208 3870 prosterneris.
2238 3803 2355 3858 Non
2383 3805 2488 3870 ait,
2513 3804 2703 3871 (.ades,
2736 3809 2849 3875 vel,
2878 3809 3180 3878 Dejicieris;
3212 3815 3305 3870 sed
3330 3815 3429 3868 alia

1864 3908 1989 3947 usus
2017 3902 2099 3949 est
2125 3894 2359 3951 dictione
2377 3936 2393 3964 ,
2430 3911 2550 3966 quae
2578 3897 2829 3953 vilitatem
2859 3900 2974 3969 ejus
3000 3914 3212 3958 omnem
3237 3904 3430 3959 clarius

1861 3984 2203 4053 exprimeret.

2471 4098 2697 4155 CAPUT
2738 4100 2823 4155 IV.

1862 4207 1915 4260 1.
1958 4204 2023 4259 Et
2049 4208 2425 4277 appreltcndent
2452 4219 2638 4279 septem
2676 4212 2905 4265 mulieres
2937 4212 2991 4266 in
3025 4213 3105 4266 die
3142 4215 3233 4269 illa
3269 4216 3429 4271 uirum

1931 4313 2107 4361 unum,
2138 4298 2355 4352 dicentes
2382 4314 2401 4353 :
2434 4298 2621 4352 Panem
2649 4311 2872 4355 nostrum
2898 4304 3206 4357 camedemus
3224 4347 3240 4372 ,
3266 4317 3312 4359 et
3353 4324 3433 4360 ve-

1930 4390 2175 4443 stimentis
2219 4392 2402 4444 nostris
2446 4393 2765 4461 aperiemur:
2791 4404 3020 4446 ueterum
3064 4412 3244 4450 nomen
3289 4406 3432 4452 tuum

1931 4482 2183 4534 invocetur
2204 4497 2355 4548 super
2374 4498 2485 4548 nos,
2507 4483 2652 4550 aufer
2679 4485 3000 4553 opprobrium
3026 4496 3270 4542 nostrum.

1933 4616 1984 4667 1.
2028 4615 2353 4669 Paucitatem
2384 4614 2616 4669 virorum
2658 4631 2721 4669 ex
2767 4616 2907 4671 bello
2948 4619 3282 4676 residuorum
3322 4624 3431 4677 vult

1860 4703 2161 4768 ostendere,
2208 4712 2261 4758 et
2285 4705 2553 4773 quomodo
2582 4706 2647 4759 ad
2677 4708 2953 4761 minimum
2981 4726 3255 4765 numerum
3297 4715 3432 4766 red-

1859 4805 2006 4850 actus
2034 4796 2102 4849 sit
2123 4796 2346 4865 populus
2367 4795 2691 4852 Judzcorum.
2710 4797 2890 4868 Neque
2906 4801 3045 4854 enim
3072 4803 3168 4855 sibi
3196 4804 3430 4857 subsidio

1859 4899 1990 4953 opus
2016 4900 2134 4940 esse
2162 4886 2409 4940 dixerunt
2432 4926 2445 4951 ,
2479 4888 2618 4956 quod
2643 4889 2950 4942 mulieribus
2974 4903 3004 4941 a
3034 4890 3157 4945 viris
3187 4890 3309 4945 ferri
3338 4910 3432 4961 par

1860 4986 1940 5029 est
1962 5017 1977 5041 ,
2006 4975 2099 5030 sed
2126 4991 2184 5030 se
2209 4976 2354 5029 illum
2379 4991 2408 5029 a
2436 4978 2521 5030 tali
2548 4976 2719 5031 officio
2764 4978 3052 5033 immunem
3081 4982 3357 5050 complccui
3383 4994 3431 5037 ct

1859 5081 2068 5131 amare,
2108 5066 2150 5119 si
2191 5075 2477 5134 utcumque
2506 5066 2674 5119 solum
2704 5081 2731 5117 a
2761 5068 3025 5122 viduitatis
3054 5071 3265 5125 nomine
3298 5073 3430 5125 libe-

1860 5168 2061 5211 rentur.
2096 5158 2149 5211 Id
2177 5160 2315 5212 enim
2343 5160 2441 5212 sibi
2472 5159 2585 5212 vult
2610 5160 2735 5213 illud
2770 5178 2783 5212 :
2812 5161 2969 5231 Aufer
2993 5164 3313 5231 approbrium
3346 5182 3427 5215 uo-

1858 5258 2015 5301 strum
2061 5266 2078 5301 :
2119 5248 2364 5316 quoniam
2394 5248 2518 5302 olim
2546 5248 2595 5301 id
2626 5249 2883 5318 vituperio
2909 5266 3025 5304 esse
3050 5251 3340 5308 videbatur.
3378 5253 3428 5305 2.

1858 5337 1925 5391 In
1952 5340 2030 5391 die
2052 5340 2140 5391 illa
2162 5340 2435 5406 splendebit
2466 5339 2601 5393 Deus
2628 5341 2679 5392 in
2708 5341 2915 5392 consilio
2947 5357 3058 5393 cum
3089 5343 3250 5411 gloria
3281 5359 3426 5411 stlpct

1860 5440 2042 5479 terram
2064 5471 2076 5489 ,
2104 5438 2158 5480 ut
2185 5430 2361 5481 exaltel
2391 5439 2435 5481 et
2464 5430 2707 5497 gloriﬁcet
2735 5430 2871 5498 quod
2900 5431 3124 5483 relictum
3149 5443 3218 5485 est
3248 5433 3417 5487 Israc-

1858 5520 1935 5570 lis.
1982 5519 2110 5585 Quia
2148 5535 2209 5572 ex
2258 5520 2481 5572 tristium
2524 5518 2932 5574 comminatione
2960 5522 3192 5575 animum
3220 5524 3425 5577 illorum

1856 5610 2140 5662 admodum
2186 5612 2485 5675 concussit,
2526 5619 2579 5663 et
2616 5610 2968 5665 calamitatem
2996 5612 3121 5665 satis
3154 5612 3422 5677 traduxit,

1866 5702 2120 5770 longoque
2148 5713 2393 5754 sermone
2424 5699 2675 5755 terribilia
2705 5702 2933 5755 narravit
2953 5742 2968 5768 ,
2997 5702 3059 5754 ad
3091 5702 3301 5755 meliora
3334 5703 3416 5757 de
