4044 6470
594 415 667 470 55
1348 404 1403 460 S.
1444 402 1721 460 JOANNIS
1745 398 2216 458 CHRYSOSTOMI
2257 402 2573 459 ARClllEP.
2611 405 3148 464 CONSTANTINOP.
3792 431 3865 486 56

582 532 725 572 nnun
766 533 824 574 se
862 520 1141 575 convertit.
1188 519 1277 574 llla
1320 520 1459 575 enim
1496 519 1769 574 medicina:
1794 519 1992 589 optima
2020 519 2157 572 ratio

578 619 682 674 est,
716 624 817 664 non
846 610 1017 665 solum
1041 625 1225 667 secare
1252 619 1306 665 ct
1336 626 1509 673 urere,
1536 610 1628 665 sed
1659 609 1870 664 dolores
1898 610 2017 664 inde
2038 625 2160 677 par-

583 712 667 756 tos
700 701 1021 760 dulcioribus
1066 702 1362 773 pbarmacis
1388 702 1598 779 lenire:
1630 701 1681 755 id
1710 702 1822 771 ipse
1850 716 1989 756 nunc
2015 702 2156 755 facit.

580 791 763 862 Neque
806 794 944 847 enim
996 794 1047 847 in
1078 794 1245 848 tristia
1272 803 1438 848 totum
1465 794 1755 850 desiturum
1783 808 1903 849 esse
1929 794 2002 847 ait
2020 835 2035 859 ,
2062 794 2157 848 sed

579 884 734 939 malis
753 884 819 938 de
844 884 1017 939 medio
1045 885 1267 940 sublatis
1287 884 1365 959 (a)
1385 886 1602 941 meliora
1629 895 1882 941 eventura
1899 901 2017 941 esse
2035 903 2047 938 :
2065 903 2160 940 ne-

577 990 680 1045 que
726 986 928 1031 tantum
974 992 1332 1031 aerumnarum
1380 977 1699 1031 solutionem
1745 978 1859 1032 fore
1908 977 2018 1042 ait,
2064 978 2156 1031 sed

574 1068 734 1121 etiam
786 1068 1009 1123 multum
1054 1068 1387 1138 splendorem
1438 1083 1793 1139 magnamque
1839 1069 2153 1124 claritatem.

581 1158 690 1211 lloc
709 1159 850 1212 enim
873 1158 1273 1214 illustrationem
1305 1158 1394 1213 Dei
1425 1167 1577 1213 vocat
1603 1173 1721 1228 quae
1751 1159 1981 1213 tristitia:
2008 1168 2153 1213 tene-

573 1249 696 1302 bras
724 1249 914 1316 solvat,
947 1248 1226 1318 lunamque
1245 1249 1385 1303 diem
1409 1249 1599 1317 pariat,
1629 1248 1875 1319 ipsosque
1901 1249 2153 1303 illustriu-

575 1354 664 1393 rcs
709 1338 916 1396 reddat.
964 1338 1095 1395 lllud
1142 1349 1358 1405 autem,
1390 1337 1457 1393 In
1480 1338 1715 1404 consilio,
1743 1339 2005 1409 significat
2030 1355 2151 1394 eum

576 1430 860 1499 prudenter
881 1430 1056 1483 omnia
1085 1430 1257 1484 facere
1275 1469 1289 1493 ,
1317 1437 1513 1483 etcum
1542 1427 1795 1498 sapientia
1819 1427 1918 1482 sibi
1939 1443 2153 1495 compe-

576 1523 723 1577 tenti.
755 1523 807 1577 5.
840 1520 907 1576 Et
932 1522 1025 1575 erit
1049 1522 1186 1592 quod
1207 1520 1460 1574 residuum
1487 1521 1635 1589 fuerit
1663 1518 1873 1574 Israelis
1899 1520 1950 1571 in
1982 1518 2108 1573 Sion
2131 1562 2145 1586 ,

572 1626 617 1669 et
658 1616 790 1684 quod
821 1616 1047 1670 relictum
1073 1615 1225 1685 fuerit
1247 1615 1300 1668 in
1324 1612 1635 1677 Jerusalem,
1662 1613 1824 1667 sancti
1848 1610 2150 1665 vocabuntur

571 1722 741 1759 omnes
772 1707 856 1775 qui
891 1707 1067 1775 scripti
1091 1713 1208 1759 sunt
1231 1705 1301 1758 ad
1326 1705 1477 1759 vitam
1505 1705 1557 1757 in
1584 1704 1888 1758 Jerusalem.
1916 1702 1985 1758 Ut
2010 1703 2147 1757 scias

572 1810 675 1848 non
702 1795 919 1850 fortuito
946 1810 1071 1850 casu
1099 1794 1323 1849 salutem
1355 1804 1541 1850 nactos
1565 1810 1684 1849 esse
1706 1808 1799 1849 eos
1823 1794 1912 1864 qui
1942 1793 2147 1862 pericu-

571 1884 680 1937 ltttn
703 1884 1037 1954 effugerunt,
1065 1886 1159 1941 sed
1179 1885 1407 1941 easiestis
1433 1885 1707 1940 sententia:
1730 1884 1946 1940 decreto
1968 1883 2145 1938 muni-

569 1985 685 2041 tos,
727 1978 883 2031 etiam
933 1977 984 2032 in
1029 1978 1218 2033 mediis
1260 1978 1416 2033 malis
1446 1994 1552 2032 non
1591 1987 1772 2047 captos
1802 1977 1995 2043 fuisse,
2026 1977 2144 2031 ideo

568 2068 641 2120 ait
673 2085 685 2120 :
715 2067 895 2121 Sancti
932 2068 1235 2123 vocabuntur
1258 2085 1428 2124 omnes
1450 2069 1536 2139 qui
1564 2070 1734 2139 scripti
1758 2078 1872 2122 sunt
1896 2070 1963 2120 ad
1991 2068 2144 2120 vitam

566 2163 619 2212 in
642 2159 944 2213 Jerusalem.
976 2161 1074 2229 Qui
1103 2162 1361 2231 segregati
1388 2172 1543 2229 sunt,
1572 2161 1772 2232 inquit,
1800 2161 1888 2231 qui
1915 2160 2139 2230 probati,

566 2251 653 2319 qui
696 2252 914 2320 signati,
956 2262 1011 2305 ut
1049 2252 1180 2307 nihil
1211 2253 1333 2307 mali
1366 2262 1691 2323 paterentur.
1722 2252 1847 2307 Jure
1875 2262 2050 2307 autem
2081 2252 2142 2307 il-

566 2342 648 2396 los
687 2356 895 2399 sanctos
932 2354 1116 2411 vocat,
1159 2346 1447 2402 ostendens
1472 2346 1889 2416 segregationem
1922 2362 2025 2400 non
2058 2356 2139 2400 te-

566 2448 710 2487 mere
734 2473 749 2494 ,
794 2449 890 2487 nec
936 2434 1051 2490 sine
1089 2450 1247 2489 causa
1282 2435 1377 2490 Dei
1401 2436 1671 2490 decretum
1705 2436 1823 2489 illos
1852 2449 2091 2490 servasse
2122 2452 2137 2489 :

565 2524 659 2578 sed
697 2524 895 2594 aliquid
936 2526 1006 2579 illi
1038 2526 1114 2581 rei
1140 2526 1431 2581 contulisse
1455 2527 1705 2581 virtutem
1725 2568 1740 2593 ,
1771 2527 1883 2580 sive
1910 2541 1970 2580 ea
2001 2540 2138 2594 prm-

565 2615 818 2677 cesserit.
848 2617 960 2671 sive
986 2626 1104 2686 post
1128 2615 1448 2687 subsequuta
1478 2616 1566 2671 sit.
1597 2615 1817 2671 Etiamsi
1845 2616 1984 2671 enim
2014 2615 2138 2670 boni

564 2706 776 2775 quidam
811 2707 1001 2761 fuerint
1030 2720 1085 2762 et
1109 2708 1243 2777 atqui
1263 2747 1280 2774 ,
1316 2718 1548 2762 attamen
1574 2723 1640 2763 ex
1668 2708 1731 2762 iis
1758 2723 1874 2777 qua:
1901 2708 2139 2775 contige-

564 2807 686 2850 runt
707 2797 952 2851 meliores
980 2813 1042 2852 ac
1068 2798 1430 2868 diligentiores
1448 2809 1751 2853 evaserunt.
1775 2797 2136 2866 Quemadmo-

562 2888 687 2941 dum
712 2889 850 2941 enitn
877 2903 1062 2942 aurum
1083 2889 1189 2958 igni
1214 2889 1464 2943 traditum
1486 2903 1699 2943 omnem
1721 2889 1947 2943 scoriam
1968 2888 2133 2956 depo-

564 2981 675 3044 nit,
724 2983 801 3033 sic
845 2991 897 3033 et
942 2980 1089 3047 probi
1135 2981 1188 3035 in
1237 2980 1613 3036 tentationibus
1654 2980 1927 3051 probiores
1964 2980 2133 3045 fiunt,

560 3086 771 3127 omnem
797 3073 1071 3128 abluentes
1104 3073 1422 3128 socordiam.
1456 3075 1507 3128 ι.
1544 3073 1675 3140 Quia
1700 3072 1864 3126 abluet
1886 3070 2135 3127 Dominus

560 3164 757 3217 sordem
784 3164 1005 3230 ﬁliorum
1027 3174 1073 3217 et
1100 3164 1318 3233 ﬁliarum
1342 3164 1489 3228 Sion,
1516 3174 1560 3217 et
1573 3166 1865 3234 sanguinem
1883 3180 2136 3233 expurga-

561 3256 629 3308 bit
671 3256 733 3309 de
780 3256 940 3309 medio
983 3272 1152 3310 eorum
1187 3255 1367 3324 spiritu
1385 3256 1597 3326 judicii,
1631 3265 1675 3309 et
1704 3253 1886 3324 spiritu
1913 3254 2133 3308 ardoris.

560 3347 833 3415 Duplicem
865 3347 951 3401 hic
978 3347 1107 3401 mihi
1140 3348 1347 3402 videtur
1374 3347 1552 3403 dicere
1580 3347 2014 3417 expurgationem
2034 3387 2050 3413 ,
2080 3356 2135 3403 et

557 3438 698 3508 quod
730 3438 858 3493 dent
894 3448 1228 3506 peccatorum
1256 3453 1468 3507 poenas,
1496 3448 1549 3492 et
1575 3439 1717 3508 quod
1746 3439 1938 3494 exhinc
1968 3439 2019 3492 in
2048 3439 2132 3493 fu.

559 3539 735 3584 turum
757 3527 1115 3598 diligentiores
1138 3528 1384 3583 evadant.
1416 3528 1737 3598 Sanguinem
1764 3544 1889 3584 vero
1911 3529 2131 3584 Jerusa-

558 3620 665 3675 lem
713 3621 887 3676 caedes
929 3631 1081 3677 vocat
1120 3621 1402 3692 caedesque
1439 3622 1679 3691 injustas.
1710 3622 1907 3677 Deinde
1932 3637 2131 3691 augens

554 3714 945 3767 accusationem
989 3714 1095 3778 ait,
1152 3712 1226 3765 De
1250 3713 1413 3767 medio
1454 3730 1644 3767 eorum.
1679 3712 1794 3768 Non
1821 3715 1963 3768 enim
1993 3714 2127 3769 clam

557 3801 838 3858 homicidia
868 3806 1100 3874 aggressi
1122 3814 1278 3870 sunt,
1309 3806 1401 3860 sed
1428 3808 1579 3873 pejus
1605 3822 1761 3876 quam
1794 3807 2048 3873 latrones,
2079 3818 2132 3862 et

556 3893 589 3946 ii
629 3893 719 3963 qui
764 3894 813 3948 in
854 3894 1077 3961 publicis
1115 3894 1213 3949 viis
1253 3895 1469 3949 insidias
1495 3896 1689 3950 locant.
1720 3897 1797 3951 1111
1824 3913 2051 3967 namque
2079 3900 2126 3951 in

557 3984 785 4040 tenebris
811 3986 1034 4041 latentes
1058 3994 1111 4042 et
1136 3986 1188 4042 in
1215 3986 1608 4055 solitudinibus,
1634 3997 1882 4043 consueta
1901 3987 2126 4043 facinora

554 4076 967 4146 aggrediuntur;
1020 4076 1073 4132 hi
1122 4086 1301 4132 autem
1347 4078 1523 4133 medio
1570 4079 1623 4133 in
1668 4078 1815 4145 foro,
1864 4079 1918 4133 in
1954 4077 2127 4134 media

556 4166 689 4221 urbe
730 4177 784 4221 et
829 4168 879 4221 in
925 4168 1052 4236 ipsis
1094 4168 1441 4224 tribunalibus
1464 4168 1648 4226 eadem
1677 4185 1793 4240 quae
1824 4170 1895 4224 illi
1927 4170 2126 4225 scelera

556 4257 949 4326 perpetrabant.
980 4257 1084 4313 Sed
1114 4268 1167 4312 et
1193 4261 1453 4314 maculam
1480 4259 1604 4315 inde
1628 4272 1799 4314 ortam
1827 4259 2020 4314 bellum
2049 4262 2130 4314 in-

554 4362 748 4419 gruens
791 4359 1086 4405 consumet.
1133 4350 1340 4405 Etenim
1383 4351 1436 4405 in
1481 4361 1717 4421 tempore
1760 4351 2016 4407 bonorum
2062 4352 2128 4407 dc

555 4443 804 4496 {erumnis
846 4444 991 4511 prius
1029 4442 1186 4497 illatis
1225 4457 1283 4497 se
1326 4441 1592 4509 defendit,
1622 4442 1763 4512 quod
1792 4443 1998 4497 scilicet
2024 4443 2127 4496 ilhe

555 4530 673 4587 ideo
704 4532 1040 4600 acciderent,
1074 4541 1131 4587 ut
1148 4534 1521 4598 abluerentur,
1548 4549 1610 4588 ac
1634 4533 1820 4587 sordes
1846 4544 2123 4601 ponerent,

552 4632 609 4675 ut
641 4623 759 4691 igne
787 4633 1137 4693 purgarentur
1166 4624 1212 4690 ι,
1244 4635 1301 4678 ιιι
1326 4640 1538 4680 omnem
1564 4625 1822 4678 maculam
1852 4624 2123 4689 absterge-

553 4723 706 4777 rent,
733 4724 785 4767 ut
811 4716 1061 4783 probrum
1081 4733 1144 4771 ex
1170 4716 1401 4786 peccatis
1422 4726 1475 4770 et
1495 4716 1725 4771 caedibus
1746 4724 1952 4783 partum
1976 4714 2141 4769 eluc-'

551 4814 688 4861 rent.
739 4804 873 4872 Quid
918 4821 1045 4861 vero
1084 4816 1168 4861 est
1211 4806 1350 4875 quod
1374 4809 1483 4872 ait,
1515 4808 1715 4877 Spiritu
1734 4807 1917 4876 judicii
1943 4815 1990 4859 et
2019 4808 2124 4874 spi-

549 4896 648 4947 ritu
694 4895 936 4950 ardoris?
963 4895 1017 4950 ln
1048 4896 1353 4964 metaphora
1381 4896 1623 4951 conllatae
1653 4896 1931 4951 metallicae
1956 4905 2125 4948 matc-

551 4988 644 5041 rize
688 4986 938 5041 substitit.
980 4986 1431 5052 Quemadmodum
1476 4988 1620 5041 enim
1664 4988 1769 5042 illic
1809 4988 2024 5055 spiritus
2072 4990 2124 5040 in

549 5082 913 5135 t-onllatoriam
942 5079 1209 5135 fornacem
1240 5079 1509 5134 immissus
1532 5089 1586 5133 et
1610 5078 1874 5131 flammam
1905 5078 2090 5133 amans
2109 5118 2125 5144 ,

549 5171 984 5243 ardentioresque
1013 5186 1207 5243 prunas
1233 5171 1491 5237 reddens,
1520 5185 1737 5226 omnem
1762 5171 1991 5225 absumit
2010 5186 2129 5227 sco-

613 5329 629 5359 ι
666 5335 789 5388 Haec,
812 5334 862 5378 ut
883 5328 992 5390 igne
1006 5335 1350 5393 purgarentur,
1377 5329 1555 5378 desunt
1588 5330 1637 5378 in
1662 5336 1774 5393 Reg.
1805 5334 1855 5393 et
1878 5327 2016 5377 Savil.
2036 5329 2129 5378 Sed

548 5391 595 5438 in
623 5396 779 5453 Davar.
802 5398 852 5439 et
872 5389 1035 5441 Merci.
1063 5389 1318 5450 habentur,
1347 5398 1399 5441 et
1414 5392 1649 5453 quadrant
1669 5389 1726 5437 ad
1744 5390 1941 5453 seriem.

614 5451 686 5512 (a)
720 5450 965 5518 Incrteco,
991 5471 1060 5503 τῶν
1083 5472 1240 5518 πονηρῶν
1275 5468 1312 5504 ιιι
1343 5450 1451 5514 μιυοῦ
1482 5464 1695 5518 instruas.
1718 5453 1839 5518 russi
1862 5452 2129 5518 aliquantu-

551 5512 648 5576 lum
669 5526 727 5560 an
750 5514 818 5561 sic
836 5515 1144 5576 interpretari
1164 5512 1419 5576 reponeret
1442 5529 1453 5563 :
1477 5512 1703 5576 improbis
1718 5512 1779 5562 de
1794 5512 1950 5561 medio
1968 5512 2128 5561 subla-

549 5573 625 5633 tis,
640 5588 719 5633 an,
738 5576 876 5625 malis
898 5573 985 5623 seu
1010 5573 1225 5625 tristibus
1250 5577 1310 5626 de
1337 5576 1495 5626 medio
1518 5573 1731 5625 sublatis.
1752 5581 1811 5623 Ea
1834 5576 2013 5635 qttippe
2032 5587 2124 5622 vox

549 5654 704 5698 πονηρῶν
722 5636 929 5698 priorem
968 5638 1128 5697 potius
1146 5640 1402 5700 requirere
1436 5638 1712 5686 versionem
1735 5638 2014 5700 videbatur;
2039 5636 2125 5684 sed

550 5708 613 5761 ex
638 5696 770 5761 Serie
792 5706 844 5746 et
863 5696 1164 5761 contiexione
1189 5696 1497 5760 sequentium
1532 5700 1848 5761 posteriorem
1873 5696 2035 5756 malui,
2078 5704 2129 5746 et

548 5757 617 5807 lic
638 5760 786 5810 vertit
806 5771 1000 5823 quoque
1022 5757 1314 5814 ‘rilmattntis.

2271 519 2402 574 riam
2448 536 2464 575 :
2509 522 2579 575 ita
2618 532 2673 577 et
2703 523 2788 578 hic
2818 525 3052 579 innnissa
3080 541 3111 579 a
3142 526 3250 581 Deo
3278 527 3351 583 ira
3371 571 3385 593 ,
3416 540 3473 585 et
3496 533 3735 590 incidens
3760 538 3858 590 ho-

2267 610 2427 663 stium
2473 611 2754 679 incursus,
2798 614 2968 669 instar
3008 616 3145 685 ignis
3191 620 3305 673 urbi
3352 620 3518 675 factus
3555 633 3671 692 est,
3721 627 3857 699 ignis

2267 713 2371 753 non
2402 700 2691 769 perniciem
2718 703 3025 772 inferentis,
3057 707 3151 761 sed
3185 712 3404 775 urentis,
3437 716 3729 782 purgantis,
3757 734 3855 785 pu-

2265 790 2462 844 nientis
2486 801 2540 845 et
2568 792 2917 848 emendantis.
2944 794 3095 850 l-lunc
3114 798 3255 851 enim
3282 812 3493 855 sensum
3518 802 3677 858 habet
3698 805 3855 871 illud,

2265 880 2464 946 Spiritu
2482 881 2672 947 judicii
2689 898 2711 945 ;
2740 882 2843 937 hoc
2868 894 2984 951 est,
3016 887 3305 954 punitionis
3326 930 3342 955 ,
3374 890 3619 947 vindictte
3639 935 3655 959 ,
3688 895 3854 949 ultio-

2264 969 2365 1022 nis.
2408 970 2461 1023 5.
2496 969 2561 1023 Et
2605 973 2764 1025 veniet
2803 973 3071 1028 Dominus.
3103 977 3401 1032 Adventum
3432 982 3549 1049 ejus
3578 986 3852 1052 operatio-

2263 1073 2385 1114 nem
2410 1070 2578 1114 vocat.
2611 1060 2677 1114 Et
2703 1064 2795 1115 erit
2827 1071 2988 1119 omnis
3016 1065 3157 1120 locus
3186 1069 3368 1122 montis
3398 1069 3557 1137 Sion,
3588 1084 3635 1125 et
3656 1076 3853 1139 omnia,

2260 1166 2372 1220 qua:
2404 1151 2458 1205 in
2488 1153 2702 1207 circuitu
2729 1157 2838 1225 ejus
2866 1167 3019 1224 sunt,
3052 1158 3364 1214 obumbrabit
3388 1164 3541 1218 nubes
3565 1182 3653 1234 per
3676 1167 3811 1220 diem
3835 1210 3851 1235 ,

2259 1251 2306 1295 et
2333 1243 2480 1309 quasi
2509 1245 2650 1312 fumo
2674 1285 2690 1311 ,
2720 1256 2765 1297 et
2793 1247 2938 1315 quasi
2964 1247 3076 1300 luce
3098 1249 3229 1319 ignis
3253 1252 3477 1306 ardentis
3500 1272 3589 1322 per
3616 1267 3849 1324 noctem,

2258 1334 2394 1385 omni
2421 1333 2584 1402 gloria
2604 1345 2902 1406 protegetur.
2933 1338 2985 1392 6.
3016 1338 3084 1392 Et
3110 1342 3204 1393 erit
3227 1342 3278 1395 in
3299 1344 3649 1400 umbraculum
3669 1349 3773 1402 diei
3789 1350 3852 1402 ab

2255 1432 2380 1476 aestu
2404 1463 2419 1487 ,
2464 1434 2512 1476 et
2544 1424 2596 1477 in
2626 1435 2905 1494 tegumenta
2937 1438 2985 1481 et
3010 1428 3063 1482 in
3091 1430 3388 1486 abscondito
3412 1435 3473 1487 ab
3502 1439 3777 1505 asperitate
3803 1450 3851 1492 et

2254 1512 2443 1581 pluvia.
2489 1513 2694 1569 Nubem
2740 1514 2827 1569 hic
2853 1527 3006 1572 vocat
3032 1521 3453 1577 consolationem
3486 1525 3537 1578 in
3566 1528 3721 1581 malis
3748 1529 3850 1582 da-

2254 1614 2361 1658 tam
2385 1621 2399 1664 :
2426 1621 2609 1674 rogum
2637 1607 2710 1679 (a)
2740 1624 2869 1664 vero
2896 1611 3179 1666 adventum
3204 1615 3318 1683 ejus
3335 1631 3454 1670 cum
3476 1621 3849 1676 consolatione

2250 1696 2575 1764 adjunctum.
2618 1700 2766 1766 Quod
2799 1703 2939 1756 enim
2967 1703 3020 1757 itt
3049 1716 3181 1759 arstu
3209 1715 3290 1761 est
3319 1707 3515 1774 nubes,
3548 1710 3649 1766 hoc
3677 1714 3730 1767 in
3764 1725 3847 1769 te-

2252 1788 2431 1841 nebris
2459 1799 2512 1841 et
2539 1790 2797 1857 prolunda
2827 1803 2982 1848 nocte
3009 1809 3168 1864 rogus
3193 1797 3453 1865 splendidi
3484 1800 3620 1869 ignis
3651 1818 3847 1858 aet-en-

2249 1893 2363 1933 sus.
2385 1880 2477 1935 llla
2507 1881 2648 1934 enim
2676 1892 2862 1936 aestum
2888 1884 3129 1953 depellit,
3149 1886 3237 1942 hic
3263 1904 3389 1943 vero
3413 1890 3693 1961 caliginem
3722 1894 3843 1948 dis-

2248 1969 2402 2024 cutit.
2424 1969 2722 2024 Adventum
2759 1988 2888 2041 ergo
2922 1972 3037 2043 ejus
3064 1991 3211 2045 pyra:
3231 1978 3534 2045 splendori,
3568 1983 3845 2037 remissio-

2248 2074 2371 2112 nem
2410 2075 2537 2114 vero
2584 2070 2638 2115 et
2665 2064 3048 2119 recreationem
3076 2067 3281 2122 umbra:
3306 2069 3459 2123 nubis
3485 2077 3837 2140 comparavit.

2248 2149 2450 2205 Deinde
2492 2153 2782 2207 ostendens
2819 2170 2923 2209 non
2962 2156 3217 2225 paulatim
3242 2159 3428 2214 solutis
3455 2161 3695 2216 tristibus
3723 2166 3841 2219 hac

2245 2251 2497 2296 eventura
2527 2258 2648 2299 esse
2670 2286 2688 2312 ,
2718 2246 2811 2300 sed
2839 2246 3131 2317 derepente
3154 2248 3205 2302 in
3234 2249 3449 2319 ipsaque
3473 2267 3838 2308 aerumnarum

2247 2333 2295 2388 vi
2323 2334 2435 2390 fore
2460 2337 2805 2392 mutationem
2825 2378 2843 2405 ,
2870 2348 2927 2393 ut
2948 2349 3001 2394 et
3027 2340 3151 2395 inde
3176 2341 3417 2410 discant,
3448 2360 3552 2397 non
3584 2361 3646 2399 ex
3673 2362 3835 2401 revo-

2245 2425 2445 2482 lutione
2471 2428 2699 2497 quadam
2724 2440 2777 2484 et
2798 2431 3018 2485 fortuito
3041 2435 3387 2488 mutationem
3419 2434 3471 2488 in
3500 2437 3691 2490 melius
3710 2452 3835 2492 esse

2243 2514 2485 2583 factam;
2530 2518 2625 2573 sed
2668 2533 2733 2573 ex
2777 2536 3007 2590 superna
3049 2521 3247 2577 virtute
3291 2533 3456 2577 totum
3494 2540 3616 2579 esse
3648 2527 3836 2580 confe-

2241 2616 2385 2663 ctum
2402 2650 2420 2675 ,
2454 2609 2601 2665 Sicut
2625 2611 2742 2681 igne
2764 2613 2970 2666 ardente
2992 2614 3045 2667 in
3073 2624 3218 2668 nocte
3235 2658 3249 2677 ,
3283 2615 3479 2684 inquit,
3504 2619 3582 2671 sic
3604 2616 3694 2670 lict
3713 2634 3836 2671 mn-

2242 2702 2372 2756 tatio
2390 2743 2405 2766 ,
2436 2701 2502 2755 Et
2528 2703 2619 2756 erit
2645 2704 2697 2755 in
2725 2705 2953 2757 umbram
2978 2722 3068 2775 per
3093 2707 3248 2761 diem.
3277 2708 3528 2771 Quaenam
3561 2708 3676 2761 lucc
3705 2725 3832 2762 unt-

2242 2793 2381 2848 bra?
2409 2793 2501 2849 Dei
2528 2795 2806 2861 auxilium,
2837 2795 3025 2866 inquit,
3049 2807 3103 2851 et
3129 2796 3443 2860 subsidium,
3468 2799 3617 2866 quasi
3640 2800 3831 2853 umbra

2240 2884 2293 2938 in
2324 2894 2458 2939 testu
2478 2925 2494 2951 ,
2524 2894 2577 2938 et
2602 2886 2752 2953 quasi
2777 2896 2971 2941 tectum
2998 2886 3082 2943 vel
3109 2903 3356 2943 cavernae
3383 2888 3658 2944 latibulum
3679 2933 3693 2954 ,
3723 2890 3830 2944 im-

2237 2975 2334 3031 bre
2371 2975 2676 3031 vehementi
2719 2978 2978 3047 cadente,
3028 2979 3081 3033 in
3127 2989 3242 3035 tuto
3268 2990 3444 3036 servat
3466 2997 3589 3037 eum
3614 2984 3707 3054 qui
3735 2984 3830 3039 illo

2238 3066 2473 3135 confugit
2518 3084 2532 3121 :
2574 3068 2651 3122 sic
2677 3077 2731 3123 et
2756 3069 2848 3122 Dei
2878 3071 3250 3125 commilitium
3274 3072 3407 3126 nihil
3433 3072 3571 3128 sinet
3597 3075 3707 3144 pati
3732 3074 3831 3129 de-

2238 3156 2474 3212 trimenti
2498 3198 2514 3223 ,
2547 3166 2697 3213 tanto
2724 3159 2999 3232 ingruente
3026 3160 3165 3218 bello
3187 3203 3203 3231 ,
3235 3177 3328 3219 eos
3351 3178 3487 3233 quos
3506 3179 3536 3218 a
3563 3164 3828 3236 principio

2237 3262 2453 3305 servare
2480 3249 2725 3307 Voluerit.

2863 3382 3091 3440 CAPUT
3131 3384 3197 3440 γ.

2240 3497 2292 3550 1.
2336 3494 2562 3549 Cantabo
2599 3495 2782 3549 dilecto
2832 3496 3084 3550 canticum
3122 3498 3292 3552 dilecti
3339 3499 3437 3554 mei
3482 3500 3640 3556 vinea
3674 3518 3826 3557 mea.

2309 3607 2360 3661 1.
2402 3607 2688 3676 Postquam
2729 3607 2955 3662 tristium
2995 3609 3410 3666 comminatione
3446 3617 3726 3680 exterruit,
3768 3629 3827 3673 et

2234 3698 2495 3753 bonorum
2524 3697 2881 3766 promissione
2906 3697 3220 3753 exhilaravit
3240 3740 3256 3765 ,
3300 3700 3607 3772 variamque
3633 3707 3823 3761 mede-

2234 3788 2337 3841 lam
2366 3786 2638 3853 adhibuit,
2685 3786 2738 3840 in
2774 3787 2916 3841 aliud
2944 3787 3121 3842 denuo
3150 3790 3465 3859 principium
3509 3808 3823 3851 sermonem

2234 3879 2461 3946 reducit,
2496 3880 2807 3949 principium
2830 3921 2844 3946 ,
2887 3880 3100 3950 inquam
3119 3922 3133 3947 ,
3168 3882 3311 3951 quod
3339 3886 3627 3954 prophetiae
3656 3903 3823 3944 exor-

2234 3970 2379 4023 dium
2408 3971 2669 4024 videalur.
2708 3970 3166 4036 Quemadmodum
3191 3972 3332 4027 enim
3362 3989 3391 4029 a
3421 3975 3679 4045 principio
3704 3989 3823 4031 sta-

2236 4059 2328 4112 tim
2360 4058 2615 4113 beneﬁcia
2661 4060 2790 4127 ipsis
2832 4076 2861 4113 a
2905 4060 3019 4115 Deo
3059 4062 3250 4116 collata
3297 4066 3564 4118 recensuit
3607 4066 3819 4134 dicens,

2234 4148 2397 4203 Filios
2423 4150 2573 4219 genui
2596 4158 2640 4202 et
2666 4149 2880 4203 exaltari
2911 4148 3077 4220 (lsai.
3106 4153 3158 4205 1.
3186 4152 3221 4205 2
3238 4152 3278 4221 ),
3304 4153 3543 4208 adductis
3569 4159 3820 4225 proposi-

2234 4240 2404 4308 tisque
2432 4240 2755 4305 sceleribus,
2789 4255 2906 4308 qua:
2936 4241 3009 4295 illi
3040 4250 3378 4311 patraverant
3399 4286 3416 4311 ,
3445 4260 3671 4314 nempe,
3705 4246 3823 4316 Ipsi

2232 4341 2522 4400 spreverunt
2548 4348 2641 4396 me,
2672 4341 2744 4398 et,
2769 4331 2937 4386 Israel
2961 4344 3127 4386 autent
3155 4352 3234 4387 me
3252 4352 3350 4389 non
3375 4338 3624 4407 cognovit,
3650 4349 3696 4392 et
3723 4358 3821 4407 po-

2233 4419 2384 4491 pulus
2412 4437 2548 4476 meus
2588 4437 2669 4474 me
2711 4439 2812 4475 non
2846 4422 3091 4476 intellexit
3118 4422 3279 4493 (lsai.
3311 4424 3360 4478 1.
3389 4424 3456 4496 5)
3482 4444 3495 4479 :
3529 4426 3606 4480 sic
3632 4437 3687 4480 et
3714 4428 3822 4483 hoc

2231 4513 2348 4567 loco
2377 4513 2493 4567 aliis
2522 4513 2715 4579 dictis,
2757 4512 2851 4567 sed
2891 4513 3078 4568 eadem
3125 4516 3385 4569 sententia
3433 4532 3494 4570 ea
3539 4517 3651 4585 ipsa
3694 4534 3820 4587 qua:

2232 4605 2376 4673 prius
2403 4604 2635 4658 exhibet.
2671 4604 2868 4658 Verum
2906 4620 3009 4674 qua
3052 4605 3121 4660 de
3166 4621 3325 4661 causa
3368 4607 3815 4675 reprehensnrus,

2231 4694 2697 4762 reprehensionem
2720 4694 2982 4747 canticum
3005 4696 3202 4749 vocat?
3230 4696 3431 4767 Moyses
3452 4700 3593 4752 enim
3620 4698 3672 4752 id
3693 4699 3819 4767 jure

2234 4788 2354 4841 fecit
2378 4802 2498 4839 cum
2524 4785 2705 4849 Maria,
2732 4794 2914 4854 utpote
2939 4786 3257 4856 triumphale
3285 4788 3544 4843 canticum
3575 4791 3819 4846 modula-

2234 4888 2417 4944 turus,‘
2448 4878 2740 4945 meritoque
2767 4878 2843 4931 sic
2872 4876 3056 4946 incipit
3088 4895 3100 4929 :
3127 4877 3392 4932 Cantemus
3414 4878 3632 4933 Domino
3653 4897 3673 4933 :
3698 4882 3816 4951 glo-

2230 4971 2362 5022 riose
2386 4970 2519 5023 enim
2548 4968 2900 5037 magniﬁcatus
2929 4977 3036 5035 est,
3078 4983 3256 5035 equum
3285 4977 3330 5021 et
3356 4984 3666 5023 ascensorem
3696 4987 3820 5037 pro—

2222 5062 2343 5131 jecit
2387 5061 2438 5113 in
2481 5076 2619 5112 mare
2664 5057 2874 5128 (Exod.
2903 5058 2989 5114 15.
3024 5060 3117 5128 1).
3162 5060 3229 5113 Et
3272 5060 3472 5115 Debora
3521 5071 3639 5129 post
3678 5062 3816 5117 illud

2231 5152 2540 5207 admirabile
2570 5162 2861 5219 tropaaum,
2906 5158 2961 5205 et
2997 5150 3320 5219 insperatam
3359 5152 3629 5206 victoriam
3652 5194 3664 5217 ,
3691 5154 3815 5223 jure

2232 5243 2494 5297 canticum
2521 5242 2649 5296 illud
2682 5241 2999 5310 triumphale
3021 5242 3319 5309 contexuit,
3340 5242 3547 5297 laudem
3573 5243 3815 5302 referens

2235 5335 2344 5389 Deo
2372 5332 2580 5403 (Judic.
2609 5333 2694 5403 5).
2738 5332 2833 5388 Hic
2863 5340 3041 5387 autem
3067 5333 3471 5399 criminaturus,
3501 5348 3623 5389 cum
3652 5338 3818 5392 vehe-

2310 5514 2378 5575 (α)
2410 5518 2489 5585 (1r.
2517 5517 2682 5579 πυράν.
2705 5517 2893 5590 1111ςηοῑ
2932 5519 3053 5590 infra
3094 5523 3241 5584 πυρὰν
3266 5534 3629 5590 commemorat,
3671 5533 3811 5590 quasi

2244 5590 2303 5624 ea
2328 5590 2415 5649 vox
2445 5579 2491 5624 in
2526 5579 2916 5649 praecedentibus
2951 5579 3228 5649 δεύρω-πλερ-
3245 5584 3497 5649 versieulis
3522 5579 3811 5649 haberetur,

2242 5645 2546 5706 quie'tainen
2583 5639 2648 5686 ibi
2690 5653 2783 5706 non
2828 5639 3094 5702 comparet.
3132 5644 3229 5692 Sed
3274 5654 3389 5705 puto
3413 5639 3810 5706 Chrysostomntri

2242 5697 2328 5772 llas
2346 5697 2484 5772 iﬁllltB
2506 5711 2670 5771 Voces,
2696 5703 2758 5767 ὡς
2796 5697 2950 5760 φωτὸξ
2972 5708 3116 5767 πυρὸς
3148 5697 3396 5767 καιομένου
3419 5697 3598 5769 venio},
3622 5709 3701 5759 hic
3720 5697 3813 5772 per

2241 5770 2412 5808 vocem
2436 5776 2581 5822 πυραν
2610 5774 2905 5820 exprimere.
