4044 6410
334 410 409 467 55
1644 406 1710 463 IN
1754 407 1957 464 ISAIAR

2062 406 2201 463 CAP.
2258 408 2321 464 ι’.
3659 429 3734 486 56

328 514 544 589 Ἐπειδὴ
592 520 794 593 σφόδρα
833 525 1114 579 κατέσεισε
1156 528 1255 597 τὴν
1297 527 1531 581 διάνοιαν
1560 525 1737 579 αὐτῶν
1766 529 1833 595 τῇ
1869 524 1975 577 τῶν

313 599 569 673 λυπηρῶν
596 607 807 679 ἀπειλῇ,
831 612 922 663 καὶ
944 613 1038 680 τὴν
1067 613 1349 683 συμφοράν
1379 611 1573 674 ἱκανῶς
1608 611 1974 682 ἐτραγῴδησε.

313 689 407 740 καὶ
440 694 645 762 μακρὸν
686 696 934 750 ἀπέτεινε
964 700 1117 767 λόγον
1144 701 1212 753 τά
1238 701 1441 769 φοϐερά
1474 700 1844 769 διηγούμενος,
1880 715 1974 767 με·

312 776 597 831 ταϐάλλει⁸
627 781 807 835 λοιπὸν
831 786 920 837 ἐπὶ
943 785 1007 839 τὰ
1033 788 1383 857 χρηστότερα.
1413 787 1581 840 Τοῦτο
1606 786 1710 855 γάρ
1738 786 1975 854 ἰατρείας

312 861 540 932 ἀρίστης
585 866 797 936 τρόπος,
835 869 908 939 μὴ
959 872 1173 940 τέμνειν
1212 872 1346 941 μηδὲ
1396 873 1570 924 καίειν
1630 872 1809 940 μόνον,
1838 871 1972 924 ἀλλά

311 948 407 1000 καὶ
437 950 535 1013 τὰς
559 954 765 1007 ἐκεῖθεν
796 958 1077 1025 γινομένας
1102 958 1291 1022 ὀδύνας
1319 959 1612 1029 προσηνέσι
1643 958 1974 1028 παραμυθεῖ-

312 1034 436 1087 σθαι
484 1040 815 1108 φαρμάκοις·
860 1043 1012 1096 τοῦτο
1044 1044 1105 1115 δὴ
1140 1045 1232 1098 καὶ
1260 1046 1420 1108 αὐτὸς
1446 1048 1606 1099 ποιεί.
1637 1046 1709 1097 Οὐ
1756 1046 1863 1112 γὰρ
1908 1044 1971 1113 δὴ

310 1117 391 1181 εἰς
434 1123 499 1173 τὰ
538 1125 832 1196 σκυθρωπά
881 1130 1200 1183 καταλύσειν
1234 1131 1399 1200 ἔφησε
1437 1132 1497 1183 τὸ
1528 1132 1652 1190 πᾶν,
1688 1130 1822 1182 ἀλλὰ
1865 1131 1971 1183 τῶν

310 1209 559 1278 πονηρῶν
577 1213 638 1265 ἐκ
662 1214 822 1283 μέσου
844 1215 1150 1285 ληφθέντων
1172 1218 1503 1287 διαδέχεσθαι
1523 1219 1591 1271 τά
1613 1219 1967 1288 χρηστότερα·

314 1295 408 1347 καὶ
439 1297 536 1349 οὐκ
564 1299 879 1373 ἀπαλλαγὴν
906 1303 1121 1356 ἔσεσθαι
1154 1307 1309 1375 μόνον
1341 1307 1448 1358 τῶν
1477 1305 1675 1377 ἀηδῶν,
1708 1304 1844 1357 ἀλλὰ
1879 1308 1972 1359 καὶ

314 1382 515 1455 πολλὴν
548 1386 644 1454 τὴν
671 1390 1022 1458 περιφάνειαν
1068 1392 1160 1444 καὶ
1192 1392 1433 1461 μεγάλην
1464 1393 1562 1462 τὴν
1588 1392 1961 1463 λαμπρότητα.

311 1467 482 1523 Τοῦτο
510 1472 615 1543 γάρ
648 1474 940 1545 ἐπίλαμψιν
977 1477 1110 1529 Θεοῦ
1145 1478 1316 1542 καλεῖ,
1351 1479 1412 1530 τὸ
1456 1480 1644 1541 σκότος
1690 1479 1787 1547 τῆς
1836 1480 1967 1532 ἀθυ-

312 1556 441 1625 μίας
470 1558 716 1627 λύουσαν,
749 1565 839 1617 καὶ
869 1564 1096 1635 φαιδρὰν
1128 1567 1384 1621 ποιοῦσαν
1418 1568 1650 1638 ἡμέραν,
1693 1570 1789 1622 καὶ
1817 1587 1970 1641 περι-

305 1647 494 1710 φανείς
524 1646 879 1705 καθιστῶσαν.
906 1653 976 1705 Τὸ
1002 1653 1079 1715 δὲ,
1098 1654 1191 1705 Ἐν
1213 1654 1435 1721 βουλῇ,
1460 1656 1538 1708 ὅτι
1570 1654 1822 1719 συνετῶς,
1866 1675 1969 1726 φη-

306 1732 381 1793 σὶ,
417 1732 593 1788 πάντα
621 1737 929 1805 ἐργάσεται,
962 1741 1056 1794 καὶ
1102 1742 1239 1811 μετά
1268 1743 1367 1812 τῆς
1414 1743 1795 1814 προσηκούσης
1820 1745 1968 1816 αύτῷ

305 1822 518 1888 σοφίας.
554 1824 661 1877 Kal
700 1826 868 1879 ἔσται
913 1827 980 1881 τὸ
1021 1831 1417 1899 καταλειφθὲν
1459 1832 1565 1885 τοῦ
1609 1832 1856 1901 Ἰσραὴλ
1899 1834 1969 1888 ἐν

300 1905 474 1970 Σιὼν,
500 1910 598 1961 καί
619 1911 685 1963 τὸ
707 1915 1099 1982 καταλειφθέν
1121 1915 1190 1968 ἐν
1218 1917 1623 1987 Ἰερουσαλὴμ,
1648 1918 1799 1987 ἅγιοι
1824 1922 1967 1987 κλη-

301 1991 590 2059 θήσονται
619 1995 840 2064 πάντες
862 2002 915 2053 οἱ
937 2000 1257 2069 γραφέντες
1282 2006 1369 2069 εἰς
1395 2001 1546 2072 ζωὴν
1575 2006 1645 2058 ἐν
1676 2007 1964 2074 Ἰερουσα-

295 2078 574 2148 λήμ.”1να
620 2083 796 2156 μάθῃς
828 2087 908 2139 ὅτι
940 2090 1000 2142 ού
1043 2091 1325 2159 συντυχίας
1357 2090 1499 2153 τινὸς
1538 2094 1570 2162 ή
1608 2094 1846 2163 σωτηρία
1871 2098 1963 2162 γέ-

297 2183 423 2233 γονε
455 2168 562 2222 τῶν
590 2170 955 2241 διαφυγόντων
987 2176 1076 2228 τὸν
1103 2178 1364 2241 κίνδυνον,
1396 2178 1516 2231 ἀλλ’
1538 2180 1602 2231 ἐκ
1629 2178 1729 2249 τῆς
1760 2181 1965 2235 ἄνωθεν

296 2251 481 2323 ψήφου
509 2258 891 2326 τειχισθέντες,
920 2263 1010 2316 καὶ
1037 2263 1095 2316 ἐν
1126 2265 1309 2334 μέσοις
1340 2269 1449 2329 τοῖς
1481 2266 1671 2330 δεινοῖς
1697 2267 1845 2332 ὄντες
1868 2271 1965 2341 οὐχ

296 2341 566 2411 ἑάλωσαν,
596 2345 682 2400 διά
710 2347 867 2402 τοῦτό
901 2369 1063 2421 φησιν
1086 2368 1099 2382 ·
1130 2354 1318 2424 Ἀγιοι
1358 2355 1766 2422 κληθήσονται
1815 2357 1963 2411 πάν-

295 2444 398 2515 τες
424 2432 481 2483 οι
508 2432 829 2502 γραφέντες
857 2440 942 2503 εἰς
968 2437 1119 2506 ζὶυὴν
1143 2441 1213 2493 ἐν
1238 2439 1651 2511 Ἰερουσαλήμ
1680 2446 1740 2496 Ol
1772 2446 1961 2515 ἀφορι-

298 2510 537 2598 σᾉθέντες,
575 2517 756 2586 φησὶν,
787 2520 835 2571 οἱ
868 2519 1302 2591 δοκιμασθέντες,
1332 2528 1379 2577 οί
1407 2510 1746 2589 τυπωθέντες
1765 2510 1832 2591 ι),
1856 2510 1962 2598 μη-

294 2595 384 2649 δὲν
437 2601 629 2654 παθεῖν
675 2604 864 2659 δεινόν.
912 2609 1147 2673 Εἰκότως
1194 2611 1251 2663 δέ
1295 2612 1491 2675 αύτοὶς
1546 2613 1733 2682 ἁγίους
1782 2595 1955 2680 καλεῖ,

294 2683 531 2750 δεικνὺς,
562 2690 643 2741 ὅτι
672 2691 769 2761 οὐχ
797 2693 979 2756 ἁπλῶς
1006 2697 1033 2748 ὁ
1070 2696 1371 2768 άφορισμὸς
1403 2698 1600 2762 αὐτοὺς
1633 2701 1957 2770 ἀπήλλαξενν

293 2771 418 2826 ούδέ
444 2775 684 2847 άπλῶςὴ
716 2778 808 2831 τοῦ
841 2779 972 2834 Θεοῦ
1006 2782 1215 2853 ψῆφος*
1248 2784 1383 2839 ἀλλά
1418 2804 1471 2840 τι
1506 2788 1598 2840 καὶ
1625 2788 1656 2858 ή
1686 2789 1793 2841 τῶν
1839 2791 1960 2860 τρό-

296 2876 415 2946 πων
435 2861 753 2946 εἰσήνεγκεν
784 2868 971 2941 ἀρετὴ,
1004 2872 1112 2923 εἴτε
1145 2874 1403 2943 προτέρα,
1439 2875 1549 2929 εἴτε
1601 2878 1738 2946 μετά
1765 2879 1957 2931 ταῦτα.

294 2942 495 3035 ῌί-γὰρ
525 2949 618 3001 καὶ
649 2954 872 3022 χρηστοί
895 2972 1039 3019 τινες
1070 2951 1209 3026 ἦσαν
1238 2942 1330 3012 καί
1358 2942 1638 3027 ἐπιεικεῖς,
1676 2963 1791 3017 ἀλλ’
1812 2965 1960 3035 ὅμως

423 3032 532 3122 τῶν
560 3036 875 3105 συμϐάντων
900 3040 1140 3110 βελτίους
1164 3044 1409 3113 ἐγένοντο
1438 3049 1530 3100 καὶ
1557 3029 1956 3122 ἀκριϐέστεροι.

294 3115 560 3205 Καθάπερ
597 3122 704 3192 γὰρ
731 3124 792 3176 τὸ
820 3130 1039 3197 χρυσίον
1064 3130 1140 3200 τῷ
1166 3134 1296 3202 πυρὶ
1328 3115 1750 3205 παραδιδόμενον
1780 3115 1958 3191 πᾶσαν

296 3200 610 3259 ἀποτίθεται
636 3209 845 3279 κηλῖδα,
875 3213 1015 3267 οὕτω
1048 3218 1140 3269 καὶ
1166 3220 1211 3270 οἰ
1247 3221 1520 3272 σπουδαῖοι
1555 3222 1955 3296 σπουδαιότεροι

292 3289 644 3346 καθίστανται
690 3298 748 3349 ἐν
794 3302 904 3362 τοῖς
948 3306 1292 3372 πειρασμοῖς,
1325 3309 1503 3360 πᾶσαν
1538 3310 1955 3380 ἀπονιπτόμενοι

294 3375 723 3446 ῥᾳθυμίαν.’οτι
752 3384 1040 3441 έκπλυνεῖ
1063 3392 1277 3459 Κύριος
1306 3393 1411 3445 τὸν
1435 3395 1633 3459 ρὐον
1660 3396 1779 3449 τῶν
1808 3375 1957 3452 υἱῶν

294 3461 394 3552 καὶ
418 3462 536 3517 τῶν
559 3470 891 3538 θυγατέρων
920 3474 1089 3541 Σιὼν,
1134 3478 1231 3530 καὶ
1260 3478 1323 3531 τὸ
1357 3475 1498 3548 αἷμα
1524 3482 1863 3552 ἐκκαθαριεῖ
1887 3486 1954 3540 ἐκ

286 3546 482 3611 μέσου
522 3553 718 3607 αὐτῶν
750 3560 1038 3627 πνεύματι
1072 3563 1322 3630 κρίσεως
1361 3568 1458 3619 καὶ
1490 3569 1779 3637 πνεύματι
1822 3574 1957 3626 καύ·

289 3649 473 3727 σεωςέ
497 3641 724 3695 Διπλοῦν
753 3645 983 3727 ἐνταῦθά
1019 3667 1107 3718 μοι
1141 3651 1287 3703 δοκεῖ
1326 3652 1500 3721 λέγειν
1530 3656 1831 3727 καθαρμὸν,
1860 3662 1953 3713 καὶ

288 3722 351 3813 τδ
380 3722 563 3813 δοῦναι
593 3728 747 3799 δίκην
773 3725 849 3784 ὧν
875 3734 1141 3805 ἥμαρτον,
1178 3738 1271 3791 καὶ
1304 3739 1363 3791 τὸ
1394 3722 1837 3812 σπουδαιοτέρους
1863 3762 1952 3813 γε-

288 3811 473 3863 νέσθαι
520 3815 653 3884 πρὸς
684 3817 744 3869 τὸ
778 3819 967 3885 μέλλον
1012 3822 1277 3877 ἐντεῦθεν.
1312 3822 1459 3894 Αἷμα
1506 3829 1564 3880 δὲ
1603 3811 1953 3904 Ἰερουσαλὴμ

288 3898 416 3984 τοὺς
449 3900 641 3968 φόνους
669 3902 833 3972 λέγει,
864 3907 960 3970 τὰς
986 3911 1196 3977 σφαγάς
1221 3911 1318 3974 τὰς
1343 3913 1578 3978 ἀδίκους.
1612 3898 1745 3970 Εἶτα
1776 3898 1952 3984 αῦξων

286 3983 351 4037 τὸ
377 3984 627 4057 ἔγκλημά
656 4004 841 4061 φησιν’
856 3994 948 4047 Ἐκ
988 3994 1181 4062 μέσου
1212 3998 1425 4055 αὐτῶν.
1457 4002 1589 4055 Ούδέ
1620 4004 1725 4074 γὰρ
1754 3983 1954 4060 λανθά-

288 4087 472 4134 νοντες
508 4076 602 4127 καὶ
632 4080 992 4148 κρυπτόμενοι
1022 4083 1120 4145 τάς
1147 4084 1495 4155 ἀνδροφονίας
1524 4091 1785 4159 ἐτόλμων,
1819 4094 1953 4146 ἀλλά

285 4158 396 4213 τῶν
430 4160 640 4231 λῃστῶν
685 4166 778 4218 καὶ
809 4166 915 4219 τῶν
961 4168 1057 4232 τὰς
1088 4169 1392 4242 λεωφόρους
1422 4158 1815 4246 ἐφεδρευόντων
1841 4184 1951 4248 χεῖ-

290 4262 401 4315 ρον.
421 4248 645 4302 Ἐκεῖνοι
692 4251 798 4321 γάρ
846 4256 937 4306 καὶ
964 4254 1041 4322 τῷ
1072 4257 1245 4326 σκότῳ
1279 4261 1639 4330 κρυπτόμενοι
1690 4267 1783 4317 καὶ
1830 4269 1951 4327 ταῖς

287 4333 543 4403 ἐρημίαις
567 4335 804 4405 τολμῶσι
842 4338 911 4391 τὰ
955 4341 1213 4394 εἰωθότα·
1250 4337 1393 4396 οὗτοι
1422 4345 1478 4397 δὲ
1514 4348 1569 4400 ἐν
1610 4350 1803 4419 μέσαις
1832 4356 1950 4416 ταῖς

284 4420 536 4490 ἀγοραῖς,
564 4421 621 4473 ἐν
649 4422 785 4493 μέση
831 4427 896 4494 τῇ
942 4426 1113 4489 πόλει,
1141 4430 1197 4480 ἐν
1228 4431 1408 4494 αὐτοῖς
1436 4436 1545 4496 τοῖς
1583 4436 1952 4508 δικαστηρίοις

283 4502 355 4557 τά
405 4507 629 4559 ἐκείνων
682 4510 1226 4579 παρηνόμουν.Ἀλλά
1256 4518 1348 4569 καὶ
1395 4518 1495 4587 τὴν
1534 4520 1760 4584 ἐκεῖθεν,
1794 4502 1946 4593 φησὶ,

282 4592 582 4661 γενομένην
605 4594 796 4663 κηλῖδα
820 4596 1060 4650 ἐπελθὼν
1086 4601 1113 4652 ό
1147 4601 1379 4671 πόλεμος
1404 4604 1686 4661 ἀναλώσει.
1713 4610 1820 4663 Καὶ
1841 4592 1949 4682 γὰρ

281 4676 447 4764 ἐνᾷτῷ
480 4680 654 4749 καιρῷ
691 4682 799 4734 τῶν
832 4686 1080 4754 χρηστῶν
1123 4688 1260 4759 ὑπὲρ
1290 4689 1397 4742 τῶν
1428 4694 1705 4764 προτέρων
1749 4676 1947 4750 (11:010.-

280 4762 459 4828 γετται
500 4765 776 4835 λυπηρῶν,
805 4769 883 4821 ὄτι
918 4774 1009 4827 καὶ
1053 4774 1190 4825 αύτά
1233 4777 1413 4827 ἐκεῖνα
1452 4779 1518 4829 τά
1552 4781 1833 4848 συμϐάντα
1861 4784 1949 4836 διὰ

280 4847 439 4902 τοῦτο
488 4852 705 4921 συνέϐη,
749 4853 862 4925 [50]
896 4857 980 4909 ἵνα
1032 4859 1390 4924 ἐκπλυθῶσιν,
1439 4864 1522 4917 ἵνα
1576 4847 1943 4937 καθαρθῶσιν,

283 4935 373 4991 ἵνα
399 4936 787 5007 πυρωθῶσινο,
816 4941 903 4995 ἵνα
948 4946 1126 4997 πᾶσαν
1170 4948 1476 5003 ἀποθῶνται
1515 4935 1734 5020 κηλῖδα,
1764 4957 1849 5008 ἵνα
1888 4959 1948 5011 τὸ

283 5023 351 5075 ἐκ
373 5023 481 5075 τῶν
506 5024 911 5095 ἁμαρτημάτων
934 5031 1024 5083 καὶ
1049 5032 1157 5083 τῶν
1177 5034 1397 5101 σφαγῶν
1420 5036 1786 5106 ἀπονίψωνται
1810 5041 1946 5094 ὄνει-

286 5109 393 5173 δος.
425 5111 489 5163 Τί
521 5110 575 5163 δέ
609 5113 751 5165 ἐστιν
779 5114 806 5165 ὅ
836 5132 987 5183 φησι,
1021 5119 1317 5187 Πνεύματι
1342 5123 1594 5189 κρίσεως
1638 5127 1734 5179 καὶ
1776 5132 1949 5184 πνεύ.

279 5212 419 5265 ματι
457 5200 757 5265 καύσεως;
786 5201 861 5270 Τῇ
897 5208 1177 5274 μεταφορᾷ
1223 5207 1328 5259 τῶν
1373 5214 1755 5281 χωνευομένων
1805 5217 1945 5270 ὑλῶν

284 5281 781 5354 ἐπέμενεν.”Ωσπερ
808 5286 911 5356 γάρ
936 5290 1050 5339 ἐκεῖ
1068 5291 1127 5341 τὸ
1158 5292 1372 5362 πνεῦμα
1401 5297 1480 5357 εἰς
1506 5296 1566 5348 τὸ
1589 5304 1945 5373 χωνευτήριον

283 5372 553 5439 ἐμπῖπτον
600 5375 693 5426 καὶ
736 5375 832 5445 τὴν
862 5375 1031 5444 φλόγα
1063 5380 1434 5449 ἀναῤῥιπίζον,
1471 5387 1562 5438 καὶ
1588 5372 1945 5462 θερμοτέρους

283 5457 469 5510 ποιοῦν
499 5460 621 5522 τοὺς
649 5460 941 5532 ἄνθρακας,
972 5463 1181 5517 ἅπαντα
1217 5468 1427 5540 δαπανᾷ
1455 5471 1623 5540 ῥύπον
1643 5457 1662 5503 ’ί
1686 5457 1827 5529 οὕτω
1853 5484 1943 5533 καὶ

280 5544 515 5598 ἐνταῦθα
547 5548 578 5615 ὴ
614 5547 868 5617 θεήλατος
892 5551 1047 5621 ὀργὴ,
1084 5554 1175 5604 καὶ
1227 5557 1257 5623 ἡ
1304 5557 1409 5609 τῶν
1444 5560 1713 5629 πολεμίων
1757 5564 1942 5633 ἔφοδος

347 5708 887 5797 ςηηοτθί.ημετοὲ6άλ.).ει.
946 5716 1092 5765 Savil.
1138 5724 1500 5785 μεταλαμϐάνει,
1544 5735 1595 5777 el
1630 5733 1677 5778 in
1720 5736 1939 5797 margine

285 5776 413 5832 uolat
433 5776 549 5825 ἴσως
571 5776 849 5832 μεταϐαίνει.

346 5831 454 5908 ξιρὶ
478 5831 758 5908 maloeare;
784 5838 931 5908 figest
964 5842 1009 5908 ir)
1039 5840 1185 5908 Savilf
1214 5850 1265 5891 et
1299 5846 1418 5908 Reg.

343 5893 365 5919 ε
395 5891 525 5952 ch,
548 5894 621 5941 ἵνα
646 5899 941 5958 πυρωθῶσιν,
977 5904 1151 5951 desum
1172 5891 1218 5951 in
1248 5891 1349 5966 "Ag
1373 5891 1439 5957 Ἧι
1470 5912 1577 5960 Sav.

699 6000 964 6061 PATROL.
1014 5999 1128 6062 GR.
1179 5999 1328 6061 LVI.

2086 526 2418 595 ἐμπεσοῦσα,
2445 528 2558 578 ἀντὶ
2583 528 2750 597 παρὸς
2778 529 2841 598 τῇ
2867 526 3015 580 πόλει
3037 524 3244 595 γέγονε,
3272 524 3438 597 πυρὸς
3464 526 3563 580 οὐκ
3583 525 3743 579 ἀπολ·

2084 612 2290 675 λύντος,
2322 613 2454 666 ἀλλά
2479 614 2743 676 καίοντος,
2776 615 2867 666 καὶ
2897 612 3267 683 καθαίροντος,
3294 613 3385 665 καὶ
3406 612 3743 677 κολάζοντος,

2074 700 2169 753 καὶ
2218 699 2617 769 διορθουμένου.
2651 700 2724 753 Τὸ
2772 700 2900 770 γὰρ,
2948 702 3241 768 Πνεύματι
3290 702 3562 769 κρίσεως,
3592 716 3744 753 τουτ-

2077 787 2210 847 έστι,
2243 786 2536 850 κολάσεως,
2574 786 2861 857 τιμωρίας,
2901 787 3249 857 ἐκδικήσεως.
3295 788 3401 840 Καὶ
3451 786 3583 853 ἣξει
3630 787 3746 840 Κύ-

2066 889 2216 939 ριος.
2251 874 2557 943 Παρουσίαν
2598 874 2760 926 αὐτοῦ
2788 873 2886 943 τὴν
2918 875 3198 945 ἐνέργειαν
3228 874 3399 927 καλεῖ.
3430 874 3537 927 Kal
3574 874 3745 928 ἔσται

2073 959 2190 1025 πᾶς
2219 964 2400 1025 τόπος
2426 960 2533 1013 τοῦ
2563 961 2739 1030 ὄρους
2766 961 2935 1025 Σιὼν,
2955 963 3053 1015 καί
3083 961 3280 1015 πάντα
3312 963 3384 1016 τὰ
3408 964 3743 1032 περικύκλῳ

2072 1047 2263 1113 αὐτῆς
2289 1048 2527 1101 σκιάσει
2558 1047 2781 1116 νεφέλη
2814 1048 3058 1117 ἡμέρας,
3102 1049 3201 1102 καὶ
3234 1050 3313 1115 ὡς
3362 1049 3615 1113 καπνοῦ,
3645 1054 3746 1104 καὶ

2071 1134 2150 1197 ὡς
2189 1134 2378 1201 φωτὸς
2410 1134 2599 1201 πυρὸς
2638 1134 2957 1204 καιομένου
2986 1136 3222 1201 νυκτὸς,
3268 1136 3435 1205 πάσῃ
3474 1136 3551 1204 τῇ
3594 1137 3744 1205 δόξῃ

2070 1220 2577 1288 σκεπασθήσεται.
2631 1222 2737 1275 Καὶ
2780 1222 2951 1275 ἕσται
2990 1225 3076 1288 εἰς
3125 1222 3308 1277 σκιὰν
3352 1223 3575 1292 ἡμέρας
3624 1224 3745 1278 ἀπὸ

2070 1307 2389 1373 καύματος,
2416 1309 2513 1361 καὶ
2543 1308 2611 1361 έν
2632 1311 2829 1376 σκέπῃ
2858 1310 2954 1363 καί
2976 1310 3046 1362 ἐν
3068 1310 3396 1378 ἀποκρύφῳ
3421 1310 3539 1364 ἀπὸ
3558 1314 3744 1377 σκλη-

2064 1392 2315 1458 ρότητος
2340 1393 2438 1445 καὶ
2466 1393 2661 1448 ὑετοῦ.
2684 1395 2931 1464 Νεφέλην
2962 1395 3194 1449 ἐνταῦθα
3216 1396 3314 1467 τὴν
3341 1398 3405 1449 ἐκ
3428 1394 3535 1449 τῶν
3557 1395 3743 1450 κακῶν

2068 1478 2421 1549 ἐγγινομένην
2453 1480 2780 1551 παραψυχήν
2809 1498 2972 1553 φησι·
3006 1482 3187 1553 πυρὰν
3231 1482 3288 1535 δέ
3318 1483 3419 1553 τὴν
3462 1482 3602 1553 μετά
3641 1483 3743 1554 τῆς

2070 1563 2418 1632 παραμυθίας
2482 1566 2837 1636 περιφάνειαν
2902 1566 3354 1637 προσγινομένην.
3389 1567 3564 1638 Ὅπερ
3630 1567 3742 1638 γάρ

2066 1650 2212 1701 ἐστιν
2240 1651 2297 1703 ἐν
2329 1650 2569 1721 καύματι
2613 1651 2829 1723 νεφέλη,
2859 1652 3017 1707 τοῦτο
3045 1655 3102 1706 ἐν
3132 1654 3307 1723 σκότῳ
3336 1652 3431 1707 καὶ
3460 1654 3615 1707 νυκτὶ
3645 1652 3741 1723 βα-

2066 1735 2268 1806 θυτάτῃ
2299 1738 2447 1808 πυρὰ
2470 1738 2722 1809 λαμπροῦ
2739 1736 2766 1776 τι
2798 1739 3165 1810 ἀναπτομένη.
3185 1740 3248 1793 Ἦ
3278 1741 3375 1811 μὲν
3405 1739 3514 1811 γὰρ
3534 1740 3626 1793 τὸν
3645 1740 3742 1793 αὐ-

2066 1822 2202 1892 χμὸν
2237 1826 2624 1895 ἀποκρούεται,
2659 1828 2692 1896 ἡ
2718 1826 2773 1879 δέ
2798 1825 3001 1881 διαλύει
3023 1827 3115 1879 τὸν
3146 1824 3330 1896 ζόφον.
3359 1826 3470 1897 Τὴν
3516 1826 3616 1896 μὲν
3646 1822 3741 1880 οῦν

2064 1912 2421 1979 περιφάνειαν
2446 1914 2512 1982 τῇ
2542 1912 2884 1984 λαμπρότητι
2909 1914 3005 1983 τῆς
3026 1914 3224 1982 πυρᾶς,
3251 1913 3351 1985 τὴν
3379 1913 3437 1966 δέ
3463 1912 3647 1967 ἄνεσιν
3670 1917 3736 1985 τῇ

2065 1997 2193 2066 σκιᾷ
2229 1997 2328 2066 τῆς
2357 1998 2586 2069 νεφέλης
2616 1999 2941 2069 παρέϐαλεν.
2974 1994 3109 2054 Εἶτα
3145 1999 3358 2063 δεικνὺς
3396 1998 3471 2062 ὡς
3501 2000 3562 2053 οὐ
3596 2001 3739 2054 κατά

2066 2084 2260 2154 μικρὸν
2298 2084 2406 2137 τῶν
2445 2086 2632 2140 δεινῶν
2658 2086 2930 2157 λυομένων
2958 2088 3131 2140 ταῦτα
3163 2086 3339 2149 ἐσται,
3369 2085 3504 2141 ἀλλά
3542 2086 3737 2157 ἀθρόον

2063 2169 2120 2220 ἐν
2145 2170 2282 2241 αὐτῇ
2314 2172 2419 2224 τῶν
2444 2172 2704 2241 λυπηρῶν
2742 2174 2892 2243 ἀκμῇ
2929 2174 2963 2243 ἡ
3000 2172 3269 2243 μεταϐολὴ
3302 2174 3608 2242 γενήσεται,
3650 2172 3738 2226 ἵνα

2062 2257 2157 2308 καὶ
2184 2257 2431 2312 ἐντεῦθεν
2468 2260 2731 2330 μάθωσιν,
2759 2262 2840 2314 ὅτι
2875 2260 2993 2331 οὐχὶ
3037 2263 3102 2313 ἐκ
3130 2260 3428 2332 περιφορᾶς
3465 2277 3609 2322 τινος
3640 2262 3736 2314 καὶ

2068 2345 2360 2414 συντυχίας
2388 2347 2420 2416 ἡ
2448 2347 2584 2418 πρὸς
2614 2348 2676 2401 τὸ
2703 2347 2907 2418 βέλτιον
2934 2347 3121 2417 γέγονε
3157 2347 3502 2418 μετάστασις,
3528 2346 3641 2401 ἀλλ’
3668 2347 3734 2399 ἐκ

2061 2430 2159 2499 τῆς
2198 2432 2404 2486 ἀνωθεν
2437 2433 2722 2504 δυνάμεως
2762 2435 2821 2488 τὸ
2864 2437 2971 2489 πᾶν
3021 2434 3506 2506 κατώρθωται,⁹Ως
3544 2434 3728 2502 πυρὸς

2060 2520 2374 2589 καιομένου
2396 2524 2649 2589 νυκτὸς,
2681 2525 2843 2592 φησιν
2866 2564 2881 2587 ,
2917 2525 3088 2589 οὕτως
3124 2527 3157 2596 ἠ
3195 2524 3467 2595 μεταϐολὴ
3506 2526 3731 2594 γενήσε-

2059 2622 2171 2659 ται.
2203 2608 2310 2660 Καὶ
2343 2608 2513 2663 ἔσται
2550 2613 2637 2675 εἰς
2683 2612 2866 2664 σκιὰν
2912 2611 3153 2679 ἡμέρας.
3188 2613 3284 2674 Τίς
3315 2612 3498 2677 ἔσταις
3541 2612 3604 2665 Ἥ
3635 2611 3729 2664 τοῦ

2058 2691 2193 2745 θεοῦ
2247 2694 2488 2764 βοήθεια,
2519 2699 2671 2767 φησὶ,
2705 2699 2798 2751 καὶ⁸
2843 2700 2877 2768 ἡ
2928 2699 3231 2769 συμμαχία,
3270 2698 3457 2773 ὥσπερ
3504 2698 3632 2753 σκιά
3673 2700 3733 2751 ἐν

2058 2780 2321 2849 καύματι,
2354 2785 2447 2837 καὶ
2475 2784 2662 2856 ῶσπερ
2692 2785 2885 2858 ὄροφος
2916 2784 2948 2857 ἢ
2982 2786 3271 2849 κατάδυσίς
3314 2804 3397 2848 τις
3442 2785 3727 2854 σπηλαίου.

2057 2866 2261 2937 ὄμϐρου
2292 2872 2811 2942 καταρρηγνυμένου
2850 2874 3101 2943 σφοδροῦ,
3125 2877 3181 2927 ἐν
3209 2873 3479 2943 ἀσφαλείᾳ
3496 2873 3587 2926 τὸν
3614 2874 3733 2927 ἐκεῖ

2058 2958 2439 3024 καταφυγόντα
2472 2958 2879 3031 διατηροῦσα⁶·
2928 2962 3069 3015 οὕτω
3113 2962 3177 3033 δὴ
3227 2961 3321 3015 καὶ
3361 2963 3396 3032 ή
3444 2961 3538 3015 τοῦ
3592 2960 3728 3014 Θεοῦ

2059 3044 2342 3112 συμμαχία
2369 3046 2470 3099 ούκ
2494 3047 2693 3117 ἀφήσει
2715 3048 2884 3101 δεινὸν
2918 3049 3073 3101 οὐδὲν
3100 3049 3312 3110 παθεῖν,
3356 3049 3449 3101 καὶ
3472 3046 3730 3101 τοσούτου

2057 3132 2576 3201 καταρῥηγνυμένου
2608 3134 2866 3203 πολέμου,
2894 3134 2987 3197 οὓς
3022 3134 3086 3189 ἂν
3118 3136 3305 3207 ἕληται
3332 3133 3390 3201 ἐξ
3414 3136 3584 3205 ἀρχῆς
3609 3134 3728 3188 δια-

2058 3232 2249 3270 σωσαι.

2704 3368 2955 3423 ΚΕΦΑΛ.
2997 3369 3070 3425 E’.

2059 3506 2219 3575 ’ᾼσω
2249 3507 2324 3572 δὴ
2357 3507 2435 3572 τῷ
2464 3508 2821 3579 ἠγαπημένῳ
2859 3506 3022 3579 ᾆσμα
3044 3512 3149 3567 τοῦ
3176 3512 3484 3583 ἀγαπητοῦ
3501 3531 3619 3583 μου
3646 3511 3727 3579 τῷ

2638 3590 2947 3657 ἀμπελῶνί
2990 3609 3129 3657 μου.

2127 3753 2193 3799 α’.
2234 3745 2479 3815 Φοϐήσας
2527 3750 2639 3809 τοῖς
2691 3748 2971 3822 λυπηροῖς,
3004 3751 3277 3821 εὐφράνας
3303 3755 3414 3816 τοῖς
3454 3756 3729 3823 χρηστοῖς,

2053 3832 2302 3901 ποικίλην
2332 3833 2429 3902 τὴν
2480 3833 2775 3903 θεραπείαν
2823 3837 3219 3907 ἐργασάμενος,
3256 3840 3334 3902 εἰς
3364 3841 3536 3911 ἀρχὴν
3568 3841 3729 3893 πάλιν

2054 3919 2248 3988 ἑτέραν
2289 3919 2478 3987 ἀνάγει
2511 3920 2603 3973 τὸν
2639 3920 2826 3989 λόγον,
2863 3923 3037 3994 ἀρχὴν
3074 3926 3313 3977 ἐοικυῖαν
3342 3924 3421 3995 τῷ
3459 3929 3729 3998 προοιμίῳ

2057 4003 2170 4075 [51]
2198 4006 2296 4075 τῆς
2320 4006 2675 4075 προφητείας.
2705 4007 2970 4077 Καθάπερ
2994 4009 3099 4077 γάρ
3128 4011 3428 4079 ἀρχόμενος
3448 4012 3546 4075 τὰς
3573 4015 3727 4084 εὐερ-

2052 4092 2241 4158 γεσίας
2276 4092 2575 4161 ἀπήγγειλε
2595 4092 2688 4145 τοῦ
2715 4094 2851 4147 Θεοῦ
2876 4096 2974 4159 τὰς
2999 4098 3077 4159 εἰς
3101 4096 3296 4160 αὐτοὺς
3331 4101 3725 4170 γεγενημένας,

2052 4177 2244 4245 λέγων,
2286 4178 2458 4243 Υίοὺς
2483 4179 2784 4247 ἐγέννησα
2809 4182 2906 4235 καὶ
2949 4182 3186 4250 ὕψωσα,
3220 4185 3315 4237 καὶ
3345 4185 3445 4248 τὰς
3486 4205 3724 4258 παρανο-

2056 4265 2182 4333 μίας
2206 4265 2305 4328 τάς
2329 4266 2420 4317 ὑπ’
2442 4266 2621 4318 αὐτῶν
2644 4267 3003 4339 τολμηθείσας
3026 4271 3243 4339 ἐπάγων
3260 4272 3351 4325 καὶ
3377 4274 3646 4343 προτιθεὶς
3681 4274 3724 4338 τ,

2052 4353 2328 4406 ὅτιΑὐτοί
2347 4370 2424 4421 με
2450 4353 2783 4421 ἠθέτησαν,
2810 4356 2923 4419 καὶ,
2971 4358 3053 4408 ὅτι
3096 4358 3332 4424 Ἰσραήλ
3374 4360 3442 4411 δέ
3480 4377 3557 4428 με
3613 4363 3724 4414 οὐκ

2051 4439 2224 4508 ἔγνω,
2248 4440 2346 4493 καί
2376 4444 2409 4493 ό
2439 4442 2585 4506 λαός
2616 4461 2734 4509 μου
2759 4442 2864 4512 ἐμὲ
2904 4446 2974 4496 οὐ
3005 4445 3280 4512 συνῆκεν
3307 4462 3321 4476 °
3353 4446 3494 4499 οὕτω
3523 4449 3586 4519 δὴ
3632 4450 3725 4503 καὶ

2053 4527 2287 4580 ἐνταῦθα
2310 4527 2484 4593 λέξεσι
2523 4529 2621 4596 μὲν
2660 4529 2891 4599 ἑτέραις,
2930 4535 3163 4599 νοήμασι
3204 4532 3259 4586 δὲ
3293 4535 3405 4597 τοῖς
3443 4537 3625 4600 αὐτοῖς
3658 4540 3726 4589 τά

2052 4614 2191 4666 αἱ)τά
2219 4617 2330 4677 τοῖς
2352 4615 2631 4683 προτέροις
2654 4616 3004 4671 ἐνδείκνυται.
3037 4619 3198 4673 Ἀλλά
3220 4620 3365 4685 τίνος
3385 4622 3569 4677 ἕνεκεν
3592 4642 3725 4677 κατ-

2053 4704 2270 4769 ηγορεῖν
2322 4699 2551 4769 μέλλων,
2580 4698 2731 4771 ᾆσμα
2758 4702 2856 4773 τὴν
2883 4707 3215 4775 κατηγορίαν
3254 4710 3437 4771 καλεῖς
3481 4711 3722 4782 Μωῡσῆς

2055 4788 2153 4855 μὲν
2184 4787 2289 4856 γὰρ
2326 4787 2549 4849 εἰκότως
2578 4788 2733 4841 τοῦτο
2771 4791 2994 4862 ἐποίησε
3034 4793 3169 4862 μετὰ
3200 4795 3299 4864 τῆς
3342 4797 3560 4865 Μαρίας
3581 4837 3595 4860 ,
3626 4798 3722 4851 ἆτε

2050 4873 2148 4941 τὴν
2200 4874 2461 4926 ἐπινίκιον
2499 4874 2707 4944 μέλλων
2745 4876 2891 4947 ᾄδειν
2930 4877 3109 4948 ᾠδὴν,
3142 4880 3236 4933 καὶ
3282 4884 3506 4945 εἰκότως
3549 4884 3719 4947 οὕτως

2050 4960 2349 5031 ἀρχόμενος
2377 4962 2559 5030 ἔλεγεν
2580 4981 2591 4992 ·
2628 4966 2901 5034 ’.ᾼσωμεν
2948 4965 3026 5031 τῷ
3062 4969 3257 5034 Κυρίῳ
3277 4985 3289 4997 °
3325 4970 3579 5037 ἐνδόξως
3606 4975 3717 5041 γὰρ

2050 5047 2427 5113 δεδόξασται,
2450 5052 2638 5103 ἵππον
2658 5052 2754 5104 καί
2777 5051 3080 5119 ἀναϐάτην
3106 5054 3351 5124 ἔρριψεν
3377 5060 3463 5123 εἰς
3494 5059 3717 5113 θάλασ-

2049 5148 2188 5186 σαν.
2220 5137 2328 5187 Καὶ
2360 5138 2391 5206 ή
2420 5136 2623 5206 Δεϐόρα
2662 5137 2719 5190 δέ
2746 5138 2884 5207 μετὰ
2918 5138 2976 5193 τὸ
3009 5141 3317 5212 θαυμαστὸν
3364 5146 3538 5199 ἐκεῖνο
3590 5149 3717 5220 τρό-

2052 5238 2232 5283 παιον,
2264 5224 2357 5276 καὶ
2381 5224 2477 5292 τὴν
2516 5223 2816 5294 παράδοξον
2845 5227 3019 5296 νίκην,
3068 5231 3292 5294 εἰκότως
3331 5232 3479 5302 ᾠδὴν
3505 5234 3717 5303 ὑφαίνει

2049 5309 2147 5376 τὴν
2191 5310 2454 5362 ἐπινίκιον
2499 5311 2734 5382 ἐκείνην,
2770 5315 3044 5385 εὐφημίαν
3095 5318 3440 5389 ἀναφέρουσα
3471 5322 3549 5392 τῷ
3576 5324 3711 5391 Θεῷ.

2050 5389 2219 5458 Οὗτος
2261 5396 2316 5448 δὲ
2346 5402 2669 5470 κατηγορεῖν
2705 5399 2940 5470 μέλλων,
2985 5403 3077 5455 καὶ
3125 5406 3375 5459 συντόνου
3416 5389 3573 5476 λόγου
3599 5389 3715 5463 δεό-

2052 5499 2231 5549 μενος,
2260 5485 2353 5534 καὶ
2388 5483 2568 5555 ψυχῆς
2601 5488 2699 5538 οὐκ
2740 5489 3027 5559 ἀνειμένης
3054 5531 3067 5555 ,
3103 5491 3236 5546 ἀλλὰ
3282 5496 3711 5563 συντεταμένης,

2048 5569 2196 5637 ᾄσειν
2221 5571 2350 5639 ὑμῖν
2382 5572 2794 5639 ἐπαγγέλλεται,
2820 5577 2912 5629 καὶ
2936 5572 3176 5647 ᾆσμαητά
3198 5580 3515 5651 ἐγκλήματα
3537 5583 3711 5637 καλεῖ.

2109 5730 2299 5813 ςρηιιιι
2326 5734 2537 5813 Ξενιὶιίμζς
2557 5737 2636 5813 hjc
2656 5736 2837 5809 aliquid
2873 5738 3068 5787 deesse.
3118 5739 3305 5813 Βοίςὶυε
3353 5740 3455 5807 νιιίι
3477 5739 3573 5813 legi
3596 5742 3715 5802 λαμ-

2043 5796 2187 5857 πρῶς.
2217 5796 2315 5849 Εεο
2345 5803 2461 5855 pulo
2482 5797 2557 5844 hic
2579 5796 2911 5854 ἀποσιώπησιν
2943 5813 3057 5848 esse
3082 5814 3168 5858 pro
3191 5800 3407 5861 λαμπροῦ
3429 5796 3589 5863 πυρός.

2120 5858 2363 5922 οῆιιγίιὶιιδ
2387 5858 2593 5922 διατηρεῖ
2635 5860 2756 5922 coan
2786 5860 2881 5907 Sed
2906 5859 3190 5922 διατηροῦσα
3224 5863 3444 5922 quadrat.

2121 5874 2363 5903 ‘nuuxlus
2387 5874 2591 5919 οιατηρει
2635 5874 2756 5919 con].
2786 5874 2881 5907 seu
2906 5874 3190 5922 διατηρουσα
3224 5874 3444 5922 quadrat.

2119 5922 2140 5957 τ
2171 5917 2285 5977 ιὶεε.
2317 5919 2795 5977 elSa\'.1:poanaei;.

3291 6025 3327 6084 lo
