4044 6468
331 455 402 510 57
1123 459 1183 513 S.
1225 457 1509 513 JOANNIS
1549 457 2039 516 (LIIBYSOSTOMI
2081 464 2400 522 ARCHIEP.
2441 465 2985 521 CONS'I‘ANTINOP.
3678 489 3752 546 53

312 563 424 615 Οὐκ
447 563 608 627 αὐτὸς
636 565 690 618 δὲ
725 565 900 635 μόνος,
932 569 1067 622 ἀλλὰ
1107 575 1198 624 καὶ
1229 573 1256 622 ὁ
1297 574 1466 642 μέγας
1499 576 1702 638 ἐκεῖνος
1741 576 1983 644 Μωῦσῆς

309 653 408 721 τὴν
436 654 696 707 ἐπινίκιον
719 657 837 708 τότε
868 658 1001 728 ᾄσας
1029 660 1190 729 ᾠδὴν,
1218 662 1537 730 κατηγορῶν
1560 664 1666 714 τῶν
1693 664 1979 727 Ἰουδαίων,

315 741 530 808 μακρὰν
560 741 702 811 ᾠδὴν
732 743 796 794 τά
832 744 1150 814 ἐγκλήματα
1185 747 1451 815 πεποίηκε
1487 762 1511 788 ει
1553 750 1756 815 λέγων·
1795 752 1985 803 Ταῦτα

311 825 392 888 τῷ
421 824 619 893 Κυρίῳ
656 828 1118 895 ὰνταποδίδοτε;
1157 830 1345 898 Οὗτος
1373 837 1405 887 ό
1432 834 1583 898 λαὸς
1606 836 1803 903 μωρὸς
1821 876 1835 899 ,
1886 837 1984 890 καί

313 912 450 979 οὐχί
482 914 672 980 σοφός
698 931 712 945 ο
744 915 835 966 καὶ
867 917 1067 981 πολλὰς
1105 919 1317 982 συνθεὶς
1359 922 1710 991 κατηγορίας,
1759 923 1986 992 ᾅδοντας

312 996 506 1059 αὐτοὺς
532 998 706 1052 ταῦτα
727 1000 904 1067 λέγειν
935 1005 1240 1073 ἐνομοθέτει
1265 1021 1278 1034 °
1313 1006 1406 1057 καὶ
1436 1006 1515 1059 ἔτι
1538 1008 1629 1060 καί
1653 1007 1746 1060 νῦν
1768 1006 1986 1077 ᾄδοντες

310 1080 477 1134 ταῦτα
511 1083 740 1152 λέγομεν
765 1089 858 1138 καί
887 1089 1062 1158 ἡμεῖς.

381 1170 536 1234 Τίνος
566 1168 659 1226 οὖν
681 1175 864 1227 ένεκεν
894 1178 990 1239 τὰς
1016 1180 1344 1248 κατηγορίας
1370 1181 1512 1252 ᾠδὴν
1540 1181 1753 1234 ποιοῦσι
1774 1199 1788 1246 ;
1813 1182 1983 1254 Σοφίᾳ

311 1258 640 1327 κεχρημένοι
663 1267 1000 1333 πνευματικῇ
1030 1265 1120 1317 καὶ
1144 1266 1276 1318 πολύ
1298 1268 1358 1319 τὸ
1387 1268 1577 1338 κέρδος
1603 1268 1835 1322 ἐνθεῖναι
1864 1271 1984 1332 ταῖς

309 1343 416 1394 τῶν
463 1345 766 1400 ἀκουόντων
812 1347 1122 1420 βουλόμενοι
1156 1353 1375 1422 ψυχαῖς.
1428 1355 1648 1426 Ἐπειδὴ
1682 1356 1790 1425 γὰρ
1833 1356 1983 1408 οὐδὲν

308 1429 450 1482 οὕτω
482 1434 769 1502 χρήσιμον,
807 1435 882 1498 ὡς
914 1437 974 1488 τὸ
1007 1437 1496 1509 πλημμελημάτων
1541 1442 1849 1512 μεμνῆσθαι
1905 1441 1983 1494 δι-

315 1516 541 1584 ηνεκῶς,
567 1519 787 1589 μνήμην
810 1520 864 1572 δὲ
884 1522 1034 1575 οὐδὲν
1062 1523 1204 1577 οὕτω
1225 1526 1448 1595 μόνιμον
1469 1528 1543 1590 ὡς
1563 1528 1794 1598 μελῳδία
1817 1530 1981 1592 ποιεῖ,

311 1602 396 1654 ἵνα
432 1604 505 1674 μὴ
539 1604 627 1657 διὰ
672 1607 771 1677 τὴν
807 1608 1111 1680 ὑπερϐολὴν
1144 1613 1254 1666 τῶν
1299 1615 1648 1685 κατηγοριῶν
1695 1614 1980 1678 ὀκνοῦντες

309 1690 660 1752 ἀναδυόμενοι
700 1694 943 1763 φεύγωσι
996 1697 1056 1750 τὸ
1105 1700 1341 1769 συνεχῶς
1399 1701 1707 1771 μεμνῆσθαι
1743 1701 1853 1754 τῶν
1903 1703 1982 1754 οἰ·

306 1778 469 1831 κείων
508 1781 945 1851 ἁμαρτημάτων,
985 1785 1064 1856 τῷ
1112 1788 1262 1858 μέλει
1310 1790 1410 1860 τῆς
1441 1790 1584 1861 ᾠδῆς
1627 1791 1981 1844 ὐποκλέπτων

307 1865 406 1934 τὴν
439 1865 547 1918 ἀπὸ
575 1868 674 1936 τῆς
701 1871 921 1941 μνήμης
950 1873 1231 1944 αἰσχύνην,
1265 1877 1360 1929 καὶ
1391 1877 1492 1948 τὴν
1539 1878 1812 1950 ἀφόρητον
1845 1877 1978 1930 άθυ-

309 1951 440 2021 μίαν
463 1955 976 2027 παραμυθούμενος,
1012 1960 1231 2031 ᾄσματα
1268 1964 1409 2017 αὐτὰ
1437 1965 1754 2036 πεποίηκεν,
1788 1966 1875 2018 ἴνα
1902 1964 1980 2036 τῷ

306 2038 459 2109 πόθῳ
511 2042 775 2111 μελῳδίας
823 2047 1252 2118 ἀναγκαζόμενοι
1286 2050 1524 2121 συνεχῶς
1562 2052 1702 2105 αὐτὰ
1746 2051 1980 2121 φθέγγε-

308 2126 453 2188 σθαι,
489 2129 725 2198 συνεχῶς
758 2131 937 2184 αὐτῶν
981 2127 1081 2186 ῶσι
1121 2138 1460 2206 μεμνημένοι
1485 2177 1500 2202 ,
1532 2138 1626 2191 καὶ
1660 2136 1922 2208 διηνεκῶς
1948 2135 1977 2176 δ

305 2209 471 2280 ἔχωσί
528 2231 645 2267 τινα
669 2215 1016 2271 διδασκαλίαν
1054 2222 1253 2292 ἀρετῆς
1282 2223 1381 2294 τὴν
1412 2223 1630 2294 διηνεκῆ
1660 2224 1769 2276 τῶν
1799 2224 1972 2294 ἁμαρ-

303 2300 563 2368 τημάτων
597 2309 836 2374 μνήμην.
873 2305 1012 2360 ’Ἱστε
1045 2308 1196 2375 γοῦν,
1233 2310 1314 2362 ὅτι
1352 2311 1446 2364 καὶ
1475 2309 1569 2363 νῦν
1599 2311 1667 2363 τὰ
1707 2311 1804 2381 μὲν
1845 2310 1978 2365 ἄλλα

302 2385 412 2438 οὐδ’
448 2387 504 2452 ἐξ
528 2387 785 2458 ὀνόματος
810 2393 922 2453 τοῖς
952 2393 1165 2458 πολλοῖς
1194 2397 1309 2448 ἐστι
1340 2397 1528 2449 Βιϐλία
1563 2397 1844 2468 γνώριμαο
1875 2397 1974 2466 τὴν

303 2471 359 2525 δέ
386 2473 495 2525 τῶν
519 2476 763 2546 Ψαλμῶν
794 2482 1179 2550 πραγματείαν
1206 2483 1300 2534 ἐπὶ
1323 2484 1586 2552 στόματος
1607 2485 1845 2548 ἅπαντες
1875 2484 1974 2552 φέ-

305 2576 480 2628 ρουσι,
511 2563 602 2615 καὶ
629 2564 797 2627 αὐτὰς
830 2566 1031 2630 ταύτας
1065 2568 1162 2630 τὰς
1195 2569 1366 2639 ᾠδάς’
1401 2569 1545 2623 οὕτω
1570 2570 1637 2623 δι’
1666 2571 1843 2624 αὐτῶν
1866 2571 1974 2624 τῶν

302 2650 643 2719 πραγμάτων
671 2653 965 2719 δείκνυται,
999 2656 1165 2710 πόσον
1189 2658 1295 2710 ἀπὸ
1330 2659 1429 2728 τῆς
1462 2659 1728 2729 μελῳδίας
1758 2658 1819 2711 τὸ
1844 2659 1972 2729 κέρ-

301 2733 391 2797 δος
421 2737 556 2790 ἐστί.
603 2741 702 2791 Διὰ
727 2739 789 2809 δὴ
835 2741 993 2794 τοῦτο
1043 2743 1136 2796 καὶ
1182 2745 1344 2807 αὐτός
1372 2763 1535 2815 φησιν
1557 2764 1569 2778 ·
1602 2747 1766 2815 ¹’ᾼσω
1791 2745 1866 2812 δὴ
1896 2741 1978 2809 τῷ

300 2819 664 2889 ἠγαπημένῳ
708 2817 872 2894 ᾆσμα
904 2827 1008 2880 τοῦ
1054 2830 1363 2897 ἀγαπητοῦ
1398 2849 1521 2898 μου
1562 2831 1642 2896 τῷ
1666 2831 1976 2899 ἀμπελῶνί

295 2925 435 2976 μου.
470 2906 673 2979 τᾼσμα
706 2911 785 2976 τῷ
825 2914 1203 2984 ἠγαπημένῳ,
1247 2919 1438 2987 φησὶν,
1479 2918 1786 2986 ἀμπελῶνι
1810 2934 1822 2947 ο
1859 2918 1973 2989 ᾅσω

300 2994 429 3063 περί
457 2995 618 3046 αὐτοῦ
646 2995 738 3047 τοῦ
770 2997 1147 3068 ὴγαπημένου.
1179 3002 1288 3054 Καὶ
1325 3001 1471 3070 αὐτῷ
1498 3002 1605 3072 γάρ
1635 3003 1745 3073 ᾄδω
1765 3045 1778 3067 ,
1807 3003 1970 3072 φησὶ,

301 3094 395 3131 και
427 3080 460 3149 ὴ
487 3079 850 3150 ὐπόθεσιςτῆς
881 3083 1020 3154 ᾠδῆς
1050 3085 1179 3156 περί
1202 3086 1366 3139 αὐτοῦ
1394 3086 1615 3140 καὶτῶν
1638 3087 1800 3140 αὐτοῦ
1835 3105 1975 3157 πρα-

299 3164 526 3234 γμάτων
554 3166 718 3219 ἐστίν.
741 3167 802 3219 Εί
819 3168 875 3220 δὲ
901 3169 1106 3238 μέλλων
1137 3175 1483 3242 κατηγορεῖν,
1514 3173 1796 3244 ἀγαπητὸν
1819 3174 1975 3226 καλεῖ

298 3255 394 3304 καὶ
415 3252 600 3323 ὴγαπη
610 3253 790 3322 μένον,
814 3255 888 3326 μὴ
913 3256 1216 3328 θαυμάσῃς.
1242 3259 1350 3312 Καὶ
1369 3258 1527 3312 τοῦτο
1543 3259 1651 3330 γὰρ
1676 3260 1927 3330 μέγιστον
1947 3271 1969 3299 ο

298 3342 631 3408 κατηγορίας
663 3341 892 3410 ἐφόδιον,
924 3343 1006 3395 ὅτι
1039 3343 1102 3413 δὴ
1132 3345 1509 3414 άγαπηθέντες
1529 3385 1544 3407 ,
1580 3348 1673 3399 καὶ
1699 3348 1971 3414 τοσαύτης

297 3421 700 3486 ἀπολαύσαντες
746 3426 894 3495 παρὰ
925 3425 1060 3478 Θεοῦ
1090 3427 1191 3496 τῆς
1239 3425 1353 3497 [52]
1390 3428 1631 3490 εὐνοίας,
1675 3429 1795 3480 οὐδὲ
1831 3430 1972 3481 οὕτω

299 3507 540 3576 βελτίους
563 3510 827 3576 ἐγένοντο.
858 3511 1026 3563 Τοῦτο
1064 3512 1194 3580 γοῦν
1225 3513 1319 3565 καὶ
1350 3514 1534 3584 ἕτερος
1564 3516 1848 3584 προφήτης
1889 3517 1972 3568 αἰ-

296 3595 605 3663 νιττόμενος
634 3597 817 3665 ἔλεγεν
837 3614 850 3628 δ
888 3597 980 3663 Ὡς
1006 3600 1332 3667 σταφυλὴν
1357 3601 1427 3652 έν
1454 3597 1842 3669 ἐρήιιῳεῦρον
1867 3602 1971 3656 τὸν

308 3681 574 3747 Ἰσραὴλ,
597 3682 675 3747 ὡς
705 3685 941 3738 σκοπὸν
965 3685 1034 3737 ἐν
1053 3685 1216 3753 συκῇ
1237 3686 1500 3755 πρώτμον
1526 3685 1688 3741 εἶδον
1710 3688 1971 3755 πατέρας

295 3765 494 3819 αὐτῶν
513 3784 526 3798 ·
559 3767 618 3820 τὸ
648 3767 892 3822 ποθεινὸν
923 3771 1100 3823 αὐτῶν
1135 3771 1227 3824 καὶ
1255 3772 1551 3841 ἐπέραστον
1584 3773 1670 3826 διὰ
1692 3773 1799 3825 τῶν
1833 3790 1970 3844 καρ-

297 3850 415 3904 πῶν
444 3852 647 3905 τούτων
677 3854 1081 3924 ἐνδεικνύμενος
1100 3871 1114 3885 ⁸
1146 3856 1392 3910 ποθεινὸν
1422 3858 1478 3910 δὲ
1519 3859 1680 3910 αὐτὸν
1734 3860 1827 3912 καὶ
1872 3861 1970 3911 ἐπ-

301 3939 528 4009 έραστον
551 3941 611 3992 οὐ
644 3941 794 4013 παρὰ
820 3942 916 4012 τὴν
938 3943 1142 3996 οἰκείαν
1159 3944 1358 4014 ἀρετὴν
1381 3985 1395 4008 ,
1422 3944 1554 3997 ἀλλὰ
1581 3945 1733 4017 παρὰ
1754 3947 1848 4015 τὴν
1874 3947 1966 3999 τοῦ

295 4025 433 4078 Θεοῦ
465 4026 793 4096 άγαθότητα.
834 4029 896 4081 Ὃ
927 4029 983 4080 δέ
1019 4029 1197 4097 λέγει,
1224 4029 1458 4083 τοιοῦτόν
1486 4032 1631 4084 ἐστιν
1654 4073 1668 4096 ,
1703 4033 1785 4084 ὅτι
1830 4032 1967 4100 Ἐγὼ

298 4111 397 4180 μὲν
419 4111 591 4174 οῦτως
619 4113 900 4183 ἠγάπησα,
942 4114 1016 4178 ὡς
1040 4116 1106 4169 ἄν
1135 4134 1217 4179 τις
1251 4116 1524 4186 σταφυλὴν
1562 4118 1734 4190 εὑρὼν
1765 4120 1821 4171 ἐν
1841 4120 1969 4189 ἐρή-

298 4216 401 4266 μῳ,
438 4197 470 4266 ἦ
497 4198 571 4260 ὡς
597 4200 660 4250 ἄν
691 4216 775 4261 τις
812 4201 1011 4253 σκοπὸν
1033 4203 1090 4254 ἐν
1121 4207 1279 4274 συκῇ.
1319 4205 1383 4256 Εἰ
1411 4204 1518 4275 γὰρ
1541 4206 1634 4258 καὶ
1659 4207 1854 4269 ἀνάξια
1874 4206 1966 4260 τοῦ

292 4283 426 4336 Θεοῦ
461 4283 529 4336 τὰ
577 4285 1026 4354 παραδείγματα,
1060 4289 1194 4342 ἀλλὰ
1238 4290 1548 4360 κατάλληλα
1591 4292 1694 4362 τῆς
1745 4292 1966 4347 ἐκείνων

292 4373 750 4442 γαστριμαργίας.
780 4375 957 4427 Αὑτοί
998 4376 1084 4437 δὲ,
1120 4377 1285 4445 φησὶ,
1323 4379 1590 4448 τοσαύτης
1623 4380 1966 4434 ἀπολαύσαν-

291 4475 382 4520 τες
432 4459 530 4528 τῆς
568 4460 821 4530 ἀγάπης,
871 4462 1486 4530 ἀπηλλοτριώθησαν,
1524 4464 1621 4517 καί
1675 4466 1967 4533 εἰσῆλθον

292 4546 440 4611 πρὸς
479 4545 586 4597 τὸν
611 4547 974 4615 Βεελςςεγώρ.
1007 4548 1161 4600 Οῦτω
1197 4549 1258 4620 δὴ
1284 4550 1378 4602 καὶ
1412 4550 1644 4603 ἐνταῦθα
1669 4552 1964 4623 ἠγαπημέ-

291 4647 381 4682 νον
414 4631 574 4683 αὐτὸν
613 4633 766 4685 καλεί
799 4635 892 4687 καὶ
924 4635 1205 4705 ἀγαπητὸν
1225 4677 1238 4700 ,
1281 4637 1489 4699 δεικνὺς
1518 4639 1598 4690 ὅτι
1630 4640 1658 4690 ὁ
1698 4638 1796 4707 μὲν
1835 4638 1964 4702 Θεὸς

290 4713 359 4766 τὰ
383 4718 509 4786 παρ’
532 4718 724 4770 ἑαυτοῦ
749 4721 923 4772 πάντα
948 4721 1277 4786 ἐπεδείξατο,
1300 4723 1401 4775 οὐκ
1423 4724 1601 4776 αὐτῶν
1617 4724 1963 4794 ἀρξαμένων,

291 4802 425 4856 ἀλλὰ
452 4802 544 4854 τοῦ
572 4802 704 4855 Θεοῦ
738 4806 1105 4875 ἡγησαμένου.
1151 4808 1374 4860 Ἐκεῖνοι
1396 4809 1451 4861 δὲ
1480 4810 1600 4862 οὐδὲ
1633 4810 1771 4878 μετὰ
1792 4810 1964 4864 ταῦτα

292 4889 477 4953 ἀξίους
510 4890 732 4953 ἑαυτοὺς
773 4891 873 4959 τῆς
921 4893 1239 4960 εὐεργεσίας
1271 4894 1499 4958 ἔδειξαν,
1535 4895 1668 4948 ἀλλὰ
1707 4898 1965 4952 τάναντία

291 4975 634 5042 ἐπεδείξαντο
689 4976 922 5033 ἅπαντα.
972 4979 1281 5047 Ἀμπελὼν
1327 4980 1579 5049 ἐγενήοη
1618 4983 1698 5047 τῷ
1735 4984 1966 5052 ἠγαπη-

285 5063 467 5130 μένῳ,
493 5065 562 5116 ἐν
588 5063 808 5132 κέρατι,
846 5065 914 5117 ἐν
944 5066 1102 5128 τόπῳ
1131 5067 1312 5119 πίονι.
1350 5067 1439 5137 Τῷ
1470 5069 1695 5138 ὀνόματι
1726 5070 1818 5121 τοῦ
1852 5071 1962 5139 άμ-

291 5149 528 5213 πελῶνος
557 5153 735 5204 πᾶσαν
760 5153 986 5223 ἐνέφηνε
1017 5153 1114 5224 τὴν
1144 5154 1428 5224 πρόνοιαν,
1459 5156 1551 5206 καὶ
1578 5155 1676 5226 τὴν
1703 5157 1829 5227 περὶ
1860 5157 1960 5210 αὐ-

287 5233 395 5284 τῶν
422 5232 448 5271 (ι
482 5236 820 5304 ἐπιμέλειαν.

363 5319 424 5388 β’.
463 5321 536 5372 υύ
585 5321 689 5390 μὴν
724 5323 933 5376 ἵσταται
968 5325 1128 5394 μέχρι
1159 5325 1367 5391 τούτου,
1397 5326 1535 5379 ἀλλὰ
1581 5328 1674 5380 καί⁸
1707 5327 1775 5380 τά
1798 5328 1962 5400 ἕτερα

290 5405 682 5477 άπαριθμεῖται
736 5411 1185 5481 εὐεργετήματα⁶
1249 5415 1342 5466 καὶ
1390 5415 1652 5486 πρότερον
1711 5416 1818 5469 ἀπὸ
1863 5421 1960 5488 τῆς

351 5575 378 5603 ⁸
403 5576 644 5634 Πεποίηκε
666 5576 810 5624 ὀρρεί
831 5577 876 5640 in
900 5577 1025 5639 Reg.
1053 5588 1103 5627 et
1142 5580 1290 5629 Savil.
1316 5582 1402 5631 Illa
1429 5591 1592 5629 autem
1614 5583 1798 5632 sublata
1820 5597 1959 5640 voce,

289 5633 427 5705 locns
447 5651 642 5705 rpanqts
663 5649 772 5705 es§e
795 5633 1011 5705 ridetur",
1060 5643 1135 5705 cni
1163 5645 1484 5690 restaurando
1508 5657 1673 5691 vocem
1693 5646 1825 5692 καλεῖ
1851 5633 1957 5705 [ιι-οξ

291 5699 424 5801 fouit
451 5698 677 5768 Savi-Iius.
711 5699 805 5746 Sed
830 5712 937 5746 cum
959 5702 1189 5757 πεποίηκε
1214 5705 1261 5750 in
1291 5705 1454 5752 Bavar.
1479 5711 1531 5752 el.
1552 5706 1721 5753 Morel.
1749 5698 1959 5767 lega'tur,

310 5768 426 5801 Οτξυε
455 5772 544 5801 lam
566 5766 763 5801 Integer
788 5767 877 5801 ρςὶ-

310 5768 426 5820 onus}
449 5772 545 5817 Jam
566 5766 763 5820 integer
788 5767 878 5808 est.

354 5817 382 5880 b_
402 5817 550 5866 Savil.
574 5817 856 5880 μεμνημένοι
894 5823 1131 5878 διηνεκῶς.
1157 5821 1256 5869 Sed
1300 5823 1404 5872 haec
1425 5826 1575 5874 lectio
1594 5828 1773 5875 seriem
1803 5829 1961 5876 inter-

288 5875 469 5934 mrbat,
498 5875 688 5928 sublata
711 5875 1040 5930 distinctione.

355 5941 380 6010 ξ
400 5938 520 6010 ἰξεε.
548 5945 597 5986 et
632 5941 779 6010 ξενίη.
800 5945 884 6010 ,καὶ
904 5941 1044 5991 τοῦτο
1067 5945 1284 6006 μέγιστον
1305 5943 1484 5995 omisso
1506 5948 1610 6010 γάρ.

354 5997 382 6037 τι
401 5997 521 6062 Reg.
547 6001 650 6063 περὶ
673 6002 855 6058 αὐτούς.

2091 577 2288 643 θέσεως
2318 581 2410 632 τοῦ
2441 582 2605 633 τόπου
2642 580 2799 632 τοῦτο
2835 583 2977 633 ποιεῖ
2999 597 3012 611 ·
3041 578 3102 630 τὸ
3129 578 3256 648 γὰρ,
3297 579 3396 631 Ἐν
3438 578 3656 644 κέρατι,
3683 577 3755 631 ἐν

2090 666 2246 726 τόπῳ
2269 667 2453 726 πίονι,
2486 667 2546 718 τὸ
2581 667 2676 735 μὲν
2710 667 2808 736 τὴν
2847 665 3006 733 φύσιν
3041 667 3140 735 τῆς
3175 665 3276 734 γῆς
3306 665 3537 716 ἐπαινῶν
3576 663 3752 731 ἔλεγε,

2083 751 2143 802 τὸ
2175 751 2229 803 δὲ
2263 752 2361 821 τὴν
2394 751 2538 804 θέσιν
2559 769 2572 782 ·
2603 753 2738 821 ὅπερ
2774 753 2865 804 καὶ
2896 754 2922 804 ὁ
2954 751 3113 804 Δαυῒδ
3143 751 3356 819 ψάλλων
3387 750 3584 820 ἔφησεν
3605 790 3619 803 .
3669 751 3752 802 ὅτι

2094 837 2467 908 Ἰερουσαλὴμ,
2509 841 2653 906 Ὀρη
2688 840 2892 902 κύκλῳ
2921 837 3107 904 αὐτῆς
3131 877 3145 898 ,
3178 839 3273 892 καὶ
3309 837 3518 904 Κύριος
3547 837 3753 898 κύκλῳ

2083 923 2188 976 τοῦ
2226 924 2378 977 λαοῦ
2413 922 2616 976 αὐτοῦ.
2667 924 2927 993 Ἐτείχισε
2964 923 3059 992 μὲν
3085 924 3191 992 γὰρ
3230 922 3398 991 αὐτὴν
3421 961 3436 984 ,
3469 921 3620 991 φησὶ,
3655 922 3751 974 καὶ

2083 1012 2148 1079 τῇ
2184 1009 2328 1062 θέσει
2357 1010 2450 1062 τοῦ
2477 1011 2643 1062 τόπου
2665 1025 2678 1039 ⁶
2728 1010 2863 1079 πλὴν
2893 1010 2990 1061 οὐκ
3029 1009 3267 1080 ἠρκέσθη
3303 1009 3492 1078 τούτῳ,
3530 1008 3664 1060 ἀλλὰ
3690 1008 3752 1060 τὸ

2087 1096 2341 1164 μέγιστον
2373 1099 2548 1165 τεῖχος
2596 1095 2757 1158 αὐτὸς
2804 1097 2937 1166 αὐτῇ
2978 1096 3229 1163 γέγονεν·
3279 1096 3306 1147 ὃ
3352 1095 3413 1164 δὴ
3465 1097 3558 1147 καὶ
3597 1090 3754 1157 οὗτος

2083 1182 2376 1236 αἰνίττεται
2409 1182 2602 1249 λέγων.
2648 1183 2745 1236 Ἑν
2775 1183 2992 1251 κέρατι,
3023 1183 3084 1235 τό
3124 1199 3180 1234 τε
3229 1183 3522 1252 άχείρωτον
3560 1182 3654 1233 καὶ
3688 1179 3754 1232 τὸ

2084 1269 2523 1338 άκαταγώνιστον
2576 1269 2669 1322 τοῦ
2719 1269 2905 1333 τόπου,
2939 1270 3032 1322 καὶ
3067 1269 3172 1338 πρὸ
3199 1269 3409 1331 τούτου,
3451 1268 3548 1338 τὴν
3597 1267 3752 1337 παρὰ

2081 1356 2174 1410 τοῦ
2215 1357 2349 1410 Θεοῦ
2390 1356 2638 1427 βοήθειαν
2655 1355 2863 1424 δηλῶν,
2911 1355 3018 1408 ἀπὸ
3069 1356 3379 1424 μεταφορᾶς
3422 1353 3513 1405 τοῦ
3571 1353 3752 1423 κέρως

2080 1442 2174 1495 τοῦ
2201 1442 2341 1511 βοός.
2373 1443 2484 1496 Καὶ
2513 1442 2620 1510 γὰρ
2639 1441 2733 1493 καὶ
2759 1441 3026 1512 παροιμία
3046 1440 3265 1509 τοιαύτη
3284 1438 3538 1508 δημώδης
3564 1439 3752 1508 ἐξενή-

2083 1545 2266 1581 νεκται
2300 1528 2428 1598 περί
2459 1527 2568 1579 τῶν
2597 1530 2674 1590 εἰς
2701 1527 2938 1594 ἀσφαλές
2966 1544 3016 1578 τι
3049 1527 3244 1598 χωρίον
3273 1524 3748 1593 καταφευγόντων.

2095 1614 2312 1684 Ἐπειδὴ
2346 1614 2453 1684 γὰρ
2481 1613 2826 1684 ἰσχυρότερον
2847 1613 3061 1666 πάντων
3081 1614 3109 1664 ὸ
3136 1611 3355 1682 ταῦρος,
3391 1611 3551 1664 αὐτοῦ
3575 1611 3630 1662 δέ
3653 1611 3750 1663 τοῦ

2082 1700 2221 1764 ζώου
2250 1699 2309 1752 τὺ
2341 1701 2683 1772 ἰσχυρότερον
2721 1700 2780 1752 τὸ
2809 1699 3005 1769 κέρας·
3043 1697 3188 1767 ὅπλῳ
3225 1698 3333 1767 γὰρ
3372 1696 3519 1767 αὗτῷ
3546 1691 3752 1768 κέχρη-

2079 1804 2197 1840 ται·
2231 1786 2319 1839 διὰ
2346 1788 2404 1839 τὸ
2427 1787 2804 1856 δυσχείρωτον,
2835 1786 2991 1838 τοῦτο
3025 1797 3049 1823 θ
3083 1784 3300 1837 εἰώθασι
3341 1784 3515 1851 λέγειν
3543 1785 3590 1836 οί
3619 1783 3749 1835 πολ-

2080 1872 2194 1925 λοίο
2230 1873 2320 1925 καὶ
2345 1873 2377 1943 ἠ
2413 1872 2602 1942 Γραφὴ
2626 1872 2684 1924 δέ
2714 1871 2971 1934 πολλάκις
3000 1871 3167 1941 κέρας
3204 1871 3391 1940 μονοκέ
3404 1886 3566 1939 ρωτος
3594 1868 3753 1921 καλεῖ

2078 1959 2205 2020 τοὺς
2225 1959 2281 2010 ἐν
2309 1958 2577 2028 ἀσφαλείᾳ
2606 1959 2782 2021 ὄντας.
2821 1959 2922 2010 Ἐν
2942 1961 3142 2024 κέρατι
3165 1953 3257 2008 οὖν
3294 1955 3527 2008 ἐνταῦθά
3560 1971 3747 2023 φησιν,

2079 2044 2136 2096 ἐν
2166 2045 2454 2115 ἀσφαλείᾳ,
2495 2045 2550 2096 ἐν
2594 2042 2737 2113 ὕψει,
2780 2044 2917 2114 ὅπερ
2960 2044 3254 2112 ἀρχόμενος
3303 2042 3516 2109 ἔλεγεν·
3576 2039 3748 2105 Υίοὺς

2078 2131 2394 2200 ἐγέννησα,
2428 2130 2524 2183 καί
2554 2131 2791 2198 ὕψωσα.
2839 2132 2935 2182 Ἐν
2956 2133 3112 2196 τόπῳ
3132 2131 3293 2182 πίονι
3318 2146 3329 2157 ·
3361 2131 3496 2198 ὅπερ
3527 2129 3749 2179 631L05-

2082 2217 2179 2287 σῆς
2214 2213 2357 2282 εἰπε,
2389 2216 2520 2286 Γῆν
2543 2217 2812 2284 ῥέουσαν
2841 2216 2992 2286 γάλα
3034 2217 3130 2268 καί
3145 2216 3300 2284 μέλι.
3335 2216 3439 2267 Καὶ
3475 2213 3751 2280 φραγμὸν

2080 2305 2419 2372 περιέθηκα,
2451 2305 2548 2358 καί
2577 2304 2953 2373 ἐχαράκωσα.
2989 2301 3313 2371 Φραγμῶνῆ
3353 2301 3410 2354 τὸ
3444 2301 3617 2370 τεῖχός
3643 2316 3748 2368 φη-

2081 2408 2194 2454 σιν,
2223 2391 2254 2460 ἢ
2281 2391 2372 2443 τὸν
2408 2391 2590 2460 νόμον,
2616 2392 2647 2461 ἢ
2671 2391 2765 2461 τὴν
2793 2391 2955 2443 αὐτοῦ
2983 2390 3258 2460 πρόνοιαν.
3279 2388 3512 2456 Kal-{31p
3543 2387 3749 2455 δνόμος

2074 2477 2288 2546 τείχους
2300 2476 2699 2546 ἀσφαλέστερον
2711 2478 2893 2537 αὐτοῖς
2911 2494 2974 2528 πε
2985 2494 3013 2546 ρ
3023 2477 3130 2527 ιέκε
3140 2492 3234 2526 ιτο.
3252 2474 3354 2526 Καὶ
3370 2471 3746 2540 ἐχαράκωσα,

2073 2563 2368 2624 τουτέστιν,
2411 2562 2654 2633 ’ἰσχυράν
2679 2564 2777 2632 τὴν
2807 2563 3103 2630 ἀσφάλειαν
3133 2561 3495 2629 ἐποιησάμην.
3526 2556 3747 2627 Ἐπειδὴ

2077 2649 2185 2720 γὰρ
2207 2647 2462 2710 πολλάκις
2485 2649 2736 2718 φραγμὸς
2767 2648 3193 2718 εὐεπιχείρητον,
3222 2645 3316 2698 καὶ
3349 2644 3560 2714 ἐτέραν,
3587 2642 3745 2712 φησι,

2078 2733 2396 2806 περιέϐαλον
2421 2733 2603 2796 αὐτοῖς
2634 2733 2966 2803 συμμαχίαν.
2994 2733 3103 2786 Καὶ
3136 2733 3437 2800 ἐφύτευσα
3473 2731 3748 2797 ἄμπελον

2075 2819 2302 2888 Σωρήχ.
2345 2819 2619 2888 Ἐπιμένει
2646 2823 2710 2889 τῇ
2739 2822 3032 2889 μεταφορᾷ,
3061 2820 3125 2889 ἢν
3142 2820 3202 2870 οὐ
3225 2819 3304 2870 δεῖ
3325 2817 3462 2869 κατὰ
3496 2816 3641 2880 λέξιν
3663 2818 3748 2884 ἐρ-

2078 2905 2352 2973 μηνεύειν,
2405 2905 2539 2958 ἀλλὰ
2597 2907 2686 2958 τὸν
2738 2908 2936 2957 σκοπὸν
2969 2906 3176 2966 εἰδότας
3216 2903 3497 2974 ἀρκεῖσθαι
3547 2901 3742 2971 τούτῳ.

2075 2992 2267 3062 Σωρὴχ
2307 2993 2364 3045 δὲ
2416 2992 2648 3044 ἐνταῦθα
2700 2991 2959 3061 ἀληθινήν
2999 3009 3182 3062 φησιν,
3225 2991 3438 3058 εὐγενῆ,
3472 2989 3590 3058 οὐχὶ
3634 2987 3744 3042 τῶν

2074 3078 2292 3146 φαύλων
2332 3077 2534 3145 φυτῶν,
2564 3079 2682 3130 οὐδέ
2712 3078 2818 3129 τῶν
2853 3077 3307 3147 καταδεεστέρων,
3347 3076 3478 3129 ἀλλὰ
3510 3077 3616 3129 τῶν
3652 3075 3743 3128 δο·

2074 3165 2251 3234 κίμων
2281 3166 2374 3217 καὶ
2401 3164 2651 3236 πρώτων.
2682 3165 2859 3218 Πολλὰ
2888 3165 2996 3235 γὰρ
3017 3163 3132 3236 [55]
3158 3165 3415 3234 ἀμπέλων
3445 3164 3594 3234 γένη.
3631 3161 3741 3216 Καί

2073 3251 2432 3319 ᾠκοδόμησα
2474 3252 2704 3320 πύργον
2736 3250 2832 3303 καί
2876 3251 3204 3318 προλήνιον
3229 3252 3297 3303 ἐν
3326 3251 3494 3317 μέσῳ
3530 3249 3739 3303 αὑτοῦ.

2075 3336 2231 3400 Τινὲς
2257 3337 2276 3374 ί
2316 3337 2406 3390 τὸν
2438 3339 2560 3390 ναόν
2592 3355 2722 3405 φασι
2745 3375 2759 3400 ,
2788 3339 2879 3390 καί
2915 3338 3201 3407 προλήνιον
3233 3337 3292 3389 τὸ
3321 3337 3704 3406 θυσιαστήριον
3724 3375 3740 3400 ,

2074 3423 2168 3475 ἇτε
2194 3424 2302 3476 τῶν
2335 3424 2559 3493 καρπῶν
2575 3427 2690 3477 ἐκεῖ
2722 3425 3100 3494 συναγομένων
3134 3425 3228 3493 τῆς
3256 3425 3452 3493 ἀρετῆς
3484 3423 3583 3492 τῆς
3609 3424 3741 3477 ἐκά-

2074 3525 2220 3568 στου,
2242 3508 2461 3560 καὶτῶν
2491 3509 2836 3579 προσφορῶν,
2865 3512 2959 3562 καὶ
2987 3511 3092 3561 τῶν
3123 3511 3317 3562 θυσιῶν
3348 3508 3571 3562 ἁπασῶν
3591 3525 3604 3539 ’
3631 3509 3743 3576 ἐγὼ

2075 3590 2254 3659 μέντοι
2281 3590 2455 3652 τοῦτο,
2499 3593 2634 3661 ὅπερ
2666 3592 2833 3661 ἔφθην
2876 3596 3078 3658 εἰπὼν,
3108 3594 3201 3645 καὶ
3236 3593 3328 3644 νῦν
3359 3593 3501 3661 ἐρῶ,
3549 3593 3630 3643 ὅτι
3664 3591 3741 3661 τῷ

2073 3676 2256 3746 σκοπῷ
2287 3677 2367 3729 δεῖ
2411 3677 2695 3746 προσέχειν
2736 3679 2833 3748 τῆς
2867 3681 3196 3748 μεταφορᾶς.
3233 3678 3330 3731 Διὰ
3375 3678 3478 3748 γὰρ
3522 3679 3741 3730 πάντων

2069 3763 2226 3815 τοῦτο
2288 3763 2532 3832 βούλεται
2585 3765 2776 3827 εἰπεῖν,
2832 3765 2911 3816 ὅτι
2951 3765 3031 3816 Τὰ
3086 3766 3213 3834 παρ’
3266 3763 3501 3834 ἐμαυτοῦ
3561 3765 3742 3818 πάντα

2070 3851 2380 3920 ἐπλήρωσα,
2409 3850 2586 3902 πᾶσαν
2614 3850 2922 3919 ἐπιμέλειαν
2950 3851 3327 3921 ἐπεδειξάμην.
3353 3852 3425 3904 Οὐ
3456 3852 3738 3905 κατέτεινα

2070 3938 2354 4004 καμάτοις,
2391 3936 2450 3987 οὐ
2485 3937 2777 4007 συνέτριψα
2799 3938 2999 4001 πόνοις,
3030 3939 3130 3990 οὐκ
3154 3940 3348 4001 αὐτοὺς
3386 3939 3741 4008 οἰκοδομῆσαι

2068 4023 2348 4084 ἐκέλευσα,
2375 4023 2472 4075 οὐκ
2506 4024 2700 4084 αὐτοὺς
2729 4024 2952 4092 σκάψαι,
2976 4026 3074 4077 οὐκ
3096 4027 3291 4086 αὐτοὺς
3319 4025 3600 4092 φυτεῦσαι,
3625 4023 3740 4077 ἀλλ’

2068 4109 2474 4179 άπηρτισμένον
2503 4107 2564 4159 τὸ
2605 4106 2761 4177 ἔργον
2787 4111 3092 4176 παρέδωκα.
3140 4112 3247 4162 Καὶ
3281 4111 3395 4163 οὐδέ
3422 4111 3582 4180 μέχρι
3616 4113 3740 4164 τού-

2067 4211 2158 4246 του
2179 4194 2247 4246 τὰ
2271 4195 2368 4264 τῆς
2396 4193 2801 4263 φιλανθρωπίας
2822 4194 3022 4264 ἔστησα
3048 4195 3224 4263 μόνον,
3246 4196 3378 4248 ἀλλὰ
3404 4197 3510 4250 Καὶ
3534 4195 3739 4265 ἔμεινα

2067 4281 2174 4335 τοῦ
2200 4279 2450 4348 ποιῆσαι
2483 4281 2827 4348 σταφυλὴν,
2865 4281 2956 4333 καὶ
2985 4283 3241 4350 ἀνέμεινα
3270 4281 3359 4333 τὸν
3393 4284 3739 4353 προσήκοντα

2069 4368 2258 4438 καιρὸν
2287 4369 2386 4436 τὴς
2427 4369 2803 4439 καρποφορίας
2826 4407 2839 4426 ,
2873 4369 3220 4441 μακροθυμίᾳ
3258 4369 3424 4440 πολλῇ
3467 4371 3740 4441 χρησάμε-

2067 4469 2175 4514 νος.
2201 4451 2274 4503 Τὸ
2305 4453 2432 4520 γὰρ,
2459 4454 2725 4519 Ἔμεινα,
2758 4452 2914 4506 τοῦτο
2947 4454 3113 4522 δηλοῖ.
3157 4456 3437 4521 Ἐποίησε
3456 4454 3522 4507 δὲ
3551 4455 3736 4508 ἀκάν-

2065 4544 2192 4604 θας.
2240 4541 2341 4591 Τὸν
2363 4541 2608 4609 ἄκαρπον
2637 4541 2814 4593 αὐτῶν
2855 4542 2967 4610 βίον
3010 4542 3359 4606 ἐνδείκνυται,
3388 4542 3477 4594 τὸν
3506 4545 3732 4612 τραχὺν,

2063 4628 2155 4679 τὸν
2194 4626 2447 4696 σκληρόν.
2500 4627 2654 4690 Τίνος
2679 4624 2771 4681 οῦν
2810 4629 2874 4682 ἂν
2918 4626 3024 4682 εἷεν
3067 4629 3396 4701 συγγνώμης
3428 4629 3567 4694 ἄξιοι
3598 4631 3736 4702 μετὰ

2063 4713 2332 4783 τοσαύτην
2360 4715 2676 4782 ἐπιμέλειαν
2707 4716 2927 4779 τούτους
2948 4718 3235 4781 ἀποδόντες
3261 4719 3336 4786 τῷ
3359 4719 3586 4789 γεωργῷ
3611 4721 3736 4783 τοὺς

2064 4801 2345 4872 καρπούς;
2381 4802 2490 4854 Καὶ
2518 4802 2656 4867 νῦν,
2677 4802 2984 4872 ἅνθρωπος
3011 4805 3116 4858 τοῦ
3161 4805 3356 4858 Ἰούδα
3385 4806 3480 4858 καὶ
3512 4807 3564 4858 οἱ
3595 4823 3737 4860 κατ-

2064 4888 2372 4953 οικοῦντες
2427 4889 2854 4958 Ἰερουσαλὴμ,
2905 4892 3144 4958 κρίνατε
3187 4891 3256 4944 ἐν
3300 4891 3428 4960 ἐμοὶ
3467 4891 3566 4944 καί
3617 4894 3736 4946 ἀνὰ

2059 4975 2255 5043 μέσον
2303 4974 2410 5028 τοῦ
2445 4975 2798 5042 ἀμπελῶνός
2834 4993 2972 5044 μου.
3009 4977 3184 5046 Πολλὴ
3214 4979 3318 5030 τῶν
3353 4977 3734 5047 δικαιωμάτων

2063 5062 2094 5130 ὴ
2137 5060 2444 5130 περιουσία,
2496 5061 2623 5113 ὅταν
2673 5061 2871 5124 αὐτοὺς
2921 5064 3047 5125 τοὺς
3088 5064 3418 5125 ὑπευθύνους
3470 5063 3733 5130 δικαστὰς

2063 5147 2263 5218 καθίζῃ
2287 5151 2396 5210 τοῖς
2426 5148 2516 5199 ὑπ’
2545 5147 2707 5200 αὐτοῦ
2742 5150 3158 5220 γεγενημένοις,
3189 5151 3281 5204 καὶ
3317 5153 3427 5212 τοῖς
3456 5151 3546 5203 ὐπ’
3587 5151 3733 5205 ἐκεί-

2063 5251 2187 5287 νων.
2224 5233 2331 5287 Κιιί
2353 5232 2487 5286 νῦν.
2519 5235 2591 5286 Οὐ
2626 5234 2768 5302 λέγω
2796 5236 2864 5288 τὰ
2893 5237 3114 5300 παλαιά,
3151 5238 3330 5306 φησὶν,
3360 5237 3492 5291 ἀλλὰ
3520 5240 3607 5292 καὶ
3634 5240 3733 5308 σή-

2067 5338 2230 5391 μερον
2260 5320 2472 5390 ἕτοιμός
2493 5321 2607 5390 εἰμι
2633 5321 2966 5387 δικάζεσθαι.
2994 5324 3174 5387 Οὕτως
3194 5324 3442 5377 οὐδέποτε
3468 5324 3731 5379 διαλείπω

2061 5409 2128 5460 τά
2161 5407 2398 5478 ἐμαυτοῦ
2443 5408 2666 5478 πληρῶν
2691 5452 2704 5475 ,
2736 5411 2856 5462 οὐδέ
2900 5412 3056 5481 ὑμεῖς
3096 5414 3162 5463 τὰ
3199 5412 3405 5463 ἐαυτῶν
3434 5412 3728 5484 πληροῦτε.

2068 5495 2128 5548 Τί
2154 5493 2382 5560 ποιήσω
2410 5493 2495 5546 ἔτι
2525 5493 2604 5559 τῷ
2643 5497 2952 5564 ἀμπελῶνί
2969 5516 3084 5566 μου
3105 5501 3128 5537 ε
3154 5515 3170 5564 ;
3199 5498 3346 5551 διότι
3367 5499 3568 5566 ἔμεινα
3586 5543 3600 5564 ,
3627 5502 3730 5554 ἵνα

2063 5581 2285 5650 ποιήσῃ
2318 5581 2660 5650 σταφυλὴν,
2692 5584 2942 5650 ἐποίησε
2969 5585 3035 5637 δὲ
3061 5585 3345 5651 ἀκάνθας.
3387 5587 3447 5638 Ἠ
3486 5588 3725 5659 συνθήκη

2129 5720 2151 5747 e
2173 5706 2228 5753 In
2254 5707 2373 5767 Reg.
2401 5712 2454 5754 et
2493 5709 2640 5756 Savil.
2666 5708 2807 5757 τοῦτο
2833 5711 2990 5759 deest.

2096 5767 2149 5875 ,ἆ
2181 5767 2459 5875 fecundum
2483 5767 2723 5819 Tilmanni
2742 5771 3196 5833 interpretationem
3219 5773 3384 5836 πύργοι
3411 5773 3724 5823 inserendum

2080 5841 2106 5875 r1
2145 5841 2172 5875 e
2202 5843 2273 5875 nr.

2061 5841 2299 5956 ‘Taseglnre
2326 5895 2607 5956 ggquunlur
2625 5899 2735 5956 pnft
2756 5894 2994 5956 ἀμπελῶνί
3027 5910 3136 5956 μου,
3160 5906 3315 5954 usque
3353 5895 3409 5942 ad
3436 5895 3592 5950 ἐπειδή
3637 5895 3723 5950 τήν

2061 5950 2209 6018 νίκην,
2235 5950 2574 6018 desi_deranlur
2596 5950 2646 6002 in
2678 5950 2800 6018 R03;
2824 5962 2877 6003 eL
2900 5950 3526 6016 Sam-,6?6n6101é).w10v,
3558 5961 3610 6003 ul
3648 5957 3720 6003 κὶα

2061 6012 2223 6069 detur,
2249 6012 2440 6060 omissa.
