4044 6402
254 442 327 499 57
1539 418 1605 474 IN
1645 416 1798 475 lSAlt

1933 422 2084 480 CAP.
2131 421 2187 483 ν.

238 536 410 593 menti
433 549 681 590 sermone
700 540 870 603 egeat,
899 541 953 588 et
979 532 1156 586 animo
1176 546 1280 587 non
1302 530 1547 594 remisso,
1574 531 1665 585 sed
1687 546 1813 585 con-

236 629 422 689 citato,
452 644 509 683 se
538 635 864 681 cantaturum
890 623 1044 678 nobis
1071 622 1347 693 promittit,
1375 628 1429 675 et
1451 621 1814 675 accusationes

234 718 500 775 canticum
544 725 720 769 vocat.
766 716 836 768 At
874 730 981 768 non
1024 715 1140 784 ipse
1167 714 1313 768 solus
1336 753 1351 778 ,
1381 711 1475 767 sed
1504 721 1552 767 et
1593 726 1813 781 magnus

237 807 327 862 ille
349 806 585 877 Moyses,
614 809 701 874 qui
732 813 854 858 tunc
879 803 1198 873 triumphale
1235 802 1361 857 illud
1385 803 1645 857 canticum
1670 802 1813 856 ccci-

240 907 431 962 nerat;
476 897 603 950 dum
636 896 846 950 .Iudmos
880 893 1248 964 reprehendit,
1283 894 1493 963 longum
1525 894 1651 948 illud
1682 905 1813 948 can-

238 988 403 1042 ticum
429 988 557 1041 fecit
576 985 1074 1055 reprehensionibus
1088 984 1513 1051 plenum,dieens
1537 1003 1551 1039 :
1579 983 1812 1039 chcine

238 1078 458 1131 Domino
479 1075 723 1130 redditis?
749 1074 848 1129 Hic
874 1076 1090 1145 populus
1115 1074 1298 1128 stultus
1316 1083 1363 1127 et
1383 1075 1619 1145 insipiens
1634 1073 1808 1146 (Deut.

236 1170 326 1224 32.
358 1168 473 1239 6);
504 1179 559 1223 et
586 1168 761 1221 multis
795 1166 1033 1222 collectis
1061 1165 1497 1227 accusationibus.
1532 1166 1645 1219 haec
1670 1166 1813 1234 ipsos

237 1273 437 1313 canere
466 1259 579 1328 lege
608 1256 892 1327 praecepit;
923 1264 977 1309 et
1004 1270 1103 1309 nos
1126 1253 1389 1325 hodieque
1423 1264 1672 1311 canentes
1697 1258 1811 1310 huic

238 1350 483 1404 dicimus.

304 1440 568 1495 Canticum
613 1455 704 1492 cur
749 1437 1119 1492 criminationes
1160 1439 1429 1493 contineat.
1453 1469 1523 1479 —
1549 1439 1657 1494 Cur
1684 1453 1811 1510 ergo

234 1531 635 1585 criminationes
656 1537 713 1582 ut
731 1529 993 1583 canticum
1014 1530 1375 1583 concinnant?
1400 1529 1669 1598 Sapientia
1694 1545 1811 1585 cer-

234 1632 288 1676 te
318 1620 401 1675 usi
444 1620 737 1689 spirituali,
779 1627 831 1673 et
868 1620 1092 1673 multum
1128 1620 1471 1675 emolumenti
1512 1619 1808 1676 auditorum

230 1711 426 1764 animis
456 1709 649 1764 inferre
672 1710 932 1764 volentes.
964 1709 1095 1775 Quia
1122 1710 1264 1764 enim
1291 1710 1420 1764 nihil
1447 1711 1525 1764 sic
1550 1712 1680 1766 utile
1704 1720 1806 1777 est,

235 1810 292 1854 ut
330 1800 597 1855 scelerum
629 1799 840 1854 assidue
884 1799 1190 1864 recordari,
1239 1799 1473 1870 nihilque
1500 1804 1808 1857 memoriam

228 1894 300 1948 ita
348 1894 555 1947 firmam
598 1892 765 1962 parit,
796 1900 853 1945 ut
882 1890 1108 1946 melodia
1131 1930 1147 1957 ,
1190 1905 1257 1946 ne
1284 1891 1355 1946 ob
1382 1893 1806 1949 criminationum

228 1983 648 2052 magnitudinem
681 1981 901 2035 taederet
933 1995 1027 2035 eos
1046 2021 1062 2046 ,
1092 1990 1146 2037 et
1172 1982 1439 2037 assiduam
1469 1994 1806 2055 peccatorum

231 2074 548 2128 memoriam
577 2073 1019 2143 subterfugerent,
1048 2074 1236 2129 cantici
1262 2076 1616 2131 modulatione
1642 2078 1808 2145 pudo-

226 2180 341 2219 rem
369 2163 668 2233 subripiens
695 2179 760 2218 ex
790 2164 1045 2219 memoria
1075 2173 1280 2233 partum
1300 2205 1315 2228 ,
1344 2174 1395 2219 et
1422 2166 1806 2221 intolerabilem

224 2268 521 2309 maerorem
567 2253 791 2317 leniens,
845 2252 960 2308 haec
1001 2254 1206 2308 cantica
1255 2253 1416 2319 fecit,
1460 2263 1519 2308 ut
1563 2254 1805 2309 melodis:

225 2356 415 2395 amore
456 2342 624 2395 coacti
658 2341 725 2397 ad
774 2356 839 2396 ea
866 2342 1170 2409 frequenter
1213 2343 1596 2412 pronuntianda
1620 2384 1634 2403 .
1666 2358 1807 2413 saepe

229 2432 445 2487 illorum
474 2432 886 2488 recordarentur
904 2474 919 2499 ,
948 2434 1263 2504 assidueque
1289 2434 1581 2490 doctrinam
1610 2435 1679 2490 de
1713 2450 1806 2491 co-

226 2521 384 2577 lenda
413 2522 610 2577 virtute
637 2522 928 2589 haberent,
958 2538 1151 2593 nempe
1178 2523 1441 2579 assiduam
1471 2536 1804 2593 peccatorum

227 2612 679 2667 recordationem.
727 2612 884 2668 Scitis
930 2613 1089 2682 igitur
1134 2613 1268 2668 alios
1310 2613 1594 2683 Scriptum
1638 2616 1804 2670 libros

224 2703 410 2757 multis
450 2700 713 2772 hodieque
755 2717 825 2756 ne
865 2701 932 2757 de
961 2702 1173 2757 nomine
1214 2704 1426 2774 quidem
1469 2714 1623 2759 notos
1650 2720 1803 2772 esse;

226 2793 561 2847 Psalmorum
590 2803 766 2847 autem
794 2807 928 2860 opus
966 2807 1152 2847 omnes
1191 2794 1243 2846 in
1272 2808 1365 2848 ore
1402 2793 1569 2857 ferre,
1608 2804 1662 2849 et
1691 2793 1805 2850 hrec

228 2883 391 2937 etiam
418 2882 621 2935 cantica
645 2898 658 2935 :
683 2881 866 2950 sicque
887 2896 951 2936 ex
976 2883 1135 2937 rebus
1160 2882 1288 2950 ipsis
1309 2883 1621 2950 ostenditur,
1647 2901 1805 2952 quan-

227 2983 338 3027 tum
366 2988 436 3028 ex
465 2981 621 3027 cantu
645 2972 849 3027 lucrum
877 2972 1113 3027 accedat.
1155 2972 1356 3027 Idcirco
1384 2973 1497 3042 ipse
1524 2975 1599 3029 ait
1623 2992 1638 3028 :
1664 2973 1804 3030 Can—

227 3063 343 3116 tabo
369 3061 551 3116 dilecto
581 3079 690 3116 meo
718 3062 969 3116 canticum
996 3062 1161 3117 dilecti
1191 3063 1288 3115 mei
1312 3064 1466 3116 viuere
1502 3079 1642 3119 mete.
1671 3064 1806 3120 Can-

226 3154 382 3207 ticum
410 3152 590 3205 dilecto
608 3193 625 3218 ,
652 3151 757 3216 ait,
790 3154 983 3205 vinea:
1012 3151 1238 3206 cantabo
1265 3153 1404 3207 circa
1448 3154 1617 3222 ipsum
1662 3155 1801 3210 dile-

223 3256 390 3302 ctum.
437 3247 505 3302 Et
533 3247 633 3317 ipsi
672 3255 849 3313 canto,
894 3247 1081 3316 inquit,
1121 3255 1174 3301 et
1200 3257 1566 3318 argumentum
1613 3250 1803 3306 cantici

222 3340 368 3393 circa
399 3338 547 3392 illum
577 3348 629 3392 et
657 3354 745 3393 res
770 3338 837 3393 ad
875 3352 997 3392 eum
1040 3347 1338 3407 spectantes
1362 3350 1618 3394 versatur.
1650 3340 1801 3407 Quod

225 3429 273 3483 si
303 3429 675 3497 objurgaturus
698 3436 752 3482 et
786 3428 1034 3482 dilectum
1059 3437 1213 3482 vocat
1239 3437 1295 3483 et
1322 3438 1574 3493 amatum,
1604 3446 1671 3483 ne
1698 3432 1800 3483 mi-

223 3518 381 3572 reris.
434 3518 565 3571 Nam
611 3527 663 3571 et
708 3518 811 3571 hoc
856 3532 1103 3584 magnum
1148 3526 1230 3571 est
1269 3517 1336 3571 ad
1378 3519 1799 3573 criminationem

222 3607 506 3673 viaticum,
553 3606 693 3672 quod
736 3606 941 3661 scilicet
985 3621 1104 3661 cum
1148 3606 1513 3675 diligerentur,
1558 3618 1613 3663 et
1654 3617 1800 3663 tanta

223 3699 527 3753 fruerentur
556 3698 651 3751 Dei
678 3696 1070 3763 benevolentia,
1096 3712 1269 3766 neque
1296 3699 1373 3752 sic
1400 3700 1646 3753 meliores
1675 3699 1800 3754 effe-

220 3788 295 3841 cti
326 3787 452 3841 sint.
502 3786 613 3841 lloc
648 3796 703 3840 et
730 3786 866 3841 alius
906 3787 1164 3855 propheta
1190 3787 1528 3843 subindicans
1549 3789 1753 3844 dicebat
1779 3808 1794 3844 :

222 3879 384 3943 Quasi
411 3895 559 3931 uvam
598 3880 650 3931 in
690 3878 883 3932 deserto
909 3879 1073 3931 inveni
1107 3877 1312 3944 Israel,
1340 3880 1484 3949 quasi
1510 3896 1718 3949 scopum
1744 3884 1797 3936 in

220 3970 327 4038 ﬁcu
370 3966 446 4039 (a)
490 3984 761 4035 pracocem
802 3968 905 4022 uidi
948 3978 1114 4037 patres
1157 3985 1329 4023 eorum
1366 3970 1534 4038 (Osee
1563 3971 1615 4026 9.
1651 3972 1794 4043 10):

218 4061 485 4130 optabiles
514 4060 634 4115 illos
674 4060 1032 4129 amabilesque
1074 4074 1193 4116 esse
1223 4076 1318 4129 per
1346 4061 1446 4117 hos
1488 4062 1688 4119 fructus
1717 4064 1798 4119 in-

216 4151 406 4205 dicans
436 4167 448 4203 :
476 4150 734 4220 optabiles
755 4191 770 4215 ,
802 4150 1015 4219 inquam
1036 4192 1051 4216 ,
1084 4152 1442 4222 amabilesque
1467 4168 1571 4208 non
1610 4169 1674 4208 ex
1699 4169 1792 4209 sua

214 4242 449 4305 virtute,
496 4240 590 4296 sed
630 4255 698 4297 ex
737 4240 832 4295 Dei
876 4240 1218 4310 benignitate.
1250 4243 1399 4309 Quod
1427 4252 1601 4298 autem
1645 4244 1790 4312 dicit,

216 4332 525 4403 hujusmodi
551 4341 632 4388 est
663 4351 677 4387 :
709 4333 828 4403 Ego
853 4333 926 4387 ita
956 4334 1135 4397 dilexi,
1163 4341 1223 4387 ut
1245 4334 1289 4389 si
1318 4335 1436 4404 quis
1464 4352 1618 4390 uvam
1647 4338 1795 4393 inve-

216 4424 361 4477 nerit
389 4422 442 4477 in
467 4422 699 4487 deserto,
727 4432 818 4477 aut
845 4423 890 4477 si
918 4424 1038 4493 quis
1061 4438 1280 4492 scopum
1306 4427 1562 4493 repererit
1588 4428 1639 4481 in
1669 4428 1788 4483 ficu.

212 4515 437 4572 Etiamsi
466 4515 609 4569 enim
636 4514 750 4568 haec
778 4513 1020 4583 exempla
1056 4514 1265 4583 indigna
1294 4514 1402 4569 sint
1431 4516 1559 4580 Deo,
1587 4527 1640 4571 at
1671 4517 1791 4572 illo-

210 4621 333 4661 rum
362 4604 607 4674 ingluviei
650 4611 1006 4658 consentanea
1034 4612 1177 4658 sunt.
1204 4602 1232 4655 l
1240 4604 1315 4672 psi
1343 4619 1501 4671 vero,
1533 4607 1639 4671 ait,
1668 4622 1788 4663 cum

210 4704 360 4751 tanta
384 4693 670 4749 dilectione
690 4691 1018 4757 fruerentur,
1041 4694 1313 4747 abalienati
1331 4705 1465 4759 sunt,
1488 4697 1791 4766 ingressique

208 4794 330 4839 sunt
354 4785 423 4837 ad
448 4781 775 4853 Beelphegor.
804 4783 893 4837 Sic
919 4797 1048 4837 sane
1072 4784 1216 4837 illum
1247 4784 1333 4839 hic
1360 4795 1515 4840 vocat
1536 4787 1786 4842 dilecwm

206 4888 265 4931 et
305 4884 543 4929 amatum
570 4914 587 4941 ,
627 4873 915 4929 ostendens
954 4875 1117 4928 Deum
1160 4876 1339 4929 omnia
1380 4893 1497 4945 qua:
1536 4892 1566 4930 a
1612 4879 1787 4947 seipso

205 4972 362 5021 erant
385 4964 687 5020 exhibuisse
705 5004 719 5029 ,
748 4978 854 5018 non
884 4964 1026 5033 quod
1065 4965 1165 5033 ipsi
1208 4967 1462 5035 eruperint
1483 5007 1498 5032 ,
1527 4967 1618 5021 sed
1646 4969 1782 5036 quod

208 5059 353 5112 Deus
384 5057 531 5126 prior
555 5057 763 5111 amarit.
798 5054 875 5110 llli
898 5070 1027 5111 vero
1050 5071 1221 5125 neque
1249 5067 1432 5126 postea
1456 5059 1643 5129 dignos
1664 5076 1784 5117 sese

203 5148 474 5205 beneﬂcio
502 5148 890 5213 exhibuerunt;
927 5147 1023 5202 sed
1048 5162 1212 5218 Opere
1250 5148 1365 5216 ipso
1406 5150 1581 5204 omnia
1627 5152 1780 5206 exhi-

202 5240 372 5294 buere
416 5238 703 5291 contraria.
746 5236 903 5290 Vinea
943 5237 1079 5305 facta
1128 5245 1198 5290 est
1253 5238 1466 5303 dilecto,
1498 5240 1551 5292 in
1588 5256 1778 5305 cornu,

202 5331 259 5383 in
306 5329 416 5383 loco
461 5328 654 5399 pingui.
700 5327 879 5384 Vinea:
929 5327 1145 5383 nomine
1178 5343 1391 5384 omnem
1434 5332 1782 5389 subindicavit

263 5462 337 5524 (a)
368 5461 425 5525 In
445 5468 626 5525 preco,
650 5474 696 5518 ὥς
717 5473 849 5511 σκοπὸν
872 5474 907 5511 ιν
926 5477 1031 5525 σριῇ.
1069 5468 1243 5525 Sensus
1288 5467 1381 5525 est,
1407 5463 1547 5525 quasi
1567 5464 1781 5525 specula-

198 5522 349 5586 torem
366 5522 415 5572 in
430 5522 543 5585 ﬁcu.
564 5530 674 5586 Nam
696 5536 825 5578 σκοπός
842 5523 992 5586 paulo
1008 5530 1121 5572 ante
1141 5524 1187 5569 in
1216 5523 1391 5586 eodem
1403 5522 1561 5586 capite
1575 5522 1605 5574 9
1623 5537 1776 5586 (sese,

200 5599 248 5633 v.
292 5585 340 5647 8,
366 5581 754 5647 estgspeculutor.
779 5581 883 5647 _Hi'c
906 5590 1070 5647 autem
1104 5596 1248 5632 versu
1273 5585 1331 5633 10
1354 5581 1557 5647 Vulgata
1582 5588 1726 5636 habet
1761 5581 1776 5639 Ξ

200 5641 339 5706 quasi
382 5641 540 5706 prmia
584 5657 724 5709 poma
766 5641 1000 5709 ﬁculnea}.
1048 5643 1102 5709 In
1143 5648 1349 5709 ‘Helirzeo
1392 5641 1553 5695 aciem
1599 5649 1777 5709 legitur

465 5702 603 5770 quasi
625 5702 807 5769 primus
830 5706 1013 5768 [ructus
1036 5702 1271 5767 ﬁculnea',
1307 5709 1442 5768 quasi
1464 5702 1777 5774 manage-rita

232 5780 288 5813 Cll
312 5783 428 5813 "Em-

232 5771 428 5821 culicem.

1922 538 2297 604 providentiam
2324 582 2340 610 ,
2376 561 2631 619 suamque
2669 550 2805 606 circa
2847 551 2962 607 illos
2998 554 3425 618 sollicitudinem.

1987 630 2041 683 2.
2082 632 2264 702 Neque
2288 637 2374 690 hic
2398 639 2616 706 gradqu
2646 642 2817 709 sistit,
2849 646 2940 700 sed
2968 649 3067 703 alia
3096 652 3252 706 etiam
3285 654 3487 708 benefl-

1915 721 1995 773 cia
2024 734 2301 779 enumerat
2328 743 2341 779 :
2370 728 2650 800 primoque
2680 732 2730 787 id
2758 746 2971 803 praestat
3000 753 3030 792 a
3059 739 3161 795 situ
3191 744 3289 797 loci
3313 761 3328 810 ;
3362 746 3487 801 illud

1916 812 2057 864 enim
2078 850 2095 880 ,
2123 811 2189 865 In
2218 830 2376 870 cornu
2394 858 2409 881 ,
2450 818 2502 872 in
2530 820 2640 875 loco
2662 824 2869 895 pingui,
2902 835 3010 881 tum
3040 840 3279 887 naturam
3307 845 3484 896 teme,

1918 908 2030 993 tum
2057 903 2218 993 situm
2245 906 2472 963 laudans
2497 910 2625 966 dicit
2652 932 2665 967 :
2696 914 2747 968 id
2775 917 2915 985 quod
2944 927 2996 973 et
3024 920 3185 976 David
3215 926 3487 993 psallendo

1915 988 2048 1043 dixit
2074 990 2141 1047 de
2164 992 2457 1052 Jerusalem
2485 1015 2500 1053 :
2530 999 2729 1058 Montes
2751 1005 2805 1059 in
2832 1008 3044 1062 circuitu
3074 1012 3201 1081 ejus,
3215 988 3281 1066 'et
3304 1013 3485 1071 Domi.

1916 1094 2010 1172 nus
2036 1081 2087 1135 in
2114 1083 2328 1138 circuitu
2358 1089 2533 1157 populi
2555 1091 2634 1143 sui
2661 1091 2827 1162 (Psal.
2855 1095 2973 1152 124.
2998 1099 3078 1169 2).
3108 1099 3346 1172 Namque
3373 1104 3486 1158 cin-

1916 1171 1992 1224 xit
2014 1185 2165 1239 eam,
2200 1175 2400 1244 inquit,
2428 1178 2508 1234 vel
2535 1194 2601 1234 ex
2641 1183 2743 1236 situ
2774 1184 2873 1239 loci
2904 1204 2918 1240 :
2949 1198 3198 1245 ueterum
3230 1171 3329 1248 hoc
3352 1208 3484 1249 con-

1915 1270 2090 1318 tentus
2114 1265 2376 1336 nonfuit,
2410 1270 2503 1324 sed
2542 1273 2802 1329 maximus
2828 1277 2939 1346 ipse
2975 1295 3157 1336 murus
3199 1282 3273 1337 illi
3316 1285 3485 1341 faetus

1913 1364 1997 1408 est
2024 1372 2039 1408 :
2064 1357 2204 1425 quod
2235 1358 2322 1415 hic
2362 1363 2659 1419 subindicat
2686 1366 2869 1423 dicens
2890 1409 2906 1434 ,
2938 1368 3004 1423 In
3046 1387 3201 1426 cornu
3222 1414 3235 1435 ,
3265 1375 3485 1446 inexpu-

1910 1446 2177 1513 gnabilem
2206 1464 2396 1520 nempe
2419 1468 2539 1509 esse
2561 1455 2733 1511 locum
2760 1473 2775 1523 ;
2805 1468 2860 1512 at
2882 1460 3022 1529 quod
3047 1461 3217 1532 majus
3246 1473 3358 1531 est,
3390 1466 3480 1519 Dei

1912 1535 2204 1592 subsidium
2230 1540 2462 1597 declarat
2496 1559 2564 1599 ex
2604 1548 2906 1616 metaphora
2949 1549 3124 1606 bovini
3154 1567 3337 1608 cornu.
3385 1555 3480 1610 Et-

1910 1628 2053 1680 enim
2082 1628 2185 1683 tale
2208 1628 2451 1701 adagium
2480 1634 2531 1688 in
2557 1635 2742 1705 vulgus
2765 1639 2893 1693 exiit
2929 1639 2996 1695 de
3024 1642 3090 1696 iis
3112 1644 3199 1711 qui
3228 1644 3280 1698 in
3312 1653 3480 1699 tutum

1910 1714 2139 1785 aliquem
2164 1717 2336 1773 locum
2361 1722 2687 1793 confugiunt.
2712 1726 2843 1791 Quia
2868 1729 3011 1783 enim
3034 1732 3267 1786 omnium
3304 1734 3482 1790 fortis-

1910 1804 2077 1861 simus
2106 1817 2189 1862 est
2220 1818 2400 1866 taurus
2418 1853 2434 1879 ,
2461 1814 2599 1882 quod
2631 1830 2757 1871 vero
2783 1816 2969 1874 fortius
2996 1820 3046 1874 in
3073 1836 3157 1889 eo,
3184 1831 3265 1878 est
3289 1839 3477 1891 cornu,

1908 1910 2016 1964 quo
2036 1910 2133 1952 ceu
2156 1900 2319 1954 armis
2345 1902 2527 1969 utitur,
2550 1905 2672 1974 quia
2691 1918 2848 1977 captu
2868 1908 3085 1967 dilllcilc
3107 1922 3208 1979 est,
3232 1914 3283 1969 id
3307 1917 3482 1970 solent

1909 1986 2061 2040 multi
2089 1986 2269 2045 dicere
2297 2006 2312 2044 :
2344 2005 2409 2045 ac
2435 1992 2701 2064 Scriptura
2732 2013 2874 2067 saepe
2901 2014 3069 2056 cornu
3096 2004 3363 2060 unicornis
3388 2020 3480 2061 vo-

1908 2083 1997 2165 cat
2020 2091 2114 2132 eos
2136 2118 2151 2141 ,
2190 2080 2281 2149 qui
2310 2080 2365 2135 in
2405 2091 2518 2137 tuto
2547 2086 2700 2153 positi
2728 2098 2869 2143 sunt.
2917 2089 2982 2144 In
3008 2108 3162 2147 cornu
3193 2094 3364 2165 itaque
3394 2097 3481 2151 hic

1909 2164 2057 2228 dicit,
2087 2169 2243 2236 quasi
2271 2170 2322 2224 in
2351 2180 2483 2237 tuto,
2508 2172 2560 2227 in
2591 2175 2697 2229 alto
2726 2177 2843 2232 loco
2874 2198 2886 2234 ε
2914 2180 2964 2235 id
2995 2184 3132 2251 quod
3160 2164 3308 2239 initio
3335 2186 3479 2240 dice-

1908 2252 2000 2307 bat
2020 2254 2218 2346 ilios
2239 2261 2390 2326 genui
2410 2270 2457 2314 et
2476 2264 2690 2317 exaltari
2709 2265 2856 2333 (Isai.
2880 2270 2931 2322 l.
2950 2269 3026 2328 Ξ).
3050 2271 3117 2325 In
3138 2273 3246 2326 loco
3266 2275 3479 2346 pingui:

1908 2343 2049 2410 quod
2093 2344 2303 2416 Moyses
2346 2349 2556 2405 dicebat
2594 2368 2609 2406 :
2649 2353 2855 2410 Terram
2896 2359 3131 2428 ﬂuentem
3172 2343 3479 2420 lacetvmel

1913 2432 2103 2503 (Exod.
2121 2437 2175 2492 5.
2194 2440 2271 2508 8).
2295 2439 2350 2493 2.
2378 2440 2438 2495 Et
2459 2460 2626 2511 sepem
2646 2448 3000 2517 circumposui,
3018 2462 3065 2506 et
3086 2455 3474 2511 circumvallari.

1909 2526 2095 2597 Sepem
2119 2539 2211 2583 aut
2232 2546 2437 2586 murum
2462 2533 2609 2599 dicit,
2640 2547 2731 2591 aut
2757 2538 2943 2609 legem,
2974 2549 3066 2595 aut
3094 2544 3475 2613 providentiam

1908 2634 2081 2674 suam.
2112 2622 2322 2677 Etenim
2363 2626 2446 2679 lex
2489 2629 2651 2682 tutius
2691 2645 2845 2699 quam
2877 2648 3058 2689 murus
3096 2635 3213 2691 illos
3242 2639 3475 2693 cireum-

1905 2712 2165 2781 cingebat.
2197 2712 2266 2766 Et
2304 2717 2675 2774 circumvallavi
2698 2736 2717 2783 ;
2762 2731 2923 2776 tutam
2965 2726 3117 2793 posui
3159 2729 3473 2784 custodiam.

1905 2802 2037 2866 Quia
2059 2805 2200 2857 enim
2221 2821 2375 2873 sepes
2395 2808 2532 2862 solet
2556 2824 2675 2864 esse
2694 2822 2941 2881 superatu
2970 2816 3154 2881 facilis,
3182 2818 3321 2872 aliud
3348 2821 3476 2888 ipsis

1908 2892 2209 2959 praesidium
2243 2897 2614 2967 circumposui.
2647 2900 2715 2954 Et
2739 2902 2960 2970 plantaoi
2987 2906 3179 2961 vineam
3210 2909 3384 2963 Sorec.
3417 2910 3473 2964 In

1905 2983 2216 3053 metaphora
2248 2987 2515 3054 persistit,
2547 3005 2664 3059 qute
2706 3006 2813 3048 non
2842 3004 2922 3048 est
2963 2995 3028 3050 ad
3071 2996 3275 3052 literam
3302 3000 3472 3069 expli-

1904 3073 2093 3139 canda,
2121 3074 2215 3130 sed
2240 3090 2360 3131 cum
2390 3091 2611 3148 scopum
2640 3082 2925 3151 attigimus.
2957 3084 3057 3141 hoc
3082 3088 3209 3142 satis
3234 3103 3351 3144 esse
3375 3091 3474 3145 de-

1904 3162 2014 3217 bet.
2042 3162 2207 3220 Sorec
2233 3176 2409 3221 autem
2455 3168 2543 3223 hic
2584 3170 2876 3241 signiticet,
2901 3189 3077 3230 veram
3097 3217 3113 3240 ,
3138 3192 3471 3247 generosam,

1906 3269 2010 3308 non
2033 3255 2185 3310 malis
2201 3273 2299 3312 nec
2319 3258 2579 3314 inferioris
2595 3271 2732 3317 notae
2754 3265 3123 3335 propaginibus
3141 3269 3471 3338 instructam,

1903 3344 1996 3399 sed
2035 3346 2266 3413 probatis
2302 3357 2354 3402 et
2390 3351 2686 3420 praecipuis.
2722 3352 2882 3408 Multa
2908 3370 3135 3426 namque
3161 3359 3347 3415 vitium
3375 3376 3473 3432 ge-

1905 3451 2029 3490 nera
2058 3446 2201 3491 sunt.
2247 3438 2317 3492 Et
2356 3440 2599 3509 ιτάὶρεαυὶ
2642 3445 2818 3497 turrim
2841 3483 2857 3511 ,
2898 3454 2946 3499 et
2985 3450 3202 3503 torcular
3226 3452 3279 3505 iu
3307 3454 3472 3508 medio

1903 3529 2030 3598 ejus.
2062 3528 2283 3595 Quidam
2313 3531 2498 3585 turrim
2539 3530 2951 3602 interpretantur
2982 3539 3250 3609 templum,
3282 3550 3336 3596 et
3366 3552 3473 3597 tor-

1902 3620 2051 3675 cular
2074 3622 2279 3677 altare:
2309 3624 2432 3692 quia
2464 3624 2567 3678 illic
2597 3626 2801 3681 fructus
2831 3627 3039 3685 virtutis
3063 3634 3317 3702 cujusque
3344 3647 3474 3688 con-

1902 3713 2273 3782 gregabantur,
2299 3729 2503 3769 necnon
2524 3716 2817 3774 oblationes
2839 3729 2893 3774 et
2917 3721 3103 3777 hostiae
3124 3737 3310 3780 omnes
3333 3742 3347 3779 :
3370 3740 3471 3796 ego

1902 3802 2246 3873 utique,quod
2270 3804 2448 3861 dicere
2472 3821 2759 3876 coeperam,
2788 3824 2930 3865 nunc
2956 3810 3115 3866 etiam
3136 3814 3327 3881 dicam,
3351 3816 3469 3870 ani-

1900 3907 2044 3946 mum
2074 3908 2265 3964 nempe
2291 3895 2615 3967 metaphora:
2634 3913 2798 3969 scopo
2822 3900 3177 3957 adhibendum
3203 3918 3341 3959 esse.
3366 3904 3469 3961 Per

1900 3984 2015 4039 lucc
2038 3986 2177 4040 enim
2200 3988 2376 4042 omnia
2399 3989 2500 4044 hoc
2521 3991 2820 4060 significare
2842 3993 2954 4047 vult
2983 4011 2996 4047 :
3023 3992 3152 4060 Qu:e
3177 4010 3293 4052 mea
3316 4006 3469 4051 erant

1897 4078 2112 4148 implevi
2139 4081 2338 4144 omnia,
2369 4095 2581 4136 omnem
2608 4081 2823 4139 exhibui
2846 4084 3193 4154 diligentiam.
3236 4086 3351 4142 Non
3381 4097 3467 4142 at-

1896 4172 2016 4226 trivi
2047 4171 2313 4226 laboribus
2332 4212 2349 4238 ,
2380 4187 2485 4226 non
2514 4171 2648 4243 fregi
2674 4173 2956 4228 sudoribus
2976 4213 2991 4241 ,
3022 4189 3128 4229 non
3164 4176 3308 4245 ipsos
3331 4176 3465 4245 jussi

1894 4262 2159 4316 aedificare
2178 4301 2193 4327 ,
2233 4275 2339 4314 non
2369 4260 2583 4326 fodere,
2626 4276 2729 4315 non
2756 4263 3017 4331 plantare,
3046 4262 3139 4318 sed
3168 4264 3463 4324 absolutum

1895 4352 2022 4420 ipsis
2050 4366 2183 4421 opus
2211 4350 2420 4405 tradidi.
2458 4350 2640 4420 Neque
2664 4350 2767 4405 huc
2789 4350 2923 4406 desii
2948 4352 3323 4422 benignitatem
3365 4372 3465 4410 ex-

1894 4445 2107 4511 hibere,
2136 4444 2229 4499 sed
2253 4444 2551 4513 Exspectavi
2580 4454 2630 4497 ul
2660 4449 2847 4515 faceret
2869 4461 3018 4499 uvam
3035 4488 3049 4512 ,
3081 4456 3135 4502 et
3162 4451 3463 4517 exspectavi

1894 4544 2102 4605 tempus
2142 4545 2493 4605 opportunum
2538 4545 2597 4590 ut
2640 4535 2863 4590 fructum
2908 4536 3102 4602 ferret,
3136 4539 3298 4592 multa
3336 4555 3463 4594 usus

1893 4626 2143 4694 patientia
2175 4638 2188 4677 :
2220 4624 2348 4679 illud
2378 4624 2517 4678 enim
2537 4664 2553 4690 ,
2575 4624 2905 4694 Exspectaui,
2936 4627 2988 4681 id
3016 4627 3293 4696 significat.
3323 4628 3465 4681 Fecit

1890 4727 2056 4769 autem
2096 4718 2289 4785 spinas.
2331 4715 2716 4771 lnfructuosam
2759 4718 2969 4771 illorum
3006 4719 3167 4771 vitam
3208 4720 3457 4785 ostendit,

1890 4822 2156 4877 asperam,
2184 4808 2390 4862 duram.
2417 4808 2528 4873 Qua
2559 4821 2688 4876 ergo
2716 4808 2872 4862 venia
2896 4807 3037 4878 digiti
3062 4809 3256 4865 fuerint
3281 4810 3338 4878 ii,
3369 4813 3459 4882 qui

1890 4907 2009 4966 post
2036 4905 2231 4951 tantam
2262 4897 2504 4966 agricola:
2548 4911 2749 4963 curam,
2787 4899 2919 4954 tales
2960 4901 3160 4955 fructus
3193 4902 3290 4971 ipsi
3334 4903 3457 4957 red-

1888 4989 2058 5043 dunt?
2088 4989 2142 5042 5.
2168 4988 2233 5041 Et
2262 5004 2413 5053 nunc,
2442 4988 2588 5041 homo
2608 4987 2748 5041 Juda
2775 4999 2821 5042 et
2848 4990 3128 5045 habitantes
3150 4992 3455 5059 Jerusalem,

1880 5080 2106 5150 judicate
2132 5079 2264 5131 inter
2288 5094 2366 5131 me
2393 5088 2438 5131 et
2466 5078 2660 5132 vineam
2693 5095 2872 5132 meam.
2902 5080 3086 5149 Magna
3119 5081 3255 5151 juris
3278 5084 3454 5152 copia,

1886 5186 2007 5223 cum
2033 5170 2176 5238 ipsos
2201 5184 2321 5223 reos
2364 5169 2635 5223 constituit
2670 5169 2876 5238 judiees
2910 5171 3049 5227 inter
3082 5187 3145 5227 ea
3174 5189 3292 5244 qua:
3320 5176 3452 5245 ipse,

1885 5269 1941 5315 et
1965 5262 2100 5313 inter
2122 5276 2181 5314 ea
2212 5274 2330 5329 qum
2372 5260 2445 5313 illi
2490 5260 2742 5315 fecerunt.
2786 5259 2855 5314 Et
2893 5278 3042 5315 nunc.
3070 5262 3187 5318 Non
3215 5279 3450 5321 comme-

1886 5371 2036 5409 moro
2064 5364 2263 5420 vetera,
2294 5356 2491 5425 inquit,
2521 5355 2613 5411 scd
2641 5356 2796 5411 hodie
2828 5368 3038 5426 paratus
3062 5372 3177 5413 sum
3198 5358 3451 5428 judicium

1885 5449 2083 5503 subire.
2115 5449 2203 5502 Sic
2239 5463 2519 5517 numquam
2548 5464 2700 5502 cesso
2735 5450 2955 5519 implere
2985 5466 3123 5513 mea,
3162 5466 3254 5505 vos
3280 5461 3450 5504 vestra

1884 5554 1989 5593 non
2030 5539 2277 5607 impletis.
2319 5539 2370 5591 4.
2418 5538 2551 5605 Quid
2580 5540 2766 5609 faciam
2806 5542 3024 5609 amplius
3067 5542 3220 5595 vincte
3248 5541 3451 5594 mete‘?

1958 5658 1972 5687 ¹
2001 5657 2119 5714 Quae
2140 5664 2417 5726 sequuntur
2440 5661 2671 5726 post_hs3e
2697 5661 2860 5726 verba,
2887 5662 3011 5726 Quid
3034 5661 3209 5725 faciam
3239 5662 3450 5726 amplius

1896 5716 2045 5788 unica;
2069 5716 2224 5776 metu?
2239 5732 2393 5788 usque
2427 5716 2503 5769 ad.
2534 5721 2657 5788 Quid
2690 5716 2958 5788 victoriam,
2982 5716 3108 5774 bene
3138 5716 3450 5775 multatione

1896 5778 2235 5830 desiderantur
2271 5778 2324 5829 in
2346 5783 2464 5843 Heg.
2493 5791 2544 5831 et
2568 5785 2714 5834 Savil.
