4044 6404
582 433 657 488 59
1300 412 1354 467 S.
1397 408 1669 465 JOANNIS
1709 402 2175 461 CHRYSOSTUMI
2215 400 2530 455 ARCHIEP.
2570 399 3100 457 CONSTANTINOP.
3763 410 3844 465 (30

575 535 817 601 quoniam
840 533 1112 598 etâ€˜speetavi
1140 541 1191 583 ut
1217 535 1397 599 faceret
1424 545 1588 592 uvam,
1619 528 1735 596 fecit
1759 537 1922 579 autem
1953 524 2143 591 spinus.

582 621 846 676 Orationis
876 632 1138 674 structura
1171 621 1380 672 videtur
1403 633 1520 671 esse
1556 616 1829 669 obscurior
1859 635 1873 670 :
1905 615 2150 682 quocirca

579 727 802 767 necesse
830 720 911 766 est
941 712 1081 765 illam
1107 709 1472 762 dilucidiorem
1502 707 1804 761 reddamus.
1831 707 1980 772 Quod
2002 705 2148 769 dicit,

578 804 681 856 hoc
718 802 815 855 sibi
849 801 957 855 vult
991 819 1002 853 :
1033 800 1167 867 Quid
1211 797 1485 867 oportebat
1530 799 1719 859 facere,
1766 804 1821 850 et
1861 810 1964 848 non
2011 794 2154 848 feci?

576 893 873 956 Nimirum,
907 901 963 945 ut
991 892 1112 944 talia
1156 899 1367 958 peccata
1397 888 1758 942 admitterent.
1802 885 1939 952 Quid
1974 895 2153 939 autem

580 985 813 1054 objicere
845 980 1106 1051 possunt?
1135 996 1202 1034 an
1232 980 1369 1049 quod
1400 977 1714 1049 quibusdam
1759 976 2150 1045 praetermissis,

577 1077 676 1144 ipsi
706 1076 785 1128 sic
813 1072 1173 1141 deliquerint?
1205 1072 1338 1137 Quid
1369 1071 1552 1139 faciant
1584 1069 1716 1121 ultra
1741 1069 1898 1121 vinea:
1925 1084 2078 1133 metu,
2108 1077 2153 1121 et

578 1184 675 1220 non
721 1165 815 1234 feci
845 1164 987 1233 ipsi?
1032 1163 1159 1230 Qure
1198 1162 1327 1228 feci,
1371 1161 1578 1230 inquit,
1629 1159 1742 1214 haec
1769 1169 1892 1214 sunt
1924 1178 1935 1212 :
1971 1174 2153 1214 verum

572 1259 682 1323 jam
714 1256 864 1312 factis
900 1272 1003 1310 nou
1030 1264 1312 1310 contentus
1345 1268 1484 1320 sum,
1528 1267 1699 1322 neque
1737 1253 1855 1307 dico
1879 1268 1965 1307 me
1991 1253 2154 1306 multa

575 1348 831 1404 beneficia
878 1347 1168 1402 contulisse
1213 1364 1226 1400 :
1273 1344 1366 1399 sed
1404 1346 1449 1398 si
1494 1360 1600 1398 non
1643 1345 1818 1399 omnia
1860 1344 1992 1408 feci,
2035 1353 2155 1412 post

576 1455 693 1504 quae
739 1438 867 1491 nihil
905 1438 1203 1491 faciendum
1248 1435 1680 1504 relinquebatur,
1717 1435 1770 1489 id
1808 1449 1938 1504 rogo
1966 1435 2154 1488 dicatis

577 1530 739 1594 mihi,
780 1545 877 1583 vos
920 1530 1010 1597 qui
1050 1528 1163 1581 hinc
1205 1527 1552 1596 consequuti,
1594 1537 1644 1582 et
1687 1535 1958 1595 gestorum
1990 1533 2154 1580 testes

576 1623 725 1687 estis,
769 1638 834 1676 ex
876 1620 1201 1690 experientia
1243 1622 1356 1673 lucc
1393 1618 1675 1685 didicistis,
1716 1633 1823 1672 non
1862 1617 2063 1672 alienos
2103 1625 2157 1671 et

577 1714 889 1783 peregrinos
912 1714 1198 1781 interrogo.
1229 1713 1280 1765 5.
1311 1711 1459 1765 Nunc
1482 1720 1647 1763 autent
1665 1708 1974 1763 annuntiabo
1998 1708 2153 1772 vobis,

577 1804 699 1872 quid
739 1805 922 1873 faciam
967 1805 1120 1856 viuere
1160 1818 1300 1856 meaz.
1349 1801 1482 1869 Quia
1525 1801 1803 1855 victoriam
1846 1799 2154 1869 reportavit,

580 1895 951 1962 ingratumque
974 1894 1183 1947 illorum
1211 1893 1446 1946 animum
1472 1891 1874 1957 demonstravit,
1911 1898 2036 1944 tunc
2062 1889 2156 1944 de-

579 2000 725 2038 mum
752 1984 952 2052 profert
989 1984 1327 2046 sententiam,
1370 1989 1424 2036 et
1462 1997 1581 2051 qua:
1620 1983 1855 2036 facturus
1896 1981 1966 2034 sit
2005 1980 2153 2047 dicit,

583 2091 691 2129 non
716 2085 771 2128 ut
798 2075 1138 2141 condemnet,
1167 2074 1261 2130 sed
1285 2084 1341 2129 ut
1361 2090 1429 2129 ex
1463 2083 1609 2129 metu
1633 2089 1726 2144 per
1746 2074 1918 2129 minas
1944 2074 2160 2130 incusso

583 2164 970 2219 moderatiores
1011 2165 1217 2219 reddat.
1259 2164 1500 2234 Auferam
1542 2182 1708 2235 sepem
1739 2166 1867 2235 ejus,
1909 2175 1955 2219 et
1992 2166 2084 2219 erit
2106 2167 2161 2220 in

582 2254 911 2322 direptionem
943 2272 960 2308 :
988 2266 1032 2308 et
1069 2255 1319 2308 destruant
1349 2272 1550 2309 murum
1579 2257 1715 2326 ejus,
1746 2267 1796 2310 et
1823 2258 1917 2310 erit
1958 2258 2010 2310 iu
2035 2273 2159 2310 con-

581 2347 932 2400 culcatiouent.

658 2437 710 2490 3.
755 2434 1026 2500 Auferam,
1061 2437 1248 2504 inquit,
1280 2437 1531 2491 auxilium
1556 2453 1756 2503 meum,
1784 2438 2032 2507 praesidio
2057 2453 2159 2492 nu-

583 2527 742 2591 dabo,
771 2527 857 2579 tali
894 2526 1219 2595 providentia
1249 2541 1441 2582 vacuos
1463 2527 1701 2594 reddam,
1734 2537 1788 2583 et
1816 2527 2160 2584 adversorum

577 2636 648 2674 cx
659 2619 913 2690 perientia
935 2619 1124 2685 scient,
1149 2622 1358 2689 quantis
1378 2628 1501 2675 ante
1520 2620 1674 2675 bonis
1696 2621 2015 2686 fruerentur,
2040 2636 2165 2679 cum

581 2711 780 2765 fuerint
817 2710 1061 2765 omnibus
1081 2710 1147 2764 ad
1167 2711 1516 2780 direptionem
1541 2713 1787 2783 expositi.
1815 2713 1868 2769 6.
1893 2713 1958 2768 Et
1990 2716 2162 2768 dimit-

583 2812 686 2854 tant
727 2802 920 2854 vineam
958 2817 1152 2867 meum,
1185 2810 1230 2855 et
1271 2818 1371 2856 non
1411 2804 1698 2870 putabitur,
1738 2822 1893 2877 neque
1919 2807 2158 2872 fodiatur.

583 2892 788 2946 Rursus
829 2893 985 2958 dico,
1025 2907 1147 2946 eum
1183 2893 1492 2962 metaphora
1523 2896 1616 2949 uti.
1665 2895 1720 2950 Si
1759 2898 1877 2967 quis
1904 2908 2077 2954 tamen
2109 2901 2161 2956 id

583 2983 880 3036 accuratius
912 2983 1188 3050 explorare
1234 2983 1490 3050 voluerit,
1540 2986 1608 3040 de
1640 2986 1896 3042 doctrina:
1925 2999 1979 3043 et
2008 3005 2162 3044 man-

583 3072 827 3126 datorum
859 3072 1215 3128 sollicitudine
1245 3075 1492 3143 loquitur.
1525 3075 1640 3129 Non
1668 3079 1809 3131 enim
1841 3079 2028 3133 iisdem
2057 3080 2163 3134 fru-

585 3175 741 3218 entur
789 3164 978 3233 quibus
1023 3173 1201 3230 antea,
1255 3181 1358 3219 non
1406 3166 1655 3223 doctores
1702 3168 2002 3236 habebunt,
2056 3187 2162 3226 non

584 3250 874 3325 principes,
907 3269 1014 3309 non
1045 3255 1331 3325 prophetas
1357 3257 1492 3312 sicut
1521 3259 1670 3327 olim,
1701 3261 1792 3329 qui
1823 3262 1966 3330 ipsos
1993 3263 2162 3316 corri-

585 3356 746 3415 gaut,
799 3347 885 3416 qui
932 3348 1166 3417 ipsorum
1210 3363 1392 3402 curam
1438 3360 1642 3418 gerant.
1697 3351 1847 3407 Sicut
1886 3353 2026 3407 enim
2074 3355 2161 3423 qui

583 3439 768 3493 vincas
797 3440 996 3505 colunt,
1032 3440 1258 3508 fodiunt,
1291 3452 1496 3510 putant,
1526 3444 1602 3497 sic
1630 3445 1718 3513 qui
1745 3446 1947 3501 animas
1973 3462 2158 3501 emen-

585 3528 733 3591 dant,
757 3529 1166 3596 comminantur,
1190 3541 1478 3593 exterrent,
1498 3533 1711 3598 docent,
1734 3536 2155 3604 reprehendunt:

583 3636 768 3676 verum
800 3622 864 3675 iis
892 3620 1129 3676 destituti
1156 3633 1345 3691 erunt,
1385 3625 1586 3694 inquit,
1617 3628 1669 3681 iu
1693 3628 1918 3682 alienam
1948 3631 2163 3686 abducti

587 3723 803 3766 terram.
851 3713 914 3766 Et
945 3716 1175 3768 ascendet
1205 3733 1294 3785 per
1329 3734 1437 3770 eam
1457 3760 1469 3782 ,
1497 3721 1642 3787 quasi
1672 3737 1761 3790 per
1800 3723 2040 3777 incultam
2068 3735 2165 3777 ter-

584 3819 726 3868 ram,
759 3806 904 3871 spina
934 3820 952 3858 :
981 3816 1028 3860 et
1065 3807 1277 3860 nubibus
1316 3811 1597 3877 mandabo,
1643 3828 1705 3865 ne
1741 3814 1920 3884 pluunt
1962 3817 2015 3868 in
2052 3831 2164 3869 eam

585 3894 811 3948 imbrem.
842 3898 947 3950 Aut
975 3896 1357 3953 desolationem
1387 3901 1530 3954 urbis
1562 3914 1852 3970 memorat,
1885 3915 1973 3960 aut
2003 3907 2164 3961 deso-

587 3986 840 4041 lationem
891 4002 1072 4043 eorum
1121 3999 1174 4044 et
1219 3991 1630 4062 uniuscujusque
1692 3996 1883 4051 animae
1931 4015 2157 4066 eorum;

587 4080 758 4134 nubes
784 4090 958 4135 autem
983 4082 1069 4136 hic
1093 4083 1307 4152 quidam
1329 4083 1513 4138 dicunt
1539 4102 1656 4140 esse
1684 4090 1989 4158 prophetas,
2011 4093 2165 4162 quip-

587 4185 655 4240 pe
684 4171 772 4239 qui
803 4170 1034 4239 pluviam
1063 4171 1294 4240 desuper
1335 4175 1668 4244 aceiperent,
1702 4187 1756 4232 et
1785 4180 1884 4234 sibi
1930 4181 2064 4235 dicta
2097 4183 2163 4237 ad

590 4263 847 4332 populum
875 4265 1319 4319 transmitterem.
1351 4265 1546 4322 Verum
1591 4284 1658 4323 ne
1700 4271 1750 4323 hi
1793 4273 2006 4340 quidem
2046 4289 2164 4343 quae

588 4364 978 4409 consueverant
1020 4354 1231 4410 facient.
1279 4358 1498 4414 Etiamsi
1541 4363 1681 4415 enim
1728 4379 1863 4418 unus
1906 4365 1989 4419 vel
2033 4367 2166 4420 alter

591 4444 852 4515 propheta
877 4460 998 4500 cum
1024 4447 1149 4515 ipsis
1165 4451 1556 4518 commigrarat,
1582 4453 1957 4522 prophetarum
1987 4465 2162 4511 tamen

593 4538 743 4592 turba
775 4546 901 4592 tunc
929 4538 1136 4594 silebat.
1167 4541 1217 4593 7.
1253 4538 1408 4594 Vinea
1433 4544 1562 4596 enim
1590 4543 1796 4598 Domini
1824 4547 2047 4600 Sabaoth
2073 4550 2166 4602 do-

589 4645 701 4682 mus
727 4626 894 4681 Israel
918 4637 1009 4692 est,
1041 4638 1088 4682 et
1116 4630 1264 4683 homo
1292 4631 1430 4684 Juda
1455 4633 1651 4687 novella
1678 4635 1925 4703 plantatio
1955 4639 2162 4692 dilecta.

600 4719 890 4788 Exspectavi
911 4759 926 4783 ,
958 4728 1011 4771 ut
1039 4719 1222 4788 faceret
1254 4723 1506 4790 judicium
1525 4765 1537 4787 ,
1584 4727 1699 4794 fecit
1740 4737 1906 4779 autem
1933 4729 2167 4797 iniquita-

591 4820 710 4871 tem,
738 4823 784 4865 et
817 4830 918 4867 non
933 4815 1216 4884 justitiam,
1260 4817 1347 4870 sed
1389 4818 1678 4871 clamorem.
1711 4820 1968 4886 Quoniam
2003 4825 2167 4878 multa

593 4903 866 4958 nominum
894 4906 1200 4974 metaphora
1234 4925 1357 4964 usus
1384 4919 1484 4975 est,
1518 4913 1724 4965 vineam
1745 4955 1758 4976 ,
1804 4916 2021 4979 turrim,
2056 4925 2168 4971 tor-

590 4992 760 5056 cular,
803 5009 980 5062 sepem
1001 5038 1014 5060 ,
1047 4995 1328 5052 fossionem
1347 5041 1364 5064 ,
1395 5009 1447 5054 et
1479 5004 1801 5069 putationem
1831 5007 1999 5060 viuere
2025 5022 2170 5061 com-

591 5099 928 5147 memorans;
962 5101 1028 5140 ne
1070 5089 1185 5155 quis
1229 5090 1585 5159 insipientium
1625 5093 1694 5148 de
1722 5095 1871 5148 vinea
1923 5098 2036 5152 hrec
2065 5100 2167 5153 dici

593 5183 832 5241 putaret,
866 5177 965 5230 sub
995 5177 1149 5232 finem
1183 5191 1399 5248 repente
1443 5193 1604 5235 totum
1649 5185 2023 5254 interpretatus
2064 5199 2164 5243 est.

601 5263 757 5317 Vmea
794 5268 925 5319 enim
970 5267 1174 5322 Domini
1217 5272 1441 5325 Sabaoth
1485 5275 1660 5327 domus
1706 5277 1871 5332 Israel
1914 5291 2003 5332 est.
2053 5281 2166 5336 Non

592 5361 732 5410 enim
759 5361 826 5413 de
855 5361 1047 5428 plantis
1073 5364 1200 5416 mihi
1245 5381 1420 5418 sermo
1447 5377 1546 5431 est,
1584 5385 1751 5437 neque
1778 5372 1844 5425 de
1875 5384 2056 5425 natura
2091 5375 2160 5427 iu-

591 5449 822 5504 aoimata
852 5451 948 5522 (a),
977 5469 1146 5522 neque
1171 5455 1237 5508 de
1270 5456 1526 5526 lapidibus
1552 5471 1600 5512 et
1633 5461 1795 5513 inuris
1821 5479 1832 5526 ;
1867 5464 1956 5515 sed
1985 5464 2048 5518 de
2077 5480 2170 5533 po-

600 5766 614 5780 .
659 5707 733 5780 (et)
768 5708 823 5780 In
843 5715 1022 5780 Grteco,
1046 5723 1123 5770 ml
1144 5724 1253 5772 ÏˆÏ…Ï‡á¿†Ï‚
1269 5723 1445 5780 ltiti/2310's,;
1472 5713 1539 5760 Ad
1566 5712 1751 5762 literam
1795 5726 1885 5775 est,
1930 5720 1989 5767 de
2011 5720 2171 5770 anima

595 5770 872 5845 inquiin/tta,
898 5770 1091 5845 qualem
1116 5770 1224 5821 esse
1248 5770 1362 5820 dieit
1398 5774 1757 5837 Chrysostomus
1785 5770 1989 5829 animant
2017 5798 2168 5845 vege-

597 5829 777 5878 tantem
802 5833 848 5878 in
876 5829 1070 5894 plantis.

2263 519 2386 589 pulo
2417 529 2615 575 nostro.
2670 521 2789 576 Ideo
2829 522 3132 591 subjunxit,
3175 520 3242 574 Et
3281 522 3427 574 homo
3460 520 3605 574 Juda
3643 517 3846 572 novella

2263 613 2508 680 plantatio
2551 614 2778 668 dilecta:
2821 615 2941 683 quia
2979 615 3182 668 scilicet
3227 614 3360 669 Juda
3407 611 3527 682 plus
3573 609 3860 664 obtineret

2261 720 2416 774 quam
2463 717 2668 760 caetera:
2715 707 2885 761 tribus
2924 725 2938 760 :
2983 716 3203 776 eratque
3247 707 3355 760 illic
3401 721 3432 759 e
3462 704 3638 758 vicino
3676 704 3847 758 situm

2261 794 2514 863 templum
2534 836 2548 860 ,
2579 806 2632 850 et
2659 797 2895 866 reliquus
2931 798 3104 851 cultus
3141 816 3152 850 :
3179 805 3338 865 atque
3368 795 3455 849 illa
3486 794 3653 864 magis
3677 808 3849 862 quam

2260 893 2468 938 cauerat
2489 900 2672 940 omnes
2693 886 2930 951 florebat,
2955 885 3021 939 ad
3042 885 3346 955 regiamque
3366 884 3532 954 magis
3553 883 3848 943 accedens,

2261 976 2528 1041 potentior
2551 987 2682 1030 erat.
2707 978 2962 1031 Dilectum
2987 985 3161 1031 autem
3183 976 3333 1041 dixit,
3363 989 3544 1029 rursus
3575 975 3695 1028 illos
3721 988 3849 1041 per-

2260 1064 2548 1132 stringens.
2578 1067 2714 1134 quod
2748 1068 2880 1121 tales
2903 1082 3025 1135 erga
3052 1083 3109 1121 se
3134 1067 3285 1121 valde
3314 1074 3577 1119 amantem
3603 1079 3723 1117 sese
3748 1079 3851 1116 ex-

2261 1151 2574 1210 hibuissent.
2606 1157 2680 1211 Ea
2707 1161 2899 1229 quippe
2922 1161 3006 1214 lex
3034 1168 3116 1213 est
3143 1159 3489 1228 diligentium,
3513 1172 3581 1211 ne
3608 1157 3659 1210 iu
3689 1155 3850 1210 obla-

2262 1247 2331 1301 tis
2360 1249 2572 1316 quidem
2612 1251 3066 1305 criminationibus
3112 1267 3358 1321 magnum
3401 1265 3553 1303 suum
3598 1264 3849 1303 amorem

2261 1338 2547 1393 occultare.
2579 1340 2710 1394 Hinc
2738 1341 2875 1395 aliud
2905 1342 3172 1411 quidpiam
3203 1357 3306 1396 non
3337 1339 3697 1410 spernendum
3726 1340 3850 1395 edi-

2261 1429 2480 1483 scimus.
2506 1428 2671 1496 Quale
2695 1430 2865 1484 illud?
2889 1432 3090 1500 Nempe
3109 1433 3319 1501 quando
3338 1444 3391 1486 et
3411 1447 3529 1501 quae
3551 1431 3851 1500 Scriptura:

2263 1521 2380 1575 loca
2430 1521 2714 1591 allegorice
2762 1523 3097 1592 interpretari
3144 1533 3424 1594 oporteat:
3456 1539 3631 1592 neque
3676 1538 3851 1592 penes

2263 1621 2496 1667 nostram
2527 1628 2645 1668 esse
2688 1614 2990 1669 facultatem
3019 1615 3113 1668 has
3143 1614 3284 1683 leges
3323 1630 3420 1683 pro
3462 1615 3630 1669 lubito
3667 1614 3850 1682 expli-

2263 1716 2421 1768 care,
2458 1703 2552 1758 sed
2583 1705 2748 1773 ipsam
2789 1705 3071 1773 Scriptum
3113 1713 3344 1757 mentem
3388 1704 3536 1770 sequi
3567 1715 3847 1772 oportere,

2264 1791 2444 1860 sicque
2469 1793 2720 1863 allegoria
2750 1796 2843 1848 uti.
2885 1792 3037 1860 Quod
3064 1802 3241 1847 autem
3266 1791 3407 1855 dico,
3437 1793 3513 1845 sic
3541 1792 3850 1859 intelligen-

2263 1883 2409 1938 dum.
2438 1883 2710 1955 Scriptura
2737 1901 2876 1941 nunc
2898 1888 3104 1941 vineam
3135 1885 3288 1951 dixit,
3331 1899 3534 1954 sepem,
3571 1884 3807 1937 torcular
3834 1901 3847 1936 :

2265 1989 2366 2029 nec
2393 1989 2554 2045 penes
2582 1975 2876 2031 auditorem
2907 1977 3150 2045 reliquit.
3179 1985 3237 2030 ut
3265 1990 3360 2044 pro
3389 1974 3552 2029 lubito
3582 1974 3696 2028 haec
3721 1975 3849 2043 qui-

2265 2062 2488 2120 busdam
2512 2065 2673 2120 rebus
2702 2074 2793 2119 aut
2819 2067 3059 2136 personis
3083 2075 3324 2135 aptaret;
3367 2065 3459 2120 sed
3490 2065 3540 2118 iu
3569 2065 3848 2132 sequenti-

2266 2153 2367 2209 bus
2391 2169 2510 2210 sese
2540 2157 2882 2225 interpretata
2910 2167 2992 2211 est
3029 2158 3211 2212 dicens
3237 2173 3252 2212 Îµ
3284 2156 3440 2210 Vinea
3467 2157 3600 2209 enim
3634 2155 3852 2208 Domini

2267 2247 2496 2301 Sabaoth
2539 2248 2717 2302 domus
2761 2247 2928 2302 Israel
2973 2261 3044 2303 est
3089 2249 3310 2318 (Ezeclt.
3338 2249 3422 2302 l7.
3457 2249 3550 2317 5).
3593 2247 3850 2302 Ezechiel

2265 2353 2396 2392 vero
2441 2353 2690 2405 rursum,
2739 2355 2858 2393 cura
2901 2340 3130 2410 aquilam
3176 2354 3420 2410 magnam
3451 2347 3506 2393 et
3529 2353 3850 2408 magnarum

2265 2430 2472 2486 alarum
2494 2431 2876 2501 ingredientem
2905 2433 2956 2486 in
2984 2431 3264 2498 Libanum,
3287 2442 3340 2486 et
3359 2432 3675 2485 avellentem
3700 2445 3853 2483 sum.

2269 2535 2414 2573 mum
2442 2522 2694 2575 verticem
2719 2521 2866 2575 cedri
2901 2531 3312 2586 commemorat,
3347 2537 3448 2574 non
3478 2520 3730 2589 relinquit
3758 2534 3852 2587 pe-

2268 2621 2366 2664 nes
2392 2608 2672 2663 arbitrium
2709 2610 3010 2664 auditorum
3040 2610 3191 2680 hujus
3229 2611 3494 2680 allegoria:
3525 2611 3852 2679 interpreta-

2271 2700 2508 2763 tionem;
2540 2699 2633 2754 sed
2661 2699 2892 2769 explicat
2920 2700 3026 2768 ille,
3057 2716 3212 2770 quam
3239 2701 3467 2770 aquilam
3491 2698 3660 2764 dicat,
3689 2715 3853 2768 quam

2267 2786 2510 2842 cedrum.
2553 2788 2620 2842 Et
2668 2789 2753 2843 hic
2780 2804 2988 2843 rursum
3020 2789 3070 2843 in
3101 2790 3475 2859 sequentibus,
3509 2789 3595 2842 ubi
3627 2788 3852 2842 fluvium

2269 2878 2552 2947 quemdam
2584 2878 2873 2933 violentum
2919 2880 3118 2934 inducit
3161 2881 3214 2933 in
3259 2879 3516 2945 Judazam,
3563 2894 3631 2933 ne
3662 2880 3852 2933 liceret

2267 2970 2492 3023 auditori
2518 2969 2683 3022 cuivis
2707 2984 2950 3038 persona:
2979 2985 3074 3038 pro
3098 2970 3319 3024 arbitrio
3344 2969 3458 3023 haec
3483 2978 3693 3037 aptare,
3714 2968 3852 3022 dixit

2267 3074 2447 3127 regem
2479 3074 2598 3113 esse
2624 3075 2745 3113 eum
2769 3100 2783 3124 ,
2814 3077 2970 3129 quem
2998 3061 3211 3113 fluvium
3241 3062 3563 3115 nominasset
3593 3061 3760 3133 (lsai.
3793 3062 3851 3116 8.

2269 3149 2301 3201 á¼¸
2329 3150 2368 3217 ).
2395 3147 2518 3202 Haec
2543 3164 2672 3202 vero
2697 3151 2779 3203 lex
2808 3151 3003 3217 ubique
3031 3151 3264 3204 locorum
3291 3153 3343 3204 in
3368 3151 3642 3219 Scriptura
3668 3167 3854 3206 serva-

2271 3247 2378 3303 tur,
2410 3250 2470 3292 ut
2496 3254 2615 3293 cum
2643 3241 2923 3310 allegorice
2951 3241 3202 3310 loquitur,
3231 3243 3498 3310 allegoria:
3529 3243 3857 3312 interpreta-

2273 3329 2472 3383 tionem
2513 3328 2738 3392 aderat,
2779 3340 2836 3384 ut
2878 3348 2945 3385 ne
2991 3347 3172 3386 eorum
3213 3334 3302 3402 qui
3341 3334 3620 3402 allegorias
3673 3345 3858 3388 amant

2271 3419 2494 3487 cupidus
2524 3421 2732 3475 animus
2765 3431 2961 3477 temere
2990 3435 3043 3477 et
3082 3424 3300 3478 fortuito
3339 3433 3482 3478 erret
3511 3433 3564 3478 et
3590 3441 3858 3494 quocum-

2272 3525 2375 3578 que
2401 3510 2620 3566 feratur.
2657 3512 2724 3566 Et
2752 3514 2876 3583 quid
2904 3516 3131 3580 miraris,
3164 3517 3207 3569 si
3241 3517 3289 3569 id
3323 3516 3593 3585 propheta:
3621 3517 3859 3572 faciant?

2273 3601 2684 3657 Proverbiorum
2729 3615 2874 3660 certe
2919 3616 3102 3661 auctor
3149 3609 3196 3660 id
3240 3609 3506 3662 observat.
3540 3609 3670 3663 Cum
3713 3612 3859 3664 enim

2271 3694 2496 3748 dixisset
2525 3711 2538 3747 :
2568 3694 2752 3751 Corvus
2779 3699 3038 3763 amicitiis,
3074 3710 3117 3752 et
3148 3701 3319 3769 pullus
3346 3702 3625 3770 gratiarum
3654 3712 3861 3753 tuarum

2270 3798 2588 3841 conversetur
2613 3798 2776 3842 tecum
2805 3801 2890 3844 :et
2937 3792 3047 3859 fons
3073 3809 3220 3860 aqua:
3260 3804 3359 3846 tua:
3399 3793 3486 3844 tibi
3530 3792 3626 3845 soli
3669 3794 3736 3845 sit
3775 3795 3862 3861 (a)

2269 3880 2454 3950 (Prov.
2469 3880 2652 3949 5.19):
2674 3881 3046 3951 interpretatus
3066 3892 3169 3950 est,
3185 3899 3281 3938 cur
3298 3884 3410 3936 haec
3424 3884 3647 3945 diceret,
3664 3899 3862 3951 nempe

2273 3978 2342 4031 de
2372 3990 2538 4031 uxore
2578 3975 2809 4044 legitima
2848 3985 2900 4030 et
2926 3976 3111 4040 libera,
3146 3989 3203 4030 ut
3231 3985 3493 4031 averteret
3521 3990 3551 4028 a
3575 3976 3863 4030 meretrice

2272 4079 2325 4122 et
2351 4069 2542 4123 aliena.
2589 4067 2708 4122 Pari
2739 4067 2895 4120 modo
2933 4067 3019 4120 hic
3057 4068 3342 4136 explicavit
3389 4067 3488 4120 hoc
3530 4067 3668 4128 loco,
3696 4082 3861 4136 quam

2272 4159 2474 4215 diceret
2519 4177 2639 4216 esse
2679 4162 2907 4214 vineam.
2967 4159 3168 4212 Deinde
3210 4174 3330 4212 cum
3388 4174 3574 4212 eorum
3629 4157 3863 4212 crimina

2273 4251 2620 4318 enuntiasset,
2666 4251 3032 4320 suppliciaque
3056 4250 3295 4313 dixisset,
3336 4263 3518 4302 rursus
3544 4249 3595 4301 iu
3628 4249 3734 4304 ï¬ne
3760 4250 3863 4304 de-

2273 4342 2568 4396 fensionem
2601 4352 2753 4413 parat
2793 4342 2974 4396 dicens
3005 4359 3018 4394 :
3051 4340 3348 4411 Exspectavi
3371 4382 3385 4405 ,
3414 4350 3468 4391 ut
3497 4341 3684 4407 faceret
3707 4343 3861 4412 judi-

2273 4433 2406 4483 cium
2432 4473 2446 4494 ,
2493 4433 2610 4501 fecit
2653 4441 2820 4486 autem
2860 4433 3173 4502 iniquitatem
3197 4471 3210 4493 ,
3246 4441 3293 4484 et
3321 4447 3419 4483 non
3440 4431 3695 4500 justitiam
3715 4473 3731 4496 ,
3771 4434 3865 4486 sed

2273 4523 2564 4576 clamorem.
2594 4523 2743 4577 Juste
2771 4564 2787 4588 ,
2821 4523 3028 4590 inquit,
3057 4537 3266 4590 pinnam
3313 4522 3487 4591 exigo.
3537 4521 3862 4591 Exspeclavi

2273 4614 2436 4678 enim,
2471 4613 2538 4668 Ut
2564 4614 2745 4682 faceret
2762 4613 3037 4683 judicium,
3069 4613 3119 4665 id
3149 4621 3248 4677 est,
3275 4612 3531 4680 justitiam
3558 4628 3572 4676 ;
3609 4613 3710 4680 ipsi
3733 4629 3866 4666 vero

2273 4705 2540 4756 contraria
2590 4705 2983 4766 exhibuerunt,
3032 4703 3400 4771 iniquitatem,
3447 4700 3760 4769 iujustitiam
3808 4716 3865 4758 et

2275 4794 2582 4847 clamorem.
2631 4794 2929 4847 Clamorem
2975 4793 3060 4846 hic
3097 4802 3250 4847 vocat
3286 4793 3597 4864 acquirendi
3654 4797 3864 4865 cupidi-

2278 4891 2464 4948 tatem,
2509 4882 2759 4950 injustum
2801 4882 3054 4944 furorem,
3098 4884 3513 4938 irrationabilem
3561 4886 3712 4952 iram,
3756 4903 3862 4958 pu-

2275 4990 2426 5043 gnas,
2457 4976 2842 5028 contentiones.
2888 4976 2939 5029 8.
2980 4975 3064 5029 Va:
3097 4977 3181 5042 qui
3219 4979 3532 5047 conjunguut
3562 4979 3768 5032 domum
3789 4983 3866 5034 ad

2276 5069 2515 5130 domum,
2543 5085 2721 5138 agrum
2746 5069 2813 5121 ad
2853 5085 3030 5137 agrum
3060 5078 3310 5138 optantes,
3354 5082 3405 5122 ut
3444 5088 3473 5122 a
3509 5072 3740 5140 proximo
3766 5090 3845 5125 au-

2277 5162 2442 5228 ferant
2473 5159 2681 5227 aliquid.
2715 5159 2847 5212 Cum
2871 5159 3093 5212 dixisset
3121 5160 3291 5227 ipsum
3319 5161 3607 5214 clamorem
3643 5162 3855 5225 fecisse,

2278 5249 2328 5302 id
2366 5258 2448 5303 est
2490 5249 2798 5318 acquirendi
2842 5248 3217 5317 cupiditatem,
3262 5259 3314 5303 et
3355 5251 3601 5317 rapinas,
3645 5252 3861 5319 subjicit

2280 5341 2568 5410 iniquitatis
2596 5342 2826 5408 speciem
2859 5341 3019 5393 multa
3049 5340 3254 5408 plenam
3283 5341 3513 5409 nequitia
3539 5359 3552 5406 ;
3587 5357 3649 5395 ac
3676 5358 3860 5396 rursos

2276 5448 2303 5483 a
2340 5432 2583 5484 lamentis
2624 5433 2826 5484 initium
2867 5431 3029 5494 ducit,
3069 5431 3479 5499 magnitudinem
3516 5442 3855 5500 peccatorum

2277 5522 2559 5574 ostendens
2590 5555 2608 5584 ,
2648 5536 2843 5590 eosque
2889 5521 3157 5575 insinuans
3199 5521 3285 5591 qui
3333 5521 3608 5575 incurabili
3668 5524 3856 5576 morbo

2279 5612 2604 5666 laborabant.

2342 5724 2412 5783 (Î¹Î¹)
2448 5730 2556 5771 tunc
2578 5737 2670 5771 non
2714 5727 2777 5771 ita
2817 5723 3048 5782 leguntur
3092 5727 3137 5772 in
3171 5724 3292 5773 libro
3316 5726 3677 5773 Proverbiorum
3703 5727 3748 5774 5.
3781 5727 3854 5776 l9.

2278 5786 2348 5832 sic
2372 5794 2532 5832 autem
2554 5799 2682 5846 smpe
2699 5785 2827 5848 solet
2841 5786 3203 5847 tlhrysostomus
3219 5785 3320 5834 loca
3338 5789 3589 5848 Scriptura)
3606 5787 3699 5832 alio
3713 5802 3851 5848 quam

2277 5849 2464 5906 jact-arit
2490 5848 2628 5896 iuolo
2651 5847 2849 5908 all'erre,
2868 5851 2979 5910 quia
3003 5860 3180 5910 nempe
3203 5850 3484 5899 memoriter
3507 5847 3760 5898 afferebat.
