4044 6404
370 364 441 421 61
1134 349 1192 406 S.
1232 347 1513 404 JOANNIS
1540 346 2022 405 CHRYSOSTOMI
2049 347 2366 407 ARCIIIEP.
2401 345 2944 409 CONSTANTINOP.
3717 340 3793 396 62

436 468 502 522 δ’.
527 467 709 523 ταῦτα
733 468 788 522 δὲ
814 466 907 521 καὶ
944 466 1039 520 νῦν
1076 464 1396 534 τολμώμενα
1421 464 1517 517 ίδοι
1539 480 1624 527 τις
1668 463 1735 516 ἂν
1751 464 1900 535 παρά
1918 463 2025 516 τῶν

365 562 552 625 κακῶς
575 561 653 632 τῷ
689 556 902 628 πλούτῳ
934 556 1308 627 κεχρημένων,
1341 556 1391 608 οἳ
1416 554 1516 618 τὰς
1551 556 1875 623 γειτνιάσεις
1900 558 2025 608 ἐπιο

366 648 609 709 νοοῦσιν,
644 645 745 698 οὐκ
789 645 870 706 είς
923 641 1217 711 ἀσφάλειαν
1242 678 1257 702 ,
1296 640 1413 692 ἀλλ’
1446 641 1526 702 είς
1580 639 1872 709 ἐπιϐουλὴν
1917 642 2026 693 τῶν

369 735 616 806 πλησίον,
649 731 897 802 καθάπερ
926 729 1037 801 πῦρ
1067 728 1171 799 ὁδῷ
1200 728 1433 799 βαδίζον,
1462 727 1604 781 οὕτω
1636 728 1761 791 τοὺς
1801 732 1865 782 ἐκ
1911 747 2026 797 γει·

365 821 537 874 τόνων
571 820 776 881 πάντας
820 815 1219 887 ἐπινεμόμενοι.
1265 814 1359 882 Μὴ
1410 812 1686 879 οἰκήσετε
1724 815 1896 883 μόνοι
1929 816 2027 869 ἐπὶ

367 905 480 974 τῆς
502 903 645 974 τῆς;
672 903 962 969 Ἠκούσθη
994 901 1107 971 τὰρ
1134 899 1250 954 νῦν
1281 902 1367 965 εἰς
1394 900 1470 955 τὰ
1504 895 1625 953 ὦτα
1664 900 1887 967 Κυρίου
1921 903 2033 953 Σα-

369 991 524 1046 ϐαὼθ
567 990 771 1044 ταῦτα.
822 988 1100 1042 Δείκνυσιν
1126 988 1356 1058 ἀνόνητα
1412 988 1720 1059 κάμνοντας
1760 986 1853 1040 καὶ
1903 987 2031 1058 είκῆ

369 1076 464 1130 καὶ⁵
505 1077 701 1146 μάτην.
749 1075 963 1145 Ἐπειδὴ
1027 1074 1135 1147 γὰρ
1181 1074 1280 1143 οὐχ
1309 1071 1483 1138 οὕτως
1542 1075 1599 1127 αί
1645 1072 1893 1138 κολάσεις
1938 1075 2034 1127 καὶ

369 1166 425 1217 αἱ
475 1163 735 1234 τιμωρίαι
765 1163 893 1225 τοὺς
930 1160 1199 1225 τοιούτους
1235 1161 1459 1229 ἀγαγεῖν
1517 1158 1798 1225 εἰώθασιν,
1852 1160 1929 1222 ὠς
1972 1161 2034 1213 τὸ

373 1250 564 1319 μαθεῖν
599 1248 875 1319 ἀκριϐῶς,
925 1249 1007 1301 δτι
1047 1247 1148 1301 οὐκ
1193 1246 1587 1301 ἀπολαύσονται
1620 1248 1717 1317 τῆς
1758 1247 2030 1317 ἁρπαγῆς,

369 1336 574 1406 ταύτην
603 1337 786 1397 αὐτοῖς
823 1333 1015 1403 ἐπάγει
1046 1333 1145 1404 τήν
1176 1333 1421 1404 ἀπειλὴν,
1454 1332 1646 1402 λέγων,
1681 1334 1762 1386 ὅτι
1790 1333 2033 1404 καμοῦν-

369 1439 461 1476 ται
493 1422 591 1493 μὲν
617 1421 709 1475 καὶ
731 1420 1228 1490 ταλαιπωρήσουσι,
1255 1419 1349 1472 καὶ
1376 1418 1475 1490 τὴν
1505 1420 1777 1488 ἁμαρτίαν
1813 1416 2037 1488 καρπώ-

374 1526 575 1574 σονται,
615 1509 717 1578 τῆς
757 1507 813 1560 δὲ
842 1506 1189 1569 ἀπολαύσεως
1221 1506 1576 1560 ἐκπεσοῦνται
1619 1504 1757 1576 [56].
1791 1506 1905 1558 υύκ
1938 1506 2035 1575 ἐφ-

372 1595 633 1665 ησυχάζει
662 1593 791 1665 γάρ.
820 1595 974 1665 φησὶ,
997 1596 1110 1655 τοῖς
1139 1593 1444 1663 γινομένοις
1471 1595 1498 1645 ὁ
1520 1593 1814 1662 ἀκοίμητος
1836 1592 2036 1659 ὀφθαλ-

377 1680 493 1751 μός.
526 1682 599 1733 Τὸ
627 1680 708 1744 δὲ,
738 1678 1007 1750 Ἠκούσθη
1032 1678 1148 1744 νῦν,
1173 1679 1273 1748 οὐχ
1302 1678 1378 1741 ὠς
1414 1677 1534 1730 τότε
1554 1677 1663 1730 τῶν
1697 1678 2037 1747 πραγμάτων

372 1768 665 1839 γνωρίμων
706 1770 1008 1837 γενομένων
1050 1764 1198 1835 αύτῷ
1246 1763 1421 1817 ταῦτά
1460 1780 1644 1833 φησιν,
1687 1762 1800 1815 ἀλλ’
1836 1762 1912 1825 ὡς
1938 1762 2038 1831 τῆς

372 1852 528 1923 δίκης
559 1852 701 1907 κατά
730 1852 893 1915 πόδας
925 1850 1109 1920 ἰούσης
1143 1850 1347 1913 λοιπὸν,
1378 1850 1473 1903 καὶ
1507 1852 1606 1920 τῆς
1634 1848 2039 1912 ἀνταποδόσεως

373 1938 687 2010 γινομένης.
745 1938 884 1995 Ἐὰν
939 1936 1050 2008 γὰρ
1090 1936 1375 2006 γένωνται
1417 1936 1596 1990 οίκίαι
1642 1934 1900 1999 πολλαὶ,
1952 1935 2041 2001 είς

374 2025 599 2093 ἔρημον
623 2024 866 2079 ἔσονται
890 2023 1145 2093 μεγάλαι
1175 2022 1275 2076 καὶ
1296 2023 1497 2089 καλαὶ,
1528 2020 1629 2076 καί
1653 2022 1765 2075 οὐκ
1796 2020 2041 2077 ἔσονται

374 2114 431 2164 οι
468 2111 888 2177 κατοικοῦντες
908 2111 977 2164 ὲν
1001 2109 1229 2176 αὐταῖς.

447 2196 699 2251 Τοιοῦτον
738 2198 845 2267 γὰρ
885 2199 917 2266 ἡ
955 2195 1269 2263 πλεονεξία·
1309 2197 1437 2250 ὅταν
1485 2195 1704 2251 πλείονα
1742 2193 2042 2267 περιϐάλλῃ

376 2288 489 2348 τοῖς
519 2285 725 2355 έχουσι,
757 2285 851 2339 καὶ
880 2283 989 2337 τῶν
1015 2284 1293 2355 προτέρων
1331 2283 1527 2345 αὐτοὺς
1558 2281 1841 2353 ἐξήγαγεν.
1883 2282 1948 2334 Ὃ
1978 2280 2042 2351 δὴ

378 2370 475 2424 καὶ
513 2370 744 2424 ἐνταῦθα
772 2370 1065 2424 αἰνίττεται
1096 2369 1267 2438 λέγων
1289 2408 1305 2433 ,
1339 2369 1421 2422 ὅτι
1450 2369 1621 2422 Ὅταν
1653 2369 2043 2439 οἰκοδομήσητε

378 2457 664 2528 λαμπρῶς,
696 2459 787 2510 καὶ
819 2458 887 2512 τά
922 2458 1136 2512 πάντων
1167 2457 1319 2528 ὑμῶν
1348 2456 1526 2511 αὐτῶν
1567 2456 1882 2528 ποιήσησθε,
1922 2457 2043 2509 τότε

380 2547 474 2599 καὶ
498 2546 607 2599 τῶν
632 2547 909 2618 προτέρων
934 2546 1324 2619 ἀποστήσεσθε.
1344 2546 1453 2600 Καὶ
1476 2547 1764 2617 στήσονται
1794 2547 1850 2598 αί
1875 2546 2045 2598 οἰκίαι

380 2635 669 2704 οἰκήτορας
703 2634 801 2704 μὲν
837 2634 936 2687 οὐκ
982 2634 1222 2705 ἔχουσαι,
1249 2633 1546 2703 σάλπιγγος
1586 2634 1644 2687 δὲ
1675 2633 1857 2703 πάσης
1902 2632 2044 2702 λαμ-

380 2721 653 2792 προτέραν
694 2721 935 2788 ἀφιεῖσαι
974 2720 1157 2790 φωνὴν
1208 2721 1348 2774 κατά
1377 2720 1487 2773 τῶν
1533 2721 1686 2789 παρὰ
1724 2720 1823 2790 τὴν
1872 2719 2046 2789 ἀρχὴν

379 2806 708 2876 ήρπακότων
754 2807 952 2873 αὐτάς,
1000 2808 1099 2878 τῆς
1144 2804 1473 2878 ἐρημώσεως
1504 2806 1603 2875 τῆς
1654 2805 2047 2875 ἐπιτεταμένης

382 2894 506 2949 ἀντὶ
527 2895 786 2965 τροπαίου
816 2894 958 2958 τινος
980 2893 1332 2965 φαινομένης.
1363 2888 1444 2949 Οὗ
1468 2894 1577 2963 γὰρ
1597 2892 1881 2961 έρτῶνται
1901 2891 2048 2945 δέκα

384 2979 556 3048 ζεύγη
597 2979 781 3045 βοῶν,
826 2979 1061 3047 ποιήσει
1109 2980 1390 3049 κεράμιον
1427 2980 1528 3033 ἓν·
1574 2980 1671 3032 καὶ
1713 2983 1744 3032 ὀ
1785 2979 2048 3046 σπείρων

382 3068 643 3134 ἀρτάϐας
667 3066 757 3133 ἐξ,
782 3067 1019 3135 ποιήσει
1047 3068 1233 3137 μέτρα
1258 3070 1409 3137 τρία.
1442 3067 1573 3120 Ἀπὸ
1600 3070 1697 3138 τῆς
1725 3066 1933 3129 πόλεως
1957 3065 2049 3117 ἐπὶ

382 3155 481 3225 τὴν
512 3156 612 3224 τῆς
651 3155 833 3227 χώρας
862 3156 1094 3227 ἐρημίαν
1132 3156 1312 3224 ἐξάγει
1344 3156 1436 3208 τὸν
1469 3154 1643 3223 λόγον,
1678 3154 1820 3207 ὥστε
1855 3153 2051 3205 πάντο-

385 3243 477 3295 θεν
503 3244 842 3313 καταπλῆξαι
868 3245 959 3297 τὸν
982 3247 1274 3316 ἀκροατήν.
1312 3244 1448 3297 Οὔτε
1477 3244 1585 3314 γάρ
1606 3245 1661 3295 αί
1684 3242 1871 3305 οίκίαι,
1893 3242 2047 3310 φησὶ,

388 3328 674 3395 καθέξουσι
720 3333 844 3393 τοὺς
872 3330 1233 3393 ἐνοικοῦντας,
1268 3329 1391 3381 οὔτε
1425 3331 1459 3399 ἡ
1492 3330 1565 3397 γῆ
1595 3329 1691 3397 τὴν
1724 3329 1891 3397 αὐτῆς
1930 3330 2051 3380 ἐπι-

383 3415 613 3481 δείξεται
640 3416 883 3487 δύναμιν.
917 3417 1026 3469 Καὶ
1055 3416 1162 3487 γὰρ
1196 3416 1252 3481 ἐξ
1286 3416 1459 3485 ἀρχῆς
1488 3414 1576 3466 διὰ
1607 3415 1706 3482 τήν
1747 3412 1841 3465 τοῦ
1878 3413 2048 3482 Ἀδὰμ

388 3504 666 3574 ἁμαρτίαν
703 3503 942 3567 ἀκάνθας
993 3503 1087 3556 καί⁵
1124 3502 1403 3572 τριϐόλους
1446 3500 1738 3571 ἐξήνεγκε·
1775 3500 1869 3553 καὶ
1930 3498 2047 3569 μετ’

385 3592 617 3656 ἐκεῖνον,
650 3590 739 3644 διὰ
766 3591 863 3661 τὴν
889 3588 984 3642 τοῦ
1019 3590 1158 3643 Κάῐν
1192 3587 1558 3659 παρανομίαν,
1581 3586 1838 3640 ἐλάττονα
1871 3584 2050 3655 πολλῷ

384 3680 476 3733 τὸν
507 3681 665 3733 πόνον
693 3679 783 3733 τὸν
810 3680 1018 3734 ἐκείνου
1041 3693 1066 3720 ι
1092 3679 1187 3733 καὶ
1207 3680 1307 3748 τῆς
1332 3678 1536 3742 οἰκείας
1560 3679 1741 3747 ίσχύος
1759 3680 1856 3748 τὴν
1881 3677 2050 3749 φοράν

385 3768 751 3823 ἐπεδείκνυτο.
799 3769 907 3823 Καὶ
942 3767 1211 3839 πολλαχοῦ
1249 3768 1305 3821 δὲ
1343 3767 1576 3837 ἀλλαχοῦ
1615 3767 1711 3820 ἴδοι
1742 3784 1826 3831 τις
1865 3766 1931 3821 ἂν
1963 3767 2050 3820 διά

384 3856 483 3919 τὰς
526 3857 636 3909 τῶν
668 3855 967 3929 ἀνθρώπων
1008 3858 1281 3927 ἁμαρτίας
1320 3856 1489 3924 αὐτὴν
1523 3853 1908 3924 κολαζομένην.
1946 3854 2053 3906 Καὶ

382 3945 435 3996 τί
468 3945 786 4017 θαυμάζεις,
820 3951 868 4005 εί
904 3950 1069 4018 πηροϊ
1090 3948 1188 4011 τὰς
1215 3947 1377 4016 γονὰς
1413 3948 1582 4017 αὐτῆς
1610 3949 1702 4000 καὶ
1736 3951 1834 4010 τὰς
1860 3948 2051 4011 ὠδῖνας

383 4031 494 4084 τῶν
527 4033 829 4105 ἀνθρώπων
874 4035 1267 4105 ήπαρανομία,
1300 4036 1433 4088 ὅπου
1480 4053 1544 4105 γε
1587 4037 1679 4088 καὶ
1726 4036 1938 4107 φθαρτή
1983 4036 2050 4090 δι’

387 4122 534 4191 ἡμᾶς
578 4121 819 4186 ἐγένετο,
860 4121 952 4173 καὶ
989 4119 1262 4189 ἄφθαρτος
1313 4119 1474 4173 πάλιν
1517 4120 1584 4173 δι’
1617 4122 1761 4191 ἡμᾶς
1803 4121 2049 4189 γίνεται;

400 4208 617 4278 Ἐπειδὴ
648 4209 756 4279 γὰρ
787 4208 922 4270 ὅλως
950 4206 1010 4259 τὸ
1041 4200 1179 4258 εἶναι
1207 4206 1272 4258 δι’
1301 4208 1449 4276 ἡμᾶς
1482 4207 1640 4260 ἐλαϐε
1675 4210 1768 4260 καὶ
1794 4210 1890 4279 τὴν
1915 4210 2055 4278 ἡμε-

387 4298 551 4366 τέραν
598 4295 905 4357 διακονίαν,
938 4296 1031 4346 καὶ
1062 4294 1124 4346 τὸ
1163 4292 1330 4356 οὕτως
1371 4294 1404 4363 ἢ
1451 4294 1674 4357 ἐκείνως
1723 4292 1862 4347 εῖναι
1898 4296 2056 4349 πάλιν

389 4382 639 4437 ἐντεῦθεν
668 4381 933 4451 λαμϐάνει
967 4380 1064 4451 τὴν
1093 4381 1264 4451 ἀρχὴν
1292 4382 1382 4434 καὶ
1415 4381 1513 4451 τὴν
1540 4380 1713 4452 ῥίζαν.
1740 4382 1895 4434 Οὕτω
1925 4382 2056 4450 γοῦν

389 4470 488 4523 καὶ
517 4471 610 4523 ἐπὶ
639 4469 731 4523 τοῦ
758 4468 902 4526 Νῶε.
933 4468 1147 4539 Ἐπειδὴ
1169 4469 1301 4539 πρὸς
1326 4470 1519 4521 κακίαν
1545 4469 1774 4539 ἐσχάτην
1805 4468 2056 4533 ἐξώκειλε

389 4557 501 4610 τῶν
541 4555 842 4626 ἀνθρώπων
873 4559 907 4625 ή
936 4555 1118 4625 φύσις,
1161 4558 1338 4613 πάντα
1371 4558 1601 4628 ἐφύρετο
1630 4558 1696 4610 τὰ
1736 4558 2055 4628 πράγματα,

392 4646 487 4698 καὶ
518 4644 828 4713 σπέρματα,
876 4644 968 4694 καὶ
1003 4644 1167 4710 φυτὰ,
1216 4644 1308 4696 καὶ
1337 4644 1543 4712 ἀλόγων
1582 4644 1735 4715 γένη,
1766 4636 1858 4697 καὶ
1893 4646 1925 4715 ὴ
1960 4644 2055 4713 γῆ,

394 4732 488 4783 καὶ
522 4730 780 4793 θάλαττα,
811 4729 904 4781 καὶ
934 4727 1063 4798 ἀὴρ,
1104 4729 1197 4781 καὶ
1228 4728 1349 4798 ὅρη,
1380 4733 1476 4784 καὶ
1500 4732 1688 4795 νάπαι,
1726 4733 1819 4785 καὶ
1859 4732 2055 4802 βουνοὶ,

394 4818 490 4871 καὶ
525 4818 727 4878 πόλεις,
750 4816 843 4868 καὶ
862 4814 1034 4884 τείχη,
1057 4815 1151 4869 καὶ
1176 4813 1361 4875 οίκίαι,
1383 4818 1476 4867 καὶ
1502 4817 1700 4886 πύργοι
1720 4835 1735 4848 ο
1763 4819 1857 4870 καὶ
1886 4817 2061 4871 πάντα

398 4904 585 4967 ἁπλῶς
616 4903 806 4972 ἐκείνῳ
836 4901 912 4970 τῷ
939 4899 1150 4970 φοϐερῷ
1183 4899 1303 4951 τότε
1341 4900 1641 4969 ἐκρύπτετο
1670 4902 1916 4969 πελάγει.
1951 4904 2063 4956 Καὶ

404 4991 590 5059 ἐπειδὴ
617 4990 779 5043 πάλιν
810 4988 1082 5042 ἐπιδοῦναι
1112 4986 1175 5038 τὸ
1206 4985 1363 5053 γένος
1394 4986 1516 5047 ἔδει,
1537 4984 1635 5054 τὴν
1669 4988 1874 5039 οἰκείαν
1905 4987 2063 5039 εὐτα-

403 5079 520 5146 ξίαν
553 5076 937 5146 ἀπελάμϐανεν
963 5076 996 5143 ή
1019 5073 1113 5142 γῆ,
1136 5073 1227 5126 καὶ
1248 5072 1324 5134 εἰς
1346 5071 1439 5141 τὴν
1466 5070 1735 5141 προτέραν
1760 5073 2061 5141 εὐμορφίαν

401 5163 629 5234 ἐπανῄει
666 5163 843 5216 πάλιν,
867 5162 1056 5218 ’1δοιδ’
1082 5160 1147 5213 ἄν
1173 5178 1255 5221 τις
1273 5159 1429 5211 τοῦτο
1459 5160 1552 5211 καὶ
1582 5158 1672 5210 ἐπί
1694 5158 1889 5228 μέρους
1921 5161 2063 5224 γινό-

406 5267 567 5321 μενον
601 5250 687 5303 διὰ
730 5248 827 5317 τὴν
860 5249 937 5310 είς
976 5247 1292 5317 ἀνθρώπους
1329 5246 1511 5313 τιμήν.
1552 5245 1662 5296 Καὶ
1696 5244 1803 5315 γὰρ
1833 5245 2062 5312 πέλαγος

404 5337 696 5407 ἠφανίσθη,
731 5335 821 5385 καὶ
861 5333 1017 5386 πάλιν
1056 5335 1252 5403 ἐφάνη,
1296 5334 1388 5385 καὶ
1420 5332 1567 5401 ἥλιος
1599 5332 1892 5402 ἐχαλινώθη
1928 5333 2065 5402 μετά

406 5422 655 5491 σελήνης,
700 5415 906 5469 καὶτὸν
939 5418 1134 5469 οἰκεῖον
1182 5416 1378 5487 δρόμον
1412 5415 1632 5468 ἐπέλιπε
1656 5457 1671 5480 ,
1712 5416 1805 5468 καὶ
1859 5416 1967 5486 πῦρ
1998 5417 2068 5468 τὰ

407 5509 596 5568 ὕδατος
624 5504 949 5569 ἐπεδείξατο,
984 5505 1077 5558 καὶ
1100 5505 1171 5574 γῆ
1202 5505 1269 5556 τὰ
1292 5504 1582 5571 πελάγους,
1604 5507 1698 5558 καὶ
1730 5506 1962 5573 πέλαγος
2000 5506 2070 5559 τὰ

408 5596 507 5665 τῆς
548 5596 651 5665 γῆς
675 5612 688 5628 ο
721 5595 813 5648 καὶ
858 5594 1055 5660 πάντα,
1090 5593 1167 5657 ὡς
1211 5594 1381 5647 εἰπεῖν
1414 5592 1619 5658 ἁπλῶς,
1648 5593 1783 5665 πρὸς
1819 5596 1919 5665 τὴν
1962 5593 2070 5647 τῶν

478 5830 504 5898 β
529 5823 621 5873 llic
642 5826 839 5898 9mni_no
858 5826 1121 5898 lgggndgm
1160 5828 1353 5879 videtur
1379 5829 1472 5877 τῶν
1499 5828 1653 5879 πόνων
1678 5830 1772 5878 τῶν
1796 5830 1994 5894 ἐκείνου,
2021 5834 2076 5883 ut

418 5886 565 5938 etiam
590 5886 933 5939 auimadverlif
945 5888 1170 5940 Savilius.

2130 466 2431 536 ἀνθρώπων
2479 460 3013 536 μετασχηματίζεται
3057 456 3409 511 λυσιτέλειαν.
3442 450 3551 505 Καὶ⁵
3602 449 3794 518 ἐπειδὴ

2132 555 2348 608 πάντων
2372 553 2691 623 τιμιώτερος
2720 550 3021 619 ἄνθρωπος,
3041 545 3134 599 καὶ
3155 546 3223 598 δι’
3252 542 3413 597 αὐτὸν
3431 539 3498 593 τὰ
3525 538 3794 607 γενόμενα

2126 640 2357 701 ἅπαντα,
2379 640 2466 692 διά
2481 657 2563 693 τοι
2585 638 2740 691 τοῦτο
2762 636 2855 688 καὶ
2878 633 2995 699 νῦν,
3016 630 3129 704 [57]
3159 630 3344 697 ἐπειδὴ
3360 629 3605 699 ἥμαρτεν
3630 627 3658 677 ὁ
3684 624 3795 675 τῶν

2138 726 2406 781 Ἰουδαίων
2433 727 2620 796 δῆμος,
2654 724 2837 793 ἐπέχει
2865 721 2964 783 τῆς
2988 720 3092 790 γῆς
3121 718 3221 781 τάς
3252 716 3445 778 ὠδῖνας
3476 712 3669 775 ὁΘεὸς,
3699 711 3795 763 καὶ

2132 816 2268 885 μετὰ
2292 814 2517 877 πολλοὺς
2538 813 2730 876 πόνους
2751 810 2843 864 καὶ
2866 807 3094 878 ἱδρῶτας
3119 806 3218 860 οὐκ
3241 803 3430 873 ἀφίησι
3448 801 3549 862 τὰς
3579 798 3795 885 ἐκείνης

2129 884 2363 969 λαγόνας
2387 902 2486 971 τὴν
2507 899 2756 952 εἰωθυῖαν
2785 894 2957 966 φορὰν
2979 895 3237 961 ἐνεγκεῖν,
3263 889 3348 942 ῐνα
3369 885 3663 941 κάντεῦθεν
3693 884 3798 953 μά-

2132 987 2319 1050 θωσιν,
2352 988 2434 1040 ὅτι
2475 987 2536 1039 οὐ
2565 984 2885 1057 γεωργικῶν
2924 980 3121 1051 χειρῶν
3154 978 3338 1047 τέχνη,
3377 975 3498 1028 οὐδὲ
3544 974 3664 1041 βόες
3702 974 3798 1023 καὶ

2130 1075 2387 1145 ἄροτρον,
2421 1075 2540 1128 οὐδέ
2568 1075 2670 1144 γῆς
2722 1071 2902 1141 φύσις,
2937 1070 3038 1123 οὐκ
3083 1067 3211 1122 ἄλλο
3258 1067 3365 1119 τῶν
3406 1064 3669 1127 τοιούτων
3705 1063 3799 1114 οὺ-

2130 1163 2238 1225 δέν,
2268 1162 2382 1216 ἀλλ’
2401 1160 2648 1214 ὁτούτων
2686 1159 2938 1212 ἀπάντων
2971 1155 3244 1223 Δεσπότης
3272 1147 3425 1215 οὗτός
3449 1152 3596 1203 ἐστιν
3640 1148 3670 1199 ὁ
3700 1146 3799 1200 καὶ

2130 1247 2340 1317 δαψιλεῖ
2369 1250 2436 1319 τῇ
2471 1247 2616 1317 χειρὶ
2638 1246 2813 1299 πάντα
2834 1243 3061 1312 ἐκχέων,
3082 1242 3177 1295 καὶ
3207 1240 3387 1303 πάλιν,
3417 1235 3636 1290 ἐπειδὰν
3668 1231 3798 1303 βού-

2131 1333 2311 1403 ληται,
2332 1335 2630 1386 συστέλλων
2651 1332 2883 1386 ἅπαντα.
2905 1331 3049 1384 Οὐαὶ
3077 1331 3131 1383 οἱ
3153 1327 3508 1397 ἐγειρόμενοι
3530 1321 3595 1375 τὸ
3625 1320 3797 1387 πρωῒ,

2132 1419 2231 1473 καὶ
2263 1419 2328 1472 τό
2355 1419 2568 1486 σίκερα
2593 1416 2926 1480 διώκοντες,
2942 1417 2995 1469 οι
3018 1413 3305 1481 μένοντες
3332 1411 3398 1462 τὸ
3429 1406 3562 1476 ὀψέ.
3604 1407 3666 1458 '0
3687 1406 3802 1473 τὰρ

2132 1502 2296 1570 οἶνος
2325 1504 2544 1569 αὐτοὺς
2564 1503 2919 1579 σμγ-καύσει.
2935 1498 3093 1555 Μετὰ
3119 1497 3229 1567 γὰρ
3261 1493 3501 1579 κιθάρας
3523 1491 3619 1545 καὶ
3640 1494 3800 1559 ψαλ-

2132 1592 2342 1660 τηρίου
2367 1589 2464 1643 καί
2494 1577 2822 1658 τυμπάνων
2840 1587 2937 1641 καὶ
2962 1584 3165 1640 αὐλῶν
3190 1584 3295 1636 τὸν
3327 1577 3493 1635 οἶνον
3512 1580 3760 1631 πίνουσι
3780 1592 3797 1607 ·

2132 1677 2206 1732 τὰ
2238 1676 2305 1731 δὲ
2338 1677 2482 1745 ἔργα
2511 1676 2617 1729 τοῦ
2651 1672 2798 1729 θεοῦ
2839 1676 2950 1728 οὐκ
2989 1673 3378 1741 ἐμϐλέπουσι,
3407 1665 3504 1719 καὶ
3542 1664 3614 1717 τὰ
3656 1663 3804 1731 ἔργα

2133 1764 2254 1820 τῶν
2272 1764 2486 1833 χειρῶν
2505 1763 2690 1817 αὑτοῦ
2710 1763 2782 1815 οὐ
2809 1756 3599 1826 κατανοοῦσι.Κατηγορήσας
3622 1749 3805 1805 αὐτῶν

2137 1849 2444 1914 πλεονεξίαν
2495 1848 2714 1919 πολλὴν,
2743 1846 2836 1900 καλ⁵
2889 1845 2986 1916 τὴν
3020 1843 3176 1914 ῥίζαν
3217 1841 3311 1896 τοῦ
3353 1839 3527 1894 κακοῦ
3564 1837 3801 1906 τίθησιν.

2136 1937 2285 2009 Δῦτη
2314 1937 2370 1990 δέ
2399 1932 2467 2008 ἦν
2504 1938 2538 2007 ή
2569 1934 2728 2006 μέθη,
2761 1933 2967 2005 μυρίων
2996 1930 3253 2001 γινομένη
3300 1927 3488 1980 κακῶν
3521 1925 3801 1986 ὑπόθεσις,

2138 2025 2232 2079 καὶ
2269 2024 2502 2096 μάλιστα
2548 2024 2676 2077 ὅταν
2708 2022 2845 2093 μετά
2887 2019 3154 2088 τοσαύτης
3182 2015 3444 2085 τολμᾶται
3483 2012 3583 2082 τῆς
3631 2011 3807 2081 ὑπερ-

2139 2112 2323 2181 ϐολῆς.

2211 2198 2276 2251 ε’.
2302 2199 2498 2251 Σκόπει
2528 2196 2659 2266 γοῦν
2690 2195 2805 2258 πῶς
2836 2192 2975 2265 μετὰ
3006 2189 3288 2263 ἀκριϐείας
3306 2188 3503 2249 αὐτοὺς
3531 2183 3805 2255 κωμῳδεῖ.

2139 2284 2325 2337 Πᾶσαν
2352 2283 2459 2353 γὰρ
2490 2283 2589 2353 τὴν
2621 2281 2834 2351 ἡμέραν
2860 2281 2939 2341 είς
2964 2277 3123 2330 τοῦτο
3151 2272 3489 2327 δαπανᾶσθαι
3517 2287 3703 2339 φησιν.
3730 2268 3803 2320 Ού

2138 2370 2247 2441 γὰρ
2281 2371 2410 2423 ὅταν
2438 2366 2895 2440 ἀριστοποιεῖσθαι
2926 2365 3042 2433 δέῃ.
3071 2361 3231 2415 τοῦτο
3270 2358 3591 2429 πράττουσι,
3616 2356 3807 2423 φησὶν,

2140 2458 2275 2512 ἀλλά
2307 2459 2483 2511 πάντα
2516 2456 2608 2509 τὸν
2645 2454 2833 2525 καιρὸν
2872 2451 3040 2522 μέθης
3072 2447 3345 2509 ποιοῦντες
3374 2445 3586 2515 καιρὸν,
3616 2442 3711 2495 καὶ
3747 2442 3811 2494 ἐκ

2141 2544 2440 2616 προοιμίων
2481 2543 2578 2611 τῆς
2608 2540 2839 2611 ἡμέρας,
2896 2539 2983 2590 ὅτε
3023 2534 3256 2606 μάλιστα
3298 2532 3480 2593 αὐτοῖς
3521 2529 3811 2599 προσέχειν

2143 2634 2332 2703 ἐχρῆν,
2359 2631 2538 2701 πολλῷ
2566 2629 2643 2700 τῷ
2678 2628 2900 2699 ἀκράτῳ
2934 2625 3165 2685 διδόντες
3187 2620 3435 2681 ἑαυτοὺς,
3463 2617 3559 2671 καὶ
3586 2617 3814 2677 ἄκοντες

2142 2718 2327 2771 λοιπὸν
2362 2718 2456 2770 καὶ⁵
2489 2716 2649 2785 μέχρι
2676 2717 2770 2785 τῆς
2810 2712 3047 2781 ἑσπέρας
3095 2707 3517 2777 ἐναπομένοντες
3548 2703 3626 2772 τῷ
3654 2704 3813 2770 νοσή‹

2145 2821 2295 2873 ματι.
2331 2801 2579 2853 Ἐπειδὰν
2610 2800 2718 2869 γὰρ
2747 2797 2894 2861 ἅπαξ
2931 2797 3177 2864 φθάσωσι
3210 2790 3703 2857 καταποντισθῆναι
3735 2790 3814 2848 είς

2141 2888 2231 2943 τὸν
2252 2888 2350 2958 τῆς
2385 2884 2651 2956 ἀκρασίας
2680 2883 2856 2952 βυθὸν,
2892 2882 2986 2933 καὶ
3022 2880 3133 2931 τῶν
3165 2877 3307 2931 κατά
3343 2876 3504 2943 φύσιν
3533 2874 3814 2925 ἐκπέσωσι

2143 2974 2380 3046 φρενῶν,
2410 2974 2504 3026 καὶ
2537 2972 2636 3042 τὴν
2661 2970 2837 3041 ψυχὴν
2868 2966 3212 3038 αἰχμάλωτον
3243 2965 3309 3035 τῇ
3340 2962 3551 3033 πονηρᾷ
3590 2961 3690 3030 τῆς
3719 2961 3817 3031 μέ-

2146 3064 2246 3133 θης
2287 3059 2651 3132 παραδώσωσι
2678 3056 2968 3127 τυραννίδι,
3012 3054 3264 3122 καθάπερ
3298 3052 3481 3105 πλοῖον
3517 3049 3817 3118 ἀνερμάτι-

2147 3165 2291 3211 στον,
2314 3148 2407 3200 καὶ
2428 3146 2762 3216 κυϐερνήτου
2787 3144 2882 3195 καὶ
2912 3140 3124 3195 ναυτῶν
3146 3136 3606 3208 ἀπεστερημένον,
3628 3134 3817 3197 ἁπλῶς

2146 3236 2241 3289 καὶ
2267 3234 2390 3305 είκῆ
2416 3234 2663 3303 φέρεται,
2693 3233 2758 3301 τῇ
2785 3229 2892 3282 τῶν
2924 3228 3132 3281 ὑδάτων
3170 3228 3388 3294 ἀτάκτῳ
3418 3223 3583 3305 ρύμῃη
3606 3239 3815 3273 παντα-

2146 3324 2243 3393 χοῦ
2281 3304 2703 3393 περιαγόμενον,
2749 3319 2841 3372 τὸν
2872 3317 3036 3370 αὑτὸν
3064 3316 3129 3387 δὴ
3168 3314 3367 3384 τρόπον
3406 3313 3500 3365 καὶ
3530 3304 3677 3362 οὗτοι
3712 3309 3819 3361 ὑπὸ

2147 3410 2247 3480 τῆς
2277 3409 2447 3479 μέθης
2495 3406 2812 3476 ὑποϐρύχιοι
2864 3404 3164 3473 γενόμενοι.
3208 3401 3297 3453 Διό
3340 3414 3533 3468 φησιν*
3581 3396 3728 3450 Οὐαί
3763 3400 3819 3449 οι

2146 3496 2503 3563 ἐγειρόμενοι
2542 3493 2607 3545 τὸ
2644 3492 2824 3560 πρωῒ,
2867 3490 2964 3543 καὶ
3006 3491 3073 3542 τὸ
3123 3489 3334 3553 σίκερα
3365 3484 3704 3546 διώκοντες.
3738 3482 3816 3534 Οὐ

2147 3583 2255 3653 γὰρ
2283 3584 2380 3651 τὴν
2409 3581 2599 3651 χρείαν
2637 3580 2926 3649 ἐπλήρουν,
2957 3575 3079 3628 οὐδὲ
3112 3573 3370 3642 ἀνέμενον
3402 3569 3696 3638 ἐπιθυμίας
3724 3584 3820 3634 γε-

2147 3671 2378 3741 νομένης
2428 3667 2714 3737 πληρῶσαι
2755 3666 2854 3735 τὴν
2886 3662 3123 3725 ἔνδειαν,
3169 3659 3283 3713 ἀλλ’
3331 3658 3490 3728 ἔργον
3536 3654 3821 3708 ἐποιοῦντο

2147 3757 2305 3812 τοῦτο
2332 3758 2426 3809 καὶ
2458 3755 2708 3825 μελέτην,
2738 3752 2800 3804 τὸ
2828 3748 3088 3819 διηνεκῶς
3122 3746 3359 3817 μεθύειν.
3402 3743 3494 3797 Διό
3534 3757 3718 3811 φησιν·
3754 3744 3823 3795 οι

2149 3847 2462 3910 διώκοντες
2489 3845 2717 3911 σίκερα.
2756 3840 2957 3909 Σίκερα
2993 3837 3049 3891 δὲ
3089 3834 3320 3889 ἐνταῦθά
3350 3850 3482 3903 φησι
3512 3832 3620 3883 τῶν
3648 3831 3823 3900 φοινί-

2150 3952 2262 3989 κων
2288 3934 2379 3986 τδν
2411 3932 2561 3994 ὀπὸν,
2601 3931 2660 3984 ὃν
2705 3928 3048 3998 ἐπετήδευον,
3082 3923 3451 3994 συντρίϐοντες
3484 3921 3574 3971 τὸν
3606 3919 3824 3988 καρπὸν

2152 4024 2247 4077 καὶ
2280 4020 2673 4083 καταθλῶντες,
2700 4019 2778 4080 είς
2797 4016 2940 4069 οἴνου
2984 4007 3477 4083 μετασχηματίζειν
3507 4005 3687 4074 φύσιν.
3713 4005 3825 4057 Κα-

2156 4108 2383 4180 ρωτικὸν
2430 4107 2487 4161 δέ
2537 4107 2653 4158 ἐστι
2702 4105 2762 4157 τὸ
2808 4100 3068 4165 τοιοῦτον,
3119 4097 3213 4151 καὶ
3268 4095 3436 4165 μέθης
3469 4090 3818 4180 ἐργαστικόν.

2165 4178 2305 4248 Ἀλλ’
2326 4196 2477 4248 οὐδὲν
2504 4192 2796 4264 ὑφωρῶντο
2818 4189 3020 4242 τούτων
3043 4189 3257 4248 ἐκεῖνοι,
3281 4181 3378 4251 τὴν
3401 4178 3592 4250 ἡδονὴν
3620 4194 3825 4230 παντα-

2153 4284 2250 4353 χοῦ
2281 4282 2592 4343 διώκοντες,
2631 4280 2881 4347 μένοντες
2918 4276 2978 4328 τὸ
3012 4274 3128 4343 ὀψέ.
3170 4273 3222 4323 Ὀ
3254 4272 3364 4339 γὰρ
3400 4264 3557 4331 οἶνος
3595 4264 3824 4353 αὐτοὺς

2154 4350 2507 4438 συγκαύσει.
2540 4366 2771 4433 Τοιαύτη
2806 4362 2913 4431 γὰρ
2939 4361 3036 4430 τῆς
3066 4359 3233 4430 μέθης
3267 4358 3299 4427 ὴ
3344 4354 3520 4438 φύσιςο
3556 4350 3824 4421 προϊοῦσα

2155 4457 2394 4521 αὒξεται,
2418 4454 2512 4507 καὶ
2539 4450 2918 4522 χαλεπώτερον
2941 4449 3000 4498 τὸ
3035 4445 3185 4513 δίψος
3218 4444 3379 4495 ποιεῖ.
3420 4437 3552 4493 Εἶτα
3582 4439 3677 4491 καὶ
3703 4438 3825 4489 ἐτε-

2157 4559 2247 4613 ρον
2274 4541 2373 4592 οὐκ
2409 4539 2624 4591 ἔλαττον
2650 4535 2898 4603 ἔγκλημα
2924 4531 3019 4583 τοῦ
3050 4529 3315 4600 προτέρου
3350 4524 3695 4613 προστίθησι,
3734 4522 3830 4573 λέο

2152 4609 2287 4697 γωνι
2310 4626 2470 4679 Μετὰ
2495 4626 2603 4693 γὰρ
2622 4620 2863 4688 κιθάρας
2894 4618 2991 4671 καὶ
3016 4616 3353 4685 ψαλτηρίου
3377 4613 3475 4666 καὶ
3498 4609 3829 4679 τυμπάνων

2156 4714 2255 4768 καὶ
2290 4711 2494 4767 αὐλῶν
2532 4712 2639 4764 τὸν
2681 4705 2849 4761 οἶνον
2877 4707 3143 4759 πίνουσι.
3182 4701 3354 4755 Τοῦτο
3385 4701 3479 4753 καὶ
3515 4700 3703 4769 ἐτερος
3733 4698 3829 4765 ἐγ-

2158 4802 2313 4857 καλεῖ
2341 4799 2622 4869 προςρήτης
2662 4796 2852 4863 λέγων’
2876 4796 2941 4847 Οἱ
2974 4793 3251 4855 πίνοντες
3287 4787 3394 4842 τὸν
3432 4785 3831 4853 διυλισμένον

2158 4884 2344 4951 οἶνον,
2374 4886 2470 4937 καὶ
2518 4885 2589 4936 τὰ
2617 4882 2817 4950 πρῶτα
2852 4881 3011 4948 μύρα
3038 4879 3359 4947 χριόμενοι,
3389 4876 3443 4926 οί
3473 4872 3829 4939 κροτοῦντες

2157 4977 2306 5043 πρὸς
2338 4974 2454 5039 τὴν
2489 4970 2699 5039 φωνὴν
2734 4970 2761 5009 b
2786 4967 2905 5021 τῶν
2932 4967 3217 5033 ὀργάνων.
3258 4964 3350 5028 Ὠς
3373 4959 3601 5015 ἑστῶτα
3632 4958 3829 5025 Mor!-

2158 5078 2367 5123 σαντο,
2395 5059 2493 5112 καὶ
2527 5061 2639 5127 οὐχ
2667 5058 2747 5122 ὠς
2773 5058 3090 5125 φεύγοντα.
3121 5053 3233 5106 Καὶ
3260 5052 3367 5122 γὰρ
3396 5048 3631 5117 ἐσχάτης
3665 5046 3826 5099 ἀναλ-

2159 5147 2357 5217 γησίας
2406 5144 2563 5196 τοῦτο
2608 5144 2668 5196 τὸ
2715 5143 2957 5212 σημεῖον,
2991 5141 3085 5193 καὶ
3125 5139 3299 5209 ψυχῆς
3348 5133 3729 5202 ἐκλελυμένης,
3762 5132 3831 5186 τδ

2161 5241 2389 5309 θέατρον
2445 5239 2617 5289 ποιεῖν
2668 5235 2764 5305 τὴν
2820 5236 2997 5287 οἰκίαν
3043 5234 3141 5303 τὴν
3186 5231 3397 5291 ἐαυτοῦ,
3433 5228 3527 5280 καὶ
3561 5225 3828 5288 τοιούτοις

2161 5328 2398 5399 ᾅσμασιν
2460 5324 2683 5385 ἐαυτοῦς
2742 5322 3029 5376 ἐκδιδόναι.
3060 5322 3232 5391 Ὅπερ
3286 5317 3379 5371 καὶ
3426 5317 3458 5384 ὴ
3506 5312 3643 5382 μέθη
3685 5314 3829 5364 ποιεῖ

2165 5413 2452 5477 σκοτοῦσα,
2496 5412 2652 5464 τοῦτο
2679 5413 2713 5479 ἡ
2755 5410 2985 5479 μουσικὴ
3020 5410 3354 5479 μαλάττουσα
3382 5402 3441 5455 τὸ
3472 5400 3690 5452 εὔτονον
3728 5399 3831 5467 τῆς

2163 5501 2419 5563 διανοίας,
2468 5499 2560 5551 καὶ
2599 5495 2923 5550 κατακλῶσα
2949 5496 3064 5566 I58]
3096 5496 3191 5563 τῆς
3216 5491 3394 5561 ψυχῆς
3422 5488 3521 5558 τὴν
3551 5484 3827 5556 ἀνδρείαν,

2166 5589 2260 5643 καὶ
2288 5587 2379 5640 ἐπὶ
2404 5585 2651 5657 μείζονας
2690 5583 2955 5650 ἐξάγουσα
2994 5579 3293 5648 ἀσελγείας.
3331 5575 3406 5629 Τὰ
3439 5572 3506 5625 δὲ
3539 5573 3682 5641 ἔργα
3720 5568 3831 5625 τοῦ

2228 5829 2333 5876 ιιῐη
2363 5824 2802 5884 Βὶὴιὶἱειοιξίιιποί
2848 5820 3200 5876 ἐπικοατοῦντες
3241 5820 3355 5881 πρὸς
3400 5816 3703 5884 την-φωνήν·
3755 5815 3831 5863 lo-

2171 5906 2353 5953 cusque
2379 5891 2455 5940 hic
2484 5877 2645 5941 Amdéi
2686 5889 2912 5937 imcrsus
2955 5887 3172 5941 θηριων,
3208 5877 3288 5931 ου’
3304 5894 3444 5943 supra
3470 5877 3772 5929 dicebamus.
