  <div class='ocr_page' id='page_1' title='image "/cluster/home/n/w/nwhite01/storage/ocr_20150623/56/ien.35556001660836/068.png"; bbox 0 0 4044 6418; ppageno 0'>
   <div class='ocr_carea' id='block_1_1' title="bbox 279 376 1852 461">
    <p class='ocr_par' dir='ltr' id='par_1_1' title="bbox 279 376 1852 461">
     <span class='ocr_line' id='line_1_1' title="bbox 279 376 1852 461; baseline -0.002 -26"><span class='ocrx_word' id='word_1_1' title='bbox 279 406 347 461; x_wconf 68' lang='lat'><strong>61</strong></span> <span class='ocrx_word' id='word_1_2' title='bbox 1535 378 1600 435; x_wconf 73' lang='lat' dir='ltr'><strong>ru</strong></span> <span class='ocrx_word' id='word_1_3' title='bbox 1639 376 1852 434; x_wconf 75' lang='lat' dir='ltr'><strong>lSAlAlt‘</strong></span> 
     </span>
    </p>
   </div>
   <div class='ocr_carea' id='block_1_2' title="bbox 1960 376 3547 461">
    <p class='ocr_par' dir='ltr' id='par_1_2' title="bbox 1960 376 3547 451">
     <span class='ocr_line' id='line_1_2' title="bbox 1960 376 3547 451; baseline 0.012 -19"><span class='ocrx_word' id='word_1_4' title='bbox 1960 378 2083 432; x_wconf 67' lang='lat' dir='ltr'><strong>ZAP.</strong></span> <span class='ocrx_word' id='word_1_5' title='bbox 2129 376 2192 434; x_wconf 72' lang='grc' dir='ltr'><strong>ν.</strong></span> <span class='ocrx_word' id='word_1_6' title='bbox 3472 395 3547 451; x_wconf 84' lang='grc'><strong>62</strong></span> 
     </span>
    </p>
   </div>
   <div class='ocr_carea' id='block_1_3' title="bbox 341 493 1854 564">
    <p class='ocr_par' dir='ltr' id='par_1_3' title="bbox 341 493 1854 564">
     <span class='ocr_line' id='line_1_3' title="bbox 341 493 1854 564; baseline -0.013 0"><span class='ocrx_word' id='word_1_7' title='bbox 341 511 390 564; x_wconf 73' lang='grc'><strong>4.</strong></span> <span class='ocrx_word' id='word_1_8' title='bbox 424 508 547 563; x_wconf 69' lang='lat' dir='ltr'><strong>llmc</strong></span> <span class='ocrx_word' id='word_1_9' title='bbox 566 507 721 563; x_wconf 83' lang='lat' dir='ltr'><strong>etiam</strong></span> <span class='ocrx_word' id='word_1_10' title='bbox 736 520 873 560; x_wconf 90' lang='lat' dir='ltr'><strong>nunc</strong></span> <span class='ocrx_word' id='word_1_11' title='bbox 886 503 1075 559; x_wconf 87' lang='lat' dir='ltr'><strong>tentari</strong></span> <span class='ocrx_word' id='word_1_12' title='bbox 1095 500 1273 556; x_wconf 87' lang='lat' dir='ltr'><strong>videre</strong></span> <span class='ocrx_word' id='word_1_13' title='bbox 1291 505 1370 553; x_wconf 87' lang='lat' dir='ltr'><strong>est</strong></span> <span class='ocrx_word' id='word_1_14' title='bbox 1390 495 1457 550; x_wconf 87' lang='lat' dir='ltr'><strong>ab</strong></span> <span class='ocrx_word' id='word_1_15' title='bbox 1481 494 1566 561; x_wconf 89' lang='lat' dir='ltr'><strong>iis,</strong></span> <span class='ocrx_word' id='word_1_16' title='bbox 1595 494 1684 564; x_wconf 88' lang='lat' dir='ltr'><strong>qui</strong></span> <span class='ocrx_word' id='word_1_17' title='bbox 1716 493 1854 547; x_wconf 91' lang='lat' dir='ltr'><strong>male</strong></span> 
     </span>
    </p>
   </div>
   <div class='ocr_carea' id='block_1_4' title="bbox 267 586 1848 667">
    <p class='ocr_par' dir='ltr' id='par_1_4' title="bbox 267 586 1848 667">
     <span class='ocr_line' id='line_1_4' title="bbox 267 586 1848 667; baseline -0.013 -11"><span class='ocrx_word' id='word_1_18' title='bbox 267 602 467 656; x_wconf 74' lang='lat' dir='ltr'><strong>divitiis</strong></span> <span class='ocrx_word' id='word_1_19' title='bbox 508 610 745 665; x_wconf 90' lang='lat' dir='ltr'><strong>utuntur,</strong></span> <span class='ocrx_word' id='word_1_20' title='bbox 793 599 884 667; x_wconf 89' lang='lat' dir='ltr'><strong>qui</strong></span> <span class='ocrx_word' id='word_1_21' title='bbox 929 596 1103 650; x_wconf 88' lang='lat' dir='ltr'><strong>vicina</strong></span> <span class='ocrx_word' id='word_1_22' title='bbox 1148 593 1262 647; x_wconf 89' lang='lat' dir='ltr'><strong>loca</strong></span> <span class='ocrx_word' id='word_1_23' title='bbox 1318 587 1566 643; x_wconf 84' lang='lat' dir='ltr'><strong>invadere</strong></span> <span class='ocrx_word' id='word_1_24' title='bbox 1592 586 1848 654; x_wconf 87' lang='lat' dir='ltr'><strong>cogitant,</strong></span> 
     </span>
    </p>
   </div>
   <div class='ocr_carea' id='block_1_5' title="bbox 266 675 1853 758">
    <p class='ocr_par' dir='ltr' id='par_1_5' title="bbox 266 675 1853 758">
     <span class='ocr_line' id='line_1_5' title="bbox 266 675 1853 758; baseline -0.011 -11"><span class='ocrx_word' id='word_1_25' title='bbox 266 708 376 747; x_wconf 85' lang='lat' dir='ltr'><strong>non</strong></span> <span class='ocrx_word' id='word_1_26' title='bbox 398 701 455 746; x_wconf 87' lang='lat' dir='ltr'><strong>ut</strong></span> <span class='ocrx_word' id='word_1_27' title='bbox 476 692 815 747; x_wconf 75' lang='lat' dir='ltr'><strong>securitatem</strong></span> <span class='ocrx_word' id='word_1_28' title='bbox 844 688 1069 758; x_wconf 89' lang='lat' dir='ltr'><strong>pariant,</strong></span> <span class='ocrx_word' id='word_1_29' title='bbox 1103 687 1196 739; x_wconf 84' lang='lat' dir='ltr'><strong>sed</strong></span> <span class='ocrx_word' id='word_1_30' title='bbox 1237 692 1295 736; x_wconf 87' lang='lat' dir='ltr'><strong>ut</strong></span> <span class='ocrx_word' id='word_1_31' title='bbox 1342 678 1562 734; x_wconf 76' lang='lat' dir='ltr'><strong>insidias</strong></span> <span class='ocrx_word' id='word_1_32' title='bbox 1592 675 1853 747; x_wconf 83' lang='lat' dir='ltr'><strong>proximis</strong></span> 
     </span>
    </p>
   </div>
   <div class='ocr_carea' id='block_1_6' title="bbox 273 771 1856 853">
    <p class='ocr_par' dir='ltr' id='par_1_6' title="bbox 273 771 1856 853">
     <span class='ocr_line' id='line_1_6' title="bbox 273 771 1856 853; baseline -0.012 -13"><span class='ocrx_word' id='word_1_33' title='bbox 273 786 584 846; x_wconf 91' lang='lat' dir='ltr'><strong>moliantur,</strong></span> <span class='ocrx_word' id='word_1_34' title='bbox 629 783 716 853; x_wconf 92' lang='lat' dir='ltr'><strong>qui</strong></span> <span class='ocrx_word' id='word_1_35' title='bbox 747 790 803 835; x_wconf 90' lang='lat' dir='ltr'><strong>ut</strong></span> <span class='ocrx_word' id='word_1_36' title='bbox 832 780 966 850; x_wconf 90' lang='lat' dir='ltr'><strong>ignis</strong></span> <span class='ocrx_word' id='word_1_37' title='bbox 1003 790 1252 847; x_wconf 85' lang='lat' dir='ltr'><strong>grassans</strong></span> <span class='ocrx_word' id='word_1_38' title='bbox 1273 815 1288 839; x_wconf 93' lang='lat'><strong>,</strong></span> <span class='ocrx_word' id='word_1_39' title='bbox 1317 773 1387 826; x_wconf 89' lang='lat' dir='ltr'><strong>ita</strong></span> <span class='ocrx_word' id='word_1_40' title='bbox 1418 771 1623 825; x_wconf 88' lang='lat' dir='ltr'><strong>vicinos</strong></span> <span class='ocrx_word' id='word_1_41' title='bbox 1666 782 1856 822; x_wconf 91' lang='lat' dir='ltr'><strong>omnes</strong></span> 
     </span>
    </p>
   </div>
   <div class='ocr_carea' id='block_1_7' title="bbox 264 860 1857 945">
    <p class='ocr_par' dir='ltr' id='par_1_7' title="bbox 264 860 1857 945">
     <span class='ocr_line' id='line_1_7' title="bbox 264 860 1857 945; baseline -0.011 -15"><span class='ocrx_word' id='word_1_42' title='bbox 264 873 518 945; x_wconf 88' lang='lat' dir='ltr'><strong>spoliant.</strong></span> <span class='ocrx_word' id='word_1_43' title='bbox 554 872 814 942; x_wconf 77' lang='lat' dir='ltr'><strong>Numquid</strong></span> <span class='ocrx_word' id='word_1_44' title='bbox 846 866 1131 924; x_wconf 79' lang='lat' dir='ltr'><strong>habitabilis</strong></span> <span class='ocrx_word' id='word_1_45' title='bbox 1157 866 1254 920; x_wconf 83' lang='lat' dir='ltr'><strong>soli</strong></span> <span class='ocrx_word' id='word_1_46' title='bbox 1266 880 1413 933; x_wconf 84' lang='lat' dir='ltr'><strong>super</strong></span> <span class='ocrx_word' id='word_1_47' title='bbox 1432 860 1723 917; x_wconf 83' lang='lat' dir='ltr'><strong>terrant?9.</strong></span> <span class='ocrx_word' id='word_1_48' title='bbox 1752 860 1857 913; x_wconf 84' lang='lat' dir='ltr'><strong>Au-</strong></span> 
     </span>
    </p>
   </div>
   <div class='ocr_carea' id='block_1_8' title="bbox 264 957 1853 1023">
    <p class='ocr_par' dir='ltr' id='par_1_8' title="bbox 264 957 1853 1023">
     <span class='ocr_line' id='line_1_8' title="bbox 264 957 1853 1023; baseline -0.006 -4"><span class='ocrx_word' id='word_1_49' title='bbox 264 968 376 1021; x_wconf 85' lang='lat' dir='ltr'><strong>dita</strong></span> <span class='ocrx_word' id='word_1_50' title='bbox 402 978 516 1023; x_wconf 84' lang='lat' dir='ltr'><strong>sunt</strong></span> <span class='ocrx_word' id='word_1_51' title='bbox 541 969 673 1022; x_wconf 86' lang='lat' dir='ltr'><strong>enim</strong></span> <span class='ocrx_word' id='word_1_52' title='bbox 721 984 854 1021; x_wconf 87' lang='lat' dir='ltr'><strong>nunc</strong></span> <span class='ocrx_word' id='word_1_53' title='bbox 907 970 959 1021; x_wconf 85' lang='lat' dir='ltr'><strong>in</strong></span> <span class='ocrx_word' id='word_1_54' title='bbox 1008 964 1213 1018; x_wconf 80' lang='lat' dir='ltr'><strong>auribus</strong></span> <span class='ocrx_word' id='word_1_55' title='bbox 1243 960 1449 1016; x_wconf 84' lang='lat' dir='ltr'><strong>Domini</strong></span> <span class='ocrx_word' id='word_1_56' title='bbox 1476 959 1699 1016; x_wconf 76' lang='lat' dir='ltr'><strong>Sabaoth</strong></span> <span class='ocrx_word' id='word_1_57' title='bbox 1728 957 1853 1010; x_wconf 73' lang='lat' dir='ltr'><strong>Ittec.</strong></span> 
     </span>
    </p>
   </div>
   <div class='ocr_carea' id='block_1_9' title="bbox 269 1047 1856 1116">
    <p class='ocr_par' dir='ltr' id='par_1_9' title="bbox 269 1047 1856 1116">
     <span class='ocr_line' id='line_1_9' title="bbox 269 1047 1856 1116; baseline -0.008 -2"><span class='ocrx_word' id='word_1_58' title='bbox 269 1059 517 1116; x_wconf 85' lang='lat' dir='ltr'><strong>Ostendit</strong></span> <span class='ocrx_word' id='word_1_59' title='bbox 546 1061 664 1114; x_wconf 88' lang='lat' dir='ltr'><strong>illos</strong></span> <span class='ocrx_word' id='word_1_60' title='bbox 688 1060 881 1113; x_wconf 92' lang='lat' dir='ltr'><strong>frustra</strong></span> <span class='ocrx_word' id='word_1_61' title='bbox 926 1057 1172 1111; x_wconf 83' lang='lat' dir='ltr'><strong>laborare</strong></span> <span class='ocrx_word' id='word_1_62' title='bbox 1214 1063 1267 1109; x_wconf 91' lang='lat' dir='ltr'><strong>et</strong></span> <span class='ocrx_word' id='word_1_63' title='bbox 1293 1053 1442 1107; x_wconf 86' lang='lat' dir='ltr'><strong>nullo</strong></span> <span class='ocrx_word' id='word_1_64' title='bbox 1482 1051 1679 1105; x_wconf 91' lang='lat' dir='ltr'><strong>fructu.</strong></span> <span class='ocrx_word' id='word_1_65' title='bbox 1721 1047 1856 1116; x_wconf 88' lang='lat' dir='ltr'><strong>Quia</strong></span> 
     </span>
    </p>
   </div>
   <div class='ocr_carea' id='block_1_10' title="bbox 268 1138 1857 1218">
    <p class='ocr_par' dir='ltr' id='par_1_10' title="bbox 268 1138 1857 1218">
     <span class='ocr_line' id='line_1_10' title="bbox 268 1138 1857 1218; baseline -0.008 -13"><span class='ocrx_word' id='word_1_66' title='bbox 268 1150 416 1205; x_wconf 89' lang='lat' dir='ltr'><strong>enim</strong></span> <span class='ocrx_word' id='word_1_67' title='bbox 441 1165 547 1203; x_wconf 89' lang='lat' dir='ltr'><strong>non</strong></span> <span class='ocrx_word' id='word_1_68' title='bbox 574 1149 644 1204; x_wconf 77' lang='lat' dir='ltr'><strong>ita</strong></span> <span class='ocrx_word' id='word_1_69' title='bbox 665 1149 923 1218; x_wconf 85' lang='lat' dir='ltr'><strong>supplicia</strong></span> <span class='ocrx_word' id='word_1_70' title='bbox 952 1156 1005 1201; x_wconf 91' lang='lat' dir='ltr'><strong>et</strong></span> <span class='ocrx_word' id='word_1_71' title='bbox 1041 1145 1309 1200; x_wconf 74' lang='lat' dir='ltr'><strong>cruciatus</strong></span> <span class='ocrx_word' id='word_1_72' title='bbox 1336 1141 1639 1212; x_wconf 90' lang='lat' dir='ltr'><strong>hujusmodi</strong></span> <span class='ocrx_word' id='word_1_73' title='bbox 1681 1138 1857 1194; x_wconf 79' lang='lat' dir='ltr'><strong>homi-</strong></span> 
     </span>
    </p>
   </div>
   <div class='ocr_carea' id='block_1_11' title="bbox 270 1232 1857 1305">
    <p class='ocr_par' dir='ltr' id='par_1_11' title="bbox 270 1232 1857 1305">
     <span class='ocr_line' id='line_1_11' title="bbox 270 1232 1857 1305; baseline -0.006 -13"><span class='ocrx_word' id='word_1_74' title='bbox 270 1254 368 1293; x_wconf 86' lang='lat' dir='ltr'><strong>nes</strong></span> <span class='ocrx_word' id='word_1_75' title='bbox 392 1238 659 1293; x_wconf 90' lang='lat' dir='ltr'><strong>abducere</strong></span> <span class='ocrx_word' id='word_1_76' title='bbox 689 1240 882 1301; x_wconf 78' lang='lat' dir='ltr'><strong>solent,</strong></span> <span class='ocrx_word' id='word_1_77' title='bbox 916 1246 972 1290; x_wconf 91' lang='lat' dir='ltr'><strong>ut</strong></span> <span class='ocrx_word' id='word_1_78' title='bbox 999 1250 1123 1290; x_wconf 91' lang='lat' dir='ltr'><strong>cum</strong></span> <span class='ocrx_word' id='word_1_79' title='bbox 1144 1235 1310 1305; x_wconf 86' lang='lat' dir='ltr'><strong>probe</strong></span> <span class='ocrx_word' id='word_1_80' title='bbox 1356 1232 1658 1294; x_wconf 87' lang='lat' dir='ltr'><strong>didicerint,</strong></span> <span class='ocrx_word' id='word_1_81' title='bbox 1688 1245 1744 1285; x_wconf 91' lang='lat' dir='ltr'><strong>se</strong></span> <span class='ocrx_word' id='word_1_82' title='bbox 1764 1244 1857 1284; x_wconf 88' lang='lat' dir='ltr'><strong>ra-</strong></span> 
     </span>
    </p>
   </div>
   <div class='ocr_carea' id='block_1_12' title="bbox 273 1325 1855 1398">
    <p class='ocr_par' dir='ltr' id='par_1_12' title="bbox 273 1325 1855 1398">
     <span class='ocr_line' id='line_1_12' title="bbox 273 1325 1855 1398; baseline -0.005 -16"><span class='ocrx_word' id='word_1_83' title='bbox 273 1330 414 1398; x_wconf 76' lang='lat' dir='ltr'><strong>pina:</strong></span> <span class='ocrx_word' id='word_1_84' title='bbox 437 1330 664 1383; x_wconf 87' lang='lat' dir='ltr'><strong>fructum</strong></span> <span class='ocrx_word' id='word_1_85' title='bbox 693 1343 798 1383; x_wconf 91' lang='lat' dir='ltr'><strong>non</strong></span> <span class='ocrx_word' id='word_1_86' title='bbox 824 1336 1190 1397; x_wconf 90' lang='lat' dir='ltr'><strong>percepturos,</strong></span> <span class='ocrx_word' id='word_1_87' title='bbox 1224 1325 1360 1380; x_wconf 88' lang='lat' dir='ltr'><strong>hanc</strong></span> <span class='ocrx_word' id='word_1_88' title='bbox 1380 1326 1432 1379; x_wconf 91' lang='lat' dir='ltr'><strong>in</strong></span> <span class='ocrx_word' id='word_1_89' title='bbox 1459 1338 1553 1379; x_wconf 88' lang='lat' dir='ltr'><strong>eos</strong></span> <span class='ocrx_word' id='word_1_90' title='bbox 1573 1325 1675 1378; x_wconf 83' lang='lat' dir='ltr'><strong>fert</strong></span> <span class='ocrx_word' id='word_1_91' title='bbox 1702 1336 1855 1376; x_wconf 83' lang='lat' dir='ltr'><strong>com-</strong></span> 
     </span>
    </p>
   </div>
   <div class='ocr_carea' id='block_1_13' title="bbox 269 1410 1857 1486">
    <p class='ocr_par' dir='ltr' id='par_1_13' title="bbox 269 1410 1857 1486">
     <span class='ocr_line' id='line_1_13' title="bbox 269 1410 1857 1486; baseline -0.004 -13"><span class='ocrx_word' id='word_1_92' title='bbox 269 1420 615 1473; x_wconf 83' lang='lat' dir='ltr'><strong>tninationem</strong></span> <span class='ocrx_word' id='word_1_93' title='bbox 661 1419 882 1484; x_wconf 91' lang='lat' dir='ltr'><strong>dicens,</strong></span> <span class='ocrx_word' id='word_1_94' title='bbox 924 1417 1070 1486; x_wconf 90' lang='lat' dir='ltr'><strong>ipsos</strong></span> <span class='ocrx_word' id='word_1_95' title='bbox 1122 1416 1489 1479; x_wconf 81' lang='lat' dir='ltr'><strong>laboraturas,</strong></span> <span class='ocrx_word' id='word_1_96' title='bbox 1534 1420 1589 1469; x_wconf 89' lang='lat' dir='ltr'><strong>et</strong></span> <span class='ocrx_word' id='word_1_97' title='bbox 1629 1410 1857 1467; x_wconf 84' lang='lat' dir='ltr'><strong>miseriis</strong></span> 
     </span>
    </p>
   </div>
   <div class='ocr_carea' id='block_1_14' title="bbox 266 1505 1857 1579">
    <p class='ocr_par' dir='ltr' id='par_1_14' title="bbox 266 1505 1857 1579">
     <span class='ocr_line' id='line_1_14' title="bbox 266 1505 1857 1579; baseline -0.003 -17"><span class='ocrx_word' id='word_1_98' title='bbox 266 1508 487 1563; x_wconf 82' lang='lat' dir='ltr'><strong>affectos</strong></span> <span class='ocrx_word' id='word_1_99' title='bbox 513 1518 784 1579; x_wconf 78' lang='lat' dir='ltr'><strong>peccaturo</strong></span> <span class='ocrx_word' id='word_1_100' title='bbox 804 1508 1151 1573; x_wconf 90' lang='lat' dir='ltr'><strong>admissuros,</strong></span> <span class='ocrx_word' id='word_1_101' title='bbox 1181 1506 1274 1561; x_wconf 91' lang='lat' dir='ltr'><strong>sed</strong></span> <span class='ocrx_word' id='word_1_102' title='bbox 1304 1506 1372 1561; x_wconf 90' lang='lat' dir='ltr'><strong>ab</strong></span> <span class='ocrx_word' id='word_1_103' title='bbox 1399 1506 1511 1576; x_wconf 88' lang='lat' dir='ltr'><strong>ejus</strong></span> <span class='ocrx_word' id='word_1_104' title='bbox 1543 1520 1642 1560; x_wconf 89' lang='lat' dir='ltr'><strong>usu</strong></span> <span class='ocrx_word' id='word_1_105' title='bbox 1671 1513 1724 1560; x_wconf 92' lang='lat' dir='ltr'><strong>et</strong></span> <span class='ocrx_word' id='word_1_106' title='bbox 1745 1505 1857 1558; x_wconf 87' lang='lat' dir='ltr'><strong>fru-</strong></span> 
     </span>
    </p>
   </div>
   <div class='ocr_carea' id='block_1_15' title="bbox 268 1597 1856 1669">
    <p class='ocr_par' dir='ltr' id='par_1_15' title="bbox 268 1597 1856 1669">
     <span class='ocr_line' id='line_1_15' title="bbox 268 1597 1856 1669; baseline -0.002 -16"><span class='ocrx_word' id='word_1_107' title='bbox 268 1608 356 1653; x_wconf 86' lang='lat' dir='ltr'><strong>ctu</strong></span> <span class='ocrx_word' id='word_1_108' title='bbox 391 1601 630 1669; x_wconf 88' lang='lat' dir='ltr'><strong>lapsuros</strong></span> <span class='ocrx_word' id='word_1_109' title='bbox 662 1615 798 1656; x_wconf 89' lang='lat' dir='ltr'><strong>esse.</strong></span> <span class='ocrx_word' id='word_1_110' title='bbox 819 1600 933 1655; x_wconf 83' lang='lat' dir='ltr'><strong>Non</strong></span> <span class='ocrx_word' id='word_1_111' title='bbox 960 1600 1101 1654; x_wconf 90' lang='lat' dir='ltr'><strong>enim</strong></span> <span class='ocrx_word' id='word_1_112' title='bbox 1128 1599 1387 1654; x_wconf 91' lang='lat' dir='ltr'><strong>insomnis</strong></span> <span class='ocrx_word' id='word_1_113' title='bbox 1414 1599 1502 1653; x_wconf 91' lang='lat' dir='ltr'><strong>ille</strong></span> <span class='ocrx_word' id='word_1_114' title='bbox 1525 1600 1710 1653; x_wconf 85' lang='lat' dir='ltr'><strong>oculus</strong></span> <span class='ocrx_word' id='word_1_115' title='bbox 1736 1597 1856 1651; x_wconf 88' lang='lat' dir='ltr'><strong>tali-</strong></span> 
     </span>
    </p>
   </div>
   <div class='ocr_carea' id='block_1_16' title="bbox 269 1689 1859 1762">
    <p class='ocr_par' dir='ltr' id='par_1_16' title="bbox 269 1689 1859 1762">
     <span class='ocr_line' id='line_1_16' title="bbox 269 1689 1859 1762; baseline -0.002 -17"><span class='ocrx_word' id='word_1_116' title='bbox 269 1691 369 1747; x_wconf 87' lang='lat' dir='ltr'><strong>bus</strong></span> <span class='ocrx_word' id='word_1_117' title='bbox 399 1694 526 1747; x_wconf 81' lang='lat' dir='ltr'><strong>visis</strong></span> <span class='ocrx_word' id='word_1_118' title='bbox 556 1691 875 1747; x_wconf 79' lang='lat' dir='ltr'><strong>facinoribus</strong></span> <span class='ocrx_word' id='word_1_119' title='bbox 900 1692 1156 1762; x_wconf 87' lang='lat' dir='ltr'><strong>quiescet.</strong></span> <span class='ocrx_word' id='word_1_120' title='bbox 1192 1690 1323 1745; x_wconf 86' lang='lat' dir='ltr'><strong>illud</strong></span> <span class='ocrx_word' id='word_1_121' title='bbox 1352 1705 1499 1755; x_wconf 89' lang='lat' dir='ltr'><strong>vero,</strong></span> <span class='ocrx_word' id='word_1_122' title='bbox 1533 1689 1719 1743; x_wconf 82' lang='lat' dir='ltr'><strong>Audita</strong></span> <span class='ocrx_word' id='word_1_123' title='bbox 1744 1697 1859 1742; x_wconf 88' lang='lat' dir='ltr'><strong>sunt</strong></span> 
     </span>
    </p>
   </div>
   <div class='ocr_carea' id='block_1_17' title="bbox 268 1780 1854 1854">
    <p class='ocr_par' dir='ltr' id='par_1_17' title="bbox 268 1780 1854 1854">
     <span class='ocr_line' id='line_1_17' title="bbox 268 1780 1854 1854; baseline -0.003 -17"><span class='ocrx_word' id='word_1_124' title='bbox 268 1800 420 1848; x_wconf 82' lang='lat' dir='ltr'><strong>nunc,</strong></span> <span class='ocrx_word' id='word_1_125' title='bbox 446 1799 551 1839; x_wconf 91' lang='lat' dir='ltr'><strong>non</strong></span> <span class='ocrx_word' id='word_1_126' title='bbox 582 1784 709 1839; x_wconf 89' lang='lat' dir='ltr'><strong>dicit</strong></span> <span class='ocrx_word' id='word_1_127' title='bbox 728 1784 879 1854; x_wconf 90' lang='lat' dir='ltr'><strong>quasi</strong></span> <span class='ocrx_word' id='word_1_128' title='bbox 906 1794 1029 1837; x_wconf 89' lang='lat' dir='ltr'><strong>tunc</strong></span> <span class='ocrx_word' id='word_1_129' title='bbox 1054 1798 1140 1837; x_wconf 90' lang='lat' dir='ltr'><strong>res</strong></span> <span class='ocrx_word' id='word_1_130' title='bbox 1170 1790 1333 1853; x_wconf 73' lang='lat' dir='ltr'><strong>gesta:</strong></span> <span class='ocrx_word' id='word_1_131' title='bbox 1359 1790 1499 1836; x_wconf 73' lang='lat' dir='ltr'><strong>notre</strong></span> <span class='ocrx_word' id='word_1_132' title='bbox 1528 1780 1628 1835; x_wconf 83' lang='lat' dir='ltr'><strong>sibi</strong></span> <span class='ocrx_word' id='word_1_133' title='bbox 1654 1786 1854 1843; x_wconf 89' lang='lat' dir='ltr'><strong>essent,</strong></span> 
     </span>
    </p>
   </div>
   <div class='ocr_carea' id='block_1_18' title="bbox 267 1870 1859 1945">
    <p class='ocr_par' dir='ltr' id='par_1_18' title="bbox 267 1870 1859 1945">
     <span class='ocr_line' id='line_1_18' title="bbox 267 1870 1859 1945; baseline -0.002 -16"><span class='ocrx_word' id='word_1_134' title='bbox 267 1875 363 1930; x_wconf 87' lang='lat' dir='ltr'><strong>sed</strong></span> <span class='ocrx_word' id='word_1_135' title='bbox 398 1876 549 1945; x_wconf 88' lang='lat' dir='ltr'><strong>quasi</strong></span> <span class='ocrx_word' id='word_1_136' title='bbox 584 1876 715 1929; x_wconf 92' lang='lat' dir='ltr'><strong>ultio</strong></span> <span class='ocrx_word' id='word_1_137' title='bbox 754 1891 786 1930; x_wconf 89' lang='lat' dir='ltr'><strong>e</strong></span> <span class='ocrx_word' id='word_1_138' title='bbox 826 1875 1047 1945; x_wconf 87' lang='lat' dir='ltr'><strong>vestigio</strong></span> <span class='ocrx_word' id='word_1_139' title='bbox 1099 1882 1445 1943; x_wconf 86' lang='lat' dir='ltr'><strong>sequeretur,</strong></span> <span class='ocrx_word' id='word_1_140' title='bbox 1475 1870 1859 1938; x_wconf 86' lang='lat' dir='ltr'><strong>retributioque</strong></span> 
     </span>
    </p>
   </div>
   <div class='ocr_carea' id='block_1_19' title="bbox 268 1961 1858 2033">
    <p class='ocr_par' dir='ltr' id='par_1_19' title="bbox 268 1961 1858 2033">
     <span class='ocr_line' id='line_1_19' title="bbox 268 1961 1858 2033; baseline -0.003 -13"><span class='ocrx_word' id='word_1_141' title='bbox 268 1966 512 2021; x_wconf 83' lang='lat' dir='ltr'><strong>instaret.</strong></span> <span class='ocrx_word' id='word_1_142' title='bbox 541 1965 603 2021; x_wconf 87' lang='lat' dir='ltr'><strong><em>Si</em></strong></span> <span class='ocrx_word' id='word_1_143' title='bbox 630 1966 762 2020; x_wconf 85' lang='lat' dir='ltr'><strong>enim</strong></span> <span class='ocrx_word' id='word_1_144' title='bbox 789 1967 974 2033; x_wconf 86' lang='lat' dir='ltr'><strong>fuerint</strong></span> <span class='ocrx_word' id='word_1_145' title='bbox 1018 1966 1197 2019; x_wconf 88' lang='lat' dir='ltr'><strong>domus</strong></span> <span class='ocrx_word' id='word_1_146' title='bbox 1239 1964 1431 2029; x_wconf 68' lang='lat' dir='ltr'><strong>multae,</strong></span> <span class='ocrx_word' id='word_1_147' title='bbox 1456 1964 1509 2016; x_wconf 87' lang='lat' dir='ltr'><strong>in</strong></span> <span class='ocrx_word' id='word_1_148' title='bbox 1537 1961 1858 2016; x_wconf 86' lang='lat' dir='ltr'><strong>solitudinem</strong></span> 
     </span>
    </p>
   </div>
   <div class='ocr_carea' id='block_1_20' title="bbox 267 2055 1811 2127">
    <p class='ocr_par' dir='ltr' id='par_1_20' title="bbox 267 2055 1811 2127">
     <span class='ocr_line' id='line_1_20' title="bbox 267 2055 1811 2127; baseline -0.003 -16"><span class='ocrx_word' id='word_1_149' title='bbox 267 2067 415 2111; x_wconf 86' lang='lat' dir='ltr'><strong>erunt</strong></span> <span class='ocrx_word' id='word_1_150' title='bbox 445 2073 642 2126; x_wconf 67' lang='lat' dir='ltr'><strong>magna:</strong></span> <span class='ocrx_word' id='word_1_151' title='bbox 660 2067 705 2111; x_wconf 87' lang='lat' dir='ltr'><strong>et</strong></span> <span class='ocrx_word' id='word_1_152' title='bbox 728 2059 972 2127; x_wconf 65' lang='lat' dir='ltr'><strong>pulchrae,</strong></span> <span class='ocrx_word' id='word_1_153' title='bbox 999 2074 1087 2111; x_wconf 89' lang='lat' dir='ltr'><strong>nec</strong></span> <span class='ocrx_word' id='word_1_154' title='bbox 1116 2066 1257 2110; x_wconf 89' lang='lat' dir='ltr'><strong>erunt</strong></span> <span class='ocrx_word' id='word_1_155' title='bbox 1289 2057 1374 2125; x_wconf 88' lang='lat' dir='ltr'><strong>qui</strong></span> <span class='ocrx_word' id='word_1_156' title='bbox 1399 2055 1617 2109; x_wconf 77' lang='lat' dir='ltr'><strong>habitent</strong></span> <span class='ocrx_word' id='word_1_157' title='bbox 1640 2055 1691 2109; x_wconf 85' lang='lat' dir='ltr'><strong>in</strong></span> <span class='ocrx_word' id='word_1_158' title='bbox 1719 2055 1811 2109; x_wconf 90' lang='lat' dir='ltr'><strong>eis.</strong></span> 
     </span>
    </p>
   </div>
   <div class='ocr_carea' id='block_1_21' title="bbox 341 2147 1857 2217">
    <p class='ocr_par' dir='ltr' id='par_1_21' title="bbox 341 2147 1857 2217">
     <span class='ocr_line' id='line_1_21' title="bbox 341 2147 1857 2217; baseline -0.001 -15"><span class='ocrx_word' id='word_1_159' title='bbox 341 2149 583 2203; x_wconf 69' lang='lat' dir='ltr'><strong>Avaritiae</strong></span> <span class='ocrx_word' id='word_1_160' title='bbox 621 2150 843 2203; x_wconf 87' lang='lat' dir='ltr'><strong>morbus.</strong></span> <span class='ocrx_word' id='word_1_161' title='bbox 871 2179 943 2190; x_wconf 93' lang='lat'><strong><em>—</em></strong></span> <span class='ocrx_word' id='word_1_162' title='bbox 976 2148 1286 2217; x_wconf 87' lang='lat' dir='ltr'><strong>llujusmodi</strong></span> <span class='ocrx_word' id='word_1_163' title='bbox 1332 2155 1415 2203; x_wconf 90' lang='lat' dir='ltr'><strong>est</strong></span> <span class='ocrx_word' id='word_1_164' title='bbox 1443 2147 1665 2202; x_wconf 88' lang='lat' dir='ltr'><strong>avaritia</strong></span> <span class='ocrx_word' id='word_1_165' title='bbox 1695 2164 1707 2201; x_wconf 90' lang='lat'><strong>:</strong></span> <span class='ocrx_word' id='word_1_166' title='bbox 1736 2161 1857 2203; x_wconf 91' lang='lat' dir='ltr'><strong>cum</strong></span> 
     </span>
    </p>
   </div>
   <div class='ocr_carea' id='block_1_22' title="bbox 267 2238 1859 2308">
    <p class='ocr_par' dir='ltr' id='par_1_22' title="bbox 267 2238 1859 2308">
     <span class='ocr_line' id='line_1_22' title="bbox 267 2238 1859 2308; baseline -0.001 -15"><span class='ocrx_word' id='word_1_167' title='bbox 267 2239 421 2308; x_wconf 88' lang='lat' dir='ltr'><strong>plura</strong></span> <span class='ocrx_word' id='word_1_168' title='bbox 447 2238 846 2307; x_wconf 83' lang='lat' dir='ltr'><strong>possessoribus</strong></span> <span class='ocrx_word' id='word_1_169' title='bbox 888 2238 1050 2303; x_wconf 87' lang='lat' dir='ltr'><strong>addit,</strong></span> <span class='ocrx_word' id='word_1_170' title='bbox 1089 2238 1234 2308; x_wconf 89' lang='lat' dir='ltr'><strong>ipsos</strong></span> <span class='ocrx_word' id='word_1_171' title='bbox 1274 2238 1432 2292; x_wconf 90' lang='lat' dir='ltr'><strong>etiam</strong></span> <span class='ocrx_word' id='word_1_172' title='bbox 1465 2253 1526 2293; x_wconf 88' lang='lat' dir='ltr'><strong>ex</strong></span> <span class='ocrx_word' id='word_1_173' title='bbox 1560 2238 1704 2307; x_wconf 88' lang='lat' dir='ltr'><strong>prius</strong></span> <span class='ocrx_word' id='word_1_174' title='bbox 1730 2252 1859 2307; x_wconf 91' lang='lat' dir='ltr'><strong>pos-</strong></span> 
     </span>
    </p>
   </div>
   <div class='ocr_carea' id='block_1_23' title="bbox 269 2329 1856 2399">
    <p class='ocr_par' dir='ltr' id='par_1_23' title="bbox 269 2329 1856 2399">
     <span class='ocr_line' id='line_1_23' title="bbox 269 2329 1856 2399; baseline 0 -15"><span class='ocrx_word' id='word_1_175' title='bbox 269 2331 433 2385; x_wconf 86' lang='lat' dir='ltr'><strong>sessis</strong></span> <span class='ocrx_word' id='word_1_176' title='bbox 457 2330 653 2399; x_wconf 90' lang='lat' dir='ltr'><strong>dcjicit.</strong></span> <span class='ocrx_word' id='word_1_177' title='bbox 684 2330 833 2398; x_wconf 84' lang='lat' dir='ltr'><strong>Quod</strong></span> <span class='ocrx_word' id='word_1_178' title='bbox 861 2330 1021 2385; x_wconf 88' lang='lat' dir='ltr'><strong>etiam</strong></span> <span class='ocrx_word' id='word_1_179' title='bbox 1045 2330 1131 2383; x_wconf 90' lang='lat' dir='ltr'><strong>hic</strong></span> <span class='ocrx_word' id='word_1_180' title='bbox 1159 2329 1691 2385; x_wconf 85' lang='lat' dir='ltr'><strong>subindicatdicens:</strong></span> <span class='ocrx_word' id='word_1_181' title='bbox 1724 2330 1856 2385; x_wconf 87' lang='lat' dir='ltr'><strong>Cum</strong></span> 
     </span>
    </p>
   </div>
   <div class='ocr_carea' id='block_1_24' title="bbox 269 2421 1856 2493">
    <p class='ocr_par' dir='ltr' id='par_1_24' title="bbox 269 2421 1856 2493">
     <span class='ocr_line' id='line_1_24' title="bbox 269 2421 1856 2493; baseline -0.001 -16"><span class='ocrx_word' id='word_1_182' title='bbox 269 2422 550 2493; x_wconf 89' lang='lat' dir='ltr'><strong>splendide</strong></span> <span class='ocrx_word' id='word_1_183' title='bbox 594 2422 1002 2487; x_wconf 60' lang='lat' dir='ltr'><strong>aediﬁcaveritis,</strong></span> <span class='ocrx_word' id='word_1_184' title='bbox 1038 2431 1092 2477; x_wconf 91' lang='lat' dir='ltr'><strong>et</strong></span> <span class='ocrx_word' id='word_1_185' title='bbox 1129 2423 1362 2476; x_wconf 91' lang='lat' dir='ltr'><strong>omnium</strong></span> <span class='ocrx_word' id='word_1_186' title='bbox 1391 2422 1527 2477; x_wconf 90' lang='lat' dir='ltr'><strong>bona</strong></span> <span class='ocrx_word' id='word_1_187' title='bbox 1559 2421 1709 2475; x_wconf 89' lang='lat' dir='ltr'><strong>vobis</strong></span> <span class='ocrx_word' id='word_1_188' title='bbox 1735 2436 1856 2476; x_wconf 83' lang='lat' dir='ltr'><strong>cor-</strong></span> 
     </span>
    </p>
   </div>
   <div class='ocr_carea' id='block_1_25' title="bbox 271 2512 1856 2582">
    <p class='ocr_par' dir='ltr' id='par_1_25' title="bbox 271 2512 1856 2582">
     <span class='ocr_line' id='line_1_25' title="bbox 271 2512 1856 2582; baseline -0.003 -13"><span class='ocrx_word' id='word_1_189' title='bbox 271 2514 549 2579; x_wconf 84' lang='lat' dir='ltr'><strong>raseritis,</strong></span> <span class='ocrx_word' id='word_1_190' title='bbox 592 2522 718 2568; x_wconf 91' lang='lat' dir='ltr'><strong>tunc</strong></span> <span class='ocrx_word' id='word_1_191' title='bbox 765 2513 923 2567; x_wconf 84' lang='lat' dir='ltr'><strong>etiam</strong></span> <span class='ocrx_word' id='word_1_192' title='bbox 971 2513 1037 2566; x_wconf 89' lang='lat' dir='ltr'><strong>ab</strong></span> <span class='ocrx_word' id='word_1_193' title='bbox 1064 2513 1164 2575; x_wconf 84' lang='lat' dir='ltr'><strong>iis,</strong></span> <span class='ocrx_word' id='word_1_194' title='bbox 1197 2528 1315 2581; x_wconf 72' lang='lat' dir='ltr'><strong>qum</strong></span> <span class='ocrx_word' id='word_1_195' title='bbox 1358 2517 1503 2582; x_wconf 90' lang='lat' dir='ltr'><strong>prius</strong></span> <span class='ocrx_word' id='word_1_196' title='bbox 1544 2512 1856 2575; x_wconf 82' lang='lat' dir='ltr'><strong>habebatis,</strong></span> 
     </span>
    </p>
   </div>
   <div class='ocr_carea' id='block_1_26' title="bbox 270 2602 1857 2659">
    <p class='ocr_par' dir='ltr' id='par_1_26' title="bbox 270 2602 1857 2659">
     <span class='ocr_line' id='line_1_26' title="bbox 270 2602 1857 2659; baseline -0.001 0"><span class='ocrx_word' id='word_1_197' title='bbox 270 2604 549 2659; x_wconf 79' lang='lat' dir='ltr'><strong>excitletis.</strong></span> <span class='ocrx_word' id='word_1_198' title='bbox 582 2605 880 2658; x_wconf 88' lang='lat' dir='ltr'><strong>Etstabunt</strong></span> <span class='ocrx_word' id='word_1_199' title='bbox 921 2604 1063 2657; x_wconf 76' lang='lat' dir='ltr'><strong>aedes</strong></span> <span class='ocrx_word' id='word_1_200' title='bbox 1103 2603 1275 2657; x_wconf 90' lang='lat' dir='ltr'><strong>nullos</strong></span> <span class='ocrx_word' id='word_1_201' title='bbox 1303 2602 1628 2657; x_wconf 81' lang='lat' dir='ltr'><strong>habitatores</strong></span> <span class='ocrx_word' id='word_1_202' title='bbox 1656 2602 1857 2657; x_wconf 86' lang='lat' dir='ltr'><strong>haben-</strong></span> 
     </span>
    </p>
   </div>
   <div class='ocr_carea' id='block_1_27' title="bbox 274 2694 1855 2761">
    <p class='ocr_par' dir='ltr' id='par_1_27' title="bbox 274 2694 1855 2761">
     <span class='ocr_line' id='line_1_27' title="bbox 274 2694 1855 2761; baseline -0.002 -11"><span class='ocrx_word' id='word_1_203' title='bbox 274 2704 373 2761; x_wconf 90' lang='lat' dir='ltr'><strong>tes,</strong></span> <span class='ocrx_word' id='word_1_204' title='bbox 405 2696 496 2749; x_wconf 87' lang='lat' dir='ltr'><strong>sed</strong></span> <span class='ocrx_word' id='word_1_205' title='bbox 533 2695 653 2748; x_wconf 83' lang='lat' dir='ltr'><strong>tuba</strong></span> <span class='ocrx_word' id='word_1_206' title='bbox 680 2695 959 2749; x_wconf 91' lang='lat' dir='ltr'><strong>clariorem</strong></span> <span class='ocrx_word' id='word_1_207' title='bbox 1006 2694 1306 2749; x_wconf 88' lang='lat' dir='ltr'><strong>emittentes</strong></span> <span class='ocrx_word' id='word_1_208' title='bbox 1338 2708 1520 2748; x_wconf 90' lang='lat' dir='ltr'><strong>vocem</strong></span> <span class='ocrx_word' id='word_1_209' title='bbox 1546 2703 1732 2749; x_wconf 90' lang='lat' dir='ltr'><strong>contra</strong></span> <span class='ocrx_word' id='word_1_210' title='bbox 1760 2706 1855 2747; x_wconf 91' lang='lat' dir='ltr'><strong>eos</strong></span> 
     </span>
    </p>
   </div>
   <div class='ocr_carea' id='block_1_28' title="bbox 270 2782 1859 2853">
    <p class='ocr_par' dir='ltr' id='par_1_28' title="bbox 270 2782 1859 2853">
     <span class='ocr_line' id='line_1_28' title="bbox 270 2782 1859 2853; baseline 0.001 -18"><span class='ocrx_word' id='word_1_211' title='bbox 270 2785 360 2853; x_wconf 85' lang='lat' dir='ltr'><strong>qui</strong></span> <span class='ocrx_word' id='word_1_212' title='bbox 412 2785 531 2839; x_wconf 88' lang='lat' dir='ltr'><strong>illas</strong></span> <span class='ocrx_word' id='word_1_213' title='bbox 561 2785 707 2853; x_wconf 90' lang='lat' dir='ltr'><strong>prius</strong></span> <span class='ocrx_word' id='word_1_214' title='bbox 737 2792 1042 2853; x_wconf 86' lang='lat' dir='ltr'><strong>rapuerant,</strong></span> <span class='ocrx_word' id='word_1_215' title='bbox 1082 2784 1330 2839; x_wconf 82' lang='lat' dir='ltr'><strong>vastitate</strong></span> <span class='ocrx_word' id='word_1_216' title='bbox 1368 2784 1457 2838; x_wconf 90' lang='lat' dir='ltr'><strong>illa</strong></span> <span class='ocrx_word' id='word_1_217' title='bbox 1488 2792 1630 2838; x_wconf 88' lang='lat' dir='ltr'><strong>tanta</strong></span> <span class='ocrx_word' id='word_1_218' title='bbox 1674 2782 1859 2852; x_wconf 68' lang='lat' dir='ltr'><strong>tropaei</strong></span> 
     </span>
    </p>
   </div>
   <div class='ocr_carea' id='block_1_29' title="bbox 273 2872 1860 2944">
    <p class='ocr_par' dir='ltr' id='par_1_29' title="bbox 273 2872 1860 2944">
     <span class='ocr_line' id='line_1_29' title="bbox 273 2872 1860 2944; baseline -0.003 -14"><span class='ocrx_word' id='word_1_219' title='bbox 273 2877 440 2930; x_wconf 91' lang='lat' dir='ltr'><strong>instar</strong></span> <span class='ocrx_word' id='word_1_220' title='bbox 486 2876 740 2930; x_wconf 81' lang='lat' dir='ltr'><strong>exhibita.</strong></span> <span class='ocrx_word' id='word_1_221' title='bbox 772 2876 857 2930; x_wconf 84' lang='grc'><strong>10.</strong></span> <span class='ocrx_word' id='word_1_222' title='bbox 894 2873 991 2929; x_wconf 85' lang='lat' dir='ltr'><strong>Ubi</strong></span> <span class='ocrx_word' id='word_1_223' title='bbox 1033 2875 1167 2927; x_wconf 88' lang='lat' dir='ltr'><strong>enim</strong></span> <span class='ocrx_word' id='word_1_224' title='bbox 1209 2885 1483 2944; x_wconf 80' lang='lat' dir='ltr'><strong>aperantur</strong></span> <span class='ocrx_word' id='word_1_225' title='bbox 1520 2872 1690 2927; x_wconf 81' lang='lat' dir='ltr'><strong>decem</strong></span> <span class='ocrx_word' id='word_1_226' title='bbox 1728 2874 1860 2944; x_wconf 85' lang='lat' dir='ltr'><strong>juga</strong></span> 
     </span>
    </p>
   </div>
   <div class='ocr_carea' id='block_1_30' title="bbox 274 2965 1860 3037">
    <p class='ocr_par' dir='ltr' id='par_1_30' title="bbox 274 2965 1860 3037">
     <span class='ocr_line' id='line_1_30' title="bbox 274 2965 1860 3037; baseline 0 -18"><span class='ocrx_word' id='word_1_227' title='bbox 274 2968 442 3029; x_wconf 87' lang='lat' dir='ltr'><strong>boum,</strong></span> <span class='ocrx_word' id='word_1_228' title='bbox 477 2967 627 3037; x_wconf 82' lang='lat' dir='ltr'><strong>faciet</strong></span> <span class='ocrx_word' id='word_1_229' title='bbox 659 2965 982 3037; x_wconf 81' lang='lat' dir='ltr'><strong>lagunculam</strong></span> <span class='ocrx_word' id='word_1_230' title='bbox 1006 2981 1159 3018; x_wconf 82' lang='lat' dir='ltr'><strong>unam</strong></span> <span class='ocrx_word' id='word_1_231' title='bbox 1187 2974 1270 3020; x_wconf 86' lang='lat' dir='ltr'><strong>:et</strong></span> <span class='ocrx_word' id='word_1_232' title='bbox 1294 2965 1381 3034; x_wconf 81' lang='lat' dir='ltr'><strong>qui</strong></span> <span class='ocrx_word' id='word_1_233' title='bbox 1408 2965 1621 3018; x_wconf 78' lang='lat' dir='ltr'><strong>seminat</strong></span> <span class='ocrx_word' id='word_1_234' title='bbox 1657 2965 1860 3019; x_wconf 85' lang='lat' dir='ltr'><strong>artabas</strong></span> 
     </span>
    </p>
   </div>
   <div class='ocr_carea' id='block_1_31' title="bbox 273 3057 1859 3130">
    <p class='ocr_par' dir='ltr' id='par_1_31' title="bbox 273 3057 1859 3130">
     <span class='ocr_line' id='line_1_31' title="bbox 273 3057 1859 3130; baseline -0.001 -17"><span class='ocrx_word' id='word_1_235' title='bbox 273 3076 380 3121; x_wconf 74' lang='lat' dir='ltr'><strong>sex,</strong></span> <span class='ocrx_word' id='word_1_236' title='bbox 410 3060 559 3130; x_wconf 81' lang='lat' dir='ltr'><strong>faciet</strong></span> <span class='ocrx_word' id='word_1_237' title='bbox 598 3075 857 3112; x_wconf 89' lang='lat' dir='ltr'><strong>mensuras</strong></span> <span class='ocrx_word' id='word_1_238' title='bbox 885 3067 1003 3112; x_wconf 87' lang='lat' dir='ltr'><strong>tres.</strong></span> <span class='ocrx_word' id='word_1_239' title='bbox 1034 3058 1116 3112; x_wconf 86' lang='lat' dir='ltr'><strong>Ab</strong></span> <span class='ocrx_word' id='word_1_240' title='bbox 1164 3057 1298 3112; x_wconf 86' lang='lat' dir='ltr'><strong>urbe</strong></span> <span class='ocrx_word' id='word_1_241' title='bbox 1326 3057 1377 3111; x_wconf 89' lang='lat' dir='ltr'><strong>in</strong></span> <span class='ocrx_word' id='word_1_242' title='bbox 1406 3057 1517 3127; x_wconf 87' lang='lat' dir='ltr'><strong>agri</strong></span> <span class='ocrx_word' id='word_1_243' title='bbox 1560 3057 1859 3111; x_wconf 68' lang='lat' dir='ltr'><strong>vastitatem</strong></span> 
     </span>
    </p>
   </div>
   <div class='ocr_carea' id='block_1_32' title="bbox 275 3146 1858 3217">
    <p class='ocr_par' dir='ltr' id='par_1_32' title="bbox 275 3146 1858 3217">
     <span class='ocr_line' id='line_1_32' title="bbox 275 3146 1858 3217; baseline -0.003 -12"><span class='ocrx_word' id='word_1_244' title='bbox 275 3165 578 3205; x_wconf 85' lang='lat' dir='ltr'><strong>sermonem</strong></span> <span class='ocrx_word' id='word_1_245' title='bbox 612 3150 809 3212; x_wconf 89' lang='lat' dir='ltr'><strong>educit,</strong></span> <span class='ocrx_word' id='word_1_246' title='bbox 841 3150 907 3201; x_wconf 88' lang='lat' dir='ltr'><strong>ita</strong></span> <span class='ocrx_word' id='word_1_247' title='bbox 940 3158 996 3202; x_wconf 90' lang='lat' dir='ltr'><strong>ut</strong></span> <span class='ocrx_word' id='word_1_248' title='bbox 1033 3147 1263 3217; x_wconf 91' lang='lat' dir='ltr'><strong>undique</strong></span> <span class='ocrx_word' id='word_1_249' title='bbox 1309 3146 1603 3200; x_wconf 83' lang='lat' dir='ltr'><strong>auditorem</strong></span> <span class='ocrx_word' id='word_1_250' title='bbox 1653 3147 1858 3215; x_wconf 83' lang='lat' dir='ltr'><strong>percel-</strong></span> 
     </span>
    </p>
   </div>
   <div class='ocr_carea' id='block_1_33' title="bbox 275 3238 1860 3309">
    <p class='ocr_par' dir='ltr' id='par_1_33' title="bbox 275 3238 1860 3309">
     <span class='ocr_line' id='line_1_33' title="bbox 275 3238 1860 3309; baseline -0.001 -15"><span class='ocrx_word' id='word_1_251' title='bbox 275 3243 367 3294; x_wconf 87' lang='lat' dir='ltr'><strong>lat.</strong></span> <span class='ocrx_word' id='word_1_252' title='bbox 402 3238 583 3309; x_wconf 83' lang='lat' dir='ltr'><strong>Neque</strong></span> <span class='ocrx_word' id='word_1_253' title='bbox 627 3242 771 3294; x_wconf 91' lang='lat' dir='ltr'><strong>enim</strong></span> <span class='ocrx_word' id='word_1_254' title='bbox 798 3239 1009 3304; x_wconf 90' lang='lat' dir='ltr'><strong>domus,</strong></span> <span class='ocrx_word' id='word_1_255' title='bbox 1052 3239 1250 3308; x_wconf 86' lang='lat' dir='ltr'><strong>inquit,</strong></span> <span class='ocrx_word' id='word_1_256' title='bbox 1286 3238 1612 3292; x_wconf 84' lang='lat' dir='ltr'><strong>habitatores</strong></span> <span class='ocrx_word' id='word_1_257' title='bbox 1650 3238 1860 3293; x_wconf 87' lang='lat' dir='ltr'><strong>detine—</strong></span> 
     </span>
    </p>
   </div>
   <div class='ocr_carea' id='block_1_34' title="bbox 274 3328 1855 3401">
    <p class='ocr_par' dir='ltr' id='par_1_34' title="bbox 274 3328 1855 3401">
     <span class='ocr_line' id='line_1_34' title="bbox 274 3328 1855 3401; baseline 0.001 -16"><span class='ocrx_word' id='word_1_258' title='bbox 274 3332 435 3397; x_wconf 87' lang='lat' dir='ltr'><strong>bunt,</strong></span> <span class='ocrx_word' id='word_1_259' title='bbox 484 3347 655 3401; x_wconf 85' lang='lat' dir='ltr'><strong>neque</strong></span> <span class='ocrx_word' id='word_1_260' title='bbox 700 3343 837 3385; x_wconf 91' lang='lat' dir='ltr'><strong>terra</strong></span> <span class='ocrx_word' id='word_1_261' title='bbox 876 3346 1024 3385; x_wconf 91' lang='lat' dir='ltr'><strong>suam</strong></span> <span class='ocrx_word' id='word_1_262' title='bbox 1053 3330 1294 3385; x_wconf 90' lang='lat' dir='ltr'><strong>ostendet</strong></span> <span class='ocrx_word' id='word_1_263' title='bbox 1327 3328 1557 3383; x_wconf 87' lang='lat' dir='ltr'><strong>nativam</strong></span> <span class='ocrx_word' id='word_1_264' title='bbox 1584 3330 1855 3387; x_wconf 83' lang='lat' dir='ltr'><strong>virtutem.</strong></span> 
     </span>
    </p>
   </div>
   <div class='ocr_carea' id='block_1_35' title="bbox 274 3420 1860 3493">
    <p class='ocr_par' dir='ltr' id='par_1_35' title="bbox 274 3420 1860 3493">
     <span class='ocr_line' id='line_1_35' title="bbox 274 3420 1860 3493; baseline -0.003 -14"><span class='ocrx_word' id='word_1_265' title='bbox 274 3425 487 3479; x_wconf 82' lang='lat' dir='ltr'><strong>Etenim</strong></span> <span class='ocrx_word' id='word_1_266' title='bbox 517 3425 583 3478; x_wconf 89' lang='lat' dir='ltr'><strong>ab</strong></span> <span class='ocrx_word' id='word_1_267' title='bbox 605 3425 754 3478; x_wconf 90' lang='lat' dir='ltr'><strong>initio</strong></span> <span class='ocrx_word' id='word_1_268' title='bbox 777 3423 845 3478; x_wconf 90' lang='lat' dir='ltr'><strong>ob</strong></span> <span class='ocrx_word' id='word_1_269' title='bbox 870 3422 999 3477; x_wconf 71' lang='lat' dir='ltr'><strong>Adae</strong></span> <span class='ocrx_word' id='word_1_270' title='bbox 1030 3431 1306 3493; x_wconf 89' lang='lat' dir='ltr'><strong>peceatum</strong></span> <span class='ocrx_word' id='word_1_271' title='bbox 1347 3421 1528 3489; x_wconf 86' lang='lat' dir='ltr'><strong>spinas</strong></span> <span class='ocrx_word' id='word_1_272' title='bbox 1554 3429 1608 3475; x_wconf 88' lang='lat' dir='ltr'><strong>et</strong></span> <span class='ocrx_word' id='word_1_273' title='bbox 1634 3420 1860 3475; x_wconf 83' lang='lat' dir='ltr'><strong>tribulos</strong></span> 
     </span>
    </p>
   </div>
   <div class='ocr_carea' id='block_1_36' title="bbox 276 3510 1855 3585">
    <p class='ocr_par' dir='ltr' id='par_1_36' title="bbox 276 3510 1855 3585">
     <span class='ocr_line' id='line_1_36' title="bbox 276 3510 1855 3585; baseline -0.001 -16"><span class='ocrx_word' id='word_1_274' title='bbox 276 3517 524 3585; x_wconf 84' lang='lat' dir='ltr'><strong>protulit;</strong></span> <span class='ocrx_word' id='word_1_275' title='bbox 569 3530 629 3570; x_wconf 94' lang='lat' dir='ltr'><strong>ac</strong></span> <span class='ocrx_word' id='word_1_276' title='bbox 685 3524 801 3585; x_wconf 86' lang='lat' dir='ltr'><strong>post</strong></span> <span class='ocrx_word' id='word_1_277' title='bbox 843 3515 1013 3579; x_wconf 89' lang='lat' dir='ltr'><strong>illum,</strong></span> <span class='ocrx_word' id='word_1_278' title='bbox 1046 3523 1261 3583; x_wconf 88' lang='lat' dir='ltr'><strong>propter</strong></span> <span class='ocrx_word' id='word_1_279' title='bbox 1307 3510 1454 3566; x_wconf 83' lang='lat' dir='ltr'><strong>Caini</strong></span> <span class='ocrx_word' id='word_1_280' title='bbox 1504 3513 1855 3583; x_wconf 87' lang='lat' dir='ltr'><strong>iniquitatem,</strong></span> 
     </span>
    </p>
   </div>
   <div class='ocr_carea' id='block_1_37' title="bbox 275 3603 1857 3675">
    <p class='ocr_par' dir='ltr' id='par_1_37' title="bbox 275 3603 1857 3675">
     <span class='ocr_line' id='line_1_37' title="bbox 275 3603 1857 3675; baseline -0.003 -15"><span class='ocrx_word' id='word_1_281' title='bbox 275 3608 444 3661; x_wconf 89' lang='lat' dir='ltr'><strong>multo</strong></span> <span class='ocrx_word' id='word_1_282' title='bbox 466 3606 726 3661; x_wconf 87' lang='lat' dir='ltr'><strong>minorem</strong></span> <span class='ocrx_word' id='word_1_283' title='bbox 752 3620 911 3675; x_wconf 88' lang='lat' dir='ltr'><strong>quam</strong></span> <span class='ocrx_word' id='word_1_284' title='bbox 937 3605 1145 3659; x_wconf 89' lang='lat' dir='ltr'><strong>labores</strong></span> <span class='ocrx_word' id='word_1_285' title='bbox 1165 3604 1280 3674; x_wconf 86' lang='lat' dir='ltr'><strong>ejus</strong></span> <span class='ocrx_word' id='word_1_286' title='bbox 1298 3603 1598 3673; x_wconf 86' lang='lat' dir='ltr'><strong>exigebant,</strong></span> <span class='ocrx_word' id='word_1_287' title='bbox 1623 3611 1677 3657; x_wconf 93' lang='lat' dir='ltr'><strong>et</strong></span> <span class='ocrx_word' id='word_1_288' title='bbox 1697 3617 1857 3671; x_wconf 90' lang='lat' dir='ltr'><strong>quam</strong></span> 
     </span>
    </p>
   </div>
   <div class='ocr_carea' id='block_1_38' title="bbox 272 3695 1858 3767">
    <p class='ocr_par' dir='ltr' id='par_1_38' title="bbox 272 3695 1858 3767">
     <span class='ocr_line' id='line_1_38' title="bbox 272 3695 1858 3767; baseline 0 -17"><span class='ocrx_word' id='word_1_289' title='bbox 272 3699 353 3752; x_wconf 86' lang='lat' dir='ltr'><strong>vis</strong></span> <span class='ocrx_word' id='word_1_290' title='bbox 379 3698 552 3751; x_wconf 88' lang='lat' dir='ltr'><strong>nativa</strong></span> <span class='ocrx_word' id='word_1_291' title='bbox 586 3706 739 3751; x_wconf 85' lang='lat' dir='ltr'><strong>terrae</strong></span> <span class='ocrx_word' id='word_1_292' title='bbox 781 3697 1116 3767; x_wconf 90' lang='lat' dir='ltr'><strong>postulabat,</strong></span> <span class='ocrx_word' id='word_1_293' title='bbox 1148 3704 1460 3765; x_wconf 87' lang='lat' dir='ltr'><strong>proventum</strong></span> <span class='ocrx_word' id='word_1_294' title='bbox 1494 3695 1631 3750; x_wconf 87' lang='lat' dir='ltr'><strong>tulit.</strong></span> <span class='ocrx_word' id='word_1_295' title='bbox 1678 3695 1858 3763; x_wconf 64' lang='lat' dir='ltr'><strong>Smpe-</strong></span> 
     </span>
    </p>
   </div>
   <div class='ocr_carea' id='block_1_39' title="bbox 271 3786 1853 3860">
    <p class='ocr_par' dir='ltr' id='par_1_39' title="bbox 271 3786 1853 3860">
     <span class='ocr_line' id='line_1_39' title="bbox 271 3786 1853 3860; baseline -0.002 -16"><span class='ocrx_word' id='word_1_296' title='bbox 271 3806 376 3860; x_wconf 87' lang='lat' dir='ltr'><strong>que</strong></span> <span class='ocrx_word' id='word_1_297' title='bbox 401 3790 524 3843; x_wconf 87' lang='lat' dir='ltr'><strong>alibi</strong></span> <span class='ocrx_word' id='word_1_298' title='bbox 554 3790 737 3843; x_wconf 89' lang='lat' dir='ltr'><strong>videre</strong></span> <span class='ocrx_word' id='word_1_299' title='bbox 758 3797 842 3843; x_wconf 89' lang='lat' dir='ltr'><strong>est</strong></span> <span class='ocrx_word' id='word_1_300' title='bbox 868 3796 1065 3841; x_wconf 88' lang='lat' dir='ltr'><strong>terram</strong></span> <span class='ocrx_word' id='word_1_301' title='bbox 1090 3788 1158 3841; x_wconf 92' lang='lat' dir='ltr'><strong>ob</strong></span> <span class='ocrx_word' id='word_1_302' title='bbox 1187 3796 1401 3855; x_wconf 89' lang='lat' dir='ltr'><strong>peccata</strong></span> <span class='ocrx_word' id='word_1_303' title='bbox 1431 3786 1702 3839; x_wconf 90' lang='lat' dir='ltr'><strong>hominum</strong></span> <span class='ocrx_word' id='word_1_304' title='bbox 1735 3787 1853 3855; x_wconf 86' lang='lat' dir='ltr'><strong>ple-</strong></span> 
     </span>
    </p>
   </div>
   <div class='ocr_carea' id='block_1_40' title="bbox 270 3876 1854 3948">
    <p class='ocr_par' dir='ltr' id='par_1_40' title="bbox 270 3876 1854 3948">
     <span class='ocr_line' id='line_1_40' title="bbox 270 3876 1854 3948; baseline -0.003 -13"><span class='ocrx_word' id='word_1_305' title='bbox 270 3881 363 3935; x_wconf 92' lang='lat' dir='ltr'><strong>cti.</strong></span> <span class='ocrx_word' id='word_1_306' title='bbox 397 3879 461 3934; x_wconf 86' lang='lat' dir='ltr'><strong>Et</strong></span> <span class='ocrx_word' id='word_1_307' title='bbox 492 3878 615 3948; x_wconf 89' lang='lat' dir='ltr'><strong>quid</strong></span> <span class='ocrx_word' id='word_1_308' title='bbox 659 3878 888 3942; x_wconf 89' lang='lat' dir='ltr'><strong>miraris,</strong></span> <span class='ocrx_word' id='word_1_309' title='bbox 929 3878 973 3930; x_wconf 89' lang='lat' dir='ltr'><strong>si</strong></span> <span class='ocrx_word' id='word_1_310' title='bbox 1018 3877 1269 3945; x_wconf 87' lang='lat' dir='ltr'><strong>iniquitas</strong></span> <span class='ocrx_word' id='word_1_311' title='bbox 1314 3885 1471 3930; x_wconf 66' lang='lat' dir='ltr'><strong>terra:</strong></span> <span class='ocrx_word' id='word_1_312' title='bbox 1529 3876 1854 3930; x_wconf 86' lang='lat' dir='ltr'><strong>fertilitatem</strong></span> 
     </span>
    </p>
   </div>
   <div class='ocr_carea' id='block_1_41' title="bbox 269 3967 1853 4039">
    <p class='ocr_par' dir='ltr' id='par_1_41' title="bbox 269 3967 1853 4039">
     <span class='ocr_line' id='line_1_41' title="bbox 269 3967 1853 4039; baseline -0.003 -13"><span class='ocrx_word' id='word_1_313' title='bbox 269 3972 531 4026; x_wconf 86' lang='lat' dir='ltr'><strong>obtundat</strong></span> <span class='ocrx_word' id='word_1_314' title='bbox 582 3969 961 4039; x_wconf 89' lang='lat' dir='ltr'><strong>hominumque</strong></span> <span class='ocrx_word' id='word_1_315' title='bbox 995 3967 1372 4022; x_wconf 88' lang='lat' dir='ltr'><strong>fecunditatem</strong></span> <span class='ocrx_word' id='word_1_316' title='bbox 1395 4009 1410 4034; x_wconf 88' lang='lat'><strong>,</strong></span> <span class='ocrx_word' id='word_1_317' title='bbox 1444 3967 1657 4038; x_wconf 88' lang='lat' dir='ltr'><strong>quando</strong></span> <span class='ocrx_word' id='word_1_318' title='bbox 1694 3969 1853 4022; x_wconf 88' lang='lat' dir='ltr'><strong>etiam</strong></span> 
     </span>
    </p>
   </div>
   <div class='ocr_carea' id='block_1_42' title="bbox 269 4058 1854 4132">
    <p class='ocr_par' dir='ltr' id='par_1_42' title="bbox 269 4058 1854 4132">
     <span class='ocr_line' id='line_1_42' title="bbox 269 4058 1854 4132; baseline -0.001 -15"><span class='ocrx_word' id='word_1_319' title='bbox 269 4072 488 4132; x_wconf 85' lang='lat' dir='ltr'><strong>propter</strong></span> <span class='ocrx_word' id='word_1_320' title='bbox 532 4075 629 4116; x_wconf 92' lang='lat' dir='ltr'><strong>nos</strong></span> <span class='ocrx_word' id='word_1_321' title='bbox 677 4060 1037 4129; x_wconf 88' lang='lat' dir='ltr'><strong>corruptibilis</strong></span> <span class='ocrx_word' id='word_1_322' title='bbox 1075 4058 1213 4114; x_wconf 77' lang='lat' dir='ltr'><strong>facta</strong></span> <span class='ocrx_word' id='word_1_323' title='bbox 1263 4068 1366 4125; x_wconf 89' lang='lat' dir='ltr'><strong>est,</strong></span> <span class='ocrx_word' id='word_1_324' title='bbox 1392 4067 1446 4114; x_wconf 90' lang='lat' dir='ltr'><strong>et</strong></span> <span class='ocrx_word' id='word_1_325' title='bbox 1494 4067 1709 4128; x_wconf 90' lang='lat' dir='ltr'><strong>propter</strong></span> <span class='ocrx_word' id='word_1_326' title='bbox 1755 4075 1854 4115; x_wconf 81' lang='lat' dir='ltr'><strong>nos</strong></span> 
     </span>
    </p>
   </div>
   <div class='ocr_carea' id='block_1_43' title="bbox 269 4149 1857 4220">
    <p class='ocr_par' dir='ltr' id='par_1_43' title="bbox 269 4149 1857 4220">
     <span class='ocr_line' id='line_1_43' title="bbox 269 4149 1857 4220; baseline -0.002 -12"><span class='ocrx_word' id='word_1_327' title='bbox 269 4167 484 4209; x_wconf 81' lang='lat' dir='ltr'><strong>rursum</strong></span> <span class='ocrx_word' id='word_1_328' title='bbox 558 4151 968 4220; x_wconf 88' lang='lat' dir='ltr'><strong>incorruptibilis</strong></span> <span class='ocrx_word' id='word_1_329' title='bbox 1036 4150 1302 4205; x_wconf 80' lang='lat' dir='ltr'><strong>efficitur?</strong></span> <span class='ocrx_word' id='word_1_330' title='bbox 1358 4149 1489 4217; x_wconf 86' lang='lat' dir='ltr'><strong>Quia</strong></span> <span class='ocrx_word' id='word_1_331' title='bbox 1539 4152 1684 4205; x_wconf 91' lang='lat' dir='ltr'><strong>enim</strong></span> <span class='ocrx_word' id='word_1_332' title='bbox 1733 4166 1857 4219; x_wconf 86' lang='lat' dir='ltr'><strong>pro-</strong></span> 
     </span>
    </p>
   </div>
   <div class='ocr_carea' id='block_1_44' title="bbox 266 4241 1848 4314">
    <p class='ocr_par' dir='ltr' id='par_1_44' title="bbox 266 4241 1848 4314">
     <span class='ocr_line' id='line_1_44' title="bbox 266 4241 1848 4314; baseline -0.002 -16"><span class='ocrx_word' id='word_1_333' title='bbox 266 4254 387 4314; x_wconf 82' lang='lat' dir='ltr'><strong>pter</strong></span> <span class='ocrx_word' id='word_1_334' title='bbox 424 4257 523 4297; x_wconf 89' lang='lat' dir='ltr'><strong>nos</strong></span> <span class='ocrx_word' id='word_1_335' title='bbox 571 4242 808 4306; x_wconf 91' lang='lat' dir='ltr'><strong>omnino,</strong></span> <span class='ocrx_word' id='word_1_336' title='bbox 837 4250 890 4295; x_wconf 93' lang='lat' dir='ltr'><strong>et</strong></span> <span class='ocrx_word' id='word_1_337' title='bbox 930 4250 1148 4310; x_wconf 89' lang='lat' dir='ltr'><strong>propter</strong></span> <span class='ocrx_word' id='word_1_338' title='bbox 1180 4241 1532 4295; x_wconf 89' lang='lat' dir='ltr'><strong>ministerium</strong></span> <span class='ocrx_word' id='word_1_339' title='bbox 1586 4250 1848 4308; x_wconf 90' lang='lat' dir='ltr'><strong>nostrum,</strong></span> 
     </span>
    </p>
   </div>
   <div class='ocr_carea' id='block_1_45' title="bbox 267 4328 1853 4398">
    <p class='ocr_par' dir='ltr' id='par_1_45' title="bbox 267 4328 1853 4398">
     <span class='ocr_line' id='line_1_45' title="bbox 267 4328 1853 4398; baseline -0.001 -11"><span class='ocrx_word' id='word_1_340' title='bbox 267 4332 631 4387; x_wconf 90' lang='lat' dir='ltr'><strong>exsistentiam</strong></span> <span class='ocrx_word' id='word_1_341' title='bbox 668 4330 892 4398; x_wconf 87' lang='lat' dir='ltr'><strong>accepit,</strong></span> <span class='ocrx_word' id='word_1_342' title='bbox 939 4328 1063 4382; x_wconf 91' lang='lat' dir='ltr'><strong>hinc</strong></span> <span class='ocrx_word' id='word_1_343' title='bbox 1104 4328 1265 4383; x_wconf 90' lang='lat' dir='ltr'><strong>etiam</strong></span> <span class='ocrx_word' id='word_1_344' title='bbox 1289 4328 1479 4398; x_wconf 83' lang='lat' dir='ltr'><strong>accipit</strong></span> <span class='ocrx_word' id='word_1_345' title='bbox 1523 4338 1581 4384; x_wconf 91' lang='lat' dir='ltr'><strong>ut</strong></span> <span class='ocrx_word' id='word_1_346' title='bbox 1626 4329 1725 4384; x_wconf 84' lang='lat' dir='ltr'><strong>hac</strong></span> <span class='ocrx_word' id='word_1_347' title='bbox 1767 4331 1853 4386; x_wconf 89' lang='lat' dir='ltr'><strong>vel</strong></span> 
     </span>
    </p>
   </div>
   <div class='ocr_carea' id='block_1_46' title="bbox 267 4419 1851 4489">
    <p class='ocr_par' dir='ltr' id='par_1_46' title="bbox 267 4419 1851 4489">
     <span class='ocr_line' id='line_1_46' title="bbox 267 4419 1851 4489; baseline -0.001 -11"><span class='ocrx_word' id='word_1_348' title='bbox 267 4424 355 4479; x_wconf 87' lang='lat' dir='ltr'><strong>illa</strong></span> <span class='ocrx_word' id='word_1_349' title='bbox 377 4421 683 4476; x_wconf 90' lang='lat' dir='ltr'><strong>conditione</strong></span> <span class='ocrx_word' id='word_1_350' title='bbox 706 4420 812 4474; x_wconf 91' lang='lat' dir='ltr'><strong>sint</strong></span> <span class='ocrx_word' id='word_1_351' title='bbox 830 4419 943 4488; x_wconf 86' lang='lat' dir='ltr'><strong>ejus</strong></span> <span class='ocrx_word' id='word_1_352' title='bbox 968 4419 1284 4489; x_wconf 91' lang='lat' dir='ltr'><strong>principium</strong></span> <span class='ocrx_word' id='word_1_353' title='bbox 1308 4430 1361 4475; x_wconf 91' lang='lat' dir='ltr'><strong>et</strong></span> <span class='ocrx_word' id='word_1_354' title='bbox 1387 4420 1559 4474; x_wconf 84' lang='lat' dir='ltr'><strong>radix.</strong></span> <span class='ocrx_word' id='word_1_355' title='bbox 1588 4420 1676 4475; x_wconf 91' lang='lat' dir='ltr'><strong>Sic</strong></span> <span class='ocrx_word' id='word_1_356' title='bbox 1690 4422 1851 4477; x_wconf 85' lang='lat' dir='ltr'><strong>etiam</strong></span> 
     </span>
    </p>
   </div>
   <div class='ocr_carea' id='block_1_47' title="bbox 272 4510 1851 4583">
    <p class='ocr_par' dir='ltr' id='par_1_47' title="bbox 272 4510 1851 4583">
     <span class='ocr_line' id='line_1_47' title="bbox 272 4510 1851 4583; baseline -0.001 -14"><span class='ocrx_word' id='word_1_357' title='bbox 272 4526 517 4583; x_wconf 85' lang='lat' dir='ltr'><strong>tempore</strong></span> <span class='ocrx_word' id='word_1_358' title='bbox 565 4511 677 4566; x_wconf 84' lang='lat' dir='ltr'><strong>Noe</strong></span> <span class='ocrx_word' id='word_1_359' title='bbox 711 4511 929 4565; x_wconf 90' lang='lat' dir='ltr'><strong>factum.</strong></span> <span class='ocrx_word' id='word_1_360' title='bbox 972 4510 1104 4578; x_wconf 84' lang='lat' dir='ltr'><strong>Quia</strong></span> <span class='ocrx_word' id='word_1_361' title='bbox 1133 4511 1183 4564; x_wconf 91' lang='lat' dir='ltr'><strong>in</strong></span> <span class='ocrx_word' id='word_1_362' title='bbox 1213 4522 1505 4566; x_wconf 81' lang='lat' dir='ltr'><strong>extremam</strong></span> <span class='ocrx_word' id='word_1_363' title='bbox 1559 4513 1851 4581; x_wconf 88' lang='lat' dir='ltr'><strong>nequitiam</strong></span> 
     </span>
    </p>
   </div>
   <div class='ocr_carea' id='block_1_48' title="bbox 268 4601 1847 4668">
    <p class='ocr_par' dir='ltr' id='par_1_48' title="bbox 268 4601 1847 4668">
     <span class='ocr_line' id='line_1_48' title="bbox 268 4601 1847 4668; baseline -0.001 -9"><span class='ocrx_word' id='word_1_364' title='bbox 268 4613 452 4660; x_wconf 82' lang='lat' dir='ltr'><strong>natura</strong></span> <span class='ocrx_word' id='word_1_365' title='bbox 482 4602 754 4656; x_wconf 88' lang='lat' dir='ltr'><strong>hominum</strong></span> <span class='ocrx_word' id='word_1_366' title='bbox 789 4601 1115 4666; x_wconf 83' lang='lat' dir='ltr'><strong>deﬂexerat,</strong></span> <span class='ocrx_word' id='word_1_367' title='bbox 1144 4616 1231 4656; x_wconf 91' lang='lat' dir='ltr'><strong>res</strong></span> <span class='ocrx_word' id='word_1_368' title='bbox 1252 4616 1439 4657; x_wconf 89' lang='lat' dir='ltr'><strong>omnes</strong></span> <span class='ocrx_word' id='word_1_369' title='bbox 1466 4602 1847 4668; x_wconf 89' lang='lat' dir='ltr'><strong>miscebantur,</strong></span> 
     </span>
    </p>
   </div>
   <div class='ocr_carea' id='block_1_49' title="bbox 268 4692 1846 4763">
    <p class='ocr_par' dir='ltr' id='par_1_49' title="bbox 268 4692 1846 4763">
     <span class='ocr_line' id='line_1_49' title="bbox 268 4692 1846 4763; baseline -0.002 -12"><span class='ocrx_word' id='word_1_370' title='bbox 268 4696 492 4760; x_wconf 79' lang='lat' dir='ltr'><strong>sentina,</strong></span> <span class='ocrx_word' id='word_1_371' title='bbox 526 4693 740 4763; x_wconf 64' lang='lat' dir='ltr'><strong>planae,</strong></span> <span class='ocrx_word' id='word_1_372' title='bbox 771 4692 1045 4747; x_wconf 87' lang='lat' dir='ltr'><strong>brutorum</strong></span> <span class='ocrx_word' id='word_1_373' title='bbox 1071 4707 1288 4761; x_wconf 84' lang='lat' dir='ltr'><strong>genera,</strong></span> <span class='ocrx_word' id='word_1_374' title='bbox 1328 4702 1465 4747; x_wconf 90' lang='lat' dir='ltr'><strong>terra</strong></span> <span class='ocrx_word' id='word_1_375' title='bbox 1489 4734 1505 4759; x_wconf 93' lang='lat'><strong>,</strong></span> <span class='ocrx_word' id='word_1_376' title='bbox 1538 4709 1706 4760; x_wconf 90' lang='lat' dir='ltr'><strong>mare,</strong></span> <span class='ocrx_word' id='word_1_377' title='bbox 1734 4710 1846 4761; x_wconf 84' lang='lat' dir='ltr'><strong>aer,</strong></span> 
     </span>
    </p>
   </div>
   <div class='ocr_carea' id='block_1_50' title="bbox 263 4782 1844 4849">
    <p class='ocr_par' dir='ltr' id='par_1_50' title="bbox 263 4782 1844 4849">
     <span class='ocr_line' id='line_1_50' title="bbox 263 4782 1844 4849; baseline -0.001 -10"><span class='ocrx_word' id='word_1_378' title='bbox 263 4794 496 4847; x_wconf 87' lang='lat' dir='ltr'><strong>montes,</strong></span> <span class='ocrx_word' id='word_1_379' title='bbox 528 4783 713 4845; x_wconf 89' lang='lat' dir='ltr'><strong>saltus,</strong></span> <span class='ocrx_word' id='word_1_380' title='bbox 751 4783 938 4845; x_wconf 86' lang='lat' dir='ltr'><strong>colles,</strong></span> <span class='ocrx_word' id='word_1_381' title='bbox 975 4782 1156 4844; x_wconf 82' lang='lat' dir='ltr'><strong>urbes,</strong></span> <span class='ocrx_word' id='word_1_382' title='bbox 1189 4783 1346 4846; x_wconf 89' lang='lat' dir='ltr'><strong>muri,</strong></span> <span class='ocrx_word' id='word_1_383' title='bbox 1380 4783 1591 4849; x_wconf 90' lang='lat' dir='ltr'><strong>domus,</strong></span> <span class='ocrx_word' id='word_1_384' title='bbox 1626 4795 1799 4840; x_wconf 86' lang='lat' dir='ltr'><strong>turres</strong></span> <span class='ocrx_word' id='word_1_385' title='bbox 1831 4802 1844 4837; x_wconf 88' lang='lat'>:</span> 
     </span>
    </p>
   </div>
   <div class='ocr_carea' id='block_1_51' title="bbox 263 4872 1839 4943">
    <p class='ocr_par' dir='ltr' id='par_1_51' title="bbox 263 4872 1839 4943">
     <span class='ocr_line' id='line_1_51' title="bbox 263 4872 1839 4943; baseline 0.003 -16"><span class='ocrx_word' id='word_1_386' title='bbox 263 4872 549 4941; x_wconf 86' lang='lat' dir='ltr'><strong>omniaque</strong></span> <span class='ocrx_word' id='word_1_387' title='bbox 592 4886 811 4940; x_wconf 89' lang='lat' dir='ltr'><strong>prorsus</strong></span> <span class='ocrx_word' id='word_1_388' title='bbox 840 4872 1062 4927; x_wconf 88' lang='lat' dir='ltr'><strong>terribili</strong></span> <span class='ocrx_word' id='word_1_389' title='bbox 1108 4873 1197 4925; x_wconf 93' lang='lat' dir='ltr'><strong>illo</strong></span> <span class='ocrx_word' id='word_1_390' title='bbox 1237 4874 1423 4943; x_wconf 80' lang='lat' dir='ltr'><strong>pelago</strong></span> <span class='ocrx_word' id='word_1_391' title='bbox 1452 4876 1839 4931; x_wconf 87' lang='lat' dir='ltr'><strong>obruebantur.</strong></span> 
     </span>
    </p>
   </div>
   <div class='ocr_carea' id='block_1_52' title="bbox 262 4967 1848 5039">
    <p class='ocr_par' dir='ltr' id='par_1_52' title="bbox 262 4967 1848 5039">
     <span class='ocr_line' id='line_1_52' title="bbox 262 4967 1848 5039; baseline 0.002 -18"><span class='ocrx_word' id='word_1_392' title='bbox 262 4967 396 5033; x_wconf 84' lang='lat' dir='ltr'><strong>Quia</strong></span> <span class='ocrx_word' id='word_1_393' title='bbox 440 4980 568 5021; x_wconf 82' lang='lat' dir='ltr'><strong>vero</strong></span> <span class='ocrx_word' id='word_1_394' title='bbox 606 4980 818 5020; x_wconf 91' lang='lat' dir='ltr'><strong>rursum</strong></span> <span class='ocrx_word' id='word_1_395' title='bbox 858 4980 1077 5020; x_wconf 89' lang='lat' dir='ltr'><strong>necesse</strong></span> <span class='ocrx_word' id='word_1_396' title='bbox 1116 4975 1315 5020; x_wconf 82' lang='lat' dir='ltr'><strong>eratut</strong></span> <span class='ocrx_word' id='word_1_397' title='bbox 1354 4968 1641 5022; x_wconf 88' lang='lat' dir='ltr'><strong>humanum</strong></span> <span class='ocrx_word' id='word_1_398' title='bbox 1681 4984 1848 5039; x_wconf 85' lang='lat' dir='ltr'><strong>genus</strong></span> 
     </span>
    </p>
   </div>
   <div class='ocr_carea' id='block_1_53' title="bbox 264 5056 1849 5129">
    <p class='ocr_par' dir='ltr' id='par_1_53' title="bbox 264 5056 1849 5129">
     <span class='ocr_line' id='line_1_53' title="bbox 264 5056 1849 5129; baseline -0.001 -14"><span class='ocrx_word' id='word_1_399' title='bbox 264 5066 616 5121; x_wconf 88' lang='lat' dir='ltr'><strong>accresceret,</strong></span> <span class='ocrx_word' id='word_1_400' title='bbox 651 5067 789 5112; x_wconf 87' lang='lat' dir='ltr'><strong>terra</strong></span> <span class='ocrx_word' id='word_1_401' title='bbox 817 5058 1055 5111; x_wconf 88' lang='lat' dir='ltr'><strong>nativum</strong></span> <span class='ocrx_word' id='word_1_402' title='bbox 1079 5070 1232 5110; x_wconf 88' lang='lat' dir='ltr'><strong>suum</strong></span> <span class='ocrx_word' id='word_1_403' title='bbox 1266 5056 1507 5113; x_wconf 89' lang='lat' dir='ltr'><strong>ordinem</strong></span> <span class='ocrx_word' id='word_1_404' title='bbox 1536 5061 1762 5129; x_wconf 87' lang='lat' dir='ltr'><strong>accepit,</strong></span> <span class='ocrx_word' id='word_1_405' title='bbox 1794 5070 1849 5114; x_wconf 89' lang='lat' dir='ltr'><strong>et</strong></span> 
     </span>
    </p>
   </div>
   <div class='ocr_carea' id='block_1_54' title="bbox 261 5148 1846 5221">
    <p class='ocr_par' dir='ltr' id='par_1_54' title="bbox 261 5148 1846 5221">
     <span class='ocr_line' id='line_1_54' title="bbox 261 5148 1846 5221; baseline -0.003 -12"><span class='ocrx_word' id='word_1_406' title='bbox 261 5156 315 5211; x_wconf 90' lang='lat' dir='ltr'><strong>in</strong></span> <span class='ocrx_word' id='word_1_407' title='bbox 350 5151 583 5221; x_wconf 88' lang='lat' dir='ltr'><strong>priorem</strong></span> <span class='ocrx_word' id='word_1_408' title='bbox 614 5148 928 5217; x_wconf 80' lang='lat' dir='ltr'><strong>elegantiam</strong></span> <span class='ocrx_word' id='word_1_409' title='bbox 969 5148 1209 5201; x_wconf 86' lang='lat' dir='ltr'><strong>restituta</strong></span> <span class='ocrx_word' id='word_1_410' title='bbox 1239 5158 1341 5201; x_wconf 86' lang='lat' dir='ltr'><strong>est.</strong></span> <span class='ocrx_word' id='word_1_411' title='bbox 1372 5148 1427 5202; x_wconf 88' lang='lat' dir='ltr'><strong>Id</strong></span> <span class='ocrx_word' id='word_1_412' title='bbox 1460 5158 1634 5203; x_wconf 83' lang='lat' dir='ltr'><strong>autem</strong></span> <span class='ocrx_word' id='word_1_413' title='bbox 1666 5150 1846 5204; x_wconf 84' lang='lat' dir='ltr'><strong>videas</strong></span> 
     </span>
    </p>
   </div>
   <div class='ocr_carea' id='block_1_55' title="bbox 261 5236 1845 5308">
    <p class='ocr_par' dir='ltr' id='par_1_55' title="bbox 261 5236 1845 5308">
     <span class='ocr_line' id='line_1_55' title="bbox 261 5236 1845 5308; baseline -0.003 -12"><span class='ocrx_word' id='word_1_414' title='bbox 261 5257 325 5296; x_wconf 84' lang='lat' dir='ltr'><strong>ex</strong></span> <span class='ocrx_word' id='word_1_415' title='bbox 354 5249 505 5308; x_wconf 89' lang='lat' dir='ltr'><strong>parte</strong></span> <span class='ocrx_word' id='word_1_416' title='bbox 539 5238 730 5291; x_wconf 91' lang='lat' dir='ltr'><strong>factum</strong></span> <span class='ocrx_word' id='word_1_417' title='bbox 757 5236 808 5290; x_wconf 93' lang='lat' dir='ltr'><strong>in</strong></span> <span class='ocrx_word' id='word_1_418' title='bbox 835 5236 1107 5290; x_wconf 89' lang='lat' dir='ltr'><strong>hominum</strong></span> <span class='ocrx_word' id='word_1_419' title='bbox 1153 5236 1431 5290; x_wconf 86' lang='lat' dir='ltr'><strong>honorem.</strong></span> <span class='ocrx_word' id='word_1_420' title='bbox 1462 5239 1666 5291; x_wconf 85' lang='lat' dir='ltr'><strong>Etenim</strong></span> <span class='ocrx_word' id='word_1_421' title='bbox 1697 5242 1845 5308; x_wconf 74' lang='lat' dir='ltr'><strong>pcla-</strong></span> 
     </span>
    </p>
   </div>
   <div class='ocr_carea' id='block_1_56' title="bbox 261 5327 1845 5402">
    <p class='ocr_par' dir='ltr' id='par_1_56' title="bbox 261 5327 1845 5402">
     <span class='ocr_line' id='line_1_56' title="bbox 261 5327 1845 5402; baseline -0.001 -18"><span class='ocrx_word' id='word_1_422' title='bbox 261 5346 358 5402; x_wconf 86' lang='lat' dir='ltr'><strong>gus</strong></span> <span class='ocrx_word' id='word_1_423' title='bbox 399 5344 458 5384; x_wconf 90' lang='lat' dir='ltr'><strong>se</strong></span> <span class='ocrx_word' id='word_1_424' title='bbox 489 5327 795 5390; x_wconf 90' lang='lat' dir='ltr'><strong>summovit,</strong></span> <span class='ocrx_word' id='word_1_425' title='bbox 825 5335 880 5380; x_wconf 89' lang='lat' dir='ltr'><strong>et</strong></span> <span class='ocrx_word' id='word_1_426' title='bbox 910 5328 1099 5381; x_wconf 87' lang='lat' dir='ltr'><strong>iterum</strong></span> <span class='ocrx_word' id='word_1_427' title='bbox 1128 5329 1389 5396; x_wconf 80' lang='lat' dir='ltr'><strong>apparuit,</strong></span> <span class='ocrx_word' id='word_1_428' title='bbox 1440 5328 1516 5382; x_wconf 86' lang='lat' dir='ltr'><strong>sel</strong></span> <span class='ocrx_word' id='word_1_429' title='bbox 1550 5328 1845 5383; x_wconf 85' lang='lat' dir='ltr'><strong>refrenatus</strong></span> 
     </span>
    </p>
   </div>
   <div class='ocr_carea' id='block_1_57' title="bbox 260 5419 1845 5489">
    <p class='ocr_par' dir='ltr' id='par_1_57' title="bbox 260 5419 1845 5489">
     <span class='ocr_line' id='line_1_57' title="bbox 260 5419 1845 5489; baseline -0.001 -11"><span class='ocrx_word' id='word_1_430' title='bbox 260 5429 343 5478; x_wconf 77' lang='lat' dir='ltr'><strong>est</strong></span> <span class='ocrx_word' id='word_1_431' title='bbox 361 5436 485 5476; x_wconf 91' lang='lat' dir='ltr'><strong>cum</strong></span> <span class='ocrx_word' id='word_1_432' title='bbox 516 5420 658 5484; x_wconf 88' lang='lat' dir='ltr'><strong>luna,</strong></span> <span class='ocrx_word' id='word_1_433' title='bbox 689 5419 1013 5486; x_wconf 87' lang='lat' dir='ltr'><strong>solitumque</strong></span> <span class='ocrx_word' id='word_1_434' title='bbox 1035 5434 1248 5473; x_wconf 88' lang='lat' dir='ltr'><strong>cursum</strong></span> <span class='ocrx_word' id='word_1_435' title='bbox 1274 5419 1535 5484; x_wconf 90' lang='lat' dir='ltr'><strong>deseruit,</strong></span> <span class='ocrx_word' id='word_1_436' title='bbox 1568 5421 1701 5489; x_wconf 83' lang='lat' dir='ltr'><strong>ignis</strong></span> <span class='ocrx_word' id='word_1_437' title='bbox 1724 5437 1845 5489; x_wconf 79' lang='lat' dir='ltr'><strong>qua:</strong></span> 
     </span>
    </p>
   </div>
   <div class='ocr_carea' id='block_1_58' title="bbox 260 5509 1837 5582">
    <p class='ocr_par' dir='ltr' id='par_1_58' title="bbox 260 5509 1837 5582">
     <span class='ocr_line' id='line_1_58' title="bbox 260 5509 1837 5582; baseline -0.003 -14"><span class='ocrx_word' id='word_1_438' title='bbox 260 5512 325 5568; x_wconf 85' lang='lat' dir='ltr'><strong>ad</strong></span> <span class='ocrx_word' id='word_1_439' title='bbox 345 5527 537 5582; x_wconf 88' lang='lat' dir='ltr'><strong>aquam</strong></span> <span class='ocrx_word' id='word_1_440' title='bbox 554 5509 887 5580; x_wconf 86' lang='lat' dir='ltr'><strong>pertinebant</strong></span> <span class='ocrx_word' id='word_1_441' title='bbox 907 5511 1168 5578; x_wconf 63' lang='lat' dir='ltr'><strong>priestitit,</strong></span> <span class='ocrx_word' id='word_1_442' title='bbox 1206 5520 1344 5564; x_wconf 90' lang='lat' dir='ltr'><strong>terra</strong></span> <span class='ocrx_word' id='word_1_443' title='bbox 1371 5526 1489 5578; x_wconf 80' lang='lat' dir='ltr'><strong>quae</strong></span> <span class='ocrx_word' id='word_1_444' title='bbox 1514 5512 1579 5564; x_wconf 92' lang='lat' dir='ltr'><strong>ad</strong></span> <span class='ocrx_word' id='word_1_445' title='bbox 1604 5511 1837 5580; x_wconf 80' lang='lat' dir='ltr'><strong>pelagus,</strong></span> 
     </span>
    </p>
   </div>
   <div class='ocr_carea' id='block_1_59' title="bbox 260 5600 1841 5673">
    <p class='ocr_par' dir='ltr' id='par_1_59' title="bbox 260 5600 1841 5673">
     <span class='ocr_line' id='line_1_59' title="bbox 260 5600 1841 5673; baseline -0.003 -13"><span class='ocrx_word' id='word_1_446' title='bbox 260 5603 477 5673; x_wconf 82' lang='lat' dir='ltr'><strong>pelagus</strong></span> <span class='ocrx_word' id='word_1_447' title='bbox 505 5617 621 5669; x_wconf 72' lang='lat' dir='ltr'><strong>quae</strong></span> <span class='ocrx_word' id='word_1_448' title='bbox 653 5600 718 5653; x_wconf 89' lang='lat' dir='ltr'><strong>ad</strong></span> <span class='ocrx_word' id='word_1_449' title='bbox 751 5610 946 5653; x_wconf 88' lang='lat' dir='ltr'><strong>terram</strong></span> <span class='ocrx_word' id='word_1_450' title='bbox 979 5616 991 5652; x_wconf 92' lang='lat'>:</span> <span class='ocrx_word' id='word_1_451' title='bbox 1028 5602 1334 5669; x_wconf 89' lang='lat' dir='ltr'><strong>omniaque,</strong></span> <span class='ocrx_word' id='word_1_452' title='bbox 1369 5611 1425 5655; x_wconf 93' lang='lat' dir='ltr'><strong>ut</strong></span> <span class='ocrx_word' id='word_1_453' title='bbox 1454 5602 1617 5655; x_wconf 87' lang='lat' dir='ltr'><strong>semel</strong></span> <span class='ocrx_word' id='word_1_454' title='bbox 1645 5602 1841 5668; x_wconf 86' lang='lat' dir='ltr'><strong>dicam,</strong></span> 
     </span>
    </p>
   </div>
   <div class='ocr_carea' id='block_1_60' title="bbox 260 5692 1839 5764">
    <p class='ocr_par' dir='ltr' id='par_1_60' title="bbox 260 5692 1839 5764">
     <span class='ocr_line' id='line_1_60' title="bbox 260 5692 1839 5764; baseline -0.001 -15"><span class='ocrx_word' id='word_1_455' title='bbox 260 5695 314 5749; x_wconf 89' lang='lat' dir='ltr'><strong>in</strong></span> <span class='ocrx_word' id='word_1_456' title='bbox 345 5692 623 5747; x_wconf 89' lang='lat' dir='ltr'><strong>utilitatem</strong></span> <span class='ocrx_word' id='word_1_457' title='bbox 650 5692 925 5746; x_wconf 89' lang='lat' dir='ltr'><strong>hominum</strong></span> <span class='ocrx_word' id='word_1_458' title='bbox 957 5708 1013 5747; x_wconf 91' lang='lat' dir='ltr'><strong>se</strong></span> <span class='ocrx_word' id='word_1_459' title='bbox 1046 5694 1443 5749; x_wconf 81' lang='lat' dir='ltr'><strong>transformant.</strong></span> <span class='ocrx_word' id='word_1_460' title='bbox 1483 5696 1547 5749; x_wconf 86' lang='lat' dir='ltr'><strong>Et</strong></span> <span class='ocrx_word' id='word_1_461' title='bbox 1574 5695 1695 5764; x_wconf 89' lang='lat' dir='ltr'><strong>quia</strong></span> <span class='ocrx_word' id='word_1_462' title='bbox 1722 5710 1839 5748; x_wconf 85' lang='lat' dir='ltr'><strong>ont-</strong></span> 
     </span>
    </p>
   </div>
   <div class='ocr_carea' id='block_1_61' title="bbox 261 5783 1839 5857">
    <p class='ocr_par' dir='ltr' id='par_1_61' title="bbox 261 5783 1839 5857">
     <span class='ocr_line' id='line_1_61' title="bbox 261 5783 1839 5857; baseline 0 -16"><span class='ocrx_word' id='word_1_463' title='bbox 261 5784 344 5841; x_wconf 87' lang='lat' dir='ltr'><strong>nia</strong></span> <span class='ocrx_word' id='word_1_464' title='bbox 377 5787 577 5841; x_wconf 85' lang='lat' dir='ltr'><strong>honore</strong></span> <span class='ocrx_word' id='word_1_465' title='bbox 606 5783 857 5857; x_wconf 76' lang='lat' dir='ltr'><strong>prteccdit</strong></span> <span class='ocrx_word' id='word_1_466' title='bbox 886 5784 1043 5840; x_wconf 87' lang='lat' dir='ltr'><strong>homo</strong></span> <span class='ocrx_word' id='word_1_467' title='bbox 1068 5827 1080 5853; x_wconf 91' lang='lat'><strong>,</strong></span> <span class='ocrx_word' id='word_1_468' title='bbox 1117 5797 1433 5857; x_wconf 80' lang='lat' dir='ltr'><strong>propterque</strong></span> <span class='ocrx_word' id='word_1_469' title='bbox 1459 5786 1631 5857; x_wconf 85' lang='lat' dir='ltr'><strong>ipsum</strong></span> <span class='ocrx_word' id='word_1_470' title='bbox 1660 5786 1839 5841; x_wconf 85' lang='lat' dir='ltr'><strong>omnia</strong></span> 
     </span>
    </p>
   </div>
   <div class='ocr_carea' id='block_1_62' title="bbox 1961 492 3544 572">
    <p class='ocr_par' dir='ltr' id='par_1_62' title="bbox 1961 492 3544 572">
     <span class='ocr_line' id='line_1_62' title="bbox 1961 492 3544 572; baseline 0.008 -27"><span class='ocrx_word' id='word_1_471' title='bbox 1961 492 2097 546; x_wconf 90' lang='lat' dir='ltr'><strong>facta</strong></span> <span class='ocrx_word' id='word_1_472' title='bbox 2127 500 2282 553; x_wconf 89' lang='lat' dir='ltr'><strong>sunt;</strong></span> <span class='ocrx_word' id='word_1_473' title='bbox 2341 492 2461 549; x_wconf 82' lang='lat' dir='ltr'><strong>ideo</strong></span> <span class='ocrx_word' id='word_1_474' title='bbox 2488 502 2541 549; x_wconf 91' lang='lat' dir='ltr'><strong>et</strong></span> <span class='ocrx_word' id='word_1_475' title='bbox 2568 508 2732 561; x_wconf 77' lang='lat' dir='ltr'><strong>nunc,</strong></span> <span class='ocrx_word' id='word_1_476' title='bbox 2759 494 2881 564; x_wconf 83' lang='lat' dir='ltr'><strong>quia</strong></span> <span class='ocrx_word' id='word_1_477' title='bbox 2895 495 3404 570; x_wconf 33' lang='lat' dir='ltr'><strong>Judaicusvpopulus</strong></span> <span class='ocrx_word' id='word_1_478' title='bbox 3430 518 3544 572; x_wconf 84' lang='lat' dir='ltr'><strong>pce-</strong></span> 
     </span>
    </p>
   </div>
   <div class='ocr_carea' id='block_1_63' title="bbox 1958 585 3537 661">
    <p class='ocr_par' dir='ltr' id='par_1_63' title="bbox 1958 585 3537 661">
     <span class='ocr_line' id='line_1_63' title="bbox 1958 585 3537 661; baseline 0.006 -22"><span class='ocrx_word' id='word_1_479' title='bbox 1958 585 2131 651; x_wconf 90' lang='lat' dir='ltr'><strong>cavit,</strong></span> <span class='ocrx_word' id='word_1_480' title='bbox 2162 596 2319 640; x_wconf 60' lang='lat' dir='ltr'><strong>terrae</strong></span> <span class='ocrx_word' id='word_1_481' title='bbox 2345 596 2525 654; x_wconf 91' lang='lat' dir='ltr'><strong>partus</strong></span> <span class='ocrx_word' id='word_1_482' title='bbox 2558 588 2696 642; x_wconf 88' lang='lat' dir='ltr'><strong>Deus</strong></span> <span class='ocrx_word' id='word_1_483' title='bbox 2725 588 2953 653; x_wconf 81' lang='lat' dir='ltr'><strong>cohibet,</strong></span> <span class='ocrx_word' id='word_1_484' title='bbox 2993 606 3055 644; x_wconf 90' lang='lat' dir='ltr'><strong>ac</strong></span> <span class='ocrx_word' id='word_1_485' title='bbox 3082 602 3205 661; x_wconf 88' lang='lat' dir='ltr'><strong>post</strong></span> <span class='ocrx_word' id='word_1_486' title='bbox 3230 596 3424 651; x_wconf 90' lang='lat' dir='ltr'><strong>multos</strong></span> <span class='ocrx_word' id='word_1_487' title='bbox 3456 596 3537 649; x_wconf 65' lang='lat' dir='ltr'><strong>lao</strong></span> 
     </span>
    </p>
   </div>
   <div class='ocr_carea' id='block_1_64' title="bbox 1961 679 3542 758">
    <p class='ocr_par' dir='ltr' id='par_1_64' title="bbox 1961 679 3542 758">
     <span class='ocr_line' id='line_1_64' title="bbox 1961 679 3542 758; baseline 0.006 -25"><span class='ocrx_word' id='word_1_488' title='bbox 1961 680 2121 735; x_wconf 88' lang='lat' dir='ltr'><strong>bores</strong></span> <span class='ocrx_word' id='word_1_489' title='bbox 2148 679 2476 749; x_wconf 88' lang='lat' dir='ltr'><strong>sudoresque</strong></span> <span class='ocrx_word' id='word_1_490' title='bbox 2500 697 2605 735; x_wconf 87' lang='lat' dir='ltr'><strong>non</strong></span> <span class='ocrx_word' id='word_1_491' title='bbox 2638 682 2766 736; x_wconf 91' lang='lat' dir='ltr'><strong>sinit</strong></span> <span class='ocrx_word' id='word_1_492' title='bbox 2790 682 2907 751; x_wconf 86' lang='lat' dir='ltr'><strong>ejus</strong></span> <span class='ocrx_word' id='word_1_493' title='bbox 2936 685 3137 740; x_wconf 81' lang='lat' dir='ltr'><strong>viscera</strong></span> <span class='ocrx_word' id='word_1_494' title='bbox 3170 687 3384 743; x_wconf 89' lang='lat' dir='ltr'><strong>solitum</strong></span> <span class='ocrx_word' id='word_1_495' title='bbox 3414 704 3542 758; x_wconf 84' lang='lat' dir='ltr'><strong>pror-</strong></span> 
     </span>
    </p>
   </div>
   <div class='ocr_carea' id='block_1_65' title="bbox 1960 769 3541 847">
    <p class='ocr_par' dir='ltr' id='par_1_65' title="bbox 1960 769 3541 847">
     <span class='ocr_line' id='line_1_65' title="bbox 1960 769 3541 847; baseline 0.007 -24"><span class='ocrx_word' id='word_1_496' title='bbox 1960 780 2175 824; x_wconf 90' lang='lat' dir='ltr'><strong>ventum</strong></span> <span class='ocrx_word' id='word_1_497' title='bbox 2219 769 2461 834; x_wconf 86' lang='lat' dir='ltr'><strong>referre;</strong></span> <span class='ocrx_word' id='word_1_498' title='bbox 2512 780 2571 825; x_wconf 92' lang='lat' dir='ltr'><strong>ut</strong></span> <span class='ocrx_word' id='word_1_499' title='bbox 2615 771 2739 826; x_wconf 87' lang='lat' dir='ltr'><strong>inde</strong></span> <span class='ocrx_word' id='word_1_500' title='bbox 2783 773 3011 840; x_wconf 88' lang='lat' dir='ltr'><strong>discant,</strong></span> <span class='ocrx_word' id='word_1_501' title='bbox 3054 789 3159 830; x_wconf 93' lang='lat' dir='ltr'><strong>non</strong></span> <span class='ocrx_word' id='word_1_502' title='bbox 3206 780 3541 847; x_wconf 76' lang='lat' dir='ltr'><strong>agricultura:</strong></span> 
     </span>
    </p>
   </div>
   <div class='ocr_carea' id='block_1_66' title="bbox 1961 860 3543 939">
    <p class='ocr_par' dir='ltr' id='par_1_66' title="bbox 1961 860 3543 939">
     <span class='ocr_line' id='line_1_66' title="bbox 1961 860 3543 939; baseline 0.006 -24"><span class='ocrx_word' id='word_1_503' title='bbox 1961 870 2149 925; x_wconf 88' lang='lat' dir='ltr'><strong>artem,</strong></span> <span class='ocrx_word' id='word_1_504' title='bbox 2178 876 2277 915; x_wconf 88' lang='lat' dir='ltr'><strong>nec</strong></span> <span class='ocrx_word' id='word_1_505' title='bbox 2317 860 2481 916; x_wconf 87' lang='lat' dir='ltr'><strong>boves</strong></span> <span class='ocrx_word' id='word_1_506' title='bbox 2509 872 2559 918; x_wconf 91' lang='lat' dir='ltr'><strong>et</strong></span> <span class='ocrx_word' id='word_1_507' title='bbox 2587 873 2823 918; x_wconf 89' lang='lat' dir='ltr'><strong>aratrum</strong></span> <span class='ocrx_word' id='word_1_508' title='bbox 2846 905 2860 928; x_wconf 91' lang='lat'><strong>,</strong></span> <span class='ocrx_word' id='word_1_509' title='bbox 2893 881 3064 937; x_wconf 90' lang='lat' dir='ltr'><strong>neque</strong></span> <span class='ocrx_word' id='word_1_510' title='bbox 3096 878 3250 924; x_wconf 66' lang='lat' dir='ltr'><strong>terra:</strong></span> <span class='ocrx_word' id='word_1_511' title='bbox 3276 882 3543 939; x_wconf 80' lang='lat' dir='ltr'><strong>naturam,</strong></span> 
     </span>
    </p>
   </div>
   <div class='ocr_carea' id='block_1_67' title="bbox 1962 955 3553 1025">
    <p class='ocr_par' dir='ltr' id='par_1_67' title="bbox 1962 955 3553 1025">
     <span class='ocr_line' id='line_1_67' title="bbox 1962 955 3553 1025; baseline 0.007 -18"><span class='ocrx_word' id='word_1_512' title='bbox 1962 969 2061 1009; x_wconf 89' lang='lat' dir='ltr'><strong>nec</strong></span> <span class='ocrx_word' id='word_1_513' title='bbox 2090 955 2231 1009; x_wconf 88' lang='lat' dir='ltr'><strong>aliud</strong></span> <span class='ocrx_word' id='word_1_514' title='bbox 2262 956 2435 1010; x_wconf 90' lang='lat' dir='ltr'><strong>simile</strong></span> <span class='ocrx_word' id='word_1_515' title='bbox 2455 957 2747 1025; x_wconf 91' lang='lat' dir='ltr'><strong>quidpiam,</strong></span> <span class='ocrx_word' id='word_1_516' title='bbox 2772 956 2867 1011; x_wconf 92' lang='lat' dir='ltr'><strong>sed</strong></span> <span class='ocrx_word' id='word_1_517' title='bbox 2897 959 3084 1012; x_wconf 91' lang='lat' dir='ltr'><strong>horum</strong></span> <span class='ocrx_word' id='word_1_518' title='bbox 3107 961 3342 1015; x_wconf 92' lang='lat' dir='ltr'><strong>omnium</strong></span> <span class='ocrx_word' id='word_1_519' title='bbox 3368 963 3553 1018; x_wconf 81' lang='lat' dir='ltr'><strong>Domi-</strong></span> 
     </span>
    </p>
   </div>
   <div class='ocr_carea' id='block_1_68' title="bbox 1962 1048 3547 1118">
    <p class='ocr_par' dir='ltr' id='par_1_68' title="bbox 1962 1048 3547 1118">
     <span class='ocr_line' id='line_1_68' title="bbox 1962 1048 3547 1118; baseline 0.006 -17"><span class='ocrx_word' id='word_1_520' title='bbox 1962 1063 2087 1101; x_wconf 91' lang='lat' dir='ltr'><strong>num</strong></span> <span class='ocrx_word' id='word_1_521' title='bbox 2116 1060 2258 1114; x_wconf 90' lang='lat' dir='ltr'><strong>esse,</strong></span> <span class='ocrx_word' id='word_1_522' title='bbox 2304 1050 2395 1118; x_wconf 91' lang='lat' dir='ltr'><strong>qui</strong></span> <span class='ocrx_word' id='word_1_523' title='bbox 2451 1048 2659 1104; x_wconf 89' lang='lat' dir='ltr'><strong>liberali</strong></span> <span class='ocrx_word' id='word_1_524' title='bbox 2688 1064 2847 1103; x_wconf 89' lang='lat' dir='ltr'><strong>manu</strong></span> <span class='ocrx_word' id='word_1_525' title='bbox 2876 1051 3052 1104; x_wconf 88' lang='lat' dir='ltr'><strong>omnia</strong></span> <span class='ocrx_word' id='word_1_526' title='bbox 3098 1052 3339 1118; x_wconf 80' lang='lat' dir='ltr'><strong>effundit,</strong></span> <span class='ocrx_word' id='word_1_527' title='bbox 3368 1065 3420 1109; x_wconf 89' lang='lat' dir='ltr'><strong>et</strong></span> <span class='ocrx_word' id='word_1_528' title='bbox 3448 1056 3547 1110; x_wconf 82' lang='lat' dir='ltr'><strong>ite-</strong></span> 
     </span>
    </p>
   </div>
   <div class='ocr_carea' id='block_1_69' title="bbox 1961 1137 3547 1217">
    <p class='ocr_par' dir='ltr' id='par_1_69' title="bbox 1961 1137 3547 1217">
     <span class='ocr_line' id='line_1_69' title="bbox 1961 1137 3547 1217; baseline 0.007 -26"><span class='ocrx_word' id='word_1_529' title='bbox 1961 1151 2103 1204; x_wconf 90' lang='lat' dir='ltr'><strong>rum,</strong></span> <span class='ocrx_word' id='word_1_530' title='bbox 2147 1152 2268 1192; x_wconf 93' lang='lat' dir='ltr'><strong>cum</strong></span> <span class='ocrx_word' id='word_1_531' title='bbox 2299 1138 2432 1205; x_wconf 89' lang='lat' dir='ltr'><strong>vult,</strong></span> <span class='ocrx_word' id='word_1_532' title='bbox 2473 1137 2651 1193; x_wconf 88' lang='lat' dir='ltr'><strong>omnia</strong></span> <span class='ocrx_word' id='word_1_533' title='bbox 2694 1139 2927 1195; x_wconf 89' lang='lat' dir='ltr'><strong>cohibet.</strong></span> <span class='ocrx_word' id='word_1_534' title='bbox 2956 1142 3041 1196; x_wconf 77' lang='grc'><strong>11.</strong></span> <span class='ocrx_word' id='word_1_535' title='bbox 3084 1140 3174 1197; x_wconf 76' lang='lat' dir='ltr'><strong>Va:</strong></span> <span class='ocrx_word' id='word_1_536' title='bbox 3208 1147 3295 1215; x_wconf 87' lang='lat' dir='ltr'><strong>qui</strong></span> <span class='ocrx_word' id='word_1_537' title='bbox 3332 1158 3547 1217; x_wconf 83' lang='lat' dir='ltr'><strong>surgunt</strong></span> 
     </span>
    </p>
   </div>
   <div class='ocr_carea' id='block_1_70' title="bbox 1961 1230 3541 1307">
    <p class='ocr_par' dir='ltr' id='par_1_70' title="bbox 1961 1230 3541 1307">
     <span class='ocr_line' id='line_1_70' title="bbox 1961 1230 3541 1307; baseline 0.008 -27"><span class='ocrx_word' id='word_1_538' title='bbox 1961 1243 2126 1295; x_wconf 88' lang='lat' dir='ltr'><strong>mane,</strong></span> <span class='ocrx_word' id='word_1_539' title='bbox 2146 1238 2191 1283; x_wconf 90' lang='lat' dir='ltr'><strong>et</strong></span> <span class='ocrx_word' id='word_1_540' title='bbox 2210 1230 2421 1284; x_wconf 85' lang='lat' dir='ltr'><strong>siceram</strong></span> <span class='ocrx_word' id='word_1_541' title='bbox 2449 1240 2829 1299; x_wconf 82' lang='lat' dir='ltr'><strong>persequuntur,</strong></span> <span class='ocrx_word' id='word_1_542' title='bbox 2853 1232 2937 1299; x_wconf 83' lang='lat' dir='ltr'><strong>qui</strong></span> <span class='ocrx_word' id='word_1_543' title='bbox 2958 1243 3161 1287; x_wconf 69' lang='lat' dir='ltr'><strong>manent</strong></span> <span class='ocrx_word' id='word_1_544' title='bbox 3184 1235 3249 1287; x_wconf 71' lang='lat' dir='ltr'><strong>ad</strong></span> <span class='ocrx_word' id='word_1_545' title='bbox 3265 1252 3541 1307; x_wconf 81' lang='lat' dir='ltr'><strong>vesperam.</strong></span> 
     </span>
    </p>
   </div>
   <div class='ocr_carea' id='block_1_71' title="bbox 1974 1317 3547 1382">
    <p class='ocr_par' dir='ltr' id='par_1_71' title="bbox 1974 1317 3547 1382">
     <span class='ocr_line' id='line_1_71' title="bbox 1974 1317 3547 1382; baseline 0.006 -9"><span class='ocrx_word' id='word_1_546' title='bbox 1974 1317 2155 1373; x_wconf 82' lang='lat' dir='ltr'><strong>Vinum</strong></span> <span class='ocrx_word' id='word_1_547' title='bbox 2193 1336 2323 1374; x_wconf 74' lang='lat' dir='ltr'><strong>enim</strong></span> <span class='ocrx_word' id='word_1_548' title='bbox 2372 1322 2646 1375; x_wconf 85' lang='lat' dir='ltr'><strong>succendet</strong></span> <span class='ocrx_word' id='word_1_549' title='bbox 2683 1338 2790 1375; x_wconf 90' lang='lat' dir='ltr'><strong>eos.</strong></span> <span class='ocrx_word' id='word_1_550' title='bbox 2826 1321 2915 1376; x_wconf 72' lang='grc'><strong>12.</strong></span> <span class='ocrx_word' id='word_1_551' title='bbox 2949 1321 3087 1376; x_wconf 77' lang='lat' dir='ltr'><strong>Nam</strong></span> <span class='ocrx_word' id='word_1_552' title='bbox 3132 1341 3247 1378; x_wconf 86' lang='lat' dir='ltr'><strong>cum</strong></span> <span class='ocrx_word' id='word_1_553' title='bbox 3273 1327 3472 1381; x_wconf 81' lang='lat' dir='ltr'><strong>cit/mra</strong></span> <span class='ocrx_word' id='word_1_554' title='bbox 3496 1338 3547 1382; x_wconf 86' lang='lat' dir='ltr'><strong>et</strong></span> 
     </span>
    </p>
   </div>
   <div class='ocr_carea' id='block_1_72' title="bbox 1964 1411 3551 1487">
    <p class='ocr_par' dir='ltr' id='par_1_72' title="bbox 1964 1411 3551 1487">
     <span class='ocr_line' id='line_1_72' title="bbox 1964 1411 3551 1487; baseline 0.005 -23"><span class='ocrx_word' id='word_1_555' title='bbox 1964 1411 2205 1480; x_wconf 80' lang='lat' dir='ltr'><strong>psalterio</strong></span> <span class='ocrx_word' id='word_1_556' title='bbox 2228 1420 2276 1465; x_wconf 90' lang='lat' dir='ltr'><strong>et</strong></span> <span class='ocrx_word' id='word_1_557' title='bbox 2316 1412 2570 1482; x_wconf 84' lang='lat' dir='ltr'><strong>tympanis</strong></span> <span class='ocrx_word' id='word_1_558' title='bbox 2593 1421 2641 1465; x_wconf 89' lang='lat' dir='ltr'><strong>et</strong></span> <span class='ocrx_word' id='word_1_559' title='bbox 2680 1412 2816 1466; x_wconf 86' lang='lat' dir='ltr'><strong>tibiis</strong></span> <span class='ocrx_word' id='word_1_560' title='bbox 2844 1414 3016 1467; x_wconf 83' lang='lat' dir='ltr'><strong>vinum</strong></span> <span class='ocrx_word' id='word_1_561' title='bbox 3035 1414 3208 1469; x_wconf 87' lang='lat' dir='ltr'><strong>bibunt</strong></span> <span class='ocrx_word' id='word_1_562' title='bbox 3234 1434 3252 1470; x_wconf 89' lang='lat'><strong><em>:</em></strong></span> <span class='ocrx_word' id='word_1_563' title='bbox 3274 1434 3427 1487; x_wconf 86' lang='lat' dir='ltr'><strong>opera</strong></span> <span class='ocrx_word' id='word_1_564' title='bbox 3453 1435 3551 1472; x_wconf 90' lang='lat' dir='ltr'><strong>au-</strong></span> 
     </span>
    </p>
   </div>
   <div class='ocr_carea' id='block_1_73' title="bbox 1961 1500 3539 1575">
    <p class='ocr_par' dir='ltr' id='par_1_73' title="bbox 1961 1500 3539 1575">
     <span class='ocr_line' id='line_1_73' title="bbox 1961 1500 3539 1575; baseline 0.002 -21"><span class='ocrx_word' id='word_1_565' title='bbox 1961 1517 2058 1555; x_wconf 84' lang='lat' dir='ltr'><strong>tent</strong></span> <span class='ocrx_word' id='word_1_566' title='bbox 2086 1500 2184 1555; x_wconf 86' lang='lat' dir='ltr'><strong>Dei</strong></span> <span class='ocrx_word' id='word_1_567' title='bbox 2205 1518 2308 1555; x_wconf 88' lang='lat' dir='ltr'><strong>non</strong></span> <span class='ocrx_word' id='word_1_568' title='bbox 2328 1504 2622 1572; x_wconf 87' lang='lat' dir='ltr'><strong>respiciunt,</strong></span> <span class='ocrx_word' id='word_1_569' title='bbox 2656 1513 2701 1558; x_wconf 87' lang='lat' dir='ltr'><strong>et</strong></span> <span class='ocrx_word' id='word_1_570' title='bbox 2720 1519 2874 1571; x_wconf 82' lang='lat' dir='ltr'><strong>opera</strong></span> <span class='ocrx_word' id='word_1_571' title='bbox 2895 1521 3137 1558; x_wconf 86' lang='lat' dir='ltr'><strong>manuum</strong></span> <span class='ocrx_word' id='word_1_572' title='bbox 3164 1507 3272 1575; x_wconf 85' lang='lat' dir='ltr'><strong>ejus</strong></span> <span class='ocrx_word' id='word_1_573' title='bbox 3296 1525 3396 1561; x_wconf 86' lang='lat' dir='ltr'><strong>non</strong></span> <span class='ocrx_word' id='word_1_574' title='bbox 3418 1521 3539 1563; x_wconf 86' lang='lat' dir='ltr'><strong>con-</strong></span> 
     </span>
    </p>
   </div>
   <div class='ocr_carea' id='block_1_74' title="bbox 1960 1594 3549 1665">
    <p class='ocr_par' dir='ltr' id='par_1_74' title="bbox 1960 1594 3549 1665">
     <span class='ocr_line' id='line_1_74' title="bbox 1960 1594 3549 1665; baseline 0.007 -18"><span class='ocrx_word' id='word_1_575' title='bbox 1960 1594 2203 1649; x_wconf 81' lang='lat' dir='ltr'><strong>siderant.</strong></span> <span class='ocrx_word' id='word_1_576' title='bbox 2230 1595 2515 1663; x_wconf 89' lang='lat' dir='ltr'><strong>Postquam</strong></span> <span class='ocrx_word' id='word_1_577' title='bbox 2543 1596 2814 1665; x_wconf 89' lang='lat' dir='ltr'><strong>iugentem</strong></span> <span class='ocrx_word' id='word_1_578' title='bbox 2839 1597 3051 1651; x_wconf 89' lang='lat' dir='ltr'><strong>illorum</strong></span> <span class='ocrx_word' id='word_1_579' title='bbox 3071 1601 3348 1655; x_wconf 89' lang='lat' dir='ltr'><strong>avaritiam</strong></span> <span class='ocrx_word' id='word_1_580' title='bbox 3365 1602 3549 1658; x_wconf 87' lang='lat' dir='ltr'><strong>redar-</strong></span> 
     </span>
    </p>
   </div>
   <div class='ocr_carea' id='block_1_75' title="bbox 1960 1686 3546 1761">
    <p class='ocr_par' dir='ltr' id='par_1_75' title="bbox 1960 1686 3546 1761">
     <span class='ocr_line' id='line_1_75' title="bbox 1960 1686 3546 1761; baseline 0.005 -20"><span class='ocrx_word' id='word_1_581' title='bbox 1960 1688 2091 1757; x_wconf 89' lang='lat' dir='ltr'><strong>guit,</strong></span> <span class='ocrx_word' id='word_1_582' title='bbox 2123 1687 2251 1741; x_wconf 87' lang='lat' dir='ltr'><strong>mali</strong></span> <span class='ocrx_word' id='word_1_583' title='bbox 2289 1687 2523 1742; x_wconf 88' lang='lat' dir='ltr'><strong>radicem</strong></span> <span class='ocrx_word' id='word_1_584' title='bbox 2546 1689 2629 1741; x_wconf 89' lang='lat' dir='ltr'><strong>hic</strong></span> <span class='ocrx_word' id='word_1_585' title='bbox 2656 1688 2825 1758; x_wconf 91' lang='lat' dir='ltr'><strong>ponit.</strong></span> <span class='ocrx_word' id='word_1_586' title='bbox 2855 1686 2983 1743; x_wconf 76' lang='lat' dir='ltr'><strong>[hec</strong></span> <span class='ocrx_word' id='word_1_587' title='bbox 3007 1706 3135 1745; x_wconf 89' lang='lat' dir='ltr'><strong>vero</strong></span> <span class='ocrx_word' id='word_1_588' title='bbox 3154 1702 3268 1745; x_wconf 90' lang='lat' dir='ltr'><strong>erat</strong></span> <span class='ocrx_word' id='word_1_589' title='bbox 3293 1694 3546 1761; x_wconf 87' lang='lat' dir='ltr'><strong>ebrietas,</strong></span> 
     </span>
    </p>
   </div>
   <div class='ocr_carea' id='block_1_76' title="bbox 1962 1782 3549 1841">
    <p class='ocr_par' dir='ltr' id='par_1_76' title="bbox 1962 1782 3549 1841">
     <span class='ocr_line' id='line_1_76' title="bbox 1962 1782 3549 1841; baseline 0.004 -7"><span class='ocrx_word' id='word_1_590' title='bbox 1962 1788 2336 1836; x_wconf 83' lang='lat' dir='ltr'><strong>sexcentorum</strong></span> <span class='ocrx_word' id='word_1_591' title='bbox 2368 1795 2527 1836; x_wconf 90' lang='lat' dir='ltr'><strong>causa</strong></span> <span class='ocrx_word' id='word_1_592' title='bbox 2568 1782 2828 1836; x_wconf 90' lang='lat' dir='ltr'><strong>malorum</strong></span> <span class='ocrx_word' id='word_1_593' title='bbox 2859 1799 2872 1835; x_wconf 89' lang='lat'><strong>:</strong></span> <span class='ocrx_word' id='word_1_594' title='bbox 2900 1798 3020 1837; x_wconf 88' lang='lat' dir='ltr'><strong>cum</strong></span> <span class='ocrx_word' id='word_1_595' title='bbox 3062 1785 3289 1841; x_wconf 82' lang='lat' dir='ltr'><strong>maxime</strong></span> <span class='ocrx_word' id='word_1_596' title='bbox 3318 1786 3405 1840; x_wconf 87' lang='lat' dir='ltr'><strong>illa</strong></span> <span class='ocrx_word' id='word_1_597' title='bbox 3433 1803 3549 1841; x_wconf 91' lang='lat' dir='ltr'><strong>mo-</strong></span> 
     </span>
    </p>
   </div>
   <div class='ocr_carea' id='block_1_77' title="bbox 1961 1870 2597 1927">
    <p class='ocr_par' dir='ltr' id='par_1_77' title="bbox 1961 1870 2597 1927">
     <span class='ocr_line' id='line_1_77' title="bbox 1961 1870 2597 1927; baseline 0 -1"><span class='ocrx_word' id='word_1_598' title='bbox 1961 1870 2092 1926; x_wconf 90' lang='lat' dir='ltr'><strong>dum</strong></span> <span class='ocrx_word' id='word_1_599' title='bbox 2121 1886 2338 1927; x_wconf 92' lang='lat' dir='ltr'><strong>omnem</strong></span> <span class='ocrx_word' id='word_1_600' title='bbox 2366 1873 2597 1927; x_wconf 83' lang='lat' dir='ltr'><strong>excedit.</strong></span> 
     </span>
    </p>
   </div>
   <div class='ocr_carea' id='block_1_78' title="bbox 2032 1961 3547 2037">
    <p class='ocr_par' dir='ltr' id='par_1_78' title="bbox 2032 1961 3547 2037">
     <span class='ocr_line' id='line_1_78' title="bbox 2032 1961 3547 2037; baseline 0.005 -21"><span class='ocrx_word' id='word_1_601' title='bbox 2032 1962 2086 2016; x_wconf 86' lang='lat'><strong>5.</strong></span> <span class='ocrx_word' id='word_1_602' title='bbox 2147 1961 2336 2017; x_wconf 86' lang='lat' dir='ltr'><strong>Contra</strong></span> <span class='ocrx_word' id='word_1_603' title='bbox 2383 1963 2687 2017; x_wconf 77' lang='lat' dir='ltr'><strong>ebrietatem.</strong></span> <span class='ocrx_word' id='word_1_604' title='bbox 2740 1994 2812 2004; x_wconf 96' lang='lat'><strong><em>—</em></strong></span> <span class='ocrx_word' id='word_1_605' title='bbox 2859 1965 3093 2019; x_wconf 89' lang='lat' dir='ltr'><strong>Observa</strong></span> <span class='ocrx_word' id='word_1_606' title='bbox 3144 1966 3338 2037; x_wconf 83' lang='lat' dir='ltr'><strong>igitur,</strong></span> <span class='ocrx_word' id='word_1_607' title='bbox 3387 1985 3547 2033; x_wconf 87' lang='lat' dir='ltr'><strong>quam</strong></span> 
     </span>
    </p>
   </div>
   <div class='ocr_carea' id='block_1_79' title="bbox 1960 2053 3552 2114">
    <p class='ocr_par' dir='ltr' id='par_1_79' title="bbox 1960 2053 3552 2114">
     <span class='ocr_line' id='line_1_79' title="bbox 1960 2053 3552 2114; baseline 0.004 -7"><span class='ocrx_word' id='word_1_608' title='bbox 1960 2061 2206 2107; x_wconf 90' lang='lat' dir='ltr'><strong>accurate</strong></span> <span class='ocrx_word' id='word_1_609' title='bbox 2229 2053 2348 2106; x_wconf 89' lang='lat' dir='ltr'><strong>illos</strong></span> <span class='ocrx_word' id='word_1_610' title='bbox 2397 2053 2656 2108; x_wconf 85' lang='lat' dir='ltr'><strong>traducat.</strong></span> <span class='ocrx_word' id='word_1_611' title='bbox 2687 2054 2878 2108; x_wconf 87' lang='lat' dir='ltr'><strong>Totum</strong></span> <span class='ocrx_word' id='word_1_612' title='bbox 2918 2056 3059 2109; x_wconf 88' lang='lat' dir='ltr'><strong>enim</strong></span> <span class='ocrx_word' id='word_1_613' title='bbox 3085 2057 3224 2111; x_wconf 92' lang='lat' dir='ltr'><strong>diem</strong></span> <span class='ocrx_word' id='word_1_614' title='bbox 3251 2058 3302 2112; x_wconf 91' lang='lat' dir='ltr'><strong>in</strong></span> <span class='ocrx_word' id='word_1_615' title='bbox 3329 2058 3441 2113; x_wconf 77' lang='lat' dir='ltr'><strong>hcrc</strong></span> <span class='ocrx_word' id='word_1_616' title='bbox 3468 2060 3552 2114; x_wconf 35' lang='lat' dir='ltr'><strong>ius</strong></span> 
     </span>
    </p>
   </div>
   <div class='ocr_carea' id='block_1_80' title="bbox 1962 2140 3550 2214">
    <p class='ocr_par' dir='ltr' id='par_1_80' title="bbox 1962 2140 3550 2214">
     <span class='ocr_line' id='line_1_80' title="bbox 1962 2140 3550 2214; baseline 0.005 -19"><span class='ocrx_word' id='word_1_617' title='bbox 1962 2141 2102 2195; x_wconf 92' lang='lat' dir='ltr'><strong>sumi</strong></span> <span class='ocrx_word' id='word_1_618' title='bbox 2128 2142 2277 2197; x_wconf 92' lang='lat' dir='ltr'><strong>dicit.</strong></span> <span class='ocrx_word' id='word_1_619' title='bbox 2317 2140 2500 2211; x_wconf 88' lang='lat' dir='ltr'><strong>Neque</strong></span> <span class='ocrx_word' id='word_1_620' title='bbox 2526 2143 2667 2198; x_wconf 88' lang='lat' dir='ltr'><strong>enim</strong></span> <span class='ocrx_word' id='word_1_621' title='bbox 2696 2158 2817 2198; x_wconf 90' lang='lat' dir='ltr'><strong>cum</strong></span> <span class='ocrx_word' id='word_1_622' title='bbox 2856 2146 3220 2212; x_wconf 90' lang='lat' dir='ltr'><strong>prandendum</strong></span> <span class='ocrx_word' id='word_1_623' title='bbox 3252 2149 3425 2214; x_wconf 92' lang='lat' dir='ltr'><strong>est,id</strong></span> <span class='ocrx_word' id='word_1_624' title='bbox 3472 2149 3550 2203; x_wconf 59' lang='lat' dir='ltr'><strong>fac</strong></span> 
     </span>
    </p>
   </div>
   <div class='ocr_carea' id='block_1_81' title="bbox 1962 2231 3552 2306">
    <p class='ocr_par' dir='ltr' id='par_1_81' title="bbox 1962 2231 3552 2306">
     <span class='ocr_line' id='line_1_81' title="bbox 1962 2231 3552 2306; baseline 0.006 -20"><span class='ocrx_word' id='word_1_625' title='bbox 1962 2232 2142 2295; x_wconf 89' lang='lat' dir='ltr'><strong>ciunt,</strong></span> <span class='ocrx_word' id='word_1_626' title='bbox 2168 2231 2357 2301; x_wconf 90' lang='lat' dir='ltr'><strong>inquit,</strong></span> <span class='ocrx_word' id='word_1_627' title='bbox 2384 2232 2477 2286; x_wconf 88' lang='lat' dir='ltr'><strong>sed</strong></span> <span class='ocrx_word' id='word_1_628' title='bbox 2504 2247 2663 2287; x_wconf 82' lang='lat' dir='ltr'><strong>omne</strong></span> <span class='ocrx_word' id='word_1_629' title='bbox 2690 2243 2899 2302; x_wconf 87' lang='lat' dir='ltr'><strong>tempus</strong></span> <span class='ocrx_word' id='word_1_630' title='bbox 2946 2235 2997 2288; x_wconf 90' lang='lat' dir='ltr'><strong>in</strong></span> <span class='ocrx_word' id='word_1_631' title='bbox 3024 2235 3295 2291; x_wconf 88' lang='lat' dir='ltr'><strong>ebrietatis</strong></span> <span class='ocrx_word' id='word_1_632' title='bbox 3341 2248 3552 2306; x_wconf 85' lang='lat' dir='ltr'><strong>tempus</strong></span> 
     </span>
    </p>
   </div>
   <div class='ocr_carea' id='block_1_82' title="bbox 1963 2323 3564 2395">
    <p class='ocr_par' dir='ltr' id='par_1_82' title="bbox 1963 2323 3564 2395">
     <span class='ocr_line' id='line_1_82' title="bbox 1963 2323 3564 2395; baseline 0.007 -21"><span class='ocrx_word' id='word_1_633' title='bbox 1963 2332 2232 2378; x_wconf 85' lang='lat' dir='ltr'><strong>vertentes</strong></span> <span class='ocrx_word' id='word_1_634' title='bbox 2253 2363 2268 2387; x_wconf 90' lang='lat'><strong>,</strong></span> <span class='ocrx_word' id='word_1_635' title='bbox 2298 2323 2366 2378; x_wconf 91' lang='lat' dir='ltr'><strong>ab</strong></span> <span class='ocrx_word' id='word_1_636' title='bbox 2393 2332 2513 2378; x_wconf 90' lang='lat' dir='ltr'><strong>ortu</strong></span> <span class='ocrx_word' id='word_1_637' title='bbox 2538 2323 2641 2379; x_wconf 88' lang='lat' dir='ltr'><strong>diei</strong></span> <span class='ocrx_word' id='word_1_638' title='bbox 2664 2363 2680 2389; x_wconf 90' lang='lat'><strong>,</strong></span> <span class='ocrx_word' id='word_1_639' title='bbox 2723 2324 2937 2395; x_wconf 88' lang='lat' dir='ltr'><strong>quando</strong></span> <span class='ocrx_word' id='word_1_640' title='bbox 2976 2328 3208 2383; x_wconf 80' lang='lat' dir='ltr'><strong>maxime</strong></span> <span class='ocrx_word' id='word_1_641' title='bbox 3243 2328 3343 2383; x_wconf 91' lang='lat' dir='ltr'><strong>sibi</strong></span> <span class='ocrx_word' id='word_1_642' title='bbox 3374 2339 3564 2385; x_wconf 68' lang='lat' dir='ltr'><strong>atten-.</strong></span> 
     </span>
    </p>
   </div>
   <div class='ocr_carea' id='block_1_83' title="bbox 1961 2412 3550 2483">
    <p class='ocr_par' dir='ltr' id='par_1_83' title="bbox 1961 2412 3550 2483">
     <span class='ocr_line' id='line_1_83' title="bbox 1961 2412 3550 2483; baseline 0.007 -16"><span class='ocrx_word' id='word_1_643' title='bbox 1961 2412 2089 2467; x_wconf 90' lang='lat' dir='ltr'><strong>dere</strong></span> <span class='ocrx_word' id='word_1_644' title='bbox 2114 2413 2416 2480; x_wconf 89' lang='lat' dir='ltr'><strong>debebant,</strong></span> <span class='ocrx_word' id='word_1_645' title='bbox 2448 2415 2614 2469; x_wconf 90' lang='lat' dir='ltr'><strong>multo</strong></span> <span class='ocrx_word' id='word_1_646' title='bbox 2639 2430 2790 2471; x_wconf 90' lang='lat' dir='ltr'><strong>mero</strong></span> <span class='ocrx_word' id='word_1_647' title='bbox 2816 2431 2875 2471; x_wconf 92' lang='lat' dir='ltr'><strong>se</strong></span> <span class='ocrx_word' id='word_1_648' title='bbox 2903 2416 3179 2483; x_wconf 90' lang='lat' dir='ltr'><strong>dedentes,</strong></span> <span class='ocrx_word' id='word_1_649' title='bbox 3212 2421 3406 2476; x_wconf 90' lang='lat' dir='ltr'><strong>vellent</strong></span> <span class='ocrx_word' id='word_1_650' title='bbox 3432 2425 3550 2478; x_wconf 80' lang='lat' dir='ltr'><strong>nol—</strong></span> 
     </span>
    </p>
   </div>
   <div class='ocr_carea' id='block_1_84' title="bbox 1961 2502 3550 2580">
    <p class='ocr_par' dir='ltr' id='par_1_84' title="bbox 1961 2502 3550 2580">
     <span class='ocr_line' id='line_1_84' title="bbox 1961 2502 3550 2580; baseline 0.008 -24"><span class='ocrx_word' id='word_1_651' title='bbox 1961 2502 2072 2557; x_wconf 90' lang='lat' dir='ltr'><strong>lent</strong></span> <span class='ocrx_word' id='word_1_652' title='bbox 2106 2502 2360 2572; x_wconf 91' lang='lat' dir='ltr'><strong>deinceps</strong></span> <span class='ocrx_word' id='word_1_653' title='bbox 2400 2519 2568 2574; x_wconf 90' lang='lat' dir='ltr'><strong>usque</strong></span> <span class='ocrx_word' id='word_1_654' title='bbox 2597 2506 2663 2560; x_wconf 90' lang='lat' dir='ltr'><strong>ad</strong></span> <span class='ocrx_word' id='word_1_655' title='bbox 2689 2521 2969 2575; x_wconf 87' lang='lat' dir='ltr'><strong>vesperam</strong></span> <span class='ocrx_word' id='word_1_656' title='bbox 2997 2510 3048 2562; x_wconf 90' lang='lat' dir='ltr'><strong>in</strong></span> <span class='ocrx_word' id='word_1_657' title='bbox 3083 2512 3269 2566; x_wconf 92' lang='lat' dir='ltr'><strong>morbo</strong></span> <span class='ocrx_word' id='word_1_658' title='bbox 3300 2529 3550 2580; x_wconf 85' lang='lat' dir='ltr'><strong>perseve-</strong></span> 
     </span>
    </p>
   </div>
   <div class='ocr_carea' id='block_1_85' title="bbox 1962 2591 3549 2675">
    <p class='ocr_par' dir='ltr' id='par_1_85' title="bbox 1962 2591 3549 2675">
     <span class='ocr_line' id='line_1_85' title="bbox 1962 2591 3549 2675; baseline 0.009 -30"><span class='ocrx_word' id='word_1_659' title='bbox 1962 2591 2168 2647; x_wconf 89' lang='lat' dir='ltr'><strong>rabant.</strong></span> <span class='ocrx_word' id='word_1_660' title='bbox 2206 2592 2431 2658; x_wconf 88' lang='lat' dir='ltr'><strong>Quando</strong></span> <span class='ocrx_word' id='word_1_661' title='bbox 2472 2594 2615 2648; x_wconf 89' lang='lat' dir='ltr'><strong>enim</strong></span> <span class='ocrx_word' id='word_1_662' title='bbox 2656 2597 2822 2651; x_wconf 90' lang='lat' dir='ltr'><strong>semel</strong></span> <span class='ocrx_word' id='word_1_663' title='bbox 2861 2597 2913 2651; x_wconf 92' lang='lat' dir='ltr'><strong>in</strong></span> <span class='ocrx_word' id='word_1_664' title='bbox 2953 2601 3255 2669; x_wconf 80' lang='lat' dir='ltr'><strong>voraginem</strong></span> <span class='ocrx_word' id='word_1_665' title='bbox 3285 2602 3549 2675; x_wconf 83' lang='lat' dir='ltr'><strong>intempe-</strong></span> 
     </span>
    </p>
   </div>
   <div class='ocr_carea' id='block_1_86' title="bbox 1961 2684 3545 2755">
    <p class='ocr_par' dir='ltr' id='par_1_86' title="bbox 1961 2684 3545 2755">
     <span class='ocr_line' id='line_1_86' title="bbox 1961 2684 3545 2755; baseline 0.009 -18"><span class='ocrx_word' id='word_1_666' title='bbox 1961 2684 2148 2739; x_wconf 69' lang='lat' dir='ltr'><strong>rantia)</strong></span> <span class='ocrx_word' id='word_1_667' title='bbox 2174 2699 2294 2740; x_wconf 90' lang='lat' dir='ltr'><strong>sese</strong></span> <span class='ocrx_word' id='word_1_668' title='bbox 2318 2684 2686 2742; x_wconf 89' lang='lat' dir='ltr'><strong>demerserant</strong></span> <span class='ocrx_word' id='word_1_669' title='bbox 2712 2728 2727 2755; x_wconf 93' lang='lat'><strong>,</strong></span> <span class='ocrx_word' id='word_1_670' title='bbox 2754 2704 2817 2744; x_wconf 91' lang='lat' dir='ltr'><strong>ac</strong></span> <span class='ocrx_word' id='word_1_671' title='bbox 2844 2688 2912 2744; x_wconf 92' lang='lat' dir='ltr'><strong>de</strong></span> <span class='ocrx_word' id='word_1_672' title='bbox 2941 2693 3165 2745; x_wconf 88' lang='lat' dir='ltr'><strong>naturali</strong></span> <span class='ocrx_word' id='word_1_673' title='bbox 3191 2698 3381 2749; x_wconf 89' lang='lat' dir='ltr'><strong>mentis</strong></span> <span class='ocrx_word' id='word_1_674' title='bbox 3403 2708 3545 2752; x_wconf 88' lang='lat' dir='ltr'><strong>statu</strong></span> 
     </span>
    </p>
   </div>
   <div class='ocr_carea' id='block_1_87' title="bbox 1962 2773 3544 2851">
    <p class='ocr_par' dir='ltr' id='par_1_87' title="bbox 1962 2773 3544 2851">
     <span class='ocr_line' id='line_1_87' title="bbox 1962 2773 3544 2851; baseline 0.009 -22"><span class='ocrx_word' id='word_1_675' title='bbox 1962 2773 2300 2841; x_wconf 88' lang='lat' dir='ltr'><strong>deciderant,</strong></span> <span class='ocrx_word' id='word_1_676' title='bbox 2348 2777 2688 2847; x_wconf 89' lang='lat' dir='ltr'><strong>animamque</strong></span> <span class='ocrx_word' id='word_1_677' title='bbox 2723 2780 2988 2849; x_wconf 88' lang='lat' dir='ltr'><strong>captivam</strong></span> <span class='ocrx_word' id='word_1_678' title='bbox 3042 2797 3214 2851; x_wconf 69' lang='lat' dir='ltr'><strong>prava:</strong></span> <span class='ocrx_word' id='word_1_679' title='bbox 3268 2786 3544 2843; x_wconf 83' lang='lat' dir='ltr'><strong>ebrietatis</strong></span> 
     </span>
    </p>
   </div>
   <div class='ocr_carea' id='block_1_88' title="bbox 1963 2866 3572 2938">
    <p class='ocr_par' dir='ltr' id='par_1_88' title="bbox 1963 2866 3572 2938">
     <span class='ocr_line' id='line_1_88' title="bbox 1963 2866 3572 2938; baseline 0.009 -19"><span class='ocrx_word' id='word_1_680' title='bbox 1963 2866 2227 2936; x_wconf 84' lang='lat' dir='ltr'><strong>tyrannidi</strong></span> <span class='ocrx_word' id='word_1_681' title='bbox 2264 2867 2624 2933; x_wconf 86' lang='lat' dir='ltr'><strong>tradiderant;</strong></span> <span class='ocrx_word' id='word_1_682' title='bbox 2656 2870 3101 2938; x_wconf 87' lang='lat' dir='ltr'><strong>quemadmodum</strong></span> <span class='ocrx_word' id='word_1_683' title='bbox 3142 2874 3291 2931; x_wconf 89' lang='lat' dir='ltr'><strong>navis</strong></span> <span class='ocrx_word' id='word_1_684' title='bbox 3319 2890 3422 2931; x_wconf 92' lang='lat' dir='ltr'><strong>non</strong></span> <span class='ocrx_word' id='word_1_685' title='bbox 3458 2894 3572 2932; x_wconf 19' lang='lat' dir='ltr'><strong>sa-v.</strong></span> 
     </span>
    </p>
   </div>
   <div class='ocr_carea' id='block_1_89' title="bbox 1964 2955 3545 3030">
    <p class='ocr_par' dir='ltr' id='par_1_89' title="bbox 1964 2955 3545 3030">
     <span class='ocr_line' id='line_1_89' title="bbox 1964 2955 3545 3030; baseline 0.008 -20"><span class='ocrx_word' id='word_1_686' title='bbox 1964 2955 2200 3023; x_wconf 87' lang='lat' dir='ltr'><strong>burrata,</strong></span> <span class='ocrx_word' id='word_1_687' title='bbox 2230 2959 2699 3029; x_wconf 87' lang='lat' dir='ltr'><strong>gubernatoreque</strong></span> <span class='ocrx_word' id='word_1_688' title='bbox 2727 2968 2783 3014; x_wconf 92' lang='lat' dir='ltr'><strong>et</strong></span> <span class='ocrx_word' id='word_1_689' title='bbox 2811 2962 2985 3016; x_wconf 90' lang='lat' dir='ltr'><strong>nautis</strong></span> <span class='ocrx_word' id='word_1_690' title='bbox 3014 2961 3287 3030; x_wconf 89' lang='lat' dir='ltr'><strong>destituta,</strong></span> <span class='ocrx_word' id='word_1_691' title='bbox 3322 2965 3545 3023; x_wconf 88' lang='lat' dir='ltr'><strong>fortuito</strong></span> 
     </span>
    </p>
   </div>
   <div class='ocr_carea' id='block_1_90' title="bbox 1963 3052 3548 3129">
    <p class='ocr_par' dir='ltr' id='par_1_90' title="bbox 1963 3052 3548 3129">
     <span class='ocr_line' id='line_1_90' title="bbox 1963 3052 3548 3129; baseline 0.008 -26"><span class='ocrx_word' id='word_1_692' title='bbox 1963 3059 2017 3104; x_wconf 88' lang='lat' dir='ltr'><strong>et</strong></span> <span class='ocrx_word' id='word_1_693' title='bbox 2048 3065 2461 3120; x_wconf 86' lang='lat' dir='ltr'><strong>quoquoversus</strong></span> <span class='ocrx_word' id='word_1_694' title='bbox 2507 3052 2709 3117; x_wconf 84' lang='lat' dir='ltr'><strong>fertur,</strong></span> <span class='ocrx_word' id='word_1_695' title='bbox 2742 3055 3026 3109; x_wconf 89' lang='lat' dir='ltr'><strong>temerario</strong></span> <span class='ocrx_word' id='word_1_696' title='bbox 3050 3070 3308 3124; x_wconf 88' lang='lat' dir='ltr'><strong>aquarum</strong></span> <span class='ocrx_word' id='word_1_697' title='bbox 3347 3060 3548 3129; x_wconf 87' lang='lat' dir='ltr'><strong>impetu</strong></span> 
     </span>
    </p>
   </div>
   <div class='ocr_carea' id='block_1_91' title="bbox 1963 3141 3551 3209">
    <p class='ocr_par' dir='ltr' id='par_1_91' title="bbox 1963 3141 3551 3209">
     <span class='ocr_line' id='line_1_91' title="bbox 1963 3141 3551 3209; baseline 0.008 -16"><span class='ocrx_word' id='word_1_698' title='bbox 1963 3142 2270 3209; x_wconf 85' lang='lat' dir='ltr'><strong>exagitata:</strong></span> <span class='ocrx_word' id='word_1_699' title='bbox 2302 3141 2552 3196; x_wconf 88' lang='lat' dir='ltr'><strong>eumdem</strong></span> <span class='ocrx_word' id='word_1_700' title='bbox 2584 3143 2636 3196; x_wconf 92' lang='lat' dir='ltr'><strong>in</strong></span> <span class='ocrx_word' id='word_1_701' title='bbox 2677 3143 2893 3197; x_wconf 90' lang='lat' dir='ltr'><strong>modum</strong></span> <span class='ocrx_word' id='word_1_702' title='bbox 2920 3144 2975 3198; x_wconf 88' lang='lat' dir='ltr'><strong>bi</strong></span> <span class='ocrx_word' id='word_1_703' title='bbox 3011 3147 3270 3203; x_wconf 90' lang='lat' dir='ltr'><strong>ebrietate</strong></span> <span class='ocrx_word' id='word_1_704' title='bbox 3316 3149 3551 3206; x_wconf 88' lang='lat' dir='ltr'><strong>demersi</strong></span> 
     </span>
    </p>
   </div>
   <div class='ocr_carea' id='block_1_92' title="bbox 1965 3230 3547 3304">
    <p class='ocr_par' dir='ltr' id='par_1_92' title="bbox 1965 3230 3547 3304">
     <span class='ocr_line' id='line_1_92' title="bbox 1965 3230 3547 3304; baseline 0.006 -18"><span class='ocrx_word' id='word_1_705' title='bbox 1965 3230 2224 3287; x_wconf 82' lang='lat' dir='ltr'><strong>feruntur.</strong></span> <span class='ocrx_word' id='word_1_706' title='bbox 2258 3231 2382 3286; x_wconf 89' lang='lat' dir='ltr'><strong>ldeo</strong></span> <span class='ocrx_word' id='word_1_707' title='bbox 2412 3232 2486 3287; x_wconf 89' lang='lat' dir='ltr'><strong>ait</strong></span> <span class='ocrx_word' id='word_1_708' title='bbox 2516 3251 2529 3287; x_wconf 87' lang='lat'><strong>:</strong></span> <span class='ocrx_word' id='word_1_709' title='bbox 2570 3231 2658 3287; x_wconf 76' lang='lat' dir='ltr'><strong>Vae</strong></span> <span class='ocrx_word' id='word_1_710' title='bbox 2688 3235 2774 3303; x_wconf 87' lang='lat' dir='ltr'><strong>qui</strong></span> <span class='ocrx_word' id='word_1_711' title='bbox 2803 3246 3015 3304; x_wconf 75' lang='lat' dir='ltr'><strong>surgunt</strong></span> <span class='ocrx_word' id='word_1_712' title='bbox 3052 3253 3197 3291; x_wconf 87' lang='lat' dir='ltr'><strong>mane</strong></span> <span class='ocrx_word' id='word_1_713' title='bbox 3222 3279 3234 3302; x_wconf 92' lang='lat'><strong>,</strong></span> <span class='ocrx_word' id='word_1_714' title='bbox 3262 3248 3311 3292; x_wconf 92' lang='lat' dir='ltr'><strong>et</strong></span> <span class='ocrx_word' id='word_1_715' title='bbox 3336 3241 3547 3295; x_wconf 86' lang='lat' dir='ltr'><strong>siceram</strong></span> 
     </span>
    </p>
   </div>
   <div class='ocr_carea' id='block_1_93' title="bbox 1964 3325 3550 3401">
    <p class='ocr_par' dir='ltr' id='par_1_93' title="bbox 1964 3325 3550 3401">
     <span class='ocr_line' id='line_1_93' title="bbox 1964 3325 3550 3401; baseline 0.008 -24"><span class='ocrx_word' id='word_1_716' title='bbox 1964 3336 2348 3395; x_wconf 82' lang='lat' dir='ltr'><strong>persequuntur.</strong></span> <span class='ocrx_word' id='word_1_717' title='bbox 2377 3325 2495 3381; x_wconf 89' lang='lat' dir='ltr'><strong>Non</strong></span> <span class='ocrx_word' id='word_1_718' title='bbox 2523 3326 2665 3380; x_wconf 89' lang='lat' dir='ltr'><strong>enim</strong></span> <span class='ocrx_word' id='word_1_719' title='bbox 2688 3329 3063 3383; x_wconf 85' lang='lat' dir='ltr'><strong>necessitatem</strong></span> <span class='ocrx_word' id='word_1_720' title='bbox 3098 3332 3418 3401; x_wconf 88' lang='lat' dir='ltr'><strong>explebant,</strong></span> <span class='ocrx_word' id='word_1_721' title='bbox 3454 3353 3550 3390; x_wconf 92' lang='lat' dir='ltr'><strong>ne-</strong></span> 
     </span>
    </p>
   </div>
   <div class='ocr_carea' id='block_1_94' title="bbox 1962 3416 3549 3493">
    <p class='ocr_par' dir='ltr' id='par_1_94' title="bbox 1962 3416 3549 3493">
     <span class='ocr_line' id='line_1_94' title="bbox 1962 3416 3549 3493; baseline 0.009 -26"><span class='ocrx_word' id='word_1_722' title='bbox 1962 3430 2065 3485; x_wconf 91' lang='lat' dir='ltr'><strong>que</strong></span> <span class='ocrx_word' id='word_1_723' title='bbox 2094 3416 2384 3484; x_wconf 89' lang='lat' dir='ltr'><strong>appetitum</strong></span> <span class='ocrx_word' id='word_1_724' title='bbox 2432 3417 2831 3486; x_wconf 86' lang='lat' dir='ltr'><strong>exspectabant,</strong></span> <span class='ocrx_word' id='word_1_725' title='bbox 2884 3428 2939 3473; x_wconf 91' lang='lat' dir='ltr'><strong>ut</strong></span> <span class='ocrx_word' id='word_1_726' title='bbox 2973 3419 3049 3474; x_wconf 89' lang='lat' dir='ltr'><strong>illi</strong></span> <span class='ocrx_word' id='word_1_727' title='bbox 3103 3420 3339 3477; x_wconf 88' lang='lat' dir='ltr'><strong>facerent</strong></span> <span class='ocrx_word' id='word_1_728' title='bbox 3384 3436 3549 3493; x_wconf 79' lang='lat' dir='ltr'><strong>satis;</strong></span> 
     </span>
    </p>
   </div>
   <div class='ocr_carea' id='block_1_95' title="bbox 1961 3506 3549 3585">
    <p class='ocr_par' dir='ltr' id='par_1_95' title="bbox 1961 3506 3549 3585">
     <span class='ocr_line' id='line_1_95' title="bbox 1961 3506 3549 3585; baseline 0.001 -25"><span class='ocrx_word' id='word_1_729' title='bbox 1961 3506 2056 3560; x_wconf 87' lang='lat' dir='ltr'><strong>sed</strong></span> <span class='ocrx_word' id='word_1_730' title='bbox 2083 3506 2134 3560; x_wconf 92' lang='lat' dir='ltr'><strong>in</strong></span> <span class='ocrx_word' id='word_1_731' title='bbox 2165 3506 2269 3561; x_wconf 88' lang='lat' dir='ltr'><strong>hoc</strong></span> <span class='ocrx_word' id='word_1_732' title='bbox 2296 3508 2388 3560; x_wconf 90' lang='lat' dir='ltr'><strong>toti</strong></span> <span class='ocrx_word' id='word_1_733' title='bbox 2415 3506 2815 3573; x_wconf 83' lang='lat' dir='ltr'><strong>incumbebant,</strong></span> <span class='ocrx_word' id='word_1_734' title='bbox 2852 3508 2950 3564; x_wconf 90' lang='lat' dir='ltr'><strong>hoc</strong></span> <span class='ocrx_word' id='word_1_735' title='bbox 2971 3512 3247 3580; x_wconf 88' lang='lat' dir='ltr'><strong>curabant,</strong></span> <span class='ocrx_word' id='word_1_736' title='bbox 3278 3524 3333 3567; x_wconf 90' lang='lat' dir='ltr'><strong>ut</strong></span> <span class='ocrx_word' id='word_1_737' title='bbox 3363 3530 3549 3585; x_wconf 72' lang='lat' dir='ltr'><strong>pet-pe.</strong></span> 
     </span>
    </p>
   </div>
   <div class='ocr_carea' id='block_1_96' title="bbox 1962 3596 3546 3673">
    <p class='ocr_par' dir='ltr' id='par_1_96' title="bbox 1962 3596 3546 3673">
     <span class='ocr_line' id='line_1_96' title="bbox 1962 3596 3546 3673; baseline 0.007 -24"><span class='ocrx_word' id='word_1_738' title='bbox 1962 3604 2054 3650; x_wconf 91' lang='lat' dir='ltr'><strong>tuo</strong></span> <span class='ocrx_word' id='word_1_739' title='bbox 2087 3596 2365 3651; x_wconf 89' lang='lat' dir='ltr'><strong>temulenti</strong></span> <span class='ocrx_word' id='word_1_740' title='bbox 2392 3606 2591 3651; x_wconf 91' lang='lat' dir='ltr'><strong>essent.</strong></span> <span class='ocrx_word' id='word_1_741' title='bbox 2624 3597 2827 3653; x_wconf 79' lang='lat' dir='ltr'><strong>Idcirco</strong></span> <span class='ocrx_word' id='word_1_742' title='bbox 2850 3600 2924 3653; x_wconf 90' lang='lat' dir='ltr'><strong>ait</strong></span> <span class='ocrx_word' id='word_1_743' title='bbox 2958 3618 2971 3653; x_wconf 90' lang='lat'>:</span> <span class='ocrx_word' id='word_1_744' title='bbox 3001 3600 3100 3667; x_wconf 83' lang='lat' dir='ltr'><strong>Qui</strong></span> <span class='ocrx_word' id='word_1_745' title='bbox 3128 3604 3340 3657; x_wconf 86' lang='lat' dir='ltr'><strong>siceram</strong></span> <span class='ocrx_word' id='word_1_746' title='bbox 3370 3622 3546 3673; x_wconf 81' lang='lat' dir='ltr'><strong>perse-</strong></span> 
     </span>
    </p>
   </div>
   <div class='ocr_carea' id='block_1_97' title="bbox 1960 3688 3542 3767">
    <p class='ocr_par' dir='ltr' id='par_1_97' title="bbox 1960 3688 3542 3767">
     <span class='ocr_line' id='line_1_97' title="bbox 1960 3688 3542 3767; baseline 0.006 -27"><span class='ocrx_word' id='word_1_747' title='bbox 1960 3698 2203 3754; x_wconf 87' lang='lat' dir='ltr'><strong>quuntur.</strong></span> <span class='ocrx_word' id='word_1_748' title='bbox 2223 3688 2457 3743; x_wconf 89' lang='lat' dir='ltr'><strong>Siceram</strong></span> <span class='ocrx_word' id='word_1_749' title='bbox 2477 3689 2620 3743; x_wconf 92' lang='lat' dir='ltr'><strong>enim</strong></span> <span class='ocrx_word' id='word_1_750' title='bbox 2643 3688 2728 3743; x_wconf 91' lang='lat' dir='ltr'><strong>hic</strong></span> <span class='ocrx_word' id='word_1_751' title='bbox 2742 3689 2872 3744; x_wconf 91' lang='lat' dir='ltr'><strong>dicit</strong></span> <span class='ocrx_word' id='word_1_752' title='bbox 2888 3690 3181 3761; x_wconf 89' lang='lat' dir='ltr'><strong>palmarum</strong></span> <span class='ocrx_word' id='word_1_753' title='bbox 3202 3708 3417 3749; x_wconf 88' lang='lat' dir='ltr'><strong>succum</strong></span> <span class='ocrx_word' id='word_1_754' title='bbox 3442 3696 3542 3767; x_wconf 89' lang='lat' dir='ltr'><strong>(a),</strong></span> 
     </span>
    </p>
   </div>
   <div class='ocr_carea' id='block_1_98' title="bbox 1960 3779 3544 3851">
    <p class='ocr_par' dir='ltr' id='par_1_98' title="bbox 1960 3779 3544 3851">
     <span class='ocr_line' id='line_1_98' title="bbox 1960 3779 3544 3851; baseline 0.007 -18"><span class='ocrx_word' id='word_1_755' title='bbox 1960 3796 2119 3851; x_wconf 87' lang='lat' dir='ltr'><strong>quam</strong></span> <span class='ocrx_word' id='word_1_756' title='bbox 2150 3779 2524 3846; x_wconf 72' lang='lat' dir='ltr'><strong>conficiebant,</strong></span> <span class='ocrx_word' id='word_1_757' title='bbox 2570 3781 2802 3835; x_wconf 80' lang='lat' dir='ltr'><strong>fructum</strong></span> <span class='ocrx_word' id='word_1_758' title='bbox 2851 3793 3191 3841; x_wconf 89' lang='lat' dir='ltr'><strong>conterentes</strong></span> <span class='ocrx_word' id='word_1_759' title='bbox 3237 3796 3291 3840; x_wconf 91' lang='lat' dir='ltr'><strong>et</strong></span> <span class='ocrx_word' id='word_1_760' title='bbox 3318 3798 3544 3844; x_wconf 91' lang='lat' dir='ltr'><strong>contun-</strong></span> 
     </span>
    </p>
   </div>
   <div class='ocr_carea' id='block_1_99' title="bbox 1959 3871 3543 3950">
    <p class='ocr_par' dir='ltr' id='par_1_99' title="bbox 1959 3871 3543 3950">
     <span class='ocr_line' id='line_1_99' title="bbox 1959 3871 3543 3950; baseline 0.006 -23"><span class='ocrx_word' id='word_1_761' title='bbox 1959 3871 2149 3927; x_wconf 91' lang='lat' dir='ltr'><strong>dentes</strong></span> <span class='ocrx_word' id='word_1_762' title='bbox 2174 3912 2189 3937; x_wconf 92' lang='lat'><strong>,</strong></span> <span class='ocrx_word' id='word_1_763' title='bbox 2220 3879 2277 3926; x_wconf 91' lang='lat' dir='ltr'><strong>ut</strong></span> <span class='ocrx_word' id='word_1_764' title='bbox 2306 3872 2359 3926; x_wconf 90' lang='lat' dir='ltr'><strong>in</strong></span> <span class='ocrx_word' id='word_1_765' title='bbox 2400 3873 2507 3926; x_wconf 90' lang='lat' dir='ltr'><strong>vini</strong></span> <span class='ocrx_word' id='word_1_766' title='bbox 2542 3873 2982 3929; x_wconf 84' lang='lat' dir='ltr'><strong>transformarent</strong></span> <span class='ocrx_word' id='word_1_767' title='bbox 3024 3886 3290 3933; x_wconf 89' lang='lat' dir='ltr'><strong>naturam.</strong></span> <span class='ocrx_word' id='word_1_768' title='bbox 3325 3881 3543 3950; x_wconf 83' lang='lat' dir='ltr'><strong>Sopori-</strong></span> 
     </span>
    </p>
   </div>
   <div class='ocr_carea' id='block_1_100' title="bbox 1961 3964 3544 4036">
    <p class='ocr_par' dir='ltr' id='par_1_100' title="bbox 1961 3964 3544 4036">
     <span class='ocr_line' id='line_1_100' title="bbox 1961 3964 3544 4036; baseline 0.007 -19"><span class='ocrx_word' id='word_1_769' title='bbox 1961 3965 2120 4018; x_wconf 86' lang='lat' dir='ltr'><strong>ﬁcum</strong></span> <span class='ocrx_word' id='word_1_770' title='bbox 2163 3974 2341 4018; x_wconf 88' lang='lat' dir='ltr'><strong>autem</strong></span> <span class='ocrx_word' id='word_1_771' title='bbox 2371 3975 2452 4020; x_wconf 89' lang='lat' dir='ltr'><strong>est</strong></span> <span class='ocrx_word' id='word_1_772' title='bbox 2492 3964 2643 4029; x_wconf 89' lang='lat' dir='ltr'><strong>illud,</strong></span> <span class='ocrx_word' id='word_1_773' title='bbox 2688 3964 3108 4035; x_wconf 87' lang='lat' dir='ltr'><strong>ehrietatemque</strong></span> <span class='ocrx_word' id='word_1_774' title='bbox 3153 3971 3308 4036; x_wconf 91' lang='lat' dir='ltr'><strong>parit.</strong></span> <span class='ocrx_word' id='word_1_775' title='bbox 3354 3978 3421 4025; x_wconf 88' lang='lat' dir='ltr'><strong>At</strong></span> <span class='ocrx_word' id='word_1_776' title='bbox 3469 3974 3544 4029; x_wconf 92' lang='lat' dir='ltr'><strong>illi</strong></span> 
     </span>
    </p>
   </div>
   <div class='ocr_carea' id='block_1_101' title="bbox 1960 4055 3545 4132">
    <p class='ocr_par' dir='ltr' id='par_1_101' title="bbox 1960 4055 3545 4132">
     <span class='ocr_line' id='line_1_101' title="bbox 1960 4055 3545 4132; baseline 0.006 -23"><span class='ocrx_word' id='word_1_777' title='bbox 1960 4055 2089 4109; x_wconf 90' lang='lat' dir='ltr'><strong>nihil</strong></span> <span class='ocrx_word' id='word_1_778' title='bbox 2123 4055 2312 4109; x_wconf 89' lang='lat' dir='ltr'><strong>horum</strong></span> <span class='ocrx_word' id='word_1_779' title='bbox 2344 4055 2737 4121; x_wconf 85' lang='lat' dir='ltr'><strong>observabant,</strong></span> <span class='ocrx_word' id='word_1_780' title='bbox 2772 4056 3096 4125; x_wconf 90' lang='lat' dir='ltr'><strong>voluptatem</strong></span> <span class='ocrx_word' id='word_1_781' title='bbox 3125 4060 3318 4131; x_wconf 90' lang='lat' dir='ltr'><strong>ubique</strong></span> <span class='ocrx_word' id='word_1_782' title='bbox 3364 4078 3545 4132; x_wconf 83' lang='lat' dir='ltr'><strong>perse-</strong></span> 
     </span>
    </p>
   </div>
   <div class='ocr_carea' id='block_1_102' title="bbox 1958 4147 3545 4217">
    <p class='ocr_par' dir='ltr' id='par_1_102' title="bbox 1958 4147 3545 4217">
     <span class='ocr_line' id='line_1_102' title="bbox 1958 4147 3545 4217; baseline 0.009 -19"><span class='ocrx_word' id='word_1_783' title='bbox 1958 4158 2203 4216; x_wconf 85' lang='lat' dir='ltr'><strong>quentes,</strong></span> <span class='ocrx_word' id='word_1_784' title='bbox 2257 4156 2313 4202; x_wconf 88' lang='lat' dir='ltr'><strong>et</strong></span> <span class='ocrx_word' id='word_1_785' title='bbox 2343 4160 2509 4217; x_wconf 89' lang='lat' dir='ltr'><strong>usque</strong></span> <span class='ocrx_word' id='word_1_786' title='bbox 2554 4147 2621 4201; x_wconf 88' lang='lat' dir='ltr'><strong>ad</strong></span> <span class='ocrx_word' id='word_1_787' title='bbox 2673 4163 2957 4217; x_wconf 87' lang='lat' dir='ltr'><strong>vesperam</strong></span> <span class='ocrx_word' id='word_1_788' title='bbox 3004 4164 3299 4211; x_wconf 88' lang='lat' dir='ltr'><strong>manentes.</strong></span> <span class='ocrx_word' id='word_1_789' title='bbox 3361 4156 3545 4214; x_wconf 84' lang='lat' dir='ltr'><strong>Vinum</strong></span> 
     </span>
    </p>
   </div>
   <div class='ocr_carea' id='block_1_103' title="bbox 1959 4240 3535 4313">
    <p class='ocr_par' dir='ltr' id='par_1_103' title="bbox 1959 4240 3535 4313">
     <span class='ocr_line' id='line_1_103' title="bbox 1959 4240 3535 4313; baseline 0.01 -20"><span class='ocrx_word' id='word_1_790' title='bbox 1959 4241 2091 4293; x_wconf 88' lang='lat' dir='ltr'><strong>enim</strong></span> <span class='ocrx_word' id='word_1_791' title='bbox 2111 4240 2376 4295; x_wconf 79' lang='lat' dir='ltr'><strong>succendat</strong></span> <span class='ocrx_word' id='word_1_792' title='bbox 2402 4258 2503 4295; x_wconf 87' lang='lat' dir='ltr'><strong>eos.</strong></span> <span class='ocrx_word' id='word_1_793' title='bbox 2524 4241 2669 4295; x_wconf 89' lang='lat' dir='ltr'><strong>Talis</strong></span> <span class='ocrx_word' id='word_1_794' title='bbox 2697 4244 2891 4313; x_wconf 88' lang='lat' dir='ltr'><strong>quippe</strong></span> <span class='ocrx_word' id='word_1_795' title='bbox 2908 4254 2990 4299; x_wconf 84' lang='lat' dir='ltr'><strong>est</strong></span> <span class='ocrx_word' id='word_1_796' title='bbox 3014 4246 3290 4304; x_wconf 90' lang='lat' dir='ltr'><strong>ebrietatis</strong></span> <span class='ocrx_word' id='word_1_797' title='bbox 3313 4262 3495 4307; x_wconf 89' lang='lat' dir='ltr'><strong>natura</strong></span> <span class='ocrx_word' id='word_1_798' title='bbox 3521 4274 3535 4309; x_wconf 90' lang='lat'><strong>:</strong></span> 
     </span>
    </p>
   </div>
   <div class='ocr_carea' id='block_1_104' title="bbox 1958 4336 3543 4402">
    <p class='ocr_par' dir='ltr' id='par_1_104' title="bbox 1958 4336 3543 4402">
     <span class='ocr_line' id='line_1_104' title="bbox 1958 4336 3543 4402; baseline 0.009 -18"><span class='ocrx_word' id='word_1_799' title='bbox 1958 4346 2240 4401; x_wconf 83' lang='lat' dir='ltr'><strong>progressa</strong></span> <span class='ocrx_word' id='word_1_800' title='bbox 2268 4342 2512 4401; x_wconf 82' lang='lat' dir='ltr'><strong>augetur,</strong></span> <span class='ocrx_word' id='word_1_801' title='bbox 2532 4342 2592 4388; x_wconf 90' lang='lat' dir='ltr'><strong>et</strong></span> <span class='ocrx_word' id='word_1_802' title='bbox 2619 4337 2918 4402; x_wconf 83' lang='lat' dir='ltr'><strong>graviorem</strong></span> <span class='ocrx_word' id='word_1_803' title='bbox 2940 4336 3083 4390; x_wconf 91' lang='lat' dir='ltr'><strong>sitim</strong></span> <span class='ocrx_word' id='word_1_804' title='bbox 3100 4339 3312 4394; x_wconf 83' lang='lat' dir='ltr'><strong>excitat.</strong></span> <span class='ocrx_word' id='word_1_805' title='bbox 3342 4343 3543 4399; x_wconf 90' lang='lat' dir='ltr'><strong>Deinde</strong></span> 
     </span>
    </p>
   </div>
   <div class='ocr_carea' id='block_1_105' title="bbox 1956 4424 3535 4497">
    <p class='ocr_par' dir='ltr' id='par_1_105' title="bbox 1956 4424 3535 4497">
     <span class='ocr_line' id='line_1_105' title="bbox 1956 4424 3535 4497; baseline 0.006 -19"><span class='ocrx_word' id='word_1_806' title='bbox 1956 4424 2099 4479; x_wconf 91' lang='lat' dir='ltr'><strong>aliud</strong></span> <span class='ocrx_word' id='word_1_807' title='bbox 2130 4441 2234 4479; x_wconf 87' lang='lat' dir='ltr'><strong>non</strong></span> <span class='ocrx_word' id='word_1_808' title='bbox 2267 4426 2443 4479; x_wconf 87' lang='lat' dir='ltr'><strong>minus</strong></span> <span class='ocrx_word' id='word_1_809' title='bbox 2484 4427 2661 4495; x_wconf 86' lang='lat' dir='ltr'><strong>priore</strong></span> <span class='ocrx_word' id='word_1_810' title='bbox 2686 4428 2888 4483; x_wconf 90' lang='lat' dir='ltr'><strong>crimen</strong></span> <span class='ocrx_word' id='word_1_811' title='bbox 2920 4429 3105 4497; x_wconf 90' lang='lat' dir='ltr'><strong>objicit</strong></span> <span class='ocrx_word' id='word_1_812' title='bbox 3139 4431 3321 4486; x_wconf 89' lang='lat' dir='ltr'><strong>dicens</strong></span> <span class='ocrx_word' id='word_1_813' title='bbox 3351 4452 3363 4487; x_wconf 89' lang='lat'><strong>:</strong></span> <span class='ocrx_word' id='word_1_814' title='bbox 3398 4434 3535 4488; x_wconf 86' lang='lat' dir='ltr'><strong>Nam</strong></span> 
     </span>
    </p>
   </div>
   <div class='ocr_carea' id='block_1_106' title="bbox 1956 4518 3540 4589">
    <p class='ocr_par' dir='ltr' id='par_1_106' title="bbox 1956 4518 3540 4589">
     <span class='ocr_line' id='line_1_106' title="bbox 1956 4518 3540 4589; baseline 0.009 -21"><span class='ocrx_word' id='word_1_815' title='bbox 1956 4534 2072 4569; x_wconf 89' lang='lat' dir='ltr'><strong>cum</strong></span> <span class='ocrx_word' id='word_1_816' title='bbox 2101 4518 2295 4570; x_wconf 80' lang='lat' dir='ltr'><strong>cithara</strong></span> <span class='ocrx_word' id='word_1_817' title='bbox 2326 4528 2373 4571; x_wconf 90' lang='lat' dir='ltr'><strong>et</strong></span> <span class='ocrx_word' id='word_1_818' title='bbox 2403 4519 2645 4587; x_wconf 83' lang='lat' dir='ltr'><strong>psalterio</strong></span> <span class='ocrx_word' id='word_1_819' title='bbox 2666 4558 2680 4581; x_wconf 89' lang='lat'><strong>,</strong></span> <span class='ocrx_word' id='word_1_820' title='bbox 2728 4528 2775 4573; x_wconf 86' lang='lat' dir='ltr'><strong>et</strong></span> <span class='ocrx_word' id='word_1_821' title='bbox 2808 4522 3062 4589; x_wconf 82' lang='lat' dir='ltr'><strong>tympanis</strong></span> <span class='ocrx_word' id='word_1_822' title='bbox 3099 4532 3147 4576; x_wconf 85' lang='lat' dir='ltr'><strong>et</strong></span> <span class='ocrx_word' id='word_1_823' title='bbox 3192 4524 3323 4580; x_wconf 85' lang='lat' dir='ltr'><strong>tibiis</strong></span> <span class='ocrx_word' id='word_1_824' title='bbox 3368 4528 3540 4585; x_wconf 81' lang='lat' dir='ltr'><strong>vinum</strong></span> 
     </span>
    </p>
   </div>
   <div class='ocr_carea' id='block_1_107' title="bbox 1956 4608 3537 4686">
    <p class='ocr_par' dir='ltr' id='par_1_107' title="bbox 1956 4608 3537 4686">
     <span class='ocr_line' id='line_1_107' title="bbox 1956 4608 3537 4686; baseline 0.007 -25"><span class='ocrx_word' id='word_1_825' title='bbox 1956 4609 2150 4662; x_wconf 85' lang='lat' dir='ltr'><strong>bibunt.</strong></span> <span class='ocrx_word' id='word_1_826' title='bbox 2195 4610 2341 4662; x_wconf 85' lang='lat' dir='ltr'><strong>lianc</strong></span> <span class='ocrx_word' id='word_1_827' title='bbox 2388 4608 2816 4664; x_wconf 89' lang='lat' dir='ltr'><strong>criminationem</strong></span> <span class='ocrx_word' id='word_1_828' title='bbox 2863 4612 3064 4679; x_wconf 90' lang='lat' dir='ltr'><strong>profert</strong></span> <span class='ocrx_word' id='word_1_829' title='bbox 3112 4614 3247 4668; x_wconf 89' lang='lat' dir='ltr'><strong>alter</strong></span> <span class='ocrx_word' id='word_1_830' title='bbox 3280 4620 3537 4686; x_wconf 86' lang='lat' dir='ltr'><strong>propheta</strong></span> 
     </span>
    </p>
   </div>
   <div class='ocr_carea' id='block_1_108' title="bbox 1956 4697 3529 4775">
    <p class='ocr_par' dir='ltr' id='par_1_108' title="bbox 1956 4697 3529 4775">
     <span class='ocr_line' id='line_1_108' title="bbox 1956 4697 3529 4775; baseline 0.006 -22"><span class='ocrx_word' id='word_1_831' title='bbox 1956 4699 2137 4753; x_wconf 85' lang='lat' dir='ltr'><strong>dicens</strong></span> <span class='ocrx_word' id='word_1_832' title='bbox 2179 4716 2193 4751; x_wconf 87' lang='lat'><strong>:</strong></span> <span class='ocrx_word' id='word_1_833' title='bbox 2236 4699 2332 4763; x_wconf 83' lang='lat' dir='ltr'><strong>Qui</strong></span> <span class='ocrx_word' id='word_1_834' title='bbox 2360 4697 2535 4751; x_wconf 83' lang='lat' dir='ltr'><strong>bibunt</strong></span> <span class='ocrx_word' id='word_1_835' title='bbox 2574 4700 2873 4770; x_wconf 62' lang='lat' dir='ltr'><strong>defatcatum</strong></span> <span class='ocrx_word' id='word_1_836' title='bbox 2912 4701 3102 4767; x_wconf 82' lang='lat' dir='ltr'><strong>vinum,</strong></span> <span class='ocrx_word' id='word_1_837' title='bbox 3148 4715 3193 4757; x_wconf 91' lang='lat' dir='ltr'><strong>et</strong></span> <span class='ocrx_word' id='word_1_838' title='bbox 3230 4708 3407 4775; x_wconf 85' lang='lat' dir='ltr'><strong>primis</strong></span> <span class='ocrx_word' id='word_1_839' title='bbox 3433 4725 3529 4763; x_wconf 86' lang='lat' dir='ltr'><strong>tm-</strong></span> 
     </span>
    </p>
   </div>
   <div class='ocr_carea' id='block_1_109' title="bbox 1956 4790 3535 4866">
    <p class='ocr_par' dir='ltr' id='par_1_109' title="bbox 1956 4790 3535 4866">
     <span class='ocr_line' id='line_1_109' title="bbox 1956 4790 3535 4866; baseline 0.007 -24"><span class='ocrx_word' id='word_1_840' title='bbox 1956 4791 2152 4860; x_wconf 80' lang='lat' dir='ltr'><strong>guentis</strong></span> <span class='ocrx_word' id='word_1_841' title='bbox 2180 4790 2338 4855; x_wconf 86' lang='lat' dir='ltr'><strong>uncti,</strong></span> <span class='ocrx_word' id='word_1_842' title='bbox 2363 4790 2448 4857; x_wconf 87' lang='lat' dir='ltr'><strong>qui</strong></span> <span class='ocrx_word' id='word_1_843' title='bbox 2470 4790 2722 4858; x_wconf 81' lang='lat' dir='ltr'><strong>plaudunt</strong></span> <span class='ocrx_word' id='word_1_844' title='bbox 2738 4791 2805 4843; x_wconf 87' lang='lat' dir='ltr'><strong>ad</strong></span> <span class='ocrx_word' id='word_1_845' title='bbox 2826 4807 2991 4846; x_wconf 85' lang='lat' dir='ltr'><strong>vocem</strong></span> <span class='ocrx_word' id='word_1_846' title='bbox 3011 4810 3340 4866; x_wconf 87' lang='lat' dir='ltr'><strong>organorum.</strong></span> <span class='ocrx_word' id='word_1_847' title='bbox 3378 4799 3535 4863; x_wconf 85' lang='lat' dir='ltr'><strong>Quasi</strong></span> 
     </span>
    </p>
   </div>
   <div class='ocr_carea' id='block_1_110' title="bbox 1953 4882 3532 4957">
    <p class='ocr_par' dir='ltr' id='par_1_110' title="bbox 1953 4882 3532 4957">
     <span class='ocr_line' id='line_1_110' title="bbox 1953 4882 3532 4957; baseline 0.008 -23"><span class='ocrx_word' id='word_1_848' title='bbox 1953 4882 2144 4935; x_wconf 78' lang='lat' dir='ltr'><strong>stantia</strong></span> <span class='ocrx_word' id='word_1_849' title='bbox 2170 4891 2547 4951; x_wconf 84' lang='lat' dir='ltr'><strong>reputaverunt,</strong></span> <span class='ocrx_word' id='word_1_850' title='bbox 2579 4892 2625 4936; x_wconf 91' lang='lat' dir='ltr'><strong>et</strong></span> <span class='ocrx_word' id='word_1_851' title='bbox 2648 4900 2749 4936; x_wconf 86' lang='lat' dir='ltr'><strong>non</strong></span> <span class='ocrx_word' id='word_1_852' title='bbox 2790 4886 2935 4951; x_wconf 85' lang='lat' dir='ltr'><strong>quasi</strong></span> <span class='ocrx_word' id='word_1_853' title='bbox 2959 4888 3203 4957; x_wconf 84' lang='lat' dir='ltr'><strong>fugientia</strong></span> <span class='ocrx_word' id='word_1_854' title='bbox 3252 4890 3270 4955; x_wconf 87' lang='lat'><strong>(</strong></span> <span class='ocrx_word' id='word_1_855' title='bbox 3294 4891 3444 4945; x_wconf 81' lang='lat' dir='ltr'><strong>Amos</strong></span> <span class='ocrx_word' id='word_1_856' title='bbox 3480 4891 3532 4947; x_wconf 85' lang='lat' dir='ltr'><strong>(i.</strong></span> 
     </span>
    </p>
   </div>
   <div class='ocr_carea' id='block_1_111' title="bbox 1956 4968 3540 5046">
    <p class='ocr_par' dir='ltr' id='par_1_111' title="bbox 1956 4968 3540 5046">
     <span class='ocr_line' id='line_1_111' title="bbox 1956 4968 3540 5046; baseline 0.005 -19"><span class='ocrx_word' id='word_1_857' title='bbox 1956 4973 2009 5027; x_wconf 83' lang='lat'><strong>6.</strong></span> <span class='ocrx_word' id='word_1_858' title='bbox 2040 4972 2127 5043; x_wconf 74' lang='grc' dir='ltr'><strong>ὅ).</strong></span> <span class='ocrx_word' id='word_1_859' title='bbox 2160 4968 2394 5027; x_wconf 67' lang='lat' dir='ltr'><strong>Etenim“</strong></span> <span class='ocrx_word' id='word_1_860' title='bbox 2420 4983 2672 5028; x_wconf 65' lang='lat' dir='ltr'><strong>extremae</strong></span> <span class='ocrx_word' id='word_1_861' title='bbox 2704 4975 3011 5029; x_wconf 87' lang='lat' dir='ltr'><strong>stoliditatis</strong></span> <span class='ocrx_word' id='word_1_862' title='bbox 3046 4978 3253 5046; x_wconf 88' lang='lat' dir='ltr'><strong>signum</strong></span> <span class='ocrx_word' id='word_1_863' title='bbox 3284 4990 3387 5043; x_wconf 91' lang='lat' dir='ltr'><strong>est,</strong></span> <span class='ocrx_word' id='word_1_864' title='bbox 3421 4983 3540 5036; x_wconf 84' lang='lat' dir='ltr'><strong>aui-</strong></span> 
     </span>
    </p>
   </div>
   <div class='ocr_carea' id='block_1_112' title="bbox 1954 5062 3532 5137">
    <p class='ocr_par' dir='ltr' id='par_1_112' title="bbox 1954 5062 3532 5137">
     <span class='ocr_line' id='line_1_112' title="bbox 1954 5062 3532 5137; baseline 0.007 -22"><span class='ocrx_word' id='word_1_865' title='bbox 1954 5063 2132 5132; x_wconf 90' lang='lat' dir='ltr'><strong>mique</strong></span> <span class='ocrx_word' id='word_1_866' title='bbox 2170 5062 2413 5117; x_wconf 89' lang='lat' dir='ltr'><strong>dissoluti</strong></span> <span class='ocrx_word' id='word_1_867' title='bbox 2460 5063 2677 5117; x_wconf 89' lang='lat' dir='ltr'><strong>domum</strong></span> <span class='ocrx_word' id='word_1_868' title='bbox 2714 5079 2864 5117; x_wconf 90' lang='lat' dir='ltr'><strong>suam</strong></span> <span class='ocrx_word' id='word_1_869' title='bbox 2898 5066 2949 5119; x_wconf 93' lang='lat' dir='ltr'><strong>in</strong></span> <span class='ocrx_word' id='word_1_870' title='bbox 2981 5066 3247 5121; x_wconf 88' lang='lat' dir='ltr'><strong>theatrum</strong></span> <span class='ocrx_word' id='word_1_871' title='bbox 3278 5080 3532 5137; x_wconf 89' lang='lat' dir='ltr'><strong>vertere,</strong></span> 
     </span>
    </p>
   </div>
   <div class='ocr_carea' id='block_1_113' title="bbox 1952 5156 3534 5226">
    <p class='ocr_par' dir='ltr' id='par_1_113' title="bbox 1952 5156 3534 5226">
     <span class='ocr_line' id='line_1_113' title="bbox 1952 5156 3534 5226; baseline 0.006 -15"><span class='ocrx_word' id='word_1_872' title='bbox 1952 5166 2006 5211; x_wconf 88' lang='lat' dir='ltr'><strong>et</strong></span> <span class='ocrx_word' id='word_1_873' title='bbox 2040 5156 2339 5226; x_wconf 88' lang='lat' dir='ltr'><strong>hujusutodi</strong></span> <span class='ocrx_word' id='word_1_874' title='bbox 2379 5156 2600 5211; x_wconf 82' lang='lat' dir='ltr'><strong>canticis</strong></span> <span class='ocrx_word' id='word_1_875' title='bbox 2640 5171 2700 5211; x_wconf 90' lang='lat' dir='ltr'><strong>se</strong></span> <span class='ocrx_word' id='word_1_876' title='bbox 2742 5156 2959 5212; x_wconf 90' lang='lat' dir='ltr'><strong>dedere.</strong></span> <span class='ocrx_word' id='word_1_877' title='bbox 2994 5158 3147 5224; x_wconf 87' lang='lat' dir='ltr'><strong>Quod</strong></span> <span class='ocrx_word' id='word_1_878' title='bbox 3196 5167 3252 5214; x_wconf 90' lang='lat' dir='ltr'><strong>et</strong></span> <span class='ocrx_word' id='word_1_879' title='bbox 3301 5162 3534 5221; x_wconf 87' lang='lat' dir='ltr'><strong>ebrietas</strong></span> 
     </span>
    </p>
   </div>
   <div class='ocr_carea' id='block_1_114' title="bbox 2015 5286 3542 5360">
    <p class='ocr_par' dir='ltr' id='par_1_114' title="bbox 2015 5286 3542 5360">
     <span class='ocr_line' id='line_1_114' title="bbox 2015 5286 3542 5360; baseline 0.005 -24"><span class='ocrx_word' id='word_1_880' title='bbox 2015 5288 2086 5360; x_wconf 76' lang='grc' dir='ltr'><strong>(η)</strong></span> <span class='ocrx_word' id='word_1_881' title='bbox 2119 5287 2382 5360; x_wconf 81' lang='lat' dir='ltr'><strong>Singularis</strong></span> <span class='ocrx_word' id='word_1_882' title='bbox 2408 5294 2564 5360; x_wconf 85' lang='lat' dir='ltr'><strong>_certe</strong></span> <span class='ocrx_word' id='word_1_883' title='bbox 2606 5288 2753 5345; x_wconf 86' lang='lat' dir='ltr'><strong>vocis,</strong></span> <span class='ocrx_word' id='word_1_884' title='bbox 2788 5286 2975 5360; x_wconf 58' lang='lat' dir='ltr'><strong>sicera,</strong></span> <span class='ocrx_word' id='word_1_885' title='bbox 3010 5288 3367 5351; x_wconf 84' lang='lat' dir='ltr'><strong>interpretatio.</strong></span> <span class='ocrx_word' id='word_1_886' title='bbox 3393 5300 3542 5344; x_wconf 80' lang='lat' dir='ltr'><strong>Nemo</strong></span> 
     </span>
    </p>
   </div>
   <div class='ocr_carea' id='block_1_115' title="bbox 1952 5349 3541 5411">
    <p class='ocr_par' dir='ltr' id='par_1_115' title="bbox 1952 5349 3541 5411">
     <span class='ocr_line' id='line_1_115' title="bbox 1952 5349 3541 5411; baseline 0.004 -14"><span class='ocrx_word' id='word_1_887' title='bbox 1952 5349 2133 5411; x_wconf 77' lang='lat' dir='ltr'><strong>quippe</strong></span> <span class='ocrx_word' id='word_1_888' title='bbox 2178 5352 2359 5407; x_wconf 80' lang='lat' dir='ltr'><strong>nescit,</strong></span> <span class='ocrx_word' id='word_1_889' title='bbox 2408 5349 2532 5397; x_wconf 87' lang='lat' dir='ltr'><strong>hanc</strong></span> <span class='ocrx_word' id='word_1_890' title='bbox 2574 5362 2746 5398; x_wconf 88' lang='lat' dir='ltr'><strong>vocem</strong></span> <span class='ocrx_word' id='word_1_891' title='bbox 2788 5350 3072 5398; x_wconf 86' lang='lat' dir='ltr'><strong>Hebraicatn</strong></span> <span class='ocrx_word' id='word_1_892' title='bbox 3117 5349 3229 5400; x_wconf 81' lang='lat' dir='ltr'><strong>esse</strong></span> <span class='ocrx_word' id='word_1_893' title='bbox 3264 5366 3276 5401; x_wconf 90' lang='lat'><strong>:</strong></span> <span class='ocrx_word' id='word_1_894' title='bbox 3324 5366 3384 5402; x_wconf 90' lang='lat' dir='ltr'><strong>ex</strong></span> <span class='ocrx_word' id='word_1_895' title='bbox 3425 5360 3541 5411; x_wconf 66' lang='grc' dir='ltr'><strong>Ὃν</strong></span> 
     </span>
    </p>
   </div>
   <div class='ocr_carea' id='block_1_116' title="bbox 1952 5419 3539 5485">
    <p class='ocr_par' dir='ltr' id='par_1_116' title="bbox 1952 5419 3539 5485">
     <span class='ocr_line' id='line_1_116' title="bbox 1952 5419 3539 5485; baseline 0.004 -18"><span class='ocrx_word' id='word_1_896' title='bbox 1952 5424 2172 5485; x_wconf 84' lang='lat' dir='ltr'><strong>nimirum</strong></span> <span class='ocrx_word' id='word_1_897' title='bbox 2199 5434 2487 5485; x_wconf 79' lang='lat' dir='ltr'><strong>expressum</strong></span> <span class='ocrx_word' id='word_1_898' title='bbox 2514 5427 2607 5485; x_wconf 78' lang='lat' dir='ltr'><strong>est,</strong></span> <span class='ocrx_word' id='word_1_899' title='bbox 2632 5420 2807 5485; x_wconf 63' lang='lat' dir='ltr'><strong>sicera.</strong></span> <span class='ocrx_word' id='word_1_900' title='bbox 2846 5419 3084 5485; x_wconf 76' lang='lat' dir='ltr'><strong>signiﬁcat</strong></span> <span class='ocrx_word' id='word_1_901' title='bbox 3103 5430 3266 5471; x_wconf 88' lang='lat' dir='ltr'><strong>autem</strong></span> <span class='ocrx_word' id='word_1_902' title='bbox 3287 5436 3430 5473; x_wconf 86' lang='lat' dir='ltr'><strong>omne</strong></span> <span class='ocrx_word' id='word_1_903' title='bbox 3455 5438 3539 5485; x_wconf 83' lang='lat' dir='ltr'><strong>po-</strong></span> 
     </span>
    </p>
   </div>
   <div class='ocr_carea' id='block_1_117' title="bbox 1952 5482 3538 5544">
    <p class='ocr_par' dir='ltr' id='par_1_117' title="bbox 1952 5482 3538 5544">
     <span class='ocr_line' id='line_1_117' title="bbox 1952 5482 3538 5544; baseline 0.001 -14"><span class='ocrx_word' id='word_1_904' title='bbox 1952 5484 2094 5531; x_wconf 88' lang='lat' dir='ltr'><strong>tionis</strong></span> <span class='ocrx_word' id='word_1_905' title='bbox 2117 5495 2274 5544; x_wconf 79' lang='lat' dir='ltr'><strong>genus</strong></span> <span class='ocrx_word' id='word_1_906' title='bbox 2303 5482 2580 5544; x_wconf 84' lang='lat' dir='ltr'><strong>inebriandi</strong></span> <span class='ocrx_word' id='word_1_907' title='bbox 2615 5484 2710 5531; x_wconf 90' lang='lat' dir='ltr'><strong>vim</strong></span> <span class='ocrx_word' id='word_1_908' title='bbox 2734 5482 2945 5544; x_wconf 88' lang='lat' dir='ltr'><strong>habens;</strong></span> <span class='ocrx_word' id='word_1_909' title='bbox 2969 5483 3099 5544; x_wconf 79' lang='lat' dir='ltr'><strong>unde</strong></span> <span class='ocrx_word' id='word_1_910' title='bbox 3121 5496 3149 5532; x_wconf 92' lang='lat' dir='ltr'><strong>a</strong></span> <span class='ocrx_word' id='word_1_911' title='bbox 3173 5488 3365 5533; x_wconf 63' lang='lat' dir='ltr'><strong>ceteris</strong></span> <span class='ocrx_word' id='word_1_912' title='bbox 3388 5482 3538 5534; x_wconf 74' lang='lat' dir='ltr'><strong>inter-</strong></span> 
     </span>
    </p>
   </div>
   <div class='ocr_carea' id='block_1_118' title="bbox 1950 5542 3536 5653">
    <p class='ocr_par' dir='ltr' id='par_1_118' title="bbox 1950 5542 3536 5653">
     <span class='ocr_line' id='line_1_118' title="bbox 1950 5542 3536 5653; baseline 0.002 -62"><span class='ocrx_word' id='word_1_913' title='bbox 1950 5542 2171 5605; x_wconf 75' lang='lat' dir='ltr'><strong>pretibus</strong></span> <span class='ocrx_word' id='word_1_914' title='bbox 2193 5543 2428 5599; x_wconf 79' lang='lat' dir='ltr'><strong>redditur,</strong></span> <span class='ocrx_word' id='word_1_915' title='bbox 2455 5542 2673 5593; x_wconf 80' lang='lat' dir='ltr'><strong>ebrietas.</strong></span> <span class='ocrx_word' id='word_1_916' title='bbox 2700 5543 2967 5653; x_wconf 36' lang='lat' dir='ltr'><strong>Hesychius</strong></span> <span class='ocrx_word' id='word_1_917' title='bbox 2988 5542 3354 5606; x_wconf 84' lang='lat' dir='ltr'><strong>interpretatur,</strong></span> <span class='ocrx_word' id='word_1_918' title='bbox 3378 5547 3536 5594; x_wconf 58' lang='lat' dir='ltr'><strong>uiuunt</strong></span> 
     </span>
     <span class='ocr_line' id='line_1_119' title="bbox 1950 5604 3536 5653; baseline 0 0"><span class='ocrx_word' id='word_1_919' title='bbox 1950 5606 2259 5653; x_wconf 83' lang='lat' dir='ltr'><strong>condimentis</strong></span> <span class='ocrx_word' id='word_1_920' title='bbox 2282 5605 2504 5653; x_wconf 72' lang='lat' dir='ltr'><strong>mixtum.</strong></span> <span class='ocrx_word' id='word_1_921' title='bbox 2530 5612 2769 5653; x_wconf 79' lang='lat' dir='ltr'><strong>Tempore</strong></span> <span class='ocrx_word' id='word_1_922' title='bbox 2809 5611 2997 5653; x_wconf 75' lang='lat' dir='ltr'><strong>ortasse</strong></span> <span class='ocrx_word' id='word_1_923' title='bbox 3020 5604 3357 5653; x_wconf 80' lang='lat' dir='ltr'><strong>Chrvsostomi.</strong></span> <span class='ocrx_word' id='word_1_924' title='bbox 3382 5607 3536 5653; x_wconf 83' lang='lat' dir='ltr'><strong>liunor</strong></span> 
     </span>
    </p>
   </div>
   <div class='ocr_carea' id='block_1_119' title="bbox 1949 5604 3539 5671">
    <p class='ocr_par' dir='ltr' id='par_1_119' title="bbox 1949 5604 3539 5671">
     <span class='ocr_line' id='line_1_120' title="bbox 1949 5604 3539 5671; baseline 0.003 -17"><span class='ocrx_word' id='word_1_925' title='bbox 1949 5604 2259 5671; x_wconf 73' lang='lat' dir='ltr'><strong>eondimentis</strong></span> <span class='ocrx_word' id='word_1_926' title='bbox 2282 5605 2504 5653; x_wconf 72' lang='lat' dir='ltr'><strong>mixtum.</strong></span> <span class='ocrx_word' id='word_1_927' title='bbox 2530 5612 2769 5671; x_wconf 80' lang='lat' dir='ltr'><strong>Tempore</strong></span> <span class='ocrx_word' id='word_1_928' title='bbox 2790 5604 2997 5671; x_wconf 81' lang='lat' dir='ltr'><strong>fortasse</strong></span> <span class='ocrx_word' id='word_1_929' title='bbox 3020 5604 3357 5671; x_wconf 49' lang='lat' dir='ltr'><strong>Chr&#39;ysostotni,</strong></span> <span class='ocrx_word' id='word_1_930' title='bbox 3382 5607 3539 5669; x_wconf 86' lang='lat' dir='ltr'><strong>liquor</strong></span> 
     </span>
    </p>
   </div>
   <div class='ocr_carea' id='block_1_120' title="bbox 1951 5666 3544 5731">
    <p class='ocr_par' dir='ltr' id='par_1_120' title="bbox 1951 5666 3544 5731">
     <span class='ocr_line' id='line_1_121' title="bbox 1951 5666 3544 5731; baseline -0.001 -16"><span class='ocrx_word' id='word_1_931' title='bbox 1951 5680 2010 5715; x_wconf 81' lang='lat' dir='ltr'><strong>ex</strong></span> <span class='ocrx_word' id='word_1_932' title='bbox 2041 5666 2301 5727; x_wconf 82' lang='lat' dir='ltr'><strong>palmarum</strong></span> <span class='ocrx_word' id='word_1_933' title='bbox 2320 5680 2465 5731; x_wconf 86' lang='lat' dir='ltr'><strong>succo</strong></span> <span class='ocrx_word' id='word_1_934' title='bbox 2501 5666 2769 5725; x_wconf 85' lang='lat' dir='ltr'><strong>confectus,</strong></span> <span class='ocrx_word' id='word_1_935' title='bbox 2787 5666 2943 5717; x_wconf 80' lang='lat' dir='ltr'><strong>sicera</strong></span> <span class='ocrx_word' id='word_1_936' title='bbox 2971 5666 3245 5716; x_wconf 79' lang='lat' dir='ltr'><strong>vocabatur.</strong></span> <span class='ocrx_word' id='word_1_937' title='bbox 3270 5672 3376 5715; x_wconf 73' lang='lat' dir='ltr'><strong>2am</strong></span> <span class='ocrx_word' id='word_1_938' title='bbox 3401 5666 3544 5731; x_wconf 77' lang='lat' dir='ltr'><strong>qitip-</strong></span> 
     </span>
    </p>
   </div>
   <div class='ocr_carea' id='block_1_121' title="bbox 1949 5730 3535 5799">
    <p class='ocr_par' dir='ltr' id='par_1_121' title="bbox 1949 5730 3535 5799">
     <span class='ocr_line' id='line_1_122' title="bbox 1949 5730 3535 5799; baseline 0.006 -25"><span class='ocrx_word' id='word_1_939' title='bbox 1949 5742 2009 5799; x_wconf 70' lang='lat' dir='ltr'><strong>pe</strong></span> <span class='ocrx_word' id='word_1_940' title='bbox 2036 5730 2487 5791; x_wconf 69' lang='lat' dir='ltr'><strong>interpretationem</strong></span> <span class='ocrx_word' id='word_1_941' title='bbox 2515 5731 2671 5792; x_wconf 86' lang='lat' dir='ltr'><strong>ipsum</strong></span> <span class='ocrx_word' id='word_1_942' title='bbox 2713 5744 2827 5782; x_wconf 88' lang='lat' dir='ltr'><strong>esse</strong></span> <span class='ocrx_word' id='word_1_943' title='bbox 2858 5739 3183 5783; x_wconf 81' lang='lat' dir='ltr'><strong>commentum</strong></span> <span class='ocrx_word' id='word_1_944' title='bbox 3207 5742 3303 5779; x_wconf 85' lang='lat' dir='ltr'><strong>non</strong></span> <span class='ocrx_word' id='word_1_945' title='bbox 3331 5730 3535 5795; x_wconf 43' lang='lat' dir='ltr'><strong>putastis</strong></span> 
     </span>
    </p>
   </div>
   <div class='ocr_carea' id='block_1_122' title="bbox 1947 5804 2055 5841">
    <p class='ocr_par' dir='ltr' id='par_1_122' title="bbox 1947 5804 2055 5841">
     <span class='ocr_line' id='line_1_123' title="bbox 1947 5804 2055 5841; baseline 0.019 -2"><span class='ocrx_word' id='word_1_946' title='bbox 1947 5804 2055 5841; x_wconf 82' lang='lat' dir='ltr'><strong>run.</strong></span> 
     </span>
    </p>
   </div>
  </div>
