4044 6408
481 367 555 423 63
1189 351 1246 407 s.
1286 350 1564 409 JOANNJS
1599 351 2073 412 cnuvsosrout
2111 355 2428 414 ARCHIEP.
2469 357 2978 424 consummes

476 465 604 521 facit
647 464 881 523 tenebris
927 464 1229 532 effundens,
1255 465 1357 521 hoc
1391 476 1445 521 et
1471 465 1670 522 musica
1697 474 1951 536 operatur
1977 464 2062 521 vi-

473 571 657 627 gorem
697 556 893 612 mentis
931 555 1251 622 emolliens,
1290 556 1560 628 roburque
1589 557 1752 611 animi
1783 555 2062 628 frangens,

473 645 634 702 et-ad
659 646 920 715 majorem
946 646 1187 703 alliciens
1211 645 1505 702 lasciviam.
1545 645 1718 717 Opera
1759 655 1926 701 autem
1966 645 2064 701 Dei

474 752 575 791 non
605 737 901 807 respiciunt,
928 746 974 792 et
1001 752 1155 807 opera
1183 752 1424 792 manuum
1453 738 1563 808 ejus
1589 753 1690 792 non
1715 738 2060 792 considerant.

479 825 572 885 Vel
599 826 858 883 miracula
886 827 1002 898 ejus
1021 826 1169 894 dicit,
1191 828 1274 883 vel
1297 837 1502 884 naturte
1529 829 2059 900 contemplationem.

473 917 756 986 Quomodo
775 929 953 975 autem
974 919 1179 990 possint
1201 917 1395 975 horum
1421 929 1750 991 spectatores
1770 935 1909 985 esse,
1938 935 2063 976 eum

474 1010 616 1067 diem
644 1010 699 1066 in
740 1021 952 1068 noctem
994 1021 1233 1080 vertant,
1289 1021 1451 1068 noctu
1497 1028 1627 1068 vero
1670 1013 1842 1068 nihilo
1871 1013 2065 1068 melius

474 1103 583 1158 sint
609 1100 823 1168 allecti,
856 1116 1019 1172 quam
1046 1102 1280 1159 mortui?
1302 1102 1577 1175 quomodo
1608 1113 1862 1174 poterunt
1886 1104 2058 1160 solem

477 1194 749 1252 orientem
796 1193 996 1261 videre,
1030 1194 1150 1251 caeli
1173 1194 1544 1265 splendentem
1573 1195 2022 1266 pulchritudinem
2045 1237 2060 1264 ,

475 1303 801 1360 vespereque
829 1288 1034 1344 varium
1071 1288 1218 1344 illum
1248 1288 1523 1344 stellarum
1553 1288 1800 1356 chorum,
1830 1299 2064 1345 caetera-

475 1386 704 1450 rumque
731 1389 1098 1436 creaturarum
1130 1379 1376 1436 ordinem
1399 1389 1454 1438 et
1478 1382 1836 1438 ministerium
1864 1423 1880 1448 ,
1909 1391 2066 1438 exte-

477 1470 706 1527 rioribus
745 1470 1192 1543 interioribusque
1237 1472 1406 1528 oculis
1451 1472 1690 1542 privati?
1729 1472 1848 1528 Non
1875 1488 2062 1543 parum

475 1577 608 1634 ergo
649 1563 702 1619 in
732 1562 836 1619 hoc
883 1563 994 1619 laesi
1022 1572 1180 1631 sunt,
1212 1562 1356 1633 quod
1395 1578 1687 1634 numquam
1716 1564 2062 1634 contemplati

478 1655 572 1712 Dei
593 1655 854 1712 mirabilia
893 1671 958 1712 ex
994 1655 1095 1711 hac
1135 1655 1241 1710 vita
1270 1655 1570 1724 discedant,
1598 1669 1722 1711 cum
1753 1658 1896 1712 omni
1928 1667 2065 1714 tem-

479 1760 612 1816 pore
635 1746 912 1802 ebrietatis
947 1746 1181 1803 tenebris
1210 1746 1383 1802 obruti
1421 1747 1634 1803 fuerint.
1665 1748 1752 1804 l5.
1778 1747 1945 1818 igitur
1972 1764 2064 1802 ca-

479 1838 644 1907 ptivus
665 1837 830 1908 [actus
853 1847 924 1893 cst
951 1838 1168 1909 papulas
1194 1853 1353 1904 meus,
1377 1855 1433 1892 eo
1454 1838 1588 1909 quod
1616 1854 1716 1894 non
1739 1844 2064 1911 cognoverint

477 1927 775 1983 Dominum.
804 1927 1007 1984 Rursus
1033 1929 1173 2000 quod
1217 1929 1448 1984 futurum
1474 1941 1590 1985 erat
1637 1939 1695 1985 ut
1734 1930 2064 2000 prateritum

480 2021 783 2087 annuntiat,
815 2027 870 2075 et
907 2035 1118 2092 pinnam
1163 2021 1325 2077 infert
1350 2020 1546 2076 delicto
1590 2021 1736 2076 huic.
1787 2021 2064 2092 Siquidem

476 2109 561 2165 vel
584 2110 696 2180 ipsa
723 2111 954 2167 ebrietas
978 2110 1203 2182 quodvis
1227 2112 1547 2183 supplicium
1575 2121 1843 2183 extequat,
1869 2113 2067 2168 tumul-

477 2209 588 2255 tum
640 2201 693 2255 in
737 2200 914 2256 anima
970 2203 1202 2272 pariens,
1249 2203 1474 2272 caligine
1514 2212 1746 2258 mentem
1803 2203 2062 2273 replens,

476 2295 739 2364 captivam
767 2295 938 2366 ipsam
967 2296 1320 2364 constituens,
1363 2296 1662 2352 innumeris
1691 2298 1813 2352 illos
1843 2299 2066 2353 interius

476 2397 532 2442 et
579 2389 810 2444 exterius
853 2392 1086 2445 obruens
1137 2390 1356 2443 morbis.
1401 2389 1516 2444 lloe
1568 2399 1793 2444 noverat
1835 2389 2063 2456 Paulus,

477 2495 670 2551 nempe
720 2471 976 2536 maliﬁam
1016 2495 1112 2551 pro
1152 2481 1414 2550 supplicio
1461 2496 1614 2548 esse;
1660 2481 1782 2537 ideo
1825 2482 1895 2536 ait
1932 2500 1946 2536 :
1997 2481 2066 2536 Et

478 2570 753 2626 mercedem
778 2588 928 2642 quam
957 2573 1198 2641 Oportuit,
1231 2573 1414 2627 erroris
1443 2574 1524 2626 sui
1552 2573 1602 2625 in
1627 2574 1905 2642 semetipsis
1933 2573 2065 2626 reci-

477 2663 667 2731 pientes
687 2662 706 2732 (
725 2661 869 2717 Rom.
900 2659 951 2714 l.
974 2660 1087 2731 27).
1129 2661 1324 2718 Verum
1351 2663 1564 2732 quando
1594 2663 1646 2717 id
1671 2665 1834 2718 etiam
1863 2663 2066 2718 stolidi-

479 2755 600 2810 tatis
624 2769 808 2809 eorum
845 2755 1120 2825 proprium
1162 2763 1280 2820 est,
1321 2754 1464 2825 quod
1493 2754 1819 2824 puniantur,
1870 2770 1968 2809 nec
2008 2769 2067 2810 se

476 2848 652 2916 puniri
681 2848 934 2916 sentiant,
969 2847 1111 2919 quod
1147 2857 1426 2918 :egrotent,
1475 2863 1575 2902 nec
1615 2848 1786 2902 sciant
1817 2863 1877 2902 se
1906 2863 2070 2917 regre-

476 2950 612 3006 tare,
651 2941 719 2996 ab
754 2941 954 2996 exteris
995 2941 1158 2997 etiam
1189 2940 1511 3010 supplicium
1560 2939 1784 3006 inducit,
1839 2939 2063 3008 aitque:

475 3032 646 3106 Igitur
683 3033 906 3101 captivus
949 3033 1112 3104 factus
1139 3041 1212 3084 est
1239 3031 1458 3102 populus
1486 3047 1649 3095 meus,
1699 3047 1757 3084 eo
1805 3030 1939 3099 quod
1963 3045 2064 3082 non

476 3124 797 3199 cognoverint
842 3122 1138 3176 Dominum.
1173 3121 1239 3175 Et
1268 3122 1540 3176 multitudo
1576 3125 1712 3191 facta
1745 3131 1814 3175 est
1839 3130 2065 3173 mortuo-

475 3235 590 3272 rum
619 3227 825 3288 propter
851 3221 1034 3288 fantem
1055 3222 1100 3272 et
1124 3213 1259 3271 sitim
1291 3229 1455 3286 aqua.
1487 3211 1613 3268 Vide
1642 3210 1860 3266 multam
1900 3211 2068 3268 inser-

477 3318 586 3363 tam
636 3309 689 3362 in
737 3307 998 3379 supplicio
1040 3308 1414 3372 monitiouem,
1465 3321 1638 3376 neque
1693 3305 2063 3375 gravissimam

476 3399 656 3454 statim
685 3399 867 3454 induci
899 3399 1219 3455 sectionem.
1252 3397 1434 3467 Neque
1461 3399 1606 3453 enim
1635 3399 1816 3452 subito
1844 3397 2067 3467 captivi-

479 3501 643 3546 tatem
685 3490 902 3557 intulit,
933 3489 1028 3546 sed
1070 3490 1262 3544 famem
1303 3490 1451 3558 prius
1488 3498 1544 3544 et
1599 3489 1768 3554 sitim,
1811 3498 1868 3542 ut
1921 3487 2065 3542 domi

476 3592 791 3647 renuentes,
827 3581 1074 3637 meliores
1109 3580 1443 3646 evaderent,
1486 3594 1659 3650 neque
1686 3580 1756 3635 ob
1798 3580 2066 3634 incurabi-

481 3676 588 3731 lem
607 3674 853 3730 morbum
871 3673 1218 3730 barbarorum
1239 3673 1530 3728 exercitum
1555 3670 1906 3726 attrahercnt.
1930 3671 2064 3737 Quia

477 3781 606 3822 vero
630 3781 738 3822 non
759 3773 1055 3831 cesserunt,
1075 3764 1315 3834 nihilque
1345 3762 1674 3818 indelucrati
1698 3771 1821 3818 sunt
1844 3803 1860 3829 ,
1896 3771 2066 3817 extre-

478 3873 627 3912 mum
658 3857 889 3927 denique
913 3855 1039 3926 ipsis
1056 3853 1260 3911 inducit
1284 3854 1626 3924 supplicium.
1659 3855 1912 3908 Attamen
1942 3865 2066 3909 ante

477 3949 569 4004 illa
595 3991 610 4017 ,
643 3950 822 4005 verbis
849 3947 1058 4004 extollit
1084 3956 1141 4002 et
1169 3946 1460 4017 amplificat
1487 3946 1643 4001 famis
1672 3947 2061 4015 calamitatem,

477 4046 709 4101 dicens:
745 4044 830 4099 14.
878 4040 1125 4096 Dilatavit
1167 4041 1396 4110 infernus
1434 4040 1657 4093 animum
1708 4055 1853 4093 suam
1900 4055 1920 4094 .°
1960 4054 2066 4095 non

477 4134 622 4207 quod
665 4133 906 4190 infernus
934 4133 1166 4187 animam
1212 4131 1403 4187 habeat
1437 4150 1450 4185 :
1485 4131 1579 4188 sed
1609 4147 1854 4202 personae
1897 4132 2065 4189 forma

481 4227 654 4281 minas
701 4225 964 4289 intentat,
997 4231 1057 4277 ut
1095 4223 1298 4292 majore
1329 4237 1453 4278 cum
1497 4224 1740 4294 emphasi
1791 4225 2063 4294 loquatur,

481 4315 787 4389 ingentique
827 4315 1018 4370 timore
1045 4313 1348 4369 auditorum
1378 4315 1589 4369 animos
1632 4315 1902 4383 percellat.
1941 4315 2068 4371 Ideo

482 4411 538 4463 in
574 4407 944 4479 prompopteia
969 4407 1209 4477 persistit
1236 4406 1453 4461 dicens:
1483 4405 1552 4460 Et
1577 4409 1776 4473 aperuit
1807 4424 1864 4462 os
1889 4425 2055 4473 suum,

483 4511 537 4556 ut
581 4516 681 4555 non
707 4509 861 4553 cesset
894 4499 1084 4568 :quasi
1108 4499 1177 4554 de
1209 4497 1321 4553 fera
1354 4489 1514 4553 iterba
1541 4499 1776 4566 faciens,
1799 4509 1854 4554 et
1879 4501 2068 4570 imagi-

483 4607 608 4648 nem
647 4606 830 4646 rerum
873 4604 1040 4659 prope
1071 4590 1215 4658 ipsos
1245 4589 1536 4645 adducens.
1566 4590 1826 4661 Quodque
1856 4593 2071 4662 gravius

484 4693 589 4749 est,
641 4695 747 4736 non
783 4680 944 4735 modo
972 4682 1180 4748 aperuit
1206 4695 1267 4735 os
1303 4695 1478 4746 suum,
1504 4681 1600 4737 sed
1630 4681 1798 4739 hianti
1825 4697 1919 4738 ore
1951 4698 2068 4737 ma-

487 4783 598 4838 net,
631 4787 728 4827 nec
772 4787 838 4827 ex
861 4771 972 4840 jam
1007 4771 1272 4839 absorptis
1299 4773 1544 4826 satiatur.
1583 4772 1650 4826 Et
1678 4773 1974 4826 descendent
2003 4775 2069 4825 ad

483 4882 598 4918 eum
627 4863 836 4934 gloriosi
857 4903 872 4928 ,
901 4872 946 4916 et
975 4873 1232 4932 magnetes
1256 4903 1270 4924 ,
1299 4873 1344 4916 et
1388 4863 1564 4917 divites
1588 4904 1603 4928 ,
1654 4875 1699 4918 et
1734 4875 1894 4933 pestes
1938 4867 2066 4933 ejus.

485 4953 714 5017 Exhinc,
754 4965 810 5008 ut
839 4953 978 5008 scias
1002 4969 1108 5008 non
1133 4953 1425 5009 secundum
1453 4965 1657 5009 natura:
1687 4956 1928 5011 ordinem
1959 4958 2072 5013 haec

487 5045 626 5108 ﬁeri,
650 5044 744 5098 sed
772 5060 803 5096 a
827 5045 935 5098 Deo
964 5043 1255 5099 immissam
1292 5059 1412 5099 esse
1442 5045 1682 5114 plagam,
1712 5057 1766 5099 et
1796 5047 2068 5100 decretum

482 5152 548 5191 ex
578 5136 712 5190 caelo
726 5134 961 5190 delatum
982 5175 994 5197 .
1016 5136 1066 5189 in
1099 5135 1354 5205 dignitate
1371 5146 1424 5190 et
1455 5138 1691 5205 potentia
1721 5138 2069 5203 constitutos,

485 5225 575 5294 qui
595 5224 773 5280 omnia
798 5224 1112 5292 miscebant,
1130 5241 1321 5296 resque
1337 5225 1645 5282 .ludzeorum
1669 5228 2068 5295 subvertebant,

486 5331 552 5370 eo
577 5315 930 5370 descensuros
959 5330 1078 5370 esse
1107 5317 1201 5370 ait.

560 5409 614 5464 6.
644 5409 828 5464 Pestes
866 5419 1039 5465 autem
1083 5409 1200 5466 illos
1229 5410 1350 5480 jure
1393 5419 1585 5476 vocat,
1628 5420 1811 5480 utpote
1848 5414 1936 5482 qui
1982 5429 2073 5468 uc-

489 5501 707 5570 quitiam
746 5513 852 5553 non
885 5514 1047 5568 penes
1087 5515 1143 5554 se
1177 5510 1492 5564 servarent,
1537 5501 1629 5554 sed
1659 5502 1816 5556 etiam
1846 5504 1911 5556 ad
1944 5504 2074 5556 alios

490 5591 734 5650 morbum
762 5589 1204 5646 transmitterem.
1237 5591 1379 5647 Talis
1408 5593 1604 5661 quippe
1637 5600 1720 5646 est
1757 5593 2074 5662 pestilentia:

491 5692 678 5737 natura
711 5697 869 5736 :cum
911 5682 977 5737 ab
1015 5697 1121 5736 uno
1161 5697 1386 5750 corpore
1421 5683 1676 5750 coeperit,
1721 5684 1979 5753 gradatim
2022 5686 2072 5740 in

498 5770 882 5832 multitudinem
915 5783 1205 5845 grassatur.
1245 5773 1304 5828 Et
1331 5773 1587 5828 exsultans
1617 5776 1668 5829 in
1701 5793 1776 5830 ea.
1806 5777 1905 5842 Qui
1937 5780 2067 5836 deli-

2167 467 2264 563 ciis
2289 481 2458 563 vacat,
2487 475 2576 544 qui
2602 478 2861 544 exsultat,
2889 483 2979 551 qui
3011 489 3157 553 putat
3177 500 3234 542 se
3259 486 3547 546 immobilia
3570 495 3743 563 possi-

2166 556 2294 614 dere
2314 559 2471 629 bona,
2505 563 2619 634 ipse
2643 583 2853 640 quoque
2881 572 3036 628 cadet
3063 583 3116 630 et
3144 577 3401 646 capietur.
3432 581 3519 638 l5.
3552 556 3620 637 Et
3647 587 3746 640 hu-

2166 651 2444 708 miliabitur
2464 657 2634 726 homo,
2661 670 2708 712 et
2735 661 3115 718 inhonorabitur
3137 668 3214 722 vir
3237 683 3256 722 :
3278 679 3326 724 et
3350 673 3482 726 oculi
3507 673 3746 731 sublimes

2167 742 2580 801 ltumiliabuntur.
2627 750 2713 804 16.
2747 750 2812 804 Et
2848 753 3149 810 excitabitur
3183 756 3430 816 Dominus
3463 765 3599 818 solus
3642 765 3746 819 Sa-

2166 834 2315 890 baoth
2341 838 2394 891 in
2408 838 2626 908 judicio.
2663 841 2791 897 Vide
2817 859 3001 900 rursus
3043 847 3134 902 Dei
3172 852 3576 920 providentiam.
3621 855 3742 910 Non

2164 925 2308 980 enim
2351 927 2768 986 internecionem
2809 934 3056 1002 adducit,
3089 954 3259 1010 neque
3301 951 3463 996 totum
3494 960 3525 1000 e
3565 947 3744 1000 medio

2164 1013 2333 1085 abripi
2361 1018 2612 1087 populum
2645 1023 2921 1091 permittit,
2953 1026 3046 1080 sed
3075 1030 3329 1097 quosdam
3367 1033 3649 1104 relinquit,
3685 1046 3744 1092 ut

2165 1117 2229 1158 ex
2251 1104 2556 1162 abeuntium
2579 1112 2839 1180 supplicio
2860 1114 3192 1184 resipiscam.
3220 1119 3330 1176 lloc
3354 1135 3479 1192 ergo
3501 1125 3742 1179 subindi-

2165 1208 2293 1252 caus
2321 1197 2428 1263 ait,
2462 1199 2900 1272 Ilutniliabuntur,
2936 1207 2986 1260 id
3017 1219 3118 1272 est,
3149 1211 3236 1279 qui
3263 1222 3505 1282 manent,
3532 1216 3618 1284 qui
3653 1231 3742 1270 re-

2163 1283 2273 1342 licti
2311 1298 2456 1343 sunt.
2484 1289 2549 1344 Et
2572 1293 2874 1347 exaltabitur
2897 1295 3144 1352 Dominus
3175 1299 3398 1354 Sabaoth
3437 1303 3490 1356 in
3510 1283 3738 1375 judicio,

2164 1387 2212 1431 et
2233 1377 2372 1433 Deus
2389 1391 2589 1436 sanctus
2607 1383 2968 1454 glori/imbitur
2986 1388 3035 1442 in
3043 1389 3269 1458 justitia.
3290 1392 3401 1447 Duo
3419 1395 3562 1463 ponit
3580 1400 3737 1464 bona,

2163 1478 2218 1524 et
2245 1471 2366 1526 illos
2387 1487 2578 1542 nempe
2605 1477 2845 1532 timorem
2874 1478 3208 1548 deposituros
3227 1497 3367 1548 esse,
3390 1486 3744 1559 melioresque

2163 1560 2373 1618 futuros
2394 1603 2410 1629 ,
2448 1572 2503 1619 et
2547 1566 2711 1622 Deum
2754 1568 3088 1626 admirationi
3119 1570 3232 1627 fore
3273 1575 3410 1643 apud
3441 1592 3660 1646 omnes;
3690 1580 3743 1634 id

2165 1653 2307 1707 cnim
2334 1654 2432 1710 sibi
2456 1657 2566 1711 vult
2591 1656 2718 1712 illud
2743 1699 2758 1724 ,
2789 1656 3112 1715 Exaltabitur
3137 1672 3182 1716 et
3210 1664 3571 1735 gloriﬁcabitur
3587 1685 3607 1733 ;
3651 1685 3744 1739 per

2165 1746 2483 1816 supplicium
2511 1763 2722 1818 nempe,
2747 1763 2808 1804 ac
2835 1765 2929 1819 per
2953 1751 3120 1821 ipsam
3143 1754 3420 1816 ultionem.
3490 1757 3624 1824 Quid
3651 1774 3746 1813 au-

2168 1844 2274 1891 tem
2301 1846 2380 1891 est
2397 1835 2510 1909 ¹,1η
2525 1839 2724 1908 judicio
2745 1841 2772 1894 .9
2800 1840 2901 1895 Per
2926 1842 3197 1898 ultionem.
3231 1846 3318 1900 Π.
3345 1845 3409 1899 Et
3439 1858 3641 1914 poscent
3666 1850 3747 1903 di.

2165 1931 2327 2000 spersi
2348 1932 2492 2000 quasi
2515 1936 2667 1997 tauri,
2690 1941 2737 1986 et
2763 1932 2959 1988 deserta
2977 1950 3168 2004 eorum,
3189 1939 3273 2006 qui
3293 1941 3535 2009 assumpti
3561 1952 3677 1996 sunt
3699 1951 3741 2009 ί,

2166 2023 2289 2092 agni
2313 2023 2592 2077 comedent.
2614 2023 2940 2080 Relictorum
2973 2028 3288 2094 paucitatem
3315 2029 3398 2083 his
3421 2029 3743 2099 subindieat,

2166 2122 2220 2168 et
2247 2114 2515 2184 ingentem
2547 2115 2779 2186 regionis
2817 2115 3177 2174 solitudinem.
3222 2119 3309 2174 18.
3349 2118 3437 2174 l'te
3466 2122 3552 2189 qui
3580 2133 3746 2175 attra-

2168 2203 2293 2257 Itunt
2321 2217 2527 2272 peccata
2552 2223 2646 2262 sua
2674 2216 2728 2260 ut
2756 2209 2983 2278 funiculo
3010 2208 3178 2280 longo,
3207 2220 3252 2264 et
3277 2213 3420 2281 quasi
3441 2213 3557 2282 jugi
3579 2215 3743 2267 corri-

2168 2297 2252 2365 gia
2277 2296 2446 2352 vitula!
2469 2298 2754 2368 iniquitates
2779 2315 2916 2354 suas.
2948 2301 3034 2356 i9.
3060 2300 3157 2365 Qui
3183 2303 3356 2356 dicunt
3379 2318 3397 2356 :
3422 2301 3529 2358 Cito
3556 2321 3746 2374 appro-

2170 2387 2406 2459 pinquent
2426 2404 2541 2458 qua:
2569 2389 2720 2458 faciet
2744 2389 2882 2444 Deus
2901 2431 2914 2454 ,
2944 2399 2999 2442 ut
3034 2391 3285 2444 rideamus
3314 2407 3334 2444 :
3360 2401 3405 2446 et
3433 2395 3597 2447 veniat
3622 2411 3746 2448 con-

2167 2478 2334 2532 silium
2365 2481 2524 2533 sancti
2551 2480 2716 2534 Israel
2741 2522 2754 2544 ,
2789 2490 2841 2534 ut
2870 2482 3104 2536 sciamus.
3134 2481 3411 2550 Prophetis
3437 2482 3745 2553 frequenter

2167 2571 2611 2626 comminantibus
2637 2586 2691 2627 et
2718 2572 2966 2626 terribilia
2991 2574 3484 2642 praenuntiantibus,
3513 2575 3744 2646 pseudo-

2169 2663 2442 2733 preplteta:
2480 2663 2548 2719 ad
2586 2665 2808 2734 gratiam
2847 2665 3125 2733 loquentes
3149 2707 3162 2731 ,
3199 2667 3480 2737 pepuliquc
3509 2669 3743 2737 vigorem

2170 2756 2523 2812 dissolventes
2545 2798 2559 2823 ,
2590 2758 2801 2812 illorum
2825 2757 2962 2812 dicta
2991 2757 3139 2823 falsa,
3167 2773 3260 2812 sua
3289 2775 3412 2814 vera
3442 2775 3560 2815 esse
3589 2761 3744 2816 dicti-

2171 2848 2369 2902 tabant.
2399 2849 2547 2902 Multi
2577 2863 2704 2918 ergo
2728 2849 2930 2903 seducti
2960 2849 3170 2903 illorum
3205 2851 3380 2904 verbis
3420 2865 3523 2906 non
3553 2852 3744 2907 crede-

2167 2939 2315 2993 bant.
2361 2939 2563 2995 Deinde
2590 2941 2710 3010 quia
2743 2939 3032 3009 pr0pbetize
3065 2956 3170 2994 non
3208 2941 3381 2995 statim
3420 2951 3577 3012 atque
3617 2959 3743 3012 pro-

2168 3030 2426 3085 nuntiatae
2441 3039 2614 3096 erant,
2636 3030 2974 3094 eveniebant;
2999 3030 3287 3099 prophetia:
3308 3047 3536 3102 namque
3556 3044 3742 3094 natura

2167 3130 2278 3175 erat
2299 3162 2313 3186 ,
2345 3121 2514 3175 multo
2551 3129 2675 3175 ante
2703 3129 2940 3190 tempore
2967 3134 3027 3174 ea
3057 3121 3397 3189 pronuntiare
3422 3137 3542 3191 quae
3579 3139 3743 3179 even-

2173 3219 2288 3266 tura
2327 3218 2512 3274 erant;
2553 3212 2802 3280 quoniam
2842 3225 2968 3281 ergo
3004 3209 3309 3280 frequenter
3345 3216 3618 3287 propheta:
3654 3219 3736 3272 fa-

2168 3320 2308 3360 mem
2333 3345 2348 3371 ,
2381 3313 2584 3375 pestem
2609 3345 2624 3372 ,
2662 3305 2904 3375 bellaque
2931 3304 3284 3374 praedicebant
3307 3347 3322 3370 ,
3354 3321 3452 3360 nec
3479 3316 3652 3360 tamen
3682 3322 3746 3361 ea

2168 3396 2341 3465 reipsa
2363 3395 2746 3461 ostendebant,
2779 3396 2990 3450 interim
3017 3397 3164 3450 multi
3193 3411 3254 3450 ex
3286 3396 3350 3450 iis
3371 3436 3390 3462 ,
3420 3397 3507 3466 qui
3534 3397 3744 3465 decepti

2168 3495 2320 3541 erant
2343 3527 2356 3550 ,
2386 3502 2451 3541 ex
2479 3487 2814 3542 cunctatione
2843 3486 2909 3541 ad
2936 3502 3038 3541 non
3069 3486 3391 3542 credendum
3411 3490 3747 3546 occasionem

2167 3579 2512 3648 accipientes,
2539 3578 2786 3632 dicebant
2812 3578 3069 3632 :Veniant
3099 3593 3217 3648 qure
3240 3577 3520 3644 dicuntur;
3549 3581 3592 3634 si
3619 3597 3745 3636 vere

2167 3671 2362 3738 dicitis,
2391 3669 2646 3726 accedant
2672 3684 2757 3724 res
2779 3669 2937 3738 ipsm;
2967 3669 3209 3724 exhibete
3234 3671 3386 3725 nobis
3406 3686 3468 3725 ex
3493 3671 3750 3740 operibus

2167 3761 2297 3830 ipsis
2317 3760 2596 3815 consilium
2625 3760 2736 3815 Dei.
2761 3760 2892 3827 Quia
2921 3762 3077 3829 igitur
3101 3761 3215 3830 ejus
3241 3761 3542 3831 patientiam
3574 3764 3748 3819 incre-

2167 3851 2404 3906 dulitatis
2429 3852 2762 3907 occasionem
2792 3851 3092 3907 efﬁciebant
3115 3893 3131 3918 ,
3158 3861 3213 3908 et
3236 3853 3470 3924 peccatis
3505 3856 3617 3909 suis
3648 3857 3748 3911 hoc

2168 3942 2506 4011 adjiciebant,
2528 3952 2638 3996 tum
2668 3941 2808 4010 quod
2840 3957 2942 3997 non
2971 3942 3273 4009 crederent,
3297 3952 3404 3998 tum
3422 3945 3560 4014 quod
3582 3946 3749 4000 ohin-

2169 4034 2536 4088 credulitatem
2558 4034 2830 4103 segniores
2855 4035 3158 4100 evaderent,
3179 4036 3297 4104 jure
3321 4037 3464 4105 ipsos
3488 4036 3750 4105 prepheta

2169 4125 2315 4195 luget
2334 4126 2549 4180 dicens:
2574 4124 2731 4191 Quasi
2757 4125 2987 4180 funiculo
3009 4126 3185 4196 longe,
3212 4127 3289 4180 sic
3313 4135 3495 4180 contra
3521 4141 3615 4181 vos
3638 4137 3749 4181 tra-

2171 4218 2298 4272 hitis
2326 4217 2456 4272 iram
2491 4217 2624 4283 Dei,
2669 4226 2722 4272 et
2761 4217 3045 4287 nequitiam
3085 4224 3314 4271 vestram
3353 4218 3574 4286 augetis.
3615 4217 3749 4284 Quia
3825 4286 3828 4288 γ

2169 4310 2312 4364 enim
2338 4308 2494 4364 dictis
2518 4323 2623 4363 non
2651 4308 2888 4376 creditis,
2912 4306 2964 4361 id
2989 4308 3300 4378 relinquitur
3320 4308 3552 4374 demum,
3579 4317 3638 4363 ut
3659 4324 3750 4364 re-

2171 4415 2291 4454 rum
2334 4399 2484 4454 vobis
2510 4399 2836 4467 experientia
2877 4399 3147 4454 aderatur.
3183 4398 3255 4453 Ita
3283 4409 3339 4454 ut
3364 4413 3457 4453 vos
3485 4399 3580 4469 ipsi
3611 4401 3750 4456 male

2172 4493 2324 4548 vobis
2353 4493 2664 4557 attrahatis,
2689 4493 2780 4561 qui
2812 4493 2988 4546 verbis
3023 4492 3178 4546 tidem
3211 4508 3314 4546 non
3358 4493 3580 4547 habetis.
3625 4493 3752 4548 Ideo

2173 4584 2247 4637 ait
2277 4603 2289 4637 :
2327 4581 2416 4638 Va:
2439 4583 2522 4653 qui
2548 4585 2804 4636 attrahunt
2834 4593 3035 4652 peccata
3062 4599 3184 4645 sua;
3215 4582 3264 4636 id
3293 4592 3372 4638 est
3391 4623 3410 4650 ,
3441 4584 3751 4638 retributio-~

2175 4691 2300 4730 nem
2342 4684 2678 4745 peccatorum
2708 4693 2721 4727 :
2755 4674 2905 4742 quasi
2946 4675 3102 4742 longo
3144 4673 3376 4727 funiculo
3404 4688 3434 4726 e
3463 4675 3753 4744 longinquo

2177 4768 2384 4820 trahitis
2406 4807 2421 4832 ,
2455 4767 2656 4836 inquit,
2698 4766 2966 4819 deﬁnitam
3006 4765 3234 4834 peccatis
3258 4765 3446 4819 vestris
3473 4767 3750 4833 ultionem,

2177 4866 2230 4912 et
2255 4857 2402 4926 quasi
2426 4857 2535 4926 jugi
2565 4857 2789 4926 corrigia
2823 4855 2998 4910 vitul:e
3042 4854 3328 4924 subjugalis
3351 4896 3366 4918 ,
3394 4863 3451 4908 ut
3489 4856 3754 4925 exprimat

2177 4950 2387 5004 illorum
2410 4950 2639 5003 studium
2665 4958 2718 5004 et
2737 4965 2916 5004 curam
2939 4949 2991 5001 in
3018 4949 3304 5016 peccando.
3332 4946 3401 5002 Ut
3426 4949 3470 5002 si
3500 4949 3618 5018 quis
3638 4955 3755 5003 loro

2179 5041 2299 5095 forti
2325 5041 2448 5110 quid
2480 5041 2827 5110 pertraxerit,
2859 5041 2936 5092 sic
2963 5053 3056 5092 vos
3083 5054 3176 5106 per
3206 5038 3626 5093 incredulitatem
3658 5039 3752 5093 Dei

2177 5133 2308 5186 iram
2349 5140 2532 5185 contra
2574 5145 2668 5185 vos
2699 5129 2924 5184 trahitis.
2969 5127 3165 5184 Deinde
3204 5129 3331 5184 dicit
3355 5128 3618 5199 quomodo
3647 5138 3755 5185 tra-

2243 5292 2257 5321 ί
2296 5297 2403 5338 "rec
2428 5290 2593 5347 verba,
2619 5295 2665 5338 et
2697 5301 2783 5351 per
2808 5288 2970 5351 ipsum
2986 5285 3283 5335 ultionem...
3304 5283 3644 5351 perultionem,
3660 5285 3753 5351 de-

2180 5359 2315 5402 erant
2330 5356 2377 5402 in
2398 5351 2578 5406 Morel,
2594 5352 2680 5398 sed
2699 5347 2760 5397 'ex
2783 5347 2925 5409 Regio
2943 5347 3189 5409 desumpta
3204 5347 3754 5409 sunt._Bavaricus_etiam

2178 5415 2342 5471 habet,
2367 5413 2453 5461 sed
2474 5404 2658 5474 aliquot
2672 5404 2872 5474 adjectis
2895 5404 3312 5470 vocibusIIllaque
3336 5407 3527 5468 legerat
3545 5404 3752 5455 Tilman-

2178 5488 2270 5540 nus
2293 5478 2552 5540 interpres.
3135 5530 3145 5540 .
3362 5529 3392 5540 __

2240 5539 2260 5569 ¹
2295 5537 2348 5585 In
2370 5529 2548 5592 Gr'aeeo,
2573 5546 2852 5594 ἀκιιλημμίκρν,
2878 5545 3040 5594 eorum
3063 5530 3145 5594 qui
3165 5529 3392 5594 assumpti
3405 5533 3528 5577 sunt.
3545 5529 3754 5577 'nlman-

2179 5612 2270 5648 nus
2293 5604 2528 5653 verterat,
2553 5591 2717 5644 eorum
2730 5591 2812 5653 qui
2834 5591 2988 5644 relicti
3008 5591 3278 5660 sunt,quasi
3302 5592 3519 5660 legisset,
3535 5602 3752 5660 houses:

2180 5678 2300 5720 μίνυν.
2341 5651 2613 5717 Antiquam
2653 5651 2790 5705 certe
2812 5663 2932 5720 est,
2967 5668 3130 5720 eorum
3162 5651 3254 5710 ‘qui
3288 5651 3514 5720 uss’umpti
3545 5651 3755 5720 sunt__ab

2180 5714 2448 5781 ὲπλτιμςάνυ,
2468 5714 2525 5766 et
2546 5726 2706 5766 tamen
2747 5717 2934 5781 videtur
2958 5716 3319 5779 Chrysostomus
3353 5715 3398 5762 in
3433 5714 3753 5774 sequentibus

2185 5803 2267 5837 eos
2295 5777 2592 5845 intelligere,
2612 5781 2692 5847 qui
2715 5777 2864 5830 relicti
2889 5788 3014 5828 sunt.
