4044 6412
410 361 484 419 δε,
1243 355 1302 411 s.
1331 355 1615 412 .IOANNIS
1641 348 2127 413 cnmsosmm
2157 348 2476 408 ARCHIEP.
2516 351 3056 410 CONSTANTINOP.
3769 364 3840 422 66

398 461 639 529 ποιήσει
668 466 704 520 ό
747 466 909 534 Θεὸς,
947 469 1047 524 ινα
1076 469 1310 541 ῖδωμεν.
1338 475 1404 527 '0
1435 473 1528 527 καὶ
1559 474 1744 545 ιτερος
1777 473 2063 544 προφήτης

398 548 640 619 ἐγκαλεῖ,
667 551 858 621 λέγων’
914 557 1058 610 Οὐαὶ
1112 561 1167 611 οί
1199 560 1628 628 ἐπιθυμοῦντες
1671 561 1787 627 τὴν
1835 559 2063 628 ἡμέραν

398 636 646 704 Κυρίου.
685 640 794 694 Kal
835 641 933 694 ἵνα
971 644 1029 697 τί
1065 645 1208 713 ὑμῖν
1244 647 1284 714 ἠ
1321 647 1510 716 ἡμέρα
1537 648 1688 715 αὕτη
1708 664 1726 711 ;
1761 647 1871 700 Kal
1906 647 2060 715 αὕτη

399 719 529 776 ἐστι
561 724 782 793 σκότος
811 727 910 782 καί
931 732 1004 783 οὐ
1033 731 1178 799 φῶς,
1215 733 1312 786 καὶ
1348 734 1572 802 γνόφος
1603 737 1716 789 οὐκ
1743 735 1900 803 ἔχων
1924 729 2065 803 φέτο

399 824 506 875 της
527 809 735 879 αὐτῆς.
782 812 892 867 Καὶ
929 815 1035 887 γάρ
1081 818 1173 870 καὶ
1217 820 1414 872 ἐκεῖνοι
1464 819 1820 885 ἀπιστοῦντες
1857 820 2060 888 ἐλεγον·

399 893 538 948 Πότε
582 895 702 968 ἥξει
739 900 771 970 ή
819 900 1000 972 ήμέρα
1043 903 1141 972 τῆς
1177 905 1452 970 κολάσεως
1497 907 1589 961 καὶ
1633 907 1734 978 τῆς
1760 908 2060 978 τιμωρίας;

407 983 547 1036 Οὐαὶ
587 987 642 1038 οι
670 985 950 1055 λέγοντες
987 989 1053 1042 τὸ
1079 992 1346 1059 πονηρὸν
1387 994 1594 1060 καλὸν,
1628 995 1725 1048 καὶ
1764 993 1831 1048 τὸ
1872 995 2064 1048 καλὸν

398 1070 686 1138 πονηρόν·
721 1074 776 1126 οῖ
803 1073 1064 1141 τιθέντες
1101 1077 1166 1130 τὸ
1193 1078 1318 1146 φῶς
1349 1082 1585 1146 σκότος,
1617 1083 1713 1134 καί
1744 1080 1808 1134 τὸ
1841 1082 2062 1147 σκότος

396 1151 546 1220 φῶς·
591 1156 646 1209 ol
693 1157 951 1226 τιθέντες
989 1161 1057 1214 τὸ
1095 1164 1290 1231 γλυκὺ
1332 1167 1565 1233 πικρὸν,
1609 1167 1707 1220 καὶ
1750 1166 1817 1220 τὸ
1847 1167 2063 1235 πικρὸν

402 1241 612 1309 γλυκύ.
649 1243 815 1298 Πάλιν
843 1247 969 1316 περὶ
996 1248 1103 1301 τῶν
1125 1251 1303 1304 αὐτῶν
1332 1252 1657 1321 διαλέγεται.
1698 1252 1915 1325 Ἐπειδὴ
1937 1254 2062 1318 τοὺς

401 1325 503 1396 μὲν
534 1332 816 1402 προφήτας
855 1332 1073 1404 ὕϐριζον
1113 1337 1205 1389 καὶ
1245 1339 1563 1403 ἀπατεῶνας
1596 1339 1800 1410 ἔλεγον,
1834 1342 1960 1405 τοὺς
2005 1341 2061 1395 δὲ

394 1411 840 1499 ψευδοπροφήτας
862 1419 1083 1490 ἐτίμων,
1109 1425 1201 1477 καὶ
1229 1425 1560 1497 ἀνέστρεφον
1585 1427 1692 1481 τῶν
1719 1429 2060 1499 πραγμάτων

393 1498 494 1572 τήν
530 1501 703 1570 τάξιν,
737 1505 1008 1570 ταλανίζει
1048 1509 1244 1574 αὐτοὺς
1279 1512 1371 1565 ἐπὶ
1403 1515 1465 1582 τῇ
1498 1513 1676 1584 κρίσει
1707 1498 1773 1584 τῇ
1801 1514 2059 1585 διεφθαρ-

397 1585 558 1659 μένῃ.
601 1590 766 1656 Οὐαί,
810 1593 993 1662 φησὶν,
1034 1596 1088 1648 οι
1125 1595 1406 1664 λέγοντες
1446 1599 1513 1651 τὸ
1551 1598 1820 1667 πονηρὸν
1870 1601 2059 1655 καλὸν

396 1671 682 1742 (τουτέστι,
702 1677 799 1749 τήν
817 1680 1453 1754 ψευδοπροφητείαν),καὶ
1473 1685 1541 1740 τὸ
1566 1687 1756 1741 καλὸν
1802 1690 2067 1759 πονηρόν

394 1759 512 1832 (τὴν
543 1764 920 1836 προφητείαν)·
941 1771 994 1822 οἱ
1021 1771 1279 1837 τιθέντες
1318 1771 1385 1825 τὸ
1427 1771 1553 1841 φῶς
1589 1775 1828 1843 σκότος,
1857 1777 1956 1830 καὶ
1991 1776 2056 1829 τὸ

391 1849 615 1914 σκότος
649 1848 796 1918 φῶςθ
838 1855 894 1907 οί
943 1855 1204 1922 τιθέντες
1242 1857 1307 1912 τὸ
1351 1860 1544 1929 γλυκὺ
1571 1861 1807 1929 πικρὸν,
1849 1863 1950 1917 καὶ
1989 1864 2058 1917 τὸ

392 1933 609 2021 πικρὸν
646 1939 856 2006 γλυκύ.
894 1940 956 1993 Εί
989 1942 1098 2014 γὰρ
1130 1944 1224 1997 καὶ
1253 1946 1507 2015 φορτικὰ,
1534 1951 1688 2018 φησὶ,
1720 1948 1790 2002 τὰ
1817 1951 2057 2021 ῥήματα,

390 2020 507 2111 ἀλλ’
543 2023 697 2079 οὐδὲν
730 2027 1056 2102 γλυκύτερον
1086 2033 1193 2088 τῶν
1231 2037 1545 2107 προφητῶν,
1576 2042 1640 2110 τῇ
1667 2039 1774 2093 τῶν
1798 2020 2056 2111 ῥημάτων

391 2109 589 2182 ἀπειλῇ
619 2112 718 2183 τὴν
749 2114 837 2168 διὰ
861 2115 971 2169 τῶν
996 2120 1336 2189 πραγμάτων
1356 2109 1810 2194 ἀποκρουομένων
1837 2109 2054 2196 πεῖραν.

391 2197 453 2250 El
488 2199 583 2252 καὶ
614 2199 814 2269 γλυκέα
835 2203 902 2257 τά
923 2205 1030 2259 τῶν
1051 2207 1527 2280 ψευδοπροφητῶν,
1557 2213 1672 2267 ἀλλ’
1696 2215 1849 2268 οὐδὲν
1876 2218 2055 2271 αὐτῶν

390 2285 732 2373 πικρότερον,
753 2293 818 2360 τῇ
847 2290 1028 2363 χάριτι
1050 2293 1158 2349 τῶν
1189 2295 1364 2364 λόγων
1383 2297 1479 2368 τὴν
1501 2298 1587 2353 διά
1615 2300 1724 2355 τῶν
1745 2302 1918 2373 ἔργων
1955 2304 2055 2356 ἐπ-

388 2370 632 2438 αγόντων
665 2373 769 2427 ἀπε
778 2375 913 2447 ιλήν.

458 2458 520 2549 ς’.
541 2459 669 2514 Ἰδοὺ
701 2464 979 2535 προφήτου
1015 2469 1226 2538 σοφίαν,
1253 2471 1371 2534 πῶς
1406 2474 1733 2546 ἀνέστρεψεν
1760 2475 1935 2531 αὐτῶν
1957 2478 2054 2549 τὴν

387 2543 660 2634 ὑπόνοιαν.
692 2549 907 2623 Ἐπειδὴ
937 2554 1043 2625 γὰρ
1075 2560 1185 2620 τοῖς
1222 2557 1319 2626 μὲν
1357 2559 1432 2623 ὡς
1472 2543 1774 2632 πικρότατα
1814 2543 2052 2634 φθεγγο-

389 2631 570 2720 μένοις
591 2634 650 2687 οὐ
685 2640 990 2709 προσεῖχον,
1019 2645 1130 2706 τοῖς
1157 2644 1213 2697 δὲ
1239 2644 1314 2708 ὡς
1341 2631 1794 2718 προσηνεστάτοις
1821 2631 1912 2704 καὶ
1931 2631 2052 2720 γλυο

386 2716 596 2807 κύτητα
620 2720 829 2807 ,πολλὴν
853 2724 1087 2796 ἔχουσιν,
1129 2729 1348 2801 ἔφησεν,
1380 2735 1460 2786 ὅτι
1488 2716 1796 2790 τούναντίον
1833 2716 2052 2807 μὲν-οὗν

385 2805 523 2857 ἐστι·
547 2805 681 2893 πολὺ
707 2808 814 2862 τῶν
842 2815 1135 2884 προφητῶν
1167 2817 1226 2869 τὸ
1262 2817 1402 2887 μέλι,
1437 2819 1604 2891 πολλὴ
1637 2821 1693 2874 δέ
1729 2805 2053 2893 τῶν-ψευδο-

382 2891 681 2962 προφητῶν
722 2895 756 2967 ή
802 2899 1010 2969 πικρία·
1057 2902 1198 2955 οὓτω
1238 2906 1331 2958 καὶ
1361 2906 1455 2959 ἐπὶ
1500 2907 1594 2961 τοῦ
1631 2908 1807 2977 φωτὸς
1835 2891 2051 2966 καὶτοῦ

385 2977 616 3070 σκότους
639 2980 730 3035 τὸν
755 2981 910 3053 λόγον
937 2991 1370 3059 μεταχειριστέον
1391 2995 1545 3063 ἡμῖν.
1575 2996 1637 3048 Ol
1668 2995 1766 3065 μέν
1787 2996 1896 3069 γάρ
1915 2998 2051 3070 πρὸς

383 3064 489 3156 τὴν
517 3065 723 3139 πλάνην
749 3071 977 3142 ήγαγον,
1013 3076 1062 3129 οί
1091 3077 1146 3129 δὲ
1182 3079 1276 3131 καὶ
1310 3079 1444 3149 πρὸς
1473 3081 1570 3150 τὴν
1596 3064 2052 3156 ἀλήθειαννέχε-ιρ-

387 3148 652 3241 αγώγουν·
697 3157 791 3210 καὶ
835 3159 883 3211 ol
915 3159 1014 3230 μὲν
1045 3161 1120 3232 τῷ
1150 3160 1298 3233 ζόφῳ
1325 3148 1424 3228 τῆς
1455 3148 1831 3237 αἰχμαλωσίας
1867 3148 2053 3241 μονον-

388 3238 511 3328 ουχὶ,
525 3238 623 3328 τὰς
652 3244 839 3314 χεῖρας
863 3244 1122 3317 δήσαντες
1151 3251 1526 3321 παρεδίδοσαν,
1555 3255 1603 3306 οί
1632 3254 1688 3307 δὲ
1715 3238 1945 3319 ὃπωςέν
1973 3257 2052 3328 τῷ

387 3326 526 3409 φωτὶ
557 3326 655 3397 τῆς
692 3329 1002 3403 ἐλευθερίας
1051 3335 1322 3404 ἀγάγωσι,
1360 3339 1536 3392 πάντα
1568 3340 1853 3409 ἔπραττον.
1896 3326 2050 3398 Ἐπεὶ

385 3405 476 3464 οὖν
523 3411 623 3476 τὰς
669 3415 914 3482 ἐναντίας
953 3422 1079 3491 περὶ
1112 3423 1316 3478 τούτων
1353 3424 1512 3491 δόξας
1550 3405 1696 3497 εἶχον
1736 3430 1829 3482 καὶ
1863 3429 1961 3493 τὰς
1987 3432 2047 3485 οὺ

383 3499 800 3582 προσηκούσας,
849 3503 1072 3570 εἰκότως
1123 3507 1320 3572 αὐτοὺς
1372 3510 1675 3581 διορθοῦται
1736 3512 1942 3582 λέγων’
1983 3519 2050 3570 Ol

381 3581 642 3651 τιθέντες
664 3586 730 3640 τὸ
755 3587 880 3656 φῶς
901 3592 1140 3659 σκότος,
1167 3595 1264 3648 καὶ
1299 3596 1364 3649 τὸ
1394 3599 1614 3666 σκότος
1643 3599 1790 3669 φῶς.
1812 3581 1961 3656 Οὐαί
1994 3606 2050 3658 ol

381 3669 626 3757 συνετοί
671 3671 740 3724 ἐν
777 3673 1027 3742 ἑαυτοῖς,
1073 3679 1172 3731 καὶ
1211 3679 1465 3735 ἐνώπιον
1490 3683 1689 3738 αὐτῶν
1725 3686 2051 3757 ἐπιστήμο-

381 3769 503 3818 νες.
525 3754 600 3808 Οὐ
641 3758 834 3829 μικρὸν
864 3761 958 3813 καὶ
991 3763 1150 3817 τοῦτο
1180 3765 1486 3837 ἐλάττωμα,
1538 3768 1600 3822 τὸ
1630 3773 1792 3841 σοφόν
1820 3754 2049 3828 τιναννο-

384 3843 562 3914 μίζειν
598 3848 806 3913 ἑαυτὸν,
854 3852 948 3905 καὶ
983 3857 1096 3918 τοῖς
1140 3855 1330 3909 ἐαυτοῦ
1375 3857 1488 3930 [61]
1529 3859 1806 3931 λογισμοῖς
1845 3863 1908 3916 τὸ
1939 3867 2047 3918 πᾶν

379 3933 717 4025 ἐπιτρέπειν.
751 3938 858 4025 Καὶ
889 3940 996 4012 γὰρ
1023 3943 1270 3998 ἐντεῦθεν
1298 3947 1472 3999 ἐκεῖνο
1497 3947 1738 4022 γίνεται[
1761 3962 1787 3991 ι
1814 3950 1954 4019 λέγω
1983 3952 2046 4025 δὴ

380 4019 444 4110 τδ
463 4021 692 4110 φάσκειν
715 4024 776 4077 τὺ
800 4029 1032 4100 πονηρὸν
1057 4031 1242 4099 καλὸν,
1269 4033 1365 4086 καὶ
1392 4035 1454 4087 τὸ
1486 4036 1648 4090 καλὸν
1670 4019 1923 4110 πονηρὸν,
1950 4019 2046 4094 καῖ

668 4110 836 4165 Τοῦτο
860 4116 952 4168 καὶ
978 4117 1006 4169 ὁ
1029 4118 1242 4182 Παῦλος
1263 4123 1376 4184 τοῖς
1403 4122 1508 4186 ἔξω
1534 4105 1842 4194 φιλοσόφοις
1880 4127 2046 4195 ἐγκα-

516 4193 719 4265 ἐλεγεν,
739 4198 819 4251 δτι
841 4199 1177 4270 Φάσκοντες
1200 4201 1350 4259 εἶναι
1367 4189 1566 4277 σοφοί,
1590 4189 2039 4281 ἐμωράνθησαν.

381 4278 494 4333 Καὶ
523 4282 552 4333 ό
582 4284 952 4358 παροιμιώδης
993 4288 1148 4358 λόγος
1191 4292 1352 4345 πάλιν
1392 4293 1575 4364 φησίν·
1608 4278 1790 4350 Εἶδον
1820 4278 2043 4367 ἅνθρωο

380 4379 500 4420 πον
544 4367 838 4426 δοκοῦντα
879 4370 1031 4428 εῖναι
1075 4377 1272 4445 σοφὸν
1303 4380 1438 4446 παρ’
1479 4379 1686 4448 ἐαυτιῖν
1726 4382 1942 4437 ἐλπίδα
1976 4385 2045 4439 δὲ

379 4450 504 4520 ἔχει
519 4451 761 4521 μᾶλλον
789 4457 991 4527 ἄφρων
1015 4463 1220 4518 αὐτοῦ.
1252 4465 1422 4518 Τοῦτο
1460 4466 1554 4519 καὶ
1581 4468 1790 4532 Παῦλος
1824 4470 2044 4538 ἐγκαλεῖ

382 4538 544 4592 πάλιν
578 4539 768 4608 λέγων·
797 4545 894 4612 Μὴ
925 4548 1162 4616 γίνεσθε
1193 4553 1467 4621 φρόνιμοι
1499 4554 1636 4622 παρ’
1667 4555 1919 4622 ἑαυτοῖς’
1952 4558 2044 4611 καὶ

379 4624 561 4677 πάλινο
597 4627 672 4683 El
703 4645 792 4695 τις
819 4630 988 4686 δοκεῖ
1012 4636 1204 4705 σοφὸς
1231 4635 1382 4692 εἶναι
1408 4639 1479 4693 ἐν
1503 4640 1647 4708 ὑμῖν
1673 4642 1744 4695 ἐν
1771 4641 1852 4708 τῷ
1877 4643 2044 4698 αἰῶνι

378 4711 587 4801 τοῦτῳ,
616 4712 877 4801 γενέσθω
893 4721 1107 4788 μωρὸς,
1137 4723 1236 4777 ἵνα
1267 4724 1505 4794 γένηται
1528 4729 1739 4797 σοφός.
1766 4729 1859 4801 Μὴ
1880 4735 1944 4801 τῇ
1968 4732 2044 4784 ol-

379 4797 502 4870 κείᾳ
540 4799 719 4871 σοφίᾳ,
765 4804 918 4874 φησὶ,
965 4807 1099 4878 μηδὲ
1135 4811 1245 4872 τοῖς
1286 4812 1478 4865 ἑαυτοῦ
1523 4797 1863 4885 ἐπιτρεπέτω
1901 4797 2044 4884 λογι-

382 4887 534 4954 σμοῖς
565 4887 612 4952 ιι,
647 4887 758 4976 ἀλλ’
787 4891 1024 4957 ἐκείνους
1050 4897 1406 4962 κατευνάσας,
1446 4901 1698 4955 ἐκδιδότω
1727 4903 1826 4974 τὴν
1867 4905 2042 4976 ψυχὴν

378 4972 566 5061 Τῇ,τοῦ
597 4974 907 5046 Πνεύματος
937 4980 1270 5055 διδασκαλίᾳ.
1309 4986 1462 5039 Ἐπεὶ
1485 4983 1577 5041 οὖν
1603 4991 1695 5041 καὶ
1721 4972 1872 5061 ποιρά
1909 4972 2040 5045 ’1⁷οᾴ-

379 5056 546 5123 δαίοις
572 5061 799 5116 τοιοῦτοί
819 5083 959 5129 τινες
982 5064 1120 5138 ἦσαν
1155 5072 1528 5142 ὑπερορῶντες
1555 5077 1652 5144 μὲν
1683 5056 2044 5150 τῶννπροφη-

379 5145 486 5197 τῶν
507 5145 588 5233 ,ὡς
617 5149 885 5219 ποιμένων
913 5155 1005 5206 καὶ
1034 5157 1286 5223 αἰπόλων,
1318 5159 1627 5230 βουλόμενοι
1652 5162 1708 5216 δὲ
1731 5145 2040 5233 σοφίζεσθαι

380 5232 606 5298 οἴκοθεν,
636 5235 666 5289 δ
708 5239 800 5292 καὶ⁵
840 5239 1094 5305 ἀπονοίας
1143 5247 1325 5309 αὐτοῖς
1371 5249 1624 5313 ὑπόθεσις
1677 5232 1903 5319 ἐγίνετο,
1948 5255 2041 5307 καὶ

379 5323 473 5376 τοῦ
509 5333 864 5397 καταφρονεῖν
892 5332 999 5385 τῶν
1024 5334 1350 5404 λεγομένων,
1381 5339 1602 5402 εἰκότως
1627 5341 1821 5405 αὐτοὺς
1856 5344 2042 5414 θρηνεῖ

381 5408 572 5478 λέγων’
605 5413 747 5467 Οὐαί
783 5419 835 5470 ol
862 5420 1100 5473 συνετοὶ
1138 5422 1206 5474 ἐν
1242 5423 1496 5489 ἑαυτοῖς,
1525 5425 1621 5478 καί
1651 5408 1906 5481 ἐνώπιον
1936 5408 2041 5483 αὐ-

381 5495 500 5581 τῷν
546 5499 961 5571 ἐπιστήμονες.
1009 5509 1151 5560 Οὐαὶ
1191 5513 1244 5564 οἱ
1284 5512 1599 5579 ἰσχύοντες
1632 5513 1816 5581 ὑμῶν,
1857 5519 1911 5568 οὶ
1937 5515 2041 5569 τὸν

374 5580 547 5642 οἶνον
601 5590 896 5658 πίνοντες,
940 5595 1037 5647 καὶ
1083 5600 1136 5649 οί
1175 5597 1486 5665 δυνάσται,
1532 5604 1586 5656 οί
1623 5602 1940 5672 κιρνῶντες
1975 5609 2038 5662 τὸ

381 5674 621 5764 σίκερα.Δ
641 5678 732 5748 Μὴ
763 5679 1062 5752 θαυμάσῃς,
1091 5685 1138 5735 εί
1166 5685 1270 5753 πρὸ
1301 5689 1496 5755 μικροῦ
1527 5691 1762 5744 τοσαῦτα
1783 5695 1921 5748 κατά
1953 5697 2040 5764 μὲ-

439 5761 813 5838 ξρυωγυειςιυίξ
832 5767 1127 5838 οιοηόυρῑυῐ·
1149 5770 1392 5838 desumju
1421 5774 1540 5838 Reg.
1566 5783 1619 5828 et
1649 5777 1794 5829 Savil.
1822 5780 1921 5831 Sed
1953 5761 2035 5831 ha-

377 5818 560 5872 bentur
578 5824 628 5871 in
664 5824 830 5876 Morel.
857 5829 973 5876 etin
1003 5830 1230 5878 Bavarico
1254 5818 1441 5881 codice:

444 5883 469 5923 ι’
491 5882 612 5946 Reg.
649 5891 701 5934 ct
730 5885 875 5936 Savil.
915 5889 1168 5953 ἐπιτρέπων
1195 5893 1449 5955 λογισμοῖς.

2169 469 2268 540 θης
2286 469 2474 530 είπὼν,
2504 471 2665 524 πάλιν
2690 472 2782 526 τὸν
2802 472 2962 525 αὑτὸν
2981 471 3421 543 ἐπαναλαμδάνει
3449 474 3625 543 λόγον.
3667 475 3840 530 Ἐπει-

2167 557 2230 627 δὴ
2258 559 2366 629 γὰρ
2395 558 2629 628 χαλεπὸν
2663 558 2724 611 τὸ
2748 559 2904 622 ἐλκος
2931 560 3024 612 καὶ
3053 559 3331 615 δύσεικτον
3356 571 3404 626 ο,
3433 561 3520 615 διὰ
3552 562 3709 616 τοῦτο
3744 566 3836 618 καὶ

2167 643 2406 713 συνεχῶς
2439 644 2723 699 ἐπαντλεῖν
2757 645 2884 698 ἔδει.
2921 646 3172 700 Χαλεπὸν
3211 647 3266 700 δέ
3297 648 3389 702 καὶ
3415 647 3717 714 δύσεικτον,
3757 651 3836 722 τῷ

2167 729 2243 800 μὴ
2286 730 2460 786 δοκεῖν
2500 731 2650 802 παρά
2690 734 2804 795 τοῖς
2840 733 3055 796 πολλοῖς
3090 733 3392 805 ἁμάρτημα
3420 729 3579 802 εἷναι,
3615 738 3838 792 πάντων

2162 817 2574 888 ἁμαρτημάτων
2601 817 2976 890 χαλεπώτερον
2996 820 3074 883 δν,
3105 822 3200 874 καὶ
3225 823 3391 892 μυρία
3422 823 3716 893 βλαστάνον
3745 843 3833 878 νο·-

2164 903 2405 972 σήματα.
2461 904 2552 957 Διό
2594 921 2775 976 φησιν·
2830 907 2896 959 Ol
2931 905 3040 960 τὸν
3082 902 3252 961 οἶνον
3297 907 3595 978 πίνοντες,
3640 912 3743 966 καί
3781 914 3836 966 οί

2161 988 2480 1056 δυνάσται,
2502 993 2556 1044 οί
2575 991 2890 1060 κιρνῶντες
2908 992 2974 1046 τὸ
3001 993 3232 1062 σίκερα.
3257 995 3485 1060 Διπλοῦς
3512 999 3540 1050 δ
3565 999 3835 1070 κρημνὸς,

2161 1077 2414 1147 τυραννὶς
2437 1077 2626 1147 μέθης,
2661 1079 2754 1132 καὶ
2778 1079 3088 1144 δυναστείας
3112 1081 3214 1134 ὐπε
3224 1081 3406 1154 ρ6ολή.
3432 1082 3569 1137 Πᾶσι
3605 1085 3702 1154 μὲν
3726 1087 3836 1155 γάρ

2161 1161 2470 1234 ἀνθρώποις
2493 1163 2753 1235 λογισμοῦ
2785 1165 2959 1236 χρεία,
2994 1167 3227 1237 μάλιστα
3252 1169 3309 1222 δὲ
3338 1172 3449 1233 τοῖς
3475 1171 3532 1224 ἐν
3559 1170 3837 1241 ἀξιώμασι

2163 1249 2256 1301 καὶ
2273 1249 2609 1314 δυναστείαις
2640 1247 2810 1315 οὖσιν,
2835 1251 2979 1306 ὥστε
3009 1254 3104 1324 μὴ,
3139 1253 3388 1326 καθάπερ
3417 1257 3665 1310 ἀτάκτων
3699 1258 3836 1311 ὑδά-

2161 1353 2269 1389 των
2306 1336 2453 1408 ρύμῃ
2480 1338 2604 1404 τινὶ,
2636 1338 2713 1408 τῷ
2733 1342 2830 1409 τῆς
2857 1339 3030 1410 ἀρχῆς
3063 1340 3458 1412 ἐκφερομένους
3489 1343 3639 1413 δγκῳ
3671 1362 3841 1398 καταο

2161 1427 2577 1496 κρημνίζεσθαι.
2621 1431 2687 1482 Ol
2720 1427 3091 1496 δικαιοῦντες
3129 1431 3235 1485 τὸν
3264 1433 3454 1502 ἀσεϐῆ
3480 1434 3689 1489 ἕνεκεν
3725 1435 3840 1490 δώ-

2156 1529 2299 1581 ρων,
2329 1513 2427 1567 καί
2455 1516 2519 1570 τὸ
2553 1514 2787 1570 δίκαιον
2813 1516 2920 1571 τοῦ
2953 1516 3186 1572 δικαίου
3205 1521 3474 1587 αἴροντες
3497 1523 3597 1578 ἀπ’
3618 1524 3836 1581 αὐτοῦ.

2161 1599 2392 1653 Διπλοῦν
2436 1601 2497 1653 τὺ
2547 1602 2797 1673 ἔγκλημα
2836 1602 3078 1657 πάλιντὺ
3115 1605 3207 1659 τὸν
3253 1606 3548 1661 ὑπεύθυνον
3588 1611 3838 1678 ἀφιέναι,

2160 1685 2363 1739 καὶτὸν
2382 1687 2669 1741 ἀνεύθυνον
2694 1689 3094 1753 καταδικάζειν.
3118 1690 3408 1763 Ἐκατέρου
3439 1695 3840 1767 ἁμαρτήματος

2160 1773 2194 1841 ή
2227 1771 2351 1844 ῥίζα
2389 1773 2702 1845 δωροδοκία.
2747 1776 2852 1829 Διά
2891 1775 3065 1830 τοῦτο
3108 1777 3181 1831 ὃν
3207 1781 3430 1846 τρόπον
3467 1782 3836 1850 καυθήσεται

2159 1858 2393 1928 καλάμη
2437 1861 2557 1915 ὑπὸ
2601 1862 2895 1932 ἄνθρακος
2948 1863 3156 1932 πυρὸς,
3193 1867 3291 1919 καὶ
3345 1869 3838 1940 συγκαυθήσεται

2157 1945 2278 2000 ὑπὸ
2300 1947 2525 2016 φλογὸς
2553 1949 2920 2019 άνημμένης.
2951 1950 3026 2003 Τὸ
3050 1951 3147 2022 τῆς
3174 1954 3440 2022 τιμωρίας
3465 1956 3624 2026 ταχὺ,
3653 1957 3714 2010 τὺ
3741 1957 3838 2010 εῦ-

2158 2032 2314 2085 κολον
2333 2033 2431 2104 τῆς
2460 2033 2732 2099 κολάσεως
2761 2037 3078 2108 παρίστησι,
3103 2037 3190 2090 διὰ
3216 2037 3316 2108 τῆς
3343 2039 3541 2105 εἰκόνος
3570 2041 3670 2113 τὴν
3697 2059 3838 2098 παν-

2157 2117 2296 2171 ωλεθ
2304 2119 2426 2189 ρίαν
2457 2120 2636 2175 αὐτῶν
2669 2122 2866 2193 δηλῶν.

2227 2207 2555 2276 η’.”Απαντα
2586 2207 2692 2279 γὰρ
2731 2209 2902 2264 ταῦτα
2934 2213 2968 2282 ή
2997 2211 3128 2281 φλὸξ
3159 2215 3252 2268 καὶ
3281 2215 3330 2267 οἱ
3359 2213 3645 2287 ἄνθρακες,
3677 2218 3773 2270 καὶ⁷
3800 2219 3834 2288 ή

2157 2290 2402 2362 καλάμη,
2433 2294 2527 2346 καὶ
2563 2293 2632 2346 τά
2657 2293 2778 2365 ἑξῆς
2806 2298 2936 2366 ήμῖν
2961 2300 3361 2371 παρεδήλωσεν.
3401 2299 3606 2368 Ἠρίζα
3631 2301 3837 2356 αὐτῶν

2156 2380 2237 2444 ὡς
2273 2381 2460 2449 χνοῦς
2484 2383 2674 2447 ἔσται,
2712 2385 2808 2437 καὶ
2860 2385 2924 2438 τὸ
2966 2387 3148 2453 ἄνθος
3180 2388 3379 2441 αὐτῶν
3412 2389 3493 2455 ὡς
3524 2389 3834 2458 κονιορτὸς

2155 2467 2536 2536 ἀναϐήσεται.
2571 2469 2651 2523 Τά
2678 2472 2960 2542 πεπηγότα
2985 2473 3164 2526 καὶτὰ
3189 2473 3379 2543 βέὸαια
3410 2475 3711 2538 ἀπολεῖται,
3739 2479 3834 2530 καὶ

2155 2553 2535 2625 διαχυοήσεται
2567 2557 2635 2609 τά
2667 2556 2913 2628 λαμπρὰ,
2954 2560 3046 2612 καὶ
3082 2559 3152 2613 τά
3194 2561 3395 2634 φαιδρά
3427 2564 3704 2634 οἰχήσεται
3737 2565 3832 2618 και

2155 2640 2562 2712 διαρρυήσεται.
2606 2645 2689 2698 Οὐ
2730 2645 2841 2712 τὰρ
2881 2645 3194 2714 ἠθέλησαν
3235 2648 3343 2701 τὸν
3389 2649 3575 2717 νόμον
3607 2652 3834 2718 Κυρίου

2155 2732 2397 2786 Σαϐαὼθ
2439 2733 2649 2798 ποιεῖν,
2697 2735 2858 2789 ἀλλὰ
2886 2734 2951 2789 τὸ
2975 2737 3184 2807 λόγιον
3219 2736 3327 2792 τοῦ
3355 2738 3525 2806 ἁγίου
3561 2739 3834 2807 παρώξυ-

2153 2834 2292 2874 ναν.
2351 2819 2544 2888 Λόγιον
2587 2821 2676 2873 τὸν
2728 2822 2888 2889 νόμον
2932 2821 3099 2890 λέγει.
3141 2824 3251 2877 Kal
3293 2825 3558 2894 ἐθυμώθη
3612 2829 3830 2895 Κύριος

2153 2905 2396 2960 Σαϐαὼθ
2425 2906 2570 2975 ὀργῇ
2610 2906 2709 2960 ἐπὶ
2743 2909 2849 2962 τὸν
2884 2911 3037 2962 λαὸν
3062 2911 3268 2965 αὐτοῦ’
3295 2912 3392 2965 καί
3430 2914 3683 2969 ἐπέϐαλε
3714 2915 3833 2984 τὴν

2154 2991 2320 3060 χεῖρα
2353 2993 2542 3046 αὐτοῦ
2573 2994 2666 3046 ἐπ’
2693 2995 2935 3061 αὐτοὺς,
2962 2995 3061 3053 καὶ
3095 2997 3395 3063 ἐπάταξεν
3434 3002 3673 3069 αὐτούς.
3711 3001 3832 3077 [62}

2153 3079 2262 3133 Kal
2288 3079 2645 3148 παρωξύνθη
2665 3081 2764 3133 ἐπὶ
2788 3083 2860 3134 τὰ
2887 3083 3016 3150 ὅρη,
3039 3084 3138 3137 καί
3155 3085 3390 3154 ἐγένετο
3411 3089 3482 3142 τὰ
3504 3091 3831 3159 θνησιμαῖα

2152 3164 2349 3221 αὐτῶν
2373 3167 2453 3230 ὡς
2472 3167 2686 3236 κοπρία
2714 3168 2783 3220 ἐν
2807 3169 2972 3236 μέσῳ
2996 3169 3160 3224 ὀδοῦ.
3185 3172 3290 3225 Καὶ
3322 3173 3391 3226 ἐν
3422 3173 3566 3228 πᾶσι
3593 3179 3832 3244 τούτοις

2151 3253 2262 3305 οὐκ
2295 3253 2645 3322 ἀπεστράφη
2681 3257 2714 3308 ό
2737 3255 2925 3327 θυμὸς
2965 3257 3172 3320 αὐτοῦ,
3198 3259 3334 3312 ἀλλ’
3360 3259 3449 3313 ἐτι
3489 3262 3527 3329 ἠ
3565 3262 3696 3330 χείρ
3729 3267 3833 3318 af).

2151 3339 2258 3394 τοῦ
2289 3339 2522 3409 ὑψηλή.
2571 3341 2832 3396 Ἐνταῦθα
2855 3343 3086 3414 πόλεμον
3116 3343 3144 3383 ἀ
3174 3347 3462 3400 αἰνίττεται
3486 3348 3741 3418 χαλεπὸν,
3765 3352 3828 3417 δς

2150 3427 2271 3481 οὐδὲ
2292 3431 2433 3498 ταφῇ
2465 3447 2531 3483 τα
2562 3429 2789 3500 σώματα
2816 3434 3161 3504 συγχωρήσει
3194 3436 3584 3508 παραδοθῆναι,
3608 3441 3706 3510 οὐχ
3740 3443 3828 3498 ἵνα

2150 3513 2348 3567 ἐκεῖνοι
2388 3515 2606 3568 κόλασιν
2630 3517 2812 3582 δῶσιν,
2837 3518 2953 3571 ἀλλ’
2981 3519 3066 3574 ίνα
3112 3520 3161 3572 οἱ
3202 3520 3400 3585 ζῶντες
3433 3526 3490 3576 ἐν
3514 3527 3634 3589 ταῖς
3662 3527 3827 3583 ἀλλο-

2148 3600 2329 3670 τρίαις
2357 3604 2660 3672 συμφοραῖς
2693 3603 2792 3673 τῆς
2818 3604 3025 3668 οἰκείας
3059 3607 3472 3677 ἀποτέμνωνταί
3504 3627 3558 3664 τι
3600 3615 3825 3679 κακίας.

2149 3685 2259 3738 Καὶ
2286 3687 2388 3757 ὅρα
2416 3687 2534 3752 πῶς
2575 3688 2954 3762 χαλεπώτερον
2983 3690 3073 3744 τὸν
3109 3691 3264 3761 λόγον
3295 3695 3564 3765 ἐποίησεν,
3599 3701 3675 3753 Οὐ
3710 3703 3826 3775 γὰρ

2148 3770 2322 3836 εἶπεν,
2353 3776 2434 3828 ὅτι
2465 3776 2564 3828 οὐκ
2587 3777 2883 3847 ἐτάφησαν,
2917 3778 3031 3832 ἀλλ’
3063 3780 3145 3833 ὅτι
3182 3781 3387 3852 κόπρου
3418 3785 3600 3855 πάσης
3628 3770 3824 3859 ἀτιμόξ

2146 3875 2304 3931 τερον
2335 3861 2654 3932 ἐρριμμένοι
2698 3860 2839 3933 ἦσαν
2875 3866 2922 3917 οί
2956 3866 3422 3936 τετελευτηκότες,
3473 3870 3501 3923 ὃ
3532 3875 3645 3937 τοῖς
3683 3874 3823 3940 ζῶσι

2150 3947 2578 4018 φρικωδέστερον
2621 3950 2874 4003 ἀπάντων
2917 3947 3054 4005 εἶναι
3093 3953 3259 4021 δοκεῖ,
3300 3957 3392 4009 καὶ
3425 3960 3522 4028 τῆς
3561 3962 3822 4031 τελευτῆς

2148 4035 2319 4104 αὐτῆς
2358 4034 2752 4106 χαλεπώτερον.
2790 4038 2899 4089 Καὶ
2923 4037 2984 4090 τὸ
3012 4038 3076 4110 δὴ
3109 4043 3311 4109 χεῖρον,
3346 4043 3426 4095 δτι
3460 4045 3579 4097 οὐδὲ
3611 4047 3822 4103 τούτων

2146 4123 2467 4192 γινομένων,
2487 4124 2671 4196 φησὶν,
2699 4125 3089 4198 ἐπιεικέστεροι
3109 4133 3413 4198 γεγόνασιν,
3429 4131 3562 4186 ἀλλά
3588 4138 3698 4197 τοῖς
3720 4137 3824 4190 αὑ-

2144 4212 2257 4273 τοῖς
2310 4210 2675 4280 ἐπιμένουσιν.
2738 4211 2890 4265 Ἐπεὶ
2932 4209 3023 4267 οῦν
3062 4215 3214 4268 οὐδὲν
3260 4216 3498 4287 βελτίους
3547 4222 3816 4291 ἐγένοντο,

2145 4297 2358 4350 ἀπειλεῖ
2393 4298 2552 4351 πάλιν
2583 4300 2764 4362 αὐτοῖς
2793 4300 2889 4369 τὴν
2923 4301 3312 4372 χαλεπωτάτην
3340 4306 3551 4377 ἐκείνην
3577 4309 3818 4382 πληγὴν,

2146 4382 2241 4453 τὴν
2279 4383 2389 4436 τῶν
2426 4384 2734 4456 βαρϐάρων.
2766 4386 2857 4438 Διὸ
2890 4387 2983 4440 καὶ
3025 4389 3222 4456 ἐπάγει
3264 4390 3454 4460 λέγων·
3498 4396 3820 4464 Τοιγαροῦν

2145 4469 2277 4535 ἀρεῖ
2302 4471 2628 4538 σύσσημον
2664 4472 2734 4525 ἐν
2762 4473 2883 4537 τοῖς
2913 4475 3114 4529 ἔθνεσι
3143 4476 3266 4541 τοῖς
3295 4480 3550 4546 μακράν.
3589 4483 3705 4536 Ἵνα
3739 4487 3817 4559 μὴ

2143 4556 2240 4625 τῆς
2268 4556 2385 4609 όδοῦ
2418 4556 2478 4609 τὸ
2514 4558 2686 4626 μῆκος
2713 4559 2790 4622 είς
2825 4560 3096 4630 ῥαθυμίαν
3128 4565 3326 4627 αὐτοὺς
3356 4565 3617 4638 ὲμῦάλλῃ,
3651 4556 3818 4640 φησιν

2144 4641 2223 4695 ὅτι
2250 4641 2391 4695 οὕτω
2425 4642 2500 4711 τῷ
2521 4643 2637 4714 Θεῷ
2670 4645 2850 4716 ῥᾴδιον
2875 4648 3100 4715 ἀγαγεῖν
3125 4649 3339 4714 αὐτοὺς,
3375 4651 3449 4717 ὡς
3476 4652 3551 4722 τῷ
3583 4655 3644 4708 τὸ
3684 4657 3816 4711 σύσ-

2146 4746 2212 4798 ση
2222 4746 2318 4798 μον
2347 4730 2573 4799 αίροντι,
2601 4732 2694 4783 καὶ
2718 4733 2842 4795 τοὺς
2869 4737 3415 4807 παρεσκευασμένους
3445 4742 3536 4793 καὶ
3564 4743 3816 4814 ἑτοίμους

2144 4817 2390 4885 ἐξάγοντι
2427 4819 2561 4888 πρὸς
2593 4819 2915 4890 παράταξιν,
2946 4822 3082 4892 ὅπερ
3110 4825 3203 4875 καὶ
3231 4824 3322 4878 ἐπὶ
3341 4826 3447 4879 τῶν
3473 4828 3654 4883 ἵππων
3677 4833 3817 4898 γίνε-

2141 4921 2230 4956 ται
2258 4903 2364 4956 τῶν
2392 4905 2814 4976 ἁμιλλητηρίων.
2850 4908 3014 4977 Ὁμοῦ
3054 4927 3112 4962 τε
3152 4910 3260 4977 γὰρ
3296 4913 3358 4965 τὸ
3393 4914 3658 4984 σύμϐολον
3712 4919 3814 4985 τῆς

2143 4991 2392 5058 ἀφέσεως
2441 4994 2686 5062 αἴρεται,
2739 4995 2977 5047 κάκεῖνοι
3035 4996 3143 5050 τῶν
3205 4997 3465 5066 βαλϐίδων
3501 5003 3810 5072 ἐκπηδῶσιν

2142 5077 2361 5139 εὐθέως.
2396 5078 2498 5130 Δύο
2524 5079 2699 5131 τοίνυν
2741 5081 2972 5134 ἐνταῦθα
3005 5080 3034 5133 ὁ
3068 5087 3354 5156 προφήτης
3381 5087 3694 5154 αἰνίττεται,
3731 5092 3810 5146 ὅτι

2142 5166 2234 5217 καὶ
2261 5164 2479 5217 εῦκολον
2504 5166 2700 5228 αὐτοὺς
2725 5166 2915 5231 ἐλθεῖν,
2952 5170 3044 5222 τοῦ
3079 5171 3212 5224 Θεοῦ
3245 5173 3548 5237 καλοῦντος,
3580 5177 3675 5229 καὶ
3705 5180 3809 5231 πά-

2141 5252 2229 5304 λαι
2268 5252 2333 5304 ἂν
2357 5248 2536 5323 ἦλθον,
2569 5255 2617 5305 εί
2652 5253 2724 5323 μὴ
2760 5255 2791 5323 ή
2833 5254 2998 5326 πολλὴ
3025 5261 3275 5327 κατεῖχεν
3314 5259 3506 5321 αὐτοὺς
3536 5265 3810 5332 μακροθυ-

2146 5339 2262 5408 μία.
2293 5336 2424 5391 Εἶτα
2446 5342 2512 5408 τῇ
2541 5339 2862 5410 ὲπεξηγήσει
2894 5341 3110 5396 πλείονα
3143 5345 3241 5414 τὴν
3270 5343 3514 5397 εὐκολίαν
3545 5347 3810 5401 ἐνδείκνυ-

2141 5443 2231 5481 ται
2258 5426 2447 5495 λέγων·
2480 5426 2590 5482 Kal
2609 5428 2805 5495 συριεῐ
2825 5429 3045 5496 αὐτοὺς
3080 5431 3179 5484 ἀπ’
3204 5431 3389 5498 ἄκρου
3423 5431 3530 5500 τῆς
3560 5432 3692 5502 γῆς.
3717 5437 3814 5509 Μὴ

2204 5599 2226 5626 ε
2255 5597 2346 5644 Καὶ
2375 5595 2634 5658 δύσεικτον.
2669 5595 2816 5644 Putat
2867 5597 3074 5645 Alienus
3116 5597 3379 5658 legendum
3415 5610 3523 5645 esse
3565 5599 3804 5650 δυσίατον.

2141 5659 2239 5707 Sed
2266 5659 2509 5704 δύσεικτον
2533 5656 2678 5722 etiam
2708 5658 2929 5722 quadrat,
2973 5666 3025 5706 et
3065 5656 3282 5719 alioQuiu
3305 5672 3412 5706 cum
3435 5658 3509 5706 bis
3532 5669 3806 5722 repetatur,

2142 5721 2254 5767 hinc
2279 5725 2417 5765 certe
2442 5719 2756 5765 conﬁrmatur
2777 5719 2943 5766 lectio.

2204 5779 2230 5816 d
2255 5777 2308 5826 In
2332 5777 2437 5840 Reg
2468 5785 2529 5840 et
2552 5777 2698 5840 Savil.
2726 5780 2930 5838 πόλεμον
2950 5778 3108 5826 deest.
3131 5777 3228 5830 Sed
3253 5781 3495 5840 interpres
3514 5779 3654 5840 legit.
3684 5782 3804 5833 Ibid“.

2146 5841 2268 5904 “eg.
2291 5845 2342 5885 et
2368 5836 2516 5904 Sévil.
2541 5841 2605 5904 ὡς
2624 5839 2744 5904 μοι)δέ
2794 5836 2956 5904 minus
2983 5847 3136 5890 recte.
3180 5840 3238 5887 In,
3260 5836 3431 5890 iisdem
3453 5836 3588 5901 hzec;
3621 5842 3709 5904 οὐχ
3734 5844 3810 5893 ινα

2153 5900 2323 5951 ἐκεῖνοι
2357 5899 2550 5947 κόλασιν
2587 5899 2748 5960 δῶσιν,
2778 5900 2973 5949 desum.
