4044 6420
262 401 335 455 οδ
1544 378 1609 434 IN
1647 377 1862 433 tsstsv

1969 378 2093 434 ZAP.
2134 378 2197 436 ν.
3483 396 3556 451 66

262 501 393 553 haut
424 514 435 551 :
475 497 575 567 Qui
603 497 795 564 dicunt,
818 495 929 553 Cito
959 496 1365 567 appropinquent
1387 510 1502 565 qua:
1529 497 1762 566 facturus
1785 505 1859 550 est

261 588 423 651 Deus,
450 600 506 641 ut
536 590 812 643 videamus.
842 587 894 641 Id
920 588 1062 657 quod
1092 595 1147 641 et
1170 587 1307 641 alius
1336 585 1591 657 prepheta
1619 587 1699 642 eis
1727 587 1857 642 vitio

259 683 419 735 vertit
447 681 665 735 dicens:
697 679 787 734 Vae
806 678 1203 733 desiderantibus
1231 678 1362 731 diem
1392 676 1621 731 Domini.
1647 674 1714 731 Et
1735 679 1863 747 quid

260 773 399 826 vobis
429 773 535 825 hare
566 771 713 825 dies?
743 769 809 823 Et
838 771 945 823 hazc
970 779 1042 825 est
1068 770 1301 835 tenebrae,
1333 785 1436 823 non
1464 769 1589 834 luat,
1620 778 1667 823 et
1693 769 1859 839 caligo

260 879 361 915 non
411 863 597 914 habens
645 861 961 930 splendorem
997 876 1144 914 suum
1178 858 1352 930 (Amos
1398 860 1452 915 5.
1485 859 1569 915 18.
1600 859 1729 930 20).
1760 859 1860 914 Ει-

258 953 406 1005 enim
449 951 524 1005 illi
562 965 775 1020 quoque
820 949 1075 1005 increduli
1112 949 1358 1005 dicebant
1389 966 1403 1005 :
1434 949 1656 1018 Quando
1685 950 1861 1005 veniet

258 1043 375 1096 dies
401 1042 650 1111 supplicii
679 1051 734 1096 et
777 1040 1034 1095 ultionis?
1071 1040 1163 1095 20.
1209 1039 1294 1095 Va:
1324 1040 1409 1111 qui
1453 1041 1629 1094 dicunt
1669 1041 1859 1094 malum

260 1138 468 1201 bonum,
500 1145 546 1188 et
573 1137 753 1189 bonum
781 1134 1004 1200 malum;
1032 1133 1119 1203 qui
1142 1143 1335 1203 ponunt
1360 1133 1519 1189 lucem
1545 1133 1790 1200 tenebras,
1811 1142 1860 1188 et

261 1227 491 1280 tenebras
526 1228 720 1292 lucem;
746 1227 829 1295 qui
861 1234 1053 1296 ponunt
1081 1226 1229 1280 dulce
1256 1241 1488 1279 amarum
1508 1267 1523 1290 ,
1552 1235 1599 1280 et
1626 1242 1859 1280 amarum

261 1320 426 1371 dulce.
454 1318 687 1372 Rursum
707 1317 773 1373 de
791 1316 978 1372 iisdem
1000 1317 1253 1387 loquitur.
1282 1316 1542 1385 Quoniam
1570 1317 1859 1387 prophetas

259 1408 603 1463 Contumeliis
633 1407 921 1462 onerabant
949 1417 1002 1462 et
1028 1407 1343 1477 deceptores
1369 1408 1631 1462 vocabant
1656 1426 1669 1462 :
1701 1422 1861 1477 pseu-

259 1500 625 1569 doprophetas
654 1514 781 1555 vero
812 1499 1164 1563 honorabant,
1192 1514 1479 1569 rerumque
1510 1500 1752 1557 ordinem
1778 1501 1859 1555 in-

259 1594 561 1659 vertebant,
586 1592 730 1661 ipsos
758 1592 981 1646 miseros
1003 1590 1256 1660 praedicat
1284 1592 1354 1647 ob
1379 1601 1685 1662 corruptum
1710 1592 1857 1663 judi-

258 1686 425 1738 cium.
465 1683 587 1751 γω,
622 1684 829 1753 inquit,
856 1684 942 1754 qui
969 1684 1143 1737 dicunt
1169 1687 1362 1738 malum
1386 1683 1575 1738 bonum
1597 1725 1613 1747 ,
1642 1684 1694 1738 id
1732 1693 1814 1739 est
1838 1725 1855 1749 ,

259 1774 827 1845 pseudoprophetiam,
855 1784 903 1827 et
928 1773 1114 1828 bonum
1142 1773 1353 1841 malum,
1384 1773 1750 1845 prophetiam;
1774 1776 1860 1844 qui

259 1876 457 1933 ponunt
496 1865 657 1919 lucem
692 1866 951 1932 tenebras,
985 1876 1030 1919 et
1068 1865 1294 1919 tenebras
1323 1864 1518 1932 lucem;
1547 1866 1634 1937 qui
1662 1874 1857 1935 ponunt

259 1957 410 2008 dulce
438 1972 671 2009 amarum
695 1997 710 2023 ,
740 1966 784 2011 et
813 1972 1045 2009 amarum
1074 1956 1240 2012 dulce.
1269 1956 1493 2012 Etiamsi
1520 1958 1661 2011 enim
1689 1956 1858 2012 mole-

259 2057 340 2100 sta
366 2047 474 2100 sint
504 2047 683 2112 verba,
717 2047 906 2117 inquit,
938 2046 1033 2102 sed
1066 2047 1197 2101 nihil
1223 2046 1429 2101 dulcius
1449 2056 1532 2101 est
1556 2046 1858 2119 prophetis,

258 2138 348 2204 qui
373 2138 657 2191 verborum
680 2137 1200 2192 interminationibus
1227 2152 1404 2192 rerum
1424 2139 1858 2208 experimentum

260 2231 555 2298 depellunt.
590 2231 698 2285 Etsi
724 2230 897 2284 dulcia
924 2231 1029 2284 sint
1055 2229 1219 2284 verba
1246 2230 1854 2300 pseudoprophetarum,

260 2322 352 2374 SCtI
385 2321 517 2374 nihil
550 2319 652 2373 illis
680 2321 933 2385 amarius,
961 2321 1051 2390 qui
1079 2336 1173 2391 per
1196 2319 1419 2391 gratiam
1449 2321 1733 2376 verborum
1758 2321 1858 2375 mi-

261 2428 357 2467 nas
390 2412 442 2466 in
473 2428 585 2467 rem
616 2421 670 2466 et
695 2427 855 2481 opera
883 2422 1117 2467 vertunt.

336 2509 389 2560 7.
421 2507 498 2561 En
530 2506 803 2576 prephetae
828 2507 1164 2575 sapientiam,
1197 2506 1465 2576 quomodo
1491 2506 1705 2561 illorum
1736 2506 1857 2576 opi-

262 2598 477 2651 nionem
507 2599 754 2650 invertat.
790 2596 921 2663 Quia
950 2598 1093 2651 enim
1115 2598 1219 2649 illis
1244 2607 1300 2648 ut
1327 2595 1598 2649 acerbiora
1628 2607 1855 2646 narran-

264 2689 405 2742 tibus
436 2703 542 2739 non
574 2686 960 2750 attendebant;
1000 2686 1080 2739 his
1116 2700 1272 2739 secus
1301 2695 1357 2739 ut
1392 2684 1688 2738 mitioribus
1715 2682 1856 2736 mul-

262 2791 477 2850 tamque
494 2778 831 2833 dulcedinem
854 2777 1254 2841 exhibentibus,
1277 2776 1428 2841 dixit,
1452 2792 1563 2831 rem
1587 2776 1857 2831 contrario

261 2886 322 2925 se
345 2870 544 2924 habere
570 2869 751 2933 modo,
776 2866 1104 2937 multamque
1132 2881 1250 2922 esse
1275 2866 1651 2936 prophetarum
1675 2865 1859 2919 dulce-

261 2960 443 3016 dinem
469 3000 486 3026 ,
519 2960 741 3014 multam
781 2957 1368 3028 pseudoprophetarum
1398 2956 1808 3011 amaritudinem
1840 2972 1854 3010 :

261 3053 340 3106 sic
361 3054 521 3107 etiam
548 3052 617 3107 de
642 3051 762 3107 luce
784 3060 837 3105 ct
856 3050 924 3105 de
949 3049 1182 3106 tenebris
1204 3063 1380 3103 sermo
1402 3048 1553 3102 nobis
1581 3048 1858 3102 habendus

262 3151 367 3196 est.
392 3141 523 3196 Nam
552 3142 626 3197 illi
652 3143 717 3196 ad
740 3157 998 3205 errorem,
1021 3140 1074 3193 hi
1096 3140 1159 3193 ad
1185 3141 1459 3194 veritatem
1486 3139 1818 3193 deducebant
1841 3156 1854 3192 :

261 3245 315 3288 et
346 3234 421 3286 illi
450 3232 664 3302 quidem
690 3234 1010 3301 captivitatis
1040 3232 1249 3299 caligini
1281 3244 1469 3283 manus
1500 3229 1664 3282 ferme
1692 3228 1860 3297 ligan-

264 3337 345 3380 tes
372 3324 654 3378 tradebant
677 3364 692 3387 ,
730 3324 783 3377 hi
812 3333 990 3377 autem
1033 3322 1164 3376 nihil
1194 3337 1299 3375 non
1329 3320 1593 3389 agebant,
1625 3334 1681 3373 ut
1710 3320 1760 3373 in
1790 3320 1856 3373 li-

264 3416 489 3471 bertatis
518 3414 689 3469 lucem
724 3413 1074 3468 adducerent.
1108 3412 1369 3480 Quoniam
1402 3426 1529 3479 ergo
1559 3410 1857 3479 oppositam

265 3518 318 3561 et
350 3521 456 3559 non
488 3514 904 3558 consentaneum
944 3503 1013 3557 de
1054 3503 1182 3572 ipsis
1208 3502 1525 3555 sententiam
1555 3499 1857 3563 habebant,

266 3599 384 3669 jure
411 3596 535 3652 illos
559 3596 778 3665 corrigit
804 3594 988 3649 dicens
1021 3610 1037 3648 :
1072 3592 1173 3660 Qui
1199 3602 1390 3662 ponunt
1420 3592 1580 3645 lucem
1612 3590 1859 3653 tenebras,

266 3703 310 3746 et
351 3688 580 3743 tenebras
619 3689 803 3741 lucem.
844 3684 937 3739 21.
980 3683 1068 3739 γαν
1105 3685 1187 3752 qui
1215 3684 1544 3753 intelligentes
1581 3690 1696 3735 sunt
1725 3678 1863 3749 apud

266 3782 563 3849 semetipsos
587 3820 603 3845 ,
632 3790 679 3832 et
709 3794 880 3830 coram
906 3793 959 3831 se
996 3777 1223 3830 scientes.
1264 3773 1377 3828 Non
1420 3788 1648 3844 parvum
1679 3781 1731 3826 et
1762 3771 1865 3825 hoc

271 3870 456 3922 vitium
480 3909 495 3934 ,
526 3883 648 3922 cum
676 3866 937 3936 quispiam
959 3879 1018 3920 se
1048 3865 1340 3933 sapientem
1367 3872 1553 3932 putat,
1582 3872 1635 3917 et
1659 3863 1863 3931 cogita-

270 3962 506 4015 tinnibus
527 3960 638 4014 suis
662 3958 839 4013 omnia
867 3957 1142 4028 permittit.
1178 3955 1310 4010 Nam
1341 3954 1466 4010 hinc
1495 3954 1623 4008 illud
1652 3955 1861 4020 oritur;

269 4053 525 4106 nimirum
565 4049 707 4119 quod
734 4050 916 4103 dicant
945 4047 1141 4101 malum
1171 4046 1367 4100 bonum
1392 4086 1407 4111 ,
1436 4054 1491 4099 et
1516 4045 1713 4099 bonum
1754 4059 1865 4096 ma-

273 4144 402 4205 lum,
423 4150 480 4195 et
502 4151 717 4197 caetera.
745 4138 857 4194 Hoc
878 4138 1038 4194 etiam
1061 4137 1255 4191 Paulus
1278 4136 1511 4190 externis
1532 4134 1868 4205 philosophis

270 4235 481 4289 crimini
518 4234 651 4288 dans
679 4233 924 4286 dicebat:
947 4228 1181 4282 Dicentes
1220 4244 1272 4281 se
1298 4228 1547 4297 sapientes
1576 4242 1699 4292 esse,
1727 4226 1867 4279 stulti

271 4328 397 4399 [acti
416 4334 532 4379 sunt
565 4324 739 4393 (Rom.
764 4324 811 4377 1.
831 4321 949 4389 22).
973 4319 1431 4388 Proverbialisque
1458 4332 1635 4372 sermo
1657 4331 1868 4371 rursum

271 4419 351 4473 sic
380 4417 540 4471 habet
562 4432 576 4469 :
615 4412 726 4467 Vidi
752 4413 1023 4474 hominem,
1043 4410 1126 4480 qui
1150 4410 1244 4463 sibi
1266 4410 1466 4479 sapiens
1492 4408 1749 4460 videbatur
1764 4423 1872 4460 esse

272 4511 409 4581 apud
436 4509 792 4573 semetipsum;
818 4506 1059 4573 majorem
1084 4519 1230 4569 quant
1254 4501 1343 4554 ille
1368 4516 1507 4569 spent
1525 4500 1667 4551 habet
1689 4498 1870 4552 stultus

274 4605 458 4675 (Prov.
476 4600 569 4656 26.
591 4600 698 4670 12).
724 4600 834 4653 lloc
852 4598 1024 4665 ipsum
1044 4595 1232 4647 iterum
1251 4592 1419 4661 arguit
1442 4591 1637 4645 Paulus
1653 4589 1735 4642 his
1761 4604 1870 4641 ver-

274 4694 355 4747 bis
379 4711 393 4748 :
422 4690 504 4744 Ne
526 4692 631 4744 sitis
658 4688 928 4759 prudentes
949 4684 1086 4753 apud
1106 4684 1430 4751 vosmetipsos
1456 4680 1730 4751 (Romﬁlﬁ.
1754 4680 1867 4749 16);

274 4799 336 4835 ac
356 4796 563 4836 rursum
586 4779 669 4833 :Si
687 4778 797 4845 quis
814 4778 865 4828 in
886 4779 1024 4827 vobts
1040 4773 1262 4824 videatur
1278 4770 1479 4839 sapiens
1496 4770 1663 4823 essein
1681 4770 1773 4819 hoc
1785 4782 1872 4820 sw-

274 4878 409 4938 culo,
428 4874 610 4927 stultus
625 4870 736 4937 ﬁat,
750 4877 801 4919 ut
813 4869 877 4920 sit
894 4863 1184 4931 sapiens”.
1208 4862 1325 4915 Cor.
1349 4862 1401 4913 5.
1422 4861 1535 4929 18).
1552 4860 1626 4912 Ne
1643 4858 1871 4927 propria:

278 4964 573 5037 sapienti:e,
590 4961 779 5030 inquit,
801 4972 972 5027 neque
989 4953 1396 5025 cogitationibus
1415 4951 1525 5005 suis
1538 4950 1681 5011 ﬁdat,
1700 4949 1791 5002 sed
1812 4948 1873 5001 il-

280 5063 359 5116 las
382 5056 702 5126 reprimens,
730 5050 962 5120 Spiritus
986 5046 1241 5102 doctrina:
1266 5042 1498 5096 animum
1523 5039 1713 5094 tradat.
1739 5038 1870 5105 Quia

280 5155 436 5223 igitur
455 5148 592 5219 apud
612 5146 823 5201 Judznos
843 5142 1056 5212 quidam
1078 5146 1230 5193 erant
1244 5132 1566 5205 hujusmodi,
1587 5131 1872 5201 prophetas

279 5237 808 5314 tlespicientes,quasi
828 5244 1063 5303 pastores
1078 5240 1129 5285 et
1142 5245 1200 5284 ea
1210 5225 1783 5299 prarios,volentesque
1800 5237 1887 5276 sa-

281 5312 488 5407 pientes
507 5334 558 5385 in
582 5327 882 5397 semetipsis
901 5323 1089 5388 videri,
1113 5321 1254 5391 quod
1278 5328 1388 5373 tum
1409 5314 1721 5402 arrogantiae
1744 5312 1872 5407 ipsis

282 5402 493 5481 iit-casio
520 5432 656 5486 erat,
680 5431 790 5474 tum
814 5425 872 5472 ut
893 5414 991 5469 sibi
1010 5414 1148 5468 dicta
1169 5415 1593 5469 contemnerent,
1612 5405 1731 5474 jure
1755 5402 1873 5456 illos

285 5525 423 5585 luget
442 5517 660 5570 dicens:
684 5510 765 5566 Va:
778 5511 862 5581 qui
877 5506 1209 5575 intelligentes
1226 5513 1341 5557 sunt
1355 5496 1812 5571 apudsemetipsos,
1826 5502 1872 5545 et

283 5616 332 5667 in
352 5618 618 5675 conspectu
645 5622 735 5658 sua
756 5604 982 5657 scientes.
1001 5597 1089 5649 22.
1109 5594 1197 5649 Vae
1218 5594 1302 5663 qui
1325 5595 1474 5663 fortes
1491 5598 1604 5643 sunt
1621 5590 1745 5640 inter
1762 5600 1867 5649 vos,

282 5707 365 5774 qui
386 5704 555 5755 vinum
577 5699 768 5760 bibunt,
788 5695 871 5763 qui
899 5698 1118 5761 potentes
1139 5695 1273 5751 sunt,
1296 5685 1381 5755 qui
1408 5683 1614 5735 miscent
1639 5681 1867 5733 siceram.

281 5773 357 5851 Ne
378 5792 590 5849 mireris
613 5791 655 5844 si
674 5804 790 5844 cum
813 5788 968 5855 paulo
990 5792 1110 5836 autc
1125 5790 1267 5835 tanta
1292 5777 1481 5833 dixerit
1499 5786 1680 5833 contra
1699 5773 1870 5830 ebrie-

1968 504 2152 562 tatem,
2176 509 2361 551 rursns
2380 496 2628 554 eumdem
2654 506 2890 555 resumat
2909 512 3234 558 sermonem.
3257 500 3391 568 Quia
3412 503 3561 557 enim

1963 603 2127 658 grave
2165 588 2317 643 ulcus
2341 596 2497 655 erat,
2529 604 2628 645 nec
2654 590 2916 656 cedebat,
2944 590 3067 645 ideo
3094 592 3222 645 illud
3253 592 3563 661 frequenter

1965 679 2275 751 abstergere
2302 680 2606 749 oportebat.
2646 680 2821 736 Grave
2854 689 2907 735 et
2948 691 3135 736 curatu
3180 681 3397 735 difﬁcile
3428 681 3560 736 illud

1964 779 2080 835 est,
2111 784 2232 824 cum
2262 769 2315 825 id
2343 770 2485 840 quod
2510 770 2691 825 multis
2715 771 2928 826 videtur
2955 786 3061 826 non
3090 785 3213 827 esse
3243 779 3518 839 peccatum
3542 811 3561 836 ,

1963 860 2335 930 gravissimum
2377 868 2555 916 tamen
2609 862 2848 916 omnium
2905 871 2987 918 est
3033 872 3312 932 peccatum
3343 903 3359 927 ,
3413 860 3559 931 quod

1964 958 2247 1006 sexcentos
2277 950 2552 1020 ingeneret
2581 951 2817 1006 morbos.
2849 951 2976 1007 Ideo
2998 954 3075 1006 ait
3102 969 3118 1007 :
3152 951 3251 1019 Qui
3282 952 3452 1004 vinum
3480 952 3559 1003 bi-

1964 1043 2123 1111 bunt,
2154 1054 2201 1099 et
2226 1053 2450 1115 potentes
2474 1084 2489 1110 ,
2516 1046 2602 1115 qui
2629 1044 2837 1099 miscent
2866 1043 3100 1097 siceram.
3135 1043 3339 1113 Duplex
3368 1043 3559 1112 pra-ci-

1964 1135 2186 1205 pitium,
2217 1136 2455 1208 tyrannis
2492 1134 2802 1202 ebrietatis,
2841 1143 2896 1189 et
2934 1134 3184 1203 potentia:
3223 1132 3561 1202 magnitudo.

1964 1225 2222 1282 Omnibus
2250 1225 2447 1295 quippe
2474 1224 2782 1279 hominibus
2817 1223 3098 1279 ratiocinio
3126 1232 3209 1278 est
3233 1237 3368 1295 opus
3389 1262 3408 1289 ,
3438 1239 3560 1277 ma-

1964 1317 2107 1371 xime
2138 1331 2267 1371 vero
2292 1316 2356 1371 iis
2380 1315 2470 1385 qui
2499 1314 2553 1369 in
2577 1314 2837 1384 dignitate
2860 1322 2915 1369 et
2944 1314 2995 1367 in
3027 1312 3260 1383 potentia
3294 1322 3455 1379 sunt,
3485 1327 3558 1368 ne

1964 1408 2292 1477 principatus
2316 1419 2544 1472 tumore,
2568 1420 2669 1461 ccu
2696 1404 3065 1459 inundantium
3082 1419 3338 1474 aquarum
3358 1406 3562 1473 impetu

1963 1498 2266 1569 przccipites
2291 1505 2533 1568 agantur.
2555 1497 2647 1551 25.
2682 1496 2782 1562 Qui
2798 1496 3086 1567 justi/icant
3111 1494 3324 1565 impium
3350 1504 3561 1564 propter

1962 1607 2190 1655 munera,
2221 1598 2268 1643 et
2287 1590 2379 1660 jus
2394 1588 2521 1659 justi
2549 1588 2731 1642 tollunt
2759 1588 2823 1640 ab
2852 1587 2964 1640 illo.
2997 1586 3205 1655 Duplex
3235 1600 3421 1640 rursus
3448 1586 3557 1640 cri-

1960 1698 2083 1737 men
2114 1681 2272 1737 otfert
2291 1723 2307 1747 ,
2330 1680 2471 1752 quod
2509 1694 2658 1735 reum
2685 1679 2988 1746 dimittant,
3016 1686 3070 1732 et
3098 1677 3242 1747 quod
3270 1677 3557 1733 innoxium

1960 1771 2342 1827 condemnent.
2389 1769 2677 1840 Utriusque
2722 1769 2926 1839 peccati
2970 1768 3123 1823 radix
3166 1776 3292 1823 sunt
3334 1779 3560 1838 accepta

1960 1878 2204 1919 munera.
2232 1866 2322 1920 24.
2354 1863 2481 1919 Ideo
2507 1861 2931 1936 quemadmodum
2954 1863 3284 1917 succendetur
3310 1862 3502 1931 stipula
3525 1879 3564 1916 απ

1959 1958 2177 2013 carbone
2200 1957 2353 2029 ignis,
2380 1967 2427 2013 et
2451 1956 2779 2012 succendetur
2800 1972 2832 2009 a
2858 1957 3070 2026 ﬂamma
3093 1970 3324 2008 accensa.
3352 1952 3561 2009 Celeri-

1963 2058 2121 2105 tatem
2141 2049 2356 2105 ultionis
2370 2060 2424 2105 et
2442 2048 2749 2106 facilitatem
2773 2046 3017 2103 sumendi
3040 2046 3288 2116 supplicii
3314 2046 3553 2114 exhibet,

1961 2151 2257 2197 extremam
2283 2141 2494 2195 illorum
2516 2139 2805 2211 perniciem
2837 2138 3067 2208 imagine
3094 2138 3424 2207 exprimens.

2032 2234 2086 2288 8.
2128 2233 2253 2288 Hinc
2278 2232 2473 2303 quippe
2493 2235 2672 2287 omnia
2694 2232 2929 2296 flamma,
2960 2228 3242 2296 carbones,
3274 2229 3466 2299 stipula
3500 2237 3557 2284 et

1962 2339 2081 2394 qum
2126 2335 2422 2394 sequuntur
2461 2324 2615 2379 nobis
2656 2323 2912 2378 indicant.
2961 2322 3136 2377 Radix
3186 2339 3361 2376 eorum
3409 2323 3557 2387 quasi

1961 2417 2125 2487 pulvis
2153 2418 2275 2483 erit,
2322 2425 2371 2471 et
2411 2418 2507 2486 flos
2536 2432 2709 2470 eorum
2740 2416 2883 2482 quasi
2927 2415 3092 2484 pulvis
3133 2414 3389 2466 ascendet.
3425 2413 3557 2479 Qum

1961 2506 2065 2560 ﬁxa
2095 2516 2219 2561 sunt
2248 2516 2302 2562 et
2330 2507 2477 2560 ﬁrma
2505 2506 2771 2574 peribunt,
2804 2521 2923 2573 quae
2947 2504 3226 2572 splendida
3276 2504 3561 2558 effunden-

1962 2606 2067 2662 tur,
2095 2614 2214 2669 quae
2242 2600 2364 2654 lazta
2398 2598 2623 2652 abibunt
2650 2607 2705 2652 et
2746 2596 3009 2651 diffluent.
3055 2596 3179 2650 Non
3219 2598 3352 2651 enim
3381 2599 3558 2651 volue-

1959 2698 2078 2742 runt
2107 2691 2263 2761 legem
2293 2689 2498 2743 Domini
2522 2687 2752 2744 Sabaoth
2782 2692 2969 2759 facere,
3001 2689 3092 2741 sed
3112 2686 3369 2751 eloquium
3396 2690 3559 2742 sancti

1961 2788 2406 2850 exasperaverunt.
2440 2778 2724 2847 Eloquium
2747 2786 2904 2831 vocat
2940 2778 3134 2847 legem.
3162 2776 3251 2832 25.
3292 2776 3361 2830 Et
3398 2778 3559 2830 iratus

1961 2882 2033 2928 est
2052 2876 2224 2944 furore
2245 2871 2494 2925 Dominus
2519 2869 2749 2925 Sabaoth
2777 2868 2827 2922 in
2865 2869 3109 2938 papulum
3131 2884 3278 2921 suum
3310 2883 3329 2921 :
3350 2878 3396 2921 et
3422 2866 3558 2939 inje-

1960 2968 2027 3020 cit
2055 2982 2259 3020 manum
2287 2981 2429 3019 suam
2450 2965 2503 3017 in
2523 2980 2627 3029 eos,
2660 2973 2706 3016 et
2747 2962 2990 3033 percussit
3010 2977 3110 3015 eos.
3146 2959 3209 3012 Et
3235 2961 3558 3013 exacerbatus

1961 3066 2036 3111 est
2072 3057 2313 3110 adversus
2362 3064 2591 3119 montes,
2638 3062 2686 3109 et
2718 3054 2858 3123 facta
2904 3060 3025 3105 sunt
3076 3050 3346 3103 morticina
3385 3066 3559 3102 eorum

1960 3148 2105 3215 quasi
2128 3156 2319 3199 stercus
2357 3145 2409 3197 in
2437 3143 2600 3196 medio
2643 3144 2755 3196 vite.
2792 3141 2863 3193 Et
2902 3142 2955 3193 in
2995 3140 3225 3193 omnibus
3254 3140 3332 3189 Itis
3359 3155 3459 3191 non
3482 3148 3556 3191 est

1961 3254 2162 3291 aversus
2192 3237 2336 3306 furor
2361 3237 2474 3308 ejus
2506 3249 2525 3288 :
2544 3234 2632 3288 sed
2651 3234 2822 3286 adhuc
2845 3248 3027 3286 manus
3053 3231 3163 3302 ejus
3178 3230 3396 3283 excelsa.
3445 3230 3557 3285 Hoc

1962 3331 2081 3385 loco
2124 3330 2320 3385 bellum
2367 3343 2529 3398 grave
2560 3328 2576 3359 ¹
2603 3326 2925 3389 subindicat,
2973 3325 3024 3377 in
3070 3339 3175 3393 qltu
3219 3338 3286 3377 ne
3332 3337 3560 3390 corpora

1962 3422 2174 3491 quidem
2220 3419 2433 3489 sepeliri
2479 3426 2748 3488 poterunt,
2783 3432 2890 3470 non
2928 3423 2988 3469 ut
3030 3414 3105 3468 illi
3138 3428 3322 3482 poenas
3355 3413 3483 3466 dent
3511 3414 3557 3480 ',

1964 3514 2059 3568 sed
2087 3522 2139 3567 ut
2164 3512 2250 3583 qui
2279 3512 2457 3566 vivent
2486 3510 2675 3565 alienis
2696 3508 2850 3563 malis
2889 3504 3103 3561 abducti
3133 3504 3333 3574 aliquid
3360 3504 3557 3558 saltem

1965 3605 2033 3659 de
2059 3605 2295 3674 nequitia
2348 3602 2643 3657 succidant.
2685 3602 2765 3654 Ac
2790 3597 2913 3653 vide
2939 3596 3211 3668 quomodo
3233 3596 3558 3650 atrociorem

1967 3697 2259 3752 reddiderit
2288 3709 2611 3750 sermonem.
2633 3692 2748 3747 Non
2792 3691 2935 3746 enim
2977 3690 3136 3754 dixit,
3167 3704 3271 3742 non
3318 3689 3559 3757 sepultos

1968 3790 2154 3855 fuisse,
2183 3788 2277 3843 sed
2300 3787 2562 3842 cadavera
2589 3784 2905 3854 abjectiora,
2935 3796 3094 3852 quam
3121 3791 3333 3835 stercus
3361 3780 3560 3847 ipsum,

1968 3881 2129 3937 modo
2152 3880 2387 3949 projecta
2430 3892 2550 3933 esse
2576 3894 2591 3931 :
2616 3874 2757 3946 quod
2786 3873 3089 3929 viventibus
3114 3871 3353 3927 omnium
3388 3872 3561 3925 horri-

1971 3974 2287 4029 bilissimum
2335 3983 2455 4025 esse
2511 3968 2753 4033 videtur,
2802 3974 2858 4020 et
2903 3965 3018 4033 ipsa
3067 3972 3241 4017 morte
3292 3962 3561 4016 acerbius.

1969 4065 2121 4132 Quod
2151 4080 2273 4118 vero
2298 4062 2448 4131 pejus
2471 4067 2570 4123 est,
2593 4073 2659 4113 ne
2677 4057 2759 4112 his
2788 4056 3004 4127 quidem
3034 4055 3103 4108 ita
3132 4068 3193 4108 se
3218 4050 3562 4118 habentibus,

1971 4158 2162 4227 inquit,
2190 4155 2580 4210 moderatiores
2609 4151 2738 4206 facti
2760 4156 2915 4215 sunt;
2954 4147 3050 4203 sed
3084 4147 3136 4200 in
3166 4144 3357 4200 iisdem
3390 4144 3564 4214 persi.

1971 4260 2138 4306 stunt.
2167 4249 2299 4316 Quia
2328 4248 2488 4317 igitur
2534 4259 2639 4298 non
2683 4241 2935 4297 meliores
2958 4246 3278 4303 evaserunt,
3328 4235 3568 4289 minatur

1972 4361 2184 4401 rursum
2228 4343 2329 4397 illis
2359 4339 2729 4413 gravissimam
2759 4336 2904 4390 illam
2937 4333 3291 4386 barbarorum
3330 4327 3563 4395 plagam.

1973 4435 2331 4503 Quamobrem
2360 4431 2532 4501 pergit
2552 4430 2737 4483 dicens
2767 4442 2781 4477 :
2811 4423 2903 4477 26.
2931 4421 3102 4489 Igitur
3135 4416 3321 4471 levabit
3362 4414 3566 4484 signum

1972 4530 2025 4583 in
2051 4525 2337 4581 nationibus
2367 4520 2562 4591 procul.
2605 4516 2684 4570 Ne
2719 4514 2819 4567 via:
2858 4508 3133 4579 longitudo
3176 4508 3229 4559 in
3279 4505 3565 4574 segnitiem

1975 4620 2094 4674 illos
2123 4614 2387 4683 conjiciat,
2417 4610 2574 4662 aitita
2602 4603 2760 4659 facile
2787 4616 2944 4672 posse
2962 4601 3124 4654 Deum
3152 4597 3275 4652 illos
3288 4594 3565 4659 inducere,

1975 4722 2035 4766 ut
2064 4710 2217 4763 facile
2248 4714 2328 4759 est
2355 4706 2531 4756 levare
2558 4699 2790 4768 signum,
2822 4702 2876 4749 et
2903 4707 2997 4747 eos
3016 4691 3109 4762 qui
3138 4689 3381 4744 adornati
3410 4703 3566 4757 para-

1977 4805 2119 4872 tique
2147 4807 2271 4853 sunt
2301 4796 2529 4852 educere
2556 4793 2608 4846 in
2636 4791 2834 4851 aciem,
2862 4784 3005 4856 quod
3033 4786 3215 4853 utique
3244 4781 3303 4836 ﬁt
3328 4781 3379 4835 in
3413 4780 3561 4849 equis

1974 4898 2039 4951 ad
2066 4892 2378 4951 certandum
2407 4885 2704 4942 instructis.
2755 4878 2925 4937 Simul
2972 4878 3116 4931 enim
3161 4884 3322 4941 atque
3352 4873 3564 4940 signum

1975 4983 2279 5043 emissionis
2304 4982 2354 5036 iu
2386 4978 2614 5032 sublime
2661 4972 2913 5042 erigitur,
2938 4983 3003 5022 ex
3031 4962 3339 5019 carceribus
3386 4961 3568 5015 confe-

1976 5080 2099 5135 stim
2131 5076 2203 5131 illi
2234 5071 2504 5129 exsiliunt.
2531 5063 2793 5134 Propheta
2824 5060 2982 5128 igitur
3009 5056 3115 5109 duo
3136 5054 3221 5107 hic
3243 5051 3564 5117 subindicat,

1977 5172 2131 5227 facile
2159 5182 2350 5234 nempe
2374 5178 2491 5217 esse
2514 5174 2606 5214 eos
2633 5153 2891 5209 accedere
2932 5150 3039 5202 Deo
3084 5153 3331 5210 vocante,
3360 5152 3414 5198 ct
3459 5144 3567 5212 jam

1978 5265 2105 5318 olim
2133 5270 2386 5315 venturos
2431 5252 2613 5313 fuisse,
2669 5244 2770 5299 nisi
2808 5256 2900 5295 eos
2946 5240 3130 5307 ingens
3172 5236 3267 5290 Dei
3318 5234 3565 5303 patientia

1978 5352 2311 5409 detinuisset.
2343 5339 2542 5398 Deinde
2580 5338 2719 5391 inter
2750 5329 3077 5387 narrandum
3122 5328 3380 5396 majorem
3418 5326 3563 5379 exhi-

1977 5448 2068 5501 bet
2106 5441 2409 5497 facilitatem
2453 5432 2634 5485 diccns
2664 5446 2678 5481 :
2708 5423 2779 5479 Et
2824 5423 3041 5477 sibilavit
3111 5437 3193 5475 eos
3232 5420 3295 5473 ab
3336 5431 3560 5473 extremo

1980 5550 2144 5591 terrm.
2174 5531 2251 5586 Ne
2277 5524 2486 5581 mireris
2512 5532 2689 5576 autem
2719 5514 2788 5572 dc
2816 5516 2926 5571 Deo
2965 5514 3269 5584 loquentem
3302 5510 3375 5561 ita
3418 5524 3565 5562 cras-

2042 5649 2059 5681 ¹
2095 5647 2148 5695 In
2175 5654 2289 5705 Reg.
2317 5645 2369 5690 ct
2397 5635 2540 5688 savii.
2572 5634 2774 5697 legitur,
2807 5628 2993 5691 aliquid
3025 5636 3188 5689 grave,
3235 5634 3342 5683 pro,
3396 5615 3566 5668 bellum

1977 5722 2141 5775 grave'
2394 5770 2404 5775 -
2435 5761 2499 5775 -η-
2542 5771 2685 5775 ,.-____
2724 5761 2825 5775 4---.
2870 5754 3040 5775 ,1,.-.ηιι
3076 5747 3122 5775 in
3150 5752 3248 5775 non
3288 5748 3335 5775 Μ
3379 5743 3489 5775 Ruri

2042 5742 2221 5832 :viticc,
2244 5779 2333 5817 non
2357 5770 2405 5815 ut
2428 5761 2499 5814 illi
2522 5771 2686 5822 poenas
2714 5761 2843 5819 dent,
2867 5754 3045 5803 desunt
3076 5747 3125 5795 in
3150 5752 3266 5805 ncg.
3288 5748 3341 5792 et
3378 5742 3528 5793 San‘l.
