4044 6418
479 405 552 462 67
1182 381 1240 438 s.
1278 376 1553 437 JOANNIS
1588 367 2058 430 cunvsosrout
2097 369 2411 426 ARCilttsP.
2452 372 2985 432 CONSTANTINOP.
3667 394 3746 448 σε

481 504 704 562 sissimis
731 503 808 559 uti
836 501 1015 558 verbis
1047 515 1061 552 :
1092 513 1216 552 nam
1246 493 1539 550 secundum
1574 487 2049 557 insipientiam-au-

480 594 713 648 ditorum
749 593 911 647 verba
935 595 1272 657 attemperat,
1305 597 1468 638 unum
1496 581 1578 634 his
1598 577 1846 632 omnibus
1881 573 2058 629 decla—

481 699 604 739 rare
627 683 837 749 volens,
860 679 912 736 id
935 693 1124 747 nempe
1151 678 1262 730 Deo
1281 673 1438 729 facile
1464 685 1603 736 esse,
1623 678 1673 724 et
1703 682 1816 721 rem
1837 679 2056 735 prorsus

483 782 832 837 eventuram;
866 771 987 826 ideo
1010 767 1284 838 subjunxit
1313 783 1326 819 :
1356 765 1426 818 Et
1451 778 1562 816 ecce
1587 763 1684 813 cito
1710 759 1940 812 velociter
1972 772 2056 809 oe-

483 862 748 917 nient.27.
781 860 904 914 Non
952 859 1190 921 esuriant,
1230 871 1387 925 neque
1413 849 1723 913 laborabunt,
1755 862 1911 916 neque
1940 846 2059 898 dor-

485 955 751 1008 mitabunt.
777 952 903 1007 Haec
931 948 1270 1021 hyperbolice
1287 953 1409 999 sunt
1434 943 1594 996 dicta.
1616 938 1894 1007 Quomodo
1915 938 2057 991 enim

484 1044 599 1098 fieri
629 1050 842 1112 poterat
878 1049 940 1096 ut
986 1053 1156 1108 neque
1198 1035 1481 1096 esurirent,
1528 1045 1701 1101 neque
1742 1027 2055 1090 dormirent,

484 1136 734 1191 homines
751 1148 876 1189 cum
904 1138 1083 1186 essent
1105 1169 1121 1195 ,
1165 1137 1610 1192 communemque
1653 1129 1853 1176 naturae
1878 1116 2061 1173 condi-

487 1226 687 1281 tionem
738 1222 912 1279 sortiti
963 1218 1178 1276 essent?
1228 1215 1332 1272 Sed
1384 1214 1719 1269 velocitatem
1770 1209 2056 1276 exercitus,

486 1315 817 1381 facilitatem,
838 1311 1184 1371 celeritatem,
1212 1315 1272 1363 ut
1291 1306 1400 1376 jam
1421 1305 1548 1370 dixi,
1574 1303 1658 1357 his
1691 1301 1937 1358 omnibus
1966 1299 2060 1355 de-

487 1416 775 1465 monstrat.
823 1403 1002 1474 Neque
1036 1403 1225 1456 soloent
1257 1415 1412 1453 sonas
1455 1412 1575 1452 suas
1606 1413 1639 1449 a
1671 1394 1849 1448 lumbis
1881 1392 1985 1447 suis
2014 1392 2055 1458 ⁸,

489 1513 646 1568 neque
690 1496 1064 1563 disrumpentur
1115 1490 1344 1561 corrigite
1381 1487 1826 1542 calceamentorum
1865 1497 2055 1584 eorum.

486 1587 580 1642 28.
607 1585 833 1652 Quorum
850 1584 1046 1654 sagittte
1071 1589 1234 1635 acuta
1257 1587 1392 1643 sunt,
1409 1586 1457 1631 et
1478 1592 1627 1630 arcus
1654 1590 1827 1628 eorum
1850 1581 2058 1627 extenti.

493 1676 660 1733 Pedes
687 1689 928 1744 equorum
977 1687 1150 1726 eorum
1177 1678 1233 1724 ut
1274 1668 1440 1724 solida
1476 1676 1617 1736 petra
1655 1664 1874 1735 reputati
1906 1673 2059 1730 sunt,

487 1777 616 1822 rota
636 1779 875 1820 curruum
910 1777 1081 1817 eorum
1116 1768 1172 1813 ut
1203 1759 1454 1828 procellas.
1479 1756 1568 1812 29.
1597 1756 1625 1808 1
1633 1764 1799 1826 mpetu
1835 1755 2063 1823 feruntur

488 1869 547 1914 ut
569 1859 758 1923 leones,
782 1865 832 1910 et
859 1854 1156 1909 adstiterant
1177 1863 1231 1905 ut
1254 1850 1409 1905 catuli
1431 1849 1653 1902 leonum.
1684 1846 1753 1900 Et
1783 1849 2064 1916 apprehen-

491 1950 597 2017 ἀει,
621 1957 670 2003 et
695 1945 933 2002 clamabit
967 1943 1113 2014 quasi
1147 1942 1276 2012 fera,
1307 1950 1355 1996 et
1395 1940 1592 2011 ejiciet;
1627 1947 1676 1993 et
1710 1954 1813 1993 non
1849 1937 1942 1992 erit
1977 1938 2064 2007 qui

490 2039 664 2094 libaet
691 2053 794 2092 eos.
821 2035 913 2092 30.
943 2034 1011 2089 Et
1025 2033 1260 2088 clamabit
1287 2040 1494 2101 propter
1520 2045 1603 2085 eos
1625 2030 1679 2083 in
1697 2028 1778 2082 die
1801 2029 1913 2096 illa,
1934 2029 2064 2083 sicut

490 2146 588 2186 nos:
605 2130 757 2184 maris
779 2126 1054 2183 testuantis.
1079 2123 1150 2179 Et
1171 2124 1411 2194 aspicient
1430 2123 1485 2176 in
1503 2121 1678 2175 ctelum
1701 2136 1920 2187 sursum,
1945 2128 1992 2172 et
2012 2120 2064 2173 in

491 2231 680 2274 tenam
708 2219 944 2272 deorsum
972 2231 992 2270 :
1020 2224 1068 2269 et
1093 2231 1204 2269 ecce
1222 2213 1435 2268 tenebrae
1462 2211 1626 2277 dum,
1658 2211 1871 2265 teuebra:
1893 2211 1946 2263 iu
1965 2226 2063 2264 an-

492 2309 660 2380 gustia
682 2324 874 2362 eorum.
909 2306 1064 2360 Hisce
1092 2305 1338 2359 omnibus
1359 2316 1659 2357 sermonem
1689 2302 2060 2371 amplilicavit,

491 2410 550 2456 et
589 2403 834 2455 timorem
878 2399 1045 2465 auxit,
1077 2398 1378 2452 minutatim
1423 2395 1629 2466 singula
1675 2409 1950 2462 enarrans,
1997 2395 2064 2450 de

494 2492 733 2554 dcercto,
760 2492 829 2545 de
855 2488 1181 2554 fortitudine,
1211 2487 1277 2542 de
1301 2486 1482 2550 armis,
1505 2485 1572 2540 de
1595 2485 1766 2555 equis,
1784 2485 1850 2540 de
1893 2485 2064 2540 curri-

495 2584 616 2649 bus,
647 2583 718 2636 ita
756 2590 814 2636 ut
857 2581 1119 2636 dictorum
1169 2579 1507 2635 multitudine
1554 2593 1798 2648 magnam
1846 2577 2069 2634 inferret

495 2673 838 2737 anxietatem,
863 2679 914 2725 et
936 2670 1224 2739 imaginum
1251 2670 1492 2725 claritate
1513 2683 1599 2724 res
1623 2683 1788 2738 prope
1816 2669 1916 2724 sub
1943 2685 2070 2724 ocu-

496 2761 581 2816 los
618 2768 819 2831 ageret.
863 2759 987 2815 ideo
1025 2759 1265 2814 leonibus
1307 2759 1429 2813 illos
1465 2767 1771 2826 comparat,
1813 2771 1985 2828 neque
2013 2760 2072 2813 in

498 2851 603 2907 hoc
629 2851 874 2920 exemplo
893 2849 1144 2914 substitit,
1178 2847 1272 2903 sed
1297 2847 1502 2918 effingit
1529 2861 1709 2902 vocem
1733 2858 1787 2902 et
1815 2849 2066 2916 impetum

498 2942 649 3008 ferae,
676 2942 836 3010 inque
861 2940 1174 3010 metaphora
1195 2937 1411 3005 insistit,
1436 2936 1706 3006 multaque
1743 2938 1906 2991 utitur
1930 2938 2068 3006 ﬁgu-

499 3042 613 3088 rata
640 3032 897 3087 dictione.
910 3031 1044 3085 Hinc
1058 3029 1124 3084 ad
1141 3044 1287 3084 mare
1301 3042 1603 3083 sermonem
1619 3027 1863 3093 traducit,
1887 3027 2069 3083 dicens

500 3135 706 3180 tantum
725 3123 837 3179 fore
856 3122 1156 3185 tumultum,
1181 3130 1376 3176 tantam
1395 3120 1860 3190 perturbationem,
1876 3129 2071 3188 quanta

499 3217 660 3272 fuerit
679 3215 976 3271 insaniente
1005 3223 1060 3270 et
1081 3222 1338 3269 aestuante
1360 3213 1544 3282 pelago
1570 3229 1584 3264 :
1613 3226 1676 3266 ac
1704 3212 1877 3266 modis
1898 3211 2069 3265 omni-

499 3307 601 3362 bus
627 3307 886 3361 annititur
912 3315 971 3359 ut
994 3314 1192 3360 metum
1212 3312 1422 3372 augeat,
1440 3313 1497 3356 ut
1515 3302 1592 3356 illi
1619 3317 1725 3355 non
1746 3309 1936 3372 egeant
1961 3303 2071 3370 ipsa

500 3412 682 3452 rerum
711 3394 1068 3465 experientia.
1096 3393 1352 3462 Quodque
1377 3391 1585 3461 gravius
1613 3399 1715 3454 est,
1736 3407 1894 3445 nemo
1918 3393 2072 3445 adlu-

500 3495 653 3541 turus
678 3495 779 3554 est,
799 3484 990 3554 inquit,
1020 3499 1192 3554 neque
1216 3499 1282 3538 ex
1311 3491 1471 3548 terra,
1498 3495 1669 3550 neque
1688 3496 1753 3535 ex
1778 3480 1950 3544 caelis;
1979 3480 2073 3537 sed

502 3575 742 3631 destituti
780 3588 1014 3644 superno
1041 3573 1267 3637 auxilio,
1299 3579 1356 3626 et
1382 3578 1590 3625 terrena
1629 3583 1760 3639 0pc,
1805 3569 2080 3626 tradentur

503 3666 770 3721 hostibus.
792 3665 1064 3720 Tenebras
1087 3675 1261 3718 autem
1288 3663 1374 3718 hic
1397 3661 1524 3717 dicit
1543 3675 1656 3728 eas,
1691 3674 1809 3731 quae
1830 3675 1893 3716 ex
1930 3658 2072 3714 cala-

511 3757 697 3811 mitate
726 3757 854 3824 ipsis
880 3756 1128 3810 immissae
1160 3762 1313 3817 sunt,
1337 3768 1443 3807 non
1471 3751 1611 3822 quod
1639 3751 1768 3806 radii
1792 3751 1920 3806 solis
1946 3750 2076 3806 sub.

505 3846 598 3901 lati
631 3853 833 3912 essent,
867 3844 962 3900 sed
1001 3844 1141 3915 quod
1166 3859 1262 3914 pro
1285 3843 1475 3897 alicctu
1501 3841 1811 3911 patientium
1839 3842 1891 3895 in
1912 3842 2076 3896 meri-

508 3937 598 3992 die
623 3937 695 3992 illi
723 3951 819 4008 pro
858 3936 979 3992 luce
1026 3935 1272 3991 tenebras
1303 3934 1532 3988 viderint
1562 3951 1577 3988 :
1607 3932 1659 3987 id
1686 3932 1826 4001 quod
1852 3933 1954 3987 illis
1986 3932 2078 4002 qui

507 4027 693 4084 dolore
712 4036 766 4084 et
797 4027 1050 4083 aerumnis
1081 4036 1390 4097 premuntur
1413 4025 1721 4095 contingere
1748 4023 1900 4080 solet.
1933 4025 1998 4078 Et
2025 4032 2082 4078 ut

506 4120 684 4175 discas
709 4133 815 4174 non
834 4135 902 4175 ex
923 4129 1108 4173 natura
1156 4119 1298 4173 aeris
1325 4118 1572 4173 tenebras
1607 4117 1916 4186 provenisse
1939 4158 1954 4183 ,
1984 4115 2079 4171 sed

506 4223 574 4264 ex
603 4208 816 4263 illorum
840 4207 1053 4276 affectu,
1084 4207 1276 4277 adjecit
1302 4224 1316 4261 :
1350 4206 1585 4262 Tenebrae
1612 4208 1753 4262 dum
1774 4209 1826 4261 in
1850 4208 2083 4277 angustia

507 4315 698 4356 eorum.

1118 4409 1339 4466 CAPUT
1378 4409 1467 4464 Vl.

583 4525 636 4578 Ι.
676 4522 746 4576 Et
772 4527 964 4594 factum
988 4532 1064 4577 est
1083 4523 1136 4576 in
1163 4537 1319 4586 anno,
1345 4536 1443 4590 quo
1463 4528 1688 4574 mortuus
1718 4534 1808 4573 rea:
1840 4518 2012 4574 Ozias.

589 4653 639 4708 l.
683 4651 788 4707 Cur
820 4663 1017 4708 caetera
1063 4655 1236 4707 omnia
1263 4663 1500 4725 tempora
1545 4669 1575 4706 a
1617 4654 1723 4708 vita
1753 4669 1960 4724 regum,
1987 4654 2088 4709 hoc

515 4754 693 4800 autem
720 4752 939 4798 amorte
987 4759 1124 4798 nunc
1151 4746 1407 4813 propheta
1438 4747 1626 4802 notat?
1652 4746 1765 4801 Non
1802 4748 1940 4802 enim
1969 4748 2039 4800 ait
2071 4763 2086 4800 :

517 4836 737 4891 Factum
769 4844 850 4890 est
876 4835 928 4888 iu
951 4833 1137 4888 diebus
1162 4832 1324 4898 Ozias,
1355 4849 1484 4901 non,
1512 4845 1763 4902 regnante
1792 4835 1915 4890 Ozia
1935 4878 1947 4898 ,
1974 4837 2088 4902 sed,

518 4925 741 4981 Factum
795 4933 878 4979 est
922 4938 1042 4977 eum
1091 4930 1331 4976 mortuus
1371 4930 1472 4975 est.
1519 4922 1651 4987 Quid
1699 4939 1825 4990 ergo
1860 4926 1969 4978 vult
2007 4925 2092 4979 hic

522 5015 719 5087 agere?
745 5014 858 5070 Non
891 5024 1090 5068 temere
1111 5055 1125 5079 ,
1158 5028 1255 5067 nec
1285 5011 1501 5065 fortuito
1545 5011 1630 5063 hic
1666 5013 1803 5078 agit;
1837 5014 1927 5066 sed
1969 5014 2092 5080 quid

523 5123 775 5162 arcanum
801 5107 953 5162 nobis
977 5105 1302 5160 subiudicat.
1341 5102 1475 5170 Quid
1511 5101 1638 5155 illud
1661 5102 1776 5155 est?
1805 5102 1898 5155 llic
1942 5104 2094 5157 Ozias

524 5213 588 5252 ex
614 5196 775 5251 rebus
822 5197 1093 5265 gestisque
1137 5196 1404 5264 pros-peris
1427 5193 1625 5258 ebrius,
1655 5201 1707 5246 et
1733 5191 1984 5246 felicitate
2014 5194 2094 5246 in-

527 5287 705 5350 flatus,
733 5287 904 5352 majus
932 5287 1197 5354 quidpiam
1227 5301 1382 5354 quam
1413 5300 1504 5338 sua
1543 5284 1769 5354 dignitas
1789 5283 1992 5339 ferebat
2017 5286 2096 5338 al-

527 5376 742 5432 lectavit
764 5376 840 5440 (4.
865 5374 991 5445 Reg.
1022 5377 1107 5431 15.
1131 5377 1193 5440 2;
1214 5376 1267 5430 2.
1286 5376 1464 5430 Paral.
1487 5376 1599 5446 26).
1631 5377 1694 5428 Et
1715 5377 1833 5445 quia
1852 5391 1937 5430 rex
1961 5386 2098 5445 erat,

532 5467 735 5539 putavit
767 5467 864 5522 sibi
894 5476 1215 5535 competere,
1239 5479 1297 5521 ut
1322 5468 1619 5522 sacerdotio
1659 5467 1991 5539 fungeretur,
2017 5469 2099 5522 iu-

605 5618 781 5682 tiﬂaec,
815 5630 846 5666 a
869 5613 1050 5682 lumbis
1087 5611 1186 5682 suis
1214 5613 1342 5682 lci-rm
1369 5617 1450 5667 τῆς
1473 5611 1645 5682 aestio;
1681 5613 1891 5682 urbem),
1925 5614 2101 5664 desunt

542 5680 594 5731 in
623 5673 840 5739 “eg/et.
865 5675 1043 5733 Savil.,‘
1085 5675 1169 5721 sed
1207 5673 1456 5740 habentur
1497 5673 1549 5720 in
1589 5673 1759 5721 Morel.
1797 5684 1848 5724 et
1881 5677 1930 5723 iu
1959 5682 2100 5725 textu

547 5734 755 5802 Biblico,
775 5746 833 5789 et
858 5741 984 5788 lecta
1015 5743 1131 5786 sunt
1154 5748 1180 5783 a
1207 5734 1475 5783 'l‘ilmauuo.

2167 482 2296 536 siliit
2326 485 2376 538 in
2401 490 2967 558 templum,.ingressus
2987 501 3069 547 est
3095 493 3144 546 iu
3173 505 3354 548 sancta
3388 504 3696 552 sanctorum
3718 539 3737 561 ,

2159 584 2214 628 et
2233 575 2526 632 reluctante
2551 580 2849 645 sacerdote,
2886 592 3044 651 atque
3073 584 3366 654 ingressum
3397 587 3521 642 illuc
3547 589 3738 656 prohi-

2159 662 2339 729 bente,
2387 681 2492 720 non
2547 669 2663 723 tulit
2702 670 2812 734 ille,
2841 671 2931 724 sed
2980 674 3032 726 in
3073 677 3302 729 amentia
3346 680 3734 745 perseveravit,

2160 769 2375 824 parvam
2422 759 2715 813 sacerdotis
2755 761 3013 816 rationem
3053 763 3271 818 habens.
3306 766 3384 821 Ob
3412 776 3610 820 tantam
3638 770 3743 822 im-

2160 844 2465 911 pudentiam
2497 847 2718 902 immisit
2746 849 2818 902 illi
2838 851 2976 904 Deus
3008 853 3206 920 lepram
3235 855 3286 906 in
3317 854 3569 911 frontem.
3598 857 3738 911 Cum

2161 933 2301 987 enim
2330 935 2605 1004 majorem,
2633 954 2790 1007 quam
2819 942 2917 994 sibi
2940 954 3286 1011 competeret,
3321 946 3579 1002 honorem
3605 951 3743 1003 all‘c-

2160 1032 2351 1092 etaret,
2378 1028 2445 1081 ab
2469 1028 2559 1082 illo
2579 1031 2738 1085 etiam
2762 1047 2920 1101 quem
2947 1035 3173 1090 habebat
3198 1038 3410 1091 excidit.
3430 1039 3544 1093 Non
3572 1042 3744 1095 modo

2161 1116 2302 1170 enim
2324 1118 2676 1174 sacerdotium
2707 1136 2810 1176 non
2837 1128 3064 1195 accepit,
3093 1127 3185 1182 sed
3218 1129 3519 1186 immundus
3546 1133 3740 1197 factus,

2161 1223 2192 1263 a
2218 1224 2384 1280 regno
2408 1213 2570 1267 etiam
2609 1216 2862 1283 expulsus
2882 1227 2982 1279 cst,
3015 1233 3079 1273 ac
3117 1235 3210 1289 per
3244 1238 3400 1278 omne
3441 1233 3648 1294 tempus
3685 1227 3742 1278 in

2161 1297 2322 1355 domo
2340 1301 2565 1371 quadam
2590 1306 2826 1360 occultus
2857 1306 3148 1377 habitabat,
3176 1313 3318 1380 quod
3346 1315 3598 1382 pudorem
3629 1333 3740 1370 non

2161 1387 2348 1444 ferret.
2378 1390 2608 1461 Populus
2631 1411 2842 1465 quoque
2867 1399 3038 1452 omnis
3070 1402 3122 1453 in
3144 1411 3348 1469 partem
3383 1407 3498 1460 talis
3522 1407 3744 1460 ultionis

2161 1489 2384 1536 vocatus
2403 1492 2509 1548 est,
2538 1485 2659 1552 quia
2688 1486 2832 1556 leges
2859 1488 2949 1541 Dei
2972 1488 3307 1558 despexerat,
3329 1503 3382 1547 et
3409 1498 3743 1550 contumelia

2162 1567 2410 1624 allectum
2463 1574 2817 1630 sacerdotium
2863 1593 2970 1632 non
3015 1581 3396 1637 vindicaverat.
3459 1585 3752 1651 Quomodo

2163 1660 2320 1730 igitur
2340 1663 2391 1716 in
2419 1674 2619 1732 partem
2653 1667 2868 1723 ultionis
2899 1681 3118 1725 vocatus
3147 1674 3267 1726 est?
3291 1673 3421 1740 Quia
3453 1676 3733 1744 prophetia

2164 1759 2392 1806 retracta
2414 1761 2534 1807 est:
2563 1754 2726 1809 iratus
2765 1757 2961 1825 quippe
3001 1760 3141 1814 Deus
3171 1763 3311 1815 circa
3339 1778 3450 1816 rem
3499 1766 3746 1833 quamvis

2166 1840 2298 1895 nihil
2341 1843 2627 1911 respondit.
2685 1847 2794 1904 Hoc
2850 1862 2979 1904 vero
3065 1867 3171 1905 non
3219 1853 3285 1906 ad
3327 1868 3487 1909 onme
3535 1867 3746 1924 tempus

2165 1930 2311 1998 fecit,
2339 1932 2437 1987 sed
2465 1935 2755 1989 secundum
2781 1953 3082 1994 mensuram
3107 1942 3225 1997 vitae
3254 1945 3412 2014 regis,
3433 1962 3748 2002 mensuram

2165 2036 2375 2092 quoque
2403 2023 2617 2080 ultionis
2641 2026 2899 2084 delinivit.
2925 2029 3091 2084 Simul
3123 2048 3249 2101 ergo
3277 2043 3436 2103 atque
3462 2036 3551 2090 ille
3577 2037 3743 2091 vitam

2167 2113 2319 2181 obiit,
2357 2114 2499 2170 Deus
2539 2117 2669 2171 iram
2700 2119 2892 2182 solvit,
2933 2130 2988 2174 et
3034 2121 3175 2177 fores
3213 2123 3402 2178 iterum
3446 2126 3748 2194 prophetia:

2167 2204 2392 2272 aperuit.
2423 2205 2534 2260 Hoc
2560 2207 2736 2277 itaque
2756 2209 3096 2266 subindicans
3119 2213 3398 2282 propheta,
3430 2221 3744 2274 memoriam

2167 2294 2322 2348 nobis
2352 2299 2622 2350 revocavit
2649 2300 2824 2354 obitus
2851 2304 3011 2372 regis.

2237 2381 2376 2435 Deus
2404 2385 2654 2450 quomodo
2679 2387 2834 2440 videri
2860 2391 3032 2456 possit.
3057 2423 3126 2431 ——
3151 2393 3503 2459 Quamobrem
3532 2401 3607 2454 sic
3621 2416 3747 2468 pro-

2167 2471 2398 2542 phetiam
2424 2473 2625 2528 orditur
2657 2490 2676 2528 :
2704 2475 2918 2530 Factum
2947 2490 3015 2533 est
3043 2482 3095 2534 in
3118 2499 3270 2549 anno,
3299 2501 3396 2553 quo
3424 2499 3647 2542 mortuus
3670 2503 3744 2543 est

2169 2578 2260 2616 rex
2281 2562 2451 2629 Ozias,
2474 2567 2573 2618 uidi
2592 2565 2858 2622 Dominum
2879 2572 3144 2625 sedentem.
3172 2575 3334 2644 Atqui
3367 2576 3609 2634 Christus
3630 2583 3704 2635 ait
3726 2601 3740 2634 :

2173 2649 2335 2706 Deum
2359 2671 2503 2708 nemo
2541 2657 2660 2709 vidit
2699 2675 2955 2727 umquam.
2989 2660 3284 2731 Unigeuitus
3319 2669 3405 2736 qui
3437 2679 3507 2720 est
3538 2671 3589 2722 in
3628 2673 3746 2724 sinu

2174 2741 2363 2809 Patris,
2395 2746 2484 2799 ille
2515 2749 2737 2800 narravit
2764 2750 2781 2817 (
2809 2749 2962 2804 Joan.
2994 2753 3045 2805 l.
3074 2754 3139 2807 18
3163 2756 3204 2824 ).
3247 2756 3314 2809 Et
3341 2774 3547 2813 rursum
3579 2779 3591 2813 :
3631 2761 3749 2816 Non

2169 2846 2288 2898 quia
2309 2831 2514 2886 Patrem
2532 2837 2643 2903 quis
2669 2839 2810 2902 vidit,
2834 2841 2930 2893 nisi
2949 2843 3035 2908 qui
3061 2853 3130 2894 est
3160 2862 3190 2896 a
3218 2845 3324 2898 Dco
3341 2863 3360 2898 :
3381 2849 3467 2900 ille
3491 2850 3611 2900 vidit
3635 2849 3745 2901 Pa-

2173 2928 2298 2972 trem
2329 2920 2509 2990 (Joan.
2543 2923 2594 2977 6.
2623 2924 2740 2992 46).
2774 2926 2969 2996 lllcque
2991 2930 3154 2999 Moysi
3180 2933 3342 2986 dixit:
3369 2934 3534 2987 Nemo
3564 2939 3746 2991 videbit

2173 3011 2354 3079 faciem
2378 3029 2536 3067 meam
2560 3024 2606 3068 et
2625 3017 2746 3068 vivet
2772 3016 2789 3086 (
2819 3017 2986 3071 Exod.
3007 3021 3094 3074 55.
3117 3021 3185 3077 20
3211 3023 3250 3091 ).
3283 3024 3560 3088 Quomodo
3591 3030 3749 3098 igitur

2176 3101 2261 3156 hic
2285 3105 2358 3156 ait
2382 3119 2438 3159 se
2458 3105 2652 3161 vidisse
2679 3107 2993 3163 Domitium?
3014 3111 3143 3165 Nam
3175 3116 3264 3178 ait,
3297 3114 3411 3169 Vidi
3436 3117 3709 3171 Dominum
3731 3141 3749 3173 :

2176 3207 2280 3246 non
2310 3197 2571 3249 contraria
2592 3197 2664 3251 ait
2695 3213 2820 3254 vero
2838 3201 2922 3267 iis,
2950 3217 3067 3270 qua:
3095 3202 3334 3258 Christus
3359 3206 3508 3270 dixit,
3537 3210 3626 3262 sed
3658 3212 3751 3262 ad-

2177 3283 2392 3338 modum
2437 3289 2841 3344 consona.Nam
2873 3291 3114 3348 Christus
3161 3295 3230 3349 de
3271 3309 3516 3350 accurata
3566 3302 3753 3371 cogni-

2177 3373 2319 3428 tione
2340 3376 2600 3443 loquitur,
2632 3380 2920 3435 sectmdum
2965 3399 3122 3452 quam
3164 3401 3320 3441 nemo
3350 3390 3478 3442 vidit
3511 3408 3524 3444 :
3558 3394 3758 3446 nudam

2175 3467 2315 3520 enim
2333 3467 2664 3523 divinitatem
2694 3486 2984 3541 puramque
3023 3476 3371 3531 substantiam
3421 3496 3578 3534 nemo
3623 3484 3753 3535 vidit

2176 3566 2368 3626 praeter
2400 3557 2771 3628 Unigenitum;
2802 3564 3052 3633 pr0pheta
3082 3583 3209 3622 vero
3238 3580 3457 3625 eatenus
3477 3588 3535 3627 se
3557 3575 3754 3628 vidisse

2173 3657 2378 3715 narrat,
2409 3660 2671 3718 quatenus
2699 3663 2929 3721 poterat.
2965 3656 3150 3727 Neque
3172 3661 3313 3713 enim
3360 3663 3473 3727 ipse
3511 3663 3561 3715 id
3607 3667 3748 3733 quod

2177 3737 2316 3793 Deus
2341 3749 2421 3794 est
2445 3740 2623 3797 videre
2649 3752 2872 3812 poterat,
2911 3747 3005 3800 sed
3052 3748 3150 3802 sub
3179 3749 3339 3819 ﬁgura
3356 3753 3579 3820 quadam
3610 3756 3754 3809 illum

2178 3833 2652 3900 cantemplabatur,
2693 3836 2781 3905 qui
2825 3846 3031 3892 tantum
3077 3841 3445 3906 descenderat,
3499 3858 3756 3915 quantum

2179 3921 2589 3988 contemplantis
2645 3923 2923 3981 inlirmitas
2967 3931 3258 3984 ascendere
3317 3941 3550 3999 poterat.
3606 3935 3758 4000 Quod

2181 4009 2321 4063 enim
2351 4025 2522 4079 neque
2549 4012 2680 4080 ipse,
2706 4029 2880 4083 neque
2907 4017 3180 4085 quisquam
3197 4021 3333 4072 alius
3355 4022 3547 4074 nudam
3570 4025 3762 4078 viderit

2182 4098 2532 4166 divinitatem,
2555 4103 2623 4157 ab
2652 4104 2716 4157 iis
2741 4120 2857 4173 qum
2895 4119 3112 4161 narrant
3140 4112 3471 4177 perspicuum
3504 4123 3605 4166 est.
3646 4114 3761 4167 Vidi

2184 4193 2347 4257 enim,
2379 4194 2567 4263 inquit,
2619 4193 2892 4250 Dominum
2936 4199 3206 4253 sedentem.
3254 4201 3392 4254 Deus
3437 4212 3614 4256 autem
3655 4221 3762 4260 non

2184 4282 2339 4336 sedet
2366 4299 2380 4336 :
2410 4283 2524 4337 haec
2541 4285 2735 4353 quippe
2756 4287 2918 4356 figura
2936 4303 3217 4357 corporum
3239 4300 3338 4344 est.
3364 4293 3431 4344 At
3457 4310 3562 4345 non
3580 4295 3760 4362 modo,

2189 4371 2476 4436 Sedentem,
2508 4374 2621 4437 Sed,
2645 4375 2812 4443 Super
2840 4377 3041 4428 solium.
3078 4379 3215 4433 Deus
3235 4395 3362 4433 vero
3394 4396 3495 4433 non
3524 4384 3766 4437 contine-

2189 4472 2276 4516 tur
2303 4481 2316 4517 :
2349 4465 2614 4533 quomodo
2643 4467 2784 4519 enim
2825 4469 3083 4522 contineri
3115 4472 3300 4538 possit,
3329 4473 3416 4539 qui
3448 4474 3642 4542 ubique
3667 4476 3763 4528 ad-

2189 4564 2292 4619 est,
2320 4565 2377 4609 et
2394 4557 2569 4609 omnia
2600 4557 2816 4624 implet,
2849 4557 2912 4610 In
2939 4561 3082 4627 cuius
3115 4578 3267 4614 manu
3307 4574 3424 4616 sunt
3460 4566 3585 4631 lines
3623 4577 3767 4619 terras

2191 4647 2361 4716 (Psal.
2394 4649 2481 4703 94.
2514 4649 2606 4718 4)?
2637 4649 2784 4705 Unde
2815 4651 2984 4718 palam
3009 4662 3087 4706 est
3119 4653 3169 4706 id
3202 4655 3342 4722 quod
3372 4656 3667 4723 videbatur,
3702 4675 3767 4712 ex

2192 4741 2629 4808 attemperatiuue
2686 4741 2912 4810 quadam
2961 4744 3144 4798 fuisse.
3181 4747 3268 4799 Sic
3306 4747 3462 4815 igitur
3492 4748 3626 4801 alter
3648 4766 3771 4817 pm-

2195 4830 2357 4897 pheta
2387 4846 2451 4884 ex
2482 4846 2706 4900 persona
2733 4834 2821 4886 Dei
2842 4834 3184 4891 subindicans
3205 4837 3410 4891 dicebat
3443 4838 3588 4909 :Ego
3618 4843 3772 4894 visio-

2197 4937 2282 4972 nes
2313 4922 2641 4989 multiplicaui
2677 4922 2828 4989 (Osee
2849 4925 2930 4975 12.
2958 4925 3025 4977 10
3051 4926 3088 4993 ).
3123 4927 3173 4979 id
3203 4937 3316 4990 est,
3347 4928 3567 4983 Diverso
3613 4932 3773 4986 modo

2196 5011 2340 5064 visus
2373 5027 2509 5062 sum.
2544 5012 2596 5064 Si
2630 5027 2784 5078 porro
2808 5013 2918 5080 ipsa
2949 5014 3240 5069 substantia
3269 5019 3404 5070 nuda
3447 5020 3769 5086 apparebat,

2198 5115 2302 5153 non
2351 5100 2560 5154 diverso
2608 5103 2766 5155 modo
2800 5103 3113 5160 videbatur:
3149 5109 3241 5162 sed
3281 5110 3401 5178 quia
3444 5110 3772 5167 descendens

2201 5207 2340 5246 nunc
2387 5193 2480 5245 illo
2511 5208 2650 5246 nunc
2686 5195 2791 5247 alio
2823 5197 2980 5251 modo
3019 5200 3289 5268 prophetis
3333 5202 3560 5266 seipsnm
3590 5211 3774 5256 osten-

2199 5286 2375 5352 debat,
2410 5287 2734 5356 temporibus
2751 5300 3127 5354 congruentem
3156 5291 3368 5359 lignram
3391 5306 3490 5358 qua
3509 5291 3777 5347 videretur

2203 5393 2496 5438 assumens,
2531 5377 2648 5431 ideo
2677 5377 2805 5431 dicit
2833 5397 2845 5430 :
2883 5377 3104 5432 Visiones
3122 5380 3465 5448 multiplicavi,
3490 5389 3532 5431 et
3565 5382 3614 5434 in
3653 5399 3778 5434 ma—

2204 5473 2345 5526 nibus
2393 5471 2747 5540 prophetarum
2783 5472 3085 5525 assimilatas
3131 5489 3259 5526 sum.
3290 5471 3400 5524 Non
3443 5474 3579 5526 sicut
3608 5489 3775 5540 cram,

2208 5563 2544 5631 appareham,
2575 5561 2761 5631 inquit,
2795 5561 2889 5615 sed
2928 5564 3247 5617 assimilatus
3273 5563 3319 5616 ci
3354 5562 3534 5616 formae
3559 5604 3574 5625 ,
3617 5582 3780 5634 quam

2208 5653 2626 5719 contemplantes
2673 5652 2853 5706 videre
2895 5663 3158 5721 poterant.
3202 5653 3357 5707 Vides
3405 5654 3563 5722 igitur
3605 5656 3779 5723 ipsum

2214 5759 2351 5796 nunc
2375 5742 2671 5807 sedentem,
2701 5758 2841 5798 nunc
2865 5755 3148 5810 armatum,
3186 5758 3326 5798 nunc
3361 5746 3509 5801 cauis
3538 5747 3743 5818 capillis
3763 5789 3779 5817 ,
