4044 6404
291 419 365 475 67
1624 407 1693 463 ΙΝ
1733 404 1952 463 ΙὸΑἰΑΜ

2055 405 2183 464 :Ap.
2229 407 2319 464 νι.
3649 441 3724 496 δε

295 518 582 591 θαυμάσῃς
615 519 689 583 δὲ,
731 522 777 572 εί
803 519 928 590 περὶ
959 519 1092 573 Θεοῦ
1126 521 1518 591 διαλεγόμενος,
1549 524 1688 578 οὑτω
1722 524 1960 594 παχυτά-

294 622 416 667 ταις
448 606 710 676 κέχρηται
739 608 936 672 λέξεσι’
969 610 1106 680 πρὸς
1130 612 1238 680 γὰρ
1263 611 1359 680 τὴν
1387 612 1568 664 ἄνοιαν
1595 613 1702 666 τῶν
1734 613 1958 666 ἀκουόν-

295 709 400 743 των
441 696 764 762 σχηματίζει
803 696 871 748 τὰ
907 698 1148 767 ῥήματα,
1188 698 1246 752 ἓν
1295 698 1612 769 βουλόμενος
1657 701 1824 765 δεῖξαι
1872 699 1962 751 διά

295 779 532 842 πάντων,
577 782 658 832 ὅτι
701 782 793 833 καὶ
825 782 904 852 τῷ
935 784 1051 854 Θεῷ
1089 785 1268 855 ῥᾴδιον
1295 786 1472 850 τοῦτο,
1507 789 1600 840 καὶ
1631 790 1712 840 ὅτι
1748 788 1962 851 πάντως

294 865 714 936 ἀπαντήσονταιο
759 868 838 920 διὸ
876 871 968 921 καὶ
1001 873 1245 942 ἐπήγαγε
1278 872 1469 940 λέγων·
1509 875 1614 928 Καὶ
1644 874 1774 928 ἰδοὺ
1809 876 1960 944 ταχὺ

295 952 531 1018 κούφως
547 953 839 1019 ἔρχονται.
855 958 934 1008 Οὐ
951 958 1365 1021 πεινάσουσιν,
1382 960 1522 1013 οὐδὲ
1538 961 1958 1025 κοπιάσουσιν,

293 1037 436 1089 οὐδὲ
456 1039 848 1103 νυστάξουσι.
873 1043 1053 1096 Ταῦτα
1074 1045 1444 1114 ὑπερϐολικῶς
1462 1047 1690 1118 είρηται.
1711 1047 1834 1110 Πῶς
1851 1048 1960 1118 γὰρ

295 1126 421 1193 ὲνῆν
449 1129 584 1195 μήτε
612 1132 818 1198 πεινῇν,
854 1131 988 1200 μήτε
1011 1132 1308 1198 καθεύδειν,
1332 1134 1652 1203 ἀνθρώπους
1665 1135 1841 1199 ὄντας,
1867 1135 1960 1188 καὶ⁸

293 1213 389 1269 τὴν
424 1215 607 1284 κοινὴν
642 1215 901 1285 λαχόντας
935 1218 1114 1288 λῆξινς
1164 1220 1323 1272 Ἀλλά
1361 1221 1421 1274 τὸ
1455 1224 1615 1292 τάχος
1663 1225 1763 1296 τῆς
1796 1241 1960 1293 στρα-

293 1300 435 1359 τιᾶς,
470 1299 567 1368 τὴν
613 1301 881 1366 εὐκολίαν,
917 1303 1014 1372 τὴν
1044 1304 1337 1374 ταχύτητα,
1376 1307 1510 1377 ὅπερ
1554 1309 1723 1379 ἔφθην
1766 1310 1954 1373 εἰπὼν,

291 1385 381 1437 διὰ
412 1388 627 1440 πάντων
657 1391 1006 1443 ἐνδείκνυται.
1046 1391 1198 1443 Οὺδὲ
1220 1395 1486 1447 λύσουσι
1518 1397 1624 1459 τὰς
1648 1395 1831 1459 ζώνας
1849 1398 1958 1449 αὑ-

290 1472 412 1524 τῶν
463 1475 581 1526 ἀπὸ
628 1474 733 1540 τῆς
777 1477 1006 1543 ὀσφύος
1054 1477 1280 1540 αὐτῶν,
1327 1480 1468 1534 οὐδὲ
1509 1482 1594 1549 μὴ
1629 1481 1857 1549 ραγῶσι
1903 1485 1958 1536 οι

291 1559 530 1624 ἱμάντες
560 1559 677 1612 τῶν
709 1563 1104 1631 ὑποδημάτων
1138 1567 1352 1619 αὐτῶν.
1392 1563 1502 1620 Ὧν
1531 1568 1601 1620 τὰ
1625 1568 1782 1636 βέλη
1817 1569 1958 1632 ὀξέα

290 1646 445 1708 ἐστὶ,
481 1647 572 1699 καὶ
613 1651 685 1700 τὰ
715 1649 859 1712 τόξα
899 1651 1098 1704 αὐτῶν
1126 1654 1502 1721 ἐντεταμένα.
1532 1658 1595 1706 Ol
1628 1655 1809 1721 πόδες
1839 1655 1956 1709 τῶν

290 1735 496 1785 ἵππων
518 1735 716 1786 αὐτῶν
743 1737 822 1802 ὡς
852 1741 1066 1805 στερεὰ
1093 1739 1276 1806 πέτρα
1299 1739 1726 1808 ἐλογίσθησαν,
1748 1745 1800 1796 οί
1825 1761 1957 1812 τρο-

288 1822 386 1889 χοὶ
420 1820 540 1874 τῶν
558 1823 831 1890 ἁρμάτων
849 1825 1047 1877 αὐτῶν
1073 1827 1154 1890 ὡς
1184 1829 1535 1895 καταιγίδες.
1556 1830 1857 1898 Ὀρτιῶσιν
1876 1833 1958 1896 ὡς

288 1908 556 1972 λέοντες,
600 1910 698 1962 καί
740 1913 1199 1978 παρεστήκασιν
1247 1915 1326 1980 ὡς
1371 1918 1630 1986 σκύμνοι
1669 1923 1953 1973 λεόντων.

288 1995 397 2047 Καὶ
434 1997 814 2063 ἐπιλήψεται,
836 1998 932 2050 καὶ
956 1999 1178 2066 ,ϐοήσει
1203 2000 1285 2065 ὡς
1317 2003 1540 2069 θηρίον,
1565 2003 1661 2057 καί
1681 2006 1952 2058 ἐκϐαλεῐο

289 2084 388 2136 καί
413 2086 524 2137 οὐκ
553 2085 724 2138 ἔστιν
757 2088 790 2138 ό
817 2087 1113 2155 ῥυόμενος
1142 2091 1382 2156 αὐτούς.
1419 2092 1524 2144 Καὶ
1554 2092 1850 2159 βοήσεται
1879 2094 1952 2147 δι’

287 2172 514 2236 αὐτοὺς
546 2171 622 2239 τῇ
647 2172 833 2240 ἡμέρᾳ
867 2175 1089 2244 ἐκείνῃ,
1113 2177 1192 2242 ὼς
1214 2179 1380 2246 φωνὴ
1410 2180 1730 2247 θαλάσσης
1755 2199 1957 2250 κυμαί-

285 2259 539 2323 νούσης.
573 2262 682 2312 Καὶ
713 2261 1113 2330 ἑμϐλέψονται
1141 2268 1228 2332 είς
1259 2266 1364 2319 τὸν
1392 2268 1650 2336 οὐρανόν
1687 2269 1828 2333 ἅνω,
1857 2269 1954 2322 καὶ

286 2349 376 2410 εις
404 2346 520 2411 τὴν
546 2345 665 2414 γῆν
694 2348 882 2402 κάτω·
919 2351 1016 2403 καὶ
1054 2351 1181 2406 ίδοὺ
1225 2355 1446 2419 σκότος
1481 2356 1774 2422 σκληρὸν,
1810 2356 1957 2409 σκό-

287 2448 390 2495 τος
438 2431 507 2483 ἑν
536 2431 609 2500 τῇ
643 2433 862 2502 ἀπορίᾳ
891 2436 1110 2492 αὐτῶν.
1153 2438 1252 2490 Διά
1282 2439 1500 2493 πάντων
1544 2440 1635 2493 τὸν
1676 2441 1828 2510 λόγον
1864 2442 1953 2506 ἐξ·

285 2519 538 2588 ὡγκωσε,
575 2521 666 2573 καὶ
691 2521 964 2590 τὸνιφόϐον
990 2524 1189 2594 ἐπῆρε,
1214 2526 1354 2580 κατά
1381 2529 1572 2599 μικρὸν
1600 2529 1807 2583 ἕκαστα
1827 2542 1852 2570 ιι
1876 2530 1953 2583 δι-

284 2608 608 2677 ηγούμενος,
632 2611 701 2661 τὰ
734 2610 861 2679 περὶ
895 2610 992 2681 τῆς
1021 2611 1264 2682 γνώμης,
1282 2614 1349 2667 τά
1382 2617 1628 2686 περὶτῆς
1657 2616 1860 2687 ίσχὺος,
1886 2617 1953 2670 τά

283 2697 414 2765 περὶ
449 2696 556 2749 τῶν
583 2697 780 2758 ὅπλων,
816 2696 929 2768 [65]
954 2700 1021 2751 τά
1049 2700 1176 2771 περὶ
1206 2701 1312 2754 τῶν
1341 2701 1542 2767 ἵππων,
1576 2703 1644 2756 τὰ
1681 2705 1808 2775 περὶ
1844 2704 1952 2756 τῶν

284 2783 572 2853 ἁρμάτων,
605 2785 744 2838 ὥστε
775 2785 852 2856 τῷ
879 2786 1074 2857 πλήθει
1103 2787 1212 2840 τῶν
1237 2788 1545 2856 λεγομένων
1573 2791 1770 2861 πολλὴν
1792 2792 1952 2860 ποιῆ-

286 2887 377 2923 σαι
421 2872 518 2940 τὴν
551 2872 820 2938 ἀγωνίαν,
853 2875 946 2924 καὶ
979 2876 1042 2942 τῇ
1084 2876 1351 2944 σαφηνείᾳ
1383 2876 1490 2927 τῶν
1538 2877 1759 2928 εἰκόνων
1788 2878 1952 2944 ἐγγὺς

282 2957 352 3008 τὰ
395 2958 690 3026 πράγματα
725 2959 907 3020 αὐτοῖς
939 2960 1164 3026 ἀγαγεῖν
1182 2961 1231 3013 δ.
1271 2961 1362 3013 Διὸ
1391 2964 1485 3015 καὶ
1518 2962 1726 3016 λέουσιν
1758 2964 1954 3028 αὐτοὺς

283 3045 643 3114 παραϐάλλει,
676 3045 770 3096 καὶ
791 3045 910 3097 οὐδὲ
940 3046 1171 3099 ἐνταῦθα
1204 3047 1333 3119 ἔστη
1367 3049 1462 3102 τοῦ
1491 3050 1950 3121 παραδείγματος,

283 3132 419 3184 ἀλλά
453 3130 544 3184 καῖ
584 3132 765 3202 φωνὴν
793 3133 1116 3187 ἀναπλάττει
1155 3135 1246 3189 καὶ
1274 3137 1447 3207 ὁρμήν
1472 3138 1565 3190 τοῦ
1602 3138 1824 3209 θηρίου,
1860 3140 1953 3193 καὶ

283 3220 533 3287 ἐπιμένει
558 3223 620 3290 τῇ
659 3223 958 3292 μεταφορᾷ,
1000 3224 1093 3274 καὶ
1122 3223 1322 3293 πολλὴν
1347 3228 1577 3278 ποιεῖται
1605 3226 1702 3297 τὴν
1721 3228 1949 3298 τροπήν.

283 3308 394 3361 Καὶ
436 3308 684 3362 ἐντεῦθεν
735 3309 825 3361 ἐπὶ
876 3309 1141 3364 θάλατταν
1176 3312 1360 3378 ἐξάγει
1405 3315 1494 3365 τὸν
1529 3314 1705 3382 λόγον,
1757 3316 1948 3384 λέγων,

281 3398 363 3448 ὅτι
393 3395 643 3458 τοσοῦτος
687 3395 838 3448 ἐσται
887 3400 914 3448 6
960 3397 1206 3469 θόρυϐος,
1242 3399 1477 3469 τοσαύτη
1507 3403 1537 3470 ή
1571 3404 1805 3473 ταραχὴ,
1852 3405 1950 3474 ὅση

280 3483 348 3536 ἂν
393 3485 598 3551 γένοιτο
629 3485 962 3555 μαινομένης
990 3486 1264 3556 θαλάσσης
1295 3487 1388 3539 καὶ
1415 3488 1630 3555 κύματα
1660 3490 1953 3560 διεγειρού-

283 3586 416 3638 σης·
450 3572 542 3621 καὶ
573 3571 747 3622 πάντα
794 3575 932 3622 κινεῖ
972 3571 1194 3640 τρόπον,
1242 3571 1420 3636 αὔξων
1465 3575 1554 3627 τὸν
1586 3576 1767 3643 φόϐον,
1811 3576 1951 3629 ῶστε

285 3659 360 3728 μὴ
403 3657 656 3727 δεηθῆναι
708 3657 904 3720 αὐτοὺς
941 3659 1041 3728 τῆς
1072 3659 1158 3712 διά
1189 3659 1298 3711 τῶν
1349 3661 1688 3731 πραγμάτων
1737 3664 1948 3734 πείρας.

284 3745 394 3797 Καὶ
442 3746 501 3797 τὸ
547 3745 610 3815 δὴ
658 3744 1069 3817 χαλεπώτερον,
1108 3749 1187 3801 ὄτι
1234 3749 1352 3800 οὑδὲ
1396 3750 1423 3801 6
1472 3751 1952 3821 παραστησόμενος

281 3832 455 3896 ἔσται,
492 3833 676 3901 φησὶν,
709 3834 807 3885 οὐκ
839 3833 946 3886 ἀπὸ
969 3837 1068 3904 τῆς
1108 3839 1229 3906 γῆς,
1262 3837 1362 3888 οὑκ
1403 3837 1510 3889 ἀπὸ
1540 3835 1645 3889 τῶν
1671 3838 1948 3909 οὐρανῶν·

278 3919 395 3972 ἀλλ’
433 3921 630 3989 ἔρημοι
661 3921 752 3972 καὶ
787 3921 883 3991 τῆς
909 3921 1115 3974 ἄνωθεν
1146 3923 1459 3992 συμμαχίας
1479 3963 1491 3986 ,
1534 3925 1627 3976 καὶ
1653 3929 1750 3995 τῆς
1777 3926 1952 3979 κάτω-

280 4010 371 4064 θεν
421 4009 674 4079 βοηθείας
698 4050 713 4074 ,
751 4010 1134 4080 ἐκδοθήσονται
1182 4015 1293 4074 τοϊς
1327 4012 1623 4081 πολεμίοις.
1672 4015 1866 4078 Σκότος
1893 4015 1950 4068 δὲ

279 4094 515 4148 ἐνταῦθά
539 4113 668 4166 φησι
707 4096 766 4148 τὸ
804 4098 911 4149 ἀπὸ
943 4098 1040 4166 τῆς
1068 4100 1349 4166 συμφορᾶς
1371 4099 1551 4161 αὐτοῖς
1581 4101 1947 4171 ἐγγινόμενον,

277 4184 377 4252 οὐχ
407 4184 483 4246 ὡς
511 4183 611 4250 τῆς
640 4185 856 4246 ἀκτῖνος
893 4184 1292 4254 ἀφανιζομένης
1311 4225 1324 4248 ,
1374 4186 1507 4239 ἀλλά
1530 4186 1627 4255 τῆς
1659 4187 1949 4252 διαθέσεως

275 4270 388 4322 τῶν
421 4271 738 4339 πασχόντων
772 4271 829 4322 ἐν
857 4269 996 4341 μέσῃ
1024 4273 1089 4340 τῇ
1124 4270 1442 4343 μεσημϐρίᾳ
1472 4273 1591 4326 ἀντὶ
1621 4274 1796 4342 φωτὸς
1820 4275 1948 4328 σκό-

278 4374 369 4420 τος
415 4355 694 4426 όρώντων·
750 4357 884 4426 ὅπερ
927 4359 1039 4419 τοῖς
1080 4357 1435 4428 ὀδυνωμένοις
1480 4361 1574 4413 καὶ
1618 4360 1949 4432 θλιϐομένοις

279 4443 598 4511 συμϐαίνειν
637 4443 816 4496 εἴωθε.
853 4445 962 4496 Καὶ
986 4444 1073 4496 ἵνα
1104 4445 1280 4516 μάθῃς
1303 4486 1317 4509 ,
1364 4447 1445 4498 ὃτι
1492 4448 1552 4498 οὑ
1591 4449 1691 4517 τῆς
1735 4450 1949 4516 φύσεως

276 4531 370 4582 τοῦ
407 4530 569 4600 ἀέρος
607 4529 668 4581 τὸ
715 4530 905 4591 σκότος
947 4526 1036 4601 ἦν,
1067 4530 1201 4583 ἀλλά
1239 4531 1338 4600 τῆς
1375 4533 1596 4586 ἐκείνων
1634 4534 1946 4605 διαθέσεως,

276 4619 522 4686 ἐπήγαγε
543 4632 557 4646 ο
589 4616 869 4684 Σκληρὸν
889 4616 1111 4682 σκότος
1129 4617 1199 4670 ἐν
1219 4617 1294 4687 τῇ
1315 4619 1530 4687 ἀπορίᾳ
1552 4620 1770 4678 αὐτῶν.

913 4770 1163 4825 ΚΕΦΑΛ.
1203 4771 1294 4837 (τ’.

278 4870 390 4926 Καὶ
441 4873 676 4940 ἐγένετο
717 4873 825 4928 τοῦ
878 4875 1204 5003 ἐνὲιυτοιῦη
1226 4874 1299 4934 οὗ
1344 4878 1641 4934 ἀπέθανεν
1682 4883 1861 4949 Ὀζῖιις
1914 4886 1949 4938 ό

995 4959 1096 4997 ασι
1141 4962 1266 5003 ευς.

995 4959 1266 5011 ασιλεύς.

348 5063 417 5116 α’.
434 5063 498 5116 Τί
521 5064 716 5132 δήποτε
733 5066 857 5127 τοὺς
876 5065 975 5135 μὲν
991 5066 1181 5130 ἀλλους
1206 5069 1429 5138 χρόνους
1450 5070 1556 5123 ἀπὸ
1570 5072 1666 5139 τῆς
1684 5073 1826 5140 ζωῆς
1840 5075 1947 5127 τῶν

282 5149 565 5219 βασιλέων,
590 5149 776 5203 τοῦτον
815 5153 872 5204 δὲ
900 5153 1007 5205 ἀπὸ
1034 5154 1133 5224 τῆς
1156 5155 1412 5227 τελευτῆς
1436 5161 1830 5229 χαρακτηρίζει
1852 5161 1946 5214 νῦν

278 5239 308 5288 ὁ
339 5237 657 5306 προφήτηςς
688 5239 758 5290 Οὐ
806 5241 913 5309 γὰρ
958 5235 1130 5304 εἶπεν,
1174 5243 1419 5310 Ἐγένετο
1449 5247 1505 5297 ἐν
1553 5249 1670 5309 ταῖς
1712 5249 1945 5318 ἡμέραις

291 5323 498 5386 Ὀζίου,
551 5324 697 5386 οὐδὲ,
738 5323 824 5376 Ἑν
876 5330 939 5396 τῇ
986 5327 1232 5400 βασιλείᾳ
1271 5331 1481 5397 Ὀζίου,
1520 5333 1666 5398 ἀλλ’,
1707 5335 1947 5402 Ἐγένετο

280 5411 437 5464 ἡνίκα
474 5410 732 5464 ἀπέθανε.
773 5412 836 5463 Τί
871 5413 1066 5482 δήποτε
1101 5417 1156 5467 ἐν
1189 5417 1362 5487 τούτῳ
1398 5422 1569 5482 ποιεί;
1600 5421 1710 5490 Οὐχ
1736 5423 1941 5487 ἁπλῶς,

279 5498 399 5549 οὐδὲ
438 5498 513 5558 ὼς
559 5497 766 5566 ἔτυχεν,
802 5498 936 5551 ἀλλά
958 5517 1009 5550 τι
1042 5503 1351 5571 ἀπόρρητον
1380 5506 1507 5574 ἡμῖν
1533 5506 1844 5560 αἰνίττεται.
1883 5511 1945 5561 Τί

278 5584 336 5639 δὲ
365 5585 519 5637 τοῦτό
544 5587 724 5651 ἐστιν;
774 5588 953 5652 Ὀζίας
998 5585 1148 5652 οὗτος
1191 5594 1258 5660 τῇ
1293 5591 1399 5644 τῶν
1449 5597 1823 5664 γεγενημένων
1864 5599 1948 5650 εὖ·

282 5673 489 5742 πραγία
533 5674 765 5743 μεθύων,
815 5677 906 5729 καὶ
957 5679 1060 5730 ὑπὸ
1102 5681 1199 5748 τῆς
1252 5681 1548 5751 εὐημερίας
1593 5684 1942 5755 ὀγκούμενος,

343 5814 369 5842 ⁸
400 5813 520 5874 Reg.
548 5814 756 5874 ἑκάστῳ.

339 5864 764 5949 ᾒδιονμοςειηζει
808 5877 931 5941 Reg.
978 5878 1126 5931 Savil.
1162 5882 1332 5946 ἀγάγῃ.
1376 5884 1476 5934 Sed
1523 5885 1682 5935 minus
1710 5893 1864 5949 recte,
1890 5895 1942 5940 ut

283 5940 430 5987 etiam
455 5942 621 5984 monet
646 5939 868 5989 Allcuus.

2068 519 2253 589 μεῖζον
2283 523 2384 592 τῆς
2425 525 2580 591 ἀξίας
2627 527 2912 598 ἐφρόνησε.
2961 525 3070 582 Καὶ
3116 528 3303 601 ἐπειδὴ
3339 529 3590 600 βασιλεὺς
3629 528 3721 606 ἦν,

2066 608 2312 678 ἐνόμισεν
2339 612 2485 682 αὑτῷ
2517 616 2811 684 προσήκειν
2859 616 3127 685 ἱερᾶσθαι,
3170 620 3266 671 καὶ
3309 619 3616 688 ἐπεπήδησε
3646 621 3723 691 τῷ

2068 694 2201 765 ναῷ,
2219 698 2312 750 καὶ
2335 698 2414 760 είς
2442 699 2510 751 τά
2528 700 2692 768 ’Δγια
2719 701 2825 752 τῶν
2853 702 3024 768 ἁγίων
3041 703 3274 772 είσῆλθε,
3299 704 3393 757 καὶ
3414 705 3508 757 τοῦ
3533 706 3723 776 ἱερέως

2062 780 2359 844 κωλύοντος
2386 784 2477 836 καὶ
2505 785 2938 854 ἀπαγορεύοντος
2979 787 3129 856 αὐτῷ
3157 788 3256 858 τὴν
3289 790 3469 842 ἐκεῖσε
3496 784 3720 859 εῐσοδον,

2063 867 2163 919 οὐκ
2185 868 2463 938 ἠνέσχετο,
2495 871 2608 923 ἀλλ’
2632 873 2873 941 ἐνέμεινε
2897 876 2962 944 τῇ
2995 875 3179 944 μανίᾳ,
3201 875 3380 942 ὀλίγον
3411 878 3506 930 τοῦ
3534 881 3724 950 ἱερέως

2061 955 2383 1026 ποιούμενος
2405 957 2580 1025 λόγον.
2609 957 2824 1030 Ταύτης
2873 961 3054 1015 ἕνεκεν
3087 961 3188 1031 τῆς
3217 963 3598 1034 ἀναισχυντίας
3625 969 3724 1021 ἐπ-

2061 1041 2269 1111 αφῆκεν
2308 1044 2456 1114 αὐτῷ
2481 1044 2684 1116 λέπραν
2710 1048 2738 1099 6
2760 1046 2892 1110 Θεὸς
2916 1048 3058 1102 κατά
3094 1048 3187 1102 τοῦ
3218 1049 3490 1119 μετώπου.
3516 1053 3721 1123 Βουλη-

2062 1128 2172 1191 θεὶς
2197 1131 2303 1201 γάρ
2346 1132 2563 1186 πλείονα
2593 1133 2692 1202 τῆς
2722 1132 2886 1203 οὐσης
2911 1135 3075 1206 τιμὴν
3115 1135 3320 1199 λαϐεῖν,
3359 1140 3452 1190 καὶ
3479 1133 3549 1208 ἦς
3575 1135 3722 1208 εἶχεν

2062 1212 2333 1279 ἐξέπεσεν.
2366 1219 2438 1272 Οὐ
2467 1220 2574 1291 γὰρ
2604 1219 2668 1290 δὴ
2701 1220 2860 1289 μόνον
2909 1221 3205 1293 ἱερωσύνην
3251 1223 3313 1276 οὐ
3361 1225 3720 1295 προσέλαϐεν,

2061 1301 2196 1353 ἀλλὰ
2243 1304 2334 1356 καὶ
2362 1308 2650 1374 γενόμενος
2690 1306 3016 1377 ἀκάθαρτος,
3048 1309 3155 1362 τῶν
3185 1309 3470 1377 βασιλείων
3503 1312 3724 1377 ἐξεϐάλ-

2057 1386 2181 1439 λετο
2199 1427 2214 1450 ,
2247 1389 2343 1441 καὶ
2369 1391 2458 1443 τὸν
2495 1392 2709 1445 ἅπαντα
2737 1391 2925 1462 χρόνον
2956 1395 3013 1445 ἐν
3040 1391 3174 1462 οἴκῳ
3200 1394 3306 1445 τινὶ
3337 1397 3721 1466 κεκρυμμένος

2060 1474 2317 1544 κατῴκει,
2363 1475 2460 1546 τὴν
2505 1479 2765 1549 αἰσχύνην
2796 1479 2857 1532 οὐ
2900 1479 3100 1549 φέρων.
3139 1480 3248 1533 Καὶ
3292 1483 3321 1533 6
3361 1481 3488 1544 λαὸς
3509 1483 3568 1535 δὲ
3598 1501 3723 1538 συν-

2059 1563 2371 1632 απήλαυσεν
2396 1565 2538 1626 ἄπας
2570 1565 2668 1634 τῆς
2712 1566 2963 1636 τοιαύτης
2989 1567 3176 1638 ὀργῆς,
3205 1567 3286 1619 ὃτι
3314 1569 3442 1630 τοὺς
3468 1569 3560 1620 τοῦ
3584 1570 3721 1623 Θεοῦ

2060 1648 2255 1717 νόμους
2293 1651 2580 1719 περιεῖδον,
2618 1652 2709 1704 καὶ
2755 1653 2853 1719 τὴν
2899 1656 3194 1724 ἱερωσύνην
3229 1654 3590 1726 ὑϐριζομένην
3621 1657 3722 1710 οὐκ

2060 1730 2395 1802 ἐξεδίκησαν.
2430 1735 2551 1798 Πῶς
2595 1730 2686 1787 οῦν
2726 1737 3102 1806 συναπήλαυσε
3136 1739 3234 1807 τῆς
3261 1739 3463 1808 ὀργῆς;
3495 1739 3585 1809 Τῷ
3622 1740 3722 1811 τὴν

2060 1821 2390 1890 προφητείαν
2433 1821 2824 1891 ἀνασταλῆναι·
2891 1822 3239 1893 ὀργιζόμενος
3293 1824 3402 1894 γὰρ
3455 1826 3635 1889 αὐτοῖς
3692 1829 3722 1879 6

2059 1901 2189 1964 Θεὸς
2215 1903 2339 1973 περὶ
2364 1903 2574 1967 οὐδενὸς
2601 1903 2716 1976 [64]
2740 1904 2890 1956 οὐδὲν
2923 1906 3292 1976 ἀπεκρίνατο.“
3311 1907 3448 1960 Ἀλλ’
3473 1909 3534 1960 οὑ
3560 1909 3720 1978 μέχρι

2059 1988 2261 2051 παντὸς
2297 1988 2453 2042 τοῦτο
2494 1989 2768 2060 ἐποίησεν,
2812 1990 2948 2044 ἀλλά
2976 1991 3054 2062 τῷ
3088 1993 3274 2062 μέτρῳ
3309 1993 3406 2063 τῆς
3443 1993 3592 2063 ζωῆς
3623 1994 3720 2047 τοῦ

2061 2071 2320 2142 βασιλέως
2352 2076 2444 2127 καὶ
2476 2075 2672 2146 μέτρον
2697 2076 2797 2145 τῆς
2819 2078 3087 2149 τιμωρίας
3118 2079 3336 2147 ὥρισεν.
3375 2079 3546 2148 Ὁμοῦ
3587 2081 3722 2148 γοῦν

2057 2159 2263 2212 ἐκείνου
2289 2161 2685 2225 καταλύσαντος
2714 2164 2813 2232 τὴν
2838 2163 3005 2233 ζωὴν,
3041 2166 3134 2217 καὶ
3170 2166 3198 2216 6
3238 2164 3372 2227 Θεὸς
3415 2167 3517 2235 τὴν
3553 2165 3723 2236 ὀργὴν

2055 2264 2344 2325 κατέλυσε,
2375 2262 2467 2314 καὶ
2499 2263 2602 2324 τὰς
2633 2261 2803 2329 θύρας
2825 2264 2986 2314 πάλιν
3004 2261 3104 2330 τῆς
3130 2261 3466 2330 προφητείας
3487 2261 3717 2330 ἀνέῳξε.

2055 2345 2228 2400 Τοῦτο
2279 2345 2409 2413 γοῦν
2450 2343 2824 2414 αίνιττόμενος
2861 2346 2889 2397 6
2921 2345 3205 2414 προφήτης
3239 2343 3546 2414 ἀνέμνησεν
3573 2344 3720 2414 ἡμᾶς

2053 2431 2148 2484 τοῦ
2175 2428 2367 2499 καιροῦ
2398 2428 2494 2497 τῆς
2525 2427 2784 2496 τελευτῆς
2817 2426 2911 2479 τοῦ
2948 2426 3234 2497 βασιλέως.

2123 2514 2323 2582 Διόπερ
2340 2512 2511 2576 οὑτως
2532 2512 2760 2582 ἄρχεται
2780 2511 2878 2580 τῆς
2892 2511 3257 2580 προφητείας,
3279 2509 3476 2577 λέγων·
3496 2510 3720 2579 Ἐγένε-

2051 2613 2120 2648 το
2135 2596 2241 2650 τοῦ
2277 2595 2472 2660 ἔτους,
2503 2591 2574 2651 οὗ
2610 2595 2912 2649 ἀπέθανεν
2939 2593 3122 2659 Ὀζὶάς
3146 2598 3178 2648 d
3194 2595 3495 2659 βασιλεὺς
3516 2637 3530 2659 ,
3553 2591 3720 2647 εἶδον

2050 2679 2157 2731 τὸν
2174 2680 2396 2745 Κύριον
2414 2677 2778 2746 καθήμενον.
2795 2676 2985 2730 Καίτοι
3007 2693 3072 2745 γε
3089 2678 3116 2728 6
3129 2677 3364 2745 Χριστός
3385 2693 3539 2745 φησι·
3571 2677 3718 2729 Θεὸν

2051 2758 2250 2824 οὐδεὶς
2285 2759 2504 2827 ἑώρακε
2542 2759 2878 2812 πώποτε.⁹0
2911 2756 3249 2826 μονογενὴς
3274 2757 3428 2822 Υἱὸς,
3449 2761 3482 2811 ὁ
3513 2759 3599 2810 ὢν
3625 2762 3713 2824 εἰς

2053 2845 2157 2895 τὸν
2172 2846 2404 2896 κόλπον
2427 2844 2534 2897 τοῦ
2552 2845 2779 2911 Πατρός
2797 2883 2811 2908 ,
2833 2843 3062 2908 ἐκεῖνος
3081 2841 3444 2910 ἐξηγήσατο.
3476 2843 3587 2896 Καὶ
3616 2846 3720 2897 πά-

2053 2931 2136 2984 λιν
2152 2948 2166 2962 °
2195 2934 2316 3000 Οὐχ
2338 2932 2428 2985 ὅτι
2445 2933 2552 2986 τὸν
2567 2932 2800 3000 Πατέρα
2821 2950 2911 2998 τις
2930 2932 3208 2998 ἑώρακεν,
3223 2933 3274 2983 εί
3288 2929 3374 2999 μὴ
3399 2933 3431 2984 ό
3450 2929 3539 2983 ὢν
3561 2933 3719 2998 παρὰ

2052 3017 2160 3071 τοῦ
2211 3019 2358 3072 Θεοῦ
2388 3033 2402 3047 ·
2434 3014 2613 3084 οὗτος
2634 3017 2854 3086 ἑώρακε
2884 3017 2990 3070 τὸν
3023 3015 3275 3085 Πατέρα.
3309 3017 3418 3071 Καὶ
3443 3017 3580 3087 πρὸς
3626 3017 3718 3070 τὸν

2053 3105 2293 3159 Μωῦσέα
2349 3105 2508 3168 αὑτός
2565 3121 2762 3175 φησιν·
2809 3104 3013 3169 Οὐδεὶς
3049 3105 3258 3172 ὄψεται
3286 3105 3349 3157 τὸ
3390 3104 3717 3172 πρόσωπόν

2051 3211 2172 3262 μου
2215 3193 2314 3245 καὶ
2365 3191 2625 3259 (ﬂeuerat.
2657 3190 2782 3254 Πῶς
2807 3187 2899 3244 οὖν
2929 3186 3080 3254 οὗτός
3098 3208 3262 3261 φησιν
3292 3191 3591 3261 ἑωρακέναι
3628 3191 3719 3244 τόν

2054 3280 2292 3351 Κύριον;
2318 3276 2497 3332 Εἶδον
2513 3280 2643 3349 γὰρ,
2663 3278 2816 3348 φησὶ,
2839 3278 2943 3332 τόν
2954 3280 3173 3346 Κύριον
3193 3294 3206 3308 ·
3229 3278 3329 3331 οὐκ
3361 3279 3580 3331 ἐναντία
3605 3282 3719 3340 τοῖς

2055 3367 2150 3420 τοῦ
2170 3366 2405 3437 Χριστοῦ
2430 3367 2625 3434 λέγων,
2657 3366 2790 3419 ἀλλά
2814 3367 2907 3419 κοιλ⁵
2935 3367 3138 3435 σφόδρα
3167 3365 3396 3434 συνῳδά.
3415 3367 3474 3417 Ὀ
3490 3365 3588 3434 μὲν
3608 3367 3719 3437 γὰρ

2057 3454 2290 3524 Χριστὸς
2314 3453 2413 3523 τὴν
2440 3452 2647 3522 ἀκριϐῆ
2682 3452 3008 3519 κατανόησίν
3039 3469 3222 3521 φησιν,
3261 3455 3326 3521 ἣν
3350 3453 3523 3514 οὐδεὶς
3559 3448 3665 3504 εἶδε
3700 3469 3715 3483 ·

2057 3543 2271 3612 γυμνὴν
2327 3541 2434 3609 γὰρ
2484 3541 2581 3610 τὴν
2616 3539 2842 3610 θεότητα
2873 3540 2967 3592 καὶ
2996 3540 3275 3608 ἀκραιφνῆ
3300 3539 3398 3608 τὴν
3417 3540 3604 3591 οὐσίαν
3629 3541 3721 3593 οὐ·-

2056 3628 2168 3692 δεὶς
2201 3629 2484 3692 ἐθεάσατο,
2509 3628 2648 3698 πλὴν
2673 3626 2765 3680 τοῦ
2786 3625 3124 3695 Μονογενοῦς
3150 3643 3163 3657 ·
3183 3628 3210 3679 6
3234 3625 3289 3678 δὲ
3319 3629 3610 3698 προφήτης
3625 3627 3723 3698 τὴν

2055 3724 2201 3794 αὐτῷ
2227 3724 2458 3793 δυνατὴν
2509 3724 2635 3776 ίδεῖν
2677 3723 3028 3791 ἀπαγγέλλει.
3076 3723 3210 3776 Οὐδὲ
3242 3724 3352 3794 γὰρ
3390 3726 3552 3788 αὐτὸς
3589 3728 3722 3796 ὅπερ

2054 3813 2199 3864 ἐστὶν
2229 3813 2258 3863 6
2282 3811 2412 3873 Θεὸς
2449 3811 2577 3863 ἰδεῖν
2615 3809 2854 3880 ἠδυνήθη
2881 3849 2896 3873 ,
2932 3809 3067 3862 ἀλλὰ
3095 3811 3530 3880 σχηματισθέντα
3563 3813 3724 3864 αὑτὸν

2055 3899 2252 3970 θεωρεῖ
2283 3941 2297 3963 ,
2334 3899 2431 3950 καὶ
2464 3896 2713 3950 τοσοῦτον
2740 3897 3079 3960 καταϐάντα,
3109 3899 3231 3950 ὅσον
3270 3898 3534 3967 ἀναϐῆναι
3563 3902 3594 3968 ή
3630 3900 3724 3951 τοῦ

2053 3981 2386 4053 θεωροῦντος
2425 3980 2678 4035 ἀσθένεια
2722 3980 2935 4052 ἐχώρει.
2965 3982 3085 4033 Ὀτι
3120 3982 3228 4051 γὰρ
3270 3981 3330 4034 οὑ
3366 3985 3578 4052 γυμνὴν
3615 3980 3724 4036 εἶδε

2051 4071 2153 4142 τὴν
2185 4069 2442 4140 θεότητα,
2490 4066 2615 4121 οὐτε
2662 4068 2822 4130 αὐτὸς
2844 4106 2859 4130 ,
2911 4067 3033 4120 οῦτε
3062 4068 3219 4131 ἀλλος
3243 4069 3451 4134 οὐδεὶς,
3491 4071 3588 4121 ἀπ’
3623 4072 3724 4122 αὑ-

2051 4158 2158 4210 τῶν
2191 4152 2266 4210 ὧν
2298 4155 2728 4224 ἀπαγγέλλουσιν
2764 4153 3006 4223 εὑδηλον.
3040 4152 3224 4208 Εἶδον
3254 4154 3384 4226 γάρ,
3418 4158 3574 4226 φησὶ,
3618 4157 3725 4210 τὸν

2050 4245 2268 4312 Κύριον
2313 4243 2664 4311 καθήμενον.
2711 4241 2845 4304 Θεὸς
2901 4241 2957 4294 δὲ
2999 4241 3060 4294 οὑ
3109 4241 3385 4311 κάθηται·
3457 4243 3726 4312 σωμάτων

2051 4332 2161 4403 γὰρ
2191 4334 2218 4384 6
2248 4329 2641 4401 σχηματισμός.
2674 4329 2786 4382 Καὶ
2813 4330 2911 4398 οὑχ
2939 4329 3148 4393 ἁπλῶς,
3193 4330 3562 4399 Καθήμενον,
3606 4333 3722 4384 ἀλλ’

2064 4418 2194 4470 Ἐπί
2227 4419 2462 4483 θρόνου.
2495 4415 2628 4474 Θεὸς
2660 4416 2717 4468 δὲ
2747 4416 2808 4468 οὐ
2839 4416 3150 4487 περιέχεται
3177 4433 3191 4448 ο
3223 4425 3343 4480 πῶς
3380 4418 3505 4487 γὰρ,
3537 4421 3566 4471 6
3593 4437 3724 4473 πανο

2049 4504 2214 4574 ταχοῦ
2246 4502 2459 4573 παρὼν,
2489 4503 2669 4556 καὶτὰ
2702 4504 2877 4556 πάντα
2900 4505 3141 4574 πληρῶν,
3173 4502 3245 4560 οὗ
3274 4507 3344 4557 ἐν
3368 4505 3444 4573 τῇ
3480 4507 3628 4574 χειρί
3650 4509 3720 4560 τὰ

2051 4590 2274 4657 πέρατα
2311 4589 2420 4658 τῆς
2450 4588 2600 4658 rﬁc;
2651 4589 2812 4641 Ὅθεν
2858 4589 3033 4659 δῆλον,
3077 4591 3158 4643 ὅτι
3204 4592 3612 4658 συγκατόῶασις
3651 4589 3720 4662 ῆν

2049 4677 2108 4729 τὸ
2134 4676 2422 4748 ὁρώμενον.
2463 4675 2617 4728 Οὖτω
2639 4674 2767 4743 γοῦν
2806 4676 2990 4746 ἕτερος
3034 4678 3320 4746 προφήτης
3352 4678 3718 4747 αἰνιττόμενος

2047 4765 2229 4831 ἔλεγεν
2255 4766 2317 4816 ἐκ
2340 4762 2630 4834 προσώπου
2649 4763 2742 4815 τοῦ
2767 4763 2902 4816 Θεοῦ
2927 4780 2939 4794 ⁸
2965 4763 3105 4832 Ἐγὼ
3127 4763 3365 4829 ὁράσεις
3381 4765 3715 4830 ἐπλήθυνα,

2046 4853 2308 4916 τουτέστι,
2332 4851 2598 4920 διαφόρως
2625 4849 2832 4920 ὤφθην.
2869 4850 2930 4901 El
2975 4849 3030 4901 δὲ
3072 4849 3208 4920 αὐτὴ
3260 4852 3293 4919 ἡ
3331 4852 3487 4903 οὐσία
3536 4855 3718 4923 γυμνὴ

2047 4941 2314 5008 ἐφαίνετο,
2343 4941 2441 4990 οὑκ
2475 4939 2540 4990 ἂν
2557 4938 2826 5007 διαφόρως
2849 4937 3017 5007 ἐφάνη
3053 4953 3066 4968 ο
3115 4937 3230 4990 ἀλλ’
3269 4939 3455 5010 ἐπειδὴ
3508 4956 3716 5007 συγκα-

2044 5018 2315 5071 ταϐαίνων
2338 5029 2360 5057 ο
2389 5018 2484 5071 νῦν
2515 5020 2613 5088 μὲν
2639 5019 2824 5090 τούτῳ,
2839 5021 2916 5091 τῷ
2948 5022 3154 5092 τρόπῳ,
3182 5024 3278 5077 νῦν
3307 5026 3361 5078 δὲ
3386 5029 3582 5097 ἐκείνῳ
3602 5028 3716 5088 τοῖς

2046 5108 2352 5175 προφήταις
2381 5107 2574 5160 ἑαυτὸν
2601 5109 2861 5170 ἐδείκνυε,
2897 5111 3246 5181 καταλλήλως
3274 5116 3388 5175 τοῖς
3423 5114 3715 5182 ὑποκειμέ-

2046 5211 2157 5256 νοις
2213 5196 2427 5263 καιροίς
2469 5194 2822 5264 σχηματίζων
2856 5197 2955 5259 τὰς
2989 5198 3142 5266 ὄψεις
3169 5238 3183 5259 ,
3213 5199 3301 5252 διὰ
3323 5201 3485 5253 τοῦτό
3509 5217 3672 5270 φησιν
3697 5217 3711 5231 ·

2055 5280 2329 5346 Ὀρὰσεις
2368 5281 2702 5347 ἐπλήθυνα,
2730 5284 2826 5335 καί
2853 5284 2923 5335 ἐν
2953 5285 3124 5352 χερσὶ
3157 5287 3478 5354 προφητῶν
3501 5287 3713 5355 ὡμοιώ-

2045 5369 2177 5434 θην.
2211 5369 2320 5436 Οὐχ
2354 5368 2545 5438 ὥσπερ
2577 5369 2745 5440 ήμην,
2783 5369 3010 5440 ἐφάνην,
3035 5375 3225 5441 φησὶν,
3263 5374 3378 5426 ἀλλ’
3422 5374 3711 5443 ὡμοιώθην

2044 5455 2179 5521 πρὸς
2225 5456 2361 5525 ὅπερ
2396 5456 2522 5508 ίδεῖν
2564 5456 2824 5525 ἠδύναντο
2866 5460 2912 5510 οί
2969 5458 3316 5529 θεωροῦντες.
3363 5463 3528 5532 Ὀρᾷς
3579 5463 3710 5530 γοῦν

2043 5542 2202 5594 αὐτὸν
2245 5543 2339 5595 νῦν
2391 5545 2488 5612 μὲν
2540 5545 2869 5615 καθήμενον,
2912 5548 3006 5600 νῦν
3039 5548 3094 5600 δὲ
3140 5549 3501 5617 ὡπλισμένον,
3539 5550 3632 5602 νῦν
3653 5552 3707 5602 δὲ

2041 5629 2200 5697 τρίχα
2245 5630 2432 5682 πολιὰν
2460 5630 2672 5700 ἔχοντα,
2701 5631 2796 5684 νῦν
2841 5633 2896 5685 δὲ
2926 5636 3000 5702 ,ἐν
3047 5632 3212 5704 αὔρᾳ,
3240 5636 3334 5688 νῦν
3367 5637 3422 5688 δὲ
3450 5638 3507 5688 ἐν
3549 5639 3703 5706 πυρὶ,

2043 5717 2133 5768 νῦν
2159 5717 2211 5769 δὲ
2242 5719 2429 5770 ἐκτῶν
2454 5718 2719 5772 ὀπισθίων
2753 5721 3104 5791 φαινόμενον,
3138 5722 3232 5774 νῦν
3269 5724 3324 5775 δὲ
3357 5725 3450 5776 ἐπὶ
3471 5725 3578 5775 τῶν
3599 5726 3706 5775 Χε-

2041 5804 2270 5873 ρουϐὶμ,
2303 5806 2565 5876 καὶπρὸς
2605 5807 2945 5876 μεταλλικῶν
2997 5809 3137 5861 ὑλῶν
3180 5810 3540 5882 λαμπρότητα
3594 5811 3704 5864 τῶν

2104 5934 2126 5963 ε
2151 5929 2231 5980 Sic
2261 5932 2531 5983 Bovaricus.
2563 5933 2657 5984 Alii
2685 5947 2801 5984 vero
2823 5935 2904 5984 οὖν
2940 5935 3255 5984 καταϐαίνων.
