4044 6410
220 432 293 489 69
1490 408 1555 464 lN
1598 408 1787 465 lSAlAl

1893 408 2018 466 CAP
2046 452 2059 467 .
2103 411 2190 468 vr.
3400 435 3472 490 70

212 533 377 594 modo
400 534 453 589 in
479 546 625 596 aura,
651 529 812 586 modo
852 528 904 583 in
947 529 1090 599 igne,
1117 540 1257 581 nunc
1281 542 1313 581 a
1353 532 1502 595 tergo
1537 538 1802 593 apparen-

212 640 324 686 tem
345 671 362 697 ,
388 642 529 683 nunc
553 639 715 695 super
744 621 1033 677 Cherubim
1054 661 1069 685 ,
1099 629 1153 675 et
1181 619 1247 673 ad
1276 618 1666 674 metallicarum
1693 630 1807 670 ma-

212 722 470 776 teriarum
509 718 675 785 magis
716 713 1100 785 pellucidarum
1149 710 1487 781 splendorem
1520 708 1801 779 imaginem

208 811 655 867 conformantem.
707 806 816 861 Cur
863 819 993 873 ergo
1034 801 1194 856 modo
1229 810 1464 855 armatus
1491 808 1712 868 apparet
1749 807 1803 853 et

209 916 405 958 cruore
431 911 766 967 conspersus,
789 893 1076 965 aliquando
1091 894 1143 948 in
1168 893 1308 963 igne,
1329 891 1486 946 modo
1509 890 1802 959 posteriora

209 992 521 1055 ostendens,
550 988 710 1044 modo
738 988 789 1042 in
836 986 988 1051 ctelo,
1038 983 1200 1038 modo
1235 984 1286 1036 in
1323 982 1477 1046 solio,
1507 995 1649 1035 nunc
1672 994 1801 1034 vero

206 1099 372 1155 super
383 1082 692 1146 Cherubim,
712 1093 817 1133 non
844 1075 1125 1147 praesentis
1147 1073 1402 1143 temporis
1419 1072 1578 1127 fuerit
1596 1072 1797 1137 dicere,

207 1190 275 1231 ne
298 1174 641 1229 corollarium
674 1170 764 1225 flat
792 1183 957 1238 Opere
994 1167 1187 1237 majus.
1222 1166 1436 1220 Interim
1476 1179 1653 1233 operte
1682 1177 1803 1232 pre-

207 1267 342 1319 tium
381 1264 540 1318 fuerit
579 1262 646 1317 de
676 1259 929 1330 praesenti
971 1258 1178 1312 visione
1217 1256 1503 1311 disserere.
1533 1253 1641 1309 Cur
1670 1268 1800 1324 ergo

208 1368 353 1411 nunc
378 1355 456 1409 sic
490 1361 711 1424 apparet
732 1366 892 1420 super
918 1348 1107 1405 solium
1138 1346 1354 1412 sedens,
1395 1354 1449 1399 et
1488 1358 1608 1399 eum
1638 1342 1799 1399 Sera-

208 1442 400 1514 phim?
435 1444 734 1498 Humanum
756 1456 963 1495 morem
987 1439 1240 1503 imitatur,
1261 1437 1381 1507 quia
1412 1451 1534 1489 cum
1566 1434 1800 1489 homini-

207 1538 307 1593 bus
325 1549 503 1591 sermo
524 1535 623 1605 ipsi
652 1543 788 1588 erat.
815 1532 947 1597 Quia
974 1530 1115 1584 enim
1141 1528 1465 1582 sententiam
1498 1526 1801 1595 prolaturus

204 1637 292 1683 est
320 1627 388 1683 de
411 1627 614 1697 magnis
635 1626 796 1681 rebus
824 1624 999 1694 deque
1031 1631 1141 1677 toto
1168 1631 1431 1675 terrarum
1461 1619 1613 1681 orbe.
1653 1619 1801 1673 insu-

207 1735 413 1790 perque
436 1720 504 1774 de
518 1716 887 1787 lerosolymis,
918 1713 1189 1784 duplicem
1214 1712 1417 1781 profert
1440 1710 1759 1764 sententiam
1779 1750 1795 1776 ,

202 1811 429 1866 alteram
453 1824 554 1880 qua
583 1822 793 1877 poenam
821 1804 1064 1859 decernit
1096 1802 1218 1857 urbi
1250 1810 1304 1857 et
1324 1801 1469 1872 genti
1507 1801 1600 1855 toti
1621 1841 1635 1866 ,
1666 1801 1800 1855 alte-

202 1917 317 1958 ram
339 1916 457 1971 quae
482 1898 795 1955 beneficium
836 1896 953 1951 orbi
979 1904 1630 1966 terrarum,magnamque
1649 1907 1799 1963 spem

202 1996 493 2068 pollicetur
542 2003 594 2049 et
624 1993 857 2047 honores
880 1989 1229 2044 immortales.

270 2087 328 2142 â€˜2.
347 2085 461 2140 Mos
486 2092 566 2139 est
583 2092 757 2138 autem
776 2081 1046 2152 judicibus
1061 2080 1177 2135 haec
1193 2095 1299 2134 non
1317 2079 1457 2134 clam
1478 2078 1672 2143 facere,
1695 2077 1791 2133 sed

200 2179 255 2235 in
283 2178 498 2235 excelso
529 2175 777 2231 tribunali
824 2172 1109 2241 sedentes,
1158 2173 1407 2227 omnibus
1433 2165 1794 2227 adstantibus,

198 2282 254 2327 et
301 2271 587 2326 contractis
620 2267 771 2323 velis.
807 2266 915 2322 Hos
944 2265 1160 2319 imitans
1211 2264 1353 2319 Deus
1386 2262 1486 2318 sibi
1508 2262 1793 2317 Cherubim

197 2362 415 2418 adstare
436 2361 614 2429 jussit,
646 2368 699 2415 et
729 2358 783 2413 in
814 2356 1029 2413 excelso
1054 2355 1191 2410 solio
1230 2354 1403 2421 sedet,
1436 2353 1621 2422 sicque
1663 2368 1792 2407 sen-

199 2458 423 2509 tentiam
471 2451 609 2507 hanc
649 2449 871 2519 profert.
907 2448 975 2503 Et
1004 2456 1063 2502 ut
1089 2447 1267 2501 discas
1308 2460 1421 2500 rem
1451 2459 1558 2499 non
1604 2445 1793 2514 conje-

196 2553 351 2599 ctura
382 2552 582 2597 tantum
636 2541 757 2603 niti,
808 2538 903 2595 sed
934 2537 1077 2592 hunc
1116 2537 1189 2591 illi
1224 2550 1427 2591 morem
1466 2534 1631 2589 fuisse
1655 2574 1670 2598 ,
1721 2549 1788 2588 es

194 2635 303 2691 alio
332 2649 543 2705 quoque
582 2630 839 2702 propheta
871 2629 919 2683 id
959 2627 1134 2698 palam
1186 2627 1359 2681 facere
1386 2623 1623 2678 tentabo.
1661 2623 1791 2677 Nam

194 2724 338 2793 apud
366 2723 659 2788 Danielem,
692 2721 942 2790 quoniam
972 2718 1043 2772 ibi
1070 2718 1229 2772 etiam
1253 2715 1569 2770 sententiam
1600 2729 1792 2783 quam-

198 2811 323 2867 dam
348 2826 593 2881 magnam
625 2810 930 2879 prolaturus
952 2816 1069 2863 erat
1096 2806 1237 2860 circa
1260 2805 1519 2875 supplicia
1551 2812 1602 2859 et
1633 2804 1792 2858 ultio-

195 2917 294 2958 nes
323 2902 522 2959 ludatis
554 2899 861 2956 infercndas
883 2940 899 2965 ,
950 2907 1005 2953 et
1026 2897 1167 2952 circa
1214 2897 1349 2951 bona
1377 2910 1496 2965 qum
1541 2894 1658 2949 orbi
1686 2903 1794 2949 ter-

195 3008 379 3049 rarum
402 2991 720 3048 conferenda
743 2999 916 3057 erant,
941 2989 1133 3043 solium
1155 3002 1363 3057 quoque
1378 2995 1596 3058 apparet
1619 2985 1794 3055 splen-

195 3083 380 3138 didum
414 3091 468 3138 et
509 3083 875 3152 conSpicnum,
916 3088 970 3135 et
995 3079 1305 3149 angelorum
1334 3077 1529 3131 chorus
1550 3076 1787 3141 adstans,

193 3183 252 3227 et
294 3171 731 3240 archangelorum
786 3178 976 3235 castus,
1022 3178 1077 3224 et
1122 3167 1432 3237 Unigenitus
1473 3167 1685 3233 sedens,
1736 3176 1790 3223 et

193 3262 318 3318 libri
344 3262 674 3331 aperiuntur,
719 3268 773 3316 et
804 3259 949 3313 fluvii
996 3260 1135 3327 ignei
1180 3266 1425 3321 manant,
1471 3266 1526 3312 et
1554 3258 1790 3327 undique

195 3352 475 3409 tribunalis
522 3351 692 3405 forma
741 3350 1083 3405 constituitur
1112 3347 1271 3418 (Dan.
1293 3348 1368 3417 7).
1423 3346 1559 3401 Sunt
1609 3356 1785 3401 autem

194 3448 283 3502 illa
325 3448 504 3501 omnia
536 3446 599 3499 iis
643 3444 841 3509 affinia,
873 3457 991 3512 qua:
1023 3442 1110 3495 hic
1152 3447 1435 3495 narrantur
1462 3456 1477 3494 :
1506 3448 1595 3493 aut
1626 3440 1784 3493 etiam

192 3538 432 3607 apertius
480 3537 523 3590 is
554 3536 667 3589 lucc
712 3534 1030 3598 annuntiat,
1084 3533 1206 3601 quia
1248 3529 1501 3585 viciniora
1549 3539 1785 3597 tempora

196 3630 286 3685 illa
319 3637 491 3695 erant,
523 3640 575 3683 et
604 3627 670 3681 ad
702 3626 845 3695 ipsas
873 3625 1090 3680 demum
1119 3624 1261 3678 fores
1300 3621 1575 3691 prophetia
1600 3634 1787 3689 perve-

191 3717 573 3773 nerat.Verum
603 3716 717 3770 inec
742 3715 997 3771 studiosis
1027 3715 1410 3783 relinquentes,
1436 3722 1492 3765 ut
1523 3710 1776 3777 colligant

188 3817 242 3865 et
290 3818 597 3877 apponant,
640 3818 695 3860 et
724 3806 1001 3875 utriusque
1032 3804 1324 3873 prephetite
1372 3800 1777 3855 consonantiam

187 3900 452 3961 ediscant,
484 3901 558 3951 uti
584 3899 691 3967 jam
720 3897 849 3961 dixi,
879 3910 995 3949 eam
1024 3910 1183 3963 quam
1224 3892 1377 3947 nobis
1404 3891 1783 3959 proposuimus

174 3986 297 4055 jam
333 3998 581 4043 accurate
625 3995 936 4049 tractemus,
988 4001 1088 4054 pro
1136 3983 1275 4037 virili
1322 3989 1501 4035 nostra
1548 3980 1783 4050 singulas

188 4081 452 4138 dictiones
473 4077 853 4147 expendentes.
882 4075 954 4130 ita
986 4075 1128 4130 enim
1169 4083 1222 4127 et
1254 4072 1405 4127 nobis
1432 4080 1485 4126 et
1510 4071 1663 4126 vobis
1693 4070 1778 4124 di-

188 4169 448 4226 lucidiora
474 4176 631 4224 erunt
653 4182 715 4222 ea
732 4181 850 4236 qua:
871 4166 1008 4220 dicta
1026 4173 1167 4220 sunt.
1193 4163 1328 4231 Quid
1355 4163 1513 4232 igitur
1528 4162 1636 4215 ait?
1668 4160 1782 4213 Vidi

191 4258 469 4314 Dominum
497 4257 764 4311 sedentem.
794 4254 848 4307 lu
881 4254 1017 4307 solio
1046 4254 1257 4318 sedere,
1310 4266 1521 4319 semper
1563 4249 1779 4319 symbo-

188 4349 503 4419 lumjudicii
531 4356 631 4414 est,
677 4344 1126 4416 quemadmodum
1151 4342 1313 4396 David
1344 4342 1417 4394 ait
1444 4358 1456 4393 :
1487 4340 1778 4393 Sedistisu-

192 4459 282 4513 per
330 4443 567 4495 thronum
613 4439 698 4507 qui
731 4437 941 4509 judicas
977 4436 1233 4506 justitiam
1272 4433 1449 4505 (Psal.
1476 4432 1662 4501 9.4);
1720 4441 1780 4485 et

192 4532 379 4589 Daniel
412 4529 645 4587 :Throni
695 4529 845 4598 positi
882 4536 998 4581 sunt
1023 4567 1038 4593 ,
1084 4536 1129 4579 et
1156 4525 1419 4593 judicium
1459 4523 1587 4577 sedit
1616 4521 1775 4589 (Dan.

188 4623 369 4695 7.9).
402 4620 605 4678 Sedere
634 4628 809 4672 autem
854 4618 1062 4686 simplie
1106 4631 1165 4671 er
1214 4615 1431 4669 alterius
1481 4612 1777 4682 symbolum

186 4724 291 4782 est,
313 4715 386 4769 ait
416 4711 693 4783 propheta.
725 4708 1050 4778 Cujusuam?
1077 4707 1262 4773 Firmi,
1295 4705 1782 4772 mancutis,proce-

188 4806 387 4869 dentis,
414 4802 777 4865 immutabilis,
799 4799 1353 4862 interminabilis,viue
1376 4794 1778 4866 perennis.ldeo

189 4898 297 4952 ait:
321 4895 402 4950 Tu
433 4893 626 4948 sedens
656 4891 708 4944 in
732 4893 1007 4957 sreculum,
1035 4900 1089 4944 et
1106 4905 1203 4943 nos
1229 4896 1514 4959 pereuntes
1540 4887 1591 4940 in
1611 4900 1780 4939 saecu-

189 4989 300 5045 lum
321 4988 418 5060 (a).
456 4988 559 5053 Tu,
588 4988 779 5057 inquit,
810 4998 1056 5049 manens,
1090 4983 1373 5046 exsistens,
1400 4979 1605 5042 vivens,
1638 4992 1779 5030 sem-

190 5096 288 5152 per
314 5080 501 5135 eodem
522 5079 793 5135 exsisteus
822 5076 1003 5131 modo.
1026 5074 1179 5141 Quod
1211 5072 1352 5127 enim
1381 5070 1431 5125 id
1462 5084 1567 5124 non
1586 5068 1777 5122 dixerit

189 5170 259 5227 de
283 5167 555 5234 cathedra,
606 5168 718 5236 ipsa
757 5165 1029 5221 distinctio
1054 5160 1454 5218 demonstravit.
1480 5158 1595 5213 Non
1636 5157 1777 5211 enim

190 5261 347 5329 dixit,
376 5260 484 5317 Nos
509 5269 730 5324 stantes,
765 5257 881 5323 sed,
907 5266 1211 5327 pereuntes.
1246 5252 1375 5308 Illud
1406 5260 1580 5305 autem
1614 5250 1665 5302 in
1689 5263 1777 5301 so-

190 5354 265 5411 lio
291 5352 501 5418 sedere,
531 5350 583 5405 id
611 5358 692 5405 est
717 5348 976 5418 judicare.
1008 5347 1133 5402 ideo
1164 5347 1336 5415 ipsum
1376 5344 1453 5396 sic
1498 5342 1645 5394 videt
1688 5354 1778 5393 se-

190 5446 408 5503 dentem
434 5458 593 5513 super
618 5441 807 5496 solium
837 5438 1109 5493 excelsum
1124 5446 1177 5491 et
1200 5438 1463 5491 elcvalum
1490 5450 1503 5498 ;
1527 5432 1612 5487 vel
1636 5430 1779 5485 aliud

190 5540 319 5603 hoc,
342 5536 485 5592 aliud
516 5534 645 5590 illud
672 5531 991 5588 subindicat.
1024 5530 1230 5585 Etenim
1254 5528 1521 5583 excelsum
1554 5532 1668 5578 erat
1693 5537 1781 5576 so-

190 5631 341 5693 lium,
388 5627 440 5682 id
468 5635 550 5683 est
586 5638 837 5696 magnum
868 5630 923 5677 et
948 5620 1267 5675 altissimum
1290 5661 1304 5685 ,
1333 5626 1386 5672 et
1414 5617 1699 5679 elevatum,
1730 5613 1780 5667 id

257 5762 327 5824 (a)
360 5760 568 5824 Videtur
610 5758 690 5824 hic
720 5757 1083 5824 Chrysostomus
1118 5752 1281 5824 locum
1326 5752 1536 5824 aliquem
1574 5746 1781 5824 Danielis

192 5812 389 5877 â€œTerre.
414 5830 497 5875 aut
518 5821 722 5874 alterius
738 5812 1016 5884 prophetze;
1040 5818 1130 5866 sed
1152 5816 1338 5866 nullum
1362 5812 1510 5864 talem
1532 5812 1746 5873 reperio.

1908 534 2024 590 est,
2072 525 2346 582 immensa:
2372 528 2666 585 altitudinis
2710 544 2970 600 apparens
3021 541 3076 588 et
3119 536 3379 596 sublimis.
3418 541 3484 596 Et

1908 614 2059 683 plena
2084 624 2189 668 erat
2230 616 2409 671 domus
2433 619 2596 686 gloria
2624 621 2751 690 ejus.
2783 621 2913 690 Quze
2952 622 3179 680 domus?
3208 628 3293 684 dic
3330 631 3483 693 mihi.

1906 704 2207 776 Templum.
2229 707 2360 774 Quia
2379 710 2518 764 enim
2543 712 2689 767 illinc
2710 714 3335 785 oriebanturinimicitite,
3362 721 3487 787 jure

1906 794 1959 849 in
1980 795 2078 851 hac
2099 797 2329 853 mirabili
2349 800 2552 856 visione
2573 802 2642 855 ibi
2662 805 2987 873 compicitur
3010 807 3221 863 sedens.
3246 810 3480 869 Gloriam

1904 895 2080 942 autem
2124 887 2211 944 hic
2239 899 2394 945 vocat
2441 891 2994 962 splendorem,lucem
3038 899 3479 974 inaccessi'ilem,

1903 994 2061 1048 quam
2089 994 2208 1034 cum
2235 996 2340 1035 non
2382 991 2565 1052 posset
2598 986 2771 1039 verbis
2796 988 3115 1056 exprimere,
3146 992 3366 1062 gloriam
3394 1007 3488 1048 vo-

1903 1072 2063 1137 cavit,
2098 1087 2272 1142 neque
2300 1074 2615 1143 simpliciter
2633 1076 2874 1144 gloriam,
2906 1078 3001 1133 sed
3034 1080 3127 1136 Dei
3151 1082 3393 1152 gloriam.
3418 1086 3475 1141 2.

1904 1160 1973 1215 Et
2011 1163 2284 1231 Serapltint
2326 1164 2525 1219 stabant
2566 1166 2620 1219 in
2657 1167 2870 1220 circuitu
2897 1170 3022 1239 ejus.
3070 1172 3319 1237 Quaenam
3348 1176 3481 1233 dic3t

1903 1256 2018 1311 haec
2043 1255 2356 1328 Seraphim?
2381 1257 2619 1314 Virtutes
2643 1259 2984 1329 incorporeas
2999 1277 3344 1332 supernorum
3369 1282 3487 1337 ca;-

1902 1355 2081 1413 tuum,
2125 1363 2346 1417 quarum
2376 1346 2625 1402 virtutem
2656 1358 2710 1403 et
2734 1348 3113 1407 beatitudinem
3139 1368 3204 1409 ex
3242 1356 3358 1425 ipso
3384 1373 3483 1414 no.

1903 1438 2045 1492 mine
2064 1438 2244 1494 videre
2260 1446 2362 1494 est.
2385 1438 2515 1493 Nam
2540 1438 2796 1495 liebraica
2825 1441 3003 1513 lingua
3026 1442 3302 1516 Seraphim
3320 1449 3480 1519 ignita

1901 1544 1993 1583 ora
2024 1529 2320 1599 significant
2349 1527 2445 1601 (a).

1983 1618 2234 1673 Virtutum
2257 1620 2531 1674 cazlestium
2560 1620 2812 1689 oï¬icia.-â€”
2828 1620 2964 1687 Quid
2991 1623 3150 1693 igitur
3178 1624 3300 1680 hinc
3322 1627 3483 1684 disci-

1902 1710 2057 1765 mus?
2082 1710 2370 1765 Puritatem
2397 1710 2727 1778 substantiae,
2756 1712 3098 1781 vigilantiam,
3128 1715 3477 1788 diligentiam,

1902 1800 2213 1870 agilitatem,
2246 1801 2353 1854 vim
2397 1801 2675 1870 operandi,
2707 1801 3043 1858 munditiem.
3078 1804 3154 1858 Ita
3180 1806 3323 1861 enim
3352 1822 3479 1877 pro-

1902 1892 2060 1961 pheta
2090 1891 2257 1946 David
2288 1907 2637 1962 supernarum
2669 1904 2993 1964 potestatum
3025 1897 3324 1967 expeditum
3373 1902 3479 1956 mi-

1900 1981 2177 2036 nisterium
2198 1981 2386 2037 volens
2402 1982 2555 2036 nobis
2576 1984 2881 2049 ostendere,
2911 2000 3114 2040 necnon
3144 1988 3476 2046 velocitatem

1900 2071 2298 2140 agilitatemquc
2341 2071 2662 2139 ministerii,
2693 2073 2903 2128 dicebat
2932 2092 2945 2127 :
2982 2077 3080 2140 Qui
3106 2080 3233 2146 fucis
3273 2082 3479 2149 angelos

1897 2171 2010 2217 tuos
2047 2166 2272 2234 spiritus,
2324 2173 2370 2217 et
2394 2165 2651 2219 ministros
2678 2173 2789 2219 tuos
2819 2167 3080 2235 ï¬‚ammam
3124 2169 3255 2238 ignis
3304 2170 3474 2241 (Psal.

1899 2256 2021 2312 103.
2044 2256 2132 2325 4)Í¾
2159 2256 2517 2321 velocitatem,
2549 2254 2838 2325 levitatem,
2863 2258 3149 2329 agilitatem
3198 2262 3349 2318 nobis
3381 2279 3477 2333 per

1898 2347 2015 2403 haec
2052 2348 2318 2403 elementa
2354 2347 2669 2402 ostendens.
2702 2348 3017 2418 llujusmodi
3059 2351 3233 2407 ofï¬cia
3282 2353 3479 2411 habent

1900 2437 1982 2492 liIB
2002 2438 2247 2501 virtutes,
2270 2452 2364 2493 ore
2391 2452 2525 2507 puro
2543 2437 2874 2494 celebrantes
2897 2439 3194 2507 Dominum,
3224 2442 3326 2497 hoc
3345 2458 3478 2514 epns

1892 2530 2094 2601 jugiter
2116 2530 2394 2596 habentes,
2426 2528 2609 2583 laudes
2637 2530 2945 2595 offerentes,
2979 2532 3291 2589 incessabile
3316 2536 3475 2590 mini-

1895 2621 2137 2676 sterium.
2189 2620 2383 2673 Earum
2426 2627 2604 2673 autem
2640 2618 2947 2688 dignitatem
2999 2620 3049 2675 id
3097 2632 3478 2681 commonstrat

1895 2711 2036 2780 quod
2081 2710 2217 2767 solio
2256 2710 2363 2765 sint
2401 2709 2610 2764 vicinae.
2643 2708 3097 2776 Quemadmodum
3146 2715 3284 2770 enim
3335 2717 3474 2785 apud

1896 2812 2141 2859 terrenos
2177 2816 2351 2872 reges,
2382 2801 2473 2871 qui
2517 2801 2570 2855 in
2600 2802 2805 2870 majore
2832 2800 3090 2871 dignitate
3120 2813 3263 2870 sunt,
3311 2821 3475 2875 prope

1894 2894 2089 2950 solium
2118 2894 2320 2963 regium
2352 2900 2497 2946 stant
2524 2910 2535 2945 :
2567 2893 2644 2947 sic
2666 2901 2717 2947 et
2744 2892 2826 2946 hze
2856 2901 3146 2962 potestates
3168 2894 3236 2949 ob
3265 2897 3473 2953 virtutis

1894 2985 2237 3042 eminentiam
2268 2983 2497 3038 sublime
2527 2984 2722 3038 solium
2748 2983 3173 3051 circumsistunt,
3223 2985 3473 3043 ineffabili

1893 3076 2225 3134 beatitudine
2254 3084 2511 3145 perpetuo
2538 3074 2796 3136 fruentes,
2830 3084 2884 3129 et
2925 3075 2977 3129 in
3015 3074 3168 3130 beata
3200 3088 3346 3132 sorte
3375 3077 3473 3132 hu-

1888 3168 2123 3236 iusmodi
2153 3167 2312 3222 officii
2340 3165 2651 3237 gaudentes.
2683 3166 2788 3221 Sea:
2814 3166 2910 3219 alte
2934 3167 3039 3230 uni,
3066 3177 3114 3220 et
3141 3184 3229 3221 sea;
3254 3169 3353 3221 alte
3388 3171 3468 3223 al-

1891 3260 2001 3312 teri.
2036 3258 2099 3311 Et
2121 3258 2321 3329 quidem
2346 3258 2541 3312 duabus
2564 3255 2791 3309 uelabant
2820 3257 2967 3324 pedes
2988 3272 3124 3323 suos,
3156 3257 3348 3313 duabus
3374 3277 3471 3313 au-

1890 3359 1985 3405 tem
2013 3352 2240 3403 uelabant
2261 3349 2415 3418 [acies
2439 3364 2556 3402 suas
2581 3346 2655 3420 (b)
2677 3389 2689 3411 ,
2717 3357 2763 3401 et
2790 3349 2985 3401 duabus
3015 3349 3266 3402 volabant.
3293 3350 3348 3405 5.
3398 3350 3464 3405 Et

1889 3443 2171 3497 clamabant
2201 3443 2327 3496 alter
2346 3441 2413 3495 ad
2437 3442 2671 3506 alterum,
2701 3450 2746 3494 et
2784 3441 3048 3495 dicebant:
3078 3441 3315 3507 Sanctus,
3344 3460 3467 3498 san-

1889 3542 2017 3599 ctus,
2045 3542 2264 3597 sanctus,
2296 3530 2544 3584 Dominus
2583 3530 2829 3585 Sabaoth.
2865 3529 3031 3584 Plena
3060 3540 3131 3585 est
3158 3534 3317 3586 omnis
3336 3542 3468 3586 terra

1888 3625 2051 3695 gloria
2079 3627 2205 3694 ejus.
2234 3623 2368 3689 Quid
2398 3622 2551 3676 nobis
2584 3621 2665 3675 hae
2688 3637 2878 3691 penna:
2907 3623 3219 3692 significant,
3246 3633 3299 3680 et
3339 3626 3464 3694 quid

1889 3713 2041 3766 nobis
2071 3713 2168 3765 alae
2198 3712 2568 3765 subindieant?
2592 3710 2776 3779 Neque
2803 3711 2943 3765 enim
2989 3713 3317 3781 incorporea:
3362 3716 3463 3772 illa:

1885 3811 2179 3871 potestates
2210 3802 2320 3855 alas
2352 3801 2552 3856 habent
2576 3818 2589 3853 :
2612 3800 2705 3855 sed
2728 3816 2939 3856 rursum
2964 3804 3310 3859 crassioribus
3337 3804 3441 3875 tigu

1886 3895 1959 3949 ris
1990 3908 2181 3948 arcana
2204 3891 2445 3963 quaedam
2474 3892 2628 3946 nobis
2651 3891 2846 3945 indicat
2876 3894 3149 3962 propheta,
3174 3894 3457 3956 infirmitati

1886 4000 2069 4040 eorum
2098 3985 2185 4055 qui
2216 3994 2342 4039 tunc
2375 3983 2661 4038 audiebant
2688 3999 2744 4037 se
2774 3992 3157 4052 attemperans,
3203 3986 3464 4054 simulque

1886 4079 2044 4134 etiam
2073 4093 2167 4147 per
2198 4077 2334 4131 hanc
2355 4077 2846 4144 attemperationcm
2869 4089 3023 4129 sensa
3049 4076 3288 4145 quietiam
3318 4093 3465 4132 men-

1887 4183 1991 4225 tem
2025 4184 2237 4223 omnem
2265 4169 2567 4237 superantia
2594 4174 2842 4220 accurate
2870 4167 3022 4219 nobis
3048 4168 3353 4223 ostendens.

1954 4261 2007 4312 â€˜5.
2048 4258 2183 4325 Quid
2223 4259 2380 4328 igitur
2426 4256 2762 4311 subindieant
2808 4256 2943 4309 alae?
2986 4256 3362 4312 Celsitudinem
3408 4268 3463 4314 et

1884 4352 2259 4406 sublimitatem
2291 4348 2478 4401 harum
2504 4348 2780 4401 virtutum.
2821 4346 2908 4401 Sic
2936 4357 2989 4401 et
3018 4346 3224 4401 Gabriel
3254 4349 3461 4414 volans,

1884 4452 1937 4496 et
1964 4442 2029 4495 de
2056 4441 2187 4495 caelo
2215 4438 2549 4495 descendens
2569 4446 2808 4506 apparet,
2840 4447 2897 4491 ut
2923 4437 3096 4490 discas
3126 4437 3461 4495 velocitatem

1883 4541 1937 4587 et
1958 4532 2246 4587 levitatem.
2282 4530 2349 4584 Et
2372 4528 2498 4599 quid
2524 4528 2753 4591 miraris,
2786 4527 2828 4579 si
2855 4527 2920 4580 de
2947 4526 3270 4581 administris
3300 4528 3462 4583 virtu-

1885 4624 2025 4677 tibus
2050 4623 2271 4691 loquens
2297 4618 2597 4687 hujnsmodi
2617 4618 2789 4671 verbis
2810 4631 2932 4670 usus
2959 4625 3060 4683 est,
3078 4618 3286 4687 quando
3303 4621 3460 4676 etiam

1884 4713 1950 4766 de
1980 4712 2345 4765 universorum
2372 4708 2480 4762 Deo
2502 4723 2607 4761 non
2630 4706 2940 4776 dedignatus
2960 4716 3045 4761 est
3061 4708 3195 4763 hanc
3208 4708 3463 4765 adhibere

1884 4798 2424 4868 attemperationcm?
2463 4796 2595 4853 Cum
2630 4799 2771 4852 enim
2804 4798 2960 4852 vellet
2990 4798 3151 4852 David
3182 4800 3462 4856 ostendere

1882 4902 1972 4947 aut
2007 4893 2123 4961 ejus
2149 4891 2517 4960 incorporeum
2548 4898 2789 4944 naturam
2811 4930 2826 4953 ,
2863 4899 2955 4944 aut
2986 4891 3314 4945 velocitatem
3342 4907 3461 4959 qua:

1884 4984 2075 5052 ubique
2109 4996 2348 5059 prtescns
2394 4990 2498 5045 est,
2548 4980 2659 5032 ait:
2696 4979 2794 5041 Qui
2830 4979 3059 5030 ambulas
3102 4995 3250 5044 super
3271 4996 3462 5048 pennas

1882 5084 2143 5127 ventorum
2187 5071 2380 5140 (Psal.
2425 5071 2547 5125 103.
2591 5071 2665 5138 5),
2722 5069 2821 5122 etsi
2861 5083 3029 5137 neque
3071 5069 3213 5123 venti
3260 5085 3465 5139 pennas

1884 5164 2135 5231 habeant,
2161 5179 2333 5234 neque
2360 5164 2471 5231 ipse
2500 5174 2659 5228 super
2682 5174 2882 5228 pennas
2904 5159 3153 5213 ambulet.
3186 5161 3463 5225 Quomodo

1885 5258 2027 5312 enim
2052 5257 2165 5311 fieri
2194 5252 2379 5325 possit,
2407 5266 2528 5306 cum
2556 5251 2749 5319 ubique
2778 5264 3011 5318 prmsens
3032 5250 3133 5304 sit?
3160 5249 3372 5314 Verum,
3407 5260 3463 5304 ut

1948 5393 2019 5455 (a)
2052 5400 2179 5440 Hanc
2202 5400 2314 5437 esse
2332 5392 2468 5455 putat
2489 5385 2857 5455 Chrysostomus
2874 5384 3457 5455 interpretationemst

1886 5445 2149 5513 tteâ€˜brâ€˜aicae,
2188 5445 2390 5514 armet,
2420 5460 2556 5509 quasi
2581 5445 2806 5495 videlicet
2844 5447 3103 5506 composita
3133 5446 3197 5494 sit
3220 5458 3281 5493 ex
3305 5450 3422 5525 ÎµÏ„á¿ƒÏ…
3442 5486 3456 5507 ,

1886 5561 2045 5605 urere,
2073 5552 2124 5595 et
2146 5550 2221 5602 rt}:
2250 5539 2329 5592 vel
2351 5546 2409 5599 Î³Îµ
2432 5553 2500 5600 os,
2525 5538 2638 5588 oris.
2657 5538 2746 5587 Sed
2770 5538 3031 5599 Seraphin),
3054 5543 3107 5586 ut
3126 5549 3265 5587 nemo
3287 5539 3458 5594 nescit,

1886 5618 2057 5684 ignitae
2083 5614 2159 5663 vel
2183 5614 2345 5684 igneos
2364 5611 2644 5684 simpliciter
2661 5606 2911 5684 significat.

1953 5679 2024 5738 (b)
2059 5684 2169 5725 Haec
2191 5669 2383 5738 inversa
2405 5669 2545 5738 sunt;
2571 5683 2680 5718 nam
2704 5669 2752 5716 in
2788 5670 3024 5738 Scriptura
3047 5680 3178 5717 sacra
3206 5669 3354 5738 primo
3372 5678 3458 5727 po-

1888 5728 2074 5851 nuâ€˜ntturt
2090 5738 2179 5789 ÎµÎ¹Î¹á½·Îµ
2204 5750 2311 5801 quea
2335 5734 2508 5785 faciem
2531 5728 2721 5795 tegunt,
2740 5728 2954 5780 secundo
2978 5730 3070 5778 illa:
3094 5742 3200 5790 quae
3218 5728 3367 5789 pedes
3388 5741 3468 5777 oe-

1891 5818 1969 5851 (â€˜lh
1993 5816 2053 5851 an
2080 5836 2093 5850 Î¹

1891 5816 2093 5855 cuitant.
