4044 6416
630 439 695 495 71
1285 438 1344 496 3.
1381 436 1656 497 JOANNIS
1681 433 2153 495 CIIRYSOSTOMI

2295 433 2504 492 ClllEP.
2543 431 3071 494 CONSTANTINOP.
3804 450 3882 506 72

619 550 725 621 jam
755 549 894 618 dixi,
935 550 1228 607 infirmitati
1266 551 1591 606 audientium
1616 564 1676 605 se
1701 558 2057 618 attemperans
2076 589 2093 615 ,
2124 549 2192 603 ab

623 641 708 706 iis,
742 657 962 711 quorum
986 655 1208 710 capaces
1228 647 1399 704 erant,
1431 647 1663 694 mentem
1695 653 1878 694 eorum
1898 639 2088 693 erexit.
2115 638 2193 692 Ac

621 745 836 787 rursum
879 732 995 802 ejus
1037 731 1290 786 auxilium
1338 740 1393 786 et
1439 730 1776 786 securitatem
1821 729 1943 784 inde
1987 736 2190 798 partam

620 821 873 881 exhibere
895 822 1080 878 volens
1103 863 1120 888 ,
1149 820 1338 876 iisdem
1363 821 1525 875 utitur
1548 818 1743 882 verbis,
1771 818 1848 872 sic
1873 818 2055 872 dicens
2083 838 2090 865 :
2123 815 2190 870 In

622 911 799 967 umbra
825 913 1022 966 alarum
1048 921 1248 965 tuarum
1275 919 1500 981 protegas
1532 924 1611 963 me
1643 906 1812 981 (Psal.
1843 907 1931 962 l6.
1955 907 2032 975 8).
2080 905 2191 962 Hoc

619 1011 800 1058 autem
825 1003 942 1058 loco
971 1016 1076 1056 non
1099 1000 1472 1056 sublimitatem
1502 998 1675 1052 solum
1710 997 1824 1066 ejus
1849 1011 1912 1050 ac
1937 995 2189 1050 velocita-

620 1103 728 1150 tem
759 1110 853 1165 per
875 1094 989 1149 alas
1011 1092 1338 1158 subindieat;
1366 1090 1461 1146 sed
1483 1098 1538 1146 et
1559 1089 1700 1144 aliud
1726 1087 1992 1158 quidpiam
2013 1086 2187 1140 horri-

622 1187 748 1242 bile.
795 1183 1040 1241 Ostendit
1071 1183 1212 1239 enim
1235 1224 1251 1250 ,
1279 1181 1488 1237 etiamsi
1525 1179 1579 1235 id
1613 1178 1755 1249 quod
1781 1177 2053 1232 videbatur
2091 1191 2189 1246 per

621 1280 1111 1349 attemperationem
1131 1283 1292 1341 esset,
1314 1283 1375 1329 ut
1396 1287 1581 1329 revera
1605 1280 1740 1338 erat,
1766 1284 2021 1340 supernas
2043 1277 2188 1324 certe

619 1379 942 1444 potestates,
974 1384 1040 1424 ne
1073 1367 1174 1423 hac
1214 1365 1428 1436 quidem
1469 1377 1717 1420 mensura
1764 1361 1815 1415 id
1856 1375 2047 1430 capere
2088 1374 2184 1428 po-

620 1462 808 1517 tuisse.
837 1459 967 1514 Nam
989 1457 1128 1528 quod
1155 1463 1395 1528 tegerent
1422 1453 1605 1524 pedes,
1627 1461 1683 1507 et
1707 1450 1845 1521 quod
1875 1451 2001 1505 item
2027 1449 2186 1503 dorsa

619 1551 875 1616 velarent,
920 1547 1241 1616 stupentium
1270 1552 1416 1609 erat,
1459 1552 1513 1598 et
1543 1543 1880 1598 trementium
1903 1538 2181 1609 fulgorem,

620 1654 718 1696 nec
744 1638 1021 1695 ferentium
1047 1636 1385 1707 splendorem
1405 1649 1474 1690 ex
1500 1634 1633 1689 solio
1654 1632 2034 1703 prosilientem.
2061 1628 2184 1684 ideo

620 1732 829 1803 objectu
871 1731 1112 1797 alarum,
1157 1743 1256 1784 ceu
1301 1726 1529 1798 quodam
1575 1727 1808 1795 pariete,
1857 1721 2018 1777 facies
2061 1734 2186 1776 suas

617 1821 1034 1885 obumbrabant;
1061 1820 1110 1875 id
1134 1818 1274 1890 quod
1301 1817 1476 1873 facere
1501 1815 1736 1872 solemus
1755 1820 1846 1867 aut
1871 1813 2066 1866 tonitru
2086 1811 2183 1867 de-

618 1916 827 1972 cidente
849 1956 865 1980 ,
894 1923 984 1969 aut
1012 1912 1304 1983 fulguribus
1334 1908 1574 1972 emissis,
1606 1920 1791 1962 versus
1824 1903 2184 1974 pavimentum

617 2020 718 2063 nos
741 2006 1079 2070 inclinantes,
1107 2003 1208 2058 hoc
1231 2010 1286 2057 et
1311 2001 1414 2056 illae
1437 1998 1715 2054 faciebant.

690 2098 954 2153 Arioniam
974 2097 1262 2150 insectatur.
1288 2122 1359 2134 —
1385 2090 1536 2158 Quod
1574 2089 1621 2144 si
1657 2087 1958 2157 Seraphim,
1983 2100 2184 2155 magum

619 2190 726 2246 illa
751 2189 1122 2257 mirabilesque
1153 2186 1392 2248 virtutes,
1417 2183 1586 2238 Deum
1608 2180 1906 2245 sedentem,
1949 2179 2001 2232 in
2027 2178 2182 2244 solio,

618 2279 857 2349 inquam,
884 2277 1156 2332 sedentem
1185 2275 1300 2330 sine
1329 2274 1517 2328 timore
1555 2270 1737 2326 videre
1775 2283 1881 2325 non
1920 2276 2181 2338 poterant,

623 2370 722 2425 sed
762 2377 818 2424 et
859 2367 1020 2421 facies
1047 2375 1101 2421 et
1125 2364 1288 2436 pedes
1313 2361 1585 2421 vetabant.
1607 2355 1728 2428 quis
1754 2373 1930 2414 sermo
1976 2359 2183 2413 illorum

617 2458 878 2514 insaniam
906 2456 1178 2512 declarare
1204 2453 1418 2524 poterit,
1446 2451 1537 2521 qui
1564 2465 1623 2506 se
1649 2450 1794 2505 clare
1817 2449 1988 2518 ipsum
2019 2447 2184 2502 Deum

621 2564 779 2605 nosse
819 2549 1022 2613 dicunt,
1048 2555 1102 2602 et
1137 2545 1228 2616 qui
1267 2546 1334 2600 de
1359 2541 1644 2599 immortali
1668 2541 1755 2596 illa
1781 2539 2069 2596 substantia
2094 2554 2188 2593 cu-

617 2641 762 2696 riose
789 2637 1135 2709 perquirunt?
1165 2635 1370 2690 Duabus
1385 2633 1699 2697 volabant,et
1723 2630 2024 2685 clamabant.
2052 2629 2189 2698 Quid

620 2730 725 2786 hoc
766 2738 891 2795 est,
929 2727 1210 2791 Volabant,
1254 2733 1310 2781 et
1349 2724 1474 2795 quid
1519 2724 1633 2778 vult
1671 2720 2002 2792 signiﬁcare?
2043 2720 2188 2789 ipsas

621 2837 812 2892 nempe
830 2820 1039 2876 assidue
1064 2819 1204 2874 circa
1231 2819 1396 2872 Deum
1421 2831 1561 2883 esse,
1588 2829 1688 2870 nec
1709 2817 1776 2869 ab
1797 2815 1890 2869 illo
1915 2815 2182 2878 secedere,

618 2911 714 2968 sed
761 2910 896 2966 hanc
941 2910 1044 2964 illis
1089 2923 1208 2964 esse
1235 2905 1445 2962 vivendi
1485 2905 1784 2969 rationem,
1830 2909 1888 2956 ut
1933 2909 2187 2971 perpetuo

620 3004 791 3073 ipsum
819 3009 1009 3057 canant
1031 3041 1046 3064 ,
1078 3009 1135 3054 ut
1170 3014 1381 3069 semper
1422 2995 1676 3067 Opificem
1715 3009 1869 3050 suum
1894 2994 2184 3049 celebrent.

621 3093 739 3150 Non
761 3093 902 3148 enim
926 3092 1078 3157 dixit,
1105 3089 1500 3154 Clamaverunt,
1523 3085 1639 3150 sed,
1663 3083 1975 3149 Clamabunt,
2008 3083 2060 3138 id
2084 3091 2184 3147 est,

622 3186 725 3240 hoc
748 3193 998 3255 perpetuo
1025 3182 1219 3236 habent
1240 3193 1393 3250 opus.
1435 3179 1577 3232 Alter
1600 3179 1666 3230 ad
1689 3177 1902 3230 alterum
1927 3216 1943 3241 ,
1969 3183 2016 3229 el
2053 3174 2188 3229 dice-

623 3273 780 3326 bant:
815 3272 1054 3335 Sanctus,
1076 3280 1298 3334 sanctus,
1322 3278 1544 3323 sanctus.
1595 3266 1707 3322 Hoc
1732 3265 2045 3321 concinnam
2072 3279 2189 3318 nio-

621 3360 958 3429 dulatamqne
986 3374 1168 3414 eorum
1214 3356 1581 3428 symphoniam
1627 3354 1860 3417 indicat,
1909 3352 2191 3421 laudesque

622 3463 813 3520 magno
854 3462 1116 3502 consensu
1159 3445 1471 3500 celebratas.
1531 3443 1627 3498 Hic
1671 3443 1897 3512 hymnus
1941 3456 2047 3495 non
2077 3441 2190 3495 laus

623 3537 784 3593 modo
827 3548 928 3602 est,
975 3537 1068 3591 sed
1112 3535 1270 3590 etiam
1297 3532 1577 3604 pr0phctia
1609 3531 1674 3586 de
1701 3531 1853 3587 bonis
1880 3545 1997 3600 quae
2025 3538 2189 3585 totum

623 3626 805 3682 orbem
834 3635 1150 3694 occupatura
1177 3632 1321 3690 sunt,
1354 3631 1510 3692 atque
1522 3622 1681 3675 etiam
1706 3620 2007 3689 dogmatum
2036 3633 2193 3672 accu-

623 3725 740 3772 rata
782 3715 1077 3784 disciplina.
1124 3712 1231 3768 Cur
1257 3721 1433 3768 autem
1477 3725 1583 3766 non
1625 3710 1789 3765 semel
1830 3709 2107 3774 dixerunt,
2140 3717 2195 3763 et

624 3816 920 3870 tacuerunt,
954 3820 1124 3874 neque
1151 3803 1387 3858 secundo
1410 3844 1425 3868 ,
1457 3810 1512 3856 e'.
1539 3810 1721 3870 postea
1747 3799 2053 3864 desierunt,
2100 3797 2194 3852 sed

627 3898 840 3952 tertium
871 3898 1027 3951 etiam
1054 3894 1408 3949 addiderunt?
1438 3894 1628 3946 Annon
1675 3890 1845 3958 palam
1875 3888 2031 3942 estid
2076 3887 2194 3941 ideo

623 3987 742 4042 illas
767 3987 954 4042 fecisse
978 4028 994 4052 ,
1025 3995 1084 4040 ut
1119 3985 1372 4055 hymnum
1399 3981 1650 4036 oﬂ‘errent
1680 3977 1964 4034 Trinitatil
1993 3976 2194 4031 idcirco

623 4078 854 4134 Joannes
885 4078 935 4132 id
961 4078 1026 4132 de
1053 4077 1186 4132 Filio
1213 4075 1411 4130 dictum
1454 4072 1614 4127 fuisse
1640 4071 1734 4136 ait,
1777 4069 1947 4124 Lucas
1975 4084 2101 4123 vero
2128 4067 2194 4122 de

627 4167 850 4240 Spiritu,
881 4168 1138 4238 prapheta
1168 4167 1383 4221 demum
1411 4163 1481 4219 de
1509 4163 1688 4218 Patre.
1737 4160 1866 4229 Qua:
1907 4167 2195 4229 sequuntur

626 4270 802 4315 autem
825 4258 960 4312 hanc
980 4257 1134 4311 nobis
1153 4253 1773 4310 insinuantsententiam.
1797 4251 1922 4305 Post
1943 4249 2194 4320 hymnum

627 4353 772 4408 enim
796 4349 1114 4405 addiderunt
1146 4366 1160 4402 :
1192 4345 1355 4400 Plena
1385 4355 1456 4400 est
1495 4344 1654 4398 omnis
1693 4353 1826 4396 terra
1860 4343 2024 4412 gloria
2065 4343 2192 4409 ejus.

629 4442 688 4500 Id
734 4441 872 4512 quod
903 4449 1164 4495 accuratae
1191 4435 1481 4506 pr0phetizn
1504 4441 1639 4498 erat,
1667 4431 1895 4486 futuram
1922 4430 2194 4483 scientiam

630 4531 1015 4604 praenuntiant,
1050 4541 1325 4599 perquam
1369 4526 1646 4580 universus
1691 4521 1835 4577 orbis
1885 4519 1982 4574 Dei
2027 4520 2194 4589 gloria

628 4623 865 4694 repletus
893 4631 974 4677 est
1003 4637 1016 4674 :
1047 4635 1164 4675 cum
1193 4628 1377 4674 contra
1404 4617 1553 4682 olim,
1584 4624 1637 4671 et
1663 4630 1781 4670 cum
1811 4613 1925 4668 haec
1952 4613 2194 4666 diceren-

629 4724 737 4778 tur,
786 4727 890 4766 non
934 4711 1091 4764 modo
1118 4711 1333 4779 reliquae
1361 4708 1507 4764 orbis
1538 4715 1736 4776 partes,
1781 4704 1874 4760 sed
1898 4704 2056 4759 etiam
2083 4703 2195 4773 ipsa

631 4804 929 4860 Iudaeorum
973 4801 1155 4869 regio,
1207 4801 1368 4852 multa
1414 4799 1682 4868 impietate
1711 4797 1882 4866 plena:
1927 4803 2098 4858 erant,
2145 4803 2198 4848 et

628 4910 786 4952 nemo
815 4908 1036 4963 nsquam
1068 4893 1230 4946 Deum
1277 4889 1623 4959 gloriﬁcahat.
1670 4888 1950 4955 Testisque
1976 4894 2057 4940 est
2085 4887 2196 4954 ipse

624 4987 891 5056 propheta
919 4987 1098 5040 dicens
1127 5000 1141 5037 :
1186 4981 1401 5053 Propter
1426 4997 1509 5034 vos
1547 4995 1728 5033 nomen
1771 4995 1934 5033 meum
1965 4977 2197 5046 blasphe-

630 5087 797 5131 matur
818 5079 868 5130 in
899 5077 1123 5147 gentibus
1154 5074 1303 5146 (lsai.
1329 5073 1417 5128 52.
1448 5073 1524 5142 5).
1554 5069 1897 5138 Qnandonam
1927 5070 2083 5139 igitur
2109 5070 2198 5122 im-

633 5167 772 5233 pleta
795 5175 877 5220 cst
903 5175 1039 5220 terra
1062 5165 1224 5234 gloria
1248 5162 1398 5232 ejus?
1417 5161 1547 5215 Cum
1573 5159 1662 5214 hic
1686 5159 1912 5230 hymnus
1934 5161 1982 5212 in
2007 5169 2198 5212 terram

629 5257 839 5310 delatus
881 5267 963 5309 est
987 5297 1001 5321 ,
1037 5256 1380 5323 hominesque
1425 5252 1479 5306 in
1508 5261 1646 5306 terra
1672 5249 1827 5319 positi
1854 5263 2197 5318 supernarum

630 5349 880 5402 virtutum
923 5348 1088 5400 choro
1132 5345 1362 5414 adjuncti
1410 5351 1564 5408 sunt,
1612 5355 1873 5409 unamque
1919 5339 2197 5392 melodiam

632 5439 950 5502 retulerunt,
978 5448 1030 5491 et
1055 5439 1374 5506 cmnjunctim
1407 5437 1570 5490 Deum
1593 5433 1946 5490 celebrarunt.
1978 5429 2126 5497 Quod
2154 5430 2198 5483 si

632 5529 848 5585 Iudaeus
879 5528 960 5582 his
985 5528 1320 5595 impudenter
1345 5527 1600 5590 obsistat,
1633 5524 1827 5578 indicet
1867 5520 2198 5590 quandonam

635 5619 807 5671 omnis
836 5626 972 5670 terra
994 5616 1161 5685 gloria
1189 5616 1303 5684 ejus
1330 5617 1529 5684 repleta
1555 5616 1656 5678 sit;
1687 5614 1784 5667 hac
1807 5626 1992 5679 nempe
2013 5610 2197 5679 gloria,

635 5723 751 5771 qum
781 5721 843 5761 ex
875 5707 1172 5776 cegnitinne
1201 5705 1572 5774 proﬁciscitur.
1600 5703 1703 5759 Sed
1724 5716 2004 5769 numquam
2026 5709 2201 5756 osten-

634 5796 797 5862 derit,
824 5798 1028 5852 etiamsi
1071 5798 1364 5852 sexcenties
1412 5794 1792 5866 impudentiam
1816 5807 1962 5851 suam
1993 5790 2198 5862 prodat.

2295 549 2350 602 4.
2380 549 2445 601 Et
2470 550 2709 603 eleuatum
2734 561 2807 604 est
2829 551 3213 620 auperliminare
3231 567 3264 604 a
3282 566 3419 619 socc,
3440 567 3540 621 qua
3564 552 3875 608 clamabant.

2298 636 2486 692 Vidisti
2529 640 2825 708 prophetia:
2853 638 3162 694 facilitatem
3186 680 3204 706 ,
3233 655 3320 696 res
3363 641 3506 711 ipsas
3549 641 3649 697 sibi
3687 653 3880 696 mutuo

2294 727 2658 782 cohaerentes?
2679 728 2809 782 Nam
2839 737 2961 797 post
2989 729 3133 783 hunc
3170 729 3424 800 hymnum
3445 770 3463 796 ,
3492 744 3613 786 cum
3652 730 3877 800 impleta

2294 829 2434 873 esset
2461 828 2600 874 terra
2623 821 2788 890 gloria
2810 821 2946 890 ejus,
2972 820 3193 877 Judaica
3217 823 3394 878 omnia
3413 832 3710 892 cessarunt,
3727 825 3876 894 quod

2293 909 2466 979 ipsum
2495 912 2728 966 ostendit
2754 927 2850 981 per
2876 913 3139 969 eleratum
3166 915 3586 984 superliminare.

2361 1001 2417 1054 4.
2457 1000 2568 1055 Hoc
2595 1003 2788 1070 quippe
2815 1004 3025 1073 signum
3060 1014 3177 1060 erat
3211 1002 3552 1062 desolationis
3598 1019 3656 1065 et
3695 1009 3880 1065 eversi

2293 1091 2508 1158 templi;
2532 1092 2732 1160 templo
2761 1101 2938 1146 autem
2963 1093 3032 1150 de
3059 1095 3242 1151 medio
3265 1093 3494 1164 sublato,
3521 1096 3624 1153 alia
3653 1099 3884 1167 insuper

2292 1182 2469 1235 omnia
2489 1193 2846 1238 cessaverunt.
2869 1184 2941 1240 Ut
2957 1195 3136 1241 autem
3152 1187 3327 1243 discas
3339 1187 3544 1244 Novum
3558 1189 3884 1246 Testamen-

2292 1277 2407 1324 tum
2430 1271 2712 1341 abrogasse
2743 1273 2928 1341 Vetus,
2952 1275 2996 1329 Α
3020 1291 3158 1341 voce,
3188 1278 3377 1348 inquit,
3407 1279 3647 1334 denotauit
3675 1291 3752 1335 at
3780 1296 3880 1335 sat-

2292 1361 2644 1428 perliminare;
2669 1363 2721 1418 id
2751 1374 2850 1429 est,
2877 1379 2942 1420 eo
2964 1365 3105 1436 quod
3137 1367 3253 1422 haec
3287 1367 3601 1439 gloriﬁcatio
3637 1371 3884 1429 advene-

2290 1452 2379 1514 rit,
2402 1461 2458 1506 et
2483 1455 2652 1521 gratia
2679 1453 2958 1522 effulserit,
2987 1456 3262 1527 gloriaque
3289 1459 3456 1514 ell’usa
3481 1462 3553 1516 sit
3577 1477 3675 1532 per
3699 1470 3880 1517 totum

2289 1540 2496 1608 orbem,
2530 1544 2730 1598 umbrae
2771 1544 3041 1614 dissipatae
3068 1556 3212 1601 sunt.
3243 1546 3314 1602 Et
3352 1551 3531 1605 domus
3569 1552 3765 1622 repleta
3802 1562 3881 1608 est

2290 1634 2452 1704 [ωηο.
2499 1633 2612 1690 Hoc
2637 1650 2847 1705 quoque
2876 1638 3004 1692 mihi
3047 1638 3257 1694 videtur
3297 1639 3504 1710 signum
3545 1657 3665 1699 esse
3704 1641 3878 1700 futuri

2288 1723 2405 1793 ejus
2432 1726 2641 1789 excidii,
2667 1727 2908 1796 ignisque
2928 1728 3212 1795 barbarici,
3239 1733 3662 1804 atrocissimique
3683 1735 3878 1793 incon-

2289 1811 2384 1866 dii.
2416 1812 2469 1867 5.
2498 1812 2565 1866 Et
2593 1814 2700 1868 dixi
2719 1829 2739 1868 :
2763 1814 2807 1868 0
2829 1832 2906 1870 me
2927 1816 3204 1872 miserum!
3223 1820 3344 1888 quia
3369 1831 3696 1888 compunctus
3731 1841 3874 1889 sum,

2288 1902 2406 1970 quia
2435 1902 2582 1956 homo
2600 1919 2714 1957 cum
2740 1905 2855 1972 sim,
2881 1913 2928 1959 et
2955 1905 3217 1961 immunda
3242 1909 3375 1963 labia
3397 1911 3624 1976 habeam,
3653 1915 3708 1968 ita
3760 1931 3877 1970 tate-

2289 1994 2374 2048 dio
2398 1996 2574 2063 populi
2594 1996 2854 2050 immunda
2881 1997 3014 2052 labia
3039 1998 3267 2054 habentis
3294 2015 3386 2072 ego
3413 2001 3661 2063 habito,et
3684 2002 3874 2059 θυαε.

2288 2100 2408 2138 num
2434 2085 2660 2140 Sabaoth
2679 2088 2696 2118 ί
2722 2087 2824 2140 vidi
2861 2087 3022 2142 oculis
3048 2089 3192 2143 meis.
3225 2090 3353 2146 ﬂxec
3378 2091 3514 2146 visio
3549 2094 3872 2164 prophetam

2288 2177 2565 2243 exterruit,
2596 2177 2971 2248 expergefecit,
2999 2179 3052 2233 in
3077 2194 3324 2250 magnam
3362 2181 3698 2239 formidinem
3741 2200 3877 2241 con-

2285 2263 2436 2335 jecit,
2454 2266 2522 2320 ad
2549 2267 2938 2324 confessionem
2961 2270 3478 2339 perpulit,vilitatem
3498 2275 3728 2344 propria
3747 2276 3875 2332 sub-

2288 2356 2496 2411 stantiae
2525 2365 2580 2410 ut
2613 2358 2804 2412 melius
2856 2367 3204 2428 cognosceret
3241 2360 3435 2416 elfecit.
3470 2361 3626 2419 Tales
3670 2365 3872 2435 quippe

2287 2455 2413 2502 sunt
2439 2448 2604 2502 sancti
2635 2463 2854 2503 omnes:
2875 2448 3090 2518 quando
3126 2449 3316 2520 majori
3360 2451 3606 2506 fruuntur
3633 2451 3866 2518 honore,

2289 2545 2414 2592 tunc
2439 2539 2604 2608 magis
2629 2538 2991 2594 humiliantur.
3032 2539 3123 2595 Sic
3151 2549 3206 2595 et
3242 2539 3508 2596 Abraham
3534 2542 3704 2598 Deum
3739 2544 3872 2598 allo-

2289 2643 2479 2699 quens,
2513 2637 2708 2684 terram
2730 2639 2784 2685 et
2805 2631 3040 2686 cinerem
3068 2630 3304 2700 seipsnm
3342 2633 3566 2687 vocabat
3591 2632 3749 2701 (Gen.
3778 2634 3868 2690 18.

2290 2724 2415 2792 27);
2445 2725 2521 2778 sic
2547 2733 2602 2778 et
2627 2724 2822 2778 Paulus
2866 2725 3081 2794 quando
3130 2726 3335 2781 visione
3374 2726 3464 2780 illa
3489 2725 3741 2796 dignatus
3765 2737 3870 2790 est,

2292 2824 2415 2870 tunc
2434 2815 2727 2868 abortivum
2755 2832 2812 2870 se
2839 2815 3224 2887 nominavit“.
3244 2813 3365 2872 Cor.
3393 2818 3584 2888 45.8);
3616 2819 3683 2873 ita
3700 2827 3759 2874 et
3787 2819 3873 2874 hic

2290 2917 2348 2957 se
2401 2903 2651 2957 miserum
2693 2904 2981 2972 praedicat,
3025 2905 3200 2974 primo
3237 2921 3306 2960 ex
3349 2915 3533 2961 natura
3583 2908 3801 2963 dicens:
3827 2907 3873 2961 0

2290 3010 2370 3046 me
2389 2994 2657 3048 miserum!
2675 2995 2791 3062 quia
2815 3003 3141 3063 compunctus
3158 3010 3291 3063 sunt,
3309 2997 3428 3067 quia
3451 2997 3600 3051 homo
3610 3015 3724 3052 cum
3752 2999 3874 3062 sim;

2291 3084 2481 3140 deinde
2529 3084 2598 3138 ab
2642 3085 2804 3138 animi
2855 3085 3181 3150 conditione,
3223 3084 3293 3139 Et
3321 3087 3523 3156 impura
3571 3087 3712 3140 labia
3755 3103 3873 3141 cum

2292 3176 2518 3230 habeam.
2549 3176 2752 3245 lmpura
2780 3174 2914 3230 labia
2941 3189 3036 3230 sua
3061 3176 3289 3242 vocavit,
3317 3185 3376 3231 ut
3399 3191 3500 3247 ego
3526 3177 3795 3241 existimo,
3821 3184 3877 3240 in

2292 3265 2742 3334 comparationem
2770 3266 2918 3334 igniti
2942 3266 3052 3319 oris
3079 3265 3285 3320 illarum
3313 3281 3560 3336 purarum
3590 3267 3868 3331 virtutum,

2293 3365 2347 3410 et
2372 3355 2754 3411 accuratissimi
2775 3357 2915 3412 illius
2945 3357 3243 3412 ministerii.
3272 3355 3451 3425 Neque
3470 3358 3554 3414 hic
3581 3362 3752 3431 stetit,
3778 3357 3873 3414 sed

2296 3462 2391 3515 pro
2421 3456 2530 3501 toto
2560 3448 2752 3516 populo
2774 3447 3074 3513 confitetur,
3094 3446 3209 3501 haec
3233 3447 3528 3516 subjungen
3577 3463 3591 3500 :
3617 3445 3688 3501 In
3711 3448 3875 3505 medio

2296 3537 2470 3606 papuli
2495 3538 2754 3590 immunda
2781 3538 2916 3590 labia
2935 3537 3161 3592 habentis
3180 3555 3272 3606 ego
3297 3538 3485 3592 habito.
3512 3537 3626 3604 Qua
3657 3552 3787 3593 vero
3807 3538 3874 3592 de

2294 3641 2451 3681 causa
2480 3627 2563 3682 hic
2593 3627 2729 3682 labia
2755 3628 3103 3682 criminatur?
3131 3626 3204 3682 Se
3231 3627 3416 3682 ﬁducia
3438 3628 3691 3699 loquendi
3708 3627 3874 3684 desti-

2297 3726 2466 3772 tutum
2497 3717 2802 3772 ostendens.
2828 3716 2958 3771 Nam
2988 3725 3096 3772 tres
3125 3717 3198 3770 illi
3227 3718 3377 3786 pueri
3394 3718 3496 3772 hoc
3515 3719 3687 3788 ipsum
3707 3732 3875 3788 prope

2298 3809 2563 3874 dicebant,
2603 3823 2724 3863 cuni
2765 3817 2942 3862 essent
2971 3808 3024 3861 in
3063 3807 3316 3863 fornace:
3345 3807 3464 3862 Non
3492 3808 3606 3862 licet
3635 3808 3780 3862 nobis
3821 3824 3876 3862 os

2296 3900 2490 3967 aperire
2520 3897 2676 3968 (Dan.
2704 3897 2757 3952 ὅ.
2789 3897 2901 3967 38).
2943 3897 3010 3952 Et
3049 3911 3191 3951 nunc
3215 3897 3427 3967 quando
3466 3895 3790 3967 hymmrztm
3826 3905 3878 3950 ct

2298 3987 2511 4041 laudum
2543 3997 2749 4055 tempus
2772 3996 2906 4053 erat,
2951 3995 3007 4041 et
3042 4001 3304 4055 supernas
3340 3995 3631 4056 potestates
3658 3984 3877 4040 videbat

2298 4078 2400 4133 hoc
2423 4085 2657 4147 agentes,
2681 4076 2801 4146 jure
2835 4076 2903 4131 ad
2942 4076 3077 4132 labia
3115 4091 3416 4130 sermonem
3445 4076 3727 4139 convertit,
3757 4090 3877 4144 qua:

2298 4171 2527 4225 maxime
2559 4169 2626 4223 ad
2665 4169 2768 4224 hoc
2803 4167 3034 4223 officium
3070 4176 3348 4222 vocantur.
3373 4164 3570 4221 Verum
3596 4162 3738 4219 labia
3780 4181 3877 4218 sua

2299 4261 2419 4315 ideo
2449 4259 2716 4314 immunda
2758 4259 2998 4323 vocavit;
3041 4257 3223 4327 populi
3257 4270 3386 4311 vero
3413 4256 3550 4310 labia
3587 4269 3696 4309 non
3728 4256 3876 4320 item,

2299 4353 2393 4408 sed
2422 4353 2543 4423 quia
2571 4352 2846 4421 iniquitate
2872 4350 3038 4405 multa
3060 4349 3252 4419 repleti
3277 4357 3448 4404 erant.
3475 4345 3543 4400 Et
3559 4345 3750 4417 Regem
3769 4345 3879 4399 Do-

2300 4445 2492 4498 minum
2527 4444 2628 4497 uidi
2656 4443 2815 4496 oculis
2843 4443 2988 4496 meis.
3017 4440 3146 4496 Ideo
3178 4454 3336 4510 gemo
3374 4447 3431 4494 et
3469 4438 3644 4508 lugeo,
3685 4438 3876 4507 inquit,

2299 4533 2439 4604 quod
2461 4532 2704 4602 indignus
2725 4532 2846 4586 licet
2869 4539 3073 4586 tantum
3095 4531 3352 4585 honorem
3371 4529 3473 4584 sim
3493 4535 3878 4598 consequutus.

2299 4623 2390 4692 qui
2421 4637 2593 4676 meam
2617 4623 2925 4690 dignitatem
2948 4629 3184 4690 superat,
3208 4634 3486 4689 meamque
3508 4626 3755 4673 naturam
3780 4633 3882 4673 ex-

2300 4711 2460 4767 cedit.
2487 4712 2621 4766 Cum
2647 4721 2822 4765 autem
2851 4709 2996 4774 dicit,
3027 4709 3157 4774 Vidi,
3179 4722 3248 4763 ne
3261 4718 3501 4763 exactam
3523 4707 3883 4778 cognitionem

2301 4811 2475 4874 putes,
2507 4802 2600 4857 sed
2628 4817 2746 4856 eam
2773 4801 2925 4869 cujus
2946 4799 3034 4854 ille
3057 4812 3226 4868 capax
3253 4807 3391 4853 erat.

2373 4893 2711 4965 Confessionis
2740 4893 2934 4945 lucrum
2969 4899 3232 4960 quantum.
3253 4918 3326 4928 —
3351 4889 3430 4943 Ac
3456 4887 3767 4944 consideres
3797 4903 3884 4943 ve-

2304 4987 2394 5040 lim
2425 4994 2676 5054 quantum
2705 4985 2773 5037 sit
2801 4980 3148 5037 confessionis
3173 4979 3399 5034 lucrum.
3437 4979 3680 5048 Seipsum
3728 4993 3885 5033 accu-

2302 5077 2456 5138 savit,
2483 5084 2534 5128 et
2556 5074 2730 5127 statim
2759 5071 3042 5124 mundatus
3088 5077 3190 5124 est.
3221 5069 3357 5135 Quia
3392 5069 3533 5124 enim
3564 5067 3678 5121 haec
3710 5068 3877 5122 verba

2303 5167 2610 5238 protulerat,
2643 5165 2693 5219 6.
2725 5165 2911 5217 Missus
2931 5173 3004 5218 est
3028 5163 3096 5216 ad
3125 5179 3224 5228 me,
3257 5163 3444 5231 inquit,
3472 5175 3603 5214 unus
3627 5175 3690 5213 ea:
3716 5159 3876 5213 Sera-

2305 5259 2463 5328 phim,
2496 5266 2540 5310 et
2569 5256 2620 5308 in
2647 5271 2798 5307 manu
2823 5271 2914 5306 sua
2951 5253 3160 5307 habebat
3187 5252 3469 5315 carbonem,
3498 5265 3644 5317 quem
3672 5264 3880 5318 “cepe.

2303 5357 2380 5401 rat
2406 5349 2595 5418 forcipe
2621 5347 2682 5398 de
2705 5345 2870 5396 allari.
2894 5345 2944 5396 7.
2968 5343 3032 5396 Et
3054 5343 3212 5412 tetigit
3223 5358 3278 5394 os
3295 5356 3476 5403 meum,
3504 5347 3550 5392 et
3572 5339 3698 5392 dicit
3715 5337 3884 5396 :Ecce

2305 5438 2459 5506 tetigit
2489 5436 2591 5488 haec
2631 5433 2760 5485 labia
2787 5442 2891 5498 tua,
2923 5442 2968 5486 et
2995 5435 3186 5500 auferet
3211 5430 3493 5497 iniquitates
3531 5437 3667 5492 tuas,
3695 5436 3744 5481 et
3763 5445 3881 5498 pec-

2305 5538 2415 5581 cala
2443 5538 2528 5579 tua
2553 5525 2799 5593 purgabit.
2830 5523 3055 5590 Quidam
3077 5523 3263 5576 dicunt
3303 5520 3416 5574 haec
3445 5519 3744 5575 futurorum
3769 5537 3884 5593 my-

2306 5621 2584 5676 steriorum
2611 5618 2850 5688 symbolo
2872 5632 3024 5672 esse:
3055 5616 3222 5671 altare
3251 5630 3462 5684 nempe,
3493 5615 3668 5685 ignem
3692 5630 3880 5688 super.

2374 5801 2390 5829 ¹
2430 5797 2481 5846 lu
2507 5793 2667 5845 Bibliis
2683 5792 2882 5858 legitur,
2910 5801 3076 5856 negem
3103 5791 3356 5841 Dominum
3377 5793 3592 5842 Sabaoth.
