4044 6410
257 344 329 399 71
1603 327 1671 384 ΙΝ
1713 324 1911 381 ISAIM

2028 321 2180 378 CAP.
2217 322 2303 376 Vl.
3610 335 3682 391 72

253 457 427 512 1αιῦθα
463 456 643 526 μέντοι
681 454 742 507 οὐ
778 453 839 506 τὸ
868 450 1157 522 μετάρσιον
1189 464 1281 501 και
1304 446 1503 515 κοῦφον
1525 444 1654 513 ἡμῖν
1682 439 1914 526 αἰνίττεῖ-

251 561 345 600 ut
372 523 532 614 μόνον
557 543 586 594 0
612 541 892 612 προφήτης
925 537 1013 589 διά
1057 535 1164 588 τῶν
1209 532 1495 605 πτερύγων
1525 527 1751 614 τούτων,
1783 523 1915 577 ἀλλά

252 631 353 685 καὶ
371 613 556 700 ἐτερόν
584 645 636 681 τι
666 625 953 697 φρικῶδες.
985 622 1233 675 Δείκνυσι
1261 618 1390 688 γάρ,
1413 618 1494 700 ὅτι
1521 616 1569 667 εἰ
1590 613 1684 666 καὶ
1710 627 1917 700 συγκα-

253 696 482 778 τάϐασις
502 711 569 784 ἦν
595 713 655 766 τὸ
686 696 977 782 ὁρώμενον,
1004 708 1190 778 ὥσπερ
1211 700 1306 757 οὖν
1337 703 1430 756 καὶ
1453 697 1544 771 ἦν,
1583 699 1702 752 οὐδέ
1731 699 1787 751 αἰ
1807 696 1919 784 ἀνω

252 799 511 869 δυνάμεις
526 781 679 868 ’πρὸς
720 781 781 848 τὸ
823 795 1019 864 μέτρον
1056 791 1211 844 τοῦτο
1253 789 1497 859 χωρῆσαι
1537 785 1814 854 ήδύναντο.
1845 781 1919 834 Τὸ

254 887 364 956 γὰρ
393 883 683 937 καλύπτειν
709 882 833 944 τούς
867 880 1050 941 πόδας,
1087 878 1179 930 καὶ
1206 873 1498 928 καλύπτειν
1525 872 1591 925 τά
1623 871 1786 932 νῶτα,
1821 870 1916 919 ἐκ·-

254 969 639 1040 πληττομένων
681 963 767 1038 ἦν,
808 963 1121 1036 τρεμουσῶν
1159 962 1255 1031 τὴν
1288 959 1595 1030 ἀστραπὴν,
1634 957 1694 1008 00
1723 970 1919 1024 φερου-

257 1059 366 1109 σῶν
393 1057 492 1126 τὴν
524 1055 630 1108 ἀπὸ
657 1052 748 1108 τοῦ
772 1053 958 1123 θρόνου
986 1048 1241 1120 πηδῶσαν
1269 1046 1574 1117 ἀστραπήν.
1597 1043 1695 1095 Διά
1735 1040 1916 1102 τοῦτο,

255 1141 507 1212 καθάπερ
533 1142 639 1194 τινὶ
670 1139 873 1208 τειχίφ,
910 1138 976 1206 τῇ
1021 1135 1129 1187 τῶν
1177 1131 1458 1202 πτερύγων
1514 1127 1749 1199 προϐολῇ
1796 1141 1920 1177 συν-

254 1227 507 1290 ἐσκίαζον
531 1227 626 1288 τὰς
643 1225 846 1277 ἐαυτῶν
858 1223 952 1290 δψε
960 1238 1026 1284 ις·
1050 1220 1144 1273 καί
1162 1221 1295 1288 ὅπερ
1310 1218 1467 1286 ἡμεῖς
1485 1216 1712 1285 πάσχειν
1725 1212 1920 1265 εἰώθα-

255 1330 380 1383 μεν,
420 1315 454 1383 ἢ
491 1312 724 1382 βροντῶν
756 1307 1308 1380 καταρρηγνυμένων,
1340 1304 1372 1373 ἢ
1411 1299 1705 1372 ἀστραπῶν
1731 1315 1919 1366 φαινο-

253 1399 454 1468 μένων,
488 1399 580 1451 ἐπὶ
615 1399 676 1450 τὸ
711 1397 902 1464 ἐδαφος
943 1396 1262 1463 κλινόμενοι,
1308 1389 1466 1442 τοῦτο
1493 1387 1557 1458 δὴ
1586 1385 1678 1440 καὶ
1714 1388 1918 1440 ἐκεῖναι

250 1486 512 1555 ἔπασχον.

350 1631 414 1683 Εἰ
472 1628 529 1682 δέ
584 1627 651 1681 τὰ
705 1625 990 1697 Σεραφὶμ,
1040 1625 1095 1676 αί
1158 1621 1390 1693 μεγάλαι
1463 1621 1556 1672 καὶ
1619 1617 1917 1687 θαυμάσιαι

249 1716 506 1786 δυνάμεις
544 1715 764 1776 ἐκεῖναι,
803 1712 931 1765 Θεὸν
973 1710 1299 1780 καθήμενον,
1333 1708 1424 1762 καὶ
1452 1708 1544 1759 ἐπὶ
1585 1706 1770 1776 θρόνου
1793 1702 1920 1756 καθ-

252 1806 452 1874 ήμενον
483 1803 608 1854 ἰδεῖν
633 1799 801 1861 ἀδεῶς
820 1799 921 1851 οὐκ
966 1797 1328 1867 ἠδυνήθησαν,
1352 1793 1488 1847 ἀλλά
1512 1793 1602 1846 καὶ
1637 1793 1738 1853 τὰς
1766 1791 1917 1858 ὄψεις

251 1891 346 1943 καὶ
367 1891 490 1951 τούς
521 1888 684 1949 πόδας
707 1886 1030 1944 ἐκάλυπτον,
1059 1885 1142 1946 τίς
1165 1884 1230 1935 ἂν
1253 1882 1620 1953 παραστήσειε
1641 1878 1795 1944 λόγος
1817 1878 1917 1947 τὴν

253 1979 450 2048 μανίαν
483 1976 589 2028 τῶν
621 1974 779 2028 αὐτὸν
802 1975 892 2026 τὸν
920 1973 1050 2025 Θεὸν
1077 1971 1273 2023 εἰδέναι
1297 1969 1482 2035 σαφῶς
1510 1968 1793 2034 λεγόντων,
1825 1964 1916 2017 καὶ

249 2064 350 2133 τὴν
403 2064 678 2134 ἀκήρατον
717 2060 930 2131 ἐκείνην
971 2055 1480 2127 περιεργαζομένων
1521 2055 1740 2118 οὐσίαν;
1783 2052 1917 2117 Ταῖς

250 2149 436 2205 δυσίν
454 2150 764 2213 ἑπέταν-το,
791 2147 884 2199 καί
908 2144 1252 2212 ἐκέκραγον.
1277 2141 1340 2194 Τί
1369 2140 1496 2193 ποτέ
1521 2143 1635 2193 ἐστι
1655 2139 1809 2192 τοῦτο
1833 2139 1913 2202 10,

262 2237 601 2300 Ἑπέταντο,
636 2235 727 2288 καὶ
753 2234 804 2286 τί
841 2233 1233 2302 παρασημᾶναι
1263 2229 1550 2299 βούλεται;
1581 2227 1703 2280 ’Ὀτι
1735 2226 1914 2296 διηνε-

249 2323 364 2386 κῶς
401 2323 528 2392 περὶ
556 2321 646 2375 τὸν
679 2320 808 2373 Θεόν
841 2322 967 2382 είσι,
1006 2318 1098 2370 καὶ
1127 2317 1255 2386 παρ’
1286 2314 1448 2369 αὐτοῦ
1470 2327 1496 2355 α
1529 2315 1626 2368 οὐκ
1654 2313 1917 2382 ἀφίσταν-

248 2427 361 2474 ται,
397 2409 509 2462 ἀλλ’
537 2407 676 2478 αὕτη
702 2408 882 2469 αὐτοῖς
908 2409 939 2475 ή
970 2404 1231 2468 πολιτεία,
1265 2402 1324 2455 τὸ
1353 2402 1613 2472 διηνεκῶς
1648 2402 1726 2464 είς
1753 2400 1915 2453 αὐτὸν

247 2496 418 2568 ᾅδειν,
434 2495 496 2548 τὸ
511 2493 795 2554 διαπαντὸς
812 2494 1076 2562 εὐφημεῖν
1092 2491 1180 2544 τὸν
1198 2493 1510 2560 ποιήσαντα.
1528 2489 1601 2540 Οὐ
1621 2487 1724 2556 γὰρ
1741 2483 1911 2549 εἶπεν,

260 2583 616 2653 Ἐκέκραξαν,
639 2580 1160 2648 ἀλλ’,Ἐκέκραγον,
1178 2577 1447 2639 τουτέστι,
1471 2575 1730 2644 διηνεκῶς
1759 2573 1914 2626 τοῦτο

248 2668 411 2738 ἔργον
441 2669 671 2738 ἔχουσιν.
691 2666 927 2733 Ἕτερος
958 2663 1106 2731 πρὸς
1143 2662 1249 2716 τὸν
1276 2661 1498 2728 ἕτερον,
1531 2660 1628 2712 καί
1660 2663 1909 2726 ἕλετονο

251 2759 466 2828 Ἄγιος,
510 2757 696 2824 ἅγιος.
746 2753 930 2823 ἅγιος.
971 2751 1142 2804 Τοῦτο
1179 2751 1278 2821 τὴν
1330 2748 1697 2817 παναρμόνιον
1733 2749 1914 2801 αὐτῶν

250 2844 566 2915 συμφωνίαν
597 2843 764 2912 δηλοῖ,
795 2841 888 2894 καὶ
914 2840 1012 2908 τὴν
1051 2839 1188 2909 μετά
1218 2838 1418 2907 πολλῆς
1452 2837 1703 2907 ὁμονοίας
1748 2837 1916 2906 εὐφη.

249 2932 401 3002 μίαν.
437 2925 602 2991 Οὕτος
631 2932 658 2982 0
689 2927 856 2998 ὕμνος
877 2927 976 2979 οὐκ
1000 2926 1242 2995 εὐφημία
1273 2924 1430 2994 μόνον
1453 2926 1620 2986 ἐστὶν,
1652 2923 1787 2976 ἀλλά
1819 2925 1914 2976 καὶ

249 3017 554 3091 προφητεία
576 3017 681 3069 τῶν
709 3013 1170 3083 καταληψομένων
1196 3012 1294 3083 τὴν
1313 3011 1633 3079 οἰκουμένην
1671 3010 1910 3077 ἀγαθῶν,

247 3106 344 3158 καὶ
367 3103 649 3173 δογμάτων
671 3101 941 3171 ἀκρίϐεια.
968 3101 1122 3162 Τίνος
1147 3099 1203 3151 δὲ
1226 3100 1408 3150 ἐνεκεν
1428 3099 1527 3150 οὐκ
1566 3093 1716 3148 εἶπον
1742 3096 1910 3161 ἅπαξ,

247 3193 342 3246 καί
370 3191 650 3260 ἐσίγησαν,
684 3189 803 3242 οὐδέ
829 3187 1099 3253 δεύτερον,
1145 3189 1239 3238 καὶ
1270 3187 1525 3255 ἔστησαν,
1572 3186 1706 3239 ἀλλά
1729 3185 1912 3254 τρίτον

248 3279 343 3333 καὶ
369 3277 789 3349 προσέθηκανδς
821 3276 932 3328 Οὐκ
961 3274 1197 3344 εὔδηλον,
1225 3273 1304 3326 ὅτι
1331 3276 1395 3343 τῇ
1425 3273 1717 3342 Τριάδιτὸν
1746 3274 1914 3343 ὕμνον

248 3365 614 3434 ἀναφέρουσαι
645 3362 800 3415 τοῦτο
843 3361 1082 3427 ἐποίουν;
1115 3361 1214 3414 Διά
1255 3378 1331 3412 τοι
1363 3361 1519 3413 τοῦτο
1546 3363 1573 3413 0
1605 3361 1702 3430 μὲν
1735 3361 1914 3416 Ἰωάν-

245 3470 345 3522 νης
371 3452 497 3520 περὶ
528 3451 619 3505 τοῦ
643 3450 771 3503 Υἰοῦ
799 3466 958 3519 φησιν
986 3448 1254 3519 εἰρῆσθαι,
1285 3450 1312 3499 6
1340 3448 1395 3499 δὲ
1428 3450 1640 3510 Λουκᾶς
1664 3449 1792 3517 περὶ
1820 3449 1912 3501 τοῦ

248 3540 581 3608 Πνεύματος,
603 3539 630 3590 0
649 3539 702 3591 δέ
733 3539 1014 3607 προφήτης
1040 3537 1166 3606 περὶ
1191 3535 1281 3588 τοῦ
1313 3535 1541 3606 Πατρός.
1571 3538 1676 3588 Καὶ
1696 3537 1763 3590 τά
1784 3537 1911 3604 ἑξῆς

245 3627 304 3678 δὲ
349 3627 552 3694 ταύτην
599 3629 730 3694 ἡμῖν
775 3625 1028 3692 ἐμφαίνει
1070 3623 1165 3692 τὴν
1203 3622 1427 3675 ἔννοιαν.
1474 3622 1620 3674 Μετά
1668 3624 1775 3694 γάρ
1822 3627 1911 3678 τὸν

250 3710 417 3781 ὕμνον
446 3712 755 3779 ἐπήγαγον·
790 3709 1034 3775 Πλήρης
1072 3708 1237 3763 πᾶσα
1274 3711 1312 3775 ἡ
1348 3708 1422 3775 γῆ
1455 3708 1565 3775 τῆς
1596 3709 1776 3775 δόξης
1808 3714 1912 3764 αὺ-

248 3798 374 3852 τοῦ.
412 3799 589 3867 Ὅπερ
643 3794 712 3866 ἦν
759 3797 1094 3866 προφητείας
1135 3794 1417 3866 ἀκριϐοῦς,
1471 3796 1569 3864 τὴν
1614 3797 1910 3864 μέλλουσαν

248 3887 448 3955 γνῶσιν
491 3885 958 3954 προαναφωνοῦσι,
999 3884 1066 3935 δι’
1103 3879 1169 3953 ἦς
1202 3885 1234 3954 ή
1264 3884 1555 3953 οἰκουμένη
1604 3886 1702 3953 τῆς
1755 3885 1912 3954 δόξης

247 3968 550 4039 ἐνεπλήσθη
571 3968 662 4020 τοῦ
692 3967 825 4018 Θεοῦ
851 3984 862 3995 ·
894 3965 969 4028 ὼς
995 3966 1053 4019 τό
1081 3983 1143 4033 γε
1168 3966 1410 4027 παλαιὸν,
1437 3967 1526 4018 καὶ
1559 3967 1718 4036 ήνίκα
1742 3967 1912 4019 ταῦτα

247 4056 483 4124 ἐλέγετο,
519 4056 576 4108 οὐ
616 4056 772 4124 μόνον
812 4055 870 4107 τὸ
918 4053 1032 4125 [68]
1080 4054 1264 4106 λοιπὸν
1306 4055 1402 4123 τῆς
1447 4056 1763 4122 οἰκουμένης
1808 4055 1908 4122 μέ-

248 4160 361 4215 ρος,
389 4143 522 4195 ἀλλά
555 4143 647 4194 καὶ
681 4141 814 4210 αύτὴ
853 4141 949 4209 τῆς
1000 4141 1253 4200 Ἰουδαίας
1291 4142 1322 4209 ή
1363 4141 1511 4208 χώρα
1550 4141 1747 4210 πολλῆς
1780 4143 1910 4193 ἀσε-

248 4229 397 4291 ϐείας
439 4224 505 4299 ἦν
552 4228 999 4297 ἐμπεπλησμένη,
1033 4226 1126 4277 καὶ
1173 4226 1347 4287 οὐδεὶς
1390 4226 1624 4295 οὐδαμοῦ
1659 4229 1748 4280 τὸν
1779 4229 1909 4280 Θεὸν

247 4317 484 4382 ἐδόξαζε.
523 4316 629 4368 Καὶ
677 4316 881 4384 μάρτυς
925 4313 1083 4375 αὐτὸς
1111 4315 1137 4365 0
1181 4315 1462 4381 προφήτης
1502 4313 1693 4382 λέγων,
1726 4316 1805 4366 ὃτι
1829 4319 1908 4367 Δι’

245 4403 397 4472 ὑμᾶς
436 4403 500 4456 τὸ
545 4402 728 4471 ὄνομα
755 4421 873 4470 μου
906 4400 1354 4468 βλασφημεῖται
1406 4401 1474 4453 ἐν
1518 4403 1641 4467 τοῖς
1684 4403 1906 4457 ἔθνεσι.

249 4493 386 4545 Πότε
420 4488 513 4545 οὖν
563 4492 772 4560 πλήρης
804 4490 1017 4556 ἐγένετο
1045 4491 1075 4557 ή
1120 4490 1188 4558 γῆ
1221 4489 1320 4558 τῆς
1360 4487 1516 4558 δόξης
1549 4491 1747 4556 αὐτοῦ;
1784 4493 1909 4544 Ὅτε

246 4579 275 4629 0
310 4577 474 4646 ὕμνος
507 4571 658 4639 οὗτος
681 4579 758 4640 εἰς
785 4576 880 4646 τὴν
913 4577 1015 4642 γῆν
1051 4576 1377 4644 κατηνέχθη,
1424 4577 1516 4628 καὶ
1551 4581 1909 4650 συγχορευταὶ

246 4663 353 4715 τῶν
393 4663 502 4715 ἀνω
544 4664 821 4732 δυνάμεων
859 4665 905 4713 οί
956 4663 1103 4713 κάτω
1158 4664 1441 4729 γεγόνασιν
1489 4665 1783 4733 ἅνθρωποι,
1817 4669 1908 4718 καὶ

250 4751 380 4821 μίαν
416 4750 512 4819 τὴν
535 4749 798 4818 μελῳδίαν
833 4749 1124 4817 ἀνήγαγον,
1164 4750 1254 4800 καὶ
1285 4751 1471 4819 κοινὴν
1501 4752 1595 4820 τὴν
1632 4753 1906 4822 εὐφημίαν

247 4838 586 4907 ἐποιήσαντο.
636 4837 694 4887 Εἰ
736 4837 790 4887 δέ
835 4835 1178 4904 ἀναισχυντεῖ
1226 4838 1360 4903 πρὸς
1418 4839 1589 4890 ταῦτα
1636 4841 1903 4905 Ἰουδαῖος,

245 4923 469 4988 δειξάτω
495 4923 620 4975 πότε
664 4924 808 4974 πᾶσα
843 4924 874 4990 ἡ
917 4921 988 4990 γῆ
1027 4923 1122 4991 τῆς
1155 4923 1310 4991 δόξης
1345 4925 1506 4976 αὐτοῦ
1551 4926 1759 4994 πλήρης
1784 4928 1904 4994 έγέ-

246 5029 386 5075 νετο,
416 5010 616 5079 ταύτης
642 5010 735 5078 τῆς
774 5011 880 5062 ἀπὸ
923 5010 1020 5078 τῆς
1069 5008 1357 5077 γνώσεως;
1401 5013 1536 5064 Ἀλλ’
1566 5015 1663 5066 οὐκ
1691 5015 1754 5067 ἂν
1795 5017 1906 5085 ἔχοι

245 5100 433 5163 δεῖξαι,
495 5097 597 5149 κᾶν
655 5096 909 5166 μυριάκις
964 5098 1315 5167 ἀναισχυντῇ.
1381 5101 1487 5153 Καὶ
1547 5102 1774 5168 ἐπήρθη
1841 5105 1906 5156 τι)

247 5186 582 5252 ὑπέρθυρον
640 5185 754 5238 ἀπὸ
806 5184 912 5250 τῆς
950 5183 1178 5251 φωνῆς·
1231 5183 1305 5255 ἧς
1358 5188 1703 5257 ἐκέκραγον.
1757 5187 1904 5255 Εἶδες

247 5271 579 5341 προφητείας
630 5271 894 5334 εὐκολίαν,
930 5272 996 5322 τά
1031 5272 1329 5340 πράγματα
1358 5276 1599 5341 ἀλλήλων
1631 5278 1899 5346 ἐχόμενα;

247 5358 395 5412 Μετά
439 5359 545 5426 γάρ
597 5358 685 5409 τὸν
727 5357 890 5426 ὕμνον
931 5357 1133 5422 τοῦτον,
1179 5361 1272 5411 καὶ
1318 5363 1378 5414 τὸ
1422 5362 1771 5432 πληρωθῆναι
1810 5367 1905 5435 τὴν

256 5447 350 5516 γῆν
382 5445 481 5513 τῆς
514 5444 668 5512 δόξης
706 5443 888 5507 αὐτοῦ,
933 5444 1206 5498 ἐπαύσατο
1245 5446 1314 5499 τά
1375 5449 1636 5504 Ἰουδαϊκὰ
1667 5451 1899 5517 ἅπαντα,

314 5606 434 5654 'Re

317 5621 342 5636 -
366 5621 484 5667 Heg.
522 5621 656 5655 soms
677 5621 785 5670 παρ’
819 5621 974 5656 αυτον.

317 5656 345 5696 ι’
368 5669 485 5730 Reg.
509 5676 560 5715 et
582 5668 728 5716 Saxil.
767 5672 872 5717 οὐδὲ
895 5671 1046 5729 τρίτον
1086 5671 1162 5715 καὶ
1207 5673 1519 5730 προσέθηκαν,
1563 5677 1705 5723 male.
1732 5676 1901 5725 Morel.

248 5731 370 5777 ἀλλὰ.
391 5729 550 5797 τρίτον.
567 5730 643 5797 καί
669 5730 1195 5797 προσέθηκανζῄῇἲεηρῐη
1283 5734 1339 5777 λα
1362 5736 1438 5779 καί
1481 5737 1633 5795 τρίτον
1677 5741 1906 5797 προσέθη-

249 5807 355 5862 ιαιν.
380 5798 429 5862 ει
449 5791 515 5837 sic
541 5791 719 5862 legi§§e
737 5794 927 5862 τωρωι·
946 5791 1229 5839 Tilmanuus
1249 5795 1491 5855 interpres
1513 5791 1606 5859 ἠυξ
1636 5791 1800 5862 vertit,
1824 5791 1905 5850 scd

248 5857 294 5902 ει
317 5851 504 5902 tertium
540 5851 847 5901 addiderunt.

602 5939 896 6024 .PATROL.
937 5936 1053 5997 Gn.
1099 5935 1255 6001 LVI.

475 5644 484 5652 .
522 5607 656 5655 solus
677 5611 785 5670 παρ’
819 5609 974 5656 αὐτόν.

2018 434 2155 505 ὅπερ
2198 435 2292 488 καὶ
2327 435 2458 488 αὐτὸ
2501 435 2588 490 διὰ
2623 435 2719 489 τοῦ
2772 435 3072 508 ἐπαρθῆναι
3113 437 3174 489 10
3205 436 3508 508 ὑπέρθυρον
3568 437 3686 506 ἐδή-

2019 521 2214 574 λωσεν.

2087 590 2152 644 δ’.
2171 590 2535 662 Ἐρημώσεως
2557 591 2665 662 γὰρ
2681 591 2830 643 τουτὶ
2839 591 2898 644 τὸ
2920 593 3142 661 σημεῖον
3165 588 3252 663 ἦν,
3270 592 3362 646 καί
3379 593 3686 664 ἀνατροπῆς

2016 676 2110 729 106
2166 677 2327 730 ναοῦ·
2366 677 2462 731 τοῦ
2497 678 2626 731 ναοῦ
2668 677 2726 730 δέ
2769 678 3176 746 ἀφανισθέντος,
3224 679 3317 731 καὶ
3355 679 3519 737 τᾶλλα
3557 697 3686 732 κατ-

2017 761 2236 816 ελύοντο
2255 763 2452 817 πάντα.
2474 764 2583 816 Καὶ
2606 764 2691 818 ἵνα
2724 764 2920 835 μάθῃς,
2943 765 3028 817 ὅτι
3055 767 3088 834 ή
3118 764 3294 836 Καινὴ
3318 766 3413 836 τὴν
3446 765 3685 819 Παλαιὰν

2018 847 2273 916 ἔπαυσεν,
2313 849 2447 904 Ἀπὸ
2467 849 2574 917 τῆς
2594 850 2820 918 φωνῆς,
2849 851 3033 920 φησὶν,
3066 851 3296 919 ἐπήρθη
3325 853 3392 905 τὸ
3428 852 3686 920 ὑπέρθυ-

2012 951 2155 1003 ρονο
2187 936 2486 1000 τουτέστιν,
2535 937 2644 990 ἀπὸ
2679 936 2772 990 τοῦ
2800 939 3204 1007 παραγενέσθαι
3238 939 3336 1009 τὴν
3383 940 3686 1007 δοξολογίαν

2017 1020 2244 1091 ταύτην,
2275 1023 2368 1079 καὶ
2396 1023 2606 1092 λάμψαι
2633 1023 2729 1093 τὴν
2758 1024 2938 1094 χάριν,
2967 1025 3061 1078 καὶ
3088 1026 3187 1096 τὴν
3211 1025 3366 1092 δόξαν
3395 1026 3687 1095 ἐκχυθῆναι

2019 1108 2293 1177 πανταχοῦ
2317 1107 2418 1176 τῆς
2437 1109 2778 1178 οἰκουμένης,
2807 1111 2876 1162 τά
2903 1111 3002 1180 τῆς
3026 1113 3182 1174 σκιάς
3204 1113 3446 1166 ἐκποδὼν
3472 1113 3685 1181 γέγονε.

2019 1191 2129 1245 Καὶ
2159 1195 2191 1245 ό
2219 1188 2383 1258 οἶκος
2411 1193 2760 1262 ἐνεπλήσθη
2801 1197 3053 1250 καπνοῦ.
3099 1197 3253 1266 Ἐμοὶ
3295 1198 3570 1252 καὶτοῦτο
3603 1199 3690 1251 δο-

2021 1279 2108 1329 κεῖ
2133 1281 2358 1348 σημεῖον
2387 1275 2526 1332 εἰναι
2553 1279 2650 1349 τῆς
2686 1280 2940 1344 ἁλώσεως
2981 1283 3081 1353 τῆς
3110 1284 3271 1337 αὐτὸν
3310 1285 3688 1356 καταληψομέ-

2020 1379 2136 1432 νης,
2168 1365 2259 1415 καὶ
2295 1364 2388 1416 τοῦ
2419 1363 2754 1435 βαρϐαρικοῦ
2789 1368 2980 1438 πυρὸς,
3026 1371 3120 1423 καὶ
3166 1372 3259 1424 τοῦ
3300 1371 3686 1440 χαλεπωτάτου

2021 1449 2369 1519 ἐμπρησμοῦ.
2403 1450 2516 1503 Καὶ
2557 1447 2765 1505 εἷπον-ο
2806 1455 2864 1506 Ὢ
2897 1454 3084 1522 τάλας
3129 1457 3262 1526 ἐγὼ,
3306 1458 3394 1511 ὅτι
3442 1461 3689 1514 κατανέη

2017 1550 2257 1602 νυγμαι,
2281 1534 2369 1588 ὅτι
2400 1535 2709 1604 ἄνθρωπος
2736 1537 2837 1601 ὢν,
2864 1542 2962 1594 καὶ
2985 1543 3286 1610 ἀκάθαρτα
3314 1547 3488 1612 χείλη
3511 1547 3687 1615 ἔχων,

2019 1619 2119 1671 καί
2173 1619 2241 1672 ὲν
2290 1619 2458 1687 μέσῳ
2502 1623 2657 1677 λαοῦ
2701 1624 3005 1694 ἀκάθαρτα
3051 1631 3224 1696 χείλη
3275 1630 3522 1699 ἔχοντος
3577 1632 3692 1701 ἐγὼ

2018 1703 2178 1766 οίκῶ,
2210 1705 2310 1757 καὶ
2339 1707 2445 1759 τὸν
2464 1706 2686 1775 Κύριον
2709 1711 2951 1766 Σαϐαὼθ
2972 1723 2994 1752 ε
3022 1710 3185 1767 εἶδον
3213 1716 3337 1780 τοῖς
3365 1718 3692 1786 ὀφθαλμοῖς

2012 1808 2153 1859 μου.
2199 1792 2487 1862 Ἐξέπληξε
2527 1795 2618 1848 τὸν
2647 1800 2929 1869 προφήτην
2963 1803 2994 1870 ἡ
3031 1801 3174 1870 δψις,
3221 1803 3583 1873 διανέστησεν,
3612 1807 3690 1868 εἰς

2019 1878 2186 1930 πολὺν
2213 1879 2304 1932 τὸν
2329 1881 2492 1948 φόϐον
2527 1883 2766 1948 ἐνέϐαλε,
2821 1885 2958 1954 πρὸς
2995 1887 3376 1958 ἐξομολόγησιν
3417 1891 3689 1961 ἐκίνησεν,

2017 1966 2406 2038 ἀκριϐέστερον
2445 1970 2544 2040 τὴν
2571 1970 2845 2024 εὐτέλειαν
2875 1975 2974 2043 τῆς
3004 1978 3210 2039 οἰκείας
3243 1977 3430 2042 οὐσίας
3458 1979 3691 2046 ἐπιγνῶ-

2015 2069 2103 2107 ναι
2127 2054 2528 2124 παρεσκεύασε.
2563 2057 2804 2110 Τοιοῦτοι
2828 2059 2934 2132 γὰρ
2963 2062 3011 2113 οί
3037 2063 3180 2130 άγιοι
3215 2065 3440 2128 πάντεςο
3474 2067 3690 2120 ἐπειδάν

2020 2139 2265 2208 μείζονος
2313 2141 2661 2196 ἀπολαύσωσι
2702 2145 2888 2215 τιμῆς,
2923 2147 3044 2199 τότε
3081 2151 3461 2205 ταπεινοῦνται
3511 2154 3689 2223 μειζόο

2017 2242 2141 2288 νως.
2177 2227 2333 2280 Οὕτω
2377 2229 2470 2282 καί
2515 2231 2542 2282 0
2585 2231 2832 2302 Ἀϐραὰμ
2868 2233 2946 2303 τῷ
2986 2233 3107 2304 θεῷ
3155 2237 3558 2307 διαλεγόμενος.
3586 2243 3689 2310 γῆν

2016 2313 2112 2366 καὶ
2144 2314 2336 2367 σποδὸν
2379 2316 2569 2368 ἑαυτὸν
2617 2318 2829 2370 ἐκάλει·
2878 2319 3020 2373 οὕτω
3065 2323 3156 2375 καὶ
3193 2325 3423 2388 Παῦλος,
3455 2328 3543 2380 ὅτε
3589 2330 3687 2398 τῆς

2014 2398 2189 2466 ὅψεως
2220 2402 2435 2470 ἐκείνης
2464 2403 2796 2472 κατηξιώθη,
2817 2405 2935 2458 τότε
2961 2408 3220 2478 ἐκτρωμα
3253 2412 3445 2464 ἐαυτὸν
3472 2414 3688 2484 ὠνόμα-

2016 2501 2107 2537 σεν
2132 2501 2144 2514 ο
2182 2486 2324 2538 οὕτω
2346 2487 2410 2556 δὴ
2439 2491 2530 2540 καὶ
2560 2485 2712 2553 οὕτος
2727 2491 3002 2556 ταλανίζει
3036 2495 3249 2562 ἐαυτὸν,
3281 2500 3544 2571 πρότερον
3569 2503 3680 2556 ἀπὸ

2012 2570 2113 2656 τῆς
2145 2571 2360 2656 φύσεως
2387 2574 2560 2640 λέγων
2584 2592 2599 2607 ο
2629 2577 2690 2656 ᾪ
2718 2575 2906 2643 τάλας
2940 2579 3078 2647 ἐγὼ,
3106 2582 3198 2637 ὅτι
3222 2570 3685 2656 κατανένυγμαι,

2014 2651 2102 2703 ὅτι
2142 2653 2452 2720 ἅνθρωπος
2487 2656 2600 2707 ῶν·
2631 2654 2750 2711 εἶτα
2779 2659 2885 2711 ἀπὸ
2906 2661 3004 2730 τῆς
3031 2663 3276 2736 γνώμης,
3302 2668 3410 2720 Καὶ

2015 2753 2087 2824 τα
2115 2740 2292 2807 χείλη
2330 2744 2504 2809 έχων.
2541 2742 2850 2816 Ἀκάθαρτα
2889 2749 3055 2800 αὐτοῦ
3095 2751 3165 2803 τά
3210 2753 3360 2824 χείλη
3405 2756 3681 2822 ἐκάλεσεν,

2013 2823 2087 2914 ὡς
2113 2825 2283 2895 ἔγωγε
2317 2825 2490 2898 οἶμαι,
2521 2832 2655 2902 πρὸς
2685 2833 2784 2903 τὴν
2810 2835 3112 2906 παράθεσιν
3138 2840 3244 2892 τῶν
3271 2823 3532 2914 ἐμπύρων
3563 2862 3686 2898 στο-

2017 2912 2203 2983 μάτων
2233 2916 2452 2969 ἐκείνων
2473 2917 2580 2973 τῶν
2604 2918 2860 2991 καθαρῶν
2880 2924 3182 2994 δυνάμεων,
3222 2927 3322 2996 τῆς
3367 2912 3686 3000 ἀκριϐεστά-

2011 3018 2110 3070 της
2151 3002 2490 3074 λειτουργίας
2521 3007 2753 3077 ἐκείνης.
2794 3009 2904 3062 Καὶ
2935 3011 3055 3063 οὐδὲ
3095 3013 3326 3067 ἐνταῦθα
3354 3016 3505 3086 ἔστη,
3549 3020 3684 3073 ἀλλὰ

2013 3092 2104 3142 καὶ
2145 3093 2284 3160 ὑπὲρ
2310 3094 2404 3146 τοῦ
2451 3094 2578 3147 λαοῦ
2625 3098 2826 3162 παντὸς
2872 3100 3293 3172 ἐξομολογεῐται,
3343 3108 3561 3176 ἐπάγων
3589 3113 3684 3167 καὶ

2011 3179 2186 3269 λέγων
2207 3182 2370 3269 ἠἰξν
2387 3182 2556 3269 μέσῳ
2579 3186 2735 3269 ..ίαοῦ
2757 3187 3059 3256 ἀκάθαρτα
3095 3193 3269 3260 χείλη
3299 3194 3544 3265 ἔχοντος
3571 3200 3684 3269 ἐγὼ

2012 3262 2172 3316 οἰκῶ.
2223 3263 2334 3315 Καὶ
2384 3263 2524 3327 τίνος
2576 3267 2761 3319 ἕνεκεν
2819 3271 2970 3341 χείλη
3027 3273 3260 3327 ἐνταῦθα
3307 3262 3578 3348 αἰτιᾶται;
3609 3262 3683 3335 ῖίὸ

2013 3352 2460 3441 ἀπαρρησίαστον
2513 3357 2812 3426 ἐμφαίνων.
2853 3359 3001 3413 Ἐπεὶ
3052 3365 3143 3416 καί
3173 3366 3221 3417 οί
3243 3368 3427 3430 παῖδες
3454 3370 3502 3422 οί
3539 3373 3685 3441 τρεῖς

2012 3439 2170 3491 τοῦτο
2207 3441 2337 3495 αὐτὸ
2375 3441 2560 3510 ἔλεγον
2607 3445 2810 3512 σχεδὸν,
2852 3449 2909 3498 ἐν
2955 3451 3020 3518 τῇ
3071 3453 3286 3522 καμίνῳ
3330 3455 3517 3517 ὄντες·
3562 3439 3685 3511 Οὐκ

2016 3524 2129 3615 [69]
2158 3525 2341 3615 ἐστιν
2362 3527 2506 3594 ἡμῖν
2535 3529 2768 3593 ἀνοῖξαι
2808 3531 2874 3584 τὸ
2922 3535 3137 3603 στόμα.
3181 3539 3290 3590 Καὶ
3334 3541 3449 3604 νῦν,
3495 3544 3682 3615 ἐπειδὴ

2013 3611 2286 3679 ὐμνῳδίας
2312 3609 2380 3683 ἦν
2419 3615 2609 3686 καιρὸς
2653 3618 2746 3669 καὶ
2793 3619 3089 3689 εὐφημίας,
3117 3624 3212 3675 καί¹
3245 3629 3344 3689 τὰς
3385 3628 3494 3680 ἄνω
3524 3609 3682 3684 δυνάξ

2015 3713 2134 3764 μεις
2160 3696 2486 3788 ἐώραᾷτοῦτο
2533 3704 2809 3770 ποιούσας,
2856 3709 3080 3772 εἰκότως
3109 3712 3200 3764 ἐπὶ
3253 3713 3320 3764 τὰ
3370 3717 3519 3787 χείλη
3561 3720 3683 3788 τρέε

2014 3800 2106 3835 πει
2155 3784 2246 3835 τὸν
2270 3785 2445 3854 λόγον,
2481 3788 2549 3840 τὰ
2583 3789 2814 3858 μάλιστα
2849 3794 2982 3862 πρὸς
3009 3797 3105 3866 τὴν
3138 3784 3386 3870 τοιαύτην
3413 3784 3684 3858 διακονίαν

2016 3871 2356 3962 καλούμενα.»
2383 3875 2540 3962 Ἀλλά
2574 3878 2640 3929 τά
2701 3879 2800 3947 μὲν
2854 3881 3016 3933 αὐτοῦ
3077 3885 3164 3937 διὰ
3201 3887 3356 3939 τοῦτο
3401 3891 3682 3962 ἀκάθαρτα

2012 3959 2259 4021 ἐκάλεσε,
2301 3960 2370 4011 τά
2429 3961 2484 4012 δὲ
2557 3963 2648 4014 τοῦ
2719 3965 2846 4017 λαοῦ
2914 3969 3010 4038 οὐχ
3076 3971 3269 4036 οὕτως,
3327 3975 3442 4028 ἀλλ’
3496 3959 3681 4052 ἐπειδὴ

2012 4046 2209 4114 πολλῆς
2259 4046 2484 4114 ἀνομίας
2529 4045 2666 4118 ἦσαν
2701 4053 3168 4125 ἐμπεπλησμένοι.
3210 4063 3319 4114 Καὶ
3363 4066 3466 4115 τὸν
3499 4045 3678 4129 βασιλ

2009 4131 2119 4183 λέα
2155 4133 2372 4199 Κύριον
2397 4130 2558 4186 εἶδον
2596 4136 2718 4201 τοῖς
2744 4139 3070 4210 ὀφθαλμοῖς
3094 4163 3231 4213 μου.
3262 4150 3357 4202 Διά
3381 4151 3534 4203 τοῦτο
3560 4155 3677 4206 στέ-

2010 4234 2084 4307 νω
2118 4220 2211 4307 καξι
2245 4219 2447 4289 θρηνῶ,
2473 4222 2656 4290 φησὶν,
2688 4225 2768 4276 ὅτι
2788 4228 3054 4298 τοσαύτης
3084 4232 3321 4303 ἠξιώθην
3365 4242 3527 4307 τιμῆς
3555 4242 3683 4292 ἀνάς

2010 4305 2120 4367 ξιος
2166 4304 2263 4368 ὢν,
2315 4307 2745 4378 ὑπερϐαινούσης
2801 4331 2901 4381 μου
2931 4315 3029 4384 τὴν
3067 4317 3244 4380 ἀξίαν,
3283 4304 3680 4394 ἀναίῖεϐηκυίας

2013 4408 2116 4458 μου
2145 4392 2240 4482 την
2280 4393 2458 4482 φύσιν.
2493 4396 2660 4482 ξὈταν
2699 4398 2753 4448 δέ
2797 4399 2947 4471 λέγῃ,
2981 4399 3179 4468 Εἶδον,
3219 4407 3292 4477 μὴ
3341 4409 3436 4479 τὴν
3481 4392 3680 4482 ἀκριϐῆ

2011 4479 2338 4548 κατανόησιν
2364 4481 2571 4548 νόμιζε,
2597 4483 2730 4534 ἀλλά
2750 4485 2847 4553 τὴν
2877 4489 3023 4558 αὐτῷ
3045 4491 3297 4562 δυνατήν.

2069 4567 2174 4616 Καὶ
2204 4566 2597 4657 σκόπει-πόσον
2616 4570 2712 4639 τῆς
2736 4571 3170 4645 ἐξομολογήσεως
3190 4581 3249 4631 τὸ
3266 4582 3472 4652 κέρδος.
3502 4587 3675 4657 Κατη-

2008 4651 2238 4740 γόρησεν
2257 4651 2471 4715 ἐαυτοῦ,
2491 4655 2582 4706 καὶ
2613 4657 2810 4720 εὐθέως
2839 4661 3114 4734 ἐκαθάρθη
3129 4684 3142 4694 ·
3158 4651 3372 4738 Ἐπειδή
3389 4673 3494 4740 γάρ
3511 4651 3678 4726 ταῦτα

2009 4735 2128 4788 εἷπε
2158 4739 2226 4789 τά
2265 4740 2508 4808 ῥήματα,
2552 4744 2880 4813 Ἀπεστιὶλη
2912 4751 3058 4815 πρός
3083 4769 3177 4818 με,
3223 4735 3409 4823 φησὶν,
3451 4735 3520 4810 ἐν
3563 4761 3678 4814 τῶν

2007 4829 2291 4918 Σεραξίμ,
2325 4830 2420 4883 καί
2443 4831 2511 4883 ἑν
2531 4831 2604 4899 τῇ
2626 4834 2775 4901 χειρί
2802 4838 2988 4890 αὑτοῦ
3014 4840 3177 4907 εἶχεν
3195 4843 3473 4912 ἄνθρακα,
3512 4849 3583 4902 ὃν
3606 4851 3677 4918 τῇ

2007 4913 2206 4970 λονϐίδι
2233 4916 2450 4970 ἔλαϐεν
2481 4920 2599 4972 ἀπὸ
2630 4922 2735 4974 τοῦ
2755 4927 3201 4993 θυσιαστηρίου.
3224 4931 3332 4985 Καὶ
3358 4933 3552 5002 ἥψατο
3575 4913 3677 4992 τοῦ

2007 5005 2304 5090 στόματός
2317 5022 2456 5071 μου,
2475 5006 2569 5058 καὶ
2593 5007 2779 5060 εἶπεν*
2813 5008 2955 5063 Ἰδοὺ
2988 5012 3184 5080 ἥψατο
3213 5018 3386 5072 τοῦτο
3416 5023 3531 5074 τῶν
3555 5043 3675 5090 χει-

2006 5089 2160 5142 λέων
2177 5093 2416 5153 σου,καί
2428 5093 2749 5159 άφελεῐτὰς
2762 5097 3008 5165 ἀνομίας
3024 5118 3159 5164 σου,
3169 5105 3380 5171 καὶτὰς
3393 5089 3677 5177 ἁμαρτίας

2006 5191 2121 5227 σου
2139 5177 2552 5263 περικαθαριεῖ.
2571 5179 2725 5263 Τινὲς
2741 5181 2837 5249 μέν
2858 5184 2966 5236 τῶν
2989 5191 3298 5258 μυστηρίων
3319 5194 3424 5244 τῶν
3451 5198 3671 5263 μελλόν-

2005 5280 2111 5313 των
2129 5263 2367 5332 σύμϐολα
2379 5262 2548 5315 ταῦτα
2576 5261 2714 5319 εἷναί
2733 5287 2882 5337 φασι,
2903 5273 2960 5323 τὸ
2979 5273 3380 5348 θυσιαστήριον,
3409 5261 3466 5334 10
3489 5284 3597 5350 πῦρ
3619 5287 3674 5335 τὸ

2007 5350 2372 5418 ἐπικείμενον,
2417 5350 2512 5419 τὴν
2545 5352 2965 5428 διακονουμένην
2996 5360 3245 5432 δύναμιν,
3276 5367 3334 5417 τὸ
3368 5370 3424 5419 ἐν
3446 5370 3519 5437 τῷ
3552 5373 3669 5422 στό-

2011 5453 2139 5504 ματι
2169 5436 2425 5500 δίδοσθαι,
2463 5438 2523 5490 τὸ
2562 5440 2843 5511 καθαίρειν
2879 5445 2947 5497 τὰ
2990 5448 3390 5520 ἁμαρτήματαο
3435 5436 3590 5523 ἡμεῖς
3617 5460 3671 5510 δέ

2005 5524 2144 5584 τέως
2181 5523 2280 5588 τῆς
2324 5525 2563 5595 ἱστορίας
2593 5529 2850 5598 ἐχόμεθα,
2883 5535 2975 5585 καὶ
3008 5534 3298 5603 λέγομενά,
3324 5540 3463 5603 τίνος
3488 5544 3673 5598 ἕνεκεν

2005 5612 2162 5664 τοῦτο
2186 5613 2493 5683 γεγένηται.
2529 5616 2724 5669 Μέλλει
2758 5619 3066 5688 πέμπεσθαι
3101 5625 3232 5692 πρὸς
3271 5625 3358 5678 τὸν
3393 5629 3560 5698 δῆμον
3584 5634 3672 5686 τὸν

2071 5744 2094 5806 εξ
2198 5740 2364 5806 Bibliis
2399 5742 2580 5806 legitur
2605 5745 2683 5790 καὶ
2709 5745 2788 5791 τὸν
2810 5748 3004 5806 βασιλέα
3030 5750 3197 5804 Ιῗύριον
3223 5753 3437 5801 Σαϐαὼθ.

2049 5801 2096 5878 .Ῐ¹
2121 5801 2658 5878 ῌῨῖκ¹⁴ἶὲ⁴³¹η²υίηβ¹¹¹ἱ¹ί
2693 5801 2912 5878 δθῒίῖψε,
2945 5802 3154 5869 ibi-#59“
3178 5816 3256 5860 καὶ
3278 5817 3500 5878 λέγωμεν.
3533 5821 3674 5875 Uu-c-

2015 5866 2087 5913 vis
2111 5865 2248 5911 modo
2271 5865 2425 5925 legas,
2453 5866 2586 5913 locus
2618 5865 2745 5913 bene
2773 5867 2936 5916 habet.
