4044 6442
326 316 400 373 73
1100 311 1159 369 s.
1195 310 1479 371 JOANNIS
1514 300 2000 366 cnnvsos'rom
2036 299 2353 358 ARCIIIEP.
2392 293 2938 358 CONSTANTINOP.
3656 303 3728 359 74

328 427 637 494 Ἰουδαϊκὸν,
660 426 865 500 φοϐερά
893 445 1010 482 τινα
1035 426 1394 496 ἀπαγγέλλων
1427 425 1522 480 καὶ
1550 424 1818 493 ἀφόρητα.
1839 419 1984 489 Πέμο

319 543 484 580 πεται
519 525 694 581 τοίνυν
729 525 797 578 τά
831 524 1101 594 Σεραφὶμ,
1141 522 1281 576 ὥστε
1319 521 1484 591 φόϐου
1543 520 1636 572 καὶ
1668 514 1984 589 παρρησίας

326 619 485 674 αὐτὸν
524 616 822 689 ἐμπλῆσαι.
860 619 970 672 Καὶ
1026 619 1114 671 ἵνα
1172 617 1250 687 μὴ
1300 614 1691 688 προϐάλληται,
1732 611 1986 684 καθάπερ

324 715 580 784 Μωῦσῆς,
611 714 782 783 λέγων
809 713 1132 785 ίσχνόφωνος
1161 709 1319 776 εἶναι,
1348 712 1441 766 καὶ
1470 709 1758 782 Ἱερεμίας,
1787 707 1986 764 νεώτε-

324 826 418 881 ρος
444 805 602 871 εἶναι,
623 807 766 862 οὕτω
790 809 882 862 καὶ
906 803 1058 872 οὗτος
1083 807 1367 879 ἀκάθαρτα
1395 806 1550 876 χείλη
1583 804 1751 875 ἔχειν,
1786 803 1882 857 καὶ
1912 802 1988 874 μὴ

322 878 576 959 δύνασθαι
616 904 931 974 διακονῆσαι
966 906 1078 967 τοῖς
1113 878 1456 973 λεγομένοις’
1487 899 1705 970 ἔρχεται
1731 899 1799 954 τά
1828 878 2001 970 Σερασέ

324 999 431 1070 φὶμ
472 997 865 1070 ἐκκαθαίροντα
907 998 1072 1054 αὐτοῦ
1120 998 1187 1052 τὰ
1229 996 1625 1069 ἁμαρτήματα,
1672 995 1773 1049 οὐκ
1813 994 1989 1067 οἰκεία

323 1091 546 1163 δυνάμει
572 1093 749 1166 (τοῦτο
777 1095 883 1166 7&9
907 1094 1118 1166 Πατρὸς
1145 1094 1236 1148 καὶ
1261 1092 1393 1146 Υίοῦ
1423 1093 1517 1148 καὶ
1544 1091 1701 1161 ἁγίου
1743 1090 1989 1161 Πνεῦμα-

325 1204 416 1251 τος
457 1189 659 1260 μόνον),
687 1189 801 1244 ἀλλ’
825 1189 1175 1260 ἐπιτάγματι,
1219 1189 1312 1242 καὶ
1353 1187 1498 1240 δόσει
1531 1188 1641 1241 τῶν
1680 1187 1984 1258 ἀνθράκων.

325 1282 403 1335 Οὐ
457 1283 566 1354 γάρ
617 1278 787 1351 εἶπεν,
827 1283 956 1337 Ἰδοὺ
997 1282 1214 1353 ἀφαιρῶ
1252 1279 1387 1352 ἐγὼ,
1436 1280 1573 1346 ἀλλ’,
1619 1279 1774 1336 Ἰδοὺ
1813 1279 1988 1334 τοῦτο

325 1378 652 1447 ἀφαιρεῖται
687 1380 794 1446 τὰς
831 1381 1082 1448 ἀνομίας
1112 1394 1251 1444 σου,
1295 1378 1393 1433 καί
1425 1378 1533 1445 τὰς
1563 1377 1850 1448 ἁμαρτίας
1872 1392 1988 1431 σου

326 1474 742 1543 περικαθαριεῖ,
777 1473 864 1527 διὰ
896 1474 959 1527 τὸ
992 1473 1271 1544 ἐπίταγμα
1317 1471 1414 1526 τοῦ
1449 1471 1783 1544 πέμψαντος.
1832 1471 1989 1536 Τίνος

325 1568 383 1621 δέ
415 1566 597 1622 ἕνεκεν
621 1569 679 1620 ἐν
699 1571 767 1639 τῇ
792 1568 968 1623 λαϐίδι
1010 1569 1078 1622 τὰ
1121 1569 1370 1640 Σεραφὶμ
1405 1567 1564 1621 ἔλαϐε
1587 1567 1679 1621 τὸν
1707 1566 1985 1638 ἄνθρακας

326 1663 401 1716 UO
429 1663 537 1736 7&9
560 1664 625 1736 δὴ
663 1666 696 1735 ή
719 1664 1008 1736 ἀσώματος
1035 1664 1263 1736 δύναμις
1284 1661 1744 1734 ἐγκατακαίεσθαι
1768 1661 1990 1734 ἔμελλεν

327 1757 436 1811 ὑπὸ
459 1759 567 1812 τῶν
597 1759 902 1831 ἀνθράκων.
940 1760 1096 1825 Τίνος
1129 1760 1315 1815 ἐνεκεν
1339 1757 1516 1813 ταῦτα
1545 1758 1868 1829 γεγένηται;
1894 1757 1994 1812 Διά

329 1854 534 1927 πολλὴν
564 1855 991 1924 ωγκατάϐασιν.
1022 1853 1122 1911 Διά
1148 1856 1212 1927 δὴ
1244 1854 1401 1910 τοῦτο
1432 1855 1524 1910 καὶ
1546 1854 1656 1909 ἀπὸ
1677 1853 1771 1907 τοῦ
1803 1854 1994 1908 θυσια-

332 1951 555 2024 στηρίου
591 1951 884 2022 λαμϐάνει,
935 1950 1064 2005 ἔνθα
1105 1952 1164 2005 αί
1222 1950 1403 2006 θυσίαι
1450 1949 1869 2023 προσεφέροντο,
1901 1950 1995 2003 καὶ

329 2049 379 2101 οί
427 2048 702 2118 καθαρμοὶ
753 2049 860 2102 τῶν
905 2046 1334 2118 ἁμαρτημάτων.
1389 2046 1454 2100 Εἰ
1507 2045 1566 2100 δέ
1621 2046 1818 2116 λέγοις,
1870 2045 1996 2110 Πῶς

330 2144 392 2197 τὸ
433 2143 606 2213 στόμα
656 2144 716 2197 ού
773 2143 1018 2212 κατεκάη
1075 2141 1171 2196 τοῦ
1226 2143 1550 2213 προφήτου;
1607 2139 1839 2212 μάλιστα
1897 2141 1996 2211 μὲν

294 2238 414 2290 ’ὅτι
456 2238 575 2290 οὐδὲ
626 2237 739 2307 πῦρ
787 2236 1042 2305 αἰσθητὸν
1093 2231 1163 2308 ἦν
1207 2234 1267 2288 τὸ
1313 2233 1664 2306 φαινόμενον·
1705 2235 1881 2298 ἄλλως
1917 2235 1993 2302 δέ,

332 2333 464 2386 ὃταν
494 2335 522 2385 6
547 2332 678 2395 Θεὸς
703 2330 1002 2404 ἐργάζηται
1034 2347 1106 2399 τι,
1136 2330 1212 2402 μὴ
1243 2328 1708 2402 πολυπραγμόνει,
1742 2330 1876 2401 μηδέ
1905 2347 1999 2384 πε-

337 2425 647 2498 ριεργάζου.

405 2531 466 2578 ε’.
491 2525 600 2578 Καὶ
628 2523 736 2595 7&9
764 2522 1019 2593 ἐνεργοῦν
1056 2523 1150 2578 καὶ
1175 2523 1431 2594 αἰσθητὸν
1462 2521 1572 2595 πῦρ
1603 2522 1849 2595 σώμασιν
1874 2523 1999 2594 ὁμι-

337 2618 528 2688 λῆσαν,
550 2617 617 2670 τά
647 2617 741 2669 τοῦ
771 2617 942 2688 πυρὸς
971 2616 1071 2670 οὐκ
1091 2616 1420 2683 ἐπεδείξατο.
1452 2618 1515 2669 Εί
1539 2617 1597 2670 δέ
1627 2615 1755 2670 ἔνθα
1788 2616 1999 2687 κλημα-

335 2715 478 2777 τίδες
511 2713 605 2766 καὶ
631 2713 819 2775 πίσσα,
843 2712 946 2782 τῆς
972 2711 1177 2775 οἰκείας
1206 2710 1500 2764 ἐπελάθετο
1533 2710 1746 2780 φύσεως
1773 2711 1807 2780 ή
1845 2710 1996 2780 φλὸξ,

336 2807 391 2861 τί
424 2807 742 2878 θαυμάζεις,
762 2809 810 2860 εί
837 2806 930 2860 νῦν
953 2806 1220 2876 τοσαύτης
1237 2804 1688 2878 παραδοξοποιίας
1708 2805 2001 2876 γενομένης

338 2901 631 2973 ἐκάθηρεν,
655 2901 769 2955 ἀλλ’
804 2902 905 2955 οὐκ
934 2900 1129 2954 ἔκαυσε
1163 2900 1310 2954 τουτὶ
1348 2899 1408 2952 τὸ
1437 2899 1582 2970 πῦρ;
1619 2899 1730 2954 Καὶ
1767 2898 2003 2967 ἤκουσα

339 2997 452 3067 τῆς
477 2997 683 3067 φωνῆς
709 2997 934 3066 Κυρίου
965 2995 1284 3065 λέγοντος·
1333 2994 1473 3049 Τίνα
1507 2994 1825 3050 ἀποστελῶ
1847 3033 1862 3059 ,
1907 2995 2004 3047 καὶ

341 3095 436 3159 τίς
475 3094 833 3162 πορεύσεται
875 3092 1026 3161 πρὸς
1048 3092 1159 3146 τὸν
1176 3091 1326 3145 λαὸν
1359 3091 1604 3155 τοῦτον;
1641 3092 1804 3162 Ὁρᾷς
1843 3093 2007 3144 πόσον

342 3191 540 3260 ήνυσεν
571 3192 605 3260 η
631 3189 774 3260 ϐψις,
817 3189 980 3242 πόσον
1011 3187 1371 3258 κατώρθωσεν
1401 3189 1430 3240 ό
1451 3187 1642 3256 φόϐος;
1674 3186 1787 3258 [70]
1816 3187 2007 3240 Καίτοι

342 3283 407 3355 γε
454 3286 550 3340 καὶ
582 3286 672 3340 ἐπὶ
704 3284 983 3346 Μωῦσέως
1033 3281 1275 3336 τοιοῦτόν
1313 3299 1367 3335 τι
1399 3282 1654 3351 γέγονεν’
1700 3283 1748 3334 εί
1789 3283 1897 3354 7&9
1931 3282 2006 3352 μὴ

343 3377 594 3452 Σεραφὶμ
624 3379 821 3450 ἐφάνη,
857 3378 990 3448 μηδέ
1020 3377 1179 3439 αὐτὸς
1211 3376 1507 3446 ἐπὶθρόνου
1536 3375 1866 3446 καθήμενος,
1891 3375 2006 3430 ἀλλ’

346 3476 495 3545 ὅμως
523 3474 707 3544 ἕτερον
726 3471 1027 3544 παράδοξον
1054 3470 1230 3541 θέαμα
1247 3471 1366 3524 τότε
1392 3469 1605 3542 ἐδείχθη
1624 3470 1704 3542 τῷ
1730 3471 2004 3542 προφήτῃ,

347 3568 442 3623 καὶ
461 3568 719 3630 τοιοῦτον,
756 3567 831 3628 ὡς
862 3566 1068 3636 μηδένα
1087 3564 1403 3636 ἀντιϐλέψαι
1420 3564 1715 3636 δυνηθῆναι
1733 3563 1810 3634 τῷ
1825 3581 2006 3633 φαινο-

351 3662 516 3734 μένῳ.
542 3662 611 3717 ἰι
623 3662 735 3731 γὰρ
754 3660 944 3726 βάτος
957 3661 1211 3726 ἐκαίετο,
1233 3661 1388 3731 φησὶ,
1410 3661 1509 3713 καί
1542 3663 1614 3715 οὐ
1639 3661 2005 3714 κατεκαίετο.

363 3760 497 3813 Ἀλλ’
521 3761 668 3829 ὅμως
690 3759 783 3812 καὶ
823 3759 938 3828 μετ’
963 3758 1147 3810 ἐκεῖνα
1201 3757 1295 3810 καὶ
1349 3755 1448 3827 τὴν
1490 3756 1691 3827 πολλὴν
1738 3756 1834 3809 τοῦ
1876 3755 2009 3810 Θεοῦ

351 3853 672 3925 παραίνεσιν
693 3854 725 3906 6
765 3852 938 3922 μέγας
971 3850 1257 3905 ἀναδύεται
1284 3849 1544 3922 Μωῦσῆς,
1571 3851 1666 3904 καὶ
1689 3851 2009 3921 σκήπτεται,

351 3950 445 4003 καὶ
491 3949 691 4020 μυρίας
724 3946 928 4000 ἐπινοεῖ
975 3948 1281 4018 προφάσεις
1332 3946 1736 4018 παραιτήσεως,
1789 3945 1964 4014 λέγων
1995 3962 2010 3977 ο

364 4040 765 4114 ἰσχνόςσωνδς
792 4044 908 4118 ειμι
940 4041 1040 4095 καί
1059 4039 1574 4110 βραδύγλωσσος·
1621 4043 1736 4106 καὶ,
1771 4041 2017 4110 Προχεί-

347 4155 517 4210 ρισαι
559 4137 641 4193 σὺ
674 4137 890 4200 ἄλλον,
920 4135 992 4188 ὃν
1027 4133 1479 4200 ἐξαποστελεῗς.
1517 4135 1629 4188 Καὶ
1664 4135 1928 4207 Ἱερεμίας
1960 4136 2016 4189 δὲ

354 4237 454 4307 τήν
495 4234 710 4306 ήλικίαν
754 4230 1135 4303 προϐάλλεται.
1189 4231 1301 4284 Καὶ
1345 4227 1608 4300 Ἰεζεκιὴλ
1659 4231 1718 4284 δὲ
1767 4232 1904 4302 μετὰ
1959 4231 2017 4285 τὸ

356 4329 733 4398 κελευσθῆναι,
760 4326 899 4380 ἐπτά
941 4324 1205 4397 διατρίϐει
1238 4325 1365 4396 περὶ
1387 4325 1478 4377 τὸν
1508 4325 1751 4394 ποταμὸν
1785 4325 2014 4394 ἡμέρας,

355 4425 717 4494 ἀναδυόμενος
746 4422 839 4476 καὶ
865 4421 1058 4475 ὀκνῶν.
1084 4421 1174 4475 Διὸ
1208 4420 1300 4473 καὶ
1326 4419 1425 4491 τὴν
1453 4419 1767 4492 παραϐολὴν
1804 4421 2016 4492 ἐκείνην

361 4520 697 4592 προσέθηκεν
724 4519 752 4571 6
779 4517 910 4580 Θεὸς
927 4516 1100 4585 λέγων
1122 4533 1136 4550 ο
1159 4515 1398 4570 Σκοπὸν
1422 4514 1655 4569 δέδωκά
1674 4529 1749 4570 σε
1780 4515 1859 4581 τῷ
1881 4517 2022 4581 οτκῳ

376 4618 619 4687 Ἰσραήλ
638 4633 653 4649 ·
679 4618 794 4682 καὶ,
812 4617 893 4669 ὅτι
946 4614 1065 4683 Τὴν
1100 4615 1312 4682 ψυχὴν
1341 4614 1541 4669 αὐτῶν
1570 4614 1639 4668 ἐκ
1673 4615 1871 4683 χειρός
1905 4627 2022 4669 σου

365 4716 688 4786 ἐκζητήσω.
731 4715 914 4777 Ἰωνᾶς
942 4713 999 4766 δέ
1031 4713 1092 4766 ού
1124 4713 1285 4783 μόνον
1328 4716 1679 4784 παρῃτήσατο
1703 4754 1719 4781 ,
1767 4713 1902 4767 ἀλλά
1933 4714 2026 4766 καὶ

370 4812 750 4882 ἐδραπέτευσε.
783 4810 848 4863 Τί
875 4803 1008 4874 οὖν;
1037 4807 1433 4879 τολμηρότερος
1473 4808 1690 4862 πάντων
1714 4811 1742 4862 ό
1779 4809 2024 4873 Ἡσαΐας,

372 4910 466 4962 καὶ
507 4908 782 4969 Μωῦσέως
817 4905 912 4958 τοῦ
961 4904 1225 4975 μεγάλου;
1268 4905 1378 4958 Καὶ
1424 4903 1506 4965 τίς
1544 4903 1611 4957 ἂν
1655 4904 1812 4957 τοῦτο
1837 4901 2028 4972 εἴποις

374 5003 544 5056 Πόθεν
577 4999 667 5056 οὖν
697 5003 1045 5071 κελευόμενος
1084 5001 1288 5061 ἐκεῖνος
1341 4998 1613 5058 ἀνεδύετο,
1671 4993 1823 5060 οὗτος
1861 4998 1917 5050 δέ
1956 4999 2029 5070 μὴ

377 5095 621 5167 φανερῶς
650 5093 924 5163 ἐπιταγεὶς
951 5094 1300 5164 είσεπήδησεν
1320 5109 1335 5157 ;
1354 5091 1486 5144 Ούδέ
1512 5091 1618 5161 γὰρ
1637 5087 1789 5144 εἶπεν
1808 5094 2032 5157 ,Ἄπελο

379 5191 466 5244 θε·
486 5190 620 5244 ἀλλά
653 5188 743 5241 τοῦ
781 5188 913 5241 Θεοῦ
941 5189 1207 5256 λέγοντος,
1257 5190 1395 5242 Τίνα
1425 5186 1771 5250 ἀποστελῶ;
1816 5188 2030 5257 ἥρπασε

381 5289 440 5343 τὸ
472 5287 762 5355 ἐπίταγμα.
801 5285 959 5347 Τινές
998 5285 1096 5353 μὲν
1121 5281 1213 5338 οὖν
1239 5302 1422 5354 φασιν,
1469 5285 1549 5337 ὅτι
1572 5282 1759 5354 ἐπειδὴ
1791 5283 2028 5354 ἥμαρτε,

381 5385 470 5437 τὸν
501 5383 678 5446 ὐζίαν
696 5381 795 5434 οὐκ
823 5379 1046 5447 ἐλέγξας
1077 5379 1502 5450 κατατολμῶντα
1518 5380 1626 5434 τῶν
1650 5380 1878 5444 ἀδύτων,
1895 5381 2032 5453 ὑπὲρ

383 5481 594 5550 ἐκείνης
637 5477 949 5549 βουλόμενος
992 5477 1432 5547 ἀπολογήσασθαι
1473 5481 1571 5549 τῆς
1622 5481 1914 5552 ἁμαρτίας,
1967 5486 2030 5553 τῇ

387 5576 524 5644 μετά
553 5575 724 5627 ταῦτα
749 5573 1022 5646 προθυμίᾳ
1049 5574 1143 5642 τῆς
1184 5574 1429 5644 ὑπακοῆς
1471 5576 1778 5646 ἐπεπήδησε
1807 5577 2011 5646 ταχέως

382 5665 518 5718 ὥστε
540 5667 918 5731 ἐεξιλεώσασθαι
947 5671 1031 5726 τὸν
1053 5670 1202 5727 Θεόν.
1219 5671 1314 5726 Διά
1331 5671 1439 5744 7&9
1459 5673 1613 5728 τοῦτο
1632 5674 1722 5729 καὶ
1750 5670 2034 5744 ἀκάθαρτα

2084 423 2154 475 τὰ
2199 422 2349 493 χείλη
2392 422 2558 477 αὐτοῦ
2591 424 2774 493 ἔλεγεν
2821 417 2993 491 εἶναι,
3035 422 3124 478 διά
3170 427 3232 479 τὸ
3267 421 3734 497 ἀπαρρησίαστον.

2099 515 2237 568 Ἀλλ’
2274 517 2374 570 οὐκ
2406 518 2474 573 ἀν
2523 519 2860 593 ἀνασχοίμην
2897 520 3006 575 τῶν
3040 518 3212 574 ταῦτα
3255 519 3551 589 λεγόντων·
3585 517 3736 582 ἀξιο-

2084 613 2399 684 πιστότερος
2424 613 2533 686 γάρ
2547 615 2724 669 αὐτῶν
2739 618 2767 669 6
2793 614 3023 679 Παῦλος,
3043 617 3071 670 6
3089 615 3359 688 τολμητὴν
3376 613 3539 667 αὑτὸν
3554 611 3739 666 καλῶν

2085 711 2180 766 ναὶ
2208 711 2406 782 λέγων·
2444 715 2690 781 Ἡσαΐας
2709 715 2778 769 δὲ
2809 713 3116 784 ἀποτολμᾷ
3142 714 3241 769 καί
3277 713 3460 784 λέγει.
3486 711 3584 766 Διά
3603 710 3739 780 γοῦν

2084 802 2243 858 τοῦτο
2262 805 2380 858 οὐδὲ
2395 804 2473 877 τῷ
2502 806 2684 876 κοινῷ,
2715 805 2790 870 ῶς
2806 823 2956 876 φασι,
2984 806 3131 876 νόμῳ
3145 806 3241 878 τήν
3258 804 3400 876 ζωὴν
3422 803 3735 866 κατέλυσεν,

2084 898 2221 952 ἀλλά
2249 899 2633 971 χαλεπωτάτην
2658 899 2862 971 ὑπέστη
2890 899 3172 970 τιμωρίαν,
3201 898 3310 953 τῶν
3343 897 3612 952 Ἰουδαίων
3639 896 3741 948 οὐκ

2086 998 2410 1069 ἐνεγκόντων
2443 997 2606 1051 αὑτοῦ
2652 997 2752 1069 τήν
2794 997 3124 1068 παρρησίαν.
3157 996 3337 1068 Χωρὶς
3381 995 3438 1049 δέ
3469 995 3674 1049 τούτων
3706 1005 3735 1034 ι

2086 1068 2207 1146 ὂύδέ
2232 1108 2395 1164 φησιν
2417 1092 2451 1161 ή
2481 1091 2669 1164 Γραφή
2699 1068 2822 1158 που,
2853 1093 2934 1145 ὅτι
2966 1094 3167 1163 παρῆν,
3193 1091 3354 1161 ἡνίκα
3380 1089 3450 1144 τά
3489 1089 3628 1145 κατὰ
3647 1086 3744 1143 τὸν

2099 1187 2192 1252 ’οζ
2197 1188 2281 1243 ίαν
2308 1187 2543 1258 ἐγένετο,
2577 1189 2671 1242 καὶ
2695 1189 2881 1261 παρὼν
2905 1187 3080 1257 ἐσίγα,
3109 1187 3224 1242 ἀλλ’
3254 1185 3464 1241 οἴκοθεν
3491 1186 3586 1241 καὶ
3608 1183 3741 1256 παρ’

2087 1283 2294 1338 ἐαυτῶν
2319 1283 2492 1338 ταῦτα
2521 1285 2571 1337 οί
2599 1283 2846 1352 λέγοντες
2874 1283 3242 1354 στοχάζονται.
3274 1280 3341 1335 Τί
3367 1275 3461 1336 οῦν
3493 1281 3637 1335 ἐστιν
3662 1280 3742 1333 εί-

2087 1379 2238 1444 πεῖνς
2272 1379 2393 1432 Ὀτι
2427 1379 2526 1432 οὐκ
2556 1374 2621 1450 ἢν
2645 1380 2758 1432 ῐσον
2792 1378 2854 1431 τὸ
2907 1378 3183 1442 Μωῦσέως
3220 1377 3314 1432 καὶ
3343 1375 3519 1431 τοῦτο.
3551 1375 3609 1429 Ὀ
3640 1373 3743 1446 μιν

2088 1473 2198 1546 7&9
2221 1476 2301 1538 είς
2328 1473 2612 1543 ἀλλοτρίαν
2659 1473 2935 1544 ἐπέμπετο
2965 1474 3059 1528 καὶ
3093 1474 3171 1536 είς
3223 1471 3497 1544 βάρϐαρον
3532 1469 3740 1543 χώραν,

2087 1570 2184 1624 καὶ
2211 1569 2344 1641 πρὸς
2367 1568 2648 1639 τύραννον,
2677 1569 2771 1622 καὶ
2803 1569 3141 1639 μαινόμενον,
3163 1569 3257 1623 καὶ
3269 1567 3542 1623 λυττῶντα
3559 1561 3744 1632 ὀὗτος

2088 1664 2146 1719 δέ
2175 1663 2310 1737 πρὸς
2341 1667 2467 1730 τοὺς
2509 1666 2761 1730 οἰκείους,
2796 1665 2891 1720 καὶ
2928 1664 3184 1729 πολλάκις
3209 1664 3526 1735 ἀκηκοότας,
3557 1663 3652 1718 καὶ
3685 1663 3745 1717 ἐν

2091 1759 2269 1832 πολλῷ
2294 1761 2678 1826 παιδευθέντας
2716 1762 2917 1833 χρόνῳο
2953 1761 3045 1816 καὶ
3073 1762 3134 1814 οὐ
3164 1761 3263 1831 τῆς
3301 1760 3468 1831 αὐτῆς
3500 1759 3744 1832 ἀνδρείας

2089 1852 2161 1928 ἦν
2184 1857 2247 1912 τὸ
2273 1858 2576 1914 ὑπακοῦσαι
2606 1860 2722 1912 ἐκεῖ
2750 1875 2810 1910 τε
2843 1858 2936 1912 καὶ
2977 1856 3226 1910 ἐνταῦθα.
3257 1856 3414 1921 Τινές
3444 1856 3502 1910 δέ
3543 1873 3707 1927 φασιν
3728 1891 3741 1909 .

2091 1952 2174 2006 ὅτι
2200 1953 2296 2007 καὶ
2326 1954 2510 2026 ἐτερόν
2535 1973 2586 2008 τι
2628 1953 2775 2025 αὐτῷ
2798 1954 2897 2025 τὴν
2935 1953 3240 2025 προθυμίαν
3276 1951 3496 2024 ἐποίησε
3519 1950 3742 2022 ταύτην.

2106 2049 2321 2119 Ἐπειδὴ
2342 2050 2451 2121 7&9
2467 2050 2605 2122 ὑπέρ
2621 2067 2679 2104 τε
2705 2049 2897 2104 ἐαυτοῦ
2917 2049 3007 2104 καὶ⁸
3027 2048 3119 2102 τοῦ
3135 2045 3264 2102 λαοῦ
3281 2045 3745 2118 ἐξωμολογήσατο,

2093 2143 2188 2198 καὶ
2216 2144 2283 2198 τά
2320 2145 2567 2215 Σεραφὶμ
2595 2138 2733 2198 εἶδεν
2752 2143 3137 2207 ἀποσταλέντα,
3155 2142 3249 2196 καὶ
3268 2139 3643 2213 ἐκκαθάραντα
3658 2139 3749 2194 αὑ-

2093 2240 2186 2294 τοῦ
2200 2239 2267 2294 τά
2277 2239 2450 2312 χείλη,
2465 2239 2860 2310 προσδοκήσας,
2873 2239 2952 2294 δτι
2969 2239 3063 2292 καὶ
3076 2237 3154 2309 τῷ
3169 2237 3280 2308 λαῷ
3293 2235 3464 2290 ταῦτα
3480 2235 3752 2306 συμϐήσε-

2094 2353 2203 2401 ται,
2230 2337 2323 2390 καὶ
2340 2335 2510 2390 ταῦτα
2551 2334 2906 2389 ἀπελεύσεται
2933 2331 3304 2401 ἀπαγγέλλων,
3332 2329 3625 2401 προθύμως
3646 2332 3753 2401 ᾕρ-

2096 2447 2236 2486 πασε
2257 2431 2316 2484 τὸ
2346 2429 2765 2500 λεχθέν.Ὦσπερ
2788 2428 2893 2502 7&9
2917 2425 3030 2499 ΓΗ]
3050 2423 3188 2497 ἦσαν
3217 2425 3469 2495 φιλόθεοι,
3489 2423 3631 2479 οὕτω
3655 2426 3751 2479 καὶ

2099 2527 2438 2598 φιλόστοργοι
2472 2527 2706 2597 μάλιστα
2729 2524 2938 2580 πάντων
2959 2521 3261 2595 ἀνθρώπων
3286 2525 3336 2576 οί
3371 2522 3534 2592 ἀγιοι.
3574 2521 3753 2576 Ἐλπί-

2101 2637 2199 2685 σας
2225 2616 2317 2675 οὖν
2341 2621 2493 2674 λύσιν
2507 2620 2629 2673 τινὰ
2652 2619 2758 2673 τῶν
2773 2616 2953 2672 κάκῶν
2967 2618 3315 2686 ἀπαγγελεῖν.
3330 2617 3638 2688 ἐπεπήδησε
3650 2633 3749 2669 τα-

2099 2716 2256 2785 χέως,
2281 2715 2373 2770 καί
2394 2731 2557 2785 φησιν
2573 2731 2585 2743 ·
2615 2713 2758 2768 Ἰδοὺ
2778 2712 3036 2783 ἐτηώειμι.
3053 2714 3414 2768 ἀπόστειλόν
3422 2728 3518 2782 με.
3541 2711 3752 2774 Ἄλλως

2098 2810 2153 2863 δὲ
2168 2807 2260 2863 καὶ
2275 2809 2449 2881 ψυχὴν
2465 2809 2669 2881 σφόδρα
2683 2808 2815 2880 πρὸς
2830 2807 3103 2870 κινδύνους
3120 2806 3598 2878 παρατεταγμένην
3611 2801 3747 2876 εἶχεο

2099 2906 2194 2960 καὶ
2210 2906 2364 2975 δῆλον
2397 2904 2559 2959 αὐτοῦ
2581 2903 2736 2958 τοῦτο
2747 2903 2809 2957 τὸ
2829 2899 2958 2975 ἦθος
2977 2901 3063 2956 διά
3081 2903 3262 2973 πάσης
3286 2902 3383 2974 τῆς
3408 2902 3747 2976 προφητείας

2102 2999 2266 3053 ἐστίν.
2296 3000 2448 3053 Ἐπεὶ
2467 2993 2559 3052 οὖν
2574 2999 2838 3069 ὑπέσχετο
2868 2996 3277 3063 ἀπελεύσεσθαι,
3308 2996 3401 3051 καὶ
3436 2996 3535 3052 οὐκ
3551 2997 3752 3069 ἐτόλμα

2102 3094 2285 3148 λοιπὸν
2317 3094 2628 3157 ἀνανεῦσαι,
2658 3093 2775 3146 τότε
2798 3091 2982 3146 ἀκούει
3014 3093 3079 3146 τά
3104 3091 3336 3164 λυπηρά.
3375 3092 3482 3146 Καὶ
3510 3091 3620 3164 γάρ
3654 3094 3753 3147 καὶ

2102 3193 2131 3244 6
2149 3190 2280 3255 Θεὸς
2297 3191 2458 3245 αὐτὸν
2483 3189 2661 3260 σοφῶς
2693 3189 3076 3260 μετεχείρισεν.
3101 3190 3173 3243 Οὐ
3199 3190 3307 3260 7&9
3328 3189 3386 3254 ἐξ
3413 3189 3585 3260 ἀρχῆς
3607 3185 3752 3255 εἷπε,

2104 3286 2433 3357 Πορεύθητι,
2461 3287 2554 3340 καὶ
2591 3286 2712 3338 εἰπέ
2731 3301 2746 3317 ο
2777 3284 2909 3338 ἀλλά
2948 3285 3206 3356 πρότερον
3238 3284 3507 3355 μετέωρον
3527 3285 3756 3355 ποιήσας

2103 3380 2165 3433 τὸ
2209 3382 2505 3451 ἐπίταγμα,
2556 3381 2651 3434 καὶ
2687 3379 2878 3448 ἀδηλον
2930 3381 3027 3448 τῆς
3059 3380 3356 3450 ἀποστολῆς
3401 3378 3494 3433 τὸν
3529 3379 3752 3450 τρόπον.

2117 3476 2332 3546 Ἐπειδὴ
2352 3473 2380 3512 ι’
2403 3475 2598 3546 ῥαδίως
2627 3476 2919 3545 ὑπήκουσε,
2938 3473 3084 3542 λέγει
3107 3473 3174 3528 τά
3197 3472 3610 3545 καταληψόμενα
3630 3475 3756 3538 τοὺς

2118 3569 2402 3633 Ἰουδαίους
2439 3569 2604 3624 κακά.
2637 3569 2769 3623 Τίνα
2807 3568 2865 3622 δέ
2897 3568 3065 3622 ταῦτα
3095 3563 3191 3639 ἦν;
3223 3568 3564 3635 Πορεύθητι,
3595 3568 3752 3636 φησὶ,

2108 3666 2207 3720 καὶ
2241 3665 2371 3720 είπὲ
2390 3664 2472 3731 τῷ
2496 3664 2623 3730 λαῷ
2648 3665 2834 3731 τούτῳ
2856 3681 2871 3695 ο
2915 3664 2970 3717 Ἀ
2983 3661 3094 3730 κοῇ
3125 3662 3431 3726 ἀκούσετε,
3460 3661 3561 3716 καί
3578 3663 3651 3717 οὐ
3667 3662 3755 3731 μὴ

2107 3759 2358 3830 συνῆτε
2386 3760 2484 3814 καὶ
2511 3760 2847 3824 βλέποντες
2867 3755 3152 3826 βλέψετε,
3199 3756 3299 3810 καί
3341 3757 3412 3811 οὐ
3453 3755 3540 3826 μὴ
3568 3757 3751 3826 ιδητε.

2121 3856 2456 3924 Ἐπαχύνθη
2491 3855 2599 3922 γὰρ
2636 3856 2673 3921 ἡ
2697 3853 2906 3920 καρδία
2925 3851 3030 3906 τοῦ
3066 3850 3218 3906 λαοῦ
3251 3851 3484 3914 τούτου,
3513 3851 3611 3908 καί
3633 3851 3758 3919 τοῖς

2107 3950 2259 4005 ὠσίν
2297 3946 2497 4004 αὐτῶν
2517 3946 2751 4015 ,βαρέως
2791 3943 3087 4014 ἥκουσαν,
3115 3946 3212 4000 καί
3234 3945 3376 4012 τοὺς
3413 3947 3759 4016 ὀφθαλμοὺς

2109 4045 2306 4100 αὐτῶν
2346 4043 2725 4111 ἐκάμμυσαν,
2753 4043 2985 4111 μήποτε
3020 4041 3190 4095 ιδωσι
3239 4041 3365 4108 τοῖς
3409 4041 3757 4113 ὀφθαλμοῖς,

2113 4139 2211 4192 καί
2234 4138 2358 4204 τοῖς
2385 4138 2536 4191 ὠσίν
2555 4136 2882 4200 ἀκούσωσι,
2904 4135 3000 4187 καί
3028 4133 3102 4203 τῇ
3126 4135 3338 4204 καρδίᾳ
3369 4135 3622 4204 συνῶσι,
3657 4137 3758 4192 καί

2112 4232 2535 4301 ἐπιστρέψωσι,
2567 4231 2666 4283 καί
2694 4230 2939 4298 ίάσωμαι
2961 4230 3200 4295 αὐτούς.
3232 4229 3414 4283 Ταῦτα
3440 4229 3557 4283 οὐδέ
3582 4232 3759 4302 ἑρμη-

2112 4327 2262 4388 νείας
2295 4322 2447 4396 οἶμαι
2482 4325 2709 4388 δεῖσθαι,
2744 4324 2853 4376 τῶν
2883 4323 3126 4394 ἀκριϐῶς
3169 4323 3339 4377 ταῦτα
3362 4324 3758 4395 ἐπισταμένων,

2114 4421 2487 4494 προλαϐόντων
2504 4420 2597 4473 καὶ
2631 4418 3050 4489 ἐξηγησαμένων
3087 4417 3245 4483 αύτά,
3292 4416 3535 4473 Ἰωάννου
3578 4434 3639 4471 τε
3664 4417 3758 4472 τοῦ

2131 4519 2245 4573 υίοῦ
2277 4519 2373 4589 τῆς
2403 4517 2651 4589 βροντῆς,
2682 4517 2776 4569 καὶ
2803 4516 3017 4569 Παύλου
3042 4517 3136 4570 τοῦ
3173 4516 3239 4569 τά
3261 4516 3462 4571 παλαιά
3485 4516 3577 4570 καὶ
3601 4517 3763 4571 καινά

2121 4615 2256 4685 μετά
2281 4613 2566 4684 ἀκριϐείας
2584 4611 2802 4674 είδότος.
2818 4610 2876 4664 '0
2892 4611 2987 4680 μέν
2998 4610 3103 4682 γὰρ
3120 4612 3175 4664 ἐν
3193 4613 3259 4682 τῇ
3285 4611 3466 4682 Ῥώμῃ
3487 4611 3622 4682 πρὸς
3636 4613 3763 4676 τοὺς

2121 4707 2466 4770 συνελθόντας
2499 4706 2615 4775 μέν,
2650 4705 3101 4775 ἀποπηδήσαντας
3119 4705 3195 4769 δέ,
3232 4705 3322 4759 καὶ
3343 4705 3440 4758 οὐκ
3465 4704 3765 4774 ἀνασχομέ-

2120 4821 2240 4866 νους
2265 4801 2373 4855 τῶν
2400 4800 2724 4870 λεγομένων,
2759 4799 3080 4870 δημηγορῶν
3109 4799 3274 4868 ἔλεγε·
3303 4798 3509 4865 Καλῶς
3543 4798 3674 4854 εἴη
3695 4800 3762 4855 τὸ

2120 4897 2359 4964 Πνεῦμα
2378 4895 2442 4948 τὸ
2464 4893 2650 4962 ἅγιονο
2682 4890 2849 4960 Ἀκοῇ
2873 4893 3185 4956 ἀκούσετε,
3207 4894 3303 4948 καί
3321 4896 3390 4948 οὐ
3404 4893 3489 4963 μὴ
3513 4893 3761 4962 συνῆτε.

2133 4993 2190 5044 '0
2220 4991 2274 5044 δέ
2296 4991 2392 5059 τῆς
2419 4987 2644 5058 βροντῆς
2689 4988 2819 5053 υίὸς,
2847 4989 3032 5058 ἐπειδὴ
3064 4988 3309 5059 θαύματα
3333 4986 3533 5058 ἐώρων,
3550 4989 3644 5041 καὶ
3667 4989 3766 5043 οὐκ

2123 5086 2422 5149 ἐπίστευον,
2450 5083 2541 5136 καὶ
2571 5081 2854 5151 δογμάτων
2887 5083 3100 5153 ήκουον,
3139 5082 3231 5135 καὶ
3257 5081 3315 5133 ού
3342 5084 3628 5151 προσεῖχον
3650 5083 3766 5152 (ἀν-

2126 5182 2319 5250 έστησε
2359 5179 2466 5247 γὰρ
2499 5175 2747 5248 Λάζαρον
2784 5177 2812 5229 6
2845 5176 3099 5249 Χριστὸς,
3132 5175 3223 5228 καί
3253 5174 3459 5228 ἀνελεῖν
3491 5173 3653 5229 αὐτὸν
3679 5176 3772 5230 ἐπ-

2147 5407 2177 5474 ’.
2194 5411 2220 5439 ι
2237 5405 2389 5466 Χωρὶς
2410 5405 2462 5474 δὲ
2483 5403 2680 5474 τούτων.
2709 5406 2826 5455 Hec
2845 5407 2915 5454 sic
2937 5407 3173 5474 cqnverlil
3192 5405 3480 5474 Tilm_annns
3500 5401 3770 5474 :_E:§cepl§s

2127 5464 2256 5516 hisce
2272 5464 2546 5527 πειραθῆναι.
2571 5466 2835 5527 Perperam
2857 5467 3088 5527 omnino;
3126 5479 3251 5523 nam,
3277 5471 3341 5527 ιιι⁸
3358 5476 3419 5527 e_x
3442 5464 3572 5511 serie
3599 5464 3767 5523 liquet,

2128 5524 2433 5583 vertendam,
2460 5527 2646 5576 Prwter
2668 5524 2770 5576 Ιιίεε
2790 5533 2947 5576 autem
2967 5538 2986 5586 ;
3021 5525 3246 5575 nimirum
3279 5524 3409 5573 aliud
3432 5529 3769 5586 argumentum

2131 5587 2519 5651 prpqueptibu;
2537 5588 2716 5651 adjicit.

2191 5643 2220 5684 δ
2242 5647 2328 5696 Hic
2349 5646 2471 5710 forle
2493 5642 2756 5710 legéndum
2771 5649 2928 5706 ἐπειδὴ
2952 5649 3021 5710 δέ,
3047 5647 3123 5697 vel
3144 5647 3305 5708 potius
3328 5650 3437 5708 post
3453 5642 3622 5707 τρόπον
3640 5653 3769 5692 com-

2135 5723 2212 5759 ma
2230 5709 2524 5771 ponendum.
