  <div class='ocr_page' id='page_1' title='image "/cluster/home/n/w/nwhite01/storage/ocr_20150623/56/ien.35556001660836/080.png"; bbox 0 0 4044 6404; ppageno 0'>
   <div class='ocr_carea' id='block_1_1' title="bbox 315 355 1854 444">
    <p class='ocr_par' dir='ltr' id='par_1_1' title="bbox 315 359 1854 444">
     <span class='ocr_line' id='line_1_1' title="bbox 315 359 1854 444; baseline 0.006 -39"><span class='ocrx_word' id='word_1_1' title='bbox 315 388 388 444; x_wconf 75' lang='lat'><strong>73</strong></span> <span class='ocrx_word' id='word_1_2' title='bbox 1561 362 1627 422; x_wconf 82' lang='lat' dir='ltr'><strong>IN</strong></span> <span class='ocrx_word' id='word_1_3' title='bbox 1663 359 1854 419; x_wconf 76' lang='lat' dir='ltr'><strong>ISMA!</strong></span> 
     </span>
    </p>
   </div>
   <div class='ocr_carea' id='block_1_2' title="bbox 1959 355 3517 444">
    <p class='ocr_par' dir='ltr' id='par_1_2' title="bbox 1959 355 3517 434">
     <span class='ocr_line' id='line_1_2' title="bbox 1959 355 3517 434; baseline 0.012 -19"><span class='ocrx_word' id='word_1_4' title='bbox 1959 357 2098 415; x_wconf 75' lang='lat' dir='ltr'><strong>CAP.</strong></span> <span class='ocrx_word' id='word_1_5' title='bbox 2139 355 2227 414; x_wconf 74' lang='lat' dir='ltr'><strong>Vl.</strong></span> <span class='ocrx_word' id='word_1_6' title='bbox 3446 382 3517 434; x_wconf 84' lang='grc'><strong>74</strong></span> 
     </span>
    </p>
   </div>
   <div class='ocr_carea' id='block_1_3' title="bbox 301 473 1864 575">
    <p class='ocr_par' dir='ltr' id='par_1_3' title="bbox 301 473 1864 575">
     <span class='ocr_line' id='line_1_3' title="bbox 301 473 1864 575; baseline -0.009 -33"><span class='ocrx_word' id='word_1_7' title='bbox 301 487 548 558; x_wconf 89' lang='lat' dir='ltr'><strong>positum,</strong></span> <span class='ocrx_word' id='word_1_8' title='bbox 599 484 849 540; x_wconf 82' lang='lat' dir='ltr'><strong>virtutem</strong></span> <span class='ocrx_word' id='word_1_9' title='bbox 898 481 1302 545; x_wconf 89' lang='lat' dir='ltr'><strong>ministrantem,</strong></span> <span class='ocrx_word' id='word_1_10' title='bbox 1344 477 1482 547; x_wconf 90' lang='lat' dir='ltr'><strong>quod</strong></span> <span class='ocrx_word' id='word_1_11' title='bbox 1523 473 1864 575; x_wconf 69' lang='lat' dir='ltr'><strong>admotnssit</strong></span> 
     </span>
    </p>
   </div>
   <div class='ocr_carea' id='block_1_4' title="bbox 297 573 1865 645">
    <p class='ocr_par' dir='ltr' id='par_1_4' title="bbox 297 573 1865 645">
     <span class='ocr_line' id='line_1_4' title="bbox 297 573 1865 645; baseline -0.01 -14"><span class='ocrx_word' id='word_1_12' title='bbox 297 578 400 640; x_wconf 88' lang='lat' dir='ltr'><strong>ori,</strong></span> <span class='ocrx_word' id='word_1_13' title='bbox 432 575 573 645; x_wconf 90' lang='lat' dir='ltr'><strong>quod</strong></span> <span class='ocrx_word' id='word_1_14' title='bbox 600 574 665 629; x_wconf 88' lang='lat' dir='ltr'><strong>ad</strong></span> <span class='ocrx_word' id='word_1_15' title='bbox 695 573 1055 644; x_wconf 79' lang='lat' dir='ltr'><strong>purgationem</strong></span> <span class='ocrx_word' id='word_1_16' title='bbox 1084 578 1415 637; x_wconf 77' lang='lat' dir='ltr'><strong>peccatorum</strong></span> <span class='ocrx_word' id='word_1_17' title='bbox 1436 586 1448 621; x_wconf 90' lang='lat'>:</span> <span class='ocrx_word' id='word_1_18' title='bbox 1473 581 1570 622; x_wconf 89' lang='lat' dir='ltr'><strong>nos</strong></span> <span class='ocrx_word' id='word_1_19' title='bbox 1590 574 1765 619; x_wconf 77' lang='lat' dir='ltr'><strong>autem</strong></span> <span class='ocrx_word' id='word_1_20' title='bbox 1786 573 1865 617; x_wconf 86' lang='lat' dir='ltr'><strong>in-</strong></span> 
     </span>
    </p>
   </div>
   <div class='ocr_carea' id='block_1_5' title="bbox 301 655 1864 726">
    <p class='ocr_par' dir='ltr' id='par_1_5' title="bbox 301 655 1864 726">
     <span class='ocr_line' id='line_1_5' title="bbox 301 655 1864 726; baseline -0.01 -4"><span class='ocrx_word' id='word_1_21' title='bbox 301 669 451 722; x_wconf 89' lang='lat' dir='ltr'><strong>terim</strong></span> <span class='ocrx_word' id='word_1_22' title='bbox 482 666 715 721; x_wconf 71' lang='lat' dir='ltr'><strong>historiae</strong></span> <span class='ocrx_word' id='word_1_23' title='bbox 753 664 1031 724; x_wconf 67' lang='lat' dir='ltr'><strong>haeremus.</strong></span> <span class='ocrx_word' id='word_1_24' title='bbox 1062 676 1124 715; x_wconf 90' lang='lat' dir='ltr'><strong>ac</strong></span> <span class='ocrx_word' id='word_1_25' title='bbox 1148 659 1389 724; x_wconf 87' lang='lat' dir='ltr'><strong>dicimus,</strong></span> <span class='ocrx_word' id='word_1_26' title='bbox 1418 657 1566 726; x_wconf 80' lang='lat' dir='ltr'><strong>cujus</strong></span> <span class='ocrx_word' id='word_1_27' title='bbox 1594 655 1668 710; x_wconf 91' lang='lat' dir='ltr'><strong>rei</strong></span> <span class='ocrx_word' id='word_1_28' title='bbox 1706 667 1864 709; x_wconf 88' lang='lat' dir='ltr'><strong>causa</strong></span> 
     </span>
    </p>
   </div>
   <div class='ocr_carea' id='block_1_6' title="bbox 302 744 1861 817">
    <p class='ocr_par' dir='ltr' id='par_1_6' title="bbox 302 744 1861 817">
     <span class='ocr_line' id='line_1_6' title="bbox 302 744 1861 817; baseline -0.009 -7"><span class='ocrx_word' id='word_1_29' title='bbox 302 756 403 810; x_wconf 91' lang='lat' dir='ltr'><strong>hoc</strong></span> <span class='ocrx_word' id='word_1_30' title='bbox 430 756 623 809; x_wconf 86' lang='lat' dir='ltr'><strong>factum</strong></span> <span class='ocrx_word' id='word_1_31' title='bbox 644 754 732 811; x_wconf 83' lang='lat' dir='ltr'><strong>sit.</strong></span> <span class='ocrx_word' id='word_1_32' title='bbox 762 751 1044 807; x_wconf 81' lang='lat' dir='ltr'><strong>Mittendus</strong></span> <span class='ocrx_word' id='word_1_33' title='bbox 1070 759 1153 804; x_wconf 87' lang='lat' dir='ltr'><strong>est</strong></span> <span class='ocrx_word' id='word_1_34' title='bbox 1188 748 1253 803; x_wconf 89' lang='lat' dir='ltr'><strong>ad</strong></span> <span class='ocrx_word' id='word_1_35' title='bbox 1280 747 1526 817; x_wconf 86' lang='lat' dir='ltr'><strong>populum</strong></span> <span class='ocrx_word' id='word_1_36' title='bbox 1569 744 1861 810; x_wconf 70' lang='lat' dir='ltr'><strong>Iudaicum,</strong></span> 
     </span>
    </p>
   </div>
   <div class='ocr_carea' id='block_1_7' title="bbox 299 836 1867 915">
    <p class='ocr_par' dir='ltr' id='par_1_7' title="bbox 299 836 1867 915">
     <span class='ocr_line' id='line_1_7' title="bbox 299 836 1867 915; baseline -0.008 -12"><span class='ocrx_word' id='word_1_37' title='bbox 299 846 558 902; x_wconf 77' lang='lat' dir='ltr'><strong>terribilia</strong></span> <span class='ocrx_word' id='word_1_38' title='bbox 587 844 825 915; x_wconf 64' lang='lat' dir='ltr'><strong>quaedam</strong></span> <span class='ocrx_word' id='word_1_39' title='bbox 853 852 907 899; x_wconf 90' lang='lat' dir='ltr'><strong>et</strong></span> <span class='ocrx_word' id='word_1_40' title='bbox 942 839 1268 898; x_wconf 91' lang='lat' dir='ltr'><strong>intoleranda</strong></span> <span class='ocrx_word' id='word_1_41' title='bbox 1298 838 1723 893; x_wconf 88' lang='lat' dir='ltr'><strong>annuntiaturus.</strong></span> <span class='ocrx_word' id='word_1_42' title='bbox 1748 836 1867 891; x_wconf 81' lang='lat' dir='ltr'><strong>Mit-</strong></span> 
     </span>
    </p>
   </div>
   <div class='ocr_carea' id='block_1_8' title="bbox 297 926 1864 1005">
    <p class='ocr_par' dir='ltr' id='par_1_8' title="bbox 297 926 1864 1005">
     <span class='ocr_line' id='line_1_8' title="bbox 297 926 1864 1005; baseline -0.004 -16"><span class='ocrx_word' id='word_1_43' title='bbox 297 943 483 990; x_wconf 91' lang='lat' dir='ltr'><strong>tuntur</strong></span> <span class='ocrx_word' id='word_1_44' title='bbox 502 950 627 1005; x_wconf 88' lang='lat' dir='ltr'><strong>ergo</strong></span> <span class='ocrx_word' id='word_1_45' title='bbox 642 932 940 1003; x_wconf 88' lang='lat' dir='ltr'><strong>Seraphim,</strong></span> <span class='ocrx_word' id='word_1_46' title='bbox 962 941 1016 987; x_wconf 92' lang='lat' dir='ltr'><strong>ut</strong></span> <span class='ocrx_word' id='word_1_47' title='bbox 1035 946 1157 986; x_wconf 91' lang='lat' dir='ltr'><strong>eum</strong></span> <span class='ocrx_word' id='word_1_48' title='bbox 1174 931 1362 985; x_wconf 90' lang='lat' dir='ltr'><strong>timore</strong></span> <span class='ocrx_word' id='word_1_49' title='bbox 1376 928 1531 983; x_wconf 83' lang='lat' dir='ltr'><strong>simul</strong></span> <span class='ocrx_word' id='word_1_50' title='bbox 1547 936 1601 982; x_wconf 91' lang='lat' dir='ltr'><strong>et</strong></span> <span class='ocrx_word' id='word_1_51' title='bbox 1620 926 1864 996; x_wconf 86' lang='lat' dir='ltr'><strong>loquendi</strong></span> 
     </span>
    </p>
   </div>
   <div class='ocr_carea' id='block_1_9' title="bbox 298 1017 1868 1092">
    <p class='ocr_par' dir='ltr' id='par_1_9' title="bbox 298 1017 1868 1092">
     <span class='ocr_line' id='line_1_9' title="bbox 298 1017 1868 1092; baseline -0.004 -14"><span class='ocrx_word' id='word_1_52' title='bbox 298 1024 487 1079; x_wconf 82' lang='lat' dir='ltr'><strong>fiducia</strong></span> <span class='ocrx_word' id='word_1_53' title='bbox 506 1023 777 1092; x_wconf 89' lang='lat' dir='ltr'><strong>impleant.</strong></span> <span class='ocrx_word' id='word_1_54' title='bbox 795 1023 872 1078; x_wconf 86' lang='lat' dir='ltr'><strong>Ac</strong></span> <span class='ocrx_word' id='word_1_55' title='bbox 888 1038 955 1078; x_wconf 92' lang='lat' dir='ltr'><strong>ne</strong></span> <span class='ocrx_word' id='word_1_56' title='bbox 968 1021 1241 1090; x_wconf 85' lang='lat' dir='ltr'><strong>objiceret,</strong></span> <span class='ocrx_word' id='word_1_57' title='bbox 1268 1017 1706 1090; x_wconf 82' lang='lat' dir='ltr'><strong>quemadmodum</strong></span> <span class='ocrx_word' id='word_1_58' title='bbox 1723 1018 1868 1088; x_wconf 83' lang='lat' dir='ltr'><strong>Moy-</strong></span> 
     </span>
    </p>
   </div>
   <div class='ocr_carea' id='block_1_10' title="bbox 295 1108 1868 1181">
    <p class='ocr_par' dir='ltr' id='par_1_10' title="bbox 295 1108 1868 1181">
     <span class='ocr_line' id='line_1_10' title="bbox 295 1108 1868 1181; baseline -0.004 -12"><span class='ocrx_word' id='word_1_59' title='bbox 295 1126 405 1180; x_wconf 81' lang='lat' dir='ltr'><strong>ses,</strong></span> <span class='ocrx_word' id='word_1_60' title='bbox 436 1128 495 1169; x_wconf 89' lang='lat' dir='ltr'><strong>se</strong></span> <span class='ocrx_word' id='word_1_61' title='bbox 523 1115 716 1169; x_wconf 84' lang='lat' dir='ltr'><strong>exilem</strong></span> <span class='ocrx_word' id='word_1_62' title='bbox 741 1129 924 1168; x_wconf 90' lang='lat' dir='ltr'><strong>vocem</strong></span> <span class='ocrx_word' id='word_1_63' title='bbox 948 1111 1145 1167; x_wconf 87' lang='lat' dir='ltr'><strong>habere</strong></span> <span class='ocrx_word' id='word_1_64' title='bbox 1168 1108 1358 1181; x_wconf 72' lang='lat' dir='ltr'><strong>(Exod.</strong></span> <span class='ocrx_word' id='word_1_65' title='bbox 1385 1110 1438 1164; x_wconf 76' lang='grc'><strong>4.</strong></span> <span class='ocrx_word' id='word_1_66' title='bbox 1471 1108 1583 1179; x_wconf 84' lang='grc'><strong>10),</strong></span> <span class='ocrx_word' id='word_1_67' title='bbox 1606 1117 1663 1164; x_wconf 90' lang='lat' dir='ltr'><strong>et</strong></span> <span class='ocrx_word' id='word_1_68' title='bbox 1685 1116 1743 1162; x_wconf 93' lang='lat' dir='ltr'><strong>ut</strong></span> <span class='ocrx_word' id='word_1_69' title='bbox 1774 1108 1868 1163; x_wconf 85' lang='lat' dir='ltr'><strong>Je-</strong></span> 
     </span>
    </p>
   </div>
   <div class='ocr_carea' id='block_1_11' title="bbox 296 1196 1869 1272">
    <p class='ocr_par' dir='ltr' id='par_1_11' title="bbox 296 1196 1869 1272">
     <span class='ocr_line' id='line_1_11' title="bbox 296 1196 1869 1272; baseline -0.005 -13"><span class='ocrx_word' id='word_1_70' title='bbox 296 1204 513 1270; x_wconf 81' lang='lat' dir='ltr'><strong>remias,</strong></span> <span class='ocrx_word' id='word_1_71' title='bbox 542 1204 879 1272; x_wconf 91' lang='lat' dir='ltr'><strong>sejuniorem</strong></span> <span class='ocrx_word' id='word_1_72' title='bbox 904 1214 1022 1255; x_wconf 89' lang='lat' dir='ltr'><strong>esse</strong></span> <span class='ocrx_word' id='word_1_73' title='bbox 1045 1198 1176 1270; x_wconf 71' lang='grc' dir='ltr'><strong>(εἶα.</strong></span> <span class='ocrx_word' id='word_1_74' title='bbox 1203 1199 1255 1252; x_wconf 98' lang='grc'><strong>1.</strong></span> <span class='ocrx_word' id='word_1_75' title='bbox 1280 1196 1357 1268; x_wconf 84' lang='grc'><strong>6),</strong></span> <span class='ocrx_word' id='word_1_76' title='bbox 1386 1198 1463 1252; x_wconf 90' lang='lat' dir='ltr'><strong>sic</strong></span> <span class='ocrx_word' id='word_1_77' title='bbox 1478 1206 1531 1252; x_wconf 91' lang='lat' dir='ltr'><strong>et</strong></span> <span class='ocrx_word' id='word_1_78' title='bbox 1557 1198 1741 1267; x_wconf 84' lang='lat' dir='ltr'><strong>ipsese</strong></span> <span class='ocrx_word' id='word_1_79' title='bbox 1769 1197 1869 1251; x_wconf 90' lang='lat' dir='ltr'><strong>im-</strong></span> 
     </span>
    </p>
   </div>
   <div class='ocr_carea' id='block_1_12' title="bbox 296 1288 1868 1358">
    <p class='ocr_par' dir='ltr' id='par_1_12' title="bbox 296 1288 1868 1358">
     <span class='ocr_line' id='line_1_12' title="bbox 296 1288 1868 1358; baseline -0.004 -10"><span class='ocrx_word' id='word_1_80' title='bbox 296 1294 493 1348; x_wconf 88' lang='lat' dir='ltr'><strong>munda</strong></span> <span class='ocrx_word' id='word_1_81' title='bbox 520 1294 656 1347; x_wconf 86' lang='lat' dir='ltr'><strong>labia</strong></span> <span class='ocrx_word' id='word_1_82' title='bbox 679 1292 871 1346; x_wconf 89' lang='lat' dir='ltr'><strong>habere</strong></span> <span class='ocrx_word' id='word_1_83' title='bbox 898 1331 914 1355; x_wconf 95' lang='lat'><strong>,</strong></span> <span class='ocrx_word' id='word_1_84' title='bbox 942 1304 1047 1344; x_wconf 91' lang='lat' dir='ltr'><strong>non</strong></span> <span class='ocrx_word' id='word_1_85' title='bbox 1068 1303 1223 1358; x_wconf 85' lang='lat' dir='ltr'><strong>posse</strong></span> <span class='ocrx_word' id='word_1_86' title='bbox 1258 1288 1413 1343; x_wconf 88' lang='lat' dir='ltr'><strong>dictis</strong></span> <span class='ocrx_word' id='word_1_87' title='bbox 1434 1288 1754 1353; x_wconf 86' lang='lat' dir='ltr'><strong>ministrare,</strong></span> <span class='ocrx_word' id='word_1_88' title='bbox 1775 1301 1868 1342; x_wconf 81' lang='lat' dir='ltr'><strong>ve-</strong></span> 
     </span>
    </p>
   </div>
   <div class='ocr_carea' id='block_1_13' title="bbox 295 1376 1866 1449">
    <p class='ocr_par' dir='ltr' id='par_1_13' title="bbox 295 1376 1866 1449">
     <span class='ocr_line' id='line_1_13' title="bbox 295 1376 1866 1449; baseline -0.003 -12"><span class='ocrx_word' id='word_1_89' title='bbox 295 1383 450 1437; x_wconf 87' lang='lat' dir='ltr'><strong>niunt</strong></span> <span class='ocrx_word' id='word_1_90' title='bbox 468 1382 744 1449; x_wconf 89' lang='lat' dir='ltr'><strong>Seraphim</strong></span> <span class='ocrx_word' id='word_1_91' title='bbox 762 1388 818 1433; x_wconf 90' lang='lat' dir='ltr'><strong>ut</strong></span> <span class='ocrx_word' id='word_1_92' title='bbox 836 1387 1125 1449; x_wconf 83' lang='lat' dir='ltr'><strong>expurgem</strong></span> <span class='ocrx_word' id='word_1_93' title='bbox 1139 1378 1252 1447; x_wconf 88' lang='lat' dir='ltr'><strong>ejus</strong></span> <span class='ocrx_word' id='word_1_94' title='bbox 1268 1385 1501 1446; x_wconf 90' lang='lat' dir='ltr'><strong>peccata,</strong></span> <span class='ocrx_word' id='word_1_95' title='bbox 1530 1392 1635 1432; x_wconf 91' lang='lat' dir='ltr'><strong>non</strong></span> <span class='ocrx_word' id='word_1_96' title='bbox 1657 1376 1866 1446; x_wconf 80' lang='lat' dir='ltr'><strong>pmpria</strong></span> 
     </span>
    </p>
   </div>
   <div class='ocr_carea' id='block_1_14' title="bbox 297 1465 1870 1539">
    <p class='ocr_par' dir='ltr' id='par_1_14' title="bbox 297 1465 1870 1539">
     <span class='ocr_line' id='line_1_14' title="bbox 297 1465 1870 1539; baseline -0.003 -16"><span class='ocrx_word' id='word_1_97' title='bbox 297 1472 493 1525; x_wconf 87' lang='lat' dir='ltr'><strong>virtute</strong></span> <span class='ocrx_word' id='word_1_98' title='bbox 524 1471 646 1539; x_wconf 91' lang='lat' dir='ltr'><strong>(hoc</strong></span> <span class='ocrx_word' id='word_1_99' title='bbox 670 1471 811 1524; x_wconf 90' lang='lat' dir='ltr'><strong>enim</strong></span> <span class='ocrx_word' id='word_1_100' title='bbox 837 1478 921 1524; x_wconf 89' lang='lat' dir='ltr'><strong>est</strong></span> <span class='ocrx_word' id='word_1_101' title='bbox 948 1468 1118 1524; x_wconf 88' lang='lat' dir='ltr'><strong>solum</strong></span> <span class='ocrx_word' id='word_1_102' title='bbox 1146 1468 1335 1533; x_wconf 84' lang='lat' dir='ltr'><strong>Patris,</strong></span> <span class='ocrx_word' id='word_1_103' title='bbox 1375 1476 1429 1521; x_wconf 92' lang='lat' dir='ltr'><strong>et</strong></span> <span class='ocrx_word' id='word_1_104' title='bbox 1454 1465 1591 1529; x_wconf 88' lang='lat' dir='ltr'><strong>Filii,</strong></span> <span class='ocrx_word' id='word_1_105' title='bbox 1628 1474 1683 1520; x_wconf 91' lang='lat' dir='ltr'><strong>et</strong></span> <span class='ocrx_word' id='word_1_106' title='bbox 1705 1466 1870 1535; x_wconf 83' lang='lat' dir='ltr'><strong>Spiri-</strong></span> 
     </span>
    </p>
   </div>
   <div class='ocr_carea' id='block_1_15' title="bbox 296 1556 1867 1630">
    <p class='ocr_par' dir='ltr' id='par_1_15' title="bbox 296 1556 1867 1630">
     <span class='ocr_line' id='line_1_15' title="bbox 296 1556 1867 1630; baseline -0.002 -15"><span class='ocrx_word' id='word_1_107' title='bbox 296 1568 386 1615; x_wconf 91' lang='lat' dir='ltr'><strong>tus</strong></span> <span class='ocrx_word' id='word_1_108' title='bbox 403 1562 618 1630; x_wconf 84' lang='lat' dir='ltr'><strong>sancti),</strong></span> <span class='ocrx_word' id='word_1_109' title='bbox 642 1560 737 1615; x_wconf 90' lang='lat' dir='ltr'><strong>sed</strong></span> <span class='ocrx_word' id='word_1_110' title='bbox 774 1558 947 1630; x_wconf 84' lang='lat' dir='ltr'><strong>jussu,</strong></span> <span class='ocrx_word' id='word_1_111' title='bbox 988 1568 1044 1616; x_wconf 68' lang='lat' dir='ltr'><strong>ut</strong></span> <span class='ocrx_word' id='word_1_112' title='bbox 1087 1558 1391 1613; x_wconf 85' lang='lat' dir='ltr'><strong>admotione</strong></span> <span class='ocrx_word' id='word_1_113' title='bbox 1417 1556 1723 1611; x_wconf 87' lang='lat' dir='ltr'><strong>carbonum.</strong></span> <span class='ocrx_word' id='word_1_114' title='bbox 1753 1556 1867 1612; x_wconf 88' lang='lat' dir='ltr'><strong>Non</strong></span> 
     </span>
    </p>
   </div>
   <div class='ocr_carea' id='block_1_16' title="bbox 295 1645 1870 1718">
    <p class='ocr_par' dir='ltr' id='par_1_16' title="bbox 295 1645 1870 1718">
     <span class='ocr_line' id='line_1_16' title="bbox 295 1645 1870 1718; baseline -0.002 -14"><span class='ocrx_word' id='word_1_115' title='bbox 295 1650 440 1704; x_wconf 91' lang='lat' dir='ltr'><strong>enim</strong></span> <span class='ocrx_word' id='word_1_116' title='bbox 464 1651 614 1717; x_wconf 91' lang='lat' dir='ltr'><strong>dixit,</strong></span> <span class='ocrx_word' id='word_1_117' title='bbox 649 1649 788 1705; x_wconf 85' lang='lat' dir='ltr'><strong>Ecce</strong></span> <span class='ocrx_word' id='word_1_118' title='bbox 814 1650 1049 1704; x_wconf 82' lang='lat' dir='ltr'><strong>auferam</strong></span> <span class='ocrx_word' id='word_1_119' title='bbox 1075 1662 1193 1718; x_wconf 92' lang='lat' dir='ltr'><strong>ego,</strong></span> <span class='ocrx_word' id='word_1_120' title='bbox 1225 1646 1343 1711; x_wconf 85' lang='lat' dir='ltr'><strong>sed,</strong></span> <span class='ocrx_word' id='word_1_121' title='bbox 1372 1645 1504 1701; x_wconf 82' lang='lat' dir='ltr'><strong>Ecce</strong></span> <span class='ocrx_word' id='word_1_122' title='bbox 1543 1648 1637 1700; x_wconf 84' lang='lat' dir='ltr'><strong>hoc</strong></span> <span class='ocrx_word' id='word_1_123' title='bbox 1675 1650 1870 1717; x_wconf 73' lang='lat' dir='ltr'><strong>auferet</strong></span> 
     </span>
    </p>
   </div>
   <div class='ocr_carea' id='block_1_17' title="bbox 297 1738 1871 1811">
    <p class='ocr_par' dir='ltr' id='par_1_17' title="bbox 297 1738 1871 1811">
     <span class='ocr_line' id='line_1_17' title="bbox 297 1738 1871 1811; baseline -0.001 -18"><span class='ocrx_word' id='word_1_124' title='bbox 297 1740 587 1811; x_wconf 83' lang='lat' dir='ltr'><strong>iniquitates</strong></span> <span class='ocrx_word' id='word_1_125' title='bbox 615 1749 745 1806; x_wconf 88' lang='lat' dir='ltr'><strong>tuas,</strong></span> <span class='ocrx_word' id='word_1_126' title='bbox 775 1748 821 1794; x_wconf 83' lang='lat' dir='ltr'><strong>st</strong></span> <span class='ocrx_word' id='word_1_127' title='bbox 848 1748 1051 1807; x_wconf 87' lang='lat' dir='ltr'><strong>peccata</strong></span> <span class='ocrx_word' id='word_1_128' title='bbox 1079 1747 1166 1791; x_wconf 90' lang='lat' dir='ltr'><strong>tua</strong></span> <span class='ocrx_word' id='word_1_129' title='bbox 1191 1738 1440 1807; x_wconf 82' lang='lat' dir='ltr'><strong>purgabit,</strong></span> <span class='ocrx_word' id='word_1_130' title='bbox 1472 1746 1689 1807; x_wconf 87' lang='lat' dir='ltr'><strong>propter</strong></span> <span class='ocrx_word' id='word_1_131' title='bbox 1721 1753 1871 1792; x_wconf 84' lang='lat' dir='ltr'><strong>man-</strong></span> 
     </span>
    </p>
   </div>
   <div class='ocr_carea' id='block_1_18' title="bbox 295 1827 1872 1899">
    <p class='ocr_par' dir='ltr' id='par_1_18' title="bbox 295 1827 1872 1899">
     <span class='ocr_line' id='line_1_18' title="bbox 295 1827 1872 1899; baseline 0 -16"><span class='ocrx_word' id='word_1_132' title='bbox 295 1829 478 1883; x_wconf 89' lang='lat' dir='ltr'><strong>datum</strong></span> <span class='ocrx_word' id='word_1_133' title='bbox 510 1830 785 1884; x_wconf 81' lang='lat' dir='ltr'><strong>mittentis.</strong></span> <span class='ocrx_word' id='word_1_134' title='bbox 807 1828 916 1887; x_wconf 84' lang='lat' dir='ltr'><strong>Cur</strong></span> <span class='ocrx_word' id='word_1_135' title='bbox 928 1837 1105 1884; x_wconf 84' lang='lat' dir='ltr'><strong>autem</strong></span> <span class='ocrx_word' id='word_1_136' title='bbox 1131 1827 1329 1898; x_wconf 80' lang='lat' dir='ltr'><strong>forcipe</strong></span> <span class='ocrx_word' id='word_1_137' title='bbox 1348 1827 1624 1898; x_wconf 88' lang='lat' dir='ltr'><strong>Seraphim</strong></span> <span class='ocrx_word' id='word_1_138' title='bbox 1650 1844 1872 1899; x_wconf 85' lang='lat' dir='ltr'><strong>accepe-</strong></span> 
     </span>
    </p>
   </div>
   <div class='ocr_carea' id='block_1_19' title="bbox 298 1919 1871 1993">
    <p class='ocr_par' dir='ltr' id='par_1_19' title="bbox 298 1919 1871 1993">
     <span class='ocr_line' id='line_1_19' title="bbox 298 1919 1871 1993; baseline 0.004 -21"><span class='ocrx_word' id='word_1_139' title='bbox 298 1928 424 1973; x_wconf 92' lang='lat' dir='ltr'><strong>runt</strong></span> <span class='ocrx_word' id='word_1_140' title='bbox 450 1919 771 1974; x_wconf 80' lang='lat' dir='ltr'><strong>carbonem?</strong></span> <span class='ocrx_word' id='word_1_141' title='bbox 813 1919 993 1991; x_wconf 84' lang='lat' dir='ltr'><strong>Neque</strong></span> <span class='ocrx_word' id='word_1_142' title='bbox 1028 1920 1168 1977; x_wconf 90' lang='lat' dir='ltr'><strong>enim</strong></span> <span class='ocrx_word' id='word_1_143' title='bbox 1210 1922 1519 1993; x_wconf 89' lang='lat' dir='ltr'><strong>incorporea</strong></span> <span class='ocrx_word' id='word_1_144' title='bbox 1558 1923 1725 1978; x_wconf 88' lang='lat' dir='ltr'><strong>virtus</strong></span> <span class='ocrx_word' id='word_1_145' title='bbox 1755 1939 1871 1978; x_wconf 88' lang='lat' dir='ltr'><strong>car-</strong></span> 
     </span>
    </p>
   </div>
   <div class='ocr_carea' id='block_1_20' title="bbox 296 2006 1867 2083">
    <p class='ocr_par' dir='ltr' id='par_1_20' title="bbox 296 2006 1867 2083">
     <span class='ocr_line' id='line_1_20' title="bbox 296 2006 1867 2083; baseline 0.004 -21"><span class='ocrx_word' id='word_1_146' title='bbox 296 2006 525 2063; x_wconf 87' lang='lat' dir='ltr'><strong>bonibus</strong></span> <span class='ocrx_word' id='word_1_147' title='bbox 550 2009 631 2063; x_wconf 88' lang='lat' dir='ltr'><strong>uri</strong></span> <span class='ocrx_word' id='word_1_148' title='bbox 658 2016 881 2078; x_wconf 84' lang='lat' dir='ltr'><strong>poterat.</strong></span> <span class='ocrx_word' id='word_1_149' title='bbox 904 2008 1011 2065; x_wconf 87' lang='lat' dir='ltr'><strong>Cur</strong></span> <span class='ocrx_word' id='word_1_150' title='bbox 1029 2010 1142 2065; x_wconf 60' lang='lat' dir='ltr'><strong>haec</strong></span> <span class='ocrx_word' id='word_1_151' title='bbox 1166 2010 1299 2066; x_wconf 80' lang='lat' dir='ltr'><strong>iacta</strong></span> <span class='ocrx_word' id='word_1_152' title='bbox 1324 2012 1484 2066; x_wconf 77' lang='lat' dir='ltr'><strong>sunt?</strong></span> <span class='ocrx_word' id='word_1_153' title='bbox 1509 2012 1611 2067; x_wconf 89' lang='lat' dir='ltr'><strong>Per</strong></span> <span class='ocrx_word' id='word_1_154' title='bbox 1625 2028 1867 2083; x_wconf 88' lang='lat' dir='ltr'><strong>magnam</strong></span> 
     </span>
    </p>
   </div>
   <div class='ocr_carea' id='block_1_21' title="bbox 295 2093 1869 2170">
    <p class='ocr_par' dir='ltr' id='par_1_21' title="bbox 295 2093 1869 2170">
     <span class='ocr_line' id='line_1_21' title="bbox 295 2093 1869 2170; baseline 0.006 -22"><span class='ocrx_word' id='word_1_155' title='bbox 295 2093 699 2165; x_wconf 77' lang='lat' dir='ltr'><strong>indulgentiam.</strong></span> <span class='ocrx_word' id='word_1_156' title='bbox 730 2096 956 2168; x_wconf 78' lang='lat' dir='ltr'><strong>ideoque</strong></span> <span class='ocrx_word' id='word_1_157' title='bbox 982 2114 1049 2154; x_wconf 88' lang='lat' dir='ltr'><strong>ex</strong></span> <span class='ocrx_word' id='word_1_158' title='bbox 1097 2100 1251 2155; x_wconf 85' lang='lat' dir='ltr'><strong>altari</strong></span> <span class='ocrx_word' id='word_1_159' title='bbox 1297 2102 1508 2170; x_wconf 88' lang='lat' dir='ltr'><strong>accipit,</strong></span> <span class='ocrx_word' id='word_1_160' title='bbox 1555 2102 1642 2157; x_wconf 92' lang='lat' dir='ltr'><strong>ubi</strong></span> <span class='ocrx_word' id='word_1_161' title='bbox 1681 2102 1869 2158; x_wconf 69' lang='lat' dir='ltr'><strong>hostia:</strong></span> 
     </span>
    </p>
   </div>
   <div class='ocr_carea' id='block_1_22' title="bbox 294 2185 1872 2259">
    <p class='ocr_par' dir='ltr' id='par_1_22' title="bbox 294 2185 1872 2259">
     <span class='ocr_line' id='line_1_22' title="bbox 294 2185 1872 2259; baseline 0.006 -20"><span class='ocrx_word' id='word_1_162' title='bbox 294 2185 651 2242; x_wconf 82' lang='lat' dir='ltr'><strong>elferebantur</strong></span> <span class='ocrx_word' id='word_1_163' title='bbox 666 2203 728 2243; x_wconf 91' lang='lat' dir='ltr'><strong>ex</strong></span> <span class='ocrx_word' id='word_1_164' title='bbox 737 2188 1099 2259; x_wconf 88' lang='lat' dir='ltr'><strong>piationesque</strong></span> <span class='ocrx_word' id='word_1_165' title='bbox 1121 2198 1475 2259; x_wconf 87' lang='lat' dir='ltr'><strong>peccatorum.</strong></span> <span class='ocrx_word' id='word_1_166' title='bbox 1497 2190 1646 2258; x_wconf 92' lang='lat' dir='ltr'><strong>Quod</strong></span> <span class='ocrx_word' id='word_1_167' title='bbox 1663 2195 1706 2246; x_wconf 86' lang='lat' dir='ltr'><strong>si</strong></span> <span class='ocrx_word' id='word_1_168' title='bbox 1724 2191 1872 2249; x_wconf 91' lang='lat' dir='ltr'><strong>dixe-</strong></span> 
     </span>
    </p>
   </div>
   <div class='ocr_carea' id='block_1_23' title="bbox 294 2276 1871 2349">
    <p class='ocr_par' dir='ltr' id='par_1_23' title="bbox 294 2276 1871 2349">
     <span class='ocr_line' id='line_1_23' title="bbox 294 2276 1871 2349; baseline 0.006 -20"><span class='ocrx_word' id='word_1_169' title='bbox 294 2279 404 2330; x_wconf 88' lang='lat' dir='ltr'><strong>ris:</strong></span> <span class='ocrx_word' id='word_1_170' title='bbox 435 2276 711 2343; x_wconf 87' lang='lat' dir='ltr'><strong>Quomodo</strong></span> <span class='ocrx_word' id='word_1_171' title='bbox 736 2293 797 2333; x_wconf 92' lang='lat' dir='ltr'><strong>os</strong></span> <span class='ocrx_word' id='word_1_172' title='bbox 837 2278 1110 2349; x_wconf 74' lang='lat' dir='ltr'><strong>prophetae</strong></span> <span class='ocrx_word' id='word_1_173' title='bbox 1152 2295 1256 2335; x_wconf 91' lang='lat' dir='ltr'><strong>non</strong></span> <span class='ocrx_word' id='word_1_174' title='bbox 1283 2280 1529 2336; x_wconf 89' lang='lat' dir='ltr'><strong>adustum</strong></span> <span class='ocrx_word' id='word_1_175' title='bbox 1572 2283 1687 2337; x_wconf 76' lang='lat' dir='ltr'><strong>est?</strong></span> <span class='ocrx_word' id='word_1_176' title='bbox 1713 2282 1871 2339; x_wconf 84' lang='lat' dir='ltr'><strong>Certe</strong></span> 
     </span>
    </p>
   </div>
   <div class='ocr_carea' id='block_1_24' title="bbox 295 2366 1869 2442">
    <p class='ocr_par' dir='ltr' id='par_1_24' title="bbox 295 2366 1869 2442">
     <span class='ocr_line' id='line_1_24' title="bbox 295 2366 1869 2442; baseline 0.006 -22"><span class='ocrx_word' id='word_1_177' title='bbox 295 2368 418 2435; x_wconf 87' lang='lat' dir='ltr'><strong>quia</strong></span> <span class='ocrx_word' id='word_1_178' title='bbox 452 2366 504 2421; x_wconf 88' lang='lat' dir='ltr'><strong>id</strong></span> <span class='ocrx_word' id='word_1_179' title='bbox 530 2368 669 2437; x_wconf 91' lang='lat' dir='ltr'><strong>quod</strong></span> <span class='ocrx_word' id='word_1_180' title='bbox 696 2370 986 2438; x_wconf 86' lang='lat' dir='ltr'><strong>apparebat</strong></span> <span class='ocrx_word' id='word_1_181' title='bbox 1003 2385 1107 2425; x_wconf 92' lang='lat' dir='ltr'><strong>non</strong></span> <span class='ocrx_word' id='word_1_182' title='bbox 1125 2379 1241 2426; x_wconf 89' lang='lat' dir='ltr'><strong>erat</strong></span> <span class='ocrx_word' id='word_1_183' title='bbox 1266 2371 1402 2442; x_wconf 89' lang='lat' dir='ltr'><strong>ignis</strong></span> <span class='ocrx_word' id='word_1_184' title='bbox 1422 2373 1714 2437; x_wconf 87' lang='lat' dir='ltr'><strong>sensibilis;</strong></span> <span class='ocrx_word' id='word_1_185' title='bbox 1738 2375 1869 2431; x_wconf 86' lang='lat' dir='ltr'><strong>alias</strong></span> 
     </span>
    </p>
   </div>
   <div class='ocr_carea' id='block_1_25' title="bbox 294 2458 1867 2536">
    <p class='ocr_par' dir='ltr' id='par_1_25' title="bbox 294 2458 1867 2536">
     <span class='ocr_line' id='line_1_25' title="bbox 294 2458 1867 2536; baseline 0.006 -27"><span class='ocrx_word' id='word_1_186' title='bbox 294 2471 446 2521; x_wconf 76' lang='lat' dir='ltr'><strong>vero,</strong></span> <span class='ocrx_word' id='word_1_187' title='bbox 471 2472 595 2512; x_wconf 89' lang='lat' dir='ltr'><strong>cum</strong></span> <span class='ocrx_word' id='word_1_188' title='bbox 615 2458 883 2528; x_wconf 85' lang='lat' dir='ltr'><strong>quidpiam</strong></span> <span class='ocrx_word' id='word_1_189' title='bbox 909 2459 1047 2516; x_wconf 91' lang='lat' dir='ltr'><strong>Deus</strong></span> <span class='ocrx_word' id='word_1_190' title='bbox 1072 2471 1343 2532; x_wconf 87' lang='lat' dir='ltr'><strong>operatur,</strong></span> <span class='ocrx_word' id='word_1_191' title='bbox 1372 2477 1438 2517; x_wconf 89' lang='lat' dir='ltr'><strong>ne</strong></span> <span class='ocrx_word' id='word_1_192' title='bbox 1457 2464 1668 2520; x_wconf 89' lang='lat' dir='ltr'><strong>curiose</strong></span> <span class='ocrx_word' id='word_1_193' title='bbox 1696 2466 1867 2536; x_wconf 86' lang='lat' dir='ltr'><strong>inqui-</strong></span> 
     </span>
    </p>
   </div>
   <div class='ocr_carea' id='block_1_26' title="bbox 292 2546 787 2602">
    <p class='ocr_par' dir='ltr' id='par_1_26' title="bbox 292 2546 787 2602">
     <span class='ocr_line' id='line_1_26' title="bbox 292 2546 787 2602; baseline -0.002 -2"><span class='ocrx_word' id='word_1_194' title='bbox 292 2558 383 2600; x_wconf 85' lang='lat' dir='ltr'><strong>ras</strong></span> <span class='ocrx_word' id='word_1_195' title='bbox 408 2546 490 2599; x_wconf 85' lang='lat' dir='ltr'><strong>vel</strong></span> <span class='ocrx_word' id='word_1_196' title='bbox 516 2549 787 2602; x_wconf 77' lang='lat' dir='ltr'><strong>scrutaris.</strong></span> 
     </span>
    </p>
   </div>
   <div class='ocr_carea' id='block_1_27' title="bbox 368 2634 1867 2714">
    <p class='ocr_par' dir='ltr' id='par_1_27' title="bbox 368 2634 1867 2714">
     <span class='ocr_line' id='line_1_27' title="bbox 368 2634 1867 2714; baseline 0.009 -25"><span class='ocrx_word' id='word_1_197' title='bbox 368 2634 422 2689; x_wconf 84' lang='lat'><strong>5.</strong></span> <span class='ocrx_word' id='word_1_198' title='bbox 454 2634 663 2690; x_wconf 87' lang='lat' dir='ltr'><strong>Etenim</strong></span> <span class='ocrx_word' id='word_1_199' title='bbox 694 2635 886 2692; x_wconf 88' lang='lat' dir='ltr'><strong>ardens</strong></span> <span class='ocrx_word' id='word_1_200' title='bbox 911 2647 965 2694; x_wconf 91' lang='lat' dir='ltr'><strong>et</strong></span> <span class='ocrx_word' id='word_1_201' title='bbox 988 2639 1253 2696; x_wconf 87' lang='lat' dir='ltr'><strong>sensibilis</strong></span> <span class='ocrx_word' id='word_1_202' title='bbox 1280 2640 1415 2713; x_wconf 90' lang='lat' dir='ltr'><strong>ignis</strong></span> <span class='ocrx_word' id='word_1_203' title='bbox 1438 2645 1746 2714; x_wconf 62' lang='lat' dir='ltr'><strong>corporibus</strong></span> <span class='ocrx_word' id='word_1_204' title='bbox 1772 2647 1867 2701; x_wconf 90' lang='lat' dir='ltr'><strong>ad-</strong></span> 
     </span>
    </p>
   </div>
   <div class='ocr_carea' id='block_1_28' title="bbox 292 2729 1867 2808">
    <p class='ocr_par' dir='ltr' id='par_1_28' title="bbox 292 2729 1867 2808">
     <span class='ocr_line' id='line_1_28' title="bbox 292 2729 1867 2808; baseline 0.011 -29"><span class='ocrx_word' id='word_1_205' title='bbox 292 2733 470 2779; x_wconf 83' lang='lat' dir='ltr'><strong>motus</strong></span> <span class='ocrx_word' id='word_1_206' title='bbox 488 2766 504 2791; x_wconf 92' lang='lat'><strong>,</strong></span> <span class='ocrx_word' id='word_1_207' title='bbox 533 2742 593 2781; x_wconf 89' lang='lat' dir='ltr'><strong>ea</strong></span> <span class='ocrx_word' id='word_1_208' title='bbox 623 2743 728 2782; x_wconf 92' lang='lat' dir='ltr'><strong>non</strong></span> <span class='ocrx_word' id='word_1_209' title='bbox 764 2729 939 2785; x_wconf 81' lang='lat' dir='ltr'><strong>effecit</strong></span> <span class='ocrx_word' id='word_1_210' title='bbox 965 2747 1083 2802; x_wconf 79' lang='lat' dir='ltr'><strong>qute</strong></span> <span class='ocrx_word' id='word_1_211' title='bbox 1117 2743 1421 2804; x_wconf 84' lang='lat' dir='ltr'><strong>competunt</strong></span> <span class='ocrx_word' id='word_1_212' title='bbox 1450 2736 1555 2805; x_wconf 89' lang='lat' dir='ltr'><strong>igni</strong></span> <span class='ocrx_word' id='word_1_213' title='bbox 1584 2737 1678 2808; x_wconf 88' lang='lat' dir='ltr'><strong>(a).</strong></span> <span class='ocrx_word' id='word_1_214' title='bbox 1714 2739 1867 2804; x_wconf 86' lang='lat' dir='ltr'><strong>Quod</strong></span> 
     </span>
    </p>
   </div>
   <div class='ocr_carea' id='block_1_29' title="bbox 289 2811 1867 2893">
    <p class='ocr_par' dir='ltr' id='par_1_29' title="bbox 289 2811 1867 2893">
     <span class='ocr_line' id='line_1_29' title="bbox 289 2811 1867 2893; baseline 0.01 -26"><span class='ocrx_word' id='word_1_215' title='bbox 289 2811 337 2867; x_wconf 76' lang='lat' dir='ltr'><strong>si</strong></span> <span class='ocrx_word' id='word_1_216' title='bbox 374 2814 461 2867; x_wconf 90' lang='lat' dir='ltr'><strong>ubi</strong></span> <span class='ocrx_word' id='word_1_217' title='bbox 503 2824 766 2869; x_wconf 88' lang='lat' dir='ltr'><strong>sarmenta</strong></span> <span class='ocrx_word' id='word_1_218' title='bbox 791 2856 807 2882; x_wconf 94' lang='lat'><strong>,</strong></span> <span class='ocrx_word' id='word_1_219' title='bbox 840 2826 897 2871; x_wconf 89' lang='lat' dir='ltr'><strong>et</strong></span> <span class='ocrx_word' id='word_1_220' title='bbox 929 2819 1015 2888; x_wconf 89' lang='lat' dir='ltr'><strong>pix</strong></span> <span class='ocrx_word' id='word_1_221' title='bbox 1037 2859 1052 2884; x_wconf 95' lang='lat'><strong>,</strong></span> <span class='ocrx_word' id='word_1_222' title='bbox 1096 2820 1307 2875; x_wconf 85' lang='lat' dir='ltr'><strong>flamma</strong></span> <span class='ocrx_word' id='word_1_223' title='bbox 1339 2826 1567 2893; x_wconf 74' lang='lat' dir='ltr'><strong>prepria:</strong></span> <span class='ocrx_word' id='word_1_224' title='bbox 1596 2826 1758 2881; x_wconf 90' lang='lat' dir='ltr'><strong>oblita</strong></span> <span class='ocrx_word' id='word_1_225' title='bbox 1785 2837 1867 2882; x_wconf 91' lang='lat' dir='ltr'><strong>est</strong></span> 
     </span>
    </p>
   </div>
   <div class='ocr_carea' id='block_1_30' title="bbox 291 2903 1862 2985">
    <p class='ocr_par' dir='ltr' id='par_1_30' title="bbox 291 2903 1862 2985">
     <span class='ocr_line' id='line_1_30' title="bbox 291 2903 1862 2985; baseline 0.011 -30"><span class='ocrx_word' id='word_1_226' title='bbox 291 2910 498 2956; x_wconf 78' lang='lat' dir='ltr'><strong>natura:</strong></span> <span class='ocrx_word' id='word_1_227' title='bbox 521 2943 536 2968; x_wconf 95' lang='lat'><strong>,</strong></span> <span class='ocrx_word' id='word_1_228' title='bbox 567 2903 689 2973; x_wconf 90' lang='lat' dir='ltr'><strong>quid</strong></span> <span class='ocrx_word' id='word_1_229' title='bbox 721 2905 999 2966; x_wconf 82' lang='lat' dir='ltr'><strong>miraris.si</strong></span> <span class='ocrx_word' id='word_1_230' title='bbox 1031 2924 1169 2964; x_wconf 91' lang='lat' dir='ltr'><strong>nunc</strong></span> <span class='ocrx_word' id='word_1_231' title='bbox 1198 2908 1249 2965; x_wconf 91' lang='lat' dir='ltr'><strong>in</strong></span> <span class='ocrx_word' id='word_1_232' title='bbox 1279 2920 1385 2965; x_wconf 89' lang='lat' dir='ltr'><strong>tam</strong></span> <span class='ocrx_word' id='word_1_233' title='bbox 1416 2914 1676 2983; x_wconf 78' lang='lat' dir='ltr'><strong>stupende</strong></span> <span class='ocrx_word' id='word_1_234' title='bbox 1699 2931 1824 2972; x_wconf 90' lang='lat' dir='ltr'><strong>casu</strong></span> <span class='ocrx_word' id='word_1_235' title='bbox 1845 2959 1862 2985; x_wconf 92' lang='lat'><strong>,</strong></span> 
     </span>
    </p>
   </div>
   <div class='ocr_carea' id='block_1_31' title="bbox 290 2990 1865 3063">
    <p class='ocr_par' dir='ltr' id='par_1_31' title="bbox 290 2990 1865 3063">
     <span class='ocr_line' id='line_1_31' title="bbox 290 2990 1865 3063; baseline 0.01 -18"><span class='ocrx_word' id='word_1_236' title='bbox 290 2990 378 3047; x_wconf 89' lang='lat' dir='ltr'><strong>hic</strong></span> <span class='ocrx_word' id='word_1_237' title='bbox 407 2992 540 3062; x_wconf 84' lang='lat' dir='ltr'><strong>ignis</strong></span> <span class='ocrx_word' id='word_1_238' title='bbox 568 2996 901 3063; x_wconf 81' lang='lat' dir='ltr'><strong>purgaverit,</strong></span> <span class='ocrx_word' id='word_1_239' title='bbox 931 3010 1030 3051; x_wconf 91' lang='lat' dir='ltr'><strong>nec</strong></span> <span class='ocrx_word' id='word_1_240' title='bbox 1055 2997 1354 3054; x_wconf 80' lang='lat' dir='ltr'><strong>adusserit?</strong></span> <span class='ocrx_word' id='word_1_241' title='bbox 1381 3001 1434 3057; x_wconf 91' lang='lat'><strong>8.</strong></span> <span class='ocrx_word' id='word_1_242' title='bbox 1474 3002 1539 3057; x_wconf 84' lang='lat' dir='ltr'><strong>Et</strong></span> <span class='ocrx_word' id='word_1_243' title='bbox 1585 3007 1750 3059; x_wconf 82' lang='lat' dir='ltr'><strong>audivi</strong></span> <span class='ocrx_word' id='word_1_244' title='bbox 1778 3022 1865 3061; x_wconf 78' lang='lat' dir='ltr'><strong>oo-</strong></span> 
     </span>
    </p>
   </div>
   <div class='ocr_carea' id='block_1_32' title="bbox 288 3082 1865 3166">
    <p class='ocr_par' dir='ltr' id='par_1_32' title="bbox 288 3082 1865 3166">
     <span class='ocr_line' id='line_1_32' title="bbox 288 3082 1865 3166; baseline 0.01 -31"><span class='ocrx_word' id='word_1_245' title='bbox 288 3097 393 3136; x_wconf 79' lang='lat' dir='ltr'><strong>cem</strong></span> <span class='ocrx_word' id='word_1_246' title='bbox 420 3082 624 3135; x_wconf 77' lang='lat' dir='ltr'><strong>Domini</strong></span> <span class='ocrx_word' id='word_1_247' title='bbox 650 3084 860 3139; x_wconf 79' lang='lat' dir='ltr'><strong>dicentis</strong></span> <span class='ocrx_word' id='word_1_248' title='bbox 885 3101 903 3139; x_wconf 89' lang='lat'><strong><em>:</em></strong></span> <span class='ocrx_word' id='word_1_249' title='bbox 929 3086 1086 3151; x_wconf 81' lang='lat' dir='ltr'><strong>Quem</strong></span> <span class='ocrx_word' id='word_1_250' title='bbox 1114 3089 1324 3156; x_wconf 87' lang='lat' dir='ltr'><strong>mittam,</strong></span> <span class='ocrx_word' id='word_1_251' title='bbox 1354 3100 1402 3145; x_wconf 88' lang='lat' dir='ltr'><strong>et</strong></span> <span class='ocrx_word' id='word_1_252' title='bbox 1429 3093 1538 3160; x_wconf 83' lang='lat' dir='ltr'><strong>quis</strong></span> <span class='ocrx_word' id='word_1_253' title='bbox 1566 3094 1651 3147; x_wconf 83' lang='lat' dir='ltr'><strong>ibit</strong></span> <span class='ocrx_word' id='word_1_254' title='bbox 1677 3095 1745 3148; x_wconf 90' lang='lat' dir='ltr'><strong>ad</strong></span> <span class='ocrx_word' id='word_1_255' title='bbox 1773 3112 1865 3166; x_wconf 89' lang='lat' dir='ltr'><strong>po-</strong></span> 
     </span>
    </p>
   </div>
   <div class='ocr_carea' id='block_1_33' title="bbox 288 3174 1859 3254">
    <p class='ocr_par' dir='ltr' id='par_1_33' title="bbox 288 3174 1859 3254">
     <span class='ocr_line' id='line_1_33' title="bbox 288 3174 1859 3254; baseline 0.011 -30"><span class='ocrx_word' id='word_1_256' title='bbox 288 3174 465 3241; x_wconf 77' lang='lat' dir='ltr'><strong>pulum</strong></span> <span class='ocrx_word' id='word_1_257' title='bbox 488 3175 656 3227; x_wconf 80' lang='lat' dir='ltr'><strong>hunc?</strong></span> <span class='ocrx_word' id='word_1_258' title='bbox 680 3174 862 3231; x_wconf 83' lang='lat' dir='ltr'><strong>Videu‘</strong></span> <span class='ocrx_word' id='word_1_259' title='bbox 885 3186 1137 3245; x_wconf 89' lang='lat' dir='ltr'><strong>quantum</strong></span> <span class='ocrx_word' id='word_1_260' title='bbox 1165 3180 1415 3249; x_wconf 86' lang='lat' dir='ltr'><strong>profuerit</strong></span> <span class='ocrx_word' id='word_1_261' title='bbox 1436 3183 1587 3250; x_wconf 81' lang='lat' dir='ltr'><strong>visio,</strong></span> <span class='ocrx_word' id='word_1_262' title='bbox 1612 3195 1859 3254; x_wconf 88' lang='lat' dir='ltr'><strong>quantam</strong></span> 
     </span>
    </p>
   </div>
   <div class='ocr_carea' id='block_1_34' title="bbox 286 3264 1858 3345">
    <p class='ocr_par' dir='ltr' id='par_1_34' title="bbox 286 3264 1858 3345">
     <span class='ocr_line' id='line_1_34' title="bbox 286 3264 1858 3345; baseline 0.011 -29"><span class='ocrx_word' id='word_1_263' title='bbox 286 3275 397 3317; x_wconf 92' lang='lat' dir='ltr'><strong>rem</strong></span> <span class='ocrx_word' id='word_1_264' title='bbox 425 3264 707 3333; x_wconf 81' lang='lat' dir='ltr'><strong>perfecerit</strong></span> <span class='ocrx_word' id='word_1_265' title='bbox 732 3266 927 3321; x_wconf 75' lang='lat' dir='ltr'><strong>timor?</strong></span> <span class='ocrx_word' id='word_1_266' title='bbox 953 3267 1099 3324; x_wconf 86' lang='lat' dir='ltr'><strong>Licet</strong></span> <span class='ocrx_word' id='word_1_267' title='bbox 1133 3271 1231 3326; x_wconf 86' lang='lat' dir='ltr'><strong>sub</strong></span> <span class='ocrx_word' id='word_1_268' title='bbox 1268 3272 1447 3343; x_wconf 82' lang='lat' dir='ltr'><strong>Moyse</strong></span> <span class='ocrx_word' id='word_1_269' title='bbox 1480 3276 1745 3345; x_wconf 91' lang='lat' dir='ltr'><strong>quidpiam</strong></span> <span class='ocrx_word' id='word_1_270' title='bbox 1782 3279 1858 3333; x_wconf 87' lang='lat' dir='ltr'><strong>si-</strong></span> 
     </span>
    </p>
   </div>
   <div class='ocr_carea' id='block_1_35' title="bbox 284 3352 1856 3435">
    <p class='ocr_par' dir='ltr' id='par_1_35' title="bbox 284 3352 1856 3435">
     <span class='ocr_line' id='line_1_35' title="bbox 284 3352 1856 3435; baseline 0.012 -31"><span class='ocrx_word' id='word_1_271' title='bbox 284 3352 411 3407; x_wconf 89' lang='lat' dir='ltr'><strong>mile</strong></span> <span class='ocrx_word' id='word_1_272' title='bbox 429 3362 635 3422; x_wconf 87' lang='lat' dir='ltr'><strong>gestum</strong></span> <span class='ocrx_word' id='word_1_273' title='bbox 658 3355 763 3409; x_wconf 91' lang='lat' dir='ltr'><strong>sit:</strong></span> <span class='ocrx_word' id='word_1_274' title='bbox 787 3357 888 3411; x_wconf 88' lang='lat' dir='ltr'><strong>etsi</strong></span> <span class='ocrx_word' id='word_1_275' title='bbox 909 3359 1049 3413; x_wconf 90' lang='lat' dir='ltr'><strong>enim</strong></span> <span class='ocrx_word' id='word_1_276' title='bbox 1072 3358 1347 3430; x_wconf 89' lang='lat' dir='ltr'><strong>Seraphim</strong></span> <span class='ocrx_word' id='word_1_277' title='bbox 1370 3376 1473 3417; x_wconf 89' lang='lat' dir='ltr'><strong>non</strong></span> <span class='ocrx_word' id='word_1_278' title='bbox 1496 3368 1856 3435; x_wconf 87' lang='lat' dir='ltr'><strong>apparuerint,</strong></span> 
     </span>
    </p>
   </div>
   <div class='ocr_carea' id='block_1_36' title="bbox 282 3444 1859 3527">
    <p class='ocr_par' dir='ltr' id='par_1_36' title="bbox 282 3444 1859 3527">
     <span class='ocr_line' id='line_1_36' title="bbox 282 3444 1859 3527; baseline 0.013 -31"><span class='ocrx_word' id='word_1_279' title='bbox 282 3456 383 3497; x_wconf 87' lang='lat' dir='ltr'><strong>nec</strong></span> <span class='ocrx_word' id='word_1_280' title='bbox 410 3444 549 3499; x_wconf 88' lang='lat' dir='ltr'><strong>Deus</strong></span> <span class='ocrx_word' id='word_1_281' title='bbox 583 3445 637 3499; x_wconf 93' lang='lat' dir='ltr'><strong>in</strong></span> <span class='ocrx_word' id='word_1_282' title='bbox 663 3447 798 3502; x_wconf 90' lang='lat' dir='ltr'><strong>solio</strong></span> <span class='ocrx_word' id='word_1_283' title='bbox 838 3447 1062 3514; x_wconf 89' lang='lat' dir='ltr'><strong>sedens;</strong></span> <span class='ocrx_word' id='word_1_284' title='bbox 1099 3460 1331 3507; x_wconf 89' lang='lat' dir='ltr'><strong>attamen</strong></span> <span class='ocrx_word' id='word_1_285' title='bbox 1364 3455 1504 3509; x_wconf 89' lang='lat' dir='ltr'><strong>aliud</strong></span> <span class='ocrx_word' id='word_1_286' title='bbox 1542 3459 1859 3527; x_wconf 89' lang='lat' dir='ltr'><strong>stupendum</strong></span> 
     </span>
    </p>
   </div>
   <div class='ocr_carea' id='block_1_37' title="bbox 278 3535 1858 3621">
    <p class='ocr_par' dir='ltr' id='par_1_37' title="bbox 278 3535 1858 3621">
     <span class='ocr_line' id='line_1_37' title="bbox 278 3535 1858 3621; baseline 0.014 -35"><span class='ocrx_word' id='word_1_287' title='bbox 278 3535 644 3601; x_wconf 84' lang='lat' dir='ltr'><strong>spectaculum</strong></span> <span class='ocrx_word' id='word_1_288' title='bbox 670 3545 796 3592; x_wconf 90' lang='lat' dir='ltr'><strong>tunc</strong></span> <span class='ocrx_word' id='word_1_289' title='bbox 817 3540 1089 3610; x_wconf 67' lang='lat' dir='ltr'><strong>prophetae</strong></span> <span class='ocrx_word' id='word_1_290' title='bbox 1114 3542 1405 3600; x_wconf 85' lang='lat' dir='ltr'><strong>exhibitum</strong></span> <span class='ocrx_word' id='word_1_291' title='bbox 1428 3557 1529 3610; x_wconf 90' lang='lat' dir='ltr'><strong>est,</strong></span> <span class='ocrx_word' id='word_1_292' title='bbox 1554 3556 1858 3621; x_wconf 86' lang='lat' dir='ltr'><strong>tantumque</strong></span> 
     </span>
    </p>
   </div>
   <div class='ocr_carea' id='block_1_38' title="bbox 278 3624 1853 3712">
    <p class='ocr_par' dir='ltr' id='par_1_38' title="bbox 278 3624 1853 3712">
     <span class='ocr_line' id='line_1_38' title="bbox 278 3624 1853 3712; baseline 0.012 -36"><span class='ocrx_word' id='word_1_293' title='bbox 278 3631 338 3676; x_wconf 93' lang='lat' dir='ltr'><strong>ut</strong></span> <span class='ocrx_word' id='word_1_294' title='bbox 356 3639 515 3679; x_wconf 89' lang='lat' dir='ltr'><strong>nemo</strong></span> <span class='ocrx_word' id='word_1_295' title='bbox 539 3624 591 3679; x_wconf 90' lang='lat' dir='ltr'><strong>in</strong></span> <span class='ocrx_word' id='word_1_296' title='bbox 617 3626 745 3682; x_wconf 91' lang='lat' dir='ltr'><strong>illud</strong></span> <span class='ocrx_word' id='word_1_297' title='bbox 768 3629 1036 3699; x_wconf 88' lang='lat' dir='ltr'><strong>respicere</strong></span> <span class='ocrx_word' id='word_1_298' title='bbox 1061 3636 1246 3701; x_wconf 84' lang='lat' dir='ltr'><strong>possit.</strong></span> <span class='ocrx_word' id='word_1_299' title='bbox 1271 3634 1443 3691; x_wconf 81' lang='lat' dir='ltr'><strong>Bubus</strong></span> <span class='ocrx_word' id='word_1_300' title='bbox 1463 3640 1604 3693; x_wconf 91' lang='lat' dir='ltr'><strong>enim</strong></span> <span class='ocrx_word' id='word_1_301' title='bbox 1628 3641 1853 3712; x_wconf 82' lang='lat' dir='ltr'><strong>ardebat,</strong></span> 
     </span>
    </p>
   </div>
   <div class='ocr_carea' id='block_1_39' title="bbox 276 3714 1853 3799">
    <p class='ocr_par' dir='ltr' id='par_1_39' title="bbox 276 3714 1853 3799">
     <span class='ocr_line' id='line_1_39' title="bbox 276 3714 1853 3799; baseline 0.015 -32"><span class='ocrx_word' id='word_1_302' title='bbox 276 3714 483 3785; x_wconf 86' lang='lat' dir='ltr'><strong>inquit,</strong></span> <span class='ocrx_word' id='word_1_303' title='bbox 523 3726 572 3770; x_wconf 91' lang='lat' dir='ltr'><strong>et</strong></span> <span class='ocrx_word' id='word_1_304' title='bbox 612 3733 714 3771; x_wconf 89' lang='lat' dir='ltr'><strong>non</strong></span> <span class='ocrx_word' id='word_1_305' title='bbox 748 3721 1127 3778; x_wconf 83' lang='lat' dir='ltr'><strong>comburebatur</strong></span> <span class='ocrx_word' id='word_1_306' title='bbox 1155 3723 1357 3796; x_wconf 74' lang='lat' dir='ltr'><strong>(Exod.</strong></span> <span class='ocrx_word' id='word_1_307' title='bbox 1400 3729 1451 3784; x_wconf 86' lang='lat'><strong>&#39;5.</strong></span> <span class='ocrx_word' id='word_1_308' title='bbox 1481 3728 1574 3799; x_wconf 75' lang='grc'><strong>2).</strong></span> <span class='ocrx_word' id='word_1_309' title='bbox 1605 3732 1853 3790; x_wconf 87' lang='lat' dir='ltr'><strong>Attamen</strong></span> 
     </span>
    </p>
   </div>
   <div class='ocr_carea' id='block_1_40' title="bbox 275 3805 1852 3892">
    <p class='ocr_par' dir='ltr' id='par_1_40' title="bbox 275 3805 1852 3892">
     <span class='ocr_line' id='line_1_40' title="bbox 275 3805 1852 3892; baseline 0.015 -35"><span class='ocrx_word' id='word_1_310' title='bbox 275 3805 435 3858; x_wconf 85' lang='lat' dir='ltr'><strong>etiam</strong></span> <span class='ocrx_word' id='word_1_311' title='bbox 466 3814 585 3874; x_wconf 83' lang='lat' dir='ltr'><strong>post</strong></span> <span class='ocrx_word' id='word_1_312' title='bbox 620 3807 743 3873; x_wconf 90' lang='lat' dir='ltr'><strong>illa,</strong></span> <span class='ocrx_word' id='word_1_313' title='bbox 771 3818 825 3864; x_wconf 91' lang='lat' dir='ltr'><strong>et</strong></span> <span class='ocrx_word' id='word_1_314' title='bbox 849 3820 972 3880; x_wconf 91' lang='lat' dir='ltr'><strong>post</strong></span> <span class='ocrx_word' id='word_1_315' title='bbox 1006 3814 1226 3869; x_wconf 89' lang='lat' dir='ltr'><strong>multam</strong></span> <span class='ocrx_word' id='word_1_316' title='bbox 1262 3816 1356 3871; x_wconf 88' lang='lat' dir='ltr'><strong>Dei</strong></span> <span class='ocrx_word' id='word_1_317' title='bbox 1396 3818 1852 3892; x_wconf 86' lang='lat' dir='ltr'><strong>adhortationem,</strong></span> 
     </span>
    </p>
   </div>
   <div class='ocr_carea' id='block_1_41' title="bbox 274 3895 1853 3981">
    <p class='ocr_par' dir='ltr' id='par_1_41' title="bbox 274 3895 1853 3981">
     <span class='ocr_line' id='line_1_41' title="bbox 274 3895 1853 3981; baseline 0.015 -34"><span class='ocrx_word' id='word_1_318' title='bbox 274 3895 566 3950; x_wconf 90' lang='lat' dir='ltr'><strong>reluctatur</strong></span> <span class='ocrx_word' id='word_1_319' title='bbox 587 3905 760 3954; x_wconf 89' lang='lat' dir='ltr'><strong>tamen</strong></span> <span class='ocrx_word' id='word_1_320' title='bbox 789 3900 998 3972; x_wconf 75' lang='lat' dir='ltr'><strong>Moyses</strong></span> <span class='ocrx_word' id='word_1_321' title='bbox 1023 3904 1116 3960; x_wconf 89' lang='lat' dir='ltr'><strong>ille</strong></span> <span class='ocrx_word' id='word_1_322' title='bbox 1144 3921 1385 3976; x_wconf 89' lang='lat' dir='ltr'><strong>magnus,</strong></span> <span class='ocrx_word' id='word_1_323' title='bbox 1412 3911 1762 3981; x_wconf 83' lang='lat' dir='ltr'><strong>causiﬁcatur,</strong></span> <span class='ocrx_word' id='word_1_324' title='bbox 1789 3930 1853 3971; x_wconf 90' lang='lat' dir='ltr'><strong>ac</strong></span> 
     </span>
    </p>
   </div>
   <div class='ocr_carea' id='block_1_42' title="bbox 272 3991 1850 4061">
    <p class='ocr_par' dir='ltr' id='par_1_42' title="bbox 272 3991 1850 4061">
     <span class='ocr_line' id='line_1_42' title="bbox 272 3991 1850 4061; baseline 0.015 -24"><span class='ocrx_word' id='word_1_325' title='bbox 272 3996 555 4042; x_wconf 84' lang='lat' dir='ltr'><strong>sexcenlas</strong></span> <span class='ocrx_word' id='word_1_326' title='bbox 579 3991 843 4061; x_wconf 80' lang='lat' dir='ltr'><strong>excogitat</strong></span> <span class='ocrx_word' id='word_1_327' title='bbox 875 3995 1152 4050; x_wconf 87' lang='lat' dir='ltr'><strong>recusandi</strong></span> <span class='ocrx_word' id='word_1_328' title='bbox 1178 4012 1364 4053; x_wconf 89' lang='lat' dir='ltr'><strong>causas</strong></span> <span class='ocrx_word' id='word_1_329' title='bbox 1389 4000 1570 4057; x_wconf 91' lang='lat' dir='ltr'><strong>dicens</strong></span> <span class='ocrx_word' id='word_1_330' title='bbox 1596 4020 1608 4056; x_wconf 91' lang='lat'>:</span> <span class='ocrx_word' id='word_1_331' title='bbox 1634 4003 1850 4061; x_wconf 78' lang='lat' dir='ltr'><strong>Gracilis</strong></span> 
     </span>
    </p>
   </div>
   <div class='ocr_carea' id='block_1_43' title="bbox 272 4077 1848 4163">
    <p class='ocr_par' dir='ltr' id='par_1_43' title="bbox 272 4077 1848 4163">
     <span class='ocr_line' id='line_1_43' title="bbox 272 4077 1848 4163; baseline 0.015 -35"><span class='ocrx_word' id='word_1_332' title='bbox 272 4077 406 4129; x_wconf 81' lang='lat' dir='ltr'><strong>vocis</strong></span> <span class='ocrx_word' id='word_1_333' title='bbox 429 4094 562 4145; x_wconf 89' lang='lat' dir='ltr'><strong>sum,</strong></span> <span class='ocrx_word' id='word_1_334' title='bbox 590 4089 636 4134; x_wconf 91' lang='lat' dir='ltr'><strong>et</strong></span> <span class='ocrx_word' id='word_1_335' title='bbox 664 4081 835 4152; x_wconf 79' lang='lat' dir='ltr'><strong>lingua</strong></span> <span class='ocrx_word' id='word_1_336' title='bbox 862 4086 1037 4140; x_wconf 82' lang='lat' dir='ltr'><strong>tardus</strong></span> <span class='ocrx_word' id='word_1_337' title='bbox 1064 4085 1258 4155; x_wconf 76' lang='lat' dir='ltr'><strong>(Exod.</strong></span> <span class='ocrx_word' id='word_1_338' title='bbox 1286 4089 1338 4145; x_wconf 77' lang='grc'><strong>4.</strong></span> <span class='ocrx_word' id='word_1_339' title='bbox 1372 4090 1458 4146; x_wconf 87' lang='grc'><strong>10.</strong></span> <span class='ocrx_word' id='word_1_340' title='bbox 1488 4093 1574 4163; x_wconf 80' lang='grc'><strong>15)</strong></span> <span class='ocrx_word' id='word_1_341' title='bbox 1599 4110 1613 4161; x_wconf 92' lang='grc'><strong>;</strong></span> <span class='ocrx_word' id='word_1_342' title='bbox 1642 4104 1714 4162; x_wconf 91' lang='lat' dir='ltr'><strong>et,</strong></span> <span class='ocrx_word' id='word_1_343' title='bbox 1744 4095 1848 4150; x_wconf 80' lang='lat' dir='ltr'><strong>De-</strong></span> 
     </span>
    </p>
   </div>
   <div class='ocr_carea' id='block_1_44' title="bbox 270 4166 1844 4253">
    <p class='ocr_par' dir='ltr' id='par_1_44' title="bbox 270 4166 1844 4253">
     <span class='ocr_line' id='line_1_44' title="bbox 270 4166 1844 4253; baseline 0.016 -35"><span class='ocrx_word' id='word_1_344' title='bbox 270 4166 370 4236; x_wconf 84' lang='lat' dir='ltr'><strong>lige</strong></span> <span class='ocrx_word' id='word_1_345' title='bbox 394 4176 448 4221; x_wconf 88' lang='lat' dir='ltr'><strong>tu</strong></span> <span class='ocrx_word' id='word_1_346' title='bbox 472 4170 657 4238; x_wconf 87' lang='lat' dir='ltr'><strong>alium,</strong></span> <span class='ocrx_word' id='word_1_347' title='bbox 685 4189 830 4241; x_wconf 82' lang='lat' dir='ltr'><strong>quem</strong></span> <span class='ocrx_word' id='word_1_348' title='bbox 856 4177 1024 4231; x_wconf 81' lang='lat' dir='ltr'><strong>mittas</strong></span> <span class='ocrx_word' id='word_1_349' title='bbox 1053 4178 1187 4249; x_wconf 83' lang='lat' dir='ltr'><strong>(Jer.</strong></span> <span class='ocrx_word' id='word_1_350' title='bbox 1218 4182 1269 4235; x_wconf 89' lang='grc'><strong>1.</strong></span> <span class='ocrx_word' id='word_1_351' title='bbox 1295 4182 1405 4253; x_wconf 86' lang='grc'><strong>16).</strong></span> <span class='ocrx_word' id='word_1_352' title='bbox 1432 4183 1689 4241; x_wconf 85' lang='lat' dir='ltr'><strong>Jeremias</strong></span> <span class='ocrx_word' id='word_1_353' title='bbox 1718 4203 1844 4243; x_wconf 86' lang='lat' dir='ltr'><strong>vero</strong></span> 
     </span>
    </p>
   </div>
   <div class='ocr_carea' id='block_1_45' title="bbox 268 4264 1842 4347">
    <p class='ocr_par' dir='ltr' id='par_1_45' title="bbox 268 4264 1842 4347">
     <span class='ocr_line' id='line_1_45' title="bbox 268 4264 1842 4347; baseline 0.015 -38"><span class='ocrx_word' id='word_1_354' title='bbox 268 4264 481 4312; x_wconf 71' lang='lat' dir='ltr'><strong>mtatem</strong></span> <span class='ocrx_word' id='word_1_355' title='bbox 512 4267 747 4317; x_wconf 90' lang='lat' dir='ltr'><strong>teneram</strong></span> <span class='ocrx_word' id='word_1_356' title='bbox 774 4264 1034 4321; x_wconf 90' lang='lat' dir='ltr'><strong>obtendit.</strong></span> <span class='ocrx_word' id='word_1_357' title='bbox 1079 4268 1323 4327; x_wconf 84' lang='lat' dir='ltr'><strong>Ezechiel</strong></span> <span class='ocrx_word' id='word_1_358' title='bbox 1358 4281 1533 4329; x_wconf 88' lang='lat' dir='ltr'><strong>autem</strong></span> <span class='ocrx_word' id='word_1_359' title='bbox 1566 4286 1842 4347; x_wconf 85' lang='lat' dir='ltr'><strong>postquam</strong></span> 
     </span>
    </p>
   </div>
   <div class='ocr_carea' id='block_1_46' title="bbox 264 4345 1840 4434">
    <p class='ocr_par' dir='ltr' id='par_1_46' title="bbox 264 4345 1840 4434">
     <span class='ocr_line' id='line_1_46' title="bbox 264 4345 1840 4434; baseline 0.015 -36"><span class='ocrx_word' id='word_1_360' title='bbox 264 4345 447 4412; x_wconf 87' lang='lat' dir='ltr'><strong>jussus</strong></span> <span class='ocrx_word' id='word_1_361' title='bbox 482 4345 689 4416; x_wconf 84' lang='lat' dir='ltr'><strong>fuerat,</strong></span> <span class='ocrx_word' id='word_1_362' title='bbox 718 4362 920 4421; x_wconf 88' lang='lat' dir='ltr'><strong>septem</strong></span> <span class='ocrx_word' id='word_1_363' title='bbox 959 4354 1144 4412; x_wconf 89' lang='lat' dir='ltr'><strong>diebus</strong></span> <span class='ocrx_word' id='word_1_364' title='bbox 1172 4360 1310 4415; x_wconf 90' lang='lat' dir='ltr'><strong>circa</strong></span> <span class='ocrx_word' id='word_1_365' title='bbox 1339 4360 1534 4417; x_wconf 79' lang='lat' dir='ltr'><strong>flumen</strong></span> <span class='ocrx_word' id='word_1_366' title='bbox 1569 4345 1840 4434; x_wconf 80' lang='lat' dir='ltr'><strong>versatur,</strong></span> 
     </span>
    </p>
   </div>
   <div class='ocr_carea' id='block_1_47' title="bbox 269 4435 1843 4518">
    <p class='ocr_par' dir='ltr' id='par_1_47' title="bbox 269 4435 1843 4518">
     <span class='ocr_line' id='line_1_47' title="bbox 269 4435 1843 4518; baseline 0.015 -31"><span class='ocrx_word' id='word_1_367' title='bbox 269 4435 539 4491; x_wconf 86' lang='lat' dir='ltr'><strong>reluctans</strong></span> <span class='ocrx_word' id='word_1_368' title='bbox 563 4448 617 4492; x_wconf 91' lang='lat' dir='ltr'><strong>et</strong></span> <span class='ocrx_word' id='word_1_369' title='bbox 643 4441 1017 4509; x_wconf 89' lang='lat' dir='ltr'><strong>tergiversans.</strong></span> <span class='ocrx_word' id='word_1_370' title='bbox 1046 4444 1171 4502; x_wconf 90' lang='lat' dir='ltr'><strong>Ideo</strong></span> <span class='ocrx_word' id='word_1_371' title='bbox 1198 4450 1500 4518; x_wconf 89' lang='lat' dir='ltr'><strong>parabolam</strong></span> <span class='ocrx_word' id='word_1_372' title='bbox 1536 4453 1678 4507; x_wconf 89' lang='lat' dir='ltr'><strong>illam</strong></span> <span class='ocrx_word' id='word_1_373' title='bbox 1705 4456 1843 4510; x_wconf 89' lang='lat' dir='ltr'><strong>Deus</strong></span> 
     </span>
    </p>
   </div>
   <div class='ocr_carea' id='block_1_48' title="bbox 266 4523 1838 4609">
    <p class='ocr_par' dir='ltr' id='par_1_48' title="bbox 266 4523 1838 4609">
     <span class='ocr_line' id='line_1_48' title="bbox 266 4523 1838 4609; baseline 0.014 -33"><span class='ocrx_word' id='word_1_374' title='bbox 266 4523 466 4592; x_wconf 82' lang='lat' dir='ltr'><strong>adjecit</strong></span> <span class='ocrx_word' id='word_1_375' title='bbox 488 4525 668 4583; x_wconf 91' lang='lat' dir='ltr'><strong>dicens</strong></span> <span class='ocrx_word' id='word_1_376' title='bbox 694 4545 709 4582; x_wconf 90' lang='lat'><strong>:</strong></span> <span class='ocrx_word' id='word_1_377' title='bbox 741 4528 1117 4600; x_wconf 83' lang='lat' dir='ltr'><strong>Speculatorem</strong></span> <span class='ocrx_word' id='word_1_378' title='bbox 1141 4544 1188 4590; x_wconf 88' lang='lat' dir='ltr'><strong>te</strong></span> <span class='ocrx_word' id='word_1_379' title='bbox 1211 4538 1326 4591; x_wconf 83' lang='lat' dir='ltr'><strong>dedi</strong></span> <span class='ocrx_word' id='word_1_380' title='bbox 1350 4539 1519 4595; x_wconf 87' lang='lat' dir='ltr'><strong>domui</strong></span> <span class='ocrx_word' id='word_1_381' title='bbox 1544 4540 1743 4609; x_wconf 88' lang='lat' dir='ltr'><strong>Israel;</strong></span> <span class='ocrx_word' id='word_1_382' title='bbox 1764 4556 1838 4608; x_wconf 88' lang='lat' dir='ltr'><strong>et,</strong></span> 
     </span>
    </p>
   </div>
   <div class='ocr_carea' id='block_1_49' title="bbox 265 4613 1834 4701">
    <p class='ocr_par' dir='ltr' id='par_1_49' title="bbox 265 4613 1834 4701">
     <span class='ocr_line' id='line_1_49' title="bbox 265 4613 1834 4701; baseline 0.013 -35"><span class='ocrx_word' id='word_1_383' title='bbox 265 4613 505 4668; x_wconf 74' lang='lat' dir='ltr'><strong>Animam</strong></span> <span class='ocrx_word' id='word_1_384' title='bbox 540 4632 711 4671; x_wconf 86' lang='lat' dir='ltr'><strong>eorum</strong></span> <span class='ocrx_word' id='word_1_385' title='bbox 747 4620 809 4673; x_wconf 85' lang='lat' dir='ltr'><strong>de</strong></span> <span class='ocrx_word' id='word_1_386' title='bbox 839 4637 994 4675; x_wconf 87' lang='lat' dir='ltr'><strong>manu</strong></span> <span class='ocrx_word' id='word_1_387' title='bbox 1020 4632 1107 4677; x_wconf 88' lang='lat' dir='ltr'><strong>tua</strong></span> <span class='ocrx_word' id='word_1_388' title='bbox 1134 4626 1384 4694; x_wconf 80' lang='lat' dir='ltr'><strong>requiram</strong></span> <span class='ocrx_word' id='word_1_389' title='bbox 1412 4628 1630 4701; x_wconf 74' lang='lat' dir='ltr'><strong>(Ezech.</strong></span> <span class='ocrx_word' id='word_1_390' title='bbox 1665 4634 1717 4687; x_wconf 75' lang='grc' dir='ltr'><strong>ὅ.</strong></span> <span class='ocrx_word' id='word_1_391' title='bbox 1749 4636 1772 4689; x_wconf 62' lang='grc' dir='ltr'><strong><em>τι</em></strong></span> <span class='ocrx_word' id='word_1_392' title='bbox 1785 4636 1834 4688; x_wconf 88' lang='lat'><strong>7.</strong></span> 
     </span>
    </p>
   </div>
   <div class='ocr_carea' id='block_1_50' title="bbox 265 4703 1838 4785">
    <p class='ocr_par' dir='ltr' id='par_1_50' title="bbox 265 4703 1838 4785">
     <span class='ocr_line' id='line_1_50' title="bbox 265 4703 1838 4785; baseline 0.015 -29"><span class='ocrx_word' id='word_1_393' title='bbox 265 4703 381 4773; x_wconf 83' lang='grc'><strong>18).</strong></span> <span class='ocrx_word' id='word_1_394' title='bbox 411 4704 574 4761; x_wconf 85' lang='lat' dir='ltr'><strong>Jonas</strong></span> <span class='ocrx_word' id='word_1_395' title='bbox 602 4716 776 4763; x_wconf 90' lang='lat' dir='ltr'><strong>autem</strong></span> <span class='ocrx_word' id='word_1_396' title='bbox 806 4724 911 4765; x_wconf 91' lang='lat' dir='ltr'><strong>non</strong></span> <span class='ocrx_word' id='word_1_397' title='bbox 937 4713 1096 4768; x_wconf 91' lang='lat' dir='ltr'><strong>modo</strong></span> <span class='ocrx_word' id='word_1_398' title='bbox 1123 4717 1405 4785; x_wconf 75' lang='lat' dir='ltr'><strong>recusavit,</strong></span> <span class='ocrx_word' id='word_1_399' title='bbox 1436 4720 1529 4775; x_wconf 88' lang='lat' dir='ltr'><strong>sed</strong></span> <span class='ocrx_word' id='word_1_400' title='bbox 1558 4723 1713 4777; x_wconf 91' lang='lat' dir='ltr'><strong>etiam</strong></span> <span class='ocrx_word' id='word_1_401' title='bbox 1744 4740 1838 4778; x_wconf 82' lang='lat' dir='ltr'><strong>au-</strong></span> 
     </span>
    </p>
   </div>
   <div class='ocr_carea' id='block_1_51' title="bbox 264 4795 1831 4883">
    <p class='ocr_par' dir='ltr' id='par_1_51' title="bbox 264 4795 1831 4883">
     <span class='ocr_line' id='line_1_51' title="bbox 264 4795 1831 4883; baseline 0.014 -34"><span class='ocrx_word' id='word_1_402' title='bbox 264 4795 417 4865; x_wconf 85' lang='lat' dir='ltr'><strong>fugit.</strong></span> <span class='ocrx_word' id='word_1_403' title='bbox 460 4795 594 4861; x_wconf 87' lang='lat' dir='ltr'><strong>Quid</strong></span> <span class='ocrx_word' id='word_1_404' title='bbox 638 4798 832 4867; x_wconf 75' lang='lat' dir='ltr'><strong>igitur?</strong></span> <span class='ocrx_word' id='word_1_405' title='bbox 875 4803 1191 4861; x_wconf 86' lang='lat' dir='ltr'><strong>audaciorne</strong></span> <span class='ocrx_word' id='word_1_406' title='bbox 1228 4809 1473 4866; x_wconf 92' lang='lat' dir='ltr'><strong>omnibus</strong></span> <span class='ocrx_word' id='word_1_407' title='bbox 1509 4812 1604 4867; x_wconf 90' lang='lat' dir='ltr'><strong>fuit</strong></span> <span class='ocrx_word' id='word_1_408' title='bbox 1638 4814 1831 4883; x_wconf 83' lang='lat' dir='ltr'><strong>Isaias,</strong></span> 
     </span>
    </p>
   </div>
   <div class='ocr_carea' id='block_1_52' title="bbox 263 4885 1837 4963">
    <p class='ocr_par' dir='ltr' id='par_1_52' title="bbox 263 4885 1837 4963">
     <span class='ocr_line' id='line_1_52' title="bbox 263 4885 1837 4963; baseline 0.016 -26"><span class='ocrx_word' id='word_1_409' title='bbox 263 4885 529 4955; x_wconf 81' lang='lat' dir='ltr'><strong>etiamque</strong></span> <span class='ocrx_word' id='word_1_410' title='bbox 560 4902 752 4957; x_wconf 86' lang='lat' dir='ltr'><strong>magno</strong></span> <span class='ocrx_word' id='word_1_411' title='bbox 782 4888 875 4946; x_wconf 92' lang='lat' dir='ltr'><strong>illo</strong></span> <span class='ocrx_word' id='word_1_412' title='bbox 903 4891 1125 4963; x_wconf 73' lang='lat' dir='ltr'><strong>Moyse?</strong></span> <span class='ocrx_word' id='word_1_413' title='bbox 1152 4895 1281 4963; x_wconf 89' lang='lat' dir='ltr'><strong>Quis</strong></span> <span class='ocrx_word' id='word_1_414' title='bbox 1324 4900 1438 4955; x_wconf 83' lang='lat' dir='ltr'><strong>haec</strong></span> <span class='ocrx_word' id='word_1_415' title='bbox 1473 4902 1703 4960; x_wconf 87' lang='lat' dir='ltr'><strong>dixerit?</strong></span> <span class='ocrx_word' id='word_1_416' title='bbox 1728 4908 1837 4963; x_wconf 91' lang='lat' dir='ltr'><strong>Cur</strong></span> 
     </span>
    </p>
   </div>
   <div class='ocr_carea' id='block_1_53' title="bbox 261 4976 1835 5066">
    <p class='ocr_par' dir='ltr' id='par_1_53' title="bbox 261 4976 1835 5066">
     <span class='ocr_line' id='line_1_53' title="bbox 261 4976 1835 5066; baseline 0.016 -38"><span class='ocrx_word' id='word_1_417' title='bbox 261 4990 391 5045; x_wconf 90' lang='lat' dir='ltr'><strong>ergo</strong></span> <span class='ocrx_word' id='word_1_418' title='bbox 416 4976 504 5034; x_wconf 90' lang='lat' dir='ltr'><strong>ille</strong></span> <span class='ocrx_word' id='word_1_419' title='bbox 524 4979 705 5046; x_wconf 89' lang='lat' dir='ltr'><strong>jussus</strong></span> <span class='ocrx_word' id='word_1_420' title='bbox 729 4982 1102 5053; x_wconf 87' lang='lat' dir='ltr'><strong>reluctabatur,</strong></span> <span class='ocrx_word' id='word_1_421' title='bbox 1128 4987 1212 5044; x_wconf 91' lang='lat' dir='ltr'><strong>hic</strong></span> <span class='ocrx_word' id='word_1_422' title='bbox 1236 5004 1361 5045; x_wconf 87' lang='lat' dir='ltr'><strong>vero</strong></span> <span class='ocrx_word' id='word_1_423' title='bbox 1389 5007 1492 5047; x_wconf 92' lang='lat' dir='ltr'><strong>non</strong></span> <span class='ocrx_word' id='word_1_424' title='bbox 1521 5008 1701 5064; x_wconf 88' lang='lat' dir='ltr'><strong>aperte</strong></span> <span class='ocrx_word' id='word_1_425' title='bbox 1721 5000 1835 5066; x_wconf 90' lang='lat' dir='ltr'><strong>jus-</strong></span> 
     </span>
    </p>
   </div>
   <div class='ocr_carea' id='block_1_54' title="bbox 259 5067 1829 5149">
    <p class='ocr_par' dir='ltr' id='par_1_54' title="bbox 259 5067 1829 5149">
     <span class='ocr_line' id='line_1_54' title="bbox 259 5067 1829 5149; baseline 0.018 -33"><span class='ocrx_word' id='word_1_426' title='bbox 259 5079 384 5131; x_wconf 87' lang='lat' dir='ltr'><strong>sus,</strong></span> <span class='ocrx_word' id='word_1_427' title='bbox 417 5067 653 5124; x_wconf 89' lang='lat' dir='ltr'><strong>insiliens</strong></span> <span class='ocrx_word' id='word_1_428' title='bbox 690 5083 886 5140; x_wconf 71' lang='lat' dir='ltr'><strong>prtesto</strong></span> <span class='ocrx_word' id='word_1_429' title='bbox 922 5074 1055 5130; x_wconf 76' lang='lat' dir='ltr'><strong>fuit?</strong></span> <span class='ocrx_word' id='word_1_430' title='bbox 1079 5075 1260 5149; x_wconf 85' lang='lat' dir='ltr'><strong>Neque</strong></span> <span class='ocrx_word' id='word_1_431' title='bbox 1286 5081 1426 5136; x_wconf 90' lang='lat' dir='ltr'><strong>enim</strong></span> <span class='ocrx_word' id='word_1_432' title='bbox 1452 5083 1607 5149; x_wconf 91' lang='lat' dir='ltr'><strong>dixit,</strong></span> <span class='ocrx_word' id='word_1_433' title='bbox 1641 5087 1787 5143; x_wconf 81' lang='lat' dir='ltr'><strong>Vade</strong></span> <span class='ocrx_word' id='word_1_434' title='bbox 1815 5107 1829 5145; x_wconf 87' lang='lat'><strong>:</strong></span> 
     </span>
    </p>
   </div>
   <div class='ocr_carea' id='block_1_55' title="bbox 259 5154 1830 5249">
    <p class='ocr_par' dir='ltr' id='par_1_55' title="bbox 259 5154 1830 5249">
     <span class='ocr_line' id='line_1_55' title="bbox 259 5154 1830 5249; baseline 0.017 -43"><span class='ocrx_word' id='word_1_435' title='bbox 259 5154 353 5207; x_wconf 82' lang='lat' dir='ltr'><strong>sed</strong></span> <span class='ocrx_word' id='word_1_436' title='bbox 385 5154 495 5210; x_wconf 91' lang='lat' dir='ltr'><strong>Deo</strong></span> <span class='ocrx_word' id='word_1_437' title='bbox 520 5158 728 5216; x_wconf 90' lang='lat' dir='ltr'><strong>dicente</strong></span> <span class='ocrx_word' id='word_1_438' title='bbox 751 5202 767 5225; x_wconf 90' lang='lat'><strong>,</strong></span> <span class='ocrx_word' id='word_1_439' title='bbox 795 5164 953 5227; x_wconf 84' lang='lat' dir='ltr'><strong>Quem</strong></span> <span class='ocrx_word' id='word_1_440' title='bbox 977 5166 1169 5221; x_wconf 87' lang='lat' dir='ltr'><strong>mittam</strong></span> <span class='ocrx_word' id='word_1_441' title='bbox 1186 5169 1213 5223; x_wconf 71' lang='grc' dir='ltr'><strong>Ρ</strong></span> <span class='ocrx_word' id='word_1_442' title='bbox 1234 5169 1439 5239; x_wconf 90' lang='lat' dir='ltr'><strong>jussum</strong></span> <span class='ocrx_word' id='word_1_443' title='bbox 1467 5173 1555 5231; x_wconf 90' lang='lat' dir='ltr'><strong>ille</strong></span> <span class='ocrx_word' id='word_1_444' title='bbox 1582 5176 1830 5249; x_wconf 88' lang='lat' dir='ltr'><strong>abripuit.</strong></span> 
     </span>
    </p>
   </div>
   <div class='ocr_carea' id='block_1_56' title="bbox 257 5246 1830 5337">
    <p class='ocr_par' dir='ltr' id='par_1_56' title="bbox 257 5246 1830 5337">
     <span class='ocr_line' id='line_1_56' title="bbox 257 5246 1830 5337; baseline 0.02 -41"><span class='ocrx_word' id='word_1_445' title='bbox 257 5246 485 5308; x_wconf 84' lang='lat' dir='ltr'><strong>Quidam</strong></span> <span class='ocrx_word' id='word_1_446' title='bbox 510 5261 655 5305; x_wconf 90' lang='lat' dir='ltr'><strong>certe</strong></span> <span class='ocrx_word' id='word_1_447' title='bbox 674 5251 871 5320; x_wconf 89' lang='lat' dir='ltr'><strong>dicunt,</strong></span> <span class='ocrx_word' id='word_1_448' title='bbox 898 5270 1041 5325; x_wconf 85' lang='lat' dir='ltr'><strong>eum,</strong></span> <span class='ocrx_word' id='word_1_449' title='bbox 1068 5260 1187 5329; x_wconf 88' lang='lat' dir='ltr'><strong>quia</strong></span> <span class='ocrx_word' id='word_1_450' title='bbox 1215 5276 1540 5334; x_wconf 87' lang='lat' dir='ltr'><strong>peccaverat,</strong></span> <span class='ocrx_word' id='word_1_451' title='bbox 1564 5246 1830 5337; x_wconf 40' lang='lat' dir='ltr'><strong>quod—non</strong></span> 
     </span>
    </p>
   </div>
   <div class='ocr_carea' id='block_1_57' title="bbox 259 5336 1832 5425">
    <p class='ocr_par' dir='ltr' id='par_1_57' title="bbox 259 5336 1832 5425">
     <span class='ocr_line' id='line_1_57' title="bbox 259 5336 1832 5425; baseline 0.022 -39"><span class='ocrx_word' id='word_1_452' title='bbox 259 5336 687 5404; x_wconf 89' lang='lat' dir='ltr'><strong>reprehendisset</strong></span> <span class='ocrx_word' id='word_1_453' title='bbox 719 5343 932 5414; x_wconf 81' lang='lat' dir='ltr'><strong>Oziam,</strong></span> <span class='ocrx_word' id='word_1_454' title='bbox 964 5350 1053 5419; x_wconf 88' lang='lat' dir='ltr'><strong>qui</strong></span> <span class='ocrx_word' id='word_1_455' title='bbox 1098 5353 1149 5407; x_wconf 88' lang='lat' dir='ltr'><strong>in</strong></span> <span class='ocrx_word' id='word_1_456' title='bbox 1190 5355 1346 5425; x_wconf 74' lang='lat' dir='ltr'><strong>adyta</strong></span> <span class='ocrx_word' id='word_1_457' title='bbox 1384 5372 1443 5414; x_wconf 89' lang='lat' dir='ltr'><strong>se</strong></span> <span class='ocrx_word' id='word_1_458' title='bbox 1481 5336 1832 5421; x_wconf 80' lang='lat' dir='ltr'><strong>intromittere</strong></span> 
     </span>
    </p>
   </div>
   <div class='ocr_carea' id='block_1_58' title="bbox 259 5433 1830 5520">
    <p class='ocr_par' dir='ltr' id='par_1_58' title="bbox 259 5433 1830 5520">
     <span class='ocr_line' id='line_1_58' title="bbox 259 5433 1830 5520; baseline 0.019 -41"><span class='ocrx_word' id='word_1_459' title='bbox 259 5440 421 5483; x_wconf 86' lang='lat' dir='ltr'><strong>ausus</strong></span> <span class='ocrx_word' id='word_1_460' title='bbox 445 5440 548 5494; x_wconf 90' lang='lat' dir='ltr'><strong>est,</strong></span> <span class='ocrx_word' id='word_1_461' title='bbox 577 5442 633 5485; x_wconf 93' lang='lat' dir='ltr'><strong>ut</strong></span> <span class='ocrx_word' id='word_1_462' title='bbox 658 5433 722 5488; x_wconf 90' lang='lat' dir='ltr'><strong>de</strong></span> <span class='ocrx_word' id='word_1_463' title='bbox 750 5436 839 5491; x_wconf 90' lang='lat' dir='ltr'><strong>illo</strong></span> <span class='ocrx_word' id='word_1_464' title='bbox 868 5450 1085 5508; x_wconf 88' lang='lat' dir='ltr'><strong>peccato</strong></span> <span class='ocrx_word' id='word_1_465' title='bbox 1113 5459 1232 5500; x_wconf 90' lang='lat' dir='ltr'><strong>sese</strong></span> <span class='ocrx_word' id='word_1_466' title='bbox 1258 5458 1501 5518; x_wconf 89' lang='lat' dir='ltr'><strong>purgaret</strong></span> <span class='ocrx_word' id='word_1_467' title='bbox 1528 5467 1620 5520; x_wconf 90' lang='lat' dir='ltr'><strong>per</strong></span> <span class='ocrx_word' id='word_1_468' title='bbox 1644 5455 1830 5509; x_wconf 82' lang='lat' dir='ltr'><strong>alacri-</strong></span> 
     </span>
    </p>
   </div>
   <div class='ocr_carea' id='block_1_59' title="bbox 258 5519 1825 5612">
    <p class='ocr_par' dir='ltr' id='par_1_59' title="bbox 258 5519 1825 5612">
     <span class='ocr_line' id='line_1_59' title="bbox 258 5519 1825 5612; baseline 0.022 -45"><span class='ocrx_word' id='word_1_469' title='bbox 258 5522 417 5570; x_wconf 82' lang='lat' dir='ltr'><strong>tatem</strong></span> <span class='ocrx_word' id='word_1_470' title='bbox 443 5519 777 5590; x_wconf 70' lang='lat' dir='ltr'><strong>obedientiaa,</strong></span> <span class='ocrx_word' id='word_1_471' title='bbox 804 5528 979 5584; x_wconf 87' lang='lat' dir='ltr'><strong>statim</strong></span> <span class='ocrx_word' id='word_1_472' title='bbox 1005 5532 1267 5601; x_wconf 89' lang='lat' dir='ltr'><strong>insiliisse,</strong></span> <span class='ocrx_word' id='word_1_473' title='bbox 1297 5546 1353 5592; x_wconf 91' lang='lat' dir='ltr'><strong>ut</strong></span> <span class='ocrx_word' id='word_1_474' title='bbox 1385 5519 1545 5595; x_wconf 87' lang='lat' dir='ltr'><strong>Deum</strong></span> <span class='ocrx_word' id='word_1_475' title='bbox 1576 5544 1825 5612; x_wconf 88' lang='lat' dir='ltr'><strong>placaret.</strong></span> 
     </span>
    </p>
   </div>
   <div class='ocr_carea' id='block_1_60' title="bbox 258 5647 1827 5759">
    <p class='ocr_par' dir='ltr' id='par_1_60' title="bbox 258 5647 1827 5759">
     <span class='ocr_line' id='line_1_60' title="bbox 258 5647 1827 5759; baseline 0.016 -59"><span class='ocrx_word' id='word_1_476' title='bbox 258 5647 535 5759; x_wconf 43' lang='lat' dir='ltr'><strong>“satiate</strong></span> <span class='ocrx_word' id='word_1_477' title='bbox 555 5660 774 5715; x_wconf 81' lang='lat' dir='ltr'><strong>spectant</strong></span> <span class='ocrx_word' id='word_1_478' title='bbox 796 5657 855 5709; x_wconf 85' lang='lat' dir='ltr'><strong>ad</strong></span> <span class='ocrx_word' id='word_1_479' title='bbox 878 5667 980 5712; x_wconf 86' lang='lat' dir='ltr'><strong>tres</strong></span> <span class='ocrx_word' id='word_1_480' title='bbox 1000 5674 1179 5725; x_wconf 78' lang='lat' dir='ltr'><strong>pueros</strong></span> <span class='ocrx_word' id='word_1_481' title='bbox 1197 5671 1249 5716; x_wconf 90' lang='lat' dir='ltr'><strong>et</strong></span> <span class='ocrx_word' id='word_1_482' title='bbox 1266 5666 1323 5717; x_wconf 90' lang='lat' dir='ltr'><strong>ad</strong></span> <span class='ocrx_word' id='word_1_483' title='bbox 1346 5667 1585 5723; x_wconf 84' lang='lat' dir='ltr'><strong>fornacem</strong></span> <span class='ocrx_word' id='word_1_484' title='bbox 1610 5677 1732 5735; x_wconf 75' lang='lat' dir='ltr'><strong>ignis</strong></span> <span class='ocrx_word' id='word_1_485' title='bbox 1749 5690 1827 5725; x_wconf 88' lang='lat' dir='ltr'><strong>ar-</strong></span> 
     </span>
    </p>
   </div>
   <div class='ocr_carea' id='block_1_61' title="bbox 1970 467 3531 541">
    <p class='ocr_par' dir='ltr' id='par_1_61' title="bbox 1970 467 3531 541">
     <span class='ocr_line' id='line_1_61' title="bbox 1970 467 3531 541; baseline -0.002 -15"><span class='ocrx_word' id='word_1_486' title='bbox 1970 469 2170 526; x_wconf 87' lang='lat' dir='ltr'><strong>ldcirco</strong></span> <span class='ocrx_word' id='word_1_487' title='bbox 2197 470 2338 527; x_wconf 89' lang='lat' dir='ltr'><strong>enim</strong></span> <span class='ocrx_word' id='word_1_488' title='bbox 2362 467 2566 541; x_wconf 89' lang='lat' dir='ltr'><strong>impura</strong></span> <span class='ocrx_word' id='word_1_489' title='bbox 2590 482 2711 524; x_wconf 89' lang='lat' dir='ltr'><strong>esse</strong></span> <span class='ocrx_word' id='word_1_490' title='bbox 2734 467 2871 523; x_wconf 90' lang='lat' dir='ltr'><strong>labia</strong></span> <span class='ocrx_word' id='word_1_491' title='bbox 2896 483 2990 524; x_wconf 89' lang='lat' dir='ltr'><strong>sua</strong></span> <span class='ocrx_word' id='word_1_492' title='bbox 3014 467 3241 535; x_wconf 87' lang='lat' dir='ltr'><strong>diccbat,</strong></span> <span class='ocrx_word' id='word_1_493' title='bbox 3263 467 3402 539; x_wconf 89' lang='lat' dir='ltr'><strong>quod</strong></span> <span class='ocrx_word' id='word_1_494' title='bbox 3428 482 3531 523; x_wconf 85' lang='lat' dir='ltr'><strong>non</strong></span> 
     </span>
    </p>
   </div>
   <div class='ocr_carea' id='block_1_62' title="bbox 1967 558 3537 629">
    <p class='ocr_par' dir='ltr' id='par_1_62' title="bbox 1967 558 3537 629">
     <span class='ocr_line' id='line_1_62' title="bbox 1967 558 3537 629; baseline 0.001 -16"><span class='ocrx_word' id='word_1_495' title='bbox 1967 558 2211 616; x_wconf 83' lang='lat' dir='ltr'><strong>libertate</strong></span> <span class='ocrx_word' id='word_1_496' title='bbox 2248 560 2495 628; x_wconf 87' lang='lat' dir='ltr'><strong>loquendi</strong></span> <span class='ocrx_word' id='word_1_497' title='bbox 2520 573 2646 615; x_wconf 89' lang='lat' dir='ltr'><strong>usus</strong></span> <span class='ocrx_word' id='word_1_498' title='bbox 2669 567 2834 614; x_wconf 89' lang='lat' dir='ltr'><strong>esset.</strong></span> <span class='ocrx_word' id='word_1_499' title='bbox 2858 560 2927 614; x_wconf 82' lang='lat' dir='ltr'><strong>At</strong></span> <span class='ocrx_word' id='word_1_500' title='bbox 2953 574 3045 615; x_wconf 90' lang='lat' dir='ltr'><strong>eos</strong></span> <span class='ocrx_word' id='word_1_501' title='bbox 3073 561 3161 629; x_wconf 90' lang='lat' dir='ltr'><strong>qui</strong></span> <span class='ocrx_word' id='word_1_502' title='bbox 3202 559 3323 613; x_wconf 88' lang='lat' dir='ltr'><strong>talia</strong></span> <span class='ocrx_word' id='word_1_503' title='bbox 3352 558 3537 614; x_wconf 85' lang='lat' dir='ltr'><strong>dicunt</strong></span> 
     </span>
    </p>
   </div>
   <div class='ocr_carea' id='block_1_63' title="bbox 1968 649 3535 720">
    <p class='ocr_par' dir='ltr' id='par_1_63' title="bbox 1968 649 3535 720">
     <span class='ocr_line' id='line_1_63' title="bbox 1968 649 3535 720; baseline -0.002 -14"><span class='ocrx_word' id='word_1_504' title='bbox 1968 650 2107 706; x_wconf 86' lang='lat' dir='ltr'><strong>ferre</strong></span> <span class='ocrx_word' id='word_1_505' title='bbox 2143 665 2246 704; x_wconf 90' lang='lat' dir='ltr'><strong>non</strong></span> <span class='ocrx_word' id='word_1_506' title='bbox 2287 650 2485 718; x_wconf 91' lang='lat' dir='ltr'><strong>possim</strong></span> <span class='ocrx_word' id='word_1_507' title='bbox 2515 666 2529 704; x_wconf 91' lang='lat'><strong>:</strong></span> <span class='ocrx_word' id='word_1_508' title='bbox 2562 663 2683 705; x_wconf 91' lang='lat' dir='ltr'><strong>nam</strong></span> <span class='ocrx_word' id='word_1_509' title='bbox 2709 649 2814 705; x_wconf 81' lang='lat' dir='ltr'><strong>fide</strong></span> <span class='ocrx_word' id='word_1_510' title='bbox 2838 649 3045 720; x_wconf 88' lang='lat' dir='ltr'><strong>dignior</strong></span> <span class='ocrx_word' id='word_1_511' title='bbox 3074 651 3179 705; x_wconf 90' lang='lat' dir='ltr'><strong>illis</strong></span> <span class='ocrx_word' id='word_1_512' title='bbox 3202 661 3283 705; x_wconf 91' lang='lat' dir='ltr'><strong>est</strong></span> <span class='ocrx_word' id='word_1_513' title='bbox 3309 649 3535 713; x_wconf 80' lang='lat' dir='ltr'><strong>Paulus,</strong></span> 
     </span>
    </p>
   </div>
   <div class='ocr_carea' id='block_1_64' title="bbox 1967 740 3539 810">
    <p class='ocr_par' dir='ltr' id='par_1_64' title="bbox 1967 740 3539 810">
     <span class='ocr_line' id='line_1_64' title="bbox 1967 740 3539 810; baseline -0.001 -17"><span class='ocrx_word' id='word_1_514' title='bbox 1967 741 2057 810; x_wconf 90' lang='lat' dir='ltr'><strong>qni</strong></span> <span class='ocrx_word' id='word_1_515' title='bbox 2097 741 2349 795; x_wconf 88' lang='lat' dir='ltr'><strong>audacem</strong></span> <span class='ocrx_word' id='word_1_516' title='bbox 2391 740 2536 794; x_wconf 92' lang='lat' dir='ltr'><strong>illum</strong></span> <span class='ocrx_word' id='word_1_517' title='bbox 2570 750 2719 795; x_wconf 84' lang='lat' dir='ltr'><strong>vocat</strong></span> <span class='ocrx_word' id='word_1_518' title='bbox 2754 747 2810 794; x_wconf 91' lang='lat' dir='ltr'><strong>et</strong></span> <span class='ocrx_word' id='word_1_519' title='bbox 2845 740 2956 807; x_wconf 89' lang='lat' dir='ltr'><strong>ait,</strong></span> <span class='ocrx_word' id='word_1_520' title='bbox 2988 741 3154 794; x_wconf 84' lang='lat' dir='ltr'><strong>Isaias</strong></span> <span class='ocrx_word' id='word_1_521' title='bbox 3176 755 3289 794; x_wconf 75' lang='lat' dir='ltr'><strong>vero</strong></span> <span class='ocrx_word' id='word_1_522' title='bbox 3313 740 3463 794; x_wconf 72' lang='lat' dir='ltr'><strong>audet</strong></span> <span class='ocrx_word' id='word_1_523' title='bbox 3491 748 3539 793; x_wconf 82' lang='lat' dir='ltr'><strong>et</strong></span> 
     </span>
    </p>
   </div>
   <div class='ocr_carea' id='block_1_65' title="bbox 1968 830 3537 902">
    <p class='ocr_par' dir='ltr' id='par_1_65' title="bbox 1968 830 3537 902">
     <span class='ocr_line' id='line_1_65' title="bbox 1968 830 3537 902; baseline 0.003 -20"><span class='ocrx_word' id='word_1_524' title='bbox 1968 831 2089 883; x_wconf 79' lang='lat' dir='ltr'><strong>dicit</strong></span> <span class='ocrx_word' id='word_1_525' title='bbox 2113 830 2287 901; x_wconf 86' lang='lat' dir='ltr'><strong>(Rom.</strong></span> <span class='ocrx_word' id='word_1_526' title='bbox 2310 832 2399 887; x_wconf 86' lang='grc'><strong>10.</strong></span> <span class='ocrx_word' id='word_1_527' title='bbox 2423 830 2539 900; x_wconf 73' lang='lat'><strong>20).</strong></span> <span class='ocrx_word' id='word_1_528' title='bbox 2568 830 2691 887; x_wconf 90' lang='lat' dir='ltr'><strong>Ideo</strong></span> <span class='ocrx_word' id='word_1_529' title='bbox 2716 831 2874 901; x_wconf 88' lang='lat' dir='ltr'><strong>igitur</strong></span> <span class='ocrx_word' id='word_1_530' title='bbox 2893 846 2998 885; x_wconf 89' lang='lat' dir='ltr'><strong>non</strong></span> <span class='ocrx_word' id='word_1_531' title='bbox 3022 846 3086 887; x_wconf 79' lang='lat' dir='ltr'><strong>ex</strong></span> <span class='ocrx_word' id='word_1_532' title='bbox 3111 834 3378 887; x_wconf 90' lang='lat' dir='ltr'><strong>communi</strong></span> <span class='ocrx_word' id='word_1_533' title='bbox 3401 833 3537 902; x_wconf 80' lang='lat' dir='ltr'><strong>lege,</strong></span> 
     </span>
    </p>
   </div>
   <div class='ocr_carea' id='block_1_66' title="bbox 1971 920 3543 993">
    <p class='ocr_par' dir='ltr' id='par_1_66' title="bbox 1971 920 3543 993">
     <span class='ocr_line' id='line_1_66' title="bbox 1971 920 3543 993; baseline 0.004 -21"><span class='ocrx_word' id='word_1_534' title='bbox 1971 928 2029 973; x_wconf 92' lang='lat' dir='ltr'><strong>ut</strong></span> <span class='ocrx_word' id='word_1_535' title='bbox 2066 920 2250 985; x_wconf 89' lang='lat' dir='ltr'><strong>aiunt,</strong></span> <span class='ocrx_word' id='word_1_536' title='bbox 2289 930 2514 976; x_wconf 90' lang='lat' dir='ltr'><strong>mortem</strong></span> <span class='ocrx_word' id='word_1_537' title='bbox 2556 921 2724 987; x_wconf 91' lang='lat' dir='ltr'><strong>obiit,</strong></span> <span class='ocrx_word' id='word_1_538' title='bbox 2751 922 2845 979; x_wconf 88' lang='lat' dir='ltr'><strong>sed</strong></span> <span class='ocrx_word' id='word_1_539' title='bbox 2884 922 3253 993; x_wconf 85' lang='lat' dir='ltr'><strong>gravissimum</strong></span> <span class='ocrx_word' id='word_1_540' title='bbox 3292 920 3543 978; x_wconf 80' lang='lat' dir='ltr'><strong>sustinuit</strong></span> 
     </span>
    </p>
   </div>
   <div class='ocr_carea' id='block_1_67' title="bbox 1968 1009 3540 1097">
    <p class='ocr_par' dir='ltr' id='par_1_67' title="bbox 1968 1009 3540 1097">
     <span class='ocr_line' id='line_1_67' title="bbox 1968 1009 3540 1097; baseline 0.003 -36"><span class='ocrx_word' id='word_1_541' title='bbox 1968 1009 2281 1080; x_wconf 70' lang='lat' dir='ltr'><strong>supplicium</strong></span> <span class='ocrx_word' id='word_1_542' title='bbox 2310 1010 2383 1081; x_wconf 90' lang='lat' dir='ltr'><strong>(a)</strong></span> <span class='ocrx_word' id='word_1_543' title='bbox 2406 1052 2421 1077; x_wconf 95' lang='lat'><strong>,</strong></span> <span class='ocrx_word' id='word_1_544' title='bbox 2460 1010 2658 1066; x_wconf 72' lang='lat' dir='ltr'><strong>Judtris</strong></span> <span class='ocrx_word' id='word_1_545' title='bbox 2694 1012 2809 1081; x_wconf 88' lang='lat' dir='ltr'><strong>ejus</strong></span> <span class='ocrx_word' id='word_1_546' title='bbox 2834 1012 3081 1083; x_wconf 88' lang='lat' dir='ltr'><strong>loquendi</strong></span> <span class='ocrx_word' id='word_1_547' title='bbox 3112 1013 3405 1097; x_wconf 86' lang='lat' dir='ltr'><strong>libertatem</strong></span> <span class='ocrx_word' id='word_1_548' title='bbox 3436 1029 3540 1069; x_wconf 78' lang='lat' dir='ltr'><strong>non</strong></span> 
     </span>
    </p>
   </div>
   <div class='ocr_carea' id='block_1_68' title="bbox 1969 1098 3544 1174">
    <p class='ocr_par' dir='ltr' id='par_1_68' title="bbox 1969 1098 3544 1174">
     <span class='ocr_line' id='line_1_68' title="bbox 1969 1098 3544 1174; baseline 0.003 -22"><span class='ocrx_word' id='word_1_549' title='bbox 1969 1098 2278 1154; x_wconf 78' lang='lat' dir='ltr'><strong>ferentibus.</strong></span> <span class='ocrx_word' id='word_1_550' title='bbox 2311 1101 2512 1157; x_wconf 76' lang='lat' dir='ltr'><strong>Prteter</strong></span> <span class='ocrx_word' id='word_1_551' title='bbox 2538 1100 2653 1156; x_wconf 68' lang='lat' dir='ltr'><strong>haec</strong></span> <span class='ocrx_word' id='word_1_552' title='bbox 2676 1110 2851 1158; x_wconf 89' lang='lat' dir='ltr'><strong>autem</strong></span> <span class='ocrx_word' id='word_1_553' title='bbox 2886 1102 3155 1174; x_wconf 83' lang='lat' dir='ltr'><strong>Scriptura</strong></span> <span class='ocrx_word' id='word_1_554' title='bbox 3180 1119 3436 1174; x_wconf 78' lang='lat' dir='ltr'><strong>nusquam</strong></span> <span class='ocrx_word' id='word_1_555' title='bbox 3454 1103 3544 1157; x_wconf 17' lang='lat' dir='ltr'><strong>rdi-</strong></span> 
     </span>
    </p>
   </div>
   <div class='ocr_carea' id='block_1_69' title="bbox 1969 1188 3542 1261">
    <p class='ocr_par' dir='ltr' id='par_1_69' title="bbox 1969 1188 3542 1261">
     <span class='ocr_line' id='line_1_69' title="bbox 1969 1188 3542 1261; baseline 0.004 -19"><span class='ocrx_word' id='word_1_556' title='bbox 1969 1188 2074 1252; x_wconf 91' lang='lat' dir='ltr'><strong>cit,</strong></span> <span class='ocrx_word' id='word_1_557' title='bbox 2105 1188 2273 1257; x_wconf 92' lang='lat' dir='ltr'><strong>ipsum</strong></span> <span class='ocrx_word' id='word_1_558' title='bbox 2302 1189 2842 1258; x_wconf 67' lang='lat' dir='ltr'><strong>praesentcm’fuisse,</strong></span> <span class='ocrx_word' id='word_1_559' title='bbox 2868 1199 2924 1247; x_wconf 90' lang='lat' dir='ltr'><strong>et</strong></span> <span class='ocrx_word' id='word_1_560' title='bbox 2958 1203 3272 1261; x_wconf 74' lang='lat' dir='ltr'><strong>praesentem</strong></span> <span class='ocrx_word' id='word_1_561' title='bbox 3300 1194 3542 1257; x_wconf 87' lang='lat' dir='ltr'><strong>siluisse.</strong></span> 
     </span>
    </p>
   </div>
   <div class='ocr_carea' id='block_1_70' title="bbox 1968 1277 3547 1354">
    <p class='ocr_par' dir='ltr' id='par_1_70' title="bbox 1968 1277 3547 1354">
     <span class='ocr_line' id='line_1_70' title="bbox 1968 1277 3547 1354; baseline 0.006 -25"><span class='ocrx_word' id='word_1_562' title='bbox 1968 1277 2181 1346; x_wconf 82' lang='lat' dir='ltr'><strong>quando</strong></span> <span class='ocrx_word' id='word_1_563' title='bbox 2207 1278 2361 1333; x_wconf 82' lang='lat' dir='ltr'><strong>Ozias</strong></span> <span class='ocrx_word' id='word_1_564' title='bbox 2400 1281 2486 1335; x_wconf 88' lang='lat' dir='ltr'><strong>illa</strong></span> <span class='ocrx_word' id='word_1_565' title='bbox 2521 1282 2800 1337; x_wconf 88' lang='lat' dir='ltr'><strong>attentavit</strong></span> <span class='ocrx_word' id='word_1_566' title='bbox 2828 1299 2840 1335; x_wconf 92' lang='lat'><strong>:</strong></span> <span class='ocrx_word' id='word_1_567' title='bbox 2869 1282 2963 1337; x_wconf 88' lang='lat' dir='ltr'><strong>sed</strong></span> <span class='ocrx_word' id='word_1_568' title='bbox 3000 1284 3086 1352; x_wconf 91' lang='lat' dir='ltr'><strong>qui</strong></span> <span class='ocrx_word' id='word_1_569' title='bbox 3116 1282 3231 1340; x_wconf 66' lang='lat' dir='ltr'><strong>btec</strong></span> <span class='ocrx_word' id='word_1_570' title='bbox 3266 1284 3547 1354; x_wconf 80' lang='lat' dir='ltr'><strong>proferunt</strong></span> 
     </span>
    </p>
   </div>
   <div class='ocr_carea' id='block_1_71' title="bbox 1970 1370 3545 1446">
    <p class='ocr_par' dir='ltr' id='par_1_71' title="bbox 1970 1370 3545 1446">
     <span class='ocr_line' id='line_1_71' title="bbox 1970 1370 3545 1446; baseline 0.004 -23"><span class='ocrx_word' id='word_1_571' title='bbox 1970 1382 2035 1423; x_wconf 85' lang='lat' dir='ltr'><strong>ex</strong></span> <span class='ocrx_word' id='word_1_572' title='bbox 2065 1370 2254 1439; x_wconf 89' lang='lat' dir='ltr'><strong>scipsis</strong></span> <span class='ocrx_word' id='word_1_573' title='bbox 2282 1372 2404 1427; x_wconf 85' lang='lat' dir='ltr'><strong>talia</strong></span> <span class='ocrx_word' id='word_1_574' title='bbox 2433 1373 2743 1444; x_wconf 90' lang='lat' dir='ltr'><strong>conjiciunt.</strong></span> <span class='ocrx_word' id='word_1_575' title='bbox 2782 1373 2917 1443; x_wconf 91' lang='lat' dir='ltr'><strong>Quid</strong></span> <span class='ocrx_word' id='word_1_576' title='bbox 2957 1390 3083 1446; x_wconf 89' lang='lat' dir='ltr'><strong>ergo</strong></span> <span class='ocrx_word' id='word_1_577' title='bbox 3112 1375 3392 1433; x_wconf 89' lang='lat' dir='ltr'><strong>dicendum</strong></span> <span class='ocrx_word' id='word_1_578' title='bbox 3419 1376 3545 1433; x_wconf 80' lang='lat' dir='ltr'><strong>est?</strong></span> 
     </span>
    </p>
   </div>
   <div class='ocr_carea' id='block_1_72' title="bbox 1970 1457 3543 1535">
    <p class='ocr_par' dir='ltr' id='par_1_72' title="bbox 1970 1457 3543 1535">
     <span class='ocr_line' id='line_1_72' title="bbox 1970 1457 3543 1535; baseline 0.008 -24"><span class='ocrx_word' id='word_1_579' title='bbox 1970 1457 2085 1513; x_wconf 85' lang='lat' dir='ltr'><strong>Non</strong></span> <span class='ocrx_word' id='word_1_580' title='bbox 2114 1474 2234 1515; x_wconf 91' lang='lat' dir='ltr'><strong>esse</strong></span> <span class='ocrx_word' id='word_1_581' title='bbox 2271 1476 2449 1529; x_wconf 90' lang='lat' dir='ltr'><strong>parem</strong></span> <span class='ocrx_word' id='word_1_582' title='bbox 2479 1462 2676 1535; x_wconf 76' lang='lat' dir='ltr'><strong>Moysis</strong></span> <span class='ocrx_word' id='word_1_583' title='bbox 2699 1473 2753 1520; x_wconf 92' lang='lat' dir='ltr'><strong>et</strong></span> <span class='ocrx_word' id='word_1_584' title='bbox 2784 1464 2940 1535; x_wconf 87' lang='lat' dir='ltr'><strong>hujus</strong></span> <span class='ocrx_word' id='word_1_585' title='bbox 2968 1465 3249 1523; x_wconf 91' lang='lat' dir='ltr'><strong>rationem.</strong></span> <span class='ocrx_word' id='word_1_586' title='bbox 3280 1467 3373 1523; x_wconf 92' lang='lat' dir='ltr'><strong>llle</strong></span> <span class='ocrx_word' id='word_1_587' title='bbox 3400 1468 3543 1523; x_wconf 87' lang='lat' dir='ltr'><strong>enim</strong></span> 
     </span>
    </p>
   </div>
   <div class='ocr_carea' id='block_1_73' title="bbox 1971 1546 3545 1629">
    <p class='ocr_par' dir='ltr' id='par_1_73' title="bbox 1971 1546 3545 1629">
     <span class='ocr_line' id='line_1_73' title="bbox 1971 1546 3545 1629; baseline 0.01 -30"><span class='ocrx_word' id='word_1_588' title='bbox 1971 1546 2023 1600; x_wconf 92' lang='lat' dir='ltr'><strong>in</strong></span> <span class='ocrx_word' id='word_1_589' title='bbox 2051 1547 2279 1603; x_wconf 86' lang='lat' dir='ltr'><strong>alienam</strong></span> <span class='ocrx_word' id='word_1_590' title='bbox 2306 1558 2361 1605; x_wconf 91' lang='lat' dir='ltr'><strong>et</strong></span> <span class='ocrx_word' id='word_1_591' title='bbox 2396 1552 2673 1609; x_wconf 86' lang='lat' dir='ltr'><strong>barbaram</strong></span> <span class='ocrx_word' id='word_1_592' title='bbox 2701 1564 2895 1611; x_wconf 90' lang='lat' dir='ltr'><strong>terram</strong></span> <span class='ocrx_word' id='word_1_593' title='bbox 2927 1556 3259 1622; x_wconf 89' lang='lat' dir='ltr'><strong>mittebatur,</strong></span> <span class='ocrx_word' id='word_1_594' title='bbox 3286 1568 3337 1613; x_wconf 92' lang='lat' dir='ltr'><strong>et</strong></span> <span class='ocrx_word' id='word_1_595' title='bbox 3366 1558 3431 1613; x_wconf 87' lang='lat' dir='ltr'><strong>ad</strong></span> <span class='ocrx_word' id='word_1_596' title='bbox 3459 1566 3545 1629; x_wconf 89' lang='lat' dir='ltr'><strong>ty-</strong></span> 
     </span>
    </p>
   </div>
   <div class='ocr_carea' id='block_1_74' title="bbox 1971 1639 3548 1719">
    <p class='ocr_par' dir='ltr' id='par_1_74' title="bbox 1971 1639 3548 1719">
     <span class='ocr_line' id='line_1_74' title="bbox 1971 1639 3548 1719; baseline 0.008 -27"><span class='ocrx_word' id='word_1_597' title='bbox 1971 1653 2198 1694; x_wconf 85' lang='lat' dir='ltr'><strong>rannum</strong></span> <span class='ocrx_word' id='word_1_598' title='bbox 2240 1639 2532 1712; x_wconf 84' lang='lat' dir='ltr'><strong>furentem,</strong></span> <span class='ocrx_word' id='word_1_599' title='bbox 2574 1645 3033 1719; x_wconf 89' lang='lat' dir='ltr'><strong>insanientemque</strong></span> <span class='ocrx_word' id='word_1_600' title='bbox 3061 1664 3123 1705; x_wconf 90' lang='lat' dir='ltr'><strong>ac</strong></span> <span class='ocrx_word' id='word_1_601' title='bbox 3149 1648 3429 1717; x_wconf 88' lang='lat' dir='ltr'><strong>rabidum;</strong></span> <span class='ocrx_word' id='word_1_602' title='bbox 3460 1650 3548 1706; x_wconf 88' lang='lat' dir='ltr'><strong>hic</strong></span> 
     </span>
    </p>
   </div>
   <div class='ocr_carea' id='block_1_75' title="bbox 1971 1731 3547 1813">
    <p class='ocr_par' dir='ltr' id='par_1_75' title="bbox 1971 1731 3547 1813">
     <span class='ocr_line' id='line_1_75' title="bbox 1971 1731 3547 1813; baseline 0.01 -30"><span class='ocrx_word' id='word_1_603' title='bbox 1971 1743 2101 1784; x_wconf 85' lang='lat' dir='ltr'><strong>vero</strong></span> <span class='ocrx_word' id='word_1_604' title='bbox 2124 1731 2189 1785; x_wconf 89' lang='lat' dir='ltr'><strong>ad</strong></span> <span class='ocrx_word' id='word_1_605' title='bbox 2220 1747 2376 1798; x_wconf 91' lang='lat' dir='ltr'><strong>suos,</strong></span> <span class='ocrx_word' id='word_1_606' title='bbox 2404 1736 2493 1805; x_wconf 89' lang='lat' dir='ltr'><strong>qui</strong></span> <span class='ocrx_word' id='word_1_607' title='bbox 2521 1750 2580 1792; x_wconf 87' lang='lat' dir='ltr'><strong>se</strong></span> <span class='ocrx_word' id='word_1_608' title='bbox 2605 1751 2746 1807; x_wconf 62' lang='lat' dir='ltr'><strong>saepe</strong></span> <span class='ocrx_word' id='word_1_609' title='bbox 2772 1740 3046 1796; x_wconf 89' lang='lat' dir='ltr'><strong>audierant</strong></span> <span class='ocrx_word' id='word_1_610' title='bbox 3066 1782 3080 1807; x_wconf 93' lang='lat'><strong>,</strong></span> <span class='ocrx_word' id='word_1_611' title='bbox 3107 1741 3379 1813; x_wconf 90' lang='lat' dir='ltr'><strong>multoque</strong></span> <span class='ocrx_word' id='word_1_612' title='bbox 3409 1752 3547 1798; x_wconf 86' lang='lat' dir='ltr'><strong>tem-</strong></span> 
     </span>
    </p>
   </div>
   <div class='ocr_carea' id='block_1_76' title="bbox 1971 1822 3545 1899">
    <p class='ocr_par' dir='ltr' id='par_1_76' title="bbox 1971 1822 3545 1899">
     <span class='ocr_line' id='line_1_76' title="bbox 1971 1822 3545 1899; baseline 0.01 -26"><span class='ocrx_word' id='word_1_613' title='bbox 1971 1834 2101 1887; x_wconf 91' lang='lat' dir='ltr'><strong>pore</strong></span> <span class='ocrx_word' id='word_1_614' title='bbox 2127 1822 2347 1877; x_wconf 90' lang='lat' dir='ltr'><strong>instituti</strong></span> <span class='ocrx_word' id='word_1_615' title='bbox 2375 1822 2585 1880; x_wconf 85' lang='lat' dir='ltr'><strong>fuerant</strong></span> <span class='ocrx_word' id='word_1_616' title='bbox 2615 1843 2627 1880; x_wconf 92' lang='lat'><strong>:</strong></span> <span class='ocrx_word' id='word_1_617' title='bbox 2657 1844 2828 1899; x_wconf 85' lang='lat' dir='ltr'><strong>neque</strong></span> <span class='ocrx_word' id='word_1_618' title='bbox 2852 1831 2992 1899; x_wconf 90' lang='lat' dir='ltr'><strong>paris</strong></span> <span class='ocrx_word' id='word_1_619' title='bbox 3016 1842 3130 1886; x_wconf 91' lang='lat' dir='ltr'><strong>erat</strong></span> <span class='ocrx_word' id='word_1_620' title='bbox 3152 1834 3467 1889; x_wconf 77' lang='lat' dir='ltr'><strong>constantia:</strong></span> <span class='ocrx_word' id='word_1_621' title='bbox 3494 1835 3545 1888; x_wconf 90' lang='lat' dir='ltr'><strong>in</strong></span> 
     </span>
    </p>
   </div>
   <div class='ocr_carea' id='block_1_77' title="bbox 1972 1909 3546 1993">
    <p class='ocr_par' dir='ltr' id='par_1_77' title="bbox 1972 1909 3546 1993">
     <span class='ocr_line' id='line_1_77' title="bbox 1972 1909 3546 1993; baseline 0.01 -30"><span class='ocrx_word' id='word_1_622' title='bbox 1972 1909 2066 1965; x_wconf 91' lang='lat' dir='ltr'><strong>illo</strong></span> <span class='ocrx_word' id='word_1_623' title='bbox 2087 1919 2143 1965; x_wconf 91' lang='lat' dir='ltr'><strong>et</strong></span> <span class='ocrx_word' id='word_1_624' title='bbox 2164 1912 2215 1966; x_wconf 92' lang='lat' dir='ltr'><strong>in</strong></span> <span class='ocrx_word' id='word_1_625' title='bbox 2242 1912 2343 1968; x_wconf 90' lang='lat' dir='ltr'><strong>hoc</strong></span> <span class='ocrx_word' id='word_1_626' title='bbox 2362 1929 2487 1969; x_wconf 89' lang='lat' dir='ltr'><strong>casu</strong></span> <span class='ocrx_word' id='word_1_627' title='bbox 2508 1917 2746 1988; x_wconf 89' lang='lat' dir='ltr'><strong>obsequi.</strong></span> <span class='ocrx_word' id='word_1_628' title='bbox 2774 1920 2994 1987; x_wconf 86' lang='lat' dir='ltr'><strong>Quidam</strong></span> <span class='ocrx_word' id='word_1_629' title='bbox 3023 1938 3183 1993; x_wconf 90' lang='lat' dir='ltr'><strong>porro</strong></span> <span class='ocrx_word' id='word_1_630' title='bbox 3202 1923 3384 1979; x_wconf 89' lang='lat' dir='ltr'><strong>dicunt</strong></span> <span class='ocrx_word' id='word_1_631' title='bbox 3403 1923 3546 1979; x_wconf 88' lang='lat' dir='ltr'><strong>aliud</strong></span> 
     </span>
    </p>
   </div>
   <div class='ocr_carea' id='block_1_78' title="bbox 1969 2000 3546 2081">
    <p class='ocr_par' dir='ltr' id='par_1_78' title="bbox 1969 2000 3546 2081">
     <span class='ocr_line' id='line_1_78' title="bbox 1969 2000 3546 2081; baseline 0.01 -30"><span class='ocrx_word' id='word_1_632' title='bbox 1969 2000 2238 2069; x_wconf 86' lang='lat' dir='ltr'><strong>quidpiam</strong></span> <span class='ocrx_word' id='word_1_633' title='bbox 2270 2011 2469 2060; x_wconf 87' lang='lat' dir='ltr'><strong>tantam</strong></span> <span class='ocrx_word' id='word_1_634' title='bbox 2494 2007 2569 2062; x_wconf 91' lang='lat' dir='ltr'><strong>illi</strong></span> <span class='ocrx_word' id='word_1_635' title='bbox 2599 2008 2853 2065; x_wconf 87' lang='lat' dir='ltr'><strong>indidisse</strong></span> <span class='ocrx_word' id='word_1_636' title='bbox 2874 2011 3220 2067; x_wconf 83' lang='lat' dir='ltr'><strong>alacritatem.</strong></span> <span class='ocrx_word' id='word_1_637' title='bbox 3243 2014 3374 2081; x_wconf 90' lang='lat' dir='ltr'><strong>Quia</strong></span> <span class='ocrx_word' id='word_1_638' title='bbox 3405 2015 3546 2069; x_wconf 91' lang='lat' dir='ltr'><strong>enim</strong></span> 
     </span>
    </p>
   </div>
   <div class='ocr_carea' id='block_1_79' title="bbox 1972 2098 3550 2179">
    <p class='ocr_par' dir='ltr' id='par_1_79' title="bbox 1972 2098 3550 2179">
     <span class='ocr_line' id='line_1_79' title="bbox 1972 2098 3550 2179; baseline 0.013 -35"><span class='ocrx_word' id='word_1_639' title='bbox 1972 2106 2069 2160; x_wconf 90' lang='lat' dir='ltr'><strong>pro</strong></span> <span class='ocrx_word' id='word_1_640' title='bbox 2094 2107 2153 2148; x_wconf 90' lang='lat' dir='ltr'><strong>se</strong></span> <span class='ocrx_word' id='word_1_641' title='bbox 2179 2103 2235 2148; x_wconf 91' lang='lat' dir='ltr'><strong>ct</strong></span> <span class='ocrx_word' id='word_1_642' title='bbox 2261 2098 2458 2166; x_wconf 90' lang='lat' dir='ltr'><strong>populo</strong></span> <span class='ocrx_word' id='word_1_643' title='bbox 2495 2100 2771 2157; x_wconf 85' lang='lat' dir='ltr'><strong>confessus</strong></span> <span class='ocrx_word' id='word_1_644' title='bbox 2806 2114 2955 2169; x_wconf 88' lang='lat' dir='ltr'><strong>erat,</strong></span> <span class='ocrx_word' id='word_1_645' title='bbox 2986 2116 3039 2160; x_wconf 92' lang='lat' dir='ltr'><strong>et</strong></span> <span class='ocrx_word' id='word_1_646' title='bbox 3068 2105 3347 2179; x_wconf 88' lang='lat' dir='ltr'><strong>Seraphim</strong></span> <span class='ocrx_word' id='word_1_647' title='bbox 3385 2108 3451 2163; x_wconf 90' lang='lat' dir='ltr'><strong>ad</strong></span> <span class='ocrx_word' id='word_1_648' title='bbox 3489 2124 3550 2164; x_wconf 88' lang='lat' dir='ltr'><strong>se</strong></span> 
     </span>
    </p>
   </div>
   <div class='ocr_carea' id='block_1_80' title="bbox 1972 2184 3551 2271">
    <p class='ocr_par' dir='ltr' id='par_1_80' title="bbox 1972 2184 3551 2271">
     <span class='ocr_line' id='line_1_80' title="bbox 1972 2184 3551 2271; baseline 0.014 -36"><span class='ocrx_word' id='word_1_649' title='bbox 1972 2184 2109 2238; x_wconf 93' lang='lat' dir='ltr'><strong>mitti</strong></span> <span class='ocrx_word' id='word_1_650' title='bbox 2137 2186 2364 2253; x_wconf 88' lang='lat' dir='ltr'><strong>viderat,</strong></span> <span class='ocrx_word' id='word_1_651' title='bbox 2391 2204 2510 2259; x_wconf 62' lang='lat' dir='ltr'><strong>quas</strong></span> <span class='ocrx_word' id='word_1_652' title='bbox 2538 2191 2675 2247; x_wconf 88' lang='lat' dir='ltr'><strong>labia</strong></span> <span class='ocrx_word' id='word_1_653' title='bbox 2701 2208 2794 2249; x_wconf 89' lang='lat' dir='ltr'><strong>sua</strong></span> <span class='ocrx_word' id='word_1_654' title='bbox 2823 2206 3198 2267; x_wconf 88' lang='lat' dir='ltr'><strong>expurgarent,</strong></span> <span class='ocrx_word' id='word_1_655' title='bbox 3220 2214 3342 2254; x_wconf 90' lang='lat' dir='ltr'><strong>cum</strong></span> <span class='ocrx_word' id='word_1_656' title='bbox 3368 2214 3551 2271; x_wconf 88' lang='lat' dir='ltr'><strong>spera-</strong></span> 
     </span>
    </p>
   </div>
   <div class='ocr_carea' id='block_1_81' title="bbox 1971 2274 3551 2362">
    <p class='ocr_par' dir='ltr' id='par_1_81' title="bbox 1971 2274 3551 2362">
     <span class='ocr_line' id='line_1_81' title="bbox 1971 2274 3551 2362; baseline 0.015 -37"><span class='ocrx_word' id='word_1_657' title='bbox 1971 2282 2052 2326; x_wconf 87' lang='lat' dir='ltr'><strong>ret</strong></span> <span class='ocrx_word' id='word_1_658' title='bbox 2087 2274 2273 2331; x_wconf 89' lang='lat' dir='ltr'><strong>eadem</strong></span> <span class='ocrx_word' id='word_1_659' title='bbox 2314 2278 2426 2349; x_wconf 90' lang='lat' dir='ltr'><strong>ipsa</strong></span> <span class='ocrx_word' id='word_1_660' title='bbox 2468 2282 2665 2352; x_wconf 90' lang='lat' dir='ltr'><strong>populo</strong></span> <span class='ocrx_word' id='word_1_661' title='bbox 2687 2295 2939 2341; x_wconf 90' lang='lat' dir='ltr'><strong>eventura</strong></span> <span class='ocrx_word' id='word_1_662' title='bbox 2968 2302 3089 2344; x_wconf 90' lang='lat' dir='ltr'><strong>esse</strong></span> <span class='ocrx_word' id='word_1_663' title='bbox 3111 2331 3126 2357; x_wconf 97' lang='lat'><strong>,</strong></span> <span class='ocrx_word' id='word_1_664' title='bbox 3153 2303 3315 2362; x_wconf 88' lang='lat' dir='ltr'><strong>seque</strong></span> <span class='ocrx_word' id='word_1_665' title='bbox 3340 2290 3407 2348; x_wconf 90' lang='lat' dir='ltr'><strong>ad</strong></span> <span class='ocrx_word' id='word_1_666' title='bbox 3435 2291 3551 2349; x_wconf 63' lang='lat' dir='ltr'><strong>hsce</strong></span> 
     </span>
    </p>
   </div>
   <div class='ocr_carea' id='block_1_82' title="bbox 1970 2366 3549 2444">
    <p class='ocr_par' dir='ltr' id='par_1_82' title="bbox 1970 2366 3549 2444">
     <span class='ocr_line' id='line_1_82' title="bbox 1970 2366 3549 2444; baseline 0.016 -29"><span class='ocrx_word' id='word_1_667' title='bbox 1970 2366 2328 2422; x_wconf 86' lang='lat' dir='ltr'><strong>annuntianda</strong></span> <span class='ocrx_word' id='word_1_668' title='bbox 2374 2370 2639 2429; x_wconf 88' lang='lat' dir='ltr'><strong>abiturum</strong></span> <span class='ocrx_word' id='word_1_669' title='bbox 2682 2390 2835 2444; x_wconf 86' lang='lat' dir='ltr'><strong>esse,</strong></span> <span class='ocrx_word' id='word_1_670' title='bbox 2884 2378 3131 2437; x_wconf 89' lang='lat' dir='ltr'><strong>alacriter</strong></span> <span class='ocrx_word' id='word_1_671' title='bbox 3172 2382 3368 2438; x_wconf 89' lang='lat' dir='ltr'><strong>dictum</strong></span> <span class='ocrx_word' id='word_1_672' title='bbox 3418 2385 3549 2441; x_wconf 91' lang='lat' dir='ltr'><strong>illud</strong></span> 
     </span>
    </p>
   </div>
   <div class='ocr_carea' id='block_1_83' title="bbox 1969 2456 3549 2544">
    <p class='ocr_par' dir='ltr' id='par_1_83' title="bbox 1969 2456 3549 2544">
     <span class='ocr_line' id='line_1_83' title="bbox 1969 2456 3549 2544; baseline 0.016 -39"><span class='ocrx_word' id='word_1_673' title='bbox 1969 2456 2225 2523; x_wconf 84' lang='lat' dir='ltr'><strong>rapuisse.</strong></span> <span class='ocrx_word' id='word_1_674' title='bbox 2256 2458 2433 2515; x_wconf 87' lang='lat' dir='ltr'><strong>Sancti</strong></span> <span class='ocrx_word' id='word_1_675' title='bbox 2456 2462 2597 2518; x_wconf 92' lang='lat' dir='ltr'><strong>enim</strong></span> <span class='ocrx_word' id='word_1_676' title='bbox 2623 2474 2681 2520; x_wconf 91' lang='lat' dir='ltr'><strong>ut</strong></span> <span class='ocrx_word' id='word_1_677' title='bbox 2720 2465 2813 2522; x_wconf 89' lang='lat' dir='ltr'><strong>Dei</strong></span> <span class='ocrx_word' id='word_1_678' title='bbox 2851 2481 3090 2527; x_wconf 86' lang='lat' dir='ltr'><strong>amantes</strong></span> <span class='ocrx_word' id='word_1_679' title='bbox 3118 2482 3301 2535; x_wconf 87' lang='lat' dir='ltr'><strong>erant.</strong></span> <span class='ocrx_word' id='word_1_680' title='bbox 3333 2475 3402 2529; x_wconf 91' lang='lat' dir='ltr'><strong>ita</strong></span> <span class='ocrx_word' id='word_1_681' title='bbox 3430 2477 3549 2544; x_wconf 90' lang='lat' dir='ltr'><strong>plus</strong></span> 
     </span>
    </p>
   </div>
   <div class='ocr_carea' id='block_1_84' title="bbox 1967 2549 3544 2629">
    <p class='ocr_par' dir='ltr' id='par_1_84' title="bbox 1967 2549 3544 2629">
     <span class='ocr_line' id='line_1_84' title="bbox 1967 2549 3544 2629; baseline 0.017 -34"><span class='ocrx_word' id='word_1_682' title='bbox 1967 2558 2125 2612; x_wconf 91' lang='lat' dir='ltr'><strong>quam</strong></span> <span class='ocrx_word' id='word_1_683' title='bbox 2164 2549 2251 2603; x_wconf 89' lang='lat' dir='ltr'><strong>alii</strong></span> <span class='ocrx_word' id='word_1_684' title='bbox 2295 2566 2482 2608; x_wconf 90' lang='lat' dir='ltr'><strong>omnes</strong></span> <span class='ocrx_word' id='word_1_685' title='bbox 2527 2552 2772 2612; x_wconf 86' lang='lat' dir='ltr'><strong>homines</strong></span> <span class='ocrx_word' id='word_1_686' title='bbox 2813 2562 3067 2629; x_wconf 88' lang='lat' dir='ltr'><strong>populum</strong></span> <span class='ocrx_word' id='word_1_687' title='bbox 3106 2565 3373 2620; x_wconf 89' lang='lat' dir='ltr'><strong>amabant.</strong></span> <span class='ocrx_word' id='word_1_688' title='bbox 3412 2566 3544 2622; x_wconf 86' lang='lat' dir='ltr'><strong>Cum</strong></span> 
     </span>
    </p>
   </div>
   <div class='ocr_carea' id='block_1_85' title="bbox 1967 2638 3547 2717">
    <p class='ocr_par' dir='ltr' id='par_1_85' title="bbox 1967 2638 3547 2717">
     <span class='ocr_line' id='line_1_85' title="bbox 1967 2638 3547 2717; baseline 0.019 -32"><span class='ocrx_word' id='word_1_689' title='bbox 1967 2646 2209 2702; x_wconf 73' lang='lat' dir='ltr'><strong>speraret</strong></span> <span class='ocrx_word' id='word_1_690' title='bbox 2237 2638 2394 2708; x_wconf 87' lang='lat' dir='ltr'><strong>igitur</strong></span> <span class='ocrx_word' id='word_1_691' title='bbox 2420 2656 2480 2698; x_wconf 90' lang='lat' dir='ltr'><strong>se</strong></span> <span class='ocrx_word' id='word_1_692' title='bbox 2508 2645 2770 2700; x_wconf 88' lang='lat' dir='ltr'><strong>malorum</strong></span> <span class='ocrx_word' id='word_1_693' title='bbox 2797 2650 3080 2717; x_wconf 89' lang='lat' dir='ltr'><strong>quamdam</strong></span> <span class='ocrx_word' id='word_1_694' title='bbox 3107 2653 3425 2713; x_wconf 88' lang='lat' dir='ltr'><strong>solutionem</strong></span> <span class='ocrx_word' id='word_1_695' title='bbox 3446 2673 3547 2713; x_wconf 90' lang='lat' dir='ltr'><strong>an-</strong></span> 
     </span>
    </p>
   </div>
   <div class='ocr_carea' id='block_1_86' title="bbox 1968 2728 3544 2817">
    <p class='ocr_par' dir='ltr' id='par_1_86' title="bbox 1968 2728 3544 2817">
     <span class='ocr_line' id='line_1_86' title="bbox 1968 2728 3544 2817; baseline 0.018 -41"><span class='ocrx_word' id='word_1_696' title='bbox 1968 2728 2334 2783; x_wconf 90' lang='lat' dir='ltr'><strong>nuntiatnrum</strong></span> <span class='ocrx_word' id='word_1_697' title='bbox 2363 2747 2502 2797; x_wconf 90' lang='lat' dir='ltr'><strong>esse,</strong></span> <span class='ocrx_word' id='word_1_698' title='bbox 2517 2735 2623 2789; x_wconf 90' lang='lat' dir='ltr'><strong>cito</strong></span> <span class='ocrx_word' id='word_1_699' title='bbox 2650 2736 2887 2805; x_wconf 91' lang='lat' dir='ltr'><strong>insilivit,</strong></span> <span class='ocrx_word' id='word_1_700' title='bbox 2916 2749 2969 2794; x_wconf 89' lang='lat' dir='ltr'><strong>et</strong></span> <span class='ocrx_word' id='word_1_701' title='bbox 2992 2742 3063 2796; x_wconf 91' lang='lat' dir='ltr'><strong>ait</strong></span> <span class='ocrx_word' id='word_1_702' title='bbox 3091 2760 3105 2797; x_wconf 91' lang='lat'><strong>:</strong></span> <span class='ocrx_word' id='word_1_703' title='bbox 3133 2741 3267 2799; x_wconf 86' lang='lat' dir='ltr'><strong>Ecce</strong></span> <span class='ocrx_word' id='word_1_704' title='bbox 3290 2763 3382 2817; x_wconf 84' lang='lat' dir='ltr'><strong>ego</strong></span> <span class='ocrx_word' id='word_1_705' title='bbox 3410 2766 3544 2814; x_wconf 87' lang='lat' dir='ltr'><strong>sum,</strong></span> 
     </span>
    </p>
   </div>
   <div class='ocr_carea' id='block_1_87' title="bbox 1967 2815 3547 2900">
    <p class='ocr_par' dir='ltr' id='par_1_87' title="bbox 1967 2815 3547 2900">
     <span class='ocr_line' id='line_1_87' title="bbox 1967 2815 3547 2900; baseline 0.022 -37"><span class='ocrx_word' id='word_1_706' title='bbox 1967 2815 2106 2867; x_wconf 83' lang='lat' dir='ltr'><strong>mitte</strong></span> <span class='ocrx_word' id='word_1_707' title='bbox 2141 2832 2236 2870; x_wconf 88' lang='lat' dir='ltr'><strong>me.</strong></span> <span class='ocrx_word' id='word_1_708' title='bbox 2278 2817 2426 2875; x_wconf 77' lang='lat' dir='ltr'><strong>Alias</strong></span> <span class='ocrx_word' id='word_1_709' title='bbox 2462 2836 2590 2878; x_wconf 89' lang='lat' dir='ltr'><strong>vero</strong></span> <span class='ocrx_word' id='word_1_710' title='bbox 2625 2825 2856 2882; x_wconf 90' lang='lat' dir='ltr'><strong>animam</strong></span> <span class='ocrx_word' id='word_1_711' title='bbox 2895 2829 2961 2883; x_wconf 90' lang='lat' dir='ltr'><strong>ad</strong></span> <span class='ocrx_word' id='word_1_712' title='bbox 3003 2833 3233 2900; x_wconf 88' lang='lat' dir='ltr'><strong>pericula</strong></span> <span class='ocrx_word' id='word_1_713' title='bbox 3272 2815 3547 2897; x_wconf 82' lang='lat' dir='ltr'><strong>subeunda</strong></span> 
     </span>
    </p>
   </div>
   <div class='ocr_carea' id='block_1_88' title="bbox 1966 2903 3545 2992">
    <p class='ocr_par' dir='ltr' id='par_1_88' title="bbox 1966 2903 3545 2992">
     <span class='ocr_line' id='line_1_88' title="bbox 1966 2903 3545 2992; baseline 0.019 -37"><span class='ocrx_word' id='word_1_714' title='bbox 1966 2903 2118 2959; x_wconf 89' lang='lat' dir='ltr'><strong>valde</strong></span> <span class='ocrx_word' id='word_1_715' title='bbox 2162 2921 2478 2977; x_wconf 91' lang='lat' dir='ltr'><strong>propensam</strong></span> <span class='ocrx_word' id='word_1_716' title='bbox 2528 2910 2755 2970; x_wconf 90' lang='lat' dir='ltr'><strong>habebat</strong></span> <span class='ocrx_word' id='word_1_717' title='bbox 2803 2935 2813 2969; x_wconf 93' lang='lat'>:</span> <span class='ocrx_word' id='word_1_718' title='bbox 2857 2918 3133 2992; x_wconf 91' lang='lat' dir='ltr'><strong>ipsumque</strong></span> <span class='ocrx_word' id='word_1_719' title='bbox 3182 2924 3251 2979; x_wconf 90' lang='lat' dir='ltr'><strong>ita</strong></span> <span class='ocrx_word' id='word_1_720' title='bbox 3297 2926 3545 2986; x_wconf 70' lang='lat' dir='ltr'><strong>allectum</strong></span> 
     </span>
    </p>
   </div>
   <div class='ocr_carea' id='block_1_89' title="bbox 1966 2992 3545 3079">
    <p class='ocr_par' dir='ltr' id='par_1_89' title="bbox 1966 2992 3545 3079">
     <span class='ocr_line' id='line_1_89' title="bbox 1966 2992 3545 3079; baseline 0.018 -31"><span class='ocrx_word' id='word_1_721' title='bbox 1966 2992 2128 3051; x_wconf 86' lang='lat' dir='ltr'><strong>fuisse</strong></span> <span class='ocrx_word' id='word_1_722' title='bbox 2167 3014 2263 3068; x_wconf 90' lang='lat' dir='ltr'><strong>per</strong></span> <span class='ocrx_word' id='word_1_723' title='bbox 2306 3009 2469 3057; x_wconf 92' lang='lat' dir='ltr'><strong>totam</strong></span> <span class='ocrx_word' id='word_1_724' title='bbox 2506 3005 2623 3074; x_wconf 91' lang='lat' dir='ltr'><strong>ejus</strong></span> <span class='ocrx_word' id='word_1_725' title='bbox 2658 3010 2987 3079; x_wconf 88' lang='lat' dir='ltr'><strong>prophetiam</strong></span> <span class='ocrx_word' id='word_1_726' title='bbox 3024 3013 3343 3073; x_wconf 87' lang='lat' dir='ltr'><strong>declaratur.</strong></span> <span class='ocrx_word' id='word_1_727' title='bbox 3385 3019 3545 3078; x_wconf 79' lang='lat' dir='ltr'><strong>Post-</strong></span> 
     </span>
    </p>
   </div>
   <div class='ocr_carea' id='block_1_90' title="bbox 1964 3097 3542 3172">
    <p class='ocr_par' dir='ltr' id='par_1_90' title="bbox 1964 3097 3542 3172">
     <span class='ocr_line' id='line_1_90' title="bbox 1964 3097 3542 3172; baseline 0.02 -32"><span class='ocrx_word' id='word_1_728' title='bbox 1964 3101 2118 3158; x_wconf 87' lang='lat' dir='ltr'><strong>quam</strong></span> <span class='ocrx_word' id='word_1_729' title='bbox 2149 3108 2276 3163; x_wconf 91' lang='lat' dir='ltr'><strong>ergo</strong></span> <span class='ocrx_word' id='word_1_730' title='bbox 2305 3097 2621 3164; x_wconf 86' lang='lat' dir='ltr'><strong>promiserat</strong></span> <span class='ocrx_word' id='word_1_731' title='bbox 2647 3115 2706 3155; x_wconf 89' lang='lat' dir='ltr'><strong>se</strong></span> <span class='ocrx_word' id='word_1_732' title='bbox 2733 3103 3018 3172; x_wconf 90' lang='lat' dir='ltr'><strong>abiturum,</strong></span> <span class='ocrx_word' id='word_1_733' title='bbox 3046 3121 3166 3163; x_wconf 93' lang='lat' dir='ltr'><strong>cum</strong></span> <span class='ocrx_word' id='word_1_734' title='bbox 3195 3125 3297 3166; x_wconf 90' lang='lat' dir='ltr'><strong>non</strong></span> <span class='ocrx_word' id='word_1_735' title='bbox 3322 3112 3542 3170; x_wconf 82' lang='lat' dir='ltr'><strong>auderet</strong></span> 
     </span>
    </p>
   </div>
   <div class='ocr_carea' id='block_1_91' title="bbox 1962 3181 3541 3268">
    <p class='ocr_par' dir='ltr' id='par_1_91' title="bbox 1962 3181 3541 3268">
     <span class='ocr_line' id='line_1_91' title="bbox 1962 3181 3541 3268; baseline 0.016 -33"><span class='ocrx_word' id='word_1_736' title='bbox 1962 3181 2099 3236; x_wconf 89' lang='lat' dir='ltr'><strong>ultra</strong></span> <span class='ocrx_word' id='word_1_737' title='bbox 2128 3183 2380 3251; x_wconf 90' lang='lat' dir='ltr'><strong>abnuere,</strong></span> <span class='ocrx_word' id='word_1_738' title='bbox 2409 3196 2532 3244; x_wconf 91' lang='lat' dir='ltr'><strong>tunc</strong></span> <span class='ocrx_word' id='word_1_739' title='bbox 2558 3191 2723 3246; x_wconf 88' lang='lat' dir='ltr'><strong>tristia</strong></span> <span class='ocrx_word' id='word_1_740' title='bbox 2749 3196 2966 3250; x_wconf 88' lang='lat' dir='ltr'><strong>audivit.</strong></span> <span class='ocrx_word' id='word_1_741' title='bbox 2994 3196 3265 3268; x_wconf 88' lang='lat' dir='ltr'><strong>Siquidem</strong></span> <span class='ocrx_word' id='word_1_742' title='bbox 3295 3202 3432 3259; x_wconf 89' lang='lat' dir='ltr'><strong>Deus</strong></span> <span class='ocrx_word' id='word_1_743' title='bbox 3456 3220 3541 3259; x_wconf 85' lang='lat' dir='ltr'><strong>sa-</strong></span> 
     </span>
    </p>
   </div>
   <div class='ocr_carea' id='block_1_92' title="bbox 1960 3273 3539 3366">
    <p class='ocr_par' dir='ltr' id='par_1_92' title="bbox 1960 3273 3539 3366">
     <span class='ocr_line' id='line_1_92' title="bbox 1960 3273 3539 3366; baseline 0.016 -42"><span class='ocrx_word' id='word_1_744' title='bbox 1960 3273 2160 3340; x_wconf 82' lang='lat' dir='ltr'><strong>gaciter</strong></span> <span class='ocrx_word' id='word_1_745' title='bbox 2182 3290 2301 3329; x_wconf 92' lang='lat' dir='ltr'><strong>cum</strong></span> <span class='ocrx_word' id='word_1_746' title='bbox 2325 3278 2416 3332; x_wconf 90' lang='lat' dir='ltr'><strong>illo</strong></span> <span class='ocrx_word' id='word_1_747' title='bbox 2439 3294 2552 3334; x_wconf 89' lang='lat' dir='ltr'><strong>rem</strong></span> <span class='ocrx_word' id='word_1_748' title='bbox 2575 3284 2837 3339; x_wconf 87' lang='lat' dir='ltr'><strong>tractavit.</strong></span> <span class='ocrx_word' id='word_1_749' title='bbox 2861 3285 3041 3357; x_wconf 88' lang='lat' dir='ltr'><strong>Neque</strong></span> <span class='ocrx_word' id='word_1_750' title='bbox 3062 3290 3203 3344; x_wconf 90' lang='lat' dir='ltr'><strong>enim</strong></span> <span class='ocrx_word' id='word_1_751' title='bbox 3226 3307 3255 3345; x_wconf 88' lang='lat' dir='ltr'><strong>a</strong></span> <span class='ocrx_word' id='word_1_752' title='bbox 3282 3294 3539 3366; x_wconf 86' lang='lat' dir='ltr'><strong>principio</strong></span> 
     </span>
    </p>
   </div>
   <div class='ocr_carea' id='block_1_93' title="bbox 1960 3361 3538 3443">
    <p class='ocr_par' dir='ltr' id='par_1_93' title="bbox 1960 3361 3538 3443">
     <span class='ocr_line' id='line_1_93' title="bbox 1960 3361 3538 3443; baseline 0.017 -28"><span class='ocrx_word' id='word_1_753' title='bbox 1960 3361 2094 3416; x_wconf 87' lang='lat' dir='ltr'><strong>dixit</strong></span> <span class='ocrx_word' id='word_1_754' title='bbox 2124 3380 2137 3416; x_wconf 84' lang='lat'><strong>:</strong></span> <span class='ocrx_word' id='word_1_755' title='bbox 2168 3362 2312 3420; x_wconf 78' lang='lat' dir='ltr'><strong>Vade</strong></span> <span class='ocrx_word' id='word_1_756' title='bbox 2333 3408 2349 3433; x_wconf 93' lang='lat'><strong>,</strong></span> <span class='ocrx_word' id='word_1_757' title='bbox 2382 3376 2435 3422; x_wconf 91' lang='lat' dir='ltr'><strong>et</strong></span> <span class='ocrx_word' id='word_1_758' title='bbox 2461 3368 2582 3436; x_wconf 89' lang='lat' dir='ltr'><strong>die;</strong></span> <span class='ocrx_word' id='word_1_759' title='bbox 2609 3372 2703 3425; x_wconf 88' lang='lat' dir='ltr'><strong>sed</strong></span> <span class='ocrx_word' id='word_1_760' title='bbox 2744 3375 2888 3443; x_wconf 90' lang='lat' dir='ltr'><strong>prius</strong></span> <span class='ocrx_word' id='word_1_761' title='bbox 2916 3378 3215 3435; x_wconf 89' lang='lat' dir='ltr'><strong>mandatum</strong></span> <span class='ocrx_word' id='word_1_762' title='bbox 3248 3361 3301 3438; x_wconf 81' lang='lat' dir='ltr'><strong>in</strong></span> <span class='ocrx_word' id='word_1_763' title='bbox 3325 3361 3538 3442; x_wconf 80' lang='lat' dir='ltr'><strong>sublimi</strong></span> 
     </span>
    </p>
   </div>
   <div class='ocr_carea' id='block_1_94' title="bbox 1961 3455 3537 3532">
    <p class='ocr_par' dir='ltr' id='par_1_94' title="bbox 1961 3455 3537 3532">
     <span class='ocr_line' id='line_1_94' title="bbox 1961 3455 3537 3532; baseline 0.018 -27"><span class='ocrx_word' id='word_1_764' title='bbox 1961 3460 2180 3517; x_wconf 87' lang='lat' dir='ltr'><strong>tenens,</strong></span> <span class='ocrx_word' id='word_1_765' title='bbox 2210 3455 2476 3513; x_wconf 87' lang='lat' dir='ltr'><strong>missionis</strong></span> <span class='ocrx_word' id='word_1_766' title='bbox 2506 3461 2719 3517; x_wconf 92' lang='lat' dir='ltr'><strong>modum</strong></span> <span class='ocrx_word' id='word_1_767' title='bbox 2746 3466 3010 3522; x_wconf 91' lang='lat' dir='ltr'><strong>occultum</strong></span> <span class='ocrx_word' id='word_1_768' title='bbox 3050 3469 3251 3528; x_wconf 90' lang='lat' dir='ltr'><strong>habuit.</strong></span> <span class='ocrx_word' id='word_1_769' title='bbox 3281 3473 3411 3531; x_wconf 91' lang='lat' dir='ltr'><strong>Cum</strong></span> <span class='ocrx_word' id='word_1_770' title='bbox 3439 3493 3537 3532; x_wconf 78' lang='lat' dir='ltr'><strong>au-</strong></span> 
     </span>
    </p>
   </div>
   <div class='ocr_carea' id='block_1_95' title="bbox 1962 3545 3538 3631">
    <p class='ocr_par' dir='ltr' id='par_1_95' title="bbox 1962 3545 3538 3631">
     <span class='ocr_line' id='line_1_95' title="bbox 1962 3545 3538 3631; baseline 0.016 -33"><span class='ocrx_word' id='word_1_771' title='bbox 1962 3550 2066 3599; x_wconf 90' lang='lat' dir='ltr'><strong>tem</strong></span> <span class='ocrx_word' id='word_1_772' title='bbox 2094 3545 2181 3601; x_wconf 90' lang='lat' dir='ltr'><strong>ille</strong></span> <span class='ocrx_word' id='word_1_773' title='bbox 2207 3545 2362 3603; x_wconf 90' lang='lat' dir='ltr'><strong>facile</strong></span> <span class='ocrx_word' id='word_1_774' title='bbox 2391 3551 2673 3620; x_wconf 90' lang='lat' dir='ltr'><strong>paruisset,</strong></span> <span class='ocrx_word' id='word_1_775' title='bbox 2702 3563 2828 3612; x_wconf 91' lang='lat' dir='ltr'><strong>tunc</strong></span> <span class='ocrx_word' id='word_1_776' title='bbox 2851 3558 2986 3612; x_wconf 87' lang='lat' dir='ltr'><strong>mala</strong></span> <span class='ocrx_word' id='word_1_777' title='bbox 3010 3575 3127 3631; x_wconf 60' lang='lat' dir='ltr'><strong>quae</strong></span> <span class='ocrx_word' id='word_1_778' title='bbox 3150 3562 3362 3621; x_wconf 76' lang='lat' dir='ltr'><strong>Judzeos</strong></span> <span class='ocrx_word' id='word_1_779' title='bbox 3386 3565 3538 3623; x_wconf 84' lang='lat' dir='ltr'><strong>inva-</strong></span> 
     </span>
    </p>
   </div>
   <div class='ocr_carea' id='block_1_96' title="bbox 1957 3638 3533 3727">
    <p class='ocr_par' dir='ltr' id='par_1_96' title="bbox 1957 3638 3533 3727">
     <span class='ocr_line' id='line_1_96' title="bbox 1957 3638 3533 3727; baseline 0.016 -38"><span class='ocrx_word' id='word_1_780' title='bbox 1957 3650 2080 3690; x_wconf 88' lang='lat' dir='ltr'><strong>snra</strong></span> <span class='ocrx_word' id='word_1_781' title='bbox 2109 3646 2260 3691; x_wconf 89' lang='lat' dir='ltr'><strong>erant</strong></span> <span class='ocrx_word' id='word_1_782' title='bbox 2282 3638 2431 3695; x_wconf 89' lang='lat' dir='ltr'><strong>dixit.</strong></span> <span class='ocrx_word' id='word_1_783' title='bbox 2460 3642 2711 3710; x_wconf 85' lang='lat' dir='ltr'><strong>Quaenam</strong></span> <span class='ocrx_word' id='word_1_784' title='bbox 2742 3661 2902 3716; x_wconf 90' lang='lat' dir='ltr'><strong>porro</strong></span> <span class='ocrx_word' id='word_1_785' title='bbox 2927 3647 3041 3705; x_wconf 62' lang='lat' dir='ltr'><strong>bare</strong></span> <span class='ocrx_word' id='word_1_786' title='bbox 3065 3655 3258 3708; x_wconf 85' lang='lat' dir='ltr'><strong>erant?</strong></span> <span class='ocrx_word' id='word_1_787' title='bbox 3282 3656 3336 3713; x_wconf 90' lang='lat'><strong>9.</strong></span> <span class='ocrx_word' id='word_1_788' title='bbox 3376 3657 3533 3727; x_wconf 83' lang='lat' dir='ltr'><strong>Vade,</strong></span> 
     </span>
    </p>
   </div>
   <div class='ocr_carea' id='block_1_97' title="bbox 1958 3723 3535 3809">
    <p class='ocr_par' dir='ltr' id='par_1_97' title="bbox 1958 3723 3535 3809">
     <span class='ocr_line' id='line_1_97' title="bbox 1958 3723 3535 3809; baseline 0.017 -33"><span class='ocrx_word' id='word_1_789' title='bbox 1958 3723 2157 3793; x_wconf 91' lang='lat' dir='ltr'><strong>inquit,</strong></span> <span class='ocrx_word' id='word_1_790' title='bbox 2184 3736 2231 3780; x_wconf 88' lang='lat' dir='ltr'><strong>et</strong></span> <span class='ocrx_word' id='word_1_791' title='bbox 2260 3729 2343 3782; x_wconf 86' lang='lat' dir='ltr'><strong>dic</strong></span> <span class='ocrx_word' id='word_1_792' title='bbox 2371 3732 2558 3800; x_wconf 86' lang='lat' dir='ltr'><strong>populo</strong></span> <span class='ocrx_word' id='word_1_793' title='bbox 2583 3734 2699 3788; x_wconf 80' lang='lat' dir='ltr'><strong>huic</strong></span> <span class='ocrx_word' id='word_1_794' title='bbox 2724 3751 2742 3788; x_wconf 91' lang='lat'><em>:</em></span> <span class='ocrx_word' id='word_1_795' title='bbox 2767 3736 2958 3791; x_wconf 80' lang='lat' dir='ltr'><strong>Auditu</strong></span> <span class='ocrx_word' id='word_1_796' title='bbox 2986 3741 3228 3809; x_wconf 86' lang='lat' dir='ltr'><strong>audietis,</strong></span> <span class='ocrx_word' id='word_1_797' title='bbox 3253 3756 3299 3799; x_wconf 89' lang='lat' dir='ltr'><strong>et</strong></span> <span class='ocrx_word' id='word_1_798' title='bbox 3327 3762 3427 3801; x_wconf 86' lang='lat' dir='ltr'><strong>non</strong></span> <span class='ocrx_word' id='word_1_799' title='bbox 3456 3723 3535 3802; x_wconf 50' lang='lat' dir='ltr'><strong>in;</strong></span> 
     </span>
    </p>
   </div>
   <div class='ocr_carea' id='block_1_98' title="bbox 1956 3815 3531 3906">
    <p class='ocr_par' dir='ltr' id='par_1_98' title="bbox 1956 3815 3531 3906">
     <span class='ocr_line' id='line_1_98' title="bbox 1956 3815 3531 3906; baseline 0.02 -41"><span class='ocrx_word' id='word_1_800' title='bbox 1956 3815 2217 3885; x_wconf 79' lang='lat' dir='ltr'><strong>telligetis,</strong></span> <span class='ocrx_word' id='word_1_801' title='bbox 2245 3829 2291 3871; x_wconf 89' lang='lat' dir='ltr'><strong>et</strong></span> <span class='ocrx_word' id='word_1_802' title='bbox 2322 3819 2537 3877; x_wconf 83' lang='lat' dir='ltr'><strong>videntes</strong></span> <span class='ocrx_word' id='word_1_803' title='bbox 2575 3824 2798 3881; x_wconf 83' lang='lat' dir='ltr'><strong>videbitis</strong></span> <span class='ocrx_word' id='word_1_804' title='bbox 2818 3868 2834 3894; x_wconf 93' lang='lat'><strong>,</strong></span> <span class='ocrx_word' id='word_1_805' title='bbox 2862 3838 2909 3883; x_wconf 89' lang='lat' dir='ltr'><strong>et</strong></span> <span class='ocrx_word' id='word_1_806' title='bbox 2946 3847 3044 3885; x_wconf 87' lang='lat' dir='ltr'><strong>non</strong></span> <span class='ocrx_word' id='word_1_807' title='bbox 3083 3836 3409 3906; x_wconf 76' lang='lat' dir='ltr'><strong>perspiciatis.</strong></span> <span class='ocrx_word' id='word_1_808' title='bbox 3444 3841 3531 3897; x_wconf 82' lang='grc'><strong>10.</strong></span> 
     </span>
    </p>
   </div>
   <div class='ocr_carea' id='block_1_99' title="bbox 1956 3901 3533 3991">
    <p class='ocr_par' dir='ltr' id='par_1_99' title="bbox 1956 3901 3533 3991">
     <span class='ocr_line' id='line_1_99' title="bbox 1956 3901 3533 3991; baseline 0.019 -36"><span class='ocrx_word' id='word_1_809' title='bbox 1956 3901 2299 3961; x_wconf 85' lang='lat' dir='ltr'><strong>lncrassatum</strong></span> <span class='ocrx_word' id='word_1_810' title='bbox 2325 3911 2458 3963; x_wconf 86' lang='lat' dir='ltr'><strong>enim</strong></span> <span class='ocrx_word' id='word_1_811' title='bbox 2481 3922 2553 3966; x_wconf 90' lang='lat' dir='ltr'><strong>est</strong></span> <span class='ocrx_word' id='word_1_812' title='bbox 2582 3930 2670 3967; x_wconf 90' lang='lat' dir='ltr'><strong>cor</strong></span> <span class='ocrx_word' id='word_1_813' title='bbox 2693 3917 2869 3986; x_wconf 81' lang='lat' dir='ltr'><strong>pepuli</strong></span> <span class='ocrx_word' id='word_1_814' title='bbox 2894 3920 3046 3991; x_wconf 78' lang='lat' dir='ltr'><strong>hujus</strong></span> <span class='ocrx_word' id='word_1_815' title='bbox 3064 3901 3091 3988; x_wconf 10' lang='grc' dir='ltr'><strong>,ἡ</strong></span> <span class='ocrx_word' id='word_1_816' title='bbox 3114 3934 3159 3978; x_wconf 88' lang='lat' dir='ltr'><strong>et</strong></span> <span class='ocrx_word' id='word_1_817' title='bbox 3191 3901 3396 3984; x_wconf 78' lang='lat' dir='ltr'><strong>auribus</strong></span> <span class='ocrx_word' id='word_1_818' title='bbox 3427 3932 3533 3985; x_wconf 87' lang='lat' dir='ltr'><strong>suis</strong></span> 
     </span>
    </p>
   </div>
   <div class='ocr_carea' id='block_1_100' title="bbox 1951 3994 3528 4085">
    <p class='ocr_par' dir='ltr' id='par_1_100' title="bbox 1951 3994 3528 4085">
     <span class='ocr_line' id='line_1_100' title="bbox 1951 3994 3528 4085; baseline 0.02 -42"><span class='ocrx_word' id='word_1_819' title='bbox 1951 3994 2166 4062; x_wconf 81' lang='lat' dir='ltr'><strong>graviter</strong></span> <span class='ocrx_word' id='word_1_820' title='bbox 2190 3998 2474 4065; x_wconf 82' lang='lat' dir='ltr'><strong>audierunt,</strong></span> <span class='ocrx_word' id='word_1_821' title='bbox 2503 4011 2548 4053; x_wconf 86' lang='lat' dir='ltr'><strong>et</strong></span> <span class='ocrx_word' id='word_1_822' title='bbox 2571 4005 2741 4059; x_wconf 89' lang='lat' dir='ltr'><strong>oculos</strong></span> <span class='ocrx_word' id='word_1_823' title='bbox 2763 4022 2881 4061; x_wconf 89' lang='lat' dir='ltr'><strong>suos</strong></span> <span class='ocrx_word' id='word_1_824' title='bbox 2908 4010 3276 4083; x_wconf 86' lang='lat' dir='ltr'><strong>clauserunt,uc</strong></span> <span class='ocrx_word' id='word_1_825' title='bbox 3298 4019 3430 4085; x_wconf 78' lang='lat' dir='ltr'><strong>forte</strong></span> <span class='ocrx_word' id='word_1_826' title='bbox 3453 4021 3528 4073; x_wconf 82' lang='lat' dir='ltr'><strong>vi-</strong></span> 
     </span>
    </p>
   </div>
   <div class='ocr_carea' id='block_1_101' title="bbox 1950 4085 3531 4175">
    <p class='ocr_par' dir='ltr' id='par_1_101' title="bbox 1950 4085 3531 4175">
     <span class='ocr_line' id='line_1_101' title="bbox 1950 4085 3531 4175; baseline 0.016 -40"><span class='ocrx_word' id='word_1_827' title='bbox 1950 4085 2100 4136; x_wconf 85' lang='lat' dir='ltr'><strong>deant</strong></span> <span class='ocrx_word' id='word_1_828' title='bbox 2124 4085 2307 4154; x_wconf 86' lang='lat' dir='ltr'><strong>oculis,</strong></span> <span class='ocrx_word' id='word_1_829' title='bbox 2337 4098 2383 4141; x_wconf 90' lang='lat' dir='ltr'><strong>et</strong></span> <span class='ocrx_word' id='word_1_830' title='bbox 2417 4091 2619 4144; x_wconf 83' lang='lat' dir='ltr'><strong>auribus</strong></span> <span class='ocrx_word' id='word_1_831' title='bbox 2647 4094 2878 4159; x_wconf 85' lang='lat' dir='ltr'><strong>audiant,</strong></span> <span class='ocrx_word' id='word_1_832' title='bbox 2910 4106 2955 4150; x_wconf 90' lang='lat' dir='ltr'><strong>et</strong></span> <span class='ocrx_word' id='word_1_833' title='bbox 2978 4100 3128 4153; x_wconf 87' lang='lat' dir='ltr'><strong>corde</strong></span> <span class='ocrx_word' id='word_1_834' title='bbox 3153 4103 3455 4175; x_wconf 83' lang='lat' dir='ltr'><strong>intelligant,</strong></span> <span class='ocrx_word' id='word_1_835' title='bbox 3483 4119 3531 4164; x_wconf 88' lang='lat' dir='ltr'><strong>et</strong></span> 
     </span>
    </p>
   </div>
   <div class='ocr_carea' id='block_1_102' title="bbox 1949 4183 3526 4261">
    <p class='ocr_par' dir='ltr' id='par_1_102' title="bbox 1949 4183 3526 4261">
     <span class='ocr_line' id='line_1_102' title="bbox 1949 4183 3526 4261; baseline 0.019 -37"><span class='ocrx_word' id='word_1_836' title='bbox 1949 4186 2333 4244; x_wconf 81' lang='lat' dir='ltr'><strong>convertantur,</strong></span> <span class='ocrx_word' id='word_1_837' title='bbox 2362 4186 2408 4232; x_wconf 90' lang='lat' dir='ltr'><strong>et</strong></span> <span class='ocrx_word' id='word_1_838' title='bbox 2442 4196 2614 4234; x_wconf 90' lang='lat' dir='ltr'><strong>sanem</strong></span> <span class='ocrx_word' id='word_1_839' title='bbox 2652 4198 2754 4236; x_wconf 89' lang='lat' dir='ltr'><strong>eos.</strong></span> <span class='ocrx_word' id='word_1_840' title='bbox 2791 4183 2916 4242; x_wconf 71' lang='lat' dir='ltr'><strong>Hzec</strong></span> <span class='ocrx_word' id='word_1_841' title='bbox 2955 4188 3394 4261; x_wconf 86' lang='lat' dir='ltr'><strong>interpretatione</strong></span> <span class='ocrx_word' id='word_1_842' title='bbox 3421 4216 3526 4254; x_wconf 81' lang='lat' dir='ltr'><strong>non</strong></span> 
     </span>
    </p>
   </div>
   <div class='ocr_carea' id='block_1_103' title="bbox 1948 4264 3524 4357">
    <p class='ocr_par' dir='ltr' id='par_1_103' title="bbox 1948 4264 3524 4357">
     <span class='ocr_line' id='line_1_103' title="bbox 1948 4264 3524 4357; baseline 0.017 -42"><span class='ocrx_word' id='word_1_843' title='bbox 1948 4276 2081 4331; x_wconf 93' lang='lat' dir='ltr'><strong>opus</strong></span> <span class='ocrx_word' id='word_1_844' title='bbox 2107 4264 2302 4320; x_wconf 90' lang='lat' dir='ltr'><strong>habere</strong></span> <span class='ocrx_word' id='word_1_845' title='bbox 2328 4276 2473 4334; x_wconf 92' lang='lat' dir='ltr'><strong>puto,</strong></span> <span class='ocrx_word' id='word_1_846' title='bbox 2500 4283 2617 4324; x_wconf 92' lang='lat' dir='ltr'><strong>cum</strong></span> <span class='ocrx_word' id='word_1_847' title='bbox 2646 4271 2679 4325; x_wconf 92' lang='lat' dir='ltr'><strong>ii</strong></span> <span class='ocrx_word' id='word_1_848' title='bbox 2701 4273 2789 4342; x_wconf 89' lang='lat' dir='ltr'><strong>qui</strong></span> <span class='ocrx_word' id='word_1_849' title='bbox 2816 4273 2933 4332; x_wconf 69' lang='lat' dir='ltr'><strong>haec</strong></span> <span class='ocrx_word' id='word_1_850' title='bbox 2957 4279 3120 4347; x_wconf 90' lang='lat' dir='ltr'><strong>probe</strong></span> <span class='ocrx_word' id='word_1_851' title='bbox 3140 4284 3397 4351; x_wconf 87' lang='lat' dir='ltr'><strong>sciebant,</strong></span> <span class='ocrx_word' id='word_1_852' title='bbox 3414 4288 3524 4357; x_wconf 84' lang='lat' dir='ltr'><strong>jam</strong></span> 
     </span>
    </p>
   </div>
   <div class='ocr_carea' id='block_1_104' title="bbox 1947 4356 3528 4438">
    <p class='ocr_par' dir='ltr' id='par_1_104' title="bbox 1947 4356 3528 4438">
     <span class='ocr_line' id='line_1_104' title="bbox 1947 4356 3528 4438; baseline 0.018 -30"><span class='ocrx_word' id='word_1_853' title='bbox 1947 4356 2072 4410; x_wconf 89' lang='lat' dir='ltr'><strong>olim</strong></span> <span class='ocrx_word' id='word_1_854' title='bbox 2103 4372 2165 4412; x_wconf 90' lang='lat' dir='ltr'><strong>ea</strong></span> <span class='ocrx_word' id='word_1_855' title='bbox 2199 4370 2444 4417; x_wconf 89' lang='lat' dir='ltr'><strong>accurate</strong></span> <span class='ocrx_word' id='word_1_856' title='bbox 2481 4363 2809 4434; x_wconf 89' lang='lat' dir='ltr'><strong>interpretati</strong></span> <span class='ocrx_word' id='word_1_857' title='bbox 2849 4370 2992 4435; x_wconf 87' lang='lat' dir='ltr'><strong>sint;</strong></span> <span class='ocrx_word' id='word_1_858' title='bbox 3022 4370 3253 4431; x_wconf 84' lang='lat' dir='ltr'><strong>Joannes</strong></span> <span class='ocrx_word' id='word_1_859' title='bbox 3281 4356 3528 4438; x_wconf 89' lang='lat' dir='ltr'><strong>videlicet</strong></span> 
     </span>
    </p>
   </div>
   <div class='ocr_carea' id='block_1_105' title="bbox 1948 4449 3526 4543">
    <p class='ocr_par' dir='ltr' id='par_1_105' title="bbox 1948 4449 3526 4543">
     <span class='ocr_line' id='line_1_105' title="bbox 1948 4449 3526 4543; baseline 0.018 -42"><span class='ocrx_word' id='word_1_860' title='bbox 1948 4449 2161 4504; x_wconf 91' lang='lat' dir='ltr'><strong>tonitrui</strong></span> <span class='ocrx_word' id='word_1_861' title='bbox 2190 4451 2349 4515; x_wconf 80' lang='lat' dir='ltr'><strong>ﬁlius,</strong></span> <span class='ocrx_word' id='word_1_862' title='bbox 2375 4464 2429 4509; x_wconf 94' lang='lat' dir='ltr'><strong>et</strong></span> <span class='ocrx_word' id='word_1_863' title='bbox 2455 4454 2669 4525; x_wconf 83' lang='lat' dir='ltr'><strong>Paulus,</strong></span> <span class='ocrx_word' id='word_1_864' title='bbox 2700 4459 2791 4533; x_wconf 89' lang='lat' dir='ltr'><strong>qui</strong></span> <span class='ocrx_word' id='word_1_865' title='bbox 2821 4470 2872 4515; x_wconf 92' lang='lat' dir='ltr'><strong>et</strong></span> <span class='ocrx_word' id='word_1_866' title='bbox 2902 4472 3079 4517; x_wconf 86' lang='lat' dir='ltr'><strong>vetera</strong></span> <span class='ocrx_word' id='word_1_867' title='bbox 3104 4476 3159 4520; x_wconf 91' lang='lat' dir='ltr'><strong>et</strong></span> <span class='ocrx_word' id='word_1_868' title='bbox 3185 4483 3319 4524; x_wconf 88' lang='lat' dir='ltr'><strong>nova</strong></span> <span class='ocrx_word' id='word_1_869' title='bbox 3348 4476 3526 4543; x_wconf 86' lang='lat' dir='ltr'><strong>appri-</strong></span> 
     </span>
    </p>
   </div>
   <div class='ocr_carea' id='block_1_106' title="bbox 1945 4546 3525 4635">
    <p class='ocr_par' dir='ltr' id='par_1_106' title="bbox 1945 4546 3525 4635">
     <span class='ocr_line' id='line_1_106' title="bbox 1945 4546 3525 4635; baseline 0.017 -41"><span class='ocrx_word' id='word_1_870' title='bbox 1945 4557 2031 4596; x_wconf 93' lang='lat' dir='ltr'><strong>me</strong></span> <span class='ocrx_word' id='word_1_871' title='bbox 2056 4555 2293 4598; x_wconf 86' lang='lat' dir='ltr'><strong>noverat.</strong></span> <span class='ocrx_word' id='word_1_872' title='bbox 2320 4546 2416 4601; x_wconf 87' lang='lat' dir='ltr'><strong>llic</strong></span> <span class='ocrx_word' id='word_1_873' title='bbox 2436 4548 2577 4603; x_wconf 78' lang='lat' dir='ltr'><strong>enim</strong></span> <span class='ocrx_word' id='word_1_874' title='bbox 2606 4550 2791 4607; x_wconf 76' lang='lat' dir='ltr'><strong>Roma:</strong></span> <span class='ocrx_word' id='word_1_875' title='bbox 2815 4553 2879 4609; x_wconf 89' lang='lat' dir='ltr'><strong>iis</strong></span> <span class='ocrx_word' id='word_1_876' title='bbox 2900 4556 3243 4626; x_wconf 89' lang='lat' dir='ltr'><strong>concionans,</strong></span> <span class='ocrx_word' id='word_1_877' title='bbox 3267 4563 3357 4632; x_wconf 91' lang='lat' dir='ltr'><strong>qui</strong></span> <span class='ocrx_word' id='word_1_878' title='bbox 3381 4578 3525 4635; x_wconf 87' lang='lat' dir='ltr'><strong>post-</strong></span> 
     </span>
    </p>
   </div>
   <div class='ocr_carea' id='block_1_107' title="bbox 1942 4640 3519 4711">
    <p class='ocr_par' dir='ltr' id='par_1_107' title="bbox 1942 4640 3519 4711">
     <span class='ocr_line' id='line_1_107' title="bbox 1942 4640 3519 4711; baseline 0.018 -28"><span class='ocrx_word' id='word_1_879' title='bbox 1942 4646 2099 4699; x_wconf 91' lang='lat' dir='ltr'><strong>quam</strong></span> <span class='ocrx_word' id='word_1_880' title='bbox 2139 4645 2501 4703; x_wconf 89' lang='lat' dir='ltr'><strong>accesserant,</strong></span> <span class='ocrx_word' id='word_1_881' title='bbox 2529 4640 2831 4696; x_wconf 88' lang='lat' dir='ltr'><strong>resilierant</strong></span> <span class='ocrx_word' id='word_1_882' title='bbox 2856 4652 2911 4696; x_wconf 94' lang='lat' dir='ltr'><strong>et</strong></span> <span class='ocrx_word' id='word_1_883' title='bbox 2937 4643 3075 4699; x_wconf 89' lang='lat' dir='ltr'><strong>dicta</strong></span> <span class='ocrx_word' id='word_1_884' title='bbox 3110 4662 3205 4703; x_wconf 90' lang='lat' dir='ltr'><strong>sua</strong></span> <span class='ocrx_word' id='word_1_885' title='bbox 3243 4666 3349 4706; x_wconf 93' lang='lat' dir='ltr'><strong>non</strong></span> <span class='ocrx_word' id='word_1_886' title='bbox 3381 4654 3519 4711; x_wconf 88' lang='lat' dir='ltr'><strong>fere-</strong></span> 
     </span>
    </p>
   </div>
   <div class='ocr_carea' id='block_1_108' title="bbox 1942 4721 3519 4809">
    <p class='ocr_par' dir='ltr' id='par_1_108' title="bbox 1942 4721 3519 4809">
     <span class='ocr_line' id='line_1_108' title="bbox 1942 4721 3519 4809; baseline 0.014 -35"><span class='ocrx_word' id='word_1_887' title='bbox 1942 4721 2086 4787; x_wconf 83' lang='lat' dir='ltr'><strong>bant,</strong></span> <span class='ocrx_word' id='word_1_888' title='bbox 2110 4723 2284 4779; x_wconf 86' lang='lat' dir='ltr'><strong>aiebat</strong></span> <span class='ocrx_word' id='word_1_889' title='bbox 2304 4742 2316 4777; x_wconf 92' lang='lat'><strong>:</strong></span> <span class='ocrx_word' id='word_1_890' title='bbox 2335 4725 2471 4781; x_wconf 86' lang='lat' dir='ltr'><strong>Bene</strong></span> <span class='ocrx_word' id='word_1_891' title='bbox 2486 4729 2611 4781; x_wconf 80' lang='lat' dir='ltr'><strong>dixit</strong></span> <span class='ocrx_word' id='word_1_892' title='bbox 2633 4730 2857 4799; x_wconf 84' lang='lat' dir='ltr'><strong>Spiritus</strong></span> <span class='ocrx_word' id='word_1_893' title='bbox 2875 4744 3079 4788; x_wconf 86' lang='lat' dir='ltr'><strong>sanctus</strong></span> <span class='ocrx_word' id='word_1_894' title='bbox 3096 4751 3115 4789; x_wconf 89' lang='lat'><strong><em>:</em></strong></span> <span class='ocrx_word' id='word_1_895' title='bbox 3134 4738 3268 4793; x_wconf 81' lang='lat' dir='ltr'><strong>Aure</strong></span> <span class='ocrx_word' id='word_1_896' title='bbox 3283 4744 3519 4809; x_wconf 73' lang='lat' dir='ltr'><strong>audietis,</strong></span> 
     </span>
    </p>
   </div>
   <div class='ocr_carea' id='block_1_109' title="bbox 1940 4815 3519 4893">
    <p class='ocr_par' dir='ltr' id='par_1_109' title="bbox 1940 4815 3519 4893">
     <span class='ocr_line' id='line_1_109' title="bbox 1940 4815 3519 4893; baseline 0.016 -30"><span class='ocrx_word' id='word_1_897' title='bbox 1940 4821 1985 4864; x_wconf 89' lang='lat' dir='ltr'><strong>et</strong></span> <span class='ocrx_word' id='word_1_898' title='bbox 2012 4830 2112 4867; x_wconf 86' lang='lat' dir='ltr'><strong>non</strong></span> <span class='ocrx_word' id='word_1_899' title='bbox 2138 4815 2423 4885; x_wconf 85' lang='lat' dir='ltr'><strong>intelligetis</strong></span> <span class='ocrx_word' id='word_1_900' title='bbox 2454 4816 2597 4887; x_wconf 85' lang='lat' dir='ltr'><strong>(Act.</strong></span> <span class='ocrx_word' id='word_1_901' title='bbox 2628 4818 2719 4873; x_wconf 73' lang='lat'><strong>28.</strong></span> <span class='ocrx_word' id='word_1_902' title='bbox 2750 4819 2840 4875; x_wconf 77' lang='lat'><strong>25.</strong></span> <span class='ocrx_word' id='word_1_903' title='bbox 2869 4822 2997 4893; x_wconf 74' lang='lat'><strong>26).</strong></span> <span class='ocrx_word' id='word_1_904' title='bbox 3027 4823 3191 4882; x_wconf 89' lang='lat' dir='ltr'><strong>Filius</strong></span> <span class='ocrx_word' id='word_1_905' title='bbox 3221 4844 3348 4885; x_wconf 86' lang='lat' dir='ltr'><strong>vero</strong></span> <span class='ocrx_word' id='word_1_906' title='bbox 3375 4836 3519 4887; x_wconf 89' lang='lat' dir='ltr'><strong>toni-</strong></span> 
     </span>
    </p>
   </div>
   <div class='ocr_carea' id='block_1_110' title="bbox 1941 4905 3516 4992">
    <p class='ocr_par' dir='ltr' id='par_1_110' title="bbox 1941 4905 3516 4992">
     <span class='ocr_line' id='line_1_110' title="bbox 1941 4905 3516 4992; baseline 0.015 -36"><span class='ocrx_word' id='word_1_907' title='bbox 1941 4905 2064 4970; x_wconf 92' lang='lat' dir='ltr'><strong>trui,</strong></span> <span class='ocrx_word' id='word_1_908' title='bbox 2088 4920 2209 4960; x_wconf 92' lang='lat' dir='ltr'><strong>cum</strong></span> <span class='ocrx_word' id='word_1_909' title='bbox 2234 4907 2484 4961; x_wconf 79' lang='lat' dir='ltr'><strong>miracula</strong></span> <span class='ocrx_word' id='word_1_910' title='bbox 2509 4909 2766 4977; x_wconf 88' lang='lat' dir='ltr'><strong>viderent,</strong></span> <span class='ocrx_word' id='word_1_911' title='bbox 2798 4928 2895 4970; x_wconf 91' lang='lat' dir='ltr'><strong>nec</strong></span> <span class='ocrx_word' id='word_1_912' title='bbox 2920 4916 3217 4985; x_wconf 90' lang='lat' dir='ltr'><strong>crederent,</strong></span> <span class='ocrx_word' id='word_1_913' title='bbox 3242 4921 3487 4992; x_wconf 88' lang='lat' dir='ltr'><strong>dogmata</strong></span> <span class='ocrx_word' id='word_1_914' title='bbox 3504 4957 3516 4967; x_wconf 84' lang='lat'><strong>-</strong></span> 
     </span>
    </p>
   </div>
   <div class='ocr_carea' id='block_1_111' title="bbox 1937 4996 3509 5075">
    <p class='ocr_par' dir='ltr' id='par_1_111' title="bbox 1937 4996 3509 5075">
     <span class='ocr_line' id='line_1_111' title="bbox 1937 4996 3509 5075; baseline 0.017 -30"><span class='ocrx_word' id='word_1_915' title='bbox 1937 5010 2041 5066; x_wconf 87' lang='lat' dir='ltr'><strong>que</strong></span> <span class='ocrx_word' id='word_1_916' title='bbox 2059 4996 2323 5064; x_wconf 87' lang='lat' dir='ltr'><strong>audirent,</strong></span> <span class='ocrx_word' id='word_1_917' title='bbox 2349 5013 2446 5055; x_wconf 90' lang='lat' dir='ltr'><strong>nec</strong></span> <span class='ocrx_word' id='word_1_918' title='bbox 2465 5001 2795 5060; x_wconf 83' lang='lat' dir='ltr'><strong>attenderem</strong></span> <span class='ocrx_word' id='word_1_919' title='bbox 2816 5005 3078 5075; x_wconf 89' lang='lat' dir='ltr'><strong>(Christus</strong></span> <span class='ocrx_word' id='word_1_920' title='bbox 3098 5012 3238 5066; x_wconf 90' lang='lat' dir='ltr'><strong>enim</strong></span> <span class='ocrx_word' id='word_1_921' title='bbox 3257 5013 3509 5072; x_wconf 85' lang='lat' dir='ltr'><strong>Lazarum</strong></span> 
     </span>
    </p>
   </div>
   <div class='ocr_carea' id='block_1_112' title="bbox 1999 5190 3508 5268">
    <p class='ocr_par' dir='ltr' id='par_1_112' title="bbox 1999 5190 3508 5268">
     <span class='ocr_line' id='line_1_112' title="bbox 1999 5190 3508 5268; baseline 0.019 -31"><span class='ocrx_word' id='word_1_922' title='bbox 1999 5190 2083 5268; x_wconf 15' lang='lat' dir='ltr'><strong>(a),</strong></span> <span class='ocrx_word' id='word_1_923' title='bbox 2105 5192 2341 5268; x_wconf 49' lang='lat' dir='ltr'><strong>Veterum</strong></span> <span class='ocrx_word' id='word_1_924' title='bbox 2364 5200 2551 5268; x_wconf 82' lang='lat' dir='ltr'><strong>l‘atrum</strong></span> <span class='ocrx_word' id='word_1_925' title='bbox 2573 5200 2732 5268; x_wconf 69' lang='lat' dir='ltr'><strong>opinio</strong></span> <span class='ocrx_word' id='word_1_926' title='bbox 2752 5206 3092 5268; x_wconf 72' lang='lat' dir='ltr'><strong>sententiaque</strong></span> <span class='ocrx_word' id='word_1_927' title='bbox 3114 5206 3201 5259; x_wconf 84' lang='lat' dir='ltr'><strong>fuit</strong></span> <span class='ocrx_word' id='word_1_928' title='bbox 3224 5210 3391 5261; x_wconf 83' lang='lat' dir='ltr'><strong>fsaiam</strong></span> <span class='ocrx_word' id='word_1_929' title='bbox 3416 5221 3508 5264; x_wconf 76' lang='lat' dir='ltr'><strong>tta-</strong></span> 
     </span>
    </p>
   </div>
   <div class='ocr_carea' id='block_1_113' title="bbox 1934 5255 3506 5326">
    <p class='ocr_par' dir='ltr' id='par_1_113' title="bbox 1934 5255 3506 5326">
     <span class='ocr_line' id='line_1_113' title="bbox 1934 5255 3506 5326; baseline 0.018 -28"><span class='ocrx_word' id='word_1_930' title='bbox 1934 5255 2087 5301; x_wconf 86' lang='lat' dir='ltr'><strong>nassis</strong></span> <span class='ocrx_word' id='word_1_931' title='bbox 2108 5261 2328 5326; x_wconf 75' lang='lat' dir='ltr'><strong>tempor_e</strong></span> <span class='ocrx_word' id='word_1_932' title='bbox 2366 5264 2552 5306; x_wconf 88' lang='lat' dir='ltr'><strong>sectum</strong></span> <span class='ocrx_word' id='word_1_933' title='bbox 2575 5255 2741 5310; x_wconf 82' lang='lat' dir='ltr'><strong>fuisse.</strong></span> <span class='ocrx_word' id='word_1_934' title='bbox 2762 5263 2814 5311; x_wconf 91' lang='lat' dir='ltr'><strong>ld</strong></span> <span class='ocrx_word' id='word_1_935' title='bbox 2838 5266 2904 5313; x_wconf 89' lang='lat' dir='ltr'><strong>ait</strong></span> <span class='ocrx_word' id='word_1_936' title='bbox 2925 5255 3212 5320; x_wconf 66' lang='lat' dir='ltr'><strong>Athanasius</strong></span> <span class='ocrx_word' id='word_1_937' title='bbox 3224 5255 3506 5326; x_wconf 50' lang='lat'><strong>“13513561</strong></span> 
     </span>
    </p>
   </div>
   <div class='ocr_carea' id='block_1_114' title="bbox 1948 5318 3507 5398">
    <p class='ocr_par' dir='ltr' id='par_1_114' title="bbox 1948 5318 3507 5398">
     <span class='ocr_line' id='line_1_114' title="bbox 1948 5318 3507 5398; baseline 0.014 -35"><span class='ocrx_word' id='word_1_938' title='bbox 1948 5318 2411 5398; x_wconf 48' lang='lat' dir='ltr'><strong>carpatigine,_&#39;llotn.</strong></span> <span class='ocrx_word' id='word_1_939' title='bbox 2433 5327 2488 5398; x_wconf 38' lang='lat' dir='ltr'><strong>li,</strong></span> <span class='ocrx_word' id='word_1_940' title='bbox 2520 5341 2565 5398; x_wconf 80' lang='grc' dir='ltr'><strong>ρ.</strong></span> <span class='ocrx_word' id='word_1_941' title='bbox 2590 5328 2739 5398; x_wconf 42' lang='grc' dir='ltr'><strong>ϐβηΒ</strong></span> <span class='ocrx_word' id='word_1_942' title='bbox 2775 5328 2935 5398; x_wconf 27' lang='grc' dir='ltr'><strong>τιούᾷξ</strong></span> <span class='ocrx_word' id='word_1_943' title='bbox 2954 5336 3033 5398; x_wconf 68' lang='grc' dir='ltr'><strong>Δᾡς</strong></span> <span class='ocrx_word' id='word_1_944' title='bbox 3065 5318 3507 5398; x_wconf 49' lang='lat' dir='ltr'><strong>fucata:</strong></span> 
     </span>
    </p>
   </div>
   <div class='ocr_carea' id='block_1_115' title="bbox 1947 5380 3509 5467">
    <p class='ocr_par' dir='ltr' id='par_1_115' title="bbox 1947 5380 3509 5467">
     <span class='ocr_line' id='line_1_115' title="bbox 1947 5380 3509 5467; baseline 0.011 -39"><span class='ocrx_word' id='word_1_945' title='bbox 1947 5384 1996 5428; x_wconf 87' lang='lat' dir='ltr'><strong>et</strong></span> <span class='ocrx_word' id='word_1_946' title='bbox 2018 5394 2067 5455; x_wconf 72' lang='grc' dir='ltr'><strong>ρ.</strong></span> <span class='ocrx_word' id='word_1_947' title='bbox 2096 5380 2171 5439; x_wconf 83' lang='grc'><strong>78,</strong></span> <span class='ocrx_word' id='word_1_948' title='bbox 2198 5382 2232 5431; x_wconf 85' lang='lat' dir='ltr'><strong>c</strong></span> <span class='ocrx_word' id='word_1_949' title='bbox 2255 5380 2738 5467; x_wconf 42' lang='grc' dir='ltr'><strong>ξ]ξιισοιῖσιέιξαιιρίάβῃ⁸</strong></span> <span class='ocrx_word' id='word_1_950' title='bbox 2756 5393 2994 5467; x_wconf 36' lang='lat' dir='ltr'><strong>gemam</strong></span> <span class='ocrx_word' id='word_1_951' title='bbox 3012 5380 3509 5467; x_wconf 28' lang='lat' dir='ltr'><strong>&quot;esitantegigia&#39;ﬁl</strong></span> 
     </span>
    </p>
   </div>
   <div class='ocr_carea' id='block_1_116' title="bbox 1945 5442 3505 5568">
    <p class='ocr_par' dir='ltr' id='par_1_116' title="bbox 1945 5442 3505 5568">
     <span class='ocr_line' id='line_1_116' title="bbox 1945 5442 3505 5528; baseline 0.014 -42"><span class='ocrx_word' id='word_1_952' title='bbox 1945 5442 2225 5512; x_wconf 63' lang='lat' dir='ltr'><strong>xpéttaatat.</strong></span> <span class='ocrx_word' id='word_1_953' title='bbox 2254 5442 2601 5514; x_wconf 60' lang='lat' dir='ltr'><strong>Hieronymus</strong></span> <span class='ocrx_word' id='word_1_954' title='bbox 2626 5442 2827 5500; x_wconf 58' lang='lat' dir='ltr'><strong>veno&#39;in</strong></span> <span class='ocrx_word' id='word_1_955' title='bbox 2845 5442 3223 5524; x_wconf 51' lang='lat' dir='ltr'><strong>&#39;Ouaestionibus</strong></span> <span class='ocrx_word' id='word_1_956' title='bbox 3255 5442 3505 5528; x_wconf 66' lang='lat' dir='ltr'><strong>Hebraicis</strong></span> 
     </span>
     <span class='ocr_line' id='line_1_117' title="bbox 1946 5501 3505 5568; baseline 0.015 -23"><span class='ocrx_word' id='word_1_957' title='bbox 1946 5501 2004 5568; x_wconf 62' lang='lat' dir='ltr'><strong>ad</strong></span> <span class='ocrx_word' id='word_1_958' title='bbox 2039 5502 2119 5568; x_wconf 70' lang='lat' dir='ltr'><strong>tib.</strong></span> <span class='ocrx_word' id='word_1_959' title='bbox 2156 5504 2364 5566; x_wconf 78' lang='lat' dir='ltr'><strong>Paralip.</strong></span> <span class='ocrx_word' id='word_1_960' title='bbox 2392 5520 2433 5555; x_wconf 92' lang='lat' dir='ltr'><strong>c.</strong></span> <span class='ocrx_word' id='word_1_961' title='bbox 2460 5510 2519 5557; x_wconf 75' lang='lat'><strong>53</strong></span> <span class='ocrx_word' id='word_1_962' title='bbox 2544 5524 2554 5557; x_wconf 92' lang='lat'>:</span> <span class='ocrx_word' id='word_1_963' title='bbox 2586 5510 2806 5561; x_wconf 86' lang='lat' dir='ltr'><strong>Tradunt</strong></span> <span class='ocrx_word' id='word_1_964' title='bbox 2835 5513 3052 5568; x_wconf 80' lang='lat' dir='ltr'><strong>Hebrtet,</strong></span> <span class='ocrx_word' id='word_1_965' title='bbox 3081 5518 3263 5567; x_wconf 75' lang='lat' dir='ltr'><strong>idcirco</strong></span> <span class='ocrx_word' id='word_1_966' title='bbox 3294 5530 3505 5568; x_wconf 75' lang='lat' dir='ltr'><strong>occisum</strong></span> 
     </span>
    </p>
   </div>
   <div class='ocr_carea' id='block_1_117' title="bbox 1946 5501 3505 5637">
    <p class='ocr_par' dir='ltr' id='par_1_117' title="bbox 1946 5501 3505 5637">
     <span class='ocr_line' id='line_1_118' title="bbox 1946 5501 3505 5572; baseline 0.015 -27"><span class='ocrx_word' id='word_1_967' title='bbox 1946 5501 2004 5547; x_wconf 88' lang='lat' dir='ltr'><strong>ad</strong></span> <span class='ocrx_word' id='word_1_968' title='bbox 2039 5502 2119 5548; x_wconf 88' lang='lat' dir='ltr'><strong>lib.</strong></span> <span class='ocrx_word' id='word_1_969' title='bbox 2156 5504 2364 5566; x_wconf 86' lang='lat' dir='ltr'><strong>Paralip.</strong></span> <span class='ocrx_word' id='word_1_970' title='bbox 2392 5501 2519 5557; x_wconf 45' lang='lat' dir='ltr'><strong>e355</strong></span> <span class='ocrx_word' id='word_1_971' title='bbox 2544 5524 2554 5557; x_wconf 91' lang='lat'>:</span> <span class='ocrx_word' id='word_1_972' title='bbox 2586 5510 2806 5561; x_wconf 84' lang='lat' dir='ltr'><strong>Tradunt</strong></span> <span class='ocrx_word' id='word_1_973' title='bbox 2835 5501 3505 5572; x_wconf 44' lang='lat' dir='ltr'><strong>Hebreuiitéi‘r&#39;cd&#39;ééawi</strong></span> 
     </span>
     <span class='ocr_line' id='line_1_119' title="bbox 1947 5559 3505 5637; baseline 0.012 -29"><span class='ocrx_word' id='word_1_974' title='bbox 1947 5559 2231 5637; x_wconf 33' lang='lat' dir='ltr'><strong>{sciamheo</strong></span> <span class='ocrx_word' id='word_1_975' title='bbox 2254 5568 2379 5637; x_wconf 61' lang='lat' dir='ltr'><strong>quod</strong></span> <span class='ocrx_word' id='word_1_976' title='bbox 2406 5581 2493 5637; x_wconf 37' lang='lat' dir='ltr'><strong>eos.</strong></span> <span class='ocrx_word' id='word_1_977' title='bbox 2504 5570 2824 5637; x_wconf 71' lang='lat' dir='ltr'><strong>appellaverit</strong></span> <span class='ocrx_word' id='word_1_978' title='bbox 2845 5573 3084 5637; x_wconf 83' lang='lat' dir='ltr'><strong>principes</strong></span> <span class='ocrx_word' id='word_1_979' title='bbox 3117 5580 3435 5628; x_wconf 87' lang='lat' dir='ltr'><strong>Sodomorum</strong></span> <span class='ocrx_word' id='word_1_980' title='bbox 3458 5586 3505 5629; x_wconf 92' lang='lat' dir='ltr'><strong>et</strong></span> 
     </span>
    </p>
   </div>
   <div class='ocr_carea' id='block_1_118' title="bbox 1944 5623 3505 5699">
    <p class='ocr_par' dir='ltr' id='par_1_118' title="bbox 1944 5623 3505 5699">
     <span class='ocr_line' id='line_1_120' title="bbox 1944 5623 3505 5699; baseline 0.015 -32"><span class='ocrx_word' id='word_1_981' title='bbox 1944 5623 2253 5699; x_wconf 38' lang='lat' dir='ltr'><strong>contortum.</strong></span> <span class='ocrx_word' id='word_1_982' title='bbox 2266 5623 2364 5699; x_wconf 89' lang='lat' dir='ltr'><strong>is</strong></span> <span class='ocrx_word' id='word_1_983' title='bbox 2377 5628 2521 5699; x_wconf 86' lang='lat' dir='ltr'><strong>_addi_</strong></span> <span class='ocrx_word' id='word_1_984' title='bbox 2537 5623 2726 5699; x_wconf 68' lang='lat' dir='ltr'><strong>possent</strong></span> <span class='ocrx_word' id='word_1_985' title='bbox 2752 5623 3078 5699; x_wconf 31' lang='lat' dir='ltr'><strong>ltuqustintis,‘</strong></span> <span class='ocrx_word' id='word_1_986' title='bbox 3093 5623 3435 5699; x_wconf 52' lang='lat' dir='ltr'><strong>incedereliis,</strong></span> <span class='ocrx_word' id='word_1_987' title='bbox 3459 5623 3505 5690; x_wconf 75' lang='lat' dir='ltr'><strong>et</strong></span> 
     </span>
    </p>
   </div>
   <div class='ocr_carea' id='block_1_119' title="bbox 1941 5682 3501 5764">
    <p class='ocr_par' dir='ltr' id='par_1_119' title="bbox 1941 5682 3501 5764">
     <span class='ocr_line' id='line_1_121' title="bbox 1941 5682 3501 5764; baseline 0.013 -34"><span class='ocrx_word' id='word_1_988' title='bbox 1941 5682 2344 5764; x_wconf 31' lang='lat' dir='ltr'><strong>illuc-terhllibriude</strong></span> <span class='ocrx_word' id='word_1_989' title='bbox 2371 5682 2624 5754; x_wconf 77' lang='lat' dir='ltr'><strong>Prophetis</strong></span> <span class='ocrx_word' id='word_1_990' title='bbox 2656 5682 2789 5755; x_wconf 75' lang='lat' dir='ltr'><strong>apud</strong></span> <span class='ocrx_word' id='word_1_991' title='bbox 2813 5682 3501 5764; x_wconf 35' lang='lat' dir='ltr'><strong>12piplitiiii&#39;unt,Ruﬁ-fied</strong></span> 
     </span>
    </p>
   </div>
   <div class='ocr_carea' id='block_1_120' title="bbox 1942 5741 2359 5798">
    <p class='ocr_par' dir='ltr' id='par_1_120' title="bbox 1942 5741 2359 5798">
     <span class='ocr_line' id='line_1_122' title="bbox 1942 5741 2359 5798; baseline 0.019 -8"><span class='ocrx_word' id='word_1_992' title='bbox 1942 5741 2042 5792; x_wconf 71' lang='lat' dir='ltr'><strong>Itazc</strong></span> <span class='ocrx_word' id='word_1_993' title='bbox 2066 5743 2182 5795; x_wconf 82' lang='lat' dir='ltr'><strong>satis</strong></span> <span class='ocrx_word' id='word_1_994' title='bbox 2202 5754 2359 5798; x_wconf 87' lang='lat' dir='ltr'><strong>sunto.</strong></span> 
     </span>
    </p>
   </div>
  </div>
