4044 6422
308 386 381 443 π,
1643 360 1712 419 IN
1747 356 1997 426 ISAIAM,
2026 358 2177 414 CAP.
2215 359 2304 417 vr.
3660 388 3732 443 76

310 487 575 558 εχείρουν·
610 487 866 559 δαίμονας
895 485 1111 555 ήλαυνε,
1138 481 1228 536 καί¹
1251 479 1585 550 δαιμονῶντα
1611 477 1855 531 ἐκάλουν·
1890 472 1969 543 τῷ

310 582 486 653 Πατρὶ
515 583 780 653 προσῆγε,
807 581 899 633 καὶ
928 579 1128 632 πλάνον
1153 576 1449 646 ὠνόμαζον,
1473 573 1566 628 καὶ
1595 571 1693 635 τάς
1722 567 1965 630 ἐναντίας

310 677 555 747 ἐδέχοντο
583 673 780 748 δόξας),
814 675 1136 747 μνημονεύει
1159 672 1257 742 τῆς
1290 668 1625 741 προφητείας
1648 665 1849 737 ταύτης
1876 663 1967 715 λέ-

310 788 444 840 γων·
496 773 703 837 Καλῶς
738 768 908 826 εἶπεν
955 771 1200 835 Ἡσαΐας
1242 770 1275 821 ό
1308 765 1633 835 προφήτης,
1668 763 1757 817 ὅτι
1802 757 1971 829 Ἀκοῇ

307 873 624 937 ἀκούσετε,
655 872 752 927 καί
780 873 851 925 οὐ
871 870 957 940 μὴ
989 868 1215 939 συνῆτε
1232 886 1246 899 ·
1271 866 1370 922 καὶ
1393 865 1728 930 ,ϐλέποντες
1744 860 1970 928 βλέψε-

311 990 397 1037 τε,
430 972 529 1026 καί
559 973 631 1026 οὐ
654 971 739 1040 μὴ
776 970 952 1039 ἴδητε.

384 1076 463 1134 ς’.
490 1068 706 1139 Ἐπειδὴ
722 1068 829 1139 γὰρ
846 1068 911 1120 τὰ
926 1066 1069 1121 ἔνδον
1088 1068 1310 1137 ὄμματα
1327 1064 1423 1135 τῆς
1439 1061 1671 1124 διανοίας
1684 1058 1827 1130 πεπή
1836 1076 1972 1130 ρων-

311 1182 394 1230 το,
426 1164 579 1217 οὐδὲν
619 1164 809 1233 ὄφελος
837 1158 904 1233 ἧν
943 1162 1124 1225 αὐτοῖς
1158 1162 1266 1216 τῶν
1299 1161 1495 1226 ἔξωθεν
1529 1155 1840 1228 ὀφθαλμῶν,
1875 1153 1971 1208 τοῦ

313 1258 600 1330 κριτηρίου
628 1260 724 1328 τῆς
756 1259 991 1321 διανοίας
1012 1257 1422 1329 διεφθαρμένου.
1453 1255 1552 1308 Διά
1578 1252 1734 1308 τοῦτο
1760 1251 1972 1323 βλέπον-

312 1372 404 1417 τες
428 1356 528 1409 οὐκ
560 1355 804 1419 ἔϐλεπον,
838 1355 930 1408 καὶ
953 1353 1237 1416 ἀκούοντες
1269 1354 1367 1407 οὐκ
1403 1353 1616 1422 ἢκουον·
1649 1349 1741 1403 καὶ
1764 1346 1861 1419 τὴν
1890 1347 1973 1400 αἰ-

312 1452 435 1507 τίαν
467 1452 841 1522 προστίθησιν,
866 1452 945 1504 ὅτι
976 1452 1094 1520 οὐχί
1116 1449 1184 1503 τὰ
1211 1449 1531 1521 αἰσθητήρια
1554 1443 1622 1519 ἦν
1643 1442 1975 1515 διεφθαρμέ-

312 1562 400 1611 να,
435 1546 615 1615 οὐδέή
650 1544 811 1613 φύσις
844 1544 1209 1614 λελωϐημένῃ,
1246 1543 1379 1597 ἀλλά
1420 1544 1454 1615 ή
1490 1542 1687 1614 καρδία
1716 1556 1975 1612 πεπηρω-

318 1643 474 1712 μένη.
538 1643 870 1710 Ἐπαχύνθη
905 1641 1015 1710 γὰρ
1052 1642 1091 1709 ἠ
1145 1641 1356 1708 καρδία
1397 1640 1503 1694 τοῦ
1547 1638 1701 1693 λαοῦ
1738 1638 1972 1702 τούτου,

316 1731 471 1802 φησί·
508 1732 678 1802 πάχος
715 1732 769 1783 δὲ
801 1732 1035 1794 διανοίας
1072 1731 1277 1799 γίνεται
1312 1729 1419 1784 ἀπό
1448 1747 1507 1783 τε
1542 1727 1973 1799 ἁμαρτημάτων,

312 1827 422 1881 ἀπό
442 1844 501 1880 τε
522 1827 779 1897 βιωτικῆς
799 1826 1112 1897 ἐπιθυμίας.
1134 1826 1241 1880 Καὶ
1266 1826 1468 1898 ταύτην
1494 1824 1853 1897 ἐξηγούμενος
1876 1822 1974 1894 τὴν

313 1924 602 1995 παχύτητα
624 1926 652 1977 ό
680 1924 889 1987 Παῦλος
916 1924 1122 1991 ἐλεγεν·
1154 1925 1274 1978 Οὐκ
1300 1922 1611 1992 ἠδυνήθην
1627 1922 1767 1991 ὑμῖν
1791 1920 1977 1991 λαλῆ-

311 2046 421 2086 σαι
464 2032 544 2098 ὠς
590 2032 1032 2101 πνευματικοῖς
1084 2033 1249 2087 οὔπω
1302 2031 1410 2101 γὰρ
1459 2031 1784 2099 ἠδύνασθε,
1834 2031 1973 2084 ἀλλ’

314 2132 443 2186 οὐδ’
468 2134 555 2187 έτι
589 2132 872 2187 δύνασθε.
913 2132 1021 2185 Καὶ
1056 2131 1153 2202 τὴν
1199 2130 1377 2185 αἰτίαν
1425 2129 1743 2201 προστίθησι
1780 2128 1972 2197 λέγων’

313 2229 505 2282 Ὅπου
534 2228 643 2296 γὰρ
678 2228 748 2280 ὲν
772 2227 913 2295 ὑμῖν
942 2227 1094 2295 ἕρεις
1129 2226 1226 2280 καί
1261 2225 1422 2295 ζῆλοι
1453 2228 1550 2281 καί
1574 2226 1973 2297 διχοστασίαι,

311 2324 452 2392 οὑχί
484 2325 757 2391 σαρκικοί
785 2325 963 2387 ἐστε;
1004 2324 1155 2376 Ἐπεὶ
1182 2320 1275 2377 οῦν
1322 2324 1559 2377 κάκεῖνοι
1598 2324 1775 2396 φθόνῳ
1799 2325 1978 2396 πολλῷ

314 2421 411 2475 καὶ
433 2420 703 2491 βασκανίᾳ
721 2421 1029 2491 τηκόμενοι,
1066 2422 1159 2473 καὶ
1182 2421 1387 2491 ἐτέροις
1417 2422 1630 2492 μυρίοις
1662 2421 1977 2492 πολιορκού-

312 2532 472 2584 μενοι
500 2516 715 2582 πάθεσι,
745 2517 888 2586 παχὺ
920 2516 981 2568 τὸ
1014 2516 1165 2586 ὄμμα
1194 2529 1220 2558 ει
1251 2516 1349 2585 τῆς
1367 2516 1600 2580 διανοίας
1631 2518 1973 2588 εἰργάσαντο,

313 2613 529 2684 καθαρά
569 2612 782 2681 βλέπειν
826 2613 925 2666 οὐκ
976 2612 1055 2665 ἐτι
1096 2612 1278 2664 λοιπὸν
1331 2611 1607 2681 ἠδύναντο.
1658 2612 1747 2665 Διὸ
1786 2612 1977 2685 ἐτέρας

314 2709 446 2782 περί
487 2707 594 2762 τῶν
650 2707 765 2780 [72]
815 2708 1105 2779 ὁρωμένων
1162 2707 1314 2772 δόξας
1361 2708 1684 2778 ἐλάμϐανον,
1739 2708 1833 2764 καὶ
1878 2708 1977 2773 τάς

315 2802 585 2867 ἐναντίας.
616 2802 799 2856 Ταῦτα
837 2799 928 2856 οῦν
960 2804 1095 2873 μετὰ
1123 2803 1404 2874 ἀκριϐείας
1436 2803 1577 2875 ὁρῶν
1616 2806 1645 2857 ὁ
1672 2806 1975 2876 προφήτης,

315 2899 741 2970 προανεφώνησε
774 2900 868 2952 καὶ
897 2898 992 2951 τοῦ
1025 2900 1326 2969 νοσήματος
1348 2899 1444 2970 τὴν
1470 2900 1665 2954 αἰτίαν.
1698 2900 1770 2954 Σὺ
1798 2900 1855 2953 δέ
1886 2917 1978 2970 μοι

318 2996 534 3057 σκόπει,
563 2996 637 3057 ὡς
674 2996 818 3048 δυοῖν
859 2995 1201 3066 προφητειῶν
1236 2995 1431 3064 οὐσῶν,
1463 2996 1561 3066 τὴν
1592 2995 1692 3067 μὲν
1719 2998 1848 3068 περὶ
1875 2997 1977 3068 τῆς

326 3092 655 3163 Ἐκκλησίας
678 3092 769 3145 καὶ
796 3092 902 3145 τῶν
929 3092 1026 3162 τῆς
1051 3092 1370 3163 οἰκουμένης
1396 3092 1614 3160 ἀγαθῶν
1638 3093 1705 3146 τά
1730 3093 1977 3167 Σεραφίμ

318 3189 570 3253 ἐδέξαντο
613 3188 859 3255 λέγοντα³
902 3188 1111 3256 Ἄγιος,
1153 3187 1335 3254 ἅγιος,
1382 3187 1566 3253 ἅγιος,
1610 3189 1826 3255 Κύριος
1862 3192 1977 3242 Σα-

317 3282 493 3345 ϐαὼθ,
530 3280 765 3348 πλήρης
796 3280 963 3335 πᾶσα
994 3282 1031 3348 ἠ
1061 3279 1136 3349 γῆ
1185 3279 1295 3348 τῆς
1334 3280 1517 3348 δόξης
1547 3282 1753 3336 αὐτοῦ’
1783 3282 1882 3353 τὴν
1922 3283 1979 3337 δέ

316 3375 447 3445 περὶ
474 3374 573 3442 τῆς
603 3372 853 3436 ἁλώσεως
880 3374 972 3426 καὶ
994 3373 1101 3427 τῶν
1127 3372 1404 3443 τιμωριῶν
1427 3372 1536 3426 τῶν
1569 3374 1873 3428 Ἰουδαϊκῶν
1903 3375 1980 3446 τῷ

319 3470 580 3541 προφήτῃ
612 3468 949 3533 κατέλειπον,
980 3469 1067 3523 ἵνα
1099 3468 1388 3522 κάντεῦθεν
1422 3469 1599 3542 μάθῃς
1626 3471 1725 3541 τῆς
1756 3470 1983 3543 Ἐκκλη-

321 3574 443 3639 σίας
497 3575 596 3647 τὴν
650 3575 940 3645 ὑπεροχήν.
992 3572 1101 3627 Kal
1146 3568 1355 3628 εἷπονο
1381 3574 1529 3639 Ἕως
1562 3576 1728 3640 πότε,
1771 3576 1980 3645 Κύριε;

329 3668 496 3742 Ὃρᾷς
542 3670 619 3734 ὡς
654 3670 715 3724 οὐ
762 3671 939 3741 μάτην
980 3669 1099 3723 ὸύδέ
1138 3671 1256 3742 εἰκῆ
1296 3670 1703 3741 ἐστοχασάμεθα
1744 3671 1842 3744 τῆς
1881 3674 1983 3727 ὑπ-

320 3767 490 3835 ακοῆς
513 3766 605 3819 τοῦ
632 3769 908 3837 προφήτου
932 3766 1030 3837 τῆς
1060 3766 1195 3836 μετὰ
1217 3766 1415 3835 πολλῆς
1438 3766 1745 3838 προθυμίας
1768 3785 1985 3841 γεγενη-

324 3862 527 3933 μένης;
575 3863 789 3933 Ἐπειδὴ
835 3862 963 3929 γοῦν
990 3864 1247 3917 τάναντία
1281 3858 1355 3918 ὧν
1392 3866 1789 3937 προσεδόκησεν
1821 3869 1984 3940 ῆκου-

323 3976 437 4024 σεν,
462 3959 717 4031 ἐρημίαν,
750 3960 1142 4031 πανωλεθρίαν,
1166 3960 1306 4027 ἀξιοῖ
1331 3962 1389 4015 τὸ
1418 3962 1547 4031 γοῦν
1569 3964 1766 4035 μέτρον
1792 3966 1982 4036 μαθεῖν

320 4057 422 4127 τῆς
471 4058 757 4128 τιμωρίαςο
809 4057 927 4110 οὐδὲ
972 4059 1080 4129 γὰρ
1123 4059 1322 4129 ἐτόλμα
1356 4060 1647 4132 ὁλοκλήρου
1678 4062 1777 4132 τῆς
1814 4064 1983 4132 ὀργῆς

322 4155 520 4218 αὐτοὺς
554 4154 877 4225 ἐξαρπάσαι,
914 4154 1000 4208 διὰ
1035 4155 1095 4207 τὸ
1128 4155 1463 4225 προλαϐόντα
1512 4156 1602 4210 τὸν
1641 4157 1772 4211 Θεὸν
1817 4158 1981 4222 δεῖξαι

320 4253 681 4322 ἀσύγγνωστα
708 4255 1137 4325 ἁμαρτάνοντας.
1170 4254 1243 4306 Οὐ
1280 4253 1387 4323 γάρ
1414 4255 1763 4326 συναρπαγῆς
1784 4250 1851 4326 ἦν
1888 4255 1982 4307 αὐ-

321 4348 432 4402 τῶν
462 4349 533 4402 τά
564 4350 907 4421 τολμήματα,
948 4351 1066 4403 οὐδέ
1096 4352 1318 4423 γνώμης
1354 4354 1815 4423 ἐπηρεαζομένης,
1847 4352 1983 4407 ἀλλὰ

321 4457 501 4529 ψυχῆς
529 4458 686 4530 ἔργον
715 4458 1043 4529 ποιουμένης
1067 4458 1163 4529 τὴν
1187 4460 1483 4531 παρακοὴν,
1512 4462 1604 4514 καὶ
1631 4462 1865 4526 διανοίας
1896 4480 1983 4533 φι-

322 4554 584 4623 λονείκου,
616 4555 865 4626 καθάπερ
903 4557 969 4609 ἐκ
1001 4556 1227 4626 μελέτης
1266 4556 1408 4620 τινὸς
1436 4558 1528 4611 καί
1568 4560 1821 4630 σπουδῆς,
1858 4560 1984 4614 ἀνθ-

326 4653 621 4722 ισταμένης
670 4656 782 4713 τοῖς
829 4653 934 4705 ὑπὸ
971 4653 1063 4705 τοῦ
1108 4653 1239 4705 Θεοῦ
1292 4655 1611 4723 γινομένοις.
1658 4655 1823 4709 Τοῦτο
1854 4656 1983 4723 γοῦν

322 4747 687 4815 αἰνιττόμενος
720 4748 891 4813 ἐλεγε’
928 4747 1168 4812 Μήποτε
1190 4747 1357 4798 ἴδωσι
1381 4748 1499 4811 τοῖς
1522 4749 1865 4815 ὀφθαλμοῖς,
1886 4749 1981 4802 καί

328 4841 399 4910 τῇ
440 4842 652 4910 καρδίᾳ
694 4841 947 4905 συνῶσι,
993 4842 1088 4893 καί
1134 4842 1554 4911 ἐπιστρέψωσι,
1598 4843 1694 4895 καί
1732 4844 1982 4912 ίάσωμαι

324 4940 567 5006 αὐτούς.
609 4940 819 4992 Ὠσανεί
854 4936 1145 5000 δεδοικότες
1179 4937 1308 5007 γὰρ,
1345 4938 1494 5008 φησι,
1532 4938 1741 5008 μήποτέ
1782 4956 1832 4992 τι
1875 4938 1981 4993 τῶν

325 5036 555 5090 δεόντων
599 5034 861 5104 μάθωσιν,
897 5033 1038 5086 οὕτω
1090 5035 1226 5103 μετά
1266 5034 1464 5105 πολλῆς
1493 5036 1590 5105 τῆς
1620 5036 1853 5106 σπουδῆς
1884 5036 1981 5107 τὴν

326 5133 563 5187 διάνοιαν
608 5132 786 5187 αὐτῶν
819 5132 1130 5200 ἐπήρωσαν.
1172 5132 1321 5183 Ἐπεὶ
1362 5128 1454 5185 οὖν
1490 5132 1581 5185 καὶ
1617 5134 1648 5201 ἡ
1684 5134 1982 5204 κατηγορία

330 5231 628 5301 βαρυτάτη,
657 5230 750 5283 καὶ
785 5232 815 5299 ή
862 5230 1095 5299 τιμωρία
1128 5230 1511 5301 ἀπαραίτητος,
1548 5230 1681 5301 ὅπερ
1708 5228 1774 5293 ἦν
1806 5232 1983 5285 λειπό-

332 5347 511 5399 μενον,
565 5330 723 5383 τοῦτο
775 5329 928 5399 ζητεῖ
972 5328 1183 5399 μαθεῖν’
1224 5330 1335 5381 ἀλλ’
1365 5333 1421 5383 ἐν
1456 5332 1607 5397 τάξει
1640 5330 1729 5383 τοῦ
1772 5331 1981 5401 μαθεῖν,

328 5429 607 5500 ἰκετηρίαν
632 5429 859 5497 εἰσάγει.
898 5427 1109 5498 Ἐπειδὴ
1134 5428 1327 5482 δὲούδέ
1356 5430 1493 5501 ὑπὲρ
1521 5430 1704 5484 τούτου
1738 5429 1983 5501 φανερῶς

390 5682 413 5709 ⁸
438 5678 587 5728 Savil.
622 5683 673 5726 et
694 5677 816 5739 Reg.
862 5679 939 5725 καὶ
965 5676 1217 5737 βασκανίας
1264 5678 1513 5738 τηκόμενοι
1550 5678 1733 5725 πάθεσι’
1759 5678 1885 5738 παχὺ
1930 5680 1986 5728 τὸ

326 5742 455 5800 ὅμμί
481 5761 490 5787 ;
517 5739 709 5787 omissis
728 5740 1015 5799 quibusdam
1062 5740 1108 5784 in
1134 5739 1293 5784 medio
1318 5740 1502 5799 positis.
1555 5739 1887 5789 Morellianam
1910 5739 1984 5788 le-

327 5801 713 5867 ctipgmrplmpct
739 5802 1011 5867 quaricqs,
1036 5802 1279 5867 egpressil
1312 5803 1575 5862 interpres.

383 5861 413 5903 θ’
432 5864 487 5913 lu
510 5861 684 5913 Bllulls
708 5866 751 5910 οἰ
788 5861 1227 5923 ἐγκαταλειφθέντες.

2076 474 2348 530 ἱκετεῦσαι
2380 478 2601 550 ἐτόλμα,
2622 480 2711 535 διὰ
2731 482 2887 537 τοῦτο
2920 484 3205 555 μαθήσεως
3239 491 3584 561 προσχήματι
3607 494 3740 564 ἐρὼσ

2073 589 2233 641 τησιν
2276 577 2480 630 ἐπινοεί
2522 578 2713 646 λέγων’
2742 581 2896 647 Ἕως
2937 583 3101 644 πότε,
3144 586 3357 653 Κύριε;
3394 588 3502 641 Kal
3543 585 3732 643 εἶπεν

2080 665 2233 731 Ἕως
2256 666 2334 720 ἂν
2360 668 2701 738 έρημωθῶσι
2717 673 2927 740 πόλεις
2949 676 3109 744 παρὰ
3130 677 3193 729 τὸ
3207 677 3292 746 μὴ
3314 679 3735 747 κατοικεῖσθαι,

2072 760 2173 814 καί
2213 755 2368 817 οἴκοι
2422 766 2582 833 παρὰ
2627 767 2694 820 τὸ
2734 768 2819 838 μὴ
2858 770 3009 825 εἶναι
3041 772 3407 842 ἀνθρώπους*
3454 776 3552 829 καί
3586 777 3625 844 ὴ
3664 778 3739 845 γῆ

2076 860 2613 930 καταλειφθήσεται
2647 866 2881 933 ἕρημος.
2915 867 3024 920 Kal
3050 870 3200 936 μετὰ
3231 872 3417 931 ταῦτα
3446 874 3742 944 μακρυνεῖ

2076 958 2110 1009 ὀ
2152 957 2296 1023 Θεὸς
2357 958 2497 1025 τοὺς
2541 960 2911 1029 ἀνθρώπους,
2956 963 3055 1017 καί
3103 968 3632 1034 πληθυνθήσονται
3683 970 3737 1021 οι

2075 1055 2570 1122 καταλειφθέντες
2607 1056 2636 1096 δ
2682 1058 2782 1111 ἐπὶ
2824 1058 2934 1127 τῆς
2978 1060 3111 1128 γῆς,
3151 1060 3251 1115 καί
3291 1061 3378 1115 ἔτι
3414 1063 3507 1115 ἐπ’
3545 1062 3737 1131 αὐτῆς

2074 1149 2203 1202 ἐστι
2233 1149 2301 1203 τὸ
2343 1149 2715 1208 ἐπιδέκατον.
2744 1155 2857 1207 Kal
2892 1157 3078 1209 πάλιν
3108 1156 3279 1210 ἔσται
3314 1158 3401 1222 είς
3426 1159 3738 1227 προνομὴν

2073 1245 2155 1312 ὡς
2178 1246 2524 1315 τερέϐινθος,
2554 1249 2651 1302 καί
2679 1249 3067 1318 ὠςβάιλανος,
3098 1252 3245 1307 ὅταν
3277 1254 3503 1321 ἐκπέσῃ
3534 1256 3602 1308 ἐκ
3625 1255 3739 1324 τῆς

2075 1340 2263 1409 θήκης
2281 1342 2489 1412 αὐτῆς.
2510 1342 2750 1414 Σπέρμα
2777 1345 2949 1416 ἅγιον
2977 1348 3043 1401 τὸ
3064 1347 3351 1417 στήλωμα
3380 1348 3587 1419 αὐτῆς.
3624 1351 3737 1421 Τὴν

2076 1442 2411 1508 προφητείαν
2436 1439 2743 1510 ἀπαρτίσας
2774 1442 3010 1514 ἐκείνην,
3035 1444 3128 1497 ἐπὶ
3165 1445 3262 1515 τὴν
3297 1448 3535 1517 ἰστορίαν
3574 1448 3737 1502 πάλιν

2074 1533 2257 1602 ἐξάγει
2296 1534 2387 1587 τὸν
2430 1534 2605 1602 λόγον,
2632 1536 2732 1606 τήν
2768 1553 2828 1589 τε
2870 1537 3070 1592 ἅλωσιν
3096 1539 3207 1595 τῶν
3234 1541 3363 1595 δέκα
3388 1542 3569 1610 φυλῶν
3606 1561 3739 1614 προ-

2075 1633 2395 1701 αναφωνῶν,
2421 1634 2519 1703 τήν
2546 1650 2605 1684 τε
2628 1632 2716 1686 διὰ
2736 1633 2833 1705 τὴν
2865 1636 3242 1705 αίχμαλωσίαν
3265 1638 3477 1710 ἐκείνην
3501 1639 3594 1692 ἐπὶ
3620 1642 3737 1704 ταῖς

2073 1727 2168 1780 δύο
2219 1726 2409 1797 φυλαῖς
2454 1729 2830 1800 μακροθυμίαν
2894 1733 3285 1803 γεγενημένηνο
3328 1730 3447 1788 εἶτα
3502 1735 3597 1788 καὶ
3639 1736 3739 1804 τὴν

2074 1822 2280 1876 τούτων
2324 1824 2504 1879 αὐτῶν
2544 1826 2866 1897 ἀπαγωγὴν,
2909 1828 3098 1900 ἐπειδὴ
3129 1828 3208 1892 εἰς
3236 1830 3387 1883 οὐδὲν
3415 1829 3533 1883 δέον
3570 1830 3738 1901 ἐχρή-

2080 1934 2239 1975 σαντο
2273 1922 2340 1991 τῇ
2377 1920 2747 1993 μακροθυμίᾳ·
2780 1924 2873 1977 καί
2913 1926 3010 1995 τὴν
3053 1926 3117 1979 ἐκ
3156 1924 3247 1979 τοῦ
3282 1926 3532 1995 λειψάνου
3576 1928 3740 1981 πάλιν

2076 2016 2527 2089 ἀναφθησομένην
2560 2020 2742 2083 αὐτοῖς
2765 2021 3086 2092 εὐημερίαν.
3121 2024 3287 2078 Ὅταν
3314 2025 3412 2095 μὲν
3445 2024 3553 2098 γὰρ
3581 2025 3738 2097 λέγῃ,

2077 2113 2232 2180 Ἕως
2258 2115 2335 2169 ἂν
2357 2114 2698 2183 ἐρημωθῶσι
2724 2119 2931 2185 πόλεις
2951 2119 3109 2187 παρὰ
3130 2121 3194 2173 τὸ
3212 2122 3299 2190 μὴ
3320 2122 3740 2186 κατοικεῖσθαι,

2077 2207 2185 2263 τῶν
2218 2209 2352 2263 δέκα
2397 2211 2579 2279 φυλῶν
2612 2211 2708 2282 τὴν
2738 2213 3112 2284 αἰχμαλωσίαν
3146 2216 3459 2271 αἰνίττεται.
3494 2217 3605 2271 Καὶ
3634 2219 3741 2290 γὰρ

2078 2304 2195 2377 [75]
2245 2306 2414 2376 ἄρδην
2461 2308 2837 2379 ἠφανίσθησαν
2886 2310 3143 2375 ἅπαντες,
3203 2313 3297 2366 καὶ
3351 2314 3487 2382 μετά
3543 2314 3741 2383 πολλῆς

2074 2400 2178 2470 τῆς
2213 2401 2572 2471 σφοδρότητος
2599 2404 2935 2472 ἀνάρπαστοι
2965 2405 3265 2475 γενόμενοι,
3305 2408 3505 2471 πάντες
3534 2410 3614 2471 εἰς
3641 2411 3740 2480 τὴν

2075 2494 2362 2565 ἀλλοτρίαν
2404 2496 2811 2567 ἀπηνέχθησαν,
2862 2498 2939 2562 ὡς
2989 2500 3082 2551 καὶ
3124 2500 3221 2564 τὰς
3280 2502 3460 2566 πόλεις
3524 2502 3741 2566 ἁπάσας

2075 2589 2296 2644 ἑστάναι
2348 2591 2512 2654 κενὰς
2564 2587 2889 2662 ἀνθρὼπων,
2940 2596 3031 2647 καὶ
3073 2594 3169 2667 τὴν
3216 2597 3320 2668 γῆν
3370 2597 3575 2671 ἔρημον
3634 2601 3742 2654 τῶν

2077 2683 2522 2755 θεραπευσόντων
2558 2687 2729 2757 αὐτὴν
2766 2689 2846 2752 εἰς
2885 2689 3153 2758 ὠφέλειαν
3192 2692 3303 2747 τῶν
3349 2694 3743 2768 ὑπολειφθησο-

2079 2784 2276 2855 μένων.
2304 2787 2476 2841 Ὀταν
2516 2788 2615 2858 μὲν
2651 2784 2745 2842 οῦν
2779 2788 2935 2861 λέγῃ,
2963 2791 3118 2855 "Eax;
3157 2792 3498 2861 έρημωθὼσι
3534 2798 3745 2861 πόλεις

2076 2885 2237 2954 παρὰ
2260 2886 2327 2939 τὸ
2348 2887 2436 2956 μὴ
2475 2888 2898 2956 κατοικεῖσθαι,
2931 2890 3029 2943 καί
3061 2886 3213 2944 οἴκοι
3240 2891 3399 2960 παρὰ
3435 2892 3501 2945 τὸ
3542 2893 3627 2961 μὴ
3666 2890 3746 2947 εῖ-

2076 2998 2175 3037 ναι
2201 2982 2573 3051 ἀνθρώπους,
2595 2984 2716 3037 τότε
2743 2985 2890 3053 λέγει
2912 2986 3005 3039 καὶ
3029 2987 3126 3056 τὴν
3150 2987 3545 3057 αἰχμαλωσίαν.
3580 2990 3745 3044 Ὅταν

2076 3078 2135 3132 δέ
2170 3078 2324 3149 λέγῃ,
2358 3080 2439 3133 ὅτι
2476 3082 2587 3134 Καὶ
2626 3081 2777 3149 μετὰ
2807 3081 2992 3134 ταῦτα
3014 3083 3307 3150 μακρυνεῐ
3352 3087 3386 3137 ό
3427 3085 3570 3151 Θεὸς
3604 3086 3746 3153 τοὺς

2077 3175 2446 3245 ἀνθρώπους,
2503 3176 2536 3248 ἢ
2600 3177 2698 3248 τὴν
2744 3177 3006 3247 ὁλοσχερῆ
3053 3179 3269 3232 πάντων
3315 3180 3620 3251 εὐπραγίαν
3659 3185 3747 3237 αἰ-

2076 3274 2334 3341 νίττεται,
2366 3274 2400 3344 ἢ
2448 3273 2547 3345 τὴν
2592 3274 2733 3345 μετά
2774 3274 2872 3345 τὴν
2911 3274 3213 3346 ἀπαγωγὴν
3257 3277 3365 3330 τῶν
3399 3276 3530 3332 δέκα
3564 3278 3746 3347 φυλῶν

2078 3370 2375 3441 γενομένην
2413 3373 2533 3433 ταῖς
2569 3369 2663 3423 δύο
2706 3371 2899 3439 φυλαῖς
2934 3370 3253 3441 εὐημερίαν.
3320 3374 3749 3439 Ἀπαλλαγέντες

2078 3466 2188 3537 γὰρ
2216 3466 2311 3520 τοῦ
2340 3466 2666 3538 Σεναχειρίμ
2716 3467 2810 3521 καὶ
2842 3466 2935 3520 τοῦ
2982 3466 3314 3539 βαρϐαρικοῦ
3362 3470 3745 3541 στρατοπέδου,

2080 3568 2175 3623 καὶ
2215 3568 2317 3638 τῆς
2373 3568 2677 3640 παραδόξου
2731 3567 2886 3637 νίκης
2947 3568 3370 3633 ἀπολαύσαντες,
3416 3572 3496 3634 εἰς
3546 3572 3749 3642 πλῆθος

2079 3661 2242 3715 πάλιν
2283 3662 2564 3727 ἐπέδοσαν,
2610 3663 2702 3717 καὶ
2735 3663 2814 3726 εἰς
2862 3662 2976 3732 βίου
3020 3666 3213 3734 μῆκος,
3256 3664 3465 3729 οὐδενὸς
3511 3667 3747 3736 πολέμου

2080 3758 2433 3829 θορυϐοῦντος
2472 3757 2689 3822 αὐτούς.
2742 3758 2910 3813 Ὀταν
2940 3758 2998 3811 δὲ
3037 3759 3187 3830 εἴπῃ,
3236 3760 3315 3813 ὅτι
3346 3762 3661 3829 Μακρυνεῖ,
3714 3763 3747 3833 ἢ

2078 3853 2140 3906 τὸ
2171 3852 2375 3923 πλῆθος
2403 3853 2512 3907 τῶν
2535 3853 2855 3924 ἀνθρώπων,
2907 3853 2940 3923 ἢ
2979 3854 3041 3907 τὸ
3072 3855 3244 3924 μῆκος
3271 3855 3379 3908 τῶν
3412 3857 3549 3910 ἐτῶν
3582 3860 3751 3913 αἰνίτ-

2079 3966 2249 4004 τεται.
2294 3950 2402 4003 Καὶ
2449 3949 2535 4003 ἵνα
2582 3948 2778 4019 μάθῃς,
2814 3948 2895 4001 ὅτι
2924 3948 3049 4019 περὶ
3084 3948 3189 4002 τῶν
3216 3950 3311 4003 δύο
3358 3951 3536 4021 φυλῶν
3578 3954 3752 4007 ταῦτά

2081 4064 2264 4119 φησιν,
2291 4048 2589 4119 ἐπήγαγεν,
2618 4048 2697 4099 ὅτι
2741 4048 2865 4099 Ἐπ’
2894 4045 3085 4115 αὐτῆς
3118 4048 3246 4101 ἐστι
3285 4049 3351 4102 τὸ
3376 4049 3747 4116 ἐπιδέκατον,

2081 4144 2398 4197 ἐπιδέκατον
2451 4143 2624 4211 λέγων
2691 4143 2751 4196 τὸ
2799 4143 2983 4197 ἐπάνω
3030 4144 3138 4198 τῶν
3184 4144 3331 4211 δέκα,
3388 4146 3448 4200 τὸ
3493 4148 3750 4217 περισσὸν

2080 4241 2188 4296 τῶν
2223 4241 2372 4305 δέκα,
2405 4242 2540 4311 ὅπερ
2564 4238 2703 4314 ἦσαν
2736 4241 2790 4293 αἰ
2822 4240 2913 4294 δύο
2950 4242 3131 4310 φυλαί.
3180 4244 3363 4315 Ταύτῃ
3403 4245 3495 4296 καί
3539 4245 3748 4307 Παῦλος

2079 4342 2147 4410 τῇ
2177 4339 2317 4404 λέξει
2344 4339 2608 4410 κέχρηται
2642 4338 2835 4406 λέγων·
2887 4337 3118 4390 Ἐπάνω
3138 4341 3553 4405 πεντακοσίοις
3572 4341 3751 4395 ἀδελ·

2081 4427 2216 4497 φοῖς
2234 4443 2247 4457 ·
2274 4428 2541 4492 τουτέστι,
2574 4426 2778 4477 πλείοσι
2812 4424 3200 4479 πεντακοσίων.
3235 4424 3346 4477 Kal
3375 4425 3559 4479 πάλιν
3578 4428 3749 4482 ἔσται

2081 4518 2167 4580 είς
2199 4513 2507 4582 προνομὴν
2544 4512 2623 4576 ὡς
2658 4509 3003 4576 τερέϐινθος.
3048 4510 3325 4572 Τουτέστι,
3355 4513 3411 4565 αί
3444 4512 3534 4566 δύο
3560 4516 3743 4584 φυλαί.

2080 4611 2188 4665 Kal
2234 4610 2313 4673 ὠς
2346 4606 2641 4671 βάλανος,
2698 4604 2844 4659 ὅταν
2886 4604 3113 4673 ἐκπέσῃ
3152 4606 3261 4674 τῆς
3305 4607 3493 4678 θήκης
3532 4611 3739 4681 αὐτῆς.

2083 4712 2291 4778 Ὥσπερ
2341 4707 2449 4777 γὰρ
2492 4706 2730 4777 ἀτερπὴς
2787 4706 2989 4769 ἐκεῖνος
3032 4708 3060 4759 ό
3116 4708 3324 4778 καρπὸς
3359 4709 3602 4763 ἐκπεσὼν
3648 4714 3747 4782 τῆς

2082 4808 2275 4877 θήκης,
2317 4804 2457 4857 οὓτω
2515 4803 2607 4855 καὶ
2652 4795 2795 4854 οὗτοι
2836 4802 3224 4871 καταγέλαστοι
3272 4803 3362 4856 καί
3402 4806 3748 4859 ἐπονείδιστοι

2083 4903 2315 4966 ἔσονται,
2348 4901 2447 4971 τῆς
2478 4900 2683 4963 πόλεως
2714 4901 3055 4963 ἐκπεσόντες,
3097 4901 3191 4955 καὶ
3227 4900 3326 4969 τῆς
3354 4902 3506 4973 δόξης
3536 4904 3748 4973 ἐκείνης

2083 4998 2456 5069 γυμνωθέντες
2471 4995 2969 5063 ἆπαντες.Σπέρμα
2985 4996 3153 5065 ἄγνον
3168 4996 3229 5048 τὸ
3244 4998 3743 5067 στήλωμααύτῆς.

2085 5097 2158 5148 Οὐ
2195 5094 2302 5166 μὴν
2328 5094 2523 5148 ἀνίατα
2546 5094 2614 5146 τά
2642 5092 2788 5145 κακά
2817 5092 2990 5155 ἐσται,
3029 5092 3210 5161 φησὶν,
3241 5093 3361 5145 οὐδέ
3396 5093 3743 5162 ἀτελεύτητα,

2084 5191 2219 5245 ἀλλά
2267 5192 2328 5244 τὺ
2383 5190 2601 5260 σπέρμα
2652 5188 2822 5257 αὐτῆς
2875 5189 3026 5257 ἅγιον
3066 5187 3235 5254 ἐσται,
3284 5189 3378 5244 καὶ
3438 5189 3745 5257 Στήλωμα,

2084 5287 2347 5352 τουτέστι,
2402 5284 2635 5354 βέϐαιον,
2682 5282 2949 5351 πεπηγὸς,
2995 5282 3268 5354 ἀκίνητον,
3329 5283 3592 5353 ἀναμένον
3647 5281 3744 5351 τὴν

2084 5385 2191 5438 τῶν
2240 5382 2577 5454 πραγμάτων
2610 5380 2927 5451 μεταϐολήν.
2982 5380 3091 5450 Τῆς
3146 5382 3246 5451 μὲν
3298 5381 3403 5449 γὰρ
3447 5380 3745 5447 εὐπραγίας

2085 5477 2460 5543 ἐκπεσοῦνται,
2507 5476 2661 5529 αὐτοὶ
2703 5476 2760 5529 δὲ
2802 5477 2862 5529 οὐ
2916 5476 3289 5547 πανωλεθρίαν
3334 5475 3744 5543 ὐποστήσονται,

2086 5576 2221 5631 ἀλλά
2248 5572 2466 5645 μενοῦσι
2504 5573 2597 5627 καὶ
2629 5574 2937 5641 στήσονται,
2982 5572 3086 5634 ἕως
3130 5570 3193 5623 ἂν
3231 5568 3540 5623 ἀπολάϐωσι
3581 5577 3604 5606 ε
3650 5568 3749 5640 τὴν

2155 5862 2175 5890 ε
2204 5859 2323 5920 Reg.
2362 5860 2413 5905 et
2433 5854 2581 5903 Savil.
2605 5854 2693 5907 ἕως
2719 5851 3013 5909 ἀπολάϐωσι,
3039 5848 3216 5896 omisso
3236 5839 3315 5899 ἄν.
