  <div class='ocr_page' id='page_1' title='image "/cluster/home/n/w/nwhite01/storage/ocr_20150623/56/ien.35556001660836/084.png"; bbox 0 0 4048 6482; ppageno 0'>
   <div class='ocr_carea' id='block_1_1' title="bbox 247 454 1818 604">
    <p class='ocr_par' dir='ltr' id='par_1_1' title="bbox 247 454 1818 604">
     <span class='ocr_line' id='line_1_1' title="bbox 247 454 1818 604; baseline -0.026 1"><span class='ocrx_word' id='word_1_1' title='bbox 247 454 536 604; x_wconf 69' lang='lat' dir='ltr'><strong>i7n7anebunt</strong></span> <span class='ocrx_word' id='word_1_2' title='bbox 576 547 633 598; x_wconf 91' lang='lat' dir='ltr'><strong>et</strong></span> <span class='ocrx_word' id='word_1_3' title='bbox 660 538 904 599; x_wconf 88' lang='lat' dir='ltr'><strong>stabunt,</strong></span> <span class='ocrx_word' id='word_1_4' title='bbox 931 533 1100 589; x_wconf 87' lang='lat' dir='ltr'><strong>donec</strong></span> <span class='ocrx_word' id='word_1_5' title='bbox 1137 525 1417 600; x_wconf 88' lang='lat' dir='ltr'><strong>pristinum</strong></span> <span class='ocrx_word' id='word_1_6' title='bbox 1444 520 1568 574; x_wconf 67' lang='lat' dir='ltr'><strong>vitae</strong></span> <span class='ocrx_word' id='word_1_7' title='bbox 1605 512 1818 570; x_wconf 82' lang='lat' dir='ltr'><strong>institu-</strong></span> 
     </span>
    </p>
   </div>
   <div class='ocr_carea' id='block_1_2' title="bbox 250 608 1819 700">
    <p class='ocr_par' dir='ltr' id='par_1_2' title="bbox 250 608 1819 700">
     <span class='ocr_line' id='line_1_2' title="bbox 250 608 1819 700; baseline -0.023 -6"><span class='ocrx_word' id='word_1_8' title='bbox 250 648 358 693; x_wconf 88' lang='lat' dir='ltr'><strong>tum</strong></span> <span class='ocrx_word' id='word_1_9' title='bbox 383 637 572 691; x_wconf 93' lang='lat' dir='ltr'><strong>iterum</strong></span> <span class='ocrx_word' id='word_1_10' title='bbox 601 628 934 700; x_wconf 87' lang='lat' dir='ltr'><strong>acceperint,</strong></span> <span class='ocrx_word' id='word_1_11' title='bbox 960 633 1015 680; x_wconf 91' lang='lat' dir='ltr'><strong>et</strong></span> <span class='ocrx_word' id='word_1_12' title='bbox 1039 621 1107 677; x_wconf 88' lang='lat' dir='ltr'><strong>ad</strong></span> <span class='ocrx_word' id='word_1_13' title='bbox 1145 619 1375 691; x_wconf 77' lang='lat' dir='ltr'><strong>priscam</strong></span> <span class='ocrx_word' id='word_1_14' title='bbox 1404 608 1663 669; x_wconf 88' lang='lat' dir='ltr'><strong>redierint</strong></span> <span class='ocrx_word' id='word_1_15' title='bbox 1690 618 1819 661; x_wconf 86' lang='lat' dir='ltr'><strong>san-</strong></span> 
     </span>
    </p>
   </div>
   <div class='ocr_carea' id='block_1_3' title="bbox 248 725 575 782">
    <p class='ocr_par' dir='ltr' id='par_1_3' title="bbox 248 725 575 782">
     <span class='ocr_line' id='line_1_3' title="bbox 248 725 575 782; baseline -0.015 0"><span class='ocrx_word' id='word_1_16' title='bbox 248 725 575 782; x_wconf 85' lang='lat' dir='ltr'><strong>ctimoniam.</strong></span> 
     </span>
    </p>
   </div>
   <div class='ocr_carea' id='block_1_4' title="bbox 839 820 1215 881">
    <p class='ocr_par' dir='ltr' id='par_1_4' title="bbox 839 820 1215 881">
     <span class='ocr_line' id='line_1_4' title="bbox 839 820 1215 881; baseline -0.013 -2"><span class='ocrx_word' id='word_1_17' title='bbox 839 821 1065 881; x_wconf 82' lang='lat' dir='ltr'><strong>CAPUT</strong></span> <span class='ocrx_word' id='word_1_18' title='bbox 1101 820 1215 877; x_wconf 80' lang='lat' dir='ltr'><strong>VII.</strong></span> 
     </span>
    </p>
   </div>
   <div class='ocr_carea' id='block_1_5' title="bbox 251 922 1830 1019">
    <p class='ocr_par' dir='ltr' id='par_1_5' title="bbox 251 922 1830 1019">
     <span class='ocr_line' id='line_1_5' title="bbox 251 922 1830 1019; baseline -0.017 -15"><span class='ocrx_word' id='word_1_19' title='bbox 251 950 300 1005; x_wconf 75' lang='grc' dir='ltr'><strong>ί.</strong></span> <span class='ocrx_word' id='word_1_20' title='bbox 354 946 419 1003; x_wconf 81' lang='lat' dir='ltr'><strong>Et</strong></span> <span class='ocrx_word' id='word_1_21' title='bbox 449 949 639 1019; x_wconf 74' lang='lat' dir='ltr'><strong>factum</strong></span> <span class='ocrx_word' id='word_1_22' title='bbox 662 951 734 999; x_wconf 81' lang='lat' dir='ltr'><strong>est</strong></span> <span class='ocrx_word' id='word_1_23' title='bbox 776 940 830 995; x_wconf 83' lang='lat' dir='ltr'><strong>in</strong></span> <span class='ocrx_word' id='word_1_24' title='bbox 869 936 1044 993; x_wconf 77' lang='lat' dir='ltr'><strong>diebus</strong></span> <span class='ocrx_word' id='word_1_25' title='bbox 1096 934 1270 989; x_wconf 77' lang='lat' dir='ltr'><strong>Aelius</strong></span> <span class='ocrx_word' id='word_1_26' title='bbox 1323 930 1420 1000; x_wconf 75' lang='lat' dir='ltr'><strong>filii</strong></span> <span class='ocrx_word' id='word_1_27' title='bbox 1464 926 1695 983; x_wconf 80' lang='lat' dir='ltr'><strong>Joatltatt</strong></span> <span class='ocrx_word' id='word_1_28' title='bbox 1734 922 1830 993; x_wconf 68' lang='lat' dir='ltr'><strong>filii</strong></span> 
     </span>
    </p>
   </div>
   <div class='ocr_carea' id='block_1_6' title="bbox 777 1025 1259 1100">
    <p class='ocr_par' dir='ltr' id='par_1_6' title="bbox 777 1025 1259 1100">
     <span class='ocr_line' id='line_1_6' title="bbox 777 1025 1259 1100; baseline -0.019 -13"><span class='ocrx_word' id='word_1_29' title='bbox 777 1030 917 1086; x_wconf 71' lang='lat' dir='ltr'><strong>Osite</strong></span> <span class='ocrx_word' id='word_1_30' title='bbox 942 1028 1073 1100; x_wconf 81' lang='lat' dir='ltr'><strong>regis</strong></span> <span class='ocrx_word' id='word_1_31' title='bbox 1098 1025 1259 1081; x_wconf 70' lang='lat' dir='ltr'><strong>Iuda.</strong></span> 
     </span>
    </p>
   </div>
   <div class='ocr_carea' id='block_1_7' title="bbox 322 1150 1833 1237">
    <p class='ocr_par' dir='ltr' id='par_1_7' title="bbox 322 1150 1833 1237">
     <span class='ocr_line' id='line_1_7' title="bbox 322 1150 1833 1237; baseline -0.015 -12"><span class='ocrx_word' id='word_1_32' title='bbox 322 1170 376 1224; x_wconf 76' lang='lat' dir='ltr'><strong>l.</strong></span> <span class='ocrx_word' id='word_1_33' title='bbox 416 1167 570 1223; x_wconf 77' lang='lat' dir='ltr'><strong>Ratio</strong></span> <span class='ocrx_word' id='word_1_34' title='bbox 611 1163 1004 1237; x_wconf 76' lang='lat' dir='ltr'><strong>prophetiantm.</strong></span> <span class='ocrx_word' id='word_1_35' title='bbox 1048 1156 1340 1229; x_wconf 72' lang='lat' dir='ltr'><strong>Prophetite</strong></span> <span class='ocrx_word' id='word_1_36' title='bbox 1382 1152 1635 1225; x_wconf 69' lang='lat' dir='ltr'><strong>quomodo</strong></span> <span class='ocrx_word' id='word_1_37' title='bbox 1681 1150 1833 1220; x_wconf 77' lang='lat' dir='ltr'><strong>ﬁdem</strong></span> 
     </span>
    </p>
   </div>
   <div class='ocr_carea' id='block_1_8' title="bbox 252 1241 1829 1323">
    <p class='ocr_par' dir='ltr' id='par_1_8' title="bbox 252 1241 1829 1323">
     <span class='ocr_line' id='line_1_8' title="bbox 252 1241 1829 1323; baseline -0.015 -6"><span class='ocrx_word' id='word_1_38' title='bbox 252 1258 462 1316; x_wconf 66' lang='lat' dir='ltr'><strong>addens</strong></span> <span class='ocrx_word' id='word_1_39' title='bbox 481 1257 639 1313; x_wconf 74' lang='lat' dir='ltr'><strong>Deus.</strong></span> <span class='ocrx_word' id='word_1_40' title='bbox 664 1284 737 1297; x_wconf 93' lang='lat'><strong><em>—</em></strong></span> <span class='ocrx_word' id='word_1_41' title='bbox 758 1253 817 1310; x_wconf 84' lang='lat' dir='ltr'><strong>id</strong></span> <span class='ocrx_word' id='word_1_42' title='bbox 841 1251 981 1323; x_wconf 87' lang='lat' dir='ltr'><strong>quod</strong></span> <span class='ocrx_word' id='word_1_43' title='bbox 1008 1264 1152 1319; x_wconf 64' lang='lat' dir='ltr'><strong>saepe</strong></span> <span class='ocrx_word' id='word_1_44' title='bbox 1172 1248 1305 1311; x_wconf 90' lang='lat' dir='ltr'><strong>dixi,</strong></span> <span class='ocrx_word' id='word_1_45' title='bbox 1330 1246 1385 1301; x_wconf 84' lang='lat' dir='ltr'><strong>id</strong></span> <span class='ocrx_word' id='word_1_46' title='bbox 1399 1253 1455 1300; x_wconf 89' lang='lat' dir='ltr'><strong>ct</strong></span> <span class='ocrx_word' id='word_1_47' title='bbox 1475 1257 1615 1298; x_wconf 91' lang='lat' dir='ltr'><strong>nunc</strong></span> <span class='ocrx_word' id='word_1_48' title='bbox 1632 1241 1829 1305; x_wconf 89' lang='lat' dir='ltr'><strong>dicam,</strong></span> 
     </span>
    </p>
   </div>
   <div class='ocr_carea' id='block_1_9' title="bbox 252 1330 1837 1422">
    <p class='ocr_par' dir='ltr' id='par_1_9' title="bbox 252 1330 1837 1422">
     <span class='ocr_line' id='line_1_9' title="bbox 252 1330 1837 1422; baseline -0.015 -15"><span class='ocrx_word' id='word_1_49' title='bbox 252 1347 562 1422; x_wconf 75' lang='lat' dir='ltr'><strong>prophetiae</strong></span> <span class='ocrx_word' id='word_1_50' title='bbox 579 1345 708 1401; x_wconf 89' lang='lat' dir='ltr'><strong>olim</strong></span> <span class='ocrx_word' id='word_1_51' title='bbox 725 1357 833 1399; x_wconf 90' lang='lat' dir='ltr'><strong>non</strong></span> <span class='ocrx_word' id='word_1_52' title='bbox 860 1341 981 1397; x_wconf 89' lang='lat' dir='ltr'><strong>ideo</strong></span> <span class='ocrx_word' id='word_1_53' title='bbox 1013 1339 1236 1394; x_wconf 86' lang='lat' dir='ltr'><strong>emissas</strong></span> <span class='ocrx_word' id='word_1_54' title='bbox 1255 1336 1419 1391; x_wconf 85' lang='lat' dir='ltr'><strong>fuisse</strong></span> <span class='ocrx_word' id='word_1_55' title='bbox 1444 1333 1640 1397; x_wconf 86' lang='lat' dir='ltr'><strong>solum,</strong></span> <span class='ocrx_word' id='word_1_56' title='bbox 1666 1340 1723 1385; x_wconf 90' lang='lat' dir='ltr'><strong>ut</strong></span> <span class='ocrx_word' id='word_1_57' title='bbox 1741 1330 1837 1422; x_wconf 9' lang='lat' dir='ltr'><strong>Vlu-</strong></span> 
     </span>
    </p>
   </div>
   <div class='ocr_carea' id='block_1_10' title="bbox 250 1421 1836 1499">
    <p class='ocr_par' dir='ltr' id='par_1_10' title="bbox 250 1421 1836 1499">
     <span class='ocr_line' id='line_1_10' title="bbox 250 1421 1836 1499; baseline -0.014 -3"><span class='ocrx_word' id='word_1_58' title='bbox 250 1421 355 1495; x_wconf 78' lang='lat' dir='ltr'><strong>dtei</strong></span> <span class='ocrx_word' id='word_1_59' title='bbox 369 1438 541 1494; x_wconf 87' lang='lat' dir='ltr'><strong>futura</strong></span> <span class='ocrx_word' id='word_1_60' title='bbox 551 1435 837 1499; x_wconf 80' lang='lat' dir='ltr'><strong>discerent,</strong></span> <span class='ocrx_word' id='word_1_61' title='bbox 855 1430 949 1487; x_wconf 88' lang='lat' dir='ltr'><strong>sed</strong></span> <span class='ocrx_word' id='word_1_62' title='bbox 964 1437 1022 1485; x_wconf 89' lang='lat' dir='ltr'><strong>ut</strong></span> <span class='ocrx_word' id='word_1_63' title='bbox 1035 1427 1234 1492; x_wconf 86' lang='lat' dir='ltr'><strong>edocti,</strong></span> <span class='ocrx_word' id='word_1_64' title='bbox 1252 1427 1461 1482; x_wconf 87' lang='lat' dir='ltr'><strong>lucrum</strong></span> <span class='ocrx_word' id='word_1_65' title='bbox 1473 1424 1595 1478; x_wconf 89' lang='lat' dir='ltr'><strong>inde</strong></span> <span class='ocrx_word' id='word_1_66' title='bbox 1607 1421 1836 1492; x_wconf 82' lang='lat' dir='ltr'><strong>percipe-</strong></span> 
     </span>
    </p>
   </div>
   <div class='ocr_carea' id='block_1_11' title="bbox 252 1512 1841 1594">
    <p class='ocr_par' dir='ltr' id='par_1_11' title="bbox 252 1512 1841 1594">
     <span class='ocr_line' id='line_1_11' title="bbox 252 1512 1841 1594; baseline -0.013 -8"><span class='ocrx_word' id='word_1_67' title='bbox 252 1539 398 1594; x_wconf 88' lang='lat' dir='ltr'><strong>rent,</strong></span> <span class='ocrx_word' id='word_1_68' title='bbox 413 1535 469 1584; x_wconf 89' lang='lat' dir='ltr'><strong>et</strong></span> <span class='ocrx_word' id='word_1_69' title='bbox 483 1525 740 1582; x_wconf 89' lang='lat' dir='ltr'><strong>minarum</strong></span> <span class='ocrx_word' id='word_1_70' title='bbox 759 1530 964 1578; x_wconf 74' lang='lat' dir='ltr'><strong>terrore</strong></span> <span class='ocrx_word' id='word_1_71' title='bbox 988 1516 1429 1588; x_wconf 88' lang='lat' dir='ltr'><strong>temperantiores</strong></span> <span class='ocrx_word' id='word_1_72' title='bbox 1446 1514 1656 1579; x_wconf 83' lang='lat' dir='ltr'><strong>tierent,</strong></span> <span class='ocrx_word' id='word_1_73' title='bbox 1672 1512 1841 1567; x_wconf 89' lang='lat' dir='ltr'><strong>bono-</strong></span> 
     </span>
    </p>
   </div>
   <div class='ocr_carea' id='block_1_12' title="bbox 254 1602 1836 1689">
    <p class='ocr_par' dir='ltr' id='par_1_12' title="bbox 254 1602 1836 1689">
     <span class='ocr_line' id='line_1_12' title="bbox 254 1602 1836 1689; baseline -0.012 -14"><span class='ocrx_word' id='word_1_74' title='bbox 254 1632 481 1689; x_wconf 87' lang='lat' dir='ltr'><strong>rumque</strong></span> <span class='ocrx_word' id='word_1_75' title='bbox 509 1614 859 1688; x_wconf 76' lang='lat' dir='ltr'><strong>promissione</strong></span> <span class='ocrx_word' id='word_1_76' title='bbox 883 1609 1233 1666; x_wconf 76' lang='lat' dir='ltr'><strong>studiosiores</strong></span> <span class='ocrx_word' id='word_1_77' title='bbox 1266 1604 1581 1662; x_wconf 66' lang='lat' dir='ltr'><strong>exercenda:</strong></span> <span class='ocrx_word' id='word_1_78' title='bbox 1595 1602 1836 1658; x_wconf 86' lang='lat' dir='ltr'><strong>virtutis:</strong></span> 
     </span>
    </p>
   </div>
   <div class='ocr_carea' id='block_1_13' title="bbox 255 1695 1840 1779">
    <p class='ocr_par' dir='ltr' id='par_1_13' title="bbox 255 1695 1840 1779">
     <span class='ocr_line' id='line_1_13' title="bbox 255 1695 1840 1779; baseline -0.011 -14"><span class='ocrx_word' id='word_1_79' title='bbox 255 1710 523 1779; x_wconf 90' lang='lat' dir='ltr'><strong>utrimque</strong></span> <span class='ocrx_word' id='word_1_80' title='bbox 546 1707 812 1763; x_wconf 77' lang='lat' dir='ltr'><strong>discentes</strong></span> <span class='ocrx_word' id='word_1_81' title='bbox 843 1712 899 1760; x_wconf 90' lang='lat' dir='ltr'><strong>et</strong></span> <span class='ocrx_word' id='word_1_82' title='bbox 925 1702 1019 1757; x_wconf 85' lang='lat' dir='ltr'><strong>Dei</strong></span> <span class='ocrx_word' id='word_1_83' title='bbox 1068 1699 1382 1770; x_wconf 82' lang='lat' dir='ltr'><strong>potentiam,</strong></span> <span class='ocrx_word' id='word_1_84' title='bbox 1440 1705 1495 1752; x_wconf 91' lang='lat' dir='ltr'><strong>et</strong></span> <span class='ocrx_word' id='word_1_85' title='bbox 1534 1695 1653 1766; x_wconf 90' lang='lat' dir='ltr'><strong>ejus</strong></span> <span class='ocrx_word' id='word_1_86' title='bbox 1708 1708 1840 1766; x_wconf 88' lang='lat' dir='ltr'><strong>erga</strong></span> 
     </span>
    </p>
   </div>
   <div class='ocr_carea' id='block_1_14' title="bbox 259 1783 1830 1868">
    <p class='ocr_par' dir='ltr' id='par_1_14' title="bbox 259 1783 1830 1868">
     <span class='ocr_line' id='line_1_14' title="bbox 259 1783 1830 1868; baseline -0.01 -14"><span class='ocrx_word' id='word_1_87' title='bbox 259 1800 383 1855; x_wconf 87' lang='lat' dir='ltr'><strong>illos</strong></span> <span class='ocrx_word' id='word_1_88' title='bbox 404 1795 813 1868; x_wconf 83' lang='lat' dir='ltr'><strong>providentiam.</strong></span> <span class='ocrx_word' id='word_1_89' title='bbox 848 1792 958 1849; x_wconf 83' lang='lat' dir='ltr'><strong>Hac</strong></span> <span class='ocrx_word' id='word_1_90' title='bbox 974 1791 1116 1849; x_wconf 90' lang='lat' dir='ltr'><strong>enim</strong></span> <span class='ocrx_word' id='word_1_91' title='bbox 1136 1788 1206 1845; x_wconf 93' lang='lat' dir='ltr'><strong>de</strong></span> <span class='ocrx_word' id='word_1_92' title='bbox 1224 1803 1384 1845; x_wconf 87' lang='lat' dir='ltr'><strong>causa</strong></span> <span class='ocrx_word' id='word_1_93' title='bbox 1410 1786 1527 1842; x_wconf 68' lang='lat' dir='ltr'><strong>hate</strong></span> <span class='ocrx_word' id='word_1_94' title='bbox 1571 1783 1830 1857; x_wconf 63' lang='lat' dir='ltr'><strong>praedice-</strong></span> 
     </span>
    </p>
   </div>
   <div class='ocr_carea' id='block_1_15' title="bbox 258 1876 1842 1953">
    <p class='ocr_par' dir='ltr' id='par_1_15' title="bbox 258 1876 1842 1953">
     <span class='ocr_line' id='line_1_15' title="bbox 258 1876 1842 1953; baseline -0.009 -10"><span class='ocrx_word' id='word_1_95' title='bbox 258 1887 472 1952; x_wconf 91' lang='lat' dir='ltr'><strong>bantur,</strong></span> <span class='ocrx_word' id='word_1_96' title='bbox 495 1899 560 1941; x_wconf 87' lang='lat' dir='ltr'><strong>ac</strong></span> <span class='ocrx_word' id='word_1_97' title='bbox 578 1899 645 1940; x_wconf 90' lang='lat' dir='ltr'><strong>ne</strong></span> <span class='ocrx_word' id='word_1_98' title='bbox 688 1889 935 1953; x_wconf 82' lang='lat' dir='ltr'><strong>putarent</strong></span> <span class='ocrx_word' id='word_1_99' title='bbox 959 1895 1023 1937; x_wconf 89' lang='lat' dir='ltr'><strong>ea</strong></span> <span class='ocrx_word' id='word_1_100' title='bbox 1073 1894 1193 1950; x_wconf 83' lang='lat' dir='ltr'><strong>qua:</strong></span> <span class='ocrx_word' id='word_1_101' title='bbox 1254 1876 1583 1942; x_wconf 85' lang='lat' dir='ltr'><strong>accidebant,</strong></span> <span class='ocrx_word' id='word_1_102' title='bbox 1636 1884 1842 1930; x_wconf 85' lang='lat' dir='ltr'><strong>temere</strong></span> 
     </span>
    </p>
   </div>
   <div class='ocr_carea' id='block_1_16' title="bbox 258 1965 1839 2047">
    <p class='ocr_par' dir='ltr' id='par_1_16' title="bbox 258 1965 1839 2047">
     <span class='ocr_line' id='line_1_16' title="bbox 258 1965 1839 2047; baseline -0.008 -13"><span class='ocrx_word' id='word_1_103' title='bbox 258 1988 317 2034; x_wconf 91' lang='lat' dir='ltr'><strong>et</strong></span> <span class='ocrx_word' id='word_1_104' title='bbox 357 1991 486 2034; x_wconf 89' lang='lat' dir='ltr'><strong>casu</strong></span> <span class='ocrx_word' id='word_1_105' title='bbox 525 1976 769 2047; x_wconf 90' lang='lat' dir='ltr'><strong>quopiam</strong></span> <span class='ocrx_word' id='word_1_106' title='bbox 821 1972 1128 2043; x_wconf 90' lang='lat' dir='ltr'><strong>contingere</strong></span> <span class='ocrx_word' id='word_1_107' title='bbox 1149 2010 1167 2038; x_wconf 95' lang='lat'><strong>,</strong></span> <span class='ocrx_word' id='word_1_108' title='bbox 1221 1968 1514 2025; x_wconf 89' lang='lat' dir='ltr'><strong>secundum</strong></span> <span class='ocrx_word' id='word_1_109' title='bbox 1554 1965 1839 2038; x_wconf 84' lang='lat' dir='ltr'><strong>quamdam</strong></span> 
     </span>
    </p>
   </div>
   <div class='ocr_carea' id='block_1_17' title="bbox 260 2055 1845 2132">
    <p class='ocr_par' dir='ltr' id='par_1_17' title="bbox 260 2055 1845 2132">
     <span class='ocr_line' id='line_1_17' title="bbox 260 2055 1845 2132; baseline -0.008 -10"><span class='ocrx_word' id='word_1_110' title='bbox 260 2078 468 2122; x_wconf 64' lang='lat' dir='ltr'><strong>natura</strong></span> <span class='ocrx_word' id='word_1_111' title='bbox 486 2066 702 2132; x_wconf 89' lang='lat' dir='ltr'><strong>seriem,</strong></span> <span class='ocrx_word' id='word_1_112' title='bbox 729 2072 820 2119; x_wconf 86' lang='lat' dir='ltr'><strong>aut</strong></span> <span class='ocrx_word' id='word_1_113' title='bbox 837 2062 1128 2120; x_wconf 87' lang='lat' dir='ltr'><strong>secundum</strong></span> <span class='ocrx_word' id='word_1_114' title='bbox 1153 2074 1331 2116; x_wconf 90' lang='lat' dir='ltr'><strong>rerum</strong></span> <span class='ocrx_word' id='word_1_115' title='bbox 1360 2073 1610 2122; x_wconf 88' lang='lat' dir='ltr'><strong>cursum;</strong></span> <span class='ocrx_word' id='word_1_116' title='bbox 1639 2055 1731 2112; x_wconf 88' lang='lat' dir='ltr'><strong>sed</strong></span> <span class='ocrx_word' id='word_1_117' title='bbox 1766 2056 1845 2110; x_wconf 92' lang='lat' dir='ltr'><strong>vi-</strong></span> 
     </span>
    </p>
   </div>
   <div class='ocr_carea' id='block_1_18' title="bbox 260 2150 1840 2227">
    <p class='ocr_par' dir='ltr' id='par_1_18' title="bbox 260 2150 1840 2227">
     <span class='ocr_line' id='line_1_18' title="bbox 260 2150 1840 2227; baseline -0.007 -12"><span class='ocrx_word' id='word_1_118' title='bbox 260 2156 455 2215; x_wconf 88' lang='lat' dir='ltr'><strong>derent</strong></span> <span class='ocrx_word' id='word_1_119' title='bbox 499 2172 564 2214; x_wconf 87' lang='lat' dir='ltr'><strong>ex</strong></span> <span class='ocrx_word' id='word_1_120' title='bbox 613 2169 845 2227; x_wconf 85' lang='lat' dir='ltr'><strong>superno</strong></span> <span class='ocrx_word' id='word_1_121' title='bbox 885 2164 940 2211; x_wconf 91' lang='lat' dir='ltr'><strong>et</strong></span> <span class='ocrx_word' id='word_1_122' title='bbox 966 2153 1147 2208; x_wconf 88' lang='lat' dir='ltr'><strong>divino</strong></span> <span class='ocrx_word' id='word_1_123' title='bbox 1182 2151 1399 2207; x_wconf 88' lang='lat' dir='ltr'><strong>decreto</strong></span> <span class='ocrx_word' id='word_1_124' title='bbox 1449 2150 1565 2205; x_wconf 61' lang='lat' dir='ltr'><strong>haec</strong></span> <span class='ocrx_word' id='word_1_125' title='bbox 1614 2158 1840 2219; x_wconf 87' lang='lat' dir='ltr'><strong>utraque</strong></span> 
     </span>
    </p>
   </div>
   <div class='ocr_carea' id='block_1_19' title="bbox 263 2240 1844 2319">
    <p class='ocr_par' dir='ltr' id='par_1_19' title="bbox 263 2240 1844 2319">
     <span class='ocr_line' id='line_1_19' title="bbox 263 2240 1844 2319; baseline -0.006 -14"><span class='ocrx_word' id='word_1_126' title='bbox 263 2250 380 2305; x_wconf 80' lang='lat' dir='ltr'><strong>fieri</strong></span> <span class='ocrx_word' id='word_1_127' title='bbox 407 2264 423 2304; x_wconf 88' lang='lat'><strong>:</strong></span> <span class='ocrx_word' id='word_1_128' title='bbox 454 2248 506 2304; x_wconf 88' lang='lat' dir='ltr'><strong>id</strong></span> <span class='ocrx_word' id='word_1_129' title='bbox 530 2247 672 2319; x_wconf 90' lang='lat' dir='ltr'><strong>quod</strong></span> <span class='ocrx_word' id='word_1_130' title='bbox 698 2246 800 2302; x_wconf 91' lang='lat' dir='ltr'><strong>illis</strong></span> <span class='ocrx_word' id='word_1_131' title='bbox 821 2244 1049 2300; x_wconf 77' lang='lat' dir='ltr'><strong>maxime</strong></span> <span class='ocrx_word' id='word_1_132' title='bbox 1066 2243 1135 2298; x_wconf 89' lang='lat' dir='ltr'><strong>ad</strong></span> <span class='ocrx_word' id='word_1_133' title='bbox 1166 2242 1256 2298; x_wconf 90' lang='lat' dir='ltr'><strong>Dei</strong></span> <span class='ocrx_word' id='word_1_134' title='bbox 1304 2240 1659 2312; x_wconf 72' lang='lat' dir='ltr'><strong>cognitionem</strong></span> <span class='ocrx_word' id='word_1_135' title='bbox 1713 2240 1844 2295; x_wconf 87' lang='lat' dir='ltr'><strong>utile</strong></span> 
     </span>
    </p>
   </div>
   <div class='ocr_carea' id='block_1_20' title="bbox 261 2329 1843 2407">
    <p class='ocr_par' dir='ltr' id='par_1_20' title="bbox 261 2329 1843 2407">
     <span class='ocr_line' id='line_1_20' title="bbox 261 2329 1843 2407; baseline -0.006 -12"><span class='ocrx_word' id='word_1_136' title='bbox 261 2346 399 2395; x_wconf 81' lang='lat' dir='ltr'><strong>erat.</strong></span> <span class='ocrx_word' id='word_1_137' title='bbox 429 2335 625 2394; x_wconf 81' lang='lat' dir='ltr'><strong>Verum</strong></span> <span class='ocrx_word' id='word_1_138' title='bbox 668 2334 937 2407; x_wconf 88' lang='lat' dir='ltr'><strong>quoniam,</strong></span> <span class='ocrx_word' id='word_1_139' title='bbox 965 2340 1025 2389; x_wconf 92' lang='lat' dir='ltr'><strong>ut</strong></span> <span class='ocrx_word' id='word_1_140' title='bbox 1064 2342 1188 2389; x_wconf 87' lang='lat' dir='ltr'><strong>ante</strong></span> <span class='ocrx_word' id='word_1_141' title='bbox 1229 2330 1361 2397; x_wconf 85' lang='lat' dir='ltr'><strong>dixi,</strong></span> <span class='ocrx_word' id='word_1_142' title='bbox 1406 2329 1683 2400; x_wconf 80' lang='lat' dir='ltr'><strong>prophetia</strong></span> <span class='ocrx_word' id='word_1_143' title='bbox 1736 2344 1843 2385; x_wconf 92' lang='lat' dir='ltr'><strong>non</strong></span> 
     </span>
    </p>
   </div>
   <div class='ocr_carea' id='block_1_21' title="bbox 264 2419 1845 2497">
    <p class='ocr_par' dir='ltr' id='par_1_21' title="bbox 264 2419 1845 2497">
     <span class='ocr_line' id='line_1_21' title="bbox 264 2419 1845 2497; baseline -0.005 -13"><span class='ocrx_word' id='word_1_144' title='bbox 264 2426 457 2484; x_wconf 88' lang='lat' dir='ltr'><strong>eodem</strong></span> <span class='ocrx_word' id='word_1_145' title='bbox 501 2426 620 2497; x_wconf 84' lang='lat' dir='ltr'><strong>ipso</strong></span> <span class='ocrx_word' id='word_1_146' title='bbox 666 2434 907 2496; x_wconf 90' lang='lat' dir='ltr'><strong>tempore</strong></span> <span class='ocrx_word' id='word_1_147' title='bbox 971 2437 1126 2479; x_wconf 90' lang='lat' dir='ltr'><strong>suum</strong></span> <span class='ocrx_word' id='word_1_148' title='bbox 1179 2420 1378 2477; x_wconf 78' lang='lat' dir='ltr'><strong>exitum</strong></span> <span class='ocrx_word' id='word_1_149' title='bbox 1433 2419 1699 2485; x_wconf 88' lang='lat' dir='ltr'><strong>habebat;</strong></span> <span class='ocrx_word' id='word_1_150' title='bbox 1749 2420 1845 2476; x_wconf 87' lang='lat' dir='ltr'><strong>sed</strong></span> 
     </span>
    </p>
   </div>
   <div class='ocr_carea' id='block_1_22' title="bbox 265 2513 1847 2589">
    <p class='ocr_par' dir='ltr' id='par_1_22' title="bbox 265 2513 1847 2589">
     <span class='ocr_line' id='line_1_22' title="bbox 265 2513 1847 2589; baseline -0.004 -16"><span class='ocrx_word' id='word_1_151' title='bbox 265 2519 428 2576; x_wconf 82' lang='lat' dir='ltr'><strong>verba</strong></span> <span class='ocrx_word' id='word_1_152' title='bbox 452 2517 667 2589; x_wconf 88' lang='lat' dir='ltr'><strong>quidem</strong></span> <span class='ocrx_word' id='word_1_153' title='bbox 722 2526 849 2572; x_wconf 92' lang='lat' dir='ltr'><strong>tunc</strong></span> <span class='ocrx_word' id='word_1_154' title='bbox 892 2513 1320 2585; x_wconf 80' lang='lat' dir='ltr'><strong>proferebantur,</strong></span> <span class='ocrx_word' id='word_1_155' title='bbox 1373 2526 1459 2567; x_wconf 88' lang='lat' dir='ltr'><strong>res</strong></span> <span class='ocrx_word' id='word_1_156' title='bbox 1498 2520 1678 2567; x_wconf 91' lang='lat' dir='ltr'><strong>autem</strong></span> <span class='ocrx_word' id='word_1_157' title='bbox 1725 2519 1847 2581; x_wconf 87' lang='lat' dir='ltr'><strong>post</strong></span> 
     </span>
    </p>
   </div>
   <div class='ocr_carea' id='block_1_23' title="bbox 264 2601 1845 2676">
    <p class='ocr_par' dir='ltr' id='par_1_23' title="bbox 264 2601 1845 2676">
     <span class='ocr_line' id='line_1_23' title="bbox 264 2601 1845 2676; baseline -0.007 -12"><span class='ocrx_word' id='word_1_158' title='bbox 264 2609 513 2665; x_wconf 83' lang='lat' dir='ltr'><strong>diuturna</strong></span> <span class='ocrx_word' id='word_1_159' title='bbox 534 2606 657 2662; x_wconf 91' lang='lat' dir='ltr'><strong>inde</strong></span> <span class='ocrx_word' id='word_1_160' title='bbox 678 2615 912 2676; x_wconf 89' lang='lat' dir='ltr'><strong>tempora</strong></span> <span class='ocrx_word' id='word_1_161' title='bbox 940 2603 1141 2660; x_wconf 81' lang='lat' dir='ltr'><strong>exitum</strong></span> <span class='ocrx_word' id='word_1_162' title='bbox 1180 2601 1438 2657; x_wconf 69' lang='lat' dir='ltr'><strong>habiturae</strong></span> <span class='ocrx_word' id='word_1_163' title='bbox 1489 2610 1665 2667; x_wconf 88' lang='lat' dir='ltr'><strong>erant,</strong></span> <span class='ocrx_word' id='word_1_164' title='bbox 1723 2616 1845 2655; x_wconf 91' lang='lat' dir='ltr'><strong>cum</strong></span> 
     </span>
    </p>
   </div>
   <div class='ocr_carea' id='block_1_24' title="bbox 261 2690 1847 2770">
    <p class='ocr_par' dir='ltr' id='par_1_24' title="bbox 261 2690 1847 2770">
     <span class='ocr_line' id='line_1_24' title="bbox 261 2690 1847 2770; baseline -0.004 -16"><span class='ocrx_word' id='word_1_165' title='bbox 261 2699 373 2770; x_wconf 85' lang='lat' dir='ltr'><strong>jam</strong></span> <span class='ocrx_word' id='word_1_166' title='bbox 392 2697 631 2754; x_wconf 86' lang='lat' dir='ltr'><strong>nonnulli</strong></span> <span class='ocrx_word' id='word_1_167' title='bbox 664 2711 733 2752; x_wconf 92' lang='lat' dir='ltr'><strong>ex</strong></span> <span class='ocrx_word' id='word_1_168' title='bbox 748 2697 813 2751; x_wconf 88' lang='lat' dir='ltr'><strong>iis</strong></span> <span class='ocrx_word' id='word_1_169' title='bbox 832 2695 927 2766; x_wconf 91' lang='lat' dir='ltr'><strong>qui</strong></span> <span class='ocrx_word' id='word_1_170' title='bbox 952 2693 1249 2759; x_wconf 81' lang='lat' dir='ltr'><strong>audierant,</strong></span> <span class='ocrx_word' id='word_1_171' title='bbox 1272 2706 1416 2763; x_wconf 64' lang='lat' dir='ltr'><strong>saepe</strong></span> <span class='ocrx_word' id='word_1_172' title='bbox 1439 2698 1669 2746; x_wconf 90' lang='lat' dir='ltr'><strong>mortem</strong></span> <span class='ocrx_word' id='word_1_173' title='bbox 1683 2690 1847 2747; x_wconf 89' lang='lat' dir='ltr'><strong>obiis-</strong></span> 
     </span>
    </p>
   </div>
   <div class='ocr_carea' id='block_1_25' title="bbox 264 2780 1840 2858">
    <p class='ocr_par' dir='ltr' id='par_1_25' title="bbox 264 2780 1840 2858">
     <span class='ocr_line' id='line_1_25' title="bbox 264 2780 1840 2858; baseline -0.005 -14"><span class='ocrx_word' id='word_1_174' title='bbox 264 2796 408 2855; x_wconf 88' lang='lat' dir='ltr'><strong>sent,</strong></span> <span class='ocrx_word' id='word_1_175' title='bbox 435 2801 534 2843; x_wconf 91' lang='lat' dir='ltr'><strong>nec</strong></span> <span class='ocrx_word' id='word_1_176' title='bbox 556 2787 851 2858; x_wconf 87' lang='lat' dir='ltr'><strong>potuissent</strong></span> <span class='ocrx_word' id='word_1_177' title='bbox 872 2784 941 2841; x_wconf 90' lang='lat' dir='ltr'><strong>de</strong></span> <span class='ocrx_word' id='word_1_178' title='bbox 962 2783 1222 2841; x_wconf 91' lang='lat' dir='ltr'><strong>dictorum</strong></span> <span class='ocrx_word' id='word_1_179' title='bbox 1241 2791 1435 2839; x_wconf 90' lang='lat' dir='ltr'><strong>eventu</strong></span> <span class='ocrx_word' id='word_1_180' title='bbox 1454 2780 1718 2852; x_wconf 81' lang='lat' dir='ltr'><strong>judicare,</strong></span> <span class='ocrx_word' id='word_1_181' title='bbox 1760 2783 1840 2836; x_wconf 89' lang='lat' dir='ltr'><strong>vi-</strong></span> 
     </span>
    </p>
   </div>
   <div class='ocr_carea' id='block_1_26' title="bbox 264 2873 1846 2949">
    <p class='ocr_par' dir='ltr' id='par_1_26' title="bbox 264 2873 1846 2949">
     <span class='ocr_line' id='line_1_26' title="bbox 264 2873 1846 2949; baseline -0.004 -14"><span class='ocrx_word' id='word_1_182' title='bbox 264 2878 337 2935; x_wconf 88' lang='lat' dir='ltr'><strong>de</strong></span> <span class='ocrx_word' id='word_1_183' title='bbox 361 2877 490 2949; x_wconf 88' lang='lat' dir='ltr'><strong>quid</strong></span> <span class='ocrx_word' id='word_1_184' title='bbox 517 2876 676 2933; x_wconf 78' lang='lat' dir='ltr'><strong>faciat</strong></span> <span class='ocrx_word' id='word_1_185' title='bbox 698 2883 754 2933; x_wconf 89' lang='lat' dir='ltr'><strong>et</strong></span> <span class='ocrx_word' id='word_1_186' title='bbox 777 2874 1025 2931; x_wconf 84' lang='lat' dir='ltr'><strong>moliatur</strong></span> <span class='ocrx_word' id='word_1_187' title='bbox 1056 2875 1216 2931; x_wconf 86' lang='lat' dir='ltr'><strong>Deus.</strong></span> <span class='ocrx_word' id='word_1_188' title='bbox 1248 2873 1584 2943; x_wconf 89' lang='lat' dir='ltr'><strong>Prophetiam</strong></span> <span class='ocrx_word' id='word_1_189' title='bbox 1613 2873 1846 2943; x_wconf 87' lang='lat' dir='ltr'><strong>prophe-</strong></span> 
     </span>
    </p>
   </div>
   <div class='ocr_carea' id='block_1_27' title="bbox 267 2963 1843 3034">
    <p class='ocr_par' dir='ltr' id='par_1_27' title="bbox 267 2963 1843 3034">
     <span class='ocr_line' id='line_1_27' title="bbox 267 2963 1843 3034; baseline -0.002 -13"><span class='ocrx_word' id='word_1_190' title='bbox 267 2967 357 3023; x_wconf 89' lang='lat' dir='ltr'><strong>tiis</strong></span> <span class='ocrx_word' id='word_1_191' title='bbox 370 2966 636 3023; x_wconf 89' lang='lat' dir='ltr'><strong>connectit</strong></span> <span class='ocrx_word' id='word_1_192' title='bbox 657 2980 672 3030; x_wconf 89' lang='lat'><strong>;</strong></span> <span class='ocrx_word' id='word_1_193' title='bbox 696 2964 760 3021; x_wconf 85' lang='lat' dir='ltr'><strong>iis</strong></span> <span class='ocrx_word' id='word_1_194' title='bbox 785 2978 902 3034; x_wconf 75' lang='lat' dir='ltr'><strong>qua:</strong></span> <span class='ocrx_word' id='word_1_195' title='bbox 926 2972 1050 3034; x_wconf 88' lang='lat' dir='ltr'><strong>post</strong></span> <span class='ocrx_word' id='word_1_196' title='bbox 1074 2963 1290 3033; x_wconf 84' lang='lat' dir='ltr'><strong>longum</strong></span> <span class='ocrx_word' id='word_1_197' title='bbox 1315 2969 1524 3032; x_wconf 88' lang='lat' dir='ltr'><strong>tempus</strong></span> <span class='ocrx_word' id='word_1_198' title='bbox 1578 2971 1843 3018; x_wconf 79' lang='lat' dir='ltr'><strong>eventura</strong></span> 
     </span>
    </p>
   </div>
   <div class='ocr_carea' id='block_1_28' title="bbox 266 3055 1848 3126">
    <p class='ocr_par' dir='ltr' id='par_1_28' title="bbox 266 3055 1848 3126">
     <span class='ocr_line' id='line_1_28' title="bbox 266 3055 1848 3126; baseline -0.003 -11"><span class='ocrx_word' id='word_1_199' title='bbox 266 3066 471 3126; x_wconf 81' lang='lat' dir='ltr'><strong>essent,</strong></span> <span class='ocrx_word' id='word_1_200' title='bbox 493 3069 611 3113; x_wconf 88' lang='lat' dir='ltr'><strong>eam</strong></span> <span class='ocrx_word' id='word_1_201' title='bbox 634 3055 783 3125; x_wconf 89' lang='lat' dir='ltr'><strong>cujus</strong></span> <span class='ocrx_word' id='word_1_202' title='bbox 820 3056 993 3111; x_wconf 83' lang='lat' dir='ltr'><strong>exitus</strong></span> <span class='ocrx_word' id='word_1_203' title='bbox 1039 3067 1205 3125; x_wconf 88' lang='lat' dir='ltr'><strong>prope</strong></span> <span class='ocrx_word' id='word_1_204' title='bbox 1252 3061 1390 3120; x_wconf 88' lang='lat' dir='ltr'><strong>erat,</strong></span> <span class='ocrx_word' id='word_1_205' title='bbox 1445 3069 1542 3125; x_wconf 90' lang='lat' dir='ltr'><strong>per</strong></span> <span class='ocrx_word' id='word_1_206' title='bbox 1565 3067 1685 3109; x_wconf 88' lang='lat' dir='ltr'><strong>eam</strong></span> <span class='ocrx_word' id='word_1_207' title='bbox 1726 3069 1848 3125; x_wconf 63' lang='lat' dir='ltr'><strong>quae</strong></span> 
     </span>
    </p>
   </div>
   <div class='ocr_carea' id='block_1_29' title="bbox 268 3142 1847 3217">
    <p class='ocr_par' dir='ltr' id='par_1_29' title="bbox 268 3142 1847 3217">
     <span class='ocr_line' id='line_1_29' title="bbox 268 3142 1847 3217; baseline -0.003 -14"><span class='ocrx_word' id='word_1_208' title='bbox 268 3146 360 3203; x_wconf 85' lang='lat' dir='ltr'><strong>illa</strong></span> <span class='ocrx_word' id='word_1_209' title='bbox 409 3147 461 3201; x_wconf 91' lang='lat' dir='ltr'><strong>in</strong></span> <span class='ocrx_word' id='word_1_210' title='bbox 485 3144 824 3217; x_wconf 70' lang='lat' dir='ltr'><strong>generatione</strong></span> <span class='ocrx_word' id='word_1_211' title='bbox 844 3144 1040 3199; x_wconf 87' lang='lat' dir='ltr'><strong>exitum</strong></span> <span class='ocrx_word' id='word_1_212' title='bbox 1062 3143 1302 3199; x_wconf 88' lang='lat' dir='ltr'><strong>habitura</strong></span> <span class='ocrx_word' id='word_1_213' title='bbox 1331 3149 1466 3209; x_wconf 88' lang='lat' dir='ltr'><strong>erat,</strong></span> <span class='ocrx_word' id='word_1_214' title='bbox 1513 3142 1580 3198; x_wconf 89' lang='lat' dir='ltr'><strong>iis</strong></span> <span class='ocrx_word' id='word_1_215' title='bbox 1619 3158 1847 3213; x_wconf 91' lang='lat' dir='ltr'><strong>quorum</strong></span> 
     </span>
    </p>
   </div>
   <div class='ocr_carea' id='block_1_30' title="bbox 268 3232 1847 3309">
    <p class='ocr_par' dir='ltr' id='par_1_30' title="bbox 268 3232 1847 3309">
     <span class='ocr_line' id='line_1_30' title="bbox 268 3232 1847 3309; baseline -0.002 -18"><span class='ocrx_word' id='word_1_216' title='bbox 268 3244 497 3292; x_wconf 79' lang='lat' dir='ltr'><strong>eventus</strong></span> <span class='ocrx_word' id='word_1_217' title='bbox 518 3243 641 3309; x_wconf 86' lang='lat' dir='ltr'><strong>post</strong></span> <span class='ocrx_word' id='word_1_218' title='bbox 654 3233 959 3290; x_wconf 90' lang='lat' dir='ltr'><strong>diuturnum</strong></span> <span class='ocrx_word' id='word_1_219' title='bbox 980 3241 1185 3304; x_wconf 86' lang='lat' dir='ltr'><strong>tempus</strong></span> <span class='ocrx_word' id='word_1_220' title='bbox 1202 3233 1408 3288; x_wconf 89' lang='lat' dir='ltr'><strong>futurus</strong></span> <span class='ocrx_word' id='word_1_221' title='bbox 1427 3241 1541 3288; x_wconf 90' lang='lat' dir='ltr'><strong>erat</strong></span> <span class='ocrx_word' id='word_1_222' title='bbox 1560 3232 1847 3289; x_wconf 85' lang='lat' dir='ltr'><strong>maximam</strong></span> 
     </span>
    </p>
   </div>
   <div class='ocr_carea' id='block_1_31' title="bbox 272 3323 1850 3395">
    <p class='ocr_par' dir='ltr' id='par_1_31' title="bbox 272 3323 1850 3395">
     <span class='ocr_line' id='line_1_31' title="bbox 272 3323 1850 3395; baseline 0 -14"><span class='ocrx_word' id='word_1_223' title='bbox 272 3324 434 3382; x_wconf 85' lang='lat' dir='ltr'><strong>fidem</strong></span> <span class='ocrx_word' id='word_1_224' title='bbox 465 3323 685 3380; x_wconf 88' lang='lat' dir='ltr'><strong>faciens.</strong></span> <span class='ocrx_word' id='word_1_225' title='bbox 727 3323 783 3379; x_wconf 93' lang='lat' dir='ltr'><strong>ln</strong></span> <span class='ocrx_word' id='word_1_226' title='bbox 808 3323 1094 3394; x_wconf 78' lang='lat' dir='ltr'><strong>evangeliis</strong></span> <span class='ocrx_word' id='word_1_227' title='bbox 1120 3333 1296 3379; x_wconf 89' lang='lat' dir='ltr'><strong>autem</strong></span> <span class='ocrx_word' id='word_1_228' title='bbox 1324 3325 1427 3377; x_wconf 88' lang='lat' dir='ltr'><strong>hoc</strong></span> <span class='ocrx_word' id='word_1_229' title='bbox 1467 3324 1706 3380; x_wconf 86' lang='lat' dir='ltr'><strong>utilitatis</strong></span> <span class='ocrx_word' id='word_1_230' title='bbox 1758 3340 1850 3395; x_wconf 86' lang='lat' dir='ltr'><strong>ge-</strong></span> 
     </span>
    </p>
   </div>
   <div class='ocr_carea' id='block_1_32' title="bbox 270 3411 1845 3483">
    <p class='ocr_par' dir='ltr' id='par_1_32' title="bbox 270 3411 1845 3483">
     <span class='ocr_line' id='line_1_32' title="bbox 270 3411 1845 3483; baseline -0.001 -13"><span class='ocrx_word' id='word_1_231' title='bbox 270 3429 372 3470; x_wconf 90' lang='lat' dir='ltr'><strong>nus</strong></span> <span class='ocrx_word' id='word_1_232' title='bbox 401 3412 503 3469; x_wconf 86' lang='lat' dir='ltr'><strong>alio</strong></span> <span class='ocrx_word' id='word_1_233' title='bbox 530 3412 687 3469; x_wconf 90' lang='lat' dir='ltr'><strong>modo</strong></span> <span class='ocrx_word' id='word_1_234' title='bbox 714 3420 922 3480; x_wconf 83' lang='lat' dir='ltr'><strong>tractat,</strong></span> <span class='ocrx_word' id='word_1_235' title='bbox 952 3411 1203 3468; x_wconf 88' lang='lat' dir='ltr'><strong>miracula</strong></span> <span class='ocrx_word' id='word_1_236' title='bbox 1252 3412 1541 3483; x_wconf 88' lang='lat' dir='ltr'><strong>prophetiis</strong></span> <span class='ocrx_word' id='word_1_237' title='bbox 1570 3413 1845 3483; x_wconf 79' lang='lat' dir='ltr'><strong>copulatis,</strong></span> 
     </span>
    </p>
   </div>
   <div class='ocr_carea' id='block_1_33' title="bbox 270 3504 1851 3574">
    <p class='ocr_par' dir='ltr' id='par_1_33' title="bbox 270 3504 1851 3574">
     <span class='ocr_line' id='line_1_33' title="bbox 270 3504 1851 3574; baseline 0.001 -14"><span class='ocrx_word' id='word_1_238' title='bbox 270 3504 416 3561; x_wconf 85' lang='lat' dir='ltr'><strong>aliud</strong></span> <span class='ocrx_word' id='word_1_239' title='bbox 452 3504 557 3560; x_wconf 88' lang='lat' dir='ltr'><strong>alio</strong></span> <span class='ocrx_word' id='word_1_240' title='bbox 583 3504 923 3560; x_wconf 86' lang='lat' dir='ltr'><strong>confirmans.</strong></span> <span class='ocrx_word' id='word_1_241' title='bbox 968 3504 1209 3574; x_wconf 85' lang='lat' dir='ltr'><strong>Exempli</strong></span> <span class='ocrx_word' id='word_1_242' title='bbox 1245 3518 1405 3559; x_wconf 87' lang='lat' dir='ltr'><strong>causa</strong></span> <span class='ocrx_word' id='word_1_243' title='bbox 1437 3522 1451 3558; x_wconf 92' lang='lat'>:</span> <span class='ocrx_word' id='word_1_244' title='bbox 1478 3505 1706 3561; x_wconf 87' lang='lat' dir='ltr'><strong>accessit</strong></span> <span class='ocrx_word' id='word_1_245' title='bbox 1752 3506 1851 3561; x_wconf 88' lang='lat' dir='ltr'><strong>aii-</strong></span> 
     </span>
    </p>
   </div>
   <div class='ocr_carea' id='block_1_34' title="bbox 270 3593 1849 3667">
    <p class='ocr_par' dir='ltr' id='par_1_34' title="bbox 270 3593 1849 3667">
     <span class='ocr_line' id='line_1_34' title="bbox 270 3593 1849 3667; baseline 0.004 -20"><span class='ocrx_word' id='word_1_246' title='bbox 270 3593 488 3665; x_wconf 76' lang='lat' dir='ltr'><strong>quando</strong></span> <span class='ocrx_word' id='word_1_247' title='bbox 525 3593 592 3650; x_wconf 82' lang='lat' dir='ltr'><strong>ad</strong></span> <span class='ocrx_word' id='word_1_248' title='bbox 628 3608 749 3650; x_wconf 91' lang='lat' dir='ltr'><strong>eum</strong></span> <span class='ocrx_word' id='word_1_249' title='bbox 786 3594 1047 3664; x_wconf 90' lang='lat' dir='ltr'><strong>leprosus,</strong></span> <span class='ocrx_word' id='word_1_250' title='bbox 1074 3603 1130 3650; x_wconf 91' lang='lat' dir='ltr'><strong>et</strong></span> <span class='ocrx_word' id='word_1_251' title='bbox 1154 3594 1438 3650; x_wconf 90' lang='lat' dir='ltr'><strong>mundatus</strong></span> <span class='ocrx_word' id='word_1_252' title='bbox 1464 3603 1564 3662; x_wconf 90' lang='lat' dir='ltr'><strong>est,</strong></span> <span class='ocrx_word' id='word_1_253' title='bbox 1620 3611 1683 3651; x_wconf 91' lang='lat' dir='ltr'><strong>ac</strong></span> <span class='ocrx_word' id='word_1_254' title='bbox 1729 3606 1849 3667; x_wconf 89' lang='lat' dir='ltr'><strong>post</strong></span> 
     </span>
    </p>
   </div>
   <div class='ocr_carea' id='block_1_35' title="bbox 272 3684 1849 3755">
    <p class='ocr_par' dir='ltr' id='par_1_35' title="bbox 272 3684 1849 3755">
     <span class='ocr_line' id='line_1_35' title="bbox 272 3684 1849 3755; baseline 0.002 -16"><span class='ocrx_word' id='word_1_255' title='bbox 272 3686 421 3740; x_wconf 89' lang='lat' dir='ltr'><strong>illum</strong></span> <span class='ocrx_word' id='word_1_256' title='bbox 442 3699 625 3741; x_wconf 86' lang='lat' dir='ltr'><strong>rursus</strong></span> <span class='ocrx_word' id='word_1_257' title='bbox 650 3698 779 3755; x_wconf 89' lang='lat' dir='ltr'><strong>puer</strong></span> <span class='ocrx_word' id='word_1_258' title='bbox 804 3684 1128 3741; x_wconf 84' lang='lat' dir='ltr'><strong>centurionis</strong></span> <span class='ocrx_word' id='word_1_259' title='bbox 1149 3699 1181 3738; x_wconf 90' lang='lat' dir='ltr'><strong>a</strong></span> <span class='ocrx_word' id='word_1_260' title='bbox 1207 3684 1353 3755; x_wconf 87' lang='lat' dir='ltr'><strong>gravi</strong></span> <span class='ocrx_word' id='word_1_261' title='bbox 1384 3685 1475 3740; x_wconf 92' lang='lat' dir='ltr'><strong>illo</strong></span> <span class='ocrx_word' id='word_1_262' title='bbox 1502 3685 1694 3740; x_wconf 92' lang='lat' dir='ltr'><strong>morbo</strong></span> <span class='ocrx_word' id='word_1_263' title='bbox 1716 3686 1849 3742; x_wconf 88' lang='lat' dir='ltr'><strong>libe-</strong></span> 
     </span>
    </p>
   </div>
   <div class='ocr_carea' id='block_1_36' title="bbox 271 3774 1844 3845">
    <p class='ocr_par' dir='ltr' id='par_1_36' title="bbox 271 3774 1844 3845">
     <span class='ocr_line' id='line_1_36' title="bbox 271 3774 1844 3845; baseline 0.001 -17"><span class='ocrx_word' id='word_1_264' title='bbox 271 3784 420 3829; x_wconf 86' lang='lat' dir='ltr'><strong>ratus</strong></span> <span class='ocrx_word' id='word_1_265' title='bbox 437 3782 539 3841; x_wconf 90' lang='lat' dir='ltr'><strong>est,</strong></span> <span class='ocrx_word' id='word_1_266' title='bbox 578 3774 828 3845; x_wconf 87' lang='lat' dir='ltr'><strong>signaque</strong></span> <span class='ocrx_word' id='word_1_267' title='bbox 850 3774 964 3829; x_wconf 81' lang='lat' dir='ltr'><strong>haec</strong></span> <span class='ocrx_word' id='word_1_268' title='bbox 991 3789 1179 3843; x_wconf 88' lang='lat' dir='ltr'><strong>magna</strong></span> <span class='ocrx_word' id='word_1_269' title='bbox 1208 3782 1362 3829; x_wconf 90' lang='lat' dir='ltr'><strong>erant</strong></span> <span class='ocrx_word' id='word_1_270' title='bbox 1388 3792 1402 3828; x_wconf 91' lang='lat'><strong>:</strong></span> <span class='ocrx_word' id='word_1_271' title='bbox 1428 3782 1483 3829; x_wconf 92' lang='lat' dir='ltr'><strong>et</strong></span> <span class='ocrx_word' id='word_1_272' title='bbox 1509 3783 1685 3829; x_wconf 88' lang='lat' dir='ltr'><strong>tamen</strong></span> <span class='ocrx_word' id='word_1_273' title='bbox 1738 3790 1844 3830; x_wconf 93' lang='lat' dir='ltr'><strong>non</strong></span> 
     </span>
    </p>
   </div>
   <div class='ocr_carea' id='block_1_37' title="bbox 270 3862 1843 3933">
    <p class='ocr_par' dir='ltr' id='par_1_37' title="bbox 270 3862 1843 3933">
     <span class='ocr_line' id='line_1_37' title="bbox 270 3862 1843 3933; baseline 0.001 -17"><span class='ocrx_word' id='word_1_274' title='bbox 270 3864 325 3916; x_wconf 83' lang='lat' dir='ltr'><strong>in</strong></span> <span class='ocrx_word' id='word_1_275' title='bbox 375 3863 540 3933; x_wconf 87' lang='lat' dir='ltr'><strong>signis</strong></span> <span class='ocrx_word' id='word_1_276' title='bbox 584 3864 750 3926; x_wconf 85' lang='lat' dir='ltr'><strong>stetit,</strong></span> <span class='ocrx_word' id='word_1_277' title='bbox 797 3862 890 3917; x_wconf 90' lang='lat' dir='ltr'><strong>sed</strong></span> <span class='ocrx_word' id='word_1_278' title='bbox 937 3872 991 3917; x_wconf 90' lang='lat' dir='ltr'><strong>et</strong></span> <span class='ocrx_word' id='word_1_279' title='bbox 1049 3862 1382 3931; x_wconf 89' lang='lat' dir='ltr'><strong>prophetiam</strong></span> <span class='ocrx_word' id='word_1_280' title='bbox 1443 3862 1658 3933; x_wconf 86' lang='lat' dir='ltr'><strong>adjecit.</strong></span> <span class='ocrx_word' id='word_1_281' title='bbox 1708 3863 1843 3931; x_wconf 86' lang='lat' dir='ltr'><strong>Quia</strong></span> 
     </span>
    </p>
   </div>
   <div class='ocr_carea' id='block_1_38' title="bbox 269 3953 1849 4026">
    <p class='ocr_par' dir='ltr' id='par_1_38' title="bbox 269 3953 1849 4026">
     <span class='ocr_line' id='line_1_38' title="bbox 269 3953 1849 4026; baseline 0.001 -17"><span class='ocrx_word' id='word_1_282' title='bbox 269 3954 414 4009; x_wconf 90' lang='lat' dir='ltr'><strong>enim</strong></span> <span class='ocrx_word' id='word_1_283' title='bbox 442 3953 683 4009; x_wconf 89' lang='lat' dir='ltr'><strong>centurio</strong></span> <span class='ocrx_word' id='word_1_284' title='bbox 725 3954 1090 4008; x_wconf 83' lang='lat' dir='ltr'><strong>admirandam</strong></span> <span class='ocrx_word' id='word_1_285' title='bbox 1122 3954 1267 4009; x_wconf 88' lang='lat' dir='ltr'><strong>illam</strong></span> <span class='ocrx_word' id='word_1_286' title='bbox 1315 3962 1370 4009; x_wconf 90' lang='lat' dir='ltr'><strong>et</strong></span> <span class='ocrx_word' id='word_1_287' title='bbox 1407 3970 1651 4026; x_wconf 90' lang='lat' dir='ltr'><strong>magnam</strong></span> <span class='ocrx_word' id='word_1_288' title='bbox 1695 3956 1849 4011; x_wconf 90' lang='lat' dir='ltr'><strong>exhi-</strong></span> 
     </span>
    </p>
   </div>
   <div class='ocr_carea' id='block_1_39' title="bbox 270 4042 1843 4115">
    <p class='ocr_par' dir='ltr' id='par_1_39' title="bbox 270 4042 1843 4115">
     <span class='ocr_line' id='line_1_39' title="bbox 270 4042 1843 4115; baseline 0.001 -16"><span class='ocrx_word' id='word_1_289' title='bbox 270 4044 459 4099; x_wconf 87' lang='lat' dir='ltr'><strong>buerat</strong></span> <span class='ocrx_word' id='word_1_290' title='bbox 500 4042 679 4110; x_wconf 87' lang='lat' dir='ltr'><strong>fidem,</strong></span> <span class='ocrx_word' id='word_1_291' title='bbox 727 4058 830 4114; x_wconf 89' lang='lat' dir='ltr'><strong>qua</strong></span> <span class='ocrx_word' id='word_1_292' title='bbox 877 4058 1100 4113; x_wconf 89' lang='lat' dir='ltr'><strong>puerum</strong></span> <span class='ocrx_word' id='word_1_293' title='bbox 1141 4044 1209 4099; x_wconf 89' lang='lat' dir='ltr'><strong>ab</strong></span> <span class='ocrx_word' id='word_1_294' title='bbox 1253 4044 1564 4115; x_wconf 64' lang='lat' dir='ltr'><strong>egritudine</strong></span> <span class='ocrx_word' id='word_1_295' title='bbox 1609 4045 1843 4115; x_wconf 88' lang='lat' dir='ltr'><strong>eripuit,</strong></span> 
     </span>
    </p>
   </div>
   <div class='ocr_carea' id='block_1_40' title="bbox 269 4136 1847 4195">
    <p class='ocr_par' dir='ltr' id='par_1_40' title="bbox 269 4136 1847 4195">
     <span class='ocr_line' id='line_1_40' title="bbox 269 4136 1847 4195; baseline -0.002 0"><span class='ocrx_word' id='word_1_296' title='bbox 269 4138 388 4195; x_wconf 65' lang='lat' dir='ltr'><strong>hac</strong></span> <span class='ocrx_word' id='word_1_297' title='bbox 409 4136 640 4195; x_wconf 82' lang='lat' dir='ltr'><strong>subdidit</strong></span> <span class='ocrx_word' id='word_1_298' title='bbox 663 4136 903 4193; x_wconf 86' lang='lat' dir='ltr'><strong>Christus</strong></span> <span class='ocrx_word' id='word_1_299' title='bbox 938 4136 1131 4193; x_wconf 71' lang='lat' dir='ltr'><strong>:Multt&#39;</strong></span> <span class='ocrx_word' id='word_1_300' title='bbox 1167 4138 1228 4191; x_wconf 87' lang='lat' dir='ltr'><strong>ab</strong></span> <span class='ocrx_word' id='word_1_301' title='bbox 1270 4139 1460 4193; x_wconf 81' lang='lat' dir='ltr'><strong>oriente</strong></span> <span class='ocrx_word' id='word_1_302' title='bbox 1501 4148 1549 4193; x_wconf 88' lang='lat' dir='ltr'><strong>et</strong></span> <span class='ocrx_word' id='word_1_303' title='bbox 1589 4139 1847 4193; x_wconf 84' lang='lat' dir='ltr'><strong>occidente</strong></span> 
     </span>
    </p>
   </div>
   <div class='ocr_carea' id='block_1_41' title="bbox 267 4228 1840 4297">
    <p class='ocr_par' dir='ltr' id='par_1_41' title="bbox 267 4228 1840 4297">
     <span class='ocr_line' id='line_1_41' title="bbox 267 4228 1840 4297; baseline -0.002 -13"><span class='ocrx_word' id='word_1_304' title='bbox 267 4228 481 4293; x_wconf 75' lang='lat' dir='ltr'><strong>venient,</strong></span> <span class='ocrx_word' id='word_1_305' title='bbox 504 4237 551 4283; x_wconf 82' lang='lat' dir='ltr'><strong>et</strong></span> <span class='ocrx_word' id='word_1_306' title='bbox 572 4228 856 4283; x_wconf 78' lang='lat' dir='ltr'><strong>recumbertt</strong></span> <span class='ocrx_word' id='word_1_307' title='bbox 878 4244 994 4281; x_wconf 85' lang='lat' dir='ltr'><strong>cum</strong></span> <span class='ocrx_word' id='word_1_308' title='bbox 1017 4228 1293 4291; x_wconf 71' lang='lat' dir='ltr'><strong>Abraham,</strong></span> <span class='ocrx_word' id='word_1_309' title='bbox 1320 4228 1471 4281; x_wconf 88' lang='lat' dir='ltr'><strong>Isaac</strong></span> <span class='ocrx_word' id='word_1_310' title='bbox 1494 4239 1541 4282; x_wconf 90' lang='lat' dir='ltr'><strong>et</strong></span> <span class='ocrx_word' id='word_1_311' title='bbox 1558 4228 1740 4293; x_wconf 76' lang='lat' dir='ltr'><strong>Iacob,</strong></span> <span class='ocrx_word' id='word_1_312' title='bbox 1772 4231 1840 4297; x_wconf 77' lang='lat' dir='ltr'><strong>ﬁ-</strong></span> 
     </span>
    </p>
   </div>
   <div class='ocr_carea' id='block_1_42' title="bbox 266 4316 1841 4388">
    <p class='ocr_par' dir='ltr' id='par_1_42' title="bbox 266 4316 1841 4388">
     <span class='ocr_line' id='line_1_42' title="bbox 266 4316 1841 4388; baseline 0.001 -15"><span class='ocrx_word' id='word_1_313' title='bbox 266 4320 325 4374; x_wconf 76' lang='lat' dir='ltr'><strong>lii</strong></span> <span class='ocrx_word' id='word_1_314' title='bbox 353 4326 521 4372; x_wconf 73' lang='lat' dir='ltr'><strong>autem</strong></span> <span class='ocrx_word' id='word_1_315' title='bbox 565 4318 705 4388; x_wconf 77' lang='lat' dir='ltr'><strong>regni</strong></span> <span class='ocrx_word' id='word_1_316' title='bbox 728 4317 987 4387; x_wconf 81' lang='lat' dir='ltr'><strong>ejicientur</strong></span> <span class='ocrx_word' id='word_1_317' title='bbox 1024 4325 1166 4370; x_wconf 68' lang='lat' dir='ltr'><strong>extra</strong></span> <span class='ocrx_word' id='word_1_318' title='bbox 1192 4317 1211 4385; x_wconf 91' lang='lat'>(</span> <span class='ocrx_word' id='word_1_319' title='bbox 1235 4316 1420 4371; x_wconf 71' lang='lat' dir='ltr'><strong>Matth.</strong></span> <span class='ocrx_word' id='word_1_320' title='bbox 1446 4320 1499 4372; x_wconf 91' lang='lat'><strong>8.</strong></span> <span class='ocrx_word' id='word_1_321' title='bbox 1527 4319 1587 4373; x_wconf 78' lang='grc' dir='ltr'><strong>ιι</strong></span> <span class='ocrx_word' id='word_1_322' title='bbox 1625 4319 1664 4387; x_wconf 92' lang='grc'><strong>).</strong></span> <span class='ocrx_word' id='word_1_323' title='bbox 1716 4318 1841 4374; x_wconf 61' lang='lat' dir='ltr'><strong>Haec</strong></span> 
     </span>
    </p>
   </div>
   <div class='ocr_carea' id='block_1_43' title="bbox 269 4405 1843 4476">
    <p class='ocr_par' dir='ltr' id='par_1_43' title="bbox 269 4405 1843 4476">
     <span class='ocr_line' id='line_1_43' title="bbox 269 4405 1843 4476; baseline 0.002 -15"><span class='ocrx_word' id='word_1_324' title='bbox 269 4420 431 4476; x_wconf 84' lang='lat' dir='ltr'><strong>porro</strong></span> <span class='ocrx_word' id='word_1_325' title='bbox 471 4405 699 4471; x_wconf 87' lang='lat' dir='ltr'><strong>dicebat,</strong></span> <span class='ocrx_word' id='word_1_326' title='bbox 728 4415 782 4461; x_wconf 92' lang='lat' dir='ltr'><strong>et</strong></span> <span class='ocrx_word' id='word_1_327' title='bbox 832 4405 1069 4476; x_wconf 90' lang='lat' dir='ltr'><strong>gentium</strong></span> <span class='ocrx_word' id='word_1_328' title='bbox 1113 4406 1403 4462; x_wconf 87' lang='lat' dir='ltr'><strong>Ecclesiam</strong></span> <span class='ocrx_word' id='word_1_329' title='bbox 1431 4416 1486 4463; x_wconf 89' lang='lat' dir='ltr'><strong>et</strong></span> <span class='ocrx_word' id='word_1_330' title='bbox 1532 4408 1843 4464; x_wconf 67' lang='lat' dir='ltr'><strong>Iudaeorum</strong></span> 
     </span>
    </p>
   </div>
   <div class='ocr_carea' id='block_1_44' title="bbox 267 4497 1845 4570">
    <p class='ocr_par' dir='ltr' id='par_1_44' title="bbox 267 4497 1845 4570">
     <span class='ocr_line' id='line_1_44' title="bbox 267 4497 1845 4570; baseline 0.003 -17"><span class='ocrx_word' id='word_1_331' title='bbox 267 4497 692 4569; x_wconf 89' lang='lat' dir='ltr'><strong>reprobationem</strong></span> <span class='ocrx_word' id='word_1_332' title='bbox 720 4497 1077 4567; x_wconf 63' lang='lat' dir='ltr'><strong>praenuntiant:</strong></span> <span class='ocrx_word' id='word_1_333' title='bbox 1099 4513 1114 4562; x_wconf 91' lang='lat'><strong>;</strong></span> <span class='ocrx_word' id='word_1_334' title='bbox 1140 4498 1282 4568; x_wconf 86' lang='lat' dir='ltr'><strong>quod</strong></span> <span class='ocrx_word' id='word_1_335' title='bbox 1306 4500 1464 4553; x_wconf 87' lang='lat' dir='ltr'><strong>etiam</strong></span> <span class='ocrx_word' id='word_1_336' title='bbox 1518 4515 1659 4555; x_wconf 91' lang='lat' dir='ltr'><strong>nunc</strong></span> <span class='ocrx_word' id='word_1_337' title='bbox 1684 4516 1845 4570; x_wconf 91' lang='lat' dir='ltr'><strong>opere</strong></span> 
     </span>
    </p>
   </div>
   <div class='ocr_carea' id='block_1_45' title="bbox 264 4588 1838 4659">
    <p class='ocr_par' dir='ltr' id='par_1_45' title="bbox 264 4588 1838 4659">
     <span class='ocr_line' id='line_1_45' title="bbox 264 4588 1838 4659; baseline 0.003 -14"><span class='ocrx_word' id='word_1_338' title='bbox 264 4588 586 4659; x_wconf 87' lang='lat' dir='ltr'><strong>completum</strong></span> <span class='ocrx_word' id='word_1_339' title='bbox 605 4596 706 4656; x_wconf 83' lang='lat' dir='ltr'><strong>est,</strong></span> <span class='ocrx_word' id='word_1_340' title='bbox 732 4596 787 4645; x_wconf 91' lang='lat' dir='ltr'><strong>et</strong></span> <span class='ocrx_word' id='word_1_341' title='bbox 832 4588 947 4645; x_wconf 87' lang='lat' dir='ltr'><strong>sole</strong></span> <span class='ocrx_word' id='word_1_342' title='bbox 974 4589 1170 4645; x_wconf 89' lang='lat' dir='ltr'><strong>clarius</strong></span> <span class='ocrx_word' id='word_1_343' title='bbox 1211 4591 1461 4647; x_wconf 88' lang='lat' dir='ltr'><strong>omnibus</strong></span> <span class='ocrx_word' id='word_1_344' title='bbox 1507 4592 1791 4648; x_wconf 80' lang='lat' dir='ltr'><strong>exhibetur</strong></span> <span class='ocrx_word' id='word_1_345' title='bbox 1824 4612 1838 4648; x_wconf 90' lang='lat'><strong>:</strong></span> 
     </span>
    </p>
   </div>
   <div class='ocr_carea' id='block_1_46' title="bbox 263 4676 1844 4747">
    <p class='ocr_par' dir='ltr' id='par_1_46' title="bbox 263 4676 1844 4747">
     <span class='ocr_line' id='line_1_46' title="bbox 263 4676 1844 4747; baseline 0.005 -14"><span class='ocrx_word' id='word_1_346' title='bbox 263 4678 359 4733; x_wconf 87' lang='lat' dir='ltr'><strong>sed</strong></span> <span class='ocrx_word' id='word_1_347' title='bbox 404 4686 529 4733; x_wconf 91' lang='lat' dir='ltr'><strong>tunc</strong></span> <span class='ocrx_word' id='word_1_348' title='bbox 555 4676 839 4733; x_wconf 89' lang='lat' dir='ltr'><strong>obscurum</strong></span> <span class='ocrx_word' id='word_1_349' title='bbox 859 4686 993 4747; x_wconf 88' lang='lat' dir='ltr'><strong>erat,</strong></span> <span class='ocrx_word' id='word_1_350' title='bbox 1021 4686 1070 4734; x_wconf 91' lang='lat' dir='ltr'><strong>et</strong></span> <span class='ocrx_word' id='word_1_351' title='bbox 1113 4679 1182 4735; x_wconf 89' lang='lat' dir='ltr'><strong>ab</strong></span> <span class='ocrx_word' id='word_1_352' title='bbox 1226 4680 1513 4737; x_wconf 86' lang='lat' dir='ltr'><strong>incredulis</strong></span> <span class='ocrx_word' id='word_1_353' title='bbox 1543 4698 1649 4739; x_wconf 91' lang='lat' dir='ltr'><strong>non</strong></span> <span class='ocrx_word' id='word_1_354' title='bbox 1688 4683 1844 4741; x_wconf 80' lang='lat' dir='ltr'><strong>facile</strong></span> 
     </span>
    </p>
   </div>
   <div class='ocr_carea' id='block_1_47' title="bbox 262 4768 1843 4846">
    <p class='ocr_par' dir='ltr' id='par_1_47' title="bbox 262 4768 1843 4846">
     <span class='ocr_line' id='line_1_47' title="bbox 262 4768 1843 4846; baseline 0.004 -23"><span class='ocrx_word' id='word_1_355' title='bbox 262 4768 656 4824; x_wconf 85' lang='lat' dir='ltr'><strong>admittebatur.</strong></span> <span class='ocrx_word' id='word_1_356' title='bbox 692 4768 918 4838; x_wconf 91' lang='lat' dir='ltr'><strong>Ideoque</strong></span> <span class='ocrx_word' id='word_1_357' title='bbox 958 4770 1165 4840; x_wconf 89' lang='lat' dir='ltr'><strong>signum</strong></span> <span class='ocrx_word' id='word_1_358' title='bbox 1210 4778 1334 4827; x_wconf 90' lang='lat' dir='ltr'><strong>tunc</strong></span> <span class='ocrx_word' id='word_1_359' title='bbox 1354 4773 1649 4830; x_wconf 90' lang='lat' dir='ltr'><strong>exhibitum</strong></span> <span class='ocrx_word' id='word_1_360' title='bbox 1704 4791 1843 4846; x_wconf 72' lang='lat' dir='ltr'><strong>prm-</strong></span> 
     </span>
    </p>
   </div>
   <div class='ocr_carea' id='block_1_48' title="bbox 260 4858 1840 4935">
    <p class='ocr_par' dir='ltr' id='par_1_48' title="bbox 260 4858 1840 4935">
     <span class='ocr_line' id='line_1_48' title="bbox 260 4858 1840 4935; baseline 0.007 -24"><span class='ocrx_word' id='word_1_361' title='bbox 260 4858 441 4924; x_wconf 85' lang='lat' dir='ltr'><strong>cessit,</strong></span> <span class='ocrx_word' id='word_1_362' title='bbox 489 4858 632 4928; x_wconf 91' lang='lat' dir='ltr'><strong>quod</strong></span> <span class='ocrx_word' id='word_1_363' title='bbox 658 4858 877 4913; x_wconf 91' lang='lat' dir='ltr'><strong>multam</strong></span> <span class='ocrx_word' id='word_1_364' title='bbox 901 4858 1056 4913; x_wconf 83' lang='lat' dir='ltr'><strong>fidem</strong></span> <span class='ocrx_word' id='word_1_365' title='bbox 1100 4870 1223 4916; x_wconf 87' lang='lat' dir='ltr'><strong>ante</strong></span> <span class='ocrx_word' id='word_1_366' title='bbox 1260 4860 1486 4918; x_wconf 86' lang='lat' dir='ltr'><strong>faciebat</strong></span> <span class='ocrx_word' id='word_1_367' title='bbox 1529 4867 1606 4919; x_wconf 85' lang='lat' dir='ltr'><strong>rei</strong></span> <span class='ocrx_word' id='word_1_368' title='bbox 1658 4876 1840 4935; x_wconf 89' lang='lat' dir='ltr'><strong>postca</strong></span> 
     </span>
    </p>
   </div>
   <div class='ocr_carea' id='block_1_49' title="bbox 261 4947 1842 5025">
    <p class='ocr_par' dir='ltr' id='par_1_49' title="bbox 261 4947 1842 5025">
     <span class='ocr_line' id='line_1_49' title="bbox 261 4947 1842 5025; baseline 0.009 -24"><span class='ocrx_word' id='word_1_369' title='bbox 261 4954 533 5003; x_wconf 73' lang='lat' dir='ltr'><strong>eventum</strong></span> <span class='ocrx_word' id='word_1_370' title='bbox 556 4964 569 5001; x_wconf 91' lang='lat'>:</span> <span class='ocrx_word' id='word_1_371' title='bbox 591 4947 1035 5018; x_wconf 86' lang='lat' dir='ltr'><strong>quemadmodum</strong></span> <span class='ocrx_word' id='word_1_372' title='bbox 1050 4959 1103 5005; x_wconf 91' lang='lat' dir='ltr'><strong>et</strong></span> <span class='ocrx_word' id='word_1_373' title='bbox 1119 4950 1231 5020; x_wconf 89' lang='lat' dir='ltr'><strong>ipsa</strong></span> <span class='ocrx_word' id='word_1_374' title='bbox 1250 4953 1546 5023; x_wconf 88' lang='lat' dir='ltr'><strong>prophetia,</strong></span> <span class='ocrx_word' id='word_1_375' title='bbox 1564 4971 1681 5025; x_wconf 69' lang='lat' dir='ltr'><strong>qua:</strong></span> <span class='ocrx_word' id='word_1_376' title='bbox 1702 4974 1842 5015; x_wconf 91' lang='lat' dir='ltr'><strong>nunc</strong></span> 
     </span>
    </p>
   </div>
   <div class='ocr_carea' id='block_1_50' title="bbox 261 5037 1841 5115">
    <p class='ocr_par' dir='ltr' id='par_1_50' title="bbox 261 5037 1841 5115">
     <span class='ocr_line' id='line_1_50' title="bbox 261 5037 1841 5115; baseline 0.008 -24"><span class='ocrx_word' id='word_1_377' title='bbox 261 5050 427 5107; x_wconf 88' lang='lat' dir='ltr'><strong>opere</strong></span> <span class='ocrx_word' id='word_1_378' title='bbox 444 5037 759 5108; x_wconf 88' lang='lat' dir='ltr'><strong>completur,</strong></span> <span class='ocrx_word' id='word_1_379' title='bbox 792 5039 944 5109; x_wconf 87' lang='lat' dir='ltr'><strong>signo</strong></span> <span class='ocrx_word' id='word_1_380' title='bbox 975 5047 1101 5095; x_wconf 90' lang='lat' dir='ltr'><strong>tunc</strong></span> <span class='ocrx_word' id='word_1_381' title='bbox 1145 5040 1286 5097; x_wconf 88' lang='lat' dir='ltr'><strong>facto</strong></span> <span class='ocrx_word' id='word_1_382' title='bbox 1334 5057 1580 5114; x_wconf 87' lang='lat' dir='ltr'><strong>magnam</strong></span> <span class='ocrx_word' id='word_1_383' title='bbox 1638 5048 1841 5115; x_wconf 70' lang='lat' dir='ltr'><strong>praebet</strong></span> 
     </span>
    </p>
   </div>
   <div class='ocr_carea' id='block_1_51' title="bbox 260 5126 1840 5197">
    <p class='ocr_par' dir='ltr' id='par_1_51' title="bbox 260 5126 1840 5197">
     <span class='ocr_line' id='line_1_51' title="bbox 260 5126 1840 5197; baseline 0.008 -14"><span class='ocrx_word' id='word_1_384' title='bbox 260 5126 737 5185; x_wconf 76' lang='lat' dir='ltr'><strong>continuationem.</strong></span> <span class='ocrx_word' id='word_1_385' title='bbox 767 5130 901 5197; x_wconf 89' lang='lat' dir='ltr'><strong>Quid</strong></span> <span class='ocrx_word' id='word_1_386' title='bbox 932 5132 1125 5186; x_wconf 88' lang='lat' dir='ltr'><strong>dixerit</strong></span> <span class='ocrx_word' id='word_1_387' title='bbox 1152 5133 1502 5191; x_wconf 78' lang='lat' dir='ltr'><strong>incredulus?</strong></span> <span class='ocrx_word' id='word_1_388' title='bbox 1526 5153 1593 5192; x_wconf 90' lang='lat' dir='ltr'><strong>an</strong></span> <span class='ocrx_word' id='word_1_389' title='bbox 1616 5140 1840 5195; x_wconf 87' lang='lat' dir='ltr'><strong>munda-</strong></span> 
     </span>
    </p>
   </div>
   <div class='ocr_carea' id='block_1_52' title="bbox 260 5219 1839 5300">
    <p class='ocr_par' dir='ltr' id='par_1_52' title="bbox 260 5219 1839 5300">
     <span class='ocr_line' id='line_1_52' title="bbox 260 5219 1839 5300; baseline 0.008 -25"><span class='ocrx_word' id='word_1_390' title='bbox 260 5224 373 5275; x_wconf 82' lang='lat' dir='ltr'><strong>tum</strong></span> <span class='ocrx_word' id='word_1_391' title='bbox 420 5233 526 5276; x_wconf 90' lang='lat' dir='ltr'><strong>non</strong></span> <span class='ocrx_word' id='word_1_392' title='bbox 581 5219 744 5276; x_wconf 89' lang='lat' dir='ltr'><strong>fuisse</strong></span> <span class='ocrx_word' id='word_1_393' title='bbox 791 5221 1095 5291; x_wconf 78' lang='lat' dir='ltr'><strong>leprosum?</strong></span> <span class='ocrx_word' id='word_1_394' title='bbox 1128 5224 1396 5295; x_wconf 76' lang='lat' dir='ltr'><strong>Respiciet</strong></span> <span class='ocrx_word' id='word_1_395' title='bbox 1444 5229 1495 5283; x_wconf 86' lang='lat' dir='ltr'><strong>in</strong></span> <span class='ocrx_word' id='word_1_396' title='bbox 1546 5230 1839 5300; x_wconf 72' lang='lat' dir='ltr'><strong>pr0phetiai</strong></span> 
     </span>
    </p>
   </div>
   <div class='ocr_carea' id='block_1_53' title="bbox 268 5307 1835 5385">
    <p class='ocr_par' dir='ltr' id='par_1_53' title="bbox 268 5307 1835 5385">
     <span class='ocr_line' id='line_1_53' title="bbox 268 5307 1835 5385; baseline 0.01 -26"><span class='ocrx_word' id='word_1_397' title='bbox 268 5307 568 5375; x_wconf 84' lang='lat' dir='ltr'><strong>veritatem,</strong></span> <span class='ocrx_word' id='word_1_398' title='bbox 610 5318 667 5363; x_wconf 92' lang='lat' dir='ltr'><strong>ut</strong></span> <span class='ocrx_word' id='word_1_399' title='bbox 712 5309 795 5364; x_wconf 88' lang='lat' dir='ltr'><strong>illa</strong></span> <span class='ocrx_word' id='word_1_400' title='bbox 868 5322 1143 5382; x_wconf 89' lang='lat' dir='ltr'><strong>perspecta</strong></span> <span class='ocrx_word' id='word_1_401' title='bbox 1206 5316 1359 5385; x_wconf 85' lang='lat' dir='ltr'><strong>signo</strong></span> <span class='ocrx_word' id='word_1_402' title='bbox 1411 5317 1570 5373; x_wconf 81' lang='lat' dir='ltr'><strong>ﬁdem</strong></span> <span class='ocrx_word' id='word_1_403' title='bbox 1622 5319 1835 5377; x_wconf 87' lang='lat' dir='ltr'><strong>habeat.</strong></span> 
     </span>
    </p>
   </div>
   <div class='ocr_carea' id='block_1_54' title="bbox 263 5396 1834 5478">
    <p class='ocr_par' dir='ltr' id='par_1_54' title="bbox 263 5396 1834 5478">
     <span class='ocr_line' id='line_1_54' title="bbox 263 5396 1834 5478; baseline 0.01 -28"><span class='ocrx_word' id='word_1_404' title='bbox 263 5396 398 5463; x_wconf 87' lang='lat' dir='ltr'><strong>Quid</strong></span> <span class='ocrx_word' id='word_1_405' title='bbox 429 5412 589 5467; x_wconf 89' lang='lat' dir='ltr'><strong>porro</strong></span> <span class='ocrx_word' id='word_1_406' title='bbox 616 5397 848 5454; x_wconf 80' lang='lat' dir='ltr'><strong>dixerint</strong></span> <span class='ocrx_word' id='word_1_407' title='bbox 874 5400 950 5455; x_wconf 90' lang='lat' dir='ltr'><strong>illi</strong></span> <span class='ocrx_word' id='word_1_408' title='bbox 978 5409 1104 5457; x_wconf 91' lang='lat' dir='ltr'><strong>tunc</strong></span> <span class='ocrx_word' id='word_1_409' title='bbox 1130 5403 1339 5459; x_wconf 62' lang='lat' dir='ltr'><strong>Judaei?</strong></span> <span class='ocrx_word' id='word_1_410' title='bbox 1363 5422 1430 5461; x_wconf 91' lang='lat' dir='ltr'><strong>an</strong></span> <span class='ocrx_word' id='word_1_411' title='bbox 1458 5423 1522 5463; x_wconf 90' lang='lat' dir='ltr'><strong>ea</strong></span> <span class='ocrx_word' id='word_1_412' title='bbox 1574 5424 1693 5478; x_wconf 64' lang='lat' dir='ltr'><strong>quae</strong></span> <span class='ocrx_word' id='word_1_413' title='bbox 1744 5410 1834 5466; x_wconf 90' lang='lat' dir='ltr'><strong>ille</strong></span> 
     </span>
    </p>
   </div>
   <div class='ocr_carea' id='block_1_55' title="bbox 267 5487 1831 5569">
    <p class='ocr_par' dir='ltr' id='par_1_55' title="bbox 267 5487 1831 5569">
     <span class='ocr_line' id='line_1_55' title="bbox 267 5487 1831 5569; baseline 0.01 -28"><span class='ocrx_word' id='word_1_414' title='bbox 267 5487 586 5557; x_wconf 70' lang='lat' dir='ltr'><strong>pmdicebat</strong></span> <span class='ocrx_word' id='word_1_415' title='bbox 637 5502 743 5543; x_wconf 90' lang='lat' dir='ltr'><strong>non</strong></span> <span class='ocrx_word' id='word_1_416' title='bbox 789 5504 909 5545; x_wconf 84' lang='lat' dir='ltr'><strong>esse</strong></span> <span class='ocrx_word' id='word_1_417' title='bbox 969 5495 1135 5548; x_wconf 84' lang='lat' dir='ltr'><strong>vera?</strong></span> <span class='ocrx_word' id='word_1_418' title='bbox 1180 5495 1490 5565; x_wconf 86' lang='lat' dir='ltr'><strong>Respiciant</strong></span> <span class='ocrx_word' id='word_1_419' title='bbox 1559 5499 1831 5569; x_wconf 89' lang='lat' dir='ltr'><strong>leprosum</strong></span> 
     </span>
    </p>
   </div>
   <div class='ocr_carea' id='block_1_56' title="bbox 265 5575 1828 5647">
    <p class='ocr_par' dir='ltr' id='par_1_56' title="bbox 265 5575 1828 5647">
     <span class='ocr_line' id='line_1_56' title="bbox 265 5575 1828 5647; baseline 0.011 -17"><span class='ocrx_word' id='word_1_420' title='bbox 265 5575 593 5643; x_wconf 78' lang='lat' dir='ltr'><strong>mandatum,</strong></span> <span class='ocrx_word' id='word_1_421' title='bbox 620 5586 674 5633; x_wconf 92' lang='lat' dir='ltr'><strong>et</strong></span> <span class='ocrx_word' id='word_1_422' title='bbox 696 5593 760 5633; x_wconf 90' lang='lat' dir='ltr'><strong>ex</strong></span> <span class='ocrx_word' id='word_1_423' title='bbox 791 5578 1048 5636; x_wconf 84' lang='lat' dir='ltr'><strong>beneficio</strong></span> <span class='ocrx_word' id='word_1_424' title='bbox 1072 5583 1145 5638; x_wconf 90' lang='lat' dir='ltr'><strong>illi</strong></span> <span class='ocrx_word' id='word_1_425' title='bbox 1172 5586 1365 5641; x_wconf 87' lang='lat' dir='ltr'><strong>collato</strong></span> <span class='ocrx_word' id='word_1_426' title='bbox 1386 5586 1575 5644; x_wconf 89' lang='lat' dir='ltr'><strong>futuris</strong></span> <span class='ocrx_word' id='word_1_427' title='bbox 1594 5604 1701 5645; x_wconf 92' lang='lat' dir='ltr'><strong>non</strong></span> <span class='ocrx_word' id='word_1_428' title='bbox 1731 5605 1828 5647; x_wconf 89' lang='lat' dir='ltr'><strong>ne-</strong></span> 
     </span>
    </p>
   </div>
   <div class='ocr_carea' id='block_1_57' title="bbox 260 5665 1835 5750">
    <p class='ocr_par' dir='ltr' id='par_1_57' title="bbox 260 5665 1835 5750">
     <span class='ocr_line' id='line_1_57' title="bbox 260 5665 1835 5750; baseline 0.012 -32"><span class='ocrx_word' id='word_1_429' title='bbox 260 5675 385 5735; x_wconf 75' lang='lat' dir='ltr'><strong>gent</strong></span> <span class='ocrx_word' id='word_1_430' title='bbox 433 5665 615 5733; x_wconf 84' lang='lat' dir='ltr'><strong>fidem,</strong></span> <span class='ocrx_word' id='word_1_431' title='bbox 659 5682 780 5723; x_wconf 90' lang='lat' dir='ltr'><strong>cum</strong></span> <span class='ocrx_word' id='word_1_432' title='bbox 836 5670 1121 5727; x_wconf 90' lang='lat' dir='ltr'><strong>maximum</strong></span> <span class='ocrx_word' id='word_1_433' title='bbox 1174 5674 1249 5730; x_wconf 91' lang='lat' dir='ltr'><strong>illi</strong></span> <span class='ocrx_word' id='word_1_434' title='bbox 1296 5677 1591 5746; x_wconf 70' lang='lat' dir='ltr'><strong>prophetia:</strong></span> <span class='ocrx_word' id='word_1_435' title='bbox 1647 5681 1835 5750; x_wconf 82' lang='lat' dir='ltr'><strong>pignus</strong></span> 
     </span>
    </p>
   </div>
   <div class='ocr_carea' id='block_1_58' title="bbox 264 5754 1833 5839">
    <p class='ocr_par' dir='ltr' id='par_1_58' title="bbox 264 5754 1833 5839">
     <span class='ocr_line' id='line_1_58' title="bbox 264 5754 1833 5839; baseline 0.008 -25"><span class='ocrx_word' id='word_1_436' title='bbox 264 5754 562 5827; x_wconf 73' lang='lat' dir='ltr'><strong>acceperint</strong></span> <span class='ocrx_word' id='word_1_437' title='bbox 588 5796 605 5826; x_wconf 95' lang='lat'><strong>,</strong></span> <span class='ocrx_word' id='word_1_438' title='bbox 655 5771 846 5828; x_wconf 86' lang='lat' dir='ltr'><strong>nempe</strong></span> <span class='ocrx_word' id='word_1_439' title='bbox 894 5759 1122 5831; x_wconf 83' lang='lat' dir='ltr'><strong>signum,</strong></span> <span class='ocrx_word' id='word_1_440' title='bbox 1169 5772 1225 5820; x_wconf 89' lang='lat' dir='ltr'><strong>ut</strong></span> <span class='ocrx_word' id='word_1_441' title='bbox 1268 5764 1513 5823; x_wconf 80' lang='lat' dir='ltr'><strong>hodierni</strong></span> <span class='ocrx_word' id='word_1_442' title='bbox 1557 5767 1694 5838; x_wconf 82' lang='lat' dir='ltr'><strong>signi</strong></span> <span class='ocrx_word' id='word_1_443' title='bbox 1752 5770 1833 5839; x_wconf 69' lang='lat' dir='ltr'><strong>pi—</strong></span> 
     </span>
    </p>
   </div>
   <div class='ocr_carea' id='block_1_59' title="bbox 1509 391 3509 466">
    <p class='ocr_par' dir='ltr' id='par_1_59' title="bbox 1509 391 3509 466">
     <span class='ocr_line' id='line_1_59' title="bbox 1509 391 3509 466; baseline -0.011 0"><span class='ocrx_word' id='word_1_444' title='bbox 1509 406 1580 466; x_wconf 79' lang='lat' dir='ltr'><strong>IN</strong></span> <span class='ocrx_word' id='word_1_445' title='bbox 1619 394 1870 464; x_wconf 64' lang='lat' dir='ltr'><strong>ISAIADI,</strong></span> <span class='ocrx_word' id='word_1_446' title='bbox 1907 391 2059 452; x_wconf 76' lang='lat' dir='ltr'><strong>CAP.</strong></span> <span class='ocrx_word' id='word_1_447' title='bbox 2102 391 2217 449; x_wconf 69' lang='grc' dir='ltr'><strong>νυ.</strong></span> <span class='ocrx_word' id='word_1_448' title='bbox 3436 399 3509 455; x_wconf 85' lang='grc'><strong>78</strong></span> 
     </span>
    </p>
   </div>
   <div class='ocr_carea' id='block_1_60' title="bbox 1927 501 3504 579">
    <p class='ocr_par' dir='ltr' id='par_1_60' title="bbox 1927 501 3504 579">
     <span class='ocr_line' id='line_1_60' title="bbox 1927 501 3504 579; baseline -0.001 -19"><span class='ocrx_word' id='word_1_449' title='bbox 1927 522 2064 579; x_wconf 83' lang='lat' dir='ltr'><strong>gnus</strong></span> <span class='ocrx_word' id='word_1_450' title='bbox 2114 505 2446 577; x_wconf 89' lang='lat' dir='ltr'><strong>prophetiam</strong></span> <span class='ocrx_word' id='word_1_451' title='bbox 2477 504 2691 560; x_wconf 88' lang='lat' dir='ltr'><strong>habent.</strong></span> <span class='ocrx_word' id='word_1_452' title='bbox 2734 502 2921 560; x_wconf 83' lang='lat' dir='ltr'><strong>Viden&#39;</strong></span> <span class='ocrx_word' id='word_1_453' title='bbox 2966 501 3233 575; x_wconf 87' lang='lat' dir='ltr'><strong>quomodo</strong></span> <span class='ocrx_word' id='word_1_454' title='bbox 3277 502 3504 559; x_wconf 82' lang='lat' dir='ltr'><strong>alterum</strong></span> 
     </span>
    </p>
   </div>
   <div class='ocr_carea' id='block_1_61' title="bbox 1926 590 3507 651">
    <p class='ocr_par' dir='ltr' id='par_1_61' title="bbox 1926 590 3507 651">
     <span class='ocr_line' id='line_1_61' title="bbox 1926 590 3507 651; baseline -0.002 -1"><span class='ocrx_word' id='word_1_455' title='bbox 1926 595 2096 651; x_wconf 87' lang='lat' dir='ltr'><strong>altero</strong></span> <span class='ocrx_word' id='word_1_456' title='bbox 2145 594 2534 650; x_wconf 82' lang='lat' dir='ltr'><strong>confirmetur?</strong></span> <span class='ocrx_word' id='word_1_457' title='bbox 2587 592 2721 648; x_wconf 89' lang='lat' dir='ltr'><strong>lihtd</strong></span> <span class='ocrx_word' id='word_1_458' title='bbox 2768 592 2931 649; x_wconf 84' lang='lat' dir='ltr'><strong>etiam</strong></span> <span class='ocrx_word' id='word_1_459' title='bbox 2979 592 3033 648; x_wconf 92' lang='lat' dir='ltr'><strong>in</strong></span> <span class='ocrx_word' id='word_1_460' title='bbox 3076 592 3250 649; x_wconf 73' lang='lat' dir='ltr'><strong>Veteri</strong></span> <span class='ocrx_word' id='word_1_461' title='bbox 3318 590 3507 648; x_wconf 74' lang='lat' dir='ltr'><strong>Testa-</strong></span> 
     </span>
    </p>
   </div>
   <div class='ocr_carea' id='block_1_62' title="bbox 1927 682 3507 756">
    <p class='ocr_par' dir='ltr' id='par_1_62' title="bbox 1927 682 3507 756">
     <span class='ocr_line' id='line_1_62' title="bbox 1927 682 3507 756; baseline -0.003 -15"><span class='ocrx_word' id='word_1_462' title='bbox 1927 694 2110 741; x_wconf 86' lang='lat' dir='ltr'><strong>mento</strong></span> <span class='ocrx_word' id='word_1_463' title='bbox 2136 684 2316 740; x_wconf 91' lang='lat' dir='ltr'><strong>videre</strong></span> <span class='ocrx_word' id='word_1_464' title='bbox 2351 694 2436 741; x_wconf 89' lang='lat' dir='ltr'><strong>est</strong></span> <span class='ocrx_word' id='word_1_465' title='bbox 2456 685 2475 755; x_wconf 94' lang='lat'><strong>(</strong></span> <span class='ocrx_word' id='word_1_466' title='bbox 2495 686 2549 740; x_wconf 80' lang='lat'><strong>5.</strong></span> <span class='ocrx_word' id='word_1_467' title='bbox 2578 684 2833 756; x_wconf 48' lang='grc' dir='ltr'><strong>ηερε).</strong></span> <span class='ocrx_word' id='word_1_468' title='bbox 2862 683 2998 751; x_wconf 86' lang='lat' dir='ltr'><strong>Quia</strong></span> <span class='ocrx_word' id='word_1_469' title='bbox 3048 683 3190 738; x_wconf 89' lang='lat' dir='ltr'><strong>cnim</strong></span> <span class='ocrx_word' id='word_1_470' title='bbox 3219 682 3507 739; x_wconf 81' lang='lat' dir='ltr'><strong>Jeroboam</strong></span> 
     </span>
    </p>
   </div>
   <div class='ocr_carea' id='block_1_63' title="bbox 1929 776 3509 851">
    <p class='ocr_par' dir='ltr' id='par_1_63' title="bbox 1929 776 3509 851">
     <span class='ocr_line' id='line_1_63' title="bbox 1929 776 3509 851; baseline -0.001 -16"><span class='ocrx_word' id='word_1_471' title='bbox 1929 780 2239 851; x_wconf 88' lang='lat' dir='ltr'><strong>gravissima</strong></span> <span class='ocrx_word' id='word_1_472' title='bbox 2276 778 2363 833; x_wconf 88' lang='lat' dir='ltr'><strong>illa</strong></span> <span class='ocrx_word' id='word_1_473' title='bbox 2409 776 2613 834; x_wconf 89' lang='lat' dir='ltr'><strong>insania</strong></span> <span class='ocrx_word' id='word_1_474' title='bbox 2666 777 2945 845; x_wconf 81' lang='lat' dir='ltr'><strong>laboravit,</strong></span> <span class='ocrx_word' id='word_1_475' title='bbox 2988 786 3043 832; x_wconf 91' lang='lat' dir='ltr'><strong>et</strong></span> <span class='ocrx_word' id='word_1_476' title='bbox 3081 776 3274 832; x_wconf 90' lang='lat' dir='ltr'><strong>vitulas</strong></span> <span class='ocrx_word' id='word_1_477' title='bbox 3319 789 3509 833; x_wconf 73' lang='lat' dir='ltr'><strong>aureas</strong></span> 
     </span>
    </p>
   </div>
   <div class='ocr_carea' id='block_1_64' title="bbox 1930 866 3510 941">
    <p class='ocr_par' dir='ltr' id='par_1_64' title="bbox 1930 866 3510 941">
     <span class='ocr_line' id='line_1_64' title="bbox 1930 866 3510 941; baseline -0.004 -15"><span class='ocrx_word' id='word_1_478' title='bbox 1930 873 2123 939; x_wconf 87' lang='lat' dir='ltr'><strong>erexit,</strong></span> <span class='ocrx_word' id='word_1_479' title='bbox 2166 870 2386 925; x_wconf 86' lang='lat' dir='ltr'><strong>veniens</strong></span> <span class='ocrx_word' id='word_1_480' title='bbox 2421 869 2680 941; x_wconf 89' lang='lat' dir='ltr'><strong>propheta</strong></span> <span class='ocrx_word' id='word_1_481' title='bbox 2717 867 2892 924; x_wconf 85' lang='lat' dir='ltr'><strong>futura</strong></span> <span class='ocrx_word' id='word_1_482' title='bbox 2920 868 3312 939; x_wconf 79' lang='lat' dir='ltr'><strong>pramuntiavit,</strong></span> <span class='ocrx_word' id='word_1_483' title='bbox 3343 874 3399 923; x_wconf 90' lang='lat' dir='ltr'><strong>et</strong></span> <span class='ocrx_word' id='word_1_484' title='bbox 3434 866 3510 921; x_wconf 89' lang='lat' dir='ltr'><strong>si-</strong></span> 
     </span>
    </p>
   </div>
   <div class='ocr_carea' id='block_1_65' title="bbox 1930 956 3505 1031">
    <p class='ocr_par' dir='ltr' id='par_1_65' title="bbox 1930 956 3505 1031">
     <span class='ocr_line' id='line_1_65' title="bbox 1930 956 3505 1031; baseline -0.004 -16"><span class='ocrx_word' id='word_1_485' title='bbox 1930 976 2092 1031; x_wconf 89' lang='lat' dir='ltr'><strong>gnum</strong></span> <span class='ocrx_word' id='word_1_486' title='bbox 2117 962 2297 1016; x_wconf 84' lang='lat' dir='ltr'><strong>statim</strong></span> <span class='ocrx_word' id='word_1_487' title='bbox 2325 959 2493 1015; x_wconf 91' lang='lat' dir='ltr'><strong>dedit.</strong></span> <span class='ocrx_word' id='word_1_488' title='bbox 2527 959 2607 1015; x_wconf 86' lang='lat' dir='ltr'><strong>Ne</strong></span> <span class='ocrx_word' id='word_1_489' title='bbox 2642 959 2763 1030; x_wconf 87' lang='lat' dir='ltr'><strong>quis</strong></span> <span class='ocrx_word' id='word_1_490' title='bbox 2793 959 2938 1015; x_wconf 89' lang='lat' dir='ltr'><strong>enim</strong></span> <span class='ocrx_word' id='word_1_491' title='bbox 2965 957 3123 1015; x_wconf 85' lang='lat' dir='ltr'><strong>tidem</strong></span> <span class='ocrx_word' id='word_1_492' title='bbox 3151 972 3257 1013; x_wconf 90' lang='lat' dir='ltr'><strong>non</strong></span> <span class='ocrx_word' id='word_1_493' title='bbox 3280 956 3505 1015; x_wconf 85' lang='lat' dir='ltr'><strong>haberet</strong></span> 
     </span>
    </p>
   </div>
   <div class='ocr_carea' id='block_1_66' title="bbox 1934 1053 3512 1125">
    <p class='ocr_par' dir='ltr' id='par_1_66' title="bbox 1934 1053 3512 1125">
     <span class='ocr_line' id='line_1_66' title="bbox 1934 1053 3512 1125; baseline -0.005 -16"><span class='ocrx_word' id='word_1_494' title='bbox 1934 1053 2020 1120; x_wconf 89' lang='lat' dir='ltr'><strong>iis,</strong></span> <span class='ocrx_word' id='word_1_495' title='bbox 2043 1068 2164 1125; x_wconf 67' lang='lat' dir='ltr'><strong>quae</strong></span> <span class='ocrx_word' id='word_1_496' title='bbox 2205 1061 2327 1123; x_wconf 86' lang='lat' dir='ltr'><strong>post</strong></span> <span class='ocrx_word' id='word_1_497' title='bbox 2355 1060 2624 1109; x_wconf 89' lang='lat' dir='ltr'><strong>trecentos</strong></span> <span class='ocrx_word' id='word_1_498' title='bbox 2661 1064 2829 1107; x_wconf 89' lang='lat' dir='ltr'><strong>annos</strong></span> <span class='ocrx_word' id='word_1_499' title='bbox 2854 1061 3110 1108; x_wconf 84' lang='lat' dir='ltr'><strong>eventura</strong></span> <span class='ocrx_word' id='word_1_500' title='bbox 3138 1057 3293 1106; x_wconf 87' lang='lat' dir='ltr'><strong>erant</strong></span> <span class='ocrx_word' id='word_1_501' title='bbox 3312 1086 3330 1112; x_wconf 93' lang='lat'><strong>,</strong></span> <span class='ocrx_word' id='word_1_502' title='bbox 3362 1062 3512 1103; x_wconf 88' lang='lat' dir='ltr'><strong>aram</strong></span> 
     </span>
    </p>
   </div>
   <div class='ocr_carea' id='block_1_67' title="bbox 1934 1139 3513 1217">
    <p class='ocr_par' dir='ltr' id='par_1_67' title="bbox 1934 1139 3513 1217">
     <span class='ocr_line' id='line_1_67' title="bbox 1934 1139 3513 1217; baseline -0.005 -15"><span class='ocrx_word' id='word_1_503' title='bbox 1934 1146 2108 1217; x_wconf 79' lang='lat' dir='ltr'><strong>fregit,</strong></span> <span class='ocrx_word' id='word_1_504' title='bbox 2153 1154 2208 1201; x_wconf 90' lang='lat' dir='ltr'><strong>et</strong></span> <span class='ocrx_word' id='word_1_505' title='bbox 2248 1144 2459 1215; x_wconf 87' lang='lat' dir='ltr'><strong>adipem</strong></span> <span class='ocrx_word' id='word_1_506' title='bbox 2481 1142 2686 1208; x_wconf 77' lang='lat' dir='ltr'><strong>en‘udit,</strong></span> <span class='ocrx_word' id='word_1_507' title='bbox 2718 1142 2965 1214; x_wconf 85' lang='lat' dir='ltr'><strong>regisque</strong></span> <span class='ocrx_word' id='word_1_508' title='bbox 3009 1156 3225 1198; x_wconf 87' lang='lat' dir='ltr'><strong>manum</strong></span> <span class='ocrx_word' id='word_1_509' title='bbox 3267 1139 3513 1206; x_wconf 90' lang='lat' dir='ltr'><strong>arefecit,</strong></span> 
     </span>
    </p>
   </div>
   <div class='ocr_carea' id='block_1_68' title="bbox 1936 1234 3517 1308">
    <p class='ocr_par' dir='ltr' id='par_1_68' title="bbox 1936 1234 3517 1308">
     <span class='ocr_line' id='line_1_68' title="bbox 1936 1234 3517 1308; baseline -0.004 -15"><span class='ocrx_word' id='word_1_510' title='bbox 1936 1252 2001 1293; x_wconf 91' lang='lat' dir='ltr'><strong>ex</strong></span> <span class='ocrx_word' id='word_1_511' title='bbox 2030 1238 2113 1301; x_wconf 89' lang='lat' dir='ltr'><strong>iis.</strong></span> <span class='ocrx_word' id='word_1_512' title='bbox 2142 1252 2260 1308; x_wconf 65' lang='lat' dir='ltr'><strong>qua</strong></span> <span class='ocrx_word' id='word_1_513' title='bbox 2287 1244 2413 1292; x_wconf 87' lang='lat' dir='ltr'><strong>ante</strong></span> <span class='ocrx_word' id='word_1_514' title='bbox 2452 1234 2637 1292; x_wconf 88' lang='lat' dir='ltr'><strong>oculos</strong></span> <span class='ocrx_word' id='word_1_515' title='bbox 2661 1234 2997 1301; x_wconf 87' lang='lat' dir='ltr'><strong>eveniebant,</strong></span> <span class='ocrx_word' id='word_1_516' title='bbox 3023 1249 3208 1289; x_wconf 91' lang='lat' dir='ltr'><strong>eorum</strong></span> <span class='ocrx_word' id='word_1_517' title='bbox 3246 1248 3368 1303; x_wconf 66' lang='lat' dir='ltr'><strong>quae</strong></span> <span class='ocrx_word' id='word_1_518' title='bbox 3396 1241 3517 1302; x_wconf 83' lang='lat' dir='ltr'><strong>post</strong></span> 
     </span>
    </p>
   </div>
   <div class='ocr_carea' id='block_1_69' title="bbox 1937 1322 3522 1396">
    <p class='ocr_par' dir='ltr' id='par_1_69' title="bbox 1937 1322 3522 1396">
     <span class='ocr_line' id='line_1_69' title="bbox 1937 1322 3522 1396; baseline -0.005 -11"><span class='ocrx_word' id='word_1_519' title='bbox 1937 1332 2163 1385; x_wconf 89' lang='lat' dir='ltr'><strong>multum</strong></span> <span class='ocrx_word' id='word_1_520' title='bbox 2187 1327 2445 1396; x_wconf 87' lang='lat' dir='ltr'><strong>temporis</strong></span> <span class='ocrx_word' id='word_1_521' title='bbox 2468 1336 2723 1384; x_wconf 84' lang='lat' dir='ltr'><strong>eventura</strong></span> <span class='ocrx_word' id='word_1_522' title='bbox 2739 1333 2891 1382; x_wconf 85' lang='lat' dir='ltr'><strong>erant</strong></span> <span class='ocrx_word' id='word_1_523' title='bbox 2905 1325 3244 1393; x_wconf 86' lang='lat' dir='ltr'><strong>conspicuam</strong></span> <span class='ocrx_word' id='word_1_524' title='bbox 3270 1322 3522 1395; x_wconf 61' lang='lat' dir='ltr'><strong>praebens</strong></span> 
     </span>
    </p>
   </div>
   <div class='ocr_carea' id='block_1_70' title="bbox 1937 1413 3521 1489">
    <p class='ocr_par' dir='ltr' id='par_1_70' title="bbox 1937 1413 3521 1489">
     <span class='ocr_line' id='line_1_70' title="bbox 1937 1413 3521 1489; baseline -0.005 -13"><span class='ocrx_word' id='word_1_525' title='bbox 1937 1419 2468 1476; x_wconf 86' lang='lat' dir='ltr'><strong>demonstrationem.</strong></span> <span class='ocrx_word' id='word_1_526' title='bbox 2498 1416 2766 1489; x_wconf 76' lang='lat' dir='ltr'><strong>Multaque</strong></span> <span class='ocrx_word' id='word_1_527' title='bbox 2790 1414 3092 1487; x_wconf 90' lang='lat' dir='ltr'><strong>hujusmodi</strong></span> <span class='ocrx_word' id='word_1_528' title='bbox 3140 1414 3323 1470; x_wconf 87' lang='lat' dir='ltr'><strong>videre</strong></span> <span class='ocrx_word' id='word_1_529' title='bbox 3360 1420 3443 1468; x_wconf 90' lang='lat' dir='ltr'><strong>est</strong></span> <span class='ocrx_word' id='word_1_530' title='bbox 3466 1413 3521 1468; x_wconf 86' lang='lat' dir='ltr'><strong>in</strong></span> 
     </span>
    </p>
   </div>
   <div class='ocr_carea' id='block_1_71' title="bbox 1938 1502 3522 1574">
    <p class='ocr_par' dir='ltr' id='par_1_71' title="bbox 1938 1502 3522 1574">
     <span class='ocr_line' id='line_1_71' title="bbox 1938 1502 3522 1574; baseline -0.005 -9"><span class='ocrx_word' id='word_1_531' title='bbox 1938 1509 2087 1566; x_wconf 82' lang='lat' dir='ltr'><strong>Novo</strong></span> <span class='ocrx_word' id='word_1_532' title='bbox 2111 1518 2167 1567; x_wconf 90' lang='lat' dir='ltr'><strong>et</strong></span> <span class='ocrx_word' id='word_1_533' title='bbox 2187 1509 2365 1565; x_wconf 82' lang='lat' dir='ltr'><strong>Veteri</strong></span> <span class='ocrx_word' id='word_1_534' title='bbox 2391 1508 2754 1574; x_wconf 87' lang='lat' dir='ltr'><strong>Testamento,</strong></span> <span class='ocrx_word' id='word_1_535' title='bbox 2786 1506 2899 1563; x_wconf 92' lang='lat' dir='ltr'><strong>Deo</strong></span> <span class='ocrx_word' id='word_1_536' title='bbox 2924 1504 3152 1561; x_wconf 87' lang='lat' dir='ltr'><strong>diversis</strong></span> <span class='ocrx_word' id='word_1_537' title='bbox 3176 1504 3347 1559; x_wconf 89' lang='lat' dir='ltr'><strong>modis</strong></span> <span class='ocrx_word' id='word_1_538' title='bbox 3362 1502 3522 1558; x_wconf 87' lang='lat' dir='ltr'><strong>saluti</strong></span> 
     </span>
    </p>
   </div>
   <div class='ocr_carea' id='block_1_72' title="bbox 1940 1596 3517 1673">
    <p class='ocr_par' dir='ltr' id='par_1_72' title="bbox 1940 1596 3517 1673">
     <span class='ocr_line' id='line_1_72' title="bbox 1940 1596 3517 1673; baseline -0.006 -15"><span class='ocrx_word' id='word_1_539' title='bbox 1940 1612 2140 1658; x_wconf 74' lang='lat' dir='ltr'><strong>nostra:</strong></span> <span class='ocrx_word' id='word_1_540' title='bbox 2167 1601 2540 1673; x_wconf 89' lang='lat' dir='ltr'><strong>prospiciente.</strong></span> <span class='ocrx_word' id='word_1_541' title='bbox 2567 1598 2624 1655; x_wconf 89' lang='lat' dir='ltr'><strong>ld</strong></span> <span class='ocrx_word' id='word_1_542' title='bbox 2644 1597 2786 1670; x_wconf 90' lang='lat' dir='ltr'><strong>quod</strong></span> <span class='ocrx_word' id='word_1_543' title='bbox 2812 1598 2973 1654; x_wconf 87' lang='lat' dir='ltr'><strong>etiam</strong></span> <span class='ocrx_word' id='word_1_544' title='bbox 2996 1597 3084 1653; x_wconf 91' lang='lat' dir='ltr'><strong>hic</strong></span> <span class='ocrx_word' id='word_1_545' title='bbox 3103 1596 3316 1661; x_wconf 89' lang='lat' dir='ltr'><strong>accidit,</strong></span> <span class='ocrx_word' id='word_1_546' title='bbox 3339 1605 3393 1652; x_wconf 92' lang='lat' dir='ltr'><strong>et</strong></span> <span class='ocrx_word' id='word_1_547' title='bbox 3412 1596 3517 1650; x_wconf 81' lang='lat' dir='ltr'><strong>uti-</strong></span> 
     </span>
    </p>
   </div>
   <div class='ocr_carea' id='block_1_73' title="bbox 1941 1685 3515 1763">
    <p class='ocr_par' dir='ltr' id='par_1_73' title="bbox 1941 1685 3515 1763">
     <span class='ocr_line' id='line_1_73' title="bbox 1941 1685 3515 1763; baseline -0.004 -16"><span class='ocrx_word' id='word_1_548' title='bbox 1941 1708 2048 1763; x_wconf 90' lang='lat' dir='ltr'><strong>que</strong></span> <span class='ocrx_word' id='word_1_549' title='bbox 2075 1708 2197 1748; x_wconf 91' lang='lat' dir='ltr'><strong>cum</strong></span> <span class='ocrx_word' id='word_1_550' title='bbox 2226 1692 2417 1762; x_wconf 85' lang='lat' dir='ltr'><strong>majori</strong></span> <span class='ocrx_word' id='word_1_551' title='bbox 2445 1690 2599 1760; x_wconf 90' lang='lat' dir='ltr'><strong>copia</strong></span> <span class='ocrx_word' id='word_1_552' title='bbox 2624 1706 2638 1744; x_wconf 90' lang='lat'><strong>:</strong></span> <span class='ocrx_word' id='word_1_553' title='bbox 2675 1704 2781 1744; x_wconf 92' lang='lat' dir='ltr'><strong>non</strong></span> <span class='ocrx_word' id='word_1_554' title='bbox 2810 1688 3018 1759; x_wconf 89' lang='lat' dir='ltr'><strong>signum</strong></span> <span class='ocrx_word' id='word_1_555' title='bbox 3047 1688 3191 1743; x_wconf 92' lang='lat' dir='ltr'><strong>enim</strong></span> <span class='ocrx_word' id='word_1_556' title='bbox 3212 1686 3394 1753; x_wconf 90' lang='lat' dir='ltr'><strong>modo,</strong></span> <span class='ocrx_word' id='word_1_557' title='bbox 3421 1685 3515 1741; x_wconf 85' lang='lat' dir='ltr'><strong>sed</strong></span> 
     </span>
    </p>
   </div>
   <div class='ocr_carea' id='block_1_74' title="bbox 1943 1776 3525 1853">
    <p class='ocr_par' dir='ltr' id='par_1_74' title="bbox 1943 1776 3525 1853">
     <span class='ocr_line' id='line_1_74' title="bbox 1943 1776 3525 1853; baseline -0.005 -15"><span class='ocrx_word' id='word_1_558' title='bbox 1943 1782 2279 1853; x_wconf 88' lang='lat' dir='ltr'><strong>prophetiam</strong></span> <span class='ocrx_word' id='word_1_559' title='bbox 2318 1796 2441 1837; x_wconf 90' lang='lat' dir='ltr'><strong>cum</strong></span> <span class='ocrx_word' id='word_1_560' title='bbox 2469 1783 2624 1850; x_wconf 81' lang='lat' dir='ltr'><strong>signo</strong></span> <span class='ocrx_word' id='word_1_561' title='bbox 2652 1778 2961 1835; x_wconf 86' lang='lat' dir='ltr'><strong>conuexuit.</strong></span> <span class='ocrx_word' id='word_1_562' title='bbox 2992 1776 3192 1832; x_wconf 79' lang='lat' dir='ltr'><strong>Verum</strong></span> <span class='ocrx_word' id='word_1_563' title='bbox 3232 1785 3290 1832; x_wconf 87' lang='lat' dir='ltr'><strong>ut</strong></span> <span class='ocrx_word' id='word_1_564' title='bbox 3317 1791 3378 1832; x_wconf 81' lang='lat' dir='ltr'><strong>ea</strong></span> <span class='ocrx_word' id='word_1_565' title='bbox 3406 1792 3525 1846; x_wconf 73' lang='lat' dir='ltr'><strong>qua:</strong></span> 
     </span>
    </p>
   </div>
   <div class='ocr_carea' id='block_1_75' title="bbox 1941 1867 3529 1941">
    <p class='ocr_par' dir='ltr' id='par_1_75' title="bbox 1941 1867 3529 1941">
     <span class='ocr_line' id='line_1_75' title="bbox 1941 1867 3529 1941; baseline -0.004 -14"><span class='ocrx_word' id='word_1_566' title='bbox 1941 1870 2174 1927; x_wconf 87' lang='lat' dir='ltr'><strong>diximus</strong></span> <span class='ocrx_word' id='word_1_567' title='bbox 2200 1870 2426 1927; x_wconf 83' lang='lat' dir='ltr'><strong>clariora</strong></span> <span class='ocrx_word' id='word_1_568' title='bbox 2451 1870 2711 1937; x_wconf 87' lang='lat' dir='ltr'><strong>evadant,</strong></span> <span class='ocrx_word' id='word_1_569' title='bbox 2742 1869 2912 1941; x_wconf 88' lang='lat' dir='ltr'><strong>ipsam</strong></span> <span class='ocrx_word' id='word_1_570' title='bbox 2952 1867 3227 1923; x_wconf 88' lang='lat' dir='ltr'><strong>historiam</strong></span> <span class='ocrx_word' id='word_1_571' title='bbox 3280 1876 3529 1922; x_wconf 87' lang='lat' dir='ltr'><strong>accurate</strong></span> 
     </span>
    </p>
   </div>
   <div class='ocr_carea' id='block_1_76' title="bbox 1945 1957 3529 2033">
    <p class='ocr_par' dir='ltr' id='par_1_76' title="bbox 1945 1957 3529 2033">
     <span class='ocr_line' id='line_1_76' title="bbox 1945 1957 3529 2033; baseline -0.004 -15"><span class='ocrx_word' id='word_1_572' title='bbox 1945 1976 2350 2033; x_wconf 87' lang='lat' dir='ltr'><strong>prosequamur.</strong></span> <span class='ocrx_word' id='word_1_573' title='bbox 2393 1962 2445 2017; x_wconf 79' lang='grc'><strong>1.</strong></span> <span class='ocrx_word' id='word_1_574' title='bbox 2479 1960 2547 2015; x_wconf 83' lang='lat' dir='ltr'><strong>Et</strong></span> <span class='ocrx_word' id='word_1_575' title='bbox 2571 1960 2763 2031; x_wconf 78' lang='lat' dir='ltr'><strong>factum</strong></span> <span class='ocrx_word' id='word_1_576' title='bbox 2804 1969 2873 2015; x_wconf 86' lang='lat' dir='ltr'><strong>est</strong></span> <span class='ocrx_word' id='word_1_577' title='bbox 2912 1960 2967 2013; x_wconf 85' lang='lat' dir='ltr'><strong>in</strong></span> <span class='ocrx_word' id='word_1_578' title='bbox 3003 1957 3174 2013; x_wconf 81' lang='lat' dir='ltr'><strong>diebus</strong></span> <span class='ocrx_word' id='word_1_579' title='bbox 3222 1959 3395 2012; x_wconf 62' lang='lat' dir='ltr'><strong>Acha;</strong></span> <span class='ocrx_word' id='word_1_580' title='bbox 3432 1958 3529 2028; x_wconf 77' lang='lat' dir='ltr'><strong>ﬁlii</strong></span> 
     </span>
    </p>
   </div>
   <div class='ocr_carea' id='block_1_77' title="bbox 1944 2048 3530 2121">
    <p class='ocr_par' dir='ltr' id='par_1_77' title="bbox 1944 2048 3530 2121">
     <span class='ocr_line' id='line_1_77' title="bbox 1944 2048 3530 2121; baseline -0.003 -14"><span class='ocrx_word' id='word_1_581' title='bbox 1944 2051 2170 2108; x_wconf 73' lang='lat' dir='ltr'><strong>lout/tan</strong></span> <span class='ocrx_word' id='word_1_582' title='bbox 2216 2053 2311 2120; x_wconf 80' lang='lat' dir='ltr'><strong>ﬁlii</strong></span> <span class='ocrx_word' id='word_1_583' title='bbox 2358 2050 2499 2106; x_wconf 63' lang='lat' dir='ltr'><strong>Ozias</strong></span> <span class='ocrx_word' id='word_1_584' title='bbox 2539 2051 2673 2121; x_wconf 81' lang='lat' dir='ltr'><strong>regis</strong></span> <span class='ocrx_word' id='word_1_585' title='bbox 2722 2049 2863 2104; x_wconf 73' lang='lat' dir='ltr'><strong>Iuda</strong></span> <span class='ocrx_word' id='word_1_586' title='bbox 2883 2089 2899 2115; x_wconf 95' lang='lat'><strong>,</strong></span> <span class='ocrx_word' id='word_1_587' title='bbox 2956 2049 3181 2103; x_wconf 75' lang='lat' dir='ltr'><strong>ascendit</strong></span> <span class='ocrx_word' id='word_1_588' title='bbox 3231 2048 3390 2102; x_wconf 82' lang='lat' dir='ltr'><strong>Rasiu</strong></span> <span class='ocrx_word' id='word_1_589' title='bbox 3438 2063 3530 2103; x_wconf 75' lang='lat' dir='ltr'><strong>rea:</strong></span> 
     </span>
    </p>
   </div>
   <div class='ocr_carea' id='block_1_78' title="bbox 1946 2139 3529 2212">
    <p class='ocr_par' dir='ltr' id='par_1_78' title="bbox 1946 2139 3529 2212">
     <span class='ocr_line' id='line_1_78' title="bbox 1946 2139 3529 2212; baseline -0.004 -13"><span class='ocrx_word' id='word_1_590' title='bbox 1946 2145 2120 2210; x_wconf 77' lang='lat' dir='ltr'><strong>Aram,</strong></span> <span class='ocrx_word' id='word_1_591' title='bbox 2152 2153 2199 2199; x_wconf 88' lang='lat' dir='ltr'><strong>et</strong></span> <span class='ocrx_word' id='word_1_592' title='bbox 2234 2143 2433 2198; x_wconf 81' lang='lat' dir='ltr'><strong>Pliaces</strong></span> <span class='ocrx_word' id='word_1_593' title='bbox 2470 2143 2609 2212; x_wconf 75' lang='lat' dir='ltr'><strong>[ilius</strong></span> <span class='ocrx_word' id='word_1_594' title='bbox 2636 2140 2882 2197; x_wconf 70' lang='lat' dir='ltr'><strong>Romeliw</strong></span> <span class='ocrx_word' id='word_1_595' title='bbox 2904 2157 2995 2195; x_wconf 81' lang='lat' dir='ltr'><strong>rea:</strong></span> <span class='ocrx_word' id='word_1_596' title='bbox 3036 2140 3201 2196; x_wconf 84' lang='lat' dir='ltr'><strong>Israel</strong></span> <span class='ocrx_word' id='word_1_597' title='bbox 3223 2141 3276 2194; x_wconf 83' lang='lat' dir='ltr'><strong>in</strong></span> <span class='ocrx_word' id='word_1_598' title='bbox 3312 2139 3529 2194; x_wconf 83' lang='lat' dir='ltr'><strong>Jerusa-</strong></span> 
     </span>
    </p>
   </div>
   <div class='ocr_carea' id='block_1_79' title="bbox 1947 2230 3528 2306">
    <p class='ocr_par' dir='ltr' id='par_1_79' title="bbox 1947 2230 3528 2306">
     <span class='ocr_line' id='line_1_79' title="bbox 1947 2230 3528 2306; baseline -0.003 -17"><span class='ocrx_word' id='word_1_599' title='bbox 1947 2236 2068 2302; x_wconf 85' lang='lat' dir='ltr'><strong>lem,</strong></span> <span class='ocrx_word' id='word_1_600' title='bbox 2094 2244 2147 2288; x_wconf 82' lang='lat' dir='ltr'><strong>ut</strong></span> <span class='ocrx_word' id='word_1_601' title='bbox 2174 2243 2528 2306; x_wconf 80' lang='lat' dir='ltr'><strong>Oppugnarettt</strong></span> <span class='ocrx_word' id='word_1_602' title='bbox 2552 2249 2687 2298; x_wconf 84' lang='lat' dir='ltr'><strong>eam,</strong></span> <span class='ocrx_word' id='word_1_603' title='bbox 2734 2248 2823 2287; x_wconf 84' lang='lat' dir='ltr'><strong>nec</strong></span> <span class='ocrx_word' id='word_1_604' title='bbox 2848 2241 3115 2303; x_wconf 76' lang='lat' dir='ltr'><strong>potuerunt</strong></span> <span class='ocrx_word' id='word_1_605' title='bbox 3140 2247 3445 2302; x_wconf 64' lang='lat' dir='ltr'><strong>npugnare.</strong></span> <span class='ocrx_word' id='word_1_606' title='bbox 3471 2230 3528 2286; x_wconf 69' lang='lat'><strong>2.</strong></span> 
     </span>
    </p>
   </div>
   <div class='ocr_carea' id='block_1_80' title="bbox 1949 2322 3529 2383">
    <p class='ocr_par' dir='ltr' id='par_1_80' title="bbox 1949 2322 3529 2383">
     <span class='ocr_line' id='line_1_80' title="bbox 1949 2322 3529 2383; baseline -0.004 -2"><span class='ocrx_word' id='word_1_607' title='bbox 1949 2325 2018 2381; x_wconf 81' lang='lat' dir='ltr'><strong>Et</strong></span> <span class='ocrx_word' id='word_1_608' title='bbox 2059 2328 2413 2383; x_wconf 79' lang='lat' dir='ltr'><strong>annuntiatttm</strong></span> <span class='ocrx_word' id='word_1_609' title='bbox 2446 2327 2597 2382; x_wconf 83' lang='lat' dir='ltr'><strong>estin</strong></span> <span class='ocrx_word' id='word_1_610' title='bbox 2625 2326 2775 2380; x_wconf 82' lang='lat' dir='ltr'><strong>domo</strong></span> <span class='ocrx_word' id='word_1_611' title='bbox 2809 2324 2971 2380; x_wconf 77' lang='lat' dir='ltr'><strong>Dauid</strong></span> <span class='ocrx_word' id='word_1_612' title='bbox 2996 2341 3029 2378; x_wconf 91' lang='lat' dir='ltr'><strong>a</strong></span> <span class='ocrx_word' id='word_1_613' title='bbox 3057 2324 3331 2378; x_wconf 83' lang='lat' dir='ltr'><strong>dicentibus</strong></span> <span class='ocrx_word' id='word_1_614' title='bbox 3355 2339 3373 2377; x_wconf 91' lang='lat'><strong><em>:</em></strong></span> <span class='ocrx_word' id='word_1_615' title='bbox 3396 2322 3529 2379; x_wconf 80' lang='lat' dir='ltr'><strong>Cou-</strong></span> 
     </span>
    </p>
   </div>
   <div class='ocr_carea' id='block_1_81' title="bbox 1947 2415 3528 2489">
    <p class='ocr_par' dir='ltr' id='par_1_81' title="bbox 1947 2415 3528 2489">
     <span class='ocr_line' id='line_1_81' title="bbox 1947 2415 3528 2489; baseline -0.004 -15"><span class='ocrx_word' id='word_1_616' title='bbox 1947 2420 2103 2475; x_wconf 78' lang='lat' dir='ltr'><strong>sensit</strong></span> <span class='ocrx_word' id='word_1_617' title='bbox 2122 2419 2279 2474; x_wconf 78' lang='lat' dir='ltr'><strong>Aram</strong></span> <span class='ocrx_word' id='word_1_618' title='bbox 2303 2434 2421 2473; x_wconf 75' lang='lat' dir='ltr'><strong>cum</strong></span> <span class='ocrx_word' id='word_1_619' title='bbox 2449 2415 2720 2489; x_wconf 76' lang='lat' dir='ltr'><strong>Ephraim.</strong></span> <span class='ocrx_word' id='word_1_620' title='bbox 2753 2416 2878 2472; x_wconf 66' lang='lat' dir='ltr'><strong>llaec</strong></span> <span class='ocrx_word' id='word_1_621' title='bbox 2899 2415 3120 2471; x_wconf 83' lang='lat' dir='ltr'><strong>historia</strong></span> <span class='ocrx_word' id='word_1_622' title='bbox 3142 2424 3288 2481; x_wconf 90' lang='lat' dir='ltr'><strong>sunt,</strong></span> <span class='ocrx_word' id='word_1_623' title='bbox 3318 2430 3528 2471; x_wconf 89' lang='lat' dir='ltr'><strong>rcrutn-</strong></span> 
     </span>
    </p>
   </div>
   <div class='ocr_carea' id='block_1_82' title="bbox 1948 2508 3528 2581">
    <p class='ocr_par' dir='ltr' id='par_1_82' title="bbox 1948 2508 3528 2581">
     <span class='ocr_line' id='line_1_82' title="bbox 1948 2508 3528 2581; baseline -0.004 -14"><span class='ocrx_word' id='word_1_624' title='bbox 1948 2527 2053 2581; x_wconf 86' lang='lat' dir='ltr'><strong>que</strong></span> <span class='ocrx_word' id='word_1_625' title='bbox 2076 2518 2348 2581; x_wconf 88' lang='lat' dir='ltr'><strong>gestarum</strong></span> <span class='ocrx_word' id='word_1_626' title='bbox 2373 2510 2608 2565; x_wconf 89' lang='lat' dir='ltr'><strong>narratio</strong></span> <span class='ocrx_word' id='word_1_627' title='bbox 2636 2527 2650 2563; x_wconf 89' lang='lat'>:</span> <span class='ocrx_word' id='word_1_628' title='bbox 2681 2508 2779 2564; x_wconf 88' lang='lat' dir='ltr'><strong>sed</strong></span> <span class='ocrx_word' id='word_1_629' title='bbox 2798 2508 2886 2579; x_wconf 87' lang='lat' dir='ltr'><strong>qui</strong></span> <span class='ocrx_word' id='word_1_630' title='bbox 2913 2519 3093 2564; x_wconf 88' lang='lat' dir='ltr'><strong>mente</strong></span> <span class='ocrx_word' id='word_1_631' title='bbox 3118 2508 3280 2574; x_wconf 87' lang='lat' dir='ltr'><strong>valet,</strong></span> <span class='ocrx_word' id='word_1_632' title='bbox 3305 2516 3361 2561; x_wconf 90' lang='lat' dir='ltr'><strong>et</strong></span> <span class='ocrx_word' id='word_1_633' title='bbox 3376 2516 3528 2562; x_wconf 87' lang='lat' dir='ltr'><strong>acute</strong></span> 
     </span>
    </p>
   </div>
   <div class='ocr_carea' id='block_1_83' title="bbox 1948 2600 3535 2671">
    <p class='ocr_par' dir='ltr' id='par_1_83' title="bbox 1948 2600 3535 2671">
     <span class='ocr_line' id='line_1_83' title="bbox 1948 2600 3535 2671; baseline -0.003 -13"><span class='ocrx_word' id='word_1_634' title='bbox 1948 2604 2111 2669; x_wconf 89' lang='lat' dir='ltr'><strong>videt,</strong></span> <span class='ocrx_word' id='word_1_635' title='bbox 2166 2604 2392 2659; x_wconf 89' lang='lat' dir='ltr'><strong>multum</strong></span> <span class='ocrx_word' id='word_1_636' title='bbox 2440 2602 2567 2658; x_wconf 92' lang='lat' dir='ltr'><strong>hinc</strong></span> <span class='ocrx_word' id='word_1_637' title='bbox 2607 2602 2742 2657; x_wconf 93' lang='lat' dir='ltr'><strong>lucri</strong></span> <span class='ocrx_word' id='word_1_638' title='bbox 2779 2601 2997 2666; x_wconf 87' lang='lat' dir='ltr'><strong>referet,</strong></span> <span class='ocrx_word' id='word_1_639' title='bbox 3040 2600 3130 2656; x_wconf 89' lang='lat' dir='ltr'><strong>Dei</strong></span> <span class='ocrx_word' id='word_1_640' title='bbox 3172 2613 3418 2671; x_wconf 88' lang='lat' dir='ltr'><strong>magnam</strong></span> <span class='ocrx_word' id='word_1_641' title='bbox 3446 2614 3535 2653; x_wconf 82' lang='lat' dir='ltr'><strong>sa-</strong></span> 
     </span>
    </p>
   </div>
   <div class='ocr_carea' id='block_1_84' title="bbox 1949 2689 3536 2764">
    <p class='ocr_par' dir='ltr' id='par_1_84' title="bbox 1949 2689 3536 2764">
     <span class='ocr_line' id='line_1_84' title="bbox 1949 2689 3536 2764; baseline -0.002 -16"><span class='ocrx_word' id='word_1_642' title='bbox 1949 2693 2203 2764; x_wconf 87' lang='lat' dir='ltr'><strong>pientiam</strong></span> <span class='ocrx_word' id='word_1_643' title='bbox 2228 2734 2245 2762; x_wconf 95' lang='lat'><strong>,</strong></span> <span class='ocrx_word' id='word_1_644' title='bbox 2306 2707 2512 2749; x_wconf 86' lang='lat' dir='ltr'><strong>necnon</strong></span> <span class='ocrx_word' id='word_1_645' title='bbox 2557 2692 2674 2754; x_wconf 84' lang='lat' dir='ltr'><strong>eius</strong></span> <span class='ocrx_word' id='word_1_646' title='bbox 2712 2707 2836 2764; x_wconf 84' lang='lat' dir='ltr'><strong>erga</strong></span> <span class='ocrx_word' id='word_1_647' title='bbox 2880 2690 3095 2748; x_wconf 67' lang='lat' dir='ltr'><strong>Iudaeos</strong></span> <span class='ocrx_word' id='word_1_648' title='bbox 3143 2689 3536 2761; x_wconf 89' lang='lat' dir='ltr'><strong>providentiam</strong></span> 
     </span>
    </p>
   </div>
   <div class='ocr_carea' id='block_1_85' title="bbox 1949 2782 3531 2856">
    <p class='ocr_par' dir='ltr' id='par_1_85' title="bbox 1949 2782 3531 2856">
     <span class='ocr_line' id='line_1_85' title="bbox 1949 2782 3531 2856; baseline -0.004 -15"><span class='ocrx_word' id='word_1_649' title='bbox 1949 2785 2214 2842; x_wconf 89' lang='lat' dir='ltr'><strong>ediscens.</strong></span> <span class='ocrx_word' id='word_1_650' title='bbox 2263 2785 2447 2856; x_wconf 84' lang='lat' dir='ltr'><strong>Neque</strong></span> <span class='ocrx_word' id='word_1_651' title='bbox 2474 2784 2618 2841; x_wconf 92' lang='lat' dir='ltr'><strong>enim</strong></span> <span class='ocrx_word' id='word_1_652' title='bbox 2658 2799 2689 2838; x_wconf 92' lang='lat' dir='ltr'><strong>a</strong></span> <span class='ocrx_word' id='word_1_653' title='bbox 2716 2784 2979 2856; x_wconf 90' lang='lat' dir='ltr'><strong>principio</strong></span> <span class='ocrx_word' id='word_1_654' title='bbox 3008 2783 3207 2839; x_wconf 90' lang='lat' dir='ltr'><strong>bellum</strong></span> <span class='ocrx_word' id='word_1_655' title='bbox 3252 2782 3531 2853; x_wconf 80' lang='lat' dir='ltr'><strong>repressit,</strong></span> 
     </span>
    </p>
   </div>
   <div class='ocr_carea' id='block_1_86' title="bbox 1950 2871 3535 2947">
    <p class='ocr_par' dir='ltr' id='par_1_86' title="bbox 1950 2871 3535 2947">
     <span class='ocr_line' id='line_1_86' title="bbox 1950 2871 3535 2947; baseline -0.003 -16"><span class='ocrx_word' id='word_1_656' title='bbox 1950 2891 2124 2947; x_wconf 87' lang='lat' dir='ltr'><strong>neque</strong></span> <span class='ocrx_word' id='word_1_657' title='bbox 2152 2876 2267 2947; x_wconf 84' lang='lat' dir='ltr'><strong>ipso</strong></span> <span class='ocrx_word' id='word_1_658' title='bbox 2293 2875 2574 2947; x_wconf 88' lang='lat' dir='ltr'><strong>ingruente</strong></span> <span class='ocrx_word' id='word_1_659' title='bbox 2591 2876 2778 2932; x_wconf 88' lang='lat' dir='ltr'><strong>urbem</strong></span> <span class='ocrx_word' id='word_1_660' title='bbox 2808 2874 2926 2945; x_wconf 88' lang='lat' dir='ltr'><strong>capi</strong></span> <span class='ocrx_word' id='word_1_661' title='bbox 2955 2874 3218 2945; x_wconf 85' lang='lat' dir='ltr'><strong>permisit,</strong></span> <span class='ocrx_word' id='word_1_662' title='bbox 3245 2871 3341 2929; x_wconf 89' lang='lat' dir='ltr'><strong>sed</strong></span> <span class='ocrx_word' id='word_1_663' title='bbox 3366 2872 3535 2929; x_wconf 90' lang='lat' dir='ltr'><strong>verbo</strong></span> 
     </span>
    </p>
   </div>
   <div class='ocr_carea' id='block_1_87' title="bbox 1951 2962 3529 3033">
    <p class='ocr_par' dir='ltr' id='par_1_87' title="bbox 1951 2962 3529 3033">
     <span class='ocr_line' id='line_1_87' title="bbox 1951 2962 3529 3033; baseline -0.002 -13"><span class='ocrx_word' id='word_1_664' title='bbox 1951 2973 2104 3021; x_wconf 92' lang='lat' dir='ltr'><strong>tenus</strong></span> <span class='ocrx_word' id='word_1_665' title='bbox 2133 2974 2338 3021; x_wconf 89' lang='lat' dir='ltr'><strong>tantum</strong></span> <span class='ocrx_word' id='word_1_666' title='bbox 2371 2965 2842 3022; x_wconf 90' lang='lat' dir='ltr'><strong>comminationem</strong></span> <span class='ocrx_word' id='word_1_667' title='bbox 2883 2963 3000 3020; x_wconf 75' lang='lat' dir='ltr'><strong>ﬁeri</strong></span> <span class='ocrx_word' id='word_1_668' title='bbox 3043 2964 3248 3031; x_wconf 91' lang='lat' dir='ltr'><strong>sinens,</strong></span> <span class='ocrx_word' id='word_1_669' title='bbox 3291 2962 3408 3033; x_wconf 90' lang='lat' dir='ltr'><strong>ejus</strong></span> <span class='ocrx_word' id='word_1_670' title='bbox 3429 2977 3529 3018; x_wconf 89' lang='lat' dir='ltr'><strong>cx-</strong></span> 
     </span>
    </p>
   </div>
   <div class='ocr_carea' id='block_1_88' title="bbox 1951 3054 3535 3128">
    <p class='ocr_par' dir='ltr' id='par_1_88' title="bbox 1951 3054 3535 3128">
     <span class='ocr_line' id='line_1_88' title="bbox 1951 3054 3535 3128; baseline -0.004 -15"><span class='ocrx_word' id='word_1_671' title='bbox 1951 3058 2304 3128; x_wconf 87' lang='lat' dir='ltr'><strong>perimentum</strong></span> <span class='ocrx_word' id='word_1_672' title='bbox 2330 3055 2618 3127; x_wconf 90' lang='lat' dir='ltr'><strong>prohibuit,</strong></span> <span class='ocrx_word' id='word_1_673' title='bbox 2649 3056 2767 3112; x_wconf 92' lang='lat' dir='ltr'><strong>illos</strong></span> <span class='ocrx_word' id='word_1_674' title='bbox 2796 3070 2899 3111; x_wconf 88' lang='lat' dir='ltr'><strong>una</strong></span> <span class='ocrx_word' id='word_1_675' title='bbox 2944 3054 3396 3126; x_wconf 89' lang='lat' dir='ltr'><strong>expergefaciens,</strong></span> <span class='ocrx_word' id='word_1_676' title='bbox 3422 3061 3477 3110; x_wconf 90' lang='lat' dir='ltr'><strong>ct</strong></span> <span class='ocrx_word' id='word_1_677' title='bbox 3503 3067 3535 3107; x_wconf 85' lang='lat' dir='ltr'><strong>a</strong></span> 
     </span>
    </p>
   </div>
   <div class='ocr_carea' id='block_1_89' title="bbox 1952 3144 3529 3217">
    <p class='ocr_par' dir='ltr' id='par_1_89' title="bbox 1952 3144 3529 3217">
     <span class='ocr_line' id='line_1_89' title="bbox 1952 3144 3529 3217; baseline -0.005 -12"><span class='ocrx_word' id='word_1_678' title='bbox 1952 3148 2193 3205; x_wconf 88' lang='lat' dir='ltr'><strong>socordia</strong></span> <span class='ocrx_word' id='word_1_679' title='bbox 2217 3147 2498 3213; x_wconf 90' lang='lat' dir='ltr'><strong>reducens,</strong></span> <span class='ocrx_word' id='word_1_680' title='bbox 2529 3162 2793 3217; x_wconf 76' lang='lat' dir='ltr'><strong>suamque</strong></span> <span class='ocrx_word' id='word_1_681' title='bbox 2819 3146 3108 3216; x_wconf 89' lang='lat' dir='ltr'><strong>potentiam</strong></span> <span class='ocrx_word' id='word_1_682' title='bbox 3134 3144 3529 3201; x_wconf 85' lang='lat' dir='ltr'><strong>demonstrans:</strong></span> 
     </span>
    </p>
   </div>
   <div class='ocr_carea' id='block_1_90' title="bbox 1951 3236 3533 3310">
    <p class='ocr_par' dir='ltr' id='par_1_90' title="bbox 1951 3236 3533 3310">
     <span class='ocr_line' id='line_1_90' title="bbox 1951 3236 3533 3310; baseline -0.002 -16"><span class='ocrx_word' id='word_1_683' title='bbox 1951 3240 2095 3310; x_wconf 88' lang='lat' dir='ltr'><strong>quod</strong></span> <span class='ocrx_word' id='word_1_684' title='bbox 2121 3239 2367 3295; x_wconf 91' lang='lat' dir='ltr'><strong>videlicet</strong></span> <span class='ocrx_word' id='word_1_685' title='bbox 2405 3238 2519 3309; x_wconf 90' lang='lat' dir='ltr'><strong>ipse</strong></span> <span class='ocrx_word' id='word_1_686' title='bbox 2562 3238 2753 3309; x_wconf 86' lang='lat' dir='ltr'><strong>possit,</strong></span> <span class='ocrx_word' id='word_1_687' title='bbox 2779 3237 2939 3293; x_wconf 87' lang='lat' dir='ltr'><strong>etiam</strong></span> <span class='ocrx_word' id='word_1_688' title='bbox 2968 3252 3091 3293; x_wconf 88' lang='lat' dir='ltr'><strong>cum</strong></span> <span class='ocrx_word' id='word_1_689' title='bbox 3120 3250 3207 3293; x_wconf 88' lang='lat' dir='ltr'><strong>res</strong></span> <span class='ocrx_word' id='word_1_690' title='bbox 3244 3236 3313 3291; x_wconf 91' lang='lat' dir='ltr'><strong>ad</strong></span> <span class='ocrx_word' id='word_1_691' title='bbox 3353 3244 3533 3293; x_wconf 86' lang='lat' dir='ltr'><strong>extre-</strong></span> 
     </span>
    </p>
   </div>
   <div class='ocr_carea' id='block_1_91' title="bbox 1954 3325 3529 3396">
    <p class='ocr_par' dir='ltr' id='par_1_91' title="bbox 1954 3325 3529 3396">
     <span class='ocr_line' id='line_1_91' title="bbox 1954 3325 3529 3396; baseline -0.001 -14"><span class='ocrx_word' id='word_1_692' title='bbox 1954 3343 2099 3383; x_wconf 91' lang='lat' dir='ltr'><strong>mum</strong></span> <span class='ocrx_word' id='word_1_693' title='bbox 2130 3329 2291 3383; x_wconf 89' lang='lat' dir='ltr'><strong>finem</strong></span> <span class='ocrx_word' id='word_1_694' title='bbox 2321 3328 2566 3383; x_wconf 65' lang='lat' dir='ltr'><strong>deductae</strong></span> <span class='ocrx_word' id='word_1_695' title='bbox 2592 3327 2860 3392; x_wconf 89' lang='lat' dir='ltr'><strong>videntur,</strong></span> <span class='ocrx_word' id='word_1_696' title='bbox 2889 3327 3039 3396; x_wconf 88' lang='lat' dir='ltr'><strong>quasi</strong></span> <span class='ocrx_word' id='word_1_697' title='bbox 3065 3325 3302 3382; x_wconf 89' lang='lat' dir='ltr'><strong>nondum</strong></span> <span class='ocrx_word' id='word_1_698' title='bbox 3332 3325 3529 3396; x_wconf 76' lang='lat' dir='ltr'><strong>coepis-</strong></span> 
     </span>
    </p>
   </div>
   <div class='ocr_carea' id='block_1_92' title="bbox 1953 3414 3535 3487">
    <p class='ocr_par' dir='ltr' id='par_1_92' title="bbox 1953 3414 3535 3487">
     <span class='ocr_line' id='line_1_92' title="bbox 1953 3414 3535 3487; baseline -0.001 -13"><span class='ocrx_word' id='word_1_699' title='bbox 1953 3427 2095 3482; x_wconf 87' lang='lat' dir='ltr'><strong>sent,</strong></span> <span class='ocrx_word' id='word_1_700' title='bbox 2135 3419 2215 3472; x_wconf 91' lang='lat' dir='ltr'><strong>sic</strong></span> <span class='ocrx_word' id='word_1_701' title='bbox 2253 3418 2305 3472; x_wconf 90' lang='lat' dir='ltr'><strong>in</strong></span> <span class='ocrx_word' id='word_1_702' title='bbox 2332 3417 2573 3487; x_wconf 90' lang='lat' dir='ltr'><strong>periculo</strong></span> <span class='ocrx_word' id='word_1_703' title='bbox 2600 3426 2876 3472; x_wconf 84' lang='lat' dir='ltr'><strong>versantes</strong></span> <span class='ocrx_word' id='word_1_704' title='bbox 2898 3416 3095 3472; x_wconf 58' lang='lat' dir='ltr'><strong>illaesos</strong></span> <span class='ocrx_word' id='word_1_705' title='bbox 3119 3430 3355 3472; x_wconf 88' lang='lat' dir='ltr'><strong>servare.</strong></span> <span class='ocrx_word' id='word_1_706' title='bbox 3381 3414 3535 3482; x_wconf 89' lang='lat' dir='ltr'><strong>Quod</strong></span> 
     </span>
    </p>
   </div>
   <div class='ocr_carea' id='block_1_93' title="bbox 1954 3503 3533 3577">
    <p class='ocr_par' dir='ltr' id='par_1_93' title="bbox 1954 3503 3533 3577">
     <span class='ocr_line' id='line_1_93' title="bbox 1954 3503 3533 3577; baseline -0.002 -15"><span class='ocrx_word' id='word_1_707' title='bbox 1954 3506 2128 3577; x_wconf 89' lang='lat' dir='ltr'><strong>ipsum</strong></span> <span class='ocrx_word' id='word_1_708' title='bbox 2154 3520 2298 3577; x_wconf 71' lang='lat' dir='ltr'><strong>stepe</strong></span> <span class='ocrx_word' id='word_1_709' title='bbox 2324 3505 2518 3562; x_wconf 83' lang='lat' dir='ltr'><strong>fecisse</strong></span> <span class='ocrx_word' id='word_1_710' title='bbox 2541 3504 2724 3563; x_wconf 87' lang='lat' dir='ltr'><strong>videre</strong></span> <span class='ocrx_word' id='word_1_711' title='bbox 2752 3513 2856 3571; x_wconf 89' lang='lat' dir='ltr'><strong>est,</strong></span> <span class='ocrx_word' id='word_1_712' title='bbox 2886 3512 2947 3561; x_wconf 94' lang='lat' dir='ltr'><strong>ut</strong></span> <span class='ocrx_word' id='word_1_713' title='bbox 2969 3504 3117 3561; x_wconf 89' lang='lat' dir='ltr'><strong>verbi</strong></span> <span class='ocrx_word' id='word_1_714' title='bbox 3143 3505 3310 3575; x_wconf 85' lang='lat' dir='ltr'><strong>gratia</strong></span> <span class='ocrx_word' id='word_1_715' title='bbox 3339 3504 3392 3558; x_wconf 86' lang='lat' dir='ltr'><strong>in</strong></span> <span class='ocrx_word' id='word_1_716' title='bbox 3418 3503 3533 3559; x_wconf 91' lang='lat' dir='ltr'><strong>for-</strong></span> 
     </span>
    </p>
   </div>
   <div class='ocr_carea' id='block_1_94' title="bbox 1952 3594 3534 3669">
    <p class='ocr_par' dir='ltr' id='par_1_94' title="bbox 1952 3594 3534 3669">
     <span class='ocr_line' id='line_1_94' title="bbox 1952 3594 3534 3669; baseline -0.001 -16"><span class='ocrx_word' id='word_1_717' title='bbox 1952 3613 2085 3653; x_wconf 87' lang='lat' dir='ltr'><strong>nace</strong></span> <span class='ocrx_word' id='word_1_718' title='bbox 2113 3596 2454 3669; x_wconf 85' lang='lat' dir='ltr'><strong>Babylonica,</strong></span> <span class='ocrx_word' id='word_1_719' title='bbox 2483 3597 2535 3650; x_wconf 94' lang='lat' dir='ltr'><strong>in</strong></span> <span class='ocrx_word' id='word_1_720' title='bbox 2567 3596 2682 3651; x_wconf 88' lang='lat' dir='ltr'><strong>lacu</strong></span> <span class='ocrx_word' id='word_1_721' title='bbox 2699 3596 2937 3663; x_wconf 89' lang='lat' dir='ltr'><strong>leonum,</strong></span> <span class='ocrx_word' id='word_1_722' title='bbox 2968 3604 3022 3651; x_wconf 91' lang='lat' dir='ltr'><strong>et</strong></span> <span class='ocrx_word' id='word_1_723' title='bbox 3046 3595 3099 3650; x_wconf 92' lang='lat' dir='ltr'><strong>in</strong></span> <span class='ocrx_word' id='word_1_724' title='bbox 3126 3595 3245 3649; x_wconf 90' lang='lat' dir='ltr'><strong>aliis</strong></span> <span class='ocrx_word' id='word_1_725' title='bbox 3263 3594 3534 3651; x_wconf 81' lang='lat' dir='ltr'><strong>sexcentis</strong></span> 
     </span>
    </p>
   </div>
   <div class='ocr_carea' id='block_1_95' title="bbox 1952 3685 3536 3751">
    <p class='ocr_par' dir='ltr' id='par_1_95' title="bbox 1952 3685 3536 3751">
     <span class='ocr_line' id='line_1_95' title="bbox 1952 3685 3536 3751; baseline -0.001 -7"><span class='ocrx_word' id='word_1_726' title='bbox 1952 3689 2184 3744; x_wconf 90' lang='lat' dir='ltr'><strong>casibus.</strong></span> <span class='ocrx_word' id='word_1_727' title='bbox 2223 3686 2437 3743; x_wconf 86' lang='lat' dir='ltr'><strong>Etenim</strong></span> <span class='ocrx_word' id='word_1_728' title='bbox 2474 3685 2528 3741; x_wconf 91' lang='lat' dir='ltr'><strong>hi</strong></span> <span class='ocrx_word' id='word_1_729' title='bbox 2566 3693 2844 3751; x_wconf 90' lang='lat' dir='ltr'><strong>venerunt,</strong></span> <span class='ocrx_word' id='word_1_730' title='bbox 2887 3685 3237 3751; x_wconf 87' lang='lat' dir='ltr'><strong>obsederunt,</strong></span> <span class='ocrx_word' id='word_1_731' title='bbox 3272 3694 3327 3740; x_wconf 87' lang='lat' dir='ltr'><strong>et</strong></span> <span class='ocrx_word' id='word_1_732' title='bbox 3356 3701 3536 3743; x_wconf 86' lang='lat' dir='ltr'><strong>muros</strong></span> 
     </span>
    </p>
   </div>
   <div class='ocr_carea' id='block_1_96' title="bbox 1951 3773 3529 3845">
    <p class='ocr_par' dir='ltr' id='par_1_96' title="bbox 1951 3773 3529 3845">
     <span class='ocr_line' id='line_1_96' title="bbox 1951 3773 3529 3845; baseline 0.001 -14"><span class='ocrx_word' id='word_1_733' title='bbox 1951 3777 2278 3843; x_wconf 89' lang='lat' dir='ltr'><strong>adorientes,</strong></span> <span class='ocrx_word' id='word_1_734' title='bbox 2305 3775 2757 3844; x_wconf 87' lang='lat' dir='ltr'><strong>obsessorumque</strong></span> <span class='ocrx_word' id='word_1_735' title='bbox 2785 3774 2991 3830; x_wconf 90' lang='lat' dir='ltr'><strong>animos</strong></span> <span class='ocrx_word' id='word_1_736' title='bbox 3011 3773 3529 3845; x_wconf 84' lang='lat' dir='ltr'><strong>perterrefacientes,</strong></span> 
     </span>
    </p>
   </div>
   <div class='ocr_carea' id='block_1_97' title="bbox 1951 3864 2774 3934">
    <p class='ocr_par' dir='ltr' id='par_1_97' title="bbox 1951 3864 2774 3934">
     <span class='ocr_line' id='line_1_97' title="bbox 1951 3864 2774 3934; baseline -0.004 -13"><span class='ocrx_word' id='word_1_737' title='bbox 1951 3866 2083 3921; x_wconf 91' lang='lat' dir='ltr'><strong>nihil</strong></span> <span class='ocrx_word' id='word_1_738' title='bbox 2106 3866 2241 3921; x_wconf 83' lang='lat' dir='ltr'><strong>ultra</strong></span> <span class='ocrx_word' id='word_1_739' title='bbox 2264 3864 2439 3921; x_wconf 89' lang='lat' dir='ltr'><strong>facere</strong></span> <span class='ocrx_word' id='word_1_740' title='bbox 2467 3873 2774 3934; x_wconf 88' lang='lat' dir='ltr'><strong>potuerunt.</strong></span> 
     </span>
    </p>
   </div>
   <div class='ocr_carea' id='block_1_98' title="bbox 2019 3955 3534 4026">
    <p class='ocr_par' dir='ltr' id='par_1_98' title="bbox 2019 3955 3534 4026">
     <span class='ocr_line' id='line_1_98' title="bbox 2019 3955 3534 4026; baseline 0.001 -16"><span class='ocrx_word' id='word_1_741' title='bbox 2019 3956 2076 4011; x_wconf 75' lang='lat'><strong>2.</strong></span> <span class='ocrx_word' id='word_1_742' title='bbox 2118 3956 2253 4012; x_wconf 82' lang='lat' dir='ltr'><strong>Hinc</strong></span> <span class='ocrx_word' id='word_1_743' title='bbox 2281 3965 2459 4012; x_wconf 89' lang='lat' dir='ltr'><strong>autem</strong></span> <span class='ocrx_word' id='word_1_744' title='bbox 2487 3956 2789 4026; x_wconf 89' lang='lat' dir='ltr'><strong>perspicere</strong></span> <span class='ocrx_word' id='word_1_745' title='bbox 2813 3956 2939 4012; x_wconf 87' lang='lat' dir='ltr'><strong>licet</strong></span> <span class='ocrx_word' id='word_1_746' title='bbox 2962 3955 3146 4014; x_wconf 87' lang='lat' dir='ltr'><strong>decem</strong></span> <span class='ocrx_word' id='word_1_747' title='bbox 3176 3957 3409 4013; x_wconf 89' lang='lat' dir='ltr'><strong>tribuum</strong></span> <span class='ocrx_word' id='word_1_748' title='bbox 3430 3957 3534 4011; x_wconf 84' lang='lat' dir='ltr'><strong>ini-</strong></span> 
     </span>
    </p>
   </div>
   <div class='ocr_carea' id='block_1_99' title="bbox 1951 4046 3533 4119">
    <p class='ocr_par' dir='ltr' id='par_1_99' title="bbox 1951 4046 3533 4119">
     <span class='ocr_line' id='line_1_99' title="bbox 1951 4046 3533 4119; baseline -0.001 -17"><span class='ocrx_word' id='word_1_749' title='bbox 1951 4047 2227 4118; x_wconf 88' lang='lat' dir='ltr'><strong>quitatem,</strong></span> <span class='ocrx_word' id='word_1_750' title='bbox 2270 4047 2415 4119; x_wconf 91' lang='lat' dir='ltr'><strong>quod</strong></span> <span class='ocrx_word' id='word_1_751' title='bbox 2449 4061 2555 4102; x_wconf 93' lang='lat' dir='ltr'><strong>non</strong></span> <span class='ocrx_word' id='word_1_752' title='bbox 2585 4047 2747 4102; x_wconf 91' lang='lat' dir='ltr'><strong>modo</strong></span> <span class='ocrx_word' id='word_1_753' title='bbox 2788 4046 2944 4103; x_wconf 89' lang='lat' dir='ltr'><strong>civile</strong></span> <span class='ocrx_word' id='word_1_754' title='bbox 2987 4047 3284 4115; x_wconf 86' lang='lat' dir='ltr'><strong>inceperint</strong></span> <span class='ocrx_word' id='word_1_755' title='bbox 3311 4046 3533 4110; x_wconf 89' lang='lat' dir='ltr'><strong>bellum,</strong></span> 
     </span>
    </p>
   </div>
   <div class='ocr_carea' id='block_1_100' title="bbox 1951 4135 3533 4209">
    <p class='ocr_par' dir='ltr' id='par_1_100' title="bbox 1951 4135 3533 4209">
     <span class='ocr_line' id='line_1_100' title="bbox 1951 4135 3533 4209; baseline -0.003 -15"><span class='ocrx_word' id='word_1_756' title='bbox 1951 4153 2124 4209; x_wconf 90' lang='lat' dir='ltr'><strong>neque</strong></span> <span class='ocrx_word' id='word_1_757' title='bbox 2149 4138 2308 4194; x_wconf 90' lang='lat' dir='ltr'><strong>modo</strong></span> <span class='ocrx_word' id='word_1_758' title='bbox 2332 4147 2518 4193; x_wconf 88' lang='lat' dir='ltr'><strong>contra</strong></span> <span class='ocrx_word' id='word_1_759' title='bbox 2546 4136 2739 4191; x_wconf 91' lang='lat' dir='ltr'><strong>fratres</strong></span> <span class='ocrx_word' id='word_1_760' title='bbox 2768 4150 2913 4191; x_wconf 88' lang='lat' dir='ltr'><strong>arma</strong></span> <span class='ocrx_word' id='word_1_761' title='bbox 2945 4135 3231 4201; x_wconf 89' lang='lat' dir='ltr'><strong>moverint,</strong></span> <span class='ocrx_word' id='word_1_762' title='bbox 3250 4135 3345 4192; x_wconf 87' lang='lat' dir='ltr'><strong>sed</strong></span> <span class='ocrx_word' id='word_1_763' title='bbox 3372 4137 3533 4191; x_wconf 87' lang='lat' dir='ltr'><strong>etiam</strong></span> 
     </span>
    </p>
   </div>
   <div class='ocr_carea' id='block_1_101' title="bbox 1950 4229 3534 4304">
    <p class='ocr_par' dir='ltr' id='par_1_101' title="bbox 1950 4229 3534 4304">
     <span class='ocr_line' id='line_1_101' title="bbox 1950 4229 3534 4304; baseline -0.004 -15"><span class='ocrx_word' id='word_1_764' title='bbox 1950 4233 2262 4304; x_wconf 88' lang='lat' dir='ltr'><strong>alienigenis</strong></span> <span class='ocrx_word' id='word_1_765' title='bbox 2280 4231 2588 4302; x_wconf 88' lang='lat' dir='ltr'><strong>exterisque</strong></span> <span class='ocrx_word' id='word_1_766' title='bbox 2604 4230 2848 4301; x_wconf 89' lang='lat' dir='ltr'><strong>gentibus</strong></span> <span class='ocrx_word' id='word_1_767' title='bbox 2874 4244 2932 4285; x_wconf 88' lang='lat' dir='ltr'><strong>se</strong></span> <span class='ocrx_word' id='word_1_768' title='bbox 2958 4229 3318 4299; x_wconf 85' lang='lat' dir='ltr'><strong>adjunxerint,</strong></span> <span class='ocrx_word' id='word_1_769' title='bbox 3342 4237 3396 4284; x_wconf 90' lang='lat' dir='ltr'><strong>et</strong></span> <span class='ocrx_word' id='word_1_770' title='bbox 3419 4244 3534 4292; x_wconf 87' lang='lat' dir='ltr'><strong>eos.</strong></span> 
     </span>
    </p>
   </div>
   <div class='ocr_carea' id='block_1_102' title="bbox 1948 4318 3533 4392">
    <p class='ocr_par' dir='ltr' id='par_1_102' title="bbox 1948 4318 3533 4392">
     <span class='ocr_line' id='line_1_102' title="bbox 1948 4318 3533 4392; baseline -0.003 -14"><span class='ocrx_word' id='word_1_771' title='bbox 1948 4321 2264 4392; x_wconf 89' lang='lat' dir='ltr'><strong>quibuscum</strong></span> <span class='ocrx_word' id='word_1_772' title='bbox 2290 4320 2601 4377; x_wconf 86' lang='lat' dir='ltr'><strong>societatem</strong></span> <span class='ocrx_word' id='word_1_773' title='bbox 2629 4319 2829 4376; x_wconf 89' lang='lat' dir='ltr'><strong>habere</strong></span> <span class='ocrx_word' id='word_1_774' title='bbox 2848 4319 2979 4390; x_wconf 88' lang='lat' dir='ltr'><strong>ipsis</strong></span> <span class='ocrx_word' id='word_1_775' title='bbox 3006 4334 3113 4375; x_wconf 90' lang='lat' dir='ltr'><strong>non</strong></span> <span class='ocrx_word' id='word_1_776' title='bbox 3140 4318 3355 4385; x_wconf 85' lang='lat' dir='ltr'><strong>licebat,</strong></span> <span class='ocrx_word' id='word_1_777' title='bbox 3374 4319 3533 4373; x_wconf 90' lang='lat' dir='ltr'><strong>etiam</strong></span> 
     </span>
    </p>
   </div>
   <div class='ocr_carea' id='block_1_103' title="bbox 1947 4409 3533 4481">
    <p class='ocr_par' dir='ltr' id='par_1_103' title="bbox 1947 4409 3533 4481">
     <span class='ocr_line' id='line_1_103' title="bbox 1947 4409 3533 4481; baseline -0.003 -13"><span class='ocrx_word' id='word_1_778' title='bbox 1947 4412 2342 4469; x_wconf 89' lang='lat' dir='ltr'><strong>commilitones</strong></span> <span class='ocrx_word' id='word_1_779' title='bbox 2360 4410 2686 4477; x_wconf 84' lang='lat' dir='ltr'><strong>vocaverint,</strong></span> <span class='ocrx_word' id='word_1_780' title='bbox 2708 4425 2832 4468; x_wconf 89' lang='lat' dir='ltr'><strong>cum</strong></span> <span class='ocrx_word' id='word_1_781' title='bbox 2852 4411 3021 4481; x_wconf 90' lang='lat' dir='ltr'><strong>iisque</strong></span> <span class='ocrx_word' id='word_1_782' title='bbox 3056 4409 3415 4467; x_wconf 86' lang='lat' dir='ltr'><strong>castrametati</strong></span> <span class='ocrx_word' id='word_1_783' title='bbox 3434 4410 3533 4464; x_wconf 86' lang='lat' dir='ltr'><strong>ad-</strong></span> 
     </span>
    </p>
   </div>
   <div class='ocr_carea' id='block_1_104' title="bbox 1950 4500 3533 4572">
    <p class='ocr_par' dir='ltr' id='par_1_104' title="bbox 1950 4500 3533 4572">
     <span class='ocr_line' id='line_1_104' title="bbox 1950 4500 3533 4572; baseline -0.001 -16"><span class='ocrx_word' id='word_1_784' title='bbox 1950 4517 2139 4559; x_wconf 86' lang='lat' dir='ltr'><strong>versus</strong></span> <span class='ocrx_word' id='word_1_785' title='bbox 2162 4503 2432 4559; x_wconf 89' lang='lat' dir='ltr'><strong>civitatem</strong></span> <span class='ocrx_word' id='word_1_786' title='bbox 2459 4503 2722 4558; x_wconf 89' lang='lat' dir='ltr'><strong>steterint.</strong></span> <span class='ocrx_word' id='word_1_787' title='bbox 2753 4502 2961 4557; x_wconf 85' lang='lat' dir='ltr'><strong>Etenim</strong></span> <span class='ocrx_word' id='word_1_788' title='bbox 2991 4502 3151 4556; x_wconf 82' lang='lat' dir='ltr'><strong>Rasin</strong></span> <span class='ocrx_word' id='word_1_789' title='bbox 3180 4500 3533 4572; x_wconf 89' lang='lat' dir='ltr'><strong>alienigenam</strong></span> 
     </span>
    </p>
   </div>
   <div class='ocr_carea' id='block_1_105' title="bbox 1948 4590 3532 4660">
    <p class='ocr_par' dir='ltr' id='par_1_105' title="bbox 1948 4590 3532 4660">
     <span class='ocr_line' id='line_1_105' title="bbox 1948 4590 3532 4660; baseline -0.001 -14"><span class='ocrx_word' id='word_1_790' title='bbox 1948 4591 2207 4648; x_wconf 87' lang='lat' dir='ltr'><strong>adversus</strong></span> <span class='ocrx_word' id='word_1_791' title='bbox 2248 4591 2586 4660; x_wconf 91' lang='lat' dir='ltr'><strong>metropolim</strong></span> <span class='ocrx_word' id='word_1_792' title='bbox 2637 4605 2787 4645; x_wconf 88' lang='lat' dir='ltr'><strong>suam</strong></span> <span class='ocrx_word' id='word_1_793' title='bbox 2832 4591 3149 4655; x_wconf 79' lang='lat' dir='ltr'><strong>excitarunt.</strong></span> <span class='ocrx_word' id='word_1_794' title='bbox 3194 4591 3427 4660; x_wconf 83' lang='lat' dir='ltr'><strong>Eratque</strong></span> <span class='ocrx_word' id='word_1_795' title='bbox 3479 4590 3532 4644; x_wconf 95' lang='lat' dir='ltr'><strong>in</strong></span> 
     </span>
    </p>
   </div>
   <div class='ocr_carea' id='block_1_106' title="bbox 1944 4674 3538 4751">
    <p class='ocr_par' dir='ltr' id='par_1_106' title="bbox 1944 4674 3538 4751">
     <span class='ocr_line' id='line_1_106' title="bbox 1944 4674 3538 4751; baseline 0 -16"><span class='ocrx_word' id='word_1_796' title='bbox 1944 4677 2133 4751; x_wconf 65' lang='lat' dir='ltr'><strong>praelia</strong></span> <span class='ocrx_word' id='word_1_797' title='bbox 2160 4674 2389 4747; x_wconf 88' lang='lat' dir='ltr'><strong>partium</strong></span> <span class='ocrx_word' id='word_1_798' title='bbox 2434 4674 2795 4746; x_wconf 79' lang='lat' dir='ltr'><strong>inaequalitas.</strong></span> <span class='ocrx_word' id='word_1_799' title='bbox 2848 4677 3002 4749; x_wconf 80' lang='lat' dir='ltr'><strong>Apud</strong></span> <span class='ocrx_word' id='word_1_800' title='bbox 3035 4678 3155 4739; x_wconf 76' lang='lat' dir='ltr'><strong>illos</strong></span> <span class='ocrx_word' id='word_1_801' title='bbox 3180 4676 3326 4734; x_wconf 79' lang='lat' dir='ltr'><strong>enim</strong></span> <span class='ocrx_word' id='word_1_802' title='bbox 3357 4680 3538 4736; x_wconf 88' lang='lat' dir='ltr'><strong>multi-</strong></span> 
     </span>
    </p>
   </div>
   <div class='ocr_carea' id='block_1_107' title="bbox 1941 4767 3537 4839">
    <p class='ocr_par' dir='ltr' id='par_1_107' title="bbox 1941 4767 3537 4839">
     <span class='ocr_line' id='line_1_107' title="bbox 1941 4767 3537 4839; baseline 0.002 -16"><span class='ocrx_word' id='word_1_803' title='bbox 1941 4769 2069 4824; x_wconf 86' lang='lat' dir='ltr'><strong>tudo</strong></span> <span class='ocrx_word' id='word_1_804' title='bbox 2100 4767 2306 4823; x_wconf 84' lang='lat' dir='ltr'><strong>infinita</strong></span> <span class='ocrx_word' id='word_1_805' title='bbox 2336 4775 2472 4833; x_wconf 88' lang='lat' dir='ltr'><strong>erat,</strong></span> <span class='ocrx_word' id='word_1_806' title='bbox 2502 4776 2558 4822; x_wconf 83' lang='lat' dir='ltr'><strong>et</strong></span> <span class='ocrx_word' id='word_1_807' title='bbox 2585 4767 2769 4836; x_wconf 87' lang='lat' dir='ltr'><strong>urbes,</strong></span> <span class='ocrx_word' id='word_1_808' title='bbox 2801 4777 2858 4823; x_wconf 90' lang='lat' dir='ltr'><strong>et</strong></span> <span class='ocrx_word' id='word_1_809' title='bbox 2885 4776 3076 4839; x_wconf 88' lang='lat' dir='ltr'><strong>gentes</strong></span> <span class='ocrx_word' id='word_1_810' title='bbox 3106 4776 3160 4824; x_wconf 90' lang='lat' dir='ltr'><strong>et</strong></span> <span class='ocrx_word' id='word_1_811' title='bbox 3188 4770 3399 4838; x_wconf 89' lang='lat' dir='ltr'><strong>populi;</strong></span> <span class='ocrx_word' id='word_1_812' title='bbox 3448 4771 3537 4827; x_wconf 88' lang='lat' dir='ltr'><strong>hie</strong></span> 
     </span>
    </p>
   </div>
   <div class='ocr_carea' id='block_1_108' title="bbox 1940 4862 3535 4934">
    <p class='ocr_par' dir='ltr' id='par_1_108' title="bbox 1940 4862 3535 4934">
     <span class='ocr_line' id='line_1_108' title="bbox 1940 4862 3535 4934; baseline -0.001 -15"><span class='ocrx_word' id='word_1_813' title='bbox 1940 4874 2119 4922; x_wconf 85' lang='lat' dir='ltr'><strong>autem</strong></span> <span class='ocrx_word' id='word_1_814' title='bbox 2145 4863 2274 4918; x_wconf 91' lang='lat' dir='ltr'><strong>nihil</strong></span> <span class='ocrx_word' id='word_1_815' title='bbox 2296 4862 2497 4927; x_wconf 89' lang='lat' dir='ltr'><strong>simile,</strong></span> <span class='ocrx_word' id='word_1_816' title='bbox 2520 4862 2613 4919; x_wconf 85' lang='lat' dir='ltr'><strong>sed</strong></span> <span class='ocrx_word' id='word_1_817' title='bbox 2648 4864 2774 4918; x_wconf 87' lang='lat' dir='ltr'><strong>urbs</strong></span> <span class='ocrx_word' id='word_1_818' title='bbox 2799 4878 2901 4918; x_wconf 86' lang='lat' dir='ltr'><strong>una</strong></span> <span class='ocrx_word' id='word_1_819' title='bbox 2931 4872 2986 4919; x_wconf 89' lang='lat' dir='ltr'><strong>et</strong></span> <span class='ocrx_word' id='word_1_820' title='bbox 3010 4864 3347 4934; x_wconf 84' lang='lat' dir='ltr'><strong>metropolis,</strong></span> <span class='ocrx_word' id='word_1_821' title='bbox 3376 4865 3444 4919; x_wconf 90' lang='lat' dir='ltr'><strong>ita</strong></span> <span class='ocrx_word' id='word_1_822' title='bbox 3478 4876 3535 4918; x_wconf 90' lang='lat' dir='ltr'><strong>ut</strong></span> 
     </span>
    </p>
   </div>
   <div class='ocr_carea' id='block_1_109' title="bbox 1940 4952 3530 5011">
    <p class='ocr_par' dir='ltr' id='par_1_109' title="bbox 1940 4952 3530 5011">
     <span class='ocr_line' id='line_1_109' title="bbox 1940 4952 3530 5011; baseline 0 -2"><span class='ocrx_word' id='word_1_823' title='bbox 1940 4953 2034 5009; x_wconf 89' lang='lat' dir='ltr'><strong>Dei</strong></span> <span class='ocrx_word' id='word_1_824' title='bbox 2068 4952 2325 5009; x_wconf 89' lang='lat' dir='ltr'><strong>fortitudo</strong></span> <span class='ocrx_word' id='word_1_825' title='bbox 2352 4952 2737 5008; x_wconf 88' lang='lat' dir='ltr'><strong>exuberantius</strong></span> <span class='ocrx_word' id='word_1_826' title='bbox 2764 4954 3104 5010; x_wconf 82' lang='lat' dir='ltr'><strong>enitesceret.</strong></span> <span class='ocrx_word' id='word_1_827' title='bbox 3130 4954 3358 5011; x_wconf 83' lang='lat' dir='ltr'><strong>Nemine</strong></span> <span class='ocrx_word' id='word_1_828' title='bbox 3387 4956 3530 5011; x_wconf 77' lang='lat' dir='ltr'><strong>enim</strong></span> 
     </span>
    </p>
   </div>
   <div class='ocr_carea' id='block_1_110' title="bbox 1937 5043 3527 5113">
    <p class='ocr_par' dir='ltr' id='par_1_110' title="bbox 1937 5043 3527 5113">
     <span class='ocr_line' id='line_1_110' title="bbox 1937 5043 3527 5113; baseline 0.002 -15"><span class='ocrx_word' id='word_1_829' title='bbox 1937 5057 2089 5098; x_wconf 87' lang='lat' dir='ltr'><strong>arma</strong></span> <span class='ocrx_word' id='word_1_830' title='bbox 2132 5052 2402 5110; x_wconf 88' lang='lat' dir='ltr'><strong>movente,</strong></span> <span class='ocrx_word' id='word_1_831' title='bbox 2456 5043 2673 5099; x_wconf 89' lang='lat' dir='ltr'><strong>nemine</strong></span> <span class='ocrx_word' id='word_1_832' title='bbox 2714 5053 2947 5099; x_wconf 89' lang='lat' dir='ltr'><strong>exeunte</strong></span> <span class='ocrx_word' id='word_1_833' title='bbox 2990 5054 3045 5099; x_wconf 90' lang='lat' dir='ltr'><strong>et</strong></span> <span class='ocrx_word' id='word_1_834' title='bbox 3088 5052 3527 5113; x_wconf 85' lang='lat' dir='ltr'><strong>castramctante,</strong></span> 
     </span>
    </p>
   </div>
   <div class='ocr_carea' id='block_1_111' title="bbox 1940 5134 3532 5207">
    <p class='ocr_par' dir='ltr' id='par_1_111' title="bbox 1940 5134 3532 5207">
     <span class='ocr_line' id='line_1_111' title="bbox 1940 5134 3532 5207; baseline 0.001 -15"><span class='ocrx_word' id='word_1_835' title='bbox 1940 5150 2127 5192; x_wconf 87' lang='lat' dir='ltr'><strong>eorum</strong></span> <span class='ocrx_word' id='word_1_836' title='bbox 2152 5134 2369 5207; x_wconf 90' lang='lat' dir='ltr'><strong>maligni</strong></span> <span class='ocrx_word' id='word_1_837' title='bbox 2398 5146 2621 5192; x_wconf 88' lang='lat' dir='ltr'><strong>conatus</strong></span> <span class='ocrx_word' id='word_1_838' title='bbox 2651 5134 2706 5189; x_wconf 91' lang='lat' dir='ltr'><strong>in</strong></span> <span class='ocrx_word' id='word_1_839' title='bbox 2738 5135 2960 5189; x_wconf 88' lang='lat' dir='ltr'><strong>nihilum</strong></span> <span class='ocrx_word' id='word_1_840' title='bbox 2990 5136 3256 5192; x_wconf 88' lang='lat' dir='ltr'><strong>abierunt.</strong></span> <span class='ocrx_word' id='word_1_841' title='bbox 3291 5137 3410 5192; x_wconf 80' lang='lat' dir='ltr'><strong>Non</strong></span> <span class='ocrx_word' id='word_1_842' title='bbox 3438 5155 3532 5207; x_wconf 81' lang='lat' dir='ltr'><strong>po-</strong></span> 
     </span>
    </p>
   </div>
   <div class='ocr_carea' id='block_1_112' title="bbox 1940 5227 3529 5299">
    <p class='ocr_par' dir='ltr' id='par_1_112' title="bbox 1940 5227 3529 5299">
     <span class='ocr_line' id='line_1_112' title="bbox 1940 5227 3529 5299; baseline 0.002 -18"><span class='ocrx_word' id='word_1_843' title='bbox 1940 5237 2145 5283; x_wconf 79' lang='lat' dir='ltr'><strong>tuerunt</strong></span> <span class='ocrx_word' id='word_1_844' title='bbox 2164 5228 2844 5299; x_wconf 70' lang='lat' dir='ltr'><strong>enim,inquit,expugnare</strong></span> <span class='ocrx_word' id='word_1_845' title='bbox 2863 5243 2993 5281; x_wconf 86' lang='lat' dir='ltr'><strong>eam.</strong></span> <span class='ocrx_word' id='word_1_846' title='bbox 3023 5229 3090 5283; x_wconf 81' lang='lat' dir='ltr'><strong>At</strong></span> <span class='ocrx_word' id='word_1_847' title='bbox 3115 5227 3242 5298; x_wconf 88' lang='lat' dir='ltr'><strong>quid</strong></span> <span class='ocrx_word' id='word_1_848' title='bbox 3270 5229 3529 5298; x_wconf 82' lang='lat' dir='ltr'><strong>impedie-</strong></span> 
     </span>
    </p>
   </div>
   <div class='ocr_carea' id='block_1_113' title="bbox 1940 5316 3527 5387">
    <p class='ocr_par' dir='ltr' id='par_1_113' title="bbox 1940 5316 3527 5387">
     <span class='ocr_line' id='line_1_113' title="bbox 1940 5316 3527 5387; baseline 0.001 -14"><span class='ocrx_word' id='word_1_849' title='bbox 1940 5318 2064 5373; x_wconf 87' lang='lat' dir='ltr'><strong>bat?</strong></span> <span class='ocrx_word' id='word_1_850' title='bbox 2090 5317 2234 5373; x_wconf 83' lang='lat' dir='ltr'><strong>Nihil</strong></span> <span class='ocrx_word' id='word_1_851' title='bbox 2264 5317 2409 5373; x_wconf 90' lang='lat' dir='ltr'><strong>aliud</strong></span> <span class='ocrx_word' id='word_1_852' title='bbox 2436 5332 2595 5387; x_wconf 89' lang='lat' dir='ltr'><strong>quam</strong></span> <span class='ocrx_word' id='word_1_853' title='bbox 2638 5316 2736 5371; x_wconf 88' lang='lat' dir='ltr'><strong>Dei</strong></span> <span class='ocrx_word' id='word_1_854' title='bbox 2782 5332 2991 5383; x_wconf 89' lang='lat' dir='ltr'><strong>manus,</strong></span> <span class='ocrx_word' id='word_1_855' title='bbox 3018 5333 3136 5387; x_wconf 65' lang='lat' dir='ltr'><strong>quae</strong></span> <span class='ocrx_word' id='word_1_856' title='bbox 3165 5333 3261 5373; x_wconf 89' lang='lat' dir='ltr'><strong>eos</strong></span> <span class='ocrx_word' id='word_1_857' title='bbox 3289 5320 3527 5375; x_wconf 81' lang='lat' dir='ltr'><strong>invisibi-</strong></span> 
     </span>
    </p>
   </div>
   <div class='ocr_carea' id='block_1_114' title="bbox 1940 5407 3524 5479">
    <p class='ocr_par' dir='ltr' id='par_1_114' title="bbox 1940 5407 3524 5479">
     <span class='ocr_line' id='line_1_114' title="bbox 1940 5407 3524 5479; baseline 0.001 -16"><span class='ocrx_word' id='word_1_858' title='bbox 1940 5408 2063 5465; x_wconf 89' lang='lat' dir='ltr'><strong>liter</strong></span> <span class='ocrx_word' id='word_1_859' title='bbox 2110 5408 2433 5479; x_wconf 88' lang='lat' dir='ltr'><strong>depellebat.</strong></span> <span class='ocrx_word' id='word_1_860' title='bbox 2482 5407 2886 5473; x_wconf 81' lang='lat' dir='ltr'><strong>Verumtamen,</strong></span> <span class='ocrx_word' id='word_1_861' title='bbox 2913 5417 2969 5463; x_wconf 90' lang='lat' dir='ltr'><strong>ut</strong></span> <span class='ocrx_word' id='word_1_862' title='bbox 3009 5408 3119 5477; x_wconf 91' lang='lat' dir='ltr'><strong>jam</strong></span> <span class='ocrx_word' id='word_1_863' title='bbox 3166 5409 3295 5475; x_wconf 73' lang='lat' dir='ltr'><strong>dixi,</strong></span> <span class='ocrx_word' id='word_1_864' title='bbox 3327 5410 3524 5465; x_wconf 88' lang='lat' dir='ltr'><strong>bellum</strong></span> 
     </span>
    </p>
   </div>
   <div class='ocr_carea' id='block_1_115' title="bbox 1939 5499 3520 5569">
    <p class='ocr_par' dir='ltr' id='par_1_115' title="bbox 1939 5499 3520 5569">
     <span class='ocr_line' id='line_1_115' title="bbox 1939 5499 3520 5569; baseline 0.001 -15"><span class='ocrx_word' id='word_1_865' title='bbox 1939 5499 2167 5569; x_wconf 89' lang='lat' dir='ltr'><strong>depulit,</strong></span> <span class='ocrx_word' id='word_1_866' title='bbox 2195 5499 2289 5555; x_wconf 87' lang='lat' dir='ltr'><strong>sed</strong></span> <span class='ocrx_word' id='word_1_867' title='bbox 2319 5507 2520 5555; x_wconf 85' lang='lat' dir='ltr'><strong>metum</strong></span> <span class='ocrx_word' id='word_1_868' title='bbox 2561 5515 2669 5555; x_wconf 89' lang='lat' dir='ltr'><strong>non</strong></span> <span class='ocrx_word' id='word_1_869' title='bbox 2716 5499 2896 5554; x_wconf 90' lang='lat' dir='ltr'><strong>statim</strong></span> <span class='ocrx_word' id='word_1_870' title='bbox 2942 5501 3179 5556; x_wconf 85' lang='lat' dir='ltr'><strong>sustulit.</strong></span> <span class='ocrx_word' id='word_1_871' title='bbox 3229 5500 3361 5556; x_wconf 81' lang='lat' dir='ltr'><strong>Nam</strong></span> <span class='ocrx_word' id='word_1_872' title='bbox 3410 5502 3520 5555; x_wconf 89' lang='lat' dir='ltr'><strong>ait:</strong></span> 
     </span>
    </p>
   </div>
   <div class='ocr_carea' id='block_1_116' title="bbox 1947 5591 3523 5649">
    <p class='ocr_par' dir='ltr' id='par_1_116' title="bbox 1947 5591 3523 5649">
     <span class='ocr_line' id='line_1_116' title="bbox 1947 5591 3523 5649; baseline 0.002 -4"><span class='ocrx_word' id='word_1_873' title='bbox 1947 5592 2310 5646; x_wconf 73' lang='lat' dir='ltr'><strong>Anusntiatum</strong></span> <span class='ocrx_word' id='word_1_874' title='bbox 2334 5600 2408 5647; x_wconf 84' lang='lat' dir='ltr'><strong>est</strong></span> <span class='ocrx_word' id='word_1_875' title='bbox 2430 5591 2482 5645; x_wconf 78' lang='lat' dir='ltr'><strong>in</strong></span> <span class='ocrx_word' id='word_1_876' title='bbox 2512 5591 2665 5647; x_wconf 81' lang='lat' dir='ltr'><strong>domo</strong></span> <span class='ocrx_word' id='word_1_877' title='bbox 2696 5591 2864 5648; x_wconf 73' lang='lat' dir='ltr'><strong>David</strong></span> <span class='ocrx_word' id='word_1_878' title='bbox 2894 5610 2907 5647; x_wconf 88' lang='lat'><strong>:</strong></span> <span class='ocrx_word' id='word_1_879' title='bbox 2935 5593 3201 5649; x_wconf 79' lang='lat' dir='ltr'><strong>Consensit</strong></span> <span class='ocrx_word' id='word_1_880' title='bbox 3228 5596 3384 5647; x_wconf 74' lang='lat' dir='ltr'><strong>Aram</strong></span> <span class='ocrx_word' id='word_1_881' title='bbox 3408 5610 3523 5648; x_wconf 75' lang='lat' dir='ltr'><strong>cum</strong></span> 
     </span>
    </p>
   </div>
   <div class='ocr_carea' id='block_1_117' title="bbox 1938 5676 3524 5755">
    <p class='ocr_par' dir='ltr' id='par_1_117' title="bbox 1938 5676 3524 5755">
     <span class='ocr_line' id='line_1_117' title="bbox 1938 5676 3524 5755; baseline 0.002 -21"><span class='ocrx_word' id='word_1_882' title='bbox 1938 5678 2213 5749; x_wconf 74' lang='lat' dir='ltr'><strong>Ephraim.</strong></span> <span class='ocrx_word' id='word_1_883' title='bbox 2263 5676 2335 5733; x_wconf 83' lang='lat' dir='ltr'><strong>Et</strong></span> <span class='ocrx_word' id='word_1_884' title='bbox 2365 5690 2530 5735; x_wconf 82' lang='lat' dir='ltr'><strong>emo&#39;a</strong></span> <span class='ocrx_word' id='word_1_885' title='bbox 2567 5690 2643 5735; x_wconf 86' lang='lat' dir='ltr'><strong>est</strong></span> <span class='ocrx_word' id='word_1_886' title='bbox 2680 5682 2854 5738; x_wconf 77' lang='lat' dir='ltr'><strong>anima</strong></span> <span class='ocrx_word' id='word_1_887' title='bbox 2880 5684 3022 5755; x_wconf 83' lang='lat' dir='ltr'><strong>ejus,</strong></span> <span class='ocrx_word' id='word_1_888' title='bbox 3054 5692 3102 5738; x_wconf 83' lang='lat' dir='ltr'><strong>et</strong></span> <span class='ocrx_word' id='word_1_889' title='bbox 3142 5684 3316 5737; x_wconf 83' lang='lat' dir='ltr'><strong>animo</strong></span> <span class='ocrx_word' id='word_1_890' title='bbox 3344 5682 3524 5753; x_wconf 84' lang='lat' dir='ltr'><strong>populi</strong></span> 
     </span>
    </p>
   </div>
   <div class='ocr_carea' id='block_1_118' title="bbox 1941 5772 3522 5847">
    <p class='ocr_par' dir='ltr' id='par_1_118' title="bbox 1941 5772 3522 5847">
     <span class='ocr_line' id='line_1_118' title="bbox 1941 5772 3522 5847; baseline 0.004 -18"><span class='ocrx_word' id='word_1_891' title='bbox 1941 5773 2073 5845; x_wconf 80' lang='lat' dir='ltr'><strong>ejus.</strong></span> <span class='ocrx_word' id='word_1_892' title='bbox 2105 5773 2238 5831; x_wconf 86' lang='lat' dir='ltr'><strong>Cum</strong></span> <span class='ocrx_word' id='word_1_893' title='bbox 2278 5772 2394 5831; x_wconf 91' lang='lat' dir='ltr'><strong>vult</strong></span> <span class='ocrx_word' id='word_1_894' title='bbox 2424 5773 2567 5833; x_wconf 77' lang='lat' dir='ltr'><strong>Deus</strong></span> <span class='ocrx_word' id='word_1_895' title='bbox 2592 5774 2796 5847; x_wconf 86' lang='lat' dir='ltr'><strong>aliquid</strong></span> <span class='ocrx_word' id='word_1_896' title='bbox 2825 5776 3155 5847; x_wconf 88' lang='lat' dir='ltr'><strong>inopinatum</strong></span> <span class='ocrx_word' id='word_1_897' title='bbox 3185 5774 3383 5837; x_wconf 88' lang='lat' dir='ltr'><strong>facere.</strong></span> <span class='ocrx_word' id='word_1_898' title='bbox 3414 5790 3522 5835; x_wconf 84' lang='lat' dir='ltr'><strong>non</strong></span> 
     </span>
    </p>
   </div>
  </div>
