4048 6444
252 368 328 423 79
1541 360 1609 417 1N
1648 357 1904 427 ISAIAM,
1954 358 2107 418 CAP.
2145 360 2261 417 VII.
3413 359 3488 415 80

244 483 430 546 λοντας
460 482 751 536 ἀπολαύειν
779 482 837 537 ἐν
856 482 1109 555 αἰσθήσει
1145 480 1254 534 τῶν
1280 478 1467 532 δεινῶν
1492 478 1692 548 ἀφήσει
1731 493 1823 545 γε·

245 571 430 627 νέσθαι
461 584 488 612 ι
515 610 531 635 ,
561 573 648 626 ῖνα
672 574 811 642 μετά
838 573 936 645 τὴν
961 571 1282 642 ἀπαλλαγὴν
1304 569 1412 622 τῶν
1437 568 1627 622 δεινῶν
1656 568 1822 637 μηδε-

249 661 376 732 μίαν
424 662 812 733 ἀγνωμοσύνην
869 661 1263 725 ἐπιδείξωνται.
1335 656 1553 727 Ἐπειδὴ
1605 655 1714 726 γὰρ
1769 656 1820 708 οί

248 750 430 804 πολλοὶ
459 751 567 806 τῶν
598 751 919 822 ἀνθρώπων,
950 752 1020 805 τά
1052 752 1149 821 μὲν
1179 749 1283 802 ὑπὸ
1305 748 1495 817 τύφου,
1530 746 1599 801 τά
1630 747 1687 800 δὲ
1714 746 1821 799 ὑπὸ

250 841 519 912 ῥᾳθυμίας
546 843 983 897 ἐπιλανθάνονται
1012 841 1122 895 τῶν
1151 839 1337 894 δεινῶν
1371 836 1506 910 μετά
1530 838 1629 907 τὴν
1650 835 1823 893 ἀπαλ-

247 929 419 1003 λαγὴν
445 933 557 986 τῶν
594 933 800 995 δεινῶν,
828 933 861 1004 ἢ
896 933 969 1005 μὴ
1011 930 1485 1001 ἐπιλανθανόμενοι
1516 929 1724 990 ἑαυτοῖς
1743 926 1822 979 λο-

245 1019 496 1090 γίζεσθαι
526 1023 800 1093 βούλονται
835 1025 904 1079 τά
932 1022 1350 1096 κατορθώματα,
1383 1021 1644 1092 πρότερον
1663 1017 1822 1089 ἀφεὶς

245 1111 444 1175 αὐτοὺς
497 1112 603 1166 ὑπὸ
638 1114 744 1167 τῶν
800 1112 1060 1183 λυπηρῶν
1104 1111 1509 1173 κατασείεσθαι,
1551 1109 1671 1162 τότε
1723 1108 1822 1178 τὴν

248 1196 559 1269 ἐλευθερίαν
582 1200 762 1253 δίδωσι
783 1201 891 1255 τῶν
917 1198 1273 1270 ἐνοχλούντων
1292 1215 1305 1231 ο
1334 1199 1362 1250 δ
1385 1198 1448 1268 δὴ
1473 1197 1568 1251 καί¹
1591 1194 1823 1248 ἐνταῦθα

246 1288 569 1358 πεποίηκεν.
614 1288 849 1358 ’Δφῆκεν
893 1288 1072 1343 αὐτῶν
1126 1288 1227 1352 τὰς
1272 1286 1495 1358 καρδίας
1527 1284 1820 1355 ἐκστῆναι,

245 1376 460 1447 ἀφῆκεν
499 1381 579 1443 εἰς
606 1380 841 1449 ἀγωνίαν
875 1380 1129 1449 γενέσθαι
1158 1380 1357 1449 πολλὴν
1376 1418 1391 1442 ,
1436 1380 1529 1431 καὶ
1573 1378 1694 1429 τότε
1725 1373 1823 1447 τὴν

245 1466 399 1521 λύσιν
426 1470 689 1539 ἐπήγαγε.
726 1469 896 1523 Τοῦτο
918 1472 1012 1524 καὶ
1036 1472 1130 1524 ἐπὶ
1159 1469 1253 1523 τοῦ
1292 1469 1523 1541 μεγάλου
1557 1469 1822 1539 πεποίηκε

244 1559 429 1613 Δαυῖδ.
467 1560 679 1632 Ἐπειδὴ
703 1562 813 1632 γὰρ
844 1561 1077 1632 ἤμελλεν
1100 1562 1263 1616 αὐτὸν
1287 1559 1365 1625 είς
1392 1562 1491 1633 τὴν
1521 1558 1823 1631 παράταξιν

245 1647 554 1718 ἐξαγαγεῖν,
588 1653 680 1704 καὶ
712 1652 772 1705 τὸ
798 1650 1048 1724 λαμπρὸν
1094 1653 1270 1707 ἐκεῖνο
1302 1653 1559 1723 τρόπαιον
1587 1650 1823 1721 ἐγείρειν

244 1735 335 1790 διά
371 1737 480 1790 τῶν
509 1739 717 1794 ἐκείνου
739 1741 959 1811 χειρῶν,
994 1742 1095 1795 οὐκ
1123 1744 1187 1795 ἐκ
1217 1742 1516 1813 προοιμίων
1539 1740 1631 1794 τοῦ
1666 1740 1825 1793 πολέ-

248 1842 351 1895 μου
371 1827 530 1881 τοῦτο
561 1829 830 1901 ἐποίησεν,
854 1830 968 1885 ἀλλ’
993 1832 1151 1901 ἀφεὶς
1175 1832 1581 1903 τεσσαράκοντα
1612 1831 1824 1903 ἡμέρας

244 1917 443 1982 αὐτοὺς
494 1921 931 1993 κατεργασθῆναι
982 1922 1061 1994 τῷ
1115 1923 1284 1995 φόϐῳ,
1341 1924 1429 1976 ὅτε
1475 1923 1575 1993 τὴν
1619 1921 1825 1975 οἰκείαν

244 2006 566 2075 ἀπέγνωσαν
589 2012 882 2080 σωτηρίαν,
901 2012 996 2066 καὶ
1017 2014 1184 2084 μυρία
1207 2012 1553 2075 ὀνειδίζοντος
1578 2011 1671 2065 τοῦ
1696 2012 1826 2081 βαρ-

246 2093 440 2166 ϐάρου,
469 2098 588 2152 οὐδὲ
616 2099 757 2153 οὕτω
790 2118 875 2165 τις
912 2103 1179 2172 ἐτόλμησε
1210 2101 1549 2172 διεγερθῆναι
1567 2141 1583 2168 ,
1612 2102 1705 2154 καὶ
1740 2100 1827 2154 δέ·

248 2184 443 2248 ξασθαι
470 2187 560 2241 τὸν
586 2191 895 2257 ἀντίπαλον,
924 2192 1047 2245 τότε
1073 2192 1159 2263 δὴ,
1183 2191 1305 2245 τότε
1332 2192 1429 2262 τῆς
1450 2192 1619 2262 ἥττης
1647 2191 1826 2244 αὐτῶν

244 2276 684 2351 όμολογτιιθείσης⁹
714 2284 919 2353 καὶτῆς
941 2283 1225 2346 ἀσθενείας
1246 2300 1379 2352 φανε
1389 2284 1486 2353 ρᾶς
1506 2282 1825 2354 γενομένης,

246 2369 422 2439 ἧγαγε
441 2371 502 2423 τὸ
531 2373 813 2444 μειράκιον
844 2375 938 2427 ἐπὶ
967 2374 1060 2427 τὸν
1094 2374 1330 2445 πόλεμον
1349 2415 1365 2441 ,
1400 2374 1495 2427 καὶ
1521 2375 1619 2445 τὴν
1648 2373 1829 2443 παρά-

244 2454 396 2521 δοξον
448 2459 663 2532 ἐκείνην
711 2462 867 2533 νίκην
912 2462 1225 2533 εἰργάσατο.
1276 2464 1338 2516 Εἰ
1387 2462 1497 2535 γάρ
1545 2462 1639 2515 καὶ
1689 2462 1829 2532 μετά

244 2546 451 2613 ταῦτα,
484 2552 577 2603 καὶ
606 2552 707 2621 τὴν
734 2554 1004 2625 τοσαύτην
1036 2556 1137 2625 τῆς
1176 2552 1456 2615 ἀσθενείας
1484 2552 1661 2606 αὐτῶν
1689 2554 1828 2607 ἀπό-

244 2636 433 2705 δειξιν,
461 2644 491 2693 ό
519 2641 712 2706 σωθεὶς
743 2643 1015 2711 βασιλεὺς,
1052 2644 1157 2697 ὑπὸ
1180 2644 1376 2713 φθόνου
1407 2644 1500 2697 καὶ
1531 2641 1830 2713 βασκανίας

246 2726 572 2798 νικώμενος,
606 2732 930 2786 ἐπεϐούλευε
958 2733 1035 2805 τῷ
1076 2735 1273 2799 Δαυῒδ,
1307 2733 1400 2787 τοῦ
1437 2734 1639 2797 πάθους
1676 2734 1830 2801 γενό-

250 2832 411 2887 μενος
432 2818 571 2883 ὅλος,
604 2822 697 2874 καὶ
728 2821 1000 2894 ἀγνώμων
1029 2826 1157 2896 περὶ
1188 2825 1280 2879 τὸν
1307 2824 1600 2894 εὐεργέτην
1632 2823 1828 2894 ἐφάνη,

248 2911 300 2964 εἰ
337 2909 413 2981 μὴ
433 2911 689 2965 τοσοῦτον
717 2911 914 2967 ἔδωκεν
943 2914 1163 2985 ἔλεγχον
1182 2916 1275 2969 καὶ
1305 2913 1405 2984 τῆς
1428 2914 1593 2967 αὐτοῦ
1619 2914 1712 2968 καὶ
1735 2913 1831 2967 τοῦ

249 3001 614 3070 στρατοπέδου
660 3003 859 3067 παντὸς
895 3004 1207 3076 ἀνανδρίας,
1237 3006 1290 3058 τί
1324 3004 1422 3058 οὐκ
1468 3005 1536 3058 ἂν
1569 3003 1829 3074 ἐποίησε;

247 3089 422 3144 Τοῦτο
446 3092 578 3145 αὐτὸ
608 3093 703 3146 καὶ
734 3094 969 3165 ἀλλαχοῦ
1010 3093 1279 3166 πολλαχοῦ
1308 3096 1399 3148 τὸν
1424 3095 1554 3149 Θεὸν
1577 3094 1832 3148 ποιοῦντα

248 3184 351 3237 ῖδοι
381 3201 467 3247 τις
495 3184 561 3237 ἄν
581 3202 596 3217 ·
639 3186 667 3240 δ
707 3187 772 3258 δὴ
802 3188 897 3241 καὶ
931 3186 1163 3240 ἐνταῦθα
1191 3186 1420 3255 γίνεται.
1468 3185 1687 3254 Ἐπειδὴ
1722 3186 1832 3257 γὰρ

254 3276 435 3345 μέλλει
478 3275 627 3330 λύειν
668 3277 759 3329 τὸν
802 3274 1061 3346 πόλεμον,
1102 3278 1196 3330 καὶ
1236 3276 1596 3331 ἀπαλλάττειν
1635 3277 1833 3339 αὐτοὺς

248 3366 361 3422 τῶν
380 3366 658 3437 λυπηρῶν,
688 3365 877 3437 ἀφίησι
907 3366 1174 3439 πρότερον
1196 3364 1306 3419 τῶν
1329 3366 1515 3420 δεινῶν
1530 3366 1829 3421 αἰσθέσθαι.

265 3455 515 3522 Ἐξέστη
532 3458 658 3527 γάρ,
680 3457 863 3529 φησὶν,
881 3459 919 3525 ἡ
940 3456 1110 3525 ψυχὴ
1126 3456 1336 3521 αὐτοῦ,
1355 3457 1451 3510 καὶ
1476 3457 1514 3525 ἠ
1537 3458 1707 3526 ψυχὴ
1726 3457 1832 3511 τοῦ

250 3546 406 3600 ,ιαοῦ
432 3546 639 3610 αὐτοῦ,
664 3546 737 3599 ὃν
753 3546 975 3613 τρόπον
994 3547 1064 3599 ἐν
1081 3544 1281 3615 δρυμῷ
1305 3543 1493 3610 ξύλον
1508 3546 1627 3601 ὑπὸ
1655 3547 1835 3600 πνεύ-

248 3650 435 3702 ματος
461 3634 753 3701 σαλευθῄκ
791 3634 900 3687 Καὶ
942 3633 1099 3687 τοῦτο
1131 3635 1470 3704 προφητείας
1501 3634 1649 3698 ῐδιον,
1686 3634 1747 3686 τὸ
1766 3633 1834 3687 τά

254 3724 545 3794 ἀπόρρητα
579 3724 757 3777 αὐτῶν
777 3725 805 3765 b
827 3725 907 3787 είς
955 3724 1118 3787 μέσον
1154 3724 1407 3791 ἀγαγεῖν.
1431 3725 1503 3775 Τὸ
1528 3723 1635 3794 γὰρ
1662 3723 1834 3787 πάθος

259 3812 392 3881 ὑμῖν
421 3812 711 3882 ἐρμηνεύει
738 3813 834 3882 τῆς
873 3813 1100 3865 ἑκάστου
1132 3813 1386 3877 διανοίας,
1416 3812 1509 3865 καὶ
1539 3813 1835 3882 σαφηνείας

256 3903 442 3956 ἐνεκεν
461 3903 552 3955 καὶ
566 3903 745 3955 εἰκόνα
760 3902 1133 3973 προστίθησιν,
1147 3902 1287 3955 ὥστε
1302 3901 1468 3967 δεῖξαι
1480 3902 1579 3970 τὴν
1591 3902 1835 3954 ἐπίτασιν

256 3994 354 4064 τῆς
386 3992 640 4060 ἀγωνίας.
672 3992 950 4062 Διεσείσθη
991 3991 1101 4062 γάρ
1130 3992 1331 4059 αὐτῶν,
1362 3992 1547 4062 φησὶν,
1587 3993 1620 4061 ἡ
1666 3991 1834 4062 ψυχὴ,

258 4081 563 4154 κατεϐλήθη
596 4083 654 4135 τὸ
685 4082 958 4155 φρόνημα,
989 4082 1312 4150 ἀπέγνωσαν
1336 4083 1433 4152 τῆς
1458 4081 1749 4152 σωτηρίας,
1778 4082 1837 4133 ἐν

257 4173 509 4245 ἐσχάτοις
532 4173 774 4243 ἐνόμιζον
799 4170 937 4226 εἶναι
957 4215 969 4236 ,
1008 4172 1162 4225 οὐδεν
1208 4172 1441 4241 χρηστὸν
1471 4170 1834 4240 προσεδόκων,

265 4267 491 4327 ἕκαστος
519 4264 619 4317 ὑπὸ
642 4264 753 4317 τῶν
790 4264 1005 4316 οἰκείων
1028 4263 1303 4331 λογισμῶν
1338 4260 1722 4331 προδεδομένος
1746 4255 1832 4329 ἦν.

262 4354 328 4408 Τί
366 4352 461 4407 οὖν
493 4356 523 4407 ό
552 4354 712 4420 Θεός;
749 4353 1012 4426 Προλέγει
1052 4354 1154 4425 τὴν
1196 4351 1531 4423 ἀπαλλαγὴν,
1574 4352 1666 4405 καὶ
1716 4351 1837 4403 τότε

261 4446 432 4516 αὐτὴν
456 4446 767 4516 ἐργάζεται,
799 4445 886 4497 ἵνα
910 4445 984 4515 μὴ
1010 4443 1157 4514 ἀλλῳ
1192 4444 1298 4496 τινὶ
1325 4443 1647 4511 λογίσωνται
1676 4442 1838 4495 πάλιν

261 4536 360 4606 τὴν
385 4536 484 4606 τῆς
510 4536 714 4599 πόλεως
742 4535 1073 4606 ἐλευθερίαν,
1102 4536 1194 4588 καὶ
1216 4533 1422 4603 πέμπει
1442 4534 1530 4586 τὸν
1554 4534 1839 4604 προφήτην

263 4627 749 4696 πρωναφωνοῦντα
773 4626 842 4680 τά
875 4627 1157 4696 μέλλοντα.
1187 4622 1340 4680 Εἷπε
1375 4630 1502 4696 γὰρ,
1542 4625 1695 4695 φησὶ,
1732 4624 1842 4677 Κύ-

262 4733 388 4783 ριος
432 4718 580 4783 πρὸς
618 4719 892 4771 Ἡσαΐαν·
922 4718 1165 4782 Ἔξελθε
1202 4720 1288 4782 είς
1326 4716 1705 4783 συνάντησιν
1734 4713 1841 4767 τοῦ

270 4805 471 4873 Ἀχαζζ
503 4806 583 4858 σὺ
606 4806 701 4858 καί
730 4809 762 4858 ό
798 4805 1471 4873 καταλειφθείςἸασοὺϐ
1497 4808 1529 4858 ό
1550 4808 1677 4871 υἱός
1702 4820 1837 4868 σου,

268 4903 419 4965 πρὸς
469 4897 887 4964 κολυμϐήθραν
936 4896 1047 4963 τῆς
1089 4896 1310 4951 ἀνόδου
1354 4896 1458 4949 τοῦ
1509 4896 1691 4965 ἀγροῦ
1735 4895 1842 4949 τοῦ

272 4990 563 5063 γναφέως.
600 4989 705 5041 Καὶ
749 4989 899 5055 ἐρεῖς
942 4988 1135 5053 αὐτῷ·
1182 4989 1449 5053 φύλαξαι
1481 4989 1586 5042 τοῦ
1618 4987 1845 5057 ἡσυχά-

272 5100 396 5147 σαι,
428 5080 527 5134 καὶ
553 5080 636 5149 μὴ
663 5081 867 5148 φοϐοῦ,
895 5080 1050 5148 μηδὲ
1080 5081 1119 5148 ἡ
1147 5080 1316 5148 ψυχή
1347 5096 1460 5134 σου
1486 5080 1839 5133 ἀσθενείτωσ

266 5174 423 5242 μηδὲ
460 5171 722 5241 φοϐηθῇς
760 5171 875 5224 ἀπὸ
925 5169 1043 5223 τῶν
1092 5170 1201 5222 δύο
1240 5169 1439 5233 ξύλων
1479 5166 1596 5221 τῶν
1643 5166 1846 5221 δαλῶν

275 5264 393 5317 τῶν
425 5263 861 5333 καπνιζομένων
904 5262 1152 5314 τούτων.
1182 5258 1362 5313 Ὅταν
1399 5260 1509 5327 γὰρ
1555 5259 1699 5327 ὀργὴ
1742 5258 1846 5311 τοῦ

278 5357 469 5423 θυμοῦ
489 5374 608 5423 μου
640 5355 904 5424 γένηται,
935 5351 1125 5405 πάλιν
1156 5352 1414 5420 ἰάσομαι.
1448 5350 1513 5401 Τί
1540 5348 1850 5415 ἐστιν,Ἕξ-

278 5451 417 5499 ελθε
438 5449 524 5511 εὶς
551 5445 927 5510 συνάντησιν
949 5458 967 5503 ;
998 5440 1128 5493 Ἀπὸ
1155 5441 1248 5493 τοῦ
1278 5440 1439 5508 φόϐου
1468 5442 1560 5492 καί
1584 5441 1682 5510 τῆς
1706 5440 1853 5507 ἀγω-

282 5537 399 5598 νίας
412 5532 788 5603 οὑχήσύχαζεν
800 5534 827 5583 ό
848 5530 1240 5600 βασιλεὺς,οὖδὲ
1258 5528 1696 5600 οἶκοιΠημένειν
1711 5528 1853 5597 ἠνεί-

285 5646 491 5758 difﬁc
522 5657 633 5693 cum
672 5642 851 5692 Savilio
890 5645 1011 5704 puto
1044 5640 1313 5702 legendum
1355 5651 1466 5687 esse
1520 5639 1685 5695 ἀφίησι
1724 5639 1855 5698 γενέ-

292 5830 342 5877 in
360 5843 476 5876 mss.
500 5819 733 5885 δετὶριιιπι
763 5824 917 5872 fuisse
940 5819 1157 5885 ἄνων,ἱᾴ
1181 5829 1260 5885 εξι
1278 5822 1554 5885 ἀνθρώπων.
1583 5819 1694 5866 Sed
1740 5822 1857 5877 pulo

290 5892 449 5942 locum
466 5880 824 5947 beue'habere,
860 5890 914 5934 et
936 5883 1091 5931 αὐτῶν
1112 5881 1189 5931 hic
1214 5880 1429 5942 intelligi
1464 5881 1761 5929 Judzeorum.

1930 489 2117 548 χετοο,
2152 476 2266 532 ἀλλ’
2298 476 2435 545 ὅπερ
2481 471 2600 535 ἔθος
2640 470 2751 534 τοῖς
2786 466 3256 539 πολιορκουμένοις
3289 466 3485 536 ύπομίο

1928 584 2058 631 νειν,
2084 566 2320 635 συνεχῶς
2347 563 2513 634 ἐξῄει,
2538 561 2610 615 τά
2635 560 2789 629 τείχη
2816 556 3183 628 περισκοπῶν,
3211 556 3346 630 πρὸς
3365 557 3488 619 ταῖς

1930 658 2127 720 πύλαις
2155 656 2456 726 γινόμενος,
2483 651 2972 724 περιεργαζόμενος
2992 653 3084 702 καὶ
3104 646 3489 717 πολυπραγμοο

1929 746 2058 812 νῶν,
2090 746 2206 810 πῶς
2238 746 2306 800 τά
2328 745 2437 798 τῶν
2466 741 2735 812 πολεμίων
2765 738 3029 792 διάκειται
3049 736 3366 807 πράγματα.
3391 736 3491 790 Διά

1927 833 2082 888 τοῦτό
2122 850 2313 905 φησιν’
2342 832 2587 897 Ἔξελθε
2620 831 2706 896 εἰς
2742 826 3138 894 συνάντησιν.
3169 825 3234 878 Τί
3263 825 3318 878 δέ
3350 825 3490 891 ἐστι,

1928 925 2013 978 Σὺ
2054 924 2152 978 καί
2194 927 2226 978 ό
2256 920 2669 991 καταλειφθείς
2701 916 2942 974 ἰασοὺϐ
2974 919 3007 970 ὁ
3044 917 3173 979 υἱός
3200 929 3353 977 σου;
3390 913 3493 969 ἰα-

1932 1014 2063 1066 σοὺϐ
2087 1016 2151 1084 τῇ
2188 1012 2451 1083 Ἐϐραίων
2485 1008 2698 1078 γλώττῃ
2719 1008 2753 1077 ὴ
2783 1003 3094 1073 ἀναστροφὴ
3123 1000 3361 1068 λέγεται,
3395 1000 3493 1052 καὶ

1930 1106 1963 1175 ἡ
2003 1104 2263 1172 διαγωγή.
2310 1102 2409 1156 Διά
2447 1101 2603 1155 τοῦτο
2640 1099 2733 1151 καὶ
2786 1097 2814 1148 ό
2868 1094 3062 1147 Ἰεσσαὶ
3121 1098 3354 1161 πέμπων
3399 1090 3493 1143 τὸν

1930 1193 2094 1248 Δαυῖδ
2116 1194 2287 1262 ἐλεγε-
2314 1192 2422 1248 Καὶ
2449 1188 2761 1246 τὸἸασοὺϐ
2784 1182 2978 1239 αὐτῶν
3008 1182 3199 1251 λήψῃ·
3224 1179 3488 1242 τουτέστι,

1929 1283 2027 1356 τὴν
2058 1283 2399 1354 ἀναστροφὴν
2437 1281 2616 1335 αὐτῶν
2668 1274 2997 1345 ἀπαγγελεῖς
3045 1289 3164 1343 μοι,
3195 1272 3289 1325 καὶ
3319 1271 3371 1325 τί
3408 1269 3493 1324 δι-

1932 1371 2124 1441 άγουσι
2149 1372 2495 1442 πράττοντες.

2000 1462 2070 1531 Υ.
2098 1463 2209 1516 Καὶ
2223 1459 2454 1514 ἐνταῦθα
2474 1454 2812 1525 τοίνυν,ἐμοὶ
2829 1454 2994 1517 δοκεῖ,
3024 1454 3053 1506 ὁ
3081 1450 3363 1523 προφήτης
3394 1465 3493 1504 κε-

1930 1548 2187 1605 λεύεταιά
2217 1548 2417 1620 πλῆθος
2455 1546 2573 1618 μεθ’
2603 1543 2794 1598 ἐαυτοῦ
2842 1541 3044 1605 λαϐεῖν,
3078 1541 3143 1595 ἵν’
3194 1541 3321 1594 ὅταν
3353 1539 3489 1609 ἐκϐῇ

1929 1643 1999 1697 τά
2028 1640 2394 1713 γεγενημένα,
2430 1638 2504 1710 μὴ
2534 1637 2632 1707 ἔχῃ
2674 1633 3006 1704 ἀγνωμονεῖν
3037 1635 3065 1684 ό
3100 1630 3348 1701 βασιλεὺς
3367 1668 3382 1695 ,
3415 1629 3495 1693 ὡς

1930 1732 2083 1786 οὐδὲν
2126 1732 2328 1785 τούτων
2372 1726 2626 1798 ἀκηκοὼς
2654 1724 2807 1796 παρὰ
2837 1722 2929 1778 τοῦ
2964 1722 3261 1791 προφήτου.
3300 1721 3364 1772 '0
3399 1715 3495 1772 οὖν

1933 1840 2087 1894 φησι,
2117 1821 2276 1875 τοῦτό
2305 1820 2482 1874 ἐστιν·
2508 1816 2727 1882 Ἔξελθε
2756 1816 2834 1878 εἰς
2860 1811 3199 1880 συνάντησιν,
3229 1808 3292 1860 συ
3318 1808 3411 1861 καὶ
3441 1807 3493 1859 οί

1932 1914 2388 1985 ἀναστρεφόμενοι
2442 1909 2579 1981 μετά
2627 1906 2756 1971 σοῦ,
2816 1906 2865 1958 οί
2909 1898 3352 1968 καταλειφθέντες
3398 1896 3492 1949 τοῦ

1932 2006 2086 2062 λαοῦ.
2117 2005 2210 2077 Μὴ
2235 2003 2520 2074 θαυμάσῃς
2543 2000 2599 2054 δέ
2622 2000 2669 2053 εἰ
2696 1997 2808 2051 υίδν
2846 1992 3011 2049 αὑτοῦ
3040 1991 3195 2046 καλεῖ
3220 1989 3308 2042 τὸν
3331 1988 3455 2040 λαόν
3474 2004 3490 2018 ·

1932 2098 2028 2151 καὶ
2057 2098 2166 2166 γὰρ
2197 2094 2398 2165 προϊών
2429 2107 2592 2162 φησιν
2614 2106 2629 2122 ο
2673 2087 2826 2143 Ἰδοὺ
2862 2083 2995 2155 ἐγὼ.
3034 2081 3134 2136 καί
3168 2081 3239 2136 τὰ
3267 2078 3493 2166 παιδία,

1934 2186 1973 2240 ἆ
1998 2164 2096 2255 μοι
2130 2164 2353 2237 ἔδωκεν
2394 2184 2427 2235 ὁ
2468 2178 2627 2244 Θεός.
2673 2175 2782 2230 Καὶ
2811 2172 2919 2244 γάρ
2946 2169 3194 2240 πατέρων
3218 2164 3368 2229 τάξιν
3396 2165 3497 2255 tu?

1935 2252 2079 2345 εἶχον
2110 2276 2159 2327 οἰ
2188 2274 2353 2341 ἅγιοι,
2381 2272 2448 2341 τῇ
2478 2267 2666 2337 ἀγάπῃ
2709 2264 2804 2318 καὶ
2835 2265 2902 2334 τῇ
2943 2256 3234 2331 κηδεμονία
3269 2257 3335 2326 τῇ
3370 2252 3499 2324 περὶ

1935 2366 2024 2419 τὸν
2054 2366 2222 2435 δῆμον
2247 2364 2452 2419 ἐκεῖνον
2487 2359 2695 2419 πάντας
2722 2355 2848 2417 τοὺς
2885 2352 2983 2420 τῆς
3011 2349 3225 2419 φύσεως
3257 2346 3498 2417 ἀποκρύ-

1936 2475 2159 2520 πτοντες
2200 2456 2458 2526 πατέρας.
2503 2448 2977 2517 Καταλειφθέντας
3018 2443 3076 2496 δέ
3117 2459 3279 2511 φησι,
3320 2440 3406 2494 διὰ
3437 2441 3499 2494 τὸ

1936 2543 2163 2605 πολλοὺς
2200 2539 2560 2611 ἀπενηνέχθαι
2590 2537 2693 2590 ὑπὸ
2714 2534 2821 2588 τῶν
2848 2531 3138 2602 πολεμίων.
3164 2530 3260 2583 Ἐν
3280 2528 3353 2598 τῇ
3380 2529 3498 2595 ὀδῷ

1936 2634 2042 2689 τοῦ
2084 2632 2268 2703 ἀγροῦ
2304 2632 2411 2686 τοῦ
2453 2628 2749 2701 γναφέως.
2784 2625 2993 2693 Πολλῆς
3025 2641 3113 2693 μοι
3142 2621 3375 2691 ἀπορίας
3407 2619 3502 2675 καὶ

1936 2725 2094 2779 τοῦτο
2121 2720 2259 2777 εἶναι
2287 2722 2459 2788 δοκεῖ,
2488 2720 2541 2773 εί
2567 2735 2631 2787 γε
2657 2717 2708 2770 οἰ
2743 2712 3243 2783 συγκεκλεισμένοι,
3271 2710 3364 2764 καὶ
3401 2726 3503 2762 πο-

1937 2815 2332 2886 λιορκούμενοι,
2373 2812 2466 2866 καὶ
2520 2809 2652 2881 μηδὲ
2701 2805 2975 2878 προκύψαι
3019 2803 3358 2873 τολμῶντες,
3398 2800 3502 2868 ἔξω

1940 2906 2123 2960 πυλῶν
2152 2904 2454 2974 ἐφαίνοντο.
2503 2900 2613 2955 Καὶ
2654 2896 2763 2967 γὰρ
2796 2895 2900 2960 ἔξω
2921 2893 3115 2965 τειχῶν
3145 2894 3179 2962 ἡ
3206 2893 3322 2954 ὁδὸς
3362 2891 3501 2961 αὓτη

1940 3000 2188 3066 φαίνεται
2243 2993 2339 3048 νῦν
2382 2987 2538 3045 οὖσα.
2580 2988 2678 3051 Τίς
2721 2981 2814 3040 οὖν
2859 2985 2893 3055 ἡ
2940 2983 3093 3047 λύσις
3134 2982 3230 3051 τῆς
3274 2980 3504 3052 ἀπορίας

1938 3092 2173 3160 ταύτης;
2202 3091 2323 3142 Ὅτι
2362 3088 2423 3140 τδ
2455 3083 2682 3138 παλαιὸν
2726 3083 2912 3153 ἕτερον
2961 3078 3349 3149 περιεϐέϐλητο
3392 3078 3505 3129 τεῖ-

1941 3200 2033 3253 χος
2055 3197 2069 3210 '
2101 3182 2191 3235 καὶ
2220 3179 2329 3249 γὰρ
2356 3177 2518 3231 διπλᾶ
2549 3175 2617 3228 τά
2644 3174 2797 3244 τείχη
2826 3174 2892 3243 τῇ
2917 3170 3067 3224 πόλει
3094 3165 3164 3241 ἦν
3186 3184 3200 3200 ·
3229 3169 3323 3221 καὶ
3348 3166 3509 3221 τοῦτο

1944 3272 2124 3343 ῥᾴδιον
2154 3270 2211 3335 ἐξ
2242 3268 2427 3338 ἐτέρου
2460 3266 2739 3335 προφήτου
2772 3260 3003 3316 κατιδεῖν
3036 3261 3147 3315 ἐστι
3183 3260 3293 3321 τοῖς
3319 3257 3506 3328 βουλο-

1944 3363 2124 3434 μένοις
2151 3358 2458 3431 προσέχειν.
2500 3353 2757 3419 Έξελθὼν
2798 3352 2976 3406 τοίνυν
3026 3349 3303 3419 ἀνίστησιν
3330 3348 3507 3402 αὐτῶν

1939 3452 2009 3507 τὰ
2037 3452 2357 3522 φρονήματα
2388 3443 2877 3509 καταπεπτωκότα,
2920 3441 3013 3495 καὶ
3043 3441 3253 3494 κελεύει
3288 3440 3510 3510 θαρσεῖν

1942 3544 2080 3612 ὑπὲρ
2112 3541 2221 3595 τῶν
2253 3538 2573 3609 μελλόντων.
2610 3533 2912 3601 Ἦσύχασον
2943 3528 3069 3598 γάρ,
3117 3528 3269 3597 φησί,
3312 3528 3405 3580 καὶ
3432 3528 3507 3597 μὴ

1945 3631 2114 3703 φοϐοῦ
2134 3648 2145 3662 '
2179 3629 2273 3682 καὶ
2294 3626 2484 3688 δαλοὺς
2518 3623 2687 3688 ξύλων
2719 3619 2872 3673 καλεῖ
2905 3618 3029 3681 τοὺς
3058 3616 3327 3686 βασιλέας,
3374 3615 3507 3685 ὁμοῦ

1948 3724 2045 3794 μὲν
2086 3720 2264 3777 αὐτῶν
2305 3719 2367 3772 τὸ
2406 3715 2655 3786 σφοδρὸν,
2686 3710 2820 3783 ὁμοῦ
2858 3710 2951 3763 καὶ
2987 3709 3049 3761 τδ
3080 3707 3398 3778 εὐχείρωτον
3426 3708 3511 3759 ἐν-

1949 3814 2314 3882 δεικνύμενος.
2342 3808 2456 3861 Καῖ
2478 3806 2587 3877 γὰρ
2615 3804 2698 3869 τὸ,
2732 3798 3201 3867 Καπνιζομένων,
3243 3797 3330 3849 διὰ
3353 3796 3511 3850 τοῦτο

1946 3903 2334 3975 προστέθεικε,
2362 3897 2657 3959 τουτέστιν,
2689 3893 2852 3973 ἐγγὺς
2891 3892 3057 3943 ὄντων
3090 3887 3183 3941 τοῦ
3224 3888 3509 3957 σϐεσθῆναι

1943 3990 2147 4044 λοιπόν.
2178 3984 2317 4042 Εἶτα
2360 3983 2556 4055 δηλῶν,
2597 3980 2672 4043 ὡς
2702 3980 2763 4032 οὺ
2799 3978 2899 4046 τῆς
2940 3975 3161 4030 ἐκείνων
3197 3976 3507 4046 δυνάμεως,

1945 4081 2081 4136 ἀλλά
2108 4082 2205 4149 τῆς
2234 4076 2397 4130 αὑτοῦ
2447 4073 2843 4143 συγχωρήσεως
2888 4069 2921 4139 ἠ
2971 4067 3152 4137 ἔφοδος
3190 4061 3278 4137 ἦν,
3326 4066 3511 4136 φησιν’

1948 4174 2133 4226 Ὅταν
2171 4169 2280 4240 γὰρ
2324 4165 2467 4236 όρτή
2511 4164 2615 4218 τοῦ
2643 4162 2830 4230 θυμοῦ
2857 4177 2974 4230 μου
3022 4158 3291 4227 γένηται,
3327 4156 3515 4211 πάλιν

1949 4263 2210 4331 ίάσομαι.
2252 4259 2362 4313 Καὶ
2406 4260 2438 4311 ὁ
2470 4255 2600 4320 υἱὸς
2636 4252 2743 4306 τοῦ
2782 4251 2991 4319 Ἀρὰμ,
3035 4248 3133 4301 καί
3176 4250 3209 4301 ὁ
3241 4247 3370 4312 υίὸς
3405 4246 3517 4300 τοῦ

1957 4350 2291 4421 Ῥωμελίου,
2340 4347 2428 4400 ὅτι
2460 4343 2900 4399 ἐϐουλεύσαντο
2932 4338 3176 4404 ,βουλὴν
3223 4336 3516 4403 πονηρὰν,

1959 4442 2200 4511 Ἐςρραῒμ
2231 4439 2328 4493 καί
2372 4441 2404 4491 ὁ
2446 4435 2576 4498 υίὸς
2603 4432 2708 4486 τοῦ
2743 4430 3055 4497 Ῥωμελίου
3093 4427 3241 4480 κατὰ
3268 4426 3384 4481 σοῦ
3414 4428 3514 4481 λέ-

1948 4548 2187 4605 γοντες·
2243 4526 2678 4592 Ἀναϐησόμεθα
2741 4522 2829 4584 εἰς
2872 4518 2986 4585 τὴν
3046 4517 3365 4582 Ἰουδαίαν,
3415 4517 3522 4571 καὶ

1950 4622 2301 4689 κακώσομεν
2357 4614 2551 4680 αὐτὴν
2572 4624 2618 4675 θ,
2668 4609 2766 4663 καί
2822 4606 3327 4671 συλλαλήσαντες
3370 4606 3524 4661 ἀπο-

1950 4711 2291 4779 στρέψομεν
2323 4704 2543 4768 αὐτοὺς
2572 4700 2721 4769 πρὸς
2748 4697 2924 4766 ἡμᾶς,
2948 4696 3045 4749 καὶ
3064 4696 3531 4763 βασιλεύσομεν

1952 4799 2142 4867 αὐτῆς
2190 4797 2296 4850 τὸν
2336 4794 2469 4848 υἱὸν
2508 4789 2749 4855 Ταϐεήλ.
2797 4787 2940 4841 Τάδε
2965 4787 3123 4854 λέγει
3152 4785 3266 4857 [78]
3303 4786 3525 4852 Κύριος

1952 4889 2190 4944 Σαϐαὼθ
2210 4905 2222 4917 ⁵
2248 4888 2327 4941 Οὐ
2354 4884 2438 4954 μὴ
2465 4884 2643 4950 μείνῃ
2681 4881 2717 4948 ἡ
2740 4876 2936 4943 βουλὴ
2963 4877 3133 4941 αὕτη,
3155 4876 3293 4929 οὐδὲ
3323 4875 3513 4928 ἕσται-

1952 4982 2085 5036 ὰλνΓ
2128 4982 2165 5047 ἡ
2211 4976 2443 5047 κεφαλὴ
2500 4974 2669 5042 Ἀρὰμ
2702 4967 3014 5038 Δαμασκὸς
3036 5004 3049 5028 ,
3078 4965 3173 5017 καὶ
3209 4966 3245 5031 ἡ
3284 4965 3516 5033 κεφαλὴ

1954 5070 2270 5142 Δαμασκοῦ
2311 5066 2578 5123 Ῥασίντ.
2621 5063 2730 5116 Καὶ
2772 5061 2855 5112 ἐτι
2881 5059 3173 5123 ἐξήκοντα
3213 5056 3309 5109 καὶ
3341 5055 3521 5109 πέντε

1954 5163 2079 5229 ἐτη,
2106 5167 2199 5215 καί
2229 5159 2496 5226 ἐκλείψει
2533 5156 2569 5221 ἡ
2605 5150 2892 5217 βασιλεία
2926 5146 3165 5215 Ἐφραῒμ
3192 5145 3307 5199 ἀπὸ
3344 5146 3518 5200 λαοῦ.

1956 5253 2067 5307 Καὶ
2098 5253 2134 5318 ὴ
2165 5248 2396 5318 κεφαλὴ
2446 5243 2685 5313 Ἐφριιῒμ
2725 5240 3018 5308 Σομόρων,
3072 5235 3169 5287 καί
3205 5236 3242 5301 ἠ
3287 5235 3521 5304 κεφαλὴ

1967 5343 2243 5411 Σομόρων
2288 5342 2319 5391 ό
2353 5336 2481 5398 υίὸς
2516 5330 2620 5385 τοῦ
2659 5327 2987 5397 Ῥωμελίου,
3032 5326 3139 5378 Καὶ
3176 5325 3281 5378 ἐὰν
3316 5325 3400 5393 μὴ
3432 5341 3527 5377 mp

1961 5434 2280 5496 στεύσητε,
2317 5423 2457 5477 οὐδὲ
2483 5420 2565 5490 μὴ
2598 5416 2843 5485 συνῆτε.
2872 5414 3036 5469 Πάλιν
3060 5416 3089 5466 ό
3118 5414 3397 5483 προφήτης
3425 5430 3525 5481 με-

1966 5522 2154 5589 γίστην
2182 5512 2451 5575 ἀπόδειξιν
2494 5509 2790 5578 παρέχεται
2819 5504 2917 5575 τῆς
2943 5502 3293 5573 προφητείας.
3312 5499 3528 5572 Ἐπειδὴ

2027 5634 2049 5663 ο
2076 5631 2198 5689 Reg.
2218 5633 2271 5675 et
2293 5625 2441 5689 Savil_.
2470 5620 2810 5689 pévewﬂlng,
2832 5616 2993 5689 male._
3010 5686 3023 5689 Α
3089 5671 3197 5689 an:

2027 5691 2053 5730 d
2223 5668 2524 5747 δ’τῖᾷάφῆτὴξ
2565 5668 2855 5751 κελεύεσθαι,
2894 5683 3048 5725 recte.
3089 5671 3236 5721 Savil.
3268 5677 3321 5719 et
3352 5668 3509 5721 Morel

347 5740 469 5816 ria
486 5765 727 5827 ἀπόῤῥητα
768 5763 969 5827 ῥιπτῶνἈ
999 5759 1297 5827 Suspicatup
1326 5760 1532 5827 ᾼιιοηυε
1577 5757 1831 5827 [πο-αὐτῶ

1966 5740 2221 5827 κελεύετῖιι,
2248 5740 2522 5822 ρεὲρὲτοτη,
2550 5749 2604 5788 ιιι
2623 5743 2793 5814 liq'ue't.

2032 5788 2221 5864 niis-0,,
2236 5788 2805 5864 {crvi-Qavniﬁiébpav»abrﬁv,
2828 5810 2924 5848 non
2945 5800 3057 5845 sunt
3076 5794 3124 5842 in
3150 5795 3291 5841 textu
3310 5791 3404 5839 τῶν
3443 5793 3485 5843 0
3501 5788 3533 5842 '.

2036 5873 2053 5911 ί
2080 5862 2210 5932 Reg;
2231 5876 2283 5918 el
2306 5868 2454 5918 Savil.
2488 5862 2679 5920 Ῥασήν.
