4048 6440
591 360 654 416 81
1278 348 1337 405 S.
1378 342 1660 405 JOANNIS
1696 335 2122 400 CHRYSOSTO]

2239 336 2561 396 ARCHIEP.
2603 340 2739 399 CON
2747 343 3154 405 STANTINOP.
3747 364 3821 420 82

590 469 700 538 γάρ
726 467 756 519 6
790 466 952 536 φόϐος
995 463 1302 530 κατέσεισε,
1349 464 1444 517 καὶ
1490 461 1595 535 πρὸ
1636 459 1931 532 ὀφθαλμῶν
1977 452 2046 529 ἦν
2081 454 2153 510 τά

588 556 758 621 δεινὰ,
787 556 854 609 τά
877 555 933 608 δὲ
957 555 1167 626 χρηστά
1196 556 1253 608 ἐν
1274 553 1472 617 ἐλπίσι,
1500 554 1595 606 καὶ
1623 550 1946 622 προσδοκίαν
1975 548 2144 618 ὑπερ-

591 648 840 701 ϐαίνοντα
872 647 1071 709 πᾶσαν,
1119 644 1214 699 καὶ
1239 643 1288 696 οί
1322 641 1660 715 ἀκροώμενοι
1699 640 1760 694 οὐ
1808 639 2010 708 σφόδρα
2050 653 2145 689 πι-

592 735 725 800 στοὶ,
753 735 852 806 69a
877 733 929 787 τί
959 736 1121 787 ποιεῖ.
1150 733 1340 786 Δίδωσι
1377 733 1599 802 σημεῖον
1631 729 1885 801 μέγιστον
1916 727 2024 781 τῶν
2047 728 2144 779 ἐκ-

590 821 922 891 ϐησομένων,
951 821 1018 874 τά
1045 820 1381 891 βουλεύματα
1416 819 1525 873 τῶν
1558 817 1832 888 πολεμίων
1865 818 1943 879 είς
1978 814 2144 884 μέσον

589 909 854 980 ἐκφέρων.
883 909 1042 978 Λέγει
1067 908 1176 979 7&9
1203 906 1381 962 αὐτῶν
1400 907 1500 976 τὴν
1525 905 1771 975 γνώμην,
1799 902 1916 974 μεθ’
1942 897 2009 972 ἦς
2041 902 2143 955 ἐπ-

587 999 950 1069 εστράτευσαν
973 1002 1038 1070 τῇ
1069 999 1238 1062 πόλει,
1287 998 1380 1052 καὶ
1421 997 1473 1049 τί
1518 995 1653 1065 πρὸς
1679 993 1940 1065 ἀλλήλους
1971 989 2141 1044 διελέ-

585 1091 822 1162 χθησαν,
869 1090 962 1144 καὶ
994 1090 1045 1142 τί
1076 1089 1356 1151 συνθέντες
1392 1085 1707 1158 ἐπανῆλθον,
1742 1086 1838 1139 καὶ
1873 1083 2141 1137 δείκνυσιν

584 1180 618 1250 ἢ
652 1179 937 1250 προδοσίαν
969 1179 1029 1232 τδ
1074 1179 1304 1250 πρᾶγμα
1334 1176 1393 1232 δν
1425 1173 1978 1245 (Συμαλήσαντες
2005 1171 2136 1242 7&9,

583 1269 771 1342 φησὶν,
789 1269 1017 1335 αὐτοῖς,
1045 1268 1501 1339 ἀποστρέψομεν
1524 1265 1744 1332 αὐτοὺς
1771 1265 1922 1333 πρὸς
1938 1262 2136 1334 ἡμᾶς).

581 1361 615 1431 ἢ
644 1360 806 1431 πολλῇ
837 1363 901 1432 τῇ
925 1361 1149 1433 ἀπονοίᾳ
1182 1359 1498 1430 μεθύοντας,
1527 1358 1622 1412 καὶ
1651 1357 1971 1429 νομίζοντας
2006 1354 2139 1426 μηδὲ

579 1450 756 1504 ὅπλων
781 1451 958 1513 αὐτοῖς
984 1450 1113 1518 δεῖν,
1161 1449 1295 1521 μηδέ
1331 1446 1685 1519 παρατάξεως
1726 1448 1821 1502 καὶ
1868 1445 2139 1517 συμϐολῆς

578 1544 659 1605 είς
691 1540 752 1594 τὸ
796 1540 892 1611 τὴν
933 1540 1082 1594 πόλιν
1123 1540 1324 1594 λαϐεῖν.
1363 1541 1546 1610 ’Δρκεῖ
1573 1539 1683 1611 7&9
1710 1541 1844 1610 ἡμῖν
1881 1537 2132 1608 φανῆναι,

579 1633 731 1702 φησὶ,
765 1631 923 1702 μόνον
951 1633 1044 1685 καὶ
1086 1631 1450 1702 διαλεχθῆναι,
1496 1633 1589 1684 καὶ
1617 1631 1823 1694 πάντας
1862 1627 2132 1702 αίχμαλώ-

576 1738 702 1785 τους
735 1721 994 1784 λαϐόντας
1043 1721 1314 1775 ἀπελθεῖν.
1361 1716 1524 1786 Εἶτα,
1561 1721 1696 1792 ὅπερ
1749 1721 2048 1790 πάσχουσιν
2087 1721 2138 1773 οί

575 1812 852 1877 ἀλαζόνες,
899 1811 1004 1865 ὑπὸ
1038 1813 1138 1884 τῆς
1169 1811 1381 1876 ἐλπίδος
1422 1811 1626 1882 ταύτης
1666 1810 1996 1882 φυσηθέντες
2042 1811 2137 1865 καὶ

577 1903 705 1975 περὶ
730 1902 988 1975 βασιλέως
1019 1902 1376 1973 βουλεύονται,
1399 1901 1474 1965 ώς
1495 1901 1594 1972 ήδη
1621 1901 1719 1971 τῆς
1746 1899 1950 1964 πόλεως
1976 1900 2131 1954 ἀλού-

578 2010 698 2066 σης,
715 1995 807 2050 καὶ
827 1995 947 2048 τίνα
975 1994 1263 2064 ἐπιστῆσαι
1279 1994 1359 2048 δεῖ
1375 1996 1440 2065 τῇ
1461 1993 1810 2065 μητροπόλει.
1828 1993 1938 2047 Καὶ
1951 1993 2018 2048 τὰ
2037 1993 2136 2064 μὲν

575 2085 797 2141 ἐκείνων
812 2087 1054 2152 τοιαῦτα,
1078 2088 1209 2159 φησί
1225 2102 1240 2119 ο
1255 2087 1326 2141 τά
1341 2087 1397 2141 δὲ
1412 2087 1503 2141 τοῦ
1521 2087 1653 2141 Θεοῦ
1676 2088 1890 2142 πάντων
1911 2087 2134 2142 ἐκείνων

574 2177 910 2247 ἀναιρετικά.
941 2178 1031 2230 Διὸ
1055 2180 1148 2230 καὶ
1179 2178 1425 2248 ἐπήγαγε
1444 2192 1457 2209 ·
1495 2177 1644 2232 Τάδε
1686 2178 1849 2248 λέγει
1891 2180 2098 2248 Κύριος
2117 2196 2129 2209 ’

575 2269 669 2322 καὶ
691 2269 789 2321 οὐκ
817 2268 966 2339 ἔστη,
986 2269 1120 2324 ἀλλά
1141 2271 1465 2340 προσέθηκε,
1490 2270 1922 2326 Σαϐαώ6.’¹οταν
1949 2272 2056 2341 γάρ
2080 2288 2133 2324 τι

578 2359 717 2430 μέγα
741 2357 1099 2428 ἀπαγγέλλειν
1143 2359 1334 2431 μέλλῃ,
1378 2360 1478 2430 τῆς
1512 2361 1792 2431 δυνάμεως
1825 2361 2133 2432 ἀναμιμνή-

576 2466 694 2502 σκει
723 2449 817 2502 τοῦ
847 2448 1002 2516 Θεοῦ,
1040 2449 1135 2502 καὶ
1168 2451 1265 2520 τῆς
1291 2448 1569 2520 βασιλείας
1601 2449 1698 2520 τῆς
1727 2449 1857 2514 ἀνω,
1890 2450 1983 2503 καὶ
2009 2450 2133 2504 θαυ-

576 2539 786 2610 μαστῆς
813 2540 1026 2611 ἐκείνης
1061 2541 1233 2613 ἀρχῆς
1286 2541 1378 2594 καὶ
1409 2539 1737 2612 παραδόξου.
1763 2540 1829 2594 Τί
1849 2535 1943 2594 οὖν
1967 2557 2133 2611 φησιν

572 2630 600 2681 6
629 2630 793 2694 Θεός;
833 2633 915 2684 Οὐ
939 2630 1027 2699 μὴ
1049 2632 1228 2700 μείνῃ
1261 2632 1298 2698 ή
1320 2630 1524 2698 ,βουλὴ
1562 2631 1734 2699 αὕτη,
1763 2630 1901 2686 οὐδὲ
1921 2631 2093 2684 ἔσται
2111 2647 2126 2662 ο

571 2721 708 2774 ἀλλ’
736 2723 773 2790 ὴ
805 2722 1036 2790 κεφαλὴ
1071 2723 1240 2791 Ἀρὰμ
1283 2723 1618 2792 Δαμασκός.
1660 2723 1724 2775 Ἦ
1752 2720 1892 2792 ἀρχὴ
1928 2719 2127 2784 αὑτοῦ,

571 2813 755 2883 φησὶν,
782 2813 816 2883 ἡ
848 2812 1062 2879 ἐξουσία
1103 2811 1263 2866 αὑτοῦ
1315 2815 1372 2865 ἐν
1402 2811 1676 2882 Δαμασκῷ
1709 2813 1987 2882 στήσεται,
2037 2813 2130 2866 καὶ

570 2901 875 2971 περαιτέρω
900 2902 959 2955 οὐ
992 2902 1338 2973 προϐήσεται.
1357 2902 1465 2957 Kal
1486 2904 1524 2971 ή
1549 2900 1781 2971 κεφαλὴ
1811 2901 2130 2971 Δαμασκοῦ

581 2990 804 3047 Ῥασίν.
836 2993 947 3048 Καὶ
977 2994 1005 3046 6
1032 2995 1212 3066 ἄρχων
1248 2994 1561 3066 Δαμασκοῦ,
1595 2993 1748 3064 φησὶ,
1782 2994 1877 3047 καὶ
1920 2996 1948 3047 6
1993 3011 2129 3063 κρα-

568 3081 676 3135 τῶν
710 3083 892 3136 ⁹Ρασὶν
920 3083 1068 3138 ἔσται
1088 3102 1102 3116 ·
1124 3083 1415 3148 τουτέστιν,
1441 3085 1498 3137 ἐν
1521 3085 1630 3146 τοῖς
1659 3082 1823 3136 αὑτοῦ
1864 3086 2014 3153 μενεῖ
2036 3085 2128 3138 καὶ

567 3170 784 3226 πλείονα
822 3171 883 3224 ού
914 3172 1210 3244 προσθήσει
1241 3171 1466 3243 δύναμιν
1504 3170 1669 3242 αύτῷ.
1701 3172 1811 3226 Kal
1849 3171 1946 3226 ἔπι
1988 3171 2127 3240 ἐξή-

567 3280 752 3317 κοντα
795 3265 892 3318 καὶ
921 3265 1098 3320 πέντε
1129 3265 1234 3334 ἐτη
1255 3304 1271 3330 ,
1313 3264 1410 3319 καὶ
1443 3265 1712 3334 ἐκλείψει
1756 3264 1797 3333 ἡ
1839 3265 2126 3329 ,βασιλεία

578 3354 817 3424 Ἐφραῒμ
845 3355 963 3409 ἀπὸ
999 3355 1174 3411 λαοῦ.

632 3445 693 3498 δ’.
717 3445 962 3514 Μεγίστη
992 3449 1090 3517 τῆς
1122 3445 1376 3517 ἀληθείας
1400 3445 1699 3510 ἀπόδειξις,
1733 3445 1859 3499 ὅταν
1888 3446 2125 3509 καὶτοὺς

567 3537 788 3607 καιροὺς
831 3537 1167 3606 προλέγωσιν
1213 3539 1261 3591 οί
1301 3539 1571 3609 προφῆται
1595 3579 1609 3599 ,
1650 3537 1979 3608 παρέχοντες
2010 3541 2123 3601 τοῖς

568 3624 902 3696 βουλομένοις
934 3623 1205 3689 ἐξετάζειν
1257 3624 1394 3696 μετά
1436 3624 1721 3693 ἀκριϐείας
1768 3626 1866 3694 τῆς
1911 3642 2122 3696 προφη-

569 3714 716 3778 τείας
742 3715 842 3784 τὴν
869 3714 1113 3784 δύναμιν.
1145 3712 1255 3766 Νῦν
1283 3714 1379 3783 μέν
1409 3712 1538 3784 7&9,
1573 3715 1756 3784 φησὶν,
1784 3717 2119 3787 ἀποστήσον-

559 3822 648 3858 ται
687 3805 785 3874 τῆς
817 3804 1052 3866 πόλεως·
1096 3802 1230 3873 μετά
1264 3802 1322 3856 δέ
1370 3801 1532 3857 πέντε
1573 3804 1666 3856 καὶ
1713 3804 1972 3874 ἐξήκοντα
2022 3805 2118 3876 ἐτη

558 3890 845 3962 ὀλόκληρον
893 3889 1167 3942 ἀπολεῖται
1205 3887 1267 3941 τὸ
1306 3888 1485 3953 ἔθνος,
1515 3889 1608 3942 καὶ
1638 3889 1688 3942 οί
1731 3889 1973 3960 πολέμιοι
2019 3889 2114 3944 λα-

557 3982 740 4044 ϐόντες
767 3981 981 4045 αὐτοὺς,
1009 3978 1368 4034 ἀπελάσονται
1397 3979 1623 4043 πάντας.
1657 3978 1770 4033 Νῦν
1802 3980 1982 4050 μέντοι
2010 3980 2117 4051 πρὸ

553 4072 653 4142 τῆς
684 4068 932 4133 ἁλώσεως
978 4069 1188 4140 ἐκείνης
1227 4069 1376 4123 οὐδὲν
1417 4070 1578 4123 πλέον
1622 4071 1731 4124 τῶν
1774 4070 1988 4124 οίκείων
2015 4070 2114 4142 λής-

551 4161 762 4231 ψονται.
795 4161 912 4214 Ἵνα
951 4160 1058 4229 γὰρ
1091 4160 1165 4232 μὴ
1206 4159 1443 4223 ἀκούσας
1471 4161 1500 4213 6
1527 4160 1808 4230 βασιλεὺς,
1840 4163 1920 4215 ὅτι
1977 4164 2113 4233 μετά

552 4252 810 4322 ἐξήκοντα
851 4251 1011 4304 πέντε
1055 4250 1148 4321 ἔτη
1190 4250 1532 4313 ἀπολοῦνται,
1560 4251 1691 4322 λέγῃ
1719 4254 1853 4323 πρδς
1883 4254 2073 4307 ἐαυτόν
2091 4269 2109 4287 ο

550 4340 616 4394 Τί
649 4337 772 4405 οὖν;
801 4340 893 4393 ἐάν
925 4339 1020 4395 νῦν
1047 4341 1195 4409 ἡμᾶς
1231 4339 1502 4405 λαϐόντες,
1527 4341 1647 4394 τότε
1689 4342 2031 4407 ἀπολοῦνται,
2057 4345 2111 4396 τί

548 4430 609 4482 τδ
652 4429 840 4499 ὄφελος
873 4432 1032 4500 ήμῖν;
1078 4430 1304 4501 θάῤῥει,
1346 4431 1440 4483 καὶ
1483 4431 1609 4502 περὶ
1659 4431 1765 4484 τῶν
1806 4432 2106 4503 παρόντων.

560 4518 882 4574 Ἀλώσονται
924 4520 1033 4590 γὰρ
1071 4521 1190 4574 τότε
1236 4520 1509 4584 παντελῶς
1529 4537 1543 4552 '
1585 4521 1678 4574 νῦν
1716 4521 1897 4591 μέντοι
1948 4524 2109 4579 πλέον

545 4610 699 4664 οὐδὲν
720 4621 738 4642 ⁸
766 4612 872 4666 τῶν
917 4612 1130 4666 οἰκείων
1163 4611 1276 4684 [79]
1316 4612 1544 4679 ἕξουσιν.
1592 4613 1729 4666 Ἀλλ’
1759 4613 1908 4668 ἔσται
1954 4616 1985 4685 ἡ
2014 4632 2107 4668 κε-

547 4701 692 4773 φαλὴ
732 4701 990 4772 Ἐφραίμ,
1018 4704 1282 4766 τουτέστι,
1311 4703 1418 4754 τῶν
1459 4702 1589 4756 δέκα
1619 4703 1818 4772 φυλῶν,
1859 4707 1891 4774 ή
1923 4707 2107 4776 Σαμά-

546 4809 671 4862 ρεια
689 4808 703 4821 °
740 4794 856 4846 ἐκεῖ
881 4792 988 4864 γὰρ
1018 4789 1086 4863 ἦν
1114 4793 1292 4855 αὐτοῖς
1319 4793 1350 4862 ἡ
1381 4793 1623 4863 βασιλεία
1643 4809 1656 4823 ’
1693 4796 1785 4849 καὶ
1817 4795 1914 4849 ούκ
1945 4797 2104 4849 ἐκτα-

545 4883 767 4952 θήσεται
803 4883 1108 4953 περαιτέρω
1128 4900 1140 4913 ·
1172 4885 1264 4936 καὶ
1293 4884 1326 4952 ἡ
1364 4885 1568 4954 κεφαλὴ
1610 4886 1918 4956 Σαμαρείας
1946 4889 1974 4941 6
2004 4886 2101 4955 βα-

547 4972 725 5034 σιλεὺς
748 4972 839 5024 τοῦ
876 4973 1091 5044 ἰσραήλ
1107 4989 1120 5003 ο
1146 4973 1280 5045 ὅπερ
1303 4974 1395 5025 ἐπὶ
1414 4973 1504 5026 τοῦ
1528 4975 1885 5044 Δαμασκηνοῦ
1926 4977 2099 5044 ἔλεγε,

543 5063 701 5116 τοῦτο
729 5064 816 5115 καὶ
854 5061 1081 5116 ἐνταῦθα
1109 5063 1300 5133 δηλῶν,
1329 5065 1408 5117 ὅτι
1439 5066 1589 5119 οὐδὲν
1619 5066 1777 5119 πλέον
1810 5066 2039 5133 ἕξουσιν,
2065 5069 2097 5137 ἢ

541 5153 710 5205 ταῦτα
742 5151 778 5205 ἃ
805 5151 899 5206 νῦν
930 5152 1263 5223 κατέχουσιν.
1296 5151 1448 5220 Εἶτα,
1481 5157 1664 5228 ἐπειδὴ
1698 5159 1996 5230 πράγματα
2020 5155 2098 5212 εἶ·-

542 5257 642 5293 πεν
688 5241 1074 5311 ὑπερϐαίνοντα
1113 5242 1268 5310 λόγον
1307 5243 1672 5314 ἀνθρώπινον,
1721 5249 1814 5301 καὶ
1854 5249 2098 5322 ἀνώτερα

539 5332 640 5400 τῆς
667 5331 772 5384 τῶν
810 5332 1081 5403 λογισμῶν
1107 5333 1442 5397 ἀκολουθίας,
1475 5337 1567 5389 καὶ
1596 5339 1893 5409 προφητεία
1925 5341 1984 5393 τὸ
2008 5341 2095 5393 λε-

541 5421 767 5491 γόμενον
802 5418 890 5493 ἦν.
931 5425 1153 5489 εἰκότως
1197 5427 1498 5496 ἐπήγαγεν·
1549 5429 1689 5482 Ἐὰν
1724 5430 1811 5499 μὴ
1851 5435 2094 5487 πιστεύ-

539 5525 712 5577 σητε,
738 5511 880 5564 οὐδὲ
908 5511 992 5580 μὴ
1021 5514 1267 5582 συνῆτε.
1311 5516 1400 5585 Μὴ
1435 5516 1584 5587 ζήτει
1605 5556 1618 5579 ,
1651 5519 1780 5588 φησὶ
1801 5559 1815 5584 ,
1856 5521 1971 5584 πῶς
2003 5525 2095 5578 καὶ

537 5600 641 5653 τίνι
673 5601 855 5672 τρόπῳ
881 5602 1049 5656 ταῦτα
1077 5603 1227 5658 ἔσται
1247 5623 1261 5636 ·
1289 5606 1419 5670 Θεὸς
1448 5607 1556 5679 γάρ
1597 5611 1745 5662 ἐστιν
1788 5612 1817 5663 6
1861 5612 2089 5682 ἐργαζό-

537 5704 716 5758 μενος,
746 5691 836 5743 καὶ
868 5690 1102 5756 πίστεώς
1134 5711 1213 5747 σοι
1246 5696 1323 5750 δεῖ
1349 5698 1532 5769 μόνης,
1571 5701 1664 5754 καλ⁹
1695 5700 1964 5772 ἐννοήσεις
1998 5705 2088 5757 τοῦ

595 5819 620 5851 ⁸
645 5821 790 5871 Οὐδέν
813 5822 955 5876 deest
974 5826 1023 5877 in
1040 5825 1163 5891 Reg.

2258 453 2536 520 ποιοῦντος
2561 456 2661 526 τὴν
2685 457 2914 530 δύναμιν
2934 477 2949 491 ο
2983 463 3164 517 πᾶσαν
3200 463 3432 531 ελαϐεςι)
3460 468 3570 522 τῶν
3598 469 3822 541 είρημέ·

2257 561 2365 598 νων
2394 546 2494 618 τὴν
2518 547 2810 616 ἀπόδειξιν.
2833 552 2924 605 Διὸ
2947 554 3044 607 καὶ
3067 555 3095 608 6
3123 557 3405 629 προφήτης
3430 559 3594 614 Δαυῖδ
3613 561 3820 632 ἔλεγεν·

2267 634 2646 702 Ἐπίστευσα,
2687 638 2780 694 διὸ
2823 640 3120 711 ἐλάλησα.
3168 646 3278 701 Καὶ
3302 649 3330 702 6
3359 648 3570 714 Παῦλος
3594 652 3824 719 είκότυς

2252 725 2641 818 ἐπιλαϐόμενος
2666 731 2765 800 τῆς
2798 733 3007 803 ῥήσεως
3032 735 3256 806 ταύτης,
3281 739 3374 793 ἐπὶ
3399 741 3619 812 μείζονα
3646 745 3822 818 αὐτὴν

2250 813 2466 868 εἵλκυσε
2516 816 2815 887 πράγματα
2870 818 3044 889 λέγων
3061 838 3076 853 ο
3113 823 3394 893 Ἔχοντες
3434 827 3506 882 δέ
3550 829 3619 883 τό
3665 813 3816 885 αὐτὸ

2249 904 2491 973 Πνεῦμα
2507 904 2619 974 τῆς
2644 907 2923 976 πίστεως,
2944 912 3096 967 κατὰ
3123 913 3190 969 τὸ
3219 917 3642 989 γεγραμμένον,
3660 921 3822 976 Ἐπι-

2247 1009 2505 1060 στευσα,
2531 996 2625 1052 διὸ
2653 999 2752 1053 καὶ
2778 1000 3075 1072 ἐλάλησα·
3105 1007 3206 1061 καί
3231 1008 3402 1078 ἡμεῖς
3431 1013 3819 1081 πιστεύομεν,

2247 1088 2342 1177 διὸ
2363 1088 2462 1143 καί
2481 1091 2808 1177 λαλοῦμεν.
2830 1093 2896 1148 Εί
2925 1094 3035 1167 7&9
3060 1095 3130 1150 τά
3161 1097 3365 1153 παλαιά
3389 1101 3625 1168 πίστεως
3653 1104 3822 1177 ἐχρη-

2247 1172 2332 1238 ζε,
2361 1175 2609 1230 τοσοῦτον
2637 1177 2910 1248 ἀπέχοντα
2940 1179 3051 1236 τῶν
3084 1184 3142 1238 ἐν
3167 1186 3234 1256 τῇ
3268 1186 3469 1260 Καινῇ,
3498 1189 3623 1243 δσον

2246 1264 2356 1320 τῶν
2380 1266 2644 1338 οὐρανῶν,
2697 1268 2878 1340 πολλῷ
2927 1271 3126 1341 μᾶλλον
3174 1274 3208 1344 η
3250 1274 3360 1330 τῶν
3390 1275 3562 1342 οὕτως
3593 1279 3821 1349 ὑψηλῶν

2245 1356 2532 1426 δογμάτων
2557 1359 2758 1427 γνῶσις
2804 1362 2899 1416 καὶ
2942 1363 3066 1418 οὐδὲ
3112 1366 3192 1430 είς
3236 1367 3360 1422 νοῦν
3401 1368 3663 1426 ἐλθόντων
3703 1371 3820 1427 τινί

2245 1464 2398 1500 ποτε.
2425 1447 2602 1519 Ὅπερ
2638 1445 2731 1505 οὖν
2761 1451 2854 1505 καὶ
2875 1451 3036 1517 αὐτὸς
3062 1453 3238 1526 δηλῶν
3263 1455 3444 1527 ἐλεγεν
3461 1461 3548 1516 ’Ἄ
3584 1461 3821 1530 ὀφθαλ-

2238 1536 2356 1608 μὸς
2375 1539 2486 1593 οὐκ
2511 1534 2690 1606 εἶδεν,
2727 1540 2826 1596 καί
2848 1538 2959 1610 οὖς
2977 1545 3089 1600 οὐκ
3127 1544 3377 1614 ἤκουσε,
3417 1548 3515 1604 καί
3543 1549 3644 1604 ἐπὶ
3673 1569 3821 1622 καρ-

2243 1623 2382 1677 δίαν
2395 1625 2705 1694 ἀνθρώπου
2722 1630 2834 1684 οὐκ
2853 1631 3059 1700 ἀνέϐη,
3076 1631 3116 1687 ἀ
3134 1634 3462 1705 ἡτοίμασεν
3479 1640 3514 1693 ὁ
3527 1639 3672 1707 Θεὸς
3688 1640 3821 1709 τοῖς

2243 1711 2557 1782 ἀγαπῶσιν
2579 1716 2783 1770 αὐτόν.
2805 1718 2915 1773 Kal
2941 1720 3266 1788 προσέθετο
3298 1724 3509 1795 Κύριος
3541 1728 3818 1799 λαλῆσαι

2241 1801 2323 1868 τῷ
2355 1803 2538 1872 Ἄχαζ
2561 1804 2783 1874 λέγων·
2809 1809 3065 1878 Δῖτησαι
3110 1813 3345 1880 σεαυτῷ
3381 1816 3631 1885 σημεῖον
3652 1820 3818 1889 παρὰ

2241 1893 2462 1960 Κυρίου
2485 1895 2593 1949 τοῦ
2624 1897 2771 1952 Θεοῦ
2806 1914 2945 1967 σου,
2988 1902 3076 1967 είς
3101 1903 3294 1971 ,ϐάθος
3320 1905 3358 1974 ἢ
3382 1908 3469 1974 είς
3485 1908 3664 1978 ὕψος.
3700 1911 3815 1966 Kal

2240 1980 2409 2038 εἷπεν
2432 1986 2634 2055 Ἀχαζ’
2660 1991 2742 2044 Οὐ
2759 1990 2846 2060 μὴ
2870 1992 3118 2063 αίτήσω,
3141 1995 3284 2050 οὐδὲ
3299 1996 3386 2069 μὴ
3407 1999 3671 2069 πειράσω
3694 2005 3814 2061 Κύ-

2231 2091 2388 2141 ριον.
2443 2079 2550 2134 Καὶ
2595 2080 2763 2135 εἴπεν
2813 2081 3052 2150 Ἠσαίας
3068 2101 3084 2118 ·
3143 2087 3463 2145 Ἀκούσατε
3497 2089 3574 2161 δὴ
3590 2132 3606 2157 ,
3645 2089 3817 2162 οῐκοο

2239 2166 2420 2220 Δαυΐὸ
2439 2184 2452 2199 ·
2489 2168 2586 2237 Μὴ
2614 2172 2830 2241 μικρὸν
2859 2173 3022 2243 ὑμῖν,
3047 2175 3253 2246 ἀνῶ-να
3283 2180 3567 2250 παρέχειν
3590 2183 3816 2253 ἀνθρώ-

2239 2268 2375 2319 ποις
2392 2271 2412 2319 ;
2430 2255 2540 2309 Καὶ
2568 2256 2693 2324 πῶς
2716 2259 2910 2328 Κυρίῳ
2931 2261 3222 2332 παρέχετε
3244 2264 3444 2334 ἀγῶνα
3457 2284 3478 2334 ;
3501 2268 3606 2323 Διὰ
3633 2269 3815 2327 τοῦτο

2239 2339 2419 2395 δώσει
2451 2343 2666 2411 Κύριος
2705 2346 2887 2414 αὐτὸς
2912 2349 3057 2418 ὑμῖν
3088 2353 3361 2424 σημεῖον.
3398 2355 3541 2411 Ἰδοὺ
3579 2357 3619 2426 ή
3663 2375 3813 2428 παρ’

2239 2430 2413 2498 θένος
2457 2432 2530 2488 ἐν
2562 2438 2771 2504 γαστρί
2805 2438 3086 2509 λήψεται,
3128 2446 3227 2499 καί
3265 2447 3492 2511 τέξεται
3527 2452 3681 2518 υίὸν,
3709 2454 3812 2509 και

2238 2522 2572 2616 καλέσουσι
2611 2526 2678 2580 τὸ
2721 2527 2909 2599 ὄνομα
2949 2533 3138 2588 αὐτοῦ
3185 2536 3580 2610 Ἐμμανουήλ.
3631 2543 3808 2616 Πολλὴ

2235 2611 2330 2666 τοῦ
2357 2612 2491 2667 Θεοῦ
2533 2617 2936 2684 συγκατάϐασις
2954 2660 2970 2686 ,
3018 2623 3111 2677 καὶ
3147 2625 3241 2679 τοῦ
3278 2626 3538 2697 βασιλέως
3575 2634 3610 2704 ή
3638 2611 3812 2704 ἀγνωλ

2239 2704 2478 2798 μοσύνη.
2499 2707 2645 2761 Ἔδει
2675 2709 2775 2780 μὲν
2799 2709 2909 2782 7&9
2933 2713 3098 2769 αὐτὸν
3132 2716 3438 2775 ἀκούσαντα
3469 2721 3564 2776 τοῦ
3593 2728 3805 2798 προφήο

2235 2811 2351 2858 του,
2384 2796 2546 2866 μηδὲν
2575 2798 2933 2868 ἀμφιϐάλλειν
2969 2806 3096 2875 περὶ
3129 2807 3237 2860 τῶν
3276 2810 3612 2881 είρημένωνο
3643 2796 3711 2871 ⁷ιι

2237 2884 2683 2977 καλάμφέϐαλλε,
2706 2888 2809 2942 κᾶν
2830 2892 3055 2962 σημεῖον
3074 2894 3306 2953 λαϐόντα
3338 2901 3645 2970 πιστεῦσαι,
3664 2905 3804 2977 ὅπερ

2235 2973 2422 3069 πολλοὶ
2450 2976 2748 3069 τῶν-παρά
2784 2979 3058 3047 Ἰουδαίοις
3090 2989 3443 3059 πεποιήκασι.
3482 2993 3592 3047 Kal
3624 2994 3734 3069 7&9

2233 3063 2383 3158 Θεὸς,
2403 3065 2779 3158 φιλάνθρωπος
2797 3069 2894 3136 ὢν,
2924 3072 3044 3126 οὐδὲ
3069 3075 3226 3131 τοῦτο
3252 3083 3601 3154 παρῃτήσατο

2234 3155 2380 3222 σχεῖν
2409 3156 2668 3246 πολλάκις
2697 3161 2808 3224 τοῖς
2848 3163 3180 3235 παχυτέροις
3222 3167 3315 3220 καὶ
3355 3171 3527 3241 χαμαὶ
3566 3155 3806 3246 συρομέ-

2230 3258 2364 3333 νοις,
2415 3244 2508 3297 καὶ
2535 3247 2602 3316 τῇ
2636 3250 2706 3318 γῇ
2756 3251 3218 3324 προσηλωμένοις,
3268 3254 3381 3312 οἷον
3415 3244 3668 3333 ἐποίησεν
3703 3244 3798 3320 ἐπὶ

2229 3332 2320 3428 τοῦ
2350 3333 2572 3428 Γεδεών.
2617 3339 2831 3413 Ἐπειδὴ
2866 3342 2976 3414 γὰρ
3023 3343 3240 3401 πάντων
3283 3332 3701 3426 καταδεέστερος
3727 3350 3802 3428 ἦν

2229 3424 2325 3477 καὶ
2355 3426 2661 3495 παχύτατος
2680 3468 2696 3494 ,
2727 3431 2830 3502 ὅρα
2872 3433 2976 3488 ποῦ
3020 3438 3335 3494 καταϐαίνει
3377 3441 3537 3496 πάλιν
3568 3424 3619 3496 ό⁷
3639 3424 3790 3511 Θεός.

2227 3513 2401 3607 Αύτὺς
2434 3516 2595 3607 αὐτὸν
2639 3519 2946 3588 ἐφέλκεται,
2990 3525 3086 3579 καὶ
3114 3530 3406 3599 προτρέπει
3435 3532 3572 3603 πρὸς
3613 3533 3674 3588 τδ
3705 3552 3796 3607 σηη

2231 3606 2391 3695 μεῖον,
2411 3606 2628 3677 αίτῆσαι
2649 3624 2666 3639 ⁸
2696 3609 2872 3664 καίτοι
2919 3627 2984 3682 γε
3007 3613 3127 3669 οὐδέ
3162 3619 3356 3689 μικρὸν
3380 3619 3535 3676 τοῦτο
3572 3606 3795 3695 σημεῖον

2224 3689 2313 3764 ἦν,
2346 3694 2410 3748 τὸ
2461 3696 2680 3766 ἐλέγξαι
2712 3697 2879 3754 αὐτοῦ
2909 3702 2980 3757 τά
3023 3703 3328 3778 ἀπόρρητα,
3373 3711 3465 3765 καὶ
3505 3713 3587 3778 είς

2232 3786 2459 3876 ἀγαγεῖν
2479 3787 2643 3876 αὑτοῦ
2671 3788 2768 3861 τὴν
2798 3789 3023 3864 γνώμην
3052 3794 3292 3864 ἃπασαν,
3317 3799 3412 3854 καὶ
3441 3801 3539 3874 τὴν
3563 3803 3790 3876 ὑπόκρι-

2224 3887 2308 3964 σιν
2353 3871 2619 3941 διελέγξαι
2650 3877 2849 3931 πᾶσαν.
2891 3877 3108 3953 Ἐπειδὴ
3150 3883 3258 3955 γὰρ
3287 3887 3316 3940 6
3362 3888 3460 3957 μέν
3496 3871 3788 3964 προφήτης

2221 3955 2396 4026 εἶπεν,
2443 3964 2696 4032 Αιτησαι
2736 3967 2971 4034 σεαυτῷ
3013 3973 3295 4044 σημεῖον,
3341 3955 3561 4045 ἐκεῖνος’

2222 4053 2424 4124 σφόδρα
2444 4055 2640 4144 πιστὸν
2667 4056 3110 4130 ὑποκρινόμενος,
3143 4063 3345 4134 ἔλεγεν,
3383 4071 3465 4124 οὐ
3491 4070 3579 4141 μὴ
3623 4075 3787 4144 σιτή-

2218 4157 2326 4236 σξυ,
2353 4143 2496 4236 οὐδὲ
2513 4143 2599 4236 μὴ
2621 4146 2881 4236 πειράσαι
2899 4150 3140 4218 Κύριον,
3159 4153 3260 4227 69a
3283 4156 3400 4221 πῶς
3427 4160 3563 4230 μετά
3583 4162 3786 4236 πολλῆς

2217 4232 2330 4325 τῆςΔ
2347 4234 2701 4305 σφοδρότητος
2735 4234 2852 4309 [80]
2877 4238 3073 4309 ἐπάγει
3100 4242 3201 4315 τὴν
3220 4246 3392 4319 τομήν
3420 4250 3449 4302 6
3476 4232 3782 4325 προφήτης,

2217 4322 2439 4386 εἰκότως
2464 4325 2599 4417 μετὰ
2624 4326 2732 4417 τὴν,
2754 4328 3027 4397 ἀπόδειξιν
3049 4334 3149 4404 τῆς
3174 4336 3517 4409 ὑποκρίσεως
3550 4322 3784 4417 βαρυέέ-

2221 4426 2320 4479 ραν
2344 4412 2660 4481 ποιούμενος
2685 4415 2783 4484 τὴν
2811 4421 3168 4491 κατηγορίαν.
3187 4425 3284 4479 Διά
3306 4427 3370 4499 δή
3393 4412 3560 4484 τοῦτο.
3575 4412 3782 4492 ἐκεῖνον

2217 4501 2318 4570 μὲν
2348 4501 2468 4555 οὐδὲ
2496 4503 2840 4573 ἀποκρίσεως
2869 4506 3043 4574 ἀξιοῖ,
3076 4513 3211 4583 πρὸς
3241 4515 3300 4569 δέ
3321 4517 3414 4573 τὸν
3441 4520 3610 4591 δῆμον
3645 4526 3780 4580 ἀπο-

2217 4592 2502 4685 στρέφεται
2529 4593 2699 4685 λέγων
2716 4612 2730 4627 ’
2764 4595 3109 4668 Ἀκούσατε,
3134 4598 3298 4672 οἶκος
3322 4609 3501 4663 Δαυτδ
3519 4627 3533 4643 ’
3566 4612 3664 4682 Μὴ
3680 4633 3777 4685 μι-

2213 4679 2362 4771 κρὸν
2391 4681 2550 4751 ὑμῖν,
2581 4682 2781 4752 ἀγῶνα
2820 4688 3107 4758 παρέχειν
3128 4693 3492 4766 cli-090510;“
3515 4701 3626 4757 Kal
3650 4679 3779 4771 πῶς

2210 4770 2404 4862 ξίυρίφ
2442 4771 2731 4839 παρέχετε
2785 4775 3025 4845 ἀτῶνα;
3081 4781 3312 4852 Ἀσαφές
3345 4787 3406 4841 τὸ
3453 4770 3774 4862 είρημένονλ

2209 4859 2290 4951 διὸ
2322 4860 2385 4931 δὴ
2414 4862 2494 4916 δεῖ
2516 4862 2612 4933 τὴν
2643 4865 2799 4934 ῥῆσιν
2819 4877 2842 4906 ο
2876 4867 3176 4936 ἀναπτύξαι
3210 4875 3349 4944 μετά
3375 4859 3674 4951 ἀκριϐείας.
3708 4885 3776 4941 ⁸ο

2208 4950 2316 5022 γὰρ
2363 4952 2546 5020 λέγει,
2587 4955 2744 5008 τοῦτό
2798 4957 2945 5010 ἐστι’
2988 4960 3078 5032 Μὴ
3130 4963 3235 5033 γάρ
3285 4966 3392 5038 εμά
3439 4950 3508 5028 ea:
3554 4971 3776 5041 ῥήματά

2208 5042 2357 5106 ἐστι;
2396 5041 2470 5113 μὴ
2509 5043 2617 5112 γὰρ
2660 5046 2766 5114 ἐμὴ
2811 5047 2845 5115 ή
2894 5047 3203 5119 ἀπόφασις;
3252 5055 3314 5109 El
3364 5057 3422 5113 δέ
3464 5060 3772 5131 ἀνθρώποις

2204 5131 2451 5186 άπιστεῖν
2475 5131 2657 5196 ἁπλῶς
2678 5135 2770 5187 καὶ
2799 5136 2926 5189 ἀνευ
2944 5137 3102 5207 λόγου
3128 5141 3265 5216 βαρὺ
3293 5147 3387 5200 καὶ
3412 5148 3770 5221 ἐγκλημάτων

2205 5221 2371 5286 ἀξιον,
2387 5223 2563 5294 πολλῷ
2578 5225 2776 5294 μᾶλλον
2792 5226 2927 5298 Θεῷ.
2945 5230 3019 5283 T6
3031 5227 3123 5286 οὖν
3141 5234 3326 5302 ἀγῶνα
3340 5240 3593 5310 παρέχειν
3617 5242 3771 5300 οὐδὲν

2203 5313 2396 5407 ἔτερόν
2414 5317 2580 5407 ἐστιν,
2609 5316 2928 5407 ῆάπ-ιστεῖν.
2946 5322 3116 5377 Τοῦτο
3143 5323 3255 5391 οῦν,
3288 5329 3440 5399 φησὶ,
3474 5332 3546 5403 μὴ
3574 5336 3769 5407 μικρόν

2203 5404 2359 5494 ἐστιν
2373 5401 2624 5472 ἔγκλημα
2645 5421 2658 5468 ;
2691 5405 2764 5476 μὴ
2788 5408 2821 5477 ἡ
2846 5409 3078 5480 τυχοῦσα
3107 5417 3408 5488 κατηγορία
3430 5401 3545 5483 τοῖς
3558 5401 3766 5494 ἀνθρώο

2201 5509 2324 5554 ποις
2339 5493 2606 5558 ἀπιστεῖν;
2630 5494 2691 5546 Εί
2712 5495 2766 5548 δὲ
2781 5495 2938 5551 τοῦτο
2954 5499 3116 5574 βαρὺ,
3132 5505 3309 5576 πολλῷ
3324 5506 3522 5577 μᾶλλον
3535 5508 3610 5580 τῷ
3625 5493 3764 5583 Θεῷ.

2263 5600 2696 5682 ῢ-ξέυίεὶῖμιεῃῠε
2714 5613 2829 5682 ant?
2849 5613 3008 5682 πᾶσαν
3029 5613 3390 5682 ζλαϐεςμαιίψῂά
3405 5618 3605 5682 deesse,
3626 5635 3763 5674 nem-

2199 5676 2262 5723 pe
2285 5663 2543 5735 πίστευσον
2552 5665 2701 5735 ,μόνον
2720 5668 2828 5735 καί,
2855 5672 2932 5720 vel
2963 5674 3080 5734 quid
3102 5663 3304 5725 siuiiléi.‘

2199 5735 2309 5824 ἓιιπι
2338 5725 2445 5770 sine
2497 5725 2598 5772 ullo
2642 5725 2994 5782 additamenlo'
3017 5741 3148 5787 stare
3170 5725 3341 5800 posse;
3359 5725 3762 5809 ilex—"15306.3:

2201 5815 2212 5824 .
2238 5784 2348 5824 :n'll-
2373 5783 2524 5824 ἔλεγεν
2547 5784 2705 5824 deest-

2200 5783 2348 5832 Savil.
2373 5783 2524 5842 ἔλεγεν
2547 5784 2706 5833 deest.

2267 5848 2288 5873 ε
2309 5843 2431 5908 Reg.
2458 5846 2530 5896 διὸ
2551 5846 2620 5895 δεῖ
2642 5847 2722 5906 τὴν
2745 5849 2896 5910 ῥῆσιν.
