4048 6444
219 344 287 398 31
1328 348 1331 352 Α
1414 334 1482 393 IN
1520 334 1770 402 ISAIAM,
1807 334 1956 393 CAP.
2001 332 2110 391 vn.
3405 343 3479 399 32

218 448 469 522 Ephroim
500 447 779 513 Somoron,
812 456 860 505 et
886 457 1038 519 caput
1066 447 1314 504 Somoron
1348 448 1486 517 ﬁlius
1527 447 1788 503 Romelitr.

215 538 283 592 Et
320 540 365 594 si
394 555 495 593 non
532 539 876 606 credideritis,
920 555 1023 593 non
1069 537 1375 608 intelligetis.
1423 536 1628 592 Rursus
1670 551 1794 605 pro-

215 628 373 697 pheta
405 642 651 698 magnum
676 627 970 699 prophetiae
1002 635 1368 697 argumentum
1394 624 1628 682 exhibet.
1660 625 1792 694 Quia

212 718 359 772 enim
411 716 568 772 timor
616 718 735 773 illos
776 718 1114 788 exagitabat,
1159 723 1214 771 et
1258 725 1382 770 ante
1425 715 1608 771 oculos
1655 715 1792 769 mala

214 815 402 869 erant,
438 806 577 862 bona
616 816 790 863 autem
830 808 883 862 in
917 822 1035 877 spe,
1075 807 1633 877 exspectationemque
1675 820 1794 859 om-

214 910 338 950 nem
381 897 709 966 superantia,
758 912 857 953 nec
897 897 1028 953 satis
1063 896 1264 952 creduli
1308 903 1463 952 erant
1502 894 1791 961 auditores,

210 986 336 1042 vide
380 988 504 1057 quid
541 986 719 1043 faciat.
748 987 848 1043 Dat
872 988 1084 1057 signum
1123 985 1412 1041 maximum
1454 1000 1639 1041 eorum
1675 999 1795 1054 qua:

212 1089 471 1131 eventura
494 1084 669 1142 erant,
687 1076 907 1133 consilia
929 1076 1159 1131 hostium
1182 1076 1236 1130 in
1252 1076 1483 1131 medium
1504 1074 1792 1129 adducens.

216 1164 419 1221 Eorum
452 1180 680 1237 namque
705 1168 938 1221 animum
969 1167 1161 1236 aperit,
1190 1181 1295 1236 quo
1324 1164 1453 1220 moti
1481 1163 1665 1220 urbem
1694 1179 1794 1235 op-

215 1255 547 1326 pugnabant,
576 1266 632 1311 et
677 1256 800 1325 quid
832 1265 1015 1311 mutuo
1050 1257 1340 1327 colloquuti
1370 1265 1577 1319 essent,
1610 1265 1665 1311 et
1689 1270 1795 1327 quo

213 1357 372 1417 pacto
413 1348 544 1401 inito
607 1347 883 1413 redierint,
931 1348 1268 1417 ostenditque
1309 1355 1399 1402 aut
1441 1347 1792 1417 proditionem

211 1450 332 1490 esse
354 1436 404 1490 id
427 1436 567 1504 quod
588 1438 839 1507 agebatur
859 1436 1165 1508 (Colloquuti
1197 1436 1359 1501 enim,
1386 1451 1576 1501 mutuo,
1604 1438 1791 1508 inquit,

213 1544 329 1582 cum
360 1531 503 1598 φεῦ,
525 1545 608 1583 eos
635 1539 911 1583 avertemus
931 1529 998 1581 ad
1019 1528 1164 1596 nos);
1192 1537 1283 1583 aut
1311 1528 1473 1582 multa
1494 1530 1792 1599 arrogantia

214 1618 362 1687 ipsos
411 1618 591 1677 ebrios
637 1633 795 1685 esse,
855 1618 1221 1674 existimantes
1271 1633 1339 1673 ne
1376 1619 1539 1673 armis
1580 1618 1791 1689 quidem

215 1708 347 1777 ipsis
375 1722 494 1763 esse
517 1722 671 1775 opus,
704 1722 875 1778 neque
899 1709 1014 1764 acie
1041 1719 1094 1764 et
1119 1707 1388 1773 conﬂictu,
1413 1719 1472 1763 ut
1500 1708 1685 1763 urbem
1706 1724 1795 1764 ca-

217 1808 428 1867 perent.
454 1796 596 1852 Satis
616 1806 698 1853 est
719 1838 735 1864 ,
764 1798 1006 1867 inquiunt
1037 1840 1055 1865 ,
1085 1798 1131 1853 si
1153 1799 1204 1852 in
1235 1808 1582 1868 conspectum
1608 1799 1790 1852 venia-

216 1904 336 1943 mus
388 1896 444 1944 et
498 1889 864 1959 colloquamur
894 1930 910 1957 ,
953 1898 1005 1945 et
1057 1904 1245 1945 omnes
1313 1891 1368 1944 in
1426 1889 1793 1959 captivitatem

215 1977 541 2034 abducentes
563 1978 917 2035 discedemus.
941 1978 1163 2046 Deinde,
1193 1988 1249 2034 ut
1270 1980 1444 2035 solent
1460 1988 1791 2049 arrogantes,

217 2068 318 2123 hac
342 2084 438 2138 spe
464 2068 627 2123 inﬂati
654 2069 721 2124 de
756 2084 880 2140 rege
908 2068 1279 2125 constituendo
1304 2069 1581 2124 consilium
1614 2070 1796 2125 ineunt

216 2161 365 2229 quasi
389 2160 499 2229 jam
525 2170 677 2230 capta
705 2160 836 2215 urbe
859 2200 874 2226 ,
907 2172 960 2217 et
989 2176 1148 2232 quem
1179 2171 1422 2231 oporteat
1448 2162 1499 2217 in
1528 2172 1797 2232 metropo«

216 2251 308 2305 lim
336 2267 517 2322 regem
538 2253 865 2308 constituere
891 2254 1211 2309 consultant.
1261 2254 1336 2308 Eo
1368 2254 1419 2308 in
1452 2262 1592 2309 statu
1624 2269 1711 2309 res
1732 2255 1797 2310 il-

218 2342 393 2397 lorum
424 2353 597 2409 erant,
624 2344 794 2414 inquit
816 2361 830 2401 :
854 2360 972 2414 qua:
1002 2359 1130 2400 vero
1160 2345 1297 2400 Deus
1322 2344 1643 2401 moliebatur
1682 2346 1797 2401 haec

216 2434 397 2488 omnia
423 2432 491 2489 de
518 2435 695 2490 medio
724 2436 1069 2491 sustulerunt.
1100 2435 1304 2492 Idcirco
1328 2436 1631 2504 subjunxit:
1665 2435 1792 2490 Hcce

217 2524 338 2576 dicit
366 2523 611 2578 Dominus
638 2541 657 2589 ;
686 2540 857 2595 neque
884 2525 969 2580 hic
994 2526 1160 2592 stetit,
1190 2526 1283 2580 sed
1309 2525 1520 2594 adjecit,
1544 2524 1792 2579 Sabaoth.

218 2613 351 2667 Cum
376 2614 520 2668 enim
542 2614 714 2683 magni
746 2613 1015 2684 quidpiam
1037 2614 1446 2668 annuutiaturus
1468 2622 1570 2680 est,
1601 2623 1792 2683 poten-

220 2705 349 2760 tiam
382 2703 476 2759 Dei
503 2714 783 2769 memorat,
809 2720 1099 2775 supernum
1120 2720 1312 2775 nempe
1341 2720 1562 2774 regnum
1590 2747 1605 2770 ,
1635 2714 1796 2776 atque

219 2795 500 2864 imperium
533 2795 659 2850 illud
696 2810 945 2865 magnum
970 2811 1033 2851 ac
1070 2796 1409 2864 stupendum.
1438 2796 1575 2864 Quid
1620 2796 1797 2865 itaque

218 2888 294 2941 ait
315 2886 502 2942 Deus?
529 2885 651 2940 Non
687 2886 905 2940 manebit
942 2887 1206 2941 consilium
1236 2886 1329 2940 hoc
1351 2903 1506 2956 neque
1545 2887 1638 2941 erit
1664 2903 1683 2942 :
1707 2888 1795 2942 sed

216 2987 372 3046 caput
407 2977 565 3030 Aram
595 2976 894 3031 Damascus.
924 2976 1207 3046 Imperium
1229 2976 1344 3046 ejus
1374 3017 1388 3041 ,
1421 2977 1491 3030 ait
1522 3017 1537 3041 ,
1563 2984 1796 3046 potestas

219 3068 356 3138 ejus,
383 3068 433 3122 in
460 3068 715 3123 Damasco
743 3068 903 3122 stabit
942 3109 957 3133 ,
993 3084 1092 3123 nec
1123 3069 1257 3122 ultra
1289 3067 1672 3137 progredietut.
1726 3066 1796 3121 Et

214 3169 369 3229 caput
402 3159 638 3214 Damasci
663 3160 840 3213 Rasin.
904 3159 965 3213 Et
1014 3160 1258 3227 princeps
1290 3158 1527 3212 Damasci
1556 3198 1574 3222 ,
1605 3157 1793 3226 inquit,

216 3259 377 3320 atque
405 3248 704 3303 dominator
730 3249 891 3303 Rasin
924 3248 1026 3303 erit
1058 3266 1073 3313 ;
1121 3247 1172 3301 id
1212 3255 1328 3314 est,
1380 3246 1431 3301 in
1475 3247 1540 3300 iis
1578 3260 1698 3316 quae
1726 3245 1793 3301 ad

216 3339 390 3409 ipsum
410 3338 677 3409 pertinent
698 3338 949 3403 manebit,
974 3352 1036 3393 ac
1055 3337 1308 3407 majorem
1323 3335 1422 3391 sibi
1450 3350 1557 3390 non
1582 3334 1795 3405 adjiciet

218 3429 530 3498 potentiam.
568 3427 632 3481 Et
661 3428 827 3481 adhuc
847 3428 1111 3498 sexaginta
1132 3436 1181 3481 et
1205 3428 1423 3497 quinque
1449 3426 1591 3493 anni,
1623 3436 1676 3480 et
1703 3425 1793 3481 de-

217 3519 352 3590 ﬁciet
376 3536 583 3591 regnum
607 3517 855 3589 Ephraim
879 3537 911 3573 a
931 3519 1139 3589 populo.

292 3614 346 3669 4.
374 3613 599 3669 Maxima
620 3613 856 3668 veritatis
884 3610 1292 3670 demonstratio.
1325 3609 1536 3681 quando
1556 3617 1796 3680 tempora

217 3702 511 3773 prtedicunt
531 3702 831 3773 prophetas,
859 3716 1044 3755 ansam
1077 3701 1374 3771 prmbentes
1401 3701 1465 3755 iis
1493 3700 1582 3770 qui
1609 3700 1796 3755 volunt

216 3792 527 3862 explorandi
575 3807 694 3848 cum
742 3791 1077 3847 accuratione
1125 3792 1229 3845 vim
1283 3791 1596 3862 prophetiae.
1643 3789 1795 3846 Nunc

216 3884 390 3949 enim,
422 3882 624 3952 inquit,
671 3880 959 3937 abscedent
983 3880 1051 3937 ab
1075 3880 1237 3946 urbe;
1281 3880 1375 3936 sed
1416 3889 1534 3951 post
1562 3880 1796 3951 quinque

216 3984 271 4029 et
298 3974 570 4043 sexaginta
600 3988 769 4028 annos
801 3973 1043 4029 universa
1073 3987 1204 4043 gens
1230 3972 1455 4042 peribit,
1494 3980 1547 4028 et
1573 3987 1793 4042 regnum

217 4064 377 4121 Israel
398 4064 464 4120 de
491 4064 667 4120 medio
693 4064 939 4128 tolletur;
968 4064 1034 4118 ab
1057 4063 1298 4118 hostibus
1323 4062 1601 4131 intercepti
1626 4061 1796 4115 abdu-

216 4164 405 4211 centur
433 4168 640 4210 omnes.
673 4153 824 4209 Nunc
850 4162 996 4209 certe
1040 4162 1162 4207 ante
1188 4153 1452 4206 excidium
1506 4150 1632 4205 illud
1661 4149 1792 4205 nihil

216 4246 333 4318 plus
378 4245 680 4312 habebunt,
711 4258 869 4315 quam
910 4257 971 4298 ea
998 4257 1116 4312 quae
1140 4256 1235 4297 sua
1278 4249 1421 4297 sunt.
1458 4239 1523 4296 Ut
1548 4255 1616 4295 ne
1649 4240 1791 4295 enim

214 4352 309 4394 rex
338 4336 561 4391 audiens
591 4349 683 4391 eos
710 4343 830 4406 post
864 4333 1133 4403 sexaginta
1173 4330 1405 4402 quinque
1443 4344 1611 4385 annos
1665 4345 1791 4400 per-

215 4429 387 4485 ituros
408 4442 549 4492 esse,
569 4426 707 4498 apud
727 4441 787 4482 se
806 4425 1043 4482 diceret:
1073 4423 1207 4491 Quid
1238 4422 1426 4493 igitur?
1445 4422 1790 4492 si,postquam

214 4533 313 4574 nos
341 4532 482 4573 nunc
510 4517 776 4588 ceperint,
825 4524 950 4571 tunc
996 4514 1274 4586 peribunt,
1304 4527 1422 4583 qua:
1472 4510 1597 4567 hinc
1638 4510 1791 4567 nobis

215 4610 454 4664 utilitas?
476 4608 727 4673 Conﬁde,
769 4607 968 4677 inquit,
1010 4606 1169 4662 etiam
1194 4605 1259 4660 de
1286 4602 1650 4674 praesentibus.
1687 4600 1789 4657 Ca-

208 4700 426 4766 pientur
449 4698 588 4752 enim
616 4706 741 4752 tunc
765 4697 1015 4760 omnino;
1044 4695 1137 4750 sed
1162 4708 1300 4749 nunc
1329 4694 1457 4747 nihil
1486 4693 1603 4761 plus
1633 4691 1792 4746 habe-

204 4793 379 4857 bunt,
406 4803 563 4859 quam
593 4787 645 4842 id
666 4788 804 4858 quod
827 4787 1041 4841 habent.
1072 4786 1177 4841 Sed
1206 4786 1307 4839 erit
1326 4793 1482 4853 caput
1512 4783 1786 4852 Ephraim,

212 4879 316 4936 hoc
345 4889 427 4935 est
464 4878 647 4933 decem
679 4878 907 4931 tribuum
928 4918 942 4939 ,
974 4874 1209 4931 Samaria
1238 4891 1251 4905 ·
1302 4874 1369 4929 ibi
1395 4872 1535 4929 enim
1580 4872 1788 4927 illorum

208 4972 362 5044 regia
401 4979 543 5035 erat;
575 4977 753 5024 etnon
776 4969 995 5022 ulterius
1025 4964 1374 5029 extendetur;
1406 4972 1460 5018 et
1487 4971 1647 5032 caput
1686 4962 1787 5016 Sa-

210 5067 397 5123 maria:
425 5080 520 5121 rex
546 5062 726 5119 lsrael.
758 5061 908 5129 Quod
935 5061 1003 5116 de
1034 5062 1360 5114 Damasceno
1391 5055 1602 5111 dicebat
1622 5095 1636 5119 ,
1686 5054 1788 5109 hoc

208 5159 374 5215 etiam
425 5156 514 5211 hic
552 5153 838 5225 signiﬁcat,
888 5167 1078 5222 nempe
1126 5150 1257 5205 nihil
1312 5149 1430 5219 plus
1477 5147 1783 5212 habituros,

209 5260 370 5317 quam
414 5257 555 5299 nunc
594 5242 870 5297 haberent.
920 5239 1157 5306 Deinde,
1208 5238 1330 5309 quia
1371 5236 1533 5292 verba
1581 5234 1788 5290 dixerat

209 5335 498 5391 humanam
526 5333 784 5388 rationem
830 5332 1134 5399 superantia
1156 5370 1170 5395 ,
1201 5338 1255 5383 et
1292 5327 1533 5398 quamvis
1571 5322 1785 5379 ratioci-

208 5426 482 5482 nationutn
513 5423 705 5480 seriem
745 5421 1085 5488 excedentia,
1113 5435 1231 5474 cum
1263 5419 1314 5474 id
1347 5418 1488 5489 quod
1513 5416 1786 5472 dicebatur

205 5514 485 5587 prophetia
511 5521 686 5577 esset,
712 5512 832 5582 jure
857 5511 1086 5581 adjecit:
1119 5509 1234 5563 Nisi
1260 5507 1594 5573 credideritis,
1629 5521 1783 5576 neque

208 5606 516 5677 intelligetis.
545 5603 622 5661 Nu
647 5617 886 5675 quaeras,
919 5602 1117 5671 inquit,
1143 5615 1247 5671 quo
1273 5598 1432 5655 modo
1470 5607 1525 5653 et
1550 5611 1655 5668 qua
1699 5611 1784 5651 ra-

207 5696 352 5754 tione
390 5696 504 5753 litec
533 5694 710 5752 futura
738 5694 844 5753 sint
874 5710 889 5750 :
918 5692 1058 5751 Deus
1096 5692 1237 5749 enim
1267 5698 1349 5747 est
1376 5689 1464 5761 qui
1495 5695 1743 5761 operatur
1762 5727 1777 5754 ,

1897 448 2114 514 solaque
2139 444 2242 501 ﬁde
2274 458 2408 517 opus
2435 446 2527 501 tibi
2549 452 2663 512 est,
2693 453 2746 502 et
2775 445 3033 518 intelliges
3062 448 3332 518 Operantls
3361 449 3474 503 vir-

1899 547 2098 605 tutem;
2129 537 2637 594 demonstrationem
2674 553 2886 595 omnem
2914 554 3069 608 supra
3093 539 3355 595 dictorum
3383 556 3472 596 ac-

1897 631 2103 701 cepisti.
2130 631 2256 687 ldeo
2284 631 2448 686 David
2473 632 2729 701 propheta
2758 632 2971 687 dicebat
2998 649 3013 686 :
3043 630 3477 705 Credidi,propter

1897 720 2031 790 quod
2059 720 2295 788 loquutus
2314 737 2423 774 sum
2450 721 2619 791 (Psal.
2648 722 2770 778 115.
2802 722 2913 791 10).
2942 721 3011 776 Et
3035 722 3232 777 Paulus
3260 723 3355 777 hac
3383 739 3473 777 ar-

1898 817 2046 878 repta
2069 808 2319 877 dictione,
2335 825 2367 865 e
2386 824 2443 865 re
2460 810 2602 865 illam
2624 810 2690 866 ad
2718 825 2805 866 res
2819 812 3049 881 majores
3070 812 3230 866 traxit
3246 810 3430 868 dicens
3454 830 3469 867 :

1901 897 2153 954 [labentes
2181 908 2347 955 autem
2389 901 2617 956 eumdem
2647 901 2895 971 Spiritum
2938 902 3091 972 ﬁdei,
3111 904 3385 958 secundum
3418 902 3476 957 id

1897 992 2031 1060 quod
2049 991 2287 1061 scriptum
2312 1001 2404 1058 est,
2432 991 2668 1059 Credidi,
2692 1002 2893 1063 propter
2916 994 3051 1063 quod
3077 992 3310 1064 loquutus
3338 1006 3470 1058 sum,

1899 1090 1945 1132 et
1965 1095 2056 1134 nos
2098 1081 2365 1147 credimus,
2395 1090 2601 1151 propter
2628 1082 2763 1151 quod
2788 1091 2837 1136 et
2878 1081 3125 1153 loquimur
3149 1081 3230 1152 (2.
3269 1081 3387 1135 Cor.
3414 1081 3471 1136 ι.

1900 1167 2013 1234 15).
2035 1168 2166 1224 Nam
2192 1170 2235 1229 si
2261 1179 2439 1224 vetera
2469 1169 2573 1225 (ide
2612 1184 2746 1240 opus
2786 1170 3086 1233 habebant,
3117 1186 3235 1240 qua:
3267 1180 3473 1226 tantum

1897 1260 2094 1316 distant
2115 1260 2183 1317 ab
2208 1260 2270 1315 iis
2300 1274 2417 1331 quae
2443 1261 2494 1315 in
2519 1276 2655 1315 nova
2682 1262 2799 1331 lege
2823 1270 2980 1328 sunt,
3011 1273 3260 1332 quantum
3281 1263 3471 1317 caelum

1897 1366 1927 1405 a
1951 1361 2086 1407 terra
2109 1390 2124 1417 ,
2163 1351 2330 1405 multo
2372 1350 2540 1420 magis
2570 1359 2675 1405 tam
2713 1351 3017 1406 sublimium
3052 1351 3355 1421 dogmatum
3379 1366 3475 1406 co-

1896 1442 2084 1511 gnitio,
2116 1456 2233 1511 qum
2264 1441 2316 1494 in
2345 1440 2541 1495 nullius
2568 1456 2818 1510 umquam
2842 1451 3073 1497 mentem
3103 1450 3379 1497 venerunt.
3416 1442 3472 1498 ΙιΙ

1897 1530 2038 1600 quod
2058 1542 2111 1586 et
2136 1531 2250 1600 ipse
2284 1531 2586 1601 signiﬁcans
2620 1532 2866 1587 dicebat:
2899 1533 3027 1600 Qui:
3050 1533 3229 1588 oculus
3265 1549 3367 1587 non
3393 1535 3472 1587 oi-

1896 1624 2003 1686 dit,
2035 1630 2080 1677 et
2099 1623 2239 1677 auris
2266 1640 2367 1678 non
2411 1624 2631 1689 audivit,
2659 1633 2703 1676 et
2727 1625 2778 1677 in
2807 1640 2894 1677 cor
2920 1624 3136 1679 hominis
3174 1641 3275 1678 non
3298 1641 3476 1680 ascen-

1896 1715 2110 1783 derunt,
2140 1733 2253 1783 qua
2281 1717 2584 1787 preparavit
2607 1714 2742 1769 Deus
2762 1717 3084 1787 diligentibus
3104 1732 3157 1769 se
3184 1716 3259 1785 (1.
3276 1715 3396 1771 Cor.
3415 1715 3472 1769 2.

1898 1806 1974 1875 9).
2008 1807 2095 1861 10.
2126 1807 2191 1861 Et
2215 1809 2397 1878 adjecit
2428 1808 2673 1861 Dominus
2701 1808 2835 1877 loqui
2862 1806 2930 1859 ad
2954 1807 3122 1859 Achaz
3142 1806 3311 1859 dicens
3333 1821 3352 1860 :
3382 1807 3472 1861 11.

1899 1896 2022 1951 Pete
2049 1898 2134 1951 tibi
2162 1898 2359 1969 signum
2377 1915 2410 1951 a
2439 1896 2658 1952 Domino
2687 1896 2791 1951 Deo
2819 1907 2905 1950 tuo
2931 1898 2983 1949 in
3005 1896 3313 1966 profundum
3333 1935 3349 1958 ,
3373 1895 3476 1949 sive

1897 1990 1947 2043 in
1966 1990 2229 2045 excelsum.
2252 1989 2338 2045 12.
2384 1988 2451 2043 Et
2495 1988 2623 2042 dixit
2662 1989 2867 2041 Achaz:
2899 1985 3021 2040 Non
3060 1995 3255 2056 petam,
3287 1995 3335 2039 et
3374 2002 3476 2039 non

1899 2084 2094 2138 tentabo
2123 2083 2418 2137 Dominum.
2471 2084 2555 2138 l3.
2605 2081 2669 2135 Et
2691 2082 2817 2136 dixit
2854 2081 3021 2137 Isaias
3048 2096 3068 2135 :
3096 2080 3279 2134 Audite
3319 2096 3469 2150 ergo,

1897 2174 2074 2228 domus
2112 2172 2279 2227 David
2310 2187 2330 2228 :
2356 2171 2617 2242 Numquid
2646 2188 2826 2243 parum
2864 2170 3001 2225 vobis
3026 2179 3118 2236 est,
3151 2185 3360 2240 agonem
3382 2185 3475 2224 ea:-

1898 2263 2064 2318 Itibere
2091 2263 2414 2317 hominibus?
2456 2262 2518 2315 Et
2546 2279 2637 2315 cur
2678 2261 2896 2315 Domino
2944 2259 3183 2314 exhibetis
3222 2257 3475 2327 agonem!

1898 2354 1985 2408 ﬂ.
2020 2352 2233 2424 Propter
2262 2354 2353 2407 hoc
2373 2352 2511 2406 dabit
2537 2352 2780 2405 Dominus
2810 2351 2915 2419 ipse
2940 2350 3073 2404 vobis
3094 2350 3310 2419 signum.
3341 2346 3475 2400 Ecce

1897 2447 2035 2515 virgo
2062 2446 2113 2499 in
2156 2453 2297 2497 utero
2334 2444 2544 2511 accipiet
2568 2452 2614 2495 et
2658 2442 2819 2511 pariet
2870 2441 3031 2508 ﬁlium
3062 2454 3082 2491 :
3110 2449 3157 2491 et
3186 2436 3471 2491 vocabunt‘

1897 2551 2077 2588 nomen
2102 2535 2209 2603 ejus
2236 2532 2558 2586 Emmanuel.
2598 2531 2757 2585 Multa
2786 2530 2875 2583 Dei
2904 2528 3228 2598 indulgentia
3247 2567 3264 2593 ,
3298 2526 3473 2596 ingra-

1899 2626 2131 2680 tissimus
2176 2632 2258 2679 est
2284 2624 2422 2693 regis
2458 2623 2687 2677 animus.
2715 2620 3004 2688 Oportebat
3038 2619 3181 2673 enim
3225 2632 3473 2672 eumtan-

1898 2716 2009 2770 dito
2038 2714 2292 2785 propheta
2312 2754 2326 2777 ,
2355 2712 2421 2767 de
2460 2711 2614 2766 dictis
2642 2710 2769 2765 nihil
2795 2709 3035 2764 dubitare
3065 2725 3079 2763 :
3108 2706 3250 2777 quod
3288 2707 3333 2761 si
3376 2705 3473 2762 du-

1898 2806 2131 2871 bitabat,
2171 2804 2357 2860 saltem
2398 2803 2510 2857 viso
2553 2802 2704 2871 signo
2740 2800 2958 2855 credere
2982 2841 2997 2867 ,
3038 2797 3179 2869 quod
3232 2797 3473 2868 plerique

1897 2898 2033 2967 apud
2055 2896 2267 2952 Judteos
2314 2893 2570 2949 fecerunt.
2601 2892 2808 2947 Etenim
2862 2891 3000 2945 Deus
3044 2890 3302 2960 benignus
3347 2904 3472 2945 cum

1898 2990 2001 3056 sit,
2030 3004 2135 3043 non
2170 2987 2432 3044 recusavit
2466 2999 2609 3054 saepe
2637 2984 2784 3054 signa
2828 2983 3068 3053 praebere
3118 2981 3470 3037 crassioribus

1896 3088 1951 3133 et
1974 3078 2116 3131 humi
2166 3075 2473 3146 repentibus
2523 3084 2782 3142 terraeque
2810 3072 2983 3127 affixis
3027 3087 3043 3125 :
3098 3080 3155 3125 ut
3203 3069 3327 3125 fecit
3366 3070 3471 3125 Ge~

1896 3167 2054 3223 deoni
2107 3166 2205 3237 (a).
2255 3166 2387 3220 Cum
2435 3164 2576 3219 enim
2622 3162 2849 3234 (Achaz)
2901 3168 3045 3217 esset
3087 3160 3379 3229 imperitior
3416 3169 3471 3215 et

1896 3255 2179 3312 admodum
2220 3254 2400 3318 rudis,
2432 3253 2552 3309 vide
2594 3268 2699 3323 quo
2746 3253 2884 3307 Deus
2927 3266 2984 3306 se
3013 3250 3302 3305 demiserit.
3352 3248 3470 3319 Ipse

1897 3349 2043 3404 illum
2069 3347 2316 3412 attrahit,
2343 3356 2396 3403 et
2422 3346 2662 3401 hortatur
2690 3356 2749 3399 ut
2777 3344 2985 3415 signum
3016 3350 3158 3412 petat
3187 3364 3199 3398 :
3233 3343 3331 3397 etsi
3362 3357 3468 3397 non

1898 3460 2118 3517 parvum
2157 3443 2258 3499 hoc
2285 3444 2492 3514 signum
2516 3451 2664 3505 erat,
2690 3440 2804 3508 ejus
2833 3454 3023 3493 arcana
3050 3436 3296 3507 prodere,
3324 3436 3471 3505 ejus-

1897 3550 2001 3607 que
2044 3534 2360 3590 sententiam
2390 3541 2553 3587 totam
2584 3531 2635 3585 in
2686 3529 2918 3585 medium
2952 3527 3279 3597 producere,
3318 3536 3373 3581 et
3401 3526 3474 3579 si-

1898 3625 2242 3681 mulationem
2286 3623 2401 3693 ejus
2439 3636 2650 3677 omnem
2681 3620 2951 3689 detegere.
3001 3616 3133 3685 Quia
3162 3616 3304 3671 enim
3350 3629 3474 3682 pro-

1899 3714 2055 3786 pheta
2084 3712 2314 3778 dicebat,
2343 3711 2463 3766 Pete
2482 3711 2568 3764 tibi
2586 3713 2804 3781 signum,
2831 3708 2920 3762 ille
2940 3720 3068 3761 vero
3098 3719 3156 3760 se
3184 3703 3471 3758 admodum

1896 3804 2117 3862 credere
2146 3803 2400 3859 simulans
2427 3793 2933 3871 respondebat,Non
2953 3804 3138 3863 petant,
3170 3802 3336 3847 etnon
3365 3800 3474 3845 ten-

1898 3895 2012 3950 tabo
2040 3894 2334 3956 Dominum,
2365 3890 2483 3945 vide
2499 3904 2621 3944 cum
2638 3893 2831 3957 quanta
2852 3881 3184 3939 vehementia
3212 3880 3470 3951 propheta

1896 3984 2186 4041 sectionem
2231 3979 2425 4050 inﬂigat
2450 4020 2465 4046 ,
2494 3978 2613 4047 jure
2642 3983 2761 4045 post
2784 3973 3199 4028 demonstratam
3250 3969 3473 4025 simula-

1896 4073 2090 4128 tionem
2135 4070 2344 4140 gravius
2384 4069 2647 4122 intentans
2671 4064 2893 4119 crimen.
2922 4060 3047 4115 ldeo
3087 4060 3233 4114 illum
3277 4074 3345 4113 ne
3384 4074 3473 4112 re-

1895 4163 2180 4233 sponsione
2196 4159 2404 4230 quidem
2421 4158 2686 4229 dignatur,
2710 4153 2801 4210 sed
2822 4154 2885 4208 ad
2904 4153 3156 4225 populum
3171 4165 3473 4208 sermonem

1893 4252 2156 4310 convertit
2188 4269 2200 4305 :
2231 4250 2615 4310 Audateulomus
2644 4245 2848 4299 David:
2880 4242 3144 4311 Numquid
3173 4256 3356 4310 parum
3379 4256 3469 4293 vo-

1895 4344 1968 4399 bis
1997 4353 2101 4409 est,
2142 4356 2350 4413 agonem
2392 4338 2611 4408 prwbere
2648 4333 2970 4389 hominibus?
3009 4330 3076 4383 Et
3122 4346 3211 4381 cur
3252 4327 3473 4381 Domino

1893 4451 2102 4506 agonem
2130 4431 2394 4502 prabetis?
2420 4429 2711 4485 Obscurum
2737 4434 2819 4479 est
2844 4423 2896 4477 id
2925 4420 3065 4491 quod
3087 4419 3281 4474 dicitur
3308 4436 3321 4472 :
3350 4419 3472 4473 ideo

1893 4524 2092 4579 dictum
2122 4522 2250 4577 illud
2296 4526 2543 4575 accurate
2571 4528 2651 4570 est
2700 4512 3095 4583 explicandum.
3128 4508 3280 4578 Quod
3328 4508 3472 4563 enim

1891 4616 2047 4679 dicit,
2074 4615 2175 4667 hoc
2197 4623 2277 4667 est
2309 4610 2480 4667 :Num
2510 4622 2628 4662 mea
2655 4606 2815 4661 verba
2843 4603 3007 4659 sunt?
3036 4616 3161 4656 num
3188 4616 3306 4655 mea
3345 4615 3472 4655 sen-

1894 4704 2093 4761 tentia?
2129 4702 2184 4758 Si
2221 4708 2397 4757 autem
2442 4698 2747 4754 hominibus
2772 4710 2878 4750 non
2922 4693 3142 4748 credere
3168 4692 3284 4746 sine
3312 4705 3471 4746 eausa

1889 4810 2049 4866 grave
2076 4803 2128 4849 et
2150 4790 2519 4849 criminatione
2561 4788 2777 4859 dignum
2805 4794 2917 4851 est,
2947 4784 3113 4839 multo
3138 4782 3305 4851 magis
3336 4780 3467 4835 Deo.

1891 4889 2025 4945 Illud
2056 4889 2234 4959 igitur,
2260 4899 2486 4956 agonem
2532 4882 2808 4953 praebere,
2848 4878 2980 4933 nihil
3008 4874 3149 4930 aliud
3178 4880 3261 4927 est
3307 4885 3468 4941 quam

1891 4982 2049 5038 ﬁdem
2078 4995 2289 5050 negare.
2322 4977 2433 5033 Hoc
2452 5018 2466 5043 ,
2495 4973 2698 5045 inquit,
2723 4985 2847 5026 num
2877 4981 3096 5038 parvum
3127 4963 3329 5018 crimen
3350 4960 3468 5016 esti

1890 5090 1956 5128 an
1989 5088 2142 5143 parva
2164 5068 2546 5128 criminationis
2572 5078 2729 5121 causa
2756 5059 3057 5116 hominibus
3075 5071 3179 5111 non
3205 5050 3471 5110 credere?

1892 5164 2043 5231 Quod
2070 5164 2114 5219 si
2142 5165 2240 5219 hoc
2264 5176 2452 5234 grave,
2484 5157 2650 5213 multo
2681 5152 2849 5222 magis
2878 5164 2985 5205 non
3005 5146 3227 5204 credere
3259 5145 3392 5202 Deo.

1953 5304 1969 5334 ³
2008 5301 2065 5351 In
2082 5300 2241 5350 Bibliis
2262 5298 2461 5360 legitur,
2484 5299 2529 5344 et
2549 5288 2752 5342 vocabis.

1952 5385 2025 5445 (a)
2058 5386 2139 5433 Hic
2160 5382 2352 5431 omnino
2391 5384 2613 5439 putamus
2656 5370 2833 5445 aliquid
3157 5363 3467 5445 pampinis:

1890 5426 2512 5500 ictu—iiu-videntrurea'qute
2541 5426 2811 5497 sequuntur
2842 5431 2924 5500 de
2950 5426 3323 5500 gedeoneidici,
3355 5434 3466 5500 qu?

1886 5489 2591 5556 iamendelchaao'diéuntur.
2616 5489 2783 5558 neque
2804 5489 3333 5558 solet_Chrysestonms,
3352 5496 3465 5558 cum

1887 5546 2377 5628 é‘iéﬁfpia'sséii.’ai
2388 5546 2467 5609 hic
2486 5546 2726 5631 Gedeonis
2758 5546 3337 5657 exemplum,'slc
3357 5557 3465 5616 rem

1887 5626 2139 5657 σιῑιεηιποιοο
2191 5621 2323 5657 nnlln
2352 5622 2463 5657 dam
2505 5631 2647 5657 suam
2674 5616 2918 5657 indicante
2947 5608 3076 5657 quod
3108 5621 3137 5657 Υ
3228 5603 3375 5657 unde
3396 5613 3463 5656 ιιι

1884 5603 2465 5682 ἷῖξᾶίῖἑῖθῖῖίιίἰοῖὶῖὦ
2493 5603 2647 5683 signa
2673 5603 2923 5667 itxlicante'
2947 5603 3076 5673 quod
3108 5603 3190 5657 vel
3228 5603 3375 5669 quale
3396 5607 3463 5656 sit

1889 5689 2005 5740 illud
2030 5683 2325 5749 exemplum.
