4048 6442
583 355 657 410 33
1297 348 1354 405 S.
1391 342 1668 404 JOANNIS
1704 337 2171 400 CHRYSOSTOMI
2209 335 2528 395 ARCHIEP.
2567 334 3101 398 CONSTANTINOP.
3803 355 3873 409 84

653 464 708 520 5.
751 464 865 519 lloc
909 476 1070 535 porro
1115 459 1346 528 dicebat,
1376 468 1435 514 ut
1480 458 1748 514 discerent
1795 468 2000 516 omnes,
2033 466 2163 522 pro-

579 557 799 627 phetam
826 555 997 625 decipi
1027 568 1132 608 non
1161 567 1340 623 posse,
1369 565 1467 606 nec
1510 566 1540 604 a
1582 547 1778 613 verbis,
1800 560 1920 614 quae
1962 542 2165 614 prolata

579 649 814 717 inerant,
866 648 1147 718 deceptum
1192 661 1334 714 esse,
1364 644 1459 700 sed
1509 643 1577 698 ab
1618 641 1702 703 iis,
1733 653 1852 710 qua:
1890 638 1942 692 in
1987 645 2166 691 mente

578 740 781 794 Achazi
829 748 1008 805 erant,
1043 737 1250 793 ferebat
1293 734 1632 792 sententiam.
1663 730 1775 786 Hoc
1816 738 1869 784 et
1891 727 2164 782 Christum

576 843 724 898 saepe
761 827 951 884 iecisse
981 829 1034 883 in
1063 829 1364 899 Evangebts
1393 825 1605 896 legitur.
1634 821 1786 877 Prius
1822 819 1963 875 enim
2007 830 2163 888 quam

577 919 1089 976 demonstrationem
1135 933 1202 972 ex
1257 916 1421 988 signis
1468 912 1752 985 praeberet,
1780 908 2035 964 malitiam
2066 907 2165 963 Ju-

576 1009 841 1076 dteorum,
868 1025 1026 1080 quam
1067 1017 1244 1063 mente
1279 1006 1584 1069 versabant,
1626 1003 1680 1057 in
1710 1000 1942 1057 medium
1982 998 2160 1070 proic-

573 1113 720 1164 rens,
755 1098 858 1154 hoc
883 1099 994 1169 jam
1037 1113 1143 1152 non
1184 1111 1403 1166 parvum
1435 1095 1643 1164 signum
1679 1090 1910 1146 edebat:
1951 1096 2011 1143 ut
2041 1087 2163 1143 iecit

573 1189 715 1243 circa
745 1189 1118 1260 paralyticum.
1160 1186 1294 1241 Cum
1326 1185 1470 1241 enim
1519 1183 1595 1238 illi
1633 1181 1852 1236 dixisset
1881 1195 1896 1234 :
1928 1177 2157 1246 Con/ide,

573 1279 672 1347 ﬁli,
693 1280 1014 1333 dimittuntur
1042 1276 1131 1332 tibi
1158 1287 1382 1348 peccata,
1407 1275 1614 1346 ipsique
1631 1272 1871 1327 dicerent
1891 1269 1941 1324 in
1965 1276 2162 1324 semet-

577 1372 728 1440 ipsis,
776 1369 1102 1440 Blasphemat
1133 1367 1343 1440 (Matth.
1373 1367 1429 1423 9.
1457 1365 1513 1420 2.
1545 1365 1600 1430 5)
1635 1382 1649 1417 :
1691 1361 1824 1416 dixit
1851 1360 1953 1416 illis
1983 1359 2161 1429 prius-

572 1477 732 1532 quam
762 1461 1114 1533 paralyticum
1146 1460 1426 1515 roboraret
1455 1476 1468 1512 :
1513 1454 1652 1524 Quid
1676 1452 1908 1526 cogitatis
1936 1451 2074 1505 Itala
2109 1451 2162 1505 in

572 1551 809 1605 cordibus
835 1551 1007 1605 vestris
1034 1549 1196 1621 (Ibid.
1226 1564 1273 1602 υ.
1297 1549 1395 1619 i)?
1443 1547 1729 1602 maximum
1772 1544 1876 1599 hoc
1917 1540 2162 1612 prabens

571 1641 867 1696 divinitatis
893 1640 1166 1708 indicium,
1204 1639 1346 1711 quod
1374 1651 1565 1694 arcana
1610 1634 1806 1691 mentis
1847 1639 2051 1688 nosset.
2087 1629 2163 1685 Tu

570 1730 728 1798 enim,
760 1729 950 1802 inquit,
997 1731 1130 1785 nosti
1171 1729 1326 1784 corda
1371 1730 1508 1785 solus
1559 1727 1634 1799 (5.
1663 1725 1794 1797 Reg.
1842 1723 1895 1780 8.
1947 1721 2065 1795 59).
2094 1721 2164 1776 Et

572 1822 740 1878 David
761 1836 946 1878 rursus
965 1823 1039 1877 ait
1053 1825 1069 1854 ι
1096 1840 1111 1877 :
1136 1821 1382 1879 Scrutam
1406 1820 1564 1876 corda
1585 1828 1632 1875 et
1652 1835 1795 1874 renes
1822 1816 1956 1872 Deus
1984 1815 2158 1885 (Psai.

572 1911 628 1966 7.
654 1911 763 1985 ιο).
791 1912 906 1968 Hoc
933 1911 1099 1968 etiam
1126 1911 1400 1984 prophetis
1425 1924 1570 1982 saepe
1597 1909 1759 1966 dabat
1782 1909 1925 1964 Deus
1952 1915 2012 1962 ut
2037 1922 2162 1962 nos-

570 2011 692 2058 sent
715 2044 731 2070 ,
764 2012 826 2059 ut
849 2003 938 2073 qui
969 2002 1259 2059 audiebant
1303 2003 1428 2059 hinc
1454 2001 1774 2068 ediscerent,
1811 1999 1944 2055 nihil
1973 2014 2157 2056 eorum

569 2099 690 2163 Quae
732 2093 1038 2150 dicebantur
1087 2097 1376 2151 humanum
1406 2108 1547 2160 esse,
1575 2091 1671 2149 sed
1715 2106 1946 2164 superne
1989 2099 2045 2147 et
2091 2092 2159 2148 de

569 2184 714 2239 caulis
741 2200 903 2241 omne
931 2185 1210 2241 decretum
1256 2201 1375 2241 esse
1413 2184 1669 2241 delatum.
1710 2182 1837 2238 ideo
1881 2183 2158 2238 vocalissi-

571 2289 691 2330 mus
719 2274 807 2332 hic
847 2275 1010 2331 lsaias
1037 2283 1319 2348 postquam
1349 2290 1474 2331 eum
1499 2274 1644 2329 omni
1671 2272 2037 2328 moderatione
2073 2287 2158 2328 re-

569 2380 690 2437 gem
733 2373 851 2422 erat
872 2366 1200 2436 alloquutus,
1223 2380 1452 2437 eumque
1480 2380 1510 2419 a
1538 2364 1691 2420 malis
1733 2364 2070 2426 liberaverat,
2094 2378 2158 2418 ac

569 2458 639 2513 de
670 2459 1021 2528 pmsentibus
1047 2458 1322 2516 conﬁdere
1336 2458 1590 2529 jusserat,
1628 2466 1681 2513 et
1715 2457 1907 2513 indicia
1934 2457 2157 2527 hujusce

569 2549 648 2603 rei
679 2549 779 2620 ipsi
809 2550 1145 2620 prtebuisset,
1177 2549 1318 2621 quod
1346 2550 1626 2606 consilium
1657 2563 1715 2604 se
1742 2549 2155 2620 Oppugnantium

567 2638 670 2708 ipsi
713 2641 1036 2711 aperuisset,
1067 2642 1424 2712 proditionem
1452 2641 1759 2708 detexisset,
1788 2641 2157 2711 excidiumque

568 2728 833 2799 integrum
859 2729 1073 2786 lsraelis
1108 2729 1460 2802 prtedixisset,
1491 2739 1546 2785 et
1587 2738 1797 2799 tempus
1832 2730 2151 2798 adjecisset:

571 2817 654 2874 his
681 2836 787 2875 non
810 2829 1114 2887 contentus,
1137 2819 1364 2876 ulterius
1391 2819 1745 2892 progreditur,
1766 2835 1938 2889 neque
1962 2819 2157 2874 insistit

570 2921 630 2967 ut
657 2913 866 2984 signum
906 2913 1161 2984 postulet,
1192 2913 1288 2970 sed
1314 2914 1485 2981 illum,
1515 2912 1585 2969 ob
1617 2913 1838 2968 nimiam
1870 2913 2156 2970 increduli-

570 3013 733 3061 tatem
781 3006 830 3061 id
881 3007 1176 3073 nolentem,
1207 3007 1477 3073 hortatur;
1523 3019 1696 3076 neque
1737 3004 1791 3060 id
1821 3005 2152 3075 simpliciter,

566 3099 666 3153 sed
716 3098 938 3155 liberam
987 3108 1305 3170 potestatem
1357 3099 1567 3170 signum
1608 3097 1837 3168 eligendi
1883 3096 2150 3168 relinquit.

571 3187 755 3258 Neque
801 3190 943 3244 enim
989 3190 1145 3260 dicit,
1166 3191 1275 3246 hoc
1301 3188 1388 3245 vel
1438 3188 1565 3245 illud
1596 3188 1826 3258 signum,
1855 3187 1948 3243 sed
1978 3195 2036 3242 ut
2063 3203 2156 3244 vo-

567 3277 766 3345 lueris,
810 3281 920 3346 ait;
969 3281 1119 3336 dives
1145 3289 1234 3338 est
1273 3281 1547 3348 Dominus,
1581 3281 1920 3350 omnipotens
1963 3281 2152 3349 virtus,

569 3367 858 3423 ined’abilis
883 3378 1143 3438 potestas.
1176 3368 1230 3423 Si
1256 3384 1322 3423 ex
1348 3370 1495 3423 caelis
1536 3369 1787 3434 volueris,
1821 3369 1949 3423 nihil
1989 3370 2156 3440 impe-

565 3457 686 3522 dit;
732 3458 777 3512 si
826 3473 892 3512 ex
925 3466 1086 3524 terra,
1114 3457 1245 3512 nihil
1292 3458 1557 3526 prohibet.
1604 3457 1660 3512 ld
1704 3459 1847 3513 enim
1896 3458 1996 3514 sibi
2043 3461 2157 3515 vult

565 3549 719 3615 illud,
748 3548 814 3604 In
835 3550 1166 3621 profundum,
1197 3560 1286 3604 aut
1314 3551 1366 3605 in
1395 3552 1666 3606 excelsum.
1698 3548 1828 3604 Cum
1854 3558 2029 3606 autem
2057 3565 2155 3607 nec

565 3640 646 3694 sic
690 3656 814 3696 eum
866 3641 1169 3708 adduxerit,
1197 3657 1266 3697 ne
1314 3641 1400 3697 hic
1447 3640 1663 3713 quidem
1715 3640 1895 3705 tacuit,
1923 3639 2018 3696 sed
2062 3655 2153 3696 rc-

570 3728 928 3797 prehensione
955 3730 1256 3800 snbjuncta,
1286 3729 1443 3801 idque
1484 3730 1550 3786 ad
1588 3729 2012 3786 emendationem
2061 3745 2154 3785 au-

567 3821 785 3886 dientis,
801 3830 853 3876 et
878 3830 934 3876 ut
959 3822 1264 3877 ostenderet
1285 3838 1343 3878 se
1369 3837 1473 3878 non
1502 3822 1646 3878 illum
1668 3821 1959 3894 decepisse,
1980 3836 2155 3894 neque

567 3912 987 3968 circumvenisse
1015 3913 1215 3982 verbis,
1261 3913 1594 3985 prophetiam
1638 3914 1840 3970 revelat
1884 3927 2148 3982 arcanam,

565 4003 618 4056 in
645 4002 874 4058 salutem
896 4003 1042 4058 orbis
1064 4003 1314 4073 futuram,
1339 4014 1392 4061 et
1420 4005 1473 4061 in
1501 4020 1682 4061 rerum
1712 4005 1947 4060 omnium
1974 4019 2154 4060 emen-

567 4092 842 4147 dationem
867 4112 880 4147 :
909 4095 1088 4163 aitque
1117 4096 1325 4165 signum
1363 4112 1469 4151 non
1494 4096 1746 4168 deinceps
1777 4095 1890 4151 dari
1919 4097 2152 4162 Achazo,

565 4183 658 4237 sed
689 4183 786 4238 toti
831 4182 1140 4238 Judteorunt
1175 4184 1390 4253 populo.
1427 4185 1581 4242 lnitio
1603 4186 1742 4241 enim
1773 4186 1945 4257 ipsum
1975 4202 2152 4257 regem

565 4269 971 4342 alloquebatur;
1021 4276 1141 4344 quia
1186 4291 1314 4329 vero
1354 4291 1412 4330 se
1455 4277 1568 4344 ipse
1599 4277 1869 4347 indignum
1901 4277 2150 4344 reddidit,

571 4365 774 4419 turbam
800 4365 981 4434 pepuli
1010 4365 1320 4434 alloquitur.
1351 4366 1496 4431 Ideo,
1519 4366 1705 4435 inquit,
1732 4366 1868 4420 dabit
1895 4381 2000 4420 non
2037 4367 2149 4433 tibi,

566 4453 660 4507 sed
688 4455 824 4508 vobis
853 4455 1070 4526 signum.
1112 4455 1284 4522 Vobis,
1309 4457 1661 4526 quibusnam?
1706 4455 1775 4511 lis
1819 4457 1906 4525 qui
1934 4464 2056 4510 sunt
2098 4456 2151 4511 in

565 4541 728 4596 domo
777 4546 964 4600 David.
1025 4548 1235 4602 Etenim
1294 4548 1442 4603 illinc
1489 4549 1697 4618 signum
1746 4557 1987 4602 exortum
2047 4556 2148 4603 est.

563 4631 844 4699 Quodnam
877 4633 1036 4703 igitur
1059 4645 1139 4689 est
1168 4637 1412 4706 signum?
1443 4637 1576 4691 Ecce
1595 4638 1732 4708 virgo
1758 4638 1810 4690 in
1842 4647 1982 4691 utero
2021 4638 2154 4690 acci—

565 4725 684 4795 piet,
714 4733 762 4777 et
806 4725 967 4792 pariet
995 4724 1179 4792 ﬁlium,
1209 4736 1254 4778 et
1283 4729 1525 4781 vocabunt
1568 4744 1748 4781 nomen
1790 4729 1899 4798 ejtts
1939 4727 2152 4780 Emma-

565 4817 706 4870 nuel.
740 4815 1164 4882 Observandum,
1186 4815 1236 4868 id
1263 4818 1404 4886 quod
1435 4827 1490 4871 et
1514 4827 1636 4873 ante
1657 4819 1786 4882 dixi,
1813 4834 1916 4873 non
1940 4819 2153 4874 Achazo

563 4907 748 4962 datum
781 4905 945 4961 fuisse
973 4907 1201 4976 signum.
1226 4905 1378 4974 Quod
1408 4916 1585 4961 autem
1613 4906 1665 4961 id
1707 4924 1810 4962 non
1856 4925 1921 4963 ex
1966 4909 2151 4978 conje-

563 5009 714 5053 ctura
761 4997 984 5065 dicatur,
1020 4999 1132 5070 ipse
1178 4998 1436 5068 propheta
1468 4998 1765 5068 objurgavit
1803 5007 1859 5052 et
1885 5000 2152 5053 accusavit

563 5091 751 5145 dicens
776 5109 790 5143 :
825 5088 1090 5162 Numquid
1115 5107 1296 5162 parum
1322 5091 1456 5144 vobis
1487 5099 1557 5144 est
1580 5107 1789 5161 agonem
1812 5090 2031 5159 prazbere
2062 5090 2152 5143 Ito-

561 5179 783 5234 minibus
800 5181 826 5233 1’
852 5191 904 5236 et
931 5181 1157 5250 adjecit:
1189 5180 1312 5235 Ideo
1339 5181 1476 5234 dabit
1503 5181 1747 5235 Dominus
1773 5181 1905 5234 vobis
1926 5180 2145 5250 signum.

564 5269 698 5323 Ecce
727 5271 866 5340 virgo
900 5274 950 5325 in
982 5283 1122 5327 utero
1164 5274 1380 5328 habebit.
1407 5272 1462 5328 Si
1507 5283 1682 5327 autem
1711 5273 1858 5341 virgo
1888 5286 1991 5325 non
2022 5272 2151 5326 fuis-

564 5368 668 5429 set,
701 5363 911 5431 signum
959 5378 1066 5416 non
1094 5374 1228 5418 erat.
1268 5365 1487 5435 Signum
1539 5363 1678 5418 enim
1726 5377 1902 5418 rerum
1954 5362 2146 5418 seriem

622 5471 800 5541 (Reg.
823 5476 874 5520 et
895 5470 1126 5541 Savd.,_et
1151 5473 1520 5541 Pasibusrurstts
1543 5471 1626 5523 ait.
1670 5473 1928 5541 Morel.__et
1962 5479 2144 5533 Bavar.,

556 5537 602 5581 et
645 5532 996 5596 Davidrursus
1018 5532 1103 5589 ait,
1153 5540 1204 5596 et
1235 5536 1304 5583 sic
1328 5533 1450 5596 legit
1481 5535 1747 5596 Interprcs.
1775 5534 1942 5584 Melius
1964 5542 2102 5583 certe
2131 5532 2142 5583 ἐ

555 5605 667 5655 nam
687 5594 783 5642 etsi
807 5593 1013 5655 idipsum
1060 5593 1249 5651 Paulus,
1274 5593 1401 5642 item:
1428 5596 1474 5652 8,
1503 5597 1580 5654 27,
1611 5593 1675 5644 ex
1699 5596 1877 5645 Davide
1901 5604 2149 5645 mutuatus

554 5654 786 5722 proferat,
802 5654 921 5722 cum
942 5657 1304 5722 verbatantum
1329 5656 1533 5722 Davidls,
1575 5657 1794 5722 nihilque
1819 5657 1950 5708 aliud
1974 5657 2146 5707 afferat.

554 5721 650 5774 tur,
672 5715 831 5765 Davidi
857 5715 1034 5766 melius
1052 5715 1336 5766 adscribitur
1359 5713 1508 5765 locus.

2278 449 2540 506 excedere
2563 449 2744 517 debet,
2771 459 2827 507 et
2864 461 3067 508 naturae
3111 454 3548 511 consuetudinem
3588 471 3871 527 superare,

2273 537 2507 610 itemque
2545 556 2743 596 novum
2773 550 2828 598 et
2869 543 3294 612 inexspectatum
3327 561 3469 612 esse,
3513 548 3583 602 ita
3615 557 3673 602 ut
3699 548 3752 603 id
3783 550 3871 602 in-

2271 628 2423 698 signe
2469 630 2540 686 sit
2589 632 2812 703 singulis
2838 633 2931 704 qui
2979 634 3162 691 vident
3185 644 3241 692 et
3267 637 3512 693 audiunt.
3565 637 3698 696 Ideo
3721 641 3868 695 enim

2269 721 2480 790 signum
2519 724 2840 794 appellatur,
2867 725 3008 795 quod
3051 727 3121 782 sit
3158 727 3388 800 insigne.
3433 728 3646 800 Insigne
3684 739 3866 786 autem

2269 829 2378 870 non
2427 814 2604 884 fuerit,
2634 816 2679 872 si
2716 817 2996 874 delitescat
3036 819 3090 874 in
3119 822 3501 878 communitate
3537 832 3862 878 caeterarum

2269 917 2468 959 rerum.
2510 905 2693 977 Itaque
2735 907 2780 962 si
2807 922 2986 964 sermo
3010 917 3157 966 esset
3198 910 3267 966 de
3292 911 3518 968 muliere
3561 912 3866 968 secundum

2268 1004 2474 1052 natura:
2522 997 2690 1069 legem
2743 999 3015 1068 pariente,
3059 1015 3156 1057 cur
3198 1000 3408 1072 signum
3453 1013 3677 1059 vocaret
3721 1004 3866 1074 quod

2270 1086 2508 1154 quotidie
2553 1087 2668 1142 iieri
2715 1087 2897 1144 solet?
2938 1090 3063 1146 ideo
3092 1092 3145 1147 in
3191 1091 3414 1148 exordio
3441 1095 3726 1161 sermonis,
3756 1109 3863 1149 non

2269 1179 2586 1249 simpliciter
2606 1179 2758 1246 dixit,
2801 1179 2941 1237 Ecce
2966 1182 3136 1252 virgo,
3162 1183 3278 1248 sed,
3309 1183 3439 1238 Ecce
3464 1185 3571 1239 hac
3596 1185 3740 1255 uirgo
3763 1183 3865 1255 (a),

2269 1269 2544 1325 additione
2571 1270 2778 1325 articuli
2812 1270 3072 1342 insignem
3099 1272 3405 1342 quamdam,
3435 1282 3490 1329 et
3516 1273 3658 1329 hanc
3686 1274 3864 1329 solam

2268 1359 2434 1415 fuisse
2463 1361 2618 1416 nobis
2647 1361 3012 1418 subindicans.
3040 1363 3192 1432 Quod
3223 1365 3364 1420 enim
3397 1365 3501 1421 hoc
3523 1364 3865 1421 additamen-

2267 1463 2379 1508 tum
2423 1452 2473 1508 id
2519 1453 2802 1524 signiiicet,
2847 1470 2912 1511 ex
2949 1453 3250 1526 Evangeliis
3294 1455 3504 1512 discere
3546 1471 3863 1526 possumus.

2265 1543 2398 1600 Cum
2423 1545 2566 1600 enim
2591 1545 2657 1601 ad
2681 1545 2941 1602 Joannem
2968 1548 3236 1603 misissent
3252 1547 3420 1604 Judaei
3448 1548 3861 1618 interrogantes,

2269 1633 2395 1701 Quis
2430 1636 2522 1690 cs.’
2552 1650 2656 1690 non
2691 1636 2960 1703 dicebant,
2993 1637 3074 1692 Tu
3103 1651 3164 1693 es
3187 1636 3467 1703 Christus;
3496 1637 3615 1705 sed,
3641 1639 3706 1695 Si
3735 1650 3790 1694 tu
3815 1657 3864 1694 es

2265 1728 2351 1782 ille
2375 1726 2605 1784 Christus
2632 1746 2652 1784 :
2679 1744 2852 1800 neque
2894 1729 3161 1797 dicebant,
3193 1729 3273 1785 Tu
3301 1745 3360 1786 es
3400 1731 3696 1801 prOpheta;
3729 1732 3824 1787 sed
3847 1773 3860 1794 .

2267 1820 2330 1878 Si
2357 1830 2409 1876 tu
2435 1838 2487 1877 es
2514 1822 2602 1876 ille
2624 1823 2871 1894 prapheta
2891 1821 3072 1893 (Joan.
3114 1824 3168 1878 1.
3201 1822 3289 1878 l9.
3314 1822 3444 1894 25):
3478 1824 3620 1894 quod
3652 1833 3863 1879 utrum-

2265 1928 2369 1984 que
2399 1915 2651 1970 eximium
2681 1924 2816 1970 erat.
2849 1915 2972 1972 ideo
3001 1915 3236 1971 Joannes
3262 1916 3607 1986 Evangelium
3639 1917 3861 1972 ordiens

2263 2022 2369 2062 non
2392 2007 2622 2073 dicebat,
2654 2007 2706 2061 ln
2737 2007 2998 2078 principio
3021 2018 3135 2062 erat
3159 2006 3413 2074 Verbum,
3452 2007 3570 2075 sed,
3604 2006 3671 2062 In
3712 2009 3860 2077 prin-

2263 2098 2394 2168 cipio
2439 2107 2549 2153 erat
2593 2097 2726 2152 illud
2762 2097 2999 2166 Verbum,
3027 2107 3076 2153 et
3122 2097 3253 2153 illud
3304 2097 3518 2154 Verbum
3562 2108 3670 2152 erat
3717 2100 3860 2169 apud

2262 2187 2428 2242 Deum
2459 2189 2636 2259 (Joan.
2672 2189 2723 2244 l.
2767 2190 2844 2260 l).
2885 2188 2975 2245 Sic
3012 2188 3193 2245 ethoc
3231 2189 3351 2244 loco
3393 2203 3499 2244 non
3528 2189 3685 2257 dixit,
3717 2190 3860 2246 Ecce

2261 2280 2432 2350 virgo,
2452 2281 2567 2347 sed,
2590 2281 2717 2336 Ecce
2735 2286 2842 2335 Iure
2867 2283 3006 2354 virgo
3031 2297 3050 2335 :
3073 2297 3136 2338 ac
3155 2297 3275 2338 cum
3297 2282 3553 2353 dignitate
3579 2283 3857 2354 prophetae

2261 2372 2595 2428 convenienti
2627 2372 2778 2438 illud,
2813 2371 2962 2441 Ecce,
2991 2373 3351 2444 praemittitur.
3390 2373 3522 2428 Nam
3570 2373 3744 2431 ferme
3771 2377 3854 2431 vi-

2262 2463 2438 2520 dentis
2482 2473 2536 2520 et
2583 2465 2866 2536 imaginem
2897 2465 2951 2520 in
3000 2475 3178 2522 mente
3223 2465 3472 2522 habentis
3515 2467 3632 2523 hare
3675 2478 3851 2534 erant,

2262 2555 2588 2624 multamque
2636 2555 2688 2610 in
2733 2570 2792 2611 se
2843 2555 3090 2611 habentis
3135 2571 3320 2612 eorum
3370 2571 3488 2627 quae
3540 2557 3857 2614 dicebantur

2261 2647 2604 2702 evidentiam.
2651 2647 2783 2703 Nam
2829 2647 2905 2702 illi
2934 2648 3071 2704 oculi
3111 2647 3305 2704 clarius
3331 2664 3488 2720 quam
3540 2651 3708 2705 nostri
3766 2651 3854 2705 illa

2261 2737 2361 2790 sub
2398 2745 2673 2807 aspectum
2717 2753 2822 2792 non
2867 2737 3109 2794 cadentia
3152 2738 3423 2794 videbant.
3453 2739 3656 2796 Sensus
3707 2741 3853 2796 enim

2259 2826 2435 2897 decipi
2464 2836 2673 2897 potest;
2701 2827 2933 2898 Spiritus
2961 2844 3092 2885 vero
3136 2830 3308 2900 gratia
3334 2830 3465 2885 nulli
3502 2828 3729 2886 fallacia:
3758 2831 3854 2887 ob—

2262 2918 2476 2972 noxiam
2507 2917 2827 2973 sententiam
2856 2918 3146 2988 praebebat.

2332 3007 2386 3062 8.
2418 3006 2485 3062 Et
2509 3021 2605 3063 cur
2629 3021 2735 3063 non
2766 3007 2978 3078 adjecit,
3010 3008 3236 3079 inquies,
3266 3015 3476 3079 partum
3497 3008 3613 3066 fore
3638 3020 3706 3066 ex
3736 3009 3857 3080 Spi-

2261 3097 2366 3151 ritu
2393 3097 2613 3152 saneto?
2641 3097 2922 3168 Prophetia
2952 3107 3067 3153 erat
3090 3098 3143 3154 id
3170 3098 3313 3168 quod
3343 3099 3640 3166 dicebatur,
3669 3109 3725 3155 et
3754 3099 3855 3154 sub

2262 3189 2448 3243 umbra
2473 3188 2775 3244 annuntiari
2796 3187 3044 3255 debebat,
3075 3198 3133 3244 ut
3160 3203 3302 3260 stepe
3326 3189 3456 3255 dixi,
3489 3189 3557 3245 ob
3587 3189 3853 3260 ingratum

2263 3281 2592 3336 audientium
2615 3281 2876 3348 animum,
2899 3296 2966 3337 ne
2992 3280 3170 3336 omnia
3195 3281 3340 3337 clare
3370 3280 3660 3349 discentes,
3689 3281 3857 3336 libros

2261 3384 2447 3425 omnes
2489 3371 2887 3427 comburerent.
2933 3371 2990 3427 Si
3021 3387 3249 3444 namque
3290 3371 3568 3442 prophetis
3604 3389 3712 3427 non
3759 3389 3854 3443 pe-

2261 3471 2569 3531 percerunt,
2592 3463 2762 3517 multo
2792 3462 2968 3517 minus
2985 3478 3012 3515 a
3031 3463 3241 3531 scriptis
3267 3463 3676 3518 abstinuissent.
3700 3462 3854 3528 Quod

2259 3560 2438 3606 autem
2467 3550 2518 3606 id
2549 3566 2655 3605 non
2689 3567 2757 3606 ex
2784 3551 3088 3622 conjectura
3115 3553 3314 3607 dictum
3347 3553 3435 3618 sit,
3468 3551 3607 3607 alius
3633 3552 3853 3622 quidam

2259 3657 2360 3697 rex
2391 3642 2490 3698 sub
2515 3641 2747 3698 Jeremia
2767 3683 2783 3708 ,
2814 3657 2933 3697 cum
2963 3642 3107 3713 ipsos
3133 3642 3295 3699 libros
3324 3643 3653 3712 accepisset,
3688 3642 3854 3699 disci-

2260 3733 2356 3797 dit,
2386 3743 2439 3789 et
2481 3733 2590 3804 igni
2634 3732 2847 3788 tradidit
2890 3732 3025 3803 (Jer.
3068 3732 3156 3788 56.
3206 3732 3322 3805 25).
3354 3731 3546 3789 Viden’
3588 3734 3851 3789 insaniam

2262 3824 2691 3880 intolerabilem?
2718 3823 3037 3880 viden'iram
3061 3825 3268 3879 ratione
3292 3838 3512 3879 vacuam
3530 3825 3553 3879 τ
3574 3823 3691 3879 Νοη
3719 3826 3850 3881 satis

2261 3921 2360 3990 ipsi
2390 3919 2488 3975 fuit
2514 3919 2708 3990 scripta
2740 3919 3089 3986 obliterasse,
3119 3921 3277 3976 etiam
3318 3919 3632 3986 combussit,
3663 3928 3723 3974 ut
3761 3935 3852 3975 ra-

2261 4013 2422 4069 tionis
2449 4020 2724 4085 expertem
2755 4010 3004 4068 aﬁ‘ectum
3033 4012 3298 4083 impleret.
3334 4011 3584 4066 Attamen
3612 4011 3712 4065 etsi
3755 4011 3854 4065 nti-

2260 4106 2441 4162 rabilis
2458 4103 2546 4160 hic
2565 4103 2829 4175 propheta
2846 4104 3075 4160 obscure
3097 4103 3347 4173 loquutus
3367 4101 3455 4167 sit,
3483 4109 3652 4155 totum
3673 4109 3852 4155 tamen

2261 4198 2523 4255 exhibuit.
2553 4197 2716 4268 Virgo
2756 4211 3005 4267 namque,
3047 4195 3221 4251 donec
3270 4201 3453 4249 manet
3493 4193 3676 4262 virgo,
3711 4193 3852 4246 unde

2262 4303 2454 4360 parere
2484 4289 2684 4359 possit,
2725 4289 2824 4344 nisi
2853 4303 2917 4343 ex
2945 4287 3146 4357 Spiritu
3188 4288 3410 4344 sancto?
3439 4284 3667 4342 Solvere
3708 4286 3849 4340 enim

2260 4381 2430 4450 legem
2457 4389 2661 4435 natura:
2688 4395 2793 4434 non
2836 4379 3053 4434 alterius
3082 4389 3231 4448 erat,
3260 4393 3418 4449 quam
3461 4377 3577 4447 ejus
3603 4377 3693 4447 qui
3724 4391 3853 4432 cou-

2261 4470 2395 4524 didit
2423 4477 2690 4524 naturam.
2716 4468 2900 4538 Itaque
2925 4483 3049 4523 cum
3081 4467 3249 4523 dixit:
3271 4467 3429 4537 Virgo
3454 4467 3645 4536 pariet,
3679 4475 3850 4522 totum

2261 4558 2567 4614 declaravit.
2601 4556 2832 4612 Proinde
2858 4557 3000 4612 dicto
3042 4565 3218 4626 partu,
3259 4555 3389 4611 dicit
3416 4565 3470 4610 et
3509 4571 3706 4611 nomen
3734 4556 3851 4626 ejus

2260 4650 2351 4719 qui
2389 4658 2548 4704 natus
2571 4658 2674 4714 est,
2708 4663 2813 4702 non
2843 4647 2894 4702 id
2934 4647 3078 4718 quod
3113 4647 3162 4702 ei
3208 4647 3515 4717 impositum
3543 4657 3646 4713 est,
3675 4648 3770 4703 sed
3800 4647 3848 4703 id

2261 4741 2403 4812 quod
2426 4757 2492 4797 ex
2520 4741 2678 4797 rebus
2719 4741 2849 4810 ipsis
2887 4740 2960 4795 illi
3002 4740 3357 4811 eompetebat.
3387 4739 3848 4807 Quemadmodum

2259 4827 2402 4890 enim
2419 4833 2718 4890 Jerusalem
2745 4842 2899 4888 vocat
2923 4833 3192 4889 civitatem
3214 4833 3434 4902 justitiae
3461 4832 3610 4902 (Isai.
3646 4835 3700 4888 l.
3729 4833 3845 4900 26),

2259 4924 2382 4979 licet
2432 4939 2690 4993 nusquam
2742 4923 2845 4978 hoc
2891 4924 3106 4979 nomine
3159 4924 3423 4994 appellata
3475 4924 3583 4989 sit,
3630 4924 3726 4978 sed
3779 4939 3843 4978 ex

2258 5013 2420 5067 rebus
2448 5014 2576 5082 ipsis
2609 5013 2746 5068 hanc
2772 5014 2959 5068 sortita
2987 5013 3056 5068 sit
3085 5014 3543 5070 nomenclaturam
3564 5054 3578 5079 ,
3608 5027 3675 5068 eo
3704 5013 3844 5084 quod

2256 5103 2540 5158 admodum
2564 5102 2814 5157 mutanda
2839 5103 2888 5157 in
2913 5103 3103 5158 melius
3124 5114 3176 5160 et
3203 5103 3467 5173 aequitatis
3488 5102 3844 5172 patrocinium

2256 5189 2394 5248 foret
2413 5192 2630 5265 (etenim
2650 5208 2768 5248 eum
2792 5192 2934 5248 illam
2955 5196 3292 5251 meretricem
3311 5203 3460 5249 vocat
3479 5192 3639 5264 :1bid.
3659 5209 3707 5246 υ.
3727 5192 3841 5267 2i],

2257 5300 2364 5339 non
2392 5283 2656 5354 significat
2679 5299 2794 5339 eam
2824 5284 3108 5355 aliquando
3127 5286 3227 5340 hoc
3253 5285 3465 5339 nomine
3491 5283 3653 5339 fuisse
3680 5299 3841 5340 voea-

2258 5386 2401 5442 tam;
2429 5374 2522 5430 sed
2553 5389 2582 5430 a
2615 5375 2850 5446 nequitia
2881 5390 3075 5433 nomen
3117 5376 3370 5447 imponit;
3397 5374 3473 5431 sic
3517 5382 3572 5430 et
3598 5385 3786 5446 postea
3812 5391 3841 5431 a

2317 5529 2388 5591 (a)
2421 5528 2476 5577 In
2499 5534 2674 5587 Graeco,
2695 5535 2774 5578 ιδοδ
2792 5541 2815 5586 ἡ
2837 5541 3006 5590 παρθένος
3021 5564 3034 5589 ,
3053 5543 3161 5580 eum
3184 5528 3385 5578 articulo
3405 5530 3486 5590 qui
3505 5527 3714 5590 aliquam
3738 5532 3835 5579 vir-

2253 5593 2417 5653 ginem
2453 5592 2704 5653 Speciatim
2738 5591 2942 5653 iudicat;
2969 5605 3138 5653 παροινος
3168 5598 3360 5653 autem,
3403 5592 3560 5653 uirgo,
3588 5594 3839 5653 virginem

2254 5650 2526 5721 generatim
2571 5650 2703 5721 dicit.
2735 5650 2844 5721 _V'ox
2873 5650 3127 5716 adjectiva,
3157 5652 3278 5715 lucc,
3317 5650 3522 5702 multum
3557 5650 3700 5703 abest
3725 5664 3840 5715 quin

2255 5711 2439 5764 articuli
2456 5711 2603 5762 Cruci
2621 5713 2714 5762 vim
2734 5711 2929 5764 habeat.
