4048 6454
226 364 305 420 83
1467 370 1537 425 IN
1576 367 1805 426 ISAIAM

1911 369 2019 427 AP.
2060 366 2168 427 VII.
3424 384 3495 437 34

280 481 344 571 εξ
373 473 480 571 καὶ
519 473 773 571 τοῦτοῌδέ
810 476 1015 571 ἔλεγεν,
1064 480 1152 534 ἵνα
1194 480 1678 571 ,μάθωσιᾲπάντεῇ
1722 484 1805 571 δτι
1912 499 2073 561 αὐτὸς
2116 499 2146 551 ό
2192 496 2476 570 προφήτης
2522 497 2616 551 καὶ
2664 495 2948 550 ἐνεκάλεσε
2999 496 3092 550 καὶ
3143 498 3494 571 κατηγόρησε

217 561 626 654 ἀνεξαπάτητος
657 564 894 654 ⁸ἔμεινεν
940 566 971 618 6
1030 568 1350 654 προφήτης,
1395 569 1495 622 οὐκ
1542 570 1650 624 ἀπὸ
1695 568 1805 621 τῶν
1912 585 2117 653 λέγων·
2146 561 2251 653 Mi;
2272 561 2487 653 μἠὶρὰν
2522 584 2686 654 ὑμῖν,
2733 582 2934 651 ἀγῶνα
2979 561 3497 654 παρέχειννάνϐῥώ-

212 647 474 718 ῥημάτων
506 650 1000 721 παραλογιζόμενος
1035 651 1147 705 τῶν
1176 654 1500 725 εἰρημένων,
1535 655 1651 709 ἀλλ’
1691 655 1799 709 ἀπὺ

206 734 320 787 τῶν
343 735 402 786 ἐν
431 738 497 806 τῇ
521 736 730 808 διανοίᾳ
765 738 861 790 τοῦ
883 738 1061 809 Ἀχαζ
1090 741 1270 811 φέρων
1288 741 1387 813 τὴν
1409 742 1609 812 ψῆφον.
1631 742 1802 796 Τοῦτο

208 821 305 874 καί
334 824 361 874 ό
390 823 625 892 Χριστὸς
652 824 913 889 πολλάκις
934 828 1027 880 ἐπὶ
1050 827 1159 882 τῶν
1184 829 1529 899 Εὐαγγελίων
1554 829 1798 901 ἐποίησε.

212 908 409 979 Πρὶνῆ
448 911 556 980 γὰρ
609 910 707 981 τὴν
753 913 863 966 ἀπὸ
901 914 1012 968 τῶν
1058 916 1301 985 σημείων
1331 921 1631 988 παρασχεῖν
1665 918 1801 972 ἀπό-

207 994 394 1058 δειξιν,
417 996 517 1066 τὴν
551 998 750 1053 κακίαν
772 1001 881 1053 τῶν
924 1002 1194 1056 Ἰουδαίων
1219 1004 1300 1067 εἰς
1327 1004 1491 1075 μέσον
1530 1005 1678 1072 ἄγων
1705 1005 1802 1076 τὴν

210 1081 269 1131 ἐν
301 1081 513 1152 διανοίᾳ
571 1088 947 1159 πορευομένην
966 1102 1015 1153 α,
1046 1091 1107 1144 οὐ
1163 1090 1360 1162 μικρὸν
1383 1090 1540 1145 τοῦτο
1570 1096 1801 1164 παρεῖχε

208 1166 270 1218 τὸ
316 1172 573 1237 σημεῖονο
620 1169 731 1226 οἷον
781 1177 873 1229 ἐπὶ
901 1177 997 1229 τοῦ
1050 1178 1419 1247 παραλυτικοῧ
1479 1181 1799 1250 πετωίηκεν.

224 1253 442 1325 Ἐπειδὴ
504 1258 614 1329 γὰρ
665 1256 785 1315 εἶπε
833 1262 969 1332 πρὸς
1033 1265 1215 1329 αὐτὸν,
1260 1267 1495 1334 Θάρσει,
1549 1268 1798 1322 τέκνον*

210 1338 512 1407 ἀφέωνταί
533 1361 651 1400 σου
690 1351 750 1400 al
785 1349 1082 1416 ἁμαρτίαι,
1104 1352 1296 1406 ἐκεῖνοι
1316 1352 1371 1406 δέ
1392 1354 1576 1423 ἔλεγον
1600 1357 1657 1407 ἐν
1674 1356 1801 1408 ἐαυ-

209 1428 341 1490 τοῐς,
371 1432 763 1501 Βλασφημεῖ·
792 1436 945 1505 φησὶ,
985 1439 1114 1509 πρὶν
1146 1437 1533 1508 ἢσφῖγξαιτδν
1565 1442 1802 1510 παραλε-

211 1513 443 1583 λυμένον
464 1536 477 1549 ·
521 1522 581 1573 Tt
603 1522 982 1585 βουλεύεσθε
1014 1528 1247 1597 πονηρὰ
1270 1538 1341 1582 ἐν
1370 1529 1501 1595 ταῖς
1533 1530 1805 1597 καρδίαις

210 1600 419 1667 ὐμῶν;
455 1604 712 1674 μέγιστον
738 1610 992 1682 θεότητος
1024 1614 1183 1668 τοῦτο
1206 1614 1461 1685 παρέχων
1484 1617 1800 1687 τεκμήριον,

209 1687 272 1739 τὸ
301 1688 371 1742 τά
408 1692 695 1766 ἀπόρρητα
729 1700 928 1753 εἰδέναι
959 1700 1057 1771 τῆς
1083 1701 1342 1765 διανοίας.
1395 1702 1480 1756 Σὺ
1527 1704 1637 1772 γὰρ
1674 1704 1803 1757 ἐπί-

210 1789 457 1841 στασαι,
519 1784 678 1854 φησὶ,
737 1786 984 1853 καρδίας
1038 1787 1401 1856 μονώτατος.
1448 1787 1605 1843 Καίό
1643 1790 1806 1845 Δαυῒδ

210 1863 376 1917 πάλιν
428 1870 639 1937 φησίνδ
668 1887 683 1902 ·
728 1870 979 1931 Ἐτάζων
1021 1873 1273 1941 καρδίας
1332 1877 1427 1930 καὶ
1476 1877 1736 1946 νεφροὺς
1771 1881 1805 1934 d

214 1957 378 2021 Θεός.
417 1955 589 2010 Τοῦτο
638 1957 732 2011 καὶ
770 1959 883 2023 τοῖς
918 1961 1225 2032 προφήταις
1266 1963 1438 2016 ἐδίδου
1486 1964 1747 2029 πολλάκις
1776 1966 1805 2019 6

210 2042 345 2106 Θεὸς
376 2044 595 2109 εἰδέναι,
620 2045 688 2100 ἶν’
726 2048 777 2100 οί
815 2047 1107 2113 ἀκούοντες
1141 2051 1503 2121 μανθάνωσιν,
1535 2053 1618 2107 ὅτι
1652 2054 1805 2110 οὐδὲν

211 2129 550 2201 ἀνθρώπινον
570 2132 678 2186 τῶν
711 2134 1035 2206 εἰρημένων,
1084 2136 1198 2192 ἀλλ’
1232 2139 1437 2194 ἀνωθεν
1475 2141 1570 2195 καὶ
1603 2141 1667 2195 ἐκ
1695 2141 1804 2199 τῶν

211 2217 459 2287 οὐρανῶν
488 2221 521 2290 ή
551 2220 731 2290 ψῆφος
757 2221 945 2275 ἅπασα
978 2225 1390 2294 κατενήνεκται.
1410 2226 1511 2280 Διά
1532 2225 1689 2281 τοῦτο
1710 2229 1804 2283 καὶ

210 2305 240 2354 6
276 2306 800 2373 μεγαλοφωνότατος
821 2302 974 2373 οὗτος
1014 2310 1260 2375 Ἡσαΐας,
1291 2313 1478 2384 ἐπειδὴ
1508 2314 1645 2385 μετὰ
1674 2316 1805 2369 πολ-

211 2389 312 2460 λῆς
361 2392 461 2462 τῆς
520 2395 819 2459 ἐπιεικείας
869 2397 1113 2470 διελέχθη
1154 2398 1234 2469 τῷ
1291 2400 1515 2471 βασιλεῖ,
1559 2403 1655 2456 καί¹
1696 2403 1805 2458 τῶν

210 2476 401 2531 δεινῶν
428 2480 727 2552 ἀπήλλαξε,
773 2484 866 2538 καί
914 2484 1134 2557 θαρρεῖν
1168 2487 1455 2542 ἐκέλευσεν
1505 2490 1645 2560 ύπέρ
1694 2490 1803 2544 τῶν

212 2564 520 2633 παρόντων,
554 2568 643 2621 καί
698 2571 969 2641 τεκμήρια
1004 2572 1195 2626 τούτου
1241 2574 1512 2645 παρέσχεν
1547 2576 1715 2647 αὐτῷ,
1743 2578 1801 2632 τὸ

211 2651 312 2710 τὴν
344 2651 539 2723 βουλὴν
592 2655 903 2725 ἐξαγγείλαι
942 2660 1051 2713 τῶν
1103 2662 1667 2731 ἐπιστρατευσάντων,
1708 2666 1803 2719 καὶ

212 2736 313 2805 τὴν
350 2740 650 2807 προδοσίαν
676 2742 916 2811 ἐλέγξαι,
951 2748 1046 2799 καὶ
1078 2747 1180 2817 τὴν
1212 2746 1413 2801 ἅλωσιν
1445 2749 1539 2801 τοῦ
1589 2750 1806 2821 Ἰσραὴλ

213 2827 495 2892 προειπεῖν
520 2828 619 2897 τὴν
641 2830 878 2898 παντελῆ
917 2832 1011 2883 καί¹
1038 2831 1461 2904 όλόκληρον,καὶ
1490 2834 1581 2890 τὸν
1616 2836 1805 2907 χρόνον

214 2909 553 2977 προσθεῖναι,
604 2913 705 2967 οὐκ
763 2915 1006 2987 ἠρκέσθη
1043 2916 1254 2982 τούτοις
1284 2960 1301 2985 ,
1354 2920 1449 2973 καὶ
1497 2922 1806 2993 περαιτέρω

216 2995 455 3063 πρόεισι,
496 2998 589 3051 καὶ
635 3000 735 3053 οὐκ
774 3001 1033 3073 ἀναμένει
1089 3006 1315 3077 σημεῖον
1358 3006 1520 3060 αὐτὸν
1562 3008 1803 3078 αἰτῆσαι,

215 3083 357 3136 ἀλλὰ
404 3086 500 3139 καί
560 3088 635 3159 μὴ
687 3087 1008 3160 βουλόμενον
1071 3091 1138 3145 δι’
1200 3094 1506 3168 ὑπερϐολὴν
1549 3097 1806 3161 ἀπιστίας

220 3173 623 3243 προτρέπεται·
655 3176 750 3229 καὶ
783 3178 903 3231 οὐδὲ
938 3179 1146 3244 ἁπλῶς,
1182 3181 1318 3235 ἀλλά
1343 3183 1437 3236 καὶ
1486 3183 1676 3255 κύριον
1709 3185 1806 3255 τῆς

216 3260 484 3327 αἱρέσεως
530 3266 675 3316 ποιεῖ
696 3279 709 3291 ·
750 3266 873 3319 οὐδὲ
918 3268 1027 3338 γάρ
1057 3285 1213 3338 φησι,
1259 3270 1321 3323 τὸ
1349 3271 1526 3324 καὶτὸ
1556 3275 1804 3343 σημεῖον,

216 3349 335 3401 ἀλλ’
386 3352 520 3404 ὅπου
553 3352 751 3421 βούλει,
781 3356 948 3425 φησί·
977 3358 1230 3422 πλούσιος
1272 3361 1301 3413 6
1336 3361 1634 3431 Δεσπότης,
1672 3379 1808 3415 παν-

217 3436 391 3506 αλκὴς
438 3439 748 3510 ήδύναμις,
798 3444 1002 3510 ἀφατος
1041 3447 1074 3514 ή
1132 3446 1369 3511 ἐξουσία.
1430 3449 1528 3501 Ἂν
1581 3449 1645 3501 ἐκ
1698 3449 1807 3502 τῶν

218 3523 464 3591 οὐρανῶν
499 3525 787 3596 βουληθῇς,
809 3529 962 3581 οὐδὲν
996 3530 1057 3583 τὸ
1092 3531 1327 3585 κωλύον’
1354 3532 1421 3586 ἂν
1453 3535 1517 3587 ἐκ
1548 3534 1649 3603 τῆς
1677 3534 1805 3603 γῆς.

218 3610 375 3662 οὐδὲν
404 3610 464 3663 τὸ
494 3612 802 3681 ἐμποδίζον.
832 3616 1002 3669 Τοῦτο
1029 3617 1140 3688 γάρ
1162 3620 1329 3687 ἐστιν,
1352 3621 1428 3673 Ἦ
1470 3622 1558 3686 εἰς
1588 3621 1805 3689 βάθος,

218 3696 259 3765 ἦ
287 3700 375 3761 είς
398 3698 577 3765 ὕψος.
610 3700 827 3772 Ἐπειδὴ
853 3702 910 3755 δέ
942 3703 1063 3757 οὐδὲ
1097 3704 1269 3768 οὕτως
1296 3704 1457 3758 αὐτὸν
1489 3706 1807 3762 ἐπεσπάσα-

220 3801 303 3847 το,
320 3783 439 3856 [81]
455 3784 573 3837 οὐδέ
592 3786 824 3841 ἐνταῦθα
838 3789 1115 3860 ἐσίγησεν,
1132 3791 1247 3844 ἀλλ’
1261 3790 1479 3863 ἔλεγχον
1492 3793 1807 3863 ἐπαγαγὼν,

221 3869 317 3923 καὶ
344 3871 532 3924 τοῦτον
560 3872 698 3944 ὑπὲρ
734 3872 1069 3944 διορθώσεως
1102 3876 1195 3930 τοῦ
1233 3878 1547 3948 ἀκούοντος,
1576 3881 1669 3934 καὶ
1713 3880 1809 3937 τοῦ

220 3956 410 4024 δεῖξαι,
441 3957 516 4021 ὡς
549 3959 648 4012 οὐκ
687 3960 991 4031 ἠπάτησεν,
1041 3964 1167 4017 οὐδὲ
1200 3967 1624 4036 παρελογίσατο,
1672 3969 1810 4025 ἀνα-

223 4043 492 4097 καλύπτει
516 4054 538 4083 ο
568 4047 904 4118 προφητείαν
935 4048 1262 4122 ἀπόρρητον,
1294 4052 1393 4124 τὴν
1430 4055 1523 4109 ἐπὶ
1564 4058 1807 4128 σωτηρίᾳ

222 4131 324 4200 τῆς
374 4131 698 4204 οίκουμένης
750 4135 1038 4205 ἐσομένην,
1089 4138 1183 4192 καὶ
1222 4139 1321 4193 ἐπὶ
1370 4140 1651 4212 διορθώσει
1699 4145 1808 4197 τῶν

222 4220 563 4288 πραγμάτων
602 4221 885 4275 ἁπάντων·
915 4224 1009 4277 καί
1040 4241 1173 4295 φησι
1210 4226 1271 4280 τὸ
1306 4232 1530 4299 σημεῖον
1571 4232 1692 4301 οὐχὶ
1730 4232 1808 4303 τῷ

228 4306 405 4375 Ἀχαζ
429 4307 661 4361 δίδοσθαι
697 4309 903 4373 λοιπὸν,
932 4312 1067 4366 ἀλλά
1095 4312 1174 4383 τῷ
1194 4315 1359 4384 κοινῷ
1389 4316 1497 4369 τῶν
1537 4318 1807 4373 Ἰουδαίων

224 4393 399 4463 δήμῳ.
420 4394 578 4465 Παρὰ
609 4396 707 4465 μὲν
728 4398 837 4467 γὰρ
866 4398 965 4468 τὴν
993 4398 1166 4469 ἀρχὴν
1188 4400 1323 4471 πρὸς
1345 4402 1506 4455 αὐτὸν
1530 4402 1620 4455 τὸν
1652 4403 1808 4472 λόγον

226 4480 511 4533 ἀπέτεινεν
532 4497 544 4511 ο
570 4482 754 4553 ἐπειδὴ
782 4483 837 4535 δὲ
862 4483 1077 4549 ἀνάξιον
1094 4487 1298 4549 ἐκεῖνος
1330 4489 1518 4542 ἐαυτὸν
1539 4489 1807 4560 ἀπέφηνε,

224 4567 307 4639 τῷ
342 4569 508 4640 κοινῷ
528 4569 620 4623 τοῦ
646 4570 776 4625 λαοῦ
805 4571 1129 4641 διαλέγεται.
1155 4576 1256 4629 Διὰ
1280 4576 1453 4630 τοῦτο
1483 4577 1611 4647 γάρ,
1653 4581 1807 4649 φησὶ,

226 4658 429 4721 δώσει,
470 4660 589 4729 οὐχί
634 4658 735 4723 σοὶ,
787 4660 901 4713 ἀλλ’
936 4662 1079 4730 ὑμῖν
1106 4662 1374 4730 σημεῖον.
1427 4665 1615 4735 ’Υμῗν,
1664 4668 1803 4732 τίσι;

227 4748 352 4809 Τοῖς
377 4748 436 4799 ἐν
467 4745 544 4815 τῷ
570 4748 700 4816 οίκῳ
720 4748 901 4801 Δαυῖδ.
948 4748 1058 4802 Καὶ
1110 4748 1217 4818 γὰρ
1267 4750 1475 4804 ἐκεῖθεν
1509 4752 1807 4825 ἐϐλάστησε

226 4834 289 4887 τὸ
316 4835 562 4904 σημεῖον.
616 4834 682 4886 Τί
722 4831 815 4887 οὖν
843 4834 904 4887 τὸ
937 4836 1160 4906 σημεῖόν
1186 4836 1369 4903 ἐστιν;
1416 4838 1559 4893 Ἰδοὺ
1585 4840 1624 4907 ἠ
1663 4857 1810 4909 παρ-

231 4921 497 4985 θένοςέν
537 4922 745 4990 γαστρί
792 4921 1071 4991 λήψεται,
1113 4923 1211 4977 καὶ
1262 4925 1490 4989 τέξεται
1535 4929 1687 4993 υἱὸν,
1710 4930 1807 4982 καὶ

231 5008 567 5060 καλέσουσι
613 5008 680 5061 τὸ
731 5008 917 5077 ὄνομα
952 5009 1140 5063 αὐτοῦ
1190 5011 1591 5080 Ἐμμανουήλ.
1626 5016 1812 5086 Παρα-

232 5090 521 5159 τηρητέον,
549 5090 683 5160 ὅπερ
708 5091 799 5143 καὶ
833 5091 1143 5161 ἔμπροσθεν
1157 5086 1328 5157 εἶπον,
1346 5095 1426 5145 ὃτι
1450 5096 1509 5147 οὐ
1535 5096 1610 5165 τῷ
1636 5097 1813 5166 Ἀχαζ

233 5174 426 5227 δίδοται
462 5174 644 5228 λοιπὸν
689 5177 750 5229 τὸ
797 5178 1038 5249 σημεῖον.
1082 5177 1192 5232 Καὶ
1235 5179 1317 5233 ὅτι
1370 5181 1429 5233 οὐ
1486 5184 1809 5254 στοχασμὸς,

299 5355 325 5383 ⁸
348 5355 672 5424 Τυρευομένην
694 5354 972 5424 Βενειτὶιου-ς,
998 5357 1263 5424 θρίω-γεω
1294 5362 1633 5424 πορευομένην,
1668 5374 1813 5423 quam

237 5427 405 5462 vocem
428 5417 540 5475 jure
563 5421 839 5475 suspectam
862 5418 1009 5466 habet
1033 5419 1182 5468 Savil.

298 5475 326 5515 δ
364 5476 567 5546 Reg._e§
589 5476 738 5546 SN]:
765 5480 846 5546 καί
869 5481 894 5526 6
939 5478 1127 5536 Παῦλος
1169 5481 1308 5530 πάλιν
1350 5482 1505 5546 φησίν.
1552 5483 1725 5533 Morel.
1761 5486 1815 5533 et

239 5540 409 5588 Bavar.
435 5539 516 5585 καὶ
544 5539 569 5584 6
590 5538 736 5585 Δαυίδ
758 5540 913 5587 πάλιν.

301 5602 323 5628 ε
354 5598 479 5646 Οὐδὲ
500 5599 862 5660 παρελογίσατο,
892 5602 1223 5654 ἀνακαλύπτει.
1265 5602 1346 5653 Sic
1368 5610 1506 5653 recte
1542 5605 1715 5655 Morel.
1763 5609 1816 5655 et

301 5614 323 5628 ὐ
354 5614 479 5646 υυοε
500 5614 862 5708 παρελογισατο,
892 5614 1223 5654 ανακαλῡπτει.
1265 5614 1346 5653 διο
1368 5614 1506 5653 recte
1544 5614 1715 5655 Morel.
1763 5614 1814 5655 et

238 5660 516 5731 naval-iens.
603 5667 619 5707 ι
645 5660 845 5731 Reg._el
868 5661 1015 5711 Savil.
1045 5664 1153 5731 οὐδὲ
1178 5666 1266 5731 γάρ
1310 5667 1575 5731 ἐλογίσατο,
1600 5667 1814 5731 ἀνακάμ-

239 5719 681 5788 πτιικΡεςρθτεηι,
700 5719 755 5769 ul
774 5722 882 5783 ipse
900 5730 1072 5788 monet
1095 5719 1305 5775 Sav'ili'us
1327 5729 1377 5775 in
1401 5719 1572 5782 ἰχθυς(
1600 5728 1683 5776 ubi
1726 5719 1813 5775 v‘e-

242 5793 342 5851 τειη
366 5781 807 5851 leclipngleianc‘
825 5786 1021 5851 scllicep
1057 5791 1287 5851 nostram,
1316 5788 1572 5851 Florilegii
1598 5791 1813 5838 auctori-

244 5844 610 5955 ξὶειέἓῧὲἓὲἰῶ
635 5843 922 5902 Tilmannus
956 5849 1105 5899 etiam
1143 5843 1387 5911 interpres
1412 5843 1577 5903 vcrim
1614 5859 1814 5903 secutus

1903 688 2038 737 ποις
2053 686 2073 735 ;
2124 670 2221 723 καὶ
2272 670 2609 742 προσέθηκε·
2662 672 2764 724 Διὰ
2812 671 2988 724 τοῦτο
3042 672 3220 725 δώσει
3269 673 3491 741 Κύριος

1900 759 2042 827 ὑμῖν
2063 758 2331 827 σημεῖον.
2367 758 2513 812 Ἰδοὺ
2546 760 2584 825 ἡ
2613 760 2909 826 παρθένος
2927 759 2996 812 ἐν
3015 759 3228 827 γαστρί
3255 759 3398 823 ἕξει.
3429 762 3494 815 Et

1901 848 1959 901 δὲ
1988 846 2062 916 μὴ
2086 847 2354 917 παρθένος
2378 844 2467 915 ἦν,
2497 847 2617 900 οὐδὲ
2650 850 2871 917 σημεῖον
2902 843 2990 917 ἦν.
3028 846 3103 900 Τὸ
3130 846 3237 917 γὰρ
3269 852 3494 917 σημεῖον

1904 935 2180 989 ἐκϐαίνειν
2228 938 2308 989 δεῖ
2340 938 2439 1006 τὴν
2493 938 2677 1006 κοινὴν
2720 937 3057 1001 ἀκολουθίαν,
3095 936 3189 989 καὶ
3244 935 3342 1006 τὴν
3395 936 3494 1005 τῆς

1904 1023 2117 1091 φύσεως
2155 1024 2505 1095 ὑπερϐαίνειν
2538 1024 2844 1093 συνήθειαν,
2876 1025 2971 1076 καὶ
3025 1023 3174 1087 ξένον
3214 1018 3354 1075 εἶναι
3400 1022 3492 1075 καὶ

1904 1109 2225 1179 παράδοξον,
2252 1109 2393 1162 ὥστε
2416 1111 2645 1163 ἕκαστον
2690 1109 3146 1179 ἐπισημαίνεσθαι
3178 1108 3285 1162 τῶν
3323 1109 3496 1179 ὁρών-

1902 1213 2012 1249 των
2055 1195 2151 1248 καὶ
2198 1198 2524 1250 ἀκουόντων.
2578 1195 2677 1249 Διά
2721 1195 2831 1266 γάρ
2889 1196 3046 1248 τοῦτο
3113 1198 3209 1251 καὶ
3266 1200 3495 1270 σημεῖον

1904 1281 2142 1350 λέγεται,
2177 1282 2265 1335 διά
2306 1283 2367 1335 τὸ
2416 1283 2706 1353 ἐπίσημον.
2756 1282 3056 1352 Έπίσημον
3092 1283 3149 1335 δέ
3179 1285 3280 1337 οὐκ
3308 1285 3374 1337 ἂν
3400 1284 3495 1353 γέ-

1905 1387 2073 1433 νοιτο,
2106 1370 2154 1421 εἰ
2192 1367 2375 1437 μέλλοι
2402 1369 2739 1438 κρύπτεσθαι
2768 1372 2833 1439 τῇ
2883 1370 3140 1440 κοινωνίᾳ
3182 1369 3291 1423 τῶν
3318 1371 3495 1424 ἀλλων

1906 1457 2264 1526 πραγμάτων.
2288 1456 2449 1508 Ὥστε
2478 1459 2526 1509 εἰ
2550 1458 2677 1528 περί
2704 1457 2961 1527 γυναικὸς
2991 1459 3019 1509 6
3057 1456 3214 1527 λόγος
3238 1452 3307 1527 ἦν
3344 1460 3495 1527 νόμῳ

1906 1546 2121 1616 φύσεως
2151 1548 2461 1618 τικτούσης,
2482 1549 2626 1609 τίνος
2642 1549 2828 1603 ἕνεκεν
2856 1551 3080 1618 σημεῖον
3108 1547 3266 1601 καλεί
3285 1547 3346 1601 τὸ
3371 1549 3494 1601 καθ’

1906 1638 2143 1708 ἑκάστην
2174 1640 2456 1709 γινόμενον
2488 1639 2736 1709 ἡμέραν;
2762 1640 2861 1694 Διά
2901 1640 2963 1710 δὴ
3002 1640 3161 1693 τοῦτο
3206 1640 3301 1692 καὶ
3340 1640 3497 1710 ἀρχό-

1910 1742 2068 1796 μενος
2090 1727 2189 1779 οὐκ
2217 1722 2390 1790 εἶπεν,
2430 1726 2557 1780 Ἰδοὺ
2589 1726 2853 1798 παρθένος
2872 1768 2886 1791 ,
2918 1728 3053 1791 ἀλλ’,
3088 1727 3245 1781 Ἰδοὺ
3283 1729 3323 1796 ἠ
3348 1742 3495 1796 παρ-

1908 1816 2100 1883 θένος,
2130 1819 2196 1887 τῇ
2231 1816 2514 1889 προσθήκῃ
2553 1815 2646 1869 τοῦ
2697 1815 2900 1887 ἄρθρου
2934 1818 3207 1886 ἐπίσημόν
3238 1834 3361 1871 τινα
3400 1819 3495 1871 καὶ

1908 1904 2077 1976 μόνην
2101 1904 2358 1975 τοιαύτην
2390 1904 2765 1976 γεγενημένην
2790 1907 2921 1978 ἡμῖν
2954 1904 3345 1975 αἰνιττόμενος.
3372 1907 3495 1958 Ὀτι

1904 1992 2080 2063 γάρὴ
2122 1992 2403 2064 προσθήκη
2448 1991 2586 2061 αὔτη
2631 1991 2789 2045 τοῦτο
2849 1991 3203 2056 ἐνδείκνυται,
3266 1990 3492 2044 δυνατὸν

1904 2081 1999 2134 καὶ
2027 2080 2135 2134 ἀπὸ
2161 2081 2269 2133 τῶν
2304 2080 2652 2149 Εὐαγγελίων
2683 2080 2892 2148 μαθεῖν.
2931 2079 3147 2147 Ἐπειδὴ
3191 2078 3301 2148 γὰρ
3322 2077 3495 2147 ἐπεμο

1905 2164 2012 2234 ψαν
2033 2166 2172 2235 πρὸς
2214 2167 2309 2219 τὸν
2352 2166 2609 2235 Ἰωάννην
2654 2165 2704 2217 οἱ
2736 2165 2976 2218 Ἰουδαῖοι
3014 2164 3347 2234 ἐρωτῶντες,
3391 2162 3495 2231 Τίς

1905 2247 1991 2316 aI;
2033 2253 2133 2305 οὐκ
2179 2252 2393 2320 ἔλεγον,
2435 2253 2506 2307 Σὺ
2550 2247 2604 2304 εἰ
2651 2251 2920 2322 Χριστὸς,
2978 2251 3113 2316 ἀλλ’,
3149 2254 3221 2305 Εἰ
3259 2251 3341 2305 σὺ
3366 2246 3426 2305 εἴ
3458 2252 3494 2305 6

1904 2342 2157 2409 Χριστός
2177 2356 2188 2368 ·
2228 2342 2347 2396 οὐδέ
2374 2342 2579 2410 ἐλεγον,
2611 2342 2683 2394 Σὺ
2717 2337 2767 2393 εἴ
2803 2342 3108 2412 προφήτης,
3140 2340 3280 2405 ἀλλ’,
3303 2344 3373 2395 El
3406 2340 3491 2394 σὺ

1903 2429 1963 2481 εἷ
1983 2429 2017 2479 ό
2041 2429 2380 2497 προφήτηςο
2416 2422 2489 2483 ὧν
2514 2428 2745 2482 ἕκαστον
2784 2428 3056 2497 ἐξαίρετον
3080 2424 3169 2498 ἦν.
3203 2429 3302 2482 Διά
3334 2428 3494 2480 τοῦτο

1904 2517 1999 2570 καὶ
2044 2518 2342 2587 ἀρχόμενος
2369 2519 2397 2570 6
2441 2516 2693 2585 Ἰωάννης
2734 2516 2833 2569 οὐκ
2874 2517 3078 2586 ἔλεγεν,
3128 2514 3216 2568 Ἐν
3254 2517 3396 2586 ἀρχῇ
3420 2512 3491 2586 ἦν

1904 2603 2093 2671 Λόγος,
2128 2604 2267 2667 ἀλλ’,
2294 2604 2395 2657 Ἕν
2413 2602 2572 2671 ἀρχῇ
2605 2599 2683 2671 ἦν
2707 2606 2739 2656 ό
2760 2605 2969 2671 Λόγος,
3007 2603 3105 2655 καί
3141 2604 3173 2655 ὀ
3201 2602 3392 2669 Λόγος
3412 2598 3494 2670 ἦν

1905 2689 2053 2755 πρὸς
2090 2688 2196 2741 τὸν
2236 2690 2399 2742 Θεόν.
2443 2687 2600 2741 Οὕτω
2645 2689 2708 2756 δὴ
2741 2688 2833 2739 καὶ
2875 2686 3129 2750 ἐνταῦθα,
3177 2690 3276 2738 οὐκ
3312 2682 3490 2748 εἶπεν,

1919 2773 2047 2825 Ἰδοὺ
2086 2774 2373 2845 παρθένος,
2411 2774 2547 2836 ἀλλ’,
2602 2772 2758 2827 Ἰδοὺ
2782 2773 2819 2838 ἡ
2858 2773 3183 2839 παρθένος’
3227 2775 3321 2825 καί
3352 2775 3493 2842 μετά

1908 2859 2215 2930 ἀξιώματος
2237 2862 2495 2934 προφήτῃ
2529 2861 2829 2930 πρέποντος
2857 2861 2938 2921 τὸ.
2979 2862 3154 2917 Ἰδού.
3187 2863 3361 2916 Μόνον
3381 2862 3494 2932 γὰρ

1906 2949 2026 3019 οὐχί
2053 2948 2283 3019 ὁρῶντος
2307 2944 2376 3020 ὴν
2394 2948 2460 3001 τὰ
2490 2948 2777 3017 γενόμενα,
2816 2950 2907 3003 καί
2939 2949 3369 3020 φανταζομένου,
3399 2950 3496 3003 καὶ

1907 3036 2107 3107 πολλὴν
2149 3037 2361 3108 ἔχοντος
2400 3038 2541 3108 ὑπὲρ
2591 3037 2699 3091 τῶν
2733 3039 3039 3110 εἰρημένων
3094 3038 3488 3108 πληροφορίαν.

1906 3124 2026 3178 Τῶν
2046 3125 2153 3196 γάρ
2188 3127 2470 3197 ἡμετέρων
2495 3126 2787 3195 ὀφθαλμῶν
2818 3128 3013 3179 ἐκεῖνοι
3050 3126 3383 3197 σαφέστερον
3421 3126 3494 3180 τὰ

1908 3212 1984 3283 μὴ
2019 3211 2270 3283 ὁρώμενα
2322 3214 2567 3267 ἔϐλεπον.
2601 3215 2711 3283 Τὴν
2778 3214 2874 3283 μὲν
2916 3213 3024 3283 γὰρ
3052 3212 3303 3281 αἴσθησιν
3343 3214 3495 3276 εἰκὸς

1906 3300 1999 3353 καὶ
2043 3300 2423 3369 ἀπατηθῆναι*
2465 3303 2498 3369 ή
2547 3300 2603 3353 δέ
2635 3299 2725 3351 τοῦ
2767 3300 3084 3369 Πνεύματος
3128 3300 3289 3370 χάρις
3338 3301 3493 3367 ἀνεξ-

1908 3386 2183 3457 απάτητον
2206 3386 2497 3456 παρείχετο
2522 3386 2620 3455 τὴν
2641 3386 2934 3454 ἀπόφασιν.

1980 3550 2050 3614 ς’.
2069 3546 2324 3609 Καὶτίνος
2335 3546 2518 3600 ἕνεκεν
2530 3546 2588 3599 οὐ
2603 3544 2927 3614 προσέθηκε,
2949 3547 3132 3615 φησὶν,
3147 3546 3227 3600 ὅτι
3240 3548 3303 3599 ἐκ
3320 3546 3496 3600 Πνεύο

1910 3651 2081 3705 ματος
2110 3634 2265 3703 ἁγίου
2296 3635 2324 3687 6
2352 3635 2509 3698 τόκος
2536 3634 2688 3688 ἐσται
2708 3653 2722 3699 ;
2746 3633 3060 3705 Προφητεία
3080 3629 3147 3704 ἦν
3172 3634 3232 3686 τὸ
3261 3635 3494 3705 λεγόμε-

1907 3740 2017 3787 νον,
2041 3723 2136 3776 καὶ
2159 3724 2629 3794 συνεσκιασμένως
2660 3722 2989 3790 ἀπαγγεῖλαι
3014 3722 3138 3785 ἔδει,
3171 3722 3199 3775 ὃ
3231 3722 3494 3783 πολλάκις

1908 3804 2080 3875 εἶπον,
2100 3808 2215 3882 [82]
2226 3809 2311 3864 διὰ
2326 3809 2424 3880 τὴν
2434 3810 2542 3864 τῶν
2556 3810 2861 3864 ἀκουόντων
2876 3808 3166 3877 ἀγνωμοσύ
3177 3827 3289 3877 νην,
3310 3810 3396 3863 ἵνα
3412 3810 3491 3880 μὴ

1910 3898 2095 3966 σαφῶς
2121 3898 2298 3952 πάντα
2328 3897 2707 3968 μανθάνοντες,
2746 3898 2839 3949 καὶ
2875 3896 2943 3948 τά
2979 3896 3156 3967 βιϐλία
3184 3897 3358 3950 πάντα
3392 3916 3493 3950 κα-

1908 3983 2267 4038 τακαύσωσιν.
2310 3985 2373 4038 Εἰ
2418 3985 2530 4055 γὰρ
2564 3983 2673 4036 τῶν
2725 3984 3019 4053 προφητῶν
3045 3984 3143 4036 οὐκ
3183 3983 3487 4051 ἐφείσαντο.

1910 4070 2088 4142 πολλῷ
2117 4071 2315 4141 μᾶλλον
2343 4071 2451 4125 τῶν
2477 4070 2818 4142 γραμμάτων
2839 4070 2938 4121 οὐκ
2956 4070 3019 4121 ἂν
3043 4069 3359 4137 ἀπέσχοντο.
3381 4071 3492 4122 Καὶ

1908 4159 1989 4212 ὅτι
2020 4160 2078 4211 οὐ
2109 4160 2413 4229 στοχασμὸς
2442 4158 2503 4210 τὸ
2554 4157 2864 4227 εἰρημένον,
2900 4155 3088 4224 ἕτερός
3124 4172 3209 4216 τις
3241 4155 3491 4224 βασιλεὺς

1911 4245 2003 4299 ἐπὶ
2021 4246 2114 4299 τοῦ
2146 4245 2382 4316 Ἰερεμία
2398 4243 2535 4297 αὐτὰ
2558 4243 2626 4294 τά
2657 4242 2835 4311 βιϐλία
2866 4240 3046 4293 λαϐὼν
3098 4242 3363 4313 κατέτεμε
3398 4250 3495 4300 καὶ

1911 4333 2045 4401 πυρὶ
2076 4330 2382 4401 παρεδίδου,
2418 4327 2571 4391 Εἶδες
2603 4329 2795 4398 μανίαν
2826 4330 3125 4397 ἀφόρητον;
3160 4322 3294 4390 εἶδες
3320 4328 3489 4398 ὀργὴν

1912 4418 2223 4485 ἀλόγιστον;
2252 4418 2364 4470 Οὐκ
2413 4418 2645 4487 ἤρκεσεν
2674 4415 2821 4484 αὐτῴ
2848 4415 2906 4466 τὸ
2939 4414 3196 4483 ἀφανίσαι
3216 4413 3284 4466 τὰ
3311 4415 3492 4485 γράμ-

1916 4523 2078 4575 ματα,
2119 4504 2255 4558 ἀλλά
2281 4505 2376 4557 καὶ
2400 4503 2690 4573 ἐνέπρησε,
2718 4502 2777 4554 τὸ
2814 4502 3096 4569 ἀλόγιστον
3126 4500 3292 4554 αὐτοῦ
3318 4503 3493 4564 πάθος

1913 4592 2198 4661 πληρῶσαι
2230 4590 2569 4660 βουλόμενος.
2607 4589 2743 4641 Ἀλλ’
2777 4590 2923 4659 ὅμως
2944 4590 3035 4641 καί
3059 4587 3287 4653 ἀσαφῶς
3316 4585 3491 4640 εἰπὼν

1913 4681 1941 4731 6
1972 4678 2267 4747 θαυμάσιος
2316 4671 2470 4739 οὗτος
2519 4676 2842 4747 προφήτης,
2898 4673 2958 4725 τὸ
3013 4675 3120 4726 πᾶν
3170 4674 3487 4738 ἐνεδείξατο.

1913 4762 2185 4833 Παρθένος
2213 4760 2341 4832 γάρ,
2366 4762 2470 4824 ἐως
2499 4762 2564 4813 ἂν
2594 4760 2727 4829 μένῃ
2764 4759 3051 4829 παρθένος,
3074 4760 3237 4812 πόθεν
3271 4761 3492 4813 ἄλλοθεν

1914 4850 2183 4919 κυήσειεν,
2208 4850 2257 4901 εί
2299 4848 2373 4919 μὴ
2402 4847 2508 4899 ἀπὸ
2537 4846 2850 4915 Πνεύματος
2882 4846 3035 4913 ἀγίου
3060 4864 3074 4909 ;
3107 4846 3179 4898 Τὸ
3199 4847 3307 4916 γὰρ
3327 4848 3491 4917 νόμον

1913 4936 2065 4989 λὺσαι
2099 4935 2311 5005 φύσεως
2338 4934 2549 4995 οὐδενὸς
2572 4933 2759 5003 ἐτέρου
2789 4929 2876 5003 ἦν,
2905 4932 3017 4986 ἀλλ’
3048 4935 3080 5002 ἢ
3110 4934 3202 4987 τοῦ
3228 4934 3495 5005 δημιουρ-

1912 5023 2011 5091 γοῦ
2044 5025 2139 5094 τῆς
2165 5019 2395 5092 φύσεως.
2431 5021 2592 5072 ’Ὥστε
2623 5019 2792 5072 εἰπὼν
2812 5060 2827 5084 ,
2853 5021 2934 5072 ὅτι
2969 5020 3179 5085 τέξεται
3211 5022 3243 5089 ἠ
3290 5020 3498 5090 παρθέ-

1913 5128 2023 5174 νος,
2047 5110 2103 5163 τὸ
2134 5111 2241 5165 πᾶν
2282 5108 2559 5178 ἐνέφηνεν.
2591 5106 2774 5162 Εἰπὼν
2799 5107 2976 5161 τοίνυν
3006 5107 3095 5159 τὸν
3131 5107 3308 5170 τόκον,
3344 5107 3490 5176 λέγει

1914 5199 2006 5250 καὶ
2064 5198 2124 5250 τὸ
2174 5198 2343 5266 ὄνομα
2375 5194 2470 5247 τοῦ
2522 5194 2835 5263 τικτομένου
2861 5234 2876 5259 ,
2910 5195 2969 5246 οὐ
3018 5194 3077 5257 τὸ
3114 5192 3326 5253 τεθὲνά,
3353 5194 3491 5247 ἀλλὰ

1911 5285 1973 5337 τὸ
2000 5284 2106 5338 ἀπὸ
2133 5284 2238 5337 τῶν
2264 5283 2619 5353 πραγμάτων.
2646 5280 2854 5349 Ὥσπερ
2884 5280 2990 5349 γὰρ
3010 5279 3107 5349 τὴν
3140 5281 3497 5351 Ἰερουσαλὴμ

1914 5372 2071 5426 καλεῖ
2086 5372 2236 5424 πόλιν
2264 5369 2625 5438 δικαιοσύνης,
2664 5368 2840 5421 καίτοι
2871 5385 2933 5437 γε
2954 5367 3190 5438 οὐδαμοῦ
3218 5368 3489 5423 δικαιοσύ-

1914 5478 2009 5530 νης
2040 5458 2240 5529 ἐκλήθη
2273 5457 2444 5524 πόλις,
2485 5456 2621 5509 ἀλλά
2646 5455 2756 5508 ἀπὸ
2782 5455 2889 5508 τῶν
2913 5455 3254 5526 πραγμάτων
3285 5457 3493 5527 ταύτην

1916 5546 2027 5619 εἶχε
2070 5549 2169 5619 τὴν
2219 5546 2607 5618 προσηγορίαν,
2647 5545 2735 5597 διὰ
2763 5545 2819 5596 τὸ
2850 5544 3050 5614 πολλὴν
3100 5546 3347 5614 γενέσθαι
3391 5548 3491 5616 τὴν

1914 5637 2009 5690 ἐπὶ
2043 5636 2103 5689 τὸ
2132 5636 2339 5705 βέλτιον
2370 5635 2537 5701 αὐτῆς
2569 5632 2888 5703 μεταϐολὴν,
2916 5634 3008 5686 καὶ
3038 5634 3133 5702 τὴν
3161 5632 3253 5686 τοῦ
3278 5634 3490 5687 δικαίου

1916 5724 2246 5796 προστασίαν
2270 5724 2382 5793 (καὶ
2411 5721 2519 5791 γάρ
2548 5721 2676 5773 ὅταν
2715 5720 2916 5791 πόρνην
2953 5721 3112 5791 καλῇ,
3151 5722 3249 5792 οὐχ
3271 5722 3343 5785 ὡς
3389 5721 3487 5791 τῆς

1922 5930 1929 5936 <
1982 5912 2008 5952 ὀ
2032 5910 2111 5963 Sic
2135 5918 2268 5963 recte
2295 5908 2445 5963 Savil.
2473 5909 2642 5962 Morel.
2670 5910 2843 5971 τεχθέν,
2880 5920 3155 5971 perperam.
