4048 6446
267 342 342 399 85
1541 325 1609 383 lN
1645 326 1897 398 ISAIAM,
1936 329 2088 389 car.
2131 333 2241 392 vn.
3416 357 3490 413 se

246 434 466 507 virtute)
497 451 513 490 :
545 434 773 507 idipsum
800 434 978 508 itaque
1006 433 1075 494 de
1101 432 1316 494 Christo
1343 435 1647 507 dicendum,
1677 439 1822 510 quod

245 539 439 596 nempe
462 526 562 597 ipsi
598 541 664 581 ex
697 527 858 583 rebus
901 541 1095 583 nomen
1138 527 1469 599 imposuerit.
1509 527 1659 583 Tunc
1681 530 1823 583 enim

245 616 480 672 maxime
505 616 780 671 nobiscum
802 617 943 672 Deus
968 616 1139 672 lactus
1163 625 1266 685 est,
1291 631 1413 671 cum
1440 618 1491 671 in
1517 625 1656 672 terra
1679 616 1824 672 visus

241 714 347 773 est,
375 713 431 760 et
457 719 580 761 cum
623 706 930 763 hominibus
961 716 1309 763 conversatus
1350 715 1468 775 est,
1496 708 1824 778 multamque

241 810 371 867 erga
400 810 501 852 nos
524 797 911 866 providentiam
950 798 1212 855 exhibuit.
1240 797 1358 854 Non
1383 799 1524 852 enim
1553 798 1692 853 ultra
1728 812 1824 853 an-

238 888 415 957 gelus,
443 902 551 942 non
575 888 925 959 archangelus
952 889 1254 957 nobiscum,
1282 888 1375 944 sed
1403 890 1517 959 ipse
1545 888 1818 955 Dominus,

239 979 333 1048 qui
362 977 673 1046 descendit,
705 995 916 1036 omnem
944 983 998 1036 in
1026 996 1087 1037 se
1111 983 1345 1052 suscepit
1371 982 1819 1047 emendationem,

242 1083 365 1122 cum
387 1070 753 1125 meretricibus
768 1070 1013 1141 loquens,
1036 1086 1158 1127 cum
1174 1073 1469 1143 publicanis
1485 1072 1819 1139 recumbens,

243 1158 298 1213 in
331 1168 668 1229 peccatorum
696 1159 887 1216 domus
916 1162 1241 1233 ingrediens,
1270 1163 1567 1219 latronibus
1595 1163 1818 1218 liberam

244 1247 499 1320 loquendi
544 1251 790 1306 ﬁduciam
821 1252 1048 1321 indens,
1084 1268 1269 1324 magos
1302 1254 1597 1319 attrahens,
1642 1254 1822 1308 omnia

240 1340 577 1409 perlustrans
610 1351 666 1397 et
701 1343 1029 1412 relormans,
1072 1344 1243 1415 ipsam
1287 1354 1532 1400 naturam
1575 1345 1675 1401 sibi
1722 1346 1822 1416 ipsi

241 1430 457 1485 unicus.
482 1430 608 1486 Haec
632 1432 807 1503 itaque
823 1434 1000 1488 omnia
1026 1435 1280 1505 propheta
1298 1436 1642 1505 praenuntiat,
1665 1436 1822 1491 simul

242 1530 458 1591 partum
487 1522 703 1587 dicens,
742 1533 797 1578 et
820 1533 1003 1593 partus
1044 1524 1252 1581 lucrum
1296 1525 1561 1581 ineﬂ‘abile
1598 1526 1727 1583 illud
1767 1535 1824 1581 et

245 1614 590 1670 immensum.
631 1612 764 1670 Cum
808 1615 949 1670 enim
1001 1616 1143 1672 Deus
1182 1631 1306 1672 cum
1350 1616 1657 1673 hominibus
1702 1626 1819 1685 est,

238 1702 373 1757 nihil
404 1702 543 1757 ultra
573 1702 887 1771 timendum,
930 1705 1061 1761 nihil
1090 1706 1454 1775 tremendum,
1482 1706 1579 1763 sed
1608 1706 1675 1763 de
1702 1722 1822 1761 om-

239 1790 399 1847 nibus
423 1790 690 1847 lldendum
715 1803 798 1847 est
826 1810 841 1847 :
874 1793 927 1849 id
957 1794 1099 1865 quod
1126 1795 1288 1851 etiam
1326 1795 1524 1852 factum
1552 1805 1654 1853 est.
1688 1796 1821 1851 Nam

241 1882 464 1951 antiqua
503 1880 593 1935 illa
628 1888 683 1938 et
711 1883 927 1938 immota
952 1884 1091 1939 mala
1119 1884 1294 1941 soluta
1324 1894 1469 1951 sunt,
1500 1886 1607 1940 lata
1635 1895 1820 1941 contra

240 1985 530 2027 commune
569 1971 843 2029 hominum
890 1989 1059 2044 genus
1102 1977 1364 2032 sententia
1411 1976 1654 2032 submota
1702 1986 1815 2046 est,

240 2062 558 2133 peccatique
584 2065 732 2119 nervi
762 2067 901 2135 rupti
928 2074 1084 2132 sunt,
1112 2066 1309 2122 diaboli
1341 2068 1580 2138 tyrannis
1608 2068 1781 2123 soluta
1800 2110 1816 2136 ,

239 2156 623 2227 paradisusque
646 2158 891 2214 omnibus
918 2158 1225 2214 inaccessas
1244 2159 1525 2215 homicida:
1548 2169 1604 2215 et
1623 2146 1820 2216 latroni

240 2247 469 2316 primum
509 2250 779 2318 aperitur,
804 2248 1048 2305 caelestes
1086 2249 1321 2306 fornices
1358 2260 1683 2316 reserantur,
1716 2252 1819 2307 ho-

239 2350 437 2406 moque
460 2350 582 2392 cum
603 2338 807 2409 angelis
826 2341 1223 2407 commiscetur,
1253 2356 1316 2398 ac
1338 2351 1523 2397 natura
1552 2351 1731 2398 nostra
1752 2342 1819 2397 ad

241 2427 447 2497 regium
467 2428 658 2483 solium
687 2428 1004 2484 adducitur:
1029 2430 1222 2486 inferni
1244 2446 1428 2486 carcer
1449 2432 1652 2486 inutilis
1677 2448 1821 2487 mor-

240 2515 415 2585 tisque
433 2531 627 2573 nomen
658 2518 828 2573 solum
860 2521 1090 2586 mansit,
1115 2535 1175 2577 re
1204 2521 1318 2591 ipsa
1357 2536 1581 2576 vacuum
1614 2540 1629 2577 :
1669 2536 1815 2576 mar-

240 2616 415 2679 tyrum
444 2609 593 2664 chori
614 2650 630 2677 ,
658 2618 713 2665 et
736 2611 989 2667 mulieres
1018 2611 1267 2666 stimulos
1296 2612 1491 2668 interni
1522 2612 1815 2683 fregerunt.

310 2696 498 2752 Contra
518 2697 826 2754 Marcionem
846 2709 892 2755 et
919 2699 1262 2755 Valentinum.
1279 2730 1349 2741 -—-
1366 2701 1491 2757 Haec
1508 2702 1685 2773 itaque
1704 2716 1820 2757 om-

237 2788 326 2844 nia
354 2787 650 2859 praevidens
678 2788 937 2860 propheta
961 2788 1262 2845 exsultabat
1282 2798 1335 2845 et
1354 2789 1579 2846 choreas
1604 2790 1815 2862 agebat,

236 2886 297 2933 et
328 2892 434 2933 uno
462 2876 627 2934 verbo
656 2879 836 2934 omnia
876 2878 1031 2934 nobis
1067 2878 1380 2944 declaravit,
1410 2879 1816 2935 Emmanuelem

242 2966 403 3023 nobis
424 2972 803 3039 praenuntians.
831 2969 919 3025 15.
946 2968 1197 3040 Butgrum
1222 2979 1269 3025 et
1291 2970 1389 3023 mel
1407 2970 1650 3036 comedet,
1677 2979 1819 3024 ante-

235 3074 393 3127 quam
420 3059 544 3113 sciat
574 3060 681 3129 ipse
698 3060 774 3115 rel
806 3061 1097 3131 praeﬁgere
1121 3062 1282 3126 mala,
1318 3062 1464 3129 eliget
1489 3061 1691 3114 bonum.
1727 3061 1813 3116 16.

239 3148 377 3215 Quia
408 3158 677 3220 antequam
702 3150 829 3204 sciat
863 3166 991 3221 puer
1015 3149 1200 3205 bonum
1231 3160 1318 3204 aut
1348 3152 1570 3217 malum,
1600 3168 1701 3206 non
1729 3152 1818 3206 ob-

236 3249 486 3310 temperat
510 3240 736 3307 malitia,
762 3249 818 3294 ut
845 3240 1000 3312 eligat
1030 3241 1239 3296 bonum.
1266 3240 1526 3307 Quoniam
1552 3256 1687 3312 puer
1716 3244 1817 3298 iste

235 3339 392 3387 natus
411 3344 583 3400 neque
620 3329 779 3387 homo
802 3330 1030 3400 simplex
1056 3338 1192 3397 erat,
1216 3346 1390 3401 neque
1416 3331 1557 3386 Deus
1586 3338 1815 3398 tantum,

234 3419 333 3476 sed
354 3420 495 3476 Deus
521 3419 576 3475 in
606 3419 844 3487 homine,
867 3420 988 3490 jure
1013 3420 1274 3491 propheta
1300 3434 1601 3476 sermonem
1623 3420 1817 3491 variat,

235 3523 381 3564 nunc
410 3508 547 3576 hoc,
588 3523 731 3564 nunc
769 3508 899 3565 illud
943 3508 1150 3576 dicens,
1181 3509 1440 3579 stupenda
1488 3524 1813 3581 proponens,

234 3612 337 3653 nec
362 3599 674 3667 permittens
716 3606 776 3653 ut
802 3598 935 3654 ﬁdes
977 3610 1203 3669 negetur
1247 3601 1561 3655 meonomiaa
1598 3608 1817 3670 propter

233 3685 579 3742 eminentiam
627 3687 893 3741 miraculi.
925 3687 1057 3743 Cum
1102 3687 1334 3742 dixisset
1372 3689 1514 3743 enim
1554 3689 1814 3760 virginem

234 3789 357 3831 esse
382 3775 692 3846 parituram,
725 3775 779 3830 id
807 3775 949 3846 quod
978 3785 1223 3832 naturam
1249 3778 1553 3848 superabat,
1576 3787 1630 3833 et
1655 3780 1808 3835 illum

234 3864 552 3922 Emmanuel
574 3865 870 3921 vocandum
892 3879 1032 3930 esse,
1061 3866 1202 3936 quod
1221 3867 1393 3936 ipsum
1416 3868 1815 3939 exspectatione

234 3956 407 4026 majus
428 3963 563 4020 erat,
585 3970 653 4011 ne
679 3956 797 4027 quis
817 3955 1223 4013 Emmanuelem
1242 3957 1483 4024 audiens,
1511 3960 1564 4013 in
1591 3958 1815 4014 Marcio-

234 4047 319 4102 nis
346 4053 401 4101 et
425 4046 479 4100 in
497 4044 765 4101 Valentini
790 4046 1036 4101 morbum
1055 4047 1333 4113 incideret,
1363 4058 1577 4118 propter
1594 4049 1812 4119 dispen-

232 4136 517 4203 sationem,
544 4136 893 4192 clarlssimam
922 4136 1130 4192 induxit
1154 4138 1566 4207 dispensationis
1586 4140 1809 4197 demon-

232 4228 545 4285 strationem
598 4226 715 4301 (α),
758 4242 789 4283 a
838 4243 1021 4284 mensa
1056 4228 1159 4300 ipsi
1206 4229 1364 4285 [idem
1414 4230 1633 4288 faciens.
1668 4232 1807 4301 Quid

234 4318 378 4373 enim
406 4317 482 4372 ait
501 4318 525 4372 i
545 4316 791 4388 Butgrum
816 4324 863 4372 et
888 4316 987 4371 mel
1014 4318 1255 4374 comedet.
1298 4318 1356 4374 ld
1383 4335 1512 4376 vero
1536 4337 1643 4376 non
1669 4321 1807 4377 divi-

232 4408 414 4463 nitatis
436 4406 621 4473 luerit,
644 4406 738 4462 sed
766 4415 969 4462 natura:
998 4416 1219 4463 nostrae.
1268 4408 1474 4465 Idcirco
1518 4411 1660 4466 enim
1702 4428 1807 4467 non

231 4497 543 4567 simpliciter
582 4497 635 4551 in
675 4496 889 4553 homine
925 4496 994 4553 ab
1026 4512 1086 4554 se
1119 4497 1347 4554 formato
1373 4500 1626 4556 habitavit
1653 4542 1669 4569 ,
1702 4502 1799 4558 sed

230 4588 391 4641 etiam
420 4586 471 4640 in
497 4594 650 4641 utero
678 4596 915 4657 gestatus
938 4596 1061 4652 est,
1102 4587 1263 4657 idque
1306 4604 1403 4657 per
1428 4606 1619 4647 novem
1646 4607 1797 4648 men-

229 4690 336 4740 ses,
361 4682 569 4744 partum
598 4689 907 4745 pannosque
932 4675 1114 4741 subiit,
1137 4685 1193 4731 et
1214 4677 1392 4733 cibum
1423 4681 1635 4735 tenellae
1664 4684 1804 4738 aetati

229 4774 669 4829 consentaneum,
696 4772 754 4818 ut
781 4779 877 4833 per
902 4764 1017 4819 haec
1040 4764 1221 4820 omnia
1249 4780 1311 4821 os
1340 4766 1610 4825 obturaret
1628 4770 1695 4825 iis
1710 4772 1800 4841 qui

230 4854 646 4911 incarnationem
675 4868 872 4923 negare
908 4855 1190 4911 auderent.
1237 4856 1364 4912 Haec
1407 4858 1584 4931 itaque
1607 4862 1803 4931 praevi-

230 4947 363 5000 dens
389 4943 647 5015 propheta
671 4956 776 4997 non
800 4943 995 4998 natalia
1015 4944 1187 5000 solum
1208 4954 1263 5001 et
1282 4947 1579 5004 mirabilem
1594 4960 1803 5020 partum

228 5036 391 5091 dicit:
421 5032 516 5089 sed
542 5032 700 5089 etiam
741 5032 1053 5088 alimentum
1100 5036 1313 5092 tenella:
1362 5040 1534 5095 aetatis
1558 5081 1573 5108 ,
1602 5054 1710 5110 quo
1740 5042 1793 5097 in

228 5123 506 5181 cunabulis
530 5136 659 5178 usus
678 5130 777 5189 est,
800 5122 943 5193 quod
970 5123 1102 5179 nihil
1130 5124 1410 5184 diﬁ‘erebat
1435 5143 1465 5182 a
1491 5138 1804 5186 cieterorum

230 5217 507 5272 hominum
526 5229 666 5281 esca,
684 5229 781 5271 nec
798 5214 1067 5286 quidpiam
1094 5217 1367 5275 insolitum
1395 5220 1647 5277 habebat.
1669 5221 1801 5277 Nam

229 5307 283 5362 in
312 5307 403 5362 illo
432 5319 604 5377 neque
630 5305 807 5361 omnia
835 5303 1047 5361 diversa
1063 5316 1237 5376 erant,
1266 5324 1437 5381 neque
1464 5312 1642 5367 omnia
1666 5326 1805 5368 com-

252 5496 263 5507 ,
288 5435 374 5545 (σὲ
394 5432 526 5493 000d
548 5431 664 5483 die“
683 5431 805 5506 inf?!
827 5430 1192 5504 (ξὶιηθοιιοωιιε
1207 5435 1379 5510 Isaiam
1394 5437 1527 5489 clare
1548 5440 1800 5501 dispensa-

254 5509 332 5545 ion
376 5533 392 5545 .
428 5507 520 5543 seu
557 5495 911 5545 incarnationis.
948 5494 1410 5545 demonstrationem
1442 5500 1707 5545 induxisse-
1736 5516 1800 5545 ne

228 5494 392 5563 tionis,
428 5507 520 5563 seu
552 5494 1413 5563 _lnc_arnati99i_s,'demonstrationem
1436 5494 1708 5563 induxisse,
1736 5516 1802 5551 ne

227 5558 337 5619 quis
357 5553 406 5605 in
430 5556 775 5624 prcipuisaut
796 5553 1037 5624 V_alentini
1062 5557 1282 5624 mor-Imm
1325 5561 1579 5624 incideret,
1604 5575 1664 5611 eo
1686 5553 1801 5624 spe-

228 5614 326 5687 c'ut
346 5616 473 5687 quod
496 5614 780 5687 Valentinus
799 5621 849 5664 et
871 5618 1069 5665 Marcion
1092 5617 1333 5687 dicerent,
1360 5620 1521 5672 Filium
1545 5614 1639 5674 non
1663 5614 1799 5687 vere,

229 5630 326 5667 cut
346 5630 473 5679 quoa
504 5630 780 5665 vateuunus
799 5630 849 5664 ει
872 5630 1069 5665 marcron
1092 5630 1236 5666 arceri

229 5678 319 5731 sed
331 5677 497 5743 specie
514 5682 716 5741 tantum,
740 5688 934 5729 metu
953 5680 1236 5741 sumsisse.

1932 445 2131 500 munia.
2164 446 2296 503 illud
2316 447 2481 517 enim,
2507 465 2574 507 ex
2604 450 2826 509 muliere
2858 452 3041 523 nasci,
3066 468 3347 514 commune
3369 468 3495 524 est:

1929 549 1995 590 ex
2022 535 2223 606 virgine
2249 547 2421 595 autem
2442 580 2458 609 ,
2487 541 2658 611 majus
2693 557 2851 614 quam
2880 544 3112 600 conditio
3133 554 3310 602 nostra
3340 546 3499 603 ferat.

1930 627 2254 683 Alimentum
2280 644 2492 687 sumere
2516 647 2725 687 rursum
2752 673 2768 699 ,
2813 649 2879 690 ex
2902 643 3106 690 natura:
3130 636 3247 705 lege
3271 646 3353 692 est
3379 652 3501 707 quae

1929 719 2136 773 caeteris
2164 721 2437 790 competit,
2461 737 2523 778 ac
2546 738 2831 780 commune
2857 735 2979 791 est;
3007 734 3063 781 at
3092 727 3344 797 templum
3372 728 3498 783 illud

1929 805 2256 861 inaccessum
2280 822 2400 864 esse
2420 812 2685 880 nequitiae,
2705 828 2878 883 neque
2897 815 3317 883 experimentum
3337 815 3497 869 ullum

1930 897 2146 951 malitiae
2168 898 2362 955 habere
2384 940 2400 967 ,
2432 900 2534 956 hoc
2559 917 2755 958 novum
2776 943 2791 968 ,
2823 904 2923 959 hoc
2950 904 3266 974 stupendum
3297 913 3379 960 cst
3401 944 3416 970 ,
3444 913 3499 961 tt

1929 987 2027 1056 ipsi
2057 988 2155 1043 soli
2178 991 2447 1061 competit.
2472 991 2702 1063 ideoque
2724 1004 2777 1048 et
2796 993 2897 1048 hoc
2917 1004 2970 1049 et
2992 994 3119 1048 illud
3148 994 3342 1064 posuit.
3372 993 3491 1049 Non

1929 1077 2071 1130 enim
2103 1086 2223 1146 post
2249 1080 2671 1149 experimentum
2700 1082 2916 1137 malitias
2950 1097 2979 1135 a
3020 1083 3216 1137 malitia
3245 1082 3445 1138 abstitit
3471 1123 3492 1151 ,

1929 1166 2097 1236 inquit
2132 1206 2149 1233 ,
2179 1168 2272 1222 sed
2301 1169 2368 1224 ab
2395 1169 2510 1239 ipso
2539 1170 2799 1241 principio
2826 1182 2882 1227 et
2906 1171 3127 1227 exordio
3151 1188 3364 1227 omnem
3389 1173 3497 1228 vir-

1930 1266 2094 1313 tutem
2124 1257 2382 1314 exhibuit.
2409 1260 2559 1326 Quod
2580 1270 2637 1317 et
2653 1261 2764 1332 ipse
2784 1262 2858 1315 ait
2885 1277 2901 1316 :
2935 1262 3060 1327 Quis
3085 1278 3149 1316 ea;
3174 1263 3297 1331 ipsis
3321 1269 3501 1332 arguet

1928 1365 2007 1402 me
2034 1349 2097 1402 de
2120 1351 2362 1418 peccato?
2389 1360 2443 1405 et
2470 1367 2486 1404 :
2524 1349 2668 1404 Venit
2698 1354 2930 1421 princeps
2953 1353 3107 1424 hujus
3128 1353 3307 1405 mundi
3336 1392 3351 1417 ,
3375 1362 3422 1406 et
3446 1354 3501 1405 in

1927 1454 2006 1491 me
2028 1454 2129 1491 non
2158 1438 2304 1494 habet
2326 1440 2584 1510 quidpiam
2606 1439 2781 1511 (Joan.
2806 1441 2859 1496 8.
2888 1440 2977 1495 46.
3001 1450 3046 1493 et
3074 1442 3162 1495 M.
3190 1440 3302 1509 30).

2003 1528 2056 1581 7.
2095 1528 2268 1599 Atque
2310 1528 2397 1584 hic
2441 1532 2553 1599 ipse
2602 1531 2857 1600 pr0pheta
2906 1530 2957 1584 in
3005 1531 3349 1600 sequentibus
3387 1531 3499 1586 ait:

1928 1616 2201 1672 Peccatum
2234 1635 2334 1672 non
2360 1619 2495 1688 fecit,
2528 1636 2684 1688 neque
2707 1620 2853 1673 dolus
2880 1621 3106 1673 inuentus
3124 1629 3195 1675 est
3216 1621 3267 1674 in
3292 1636 3377 1675 ore
3394 1622 3502 1692 ejus

1931 1707 2082 1778 (Isai.
2114 1708 2201 1763 55.
2244 1707 2319 1777 9).
2365 1707 2477 1763 Hoc
2504 1716 2651 1764 certe
2678 1718 2732 1763 et
2769 1708 2870 1764 hoc
2906 1710 3025 1764 loco
3048 1710 3143 1775 ait,
3175 1709 3295 1780 quia
3326 1711 3503 1779 prius-

1927 1811 2084 1867 quam
2120 1797 2253 1853 sciat
2297 1798 2409 1867 ipse
2448 1798 2531 1852 vel
2573 1798 2709 1852 mala
2740 1799 3076 1868 prmeligere,
3123 1799 3189 1853 ab
3226 1810 3382 1854 atate
3411 1799 3501 1854 illa

1926 1886 2127 1941 nullum
2156 1894 2371 1956 experta
2419 1886 2613 1939 malum
2639 1926 2655 1953 ,
2702 1887 2769 1941 ab
2807 1888 2922 1956 ipso
2960 1887 3221 1958 principio
3252 1888 3499 1942 virtutem

1924 1976 2192 2043 ostendet,
2241 1976 2474 2048 nihilque
2514 1992 2633 2032 cum
2681 1978 2910 2047 nequitia
2949 1992 3228 2033 commune
3265 1978 3499 2033 habebit.

1926 2068 2061 2135 Quia
2110 2070 2401 2140 priusquam
2445 2071 2570 2124 sciat
2614 2086 2737 2139 puer
2780 2069 2962 2123 bonum
3004 2078 3094 2122 aut
3138 2070 3360 2134 malum,
3399 2086 3502 2123 non

1924 2159 2232 2228 obtemperat
2268 2157 2507 2226 malitia,
2550 2166 2605 2212 ut
2633 2158 2782 2229 eligat
2821 2157 3020 2211 bonum.
3054 2157 3281 2213 Rursum
3310 2157 3498 2212 iisdem

1924 2249 2102 2305 verbis
2138 2250 2381 2305 eamdem
2421 2249 2734 2305 sententiam
2780 2248 3102 2315 subindicat,
3137 2260 3192 2304 et
3228 2248 3282 2303 in
3310 2248 3499 2304 eodem

1923 2346 2166 2394 versatur
2192 2354 2457 2394 sermone.
2488 2338 2617 2405 Quia
2651 2338 2790 2393 enim
2822 2338 3104 2393 admodum
3135 2339 3359 2393 sublime
3387 2346 3503 2393 erat

1924 2428 1975 2482 id
1997 2426 2135 2496 quod
2160 2426 2451 2491 dicebatur,
2472 2426 2785 2481 narrationis
2801 2426 3190 2481 continuatione
3213 2426 3309 2495 ipsi
3340 2425 3496 2481 tidem

1927 2518 2195 2572 conciliat.
2234 2516 2383 2583 Quod
2409 2518 2550 2572 enim
2579 2532 2736 2587 supra
2766 2516 3056 2571 declaravit
3076 2516 3257 2572 dicens
3280 2532 3294 2569 :
3317 2516 3501 2571 Prius-

1921 2624 2071 2678 quam
2094 2608 2218 2661 sciat
2242 2608 2348 2676 ipse
2376 2607 2452 2661 vel
2472 2607 2760 2678 praeﬁgere
2783 2610 2938 2673 mala,
2968 2605 3071 2661 hoc
3098 2617 3280 2679 postea
3304 2606 3489 2661 subin-

1922 2696 2117 2751 dicavit
2143 2694 2361 2762 dicens,
2398 2694 2702 2765 Priusquam
2737 2696 2863 2752 sciat
2894 2711 3049 2765 puer;
3074 2706 3126 2750 et
3162 2696 3499 2751 enarratione

1921 2800 2130 2841 rursum
2160 2787 2322 2841 utitur
2353 2785 2786 2842 dicens:Bonum
2811 2795 2901 2840 aut
2929 2787 3115 2839 malum
3135 2825 3150 2852 ,
3181 2802 3282 2839 non
3307 2787 3497 2839 obtem-

1922 2886 2066 2948 perat
2090 2878 2315 2944 malitiaz,
2346 2886 2400 2931 ut
2427 2878 2579 2949 eligat
2606 2880 2809 2931 bonum.
2839 2876 3005 2946 Hujus
3031 2877 3170 2931 enim
3201 2876 3363 2931 solius
3385 2886 3501 2932 erat

1924 2968 2037 3021 haec
2060 2968 2422 3036 prmrogativa.
2440 2966 2562 3022 Ideo
2582 2976 2636 3023 et
2655 2966 2848 3023 Paulus
2862 2966 2963 3021 hoc
2981 2966 3192 3021 assidue
3220 2977 3422 3032 versat,
3444 2974 3501 3021 et

1919 3054 2154 3111 Joannes
2188 3055 2373 3110 videns
2416 3056 2601 3122 illum,
2649 3054 2754 3111 hoc
2797 3055 3123 3124 praedicavit.
3169 3053 3302 3107 Ecce
3337 3071 3497 3125 agnus

1919 3145 2018 3201 Dei
2036 3146 2120 3216 qui
2145 3146 2274 3200 tollit
2294 3156 2544 3218 peccatum
2573 3147 2751 3200 mundi
2774 3145 2952 3216 (Joan.
2983 3146 3033 3201 1.
3062 3145 3175 3216 29).
3198 3146 3297 3211 Qui
3318 3155 3495 3201 autem

1919 3236 2141 3292 aliorum
2170 3246 2381 3307 peccata
2410 3236 2666 3301 tollebat,
2696 3235 2863 3291 multo
2889 3235 3055 3305 magis
3084 3235 3195 3306 ipse
3222 3249 3251 3288 a
3278 3246 3498 3305 peccato

1920 3326 2171 3382 immunis
2200 3336 2332 3383 erat.
2364 3327 2430 3382 Et
2455 3328 2667 3394 Paulus,
2696 3336 2753 3382 ut
2780 3328 2939 3382 modo
2962 3326 3223 3393 dicebam,
3252 3326 3500 3398 frequen-

1920 3425 2003 3473 ter
2026 3417 2251 3487 idipsum
2278 3417 2489 3472 clamat.
2510 3418 2639 3483 Quia
2665 3417 2804 3471 enim
2832 3416 2921 3471 ille
2943 3417 3229 3472 moriturus
3254 3424 3398 3484 erat,
3426 3431 3497 3474 ne

1918 3509 2038 3578 quis
2063 3507 2350 3563 infidelium
2372 3515 2599 3577 putaret,
2622 3508 2794 3576 ipsum
2819 3506 3018 3576 peccati
3042 3508 3121 3561 sui
3142 3506 3267 3561 dare
3286 3522 3495 3577 pmnas,

1920 3596 2228 3669 frequenter
2255 3602 2371 3667 ejus
2399 3597 2890 3667 impeccabilitatem
2918 3597 2970 3652 in
2994 3598 3225 3653 medium
3251 3597 3494 3667 adducit,

1918 3696 1979 3743 ut
1997 3696 2220 3742 mortem
2244 3686 2408 3757 ipsius
2430 3686 2629 3756 peccati
2652 3687 2818 3741 nostri
2838 3685 3156 3741 solutionem
3178 3701 3296 3743 esse
3315 3696 3498 3742 osten-

1917 3778 2089 3834 deret.
2110 3776 2463 3845 Quamobrem
2483 3774 2955 3832 dicebat:CIn-istus
2978 3793 3237 3847 resurgens
3262 3794 3324 3831 ea:
3350 3794 3489 3833 mor-

1920 3868 2041 3933 tuis,
2063 3868 2167 3934 iam
2190 3884 2288 3921 non
2309 3868 2539 3920 moritur.
2560 3866 2757 3920 Etenim
2776 3865 2909 3935 quod
2929 3876 3154 3919 mortuus
3175 3876 3266 3933 est,
3291 3876 3492 3935 peccato

1918 3965 2144 4010 martum
2171 3967 2243 4010 est
2273 3955 2445 4026 (Rom.
2476 3956 2528 4011 6.
2561 3955 2615 4010 9.
2644 3954 2754 4027 l0).
2781 3955 2959 4025 Neque
2986 3963 3157 4012 morte
3191 3956 3277 4011 illa
3297 3997 3313 4026 ,
3342 3957 3494 4026 quasi

1917 4062 2058 4113 reus,
2086 4046 2273 4117 inquit,
2294 4046 2583 4102 secundum
2608 4049 2866 4103 rationem
2895 4049 3090 4118 peccati
3112 4058 3351 4105 mortuus
3374 4059 3490 4116 est;

1917 4136 2010 4192 sed
2039 4152 2134 4207 pro
2162 4137 2429 4191 communi
2473 4138 2709 4192 omnium
2746 4137 2963 4193 delicto.
3014 4138 3068 4193 Si
3111 4138 3285 4209 itaque
3328 4141 3493 4209 priori

1916 4229 2073 4282 morti
2096 4227 2384 4282 secundum
2406 4226 2508 4282 hoc
2526 4228 2785 4283 obnoxius
2806 4243 2908 4283 non
2926 4239 3058 4292 erat,
3081 4230 3209 4283 satis
3226 4244 3490 4300 superque

1917 4317 2335 4373 demonstratum
2381 4328 2481 4380 est,
2534 4319 2704 4389 ipsum
2755 4333 2859 4373 non
2904 4320 3127 4388 amplius
3176 4321 3491 4377 moriturum

1917 4422 2056 4463 esse.
2090 4406 2158 4461 Et
2195 4408 2563 4475 derelinquetur
2606 4418 2757 4474 terra,
2804 4425 2953 4479 quam
2996 4421 3049 4462 tu
3091 4410 3265 4475 times,
3303 4428 3335 4465 a
3364 4414 3489 4484 facit

1916 4498 2129 4552 duorum
2170 4513 2364 4566 regum.
2408 4496 2559 4563 Quod
2602 4498 2904 4569 frequenter
2944 4497 3069 4554 facit
3109 4501 3393 4571 propheta,
3438 4503 3487 4557 id

1915 4586 2073 4641 etiam
2118 4584 2371 4639 fecithoc
2407 4584 2545 4640 loco.
2594 4585 2723 4641 Post
2764 4586 3093 4657 prophetiam
3122 4588 3189 4643 ad
3216 4589 3485 4645 historiam

1913 4688 2213 4729 sermonem
2244 4674 2467 4729 reducit.
2512 4674 2625 4730 Hoc
2653 4676 2811 4731 etiam
2845 4676 3003 4731 modo
3035 4678 3172 4733 circa
3212 4678 3482 4747 Seraphim

1912 4777 1973 4819 se
2012 4764 2241 4835 gessisse
2284 4765 2562 4834 perspicue
2605 4766 2965 4833 ostendimus,
3005 4766 3145 4837 quod
3195 4769 3351 4821 etiam
3402 4768 3478 4825 bit

1912 4855 2105 4910 eﬂ'ecit.
2138 4854 2268 4910 Cum
2298 4856 2651 4912 enarravisset
2694 4857 2835 4912 enim
2881 4857 3016 4912 bona
3058 4857 3171 4913 orbi
3225 4866 3479 4917 terrarum

1912 4945 2239 5011 obventura,
2290 4946 2355 5000 ad
2402 4960 2581 5015 regem
2626 4945 2837 5001 demum
2879 4960 3177 5001 sermonem
3203 4948 3485 5007 convertit.

1912 5036 2036 5092 ideo
2082 5036 2197 5091 haec
2235 5037 2503 5107 subjungit
2532 5054 2545 5091 :
2574 5036 2953 5102 Derelinquetur
2994 5046 3147 5092 terra.
3193 5037 3328 5106 Quid
3378 5047 3479 5103 est,

1910 5127 2291 5198 Derelinquetur
2305 5128 2330 5181 .9
2346 5126 2543 5182 Intacta
2562 5128 2679 5193 erit,
2704 5125 2869 5182 libera
2887 5126 3040 5195 crit',
3056 5126 3186 5182 nihil
3204 5128 3481 5184 molestum

1911 5221 2176 5292 patietur,
2203 5218 2325 5274 belli
2355 5217 2490 5272 mala
2530 5232 2634 5273 non
2680 5217 2977 5273 sustinebit.
3018 5216 3087 5271 Et
3116 5219 3483 5289 dcrelinquetur

1911 5318 2074 5375 terra,
2102 5324 2250 5377 quam
2276 5316 2327 5359 tu
2357 5307 2527 5373 times,
2556 5319 2653 5377 pro
2676 5321 2777 5377 qua
2805 5306 3073 5373 formidas,
3105 5321 3204 5377 pro
3230 5322 3331 5376 qua
3362 5316 3471 5362 tre-

1907 5403 2030 5468 mis,
2072 5416 2103 5452 a
2131 5398 2259 5468 facie
2299 5397 2512 5451 duorum
2560 5414 2768 5469 regum;
2820 5398 3129 5453 Damasceui
3182 5412 3370 5467 nempe
3423 5407 3479 5453 ct

1908 5491 2179 5549 lsraelitaz.
2208 5488 2405 5545 Deinde
2427 5504 2493 5545 ne
2515 5504 2609 5560 per
2624 5489 2880 5546 bonorum
2907 5489 3233 5562 prophetiam
3262 5489 3475 5561 segnior

1972 5625 1988 5655 ι
2024 5629 2138 5681 Reg.
2168 5627 2220 5669 et
2240 5620 2379 5670 Savil.
2405 5620 2514 5681 hoc,
2536 5621 2685 5673 libera
2707 5620 2817 5681 erit,
2835 5624 3093 5674 omittunt:
3119 5620 3208 5673 sed
3229 5618 3396 5673 uocet.
3416 5630 3469 5674 et

1908 5691 2069 5737 Bavar.
2096 5682 2296 5748 habent,
2322 5692 2373 5736 et
2388 5682 2663 5736 Tilmannus
2685 5686 2750 5735 ita
2770 5683 2904 5749 legit.
