4048 6472
495 428 570 483 87
1206 406 1264 463 S.
1301 400 1581 463 JOANNIS
1615 389 2087 456 CHRYSOSTOMI
2127 386 2445 447 ARCHIEP.
2484 385 3021 448 CONSTANTINOP.
3700 400 3776 455 88

497 528 771 592 evaderet,
803 539 903 584 nec
923 539 1016 596 per
1035 535 1221 593 pacem
1247 518 1480 580 mollior,
1496 514 1612 584 ejus
1638 524 1824 568 rursus
1850 508 2086 563 animum

503 617 813 688 oerstringit
834 615 1019 670 dicens
1043 635 1056 671 :
1082 614 1170 667 l7.
1204 609 1309 665 Sed
1340 607 1558 661 adducet
1603 604 1736 657 Deus
1763 616 1914 670 super
1941 608 2009 663 te,
2039 605 2088 650 et

499 727 653 780 super
673 709 918 780 populum
946 715 1121 771 tuum,
1162 712 1211 758 et
1249 716 1400 770 super
1435 697 1637 752 domum
1668 693 1824 765 patris
1845 691 1917 745 tui
1947 690 2082 752 dies,

497 803 586 869 qui
627 801 851 855 nondum
888 805 1126 854 uenerunt
1165 810 1229 849 ea:
1269 809 1367 862 quo
1409 791 1490 846 die
1527 787 1731 842 abstulit
1771 783 2017 852 Ephraim
2055 797 2088 833 a

501 891 642 944 Jvda
669 907 833 959 regem
861 889 1202 959 Assyriorum.
1229 885 1331 939 Per
1360 882 1474 935 haec
1500 879 1641 934 enim
1673 876 1870 930 indicat
1895 872 2087 926 barba-

503 997 684 1038 rorum
717 980 1086 1050 irruptionem,
1118 991 1222 1047 qua
1246 973 1432 1029 urbem
1461 986 1492 1024 a
1519 965 1879 1023 fundamentis
1906 964 2086 1018 dirue-

500 1080 647 1134 runt,
678 1072 912 1141 ipsisque
938 1071 989 1124 in
1018 1069 1372 1138 captivitatem
1405 1061 1642 1131 abreptis
1667 1058 1931 1112 abierunt.
1964 1054 2086 1109 Hac

504 1175 634 1217 vero
663 1160 922 1230 praedicit,
966 1174 1070 1212 non
1100 1166 1158 1210 ut
1198 1155 1468 1217 eveniant,
1501 1149 1594 1205 sed
1626 1157 1683 1203 ut
1711 1155 1854 1202 metu
1883 1153 2086 1212 tempe-

510 1251 771 1306 rantiores
797 1250 941 1314 facti,
966 1246 1431 1302 comminationem
1455 1240 1754 1309 depulsent.
1774 1236 1908 1304 Quia
1929 1247 2088 1303 porro

507 1356 685 1410 neque
706 1357 770 1394 ex
793 1340 964 1404 bonis,
988 1352 1106 1408 qure
1128 1345 1322 1406 printer
1342 1332 1587 1387 meritum
1608 1325 1919 1395 consequuti
1942 1329 2086 1389 sunt,

507 1431 756 1486 meliores
782 1439 906 1484 sunt
929 1428 1102 1483 effecti
1131 1424 1295 1495 (quod
1321 1424 1462 1480 enim
1489 1429 1685 1493 praeter
1706 1417 1952 1473 meritum
1975 1414 2090 1470 hac

512 1520 820 1589 consequuti
852 1519 991 1583 sint,
1023 1515 1255 1570 ostendit
1282 1515 1420 1583 regis
1446 1512 1657 1567 animus
1699 1518 1753 1564 et
1794 1507 1980 1577 ingens
2007 1505 2090 1559 in-

511 1608 857 1678 credulitas),
903 1622 1077 1678 neque
1105 1607 1420 1661 terribilium
1461 1601 1872 1658 comminatione
1902 1597 2092 1652 mutati

507 1707 633 1753 sunt
662 1739 678 1764 ,
731 1698 825 1753 sed
879 1698 1090 1767 utrique
1137 1697 1354 1751 salutari
1405 1695 1691 1764 pharmace
1748 1691 2094 1745 vehementer

509 1788 848 1854 obstiterunt,
877 1788 1165 1843 sectionem
1193 1786 1407 1841 demum
1436 1781 1829 1853 profundiorem
1858 1778 2047 1848 infligit
2075 1816 2091 1841 ,

512 1879 833 1935 exscindens
881 1879 1146 1950 putridum
1191 1878 1361 1942 ulcus,
1409 1885 1462 1932 et
1505 1872 1876 1929 immedicabili
1908 1870 2095 1925 morbo

511 1973 821 2028 laborantes
847 1986 1115 2027 reserans.
1148 1969 1285 2036 Quid
1321 1968 1418 2023 sibi
1449 1967 1562 2020 vult
1591 1964 1717 2019 illud
1736 2004 1751 2029 ,
1783 1962 1864 2016 Ea:
1891 1977 1989 2032 quo
2015 1961 2098 2015 die

515 2062 717 2116 abstulit
745 2061 994 2131 Ephraim
1026 2079 1058 2114 a
1092 2059 1128 2115 Î™
1134 2062 1239 2114 uda
1260 2075 1423 2129 regem
1465 2054 1825 2126 Assyriorum?
1853 2054 2096 2123 lrrupcre

515 2151 729 2207 barbari
771 2153 889 2206 illos
925 2167 1112 2207 omnes
1148 2149 1459 2214 abducturi;
1509 2147 1604 2202 sed
1647 2145 1860 2200 omissis
1883 2143 2017 2198 Juda
2044 2152 2100 2199 et

517 2241 723 2297 duabus
755 2242 996 2297 tribubus
1016 2282 1031 2306 ,
1077 2253 1260 2296 contra
1297 2238 1457 2293 Israel
1500 2234 1743 2291 conversi
1774 2243 1915 2289 sunt.
1946 2233 2097 2297 Quod

518 2332 680 2403 igitur
707 2332 864 2399 dicit,
911 2331 1010 2386 hoc
1041 2331 1228 2387 estzA
1262 2329 1349 2384 die
1393 2328 1505 2392 illo,
1552 2341 1656 2396 quo
1697 2325 1880 2379 decem
1932 2324 2098 2378 tribus

516 2424 864 2479 barbarorum
892 2425 1179 2480 exercitum
1209 2422 1275 2476 ad
1303 2437 1361 2477 se
1405 2419 1739 2488 pertrahent,
1771 2434 1799 2471 a
1843 2416 2099 2485 vobisque

516 2527 779 2583 averterit,
817 2517 884 2572 ob
912 2517 1112 2586 peccati
1141 2516 1221 2570 sui
1248 2511 1688 2584 magnitudinem,
1720 2510 1889 2578 iisque
1914 2509 2102 2563 adver-

519 2623 612 2663 sus
638 2624 696 2665 se
720 2609 953 2665 evocatis
977 2609 1219 2664 abductae
1256 2615 1444 2663 erunt:
1475 2605 1540 2659 ab
1570 2604 1681 2668 illo,
1713 2603 1950 2671 inquam,
1982 2602 2099 2668 die,

522 2699 709 2754 timere
738 2708 792 2754 et
818 2699 1101 2754 formidare
1125 2698 1340 2754 demum
1374 2703 1605 2765 oportet.
1645 2693 1917 2761 Progressi
1948 2707 2103 2746 nam-

521 2804 646 2857 que,
681 2789 745 2842 ad
775 2805 866 2843 vos
895 2789 1056 2843 etiam
1084 2788 1334 2853 venient,
1367 2787 1469 2840 nisi
1501 2784 1841 2852 resipiscatis.
1871 2784 2100 2851 Aitqne:

521 2879 605 2932 Ab
629 2879 719 2933 illo
739 2879 823 2934 die
844 2879 1070 2934 adducet
1088 2894 1199 2934 eos.
1220 2878 1334 2933 Non
1355 2878 1497 2932 enim
1524 2875 1682 2930 simul
1708 2889 1827 2941 eum
1855 2874 2106 2929 lsraelitaa

524 2969 916 3025 abducerentur
939 3011 954 3036 ,
999 2971 1072 3026 illi
1112 2969 1252 3040 capti
1295 2975 1440 3036 sunt,
1469 2966 1561 3023 sed
1594 2980 1777 3036 parum
1809 2963 2106 3020 intercessit

525 3060 801 3128 temporis.

599 3149 652 3203 8.
681 3149 832 3217 Quod
858 3150 1014 3220 igitur
1041 3150 1186 3217 dicit,
1211 3149 1315 3204 hoc.
1337 3159 1436 3214 est,
1469 3149 1694 3205 Decreto
1721 3159 1818 3201 suo
1844 3153 1969 3201 tunc
1993 3146 2106 3203 dies

527 3237 646 3294 illas
685 3239 1141 3297 induxisset:sed
1185 3239 1526 3310 exspectabat
1554 3240 1724 3306 Deus,
1765 3248 1818 3293 et
1851 3238 2110 3308 patienter

531 3327 755 3394 ferebat,
805 3331 1011 3384 etiamsi
1057 3331 1164 3399 jam
1213 3339 1338 3385 tunc
1387 3339 1603 3399 peccata
1649 3329 1907 3397 supplicio
1953 3328 2109 3397 digna

530 3430 738 3486 essent;
784 3421 833 3474 id
861 3421 999 3491 quod
1029 3436 1168 3491 saepe
1206 3421 1383 3476 facere
1408 3419 1717 3484 consuevit,
1746 3430 1802 3474 ut
1827 3434 1948 3474 cum
1978 3421 2112 3475 assi-

532 3522 722 3582 gnatus
750 3513 864 3568 dies
904 3514 1206 3580 advenerit,
1234 3513 1406 3569 adhuc
1431 3511 1786 3582 procrastinet
1812 3520 1864 3565 et
1891 3521 2110 3568 cuncte-

532 3613 647 3670 tur;
689 3605 829 3674 qnod
860 3616 942 3661 est
989 3608 1276 3662 maximum
1320 3605 1619 3660 clementia:
1665 3604 1781 3673 ejus
1825 3603 2109 3672 indicium,

533 3707 740 3747 necnon
760 3706 1128 3764 argumentum
1153 3697 1497 3764 conspicuum
1519 3693 1705 3764 ingrati
1727 3708 1912 3748 eorum
1929 3695 2111 3760 animi,

533 3783 624 3850 qui
653 3784 766 3852 ejus
809 3785 1131 3854 indulgentia
1181 3787 1396 3850 nolunt,
1428 3794 1486 3838 ut
1518 3800 1614 3854 par
1651 3793 1830 3850 esset,
1876 3786 1971 3840 uti.
2005 3784 2115 3841 Hoc

536 3873 693 3942 igitur
720 3875 791 3928 ait
821 3877 918 3930 hoc
949 3877 1088 3943 loco,
1116 3876 1226 3945 jam
1255 3886 1379 3931 tunc
1405 3891 1597 3946 nempe
1618 3876 2111 3942 comminationem,

529 3963 639 4031 jam
667 3974 792 4019 tunc
821 3965 1051 4019 divinam
1084 3968 1215 4022 iram
1246 3966 1498 4032 adfuisse,
1523 3977 1580 4021 ut
1601 3966 1858 4037 supplicio
1881 3966 1946 4021 ad
1976 3967 2116 4024 fores

536 4053 788 4121 adducto,
815 4059 1071 4112 excitaret
1108 4058 1172 4112 ad
1204 4058 1569 4128 poenitentiam
1593 4098 1608 4124 ,
1640 4058 1892 4113 meliores
1922 4059 2117 4114 redde-

535 4152 638 4209 ret,
668 4155 721 4197 et
749 4155 869 4214 post
897 4145 1105 4201 illorum
1135 4148 1396 4202 excidium
1430 4148 1480 4202 in
1511 4163 1709 4219 angore
1738 4150 2116 4217 constitueret,

534 4247 729 4302 neque,
764 4236 883 4303 quia
915 4237 988 4289 illi
1029 4237 1241 4292 abducti
1280 4237 1520 4304 fuerant,
1555 4238 1608 4292 hi
1641 4254 1770 4294 vero
1796 4239 2116 4310 effugerant,

537 4324 656 4378 ideo
680 4327 952 4396 segniores
984 4330 1193 4384 fierent.
1227 4330 1314 4385 18.
1344 4330 1415 4383 Et
1441 4333 1532 4383 erit
1557 4331 1609 4383 in
1637 4331 1719 4384 die
1748 4333 1837 4385 illa
1856 4375 1869 4398 ,
1905 4334 2121 4386 sibilabit

538 4415 788 4470 Dominus
840 4421 1061 4484 muscis,
1114 4437 1226 4490 qua:
1277 4421 1670 4474 dominabuntur
1716 4422 1850 4489 parti
1897 4425 2121 4491 ï¬‚uminis

536 4505 775 4578 :Egypli.
806 4510 988 4566 Videnâ€˜
1011 4529 1096 4568 me
1119 4529 1221 4568 non
1249 4513 1447 4567 frustra
1474 4513 1693 4578 dixisse,
1721 4514 1890 4582 ipsum
1920 4523 2118 4569 metum

535 4615 732 4668 angere
758 4604 1044 4670 volentem,
1076 4605 1144 4659 ab
1159 4607 1248 4660 illa
1267 4607 1353 4661 die
1370 4607 1838 4661 comminationem
1857 4604 2118 4662 intulisse.

537 4690 666 4756 Quae
687 4702 981 4760 sequuntur
1008 4697 1182 4763 itaque
1208 4697 1308 4750 hoc
1334 4696 1585 4762 indicant,
1612 4697 1758 4764 queis
1779 4696 1941 4751 verbo
1963 4698 2122 4750 timoâ€”

540 4795 654 4834 rem
687 4781 894 4848 incutit,
923 4785 1186 4842 exercitus
1209 4786 1311 4838 illis
1331 4785 1631 4851 declarans,
1655 4786 1743 4854 qui
1764 4785 2123 4841 formidabiles

540 4873 670 4941 ipsis
696 4883 849 4927 erant
870 4916 883 4938 ,
914 4885 966 4928 et
999 4876 1284 4930 invasionis
1312 4877 1616 4931 facilitatem
1647 4877 2040 4942 demonstrans,
2073 4877 2124 4932 id

538 4964 680 5032 quod
706 4964 825 5019 illos
851 4967 1131 5022 admodum
1164 4968 1505 5037 percellebat,
1534 4971 1800 5023 exercitus
1827 4969 2125 5024 multitudi-

543 5069 665 5107 nem
685 5055 921 5111 indicaus
939 5058 976 5122 á½·,
997 5059 1134 5128 quod
1157 5059 1367 5114 illorum
1389 5058 1595 5111 animos
1616 5060 1847 5113 maxime
1873 5061 2121 5116 terrebat.

543 5144 672 5200 llaec
701 5164 860 5215 porro
888 5153 1063 5206 omnia
1101 5152 1151 5205 in
1195 5151 1537 5221 sequentibus
1579 5149 1948 5205 subindicavit.
1995 5154 2128 5207 Ani-

547 5252 690 5288 mum
716 5248 891 5293 autem
920 5241 1111 5298 adhibe
1140 5259 1152 5294 :
1184 5242 1248 5295 Et
1275 5243 1365 5298 erit
1387 5244 1437 5296 in
1466 5242 1546 5295 die
1569 5241 1676 5306 illa,
1703 5241 1890 5308 inquit,
1915 5242 2132 5297 sibilabit

548 5325 796 5381 Dominus
843 5333 1046 5386 muscis.
1096 5333 1304 5388 Muscas
1351 5333 1437 5388 hic
1479 5333 1688 5387 vocavit
1725 5331 2032 5403 Egyptios,
2063 5335 2130 5390 ob

551 5418 930 5488 impudentiam
958 5431 1011 5476 et
1041 5424 1491 5490 inverecundiam,
1517 5433 1569 5479 ct
1586 5423 1724 5492 quod
1747 5438 1889 5493 sape
1910 5425 2128 5494 repulsi,

617 5592 631 5621 Â¹
670 5596 786 5665 fteg.
813 5602 865 5640 et
887 5592 1303 5665 savii.,nea_cercitus
1322 5595 1800 5665 gladiumindicans.
1818 5599 1909 5646 Sed
1933 5600 2134 5665 Savilius

544 5651 597 5719 in
614 5651 835 5719 margine
855 5656 1003 5715 ponit,
1031 5651 1149 5717 forte
1167 5651 1408 5706 exercitus
1434 5660 1640 5719 agmina.
1659 5668 1809 5707 tâ€™orro
1831 5667 2008 5717 Graece,
2035 5663 2134 5719 gla-

541 5713 652 5764 dius
669 5713 1010 5782 biterpretatur
1024 5713 1137 5782 iam,
1147 5719 1337 5781 agmina
1365 5713 1497 5776 vero,
1512 5738 1634 5782 ÏƒÏ„á¿–Ï†Ï‚
1648 5735 1660 5778 Í¾
1676 5721 1804 5769 unde
1822 5713 2133 5773 similitudine

545 5785 717 5825 vocum
741 5777 916 5827 ductus
934 5790 1074 5828 unam
1099 5777 1237 5830 alteri
1262 5777 1651 5832 substituendam
1677 5785 1948 5848 suspicatus
1972 5797 2064 5834 est.

2192 517 2336 574 saepe
2363 503 2625 561 instarent
2643 544 2660 571 ,
2689 519 2864 576 neque
2895 506 3161 563 tantillum
3190 508 3455 581 respirare
3485 511 3617 583 ipsis
3642 527 3776 569 con.

2193 593 2467 663 cederent,
2497 595 2593 652 sed
2618 610 2763 666 saepe
2786 596 2892 653 illis
2914 611 3168 654 sexcenta
3193 603 3402 671 negotia
3428 603 3775 668 facesserent.

2194 693 2252 738 ut
2275 699 2474 741 muscae
2501 687 2829 756 vulneribus,
2855 690 2936 746 sic
2958 693 3212 747 continue
3237 694 3473 763 ipsorum
3505 697 3775 752 calamita-

2192 776 2333 830 tibus
2361 777 2688 834 insistentes.
2721 781 2830 837 Hos
2858 781 3019 851 igitur
3058 784 3220 841 ducet
3258 785 3422 853 Deus;
3460 804 3564 844 nec
3600 798 3781 847 tamen

2192 865 2348 931 dixit,
2377 867 2562 934 Ducet,
2592 869 2685 926 sed
2708 872 2964 941 Sibitabit,
2987 873 3294 930 facilitatem
3320 892 3577 934 ascensus
3597 889 3782 936 ostenÂ»

2193 956 2348 1023 dens,
2394 967 2450 1014 et
2498 961 2962 1032 inexpugnabilem
3007 965 3103 1020 Dei
3157 969 3477 1036 potentiam,
3531 972 3785 1042 quodque

2193 1046 2422 1102 sufficiat
2445 1059 2606 1104 nutus
2631 1052 2747 1120 ejus
2772 1061 2828 1107 ut
2851 1055 3029 1109 omnia
3057 1065 3364 1124 sequantur.
3396 1059 3689 1130 Meritoque
3712 1062 3787 1117 ab

2195 1137 2279 1192 bis
2299 1141 2658 1196 comminandi
2688 1143 2894 1197 initium
2922 1144 3068 1199 ducit
3094 1162 3212 1215 qua:
3233 1147 3341 1215 jam
3366 1151 3574 1218 experti
3602 1161 3784 1206 erant.

2193 1226 2263 1281 Et
2289 1229 2395 1298 api,
2419 1245 2531 1298 qua:
2552 1240 2625 1284 est
2647 1233 2700 1285 in
2721 1243 2852 1287 terra
2871 1235 3217 1305 Assyriorum.
3241 1237 3406 1308 Syrus
3426 1255 3480 1295 et
3499 1241 3782 1308 Hebraeus,

2195 1328 2255 1374 ut
2279 1321 2445 1376 aiunt.
2488 1337 2591 1378 non
2625 1323 2839 1391 dicunt,
2871 1327 3011 1395 Apes
3031 1369 3046 1390 .
3073 1329 3189 1395 sed,
3219 1329 3497 1388 Crabroues
3516 1333 3618 1406 (Î±).
3647 1335 3785 1402 Quia

2195 1413 2337 1468 enim
2365 1429 2472 1468 non
2497 1417 2616 1470 illos
2642 1417 2816 1473 adhuc
2835 1418 3121 1474 admodum
3151 1423 3356 1490 experti
3387 1433 3562 1492 erant,
3591 1426 3788 1484 insecti

2196 1502 2357 1573 hujus
2386 1506 2617 1576 imagine
2643 1507 2695 1562 in
2725 1508 3049 1565 anxietatem
3083 1511 3202 1566 illos
3234 1512 3503 1583 ingentem
3525 1517 3786 1586 conjicie-

2198 1592 2307 1657 bat,
2343 1593 2470 1650 hinc
2508 1595 2788 1652 declarans
2827 1599 3037 1655 illorum
3065 1599 3481 1669 vehementiam,
3512 1607 3786 1676 pungendi

2199 1684 2304 1739 vim
2333 1693 2491 1755 atque
2519 1688 2817 1757 pugnandi,
2848 1689 3131 1746 vulnerum
3175 1693 3550 1760 acerbitatem,
3580 1696 3787 1750 veloci-

2201 1785 2363 1831 tatem
2406 1777 2663 1834 adventus
2688 1821 2705 1848 ,
2749 1795 2808 1836 se
2849 1781 2917 1837 ab
2946 1783 3025 1838 eis
3056 1784 3236 1838 tuendi
3274 1784 3660 1844 difficultatem.
3693 1790 3786 1845 19.

2200 1867 2271 1922 Et
2297 1871 2491 1924 venient
2518 1881 2564 1926 et
2590 1873 2892 1942 requiescent
2929 1890 3102 1929 omnes
3141 1875 3195 1929 in
3225 1877 3433 1932 uallibus
3456 1880 3711 1951 regionis,
3739 1890 3788 1935 et

2199 1962 2252 2014 in
2280 1961 2612 2030 foraminibus
2649 1975 2938 2034 petrarum,
2985 1976 3032 2020 et
3071 1968 3123 2021 in
3165 1969 3448 2038 speluncis,
3495 1982 3544 2024 et
3572 1973 3622 2025 in
3648 1973 3791 2026 omni

2203 2052 2407 2120 ï¬ssura,
2439 2062 2485 2107 et
2522 2053 2576 2108 iu
2605 2056 2741 2110 omni
2786 2057 2942 2127 ligno.
2977 2056 3256 2112 Enarratis
3280 2059 3515 2128 gentium
3544 2068 3749 2116 terrore
3768 2103 3788 2128 ,

2202 2142 2574 2213 exercitusque
2630 2146 2938 2211 celeritate,
2993 2147 3386 2203 multitudinem
3433 2148 3647 2203 demum
3699 2166 3792 2208 re-

2203 2241 2404 2287 censet.
2429 2233 2543 2288 Non
2578 2234 2732 2302 dixit,
2747 2235 3294 2303 Castrametabuntur,
3307 2238 3420 2305 sed,
3438 2239 3790 2310 Requiesceun

2206 2338 2379 2392 neque
2405 2334 2658 2380 venturos
2683 2329 2831 2396 quasi
2852 2328 2917 2382 ad
2941 2329 3190 2383 hostilem
3210 2330 3503 2399 regionem,
3523 2332 3615 2385 sed
3638 2333 3793 2401 quasi

2205 2413 2261 2467 in
2293 2416 2505 2485 propria
2533 2416 2738 2471 deliciis
2758 2433 2818 2472 se
2841 2417 3137 2485 dedituros,
3160 2421 3308 2488 quasi
3333 2421 3477 2474 nullo
3498 2420 3680 2474 labore
3707 2421 3793 2476 vel

2206 2504 2582 2576 defatigatione
2611 2516 2824 2578 egeant,
2855 2509 2949 2564 sed
2977 2510 3126 2580 quasi
3157 2511 3222 2565 ad
3250 2521 3448 2566 certam
3479 2512 3753 2567 victoriam
3773 2553 3796 2580 ,

2208 2604 2263 2650 et
2288 2607 2519 2666 paratam
2551 2599 2802 2668 prtedam.
2827 2598 3032 2656 Idcirco
3055 2602 3147 2666 ait,
3175 2599 3383 2654 Venient
3404 2612 3448 2656 et
3467 2605 3794 2672 requiescens,

2209 2686 2351 2756 quod
2382 2689 2612 2744 victores
2654 2690 2888 2756 indicat,
2938 2699 3199 2761 tropazum
3244 2694 3545 2763 erigentes,
3590 2703 3646 2750 et
3679 2704 3800 2764 post

2210 2778 2438 2832 multum
2495 2779 2745 2833 sudorem
2797 2781 3100 2851 multasque
3147 2782 3325 2838 emdes
3375 2785 3796 2854 requieseentes.

2209 2867 2391 2938 Neque
2420 2867 2475 2923 in
2501 2871 2786 2939 campestri
2817 2872 2988 2926 solum
3021 2873 3140 2927 loco
3166 2874 3532 2943 requiescent;
3554 2876 3648 2931 sed
3673 2877 3798 2947 quia

2211 2958 2473 3015 innuensa
2519 2971 2644 3015 sunt
2685 2962 3004 3030 multitudo,
3051 2978 3157 3018 non
3198 2979 3367 3034 capax
3400 2966 3502 3020 erit
3543 2969 3690 3037 regio
3720 2977 3800 3024 tot

2212 3065 2520 3120 carporum,
2551 3053 2646 3108 sed
2664 3054 2851 3120 valles,
2869 3065 3055 3123 petrae,
3083 3066 3313 3123 montes,
3340 3058 3527 3124 saltus,
3546 3070 3599 3114 et
3619 3065 3800 3114 omnia

2213 3145 2534 3216 obtegentur
2571 3146 2922 3204 barbarorum
2972 3151 3309 3220 corporibus.
3339 3151 3669 3221 Quamquam
3697 3156 3800 3209 etsi

2214 3252 2321 3293 non
2347 3247 2448 3294 tam
2475 3238 2679 3295 feroces
2701 3240 2940 3306 fuissent,
2958 3256 3128 3312 neque
3148 3244 3226 3296 sic
3254 3253 3504 3314 superatu
3523 3243 3702 3300 faciles
3724 3246 3802 3315 (á½)

2217 3338 2369 3384 erant
2390 3371 2404 3394 ,
2450 3331 2733 3386 multitudo
2762 3332 2957 3402 quippe
2993 3332 3290 3389 sufficiebat
3315 3334 3379 3388 ad
3409 3335 3531 3390 illos
3557 3346 3804 3392 conster-

2217 3420 2698 3490 nendoszquando
2742 3430 2919 3477 autem
2959 3432 3247 3494 utrumque
3289 3424 3508 3492 aderat,
3556 3435 3612 3482 et
3658 3436 3804 3483 tanta

2219 3511 2533 3576 multitudo,
2565 3522 2619 3567 et
2647 3523 2751 3566 tam
2795 3514 2982 3582 ingens
3015 3516 3249 3583 potentia
3269 3556 3284 3582 ,
3314 3525 3367 3572 et
3394 3518 3534 3586 quod
3564 3519 3806 3575 omnium

2216 3601 2590 3671 gravissimum
2619 3612 2721 3667 est,
2755 3604 2830 3656 ira
2865 3604 2958 3658 Dei
2989 3606 3286 3660 exercitum
3313 3605 3532 3673 ducens,
3562 3624 3680 3677 quae
3709 3608 3808 3666 deo

2220 3710 2364 3749 nium
2393 3710 2516 3764 spes
2554 3696 2772 3750 salutis?
2804 3696 2933 3750 Illud
2961 3713 3091 3752 vero
3112 3739 3127 3765 ,
3157 3696 3224 3751 In
3266 3699 3403 3753 omni
3433 3701 3648 3768 ï¬ssura,
3678 3711 3728 3756 et
3754 3705 3808 3757 in

2223 3786 2358 3838 omni
2391 3785 2528 3854 ligno
2553 3826 2568 3852 ,
2615 3785 2958 3856 hyperbolice
2993 3787 3194 3842 dictum
3223 3799 3327 3844 est.
3355 3790 3539 3860 Neque
3573 3793 3716 3848 enim
3754 3794 3808 3852 in

2221 3876 2504 3931 arboribus
2533 3887 2684 3931 erant
2712 3878 2946 3946 requiem
2984 3881 3224 3948 capturi;
3258 3881 3351 3935 sed
3381 3883 3559 3948 simul,
3589 3893 3647 3938 ut
3673 3884 3807 3941 dixi.

2221 3969 2568 4040 hyperbolen]
2599 3969 2826 4024 obscure
2852 3969 3121 4035 adhibuit,
3172 3983 3226 4025 et
3270 3972 3324 4025 in
3354 3975 3664 4042 metaphora
3688 3991 3808 4030 cra-

2222 4061 2450 4115 bronum
2479 4060 2690 4115 mansit.

2295 4153 2387 4207 Ira
2410 4153 2503 4206 Dei
2527 4153 2790 4207 novacula.
2817 4183 2887 4194 â€”
2911 4153 3002 4209 20.
3046 4152 3114 4206 In
3149 4154 3229 4207 die
3264 4155 3354 4208 illa
3387 4155 3528 4209 radet
3556 4155 3807 4212 Dominus

2225 4245 2475 4299 novacula
2517 4246 2782 4299 inebriato.
2832 4245 3107 4300 Timorem
3158 4261 3253 4314 per
3289 4248 3554 4302 exercitus
3597 4257 3806 4303 auctum

2226 4352 2437 4390 rursum
2476 4336 2784 4404 amplificat,
2813 4336 2878 4389 ad
2918 4337 3110 4390 cadum
3132 4349 3431 4392 sermonem
3464 4338 3806 4406 Î¹Ï„Î¸Î·ÎµÎ¹á¿“ÎµÏ‰Î·Ï‚,

2227 4428 2625 4497 ostendensque
2655 4443 2760 4482 non
2804 4428 3061 4482 barbaros
3099 4428 3356 4497 quosdam
3397 4428 3676 4499 JEgyptios
3717 4441 3811 4489 aut

2229 4520 2439 4583 Persas,
2472 4519 2564 4574 sed
2595 4521 2756 4574 Deum
2780 4533 2898 4575 esse
2923 4521 3011 4590 qui
3040 4519 3242 4575 Judreis
3263 4521 3458 4576 bellum
3497 4522 3676 4579 infert.
3702 4525 3812 4579 No-

2228 4612 2471 4665 vaculam
2522 4620 2698 4665 autem
2743 4612 2827 4666 hic
2856 4623 3011 4666 vocat
3059 4612 3448 4666 intolerandam
3489 4613 3606 4681 ejus
3654 4616 3808 4682 iram,

2229 4721 2385 4774 quam
2418 4721 2574 4760 nemo
2606 4706 2745 4760 ferre
2765 4706 2954 4775 possit,
2984 4705 3139 4761 facile
3169 4706 3504 4764 invadentem
3540 4719 3595 4766 et
3622 4726 3814 4767 consu-

2233 4806 2486 4850 meutcm.
2514 4796 2972 4862 Quemadmodum
2991 4799 3133 4851 enim
3164 4798 3253 4867 pili
3279 4800 3518 4868 corporis
3540 4805 3814 4858 novaculae

2233 4890 2400 4943 aciem
2436 4905 2541 4942 non
2588 4891 2870 4957 sustinent,
2900 4890 3009 4959 sed
3037 4892 3217 4945 statim
3249 4891 3446 4947 cedunt
3488 4901 3544 4948 et
3569 4896 3766 4950 abeunt
3795 4913 3815 4958 Îµ

2234 4984 2310 5036 sic
2336 4993 2390 5037 et
2417 4998 2502 5036 res
2522 4983 2753 5038 Iudaica:
2782 4986 2911 5039 iram
2943 4984 3088 5039 illam
3127 5001 3156 5038 a
3186 4986 3298 5041 Deo
3331 4987 3622 5043 immissam
3654 5005 3814 5044 num-

2235 5093 2389 5145 quam
2421 5077 2790 5142 sustinuerint,
2830 5077 2924 5130 ait.

2306 5167 2357 5222 9.
2401 5168 2666 5222 Novacula
2695 5168 2854 5236 igitur
2893 5168 3152 5223 iuebriata
3193 5170 3457 5238 vigentem
3502 5170 3817 5240 plenamque

2239 5261 2328 5314 Dei
2359 5260 2510 5325 iram,
2542 5258 2970 5328 completamque
3014 5261 3333 5313 sententiam
3379 5260 3530 5315 nobis
3560 5260 3814 5317 declarat.

2237 5352 2388 5416 Quod
2440 5361 2614 5405 autem
2671 5351 2746 5405 ait
2778 5365 2792 5403 :
2823 5349 2989 5405 Trans
3041 5352 3231 5419 ï¬‚umen
3284 5350 3413 5420 regis
3458 5350 3816 5422 Assyriorum,

2298 5547 2370 5607 (a)
2406 5553 2514 5593 Haec
2537 5551 2675 5593 certe
2700 5543 2761 5590 ab
2800 5543 3041 5607 imperitis
3087 5541 3284 5590 edidicit
3307 5540 3687 5606 Chrysostomus.
3711 5554 3819 5599 Nam

2237 5631 2284 5680 in
2310 5603 2511 5680 Hebraeo
2534 5627 2715 5692 legitur
2752 5603 2998 5689 rma-rbi,
3026 5630 3070 5673 et
3088 5621 3188 5687 api.

2303 5719 2371 5778 (b)
2407 5718 2458 5765 In
2492 5728 2679 5774 Graeco.
2714 5729 2804 5777 Î¼Î·Î´á½¶
2838 5731 2930 5772 Î¿á½•Ï„Ï‰
2962 5730 3106 5782 á¿¥á¾´Î´Î¹Î¿Î¹.
3141 5719 3368 5768 Libenter
3411 5720 3604 5768 credam
3647 5719 3823 5781 aliquid

2239 5788 2435 5841 dcc-sse,
2457 5789 2506 5830 ct
2529 5782 2784 5832 divinando
2804 5782 2961 5834 locum
2977 5785 3141 5834 latine
3171 5791 3463 5833 convertere
3486 5792 3679 5832 coactus
3697 5794 3820 5831 sum.
