4048 6504
285 414 357 471 87
1343 414 1346 418 “
1573 409 1642 465 ΙΝ
1676 408 1857 464 ISAIA

1980 407 2131 465 CAP.
2172 408 2285 465 VII.
3444 429 3523 487 88

274 521 417 587 Θεὸς
439 520 535 575 ἐπὶ
575 522 671 585 σὲ,
701 521 801 578 καί
829 522 930 576 ἐπὶ
956 524 1064 577 τὸν
1094 526 1248 578 λαόν
1281 541 1420 592 σου,
1459 528 1553 581 καί
1606 529 1706 581 ἐπί
1738 529 1845 582 τὸν

270 602 440 658 οἷκον
468 603 576 657 τοῦ
621 607 842 673 πατρός
885 622 1000 661 σου
1029 608 1274 676 ἡμέρας,
1300 611 1363 662 αἳ
1392 610 1555 663 οὔπω
1594 612 1841 678 ἥκασιν.

267 689 369 757 ἀφ’
399 684 474 758 ἧς
500 689 724 757 ἡμέρας
776 691 1023 760 ἀφεῖλεν
1059 693 1301 762 Ἑφραῖμ
1352 694 1466 747 ἀπὸ
1519 694 1713 748 Ἰούδα
1740 696 1846 750 τὸν

265 772 533 837 βασιλέα
562 773 682 826 τῶν
708 775 1050 843 Ἀσσυρίων.
1076 777 1172 829 Διά
1203 778 1310 844 γὰρ
1337 777 1542 831 τούτων
1570 779 1676 831 τῶν
1709 779 1847 848 βαρ-

271 852 457 925 ϐάρων
477 855 573 925 τὴν
613 855 797 924 ἔφοδον
840 858 1004 928 δηλοῖ,
1041 859 1106 911 δι’
1144 855 1212 929 ἦς
1244 861 1341 930 τὴν
1367 860 1520 913 πόλιν
1555 860 1849 933 πρόρριζον

274 937 607 1001 ἀνέσπασαν,
644 940 735 991 καὶ
756 939 1008 1003 λαϐόντες
1040 941 1234 1004 αὐτοὺς
1272 943 1646 1011 αἰχμαλώτους
1678 944 1850 1013 ἀπῆλ-

277 1015 389 1071 θον.
410 1019 518 1072 Καὶ
533 1020 784 1088 προλέγει
804 1021 993 1088 ταῦτα,
1010 1024 1107 1092 οὐχ
1124 1024 1208 1077 ἵνα
1221 1024 1442 1094 γένηται
1464 1064 1476 1086 ,
1493 1023 1610 1096 [85]
1628 1024 1740 1077 ἀλλ’
1763 1026 1849 1078 ἵνα

275 1098 355 1167 τῷ
389 1099 539 1171 φόϐῳ
569 1102 845 1171 γενόμενοι
869 1107 1315 1176 σωφρονέστεροι,
1345 1106 1443 1177 τὴν
1467 1106 1695 1175 ἀπειλὴν
1711 1108 1849 1159 ἀπο-

274 1181 632 1251 κρούσωνται.
677 1185 890 1255 Ἐπειδὴ
922 1187 979 1240 δέ
1025 1187 1148 1241 οὐτε
1181 1189 1286 1243 ὑπὸ
1318 1190 1424 1243 τῶν
1475 1190 1745 1261 χρηστῶν,
1773 1183 1850 1243 ὧν

278 1264 409 1334 παρ’
441 1263 595 1329 ἀξίαν
620 1266 957 1337 ἀπήλαυσαν,
985 1270 1230 1337 ἐγένοντο
1251 1272 1489 1341 βελτίους
1513 1274 1612 1341 (ὅτι
1635 1273 1691 1325 δέ
1717 1273 1849 1342 παρ’

277 1346 436 1411 ἀξίαν
455 1348 797 1417 ἀπήλαυσαν,
834 1351 1030 1416 ἔδειξεν
1056 1355 1089 1423 ή
1112 1354 1303 1425 γνώμη
1338 1355 1431 1409 τοῦ
1465 1354 1726 1423 βασιλέως
1755 1358 1851 1410 καὶ

273 1426 316 1493 ἢ
338 1428 746 1500 ὑπερϐάλλουσα
770 1432 1041 1505 ἀπιστία),
1081 1434 1203 1489 οὐτε
1236 1439 1301 1507 τῇ
1334 1438 1530 1507 ἀπειλῇ
1563 1438 1672 1490 τῶν
1692 1438 1851 1507 φοϐε-

279 1510 392 1580 ρῶν
415 1511 818 1581 μετεϐάλλοντο,
846 1516 982 1569 ἀλλά
1008 1518 1143 1588 πρὸς
1176 1519 1433 1591 ἑκάτερον
1465 1521 1560 1591 τῆς
1584 1521 1851 1588 ὠφελείας

276 1591 342 1644 τὸ
389 1592 677 1663 φάρμακον
728 1596 1061 1668 ἀντέστησαν
1110 1599 1379 1668 χαλεπῶς,
1423 1603 1617 1669 ἐπάγει
1668 1602 1852 1655 λοιπὸν

282 1672 578 1745 βαθυτέραν
610 1676 707 1744 τήν
746 1680 938 1750 τομὴν,
990 1680 1086 1751 τήν
1120 1682 1388 1751 σηπεδόνα
1418 1684 1722 1753 ἐκτέμνων,
1758 1684 1852 1737 καὶ

277 1756 409 1835 τοὺς
456 1758 649 1813 ἀνίατα
682 1760 967 1824 νοσοῦντας
1004 1764 1302 1816 ἐκκόπτων.
1336 1764 1399 1817 Τί
1431 1765 1488 1818 δέ
1520 1768 1688 1829 ἐστιν,
1735 1766 1850 1835 Ἀφ’

278 1834 358 1907 ἧς
399 1839 619 1908 ἡμέρας
661 1843 908 1910 ἀφεῖλεν
952 1846 1199 1915 Ἐφραίμ
1230 1847 1347 1901 ἀπὸ
1387 1848 1580 1902 Ἰούδα
1610 1850 1718 1902 τὸν
1733 1850 1853 1913 ,βα-

279 1919 460 1973 σιλέα
506 1921 625 1975 τῶν
690 1925 1060 1991 Ἀσσυρίων;
1132 1928 1397 1998 Ἐπῆλθον
1445 1930 1495 1981 οί
1552 1929 1849 2001 βάρϐαροι.

281 2000 489 2065 πάντας
540 2004 737 2068 αὐτοὺς
783 2007 1215 2078 ἀναρπασόμενοι
1244 2027 1260 2043 ο
1305 2010 1420 2065 ἀλλ’
1479 2000 1709 2079 ἀφέντες
1736 2000 1853 2065 ίτδν

288 2084 483 2148 Ἰούδα,
521 2086 612 2137 καὶ
663 2087 761 2151 τάς
796 2088 887 2140 δύο
940 2090 1131 2157 φυλὰς,
1186 2092 1498 2163 ἐτράπησαν
1562 2091 1703 2146 κατὰ
1758 2091 1851 2146 τοῦ

292 2164 522 2237 Ἰσραήλ.
588 2169 653 2222 ’0
710 2170 885 2223 τοίνυν
935 2172 1112 2240 λέγει,
1157 2174 1311 2226 τοῦτό
1360 2176 1537 2226 ἐστιν·
1584 2174 1715 2227 Ἀπὸ
1754 2174 1853 2244 τῆς

288 2248 496 2318 ήμέρας
541 2250 771 2319 ἐκείνης,
805 2254 896 2322 ἀφ’
936 2249 1003 2324 ἧς
1032 2256 1089 2307 at
1138 2255 1268 2307 δέκα
1306 2255 1469 2323 φυλαὶ
1496 2256 1629 2325 πρὸς
1656 2256 1854 2320 ἐαυτάς

285 2329 671 2396 ἐφελκύσονται
716 2333 775 2385 τὸ
817 2334 922 2387 τῶν
954 2335 1241 2405 βαρϐάρων
1276 2339 1656 2409 στρατόπεδον,
1698 2338 1852 2408 ὑμῶν

284 2412 709 2483 ἀποστήσαντες,
742 2417 806 2485 τῇ
854 2415 953 2485 τῆς
1003 2417 1205 2480 οἰκείας
1254 2418 1524 2488 ἁμαρτίας
1562 2420 1853 2491 ὑπερϐολῇ,

281 2494 377 2546 καὶ
421 2496 541 2547 καθ’
590 2496 796 2549 ἐαυτῶν
846 2497 1172 2562 καλέσαντες
1227 2501 1423 2563 αὐτοὺς
1464 2501 1853 2571 ἀπενεχθῶσιν,

282 2575 379 2628 ἀπ’
426 2576 636 2646 ἐκείνης
684 2579 788 2647 χρὴ
822 2578 1112 2633 δεδοικέναι
1174 2581 1266 2635 καὶ
1321 2582 1601 2650 φοϐεῖσθαι
1650 2584 1852 2637 λοιπόν.

463 2658 570 2725 γὰρ
600 2660 981 2729 προϐαίνοντες
1020 2664 1112 2715 καί⁵
1140 2663 1225 2731 ἐφ’
1257 2664 1399 2733 ὑμᾶς
1427 2665 1667 2733 ἥξουσιν,
1700 2667 1748 2716 εἰ
1780 2666 1854 2736 μὴ

284 2740 770 2812 μεταϐἀλ[λ]οισθε.
798 2743 902 2795 Καί
923 2761 1103 2815 φησιν⁹
1141 2745 1271 2798 Ἀπὸ
1299 2747 1395 2816 τῆς
1416 2749 1627 2821 ἡμέρας
1645 2749 1856 2821 ἐκείνης

278 2821 472 2886 ἐπάξει
504 2824 719 2885 αὐτούς.
750 2825 822 2876 Οὐ
858 2826 964 2895 γὰρ
1013 2827 1147 2895 όμοῦ
1202 2827 1311 2880 τῶν
1357 2829 1703 2897 Ἰσραηλιτῶν
1747 2832 1856 2884 ἀπ-

281 2904 628 2975 ενεχθέντων,
671 2906 910 2959 κάκεῖνοι
953 2908 1216 2975 ἑάλωσαν,
1244 2909 1381 2963 ἀλλά
1412 2910 1616 2981 βραχὺς
1651 2914 1854 2983 μεταξὺ

276 2985 475 3054 γέγονε
504 2987 713 3056 χρόνος.

354 3154 425 3215 η’.
450 3150 514 3201 ’Ὁ
541 3150 717 3204 τοίνυν
740 3151 905 3219 λέγει,
924 3152 1081 3207 τοῦτό
1105 3156 1269 3220 ἐστιν,
1289 3157 1370 3210 ὅτι
1397 3161 1461 3227 τῇ
1483 3158 1649 3230 ψήφῳ
1672 3157 1856 3215 ἔκτοτε

282 3233 563 3301 ἐπήγαγεν
598 3232 663 3285 ἂν
687 3235 783 3295 τὰς
827 3237 1067 3305 ἡμέραςο
1104 3238 1217 3290 ἀλλ’
1249 3240 1507 3309 ἀνέμενεν
1528 3243 1556 3293 ὀ
1584 3242 1734 3305 Θεὸς,
1764 3245 1857 3297 καὶ

284 3314 678 3384 ἐμακροθὺμει,
725 3316 895 3369 καίτοι
940 3318 1037 3387 τῆς
1086 3318 1242 3383 ἀξίας
1292 3322 1401 3373 τῶν
1446 3324 1855 3393 ἁμαρτημάτων

284 3396 471 3450 ἔκτοτε
525 3396 857 3468 ἀπαιτούσης
912 3400 1008 3470 τὴν
1049 3402 1351 3471 τιμωρίαν*
1404 3406 1538 3476 ὅπερ
1590 3407 1854 3478 πολλαχοῦ

286 3482 461 3534 ποιεῖν
488 3481 663 3543 εἴωθε,
689 3482 786 3550 τῆς
805 3483 997 3553 κυρίας
1022 3486 1464 3558 παραγενομένης
1486 3490 1715 3560 ἡμέρας,
1736 3495 1859 3545 ἀνα-

286 3560 578 3615 ϐάλλεσθαι
621 3564 712 3615 καὶ
747 3564 1066 3617 ἀναδύεσθαι
1091 3584 1102 3598 ·
1136 3565 1164 3618 ὃ
1198 3569 1289 3619 καὶ
1331 3569 1428 3639 τῆς
1466 3572 1630 3623 αὐτοῦ
1673 3574 1860 3641 φιλαν-

288 3645 535 3715 θρωπίας
590 3648 885 3717 τεκμήριον
936 3649 1207 3718 μέγιστον,
1254 3652 1347 3703 καὶ
1398 3653 1495 3723 τῆς
1542 3655 1861 3725 ἀγνωμοσύ-

286 3745 387 3797 νης
414 3729 521 3781 τῶν
549 3728 645 3782 οὐκ
678 3730 972 3784 ἐθελόντων
1015 3734 1093 3794 είς
1127 3733 1243 3785 δέον
1270 3735 1434 3787 αὐτοῦ
1464 3737 1762 3806 κεχρῆσθαι
1792 3742 1857 3809 τῇ

292 3810 643 3880 μακροθυμίᾳ
671 3812 941 3877 ἀπόδειξις
969 3815 1297 3884 σαφεστάτη.
1334 3816 1503 3868 Τοῦτο
1535 3814 1626 3869 οὖν
1657 3821 1748 3872 καὶ
1776 3821 1860 3873 ἐν-

290 3892 471 3946 ταῦθά
513 3908 694 3961 φησιν,
738 3894 817 3945 ὅτι
864 3894 972 3946 ἀπὸ
999 3895 1121 3947 τότε
1169 3898 1200 3966 ή
1251 3898 1466 3966 ἀπειλὴ,
1526 3900 1634 3953 ἀπὸ
1676 3902 1859 3973 τότεὴ

288 3974 589 4048 ἀπόφασις,
604 3976 668 4028 ἐκ
711 3975 831 4027 τότε
861 3977 895 4045 ἡ
921 3975 1173 4046 θεήλατος
1206 3979 1365 4051 ὀργὴ,
1400 3982 1487 4034 ἵνα
1526 3983 1619 4035 ἐπὶ
1671 3984 1862 4055 Θύραις

289 4055 515 4124 ἀγαγὼν
558 4058 655 4125 τὴν
686 4057 976 4127 τιμωρίαν,
1012 4059 1339 4132 διαναστήσῃ
1378 4062 1516 4134 πρὸς
1548 4068 1861 4134 μετάνοιαν,

294 4138 536 4208 βελτίους
565 4140 885 4211 ἐργάσηται,
916 4142 1009 4194 καὶ
1036 4144 1174 4212 μετά
1195 4145 1294 4212 τὴν
1320 4146 1542 4199 ἐκείνων
1578 4148 1779 4201 ἅλωσιν
1804 4151 1862 4203 ἐν

292 4224 505 4294 ἀγωνίᾳ
527 4226 865 4296 καταστήσῃ,
893 4225 1050 4295 μηδὲ,
1088 4227 1275 4296 ἐπειδὴ
1301 4230 1353 4280 οἰ
1407 4230 1506 4296 μὲν
1552 4230 1863 4303 ἀπηνέχθη-

296 4325 420 4370 σαν,
444 4310 493 4361 οἰ
520 4308 575 4361 δέ
623 4307 893 4376 διέφυγον,
947 4307 1307 4380 ῥαθυμότεροι
1360 4311 1529 4383 ταύτῃ
1576 4315 1859 4382 γένωνται.

297 4390 405 4446 Καὶ
455 4390 627 4444 ἔσται
676 4392 745 4444 ἐν
795 4389 871 4458 τῇ
910 4390 1101 4459 ἡμέρᾳ
1148 4391 1375 4459 ἐκείνῃ,
1416 4395 1617 4461 συριεῖ
1650 4399 1864 4465 Κύριος

291 4474 515 4542 μυίαις,
539 4473 601 4524 αῖ
612 4473 998 4540 κυριεύσουσι
1017 4474 1237 4541 μέρους
1255 4476 1523 4545 ποταμοῦ
1540 4480 1861 4548 Αἰγύπτου.

302 4556 471 4628 Ὃρᾷς
506 4554 581 4617 ὡς
606 4556 667 4607 οὐ
723 4555 896 4624 μάτην
930 4555 1136 4623 ελεγον,
1171 4557 1254 4609 ὄτι
1284 4558 1375 4611 τὸν
1421 4559 1582 4627 φόϐον
1633 4560 1866 4631 αὐξῆσαι

299 4640 638 4709 βουλόμενος,
686 4639 792 4691 ἀπὸ
845 4640 943 4708 τῆς
977 4639 1186 4709 ἡμέρας
1216 4641 1428 4711 ἐκείνης
1458 4643 1687 4697 ἐπισείει
1717 4657 1741 4686 ι
1769 4646 1867 4716 τὴν

297 4722 560 4792 ἀπειλήν;
602 4721 680 4774 Ta
701 4721 831 4787 γοῦν
860 4723 985 4793 ἑξῆς
1026 4722 1182 4776 τοῦτο
1219 4724 1388 4794 δηλοῖ,
1424 4726 1490 4779 δι’
1527 4720 1602 4781 ὧν
1647 4729 1866 4799 ἐπαίρει

291 4804 388 4859 τὸν
421 4804 586 4871 φόϐον
628 4804 705 4872 τῷ
733 4804 894 4872 λόγῳ,
921 4805 1014 4856 καὶ
1042 4805 1110 4855 τὰ
1145 4807 1480 4874 στρατόπεδα
1511 4809 1695 4872 αὐτοῖς
1732 4811 1867 4880 δῆλα

297 4885 490 4947 ποιῶν,
524 4886 667 4955 ἀπερ
696 4883 763 4953 ἦν
811 4888 1014 4947 αὐτοῖς,
1038 4887 1412 4957 φοϐερώτατα,
1461 4891 1555 4942 καὶ
1579 4893 1677 4962 τὴν
1709 4893 1866 4945 εὐκο-

305 4970 429 5023 λίαν
458 4969 557 5037 τῆς
613 4969 802 5036 ἐφόδου
851 4967 1045 5035 δηλῶν,
1084 4969 1113 5021 ὁ
1161 4969 1279 5038 μεθ’
1303 4972 1611 5041 ὑπερϐολῆς
1670 4975 1867 5039 αὐτοὺς

300 5054 572 5115 κατέσειε,
598 5051 657 5103 τὸ
684 5050 885 5119 πλῆθος
905 5051 933 5091 1³
957 5055 1055 5123 τῆς
1094 5056 1352 5122 στρατιᾶς
1376 5056 1676 5125 ἐμφαίνων,
1709 5058 1737 5110 δ
1768 5060 1869 5128 μά-

301 5138 458 5189 λιστα
484 5133 659 5188 αὐτῶν
681 5134 933 5203 ἐξέστησε
963 5134 1062 5202 τὴν
1085 5134 1320 5189 διάνοιαν
1339 5154 1352 5166 '
1374 5138 1548 5191 ταῦτα
1574 5139 1631 5193 δέ
1653 5139 1869 5194 ἅπαντα

300 5218 390 5273 διὰ
412 5218 519 5270 τῶν
565 5216 689 5285 ἐξῆς
723 5216 960 5287 ᾐνίξατο.
995 5218 1195 5270 Σκόπει
1226 5219 1313 5271 δέ·
1346 5222 1453 5275 Καὶ
1496 5221 1667 5276 ἔσται
1696 5224 1765 5276 ἐν
1794 5223 1870 5292 τῇ

304 5302 495 5371 ἡμέρᾳ
530 5300 751 5367 ἐκείνῃ,
793 5302 945 5368 φησί,
987 5301 1185 5367 συριεῖ
1220 5303 1436 5371 Κύριος
1462 5306 1685 5373 μυίαις.
1753 5308 1871 5361 Ἑν-

303 5385 477 5439 ταῦθα
512 5383 671 5453 μυίας
720 5385 844 5445 τοὺς
876 5384 1202 5451 Αἰγυπτίους
1234 5386 1479 5449 ἐκάλεσε,
1510 5388 1597 5441 διὰ
1624 5389 1685 5442 τὸ
1714 5392 1870 5444 ἀναι-

302 5467 388 5531 δὲς
419 5465 513 5518 καὶ
542 5464 913 5533 ἀναίσχυντον,
950 5464 1044 5517 καὶ
1072 5466 1151 5517 ὅτι
1184 5468 1421 5537 συνεχῶς
1462 5470 1869 5542 διακρουόμενοι

304 5547 547 5619 συνεχῶς
589 5546 841 5617 ἐπῄεσαν,
887 5548 980 5601 καὶ
1026 5547 1145 5600 οὐδὲ
1198 5550 1388 5621 μικρὸν
1448 5552 1703 5607 ἀναπνεῖν
1743 5573 1869 5607 συνο

303 5632 563 5702 εχώρουν,
615 5630 750 5683 ἀλλά
807 5632 974 5700 μυρία
1031 5634 1289 5701 παρεῖχον
1350 5635 1531 5686 αὐτοῖς
1571 5640 1871 5709 πράγματα

365 5804 395 5832 ⁸
417 5802 539 5861 Reg.
571 5802 795 5855 ἐπιθήσει.

366 5863 494 5933 bfjc
516 5862 685 5910 Morel.
709 5862 964 5933 et‘Bav‘ar.
989 5874 1011 5932 ;_
1030 5861 1151 5922 Reg.
1177 5866 1231 5911 et
1273 5864 1447 5919 Savil..
1492 5867 1547 5916 τὸ
1584 5867 1725 5932 ξίφος,
1765 5871 1871 5933 ipso

306 5924 490 5977 Samio
511 5928 819 5987 proponenle
850 5921 905 5968 τὸ
935 5921 1116 5983 στῖφος.

626 6014 901 6075 Ιδλτιιοι.
947 6008 1063 6071 Gn.
1109 6006 1261 6067 LVI.

1954 529 2230 593 πολλάκις,
2281 527 2529 598 καθάπερ
2567 528 2622 581 αἱ
2681 529 2831 600 μυῖαι
2882 528 2993 590 τοῖς
3023 526 3350 598 τραύμασιν,
3382 526 3525 582 οὕτω

1952 610 2212 680 διηνεκῶς
2256 612 2378 673 ταῖς
2416 611 2620 663 τούτων
2661 608 3004 681 ἐφιζάνοντες
3036 612 3360 680 συμφοραῖς.
3394 611 3524 664 Τοῦ-

1952 710 2076 756 τους
2112 690 2204 747 οὖν
2251 692 2427 758 ἐξειο,
2485 695 2667 764 φησὶν,
2699 695 2728 745 ὁ
2790 693 2942 749 Θεός.
3005 691 3141 745 Ἀλλ’
3187 692 3287 745 οὐκ
3349 687 3523 758 εἶπεν,

1949 774 2131 839 Αὔξει,
2161 774 2320 838 ἀλλά,
2347 774 2561 842 Συριεῒ,
2593 775 2691 846 τὴν
2725 775 2973 828 εὐκολίαν
3001 775 3279 846 ἐμφαίνων
3311 774 3410 844 τῆς
3432 776 3527 827 ἀν-

1950 856 2090 923 όδου,
2114 858 2209 911 καὶ
2239 857 2300 911 τὸ
2335 859 2545 927 ἄμαχον
2564 858 2660 927 τῆς
2699 857 2793 911 τοῦ
2822 857 2957 911 Θεοῦ
2981 858 3282 928 δυνάμεως,
3317 876 3407 911 και
3442 858 3527 911 ὅτι

1949 941 2110 1010 ἀρκεῖ
2122 939 2306 993 νεῦσαι
2326 940 2500 1011 μόνον,
2519 941 2611 995 καὶ
2628 940 2801 994 πάντα
2814 942 3024 994 ἐπεται.
3047 939 3163 1013 [86]
3182 942 3290 992 Καὶ
3303 941 3527 1002 εἰκότως

1951 1024 2059 1076 ἀπὸ
2075 1023 2278 1077 τούτων
2305 1024 2567 1095 πρότερον
2608 1024 2836 1095 ἄρχεται
2879 1025 2978 1094 τῆς
3010 1025 3257 1091 ἀπειλῆς,
3298 1018 3373 1077 ὧν
3421 1023 3524 1093 ῆδη

1952 1108 2148 1176 πεῖραν
2180 1106 2453 1177 εἰλήφασι.
2476 1105 2584 1159 Καί
2614 1105 2688 1173 τῇ
2716 1107 3006 1174 μελίσσῃ,
3026 1105 3065 1173 ἦ
3091 1107 3347 1159 ἐστινέν
3366 1106 3528 1174 χώρᾳ

1965 1187 2319 1257 Ἀσσυρίων.
2348 1189 2409 1243 '0
2446 1188 2616 1262 Σῦρος
2640 1192 2734 1243 καὶ
2764 1192 2792 1243 ὁ
2834 1188 3101 1261 Ἐϐραῖος,
3142 1188 3216 1252 ῶς
3253 1206 3437 1257 φασιν,
3463 1189 3524 1240 οὑ

1951 1268 2188 1337 λέγουσι,
2246 1270 2522 1341 μελίσσας,
2554 1272 2709 1335 ἀλλὰ,
2741 1272 2977 1342 σφῆκας.
3046 1270 3260 1340 Ἐπειδὴ
3308 1269 3416 1340 γάρ
3460 1271 3523 1322 οὐ

1955 1351 2160 1424 σφόδρα
2206 1352 2383 1406 αὐτῶν
2409 1350 2550 1424 ἦσαν
2579 1356 2636 1408 ἐν
2665 1356 2851 1426 πείρᾳ,
2893 1356 2960 1424 τῇ
3017 1353 3184 1407 εἰκόνι
3241 1354 3335 1405 τοῦ
3382 1350 3522 1416 ζώου

1953 1435 2033 1498 εἰς
2088 1435 2284 1505 πολλὴν
2318 1436 2515 1501 αὐτοὺς
2557 1438 2840 1491 ἐνέϐαλλεν
2886 1437 3144 1505 ἀγωνίαν,
3186 1435 3247 1488 τὺ
3297 1434 3521 1503 σφοδρὸν

1952 1518 2150 1579 αὐτῶν,
2222 1518 2283 1571 τὸ
2340 1520 2655 1591 πληκτικὸν,
2722 1522 2783 1574 τὸ
2831 1520 3147 1592 ἀμυντικὸν,
3210 1520 3269 1572 τὸ
3330 1517 3522 1587 πικρὸν

1952 1601 2060 1653 τῶν
2079 1602 2424 1672 τραυμάτων,
2464 1604 2526 1657 τὸ
2555 1604 2689 1674 ταχὺ
2718 1605 2815 1673 τῆς
2854 1602 3177 1672 παρουσίας,
3220 1601 3279 1654 τὺ
3318 1598 3523 1667 δυσφύ-

1952 1683 2148 1737 λακτον
2188 1684 2277 1739 διὰ
2300 1685 2391 1738 τοῦ
2420 1685 2558 1749 ζώου
2582 1686 2768 1739 τούτου
2798 1686 2991 1755 δηλῶν.
3014 1683 3125 1738 Καὶ
3145 1684 3522 1744 ἐλεύσονται,

1952 1765 2052 1819 καί
2084 1767 2533 1821 ἀναπαύσονται
2572 1768 2791 1833 πάντες
2831 1768 2900 1820 ἐν
2936 1766 3062 1830 ταῖς
3108 1764 3365 1835 φάραγξι
3414 1760 3526 1835 τῆς

1952 1847 2146 1917 χώρας
2174 1848 2274 1902 καί
2304 1850 2375 1902 ἐν
2399 1849 2529 1916 ταῖς
2547 1848 2833 1918 τρώγλιιις
2861 1847 2980 1902 τῶν
3013 1846 3260 1915 πετρῶν,
3305 1845 3402 1899 καί
3438 1847 3527 1910 είς

1953 1929 2025 1983 τὰ
2051 1930 2345 1996 σπήλαια,
2386 1932 2485 1984 καί
2514 1934 2601 1998 είς
2631 1930 2839 1986 πᾶσαν
2850 1929 3102 2000 ρατάόα,
3128 1928 3226 1982 καί
3256 1928 3326 1981 ἐν
3346 1925 3527 1980 παντὶ

1955 2011 2138 2075 ξύλῳ.
2176 2011 2361 2065 Εἰπὼν
2392 2013 2454 2066 τὸ
2486 2013 2714 2084 φοϐερὸν
2740 2012 2848 2065 τῶν
2872 2010 3060 2075 ἐθνῶν,
3086 2010 3178 2063 καὶ
3195 2010 3255 2062 τὸ
3276 2008 3526 2078 τάχιστον

1952 2096 2052 2159 τῆς
2085 2094 2392 2163 στρατείας,
2435 2095 2580 2163 λέγει
2610 2095 2706 2148 καὶ
2739 2094 2799 2148 τὸ
2825 2093 3027 2162 πλῆθος
3054 2090 3255 2145 λοιπόν.
3290 2089 3400 2143 Καὶ
3427 2090 3527 2141 οὐκ

1954 2169 2096 2237 εἶπε,
2166 2176 2747 2248 Στρατοπεδεῦσονται,
2815 2175 2969 2239 ἀλλὰ,
3033 2174 3524 2235 Ἀναπαύσονται,

1954 2256 2074 2309 οὐδὲ
2096 2257 2171 2319 ώς
2201 2260 2281 2321 εἰς
2310 2258 2573 2329 πολεμίαν
2622 2258 3007 2327 ἀφικνούμενοι
3050 2253 3252 2325 χώραν,
3293 2253 3408 2305 ἀλλ’
3450 2250 3527 2313 ὡς

1954 2339 2021 2407 τῇ
2050 2339 2229 2409 οἰκείᾳ
2266 2340 2659 2410 ἐντρυφῶντες,
2713 2340 2832 2392 οὐδέ
2886 2339 2961 2401 ὼς
3010 2336 3255 2406 καμάτου
3285 2335 3526 2404 δεόμενοι

1955 2421 2050 2472 καὶ
2072 2421 2257 2487 πόνου,
2290 2423 2404 2476 ἀλλ’
2426 2422 2501 2486 ὡς
2525 2424 2618 2475 ἐπὶ
2650 2420 2888 2492 φανερὰν
2917 2422 3317 2490 ἀπαντήσοντες
3348 2416 3524 2484 νίκην,

1954 2504 2051 2556 καὶ
2065 2505 2276 2573 ἕτοιμον
2296 2504 2587 2574 ληψόμενοι
2611 2506 2709 2574 τὴν
2732 2504 3006 2574 ἁρπαγήν.
3026 2502 3121 2554 Διά
3148 2500 3309 2555 τοῦτό
3340 2516 3523 2567 φησιν,

1968 2585 2349 2641 Ἐλεύσονται
2387 2586 2486 2637 καί
2522 2586 2995 2646 ἀναπαύσονται,
3037 2584 3065 2635 ὅ
3102 2583 3209 2635 τῶν
3242 2579 3524 2649 νενικηκό-

1954 2681 2061 2717 των
2113 2665 2247 2728 ἐστὶ,
2284 2670 2379 2717 καὶ
2420 2667 2679 2736 τρόπαιον
2726 2666 3057 2734 στησάντων,
3100 2665 3193 2716 καὶ
3246 2660 3385 2732 μετὰ
3435 2660 3526 2713 τὸν

1956 2744 2121 2798 πολὺν
2173 2746 2368 2816 ἱδρῶτα
2406 2748 2501 2800 καὶ
2546 2747 2644 2809 τὰς
2679 2747 2890 2815 σφαγὰς
2928 2745 3378 2814 ἀναπαυομένων.
3416 2743 3527 2795 Καὶ

1954 2828 2055 2880 οὐκ
2086 2828 2489 2882 ἀναπαῦσονται
2525 2830 2581 2881 ἐν
2618 2829 2819 2891 πεδίοις
2868 2829 3025 2899 μόνον
3047 2844 3061 2859 ο
3110 2827 3223 2881 ἀλλ’
3254 2824 3439 2896 ἐπειδὴ
3467 2824 3528 2876 τὸ

1957 2910 2158 2980 πλῆθος
2196 2911 2440 2983 ἄπειρον,
2465 2912 2493 2952 ἀ
2542 2913 2639 2982 οὐχ
2673 2913 2892 2983 ίκανὴή
2927 2911 3079 2982 χώρα
3120 2910 3369 2975 δέξασθαι
3421 2907 3529 2960 τῶν

1959 2992 2225 3061 σωμάτων
2272 2993 2363 3045 τὸν
2408 2993 2661 3064 ἀριθμὸν,
2708 2995 2801 3049 καὶ
2853 2995 3154 3066 φάραγγες,
3186 2993 3279 3045 καὶ
3310 2991 3524 3059 πέτραι,

1958 3074 2051 3126 καὶ
2089 3073 2209 3144 ὅρη,
2235 3075 2329 3127 καὶ
2364 3076 2555 3141 νάπαι,
2611 3076 2704 3128 καὶ
2748 3078 2925 3130 πάντα
2974 3076 3377 3145 καλυφθήσεται
3409 3074 3522 3134 τοῖς

1958 3155 2312 3226 βαρϐαρικοῖς
2336 3156 2571 3226 σώμασι.
2602 3158 2795 3211 Καίτοι
2828 3160 2873 3210 εί
2900 3159 2993 3211 καὶ
3021 3158 3092 3227 μὴ
3120 3156 3337 3225 σφοδροὶ
3358 3150 3523 3224 ἦσαν.

1960 3237 2093 3306 μηδέ
2147 3236 2289 3290 οὕτω
2334 3238 2525 3308 ῥᾴδιοι,
2563 3240 2719 3309 ήρκει
2766 3239 2828 3291 τὸ
2874 3239 3075 3307 πλῆθος
3120 3239 3316 3298 αὐτοὺς
3358 3252 3528 3287 κατα-

1957 3319 2186 3389 πλῆξαι·
2226 3321 2353 3373 ὃταν
2375 3319 2432 3372 δέ
2466 3320 2752 3391 ἀμφότερα
2781 3317 2839 3394 ᾖ,
2896 3321 3096 3391 πλῆθος
3133 3319 3407 3381 τοσοῦτον,
3434 3316 3529 3369 δύο

1956 3418 2115 3470 ναμις
2138 3413 2161 3441 ο
2208 3402 2531 3473 τηλικαύτη,
2569 3402 2664 3455 καὶ
2708 3403 2769 3455 τὸ
2807 3402 3022 3456 πάντων
3054 3401 3450 3472 χαλεπώτερον,
3495 3400 3530 3468 ἠ

1956 3484 2049 3535 τοῦ
2080 3484 2214 3537 Θεοῦ
2260 3486 2398 3556 ὀργὴ
2445 3484 2843 3555 στρατηγοῦσα,
2874 3485 3001 3538 ποία
3045 3484 3228 3537 λοιπόν
3268 3484 3380 3535 ἐστι
3428 3498 3533 3533 σω-

1957 3567 2149 3636 τηρίας
2199 3566 2385 3633 ἐλπίς;
2422 3566 2493 3620 Τὸ
2525 3567 2602 3630 δὲ,
2641 3569 2742 3631 Εἰς
2786 3566 2990 3620 πᾶσαν
3017 3566 3269 3634 ῥαγάδα.
3316 3565 3414 3616 καὶ
3462 3564 3533 3614 ὲν

1959 3647 2136 3701 ,παντί
2173 3648 2358 3713 ξύλῳ,
2403 3647 2777 3716 ὑπερϐολικῶς
2812 3648 3043 3718 εἴρηται.
3076 3647 3150 3699 Οὐ
3197 3646 3306 3715 γὰρ
3336 3646 3398 3711 δὴ
3440 3645 3533 3697 ἐπὶ

1958 3729 2068 3782 τῶν
2098 3730 2327 3801 δένδρων
2356 3729 2579 3799 ἔμελλον
2603 3729 2999 3795 ἀναπαύεσθαι,
3031 3730 3144 3783 ἀλλ’
3168 3730 3326 3799 ὁμοῦ,
3352 3728 3527 3781 καθάο

1961 3828 2066 3881 περ
2093 3807 2263 3876 εἷπον,
2296 3812 2388 3865 καὶ
2410 3812 2507 3882 τὴν
2534 3811 2840 3882 ὑπερϐολὴν
2856 3811 3099 3882 ᾐνίξατο,
3139 3810 3232 3863 καὶ
3267 3813 3333 3880 τῇ
3368 3827 3533 3875 μετα-

1962 3896 2103 3965 φορᾷ
2132 3894 2242 3947 τῶν
2272 3895 2497 3964 σφηκῶν
2527 3894 2817 3966 ἐνέμεινεν.

2045 4060 2148 4115 Ἐν
2186 4060 2258 4127 τῇ
2295 4060 2480 4127 ἡμέρᾳ
2511 4060 2709 4125 ἐκείνῃ
2728 4057 2974 4127 Ευρήσει
2993 4059 3203 4125 Κύριος
3223 4056 3301 4121 τῷ
3327 4055 3487 4125 ξυρῶ
3512 4055 3528 4093 ί

1962 4142 2043 4207 τῷ
2088 4142 2533 4211 μεμεθυσμένῳ.
2591 4140 2839 4210 Δύξήσας
2896 4141 2986 4194 τὸν
3061 4140 3219 4209 φόϐον
3268 4140 3375 4192 ἀπὸ
3428 4140 3535 4190 τῶν

1966 4224 2361 4295 στρατοπέδων,
2390 4223 2648 4276 ἐπιτείνει
2678 4224 2839 4277 πάλιν
2864 4224 3049 4287 αὐτὸν,
3080 4224 3170 4275 ἐπὶ
3200 4224 3291 4276 τὸν
3309 4223 3536 4293 οὐρανὸν

1963 4306 2056 4359 τὸν
2088 4306 2243 4373 λόγον
2296 4304 2533 4372 ἀνάγων,
2574 4304 2787 4367 δεικνὺς
2826 4307 2907 4359 δτι
2955 4306 3016 4359 οὐ
3075 4304 3339 4377 βάρϐαροί
3393 4321 3536 4366 τι-νες

1966 4388 2250 4456 Αἰγύπτιοι
2281 4387 2374 4440 καὶ
2399 4388 2623 4457 Πέρσαι,
2654 4386 2767 4441 ἀλλ’
2794 4389 2823 4441 ό
2854 4387 2988 4451 Θεός
3028 4390 3175 4441 ἐστιν
3209 4391 3236 4440 ὁ
3284 4387 3536 4456 πολεμῶν

1965 4475 2076 4533 τοῖς
2108 4468 2399 4532 Ἰουδαίοις.
2424 4466 2593 4540 Ξυρὸν
2613 4469 2669 4523 δέ
2688 4467 2917 4523 ἐνταῦθα
2936 4470 3034 4541 τὴν
3062 4471 3332 4537 ἀφόρητον
3367 4468 3537 4538 ὀργὴν

1966 4554 2129 4609 αὐτοῦ
2152 4570 2304 4623 φησι,
2321 4552 2417 4605 καὶ
2447 4552 2513 4621 ήν
2536 4552 2708 4615 οὐδεὶς
2740 4553 3034 4622 ὑποστῆναι
3064 4551 3372 4621 δυνήσεται,
3419 4551 3536 4621 μετ’

1968 4637 2215 4698 εὐκολίας
2250 4632 2507 4687 ἐπιοῦσαν
2527 4634 2621 4686 καὶ
2654 4634 3067 4687 ἀναλίσκουσαν.
3108 4634 3316 4705 Ὥσπερ
3343 4633 3453 4703 γὰρ
3481 4633 3539 4685 αὶ

1967 4720 2146 4790 τρίχες
2185 4715 2276 4771 τοῦ
2330 4715 2576 4785 σώματος
2615 4715 2708 4768 τοῦ
2760 4716 2921 4786 ξυροῦ
2958 4717 3055 4784 τὴν
3102 4717 3287 4788 ἀκμὴν
3330 4716 3431 4768 οὐκ
3472 4716 3539 4768 ἂν

1970 4802 2271 4868 ἐνέγκαιεν,
2301 4798 2413 4852 ἀλλ’
2438 4798 2675 4850 εῖκουσιν
2702 4798 2907 4861 εὐθέως
2956 4799 3050 4851 καλ¹
3082 4798 3533 4869 παραχωροῦσιν·

1968 4883 2109 4935 οὕτω
2142 4883 2204 4952 δὴ
2237 4882 2330 4934 καὶ
2370 4881 2437 4933 τὰ
2477 4880 2741 4933 Ἰουδαῖκά
2786 4882 3089 4951 πράγματα
3136 4881 3232 4952 τὴν
3283 4880 3542 4952 θεήλατον

1968 4967 2137 5037 ὀργὴν
2161 4966 2373 5035 ἐκείνην
2411 4965 2513 5017 οὐκ
2551 4964 2616 5018 ἀν
2639 4964 2927 5018 ὑποσταῖεν
2954 4981 3099 5027 ποτε,
3138 4965 3288 5033 φησί.

2041 5139 2105 5192 θ’.
2130 5138 2299 5209 Ξυρὸν
2320 5136 2499 5190 τοίνυν
2519 5134 2927 5205 μιμεθυσμένον
2943 5132 3040 5203 τήν
3055 5133 3428 5203 ἀκμάζουσαν,
3444 5142 3544 5205 την

1974 5221 2401 5293 μεμεστωμένην
2435 5219 2528 5271 τοῦ
2559 5217 2691 5270 Θεοῦ
2721 5217 2909 5288 ὀργήν,
2963 5218 3059 5287 τὴν
3103 5218 3543 5287 πεπληρωμένην

1971 5308 2241 5373 ἀπόφασιν
2300 5307 2428 5375 ἡμῖν
2469 5300 2821 5355 ἐνδείκνυται.
2870 5300 3064 5368 Πιέραν
3121 5301 3189 5353 δὲ
3228 5303 3334 5355 τοῦ
3367 5315 3545 5353 ποτα-

1967 5390 2086 5459 μοῦ
2115 5390 2420 5453 ,βασιλέως
2458 5384 2816 5452 Ἀσσυρίων,
2852 5383 2919 5435 τά
2946 5385 2969 5422 ⁸
3009 5384 3181 5453 πέραν
3211 5382 3305 5435 τοῦ
3329 5382 3546 5452 Εὐφρά-

2038 5567 2060 5595 ο
2086 5565 2235 5617 "ﬁta.
2264 5560 2381 5609 Cum
2403 5558 2583 5608 Savilio
2609 5560 2835 5608 existimo
2855 5559 2936 5607 hic
2964 5558 3226 5617 legendum
3252 5572 3361 5607 esse
3406 5560 3502 5611 ἄξει
3525 5573 3539 5606 :

1974 5625 2097 5675 infra
2113 5594 2239 5672 ζέξϊο
2264 5594 2803 5684 ἕτϐμαῦὲειιῖιιξεέδῖίύῐῶ.
2820 5594 2967 5667 ﬂigi?!)
2984 5594 3219 5684 άῖειῗυεξ
3244 5594 3375 5667 ἔοι-ὧ
3404 5594 3543 5668 c516

1976 5688 2127 5748 liquet
2154 5679 2374 5733 eamaem
2408 5679 2669 5743 ulmbicjue
2697 5693 2869 5731 vocem
2887 5694 2997 5731 esse
3018 5679 3308 5744 punendam.

2036 5747 2062 5785 ἀ
2099 5744 2247 5794 Savil.
2284 5744 2415 5791 addit
2439 5742 2538 5789 καί.

2099 5758 2247 5793 δανη.
2284 5758 2415 5791 30011.
2439 5758 2538 5789 και.

2040 5761 2062 5785 ιι
2099 5761 2247 5794 nam.
2284 5761 2415 5791 auau
2439 5761 2538 5789 και.

2040 5820 2064 5847 ο
2090 5808 2209 5867 Reg.
2238 5806 2317 5869 καὶ
2337 5806 2510 5869 πλῆθος
2528 5800 2757 5869 τοσοῦτον
2778 5804 2858 5869 καὶ
2880 5802 3082 5869 δύναμιὲ

2041 5868 2062 5905 ι
2087 5860 2220 5922 Hui.
2246 5866 2315 5925 τῷ
2338 5866 2476 5927 ξυρῷ,
2512 5864 2802 5927 expigerjmt
2826 5864 2872 5910 in
2896 5860 3015 5927 εσὶι.
3043 5860 3209 5909 Morel.
3240 5867 3444 5909 tantum.

2040 5932 2064 5971 Ι
2089 5928 2161 5979 Ila
2181 5922 2351 5977 Morel.
2385 5922 2604 5977 ét'Savil.
2628 5923 2683 5974 In
2706 5924 2827 5985 Reg.
2850 5922 2910 5970 τά
2930 5922 3090 5971 deest.

3181 5998 3217 6059 6
