4048 6454
250 435 326 491 39
1468 414 1533 471 IN
1572 412 1823 483 lSAlAM,
1862 410 2014 471 CAP.
2054 414 2186 474 Vill.
3412 452 3485 511 90

231 543 379 587 trans
406 529 728 601 Euphratem
761 527 1007 585 videlicet
1039 543 1053 581 :
1088 537 1143 583 ut
1175 535 1295 583 erat
1327 525 1509 582 Judaea
1550 535 1602 582 et
1627 525 1799 581 Palas.

233 623 371 674 stina
389 619 562 674 omnis
582 635 612 672 a
638 617 853 673 Perside
873 616 1234 673 redeuntibus.
1258 616 1383 671 Haec
1403 616 1577 685 itaque
1600 615 1797 680 omnia,

234 710 429 779 inquit,
471 710 683 779 penitus
722 707 940 762 delebit.
970 707 1143 776 Caput
1180 714 1378 772 autem,
1409 705 1645 774 capillos,
1679 704 1801 759 bar-

232 800 355 854 bam
387 809 439 853 et
483 800 662 869 pedes,
715 799 1016 853 universam
1058 798 1328 867 regionem
1366 795 1494 851 dicit
1524 795 1624 850 sub
1659 809 1805 850 com-

234 892 511 959 paratione
539 888 797 957 corporis,
839 902 1060 957 eamque
1086 895 1249 942 totam
1290 899 1535 941 sermone
1570 884 1807 954 comple-

234 983 416 1045 ctitur,
451 978 894 1049 quemadmodum
920 979 1071 1033 initio
1095 976 1303 1033 dicebat
1329 993 1343 1029 :
1370 975 1530 1031 Omne
1564 985 1714 1045 caput
1735 977 1804 1029 ad

232 1071 478 1136 laborem,
508 1079 554 1123 et
580 1085 724 1123 omne
751 1085 839 1123 cor
875 1070 942 1122 ad
966 1070 1210 1122 dolorem.
1238 1067 1283 1121 Î‘
1323 1066 1530 1136 pedibus
1557 1082 1711 1137 usque
1732 1066 1802 1119 ad

230 1169 385 1225 caput
412 1175 514 1212 non
543 1168 615 1212 est
638 1160 690 1211 in
720 1175 776 1213 eo
800 1160 989 1213 sanitas
1018 1156 1168 1227 (lsai.
1193 1158 1239 1211 1.
1274 1157 1328 1212 5.
1352 1156 1407 1227 6)
1438 1174 1451 1210 :
1480 1172 1584 1212 non
1604 1156 1671 1212 de
1698 1169 1803 1212 uno

228 1257 436 1301 tantum
460 1248 642 1303 dicens
664 1248 896 1313 homine,
928 1247 1021 1302 sed
1054 1255 1216 1302 totam
1244 1247 1513 1317 regionem
1537 1248 1629 1302 uni
1654 1262 1801 1303 com-

229 1351 427 1406 parans
460 1337 692 1406 corpori.
737 1337 847 1393 Hoc
874 1345 1051 1391 autem
1094 1336 1181 1392 hic
1211 1337 1336 1391 dicit
1362 1356 1375 1391 :
1401 1346 1564 1393 totam
1605 1347 1799 1393 terram

226 1443 390 1497 grave
419 1429 710 1482 subituram
741 1427 1053 1498 supplicium
1084 1441 1223 1483 esse.
1248 1428 1313 1483 Et
1338 1427 1442 1484 hoc
1466 1428 1677 1499 quidem
1707 1444 1803 1497 per

230 1520 567 1585 novaculam,
600 1519 728 1573 illud
760 1534 889 1575 vero
925 1536 1019 1590 per
1044 1521 1280 1591 corporis
1306 1521 1587 1590 imaginem
1623 1519 1802 1574 deela-

229 1610 387 1673 ravit,
442 1610 751 1677 ostendens,
797 1609 1071 1665 decretum
1121 1625 1151 1664 a
1196 1610 1304 1665 Deo
1352 1610 1514 1663 latum
1559 1608 1801 1664 acerbius

228 1713 388 1766 quam
418 1698 726 1754 novaculam
766 1699 1054 1767 quamlibet
1077 1708 1131 1755 et
1159 1699 1400 1754 homines
1428 1707 1483 1754 et
1508 1706 1663 1754 terrae
1687 1698 1803 1753 fru-

227 1796 347 1843 ctus
386 1798 823 1858 eonsumpturum
848 1830 863 1854 ,
913 1788 1161 1858 illamque
1194 1790 1388 1843 nudam
1438 1796 1494 1843 et
1535 1787 1798 1844 desertam

227 1876 539 1931 relicturum
580 1892 717 1932 esse.
770 1876 970 1932 Deinde
998 1878 1114 1945 ejus
1155 1877 1453 1931 vastitatem
1501 1892 1596 1946 per
1642 1877 1798 1933 aliam

224 1965 679 2033 comparationem
711 1965 949 2019 exhibet.
981 1964 1143 2034 quue
1173 1964 1297 2020 facit
1332 1980 1526 2020 curans
1555 1974 1613 2020 ut
1642 1966 1799 2022 timor

226 2071 444 2123 semper
467 2056 647 2125 vigens
672 2064 904 2120 maneat,
928 2064 982 2111 et
1004 2071 1168 2127 angor
1188 2057 1510 2127 longitudine
1537 2059 1799 2115 sermonis

226 2159 335 2198 non
362 2144 649 2200 minuatur.
681 2145 746 2199 Et
775 2145 986 2216 quidem
1012 2146 1221 2202 videtur
1258 2147 1347 2203 hic
1385 2162 1562 2203 sermo
1590 2149 1674 2213 iis,
1705 2149 1796 2219 qui

227 2251 335 2290 non
362 2235 662 2298 attendunt,
694 2237 935 2305 quaedam
976 2237 1234 2292 bonorum
1274 2239 1530 2307 promissa
1559 2238 1797 2307 comple-

227 2325 298 2379 cti
330 2343 343 2377 :
374 2326 467 2380 sed
490 2326 579 2395 qui
619 2337 867 2380 accurate
907 2334 1230 2392 scrutantur,
1257 2326 1428 2380 sciunt
1458 2326 1683 2395 ingentis
1706 2341 1798 2381 va-

228 2415 427 2468 stitatis
453 2430 571 2470 esse
590 2415 1116 2470 demonstrationem.
1148 2415 1283 2483 Quid
1317 2420 1456 2471 enim
1484 2417 1594 2471 ait?
1617 2418 1705 2472 2!.
1733 2417 1798 2471 Et

224 2507 321 2559 erit
365 2506 416 2558 in
462 2506 544 2560 die
579 2506 693 2573 illa,
734 2508 918 2561 nutriet
961 2508 1109 2563 homo
1135 2509 1341 2563 vitulam
1376 2509 1543 2576 boum,
1578 2520 1626 2565 et
1670 2511 1798 2565 duas

226 2610 361 2649 oves.
406 2596 495 2650 9.2.
535 2595 601 2649 Et
632 2598 743 2663 erit,
787 2614 849 2652 ea:
888 2599 1106 2668 plurima
1149 2600 1349 2669 potione
1385 2601 1549 2667 Iactis,
1578 2602 1797 2656 comedet

227 2688 484 2755 butyrum,
516 2689 633 2756 quia
659 2689 890 2758 butyrum
935 2698 981 2743 et
1022 2690 1121 2744 mel
1146 2690 1365 2744 comedet
1400 2693 1565 2747 omnis
1592 2693 1796 2748 relictus

225 2794 379 2844 super
399 2787 600 2831 terram.
626 2779 736 2833 lloe
757 2780 996 2847 multum,
1021 2790 1077 2835 ut
1096 2781 1225 2847 dixi,
1255 2782 1553 2838 vastitatem
1579 2784 1793 2839 indicat.

224 2865 390 2920 Terra
420 2867 563 2921 enim
594 2883 712 2937 qua:
734 2869 1054 2922 frumentum
1093 2878 1147 2923 et
1171 2870 1427 2924 hordeum
1449 2870 1668 2935 ferebat,
1700 2870 1797 2924 ho-

223 2956 459 3009 minibus
488 2955 758 3022 destituta,
784 2956 1000 3010 uberem
1030 2956 1420 3025 pabulationem
1450 2958 1632 3014 ovibus
1660 2974 1797 3029 prte-

226 3043 394 3106 bebit,
424 3053 477 3098 et
506 3044 575 3097 ita
600 3045 839 3111 uberem,
882 3054 938 3099 ut
972 3045 1042 3099 ob
1070 3044 1444 3102 abundantiam
1473 3047 1593 3103 talis
1617 3049 1793 3118 pabuli

220 3134 489 3189 sufficiant
509 3152 637 3191 oves
664 3137 781 3191 dum
805 3146 859 3192 et
887 3152 988 3192 una
1018 3138 1200 3205 vitula,
1232 3148 1289 3193 ut
1308 3139 1599 3209 possessori
1625 3140 1797 3197 fontes

224 3225 378 3279 lactis
402 3226 690 3294 praebeant.
731 3226 909 3297 Itaque
938 3227 1259 3283 abundantia
1288 3229 1466 3299 pabuli
1496 3229 1798 3297 brutorum,

223 3314 525 3368 solitudinis
550 3316 824 3369 hominum
849 3317 1136 3371 maximum
1161 3326 1242 3372 est
1270 3326 1662 3388 argumentum.
1692 3318 1794 3374 Mcl

221 3418 437 3472 quoque
476 3404 602 3458 illud
631 3405 965 3460 subindieat:
995 3407 1170 3460 solent
1198 3406 1338 3460 enim
1367 3420 1495 3475 apes
1521 3407 1573 3461 in
1604 3408 1793 3462 solitu-

221 3492 437 3546 dinibus
459 3494 699 3549 lubenter
724 3495 945 3561 versari,
972 3495 1057 3548 ubi
1083 3494 1367 3549 abundanti
1389 3510 1509 3549 esea
1530 3497 1791 3562 fruantur,

220 3590 277 3635 et
321 3580 409 3635 ubi
438 3581 613 3636 nullus
641 3583 711 3635 sit
740 3583 830 3651 qui
865 3582 1157 3652 perturbet.
1202 3582 1269 3637 Ut
1299 3597 1423 3637 vero
1447 3583 1619 3637 discas
1649 3583 1790 3637 illam

220 3673 491 3740 ingentem
531 3672 868 3727 solitudinem
925 3673 1295 3740 subindicare,
1344 3690 1411 3730 ex
1453 3675 1793 3745 sequentibus

220 3761 353 3815 disci
382 3770 575 3831 potest.
606 3762 694 3816 25.
736 3762 801 3815 Et
831 3763 922 3817 erit
956 3764 1011 3817 in
1048 3763 1130 3817 die
1164 3764 1275 3829 illa,
1321 3765 1404 3818 ubi
1432 3765 1617 3832 fuerint
1655 3766 1791 3820 mille

220 3852 377 3905 vincte
401 3853 542 3906 mille
578 3853 838 3917 siclorum,
868 3854 918 3906 in
944 3854 1185 3908 incultam
1213 3864 1379 3919 erunt,
1415 3865 1465 3908 et
1491 3857 1544 3909 in
1567 3857 1787 3926 spinam.

216 3933 309 3988 ÎµÎ¹.
335 3934 462 3989 Cum
486 3937 668 4005 sagitta
693 3946 739 3989 et
772 3952 893 3989 arcu
918 3937 1259 4005 iugredientur
1286 3937 1428 4005 illuc,
1459 3940 1578 4007 quia
1603 3939 1791 3993 inculta

214 4037 263 4077 et
286 4025 449 4092 spinis
474 4027 632 4078 obsita
658 4027 748 4079 erit
774 4027 935 4079 euntis
976 4035 1129 4079 terra.
1158 4027 1400 4097 Magnum
1441 4039 1495 4083 et
1525 4027 1625 4083 hoc
1650 4028 1788 4083 infe-

192 4113 432 4166 licitatis
459 4113 665 4182 signum
706 4123 806 4176 est,
835 4115 973 4184 quod
1002 4130 1107 4169 non
1152 4125 1360 4172 montes
1398 4126 1451 4173 et
1489 4118 1657 4185 silvas,
1693 4119 1788 4175 sed

215 4202 330 4270 ipsa
356 4201 571 4257 arabilis
612 4213 774 4270 terra,
804 4218 925 4273 qua:
967 4203 1249 4275 diligenter
1275 4206 1569 4273 colebatur,
1608 4209 1789 4277 spinas

213 4290 371 4346 ferat.
415 4290 595 4359 Neque
619 4292 760 4346 enim
794 4302 993 4348 temere
1023 4296 1291 4350 vinearum
1320 4297 1547 4367 pretium
1587 4299 1781 4368 posuit,

209 4381 306 4434 sed
341 4390 398 4434 ut
439 4390 680 4437 naturam
707 4392 861 4437 terra:
890 4383 1298 4451 demonstraret,
1343 4387 1663 4457 multamque
1696 4402 1786 4443 co-

212 4470 458 4525 lonorum
489 4485 688 4525 curam.
715 4472 959 4527 Attamen
987 4473 1075 4527 illa
1092 4490 1207 4543 quae
1235 4476 1380 4544 prius
1403 4486 1507 4531 tam
1533 4492 1785 4548 prospera

210 4570 387 4627 erant,
416 4562 603 4631 inquit,
633 4572 688 4617 et
710 4563 1058 4632 agricolarum
1097 4566 1339 4621 manibus
1365 4567 1688 4637 fruebantur,
1718 4570 1771 4624 in

213 4662 415 4708 tantam
458 4662 625 4709 vertet
665 4654 1031 4723 solitudinem,
1073 4665 1129 4711 ut
1153 4657 1331 4727 spinas
1370 4673 1467 4728 pro
1503 4660 1670 4715 vineis
1708 4661 1784 4717 fe-

209 4755 351 4810 rant,
384 4755 437 4799 et
458 4755 659 4800 tantum
688 4747 943 4801 incutiant
980 4748 1393 4818 ingredientibus
1421 4759 1697 4820 terrorem,
1726 4761 1785 4809 ut

210 4848 370 4887 nemo
394 4835 586 4888 audeat
615 4834 786 4889 nudus
814 4844 866 4889 ct
904 4837 1020 4890 sine
1048 4837 1213 4892 armis
1241 4838 1484 4895 introire.
1525 4839 1633 4895 Hoc
1652 4856 1782 4897 vero

206 4922 301 4987 ait,
332 4923 670 4978 solitudinem
695 4924 794 4979 loci
822 4924 1118 4992 declarans,
1148 4927 1473 4999 multamque
1492 4928 1596 4984 illis
1620 4931 1671 4985 in
1702 4931 1780 4986 lo-

207 5014 285 5066 cis
312 5012 540 5067 fcrarum
565 5014 932 5084 frequentiam.
957 5014 1167 5070 Illorum
1190 5018 1367 5088 itaque
1385 5016 1562 5075 animo
1588 5022 1778 5077 timore

208 5102 476 5171 perculso,
506 5104 737 5174 ipsisque
766 5104 1067 5160 vehementi
1105 5106 1316 5162 incusso
1363 5117 1527 5176 metu,
1568 5127 1775 5168 rursum

206 5208 511 5248 sermonem
541 5209 724 5263 parum
759 5197 1001 5264 remittit,
1030 5196 1167 5253 bona
1213 5199 1532 5265 admiscens,
1569 5218 1774 5259 necnon

205 5287 551 5340 mutationem
592 5285 643 5339 in
700 5288 1012 5352 melius;ut
1066 5290 1311 5360 utrinque
1357 5293 1448 5347 Dei
1490 5296 1774 5363 potentiam

205 5383 579 5444 agnoscerent.
618 5376 811 5433 Verum
856 5379 907 5433 in
958 5380 1280 5437 terribilibus
1325 5382 1519 5439 diutius
1558 5386 1770 5456 insistit,

203 5469 342 5522 bona
383 5483 511 5522 vero
542 5469 719 5523 statim
764 5479 823 5525 ut
859 5471 1011 5539 dixit,
1044 5472 1364 5529 intermittit.
1397 5476 1614 5543 Quare?
1640 5479 1770 5545 Quia

205 5558 305 5612 hoc
344 5560 580 5613 maxime
608 5560 982 5630 increpationis
1014 5564 1308 5633 pharmaco
1349 5577 1475 5621 tunc
1504 5569 1767 5639 egebant;

204 5650 273 5703 ita
305 5659 361 5703 ut
388 5658 665 5720 postquam
686 5653 898 5723 c0piose
930 5653 1056 5709 illud
1092 5658 1353 5725 apposuit,
1384 5674 1489 5729 quo
1508 5661 1646 5716 sinat
1673 5677 1768 5731 pa-

202 5752 419 5813 rtmmer
462 5741 746 5814 respirare,
798 5753 851 5802 et
893 5743 1017 5801 hinc
1064 5747 1220 5803 etiam
1262 5747 1328 5804 ad
1380 5750 1623 5808 virtutem
1671 5766 1765 5809 eos

1919 541 2122 596 evocet,
2164 531 2299 587 bona
2327 530 2705 601 intermisceat,
2746 534 2928 593 dicens
2958 536 3081 595 :25.
3132 539 3309 596 Omnis
3334 558 3477 598 utens

1915 633 2083 677 aratro
2109 623 2338 679 sulcatus
2380 628 2630 682 arabitur.
2667 628 3121 696 Quemadmodum
3156 635 3301 690 enim
3340 633 3477 690 irato

1914 713 2043 781 Deo,
2084 715 2242 770 etiam
2274 714 2419 772 ferax
2447 718 2689 788 planities
2717 721 2945 777 solitudo
2971 725 3073 779 erit
3097 743 3109 778 :
3137 726 3216 781 sic
3242 726 3333 783 illo
3358 726 3478 797 pla-

1912 815 2052 870 cato,
2084 806 2241 859 etiam
2270 808 2387 862 loca
2410 822 2594 877 aspera
2618 810 2909 881 pinguioris
2940 822 3092 869 terra:
3115 817 3474 873 conditionem

1912 897 2205 967 acquircnt,
2246 907 2301 953 et
2340 910 2574 955 aratrum
2613 905 2880 973 excipient
2922 913 3080 976 atque
3128 922 3331 964 semen.
3382 910 3478 964 llis

1912 1001 2072 1057 porro
2112 991 2355 1056 peractis,
2408 992 2567 1047 etiam
2609 1009 2669 1048 ea
2708 1012 2827 1064 quas
2877 997 2991 1052 haec
3042 1010 3338 1071 sequuntur
3380 1002 3479 1056 ad-

1910 1085 2087 1144 erunt,
2122 1092 2241 1147 pax,
2286 1080 2525 1146 libertas,
2558 1083 2768 1149 fiducia,
2805 1102 2902 1142 nec
2932 1089 3070 1145 ullus
3107 1090 3208 1146 erit
3237 1090 3393 1146 timor
3422 1100 3480 1145 ut

1911 1166 2133 1236 pridem.
2161 1168 2289 1223 Nam
2314 1172 2411 1235 ait,
2444 1172 2562 1227 Non
2582 1176 2891 1246 ingredietur
2917 1179 3021 1233 illic
3049 1180 3214 1235 timor.
3244 1180 3357 1236 Erit
3383 1198 3478 1235 au-

1911 1265 2007 1309 tem
2043 1258 2105 1310 ab
2135 1259 2321 1313 inculta
2349 1270 2501 1329 terra,
2547 1274 2593 1317 et
2633 1282 2664 1317 a
2690 1266 2837 1334 spina
2873 1267 2925 1320 in
2957 1285 3143 1334 pascua
3184 1272 3309 1337 ovis,
3348 1281 3393 1326 et
3422 1290 3477 1326 us

1909 1348 2335 1402 conculcationem
2360 1351 2515 1406 bovis.
2558 1353 2661 1408 Per
2703 1355 2817 1410 tunc
2856 1372 3040 1413 rursus
3068 1374 3156 1414 res
3196 1376 3476 1431 prosperas

1906 1436 2187 1504 signiï¬cat,
2234 1440 2371 1494 sicut
2410 1450 2463 1497 et
2496 1443 2718 1499 ulterius
2757 1447 3100 1515 progrediens
3144 1451 3254 1505 ait:
3284 1450 3475 1506 Beatus

1907 1528 1993 1594 qui
2035 1529 2247 1583 seminat
2286 1547 2438 1599 super
2485 1549 2680 1588 omnem
2723 1551 2926 1605 aquam,
2972 1540 3053 1591 ubi
3094 1539 3182 1594 bos
3221 1550 3266 1593 et
3305 1544 3477 1595 asinus

1906 1618 2103 1672 calcant
2153 1618 2304 1689 (Isai.
2350 1621 2435 1677 52.
2478 1623 2593 1695 20).
2642 1626 3099 1694 Quemadmodum
3141 1630 3303 1696 enim,
3354 1646 3476 1687 cum

1907 1711 2246 1767 solitudinem
2275 1713 2391 1768 vult
2411 1715 2729 1786 signiï¬care,
2756 1720 2971 1776 Sirenas
2997 1730 3054 1777 et
3078 1723 3479 1780 Onocentauros

1907 1802 1958 1857 in
1997 1802 2227 1858 medium
2256 1805 2471 1861 adducit
2502 1806 2653 1878 (Isai.
2684 1811 2769 1865 l3.
2813 1811 2904 1866 2i.
2944 1812 3036 1885 22)
3064 1830 3077 1867 :
3103 1814 3197 1879 sic,
3230 1829 3352 1870 cum
3380 1830 3475 1885 pa-

1905 1907 2019 1948 cem
2047 1902 2099 1947 et
2119 1896 2479 1963 securitatem,
2510 1899 2753 1954 animalia
2782 1912 3056 1958 mansueta
3085 1913 3139 1959 et
3162 1905 3474 1971 tractabilia,

1904 2000 2129 2055 qumque
2188 1988 2526 2056 agriculturm
2584 1991 2879 2048 inserviunt
2924 1994 3119 2065 ubique
3188 1996 3475 2066 conspicua

1905 2074 2137 2141 exhibet,
2170 2077 2237 2132 ab
2263 2077 2347 2131 his
2371 2094 2434 2133 ea
2461 2096 2578 2151 quae
2614 2096 2797 2138 eorum
2842 2084 3135 2139 ministerio
3161 2084 3291 2140 fiunt
3333 2086 3473 2140 iudi-
3504 2122 3509 2129 .

1904 2178 2054 2232 caus,
2076 2168 2451 2236 agriculturam
2477 2181 2532 2227 et
2550 2170 2653 2229 alia
2680 2188 2863 2229 eorum
2884 2174 3192 2230 ministeria.

2488 2303 2712 2360 CAPUT
2761 2304 2891 2359 Vili.

1907 2411 1955 2465 l.
1997 2410 2063 2465 Et
2100 2413 2172 2466 ait
2211 2412 2457 2469 Dominus
2499 2416 2567 2468 ad
2609 2433 2687 2471 me
2717 2432 2735 2471 :
2761 2417 2918 2473 Sume
2944 2419 3033 2473 tibi
3074 2428 3259 2473 tomum
3285 2422 3474 2479 charta!

1974 2516 2189 2566 novum,
2240 2519 2507 2574 magnum,
2552 2514 2599 2558 et
2642 2508 2798 2560 scribe
2838 2508 2889 2560 in
2932 2524 2991 2562 eo
3044 2512 3173 2578 ston
3215 2509 3471 2573 hominis,

1971 2601 2025 2643 ut
2089 2592 2318 2646 velociter
2388 2593 2811 2660 deprwdatiouem
2861 2598 3017 2666 faciat
3075 2600 3370 2669 spoliorum.
3413 2603 3471 2657 '2.

1972 2684 2125 2737 Adest
2143 2684 2274 2737 enim
2303 2700 2321 2738 :
2346 2695 2391 2739 et
2406 2696 2551 2740 testes
2572 2688 2694 2740 nti/ti
2719 2688 2800 2754 [ac
2819 2690 2990 2756 fideles
3018 2690 3262 2759 hontiitss,
3295 2690 3471 2746 Uriatis

1971 2773 2276 2826 sacerdotem
2312 2775 2327 2804 Â¹
2348 2814 2364 2840 ,
2417 2784 2461 2828 et
2488 2774 2793 2829 Zachariam
2820 2778 2981 2843 ï¬lium
3003 2776 3288 2833 Baracltia'.
3316 2781 3371 2834 3.
3406 2779 3473 2834 Et

1972 2871 2153 2919 accessi
2168 2866 2235 2918 ad
2256 2868 2638 2935 prapltctissam,
2668 2877 2713 2921 et
2738 2869 2789 2921 in
2815 2879 2951 2922 utero
2980 2869 3190 2937 accepit,
3215 2881 3261 2923 et
3281 2872 3473 2939 peperit

1980 2954 2158 3006 ï¬lium.
2188 2952 2255 3007 Et
2292 2953 2421 3007 dixit
2458 2954 2579 3007 mihi
2607 2953 2857 3011 Dominus
2883 2971 2903 3010 :
2952 2955 3087 3011 Voca
3126 2974 3303 3013 nomen
3339 2961 3470 3029 ejus,

1974 3046 2083 3099 Cito
2108 3046 2290 3115 spolia,
2332 3045 2579 3101 Velociter
2621 3048 2870 3117 prtedare.
2914 3050 2968 3104 4.
3025 3048 3156 3115 Quia
3204 3060 3471 3121 antequam

1970 3130 2093 3183 sciat
2127 3146 2249 3198 puer
2277 3145 2454 3184 vocare
2477 3140 2671 3200 patrem
2709 3141 2796 3186 aut
2840 3141 3067 3199 matrem,
3116 3135 3326 3203 accipiet
3372 3136 3471 3189 uir-

1972 3230 2124 3273 tutem
2152 3218 2392 3274 Damasci
2421 3231 2466 3274 et
2489 3222 2654 3291 spolia
2684 3221 2933 3277 Samaria:
2960 3239 3129 3277 coram
3168 3239 3282 3295 rege
3308 3224 3438 3294 Assy
3456 3254 3471 3266 -

1970 3305 2178 3367 riorunu

1970 3427 2021 3480 l.
2062 3425 2186 3481 Haec
2226 3426 2330 3482 duo
2372 3440 2631 3498 praecepta
2674 3429 2963 3484 secundum
2993 3428 3195 3485 literam
3226 3429 3468 3486 videntur

1899 3516 2116 3570 omnino
2159 3516 2368 3571 diversa
2396 3532 2518 3572 esse
2538 3559 2554 3584 ,
2584 3518 2819 3588 nihilque
2847 3533 3128 3574 commune
3163 3518 3357 3575 habere
3385 3538 3398 3574 :
3425 3522 3468 3575 si

1898 3606 2017 3675 quis
2064 3619 2191 3660 vero
2233 3606 2614 3661 sententiarum
2640 3608 2744 3661 vim
2788 3617 3036 3663 accurate
3077 3609 3469 3678 exploraverit,

1898 3694 2116 3749 multam
2145 3695 2340 3751 videbit
2368 3696 2419 3750 in
2446 3712 2509 3751 ea
2535 3713 2592 3752 re
2619 3698 3019 3753 consonantiam
3053 3707 3106 3753 et
3146 3714 3305 3753 unum
3348 3713 3471 3753 sco-

1896 3802 2043 3857 pum.
2068 3787 2430 3843 Necessarium
2451 3797 2627 3843 autem
2654 3798 2736 3844 est
2762 3790 2907 3859 prius
2926 3789 3101 3845 dicere
3127 3804 3220 3844 cur
3245 3788 3471 3859 prephc-

1897 3880 1968 3933 tia
2000 3879 2050 3932 in
2086 3878 2356 3933 hominum
2383 3879 2541 3933 vitam
2570 3879 2782 3935 inducta
2816 3880 2903 3934 sit.
2949 3880 3056 3935 Cur
3095 3895 3220 3951 ergo
3264 3880 3469 3935 invecta

1895 3970 1999 4038 sit,
2028 3985 2245 4026 necesse
2282 3980 2366 4027 est
2406 3972 2601 4027 dicere.
2646 3972 2790 4028 Solet
2837 3974 2975 4027 Deus
3016 3973 3081 4028 ad
3129 3988 3311 4043 poenas
3342 3987 3468 4043 pec-

1894 4061 2138 4116 cantibus
2165 4061 2467 4119 inferendas
2494 4063 2728 4118 cunctari
2758 4076 2811 4117 et
2842 4064 3248 4131 procrastinare,
3279 4078 3467 4133 quem-

1895 4154 2178 4209 admodum
2225 4163 2497 4225 promptus
2534 4156 2783 4225 celcrque
2811 4164 2893 4209 est
2916 4155 2982 4208 ad
3012 4155 3264 4209 beneficia
3304 4153 3469 4224 probe

1892 4245 2187 4300 viventibus
2208 4245 2524 4314 praestanda.
2550 4245 2659 4300 Hoc
2685 4245 2737 4300 id
2763 4245 2926 4299 efï¬cit
2952 4254 3008 4300 ut
3031 4248 3299 4313 segniores
3323 4244 3468 4301 deci-

1892 4335 2038 4400 dant,
2065 4350 2131 4390 eo
2159 4335 2300 4405 quod
2327 4336 2458 4390 ultio
2482 4336 2743 4390 scelerum
2774 4351 2877 4389 non
2900 4351 2931 4391 e
2952 4335 3169 4405 vestigio
3193 4344 3464 4406 sequatur.

1892 4425 1962 4480 Ut
1991 4440 2119 4495 ergo
2148 4425 2286 4479 Deus
2311 4425 2615 4494 patientiam
2636 4440 2784 4480 suam
2808 4425 3074 4489 exhibeat,
3095 4439 3264 4494 neque
3290 4434 3465 4478 tamen

1894 4515 1968 4569 illi
2003 4514 2127 4569 hinc
2169 4515 2441 4585 segniores
2485 4516 2746 4580 evadant,
2790 4514 3078 4584 prophetia:
3120 4514 3463 4585 pharmacum

1888 4614 2139 4675 apparat,
2169 4620 2276 4659 non
2310 4606 2685 4675 suppliciorum
2714 4606 3095 4674 experimento,
3127 4604 3219 4661 sed
3249 4604 3461 4660 interim

1890 4696 2218 4765 prtescientia
2241 4696 2489 4751 erudiens
2517 4706 2840 4765 peccatores,
2862 4706 2917 4749 ut
2943 4696 2986 4749 si
3016 4694 3210 4749 auditis
3234 4695 3461 4750 commi-

1888 4786 2187 4842 nationibus
2233 4787 2483 4842 meliores
2528 4786 2793 4851 evadant,
2826 4799 2995 4853 ptentc
3037 4783 3461 4854 experimentum

1886 4877 2151 4948 depellant
2179 4893 2194 4932 :
2220 4878 2302 4933 sin
2340 4892 2468 4933 vero
2510 4878 2626 4931 sine
2664 4891 2820 4931 sensu
2868 4885 3149 4944 maneant,
3178 4886 3302 4933 tunc
3331 4876 3461 4947 ipsis

1886 4970 2197 5039 supplicium
2222 4968 2428 5024 inferat.
2454 4967 2565 5022 Hoc
2591 4967 2914 5037 perSpicicns
2939 4966 3198 5035 diabolus,
3220 4975 3275 5023 et
3299 4982 3459 5037 quau-

1886 5070 1996 5115 tum
2026 5060 2149 5114 hinc
2176 5061 2305 5114 lucri
2337 5061 2470 5114 foret
2498 5060 2754 5129 cogitans,
2775 5058 3259 5128 pseudoprophetas
3280 5059 3457 5113 immi-

1884 5154 1973 5218 sit,
2000 5153 2086 5215 qui
2114 5150 2386 5221 prophetis
2415 5148 2736 5207 minautibus
2763 5148 2953 5203 famem
2979 5190 2993 5212 ,
3026 5159 3246 5218 pestem,
3290 5148 3454 5213 bella,

1882 5243 2226 5298 barbarorum
2258 5240 2650 5305 incursionem,
2676 5239 3107 5294 contradicebant
3127 5280 3143 5305 ,
3173 5238 3341 5293 fausta
3362 5253 3457 5293 an-

1882 5332 2205 5387 nuntiantes.
2237 5328 2690 5396 Quemadmodum
2721 5331 2861 5384 enim
2906 5328 3044 5383 Deus
3083 5337 3225 5382 metu
3266 5327 3454 5382 verbo-

1881 5437 1999 5476 rum
2029 5421 2242 5476 volebat
2265 5420 2509 5489 supplicii
2535 5420 2953 5489 experimentum
2979 5417 3265 5487 depellere,
3295 5417 3371 5471 sie
3400 5427 3452 5471 et

1879 5511 2120 5566 diabolus
2149 5511 2468 5566 contrarium
2494 5510 2849 5580 operabatur;
2880 5509 3161 5563 verborum
3190 5504 3449 5562 illecebris

1879 5617 1973 5659 eos
2019 5603 2295 5657 emolliens
2336 5611 2390 5657 et
2434 5600 2710 5671 segniores
2764 5598 3024 5664 reddens,
3082 5596 3445 5654 necessitatem

1945 5761 1961 5792 Â¹
1999 5758 2123 5821 Vox,
2148 5758 2458 5821 sacerdotem,
2481 5757 2624 5809 deest
2646 5756 2692 5805 in
2717 5753 2875 5805 Bibliis
2896 5759 3021 5804 Lxx.
