4048 6452
254 401 326 458 93
1500 386 1567 444 lN
1606 385 1855 452 lSAIAM,
1895 381 2047 442 CAP.
2092 384 2223 442 vut.
3442 402 3512 457 94

260 506 477 575 phorice
507 518 665 575 porro
712 502 889 559 verbis
932 502 1133 568 utitur,
1163 514 1341 556 mores
1384 498 1648 571 indigenae
1692 501 1835 569 regis

257 595 584 662 describens,
610 602 664 650 et
693 593 903 650 barbari
935 592 1221 663 potentiam
1253 608 1267 647 :
1294 590 1345 646 id
1372 606 1498 646 vero
1525 589 1671 658 facit,
1697 588 1836 660 quod

258 699 471 754 semper
499 685 607 739 disi
630 726 645 752 ,
677 691 735 739 ut
760 684 1015 753 majorem
1060 681 1325 736 sermonis
1368 680 1641 751 emphasin
1683 680 1837 735 exhi-

256 774 398 828 beat.
448 773 573 829 Ideo
596 774 704 839 ait,
734 772 811 826 Eo
861 772 996 842 quod
1039 770 1200 825 nolint
1230 786 1413 841 aquam
1455 770 1654 825 Siloam
1683 786 1701 823 :
1731 784 1839 823 non

254 862 323 917 de
348 877 487 933 aqua
510 863 721 927 dicens,
750 862 844 918 sed
870 863 990 932 quia
1018 860 1138 916 fons
1167 860 1364 915 sensim
1391 870 1446 914 et
1473 861 1589 915 sine
1614 860 1839 930 strepitu

255 964 472 1021 manat,
520 955 787 1012 lenitatem
836 964 890 1009 et
930 953 1349 1009 moderationem
1386 953 1539 1022 ejus,
1584 956 1670 1022 qui
1717 960 1839 1007 tunc

263 1045 555 1115 regnabat,
588 1045 872 1115 tranquillo
921 1059 1173 1113 aquarum
1223 1041 1401 1097 cursui
1448 1052 1756 1111 comparat,
1787 1049 1840 1095 et

256 1134 452 1189 Siloam
485 1136 656 1205 ipsum
684 1146 869 1200 vocat,
898 1133 1037 1204 quod
1060 1133 1193 1188 lenis
1221 1132 1292 1186 sit
1317 1139 1371 1187 et
1399 1139 1708 1186 mansuetus
1740 1147 1754 1186 :
1788 1129 1838 1184 id

254 1227 398 1297 quod
446 1228 735 1282 maximam
781 1226 1007 1281 subditis
1052 1224 1207 1280 affert
1253 1224 1715 1288 criminationem,
1748 1222 1838 1292 qui

254 1331 377 1370 cum
408 1330 513 1371 non
556 1330 715 1387 grave
738 1316 921 1387 jugutn
952 1315 1246 1382 haberent,
1290 1328 1376 1368 res
1418 1327 1580 1367 novas
1626 1311 1840 1383 aggredi

259 1409 534 1464 tentabant
553 1449 569 1473 ,
599 1408 897 1478 alienisque
935 1407 1146 1477 regibus
1175 1421 1294 1461 sese
1334 1404 1549 1459 dedere.
1579 1404 1840 1472 Quoniam

256 1513 409 1570 ergo,
440 1497 629 1568 inquit,
656 1499 799 1552 illum
833 1497 1015 1552 mitem
1047 1495 1484 1563 moderatumque
1516 1494 1722 1559 nolunt,
1744 1492 1840 1547 sed

257 1588 421 1644 Rasiu
447 1600 499 1645 et
520 1589 686 1644 filium
713 1588 989 1653 Romeliae,
1006 1587 1248 1641 inducam
1271 1586 1651 1657 Babylonium;
1678 1585 1839 1653 impe-

258 1694 478 1751 tumque
509 1680 773 1735 exercitus
810 1679 953 1733 illius
985 1692 1175 1747 aquam
1224 1676 1457 1731 fluminis
1481 1683 1635 1730 vocat
1660 1676 1843 1744 eopio-

256 1785 372 1826 sam
402 1780 454 1825 et
479 1770 870 1825 vehementem.

329 1861 383 1916 3.
416 1860 615 1915 Deinde
644 1859 1005 1929 metaphoram
1036 1857 1308 1927 explicans
1334 1856 1425 1922 ait,
1459 1857 1647 1927 Regem
1676 1855 1834 1927 Assy-

256 1955 470 2008 riorum.
526 1952 712 2007 Viden’
747 1967 903 2023 quam
942 1951 1291 2006 indubitatum
1321 1959 1571 2021 appareat
1607 1950 1659 2004 id
1698 1946 1842 2018 quod

257 2057 417 2111 supra
445 2042 706 2107 diximus,
756 2042 809 2095 in
841 2042 1165 2111 metaphoris
1196 2055 1388 2109 nempe
1420 2039 1750 2109 Scripturam
1783 2052 1842 2092 se

257 2146 473 2199 semper
525 2131 864 2201 interpretari
912 2129 1124 2185 solere?
1171 2128 1322 2195 Quod
1352 2130 1510 2183 etiam
1560 2129 1646 2184 hic
1696 2128 1839 2183 fecit.

256 2222 389 2278 Cum
411 2222 551 2277 enim
575 2222 767 2277 flumen
790 2220 1031 2287 dixisset,
1050 2234 1155 2275 non
1180 2220 1233 2274 in
1256 2221 1563 2289 metaphora
1585 2220 1840 2287 substitit,

257 2314 350 2369 sed
382 2314 645 2384 quodnam
682 2313 876 2368 flumen
904 2322 1046 2368 esset
1069 2312 1200 2366 dixit
1223 2353 1238 2378 ,
1268 2310 1455 2383 Regem
1484 2312 1804 2382 Assyriorum
1824 2353 1839 2379 ,

256 2414 302 2457 et
324 2420 519 2457 omnem
541 2404 751 2473 gloriam
777 2405 905 2472 ejus.
932 2402 995 2455 Et
1017 2402 1248 2457 ascendet
1270 2418 1423 2471 super
1443 2418 1639 2456 omnem
1664 2403 1844 2457 valltm

256 2504 491 2559 uestram,
522 2502 569 2547 et
596 2493 931 2547 deambulabit
949 2510 1101 2562 super
1129 2509 1325 2547 omnem
1368 2509 1568 2546 murum
1605 2502 1839 2547 oestrum.

256 2584 311 2639 8.
344 2583 409 2637 Et
446 2585 639 2653 auferet
668 2601 699 2636 a
722 2582 905 2638 Judtea
930 2584 1204 2647 hominem,
1244 2584 1330 2651 qui
1363 2584 1520 2653 possit
1564 2585 1727 2637 levare
1751 2599 1842 2636 ca-

254 2686 365 2747 put,
415 2685 502 2729 aut
552 2677 637 2746 qui
678 2676 833 2747 possit
880 2676 1073 2745 aliquid
1112 2676 1375 2745 per/icere.
1401 2675 1469 2729 Et
1506 2684 1650 2731 erunt
1676 2688 1844 2730 castra

256 2770 385 2836 ejus,
419 2768 491 2821 ita
515 2776 569 2820 ut
591 2768 830 2836 impleant
880 2766 1195 2820 latitudinem
1238 2767 1455 2837 regionis
1481 2777 1599 2822 tute.
1645 2768 1841 2823 Osten-

257 2856 391 2911 dens
421 2871 523 2911 non
552 2857 778 2911 humana
800 2857 1011 2923 virtute,
1044 2856 1137 2912 sed
1176 2856 1250 2912 ira
1293 2857 1387 2911 Dei
1418 2858 1667 2913 smviente
1704 2858 1840 2927 hac,

254 2964 375 3016 qua:
418 2938 681 3012 dicuntur,
727 2958 977 3003 eventura
1020 2962 1167 3014 esse,
1198 2962 1302 3002 non
1356 2948 1501 3003 illum
1536 2958 1593 3003 ut
1634 2947 1842 3004 hostem

255 3040 370 3094 acie
402 3039 652 3093 instructa
674 3039 944 3106 describit,
990 3038 1084 3093 sed
1134 3048 1185 3093 ut
1224 3038 1291 3093 ad
1323 3050 1556 3107 paratam
1609 3041 1840 3109 prmdam

256 3129 577 3186 venientem.
607 3129 719 3183 Non
742 3130 883 3185 enim
908 3130 1086 3197 stabit,
1117 3130 1304 3199 inquit,
1329 3140 1383 3184 et
1403 3131 1571 3185 aciem
1596 3131 1839 3198 instruet,

256 3220 351 3274 sed
380 3235 659 3289 corporqu
691 3220 1022 3275 multitudine
1050 3234 1204 3274 terra:
1235 3220 1422 3275 faciem
1454 3221 1684 3291 obteget,
1709 3222 1839 3276 faci-

257 3309 413 3377 leque
442 3309 613 3363 aderit
637 3309 735 3379 (a).
764 3310 843 3363 Ad
866 3311 979 3364 ha-e
1033 3311 1084 3364 in
1136 3311 1211 3363 ira
1256 3310 1414 3365 etiam
1443 3326 1631 3382 magna
1656 3312 1842 3368 obser-

256 3408 410 3455 vatur
433 3400 733 3455 clementia.
762 3400 942 3470 Neque
966 3401 1108 3455 enim
1135 3401 1488 3456 comminatur
1515 3416 1574 3457 se
1604 3404 1839 3473 ipsorum

256 3489 445 3547 urbem
488 3490 859 3547 dvmeliturum
903 3505 1049 3555 esse,
1092 3490 1186 3546 sed
1240 3492 1599 3561 captivitatem
1648 3507 1838 3563 quam-

256 3579 377 3633 dam
409 3588 463 3635 et
488 3580 854 3636 abductionem
887 3580 1123 3650 praedicit
1142 3622 1156 3648 ,
1189 3580 1423 3652 reliquos
1444 3582 1629 3638 volens
1658 3598 1723 3638 ex
1750 3598 1839 3638 ea-

256 3672 522 3740 ptivorum
562 3687 715 3741 poena
756 3672 823 3726 ad
854 3672 1126 3728 meliorem
1146 3672 1350 3742 frugem
1403 3674 1677 3729 reducere.
1707 3673 1836 3727 Nam

255 3762 329 3815 ait
361 3780 372 3815 :
403 3762 606 3833 Auferet
632 3779 662 3815 α
683 3763 867 3818 Judtea
896 3764 1143 3817 hominem
1167 3765 1252 3833 qui
1280 3767 1434 3835 possit
1462 3766 1624 3820 levare
1647 3776 1796 3835 caput
1818 3783 1837 3821 :

254 3853 323 3907 de
352 3853 658 3923 proceribus
688 3853 952 3923 loquitur,
983 3852 1153 3923 deque
1183 3854 1246 3909 iis
1276 3854 1365 3924 qui
1413 3856 1588 3910 omnia
1621 3872 1834 3913 sursum

253 3943 505 4000 deorsum
536 3953 779 4009 versant;
809 3959 901 3999 cos
928 3945 1015 4013 qui
1060 3945 1449 4000 multitudinem
1480 3947 1658 4016 populi
1684 3948 1835 4003 labe-

254 4033 540 4097 factabant,
573 4034 806 4102 captivos
833 4049 1121 4103 servosque
1164 4034 1339 4100 faciet,
1375 4036 1445 4091 ita
1475 4046 1530 4090 ut
1556 4036 1835 4096 inferiores

254 4123 460 4192 possint
484 4123 739 4177 tantillum
770 4124 1049 4193 respirare,
1080 4140 1251 4191 exque
1277 4133 1419 4177 metu
1451 4140 1546 4194 per
1565 4127 1835 4181 abductio-

251 4226 373 4267 nem
406 4211 629 4265 aliorum
662 4221 831 4281 parto,
863 4222 917 4266 et
950 4227 1014 4266 ex
1044 4213 1253 4280 propria
1299 4213 1544 4268 libertate
1586 4214 1834 4271 meliores

250 4302 496 4357 evadere.
527 4302 650 4356 Ideo
670 4303 744 4356 ait
771 4320 783 4355 :
811 4303 909 4368 Qui
930 4304 1085 4372 possit
1123 4304 1317 4374 aliquid
1344 4306 1586 4374 perﬁcere
1604 4347 1617 4371 ,
1649 4307 1700 4361 id
1727 4316 1829 4374 est,

248 4392 464 4450 fortem.
489 4391 684 4461 aliquid
708 4392 917 4461 operari
942 4393 1225 4459 valentem,
1256 4395 1344 4463 qui
1368 4394 1535 4464 possit
1573 4396 1652 4451 vel
1677 4397 1833 4451 mini-

319 4521 397 4593 (αὶ
428 4524 574 4593 Juxta
607 4525 820 4593 Graecam
844 4525 1131 4593 lectionem,
1156 4530 1416 4593 triptéorat,
1450 4532 1715 4593 legendum
1744 4548 1823 4585 es-

251 4582 348 4639 set.
372 4582 606 4647 facileque
634 4585 811 4647 vincet;
838 4587 924 4634 sed
951 4582 1263 4637 maluimus'G
1275 4582 1444 4638 rzecam
1471 4582 1640 4641 vocem
1667 4582 1823 4644 inter-

253 4642 437 4711 pretari
457 4642 593 4711 quasi
618 4642 805 4711 fuisset,
827 4650 1073 4711 τξᾳρέσςτᾳι,
1101 4646 1276 4705 aderit,
1298 4664 1408 4711 quae
1426 4665 1519 4700 vox
1544 4667 1651 4702 cum
1669 4642 1821 4705 véisu

250 4706 686 4778 supprius‘alialo,
712 4708 814 4778 c‘ol.‘
833 4706 911 4765 9t,
945 4706 1025 4755 ubi
1049 4711 1251 4770 legitur,
1276 4706 1420 4762 Adest
1444 4713 1572 4763 enim
1599 4716 1818 4778 (πάρεστι

248 4764 383 4829 γάρ),
412 4764 591 4814 melius
615 4766 839 4828 quadrat.

1944 515 2089 555 mum
2104 500 2227 571 quid
2246 498 2474 557 efﬁcere.
2497 501 2564 557 Et
2584 510 2707 559 ante
2726 502 3116 573 abductionem,
3136 519 3231 575 per
3252 506 3423 576 ipsum
3447 526 3530 565 re-

1947 603 2064 643 rum
2076 598 2372 659 aspectum,
2389 592 2483 656 ait,
2502 591 2610 648 Vos
2626 594 2755 648 satis
2768 602 2972 649 terrore
2990 595 3239 664 percellet
3250 596 3407 652 barba
3416 615 3527 663 rus,

1944 687 2110 733 totam
2129 688 2323 735 terram
2350 681 2931 751 implensbarbarorum
2950 686 3284 755 corporibus.
3305 685 3428 742 Ideo
3446 689 3525 742 in.

1945 767 2061 823 tulit
2081 786 2094 822 :
2118 769 2186 822 Et
2207 778 2354 825 erunt
2371 780 2537 825 castra
2552 773 2680 843 ejus,
2697 773 2769 827 ita
2790 783 2843 826 ut
2862 774 3430 845 impleantlatitudinem
3452 794 3527 831 res

1942 859 2105 930 gionis
2136 869 2254 915 tute.
2285 860 2567 916 Nobiscum
2587 862 2745 918 Deus.
2776 864 2828 918 9.
2860 864 3070 933 Scitote,
3089 878 3278 937 gentes,
3297 878 3347 921 et
3377 870 3526 928 vinci-

1943 952 2069 1004 mini
2092 967 2109 1005 :
2140 954 2367 1007 nuntiate
2393 970 2549 1024 usque
2566 954 2636 1008 ad
2658 965 2933 1010 extremum
2963 966 3129 1025 terra,
3162 968 3208 1011 et
3235 960 3531 1028 fortitudine

1944 1041 2164 1097 valentes
2180 1045 2454 1099 vincimini.
2484 1046 2547 1101 Si
2569 1048 2700 1101 enim
2725 1048 2906 1102 iterum
2929 1051 3291 1119 praeualueritis
3313 1092 3327 1115 ,
3352 1054 3531 1109 iterum

1943 1136 2228 1189 vincemini.
2253 1136 2339 1191 10.
2371 1136 2437 1191 Et
2460 1140 2807 1211 quodcumque
2828 1144 3091 1196 consilium
3117 1143 3349 1209 inieritis,
3376 1144 3529 1198 dissi-

1944 1228 2079 1297 pabit
2101 1226 2349 1284 Dominus
2373 1245 2391 1282 :
2416 1239 2463 1284 et
2491 1233 2693 1286 verbum
2722 1235 3066 1305 quodcumque
3094 1236 3286 1305 loquuli
3311 1238 3525 1307 fueritis,

1944 1337 2045 1374 non
2086 1321 2300 1375 manebit
2348 1322 2401 1375 in
2430 1322 2600 1390 vobis,
2650 1326 2769 1394 quia
2796 1327 3054 1381 nobiscum
3098 1326 3256 1382 Deus.
3311 1329 3530 1384 Videtur

1944 1411 2074 1466 mihi
2103 1411 2207 1467 hoc
2234 1413 2351 1468 loco
2380 1414 2622 1472 Ezechias
2641 1418 2922 1474 victoriam
2940 1420 3249 1490 prazdiccre,
3270 1436 3331 1476 ac
3351 1421 3528 1491 Splen-

1944 1500 2126 1555 didum
2159 1502 2288 1557 illud
2319 1512 2578 1572 troparum
2619 1521 2941 1578 causamque
2992 1511 3251 1566 vietorire.
3309 1510 3527 1569 Etiamsi

1944 1593 2083 1647 enim
2110 1609 2257 1649 arma
2283 1596 2425 1665 apud
2471 1598 2587 1653 illos
2624 1600 2753 1665 sint,
2804 1602 2990 1670 inquit,
3025 1603 3232 1658 etiamsi
3265 1605 3527 1659 exercitus

1944 1680 2208 1749 immensi,
2242 1695 2293 1739 et
2324 1686 2447 1741 belli
2476 1688 2679 1755 peritia,
2712 1690 2805 1745 sed
2836 1692 3087 1746 auxilium
3110 1694 3264 1748 nobis
3291 1695 3526 1749 omnium

1946 1774 2367 1843 potentissimum
2391 1776 2667 1833 uobiscum
2685 1788 2788 1847 est,
2807 1795 2997 1849 nempe
3022 1782 3179 1838 Deus.
3209 1783 3365 1839 Venit
3386 1787 3525 1841 enim

1944 1863 2221 1931 barbarus,
2250 1875 2307 1919 ut
2348 1866 2494 1935 prius
2540 1869 2770 1924 minatus
2801 1870 3008 1940 fuerat,
3057 1882 3111 1928 ct
3140 1874 3319 1931 multis
3361 1879 3527 1947 captis

1947 1954 2163 2011 urbibus
2190 1959 2415 2013 accessit
2460 1977 2472 2013 :
2506 1970 2689 2029 postea
2734 1978 2860 2019 vero
2899 1965 3127 2023 admotis
3156 1969 3364 2035 castris,
3397 1985 3525 2025 eon-

1947 2044 2104 2100 traria
2133 2061 2318 2116 passus
2345 2058 2444 2102 est.
2474 2050 2597 2104 Haec
2624 2052 2803 2121 itaque
2830 2055 3071 2121 praedicit
3097 2058 3374 2127 pr0phcta,
3398 2075 3526 2114 cau-

1944 2151 2164 2207 samque
2187 2138 2423 2194 victoria:
2450 2141 2721 2209 praedicat,
2748 2144 2996 2215 ipsosque
3018 2148 3273 2205 barbaros
3301 2151 3527 2221 alloqui-

1948 2236 2050 2283 tur.
2082 2227 2159 2284 Ne
2186 2230 2369 2298 priori,
2401 2232 2591 2301 inquit,
2622 2235 2858 2289 victorim
2903 2236 3075 2293 fidatis
3109 2258 3121 2292 :
3154 2240 3203 2294 iu
3239 2241 3337 2295 hac
3385 2244 3527 2297 enim

1947 2320 2239 2389 irruptione
2266 2324 2557 2378 maximum
2576 2324 2730 2381 nobis
2758 2326 2910 2382 adest
2937 2329 3255 2397 praesidium.
3283 2331 3395 2387 lloc
3415 2333 3529 2402 ipso

1946 2412 2105 2483 igitur
2130 2417 2341 2486 cognito
2373 2416 2625 2484 rcccdite,
2650 2428 2832 2488 utpote
2860 2421 2948 2489 qui
2992 2437 3073 2485 ea,
3117 2439 3235 2491 quae
3276 2424 3388 2477 fieri
3439 2440 3528 2479 ne~

1946 2515 2167 2575 queunt,
2198 2508 2598 2578 aggrediamiui.
2630 2509 2766 2565 llinc
2791 2520 2845 2565 et
2886 2527 3099 2567 causam
3134 2515 3269 2568 illius
3296 2516 3528 2572 vietogin

1944 2595 2241 2664 declarans,
2274 2607 2328 2653 et
2363 2601 2705 2668 annuntians,
2739 2602 2929 2658 famam
2959 2604 3073 2660 haec
3113 2607 3360 2675 prmclara
3382 2621 3527 2678 gesta

1945 2689 2011 2743 ad
2062 2698 2330 2745 extremos
2366 2705 2535 2760 usque
2581 2703 2735 2748 terra:
2784 2695 2916 2750 fines
2951 2697 3230 2753 allaturam
3263 2716 3383 2756 esse
3416 2703 3527 2758 ait:

1947 2777 2191 2835 Nuntiate
2232 2797 2390 2851 usque
2415 2782 2483 2835 ad
2522 2793 2799 2839 extremum
2851 2795 3016 2842 teme.
3060 2788 3228 2845 Nemo
3256 2791 3397 2846 cnim
3425 2808 3529 2848 non

1945 2870 2146 2927 audivit
2170 2888 2232 2927 ea
2261 2889 2379 2944 quae
2404 2883 2531 2931 tunc
2553 2876 2900 2950 Jerosolymis
2942 2882 3295 2953 contigerunt.
3331 2884 3531 2941 Idcirco

1944 2963 2019 3016 ait
2048 2981 2061 3019 :
2089 2963 2273 3018 Audite
2313 2981 2467 3034 usque
2489 2967 2557 3019 ad
2587 2978 2864 3023 extremum
2909 2980 3083 3039 terrae,
3130 2984 3175 3027 et
3213 2976 3299 3045 qui
3325 2977 3532 3045 fortitu-

1944 3054 2063 3109 dine
2104 3056 2278 3109 aaletis
2329 3057 2604 3111 vincimini.
2630 3060 2871 3129 Magnam
2909 3065 3105 3133 quippe
3137 3066 3360 3134 gloriam
3408 3077 3529 3124 tune

1944 3145 2202 3201 barbarus
2264 3146 2333 3201 ob
2385 3147 2676 3216 potentiam
2746 3150 3036 3207 obtinebat.
3114 3154 3299 3209 Fortes
3354 3168 3529 3214 autem

1944 3235 2031 3291 hic
2061 3236 2193 3291 dicit
2218 3252 2324 3291 non
2365 3252 2590 3308 corpore
2638 3240 2919 3309 robustos,
2965 3243 3058 3298 sed
3108 3259 3201 3300 eos
3239 3246 3328 3315 qui
3375 3262 3529 3317 pecu-

1942 3326 2149 3380 niarum
2177 3327 2328 3397 cepia
2353 3369 2367 3393 ,
2396 3335 2449 3383 et
2476 3328 2659 3396 gloriae
2701 3330 2986 3400 splendore
3036 3336 3310 3404 CODSpiClli
3358 3345 3529 3393 erant.

1944 3415 2005 3471 Si
2030 3418 2160 3470 enint
2190 3418 2370 3472 iterum
2396 3420 2778 3488 prwvalueritis,
2809 3422 2980 3492 inquit
2998 3464 3011 3487 ,
3042 3426 3222 3478 iterum
3245 3428 3530 3483 vincemiui.

1944 3508 2010 3563 Et
2040 3511 2391 3582 quodcumque
2410 3513 2675 3566 consilium
2703 3516 2934 3581 inieritis,
2960 3516 3223 3587 dissipabit
3247 3519 3494 3577 Dominus
3511 3542 3529 3577 .-

1942 3612 1986 3654 et
2011 3603 2213 3656 verbum
2238 3605 2586 3675 quodcumque
2615 3608 2810 3676 loquutt
2835 3611 3057 3678 fueritis,
3100 3628 3201 3665 non
3229 3614 3445 3668 manebit
3478 3617 3529 3669 in

1941 3692 2097 3758 vobis,
2122 3694 2241 3765 quia
2267 3694 2526 3748 nobiscum
2556 3695 2710 3750 Deus.
2740 3696 2873 3763 Quia
2900 3700 3037 3754 mala
3063 3702 3203 3771 apud
3247 3719 3339 3759 eos
3380 3715 3529 3759 crant

1941 3785 2184 3850 consilia,
2216 3793 2270 3840 et
2290 3788 2577 3854 sperabant
2604 3802 2665 3842 se
2688 3787 2874 3843 urbem
2904 3788 3071 3859 ipsam
3115 3807 3141 3843 a
3170 3792 3528 3849 [illidatucntis

1942 3874 2288 3929 demolituros
2310 3890 2450 3943 esse,
2483 3885 2535 3931 et
2577 3878 2653 3931 sic
2697 3877 2914 3933 domum
2939 3895 3273 3947 reversuros,
3303 3885 3528 3938 censilia

1941 3980 2126 4020 eorum
2155 3967 2206 4020 in
2234 3968 2467 4022 medium
2494 3966 2707 4021 adducit
2734 3968 2992 4036 propheta
3038 3977 3093 4023 et
3124 3972 3217 4033 ait,
3243 3974 3526 4027 verborum

1942 4065 2097 4111 tenus
2127 4058 2304 4110 omnia
2329 4068 2639 4112 remansura
2664 4072 2804 4113 esse.
2834 4059 3035 4115 Deinde
3059 4063 3179 4131 quia
3211 4078 3297 4118 res
3322 4079 3528 4118 annun-

1940 4146 2104 4201 tiabat
2124 4146 2411 4202 humanam
2440 4157 2680 4204 saturam
2704 4161 3039 4221 superantes,
3075 4164 3132 4209 ut
3178 4155 3281 4211 fide
3310 4157 3527 4227 dignum

1939 4254 2242 4294 sermonem
2270 4240 2536 4305 exhibeat,
2578 4241 2644 4295 ad
2692 4242 3005 4313 dignitatem
3033 4247 3284 4315 prmclare
3306 4263 3526 4316 operan-

1940 4334 2007 4387 tis
2038 4331 2344 4402 frequenter
2372 4331 2608 4403 confugit
2650 4334 2834 4389 dicens
2853 4376 2869 4401 ,
2904 4338 3035 4400 Quia
3065 4338 3322 4390 nobiscum
3352 4338 3488 4393 Deus
3510 4382 3524 4407 ,

1938 4434 1991 4479 et
2018 4425 2140 4493 quia
2167 4423 2283 4479 hare
2308 4425 2483 4478 omnia
2507 4424 2933 4480 machinamenta
2958 4426 3235 4495 dissipabit
3259 4430 3353 4499 (a).
3385 4430 3528 4496 Quo-

1938 4518 2077 4573 niam
2112 4518 2211 4587 ipsi
2238 4517 2427 4587 gloria.

2001 4653 2072 4713 (a)
2091 4658 2188 4717 nuc
2205 4650 2385 4717 desinit
2406 4649 2625 4717 savilius.
2639 4660 2695 4717 et
2706 4653 2963 4717 asteriseos
2980 4654 3159 4716 adjicit,
3176 4656 3311 4717 quasi
3333 4656 3523 4706 humilia

1933 4714 1997 4761 sit.
2021 4712 2298 4781 ιιιιιιίιετᾼρ
2322 4725 2442 4760 vere
2466 4712 2631 4761 mutila
2656 4714 2865 4773 videtur,
2900 4712 3265 4779 ignoraturquc,
3292 4730 3522 4781 quorsum

1938 4774 2229 4837 processerit
2248 4772 2628 4835 Chrysostomus.
