4048 6446
531 382 604 439 95
1225 372 1285 429 S.
1323 371 1610 431 JOANNIS
1648 369 2144 430 CHRYSOSTOMI
2180 367 2500 427 ARCIIIEP.
2541 364 3092 425 CONSTANTINOP.
3720 374 3788 430 96

519 570 3784 610 mw

1968 1003 2354 1067 MONITUM

1230 1194 1338 1254 AD
1383 1190 1778 1254 HOMILIAS
1823 1191 1905 1252 IN
1937 1189 2194 1253 OZIAM
2229 1190 2376 1252 SEU
2422 1188 2528 1251 DE
2577 1189 3072 1251 SERAPHINIS.

588 1421 673 1478 Ad
705 1420 968 1478 Homilias
1001 1422 1057 1476 in
1090 1419 1278 1477 Oziam
1301 1422 1421 1476 haec
1444 1426 1602 1475 notat
1634 1416 1904 1476 Henricus
1938 1417 2194 1485 Savilius,
2227 1415 2404 1473 Τοωο
2429 1416 2484 1483 8,
2513 1414 2570 1470 in
2606 1415 2752 1472 notis
2779 1415 2879 1472 col.
2915 1415 3021 1470 722
3053 1433 3066 1469 :
3103 1434 3121 1468 ι
3155 1415 3230 1470 Ex
3261 1414 3346 1471 his
3373 1414 3617 1487 quinque
3642 1413 3782 1472 Ora-

529 1535 772 1592 tionibus
815 1539 869 1592 in
909 1536 1094 1594 Oziam
1128 1537 1418 1610 Catalogus
1455 1537 1826 1611 Augustanus,
1858 1553 2014 1593 num.
2058 1536 2149 1603 30,
2185 1537 2275 1602 3i,
2314 1536 2404 1602 52,
2439 1535 2528 1602 55,
2555 1533 2797 1604 agnoscit
2818 1542 3069 1604 quatuor,
3112 1533 3214 1588 hoc
3241 1541 3346 1599 est,
3376 1531 3561 1588 demta
3592 1537 3783 1601 quarta

520 1661 746 1708 caeteras
775 1668 984 1710 omnes.
1018 1655 1088 1710 Et
1112 1652 1472 1726 proculdubio
1500 1667 1692 1708 omnes
1719 1652 1964 1723 γνήσιαι.
1997 1651 2234 1707 Primam
2271 1651 2416 1706 hanc
2441 1649 2528 1706 bis
2550 1649 2751 1705 editam
2784 1648 2972 1704 Romae
2999 1649 3406 1704 emendavimus
3437 1663 3505 1704 ex
3540 1655 3779 1719 quatuor

519 1762 738 1833 scriptis
765 1763 1078 1830 Codicibus,
1125 1779 1360 1834 quorum
1385 1764 1602 1834 primus
1636 1761 1743 1818 fuit
1773 1761 2091 1834 interpretis
2119 1761 2352 1828 Erasmi,
2388 1770 2445 1816 et
2472 1777 2621 1817 nunc
2659 1769 2745 1817 est
2772 1762 2829 1816 in
2854 1761 3185 1818 Bibliotheca
3221 1761 3609 1819 Universitatis
3635 1760 3783 1818 Oxo-

521 1883 730 1938 niensis
766 1900 779 1937 :
813 1882 1089 1938 secundus
1116 1897 1181 1937 ex
1208 1881 1543 1938 Bibliotheca
1581 1879 1806 1952 Collegii
1829 1878 1968 1934 Novi
2023 1876 2349 1934 Oxoniensis
2405 1884 2690 1947 promtus:
2727 1877 2922 1932 tertius
2948 1891 3014 1930 ex
3046 1874 3379 1931 Bibliotheca
3396 1875 3783 1932 Universitatis

518 1999 984 2072 Cantabrigiensis
1013 2018 1026 2053 :
1060 2006 1289 2069 quartus
1327 1998 1463 2053 mihi
1493 2013 1524 2052 a
1552 1997 1872 2054 doctissimo
1897 1994 2197 2052 Croshavio
2225 1994 2633 2060 commodatus;
2664 1991 2922 2047 adhibitis
2942 1991 3105 2046 etiam
3133 1989 3198 2056 ρ.
3231 1988 3478 2060 Septimii
3505 1988 3784 2044 Florentia

519 2113 834 2182 Christiani,
874 2114 978 2169 viri
1007 2111 1194 2168 multis
1224 2110 1546 2166 nominibus
1569 2109 1687 2166 orbi
1711 2108 2030 2165 Christiano
2065 2109 2205 2173 noti,
2237 2106 2532 2180 ingeniosis
2556 2114 2612 2161 et
2647 2103 2824 2160 doctis
2849 2101 3181 2173 coniecturis
3209 2119 3221 2154 :
3267 2116 3394 2156 nam
3424 2101 3581 2158 libris
3624 2101 3779 2167 Mss...

525 2242 585 2286 ut
611 2233 851 2296 videtur,
874 2245 1100 2300 prorsus
1127 2229 1548 2286 destituebatur.
1571 2228 1742 2283 Porro
1768 2229 1905 2284 sciat
1932 2228 2103 2284 lector
2144 2228 2201 2283 in
2227 2228 2480 2282 omnibus
2507 2225 2623 2282 fere
2661 2223 3048 2282 illustrioribus
3076 2222 3418 2279 bibliothecis
3446 2222 3618 2278 Italia
3639 2231 3694 2277 et
3723 2220 3774 2276 in

520 2351 686 2422 Regia
717 2348 945 2404 Lutetia:
974 2347 1206 2418 reperiri
1236 2346 1376 2402 inter
1402 2345 1775 2416 Chrysostomi
1809 2345 2118 2416 Manuscrip

2220 2345 2419 2400 librum
2464 2343 2814 2413 inscriptum,
2858 2340 3248 2412 Χρυσοπόμου
3287 2338 3630 2423 μτιιργειιρῐττςιιΣ
3665 2357 3678 2392 :
3709 2351 3781 2408 qu

518 2466 690 2522 codex
719 2466 858 2521 nihil
888 2465 1035 2522 aliud
1065 2465 1332 2530 continet,
1357 2479 1522 2535 quam
1570 2462 1898 2533 συναγωγὴν
1928 2462 2116 2533 quamd

2180 2479 2217 2517 n
2261 2461 2680 2518 lectissimarum
2714 2461 2798 2530 (ut
2834 2459 2939 2530 ipsi
2985 2460 3289 2526 συναγωγεϊ
3319 2458 3495 2512 visum
3527 2463 3635 2520 est,
3670 2467 3778 2508 non

518 2578 697 2648 magni
724 2577 916 2648 judi'cii
952 2578 1092 2643 viro,
1120 2576 1295 2647 utqui
1333 2576 1591 2646 pleraque
1618 2572 1917 2645 collegerit,
1954 2573 2098 2628 inter
2124 2589 2221 2629 sua
2255 2572 2568 2645 margarita,
2595 2570 2850 2626 subfusca
2879 2584 2946 2624 ac
2982 2569 3227 2639 liventia)
3263 2569 3573 2625 orationum
3613 2567 3784 2640 Chry-

520 2689 743 2746 sestomi
777 2708 792 2744 :
822 2705 928 2761 quo
959 2693 1016 2744 in
1048 2703 1279 2743 numero
1311 2696 1438 2742 sunt
1466 2688 1553 2743 hae
1590 2685 1834 2756 quinque
1870 2683 1928 2737 in
1957 2683 2166 2751 Oziam,
2195 2701 2289 2740 sex
2324 2695 2514 2741 contra
2541 2684 2782 2751 Iudaeos,
2813 2690 2868 2738 et
2903 2683 3021 2738 aliae
3060 2683 3127 2738 ad
3173 2683 3260 2750 70,
3285 2683 3372 2740 vel
3411 2684 3480 2739 80
3507 2699 3788 2753 numero;

520 2821 655 2876 quas
681 2821 872 2862 omnes
909 2806 1022 2861 suis
1052 2804 1186 2860 locis
1213 2800 1752 2874 repmsentabimus.
1787 2796 1944 2864 Quod
1990 2798 2272 2853 monuisse
2301 2813 2480 2868 operae
2504 2797 2739 2867 pretium
2767 2798 2890 2863 fuit,
2930 2812 3001 2851 ne
3029 2798 3150 2866 quis
3180 2797 3237 2852 in
3272 2796 3423 2851 illam
3453 2798 3779 2869 συναγωγὴν

520 2920 791 2986 incidens,
822 2919 1030 2979 aliquid
1053 2918 1178 2974 novi
1208 2931 1266 2973 se
1294 2923 1448 2987 putet
1467 2914 1757 2987 reperisse.
1795 2933 1814 2967 ι

592 3038 867 3094 Hactenus
899 3037 1155 3104 Savilius,
1184 3037 1277 3108 qui
1308 3046 1456 3092 recte
1502 3037 1757 3092 observat
1802 3032 2064 3089 llomilias
2102 3033 2220 3089 illas
2266 3042 2502 3102 quatuor
2540 3031 2597 3086 in
2639 3030 2826 3087 Oziam
2858 3031 2914 3084 in
2962 3027 3219 3101 Catalogo
3249 3029 3586 3098 Augustano,
3619 3042 3783 3099 quem

521 3152 774 3207 dedimus
800 3151 974 3207 Tomo
1004 3151 1058 3214 l,
1091 3166 1146 3222 p.
1177 3149 1302 3214 8M,
1339 3155 1691 3212 memoratas,
1717 3161 1840 3202 esse
1868 3144 2124 3216 primam,
2150 3143 2468 3211 secundam,
2504 3142 2720 3198 tertiam
2759 3151 2815 3196 et
2842 3141 3122 3212 quintam;
3151 3141 3295 3195 unde
3325 3141 3592 3211 sequitur,
3618 3156 3785 3212 quar-

524 3277 631 3323 tam
669 3268 723 3322 in
749 3270 889 3338 ejus,
926 3267 1017 3337 qui
1046 3265 1363 3336 Catalogum
1393 3263 1543 3318 illum
1582 3260 1693 3330 jam
1722 3261 1854 3315 olim
1901 3260 2272 3327 concinnavit,
2315 3259 2614 3330 exemplari
2643 3273 2754 3313 non
2789 3257 2980 3323 fuisse,
3011 3265 3107 3311 aut
3137 3257 3327 3312 saltem
3361 3272 3473 3312 non
3503 3257 3579 3314 lbi
3605 3257 3782 3313 fuisse

522 3379 716 3435 eodem
741 3386 974 3450 posntam
1002 3377 1213 3433 ordine.
1234 3373 1486 3445 Vereque
1510 3374 1854 3445 exploratum
1879 3381 1984 3439 est,
2015 3371 2180 3428 hasce
2199 3372 2452 3427 homilias
2481 3387 2590 3427 non
2614 3385 2735 3426 esse
2763 3385 2954 3425 omnes
2984 3384 3050 3424 eo
3076 3369 3287 3435 ordine,
3315 3385 3424 3439 quo
3445 3370 3647 3427 habitae
3668 3370 3784 3444 [94]

523 3499 672 3558 sunt,
713 3490 940 3562 positas.
981 3487 1165 3543 Prima
1213 3486 1364 3543 enim
1395 3501 1519 3541 cum
1553 3483 1795 3540 secunda
1826 3498 1938 3538 non
1972 3484 2232 3551 cohaeret,
2264 3483 2589 3552 videturque
2618 3482 2762 3538 dicta
2791 3482 2952 3552 longo
3001 3491 3128 3552 post
3158 3483 3454 3538 secundam
3507 3484 3784 3556 temporej;

522 3620 723 3675 nempe
750 3603 989 3674 quando,
1025 3601 1313 3673 imperium
1346 3607 1570 3655 tenente
1615 3597 1813 3668 ignavo
1855 3595 2093 3666 quodam
2127 3605 2184 3652 et
2214 3596 2345 3652 boni
2377 3595 2588 3653 consilii
2619 3605 2842 3667 experte
2873 3595 3140 3667 principe,
3189 3598 3407 3654 barbari
3441 3599 3785 3665 invaserunt,

525 3718 800 3777 exercitus
836 3716 1207 3772 Romanorum
1251 3712 1570 3783 proﬂigatus
1629 3719 1734 3775 est,
1790 3709 2128 3766 calamitates
2177 3710 2437 3766 immissa:
2478 3720 2635 3778 sunt;
2692 3725 2813 3780 qua:
2841 3713 3026 3766 omnia
3075 3721 3324 3768 recenset
3366 3712 3788 3785 Chrysostomus

525 3842 658 3883 num
688 3829 743 3884 4.
778 3828 904 3883 llaec
935 3841 1101 3898 porro
1127 3826 1183 3881 in
1217 3822 1434 3879 Arcadii
1458 3822 1768 3892 imperium,
1793 3822 1939 3893 quod
1969 3821 2136 3892 coepit
2164 3837 2309 3877 anno
2346 3823 2469 3886 595,
2507 3822 2796 3879 referenda
2814 3825 3091 3892 videntur,
3122 3837 3184 3884 ut
3217 3829 3599 3888 animadvertit
3620 3833 3785 3890 etiam

525 3940 611 3996 vir
638 3941 1023 4013 sagacissimus
1048 3936 1452 3994 Tillemontius.
1483 3936 1566 3992 Ad
1608 3936 1726 3990 haec
1750 3943 1934 3990 autem
1960 3933 2137 4004 prima
2167 3931 2224 3986 in
2275 3933 2460 3988 Oziam
2506 3936 2663 4004 quasi
2694 3937 2979 3993 occasione
3017 3940 3246 4007 quadam
3283 3951 3492 3997 tantum
3522 3944 3580 3998 in
3609 3945 3785 4001 histo-

528 4055 664 4109 riam
695 4054 839 4109 Ozize
869 4063 927 4108 et
954 4053 1011 4107 in
1045 4052 1477 4122 Seraphinorum
1503 4049 1770 4106 visionem
1799 4047 1991 4104 incidit
2027 4064 2043 4101 ι
2077 4046 2152 4102 ita
2179 4055 2241 4101 ut
2265 4049 2503 4104 secunda
2526 4051 2610 4105 vel
2640 4066 2706 4106 ex
2737 4052 2898 4107 modo
2927 4053 3196 4120 ordiendi,
3224 4055 3328 4110 alio
3362 4057 3503 4112 facta
3544 4067 3789 4129 tempore

529 4171 746 4242 aliaque
775 4168 1062 4225 occasione
1094 4165 1277 4222 statim
1305 4164 1574 4218 videatur.
1604 4162 1766 4218 Certe
1804 4161 1980 4232 prima
2009 4161 2103 4216 diu
2129 4172 2343 4233 postea,
2375 4161 2590 4218 Arcadii
2619 4178 2816 4233 nempe
2852 4172 3117 4235 tempore,
3155 4175 3216 4221 ut
3242 4183 3306 4222 ex
3331 4169 3647 4240 conjectura
3677 4182 3790 4228 sta-

531 4285 723 4351 tuitur,
756 4284 901 4340 dicta
937 4281 1120 4338 fuerit.
1147 4283 1230 4334 An
1260 4295 1389 4334 vero
1415 4277 1743 4341 Antiochia,
1775 4293 1845 4330 an
1880 4275 2375 4348 Constantinopoli,
2413 4293 2523 4332 non
2552 4278 2626 4332 ita
2648 4278 2802 4333 facile
2840 4290 2924 4335 est
2955 4281 3224 4337 divinare.

598 4402 850 4458 Secunda
879 4396 1183 4454 Antiochiae
1213 4393 1359 4449 haud
1393 4392 1556 4448 dubie
1587 4391 1775 4447 habita
1795 4399 1897 4446 est.
1926 4391 1980 4445 ld
2004 4391 2148 4460 quod
2183 4407 2249 4446 ex
2274 4393 2363 4458 iis,
2383 4407 2506 4461 quae
2536 4391 2678 4446 circa
2707 4391 2870 4447 linem
2900 4395 3138 4451 homiliae
3166 4399 3260 4464 ait,
3285 4401 3560 4472 arguitur;
3591 4419 3792 4477 nempe

531 4529 590 4569 se
624 4514 786 4567 citius
810 4511 974 4565 ﬁnem
997 4508 1212 4564 dicendi
1242 4505 1442 4570 facere,
1475 4512 1536 4558 ut
1559 4503 1680 4563 loco
1710 4501 1869 4558 cedat
1898 4502 2221 4573 praeceptori
2253 4517 2351 4557 seu
2392 4501 2718 4572 διδασκάλῳ,
2778 4505 2986 4560 scilicet
3032 4507 3287 4564 Flaviano
3329 4512 3628 4570 Antiochia:
3673 4518 3793 4587 epi-

534 4642 722 4696 scopo,
757 4626 902 4696 quod
923 4634 978 4680 et
1011 4625 1137 4678 alibi
1169 4624 1371 4694 passim
1407 4621 1608 4678 factum
1645 4620 2132 4691 deprehendimus.
2161 4619 2240 4675 De
2288 4636 2433 4675 anno
2470 4629 2654 4676 autem
2703 4636 2812 4676 non
2863 4623 2938 4678 ita
2971 4624 3126 4681 facile
3167 4638 3250 4683 est
3278 4631 3363 4684 vel
3389 4646 3453 4686 ex
3477 4634 3790 4705 conjectura

529 4743 735 4799 dicere.
767 4742 903 4797 Nam
933 4741 1078 4812 quod
1112 4741 1493 4795 Tillemontius
1541 4740 1874 4810 suspicatur,
1923 4753 2047 4793 cum
2094 4748 2372 4808 comparat
2396 4738 2817 4811 Chrysostomus
2860 4741 3161 4798 doctrinam
3201 4761 3354 4801 suam
3397 4751 3602 4805 recenti
3643 4752 3792 4819 vino,

532 4856 838 4912 doctrinam
883 4863 1066 4909 autem
1117 4851 1358 4907 Flaviani
1390 4851 1517 4906 vino
1557 4851 1751 4916 veteri,
1777 4865 1836 4904 se
1872 4849 1989 4903 haec
2018 4849 2175 4904 initio
2203 4850 2490 4905 sacerdotii
2515 4851 2598 4905 sui
2629 4853 3013 4908 concionatum
3048 4855 3394 4915 subindicare
3429 4879 3442 4914 :
3471 4861 3602 4918 illud
3646 4874 3795 4919 certe

529 4973 618 5029 vel
660 4973 778 5043 ipso
810 4969 1142 5025 Tillcmontii
1174 4968 1384 5040 judicio
1414 4966 1749 5021 levissimum
1783 4975 1902 5033 est;
1936 4965 2182 5036 ejusdem
2209 4968 2422 5038 generis
2448 4977 2528 5022 est
2557 4967 2690 5022 illud
2715 4969 2860 5023 aliud
2899 4971 3177 5040 indicium,
3204 4975 3328 5031 inde
3357 4988 3619 5044 sumtum,
3651 4983 3795 5051 quod

531 5089 693 5158 paulo
712 5094 834 5157 post
859 5086 1074 5141 initium
1101 5083 1230 5140 dicit
1265 5098 1323 5137 se
1349 5081 1572 5153 dignum
1618 5081 1864 5136 habitum
1892 5081 2059 5137 fuisse
2096 5085 2187 5152 qui
2229 5083 2374 5152 apud
2399 5083 2518 5138 illos
2547 5083 2984 5151 concionaretur,
3018 5089 3459 5164 κατηξιώθημεν.
3499 5096 3635 5151 Nam
3662 5099 3793 5168 quid

537 5208 666 5262 inde
709 5207 930 5273 inferas,
969 5223 1094 5262 cum
1125 5214 1337 5260 certum
1367 5204 1436 5259 sit
1474 5201 1924 5272 Chrysostomum
1952 5217 2061 5256 non
2090 5202 2265 5272 primo
2313 5203 2485 5258 solum
2516 5218 2680 5270 anno,
2710 5205 2803 5259 sed
2844 5206 3005 5259 etiam
3035 5211 3297 5276 secundo,
3327 5212 3506 5276 tertio,
3542 5213 3794 5284 aliisque,

539 5323 734 5378 honori
763 5321 864 5377 sibi
899 5322 1044 5376 haud
1070 5322 1235 5376 dubie
1258 5320 1477 5375 duxisse
1509 5319 1654 5389 quod
1684 5332 1871 5373 coram
1906 5326 2054 5372 tanta
2097 5319 2275 5389 plebe,
2311 5321 2568 5391 episcopo
2617 5337 2759 5392 saepe
2790 5335 3078 5392 praesente,
3109 5326 3559 5380 concionaretur?
3592 5327 3792 5385 Verum

539 5439 773 5509 aliquam
804 5434 1067 5505 temporis
1093 5444 1300 5502 notam,
1334 5449 1497 5502 quam
1521 5448 1630 5487 non
1661 5430 2047 5488 animadvertit
2072 5434 2474 5500 Tillemontius,
2507 5435 2633 5489 inde
2659 5452 2873 5492 sumere
2905 5439 3052 5504 licet,
3075 5439 3219 5509 quod
3241 5455 3394 5495 num.
3426 5440 3460 5493 2
3493 5452 3547 5496 et
3575 5445 3626 5512 5,
3643 5458 3794 5516 post-

540 5572 701 5626 quam
723 5554 933 5610 dixerat
956 5553 1125 5608 Deum
1153 5551 1444 5606 Abrahami
1472 5551 1681 5606 nomini
1711 5552 1982 5607 addidisse
2009 5553 2241 5620 literam,
2267 5556 2338 5608 ita
2365 5554 2534 5624 utqui
2571 5554 2781 5626 Ἀϐρὰμ
2807 5558 3123 5624 vocabatur,
3150 5558 3401 5628 ’Δὸραάμ
3430 5571 3619 5629 postea
3648 5564 3794 5619 dice-

545 5678 715 5735 retur,
767 5677 819 5722 ut
861 5669 1022 5725 unius
1051 5666 1221 5723 literae
1253 5665 1624 5722 additamcnto
1669 5665 1882 5736 signum
1922 5665 2260 5738 principatus
2293 5668 2394 5740 ipsi
2442 5668 2629 5733 daret;
2683 5679 2867 5739 postea
2923 5671 3311 5742 subjunxerit:
3359 5670 3494 5726 ἀλλὰ
3544 5674 3666 5745 περὶ
3697 5676 3795 5749 μὲν
