4048 6442
230 402 299 457 95
986 387 1056 444 IN
1088 387 1324 455 lLLlJD,
1363 385 1502 443 VIDI
1543 385 1828 443 DOMlNlil

1900 385 2138 442 HOMIL.
2179 386 2219 442 i.
2249 416 2321 430 —-
2358 384 2706 445 MONITUI.
3403 397 3474 453 96

235 504 514 577 ὀνομάτων
537 506 595 559 ἐν
624 505 795 577 ἑτέρῳ
824 505 1005 579 καιρῷ
1025 507 1382 578 διηγήσομαι,
1411 506 1502 559 sed
1522 505 1589 558 de
1608 505 1833 559 nominib

1883 521 1903 558 ι
1932 504 2039 557 alio
2070 514 2299 573 tempore
2348 506 2629 570 disseram,
2675 519 2784 576 quo
2812 503 3077 577 signiﬁcat
3115 519 3174 562 se
3206 504 3274 560 de
3301 516 3481 560 muta-

230 620 374 675 tione
398 622 682 676 nominum
708 630 896 692 postea
925 622 1201 678 dicturum
1234 637 1386 689 esse;
1412 622 1464 677 id
1481 621 1628 692 quod
1644 621 1859 677 abunde
1885 620 2138 691 praestitit
2163 620 2218 674 in
2243 629 2477 691 quatuor
2502 621 2749 678 Homiliis
2763 623 2831 677 de
2854 621 3148 677 nutatione
3177 630 3479 689 nominum,

229 750 362 806 quas
398 739 569 795 babes
588 737 760 795 Tomo
783 740 838 805 5,
866 739 959 795 ubi
985 740 1055 796 de
1083 739 1392 796 mutatione
1425 739 1668 793 nominis
1706 738 1981 793 Abraham
2029 737 2229 808 agitur,
2264 752 2321 807 p.
2348 736 2469 802 107,
2499 746 2555 793 et
2587 739 2709 802 ΗΞ,
2744 748 2800 793 et
2826 738 3089 794 Sermone
3110 755 3258 795 nono
3286 739 3341 794 in
3373 740 3482 796 Ce-

232 848 431 913 nesim,
455 850 547 917 qui
576 861 699 921 post
719 852 1012 907 secundam
1050 851 1344 907 Homiiiam
1369 851 1437 907 de
1468 851 1770 907 Mutatione
1794 848 2080 904 nominum
2112 849 2330 905 habitus
2355 858 2461 915 est,
2495 850 2587 905 ubi
2619 851 2782 907 etiam
2812 853 2881 907 de
2912 855 3214 909 mutatione
3250 854 3488 910 nominis

234 963 468 1019 Abrahae
490 965 689 1036 agitur,
719 981 774 1036 p.
805 966 927 1022 691.
958 965 1188 1023 Certum
1238 966 1423 1037 itaque
1454 966 1906 1039 exploratumque
1930 966 2127 1030 habeo,
2156 964 2298 1021 hanc
2328 965 2609 1020 homiliam
2656 967 2847 1022 eodem
2878 983 3024 1022 anno
3054 968 3292 1024 habitam
3322 971 3486 1026 fuisse

234 1088 342 1143 quo
368 1074 475 1129 illa:
502 1074 571 1130 de
600 1074 895 1133 Mutatione
921 1080 1208 1133 nominum
1236 1079 1395 1135 dicta:
1442 1086 1592 1143 sunt,
1634 1094 1743 1149 quo
1775 1077 1940 1133 etiam
1984 1074 2230 1131 Homiliaz
2264 1075 2319 1129 in
2359 1075 2616 1131 Genesim
2654 1077 2928 1147 sexaginta
2964 1086 3207 1147 septem;
3239 1078 3485 1139 Homilie

234 1189 363 1245 item
391 1192 445 1245 in
469 1192 729 1248 Actorum
751 1195 1189 1267 inscriptionem,
1221 1205 1278 1252 et
1313 1197 1431 1252 alia;
1466 1196 1734 1266 quaadam,
1771 1204 1832 1250 ut
1874 1196 2061 1251 videas
2090 1197 2411 1252 Praafatione
2436 1195 2490 1250 in
2517 1204 2772 1266 quartum
2802 1195 3056 1262 Tomum,
3098 1205 3155 1251 et
3186 1197 3242 1250 in
3274 1196 3485 1253 Monito

234 1306 302 1361 ad
328 1307 591 1363 Homilias
624 1309 675 1363 in
712 1310 1128 1381 inscriptionem
1151 1312 1410 1368 Actorum
1440 1312 1612 1366 Tomo
1644 1313 1697 1366 5.
1729 1310 1864 1377 Quis
1888 1326 2017 1368 vero
2041 1311 2218 1367 sitille
2250 1326 2449 1376 annus,
2494 1310 2738 1365 nondum
2779 1311 2933 1381 potui
2975 1311 3241 1381 probabili
3295 1311 3483 1383 conje-

234 1431 385 1477 ctura
417 1426 671 1495 assequi:
702 1425 818 1481 ha‘c
846 1427 1031 1481 omnia
1062 1427 1119 1481 in
1141 1442 1345 1480 annum
1368 1426 1472 1482 388
1506 1423 1699 1493 conjici
1734 1424 1874 1478 forte
1903 1432 2147 1493 possent.

301 1533 537 1589 Homilia
568 1536 723 1589 tertia
764 1535 1043 1605 aliquanto
1073 1545 1319 1606 tempore
1354 1543 1478 1605 post
1526 1533 1823 1589 secundam
1868 1532 2052 1587 habita
2100 1541 2201 1597 est,
2241 1531 2638 1604 Flavianusque
2671 1533 2961 1605 episcopus
2993 1544 3116 1605 post
3161 1536 3487 1605 Chrysosto-

233 1661 383 1701 mum
410 1648 765 1704 concionatus
791 1658 907 1717 est;
941 1650 1037 1705 sed
1066 1650 1157 1705 hic
1184 1651 1253 1705 de
1284 1648 1631 1721 Martyribus,
1659 1647 2081 1717 Chrysostomus
2116 1656 2299 1702 autem
2331 1647 2399 1703 de
2431 1646 2562 1704 Ozia
2587 1657 2642 1704 et
2680 1648 2749 1704 de
2778 1646 3118 1719 Seraphinis,
3172 1650 3283 1705 imo
3310 1651 3490 1722 potius

235 1759 303 1814 de
327 1759 583 1829 superbia
621 1758 766 1817 Oziaa
795 1764 957 1835 regis,
982 1779 1104 1833 quat
1133 1764 1313 1833 ipsum
1345 1763 1682 1834 praecipitem
1714 1760 1883 1816 dedit.

308 1880 537 1937 Homilia
570 1891 761 1955 quarta
791 1886 943 1941 nullo
963 1888 1126 1944 modo
1154 1904 1320 1960 posse
1352 1889 1598 1946 creditur
1625 1889 1691 1945 ad
1732 1890 1935 1960 quintae
1967 1890 2165 1945 seriem
2190 1889 2415 1955 deduci;
2459 1888 2586 1944 licet
2628 1887 2775 1943 enim
2806 1885 2950 1941 circa
2988 1882 3229 1938 medium
3256 1884 3323 1938 de
3361 1882 3489 1937 Ozia

236 2013 447 2076 agatur,
478 2001 615 2057 nihil
662 2014 747 2060 est
775 2006 917 2075 quod
953 2008 1188 2065 suadere
1227 2024 1390 2080 posse
1440 2009 1689 2065 videatur
1716 2009 1861 2065 hanc
1888 2009 2080 2065 eodem
2113 2016 2380 2079 tempore,
2412 2005 2709 2076 eademque
2740 2006 2797 2059 in
2837 2004 2973 2059 urbe
3016 2003 3257 2058 habitam
3300 2000 3488 2055 fuisse.

239 2128 353 2182 lino
394 2140 524 2179 vero
544 2140 653 2179 non
685 2126 885 2181 desunt
914 2144 1037 2197 qua:
1074 2126 1428 2183 subindicent
1456 2128 1601 2183 banc
1619 2126 2095 2197 Constantinopoli
2120 2125 2289 2180 fuisse
2316 2126 2543 2181 dictam.
2576 2122 2943 2189 Quamobrem
2976 2121 3101 2190 jure
3126 2119 3172 2174 is
3203 2119 3294 2187 qui
3329 2118 3490 2172 Cata-

238 2240 416 2309 logum
446 2255 671 2310 operum
697 2237 1068 2313 Cbrysostomi
1103 2242 1347 2312 γνησίων
1388 2242 1501 2312 jam
1550 2242 1681 2298 olim
1711 2242 2083 2304 concinnavit,
2137 2242 2283 2296 hanc
2311 2256 2422 2295 non
2465 2239 2520 2294 in
2558 2238 2895 2308 reliquarum
2923 2237 3067 2291 serie
3100 2235 3305 2306 posuit.
3335 2234 3488 2287 illum

240 2354 362 2409 vide
386 2352 700 2425 Catalegum
733 2354 888 2409 Tom.
926 2354 978 2418 1,
1011 2370 1066 2425 p.
1100 2354 1227 2411 841.
1259 2352 1374 2409 Hoc
1399 2362 1583 2408 autem
1611 2369 1699 2407 me
1724 2362 1909 2409 movet
1933 2363 1994 2407 ut
2013 2351 2485 2421 Constantinopoli
2509 2350 2711 2405 editam
2744 2348 3066 2418 conjiciam;
3108 2364 3233 2402 nam
3271 2348 3326 2403 id
3348 2348 3494 2419 quod

238 2466 371 2525 dicit
402 2469 704 2539 σύγκλητον
728 2467 842 2538 ἔχει
873 2468 967 2521 καὶ
996 2468 1238 2530 ὑπάτους
1267 2467 1525 2539 ἀριθμεῖν
1561 2466 1781 2536 ἔχομεν,
1806 2466 1983 2519 ὠνίων
2012 2466 2294 2533 ἀφθονίαν,
2332 2464 2533 2527 θέσεως
2557 2462 2997 2533 ἐπιτηδειότητα,
3046 2460 3298 2516 Senatum
3341 2464 3495 2519 habet

241 2583 460 2654 (nempe
498 2582 675 2651 urbs),
727 2590 775 2634 et
824 2581 1057 2634 consules
1084 2596 1366 2635 numerare
1392 2596 1685 2649 possumus,
1736 2579 2002 2633 venalium
2029 2582 2255 2650 copiam,
2282 2580 2443 2633 situm
2490 2578 2846 2641 commodum;
2899 2577 3043 2646 quod
3092 2575 3276 2631 Roma:
3305 2579 3495 2633 urbem

238 2708 550 2769 comparat;
580 2697 724 2767 quod
756 2710 876 2751 eam
909 2697 1043 2751 dicit
1071 2697 1222 2752 orbis
1244 2697 1621 2767 metropoiim;
1654 2698 1773 2753 haec
1804 2698 2067 2752 nimirum
2090 2698 2275 2754 omnia
2304 2714 2413 2752 non
2450 2696 2611 2752 video
2642 2710 2803 2765 posse
2835 2695 2993 2749 alteri
3022 2712 3185 2767 quam
3223 2696 3496 2751 Constan-

241 2810 471 2880 tinopoli
503 2819 817 2880 competere
846 2824 1037 2879 posse;
1070 2809 1174 2865 etsi
1199 2809 1604 2877 'l‘illcmontius,
1660 2813 2065 2868 subdubitando
2113 2822 2318 2879 tamen,
2356 2782 2474 2866 haec
2516 2811 2585 2865 ad
2622 2809 2967 2865 Antiochiam
3002 2809 3206 2864 referre
3244 2820 3494 2866 conetur.

240 2927 588 2997 Quapropter
615 2926 757 2979 hanc
782 2933 935 2980 extra
966 2926 1169 2980 seriem
1221 2925 1451 2980 aliarum
1493 2941 1838 2995 reponerem,
1888 2927 1933 2981 si
1960 2942 2059 2997 per
2084 2926 2486 2994 manuscriptos
2520 2922 2751 2978 Codices
2792 2924 3001 2986 liceret,
3035 2922 3126 2977 ubi
3155 2922 3244 2976 hic
3275 2922 3411 2977 ordo
3439 2932 3499 2977 ut

240 3041 536 3111 plurimum
568 3040 759 3096 saltem
791 3040 1136 3097 observatur.
1170 3038 1297 3095 Haec
1317 3055 1482 3110 porro
1504 3040 1730 3095 homilia
1781 3040 1963 3095 habita
1999 3050 2084 3095 est
2115 3055 2239 3094 cum
2273 3046 2441 3092 aastus
2490 3046 2637 3092 esset
2681 3037 2894 3107 ingens,
2922 3036 3149 3102 aestatis,
3187 3045 3248 3090 ut
3276 3036 3498 3091 credere

240 3169 344 3224 est,
378 3168 642 3229 tempore.

315 3276 548 3330 iiomilia
572 3275 735 3346 igitur
758 3274 945 3345 quinta
975 3275 1191 3329 tertiam
1228 3274 1422 3329 ordine
1451 3284 1683 3344 sequuta
1708 3285 1814 3343 est,
1839 3292 1963 3332 cum
2000 3275 2198 3345 illaque
2228 3273 2508 3338 convenit,
2533 3286 2646 3326 non
2678 3270 2807 3325 item
2844 3283 2969 3323 cum
3008 3275 3223 3337 quarta,
3250 3281 3370 3334 qum
3393 3265 3499 3317 alio

243 3394 513 3458 tempore,
546 3386 651 3441 aiio
681 3394 741 3441 ut
787 3385 1003 3441 videtur
1030 3387 1175 3452 loco,
1220 3386 1570 3457 pronuntiata
1618 3384 1739 3439 fuit.
1770 3385 1932 3440 Sexta
1962 3394 2142 3439 autem
2177 3384 2396 3439 homilia
2427 3380 2673 3451 quintam
2703 3376 2887 3432 nativo
2928 3375 3119 3430 ordine
3150 3375 3417 3443 sequitur,
3445 3382 3502 3428 et

247 3502 560 3557 Antiochia:
594 3501 780 3556 habita
812 3501 934 3557 fuit.
961 3501 1088 3558 Haec
1124 3518 1288 3573 porro
1313 3511 1462 3557 sexta
1487 3501 1711 3556 homilia
1734 3502 1879 3556 dicta
1926 3500 2029 3556 fuit
2060 3498 2247 3572 paucis
2283 3499 2475 3554 diebus
2522 3504 2649 3550 ante
2686 3490 3184 3562 Quadragesimam,
3231 3488 3359 3543 anni
3386 3488 3498 3542 for-

244 3622 392 3670 tasse
420 3613 524 3670 588
553 3631 566 3668 :
604 3629 708 3684 qua
736 3614 803 3669 de
837 3630 896 3669 re
923 3630 1035 3669 non
1075 3616 1300 3670 omnino
1331 3615 1621 3681 constabit,
1654 3615 1829 3670 donec
1860 3614 1987 3684 quid
2020 3612 2205 3668 indicii
2234 3611 2547 3666 accesserit.

314 3729 568 3798 Quinque
596 3729 839 3799 priorum
888 3731 1268 3801 interpretatio
1317 3742 1400 3787 est
1427 3730 1658 3798 Erasmi,
1697 3746 1861 3800 quam
1910 3730 2092 3785 multis
2129 3729 2181 3784 in
2227 3727 2359 3782 locis
2394 3722 2832 3787 cmendavimus;
2881 3729 3044 3775 sextae
3081 3730 3164 3775 est
3210 3720 3503 3780 Frontonis

246 3838 448 3896 Duca-i.
