4048 6472
590 497 661 554 97

1278 463 1334 518 S.
1367 458 1648 518 JOANNIS
1682 453 2166 516 CHRYSOSTOMI
2204 451 2520 516 ARCIIIEP.
2562 444 3110 508 CONSTANTINOP.

3748 467 3818 524 98

593 698 3804 730 W

1969 922 2453 1013 ΕΠΑΙΝΟΣ

581 1113 699 1188 [95]
746 1115 865 1168 Τῶν
917 1111 1394 1180 ἀπαντησάντων
1444 1109 1512 1162 ἐν
1559 1106 1633 1175 τῇ
1687 1105 2007 1172 ἐκκλησίᾳ,
2071 1104 2167 1157 καὶ
2241 1103 2373 1170 περὶ
2431 1101 2703 1168 εὐταξίας
2735 1104 2805 1155 ἐν
2851 1101 2981 1168 ταῖς
3009 1101 3407 1173 δοξολογίαις.
3438 1105 3547 1160 Καὶ
3587 1110 3672 1174 είς
3716 1109 3809 1173 τὸ,

1131 1222 1148 1255 ι
1179 1199 1359 1258 Εἶδον
1398 1199 1503 1254 τὸν
1530 1199 1746 1267 Κύριον
1772 1195 2109 1265 καθήμενον
2137 1194 2235 1249 ἐπί
2279 1195 2495 1263 θρόνου
2521 1192 2763 1262 ὑψηλοῦ
2790 1193 2886 1247 καί
2919 1193 3276 1263 ἐπηρμένου.
3308 1214 3328 1247 ι

652 1640 718 1694 α’.
753 1637 957 1708 Πολλὴν
973 1639 1082 1712 δρῶ
1095 1639 1193 1710 τὴν
1211 1638 1442 1710 σπουδὴν
1453 1638 1889 1709 ἐνδεικνυμένους
1904 1637 2046 1708 ὑμᾶς
2063 1638 2140 1698 εἰς

583 1721 740 1794 ιργον
763 1722 986 1789 ἀγαγεῖν
1030 1721 1098 1775 τὰ
1139 1719 1328 1792 πρώην
1358 1723 1488 1791 ἡμῖν
1531 1721 1815 1791 εἰρημένα.
1853 1719 1950 1772 Διά
1985 1718 2141 1772 τοῦτο

582 1803 758 1856 τοίνυν
791 1803 997 1866 ἀόκνως
1024 1803 1092 1855 τά
1119 1803 1215 1872 τῆς
1245 1802 1587 1865 διδασκαλίας
1623 1801 1776 1868 κάγὼ
1814 1800 2142 1855 καταϐάλλο-

586 1903 683 1955 μαι
707 1885 1013 1955 σπέρματα,
1040 1886 1303 1954 χρησταῖς
1323 1883 1570 1937 ἐντεῦθεν
1601 1886 1718 1946 ταῖς
1748 1882 1925 1935 ἐλπίσι
1946 1881 2139 1951 τρεφό-

585 1982 744 2036 μενος
777 1979 822 2020 υ.
859 1966 967 2019 Καὶ
995 1966 1102 2036 γὰρ
1132 1967 1159 2017 ὁ
1204 1966 1466 2038 γεωργὸς,
1496 1966 1694 2019 ὁπόταν
1738 1966 1884 2035 πόνῳ
1933 1966 2030 2035 μὲν
2073 1964 2142 2016 τὰ

584 2048 872 2118 σπέρματα
899 2048 1202 2118 καταϐάλῃ,
1225 2047 1562 2118 εὐφοροῦσαν
1598 2047 1654 2100 δέ
1689 2047 1788 2117 τὴν
1818 2050 1921 2118 γῆν
1957 2047 2051 2100 καὶ
2074 2046 2141 2098 τὰ

581 2129 708 2200 λήῖα
751 2129 1004 2199 κομῶντα
1044 2130 1322 2198 θεάσηται,
1369 2129 1471 2182 τῶν
1501 2129 1688 2200 πρώην
1731 2129 2140 2183 ἐπιλανθάνεται

584 2212 784 2272 κόπων,
813 2212 904 2265 καὶ
942 2211 1077 2282 πρὸς
1101 2211 1198 2282 τὴν
1225 2211 1349 2283 ἑξῆς
1382 2212 1641 2281 ἐργασίαν
1669 2228 1728 2264 τε
1757 2213 1849 2265 καὶ
1877 2213 2142 2282 συντήρη-

581 2312 668 2348 σιν
697 2293 774 2363 τῷ
799 2295 825 2334 ιι
869 2293 1297 2364 προσδοκωμένῳ
1326 2293 1662 2346 διανίσταται
1704 2294 1901 2363 κέρδει.
1949 2294 2140 2347 Καίτοι

582 2376 748 2429 πόσον
788 2377 1143 2447 ποριμωτέρα
1172 2377 1264 2429 καὶ
1307 2375 1597 2445 ἐπικερδὴς
1623 2375 1762 2445 αὕτη
1807 2375 2141 2444 καθέστηκεν

583 2461 617 2529 ἡ
648 2459 915 2530 γεωργίαι
956 2457 1169 2527 Ἐκείνη
1199 2458 1298 2529 μέν
1326 2458 1434 2528 γάρ
1462 2457 1570 2511 τῶν
1594 2457 1817 2529 καρπῶν
1835 2458 1944 2510 τῶν
1963 2457 2142 2529 αίσθηο

580 2542 691 2593 τῶν
720 2541 1146 2611 περιποιουμένη
1186 2542 1283 2611 τὴν
1314 2541 1591 2609 ἀφθονίαν,
1626 2540 1869 2610 σώμασιν
1897 2541 2143 2594 ἐναποτίο-

583 2622 731 2675 θεται
754 2625 986 2692 τροφήν·
1022 2621 1158 2692 αῦτη
1182 2623 1237 2675 δὲ
1263 2623 1359 2693 τὴν
1379 2623 1485 2677 τῶν
1510 2623 1682 2690 λόγων
1703 2621 2140 2692 καταδαλλομένη

579 2703 942 2769 διδασκαλίαν,
1007 2705 1102 2758 καὶ
1142 2704 1210 2758 τὰ
1255 2705 1347 2757 τοῦ
1411 2703 1728 2773 Πνεύματος
1779 2704 2140 2766 πλεονάζουσα

581 2786 913 2856 χαρίσματα,
947 2785 1036 2838 τὸν
1075 2785 1302 2855 ψυχικὸν
1343 2784 1718 2838 ἐναποτίθεται
1764 2783 2009 2850 πλοῦτον,
2044 2785 2141 2851 τὴν

580 2867 920 2936 ἀδαπάνητον
943 2868 1034 2920 καὶ⁸
1068 2869 1342 2937 ἀκήρατον
1368 2866 1590 2938 τροφὴν,
1620 2867 1720 2936 τὴν
1751 2867 1823 2936 μὴ
1857 2865 2140 2934 διαλυομέ-

582 2965 701 3018 νην,
751 2949 883 3018 μηδὲ
933 2948 1290 3019 φθειρομένην
1335 2948 1622 3017 ἀκολουθίᾳ
1662 2958 1710 3012 ε,
1744 2947 1878 3000 ἀλλὰ
1921 2948 2141 3017 ἀρρήτῳ

580 3030 686 3084 τινὶ
709 3047 870 3101 συντη
881 3031 1145 3102 ρουμένην
1168 3031 1410 3101 προνοίᾳ,
1437 3030 1532 3083 καὶ
1556 3030 1751 3099 νοητὴν
1778 3029 1874 3100 τὴν
1905 3029 2141 3082 ἀπόλαυ-

583 3129 668 3168 σιν
691 3113 935 3184 ἐχουσαν.
993 3113 1140 3182 Αὕτη
1177 3115 1285 3167 τῶν
1332 3113 1479 3183 ἐμῶν
1523 3113 1699 3166 πόνων
1737 3114 1769 3182 ἡ
1813 3111 2137 3182 ἐπικαρπία,

474 3223 481 3232 ·
581 3189 736 3261 οὗτος
782 3200 810 3249 ὁ
858 3196 1304 3267 ἐναποτιθέμενος
1350 3198 1416 3267 τῇ
1475 3195 1629 3266 ὑμῶν
1658 3196 1842 3265 ἀγάπῃ
1893 3195 2138 3256 πλοῦτος.

583 3279 780 3332 Τοῦτον
819 3275 908 3331 οὖν
958 3278 1315 3348 αὐξανόμενον
1357 3280 1413 3332 ἐν
1463 3279 1589 3348 ύμῖν
1627 3278 1924 3341 κατανοῶν,
1971 3276 2142 3347 χαίρω

581 3360 671 3413 διὰ
702 3361 921 3423 παντὸς,
959 3360 1032 3421 ὡς
1063 3360 1136 3430 μὴ
1165 3363 1285 3430 εικῆ
1318 3359 1386 3413 τὰ
1421 3361 1707 3429 σπέρματα
1739 3358 2142 3427 καταϐαλλόμε-

581 3460 673 3506 νος
700 3441 750 3506 ά,
783 3443 856 3505 ὼς
889 3443 962 3512 μὴ
992 3441 1168 3512 μάτην
1200 3441 1327 3503 τοὺς
1365 3442 1557 3503 πόνους
1598 3440 1913 3510 ὑπομείνας,
1955 3439 2030 3502 ὡς
2063 3442 2142 3502 είς

582 3525 808 3597 εῦφορον
835 3525 926 3576 καὶ
948 3523 1181 3594 λιπαρὰν
1204 3522 1535 3594 ἐπισπείρων
1564 3522 1688 3591 γῆν,
1720 3522 1810 3575 καὶ
1839 3522 1974 3592 πρὸς
2007 3538 2144 3593 καρ-

583 3607 846 3676 ποφορίαν
868 3605 1200 3675 ἐπιτηδείαν.
1227 3604 1398 3659 Πόθεν
1428 3599 1520 3656 οὖν
1545 3603 1607 3656 τὸ
1632 3603 1867 3656 τοιοῦτον
1891 3617 2144 3656 καταστο·

583 3690 818 3760 χάζομαι
850 3689 1068 3758 κέρδος;
1100 3686 1263 3740 πόθεν
1291 3688 1370 3749 είς
1403 3683 1562 3755 ἔργον
1581 3685 1706 3748 τοὺς
1735 3684 1922 3752 λόγους
1942 3685 2142 3754 προκό-

582 3785 816 3832 πτοντας
858 3769 1138 3832 κατανοῶ;
1179 3769 1273 3821 Ἐκ
1312 3767 1411 3836 τῆς
1449 3765 1725 3836 παρούσης
1751 3766 1986 3836 δηλονότι
2019 3782 2142 3818 συν-

580 3851 808 3922 δρομῆς,
837 3852 901 3903 ἐκ
931 3849 1024 3903 τοῦ
1068 3851 1165 3918 τὴν
1217 3847 1426 3918 μητέρα
1470 3847 1685 3900 πάντων
1724 3847 1820 3916 τὴν
1851 3848 2143 3915 ἐκκλησίαν

584 3935 721 4005 μετά
776 3933 1009 4002 σπουδῆς
1054 3933 1198 4002 ὑμᾶς
1243 3928 1590 3994 καταλαὸείν,
1641 3930 1704 3982 ἐκ
1737 3930 1836 3998 τῆς
1875 3930 2143 3999 παννύχου

581 4016 784 4085 ταύτης
813 4016 905 4067 καὶ
930 4013 1209 4083 διηνεκοῦς
1238 4012 1499 4077 στάσεως,
1523 4011 1585 4064 ἐκ
1619 4010 1711 4063 τοῦ
1735 4010 1831 4081 τὴν
1851 4011 2143 4081 ἀγγελικὴν

580 4098 934 4170 χοροστασίαν
985 4094 1346 4166 μιμουμένους
1374 4094 1794 4148 ἀκατάπαυστον
1820 4091 1896 4160 τῷ
1938 4092 2141 4162 Κτίστη

579 4182 677 4252 τὴν
725 4178 1046 4249 ὑμνολογίαν
1105 4177 1455 4247 προσφέρειν.
1487 4177 1552 4228 Ὢ
1605 4175 1712 4228 τῶν
1766 4174 1858 4227 τοῦ
1909 4173 2140 4243 Χριστοῦ

579 4262 947 4333 δωρημάτωνε
977 4262 1120 4313 Ἀνω
1151 4260 1401 4330 στρατιαὶ
1443 4256 1806 4325 δοξολογοῦσιν
1858 4257 2100 4324 ἀγγέλων
2124 4272 2139 4287 ⁶

580 4347 729 4398 κάτω
770 4349 827 4398 ἐν
872 4343 1186 4412 ἐκκλησίαις
1234 4339 1684 4414 χοροστατοῦντες
1733 4339 2004 4407 ἄνθρωποι
2047 4338 2144 4407 τὴν

580 4428 750 4496 αὐτὴν
785 4427 1008 4488 ἐκείνοις
1040 4423 1398 4493 ἐκμιμοῦνται
1423 4421 1748 4488 δοξολογίαν.
1779 4419 1925 4471 Ἀνω
1951 4418 2020 4471 τὰ
2051 4421 2144 4470 Σε-

582 4509 757 4577 ραφ¹ιμ
783 4509 872 4559 τὸν
901 4506 1177 4578 τρισάγιον
1205 4505 1370 4574 ὕμνον
1407 4503 1632 4571 ἀναϐοᾷ·
1667 4501 1816 4554 κάτω
1848 4501 1937 4552 τὸν
1985 4501 2144 4552 αὑτὸν

580 4591 613 4658 ἡ
639 4589 743 4642 τῶν
769 4587 1065 4658 ἀνθρώπων
1093 4587 1405 4656 ἀναπέμπει
1425 4583 1650 4655 πληθύς
1684 4583 1834 4652 κοινὴ
1862 4582 1968 4634 τῶν
1987 4585 2144 4635 ἐπου-

581 4670 779 4741 ρανίων
813 4671 903 4721 καὶ
932 4669 1039 4723 τῶν
1080 4669 1333 4736 ἐπιγείων
1393 4669 1767 4736 συγκροτεῖται
1818 4667 2138 4736 πανήγυρις·

583 4751 678 4822 μία
699 4751 1034 4821 εὐχαριστία,
1076 4751 1132 4803 ἓν
1179 4750 1522 4819 ἀγαλλίαμα,
1563 4748 1657 4818 μία
1687 4748 2008 4815 εύφρόσυνος
2056 4763 2145 4815 χο-

579 4833 858 4901 ροστασία.
895 4834 1109 4902 Ταύτην
1137 4834 1245 4902 γὰρ
1279 4834 1311 4900 ἡ
1335 4832 1606 4901 ἄφραστος
1635 4830 1727 4881 τοῦ
1748 4829 2011 4880 Δεσπότου
2030 4828 2140 4899 [96]

579 4916 979 4984 συγκατάὁασις
1011 4917 1294 4985 ἐκρότησε,
1312 4914 1512 4984 ταύτην
1533 4914 1593 4965 τὸ
1617 4912 1834 4982 Πνεῦμα
1858 4911 2142 4975 συνέπλεξε

575 4998 635 5050 τὸ
666 5000 837 5064 ἆγιον,
862 4997 1064 5068 ταύτης
1097 5000 1128 5068 ἡ
1158 4995 1392 5068 ἁρμονία
1409 4995 1512 5046 τῶν
1535 4994 1781 5061 φθόγγων
1810 4996 1875 5062 τῇ
1907 4996 2140 5064 πατρικῇ

573 5079 792 5149 εύδοκίᾳ
826 5092 848 5119 ο
886 5078 1252 5151 συνηρμόσθη·
1287 5076 1493 5132 ἀνωθεν
1537 5075 1647 5144 ἔχει
1671 5075 1768 5144 τὴν
1799 5075 1904 5126 τῶν
1963 5075 2141 5144 μελῶν

635 5253 663 5282 ⁸
688 5254 886 5314 Aliquot
925 5266 1038 5300 mss.
1063 5253 1122 5314 τὰ
1161 5259 1242 5308 τῆς
1289 5251 1592 5314 διδασκαλίας
1619 5250 1978 5314 Δκικταϐοίλλομεν
2003 5251 2144 5312 σπέρσ

572 5325 715 5419 ματα,
737 5309 960 5374 χρησταῖς
973 5312 1176 5360 ἐντεῦθεν
1194 5313 1294 5366 ταῖς
1318 5312 1470 5360 ἐλπίσι
1492 5311 1780 5372 τρεφόμενοι.
1800 5309 1930 5356 Hauc
1942 5309 2139 5359 secutus

595 5375 836 5419 eclionem
863 5380 940 5419 est
965 5375 1205 5419 Erasmus.
1226 5373 1348 5419 Infra
1378 5374 1496 5419 item
1519 5374 1704 5419 aliquot
1722 5384 1836 5417 mss.
1864 5373 2134 5419 καταϐάλλη

595 5373 836 5446 getior’lém
863 5380 940 5423 est
965 5375 1205 5424 Erasmus.
1226 5373 1348 5421 Infra
1378 5374 1496 5419 item
1519 5374 1704 5431 aliquot
1722 5384 1836 5417 mss.
1864 5373 2134 5426 καταϐάλλῃ

570 5445 801 5482 ινφοοουσ
804 5451 876 5482 αν.

609 5447 1075 5569 ἰῗοῇἵιξὲνέργασίαν
1097 5512 1146 5569 τις
1170 5495 1248 5543 καὶ
1287 5494 1549 5554 ἐπιμέλειαν
1574 5494 1656 5553 τῷ.
1683 5491 1832 5540 Paulo
1878 5496 1989 5553 post
2013 5505 2137 5541 unus

567 5557 687 5610 αὕτη
708 5557 891 5614 γέγονεν
910 5557 940 5610 ἡ
963 5557 1178 5661 γεωὲγία.

634 5614 657 5644 ⁸
685 5615 901 5678 Quatuor
941 5616 1050 5678 διαφ
1080 5618 1316 5678 ειρομένην
1346 5614 1648 5678 ἀκολουθίαν.
1699 5614 1812 5668 Alii.
1840 5615 1942 5673 pari
1962 5613 2131 5678 _ferr_ne

568 5686 773 5722 numero
793 5673 1096 5737 φθειρομένην
1125 5673 1404 5736 ἀκολουθίᾳ.
1426 5677 1597 5737 rQuam
1637 5682 1929 5737 postremam
1959 5673 2131 5721 lectio-

566 5735 1021 5797 nem‘sinc’edmem
1046 5742 1186 5797 putat.
1215 5737 1400 5784 Boisius
1421 5736 1468 5782 in
1495 5738 1621 5797 no_:ts
1643 5735 1829 5782 Savilii.

630 5792 658 5831 ἁ
687 5793 817 5866 [ξιιυε
863 5792 1108 5866 σπέρματα
1141 5797 1507 5855 κατατιθέμενος.
1546 5795 1696 5843 Paulo
1741 5801 1850 5856 post
1890 5795 2014 5842 alius
2057 5795 2135 5841 καὶ

573 5857 762 5916 ⁴ιιτταρᾲιν
784 5857 1124 5916 κατασπείρων.

633 5927 653 5953 υ
683 5915 812 5966 ΕΔΗ.
844 5921 900 5978 τῇ
928 5915 1210 5982 πνευματικῇ
1257 5917 1461 5982 εὐδοκία.
1493 5915 1803 5980 Μδηιιδιτὶριὶ
1830 5916 1930 5966 fere
1965 5929 2133 5966 omnes

2243 1635 2557 1707 εὐρυθμίαν,
2589 1634 2679 1688 καὶ
2715 1634 2817 1688 ύπδ
2855 1635 2952 1707 τῆς
2979 1635 3226 1707 Τριάδος,
3268 1637 3511 1710 καθάπερ
3536 1639 3641 1694 ὑπὸ
3668 1640 3809 1711 πλή-

2243 1736 2405 1788 κτρου
2453 1717 2617 1781 τινὸς,
2665 1719 2980 1788 κινουμένη,
3029 1720 3089 1773 τὸ
3138 1722 3364 1792 τερπνὸν
3397 1720 3491 1774 καὶ
3538 1723 3809 1792 μακάριον

2241 1802 2423 1872 ἐνηχεῖ
2457 1801 2638 1871 μέλος,
2665 1800 2726 1854 τὸ
2755 1802 3044 1869 ἀγγελικὸν
3076 1799 3245 1874 ᾆσμα,
3283 1803 3380 1875 τὴν
3412 1805 3640 1874 ἄληκτον
3667 1821 3809 1873 συμ-

2243 1887 2468 1956 φωνίαν.
2501 1885 2670 1938 Τοῦτο
2696 1885 2795 1954 τῆς
2821 1885 3053 1938 ἐνταῦθα
3087 1886 3318 1955 σπουδῆς
3340 1887 3397 1939 τὸ
3432 1887 3623 1955 πέρας,
3652 1880 3810 1949 οὗτος

2242 1969 2270 2020 δ
2299 1969 2399 2038 τῆς
2444 1966 2802 2030 συνελεύσεως
2846 1965 3004 2037 ⁴ημῶν
3043 1967 3270 2038 καρπός.
3325 1969 3421 2020 Διά
3445 1967 3601 2019 τοῦτο
3631 1967 3808 2036 χαίρω

2241 2049 2338 2119 τὴν
2355 2048 2610 2118 τοιαύτην
2631 2048 2877 2118 καθορῶν
2891 2049 3257 2119 εύδοκίμησιν’
3282 2049 3452 2120 χαίρω
3477 2049 3574 2118 τὴν
3604 2050 3662 2101 ἐν
3689 2051 3810 2110 ταῖς

2241 2133 2438 2202 ψυχαῖς
2473 2132 2625 2200 ὑμῶν
2655 2130 2991 2200 εὐφροσύνην
3039 2132 3335 2194 κατανοῶν,
3370 2131 3463 2200 τὴν
3491 2129 3662 2200 χαρὰν
3707 2131 3807 2198 τὴν

2244 2213 2629 2284 πνευματικὴν,
2657 2212 2753 2284 τὴν
2794 2213 2936 2266 κατά
2984 2212 3117 2265 Θεὸν
3144 2212 3476 2279 ἀγαλλίασιν.
3505 2211 3670 2264 Οὐδὲν
3700 2212 3808 2280 γὰρ

2241 2297 2382 2349 οὕτω
2409 2296 2679 2366 περιχαρῆ
2705 2296 2804 2365 τὴν
2841 2295 3115 2366 ἡμετέραν
3143 2293 3408 2363 διατίθησι
3439 2293 3604 2363 ζωὴν,
3652 2294 3729 2357 ὡς
3772 2296 3806 2364 η

2243 2381 2300 2432 ἐν
2334 2379 2595 2450 ἐκκλησίᾳ
2640 2378 2894 2448 θυμηδία.
2959 2378 3046 2430 Ἐν
3078 2376 3339 2446 ἐκκλησίᾳ
3374 2378 3407 2445 η
3444 2377 3552 2428 τῶν
3590 2376 3808 2446 χαιρόν-

2242 2479 2348 2514 των
2380 2461 2718 2531 συντηρεῖται
2744 2459 2904 2528 χαρά,
2946 2459 3004 2510 ἐν
3048 2457 3308 2527 ἐκκλησίᾳ
3346 2457 3506 2527 ἡτῶν
3534 2455 3809 2526 ἀθυμούν-

2241 2561 2349 2596 των
2372 2543 2624 2611 εὐθυμία,
2651 2542 2706 2593 ἐν
2728 2539 2992 2610 ἐκκλησίᾳ
3021 2540 3055 2609 η
3088 2539 3194 2592 τῶν
3233 2539 3578 2609 λυπουμένων
3610 2539 3809 2608 εὐφρο-

2244 2627 2398 2695 σύνη,
2434 2627 2489 2678 ἐν
2511 2623 2823 2694 ἐκκλησίᾳή
2849 2623 2958 2676 τῶν
2979 2623 3460 2692 καταπονουμένων
3486 2622 3734 2692 ἀναψυχὴ
3761 2621 3808 2684 ί.

2242 2709 2298 2760 ἐν
2322 2705 2585 2776 ἐκκλησίᾳ
2610 2707 2643 2775 ὴ
2675 2705 2783 2758 τῶν
2803 2703 3117 2758 κοπιώντων
3133 2703 3452 2767 ἀνάπαυσις.
3477 2703 3653 2757 Δεῦτε
3675 2705 3807 2772 γὰρ,

2244 2789 2396 2858 φησὶ,
2427 2787 2577 2854 πρός
2595 2803 2690 2855 με,
2706 2786 2926 2851 πάντες
2953 2789 3005 2840 οι
3039 2786 3364 2850 κοπιῶντες
3387 2785 3483 2838 καί
3524 2781 3800 2853 πεφορτι-

2241 2869 2466 2939 σμένοι·
2498 2869 2658 2937 κάγὼ
2671 2871 2998 2922 ἀναπαύσω
3014 2866 3189 2936 ὑμᾶς.
3216 2868 3280 2920 Τί
3293 2868 3491 2937 ταύτης
3505 2867 3604 2936 τῆς
3627 2867 3812 2936 φωνῆς

2241 2951 2432 3020 γένοιτ’
2468 2950 2532 3003 ἂν
2563 2949 2930 3020 ποθεινότερον
2954 2965 2968 3015 ;
3003 2951 3054 3001 τί
3083 2949 3182 3017 τῆς
3203 2949 3441 3019 κλήσεως
3457 2948 3654 3018 ταύτης
3682 2948 3811 3018 ἡδύ-

2241 3049 2429 3105 τερον;
2461 3033 2602 3102 Πρὸς
2634 3032 2863 3102 εὐωχίαν
2891 3050 2949 3086 σε
2979 3032 3135 3086 καλεῖ
3170 3034 3227 3085 ἐν
3258 3033 3516 3103 ἐκκλησίᾳ
3545 3049 3604 3084 σε
3626 3031 3809 3085 καλῶν

2241 3119 2270 3170 ὁ
2305 3115 2578 3185 Δεσπότης
2606 3117 2652 3180 ⁸,
2691 3117 2772 3177 είς
2797 3115 3102 3168 ἀνάπαυσιν
3147 3115 3268 3166 ἀντὶ
3314 3113 3420 3167 τῶν
3453 3115 3634 3167 κόπων
3670 3129 3808 3183 προ-

2242 3201 2518 3270 τρέπεται,
2546 3198 2624 3260 είς
2649 3196 2828 3250 ἀνεσιν
2853 3198 2916 3249 ἐκ
2941 3197 3050 3252 τῶν
3071 3196 3227 3266 ὀδυνη
3237 3195 3344 3266 ρῶν
3375 3195 3688 3266 μετατίθησι
3709 3239 3723 3258 ,
3749 3194 3810 3247 τὸ

2245 3282 2406 3353 βάρος
2435 3281 2540 3332 τῶν
2571 3279 2980 3350 ἁμαρτημάτων
3011 3279 3301 3346 κουφίζων·
3347 3278 3523 3348 τρυφὴ
3553 3278 3650 3347 τὴν
3674 3276 3810 3329 ἀθυ-

2247 3365 2394 3435 μίαν,
2419 3363 2511 3416 καὶ
2535 3360 2840 3432 εὐφροσύνη
2879 3359 2976 3431 τὴν
2997 3360 3175 3430 λύπην
3204 3362 3366 3414 ίάται.
3389 3361 3450 3411 Ὢ
3475 3361 3573 3429 τῆς
3598 3358 3807 3428 ἀφάτου

2243 3445 2564 3516 κηδεμονίας
2591 3445 2620 3484 ιι
2649 3447 2662 3499 !
2706 3442 2752 3496 ὣ
2790 3443 3036 3512 κλήσεως
3083 3443 3400 3513 ἐπουρανίου
3431 3444 3443 3495 ι
3478 3442 3808 3508 Σπεύσωμεν

2244 3529 2436 3592 τοίνυν,
2466 3525 2754 3595 ἀγαπητοὶ,
2785 3523 2953 3595 αὐτὴν
2981 3525 3082 3594 μέν
3113 3526 3513 3594 ἐπιτεινομένην
3537 3522 3808 3577 ἐνδείκνυ-

2246 3611 2365 3664 σθαι
2399 3611 2495 3680 τὴν
2526 3607 2776 3678 σπουδὴν,
2813 3606 2952 3677 μετὰ
2987 3607 3044 3658 δὲ
3092 3606 3189 3676 τῆς
3222 3606 3594 3676 προσηκούσης
3645 3606 3809 3656 εὐτα-

2244 3695 2361 3762 ξίας
2389 3694 2482 3747 καὶ
2495 3691 2588 3746 τοῦ
2616 3691 2912 3762 πρέποντος
2940 3690 3144 3742 σκοποῦ
3163 3689 3363 3758 ταύτην
3390 3687 3737 3758 ἀποπληροῦν
3761 3688 3806 3743 ί.

2243 3777 2353 3832 Καὶ
2377 3776 2482 3846 γὰρ
2501 3774 2590 3827 τὸν
2611 3773 2738 3843 περὶ
2769 3771 2956 3824 τούτου
2985 3771 3140 3838 λόγον
3171 3771 3296 3840 ὑμῖν
3329 3773 3562 3841 σήμερον
3588 3769 3806 3839 κινῆσαι

2246 3860 2521 3929 βούλομαι,
2545 3854 2798 3926 φορτικὸν
2823 3853 2922 3923 μὲν
2968 3850 3105 3906 εἶναι
3138 3852 3411 3916 δοκοῦντα,
3444 3851 3719 3921 ἀνεπαχθῆ
3749 3851 3807 3904 δέ

2245 3941 2337 3993 καὶ
2355 3938 2623 4006 ὠφέλιμον
2667 3936 2795 3989 ὅντα
2823 3938 2888 4005 τῇ
2929 3934 3175 4004 ἀληθείᾳ.
3209 3931 3362 3986 υῦτω
3393 3934 3498 4002 γὰρ
3535 3934 3626 3986 καὶ
3657 3931 3806 4000 φιλό-

2247 4035 2460 4090 στοργοι
2497 4017 2728 4085 πατέρες
2753 4016 3013 4068 ποιοῦσινο
3037 4016 3096 4066 οὐ
3149 4015 3305 4082 μόνον
3340 4016 3408 4068 τὰ
3451 4015 3583 4085 πρὸς
3631 4013 3806 4080 ὀλίγον

2245 4100 2654 4173 χαροποιοῦντα,
2691 4097 2825 4151 ἀλλὰ
2864 4097 2957 4150 καὶ
2992 4097 3060 4150 τὰ
3095 4096 3365 4150 λυποῦντα
3395 4096 3807 4167 παρεγγυῶνται

2243 4188 2354 4246 τοῖς
2396 4183 2622 4245 τέκνοις’
2667 4181 2760 4234 καὶ
2817 4179 2877 4232 ού
2918 4178 2986 4231 τὰ
3031 4179 3256 4231 αὐτόθεν
3303 4178 3679 4247 ἐνδεικνύμενα
3707 4177 3807 4248 τὴν

2243 4266 2506 4335 ὠφέλειαν
2528 4261 2880 4334 παραινοῦσιν
2917 4262 3120 4323 αὐτοῖς,
3154 4259 3289 4313 ἀλλά
3344 4259 3435 4313 καὶ
3463 4261 3559 4313 ὅσα
3592 4259 3805 4312 δοκοῦσι

2248 4352 2344 4421 μὲν
2374 4346 2510 4402 εἶναι
2539 4346 2788 4417 φορτικὰ,
2825 4347 3065 4415 σωτήρια
3080 4345 3136 4398 δέ
3159 4347 3302 4398 ἐστιν
3329 4343 3804 4414 ἀποπληρούμενα,

2245 4431 2528 4486 καὶταῦτα
2570 4429 2704 4498 μετά
2737 4428 2934 4495 πολλῆς
2979 4427 3077 4496 τῆς
3123 4427 3430 4496 ἐπιμελείας
3477 4427 3804 4491 διδάσκουσι,

2245 4514 2337 4566 καὶ
2363 4511 2618 4580 ἀσφαλῶς
2646 4510 2742 4576 τὴν
2778 4508 2955 4560 αὐτῶν
2987 4509 3276 4560 ἀπαιτοῦσι
3327 4508 3670 4576 συντήρησιν.
3701 4506 3806 4558 Καὶ

2243 4595 2428 4647 τοῦτον
2463 4590 2811 4662 προτείνομεν
2841 4587 2930 4640 τὸν
2957 4587 3133 4656 λόγον,
3168 4589 3253 4640 ἵνα
3297 4589 3371 4657 μὴ
3404 4588 3576 4656 μάτην
3608 4587 3698 4638 τὸν
3724 4589 3808 4640 ἐν-

2245 4677 2415 4731 ταῦθα
2446 4670 2907 4740 καταδαλλώμεθα
2937 4671 3116 4736 πόνον,
3146 4672 3230 4723 ἵνα
3280 4671 3352 4740 μὴ
3395 4671 3490 4738 τὴν
3514 4669 3610 4740 τῆς
3637 4670 3805 4738 ἀγρυο

2246 4759 2404 4820 πνίας
2439 4756 2794 4826 ὑπομένοντες
2840 4752 3106 4822 ἀνάγκην,
3154 4754 3390 4822 ἀνοήτως
3430 4750 3802 4820 πυκτεύωμεν,

2247 4843 2330 4894 ἵνα
2349 4839 2422 4910 μὴ
2448 4840 2526 4901 είς
2553 4837 2689 4907 ἀέρα
2710 4835 3052 4905 διαλυόμεναι
3081 4834 3136 4886 αἱ
3164 4833 3336 4902 φωναὶ
3356 4833 3446 4885 ἐπὶ
3467 4833 3637 4904 ζημίᾳ
3672 4833 3804 4903 μᾶ).-

2244 4923 2332 4975 λον
2365 4923 2653 4990 ἐνηχοῖντο,
2681 4919 2772 4971 καὶ
2797 4918 2896 4970 οὑκ
2918 4917 3009 4970 ἐπὶ
3033 4915 3232 4986 κέρδει.
3265 4915 3397 4968 Οὐδὲ
3428 4917 3536 4987 γὰρ
3567 4915 3803 4986 ἔμπορος

2248 5005 2463 5075 μακρὰς
2519 5004 2614 5072 μὲν
2641 5001 2908 5071 ἐμπορίας
2953 4999 3321 5067 στελλόμενος,
3357 4997 3554 5068 πολλὴν
3599 4999 3655 5050 δὲ
3706 4998 3803 5066 τὴν

2244 5089 2352 5142 τῶν
2404 5087 2722 5157 πνευμάτων
2755 5082 2988 5155 ἐμϐολὴν
3027 5083 3119 5135 καὶ
3156 5083 3250 5152 τὴν
3286 5081 3393 5134 τῶν
3425 5083 3680 5150 κυμάτων
3712 5081 3806 5132 ἐπ-

2244 5197 2300 5251 τῇ
2343 5193 2542 5251 πατρικῇ
2583 5193 2635 5236 et
2669 5189 2738 5251 sic
2763 5187 2883 5251 Legit
2915 5184 3155 5251 Etgsmus.
3181 5183 3289 5251 D_u9
3326 5195 3444 5251 [ηδε.
3469 5187 3624 5251 {ctum
3649 5183 3805 5251 [ocym

2243 5243 2313 5300 διὰ
2336 5243 2551 5298 ὴιὼὲιιιῖ
2577 5251 2631 5296 τὸ
2670 5243 2860 5308 Πνεῦμῖα
2891 5247 2947 5292 τὸ
2972 5246 3100 5308 ἅγιον
3128 5245 3388 5308 συνέπλεξε,
3410 5244 3580 5308 ταύτην
3616 5243 3806 5308 rhng-

2245 5312 2406 5372 μονίαν
2426 5314 2520 5358 τῶν
2561 5309 2769 5372 φθόγγων
2790 5303 2822 5363 ἦ
2859 5303 3060 5368 πατρική
3107 5304 3296 5352 εὐδοκία
3333 5304 3641 5364 συνήρμοσεν,
3682 5303 3808 5352 ὥστε

2243 5374 2898 5489 ἀνιῗθιῇἱῗῖάταπονουμένων
2919 5425 3206 5489 παραμυθία,
3229 5424 3357 5486 quod
3391 5421 3517 5472 idem
3544 5428 3621 5470 est
3643 5442 3654 5469 :
3683 5436 3809 5472 unus

2239 5493 2656 5552 καταπονουμένων
2679 5490 2950 5552 εὐφροσύνη.

2302 5557 2326 5593 ε
2347 5556 2454 5603 Duo
2476 5542 2588 5600 niss.
2616 5551 2664 5598 έν
2688 5542 2961 5611 ἐκκλησίαις
2985 5548 3240 5611 Δεσπότης.
3268 5542 3583 5611 ln__aliquibus
3607 5559 3661 5589 σε
3692 5550 3809 5611 post

2239 5615 2467 5675 ἐκκλησίᾳ
2492 5614 2653 5675 deest.
2697 5605 2837 5675 Infra;
2860 5605 3041 5675 légjsse
3081 5609 3272 5675 νίςίειυι·
3301 5605 3536 5675 Erasmus
3572 5609 3718 5664 τρυφῇ
3757 5610 3806 5652 οι

2238 5668 2719 5738 ροβιοε-έύφροούνῃ·
2755 5671 2839 5738 s_ed
2855 5668 3036 5738 _eo'det_n
3058 5668 3477 5738 reqitsen‘leylial.
3528 5723 3556 5738 .-
3579 5725 3609 5738 ﬁ
3677 5721 3687 5729 .

2299 5735 2327 5772 h
2347 5724 2548 5794 Quida'lh
2574 5735 2614 5779 ὢ
2738 5729 2881 5794 αὐτοῦ
2924 5729 3222 5794 κηδεμονίας,
3253 5734 3310 5794 ,ει
3333 5728 3400 5774 sic
3440 5724 3560 5794 Ιβεξι
3579 5724 3801 5794 Savium}.

2235 5785 2573 5868 lbidiqn'id‘am
2600 5795 2661 5852 μή
2683 5785 3004 5853 ’ἀποκὰμωμεν
3041 5785 3217 5850 τοίνυν,
3246 5787 3495 5848 ἀγαπητοὶ,
3522 5785 3804 5846 butum-

2464 5869 2552 5892 νῆες
2561 5871 2600 5892 αι’

2279 5874 2313 5912 ;v
2337 5871 2395 5916 με
2441 5871 2630 5902 ενοειοιν.

2300 5919 2313 5959 ἱ
2343 5913 2441 5967 Alii
2468 5916 2780 5978 ἀναπληρουη
