4048 6452
279 411 352 466 97
1270 397 1337 454 IN
1377 397 1621 465 ILLUD,
1658 395 1802 454 VIDI
1836 390 2174 456 DOMINUM,
2212 387 2444 445 HOMIL.
2484 384 2529 442 Ι,
3461 378 3532 433 98

401 612 3515 655 Μ

1627 1012 2149 1105 HOMILIA

276 1319 345 1366 IN
392 1321 650 1368 LAUDBM
694 1322 936 1379 EORUM,
973 1324 1079 1377 QUI
1124 1319 1635 1367 COMPARUERUNT
1676 1318 1743 1361 IN
1780 1317 2097 1372 ECCLESIA,

2160 1315 2426 1368 QUEQUB
2508 1317 2882 1364 ΠΟΒΕΚΔΤῙΟ
2923 1322 3022 1364 SIT
3098 1322 3423 1369 SBBVANDA
3472 1325 3540 1371 IN

356 1422 595 1467 DIVINIS
668 1424 996 1467 LAUDIBUS.
1063 1424 1220 1465 ITEM
1291 1422 1352 1464 IN
1416 1420 1626 1475 ILLUD,
1695 1418 1830 1463 VIDI
1912 1416 2212 1459 DOMINUM
2282 1417 2617 1462 SEDEXTRH
2688 1419 2751 1463 IN
2837 1422 3015 1465 801.10
3107 1424 3382 1468 81031.30
3452 1407 3540 1489 (ll)

363 1504 545 1584 (Isai.
588 1505 649 1566 6.
698 1506 783 1586 1).

1604 1594 2190 1650 *πη-.-

346 1784 400 1839 Ι.
427 1781 728 1838 Ρνωάίεαιὲο
748 1800 859 1837 cum
879 1784 1185 1855 agricultura
1205 1793 1544 1854 comparatur.
1568 1784 1858 1854 Clirysosto-

278 1889 393 1926 mus
423 1873 486 1927 de
530 1890 776 1927 concursu
804 1876 1091 1927 auditorum
1122 1876 1326 1945 gaudet.
1358 1874 1494 1927 Laus
1540 1873 1857 1928 ecclesiastici

274 1964 923 2032 conventum—Conspicio
948 1979 1043 2019 vos
1067 1964 1232 2018 multo
1257 1964 1430 2018 studio
1459 1963 1775 2029 adnitentes,
1799 1973 1856 2018 ut

272 2055 340 2108 ad
367 2054 611 2109 effectum
637 2054 949 2123 perducatis,
979 2070 1096 2124 qua:
1122 2054 1234 2109 heri
1282 2070 1311 2107 a
1354 2054 1505 2109 nobis
1530 2040 1667 2109 dicta
1693 2062 1852 2109 sunt:

274 2157 448 2212 eoque
489 2158 627 2197 nunc
673 2143 809 2197 haud
856 2152 1073 2213 gravate
1113 2158 1295 2199 semen
1324 2143 1577 2198 doctrina:
1598 2145 1853 2213 jacimus,

272 2232 414 2301 quod
442 2233 563 2287 hinc
594 2233 728 2286 bona
763 2248 885 2303 spes
910 2234 1004 2287 alit
1046 2234 1279 2288 animum
1308 2244 1567 2289 nostrum.
1624 2235 1755 2289 Nam
1802 2244 1857 2291 et

273 2322 505 2390 agricola
526 2364 540 2383 ,
576 2339 695 2376 cum
740 2340 843 2378 non
890 2325 1006 2380 sine
1031 2325 1211 2381 labore
1230 2326 1442 2393 quidem
1469 2327 1671 2382 semina
1689 2327 1816 2396 jecit
1836 2368 1852 2393 ,

271 2411 369 2465 sed
415 2412 559 2466 videt
589 2422 781 2467 terram
815 2413 1041 2469 feracem
1078 2423 1415 2483 segetemque
1454 2425 1710 2485 proventu
1756 2431 1853 2470 ex-

273 2501 611 2569 uberanlem,
637 2504 965 2570 superiorum
991 2505 1227 2559 laborum
1250 2505 1597 2566 obliviscitur.
1614 2516 1769 2573 atque
1788 2505 1855 2559 ad

278 2591 542 2659 reliquum
594 2606 771 2659 operae
828 2592 1393 2659 conservationemque
1432 2593 1667 2661 priorum
1722 2593 1852 2648 lucri

273 2682 667 2749 exspectatione
682 2682 958 2735 excitatur.
981 2681 1174 2735 Verum
1196 2680 1309 2735 haec
1325 2682 1639 2750 agricultura
1658 2691 1854 2752 quanto

274 2772 500 2826 feracior
546 2780 848 2841 quantoque
889 2771 1147 2825 lucrosior
1202 2772 1315 2826 est?
1364 2772 1497 2826 Nam
1527 2772 1612 2826 illa
1640 2773 1852 2842 quidem

272 2860 482 2928 frugum
512 2860 840 2913 sensibilium
868 2860 1073 2929 copiam
1121 2860 1363 2915 adferens
1387 2901 1403 2925 ,
1434 2862 1745 2931 corporibus
1766 2877 1855 2917 re-

271 2952 423 3019 ponit
474 2950 817 3006 alimoniam:
860 2951 975 3005 inec
1029 2966 1155 3006 vero
1199 2951 1323 3004 dum
1378 2966 1684 3007 sermonum
1728 2953 1857 3020 jacit

272 3041 605 3104 doctrinam,
664 3041 1121 3111 spiritualiumque
1164 3041 1424 3095 donorum
1478 3041 1853 3096 abundantiam

270 3131 481 3196 adfert,
527 3132 687 3185 animi
726 3132 938 3187 divitias
974 3132 1249 3195 recondit,
1278 3132 1580 3186 alimoniam
1611 3147 1728 3201 qua;
1758 3148 1854 3188 nec

270 3222 533 3285 consumi,
566 3237 663 3276 nec
681 3224 855 3275 vitiari
874 3231 1065 3291 potest,
1090 3221 1290 3275 reditus
1310 3222 1397 3291 qui
1418 3237 1590 3291 neque
1607 3232 1850 3292 pereunt,

271 3326 446 3379 neque
477 3327 590 3365 aevo
619 3322 1063 3381 corrumpuntur,
1093 3312 1185 3368 sed
1210 3327 1401 3367 arcana
1428 3314 1653 3383 quadam
1684 3323 1740 3368 et
1770 3316 1852 3368 in-

269 3399 467 3454 effabili
492 3401 819 3469 providentia
839 3410 1241 3464 conservantur,
1265 3416 1490 3470 quorum
1513 3418 1639 3457 usus
1656 3403 1854 3460 fructus

271 3499 452 3543 mente
475 3491 779 3559 percipitur.
810 3491 904 3546 ilic
923 3500 1004 3546 est
1026 3506 1262 3547 meorum
1285 3491 1525 3547 laborum
1547 3503 1851 3562 proventus,

273 3578 357 3633 ha:
386 3589 507 3633 sunt
527 3596 655 3650 opes
677 3597 807 3649 quas
828 3592 1015 3637 vestrm
1038 3583 1241 3637 caritati
1261 3583 1614 3638 recondimus.
1638 3584 1744 3638 Has
1760 3572 1847 3638 ita-

272 3684 375 3736 que
387 3684 507 3722 cum
525 3670 808 3724 considero
832 3671 881 3724 in
907 3671 1056 3725 vobis
1071 3686 1377 3741 augescere,
1401 3672 1605 3742 gaudeo
1623 3688 1845 3742 semper,

272 3764 330 3809 ut
358 3758 445 3824 qui
472 3772 574 3810 non
597 3758 787 3811 frustra
815 3760 1362 3828 sementemjccerim,
1382 3763 1543 3829 utqui
1562 3777 1665 3816 non
1685 3763 1847 3818 incas-

270 3858 388 3899 sum
418 3845 625 3902 labores
647 3848 975 3917 pertulerim,
998 3850 1159 3918 utqui
1188 3850 1237 3904 in
1260 3849 1561 3921 frugiferam
1588 3852 1851 3923 pinguem-

271 3951 379 4005 que
406 3948 622 3997 terram.
648 3948 701 3993 et
721 3939 785 3993 ad
814 3939 1233 3995 fructificandum
1254 3940 1495 3995 idoneam
1519 3957 1699 3997 semen
1722 3945 1859 4012 jece-

273 4028 395 4082 rim.
422 4028 573 4083 Unde
600 4030 754 4099 igitur
776 4030 877 4086 hoc
900 4032 1102 4085 lucrum
1132 4032 1245 4086 fore
1265 4032 1547 4100 conjecto?
1576 4042 1717 4088 unde
1738 4050 1857 4102 per-

274 4120 444 4188 spicio
472 4135 745 4175 scrmones
776 4122 840 4174 ad
869 4137 1001 4191 opus
1041 4122 1337 4189 proﬁcere?
1378 4122 1633 4176 Nimirum
1662 4139 1726 4177 ex
1756 4124 1857 4178 hoc

274 4226 561 4277 concursu,
606 4228 672 4265 ex
710 4227 774 4266 eo
826 4213 965 4281 quod
1018 4213 1297 4266 ecclesiam
1347 4214 1581 4267 omnium
1634 4222 1854 4269 matrem

274 4301 511 4356 studiose
532 4302 823 4371 cccupatis,
865 4318 929 4357 ex
960 4302 1058 4356 hae
1088 4313 1339 4371 pernocte
1367 4315 1723 4375 perpetuaque
1751 4315 1857 4360 sta-

276 4395 447 4461 tione,
498 4408 563 4449 ex
616 4410 679 4447 eo
715 4395 855 4463 quod
900 4395 1259 4465 angelicorum
1300 4396 1543 4450 ordinum
1575 4406 1854 4452 stationem

272 4484 541 4539 imitantes
594 4485 707 4540 sine
762 4488 1057 4541 cessatione
1103 4486 1285 4540 laudes
1324 4498 1377 4541 et
1404 4489 1629 4558 hymnos
1658 4487 1857 4543 offertis

271 4574 567 4629 Conditori.
593 4574 636 4629 Ο
660 4576 789 4628 mira
816 4575 1013 4631 Christi
1045 4576 1211 4630 dona!
1240 4578 1293 4631 ln
1322 4578 1566 4645 supernis
1596 4580 1859 4632 exercitus

273 4663 580 4730 angelorum
628 4672 821 4716 canunt
874 4664 1092 4731 gloriam
1153 4682 1164 4716 :
1222 4666 1273 4717 in
1330 4667 1488 4719 terris
1525 4667 1764 4720 homines
1805 4668 1856 4720 in

274 4749 509 4804 ccclesiis
541 4750 731 4804 choros
761 4760 978 4819 agentes
1011 4751 1074 4804 ad
1099 4752 1306 4805 illorum
1334 4754 1638 4821 exemplum
1674 4755 1856 4809 eadem

274 4848 473 4893 canunt
520 4838 687 4892 laudis
742 4840 966 4893 cantica.
1026 4840 1083 4893 ln
1140 4842 1383 4909 supernis
1440 4842 1715 4912 Seraphim
1782 4854 1859 4899 ter

276 4938 517 4983 sanctum
560 4928 706 4983 illum
744 4928 1000 5000 hymnum
1030 4932 1261 4986 clamant
1293 4947 1305 4981 :
1340 4933 1392 4986 in
1422 4935 1575 4988 terris
1608 4934 1858 4989 eumdem

276 5020 553 5073 hominum
583 5020 777 5086 promit
802 5020 1106 5087 multitudo,
1138 5024 1595 5092 comm'tniterque
1617 5032 1730 5078 tum
1750 5040 1858 5079 ca:-

276 5108 509 5175 lestium,
541 5118 649 5161 tum
678 5111 1011 5164 terrestrium
1042 5110 1259 5167 festivus
1288 5123 1584 5169 conventus
1624 5130 1822 5185 eongre

275 5212 432 5271 gatur
456 5218 468 5252 :
496 5216 601 5255 una
630 5202 917 5270 gratiarum
942 5204 1081 5255 actio
1102 5244 1117 5270 ,
1148 5218 1248 5257 una
1269 5205 1580 5270 exsultatio,
1613 5222 1712 5260 una
1735 5222 1861 5276 gau-

276 5290 457 5346 dentis
500 5290 711 5345 ehorem.
748 5292 926 5345 statio.
981 5290 1130 5346 Hanc
1179 5294 1320 5347 enim
1350 5296 1624 5350 ineffabilis
1656 5294 1859 5351 Domini

278 5391 400 5433 sese
425 5378 491 5431 ad
521 5394 619 5433 nos
645 5379 971 5435 demittentis
1014 5380 1222 5438 bonitas
1251 5385 1553 5449 constituit,
1583 5384 1718 5439 hanc
1746 5386 1860 5455 Spi-

281 5468 414 5523 ritus
460 5470 799 5539 congregavit
842 5478 1055 5525 sanctus
1091 5486 1105 5521 :
1150 5471 1307 5542 hujus
1354 5490 1542 5530 vocum
1572 5486 1863 5532 concentus

350 5597 416 5668 10)
448 5598 761 5668 ε’ξεὲιοῐξῑίέἱκ
782 5599 971 5668 ρρζιξωεε
988 5608 1103 5668 ξρῐιι
1124 5616 1233 5668 cum
1264 5602 1519 5656 codicibus
1538 5609 1694 5668 Regiis
1722 5608 1860 5667 1819.

286 5648 440 5730 13551,
449 5659 588 5730 L9§5,
613 5648 1101 5730 ligo,miass,'iooi{
1132 5648 1863 5730 isis,'§3:3i',"ei'é%i'iieiiiiii§

284 5718 395 5781 lt‘i,
420 5718 556 5781 uno,
582 5730 633 5772 et
652 5722 790 5773 50:55.

1960 1786 2185 1848 paterno
2227 1778 2560 1848 heneplacito
2588 1781 2603 1811 ί
2635 1782 2914 1850 congruit:
2946 1797 2977 1837 e
2999 1784 3144 1838 culis
3173 1784 3331 1840 habet
3357 1790 3544 1846 modu-

1958 1868 2133 1924 lorum
2157 1872 2582 1937 consonantiam,
2612 1871 2735 1927 dum
2764 1887 2793 1925 a
2820 1872 3076 1929 Trinitate
3106 1875 3251 1931 velut
3276 1893 3305 1931 a
3335 1880 3542 1948 plectro

1959 1960 2209 2028 quopiam
2257 1969 2520 2025 movetur,
2558 1960 2868 2016 delectabile
2896 1962 3023 2017 illud
3067 1980 3130 2020 ac
3168 1965 3289 2020 felix
3324 1980 3542 2025 resonat

1961 2050 2148 2114 melos,
2168 2047 2307 2104 illam
2336 2051 2626 2119 angelicam
2654 2051 2973 2120 cantionem,
3007 2054 3156 2108 illum
3179 2055 3421 2113 desinere
3447 2076 3537 2115 nee

1960 2141 2128 2195 scium
2154 2152 2493 2196 concentum.
2529 2141 2624 2196 Hic
2652 2151 2735 2195 est
2763 2142 2921 2196 studii
2966 2147 3244 2211 prmsentis
3274 2148 3422 2212 finis,
3451 2146 3539 2205 hic

1959 2239 2252 2285 conventus
2278 2230 2444 2285 nostri
2486 2230 2685 2285 fructus
2719 2249 2732 2284 :
2780 2246 2950 2300 eoque
2989 2233 3195 2302 gaudeo
3222 2236 3376 2291 talem
3403 2253 3536 2293 eon-

1960 2320 2190 2388 spieiens
2218 2320 2613 2376 celebritatem:
2634 2321 2835 2389 gaudeo
2856 2321 2981 2375 dum
3012 2323 3306 2377 animorum
3330 2338 3538 2381 vestro-

1958 2424 2076 2462 rum
2129 2409 2364 2463 laetitiam
2417 2410 2730 2473 considero,
2760 2408 2883 2461 dum
2924 2411 3172 2478 gaudium
3222 2415 3533 2481 spirituale,

1957 2498 2082 2551 dum
2111 2497 2397 2551 secundum
2431 2497 2595 2553 Deum
2617 2498 3040 2551 exsultationem.
3070 2499 3251 2568 Neque
3272 2504 3411 2556 enim
3432 2507 3536 2560 ulla

1959 2602 2047 2641 res
2079 2595 2279 2639 tantum
2324 2584 2500 2640 adfert
2526 2585 2701 2655 gaudii
2752 2586 2867 2639 vita:
2906 2597 3123 2653 nostrre,
3155 2600 3407 2658 quantum
3437 2594 3539 2649 hoc

1957 2676 2095 2746 quod
2126 2693 2190 2731 ex
2213 2676 2389 2730 animo
2410 2675 2677 2745 gaudeatis
2705 2676 2755 2729 in
2778 2677 3000 2731 ecclesia
3023 2682 3345 2748 congregati.
3374 2682 3426 2735 ln
3446 2700 3537 2738 ec-

1958 2766 2115 2820 clesia
2154 2765 2491 2833 gaudentium
2540 2774 2886 2820 conservatur
2913 2769 3182 2836 gaudium,
3218 2771 3268 2823 in
3313 2772 3536 2827 ecclesia

1959 2858 2136 2910 animo
2165 2855 2497 2924 dejectorum
2535 2864 2615 2909 est
2654 2856 2930 2922 recreatio,
2981 2858 3033 2911 in
3089 2859 3311 2914 ecclesia
3349 2862 3541 2917 dolen-

1959 2945 2085 2996 tium
2116 2954 2196 2998 est
2226 2944 2488 3011 voluptas,
2524 2944 2573 2996 in
2602 2944 2828 2999 ecclesia
2867 2944 3272 3016 defatigatorum
3313 2952 3541 3019 respira-

1962 3035 2054 3099 tio,
2087 3034 2138 3087 in
2169 3035 2395 3088 ecclesia
2425 3036 2778 3090 laborantium
2816 3039 3045 3106 requies.
3081 3038 3253 3093 Venite
3271 3042 3433 3103 enim.
3460 3043 3540 3096 in-

1958 3123 2085 3190 quit,
2116 3122 2184 3174 ad
2208 3139 2285 3174 me
2311 3140 2479 3177 omnes
2499 3126 2585 3193 qui
2614 3125 2853 3178 laboratis
2882 3136 2927 3177 et
2956 3129 3148 3180 onerati
3189 3131 3304 3183 estis
3330 3145 3351 3185 :
3376 3141 3422 3185 et
3448 3149 3540 3201 ego

1956 3214 2178 3283 reﬁciam
2210 3215 2335 3284 vos(
2369 3214 2554 3268 Matth.
2603 3217 2689 3270 Η.
2718 3215 2787 3269 28
2916 3217 3051 3285 Quid
3093 3218 3190 3273 hac
3219 3236 3346 3274 voce
3373 3224 3541 3290 possit

1956 3320 2074 3360 esse
2101 3305 2539 3362 desiderabiiius?
2582 3309 2707 3377 quid
2747 3308 2843 3363 hac
2874 3310 3187 3365 invitatione
3213 3312 3541 3379 jucundius?

1958 3397 2039 3451 Ad
2068 3397 2283 3466 epulum
2313 3407 2365 3451 te
2395 3408 2549 3451 vocat
2575 3399 2663 3467 qui
2696 3399 2750 3450 in
2784 3400 3063 3454 ecclesiam
3096 3410 3145 3454 te.
3172 3413 3326 3455 vocat
3360 3404 3540 3459 Domi-

1959 3503 2078 3555 nus,
2119 3489 2185 3543 ad
2218 3489 2455 3559 requiem
2502 3505 2598 3559 pro
2628 3490 2897 3545 laboribus
2930 3493 3262 3559 adhortatur,
3292 3495 3357 3549 ad
3406 3498 3545 3551 rela-

1959 3580 2226 3634 xationem
2253 3595 2281 3632 a
2324 3580 2583 3635 molestiis
2636 3580 2903 3645 transfert,
2948 3583 3152 3651 pondus
3203 3597 3540 3653 peccatorum

1960 3668 2212 3733 allevans,
2243 3669 2442 3723 deliciis
2474 3670 2635 3723 animi
2665 3671 2962 3725 molestiam
2987 3712 2999 3735 ,
3035 3674 3226 3741 gaudio
3258 3691 3540 3732 mmrorem

1960 3769 2131 3814 sanat.
2178 3761 2222 3815 Ο
2249 3761 2567 3817 ineffabilem
2592 3764 2800 3816 curam!
2826 3779 2859 3817 ο
2893 3765 3220 3821 vocationem
3248 3769 3539 3823 caelestem!

1961 3852 2298 3908 Festinemus
2327 3854 2523 3924 itaque,
2552 3853 2754 3919 dilecti,
2789 3863 2845 3908 ut
2875 3855 3114 3908 eamdem
3142 3871 3404 3910 summam
3434 3859 3545 3911 ala-

1960 3942 2203 3996 critatem
2229 3942 2598 4006 exhibeamus,
2629 3950 2684 3995 et
2725 3957 2846 3995 cum
2876 3944 3213 3997 convenienti
3282 3947 3542 4002 modestia

1959 4032 2483 4101 eonsnderationeque
2508 4031 2729 4087 decente
2753 4032 2887 4087 hanc
2918 4038 3406 4089 consummemus'.
3453 4036 3545 4089 Et-

1960 4124 2102 4176 enim
2144 4122 2210 4177 de
2263 4123 2366 4177 hoc
2419 4123 2569 4176 vobis
2623 4122 2937 4177 hodiernum
2984 4140 3286 4180 sermonem
3329 4143 3543 4180 movere

1961 4227 2100 4277 vero,
2134 4214 2184 4267 in
2222 4214 2451 4283 speciem
2479 4212 2694 4282 quidem
2727 4215 3031 4280 molestum,
3057 4224 3306 4269 caeterum
3330 4218 3497 4269 levem
3522 4259 3538 4281 ,

1961 4317 2192 4372 vereque
2219 4304 2421 4357 utilem.
2457 4303 2546 4358 Sic
2579 4305 2722 4357 enim
2752 4313 2803 4356 et
2831 4313 3071 4356 amantes
3114 4304 3403 4357 liberorum
3452 4322 3543 4373 pa-

1964 4404 2073 4451 tres
2103 4396 2301 4449 faciunt
2326 4417 2338 4450 :
2371 4410 2472 4449 non
2505 4396 2675 4448 solum
2704 4410 2763 4446 ea
2795 4409 2914 4461 qum
2941 4393 3004 4445 ad
3042 4392 3202 4445 breve
3226 4403 3432 4461 tempus
3451 4396 3545 4449 de-

1965 4488 2177 4553 lectant,
2200 4502 2382 4539 verum
2410 4486 2565 4538 etiam
2594 4498 2711 4552 qum
2740 4482 3035 4535 molestiam
3059 4481 3288 4536 afferunt
3310 4484 3430 4535 filiis
3452 4485 3545 4537 ad-

1962 4578 2183 4638 hibent;
2239 4590 2340 4628 nec
2379 4589 2440 4626 ea
2474 4575 2633 4626 modo
2674 4571 2986 4640 pru‘cipiunt
3036 4572 3149 4635 eis,
3199 4588 3316 4639 quae
3365 4576 3544 4628 statim

1964 4666 2249 4719 ostendunt
2279 4664 2556 4717 utilitatem
2579 4704 2593 4725 ,
2628 4662 2719 4715 sed
2756 4677 3103 4731 quaecumque
3153 4662 3403 4716 videntur
3430 4665 3548 4732 qui-

1963 4757 2083 4809 dem
2114 4768 2233 4808 esse
2262 4734 2503 4817 molesta,
2528 4752 2779 4805 salutaria
2811 4760 2985 4805 tamen
3013 4760 3160 4817 sunt,
3190 4752 3232 4805 si
3268 4753 3549 4820 perfician-

1965 4855 2066 4908 tur,
2100 4855 2152 4898 et
2180 4842 2295 4897 haec
2324 4842 2484 4895 multa
2517 4856 2642 4894 cura
2677 4841 2889 4906 docent,
2916 4841 3301 4909 diligenterque
3328 4849 3548 4910 exigunt

1963 4936 2031 4989 ab
2052 4936 2126 4989 eis
2156 4944 2209 4987 ut
2249 4942 2547 4987 serventur.
2584 4933 2757 4999 Atque
2786 4933 2925 4985 hunc
2964 4946 3266 4985 sermonem
3294 4932 3548 5000 produci-

1965 5042 2103 5091 mus,
2136 5039 2201 5078 ne
2244 5033 2560 5095 prmseucm
2602 5023 2834 5077 laborem
2881 5023 3069 5076 frustra
3103 5022 3451 5088 insumamus,
3481 5037 3547 5078 ne

2030 5182 2047 5212 ί
2082 5181 2222 5243 Edit.,
2270 5179 2471 5243 Spiritus
2512 5178 2822 5243 beneptacito.
2861 5187 2963 5228 Mss.
3004 5177 3111 5228 fere
3143 5193 3313 5229 omnes
3344 5180 3546 5243 habent,

1965 5248 2159 5304 paterno
2180 5241 2470 5304 beneptacito
2494 5278 2507 5301 ,
2530 5250 2588 5304 _et
2610 5242 2679 5289 sic
2703 5241 2823 5299 le.it
2866 5248 3099 5297 Erasmus,
3127 5254 3334 5304 eamque
3361 5256 3447 5289 nos
3473 5242 3545 5288 le-

1966 5301 2174 5353 ctionem
2198 5301 2716 5373 adoptamusziCertum
2740 5304 2919 5363 quippe
2948 5304 3135 5349 videtur
3161 5301 3547 5373 Chrysostomunt

1966 5373 2070 5428 tres
2106 5361 2337 5428 personas
2368 5364 2608 5411 Trinitatis
2631 5363 2707 5411 hic
2729 5361 3109 5428 columemorare
3144 5361 3373 5428 voluisse,
3405 5368 3455 5408 ut
3480 5374 3545 5428 ex

1966 5423 2305 5486 serie‘liquet.
2340 5433 2437 5473 Duo
2481 5431 2586 5472 Mss.
2615 5430 2780 5486 totum
2813 5423 2971 5472 locum
3001 5427 3070 5472 sic
3094 5424 3275 5471 habent
3440 5423 3547 5479 Spi-

1966 5485 2087 5536 ritus
2110 5483 2300 5548 sanctus
2336 5483 2677 5548 congregavit;
2698 5484 2822 5548 hunc
2856 5488 3358 5548 vocantconcentum,
3386 5489 3549 5540 pater-

1967 5559 2079 5596 num
2103 5544 2447 5607 beneptacituni
2465 5544 2714 5607 cooptavit,
2734 5546 2801 5594 ita
2824 5552 2873 5594 ut
2896 5560 2922 5594 e
2939 5544 3274 5607 cwlisrliaheat,
3306 5551 3401 5607 etc.

2031 5612 2050 5640 ³
2082 5604 2311 5666 quidam:
2361 5615 2426 5669 ite
2465 5605 2613 5669 igitur
2650 5620 2737 5669 nos
2774 5607 2974 5663 (redeat,
3010 5604 3190 5669 .tilecti.
3224 5604 3435 5663 inopiam
3462 5615 3547 5649 nu-

1967 5675 2135 5731 strrun,
2160 5680 2268 5731 qua:
2291 5666 2502 5731 quidem
2523 5667 2740 5731 maxima
2780 5675 2867 5729 est,
2905 5666 3184 5718 modestiam
3216 5672 3259 5715 ct
3285 5676 3548 5727 congrum

1969 5728 2243 5780 adhibentes
2259 5728 2580 5793 attentionem,
2602 5728 2797 5780 satiare.
