4048 6472
518 494 591 548 99

503 586 831 644 sustinentes
857 580 1045 652 vigilite
1073 574 1446 632 necessitatem
1485 569 1745 625 inutiliter
1772 566 1822 619 in
1853 561 2086 634 pugilum

503 677 800 735 certamine
826 685 1122 732 versemur,
1152 682 1221 721 ne
1249 677 1406 720 voces
1433 662 1485 717 in
1507 674 1682 716 aerem
1724 655 1996 711 dissolute
2022 652 2086 707 ad

504 771 885 826 detrimentum
924 771 1115 817 sonent
1141 759 1318 828 potius
1341 799 1354 823 ,
1384 769 1542 824 quam
1568 752 1634 806 ad
1663 751 1886 804 lucrum.
1909 745 2091 814 Neque

502 864 648 918 enim
670 857 969 929 negotiator
1007 868 1038 909 e
1068 851 1352 920 longinquo
1401 858 1608 900 merces
1651 842 1963 909 importatis,
1993 851 2089 890 ve-

505 953 812 1006 hementem
842 954 1126 1000 ventorum
1159 941 1430 995 incursum
1459 935 1825 1001 undarumque
1845 929 2091 983 exorien-

503 1043 635 1094 tium
669 1035 928 1108 procellas
957 1033 1245 1091 sustinens,
1274 1027 1464 1081 frustra
1489 1033 1540 1079 et
1562 1024 1826 1077 incassum
1849 1018 2090 1088 suscipe-

504 1140 590 1186 ret
614 1124 876 1198 ejusmodi
906 1123 1121 1178 labores
1155 1142 1168 1176 :
1203 1131 1388 1172 verum
1443 1116 1559 1169 ideo
1603 1113 1772 1167 maria
1799 1111 2005 1172 sulcat,
2035 1117 2090 1163 et

505 1221 684 1277 audax
720 1229 803 1274 est
826 1217 1083 1273 adversus
1108 1211 1360 1282 pericula,
1377 1209 1599 1274 locaque
1625 1203 1756 1257 locis
1773 1208 2087 1262 commutat,

510 1321 753 1380 totasque
793 1317 977 1363 noctes
1006 1302 1441 1358 ducitinsomnes
1464 1339 1477 1359 ,
1511 1305 1568 1349 ut
1612 1292 1968 1364 negotiatione
2011 1288 2092 1342 di-

513 1413 701 1461 tcscat.
727 1400 879 1468 Quod
905 1399 951 1455 si
981 1412 1087 1452 non
1116 1395 1421 1462 contingat,
1450 1389 1543 1444 sed
1571 1402 1692 1442 cum
1737 1387 1885 1440 lucro
1929 1383 2090 1436 etiam

506 1498 670 1554 sortis
693 1496 955 1565 iacturam
1000 1487 1195 1551 faciat,
1229 1500 1295 1539 ne
1338 1483 1544 1537 solvere
1585 1477 1798 1547 quidem
1841 1486 2088 1528 ancoram

507 1588 720 1658 poterit,
749 1600 847 1638 nec
879 1583 968 1636 illa
994 1579 1142 1633 varia
1171 1578 1410 1648 perferre
1441 1569 1770 1627 discrimina.

569 1679 626 1733 2.
653 1675 868 1731 Moralis
897 1671 1196 1726 exhortatio.
1217 1665 1560 1732 Quorumdam
1585 1657 1899 1726 incompositi
1925 1662 2092 1725 gestus

504 1771 559 1824 in
586 1767 815 1823 ecclesia.
847 1793 917 1805 â€”-
942 1762 1055 1815 Hoc
1100 1759 1277 1828 itaque
1313 1755 1563 1815 scientes,
1595 1765 1716 1804 cum
1743 1748 1964 1801 decente
1991 1745 2094 1798 cir-

505 1856 907 1927 cttmspectionc
935 1853 1040 1906 huc
1064 1848 1400 1910 accedamus,
1430 1858 1496 1898 ne
1522 1856 1617 1911 pro
1648 1847 1985 1908 peccatorum
2009 1849 2094 1890 re-

505 1925 763 2006 missione
793 1946 950 2000 ctiam
979 1940 1341 1998 accessionem
1379 1933 1610 2006 peccatis
1651 1930 1953 1999 adjunctam
1995 1925 2092 1979 do-

507 2055 658 2096 mum
673 2037 988 2094 referamus.
1005 2033 1140 2102 Quid
1167 2039 1343 2084 autem
1365 2035 1446 2082 est
1470 2022 1611 2096 quod
1635 2022 1906 2092 quaeritur,
1926 2017 2096 2087 quod-

508 2146 618 2200 que
661 2144 691 2183 a
739 2127 894 2182 nobis
945 2121 1289 2194 reposcitur?
1339 2118 1405 2175 Ut
1450 2118 1574 2171 dum
1606 2113 1814 2168 divinos
1864 2111 2093 2180 hymnos

511 2221 824 2283 emittimus,
865 2217 1034 2271 multo
1079 2222 1310 2268 tremore
1354 2207 1633 2269 contracti,
1662 2203 1933 2270 multaque
1964 2200 2090 2253 reli-

508 2315 667 2382 gione
694 2309 887 2370 ornati,
923 2307 994 2360 ita
1039 2305 1255 2359 demum
1297 2313 1390 2353 cos
1441 2297 1744 2352 offeramus.
1798 2291 1929 2346 Nam
1970 2296 2095 2343 sunt

510 2381 726 2473 quidam
754 2402 892 2454 inter
918 2411 1010 2451 cos
1039 2395 1125 2464 qui
1157 2392 1242 2446 hic
1268 2390 1482 2451 adsunt,
1511 2400 1644 2456 quos
1668 2399 1738 2439 ne
1762 2390 1953 2437 vestrae
1977 2381 2098 2448 qui-

511 2495 637 2546 dem
670 2488 875 2544 caritati
903 2485 1133 2540 arbitror
1162 2496 1280 2536 esse
1306 2481 1516 2548 ignotos
1540 2517 1554 2541 ,
1581 2475 1666 2545 qui
1695 2479 2096 2528 contemnentes

517 2586 710 2649 Deum,
739 2596 803 2636 ac
840 2578 1070 2650 Spiritus
1109 2574 1319 2644 eloquia
1365 2586 1463 2641 pro
1491 2567 1794 2638 vulgaribus
1831 2579 1893 2619 ac
1921 2561 2098 2632 profa-

514 2679 600 2732 nis
633 2677 908 2739 ducentes,
937 2669 1317 2738 incompositas
1346 2679 1508 2722 voces
1537 2664 1801 2726 emittunt,
1828 2660 2095 2727 nihiloque

512 2768 705 2822 melius
731 2780 788 2819 se
806 2769 1017 2834 gerunt,
1041 2774 1197 2829 quam
1224 2756 1501 2828 lymphati,
1531 2763 1638 2808 toto
1662 2766 1883 2820 corpore
1905 2748 2100 2804 tumul-

516 2865 727 2913 tuantes
751 2871 814 2910 ac
853 2850 1182 2912 circumacti,
1213 2861 1496 2916 moresque
1538 2860 1648 2914 prie
1698 2859 1757 2898 se
1795 2842 2028 2897 ferentes
2066 2856 2096 2893 a

513 2946 776 3017 spirituali
804 2944 1034 3000 statione
1059 2941 1280 2996 alienos.
1307 2939 1535 2993 Miseret
1561 2933 1743 2990 infelix
1771 2934 1786 2987 l
1814 2931 2098 3001 oportebat

515 3049 569 3093 te
593 3053 715 3093 cum
741 3046 976 3091 tremore
1000 3047 1062 3087 ac
1091 3029 1390 3087 reverentia
1431 3026 1720 3096 angelicam
1760 3021 2099 3094 glorificaue-

518 3143 640 3183 nem
668 3125 936 3191 emittere,
969 3135 1197 3190 cumque
1225 3130 1429 3174 terrore
1460 3114 1847 3170 confessionem
1874 3110 2096 3165 reddere

518 3218 814 3284 Conditori,
837 3231 900 3271 ac
927 3230 1020 3285 per
1047 3213 1185 3267 hanc
1211 3211 1527 3265 delictorum
1556 3205 1763 3260 veniam
1795 3203 2093 3273 postulare:

519 3319 575 3365 tu
600 3324 731 3365 vero
760 3309 1044 3362 mimorum
1070 3311 1126 3359 et
1147 3301 1461 3357 saltatorum
1494 3311 1669 3352 mores
1702 3295 1806 3348 huc
1850 3292 2056 3347 inducis
2080 3331 2096 3357 ,

521 3401 649 3453 dum
675 3397 986 3452 indecenter
1011 3407 1199 3448 manus
1217 3391 1409 3460 jactas,
1441 3385 1664 3456 pedibus
1697 3383 1997 3448 subsultas,
2023 3390 2104 3436 to-

517 3499 680 3556 tuque
696 3483 1070 3551 circumagcris
1090 3493 1335 3548 corpore.
1365 3478 1431 3531 Et
1448 3476 1537 3545 qui
1557 3475 1632 3539 fit,
1653 3483 1712 3528 ut
1741 3487 1846 3527 non
1872 3481 2098 3536 metuas,

521 3591 697 3645 neque
724 3574 1004 3627 horrescas
1032 3571 1147 3624 haec
1171 3567 1373 3622 audens
1407 3565 1665 3620 adversus
1688 3562 1810 3616 talia
1849 3561 2101 3630 eloquia?

518 3668 634 3722 Non
657 3667 859 3735 cogitas
903 3665 1076 3732 ipsum
1105 3661 1190 3714 hic
1217 3658 1550 3713 invisibiliter
1576 3655 1764 3710 adesse
1794 3653 2098 3718 Dominum,

521 3757 614 3826 qui
664 3753 1083 3824 uniuscujusque
1134 3759 1335 3804 motum
1386 3747 1718 3812 metitur,et
1760 3743 2101 3798 conscientia:

523 3848 791 3902 rationem
816 3844 1017 3898 habet?
1049 3857 1155 3897 non
1186 3840 1387 3910 cogitas
1417 3836 1632 3907 angelos
1660 3834 1784 3889 huic
1829 3833 2102 3902 stupenda:

522 3941 776 3995 assistere
804 3950 1044 4002 mensae,
1093 3947 1320 4001 cumque
1361 3929 1655 3985 reverentia
1701 3927 1837 3980 hanc
1879 3927 2106 3980 circum-

524 4029 772 4084 vallare?
803 4027 1004 4082 Verum
1026 4031 1080 4079 tu
1110 4023 1208 4077 ista
1233 4037 1338 4076 non
1362 4021 1583 4091 cogitas,
1616 4019 1861 4089 quoniam
1894 4031 1955 4072 ea
1986 4031 2104 4085 qua:

525 4124 578 4175 itt
610 4120 834 4176 theatris
879 4117 1199 4180 audiuntur,
1244 4127 1468 4184 quicque
1506 4118 1831 4181 spectantur,
1873 4118 2103 4162 mentem

526 4226 671 4266 tuam
702 4212 1058 4266 obscurarunt
1079 4206 1155 4280 (a)
1185 4220 1198 4256 :
1230 4214 1283 4260 et
1308 4206 1428 4261 ideo
1457 4219 1574 4273 quae
1614 4203 1720 4257 illic
1759 4210 2017 4271 geruntur
2055 4201 2105 4252 in

531 4299 790 4361 Ecclesiaâ€”:-
805 4300 940 4353 ritus
960 4300 1199 4355 inducis:
1233 4295 1353 4349 ideo
1380 4291 1702 4348 clamoribus
1730 4291 1858 4346 nihil
1880 4291 2010 4345 certi
2037 4295 2110 4343 si-

525 4392 898 4463 gnificantibus
928 4390 1162 4443 animum
1188 4384 1594 4454 incompositum
1616 4382 1849 4451 evulgas.
1879 4381 2110 4447 Quomo-

525 4488 595 4540 do
611 4499 739 4554 ergo
759 4483 965 4538 veniam
983 4478 1272 4550 postulahis
1294 4487 1502 4532 tuorum
1525 4473 1859 4529 delictorum?
1875 4474 2106 4538 Quomo-

529 4577 600 4630 do
626 4577 692 4628 ad
723 4571 1146 4629 misericordiam
1185 4570 1468 4625 Dominum
1511 4567 1770 4631 inflectes,
1817 4567 1904 4634 qui
1939 4579 2108 4632 usque

531 4667 668 4720 adeo
693 4666 1046 4732 contemptim
1071 4662 1262 4717 offeras
1291 4662 1651 4730 precationem
1673 4659 1694 4712 ?
1720 4657 1958 4711 Miserere
1987 4656 2104 4721 mei,

531 4754 690 4817 Deus,
723 4753 919 4821 inquis,
947 4765 1010 4804 ac
1037 4767 1213 4805 mores
1241 4768 1270 4805 a
1314 4749 1680 4806 misericordia
1706 4749 1908 4802 alienos
1938 4747 2112 4802 decla-

532 4859 641 4899 ras.
662 4841 892 4906 Clamas,
925 4841 1083 4894 Serva
1110 4857 1206 4903 me,
1253 4851 1305 4893 et
1347 4842 1588 4908 corporis
1626 4842 1858 4908 speciem
1890 4854 1918 4893 a
1944 4838 2112 4893 salute

531 4938 762 4992 alienam
794 4932 1067 5002 exprimis.
1099 4931 1236 4998 Quid
1293 4930 1356 4984 ad
1401 4931 1804 4998 supplicandum
1834 4929 2113 4985 conferunt

534 5042 743 5093 manus,
769 5040 888 5095 qua:
913 5037 1126 5092 semper
1153 5022 1203 5074 in
1233 5021 1456 5073 sublime
1473 5021 1757 5086 jactantur,
1786 5031 1840 5075 et
1867 5021 2115 5075 indecore

533 5121 990 5187 circumaguntur,
1021 5112 1146 5182 quid
1170 5112 1372 5165 clamor
1399 5110 1708 5175 vehemens,
1745 5110 1832 5178 qui
1861 5125 1982 5163 cum
2005 5112 2116 5165 vio-

538 5214 683 5267 lento
704 5209 924 5278 spiritus
950 5206 1181 5276 impulsu
1207 5203 1483 5272 strepitum
1515 5201 1671 5255 habet
1699 5201 1830 5254 nihil
1863 5202 1992 5254 certi
2025 5202 2115 5256 de-

540 5299 875 5357 clarantem?
928 5299 1119 5352 Annon
1185 5297 1281 5349 ista
1327 5294 1540 5363 quidem
1598 5291 1786 5361 partim
1830 5292 2112 5348 mulierum

538 5395 592 5445 in
641 5391 808 5446 triviis
859 5389 1212 5443 meretriciam
1261 5398 1429 5440 artem
1469 5384 1872 5448 exercentium,
1926 5383 2114 5451 partim

540 5500 667 5539 vero
694 5496 900 5544 eorum,
923 5480 1010 5549 qui
1039 5480 1090 5533 in
1119 5479 1339 5532 theatris
1367 5475 1742 5539 vociferantur,
1757 5482 1878 5527 sunt
1905 5488 2065 5542 opera
2093 5474 2118 5526 ?

540 5573 818 5640 Quomodo
839 5573 999 5641 igitur
1015 5570 1177 5623 audes
1198 5570 1502 5639 angelorum
1526 5568 1690 5621 Deum
1715 5565 2117 5636 glorificantium

545 5666 754 5737 hymnis
777 5664 1078 5719 daemonum
1104 5660 1397 5714 admiscere
1421 5655 1923 5726 ludicra?quomodo
1945 5666 2117 5708 autem

606 5755 678 5816 (a)
714 5758 797 5804 tlic
833 5755 1050 5816 exagitat
1074 5765 1157 5801 eos
1181 5753 1261 5816 qui
1288 5752 1475 5816 theatra
1524 5757 1574 5797 et
1616 5747 1802 5798 Circum
1839 5746 2119 5809 frequenta-

545 5813 689 5874 bant;
715 5818 846 5866 bene
870 5813 1006 5864 multi
1031 5813 1209 5863 autem
1231 5813 1492 5864 Antiochiae
1541 5817 1695 5871 erant,
1729 5821 1850 5872 quos
1885 5817 2119 5870 perpetuo

544 5881 810 5928 insectatur
833 5876 1211 5936 Chrysostomus.

1257 455 1314 512 S.
1357 449 1634 510 JOANNIS
1668 438 2141 504 CURYSOSTO!"
2181 439 2498 496 ARCHIEP.
2539 441 3072 501 CONSTANTINOP.

3683 442 3796 495 100

2198 572 2302 612 non
2332 562 2598 616 revereris
2624 561 2762 618 hanc
2787 576 2990 625 vocem,
3016 576 3174 631 quam
3197 562 3306 618 illic
3329 562 3559 632 profers,
3594 563 3786 619 Sarniâ€œ

2194 646 2414 704 Domino
2439 652 2490 704 in
2505 652 2698 718 timore,
2728 663 2774 705 et
2813 653 3058 706 exsultate
3083 654 3130 706 ei
3157 669 3272 707 cum
3303 663 3514 708 tremore
3539 654 3786 722 (P311153.

2197 737 2254 791 ll
2266 738 2314 807 )â€˜t
2333 738 2564 795 Hoccine
2579 750 2662 795 est
2687 756 2807 796 cum
2838 750 3068 797 tremore
3090 743 3311 805 servire,
3336 745 3414 798 sic
3438 744 3660 798 diflâ€˜undi
3680 745 3789 797 dis-

2195 829 2468 897 tendique,
2492 839 2548 881 ut
2578 845 2674 885 nec
2702 831 2816 900 ipse
2841 832 2996 896 scias,
3021 847 3139 902 quae
3163 834 3397 903 loquaris
3430 835 3788 905 incomposito

2193 916 2339 970 vocis
2361 917 2558 972 boatu?
2585 917 2729 972 Istud
2757 934 2885 974 vero
2907 929 3244 990 contemptus
3266 932 3367 988 est,
3398 940 3503 976 non
3535 926 3746 977 timoris
3772 940 3787 982 :

2193 1010 2528 1078 arrogantiae,
2561 1024 2668 1062 non
2698 1010 3048 1076 humilitatis;
3075 1012 3213 1066 istud
3253 1013 3551 1067 ludentium
3578 1023 3662 1069 est
3695 1030 3787 1082 poâ€”

2195 1098 2320 1164 tius,
2367 1113 2524 1168 quam
2555 1099 2761 1154 divinas
2790 1100 2974 1155 laudes
3022 1103 3424 1157 celebrantium.
3469 1105 3609 1173 Quid
3659 1122 3790 1172 ergo

2197 1189 2400 1242 servire
2444 1189 2666 1244 Domino
2711 1191 2763 1245 in
2809 1192 3031 1246 timore?
3071 1192 3200 1247 Cum
3253 1209 3412 1250 omne
3455 1207 3787 1266 praeceptum

2194 1279 2593 1348 perfecerimus,
2618 1295 2740 1334 cum
2771 1290 3002 1336 tremore
3044 1292 3100 1336 et
3143 1293 3288 1337 metu
3317 1285 3455 1340 banc
3483 1287 3791 1340 confessio-

2196 1383 2316 1422 nem
2348 1369 2540 1435 facere,
2582 1370 2744 1426 corde
2772 1372 3003 1426 contrito
3046 1381 3329 1442 menteque
3366 1375 3630 1430 submissa
3660 1390 3788 1442 pre-

2193 1473 2284 1514 ces
2329 1447 2562 1515 offerre:
2593 1461 2703 1516 Nec
2748 1461 2919 1516 solum
2974 1464 3177 1518 servire
3224 1463 3277 1517 in
3335 1466 3546 1530 timore,
3597 1480 3784 1520 verum

2193 1554 2354 1607 etiam
2394 1555 2668 1610 exsultare
2713 1570 2834 1609 cum
2881 1563 3112 1610 tremore
3152 1555 3383 1625 Spiritus
3423 1567 3641 1612 sanctus
3685 1573 3786 1628 per

2195 1644 2505 1714 prophetam
2533 1645 2703 1712 jubet.
2737 1645 2868 1699 Nam
2900 1647 3150 1715 quoniam
3177 1647 3427 1716 prmcepti
3456 1650 3778 1716 exsequutio

2195 1734 2442 1803 gaudium
2469 1735 2689 1803 gignere
2719 1735 2856 1788 solet
2888 1735 2939 1788 in
2967 1735 3146 1789 animo
3170 1735 3419 1791 virtutem
3457 1741 3779 1804 exercentis,

2194 1836 2250 1881 et
2295 1827 2449 1891 hanc,
2499 1825 2687 1894 inquit,
2731 1827 3122 1880 confessionem
3160 1840 3280 1881 cum
3329 1837 3562 1883 tremore
3606 1828 3789 1883 facere

2196 1916 2467 1982 convenit,
2500 1930 2568 1969 ne
2593 1915 2635 1968 si
2663 1914 2907 1982 deposito
2956 1923 3104 1970 metu
3143 1915 3534 1972 confundamur
3562 1934 3625 1972 ac
3666 1919 3786 1973 dis.

2195 2006 2483 2071 solvamur,
2522 2004 2678 2058 simul
2723 2013 2776 2059 et
2828 2005 3067 2059 laborum
3108 2004 3371 2076 jacturam
3413 2006 3692 2072 faciamus,
3731 2018 3788 2062 ct

2201 2097 2363 2151 Deum
2393 2097 2445 2150 in
2470 2110 2570 2151 nos
2598 2111 2968 2166 provocemus.
2996 2096 3104 2152 Sed
3129 2097 3417 2167 quomodo,
3445 2098 3640 2167 inquis,
3671 2101 3783 2152 fieri

2199 2195 2396 2255 potest,
2426 2195 2483 2240 ut
2508 2187 2626 2255 quis
2653 2186 2881 2241 exsultet
2910 2201 3029 2240 cum
3062 2187 3333 2242 tremore?
3374 2187 3504 2241 Nam
3536 2189 3786 2258 impossi-

2198 2276 2303 2330 bile
2331 2285 2412 2330 est
2439 2276 2596 2330 simul
2624 2275 2738 2330 haec
2767 2276 2872 2330 duo
2897 2276 3161 2343 accidere,
3193 2291 3316 2332 cum
3357 2278 3494 2332 inter
3528 2277 3641 2330 [nec
3667 2277 3789 2347 plu-

2199 2369 2331 2420 rima
2361 2367 2432 2420 sit
2469 2366 2791 2421 differentia.
2833 2367 3096 2422 Gaudium
3121 2369 3262 2422 enim
3294 2376 3377 2422 est
3421 2382 3632 2433 eorum,
3662 2383 3783 2436 qua:

2198 2458 2467 2514 desiderat
2515 2460 2746 2524 animus,
2798 2459 3052 2528 expletio,
3097 2473 3385 2528 rerumque
3429 2460 3785 2528 jucundarum

2198 2550 2398 2615 fruitio,
2441 2564 2503 2603 ac
2529 2551 2874 2604 molestarum
2918 2549 3151 2614 oblivio;
3194 2560 3368 2604 metus
3393 2561 3567 2604 autem
3595 2565 3788 2617 exspe-

2198 2650 2461 2697 ctatorum
2501 2639 2760 2694 malorum
2791 2641 3059 2706 incursus,
3091 2641 3270 2694 oriens
3307 2639 3562 2695 adversus
3587 2639 3790 2693 conde-

2200 2745 2433 2789 innatam
2477 2733 2881 2788 conscientiam.
2936 2731 3216 2800 Quomodo
3245 2732 3399 2801 igitur
3444 2732 3567 2786 licet
3595 2731 3786 2784 exsul-

2201 2836 2314 2880 tare
2355 2841 2477 2880 cum
2515 2825 2722 2890 timore,
2772 2839 2872 2879 nec
2910 2824 3220 2894 simpliciter
3265 2837 3385 2877 cum
3432 2823 3643 2886 timore,
3693 2821 3786 2875 sed

2199 2915 2359 2968 etiam
2402 2929 2522 2968 cum
2565 2922 2818 2978 tremore,
2853 2914 2942 2982 qui
2988 2923 3072 2967 est
3105 2914 3308 2966 timoris
3338 2913 3701 2978 vehementia,
3735 2922 3790 2966 et

2200 3004 2499 3059 immodicas
2527 3003 2801 3073 cujusdam
2831 3001 3111 3056 anxietatis
3139 3001 3388 3070 signum?

2275 3094 2528 3162 Quantum
2557 3093 2796 3163 gaudium
2837 3089 3022 3157 afferat
3061 3089 3334 3159 Seraphim
3370 3092 3543 3161 [milia
3584 3091 3790 3145 visionis

2203 3187 2433 3254 Domini,
2462 3196 2507 3239 et
2533 3201 2622 3238 cur
2638 3184 2765 3238 illud
2786 3183 3026 3252 gaudium
3051 3191 3182 3236 metu
3203 3186 3265 3236 sit
3293 3183 3523 3235 mixtum.
3550 3213 3621 3221 â€”
3642 3182 3790 3250 Quo-

2205 3279 2365 3335 modo
2412 3279 2591 3348 igitur,
2626 3276 2818 3344 inquis,
2853 3273 2956 3329 hoc
2985 3273 3109 3328 fiet?
3149 3274 3265 3345 lpsa
3313 3283 3364 3329 te
3392 3273 3672 3343 Seraphim
3702 3276 3792 3330 do-

2205 3379 2348 3436 cent,
2381 3384 2497 3439 qua:
2526 3383 2585 3423 re
2613 3369 2726 3437 ipsa
2760 3366 2845 3422 tali
2876 3366 3174 3421 ministerio
3201 3365 3509 3436 funguntur.
3546 3366 3676 3420 Nam
3702 3369 3791 3420 ilia

2207 3459 2457 3515 ineffabili
2494 3458 2661 3528 gloria
2701 3456 3002 3512 Conditoris
3034 3457 3300 3524 fruuntur,
3329 3457 3453 3512 dum
3485 3459 3793 3527 incompre-

2206 3548 2519 3604 hensibilem
2548 3548 2663 3616 ejus
2691 3547 3141 3616 pulchritudinem
3185 3548 3618 3616 contemplantur
3645 3566 3657 3601 :
3683 3564 3791 3603 non

2205 3641 2325 3696 dico
2364 3639 2508 3694 illam
2541 3648 2598 3691 ut
2626 3646 2707 3692 est
2736 3647 2922 3693 natura
2951 3636 3087 3706 (haec
3112 3637 3255 3691 enim
3297 3636 3650 3706 iucogitabilis
3686 3645 3790 3702 est,

2206 3746 2306 3786 nec
2343 3728 2573 3799 spectari
2611 3735 2818 3797 potest,
2853 3741 2952 3782 nec
2982 3728 3149 3797 ï¬gura
3178 3726 3427 3796 exprimi,
3467 3726 3788 3781 absurdum-

2207 3838 2309 3893 que
2335 3829 2420 3877 est
2445 3820 2521 3874 sic
2545 3820 2612 3874 de
2643 3819 2730 3873 illa
2763 3818 2992 3888 opinari)
3021 3834 3035 3884 ;
3075 3818 3168 3873 sed
3198 3827 3452 3888 quantum
3479 3832 3794 3874 concessum

2207 3923 2309 3982 est,
2351 3923 2606 3984 quantum
2653 3927 2718 3965 ex
2769 3910 2863 3966 illo
2907 3910 3196 3980 Splendore
3251 3919 3477 3980 possunt
3511 3911 3791 3965 illustrari.

2207 4003 2471 4071 Quoniam
2511 4001 2653 4056 enim
2697 4000 2909 4054 assidue
2939 3999 3264 4053 famulantur
3306 4000 3359 4053 in
3400 4000 3628 4055 circuitu
3673 4000 3795 4054 solii

2209 4095 2422 4165 regalis,
2472 4092 2524 4145 in
2555 4090 2668 4160 jngi
2713 4089 2904 4160 gaudio
2946 4099 3313 4158 perseverant,
3371 4090 3423 4142 in
3470 4090 3795 4158 sempiterna

2211 4187 2586 4250 delectatione,
2648 4184 2699 4236 in
2751 4183 3110 4237 exsultatione
3165 4182 3325 4237 finem
3375 4197 3479 4234 non
3527 4181 3792 4245 habitura,

2212 4277 2517 4348 gaudentia,
2564 4274 2833 4338 saltantia,
2875 4275 3006 4328 citra
3047 4274 3210 4327 ullum
3261 4271 3531 4326 silentium
3571 4271 3794 4340 gloriam

2213 4370 2478 4426 canentia.
2507 4366 2640 4422 Nam
2683 4375 2825 4420 stare
2864 4367 2917 4419 in
2958 4373 3248 4432 conspectu
3292 4361 3586 4430 majestatis
3628 4361 3792 4423 illius,

2212 4462 2384 4528 deque
2413 4456 2697 4526 splendore
2726 4455 2873 4508 illinc
2907 4454 3198 4522 refulgente
3227 4451 3534 4514 illuminari,
3566 4450 3668 4503 hoc
3693 4451 3796 4504 illis

2214 4559 2298 4603 est
2337 4546 2609 4618 gaudium,
2641 4545 2742 4598 hoc
2786 4545 2889 4598 illis
2937 4552 3018 4598 est
3065 4543 3364 4606 exsultatio,
3403 4542 3503 4596 hoc
3529 4541 3794 4608 voluptas,

2216 4642 2317 4696 hoc
2342 4639 2573 4707 denique
2616 4636 2805 4705 gloria.
2845 4635 3112 4689 Fortassis
3142 4635 3384 4688 sensiStis
3417 4633 3614 4701 aliquid
3643 4632 3797 4684 volu-

2216 4732 2395 4803 piatis,
2425 4739 2478 4784 et
2504 4726 2767 4796 cupiditas
2789 4725 3030 4795 quaedam
3053 4726 3198 4779 illius
3227 4725 3411 4793 gloria:
3435 4739 3531 4778 vos
3562 4725 3723 4791 cepit.

2281 4823 2335 4876 5.
2375 4822 2443 4875 At
2470 4819 2514 4873 si
2542 4818 2713 4872 velitis
2738 4816 3108 4870 adhortantem
3140 4814 3344 4880 audire,
3375 4821 3801 4885 prmsentctttqtte

2218 4912 2398 4982 gloria:
2420 4909 2614 4964 divinae
2649 4907 3065 4963 celebrationem
3105 4905 3353 4975 religiose
3383 4919 3662 4975 peragere,
3695 4919 3798 4958 non

2218 5002 2471 5057 destituet
2494 5014 2589 5053 vos
2619 4997 2920 5065 hujusmodi
2950 4995 3223 5065 gaudium,
3252 4995 3516 5064 siquidem
3563 4995 3677 5064 ipse
3720 5005 3801 5048 est

2219 5091 2311 5145 ille
2337 5090 2615 5152 Dominus,
2643 5089 2733 5156 qui
2764 5095 2819 5140 et
2844 5087 2896 5139 itt
2921 5086 3066 5139 caelis
3097 5094 3152 5139 et
3181 5086 3233 5139 in
3261 5088 3418 5141 terris
3442 5085 3794 5156 glorificatur:

2221 5180 2371 5234 Pleni
2398 5188 2514 5232 sunt
2543 5177 2682 5231 enim
2730 5177 2840 5229 ÎµÎ¹Ï…Î¹á½¶
2869 5186 2913 5228 et
2942 5186 3075 5229 terra
3105 5176 3269 5247 gloria
3298 5179 3407 5246 ejus
3446 5175 3496 5246 (1
3503 5177 3596 5228 sai.
3631 5176 3682 5228 6.
3720 5175 3796 5241 5).

2220 5268 2498 5336 Quomodo
2525 5268 2582 5320 fit
2629 5267 2810 5335 igitur,
2845 5274 2901 5318 ut
2929 5267 3014 5319 illa
3043 5267 3346 5337 Seraphim,
3380 5281 3497 5321 cum
3539 5266 3799 5335 ejusmodi

2219 5364 2489 5430 voluptate
2515 5360 2757 5413 fruantur
2809 5358 2945 5412 hanc
2975 5374 3095 5413 cum
3123 5362 3310 5413 timore
3337 5360 3636 5411 misceant?
3665 5358 3800 5413 Audi

2221 5455 2346 5524 quid
2375 5453 2508 5509 dicat
2532 5453 2790 5521 propheta
2824 5468 2836 5503 :
2871 5449 2987 5504 Vidi
3010 5452 3284 5505 Dominum
3310 5451 3559 5504 sedentem
3594 5449 3644 5501 in
3675 5450 3803 5502 solio

2223 5544 2416 5598 excelso
2444 5552 2488 5595 et
2511 5543 2720 5594 elevato.
2751 5542 2919 5608 Quam
2948 5542 3018 5596 ob
3045 5557 3257 5596 causam
3294 5557 3412 5594 cum
3444 5540 3669 5594 dixisset
3697 5541 3802 5593 Ex-

2224 5638 2441 5699 celsum,
2475 5634 2688 5702 adjecit,
2723 5635 3036 5688 Elevatum?
3071 5651 3244 5688 annon
3275 5635 3398 5687 satis
3436 5642 3551 5686 erat
3580 5648 3672 5700 per
3694 5633 3804 5685 cel-

2225 5726 2508 5781 situdinem
2534 5739 2649 5779 rem
2680 5732 2842 5778 totam
2870 5726 3188 5796 significare,
3223 5725 3602 5790 declarareque
3633 5722 3806 5790 digni-

2227 5819 2347 5873 tatis
2375 5816 2755 5872 eminentiam?
2799 5832 2964 5888 quare
2995 5833 3122 5890 ergo
3170 5816 3392 5872 addidit,
3413 5808 3718 5862 Elet'alum?
3743 5812 3810 5870 Ut
