4048 6468
234 444 310 496 99
1239 428 1307 486 IN
1344 430 1570 499 ILLUD,
1612 428 1748 485 VIDI
1790 427 2122 495 DOMINUM,
2160 427 2392 483 llOMlL.
2435 427 2468 482 1.

246 548 542 607 ανάστασιν
571 545 875 616 ὑπομένων,
897 544 1247 609 καταδέξαιτο
1274 544 1340 599 ἂν
1378 546 1500 615 εἰκῆ
1533 545 1627 599 καὶ
1652 544 1827 615 μάτην

246 632 375 691 τοὺς
414 629 687 690 τοιούτους
729 628 1020 696 ὑπομένειν
1052 628 1271 690 κόπους·
1316 627 1451 681 ἀλλὰ
1501 626 1589 679 διά
1619 626 1774 679 τοῦτο
1800 638 1825 665 α

253 715 347 769 καὶ
372 713 584 781 πελάγη
604 712 808 781 τέμνει,
838 710 934 763 καὶ
958 711 1216 765 κινδύνων
1242 711 1574 781 κατατολμᾷ,
1618 711 1712 762 καὶ
1739 710 1830 762 τό-

255 814 389 858 mu;
436 796 499 847 ἐκ
531 795 712 846 τόπων
735 794 1052 864 μεταμείϐει
1072 838 1086 859 ,
1118 794 1210 847 καὶ
1233 795 1473 857 ἀΰπνους
1510 793 1689 855 πάσας
1716 792 1832 844 δια-

255 880 399 932 τελεῖ
417 879 638 939 νύκτας,
688 877 772 928 ἵνα
807 877 875 929 τὰ
903 879 1000 947 τῆς
1034 876 1302 947 ἐμπορίας
1349 877 1494 946 αὐτῷ
1540 875 1827 945 πλεονάζῃ.

270 962 355 1021 Ὦς
387 959 440 1011 εί
459 976 522 1026 γε
556 958 710 1010 τοῦτο
734 958 805 1027 μὴ
842 962 1041 1028 προσῇ,
1087 958 1223 1012 ἀλλά
1269 961 1365 1011 σὺν
1392 959 1467 1029 τῷ
1497 955 1610 1029 [97]
1650 956 1831 1026 κέρδει

258 1043 352 1093 καὶ
382 1042 415 1109 ή
437 1040 543 1091 τῶν
594 1040 898 1108 κεφαλαίων
928 1040 1075 1109 αὐτῷ
1126 1040 1442 1110 ἐπιγένηται
1490 1039 1681 1109 ζημία,
1711 1037 1831 1091 οὐδὲ

260 1120 517 1190 ἀπαίρειν
543 1120 745 1184 ἔξεστιν
773 1123 941 1192 αὐτῷ,
972 1122 1092 1174 οὐδὲ
1140 1123 1266 1185 τοὺς
1299 1121 1666 1185 πολυπλόκους
1691 1120 1834 1173 ἐκεί-

261 1219 385 1265 νους
416 1204 703 1273 ὑπομένειν
732 1204 1027 1266 κινδύνους.

336 1368 400 1436 β’.
424 1368 593 1421 Τοῦτο
616 1369 789 1420 τοίνυν
814 1367 1031 1430 εἰδότες,
1066 1369 1203 1436 μετά
1218 1367 1316 1436 τῆς
1333 1367 1713 1439 προσηκούσης
1740 1365 1833 1418 εὐ·

264 1450 489 1511 λαϐείας
510 1450 742 1503 ἐνταῦθα
772 1450 1216 1519 παραγινώμεθα,
1234 1452 1381 1514 ὅπως
1414 1450 1485 1520 μὴ
1513 1450 1632 1503 ἀντὶ
1652 1449 1835 1517 ἀμαρ-

269 1549 331 1600 τη
343 1531 527 1599 μάτων
547 1531 790 1597 ἀφέσεως
807 1532 1120 1602 προσθήκην
1138 1532 1339 1585 τούτων
1362 1530 1737 1600 ποιησάμενοι,
1753 1528 1831 1581 οτ-

270 1615 398 1665 καδε
438 1612 853 1682 πορευσώμεθα.
944 1614 1006 1664 Τί
1053 1612 1110 1666 δέ
1138 1616 1253 1666 ἐστι
1283 1613 1343 1666 τὸ
1378 1611 1837 1682 ζητούμενονδκαὶ⁹

268 1694 297 1744 δ
332 1694 460 1762 παρ’
486 1693 639 1761 ἡμῶν
666 1697 970 1747 ἀπαιτεῖται
997 1712 1011 1759 ;
1044 1694 1116 1747 Τὸ
1136 1696 1260 1757 τοὺς
1288 1695 1460 1756 θείους
1494 1693 1838 1763 ἀναπέμπον-

266 1792 365 1837 τας
401 1773 620 1841 ὓμνους,
659 1776 807 1844 φόϐῳ
840 1777 1017 1845 πολλῷ
1049 1777 1523 1846 συνεσταλμένους,
1558 1778 1650 1831 καὶ
1680 1776 1837 1829 εὐλα-

269 1856 391 1927 ϐείᾳ
424 1858 887 1927 κεκοσμημένους,
923 1858 1066 1910 οὕτω
1106 1860 1433 1929 προσφέρειν
1466 1860 1704 1921 τούτους.
1730 1858 1838 1912 Καὶ

263 1938 380 2006 γάρ
400 1940 505 1989 είσί
533 1956 674 2001 τινες
722 1940 828 1993 τῶν
883 1940 1131 2006 ἐνταῦθα,
1160 1940 1254 2003 οὓς
1279 1942 1398 1993 οὐδέ
1443 1941 1539 2013 τὴν
1571 1942 1837 2013 ὑμετέραν

268 2018 492 2086 ἀγάπην
541 2019 753 2084 ἀγνοεῖν
795 2016 966 2089 οἶμαι,
997 2022 1189 2085 οἵτινες
1240 2024 1697 2093 καταφρονοῦντες
1742 2025 1836 2094 μὲν

267 2098 364 2151 τοῦ
410 2098 564 2163 Θεοῦ,
626 2099 694 2152 τὰ
744 2101 800 2153 δέ
852 2102 944 2155 τοῦ
1015 2104 1326 2173 Πνεύματος
1372 2106 1527 2173 λόγια
1567 2106 1641 2169 ὡς
1687 2105 1841 2157 κοινά

270 2181 584 2250 ἡγούμενοι,
621 2184 802 2250 φωνάς
832 2186 1095 2249 ἀτάκτους
1147 2189 1357 2257 ἀφιᾶσι,
1388 2190 1479 2241 καὶ
1518 2189 1621 2241 τῶν
1655 2206 1841 2257 μαινο-

273 2265 450 2333 μένων
472 2266 622 2317 οὐδὲν
643 2266 863 2335 ἄμεινον
898 2268 1211 2330 διάκεινται,
1245 2271 1349 2339 ὅλῳ
1398 2270 1475 2339 τῷ
1506 2269 1715 2339 σώματι
1754 2271 1841 2323 δο-

270 2346 519 2415 νούμενοι
554 2348 647 2400 καὶ
669 2352 1103 2419 περιφερόμενοι,
1132 2353 1226 2404 καὶ
1254 2352 1505 2422 ἀλλότρια
1548 2353 1646 2423 τῆς
1683 2371 1845 2405 πνευ-

272 2429 512 2497 ματικῆς
532 2433 912 2495 καταστάσεως
934 2433 1361 2505 ἐπιδεικνύμενοι
1391 2436 1459 2488 τὰ
1488 2435 1610 2506 ἤθη.
1659 2436 1843 2489 Ἀθλιε

269 2512 363 2564 καὶ
385 2511 722 2582 ταλαίπωρε,
748 2514 866 2566 δέον
904 2532 961 2567 σε
987 2516 1262 2571 δεδοικότα
1306 2518 1399 2570 καὶ
1431 2518 1698 2588 τρέμοντα
1746 2520 1844 2589 τὴν

268 2592 566 2663 ἀγγελικὴν
586 2594 890 2664 δοξολογίαν
917 2598 1240 2668 ἐκπέμπειν,
1272 2601 1421 2669 φόϐῳ
1442 2618 1499 2653 τε
1534 2601 1632 2671 τὴν
1664 2601 1847 2672 ἐξομο-

267 2674 489 2745 λόγησιν
518 2676 597 2746 τῷ
616 2678 821 2749 Κτίστῃ
844 2680 1130 2743 ποιεῖσθαι,
1148 2681 1241 2735 καὶ
1267 2682 1353 2735 διὰ
1376 2683 1573 2754 ταύτης
1601 2684 1845 2751 συγγνώ-

270 2774 378 2825 μην
413 2756 523 2809 τῶν
547 2760 923 2827 ἐπταισμένων
970 2762 1255 2815 αίτεῖσθαι“
1280 2764 1342 2815 σύ
1366 2765 1421 2817 δὲ
1450 2765 1516 2818 τά
1548 2766 1729 2834 μίμων
1754 2765 1846 2818 καὶ

267 2834 553 2903 ὀρχηστῶν
586 2837 818 2890 ἐνταῦθα
854 2839 1119 2910 παράγεις
1143 2849 1191 2903 ο,
1221 2841 1468 2904 ἀτάκτως
1502 2842 1599 2909 μὲν
1617 2842 1716 2903 τὰς
1739 2844 1848 2910 χεῖ-

272 2932 371 2983 ρας
401 2916 795 2980 ἐπανατείνων,
844 2921 1081 2982 καὶτοῖς
1136 2922 1293 2973 ποσὶν
1329 2921 1709 2991 ἐφαλλόμενος,
1756 2922 1849 2975 καὶ

268 2996 374 3065 ὅλῳ
399 2998 808 3069 περικλώμενος
830 3001 907 3070 τῷ
938 3001 1166 3072 σώματι.
1200 3004 1309 3055 Καὶ
1337 3005 1452 3066 πῶς
1502 3004 1559 3056 οὐ
1588 3005 1846 3067 δέδοικας,

267 3079 391 3132 οῦδέ
422 3080 665 3149 φρίττεις
694 3083 948 3137 τοιούτων
981 3083 1336 3154 κατατολμῶν
1361 3085 1589 3153 λογίων;
1622 3085 1737 3139 Οὐκ
1766 3088 1851 3139 ἐν·

268 3163 433 3227 νοεῖς,
466 3163 547 3215 ὅτι
574 3163 735 3227 αὐτὸς
762 3165 1009 3236 ἀοράτως
1040 3166 1273 3219 ἐνταῦθα
1304 3167 1565 3237 πάρεστιν
1595 3169 1622 3220 ὁ
1651 3169 1851 3221 Δεσπό-

268 3260 391 3311 της,
446 3245 543 3297 καὶ
588 3247 820 3304 ἑκάστου
869 3247 968 3318 τὴν
1023 3249 1235 3319 κίνησιν
1264 3251 1590 3320 άναμετρεῖ,
1648 3250 1742 3303 καὶ
1790 3251 1850 3304 τὸ

271 3326 508 3390 συνειδὸς
535 3326 773 3392 ἐξετάζει
794 3328 821 3368 ά
844 3346 858 3393 ;
888 3331 989 3383 οὐκ
1014 3331 1228 3396 ἐννοεῖς,
1249 3333 1331 3385 ὅτι
1349 3332 1567 3399 άγγελοι
1588 3332 1757 3403 ταύτῃ
1781 3335 1847 3403 τῇ

272 3414 475 3480 φρικτῇ
507 3413 871 3481 παρίστανται
894 3413 1159 3485 τραπέζῃ,
1187 3416 1281 3467 καὶ
1312 3416 1459 3485 φόϐῳ
1478 3415 1681 3487 ταύτην
1704 3434 1854 3486 περιο

272 3492 532 3558 έπουσιν;
590 3494 749 3546 Ἀλλά
782 3497 846 3547 σὺ
877 3496 1045 3549 ταῦτα
1068 3498 1127 3549 οὐ
1176 3500 1475 3561 κατανοεῖς,
1508 3498 1692 3568 ἐπειδὴ
1749 3500 1851 3552 ὐπὸ

270 3573 380 3627 τῶν
415 3576 474 3627 ἐν
507 3578 617 3637 τοῖς
654 3576 902 3646 θεάτροις
933 3579 1293 3649 ἀκουσμάτων
1334 3596 1393 3633 τε
1432 3582 1526 3633 καὶ
1568 3581 1851 3651 θεαμάτων

271 3655 362 3709 τὸν
397 3656 520 3708 νοῦν
571 3660 985 3730 συνεσκοτίσθης
1015 3672 1060 3726 θ,
1118 3663 1210 3715 καὶ
1237 3662 1324 3715 διὰ
1364 3663 1520 3716 τοῦτο
1575 3664 1642 3716 τά
1676 3666 1851 3718 ἐκεῖσε

274 3739 627 3808 πραττόμενα
644 3744 753 3803 τοῖς
771 3742 871 3811 τῆς
896 3743 1187 3813 ἐκκλησίας
1222 3745 1514 3815 ἀναφύρεις
1534 3746 1740 3810 τύποις·
1767 3747 1854 3800 διὰ

272 3821 431 3874 τοῦτο
456 3824 576 3884 ταῖς
600 3824 836 3893 ἀσήμοις
870 3830 1137 3896 κραυγαῖς
1164 3827 1225 3879 τὸ
1263 3828 1361 3896 τῆς
1401 3828 1580 3898 ψυχῆς
1622 3829 1853 3883 ἄτακτον

274 3902 636 3970 δημοσιεύεις.
691 3905 815 3966 Πῶς
840 3901 932 3960 οὖν
962 3907 1293 3978 συγγνώμην
1323 3910 1579 3981 ἐξαιτήσῃ
1624 3910 1731 3963 τῶν
1778 3913 1855 3963 ol-

274 3985 438 4037 κείων
464 3986 910 4057 ἀμαρτημάτων;
955 3990 1071 4052 πῶς
1106 3990 1185 4053 είς
1230 3988 1406 4045 οἵκτον
1437 3993 1714 4066 ἐπισπάσῃ
1764 3995 1854 4047 τὸν

275 4068 573 4136 Δεσπότην,
608 4068 750 4121 οὕτω
778 4071 1345 4142 καταπεφρονημένως
1374 4075 1471 4145 τὴν
1501 4074 1681 4145 δέησιν
1722 4093 1855 4146 προ-

279 4148 623 4218 τεινόμενος;
672 4150 961 4219 Ἐλέησόν
985 4170 1083 4221 με,
1128 4158 1161 4207 ό
1187 4156 1349 4221 Θεὸς,
1396 4156 1591 4224 λέγεις,
1632 4159 1723 4210 καὶ
1758 4156 1853 4211 τοῦ

279 4230 463 4293 ἐλέους
492 4231 770 4303 ἀλλότριον
814 4233 875 4285 τὸ
922 4230 1053 4305 ἦθος
1106 4236 1494 4291 ἐπιδείκνυσαι.
1527 4236 1850 4307 Σῶσόνμε,

281 4314 430 4384 βοᾷς,
468 4317 563 4368 καὶ
592 4315 737 4380 ξένον
762 4317 860 4386 τῆς
912 4320 1183 4389 σωτηρίας
1235 4321 1295 4373 τὸ
1323 4322 1503 4392 σχῆμα
1555 4323 1851 4387 διατυποῖς,

280 4397 346 4449 Τί
375 4398 707 4451 συντείνουσι
742 4401 878 4467 πρὸς
916 4402 1122 4455 ἱκεσίαν
1155 4406 1336 4473 χεῖρες
1379 4407 1472 4457 ἐπὶ
1500 4408 1857 4478 μετεωρισμῷ

281 4480 521 4549 συνεχῶς
573 4481 932 4551 ἐπαιρόμεναι
978 4483 1071 4536 καὶ
1110 4485 1361 4549 ἀτάκτως
1408 4490 1856 4559 περιφερόμεναι,

280 4564 497 4632 κραυγή
526 4579 586 4615 τε
612 4564 835 4633 σφοδρὰ,
872 4565 965 4617 καί
988 4568 1051 4635 τῇ
1086 4566 1236 4637 βιαίᾳ
1264 4567 1356 4620 τοῦ
1387 4568 1690 4639 πνεύματος
1715 4569 1860 4641 ὠθή-

283 4660 363 4696 σει
384 4644 445 4697 τὸ
474 4645 687 4715 ἀσημον
734 4646 960 4715 ἐχουσας
1003 4650 1136 4718 Οὐχὶ
1188 4649 1257 4702 τὰ
1293 4650 1389 4719 μὲν
1432 4651 1612 4705 αὐτῶν
1642 4651 1749 4705 τῶν
1801 4654 1860 4706 ἐν

278 4730 398 4790 ταῖς
420 4727 653 4797 τριόδοις
684 4730 1103 4800 ἐταιριζομένων
1136 4732 1427 4799 γυναικῶν,
1480 4732 1546 4786 τά
1573 4734 1629 4786 δὲ
1658 4733 1766 4787 τῶν
1802 4736 1860 4787 ἐν

279 4812 392 4872 τοῖς
416 4810 664 4879 θεάτροις
686 4813 1003 4879 φωνούντων
1026 4814 1172 4866 ἐστὶν
1195 4814 1361 4884 ἐργας
1400 4817 1520 4879 Πῶς
1547 4814 1641 4871 οὖν
1660 4819 1862 4889 τολμᾷς

281 4893 347 4959 τῇ
379 4892 644 4963 ἀγγελικῇ
671 4894 843 4967 ταύτῃ
864 4896 1141 4965 δοξολογία
1166 4898 1237 4950 τά
1268 4898 1373 4950 τῶν
1419 4899 1688 4968 δαιμόνων
1728 4902 1859 4954 ἀνα-

287 4972 537 5041 μιγνύειν
554 4976 816 5042 παίγνια;
862 4978 978 5041 πῶς
1008 4980 1063 5031 δέ
1096 4980 1194 5031 οὐκ
1225 4981 1345 5050 αίδῇ
1377 4981 1579 5052 ταύτην
1609 4985 1707 5053 τὴν
1747 5002 1861 5052 φω-

284 5054 400 5125 νὴν,
423 5058 488 5125 ἣν
521 5058 636 5110 ἐκεῖ
670 5057 689 5096 ί
730 5060 1003 5130 ἐκφέρεις,
1037 5064 1411 5115 Δουλεύσατε
1456 5064 1535 5128 τῷ
1578 5067 1773 5133 Κυρίῳ
1795 5068 1863 5121 ἐν

351 5152 378 5180 ⁸
398 5151 497 5224 Δ]ξί
520 5153 736 5224 κόποιῧ..-
892 5157 1008 5220 γάρ;
1044 5158 1106 5224 ὃς.
1138 5159 1215 5205 διὰ
1252 5156 1419 5224 τοῦτο..
1455 5160 1606 5210 Paulo
1642 5170 1749 5224 post
1769 5164 1865 5212 duo

426 5212 615 5281 ἄϋπνος.
653 5216 780 5281 Edm
802 5212 1036 5281 ἀύπνους.
1073 5218 1287 5281 Utraque
1311 5221 1455 5269 lectio
1478 5212 1701 5281 quadrél.
1728 5224 1850 5273 Unu:

286 5273 467 5351 {ﬁdem
488 5274 883 5351 épmouinopé;
900 5279 1127 5351 διατελεῖ..
1144 5273 1295 5351 Rahlo
1333 5290 1438 5351 post
1470 5273 1664 5351 q-gidam
1688 5288 1751 5351 ᾡς
1771 5287 1865 5351 εῐγε

286 5332 429 5407 τοῦτο
469 5337 532 5395 μὴ
569 5338 744 5398 συμϐῇ.
774 5332 898 5389 Infra
927 5354 1051 5389 unus
1081 5342 1191 5389 οὐδέ
1236 5332 1448 5405 ἀπαίρειν
1481 5332 1663 5398 ἐξέσται
1704 5332 1867 5395 λοιπόν

286 5410 451 5443 αυτοῦ.

349 5454 538 5527 δ-Αι-ιρς
563 5459 745 5527 -οῐκαδε
792 5460 1131 5527 ἐπανέλθωμεν.
1179 5464 1237 5512 Τί
1280 5463 1360 5512 οὖν
1384 5464 1484 5514 ἐστι
1510 5467 1565 5514 τὸ
1589 5472 1686 5525 ζητ.
1714 5468 1868 5519 Paulo

289 5523 397 5586 pogl
409 5518 505 5586 ﬁlii
529 5521 664 5586 οὕτω,
679 5524 921 5586 προφέρειν
941 5518 1151 5581 τούτους.

351 5579 377 5610 ο
408 5578 541 5626 Unus
565 5578 788 5651 εῑσᾴγέιςέ
808 5578 946 5634 Ᾱιίυε
967 5578 1284 5648 maciam.
1308 5600 1418 5647 quae
1448 5594 1694 5651 postrema
1721 5591 1869 5641 lectio

289 5651 385 5710 nco
409 5643 689 5710 egerneoda
708 5646 921 5710 yidelur.

353 5700 651 5774 ξᾼῃειῇτήν
669 5707 1133 5774 κίνησινλδιαμετρεῖ,
1166 5711 1247 5757 καὶ
1278 5712 1333 5759 τὸ
1371 5713 1578 5768 συνειδὸς
1616 5713 1867 5774 λογοθετεῖ.

351 5762 380 5835 ξ
412 5764 508 5835 Alii
526 5762 832 5835 ‘iquioﬂ'hc.
858 5762 1007 5835 Paulo
1042 5762 1151 5831 ροέι
1176 5785 1299 5819 unus
1330 5774 1429 5835 ταῖς
1454 5762 1656 5835 ἀσήμοις
1678 5762 1865 5835 φωναῖς.

360 5822 380 5897 ξ
415 5822 543 5897 Ἐκεῖ
566 5822 1015 5897 μεθειίηὶιιιὶησυε
1044 5822 1207 5897 'se_xve
1240 5822 1611 5897 mgs._Cene'im
1642 5822 1864 5897 expungi

290 5883 477 5954 debeat
499 5886 684 5954 dupilo.
711 5883 990 5940 nec'tamén
1023 5895 1200 5951 audeo,
1221 5894 1336 5954 quia
1355 5894 1405 5942 in
1433 5896 1580 5947 editis
1621 5902 1673 5949 οι
1694 5883 1746 5950 li!
1768 5883 1864 5949 ali:

294 5950 419 6006 quot
436 5959 548 5998 mss.
566 5948 734 6015 fertur,
763 5957 815 6006 ει
842 5960 1089 6018 utcunque
1112 5948 1228 6005 feri-1
1241 5948 1432 6018 ’ροιιιειι⁸

1935 540 2050 615 [98]
2070 544 2247 611 φόϐῳ,
2279 543 2470 611 λέγων,
2493 541 2589 596 καὶ
2614 541 2985 611 ἀγαλλιᾶσθε
3006 538 3166 604 αὐτῷ
3183 539 3255 592 ἐν
3275 541 3467 607 τρόμῳ
3486 582 3505 605 ,

1935 627 2103 679 Τοῦτό
2125 626 2289 689 ἐστιν,
2312 628 2369 679 ἐν
2409 626 2555 696 φόϐῳ
2576 624 2938 685 δουλεύειν,τὺ
2967 621 3316 692 διακεχύσθαι
3336 639 3394 673 τε
3414 623 3509 674 καὶ

1933 707 2306 769 διατείνεσθαι,
2333 709 2424 761 καὶ
2447 708 2578 778 μηδέ
2606 707 2828 760 σεαυτὸν
2850 705 3173 757 ἐπίστασθαι
3196 705 3323 770 περὶ
3348 703 3508 757 τίνων

1930 790 2151 862 διαλέγῃ
2173 793 2238 860 τῇ
2266 790 2483 859 ἀτάκτῳ
2520 793 2617 860 τῆς
2648 789 2831 857 φωνῆς
2864 788 3151 857 ἐνηχήσει;
3186 786 3356 838 Τοῦτο
3407 802 3509 838 κα-

1931 873 2313 942 ταφρονήσεώς
2341 875 2505 934 ἐστιν,
2534 874 2592 924 οὐ
2618 873 2804 942 φόϐου,
2836 870 3175 931 ἀλαζονείας,
3225 869 3287 920 οὐ
3312 885 3505 922 ταπει-

1932 953 2164 1017 νώσεωςο
2196 953 2351 1007 τοῦτο
2368 955 2665 1018 παιζόντων
2710 954 2927 1023 μᾶλλον,
2958 952 2991 1021 ἢ
3019 950 3437 1017 δοξολογούντων
3455 959 3505 1002 ε.

1934 1039 1997 1091 Τί
2030 1034 2121 1091 οὖν
2151 1040 2264 1091 ἐστι
2294 1037 2354 1090 τὸ
2387 1038 2653 1090 δουλεύειν
2684 1036 2760 1107 τῷ
2788 1036 2978 1105 Κυρίῳ
3004 1038 3061 1088 ἐν
3092 1034 3269 1103 φόϐῳ;
3300 1032 3373 1085 Τὸ
3404 1033 3508 1084 πᾶ-

1935 1138 2032 1173 σαν
2071 1121 2288 1191 ἐντολὴν
2311 1120 2757 1191 ἀποπληροῦντας
2798 1119 2945 1188 φόϐῳ
2984 1121 3077 1171 καλ⁵
3108 1117 3340 1186 συστολῇ
3373 1114 3508 1167 ταύ-

1933 1218 2031 1271 την
2069 1204 2521 1274 κατεργάζεσθαι,
2588 1202 2647 1254 τὸ
2698 1200 3126 1269 συντετριμμένῃ
3167 1199 3364 1269 καρδίᾳ
3414 1197 3508 1250 καὶ

1932 1285 2378 1355 τεταπεινωμένῳ
2406 1284 2485 1338 νοῒ
2508 1284 2605 1346 τάς
2633 1282 2836 1343 ἱκεσίας
2867 1281 3263 1351 προϐάλλεσθαι
3296 1281 3345 1334 ιι.
3395 1279 3508 1331 Καὶ

1935 1366 1995 1420 οὐ
2027 1368 2182 1436 μόνον
2203 1368 2467 1423 δουλεύειν
2491 1371 2548 1421 ἐν
2578 1366 2748 1436 φόϐῳ,
2776 1365 2910 1419 άλλά
2946 1364 3040 1417 καὶ
3071 1363 3425 1431 ἀγαλλιᾶσθαι
3450 1364 3509 1413 ἐν

1936 1450 2122 1519 τρόμῳ
2150 1450 2209 1501 τὸ
2235 1450 2455 1519 Πνεῦμα
2486 1450 2547 1503 τὸ
2596 1451 2748 1516 ἆγιον
2795 1448 2880 1500 διὰ
2904 1445 2999 1498 τοῦ
3026 1447 3304 1515 προφήτου
3337 1459 3511 1512 παρα-

1937 1530 2236 1584 κελεύεται.
2271 1532 2485 1602 Ἐπειδὴ
2522 1531 2630 1601 γάρ
2668 1530 2823 1601 ήτῆς
2841 1529 3058 1597 ἐντολῆς
3088 1527 3365 1596 πλήρωσις
3415 1542 3512 1594 χαο

1942 1613 2040 1683 ράν
2070 1613 2257 1667 εῐωθεν
2305 1616 2549 1683 ἐμποιεῖν
2578 1616 2653 1683 τῷ
2698 1612 2794 1683 τὴν
2825 1610 3024 1681 ἀρετὴν
3081 1608 3358 1670 ἀσκοῦντι,
3417 1607 3512 1658 καὶ⁹

1937 1694 2158 1764 ταύτην,
2190 1696 2353 1764 φησὶ,
2388 1696 2573 1766 τρόμῳ
2594 1696 2687 1748 καὶ
2708 1696 2815 1747 δέει
2857 1690 3128 1745 ποιεῖσθαι
3158 1689 3423 1759 προσήκει
3462 1690 3509 1751 ἰ,

1941 1777 2025 1829 ἵνα
2052 1778 2125 1848 μὴ
2152 1780 2214 1847 τῇ
2238 1777 2439 1848 ἀφοϐία
2459 1776 2827 1846 συγχεόμενοι,
2848 1773 2975 1836 τούς
3000 1790 3060 1826 τε
3086 1771 3279 1832 πόνους
3301 1770 3512 1840 ζημιω-

1940 1860 2144 1930 θῶμεν,
2194 1860 2407 1912 καὶτὸν
2460 1859 2590 1911 Θεὸν
2638 1856 3047 1928 παροξύνωμεν.
3100 1854 3221 1916 Πῶς
3241 1854 3297 1905 δέ
3336 1852 3509 1916 ἐσται,

1941 1946 2123 2014 φησὶν,
2159 1944 2483 2012 ἀγάλλεσθαι
2519 1946 2576 1996 ἐν
2596 1944 2813 2012 τρόμῳ;
2848 1942 2956 1994 Καὶ
2994 1938 3102 2009 γὰρ
3135 1938 3257 1993 οὐδὲ
3286 1933 3514 1989 δυνατὸν

1941 2028 2081 2081 κατὰ
2102 2029 2296 2081 ταύτὸν
2328 2029 2395 2081 τά
2441 2027 2531 2080 δύο
2558 2026 2894 2097 συμϐαίνειν,
2943 2022 3145 2091 πολλῆς
3202 2020 3365 2089 οὐσης
3414 2019 3514 2086 τῆς

1945 2109 2143 2178 μεταξὺ
2175 2109 2351 2162 αὐτῶν
2376 2110 2653 2177 διαφορᾶς.
2677 2106 2833 2176 Χαρά
2882 2107 2988 2174 γάρ
3020 2106 3133 2156 ἐστι
3160 2100 3514 2167 καταθυμίων

1943 2193 2238 2261 πλήρωσις,
2270 2192 2363 2245 καὶ
2392 2190 2559 2261 ἡδέων
2592 2189 2907 2250 ἀπόλαυσις,
2940 2187 3033 2239 καλ⁵
3075 2183 3313 2255 ἀνιαρῶν
3354 2181 3515 2251 λήθηο

1944 2274 2105 2343 φόϐος
2124 2274 2178 2325 δὲ
2206 2271 2570 2341 ἐλπιζομένων
2616 2269 2798 2323 κακῶν
2822 2269 3091 2329 ἐπίτασις,
3124 2267 3215 2317 ἐπὶ
3246 2280 3519 2330 κατεγνωο

1948 2357 2128 2428 σμένῳ
2167 2354 2552 2423 συνιστάμενος
2581 2353 2859 2405 συνειδότι.
2890 2352 3014 2413 Πῶς
3044 2345 3135 2402 οὖν
3160 2348 3305 2400 ἐστιν
3346 2346 3517 2413 ἀγάλ-

1944 2439 2127 2491 λεσθαι
2178 2441 2235 2491 ἐν
2268 2437 2433 2507 φόϐῳ,
2476 2435 2568 2488 καὶ
2591 2435 2687 2504 οὐχ
2726 2433 2911 2495 ἀπλῶς
2962 2433 3021 2484 ἐν
3076 2430 3263 2499 φόϐῳ,
3317 2428 3432 2481 ἀλλ’
3459 2430 3517 2480 ἐν

1945 2520 2149 2590 τρόμῳ,
2184 2520 2319 2589 ὅπερ
2367 2517 2610 2580 ἐπίτασίς
2640 2518 2755 2568 ἐστι
2806 2514 2898 2567 τοῦ
2927 2513 3113 2583 φόϐου,
3165 2512 3258 2565 καὶ
3316 2510 3521 2579 πολλῆς

1947 2602 2183 2670 ἀγωνίας
2222 2603 2467 2671 σημεῖον.

2016 2766 2140 2827 Πῶς
2159 2764 2234 2827 δέ,
2263 2763 2414 2832 φησὶ,
2446 2761 2602 2814 τοῦτο
2626 2760 2945 2827 γενήσεται;
2981 2758 3130 2810 Αὐτά
3169 2772 3228 2807 σε
3255 2756 3323 2807 τὰ
3352 2754 3524 2823 Σερα-

1950 2846 2059 2915 φὶμ
2086 2845 2441 2905 διδάσκουσιν,
2490 2842 2635 2911 ἔργῳ
2669 2839 2765 2911 τὴν
2810 2839 3063 2908 τοιαύτην
3103 2834 3520 2906 ἀποπληροῦντα

1948 2925 2239 2980 διακονίαν.
2284 2924 2393 2977 Καὶ
2439 2923 2545 2994 γάρ
2573 2924 2753 2976 ἐκεῖνα
2789 2924 2887 2992 τῆς
2930 2920 3137 2989 ἀφάτου
3192 2918 3349 2985 δόξης
3386 2918 3525 2969 ἀπο-

1949 3009 2180 3063 λαύοντα
2198 3006 2290 3060 τοῦ
2313 3008 2564 3065 κτίστου,
2590 3006 2761 3059 καὶτὸ
2791 3005 3069 3074 ἀμήχανον
3090 2999 3518 3071 ἐνοπτριζόμενα

1950 3090 2162 3153 κάλλοςο
2202 3091 2260 3142 οὐ
2308 3090 2449 3156 λέγω
2496 3089 2626 3141 αὐτὸ
2656 3090 2861 3149 ἐκεῖνο,
2921 3087 3057 3153 ὅπερ
3104 3082 3218 3135 ἐστὶ
3248 3085 3313 3151 τῇ
3362 3079 3525 3150 φύσει

1951 3171 2333 3242 (ἀκατανόητον
2362 3170 2468 3240 γὰρ
2513 3170 2687 3231 τοῦτο,
2719 3169 2812 3222 καὶ
2863 3166 3191 3234 ἀθεώρητον,
3232 3164 3324 3215 καὶ
3354 3163 3526 3230 ἀσχη-

1953 3256 2225 3324 μάτιστον,
2266 3253 2359 3307 καὶ
2385 3254 2581 3306 ἄτοπόν
2611 3254 2724 3305 ἐστι
2753 3251 2814 3303 τὸ
2843 3250 2982 3303 οὓτω
3010 3248 3139 3318 περὶ
3184 3245 3345 3298 αὐτοῦ
3391 3246 3524 3297 ὐπο-

1949 3334 2287 3407 λαμϐάνειν),
2324 3335 2435 3386 ἀλλ’
2465 3336 2585 3388 ὅσον
2609 3333 2959 3401 ἐγχωροῦσιν,
2987 3333 3109 3382 ὅσον
3130 3328 3235 3382 ὐπὸ
3262 3328 3360 3397 τῆς
3378 3327 3527 3378 ἀκτῖρ

1950 3435 2039 3480 νος
2084 3417 2295 3483 ἐκείνης
2354 3415 2592 3485 ἰσχύουσι
2627 3412 3095 3480 καταλάμπεσθαι.
3151 3409 3370 3478 Ἐπειδὴ
3418 3408 3529 3477 γὰρ

1951 3498 2210 3568 διηνεκῶς
2240 3495 2608 3566 λειτουργοῦσι
2652 3494 2835 3564 κύκλῳ
2864 3492 2959 3547 τοῦ
2992 3491 3268 3560 βασιλικοῦ
3312 3490 3525 3559 θρόνου,

1953 3581 2011 3634 ἐν
2038 3581 2276 3649 διηνεκεῖ
2294 3581 2436 3649 χαρᾷ
2462 3576 2814 3635 διατελοῦσιν,
2852 3578 2909 3628 ἐν
2945 3575 3098 3644 ἀϊδίῳ
3121 3571 3445 3641 εὐφροσύνῃ,
3471 3572 3531 3622 ἐν

1954 3662 2265 3731 ἀγαλλιάσει
2304 3660 2723 3727 ἀκαταπαύστῳ,
2748 3660 3023 3728 χαίροντα,
3056 3655 3378 3723 σκιρτῶντα,
3412 3654 3529 3704 ἀσιο

1966 3747 2133 3815 mm);
2182 3742 2581 3809 δοξολογοῦντα.
2634 3740 2706 3792 Τὸ
2738 3741 2844 3811 γάρ
2894 3739 3123 3793 ἐνώπιον
3152 3740 3372 3790 ἐστάναι
3430 3735 3531 3802 τῆς

1955 3814 2109 3897 δόξης
2129 3826 2359 3895 ἐκείνης,
2383 3825 2475 3878 καὶ
2492 3824 2597 3876 ἀπὸ
2620 3823 2717 3892 τῆς
2739 3822 2798 3885 ἐξ
2815 3822 2981 3892 αὐτῆς
2995 3814 3520 3891 ἀπαστραπτούσηςί

1956 3907 2421 3977 καταφωτίζεσθαι
2447 3906 2654 3974 αῐγλης,
2684 3905 2838 3957 τοῦτο
2868 3906 3047 3966 αὐτοῖς
3070 3905 3161 3956 καὶ
3184 3901 3349 3972 χαρὰ,
3373 3900 3533 3953 τοῦτο

1956 3994 2048 4049 καὶ
2077 3991 2408 4060 ἀγαλλίασις,
2441 3989 2594 4041 τοῦτο
2621 3990 2711 4039 καὶ
2737 3986 3061 4057 εὐφροσύνη,
3086 3986 3243 4038 τοῦτο
3269 3984 3361 4036 καὶ
3382 3982 3529 4045 δόξα.

1956 4076 2109 4145 Τάχα
2141 4092 2191 4127 τι
2244 4074 2377 4143 πρὸς
2405 4072 2590 4144 ήδονὴν
2626 4071 2878 4133 ἐπάθετε,
2920 4071 3013 4122 καὶ
3045 4074 3108 4122 ἐν
3144 4068 3410 4136 ἐπιθυμίᾳ
3435 4067 3535 4134 τῆς

1956 4156 2115 4226 δόξης
2149 4157 2361 4226 ἐκείνης
2391 4155 2674 4223 γεγόνατε.

2029 4332 2097 4392 γ’.
2145 4324 2282 4376 Ἀλλ’
2309 4322 2362 4374 εῐ
2386 4338 2447 4388 γε
2476 4319 2821 4389 βουληθείητε
2858 4314 3246 4386 παραινοῦντος
3272 4314 3541 4375 ἀκοῦσαι,

1961 4406 2055 4459 καὶ
2075 4407 2187 4475 μετ’
2204 4404 2486 4465 εὐλαϐείας
2502 4403 2596 4472 τὴν
2624 4402 2901 4472 παροῦσαν
2917 4399 3220 4466 δοξολογίαν
3241 4396 3542 4458 ποιεῖσθαι,

1960 4488 2059 4541 οὐκ
2097 4486 2555 4556 ἀπολειφθήσεσθε
2580 4485 2677 4554 τῆς
2720 4484 2971 4552 τοιαύτης
3000 4482 3194 4553 χαρᾶς·
3227 4480 3387 4541 αὐτὸς
3429 4480 3543 4547 γάρ

1962 4571 2107 4623 ἐστιν
2136 4570 2340 4630 ἐκεῖνος
2370 4570 2397 4619 ό
2415 4567 2708 4635 Δεσπότης,
2741 4568 2767 4618 ό
2796 4567 2890 4617 καὶ
2918 4566 2975 4616 ἐν
3012 4564 3281 4634 οὐρανοῖς,
3308 4563 3400 4613 καὶ
3446 4562 3543 4613 ἐπὶ

1961 4653 2061 4721 γῆς
2083 4650 2447 4720 δοξαζόμενος·
2484 4648 2724 4715 Πλήρης
2753 4648 2860 4716 γὰρ
2889 4650 2921 4699 ό
2948 4646 3221 4713 οὐρανὸς,
3251 4644 3406 4715 φησὶ,
3442 4643 3543 4697 και

1965 4734 2077 4807 [99]
2107 4736 2145 4802 ἡ
2168 4732 2245 4802 γῆ
2269 4731 2378 4799 τῆς
2402 4731 2586 4797 δόξης
2609 4728 2816 4782 αὺτοῦ.
2847 4726 2968 4788 Πῶς
2987 4723 3079 4779 οὖν
3096 4728 3279 4779 ἐκεῖνα
3299 4726 3396 4795 τῆς
3419 4742 3541 4778 τοσ-

1964 4806 2132 4887 αύτης
2172 4806 2508 4886 εὐφροσύνης
2536 4810 2897 4873 ἀπολαύοντα,
2930 4809 3081 4879 φόϐῳ
3116 4809 3321 4878 ταύτην
3350 4810 3545 4877 ἀναμι-

1964 4910 2250 4974 γνύουσιν;
2280 4907 2541 4959 Ἄκουσον
2560 4903 2613 4955 τί
2640 4919 2801 4972 φησιν
2834 4904 2862 4955 ὁ
2901 4902 3205 4971 προφήτηςο
3239 4896 3420 4953 Εἶδον
3436 4901 3548 4952 τὸν

1964 4992 2182 5058 Κύριον
2208 4987 2543 5057 καθήμενον
2557 4986 2653 5037 ἐπὶ
2674 4987 2888 5052 θρόνου
2904 4984 3147 5051 ὑψηλοῦ
3163 4982 3262 5035 καί
3289 4982 3548 5049 ἐπηρμέ-

1964 5094 2095 5129 νου.
2125 5075 2277 5136 Τίνος
2300 5074 2482 5125 ἕνεκεν
2512 5071 2571 5123 τὸ
2603 5070 2803 5140 ὑψηλὸν
2832 5068 3021 5128 εἰπὼν,
3046 5070 3141 5120 καὶ
3154 5068 3216 5119 τὸ
3234 5069 3549 5136 ἐπηρμένον

1967 5158 2300 5230 προσέθηκε;
2329 5156 2401 5227 μὴ
2439 5156 2545 5224 γάρ
2567 5155 2666 5206 οὐκ
2691 5155 2847 5223 ἤρκει
2880 5153 2966 5204 διά
2985 5152 3079 5204 τοῦ
3116 5150 3321 5219 ὑψηλοῦ
3348 5151 3409 5202 τὸ
3435 5152 3551 5203 πᾶν

1970 5238 2258 5313 σημᾶιναι⁴ι
2292 5239 2385 5292 τοῦ
2426 5239 2769 5308 πράγματος,
2826 5234 2917 5287 καὶ
2946 5234 3114 5297 δεῖξαι
3145 5233 3205 5285 τὸ
3246 5233 3344 5302 τῆς
3389 5232 3551 5299 ἀξίας

2034 5405 2058 5443 Β
2084 5402 2215 5451 Unus
2236 5418 2260 5452 a
2286 5401 2467 5449 Savilio
2488 5403 2533 5447 in
2559 5411 2712 5459 marg.
2737 5395 2916 5445 allatus
2937 5396 2967 5453 ἢ
2991 5395 3444 5456 ἐξομολογουμένων.

2030 5463 2059 5502 Ῑι
2083 5466 2213 5513 Unus
2234 5463 2593 5525 προτρέπεσθαι.

2037 5527 2054 5565 ἐ
2102 5516 2635 5586 Ποιεῖσθαι’προτρέπει.
2678 5520 2769 5586 S_ic_
2794 5519 2891 5586 dup
2932 5530 3060 5586 mss_:
3088 5517 3219 5586 iqfra_
3251 5516 3448 5586 quidem

1966 5589 2256 5650 γαλλιᾶσθαι
2283 5587 2347 5650 ἐν⁸
2368 5579 2547 5650 τρόμῳ,
2597 5587 2649 5629 et
2693 5581 2817 5629 infra
2849 5580 3330 5650 _i_lem_&}a)h&oﬁ<‘z}
3362 5579 3416 5650 _év
3461 5579 3544 5650 φάς

1970 5638 2058 5711 ἀρι
2081 5658 2133 5696 ει
2158 5650 2228 5718 είς
2250 5638 2433 5718 legit“?
2452 5638 2656 5718 iq'v’erw
2675 5641 2885 5718 #92999!
2902 5638 3547 5718 wEEiAPPLiE‘EWQE“

1972 5700 2178 5771 uirique
2205 5700 2353 5771 lectio
2374 5707 2612 5771 quqofal,_
2635 5700 3286 5771 poluilqpephrysootompg
3318 5700 3545 5771 ἀγαλλιᾶ-

1967 5773 2075 5819 σθαι
2098 5760 2290 5818 inulare
2314 5767 2363 5815 in
2386 5760 2689 5827 ἀγάλλεσθαι,
2711 5760 2843 5825 (ιιιοᾶ
2865 5763 3074 5827 idipsum
3105 5766 3209 5821 eu;
3224 5760 3372 5821 idque
3396 5760 3549 5809 etiam

1968 5834 2020 5881 in
2037 5842 2172 5898 molfe
2197 5829 2362 5898 habet.
2444 5889 2456 5898 _
2688 5884 2701 5898 ρ

2032 5902 2046 5941 1
2081 5892 2281 5952 Aliquol
2302 5902 2414 5936 mss.
2434 5889 2809 5952 ἀστραπτούσης.

2030 5952 2057 5992 κ
2085 5951 2215 6003 Unus
2234 5952 2289 6000 τὸ
2312 5956 2402 5998 πᾶν
2424 5951 2724 6010 ἑπισημᾶναι.
