  <div class='ocr_page' id='page_1' title='image "/cluster/home/n/w/nwhite01/storage/ocr_20150623/56/ien.35556001660836/108.png"; bbox 0 0 4048 6446; ppageno 0'>
   <div class='ocr_carea' id='block_1_1' title="bbox 240 376 2482 451">
    <p class='ocr_par' dir='ltr' id='par_1_1' title="bbox 240 376 2482 451">
     <span class='ocr_line' id='line_1_1' title="bbox 240 376 2482 451; baseline 0.001 -14"><span class='ocrx_word' id='word_1_1' title='bbox 240 387 335 443; x_wconf 85' lang='lat' dir='ltr'><strong>Hll</strong></span> <span class='ocrx_word' id='word_1_2' title='bbox 1270 382 1337 441; x_wconf 85' lang='lat' dir='ltr'><strong>IN</strong></span> <span class='ocrx_word' id='word_1_3' title='bbox 1374 382 1595 451; x_wconf 83' lang='lat' dir='ltr'><strong>ILLUD,</strong></span> <span class='ocrx_word' id='word_1_4' title='bbox 1635 376 1771 437; x_wconf 79' lang='lat' dir='ltr'><strong>VIDI</strong></span> <span class='ocrx_word' id='word_1_5' title='bbox 1811 376 2136 449; x_wconf 75' lang='lat' dir='ltr'><strong>DOMINUM,</strong></span> <span class='ocrx_word' id='word_1_6' title='bbox 2177 380 2401 439; x_wconf 80' lang='lat' dir='ltr'><strong>HOMIL.</strong></span> <span class='ocrx_word' id='word_1_7' title='bbox 2443 382 2482 439; x_wconf 83' lang='grc' dir='ltr'><strong>Ι.</strong></span> 
     </span>
    </p>
   </div>
   <div class='ocr_carea' id='block_1_2' title="bbox 248 494 1821 566">
    <p class='ocr_par' dir='ltr' id='par_1_2' title="bbox 248 494 1821 566">
     <span class='ocr_line' id='line_1_2' title="bbox 248 494 1821 566; baseline -0.001 -15"><span class='ocrx_word' id='word_1_8' title='bbox 248 498 431 551; x_wconf 80' lang='lat' dir='ltr'><strong>sedem</strong></span> <span class='ocrx_word' id='word_1_9' title='bbox 467 495 1062 566; x_wconf 88' lang='lat' dir='ltr'><strong>incomprehensibilem</strong></span> <span class='ocrx_word' id='word_1_10' title='bbox 1105 497 1518 555; x_wconf 76' lang='lat' dir='ltr'><strong>demonstraret.</strong></span> <span class='ocrx_word' id='word_1_11' title='bbox 1565 494 1821 565; x_wconf 85' lang='lat' dir='ltr'><strong>Quando-</strong></span> 
     </span>
    </p>
   </div>
   <div class='ocr_carea' id='block_1_3' title="bbox 245 584 1824 659">
    <p class='ocr_par' dir='ltr' id='par_1_3' title="bbox 245 584 1824 659">
     <span class='ocr_line' id='line_1_3' title="bbox 245 584 1824 659; baseline 0.001 -21"><span class='ocrx_word' id='word_1_12' title='bbox 245 584 453 653; x_wconf 82' lang='lat' dir='ltr'><strong>quidem</strong></span> <span class='ocrx_word' id='word_1_13' title='bbox 498 586 639 655; x_wconf 91' lang='lat' dir='ltr'><strong>apud</strong></span> <span class='ocrx_word' id='word_1_14' title='bbox 669 602 765 643; x_wconf 84' lang='lat' dir='ltr'><strong>nos</strong></span> <span class='ocrx_word' id='word_1_15' title='bbox 804 588 948 659; x_wconf 91' lang='lat' dir='ltr'><strong>quod</strong></span> <span class='ocrx_word' id='word_1_16' title='bbox 990 589 1259 644; x_wconf 90' lang='lat' dir='ltr'><strong>excelsum</strong></span> <span class='ocrx_word' id='word_1_17' title='bbox 1297 598 1380 644; x_wconf 88' lang='lat' dir='ltr'><strong>est</strong></span> <span class='ocrx_word' id='word_1_18' title='bbox 1446 587 1824 657; x_wconf 71' lang='lat' dir='ltr'><strong>cogitationem</strong></span> 
     </span>
    </p>
   </div>
   <div class='ocr_carea' id='block_1_4' title="bbox 3397 416 3511 473">
    <p class='ocr_par' dir='ltr' id='par_1_4' title="bbox 3397 416 3511 473">
     <span class='ocr_line' id='line_1_4' title="bbox 3397 416 3511 473; baseline 0.035 -4"><span class='ocrx_word' id='word_1_19' title='bbox 3397 416 3511 473; x_wconf 88' lang='grc'><strong>102</strong></span> 
     </span>
    </p>
   </div>
   <div class='ocr_carea' id='block_1_5' title="bbox 1929 496 3499 561">
    <p class='ocr_par' dir='ltr' id='par_1_5' title="bbox 1929 496 3499 561">
     <span class='ocr_line' id='line_1_5' title="bbox 1929 496 3499 561; baseline 0.008 -13"><span class='ocrx_word' id='word_1_20' title='bbox 1929 496 2287 551; x_wconf 77' lang='lat' dir='ltr'><strong>contractione</strong></span> <span class='ocrx_word' id='word_1_21' title='bbox 2334 497 2491 551; x_wconf 81' lang='lat' dir='ltr'><strong>talem</strong></span> <span class='ocrx_word' id='word_1_22' title='bbox 2535 497 2882 553; x_wconf 81' lang='lat' dir='ltr'><strong>reverentiam</strong></span> <span class='ocrx_word' id='word_1_23' title='bbox 2930 506 3151 555; x_wconf 86' lang='lat' dir='ltr'><strong>conatur</strong></span> <span class='ocrx_word' id='word_1_24' title='bbox 3198 501 3499 561; x_wconf 78' lang='lat' dir='ltr'><strong>ostendere.</strong></span> 
     </span>
    </p>
   </div>
   <div class='ocr_carea' id='block_1_6' title="bbox 1930 582 3500 655">
    <p class='ocr_par' dir='ltr' id='par_1_6' title="bbox 1930 582 3500 655">
     <span class='ocr_line' id='line_1_6' title="bbox 1930 582 3500 655; baseline 0.006 -18"><span class='ocrx_word' id='word_1_25' title='bbox 1930 582 2041 638; x_wconf 83' lang='lat' dir='ltr'><strong>[ioc</strong></span> <span class='ocrx_word' id='word_1_26' title='bbox 2067 594 2120 639; x_wconf 89' lang='lat' dir='ltr'><strong>et</strong></span> <span class='ocrx_word' id='word_1_27' title='bbox 2144 584 2210 639; x_wconf 90' lang='lat' dir='ltr'><strong>ab</strong></span> <span class='ocrx_word' id='word_1_28' title='bbox 2234 585 2337 640; x_wconf 85' lang='lat' dir='ltr'><strong>illis</strong></span> <span class='ocrx_word' id='word_1_29' title='bbox 2360 586 2686 655; x_wconf 89' lang='lat' dir='ltr'><strong>incorporeis</strong></span> <span class='ocrx_word' id='word_1_30' title='bbox 2706 587 2985 643; x_wconf 83' lang='lat' dir='ltr'><strong>virtutibus</strong></span> <span class='ocrx_word' id='word_1_31' title='bbox 3013 589 3342 645; x_wconf 77' lang='lat' dir='ltr'><strong>observatur.</strong></span> <span class='ocrx_word' id='word_1_32' title='bbox 3366 590 3500 647; x_wconf 87' lang='lat' dir='ltr'><strong>Cum</strong></span> 
     </span>
    </p>
   </div>
   <div class='ocr_carea' id='block_1_7' title="bbox 245 672 3500 751">
    <p class='ocr_par' dir='ltr' id='par_1_7' title="bbox 245 672 3500 751">
     <span class='ocr_line' id='line_1_7' title="bbox 245 672 3500 751; baseline 0.002 -21"><span class='ocrx_word' id='word_1_33' title='bbox 245 677 525 746; x_wconf 80' lang='lat' dir='ltr'><strong>quamdam</strong></span> <span class='ocrx_word' id='word_1_34' title='bbox 554 679 756 749; x_wconf 66' lang='lat' dir='ltr'><strong>praebet</strong></span> <span class='ocrx_word' id='word_1_35' title='bbox 792 680 1204 750; x_wconf 78' lang='lat' dir='ltr'><strong>comparationis</strong></span> <span class='ocrx_word' id='word_1_36' title='bbox 1247 678 1314 734; x_wconf 91' lang='lat' dir='ltr'><strong>ad</strong></span> <span class='ocrx_word' id='word_1_37' title='bbox 1358 694 1421 735; x_wconf 90' lang='lat' dir='ltr'><strong>ea</strong></span> <span class='ocrx_word' id='word_1_38' title='bbox 1449 691 1570 750; x_wconf 71' lang='lat' dir='ltr'><strong>quze</strong></span> <span class='ocrx_word' id='word_1_39' title='bbox 1596 676 1826 734; x_wconf 81' lang='lat' dir='ltr'><strong>humilia</strong></span> <span class='ocrx_word' id='word_1_40' title='bbox 1927 672 2068 727; x_wconf 89' lang='lat' dir='ltr'><strong>enim</strong></span> <span class='ocrx_word' id='word_1_41' title='bbox 2087 673 2363 744; x_wconf 85' lang='lat' dir='ltr'><strong>plurimam</strong></span> <span class='ocrx_word' id='word_1_42' title='bbox 2384 675 2754 746; x_wconf 87' lang='lat' dir='ltr'><strong>habeanterga</strong></span> <span class='ocrx_word' id='word_1_43' title='bbox 2769 676 3109 734; x_wconf 87' lang='lat' dir='ltr'><strong>Conditorem</strong></span> <span class='ocrx_word' id='word_1_44' title='bbox 3129 683 3500 751; x_wconf 84' lang='lat' dir='ltr'><strong>reverentiam,</strong></span> 
     </span>
    </p>
   </div>
   <div class='ocr_carea' id='block_1_8' title="bbox 241 767 1820 825">
    <p class='ocr_par' dir='ltr' id='par_1_8' title="bbox 241 767 1820 825">
     <span class='ocr_line' id='line_1_8' title="bbox 241 767 1820 825; baseline -0.001 -5"><span class='ocrx_word' id='word_1_45' title='bbox 241 775 365 820; x_wconf 84' lang='lat' dir='ltr'><strong>sunt</strong></span> <span class='ocrx_word' id='word_1_46' title='bbox 414 780 478 819; x_wconf 89' lang='lat' dir='ltr'><strong>ac</strong></span> <span class='ocrx_word' id='word_1_47' title='bbox 530 767 875 822; x_wconf 82' lang='lat' dir='ltr'><strong>submissiora</strong></span> <span class='ocrx_word' id='word_1_48' title='bbox 916 787 929 821; x_wconf 92' lang='lat'><strong>:</strong></span> <span class='ocrx_word' id='word_1_49' title='bbox 971 769 1135 824; x_wconf 91' lang='lat' dir='ltr'><strong>veluti</strong></span> <span class='ocrx_word' id='word_1_50' title='bbox 1184 769 1391 825; x_wconf 77' lang='lat' dir='ltr'><strong>excelsi</strong></span> <span class='ocrx_word' id='word_1_51' title='bbox 1431 776 1557 823; x_wconf 90' lang='lat' dir='ltr'><strong>sunt</strong></span> <span class='ocrx_word' id='word_1_52' title='bbox 1605 775 1820 822; x_wconf 85' lang='lat' dir='ltr'><strong>montes</strong></span> 
     </span>
    </p>
   </div>
   <div class='ocr_carea' id='block_1_9' title="bbox 242 859 1820 932">
    <p class='ocr_par' dir='ltr' id='par_1_9' title="bbox 242 859 1820 932">
     <span class='ocr_line' id='line_1_9' title="bbox 242 859 1820 932; baseline 0 -20"><span class='ocrx_word' id='word_1_53' title='bbox 242 859 638 928; x_wconf 82' lang='lat' dir='ltr'><strong>campestribus</strong></span> <span class='ocrx_word' id='word_1_54' title='bbox 660 868 708 915; x_wconf 88' lang='lat' dir='ltr'><strong>et</strong></span> <span class='ocrx_word' id='word_1_55' title='bbox 754 861 989 930; x_wconf 89' lang='lat' dir='ltr'><strong>planitiei</strong></span> <span class='ocrx_word' id='word_1_56' title='bbox 1028 862 1317 932; x_wconf 84' lang='lat' dir='ltr'><strong>comparati</strong></span> <span class='ocrx_word' id='word_1_57' title='bbox 1346 878 1361 917; x_wconf 92' lang='lat'><strong>:</strong></span> <span class='ocrx_word' id='word_1_58' title='bbox 1391 862 1664 916; x_wconf 87' lang='lat' dir='ltr'><strong>excelsum</strong></span> <span class='ocrx_word' id='word_1_59' title='bbox 1692 859 1820 913; x_wconf 88' lang='lat' dir='ltr'><strong>item</strong></span> 
     </span>
    </p>
   </div>
   <div class='ocr_carea' id='block_1_10' title="bbox 240 948 1819 1017">
    <p class='ocr_par' dir='ltr' id='par_1_10' title="bbox 240 948 1819 1017">
     <span class='ocr_line' id='line_1_10' title="bbox 240 948 1819 1017; baseline 0.002 -16"><span class='ocrx_word' id='word_1_60' title='bbox 240 948 431 1003; x_wconf 72' lang='lat' dir='ltr'><strong>caelum</strong></span> <span class='ocrx_word' id='word_1_61' title='bbox 454 948 523 1002; x_wconf 90' lang='lat' dir='ltr'><strong>ab</strong></span> <span class='ocrx_word' id='word_1_62' title='bbox 548 950 792 1005; x_wconf 90' lang='lat' dir='ltr'><strong>omnibus</strong></span> <span class='ocrx_word' id='word_1_63' title='bbox 818 951 1045 1006; x_wconf 87' lang='lat' dir='ltr'><strong>terrenis</strong></span> <span class='ocrx_word' id='word_1_64' title='bbox 1068 952 1348 1007; x_wconf 92' lang='lat' dir='ltr'><strong>altitudine</strong></span> <span class='ocrx_word' id='word_1_65' title='bbox 1375 961 1637 1007; x_wconf 88' lang='lat' dir='ltr'><strong>remotum</strong></span> <span class='ocrx_word' id='word_1_66' title='bbox 1663 968 1678 1017; x_wconf 87' lang='lat'><strong>;</strong></span> <span class='ocrx_word' id='word_1_67' title='bbox 1710 964 1819 1004; x_wconf 70' lang='lat' dir='ltr'><strong>ca:-</strong></span> 
     </span>
    </p>
   </div>
   <div class='ocr_carea' id='block_1_11' title="bbox 242 1040 1816 1098">
    <p class='ocr_par' dir='ltr' id='par_1_11' title="bbox 242 1040 1816 1098">
     <span class='ocr_line' id='line_1_11' title="bbox 242 1040 1816 1098; baseline 0.001 -6"><span class='ocrx_word' id='word_1_68' title='bbox 242 1047 414 1095; x_wconf 90' lang='lat' dir='ltr'><strong>terum</strong></span> <span class='ocrx_word' id='word_1_69' title='bbox 445 1040 560 1095; x_wconf 54' lang='lat' dir='ltr'><strong>haec</strong></span> <span class='ocrx_word' id='word_1_70' title='bbox 587 1040 882 1096; x_wconf 87' lang='lat' dir='ltr'><strong>sublimitas</strong></span> <span class='ocrx_word' id='word_1_71' title='bbox 909 1051 963 1096; x_wconf 91' lang='lat' dir='ltr'><strong>et</strong></span> <span class='ocrx_word' id='word_1_72' title='bbox 987 1041 1214 1098; x_wconf 83' lang='lat' dir='ltr'><strong>altitudo</strong></span> <span class='ocrx_word' id='word_1_73' title='bbox 1235 1042 1402 1097; x_wconf 88' lang='lat' dir='ltr'><strong>solius</strong></span> <span class='ocrx_word' id='word_1_74' title='bbox 1429 1051 1513 1097; x_wconf 89' lang='lat' dir='ltr'><strong>est</strong></span> <span class='ocrx_word' id='word_1_75' title='bbox 1539 1041 1683 1096; x_wconf 89' lang='lat' dir='ltr'><strong>illius</strong></span> <span class='ocrx_word' id='word_1_76' title='bbox 1718 1054 1816 1094; x_wconf 83' lang='lat' dir='ltr'><strong>na-</strong></span> 
     </span>
    </p>
   </div>
   <div class='ocr_carea' id='block_1_12' title="bbox 242 1132 1818 1204">
    <p class='ocr_par' dir='ltr' id='par_1_12' title="bbox 242 1132 1818 1204">
     <span class='ocr_line' id='line_1_12' title="bbox 242 1132 1818 1204; baseline 0.001 -19"><span class='ocrx_word' id='word_1_77' title='bbox 242 1140 377 1185; x_wconf 75' lang='lat' dir='ltr'><strong>tura:</strong></span> <span class='ocrx_word' id='word_1_78' title='bbox 430 1132 1021 1202; x_wconf 87' lang='lat' dir='ltr'><strong>incomprehensibilis,</strong></span> <span class='ocrx_word' id='word_1_79' title='bbox 1068 1147 1228 1202; x_wconf 90' lang='lat' dir='ltr'><strong>quam</strong></span> <span class='ocrx_word' id='word_1_80' title='bbox 1270 1148 1442 1204; x_wconf 90' lang='lat' dir='ltr'><strong>neque</strong></span> <span class='ocrx_word' id='word_1_81' title='bbox 1492 1132 1818 1203; x_wconf 78' lang='lat' dir='ltr'><strong>cogitatione</strong></span> 
     </span>
    </p>
   </div>
   <div class='ocr_carea' id='block_1_13' title="bbox 236 1222 1817 1293">
    <p class='ocr_par' dir='ltr' id='par_1_13' title="bbox 236 1222 1817 1293">
     <span class='ocr_line' id='line_1_13' title="bbox 236 1222 1817 1293; baseline 0.001 -18"><span class='ocrx_word' id='word_1_82' title='bbox 236 1222 543 1291; x_wconf 89' lang='lat' dir='ltr'><strong>concipere,</strong></span> <span class='ocrx_word' id='word_1_83' title='bbox 574 1237 745 1291; x_wconf 89' lang='lat' dir='ltr'><strong>neque</strong></span> <span class='ocrx_word' id='word_1_84' title='bbox 772 1222 953 1277; x_wconf 82' lang='lat' dir='ltr'><strong>verbis</strong></span> <span class='ocrx_word' id='word_1_85' title='bbox 996 1222 1176 1292; x_wconf 90' lang='lat' dir='ltr'><strong>eloqui</strong></span> <span class='ocrx_word' id='word_1_86' title='bbox 1200 1224 1476 1293; x_wconf 83' lang='lat' dir='ltr'><strong>quisquam</strong></span> <span class='ocrx_word' id='word_1_87' title='bbox 1505 1230 1699 1292; x_wconf 88' lang='lat' dir='ltr'><strong>potest,</strong></span> <span class='ocrx_word' id='word_1_88' title='bbox 1726 1235 1817 1276; x_wconf 77' lang='lat' dir='ltr'><strong>co-</strong></span> 
     </span>
    </p>
   </div>
   <div class='ocr_carea' id='block_1_14' title="bbox 236 1310 1815 1377">
    <p class='ocr_par' dir='ltr' id='par_1_14' title="bbox 236 1310 1815 1377">
     <span class='ocr_line' id='line_1_14' title="bbox 236 1310 1815 1377; baseline 0.001 -14"><span class='ocrx_word' id='word_1_89' title='bbox 236 1326 340 1377; x_wconf 88' lang='lat' dir='ltr'><strong>que</strong></span> <span class='ocrx_word' id='word_1_90' title='bbox 364 1310 495 1365; x_wconf 91' lang='lat' dir='ltr'><strong>dicit</strong></span> <span class='ocrx_word' id='word_1_91' title='bbox 525 1328 538 1365; x_wconf 89' lang='lat'><strong>:</strong></span> <span class='ocrx_word' id='word_1_92' title='bbox 575 1310 692 1364; x_wconf 84' lang='lat' dir='ltr'><strong>Vidi</strong></span> <span class='ocrx_word' id='word_1_93' title='bbox 716 1311 991 1365; x_wconf 86' lang='lat' dir='ltr'><strong>Dominum</strong></span> <span class='ocrx_word' id='word_1_94' title='bbox 1015 1312 1265 1366; x_wconf 75' lang='lat' dir='ltr'><strong>sedentem</strong></span> <span class='ocrx_word' id='word_1_95' title='bbox 1301 1312 1355 1366; x_wconf 84' lang='lat' dir='ltr'><strong>in</strong></span> <span class='ocrx_word' id='word_1_96' title='bbox 1392 1311 1521 1365; x_wconf 79' lang='lat' dir='ltr'><strong>solio</strong></span> <span class='ocrx_word' id='word_1_97' title='bbox 1546 1312 1741 1365; x_wconf 75' lang='lat' dir='ltr'><strong>excelso</strong></span> <span class='ocrx_word' id='word_1_98' title='bbox 1769 1320 1815 1364; x_wconf 85' lang='lat' dir='ltr'><strong>et</strong></span> 
     </span>
    </p>
   </div>
   <div class='ocr_carea' id='block_1_15' title="bbox 235 1399 1815 1471">
    <p class='ocr_par' dir='ltr' id='par_1_15' title="bbox 235 1399 1815 1471">
     <span class='ocr_line' id='line_1_15' title="bbox 235 1399 1815 1471; baseline 0.001 -18"><span class='ocrx_word' id='word_1_99' title='bbox 235 1400 446 1453; x_wconf 77' lang='lat' dir='ltr'><strong>elevato.</strong></span> <span class='ocrx_word' id='word_1_100' title='bbox 476 1399 582 1454; x_wconf 88' lang='lat' dir='ltr'><strong>Sed</strong></span> <span class='ocrx_word' id='word_1_101' title='bbox 609 1401 735 1471; x_wconf 89' lang='lat' dir='ltr'><strong>quid</strong></span> <span class='ocrx_word' id='word_1_102' title='bbox 765 1408 1024 1470; x_wconf 64' lang='lat' dir='ltr'><strong>praeterea</strong></span> <span class='ocrx_word' id='word_1_103' title='bbox 1054 1399 1253 1467; x_wconf 79' lang='lat' dir='ltr'><strong>vidisti,</strong></span> <span class='ocrx_word' id='word_1_104' title='bbox 1296 1415 1330 1456; x_wconf 90' lang='lat'><strong>0</strong></span> <span class='ocrx_word' id='word_1_105' title='bbox 1357 1400 1659 1471; x_wconf 75' lang='lat' dir='ltr'><strong>propheta?</strong></span> <span class='ocrx_word' id='word_1_106' title='bbox 1689 1399 1815 1469; x_wconf 86' lang='lat' dir='ltr'><strong>quid</strong></span> 
     </span>
    </p>
   </div>
   <div class='ocr_carea' id='block_1_16' title="bbox 235 1491 1810 1563">
    <p class='ocr_par' dir='ltr' id='par_1_16' title="bbox 235 1491 1810 1563">
     <span class='ocr_line' id='line_1_16' title="bbox 235 1491 1810 1563; baseline 0 -17"><span class='ocrx_word' id='word_1_107' title='bbox 235 1493 380 1546; x_wconf 89' lang='lat' dir='ltr'><strong>circa</strong></span> <span class='ocrx_word' id='word_1_108' title='bbox 427 1492 574 1547; x_wconf 87' lang='lat' dir='ltr'><strong>illum</strong></span> <span class='ocrx_word' id='word_1_109' title='bbox 608 1493 895 1561; x_wconf 82' lang='lat' dir='ltr'><strong>spectasti?</strong></span> <span class='ocrx_word' id='word_1_110' title='bbox 926 1492 993 1546; x_wconf 86' lang='lat' dir='ltr'><strong>Et</strong></span> <span class='ocrx_word' id='word_1_111' title='bbox 1031 1491 1305 1562; x_wconf 77' lang='lat' dir='ltr'><strong>Seraphim</strong></span> <span class='ocrx_word' id='word_1_112' title='bbox 1348 1491 1567 1558; x_wconf 82' lang='lat' dir='ltr'><strong>stabant,</strong></span> <span class='ocrx_word' id='word_1_113' title='bbox 1620 1492 1810 1563; x_wconf 90' lang='lat' dir='ltr'><strong>inquit,</strong></span> 
     </span>
    </p>
   </div>
   <div class='ocr_carea' id='block_1_17' title="bbox 234 1579 1813 1653">
    <p class='ocr_par' dir='ltr' id='par_1_17' title="bbox 234 1579 1813 1653">
     <span class='ocr_line' id='line_1_17' title="bbox 234 1579 1813 1653; baseline -0.001 -18"><span class='ocrx_word' id='word_1_114' title='bbox 234 1582 287 1635; x_wconf 85' lang='lat' dir='ltr'><strong>in</strong></span> <span class='ocrx_word' id='word_1_115' title='bbox 324 1583 537 1635; x_wconf 84' lang='lat' dir='ltr'><strong>circuitu</strong></span> <span class='ocrx_word' id='word_1_116' title='bbox 566 1583 675 1651; x_wconf 88' lang='lat' dir='ltr'><strong>ejus</strong></span> <span class='ocrx_word' id='word_1_117' title='bbox 701 1579 849 1653; x_wconf 84' lang='lat' dir='ltr'><strong>(Isai.</strong></span> <span class='ocrx_word' id='word_1_118' title='bbox 899 1582 953 1636; x_wconf 88' lang='lat'><strong>6.</strong></span> <span class='ocrx_word' id='word_1_119' title='bbox 995 1580 1075 1651; x_wconf 75' lang='lat'><strong>2).</strong></span> <span class='ocrx_word' id='word_1_120' title='bbox 1105 1581 1243 1650; x_wconf 86' lang='lat' dir='ltr'><strong>Quid</strong></span> <span class='ocrx_word' id='word_1_121' title='bbox 1292 1580 1555 1637; x_wconf 88' lang='lat' dir='ltr'><strong>faciebant</strong></span> <span class='ocrx_word' id='word_1_122' title='bbox 1598 1590 1653 1637; x_wconf 89' lang='lat' dir='ltr'><strong>et</strong></span> <span class='ocrx_word' id='word_1_123' title='bbox 1688 1581 1813 1649; x_wconf 87' lang='lat' dir='ltr'><strong>quid</strong></span> 
     </span>
    </p>
   </div>
   <div class='ocr_carea' id='block_1_18' title="bbox 234 1671 1807 1742">
    <p class='ocr_par' dir='ltr' id='par_1_18' title="bbox 234 1671 1807 1742">
     <span class='ocr_line' id='line_1_18' title="bbox 234 1671 1807 1742; baseline 0 -17"><span class='ocrx_word' id='word_1_124' title='bbox 234 1671 505 1735; x_wconf 88' lang='lat' dir='ltr'><strong>dicebant,</strong></span> <span class='ocrx_word' id='word_1_125' title='bbox 534 1687 636 1740; x_wconf 90' lang='lat' dir='ltr'><strong>qua</strong></span> <span class='ocrx_word' id='word_1_126' title='bbox 681 1671 870 1726; x_wconf 90' lang='lat' dir='ltr'><strong>ﬁducia</strong></span> <span class='ocrx_word' id='word_1_127' title='bbox 923 1672 1277 1728; x_wconf 77' lang='lat' dir='ltr'><strong>fruebantur?</strong></span> <span class='ocrx_word' id='word_1_128' title='bbox 1314 1671 1531 1727; x_wconf 83' lang='lat' dir='ltr'><strong>Fiducia</strong></span> <span class='ocrx_word' id='word_1_129' title='bbox 1571 1671 1807 1742; x_wconf 88' lang='lat' dir='ltr'><strong>quidem,</strong></span> 
     </span>
    </p>
   </div>
   <div class='ocr_carea' id='block_1_19' title="bbox 233 1760 1807 1832">
    <p class='ocr_par' dir='ltr' id='par_1_19' title="bbox 233 1760 1807 1832">
     <span class='ocr_line' id='line_1_19' title="bbox 233 1760 1807 1832; baseline -0.001 -16"><span class='ocrx_word' id='word_1_130' title='bbox 233 1762 423 1832; x_wconf 86' lang='lat' dir='ltr'><strong>inquit,</strong></span> <span class='ocrx_word' id='word_1_131' title='bbox 454 1760 616 1825; x_wconf 89' lang='lat' dir='ltr'><strong>nulla,</strong></span> <span class='ocrx_word' id='word_1_132' title='bbox 647 1776 830 1815; x_wconf 92' lang='lat' dir='ltr'><strong>verum</strong></span> <span class='ocrx_word' id='word_1_133' title='bbox 858 1762 1069 1816; x_wconf 90' lang='lat' dir='ltr'><strong>timoris</strong></span> <span class='ocrx_word' id='word_1_134' title='bbox 1092 1776 1157 1817; x_wconf 92' lang='lat' dir='ltr'><strong>ac</strong></span> <span class='ocrx_word' id='word_1_135' title='bbox 1182 1762 1419 1831; x_wconf 88' lang='lat' dir='ltr'><strong>stuporis</strong></span> <span class='ocrx_word' id='word_1_136' title='bbox 1448 1770 1601 1818; x_wconf 88' lang='lat' dir='ltr'><strong>erant</strong></span> <span class='ocrx_word' id='word_1_137' title='bbox 1630 1761 1807 1830; x_wconf 88' lang='lat' dir='ltr'><strong>plena,</strong></span> 
     </span>
    </p>
   </div>
   <div class='ocr_carea' id='block_1_20' title="bbox 233 1848 1809 1917">
    <p class='ocr_par' dir='ltr' id='par_1_20' title="bbox 233 1848 1809 1917">
     <span class='ocr_line' id='line_1_20' title="bbox 233 1848 1809 1917; baseline 0.001 -14"><span class='ocrx_word' id='word_1_138' title='bbox 233 1849 349 1917; x_wconf 90' lang='lat' dir='ltr'><strong>ipsa</strong></span> <span class='ocrx_word' id='word_1_139' title='bbox 394 1849 553 1903; x_wconf 87' lang='lat' dir='ltr'><strong>etiam</strong></span> <span class='ocrx_word' id='word_1_140' title='bbox 597 1848 775 1917; x_wconf 87' lang='lat' dir='ltr'><strong>specie</strong></span> <span class='ocrx_word' id='word_1_141' title='bbox 827 1857 1028 1904; x_wconf 90' lang='lat' dir='ltr'><strong>metum</strong></span> <span class='ocrx_word' id='word_1_142' title='bbox 1086 1849 1407 1905; x_wconf 77' lang='lat' dir='ltr'><strong>ineﬂ‘abilem</strong></span> <span class='ocrx_word' id='word_1_143' title='bbox 1462 1851 1809 1906; x_wconf 87' lang='lat' dir='ltr'><strong>declarantia.</strong></span> 
     </span>
    </p>
   </div>
   <div class='ocr_carea' id='block_1_21' title="bbox 233 1938 1811 2005">
    <p class='ocr_par' dir='ltr' id='par_1_21' title="bbox 233 1938 1811 2005">
     <span class='ocr_line' id='line_1_21' title="bbox 233 1938 1811 2005; baseline 0.002 -12"><span class='ocrx_word' id='word_1_144' title='bbox 233 1939 451 1994; x_wconf 88' lang='lat' dir='ltr'><strong>Duabus</strong></span> <span class='ocrx_word' id='word_1_145' title='bbox 476 1938 618 1993; x_wconf 91' lang='lat' dir='ltr'><strong>enim</strong></span> <span class='ocrx_word' id='word_1_146' title='bbox 648 1938 745 1994; x_wconf 87' lang='lat' dir='ltr'><strong>alis</strong></span> <span class='ocrx_word' id='word_1_147' title='bbox 768 1938 1018 1995; x_wconf 85' lang='lat' dir='ltr'><strong>velahant</strong></span> <span class='ocrx_word' id='word_1_148' title='bbox 1043 1939 1256 2005; x_wconf 86' lang='lat' dir='ltr'><strong>faciem,</strong></span> <span class='ocrx_word' id='word_1_149' title='bbox 1285 1941 1447 1996; x_wconf 88' lang='lat' dir='ltr'><strong>simul</strong></span> <span class='ocrx_word' id='word_1_150' title='bbox 1476 1941 1811 1997; x_wconf 85' lang='lat' dir='ltr'><strong>excludentia</strong></span> 
     </span>
    </p>
   </div>
   <div class='ocr_carea' id='block_1_22' title="bbox 230 2028 1811 2101">
    <p class='ocr_par' dir='ltr' id='par_1_22' title="bbox 230 2028 1811 2101">
     <span class='ocr_line' id='line_1_22' title="bbox 230 2028 1811 2101; baseline 0.003 -18"><span class='ocrx_word' id='word_1_151' title='bbox 230 2028 443 2083; x_wconf 84' lang='lat' dir='ltr'><strong>radium</strong></span> <span class='ocrx_word' id='word_1_152' title='bbox 473 2042 503 2082; x_wconf 90' lang='lat' dir='ltr'><strong>e</strong></span> <span class='ocrx_word' id='word_1_153' title='bbox 541 2028 676 2083; x_wconf 89' lang='lat' dir='ltr'><strong>solio</strong></span> <span class='ocrx_word' id='word_1_154' title='bbox 702 2030 1078 2099; x_wconf 87' lang='lat' dir='ltr'><strong>prodeuntem,</strong></span> <span class='ocrx_word' id='word_1_155' title='bbox 1110 2045 1177 2086; x_wconf 91' lang='lat' dir='ltr'><strong>eo</strong></span> <span class='ocrx_word' id='word_1_156' title='bbox 1204 2031 1343 2101; x_wconf 91' lang='lat' dir='ltr'><strong>quod</strong></span> <span class='ocrx_word' id='word_1_157' title='bbox 1375 2030 1517 2087; x_wconf 88' lang='lat' dir='ltr'><strong>ferre</strong></span> <span class='ocrx_word' id='word_1_158' title='bbox 1547 2047 1651 2087; x_wconf 90' lang='lat' dir='ltr'><strong>non</strong></span> <span class='ocrx_word' id='word_1_159' title='bbox 1684 2048 1811 2101; x_wconf 80' lang='lat' dir='ltr'><strong>pos-</strong></span> 
     </span>
    </p>
   </div>
   <div class='ocr_carea' id='block_1_23' title="bbox 229 2119 1807 2190">
    <p class='ocr_par' dir='ltr' id='par_1_23' title="bbox 229 2119 1807 2190">
     <span class='ocr_line' id='line_1_23' title="bbox 229 2119 1807 2190; baseline 0.003 -18"><span class='ocrx_word' id='word_1_160' title='bbox 229 2128 351 2173; x_wconf 84' lang='lat' dir='ltr'><strong>sent</strong></span> <span class='ocrx_word' id='word_1_161' title='bbox 381 2120 689 2173; x_wconf 88' lang='lat' dir='ltr'><strong>immensam</strong></span> <span class='ocrx_word' id='word_1_162' title='bbox 721 2119 859 2174; x_wconf 90' lang='lat' dir='ltr'><strong>illius</strong></span> <span class='ocrx_word' id='word_1_163' title='bbox 889 2120 1133 2190; x_wconf 77' lang='lat' dir='ltr'><strong>gloriam,</strong></span> <span class='ocrx_word' id='word_1_164' title='bbox 1166 2120 1325 2175; x_wconf 86' lang='lat' dir='ltr'><strong>simul</strong></span> <span class='ocrx_word' id='word_1_165' title='bbox 1346 2130 1525 2176; x_wconf 89' lang='lat' dir='ltr'><strong>autem</strong></span> <span class='ocrx_word' id='word_1_166' title='bbox 1572 2129 1625 2176; x_wconf 92' lang='lat' dir='ltr'><strong>et</strong></span> <span class='ocrx_word' id='word_1_167' title='bbox 1654 2136 1807 2177; x_wconf 92' lang='lat' dir='ltr'><strong>suam</strong></span> 
     </span>
    </p>
   </div>
   <div class='ocr_carea' id='block_1_24' title="bbox 229 2210 1811 2284">
    <p class='ocr_par' dir='ltr' id='par_1_24' title="bbox 229 2210 1811 2284">
     <span class='ocr_line' id='line_1_24' title="bbox 229 2210 1811 2284; baseline 0.001 -18"><span class='ocrx_word' id='word_1_168' title='bbox 229 2210 541 2280; x_wconf 77' lang='lat' dir='ltr'><strong>religionem</strong></span> <span class='ocrx_word' id='word_1_169' title='bbox 567 2225 629 2264; x_wconf 89' lang='lat' dir='ltr'><strong>ac</strong></span> <span class='ocrx_word' id='word_1_170' title='bbox 657 2211 1009 2267; x_wconf 71' lang='lat' dir='ltr'><strong>reverentiam</strong></span> <span class='ocrx_word' id='word_1_171' title='bbox 1032 2210 1401 2283; x_wconf 88' lang='lat' dir='ltr'><strong>signiﬁcantia,</strong></span> <span class='ocrx_word' id='word_1_172' title='bbox 1431 2226 1591 2284; x_wconf 88' lang='lat' dir='ltr'><strong>quam</strong></span> <span class='ocrx_word' id='word_1_173' title='bbox 1613 2211 1811 2267; x_wconf 89' lang='lat' dir='ltr'><strong>habent</strong></span> 
     </span>
    </p>
   </div>
   <div class='ocr_carea' id='block_1_25' title="bbox 228 2302 688 2371">
    <p class='ocr_par' dir='ltr' id='par_1_25' title="bbox 228 2302 688 2371">
     <span class='ocr_line' id='line_1_25' title="bbox 228 2302 688 2371; baseline -0.004 -14"><span class='ocrx_word' id='word_1_174' title='bbox 228 2316 353 2371; x_wconf 88' lang='lat' dir='ltr'><strong>erga</strong></span> <span class='ocrx_word' id='word_1_175' title='bbox 384 2302 688 2356; x_wconf 89' lang='lat' dir='ltr'><strong>Dominum.</strong></span> 
     </span>
    </p>
   </div>
   <div class='ocr_carea' id='block_1_26' title="bbox 300 2390 1809 2463">
    <p class='ocr_par' dir='ltr' id='par_1_26' title="bbox 300 2390 1809 2463">
     <span class='ocr_line' id='line_1_26' title="bbox 300 2390 1809 2463; baseline 0.002 -19"><span class='ocrx_word' id='word_1_176' title='bbox 300 2391 405 2444; x_wconf 80' lang='lat' dir='ltr'><strong>Cur</strong></span> <span class='ocrx_word' id='word_1_177' title='bbox 431 2390 701 2460; x_wconf 83' lang='lat' dir='ltr'><strong>Seraphim</strong></span> <span class='ocrx_word' id='word_1_178' title='bbox 728 2390 907 2462; x_wconf 78' lang='lat' dir='ltr'><strong>[aciem</strong></span> <span class='ocrx_word' id='word_1_179' title='bbox 936 2399 985 2444; x_wconf 87' lang='lat' dir='ltr'><strong>et</strong></span> <span class='ocrx_word' id='word_1_180' title='bbox 1012 2392 1162 2461; x_wconf 84' lang='lat' dir='ltr'><strong>pedes</strong></span> <span class='ocrx_word' id='word_1_181' title='bbox 1188 2392 1367 2447; x_wconf 77' lang='lat' dir='ltr'><strong>velent.</strong></span> <span class='ocrx_word' id='word_1_182' title='bbox 1387 2422 1459 2433; x_wconf 92' lang='lat'>—</span> <span class='ocrx_word' id='word_1_183' title='bbox 1478 2392 1591 2447; x_wconf 82' lang='lat' dir='ltr'><strong>Tali</strong></span> <span class='ocrx_word' id='word_1_184' title='bbox 1618 2392 1809 2463; x_wconf 85' lang='lat' dir='ltr'><strong>gaudio</strong></span> 
     </span>
    </p>
   </div>
   <div class='ocr_carea' id='block_1_27' title="bbox 224 2482 1808 2552">
    <p class='ocr_par' dir='ltr' id='par_1_27' title="bbox 224 2482 1808 2552">
     <span class='ocr_line' id='line_1_27' title="bbox 224 2482 1808 2552; baseline 0.004 -18"><span class='ocrx_word' id='word_1_185' title='bbox 224 2483 459 2552; x_wconf 82' lang='lat' dir='ltr'><strong>gaudent</strong></span> <span class='ocrx_word' id='word_1_186' title='bbox 487 2482 575 2537; x_wconf 92' lang='lat' dir='ltr'><strong>illa</strong></span> <span class='ocrx_word' id='word_1_187' title='bbox 598 2524 613 2548; x_wconf 94' lang='lat'><strong>,</strong></span> <span class='ocrx_word' id='word_1_188' title='bbox 646 2483 734 2537; x_wconf 89' lang='lat' dir='ltr'><strong>tali</strong></span> <span class='ocrx_word' id='word_1_189' title='bbox 778 2482 959 2538; x_wconf 79' lang='lat' dir='ltr'><strong>laetitia</strong></span> <span class='ocrx_word' id='word_1_190' title='bbox 993 2484 1292 2551; x_wconf 77' lang='lat' dir='ltr'><strong>exsultant,</strong></span> <span class='ocrx_word' id='word_1_191' title='bbox 1322 2500 1422 2541; x_wconf 89' lang='lat' dir='ltr'><strong>nec</strong></span> <span class='ocrx_word' id='word_1_192' title='bbox 1448 2486 1619 2540; x_wconf 89' lang='lat' dir='ltr'><strong>solum</strong></span> <span class='ocrx_word' id='word_1_193' title='bbox 1646 2485 1808 2541; x_wconf 87' lang='lat' dir='ltr'><strong>facies</strong></span> 
     </span>
    </p>
   </div>
   <div class='ocr_carea' id='block_1_28' title="bbox 225 2571 1808 2642">
    <p class='ocr_par' dir='ltr' id='par_1_28' title="bbox 225 2571 1808 2642">
     <span class='ocr_line' id='line_1_28' title="bbox 225 2571 1808 2642; baseline 0.004 -19"><span class='ocrx_word' id='word_1_194' title='bbox 225 2571 425 2638; x_wconf 84' lang='lat' dir='ltr'><strong>velant,</strong></span> <span class='ocrx_word' id='word_1_195' title='bbox 453 2587 635 2626; x_wconf 88' lang='lat' dir='ltr'><strong>verum</strong></span> <span class='ocrx_word' id='word_1_196' title='bbox 654 2581 708 2627; x_wconf 91' lang='lat' dir='ltr'><strong>et</strong></span> <span class='ocrx_word' id='word_1_197' title='bbox 729 2572 909 2642; x_wconf 85' lang='lat' dir='ltr'><strong>pedes.</strong></span> <span class='ocrx_word' id='word_1_198' title='bbox 939 2573 1295 2640; x_wconf 85' lang='lat' dir='ltr'><strong>Quamobrem</strong></span> <span class='ocrx_word' id='word_1_199' title='bbox 1322 2574 1424 2629; x_wconf 91' lang='lat' dir='ltr'><strong>hoc</strong></span> <span class='ocrx_word' id='word_1_200' title='bbox 1450 2574 1681 2630; x_wconf 80' lang='lat' dir='ltr'><strong>faciunt?</strong></span> <span class='ocrx_word' id='word_1_201' title='bbox 1706 2574 1808 2629; x_wconf 83' lang='lat' dir='ltr'><strong>Fa-</strong></span> 
     </span>
    </p>
   </div>
   <div class='ocr_carea' id='block_1_29' title="bbox 223 2660 1805 2734">
    <p class='ocr_par' dir='ltr' id='par_1_29' title="bbox 223 2660 1805 2734">
     <span class='ocr_line' id='line_1_29' title="bbox 223 2660 1805 2734; baseline 0.003 -19"><span class='ocrx_word' id='word_1_202' title='bbox 223 2661 335 2716; x_wconf 88' lang='lat' dir='ltr'><strong>cies</strong></span> <span class='ocrx_word' id='word_1_203' title='bbox 374 2660 585 2731; x_wconf 88' lang='lat' dir='ltr'><strong>quidem</strong></span> <span class='ocrx_word' id='word_1_204' title='bbox 624 2662 813 2717; x_wconf 89' lang='lat' dir='ltr'><strong>merito</strong></span> <span class='ocrx_word' id='word_1_205' title='bbox 847 2664 1027 2718; x_wconf 88' lang='lat' dir='ltr'><strong>velant</strong></span> <span class='ocrx_word' id='word_1_206' title='bbox 1064 2672 1284 2733; x_wconf 86' lang='lat' dir='ltr'><strong>propter</strong></span> <span class='ocrx_word' id='word_1_207' title='bbox 1307 2664 1649 2720; x_wconf 91' lang='lat' dir='ltr'><strong>metuendum</strong></span> <span class='ocrx_word' id='word_1_208' title='bbox 1680 2678 1805 2734; x_wconf 87' lang='lat' dir='ltr'><strong>spe-</strong></span> 
     </span>
    </p>
   </div>
   <div class='ocr_carea' id='block_1_30' title="bbox 222 2750 1804 2826">
    <p class='ocr_par' dir='ltr' id='par_1_30' title="bbox 222 2750 1804 2826">
     <span class='ocr_line' id='line_1_30' title="bbox 222 2750 1804 2826; baseline 0.003 -20"><span class='ocrx_word' id='word_1_209' title='bbox 222 2751 517 2817; x_wconf 81' lang='lat' dir='ltr'><strong>ctaculum,</strong></span> <span class='ocrx_word' id='word_1_210' title='bbox 557 2750 801 2822; x_wconf 82' lang='lat' dir='ltr'><strong>quodque</strong></span> <span class='ocrx_word' id='word_1_211' title='bbox 839 2768 945 2807; x_wconf 91' lang='lat' dir='ltr'><strong>non</strong></span> <span class='ocrx_word' id='word_1_212' title='bbox 987 2754 1190 2822; x_wconf 88' lang='lat' dir='ltr'><strong>possint</strong></span> <span class='ocrx_word' id='word_1_213' title='bbox 1224 2754 1550 2809; x_wconf 82' lang='lat' dir='ltr'><strong>inaccessam</strong></span> <span class='ocrx_word' id='word_1_214' title='bbox 1583 2756 1804 2826; x_wconf 88' lang='lat' dir='ltr'><strong>gloriam</strong></span> 
     </span>
    </p>
   </div>
   <div class='ocr_carea' id='block_1_31' title="bbox 223 2839 1802 2913">
    <p class='ocr_par' dir='ltr' id='par_1_31' title="bbox 223 2839 1802 2913">
     <span class='ocr_line' id='line_1_31' title="bbox 223 2839 1802 2913; baseline 0.006 -20"><span class='ocrx_word' id='word_1_215' title='bbox 223 2839 431 2894; x_wconf 88' lang='lat' dir='ltr'><strong>obtueri</strong></span> <span class='ocrx_word' id='word_1_216' title='bbox 464 2856 477 2893; x_wconf 92' lang='lat'><strong>:</strong></span> <span class='ocrx_word' id='word_1_217' title='bbox 514 2854 695 2894; x_wconf 91' lang='lat' dir='ltr'><strong>verum</strong></span> <span class='ocrx_word' id='word_1_218' title='bbox 737 2841 896 2911; x_wconf 87' lang='lat' dir='ltr'><strong>pedes</strong></span> <span class='ocrx_word' id='word_1_219' title='bbox 933 2857 1097 2913; x_wconf 89' lang='lat' dir='ltr'><strong>quare</strong></span> <span class='ocrx_word' id='word_1_220' title='bbox 1124 2844 1281 2899; x_wconf 87' lang='lat' dir='ltr'><strong>simul</strong></span> <span class='ocrx_word' id='word_1_221' title='bbox 1309 2844 1523 2899; x_wconf 78' lang='lat' dir='ltr'><strong>velant?</strong></span> <span class='ocrx_word' id='word_1_222' title='bbox 1552 2849 1629 2901; x_wconf 84' lang='lat' dir='ltr'><strong>Ac</strong></span> <span class='ocrx_word' id='word_1_223' title='bbox 1656 2845 1802 2902; x_wconf 82' lang='lat' dir='ltr'><strong>vole-</strong></span> 
     </span>
    </p>
   </div>
   <div class='ocr_carea' id='block_1_32' title="bbox 222 2929 1805 3006">
    <p class='ocr_par' dir='ltr' id='par_1_32' title="bbox 222 2929 1805 3006">
     <span class='ocr_line' id='line_1_32' title="bbox 222 2929 1805 3006; baseline 0.004 -21"><span class='ocrx_word' id='word_1_224' title='bbox 222 2930 345 2985; x_wconf 86' lang='lat' dir='ltr'><strong>bam</strong></span> <span class='ocrx_word' id='word_1_225' title='bbox 371 2929 581 2999; x_wconf 88' lang='lat' dir='ltr'><strong>quidem</strong></span> <span class='ocrx_word' id='word_1_226' title='bbox 610 2930 759 2986; x_wconf 83' lang='lat' dir='ltr'><strong>vobis</strong></span> <span class='ocrx_word' id='word_1_227' title='bbox 786 2930 887 2986; x_wconf 92' lang='lat' dir='ltr'><strong>hoc</strong></span> <span class='ocrx_word' id='word_1_228' title='bbox 913 2932 1233 3003; x_wconf 89' lang='lat' dir='ltr'><strong>relinquere,</strong></span> <span class='ocrx_word' id='word_1_229' title='bbox 1263 2940 1322 2988; x_wconf 91' lang='lat' dir='ltr'><strong>ut</strong></span> <span class='ocrx_word' id='word_1_230' title='bbox 1348 2934 1448 3005; x_wconf 91' lang='lat' dir='ltr'><strong>ipsi</strong></span> <span class='ocrx_word' id='word_1_231' title='bbox 1478 2936 1616 2991; x_wconf 87' lang='lat' dir='ltr'><strong>circa</strong></span> <span class='ocrx_word' id='word_1_232' title='bbox 1650 2936 1805 3006; x_wconf 88' lang='lat' dir='ltr'><strong>hujus</strong></span> 
     </span>
    </p>
   </div>
   <div class='ocr_carea' id='block_1_33' title="bbox 220 3020 1803 3094">
    <p class='ocr_par' dir='ltr' id='par_1_33' title="bbox 220 3020 1803 3094">
     <span class='ocr_line' id='line_1_33' title="bbox 220 3020 1803 3094; baseline 0.003 -18"><span class='ocrx_word' id='word_1_233' title='bbox 220 3021 299 3076; x_wconf 86' lang='lat' dir='ltr'><strong>rei</strong></span> <span class='ocrx_word' id='word_1_234' title='bbox 318 3020 632 3077; x_wconf 90' lang='lat' dir='ltr'><strong>solutionem</strong></span> <span class='ocrx_word' id='word_1_235' title='bbox 650 3021 985 3091; x_wconf 87' lang='lat' dir='ltr'><strong>laboraretis,</strong></span> <span class='ocrx_word' id='word_1_236' title='bbox 1002 3022 1245 3094; x_wconf 89' lang='lat' dir='ltr'><strong>circaque</strong></span> <span class='ocrx_word' id='word_1_237' title='bbox 1261 3023 1610 3093; x_wconf 85' lang='lat' dir='ltr'><strong>spiritualium</strong></span> <span class='ocrx_word' id='word_1_238' title='bbox 1626 3041 1803 3081; x_wconf 90' lang='lat' dir='ltr'><strong>rerum</strong></span> 
     </span>
    </p>
   </div>
   <div class='ocr_carea' id='block_1_34' title="bbox 220 3112 1801 3186">
    <p class='ocr_par' dir='ltr' id='par_1_34' title="bbox 220 3112 1801 3186">
     <span class='ocr_line' id='line_1_34' title="bbox 220 3112 1801 3186; baseline 0.003 -21"><span class='ocrx_word' id='word_1_239' title='bbox 220 3112 623 3182; x_wconf 85' lang='lat' dir='ltr'><strong>vestigationem</strong></span> <span class='ocrx_word' id='word_1_240' title='bbox 649 3113 935 3184; x_wconf 89' lang='lat' dir='ltr'><strong>vigilaretis</strong></span> <span class='ocrx_word' id='word_1_241' title='bbox 965 3130 979 3168; x_wconf 90' lang='lat'><strong>:</strong></span> <span class='ocrx_word' id='word_1_242' title='bbox 1006 3124 1263 3169; x_wconf 68' lang='lat' dir='ltr'><strong>caeterum</strong></span> <span class='ocrx_word' id='word_1_243' title='bbox 1291 3130 1359 3170; x_wconf 93' lang='lat' dir='ltr'><strong>ne</strong></span> <span class='ocrx_word' id='word_1_244' title='bbox 1386 3125 1616 3170; x_wconf 82' lang='lat' dir='ltr'><strong>vestram</strong></span> <span class='ocrx_word' id='word_1_245' title='bbox 1654 3118 1801 3186; x_wconf 81' lang='lat' dir='ltr'><strong>cogi-</strong></span> 
     </span>
    </p>
   </div>
   <div class='ocr_carea' id='block_1_35' title="bbox 220 3202 1803 3274">
    <p class='ocr_par' dir='ltr' id='par_1_35' title="bbox 220 3202 1803 3274">
     <span class='ocr_line' id='line_1_35' title="bbox 220 3202 1803 3274; baseline 0.004 -19"><span class='ocrx_word' id='word_1_246' title='bbox 220 3202 476 3257; x_wconf 84' lang='lat' dir='ltr'><strong>tationem</strong></span> <span class='ocrx_word' id='word_1_247' title='bbox 520 3202 658 3258; x_wconf 88' lang='lat' dir='ltr'><strong>circa</strong></span> <span class='ocrx_word' id='word_1_248' title='bbox 702 3203 857 3272; x_wconf 89' lang='lat' dir='ltr'><strong>hujus</strong></span> <span class='ocrx_word' id='word_1_249' title='bbox 899 3204 1295 3274; x_wconf 89' lang='lat' dir='ltr'><strong>inquisitionem</strong></span> <span class='ocrx_word' id='word_1_250' title='bbox 1338 3205 1594 3260; x_wconf 90' lang='lat' dir='ltr'><strong>intentam</strong></span> <span class='ocrx_word' id='word_1_251' title='bbox 1636 3207 1803 3262; x_wconf 85' lang='lat' dir='ltr'><strong>relin-</strong></span> 
     </span>
    </p>
   </div>
   <div class='ocr_carea' id='block_1_36' title="bbox 218 3292 1803 3368">
    <p class='ocr_par' dir='ltr' id='par_1_36' title="bbox 218 3292 1803 3368">
     <span class='ocr_line' id='line_1_36' title="bbox 218 3292 1803 3368; baseline 0.005 -23"><span class='ocrx_word' id='word_1_252' title='bbox 218 3307 391 3361; x_wconf 90' lang='lat' dir='ltr'><strong>quens</strong></span> <span class='ocrx_word' id='word_1_253' title='bbox 404 3332 421 3359; x_wconf 96' lang='lat'><strong>,</strong></span> <span class='ocrx_word' id='word_1_254' title='bbox 443 3292 493 3347; x_wconf 88' lang='lat' dir='ltr'><strong>id</strong></span> <span class='ocrx_word' id='word_1_255' title='bbox 513 3292 738 3348; x_wconf 90' lang='lat' dir='ltr'><strong>efﬁciam</strong></span> <span class='ocrx_word' id='word_1_256' title='bbox 753 3303 810 3348; x_wconf 95' lang='lat' dir='ltr'><strong>ut</strong></span> <span class='ocrx_word' id='word_1_257' title='bbox 829 3294 1244 3351; x_wconf 88' lang='lat' dir='ltr'><strong>admonitionem</strong></span> <span class='ocrx_word' id='word_1_258' title='bbox 1266 3295 1559 3368; x_wconf 85' lang='lat' dir='ltr'><strong>negligatis,</strong></span> <span class='ocrx_word' id='word_1_259' title='bbox 1585 3313 1803 3353; x_wconf 91' lang='lat' dir='ltr'><strong>necesse</strong></span> 
     </span>
    </p>
   </div>
   <div class='ocr_carea' id='block_1_37' title="bbox 218 3383 1801 3457">
    <p class='ocr_par' dir='ltr' id='par_1_37' title="bbox 218 3383 1801 3457">
     <span class='ocr_line' id='line_1_37' title="bbox 218 3383 1801 3457; baseline 0.005 -22"><span class='ocrx_word' id='word_1_260' title='bbox 218 3392 303 3436; x_wconf 89' lang='lat' dir='ltr'><strong>est</strong></span> <span class='ocrx_word' id='word_1_261' title='bbox 330 3390 389 3437; x_wconf 95' lang='lat' dir='ltr'><strong>ut</strong></span> <span class='ocrx_word' id='word_1_262' title='bbox 421 3383 521 3437; x_wconf 90' lang='lat' dir='ltr'><strong>hoc</strong></span> <span class='ocrx_word' id='word_1_263' title='bbox 547 3383 719 3439; x_wconf 89' lang='lat' dir='ltr'><strong>obiter</strong></span> <span class='ocrx_word' id='word_1_264' title='bbox 742 3383 966 3447; x_wconf 79' lang='lat' dir='ltr'><strong>solvam.</strong></span> <span class='ocrx_word' id='word_1_265' title='bbox 998 3384 1175 3454; x_wconf 84' lang='lat' dir='ltr'><strong>Quare</strong></span> <span class='ocrx_word' id='word_1_266' title='bbox 1212 3385 1370 3456; x_wconf 83' lang='lat' dir='ltr'><strong>igitur</strong></span> <span class='ocrx_word' id='word_1_267' title='bbox 1399 3388 1561 3457; x_wconf 86' lang='lat' dir='ltr'><strong>pedes</strong></span> <span class='ocrx_word' id='word_1_268' title='bbox 1590 3389 1801 3443; x_wconf 85' lang='lat' dir='ltr'><strong>velant?</strong></span> 
     </span>
    </p>
   </div>
   <div class='ocr_carea' id='block_1_38' title="bbox 218 3471 1802 3543">
    <p class='ocr_par' dir='ltr' id='par_1_38' title="bbox 218 3471 1802 3543">
     <span class='ocr_line' id='line_1_38' title="bbox 218 3471 1802 3543; baseline 0.004 -16"><span class='ocrx_word' id='word_1_269' title='bbox 218 3471 647 3542; x_wconf 84' lang='lat' dir='ltr'><strong>lnexplicabilem</strong></span> <span class='ocrx_word' id='word_1_270' title='bbox 666 3488 789 3543; x_wconf 85' lang='lat' dir='ltr'><strong>erga</strong></span> <span class='ocrx_word' id='word_1_271' title='bbox 807 3472 1151 3530; x_wconf 85' lang='lat' dir='ltr'><strong>Conditorem</strong></span> <span class='ocrx_word' id='word_1_272' title='bbox 1178 3477 1529 3532; x_wconf 84' lang='lat' dir='ltr'><strong>reverentiam</strong></span> <span class='ocrx_word' id='word_1_273' title='bbox 1551 3477 1802 3533; x_wconf 86' lang='lat' dir='ltr'><strong>exhibere</strong></span> 
     </span>
    </p>
   </div>
   <div class='ocr_carea' id='block_1_39' title="bbox 218 3565 1799 3638">
    <p class='ocr_par' dir='ltr' id='par_1_39' title="bbox 218 3565 1799 3638">
     <span class='ocr_line' id='line_1_39' title="bbox 218 3565 1799 3638; baseline 0.003 -18"><span class='ocrx_word' id='word_1_274' title='bbox 218 3565 455 3632; x_wconf 80' lang='lat' dir='ltr'><strong>student,</strong></span> <span class='ocrx_word' id='word_1_275' title='bbox 483 3566 805 3635; x_wconf 81' lang='lat' dir='ltr'><strong>multamque</strong></span> <span class='ocrx_word' id='word_1_276' title='bbox 828 3567 1149 3623; x_wconf 81' lang='lat' dir='ltr'><strong>anxietatem</strong></span> <span class='ocrx_word' id='word_1_277' title='bbox 1179 3576 1289 3623; x_wconf 92' lang='lat' dir='ltr'><strong>tum</strong></span> <span class='ocrx_word' id='word_1_278' title='bbox 1316 3568 1429 3638; x_wconf 93' lang='lat' dir='ltr'><strong>ipso</strong></span> <span class='ocrx_word' id='word_1_279' title='bbox 1457 3569 1658 3636; x_wconf 86' lang='lat' dir='ltr'><strong>habitu,</strong></span> <span class='ocrx_word' id='word_1_280' title='bbox 1692 3580 1799 3624; x_wconf 92' lang='lat' dir='ltr'><strong>tum</strong></span> 
     </span>
    </p>
   </div>
   <div class='ocr_carea' id='block_1_40' title="bbox 217 3659 1801 3728">
    <p class='ocr_par' dir='ltr' id='par_1_40' title="bbox 217 3659 1801 3728">
     <span class='ocr_line' id='line_1_40' title="bbox 217 3659 1801 3728; baseline 0.004 -18"><span class='ocrx_word' id='word_1_281' title='bbox 217 3671 350 3711; x_wconf 86' lang='lat' dir='ltr'><strong>voce</strong></span> <span class='ocrx_word' id='word_1_282' title='bbox 374 3697 389 3720; x_wconf 92' lang='lat'><strong>,</strong></span> <span class='ocrx_word' id='word_1_283' title='bbox 421 3666 529 3710; x_wconf 92' lang='lat' dir='ltr'><strong>tum</strong></span> <span class='ocrx_word' id='word_1_284' title='bbox 558 3667 773 3726; x_wconf 88' lang='lat' dir='ltr'><strong>aspectu</strong></span> <span class='ocrx_word' id='word_1_285' title='bbox 796 3697 812 3723; x_wconf 95' lang='lat'><strong>,</strong></span> <span class='ocrx_word' id='word_1_286' title='bbox 845 3659 1072 3727; x_wconf 90' lang='lat' dir='ltr'><strong>denique</strong></span> <span class='ocrx_word' id='word_1_287' title='bbox 1100 3659 1214 3728; x_wconf 89' lang='lat' dir='ltr'><strong>ipsa</strong></span> <span class='ocrx_word' id='word_1_288' title='bbox 1244 3660 1493 3715; x_wconf 89' lang='lat' dir='ltr'><strong>statione.</strong></span> <span class='ocrx_word' id='word_1_289' title='bbox 1542 3663 1801 3728; x_wconf 85' lang='lat' dir='ltr'><strong>Quoniam</strong></span> 
     </span>
    </p>
   </div>
   <div class='ocr_carea' id='block_1_41' title="bbox 218 3744 1801 3817">
    <p class='ocr_par' dir='ltr' id='par_1_41' title="bbox 218 3744 1801 3817">
     <span class='ocr_line' id='line_1_41' title="bbox 218 3744 1801 3817; baseline 0.004 -18"><span class='ocrx_word' id='word_1_290' title='bbox 218 3745 382 3814; x_wconf 89' lang='lat' dir='ltr'><strong>igitur</strong></span> <span class='ocrx_word' id='word_1_291' title='bbox 419 3744 471 3798; x_wconf 91' lang='lat' dir='ltr'><strong>id</strong></span> <span class='ocrx_word' id='word_1_292' title='bbox 509 3747 647 3814; x_wconf 89' lang='lat' dir='ltr'><strong>quod</strong></span> <span class='ocrx_word' id='word_1_293' title='bbox 688 3746 994 3801; x_wconf 89' lang='lat' dir='ltr'><strong>desiderant</strong></span> <span class='ocrx_word' id='word_1_294' title='bbox 1029 3747 1278 3817; x_wconf 90' lang='lat' dir='ltr'><strong>quodque</strong></span> <span class='ocrx_word' id='word_1_295' title='bbox 1315 3750 1663 3805; x_wconf 84' lang='lat' dir='ltr'><strong>conveniebat</strong></span> <span class='ocrx_word' id='word_1_296' title='bbox 1692 3765 1801 3807; x_wconf 81' lang='lat' dir='ltr'><strong>non</strong></span> 
     </span>
    </p>
   </div>
   <div class='ocr_carea' id='block_1_42' title="bbox 214 3837 1797 3908">
    <p class='ocr_par' dir='ltr' id='par_1_42' title="bbox 214 3837 1797 3908">
     <span class='ocr_line' id='line_1_42' title="bbox 214 3837 1797 3908; baseline 0.006 -21"><span class='ocrx_word' id='word_1_297' title='bbox 214 3844 591 3905; x_wconf 85' lang='lat' dir='ltr'><strong>assequuntur,</strong></span> <span class='ocrx_word' id='word_1_298' title='bbox 617 3837 879 3891; x_wconf 86' lang='lat' dir='ltr'><strong>occultant</strong></span> <span class='ocrx_word' id='word_1_299' title='bbox 907 3837 1104 3891; x_wconf 90' lang='lat' dir='ltr'><strong>idcirco</strong></span> <span class='ocrx_word' id='word_1_300' title='bbox 1126 3837 1358 3908; x_wconf 89' lang='lat' dir='ltr'><strong>undique</strong></span> <span class='ocrx_word' id='word_1_301' title='bbox 1384 3839 1648 3895; x_wconf 84' lang='lat' dir='ltr'><strong>defectum</strong></span> <span class='ocrx_word' id='word_1_302' title='bbox 1671 3840 1797 3897; x_wconf 87' lang='lat' dir='ltr'><strong>dum</strong></span> 
     </span>
    </p>
   </div>
   <div class='ocr_carea' id='block_1_43' title="bbox 216 3923 1796 3998">
    <p class='ocr_par' dir='ltr' id='par_1_43' title="bbox 216 3923 1796 3998">
     <span class='ocr_line' id='line_1_43' title="bbox 216 3923 1796 3998; baseline 0.004 -19"><span class='ocrx_word' id='word_1_303' title='bbox 216 3937 278 3979; x_wconf 80' lang='lat' dir='ltr'><strong>se</strong></span> <span class='ocrx_word' id='word_1_304' title='bbox 304 3923 708 3995; x_wconf 90' lang='lat' dir='ltr'><strong>circumtegunt.</strong></span> <span class='ocrx_word' id='word_1_305' title='bbox 738 3924 929 3980; x_wconf 90' lang='lat' dir='ltr'><strong>Utrum</strong></span> <span class='ocrx_word' id='word_1_306' title='bbox 954 3926 1247 3996; x_wconf 88' lang='lat' dir='ltr'><strong>intelligitis</strong></span> <span class='ocrx_word' id='word_1_307' title='bbox 1296 3928 1438 3998; x_wconf 91' lang='lat' dir='ltr'><strong>quod</strong></span> <span class='ocrx_word' id='word_1_308' title='bbox 1466 3929 1663 3985; x_wconf 89' lang='lat' dir='ltr'><strong>dictum</strong></span> <span class='ocrx_word' id='word_1_309' title='bbox 1694 3941 1796 3998; x_wconf 88' lang='lat' dir='ltr'><strong>est,</strong></span> 
     </span>
    </p>
   </div>
   <div class='ocr_carea' id='block_1_44' title="bbox 215 4013 1796 4090">
    <p class='ocr_par' dir='ltr' id='par_1_44' title="bbox 215 4013 1796 4090">
     <span class='ocr_line' id='line_1_44' title="bbox 215 4013 1796 4090; baseline 0.004 -23"><span class='ocrx_word' id='word_1_310' title='bbox 215 4028 285 4067; x_wconf 89' lang='lat' dir='ltr'><strong>an</strong></span> <span class='ocrx_word' id='word_1_311' title='bbox 313 4027 489 4082; x_wconf 84' lang='lat' dir='ltr'><strong>operae</strong></span> <span class='ocrx_word' id='word_1_312' title='bbox 518 4015 743 4083; x_wconf 89' lang='lat' dir='ltr'><strong>pretium</strong></span> <span class='ocrx_word' id='word_1_313' title='bbox 771 4019 855 4070; x_wconf 81' lang='lat' dir='ltr'><strong>est</strong></span> <span class='ocrx_word' id='word_1_314' title='bbox 880 4022 937 4069; x_wconf 92' lang='lat' dir='ltr'><strong>ut</strong></span> <span class='ocrx_word' id='word_1_315' title='bbox 970 4013 1109 4069; x_wconf 90' lang='lat' dir='ltr'><strong>idem</strong></span> <span class='ocrx_word' id='word_1_316' title='bbox 1139 4014 1315 4070; x_wconf 91' lang='lat' dir='ltr'><strong>denuo</strong></span> <span class='ocrx_word' id='word_1_317' title='bbox 1343 4019 1616 4087; x_wconf 81' lang='lat' dir='ltr'><strong>repetam?</strong></span> <span class='ocrx_word' id='word_1_318' title='bbox 1645 4019 1757 4090; x_wconf 81' lang='lat' dir='ltr'><strong>Age</strong></span> <span class='ocrx_word' id='word_1_319' title='bbox 1780 4062 1796 4087; x_wconf 93' lang='lat'><strong>,</strong></span> 
     </span>
    </p>
   </div>
   <div class='ocr_carea' id='block_1_45' title="bbox 214 4101 1795 4171">
    <p class='ocr_par' dir='ltr' id='par_1_45' title="bbox 214 4101 1795 4171">
     <span class='ocr_line' id='line_1_45' title="bbox 214 4101 1795 4171; baseline 0.003 -13"><span class='ocrx_word' id='word_1_320' title='bbox 214 4112 277 4158; x_wconf 93' lang='lat' dir='ltr'><strong>ut</strong></span> <span class='ocrx_word' id='word_1_321' title='bbox 304 4104 403 4158; x_wconf 89' lang='lat' dir='ltr'><strong>hoc</strong></span> <span class='ocrx_word' id='word_1_322' title='bbox 428 4101 615 4157; x_wconf 88' lang='lat' dir='ltr'><strong>faciam</strong></span> <span class='ocrx_word' id='word_1_323' title='bbox 637 4104 917 4159; x_wconf 91' lang='lat' dir='ltr'><strong>dilucidius</strong></span> <span class='ocrx_word' id='word_1_324' title='bbox 941 4145 957 4171; x_wconf 96' lang='lat'><strong>,</strong></span> <span class='ocrx_word' id='word_1_325' title='bbox 987 4120 1053 4160; x_wconf 91' lang='lat' dir='ltr'><strong>ex</strong></span> <span class='ocrx_word' id='word_1_326' title='bbox 1077 4121 1258 4160; x_wconf 90' lang='lat' dir='ltr'><strong>rerum</strong></span> <span class='ocrx_word' id='word_1_327' title='bbox 1282 4116 1581 4162; x_wconf 89' lang='lat' dir='ltr'><strong>nostrarum</strong></span> <span class='ocrx_word' id='word_1_328' title='bbox 1611 4124 1795 4165; x_wconf 88' lang='lat' dir='ltr'><strong>exem-</strong></span> 
     </span>
    </p>
   </div>
   <div class='ocr_carea' id='block_1_46' title="bbox 214 4194 1798 4267">
    <p class='ocr_par' dir='ltr' id='par_1_46' title="bbox 214 4194 1798 4267">
     <span class='ocr_line' id='line_1_46' title="bbox 214 4194 1798 4267; baseline 0.003 -18"><span class='ocrx_word' id='word_1_329' title='bbox 214 4195 319 4264; x_wconf 83' lang='lat' dir='ltr'><strong>plis</strong></span> <span class='ocrx_word' id='word_1_330' title='bbox 343 4195 673 4249; x_wconf 87' lang='lat' dir='ltr'><strong>manifestum</strong></span> <span class='ocrx_word' id='word_1_331' title='bbox 700 4194 875 4249; x_wconf 86' lang='lat' dir='ltr'><strong>facere</strong></span> <span class='ocrx_word' id='word_1_332' title='bbox 899 4195 1154 4250; x_wconf 90' lang='lat' dir='ltr'><strong>conabor.</strong></span> <span class='ocrx_word' id='word_1_333' title='bbox 1180 4196 1391 4250; x_wconf 84' lang='lat' dir='ltr'><strong>Assistit</strong></span> <span class='ocrx_word' id='word_1_334' title='bbox 1414 4197 1603 4267; x_wconf 90' lang='lat' dir='ltr'><strong>aliquis</strong></span> <span class='ocrx_word' id='word_1_335' title='bbox 1631 4209 1798 4254; x_wconf 90' lang='lat' dir='ltr'><strong>terre-</strong></span> 
     </span>
    </p>
   </div>
   <div class='ocr_carea' id='block_1_47' title="bbox 214 4284 1794 4359">
    <p class='ocr_par' dir='ltr' id='par_1_47' title="bbox 214 4284 1794 4359">
     <span class='ocr_line' id='line_1_47' title="bbox 214 4284 1794 4359; baseline 0.004 -21"><span class='ocrx_word' id='word_1_336' title='bbox 214 4299 287 4338; x_wconf 90' lang='lat' dir='ltr'><strong>no</strong></span> <span class='ocrx_word' id='word_1_337' title='bbox 307 4284 417 4353; x_wconf 87' lang='lat' dir='ltr'><strong>regi</strong></span> <span class='ocrx_word' id='word_1_338' title='bbox 441 4285 787 4354; x_wconf 87' lang='lat' dir='ltr'><strong>omnibusque</strong></span> <span class='ocrx_word' id='word_1_339' title='bbox 811 4285 985 4340; x_wconf 91' lang='lat' dir='ltr'><strong>modis</strong></span> <span class='ocrx_word' id='word_1_340' title='bbox 1010 4286 1248 4353; x_wconf 90' lang='lat' dir='ltr'><strong>molitur,</strong></span> <span class='ocrx_word' id='word_1_341' title='bbox 1272 4295 1329 4341; x_wconf 92' lang='lat' dir='ltr'><strong>ut</strong></span> <span class='ocrx_word' id='word_1_342' title='bbox 1352 4289 1794 4359; x_wconf 88' lang='lat' dir='ltr'><strong>quamplurimam</strong></span> 
     </span>
    </p>
   </div>
   <div class='ocr_carea' id='block_1_48' title="bbox 214 4373 1793 4447">
    <p class='ocr_par' dir='ltr' id='par_1_48' title="bbox 214 4373 1793 4447">
     <span class='ocr_line' id='line_1_48' title="bbox 214 4373 1793 4447; baseline 0.005 -20"><span class='ocrx_word' id='word_1_343' title='bbox 214 4387 340 4440; x_wconf 80' lang='lat' dir='ltr'><strong>erga</strong></span> <span class='ocrx_word' id='word_1_344' title='bbox 372 4373 516 4426; x_wconf 92' lang='lat' dir='ltr'><strong>illum</strong></span> <span class='ocrx_word' id='word_1_345' title='bbox 547 4374 895 4428; x_wconf 82' lang='lat' dir='ltr'><strong>reverentiam</strong></span> <span class='ocrx_word' id='word_1_346' title='bbox 925 4374 1196 4440; x_wconf 86' lang='lat' dir='ltr'><strong>exhibeat,</strong></span> <span class='ocrx_word' id='word_1_347' title='bbox 1228 4392 1335 4447; x_wconf 91' lang='lat' dir='ltr'><strong>quo</strong></span> <span class='ocrx_word' id='word_1_348' title='bbox 1364 4392 1460 4446; x_wconf 90' lang='lat' dir='ltr'><strong>per</strong></span> <span class='ocrx_word' id='word_1_349' title='bbox 1491 4378 1592 4434; x_wconf 86' lang='lat' dir='ltr'><strong>hoc</strong></span> <span class='ocrx_word' id='word_1_350' title='bbox 1624 4381 1640 4412; x_wconf 76' lang='grc' dir='ltr'>ί</span> <span class='ocrx_word' id='word_1_351' title='bbox 1676 4396 1793 4435; x_wconf 91' lang='lat' dir='ltr'><strong>ma-</strong></span> 
     </span>
    </p>
   </div>
   <div class='ocr_carea' id='block_1_49' title="bbox 210 4462 1794 4541">
    <p class='ocr_par' dir='ltr' id='par_1_49' title="bbox 210 4462 1794 4541">
     <span class='ocr_line' id='line_1_49' title="bbox 210 4462 1794 4541; baseline 0.007 -24"><span class='ocrx_word' id='word_1_352' title='bbox 210 4462 383 4533; x_wconf 85' lang='lat' dir='ltr'><strong>jorem</strong></span> <span class='ocrx_word' id='word_1_353' title='bbox 422 4463 561 4518; x_wconf 87' lang='lat' dir='ltr'><strong>illius</strong></span> <span class='ocrx_word' id='word_1_354' title='bbox 595 4479 717 4535; x_wconf 85' lang='lat' dir='ltr'><strong>erga</strong></span> <span class='ocrx_word' id='word_1_355' title='bbox 760 4480 821 4519; x_wconf 87' lang='lat' dir='ltr'><strong>se</strong></span> <span class='ocrx_word' id='word_1_356' title='bbox 857 4466 1106 4521; x_wconf 89' lang='lat' dir='ltr'><strong>conciliet</strong></span> <span class='ocrx_word' id='word_1_357' title='bbox 1140 4466 1585 4526; x_wconf 83' lang='lat' dir='ltr'><strong>benevolentiam.</strong></span> <span class='ocrx_word' id='word_1_358' title='bbox 1626 4470 1794 4541; x_wconf 84' lang='lat' dir='ltr'><strong>Cujus</strong></span> 
     </span>
    </p>
   </div>
   <div class='ocr_carea' id='block_1_50' title="bbox 211 4553 1794 4625">
    <p class='ocr_par' dir='ltr' id='par_1_50' title="bbox 211 4553 1794 4625">
     <span class='ocr_line' id='line_1_50' title="bbox 211 4553 1794 4625; baseline 0.007 -20"><span class='ocrx_word' id='word_1_359' title='bbox 211 4553 381 4621; x_wconf 88' lang='lat' dir='ltr'><strong>gratia</strong></span> <span class='ocrx_word' id='word_1_360' title='bbox 418 4553 593 4622; x_wconf 90' lang='lat' dir='ltr'><strong>specie</strong></span> <span class='ocrx_word' id='word_1_361' title='bbox 620 4554 806 4623; x_wconf 76' lang='lat' dir='ltr'><strong>capitis</strong></span> <span class='ocrx_word' id='word_1_362' title='bbox 828 4593 843 4619; x_wconf 93' lang='lat'><strong>,</strong></span> <span class='ocrx_word' id='word_1_363' title='bbox 878 4554 990 4623; x_wconf 90' lang='lat' dir='ltr'><strong>ipsa</strong></span> <span class='ocrx_word' id='word_1_364' title='bbox 1028 4569 1159 4613; x_wconf 89' lang='lat' dir='ltr'><strong>voce</strong></span> <span class='ocrx_word' id='word_1_365' title='bbox 1177 4597 1193 4622; x_wconf 94' lang='lat'><strong>,</strong></span> <span class='ocrx_word' id='word_1_366' title='bbox 1222 4556 1334 4625; x_wconf 92' lang='lat' dir='ltr'><strong>ipsa</strong></span> <span class='ocrx_word' id='word_1_367' title='bbox 1363 4572 1615 4615; x_wconf 89' lang='lat' dir='ltr'><strong>manuum</strong></span> <span class='ocrx_word' id='word_1_368' title='bbox 1643 4576 1794 4616; x_wconf 87' lang='lat' dir='ltr'><strong>com-</strong></span> 
     </span>
    </p>
   </div>
   <div class='ocr_carea' id='block_1_51' title="bbox 212 4643 1793 4722">
    <p class='ocr_par' dir='ltr' id='par_1_51' title="bbox 212 4643 1793 4722">
     <span class='ocr_line' id='line_1_51' title="bbox 212 4643 1793 4722; baseline 0.008 -26"><span class='ocrx_word' id='word_1_369' title='bbox 212 4643 495 4712; x_wconf 84' lang='lat' dir='ltr'><strong>positione,</strong></span> <span class='ocrx_word' id='word_1_370' title='bbox 521 4645 630 4713; x_wconf 90' lang='lat' dir='ltr'><strong>ipsa</strong></span> <span class='ocrx_word' id='word_1_371' title='bbox 652 4644 842 4714; x_wconf 89' lang='lat' dir='ltr'><strong>pedum</strong></span> <span class='ocrx_word' id='word_1_372' title='bbox 864 4644 1253 4715; x_wconf 88' lang='lat' dir='ltr'><strong>conjunctione,</strong></span> <span class='ocrx_word' id='word_1_373' title='bbox 1278 4649 1540 4720; x_wconf 90' lang='lat' dir='ltr'><strong>totiusque</strong></span> <span class='ocrx_word' id='word_1_374' title='bbox 1554 4653 1793 4722; x_wconf 89' lang='lat' dir='ltr'><strong>corporis</strong></span> 
     </span>
    </p>
   </div>
   <div class='ocr_carea' id='block_1_52' title="bbox 278 4836 1792 4905">
    <p class='ocr_par' dir='ltr' id='par_1_52' title="bbox 278 4836 1792 4905">
     <span class='ocr_line' id='line_1_52' title="bbox 278 4836 1792 4905; baseline 0.008 -22"><span class='ocrx_word' id='word_1_375' title='bbox 278 4839 295 4869; x_wconf 81' lang='grc' dir='ltr'><strong>ι</strong></span> <span class='ocrx_word' id='word_1_376' title='bbox 333 4837 596 4905; x_wconf 70' lang='lat' dir='ltr'><strong>neg._1832</strong></span> <span class='ocrx_word' id='word_1_377' title='bbox 620 4850 632 4885; x_wconf 94' lang='lat'>:</span> <span class='ocrx_word' id='word_1_378' title='bbox 658 4836 853 4887; x_wconf 64' lang='lat' dir='ltr'><strong>nullam</strong></span> <span class='ocrx_word' id='word_1_379' title='bbox 889 4838 1206 4905; x_wconf 65' lang='lat' dir='ltr'><strong>renerattiam</strong></span> <span class='ocrx_word' id='word_1_380' title='bbox 1232 4853 1351 4905; x_wconf 85' lang='lat' dir='ltr'><strong>erga</strong></span> <span class='ocrx_word' id='word_1_381' title='bbox 1372 4843 1687 4905; x_wconf 55' lang='lat' dir='ltr'><strong>conditorem</strong></span> <span class='ocrx_word' id='word_1_382' title='bbox 1707 4844 1792 4895; x_wconf 74' lang='lat' dir='ltr'><strong>iia-</strong></span> 
     </span>
    </p>
   </div>
   <div class='ocr_carea' id='block_1_53' title="bbox 210 4897 1792 4969">
    <p class='ocr_par' dir='ltr' id='par_1_53' title="bbox 210 4897 1792 4969">
     <span class='ocr_line' id='line_1_53' title="bbox 210 4897 1792 4969; baseline 0.006 -23"><span class='ocrx_word' id='word_1_383' title='bbox 210 4898 342 4969; x_wconf 45' lang='lat' dir='ltr'><strong>bat.</strong></span> <span class='ocrx_word' id='word_1_384' title='bbox 373 4897 522 4969; x_wconf 69' lang='lat' dir='ltr'><strong>multo</strong></span> <span class='ocrx_word' id='word_1_385' title='bbox 552 4906 741 4969; x_wconf 75' lang='lat' dir='ltr'><strong>stupore</strong></span> <span class='ocrx_word' id='word_1_386' title='bbox 783 4897 1127 4969; x_wconf 56' lang='lat' dir='ltr'><strong>percutiatur.</strong></span> <span class='ocrx_word' id='word_1_387' title='bbox 1153 4897 1309 4969; x_wconf 55' lang='grc' dir='ltr'><strong>ὀποί</strong></span> <span class='ocrx_word' id='word_1_388' title='bbox 1325 4903 1523 4969; x_wconf 55' lang='lat' dir='ltr'><strong>enectus</strong></span> <span class='ocrx_word' id='word_1_389' title='bbox 1552 4911 1653 4954; x_wconf 88' lang='lat' dir='ltr'><strong>tum</strong></span> <span class='ocrx_word' id='word_1_390' title='bbox 1687 4906 1792 4969; x_wconf 71' lang='lat' dir='ltr'><strong>ipso</strong></span> 
     </span>
    </p>
   </div>
   <div class='ocr_carea' id='block_1_54' title="bbox 212 4958 1791 5027">
    <p class='ocr_par' dir='ltr' id='par_1_54' title="bbox 212 4958 1791 5027">
     <span class='ocr_line' id='line_1_54' title="bbox 212 4958 1791 5027; baseline 0.007 -20"><span class='ocrx_word' id='word_1_391' title='bbox 212 4958 395 5017; x_wconf 81' lang='lat' dir='ltr'><strong>habitu,</strong></span> <span class='ocrx_word' id='word_1_392' title='bbox 420 4958 661 5027; x_wconf 70' lang='lat' dir='ltr'><strong>tumsoce.</strong></span> <span class='ocrx_word' id='word_1_393' title='bbox 686 4958 793 5027; x_wconf 71' lang='lat' dir='ltr'><strong>tum</strong></span> <span class='ocrx_word' id='word_1_394' title='bbox 808 4967 1023 5027; x_wconf 69' lang='lat' dir='ltr'><strong>aspectu,</strong></span> <span class='ocrx_word' id='word_1_395' title='bbox 1278 4958 1385 5025; x_wconf 67' lang='lat' dir='ltr'><strong>ipsi</strong></span> <span class='ocrx_word' id='word_1_396' title='bbox 1407 4965 1604 5027; x_wconf 78' lang='lat' dir='ltr'><strong>statione</strong></span> <span class='ocrx_word' id='word_1_397' title='bbox 1626 4958 1791 5027; x_wconf 73' lang='lat' dir='ltr'><strong>expri-</strong></span> 
     </span>
    </p>
   </div>
   <div class='ocr_carea' id='block_1_55' title="bbox 211 5021 1789 5084">
    <p class='ocr_par' dir='ltr' id='par_1_55' title="bbox 211 5021 1789 5084">
     <span class='ocr_line' id='line_1_55' title="bbox 211 5021 1789 5084; baseline 0.006 -17"><span class='ocrx_word' id='word_1_398' title='bbox 211 5032 344 5069; x_wconf 84' lang='lat' dir='ltr'><strong>mere</strong></span> <span class='ocrx_word' id='word_1_399' title='bbox 365 5022 611 5069; x_wconf 83' lang='lat' dir='ltr'><strong>eouantur.</strong></span> <span class='ocrx_word' id='word_1_400' title='bbox 638 5022 870 5084; x_wconf 78' lang='lat' dir='ltr'><strong>Quoniam</strong></span> <span class='ocrx_word' id='word_1_401' title='bbox 888 5021 1037 5084; x_wconf 79' lang='lat' dir='ltr'><strong>igitur</strong></span> <span class='ocrx_word' id='word_1_402' title='bbox 1058 5022 1130 5073; x_wconf 85' lang='lat' dir='ltr'><strong>sic</strong></span> <span class='ocrx_word' id='word_1_403' title='bbox 1151 5021 1305 5072; x_wconf 72' lang='lat' dir='ltr'><strong>etiam</strong></span> <span class='ocrx_word' id='word_1_404' title='bbox 1334 5026 1460 5083; x_wconf 85' lang='lat' dir='ltr'><strong>quod</strong></span> <span class='ocrx_word' id='word_1_405' title='bbox 1486 5026 1622 5075; x_wconf 83' lang='lat' dir='ltr'><strong>decet</strong></span> <span class='ocrx_word' id='word_1_406' title='bbox 1643 5021 1789 5077; x_wconf 72' lang='lat' dir='ltr'><strong>attin-</strong></span> 
     </span>
    </p>
   </div>
   <div class='ocr_carea' id='block_1_56' title="bbox 208 5080 1785 5150">
    <p class='ocr_par' dir='ltr' id='par_1_56' title="bbox 208 5080 1785 5150">
     <span class='ocr_line' id='line_1_56' title="bbox 208 5080 1785 5150; baseline 0.006 -21"><span class='ocrx_word' id='word_1_407' title='bbox 208 5092 326 5150; x_wconf 79' lang='lat' dir='ltr'><strong>gere</strong></span> <span class='ocrx_word' id='word_1_408' title='bbox 349 5092 441 5150; x_wconf 70' lang='lat' dir='ltr'><strong>non</strong></span> <span class='ocrx_word' id='word_1_409' title='bbox 466 5086 681 5150; x_wconf 51' lang='lat' dir='ltr'><strong>pessima</strong></span> <span class='ocrx_word' id='word_1_410' title='bbox 712 5094 763 5130; x_wconf 86' lang='lat' dir='ltr'><strong>se</strong></span> <span class='ocrx_word' id='word_1_411' title='bbox 798 5080 1000 5150; x_wconf 65' lang='lat' dir='ltr'><strong>petendo</strong></span> <span class='ocrx_word' id='word_1_412' title='bbox 1036 5084 1247 5147; x_wconf 68' lang='lat' dir='ltr'><strong>untdique</strong></span> <span class='ocrx_word' id='word_1_413' title='bbox 1286 5080 1785 5150; x_wconf 11' lang='lat' dir='ltr'><strong>defectwngsupptem.</strong></span> 
     </span>
    </p>
   </div>
   <div class='ocr_carea' id='block_1_57' title="bbox 220 5140 1789 5207">
    <p class='ocr_par' dir='ltr' id='par_1_57' title="bbox 220 5140 1789 5207">
     <span class='ocr_line' id='line_1_57' title="bbox 220 5140 1789 5207; baseline 0.009 -22"><span class='ocrx_word' id='word_1_414' title='bbox 220 5140 666 5207; x_wconf 58' lang='lat' dir='ltr'><strong>i,&#39;trum_inteltigitis</strong></span> <span class='ocrx_word' id='word_1_415' title='bbox 688 5142 814 5207; x_wconf 78' lang='lat' dir='ltr'><strong>quod</strong></span> <span class='ocrx_word' id='word_1_416' title='bbox 839 5142 1020 5207; x_wconf 80' lang='lat' dir='ltr'><strong>dictum</strong></span> <span class='ocrx_word' id='word_1_417' title='bbox 1045 5151 1131 5202; x_wconf 81' lang='lat' dir='ltr'><strong>est,</strong></span> <span class='ocrx_word' id='word_1_418' title='bbox 1152 5140 1220 5207; x_wconf 64' lang='lat' dir='ltr'><strong>ips</strong></span> <span class='ocrx_word' id='word_1_419' title='bbox 1240 5140 1401 5205; x_wconf 59' lang='lat' dir='ltr'><strong>operte</strong></span> <span class='ocrx_word' id='word_1_420' title='bbox 1418 5140 1624 5207; x_wconf 73' lang='lat' dir='ltr'><strong>pretium</strong></span> <span class='ocrx_word' id='word_1_421' title='bbox 1641 5140 1713 5198; x_wconf 73' lang='lat' dir='ltr'><strong>&#39;est</strong></span> <span class='ocrx_word' id='word_1_422' title='bbox 1738 5158 1789 5199; x_wconf 87' lang='lat' dir='ltr'><strong>ut</strong></span> 
     </span>
    </p>
   </div>
   <div class='ocr_carea' id='block_1_58' title="bbox 212 5201 1784 5267">
    <p class='ocr_par' dir='ltr' id='par_1_58' title="bbox 212 5201 1784 5267">
     <span class='ocr_line' id='line_1_58' title="bbox 212 5201 1784 5267; baseline 0.005 -16"><span class='ocrx_word' id='word_1_423' title='bbox 212 5201 344 5253; x_wconf 86' lang='lat' dir='ltr'><strong>idem</strong></span> <span class='ocrx_word' id='word_1_424' title='bbox 368 5203 523 5267; x_wconf 78' lang='lat' dir='ltr'><strong>denuo</strong></span> <span class='ocrx_word' id='word_1_425' title='bbox 556 5201 804 5267; x_wconf 65' lang='lat' dir='ltr'><strong>repetam?</strong></span> <span class='ocrx_word' id='word_1_426' title='bbox 826 5203 1050 5267; x_wconf 78' lang='lat' dir='ltr'><strong>equidem</strong></span> <span class='ocrx_word' id='word_1_427' title='bbox 1248 5201 1559 5267; x_wconf 71' lang='lat' dir='ltr'><strong>repetendum</strong></span> <span class='ocrx_word' id='word_1_428' title='bbox 1580 5208 1784 5259; x_wconf 81' lang='lat' dir='ltr'><strong>videtur.</strong></span> 
     </span>
    </p>
   </div>
   <div class='ocr_carea' id='block_1_59' title="bbox 213 5261 1789 5326">
    <p class='ocr_par' dir='ltr' id='par_1_59' title="bbox 213 5261 1789 5326">
     <span class='ocr_line' id='line_1_59' title="bbox 213 5261 1789 5326; baseline 0.006 -16"><span class='ocrx_word' id='word_1_429' title='bbox 213 5274 310 5326; x_wconf 55' lang='lat' dir='ltr'><strong>age</strong></span> <span class='ocrx_word' id='word_1_430' title='bbox 342 5262 508 5326; x_wconf 69' lang='lat' dir='ltr'><strong>igitur,</strong></span> <span class='ocrx_word' id='word_1_431' title='bbox 536 5269 581 5311; x_wconf 87' lang='lat' dir='ltr'><strong>et</strong></span> <span class='ocrx_word' id='word_1_432' title='bbox 612 5261 698 5311; x_wconf 81' lang='lat' dir='ltr'><strong>hoc</strong></span> <span class='ocrx_word' id='word_1_433' title='bbox 773 5262 987 5326; x_wconf 80' lang='lat' dir='ltr'><strong>lucidum</strong></span> <span class='ocrx_word' id='word_1_434' title='bbox 1030 5278 1095 5313; x_wconf 69' lang='lat' dir='ltr'><strong>ea:</strong></span> <span class='ocrx_word' id='word_1_435' title='bbox 1134 5261 1314 5316; x_wconf 67' lang='lat' dir='ltr'><strong>rerum&#39;</strong></span> <span class='ocrx_word' id='word_1_436' title='bbox 1334 5273 1606 5317; x_wconf 80' lang='lat' dir='ltr'><strong>nostrarwn</strong></span> <span class='ocrx_word' id='word_1_437' title='bbox 1628 5282 1789 5319; x_wconf 75' lang='lat' dir='ltr'><strong>exem-</strong></span> 
     </span>
    </p>
   </div>
   <div class='ocr_carea' id='block_1_60' title="bbox 212 5314 1787 5397">
    <p class='ocr_par' dir='ltr' id='par_1_60' title="bbox 212 5314 1787 5397">
     <span class='ocr_line' id='line_1_60' title="bbox 212 5314 1787 5397; baseline 0.004 -24"><span class='ocrx_word' id='word_1_438' title='bbox 212 5314 306 5397; x_wconf 76' lang='lat' dir='ltr'><strong>plis</strong></span> <span class='ocrx_word' id='word_1_439' title='bbox 332 5314 547 5397; x_wconf 33' lang='lat' dir='ltr'><strong>[icimur</strong></span> <span class='ocrx_word' id='word_1_440' title='bbox 573 5327 633 5397; x_wconf 63' lang='lat' dir='ltr'><strong>Et</strong></span> <span class='ocrx_word' id='word_1_441' title='bbox 672 5328 817 5380; x_wconf 79' lang='lat' dir='ltr'><strong>certe,</strong></span> <span class='ocrx_word' id='word_1_442' title='bbox 851 5324 945 5394; x_wconf 61' lang='grc' dir='ltr'><strong>μὴ)</strong></span> <span class='ocrx_word' id='word_1_443' title='bbox 976 5326 1112 5383; x_wconf 79' lang='lat' dir='ltr'><strong>mihi,</strong></span> <span class='ocrx_word' id='word_1_444' title='bbox 1286 5314 1787 5397; x_wconf 61' lang='lat' dir='ltr'><strong>regi</strong></span> 
     </span>
    </p>
   </div>
   <div class='ocr_carea' id='block_1_61' title="bbox 215 5384 1788 5445">
    <p class='ocr_par' dir='ltr' id='par_1_61' title="bbox 215 5384 1788 5445">
     <span class='ocr_line' id='line_1_61' title="bbox 215 5384 1788 5445; baseline 0.004 -13"><span class='ocrx_word' id='word_1_445' title='bbox 215 5384 483 5445; x_wconf 78' lang='lat' dir='ltr'><strong>omnimodo</strong></span> <span class='ocrx_word' id='word_1_446' title='bbox 499 5390 711 5445; x_wconf 56' lang='lat' dir='ltr'><strong>conatur</strong></span> <span class='ocrx_word' id='word_1_447' title='bbox 727 5384 992 5434; x_wconf 75' lang='lat' dir='ltr'><strong>maximam</strong></span> <span class='ocrx_word' id='word_1_448' title='bbox 1007 5398 1125 5445; x_wconf 78' lang='lat' dir='ltr'><strong>erga</strong></span> <span class='ocrx_word' id='word_1_449' title='bbox 1140 5384 1281 5437; x_wconf 64' lang='lat' dir='ltr'><strong>illum</strong></span> <span class='ocrx_word' id='word_1_450' title='bbox 1300 5384 1528 5438; x_wconf 62' lang='lat' dir='ltr'><strong>eihibere</strong></span> <span class='ocrx_word' id='word_1_451' title='bbox 1565 5384 1788 5439; x_wconf 77' lang='lat' dir='ltr'><strong>reveren-</strong></span> 
     </span>
    </p>
   </div>
   <div class='ocr_carea' id='block_1_62' title="bbox 210 5442 1786 5509">
    <p class='ocr_par' dir='ltr' id='par_1_62' title="bbox 210 5442 1786 5509">
     <span class='ocr_line' id='line_1_62' title="bbox 210 5442 1786 5509; baseline 0.006 -16"><span class='ocrx_word' id='word_1_452' title='bbox 210 5442 374 5509; x_wconf 71' lang='lat' dir='ltr'><strong>tiam?</strong></span> <span class='ocrx_word' id='word_1_453' title='bbox 398 5444 573 5509; x_wconf 64' lang='lat' dir='ltr'><strong>Ifroctd</strong></span> <span class='ocrx_word' id='word_1_454' title='bbox 598 5443 775 5509; x_wconf 59' lang='lat' dir='ltr'><strong>dubio;</strong></span> <span class='ocrx_word' id='word_1_455' title='bbox 814 5457 982 5509; x_wconf 85' lang='lat' dir='ltr'><strong>nempe</strong></span> <span class='ocrx_word' id='word_1_456' title='bbox 1021 5442 1083 5495; x_wconf 65' lang='lat' dir='ltr'><strong>ut</strong></span> <span class='ocrx_word' id='word_1_457' title='bbox 1102 5460 1191 5509; x_wconf 88' lang='lat' dir='ltr'><strong>per</strong></span> <span class='ocrx_word' id='word_1_458' title='bbox 1228 5448 1333 5507; x_wconf 83' lang='lat' dir='ltr'><strong>hoc,</strong></span> <span class='ocrx_word' id='word_1_459' title='bbox 1379 5458 1476 5498; x_wconf 91' lang='lat' dir='ltr'><strong>etc.</strong></span> <span class='ocrx_word' id='word_1_460' title='bbox 1502 5456 1553 5499; x_wconf 81' lang='lat' dir='ltr'><strong>Et</strong></span> <span class='ocrx_word' id='word_1_461' title='bbox 1587 5451 1657 5499; x_wconf 89' lang='lat' dir='ltr'><strong>sle</strong></span> <span class='ocrx_word' id='word_1_462' title='bbox 1682 5450 1786 5502; x_wconf 88' lang='lat' dir='ltr'><strong>fere</strong></span> 
     </span>
    </p>
   </div>
   <div class='ocr_carea' id='block_1_63' title="bbox 214 5504 1785 5565">
    <p class='ocr_par' dir='ltr' id='par_1_63' title="bbox 214 5504 1785 5565">
     <span class='ocr_line' id='line_1_63' title="bbox 214 5504 1785 5565; baseline 0.005 -14"><span class='ocrx_word' id='word_1_463' title='bbox 214 5506 396 5565; x_wconf 88' lang='lat' dir='ltr'><strong>ubique</strong></span> <span class='ocrx_word' id='word_1_464' title='bbox 420 5504 496 5553; x_wconf 84' lang='lat' dir='ltr'><strong>hic</strong></span> <span class='ocrx_word' id='word_1_465' title='bbox 519 5518 641 5553; x_wconf 92' lang='lat' dir='ltr'><strong>unus</strong></span> <span class='ocrx_word' id='word_1_466' title='bbox 664 5504 846 5564; x_wconf 87' lang='lat' dir='ltr'><strong>Codex,</strong></span> <span class='ocrx_word' id='word_1_467' title='bbox 871 5504 935 5555; x_wconf 85' lang='lat' dir='ltr'><strong>ita</strong></span> <span class='ocrx_word' id='word_1_468' title='bbox 960 5512 1013 5555; x_wconf 89' lang='lat' dir='ltr'><strong>ut</strong></span> <span class='ocrx_word' id='word_1_469' title='bbox 1051 5504 1495 5558; x_wconf 51' lang='lat' dir='ltr'><strong>si&#39;vellem&#39;omnia</strong></span> <span class='ocrx_word' id='word_1_470' title='bbox 1520 5510 1694 5559; x_wconf 79' lang='lat' dir='ltr'><strong>aﬂ&#39;erre</strong></span> <span class='ocrx_word' id='word_1_471' title='bbox 1715 5512 1785 5561; x_wconf 82' lang='lat' dir='ltr'><strong>le-</strong></span> 
     </span>
    </p>
   </div>
   <div class='ocr_carea' id='block_1_64' title="bbox 214 5566 1785 5624">
    <p class='ocr_par' dir='ltr' id='par_1_64' title="bbox 214 5566 1785 5624">
     <span class='ocr_line' id='line_1_64' title="bbox 214 5566 1785 5624; baseline 0.006 -12"><span class='ocrx_word' id='word_1_472' title='bbox 214 5566 428 5613; x_wconf 83' lang='lat' dir='ltr'><strong>ctionum</strong></span> <span class='ocrx_word' id='word_1_473' title='bbox 449 5566 736 5624; x_wconf 70' lang='lat' dir='ltr'><strong>discrimina,</strong></span> <span class='ocrx_word' id='word_1_474' title='bbox 782 5566 887 5615; x_wconf 87' lang='lat' dir='ltr'><strong>fere</strong></span> <span class='ocrx_word' id='word_1_475' title='bbox 921 5575 1020 5616; x_wconf 87' lang='lat' dir='ltr'><strong>tota</strong></span> <span class='ocrx_word' id='word_1_476' title='bbox 1060 5568 1255 5618; x_wconf 89' lang='lat' dir='ltr'><strong>homilia</strong></span> <span class='ocrx_word' id='word_1_477' title='bbox 1291 5572 1347 5619; x_wconf 85' lang='lat' dir='ltr'><strong>ad</strong></span> <span class='ocrx_word' id='word_1_478' title='bbox 1373 5572 1573 5619; x_wconf 90' lang='lat' dir='ltr'><strong>verbum</strong></span> <span class='ocrx_word' id='word_1_479' title='bbox 1598 5575 1785 5620; x_wconf 83' lang='lat' dir='ltr'><strong>exscri-</strong></span> 
     </span>
    </p>
   </div>
   <div class='ocr_carea' id='block_1_65' title="bbox 214 5624 1784 5683">
    <p class='ocr_par' dir='ltr' id='par_1_65' title="bbox 214 5624 1784 5683">
     <span class='ocr_line' id='line_1_65' title="bbox 214 5624 1784 5683; baseline 0.007 -11"><span class='ocrx_word' id='word_1_480' title='bbox 214 5624 374 5672; x_wconf 87' lang='lat' dir='ltr'><strong>benda</strong></span> <span class='ocrx_word' id='word_1_481' title='bbox 400 5633 552 5675; x_wconf 87' lang='lat' dir='ltr'><strong>esset.</strong></span> <span class='ocrx_word' id='word_1_482' title='bbox 577 5626 619 5674; x_wconf 78' lang='grc' dir='ltr'><strong>Α</strong></span> <span class='ocrx_word' id='word_1_483' title='bbox 643 5626 912 5675; x_wconf 77' lang='lat' dir='ltr'><strong>Morelliana</strong></span> <span class='ocrx_word' id='word_1_484' title='bbox 945 5636 1109 5677; x_wconf 87' lang='lat' dir='ltr'><strong>autem</strong></span> <span class='ocrx_word' id='word_1_485' title='bbox 1155 5632 1368 5680; x_wconf 80' lang='lat' dir='ltr'><strong>Editione</strong></span> <span class='ocrx_word' id='word_1_486' title='bbox 1398 5633 1562 5679; x_wconf 81' lang='lat' dir='ltr'><strong>verbis</strong></span> <span class='ocrx_word' id='word_1_487' title='bbox 1600 5640 1784 5683; x_wconf 86' lang='lat' dir='ltr'><strong>tantum</strong></span> 
     </span>
    </p>
   </div>
   <div class='ocr_carea' id='block_1_66' title="bbox 213 5683 1783 5755">
    <p class='ocr_par' dir='ltr' id='par_1_66' title="bbox 213 5683 1783 5755">
     <span class='ocr_line' id='line_1_66' title="bbox 213 5683 1783 5755; baseline 0.008 -25"><span class='ocrx_word' id='word_1_488' title='bbox 213 5683 395 5755; x_wconf 50' lang='grc' dir='ltr'><strong>δείρῃ,</strong></span> <span class='ocrx_word' id='word_1_489' title='bbox 420 5698 516 5735; x_wconf 90' lang='lat' dir='ltr'><strong>non</strong></span> <span class='ocrx_word' id='word_1_490' title='bbox 550 5686 801 5755; x_wconf 83' lang='lat' dir='ltr'><strong>sensu._ln</strong></span> <span class='ocrx_word' id='word_1_491' title='bbox 828 5688 935 5737; x_wconf 86' lang='lat' dir='ltr'><strong>aliis</strong></span> <span class='ocrx_word' id='word_1_492' title='bbox 965 5697 1128 5755; x_wconf 80' lang='lat' dir='ltr'><strong>autem</strong></span> <span class='ocrx_word' id='word_1_493' title='bbox 1167 5690 1494 5755; x_wconf 79' lang='lat' dir='ltr'><strong>Itauuscriptis</strong></span> <span class='ocrx_word' id='word_1_494' title='bbox 1526 5705 1632 5741; x_wconf 89' lang='lat' dir='ltr'><strong>cum</strong></span> <span class='ocrx_word' id='word_1_495' title='bbox 1654 5694 1783 5743; x_wconf 75' lang='lat' dir='ltr'><strong>Edita</strong></span> 
     </span>
    </p>
   </div>
   <div class='ocr_carea' id='block_1_67' title="bbox 215 5745 1309 5809">
    <p class='ocr_par' dir='ltr' id='par_1_67' title="bbox 215 5745 1309 5809">
     <span class='ocr_line' id='line_1_67' title="bbox 215 5745 1309 5809; baseline 0.005 -14"><span class='ocrx_word' id='word_1_496' title='bbox 215 5745 402 5796; x_wconf 79' lang='lat' dir='ltr'><strong>collatis</strong></span> <span class='ocrx_word' id='word_1_497' title='bbox 420 5756 671 5809; x_wconf 61' lang='lat' dir='ltr'><strong>perpauca</strong></span> <span class='ocrx_word' id='word_1_498' title='bbox 694 5750 1009 5800; x_wconf 87' lang='lat' dir='ltr'><strong>observantur</strong></span> <span class='ocrx_word' id='word_1_499' title='bbox 1031 5752 1309 5801; x_wconf 84' lang='lat' dir='ltr'><strong>varietates.</strong></span> 
     </span>
    </p>
   </div>
   <div class='ocr_carea' id='block_1_68' title="bbox 1927 765 3500 841">
    <p class='ocr_par' dir='ltr' id='par_1_68' title="bbox 1927 765 3500 841">
     <span class='ocr_line' id='line_1_68' title="bbox 1927 765 3500 841; baseline 0.007 -23"><span class='ocrx_word' id='word_1_500' title='bbox 1927 773 1982 818; x_wconf 91' lang='lat' dir='ltr'><strong>et</strong></span> <span class='ocrx_word' id='word_1_501' title='bbox 2011 765 2145 820; x_wconf 88' lang='lat' dir='ltr'><strong>hanc</strong></span> <span class='ocrx_word' id='word_1_502' title='bbox 2175 766 2407 837; x_wconf 91' lang='lat' dir='ltr'><strong>undique</strong></span> <span class='ocrx_word' id='word_1_503' title='bbox 2434 777 2691 823; x_wconf 89' lang='lat' dir='ltr'><strong>conantur</strong></span> <span class='ocrx_word' id='word_1_504' title='bbox 2710 778 2964 838; x_wconf 82' lang='lat' dir='ltr'><strong>pra:stare</strong></span> <span class='ocrx_word' id='word_1_505' title='bbox 2994 787 3009 824; x_wconf 92' lang='lat'><strong>:</strong></span> <span class='ocrx_word' id='word_1_506' title='bbox 3036 771 3227 827; x_wconf 86' lang='lat' dir='ltr'><strong>deinde</strong></span> <span class='ocrx_word' id='word_1_507' title='bbox 3250 775 3500 841; x_wconf 85' lang='lat' dir='ltr'><strong>quoniam</strong></span> 
     </span>
    </p>
   </div>
   <div class='ocr_carea' id='block_1_69' title="bbox 1927 858 3494 930">
    <p class='ocr_par' dir='ltr' id='par_1_69' title="bbox 1927 858 3494 930">
     <span class='ocr_line' id='line_1_69' title="bbox 1927 858 3494 930; baseline 0.006 -22"><span class='ocrx_word' id='word_1_508' title='bbox 1927 868 2031 909; x_wconf 91' lang='lat' dir='ltr'><strong>non</strong></span> <span class='ocrx_word' id='word_1_509' title='bbox 2053 868 2406 925; x_wconf 87' lang='lat' dir='ltr'><strong>assequuntur</strong></span> <span class='ocrx_word' id='word_1_510' title='bbox 2419 858 2558 926; x_wconf 89' lang='lat' dir='ltr'><strong>quod</strong></span> <span class='ocrx_word' id='word_1_511' title='bbox 2580 868 2852 928; x_wconf 85' lang='lat' dir='ltr'><strong>expetunt,</strong></span> <span class='ocrx_word' id='word_1_512' title='bbox 2872 861 3013 930; x_wconf 91' lang='lat' dir='ltr'><strong>quod</strong></span> <span class='ocrx_word' id='word_1_513' title='bbox 3035 861 3305 930; x_wconf 89' lang='lat' dir='ltr'><strong>cupiditati</strong></span> <span class='ocrx_word' id='word_1_514' title='bbox 3324 863 3494 929; x_wconf 86' lang='lat' dir='ltr'><strong>deest,</strong></span> 
     </span>
    </p>
   </div>
   <div class='ocr_carea' id='block_1_70' title="bbox 1923 942 3496 1020">
    <p class='ocr_par' dir='ltr' id='par_1_70' title="bbox 1923 942 3496 1020">
     <span class='ocr_line' id='line_1_70' title="bbox 1923 942 3496 1020; baseline 0.007 -23"><span class='ocrx_word' id='word_1_515' title='bbox 1923 942 2027 998; x_wconf 93' lang='lat' dir='ltr'><strong>hoc</strong></span> <span class='ocrx_word' id='word_1_516' title='bbox 2056 946 2172 1000; x_wconf 88' lang='lat' dir='ltr'><strong>velo</strong></span> <span class='ocrx_word' id='word_1_517' title='bbox 2200 947 2469 1016; x_wconf 84' lang='lat' dir='ltr'><strong>obtegunt.</strong></span> <span class='ocrx_word' id='word_1_518' title='bbox 2515 946 2663 1003; x_wconf 84' lang='lat' dir='ltr'><strong>Hanc</strong></span> <span class='ocrx_word' id='word_1_519' title='bbox 2700 948 2769 1002; x_wconf 89' lang='lat' dir='ltr'><strong>ob</strong></span> <span class='ocrx_word' id='word_1_520' title='bbox 2808 964 3023 1004; x_wconf 89' lang='lat' dir='ltr'><strong>causam</strong></span> <span class='ocrx_word' id='word_1_521' title='bbox 3056 950 3212 1020; x_wconf 77' lang='lat' dir='ltr'><strong>igitur</strong></span> <span class='ocrx_word' id='word_1_522' title='bbox 3237 950 3397 1007; x_wconf 82' lang='lat' dir='ltr'><strong>iacies</strong></span> <span class='ocrx_word' id='word_1_523' title='bbox 3433 968 3496 1009; x_wconf 82' lang='lat' dir='ltr'><strong>ac</strong></span> 
     </span>
    </p>
   </div>
   <div class='ocr_carea' id='block_1_71' title="bbox 1924 1037 3497 1114">
    <p class='ocr_par' dir='ltr' id='par_1_71' title="bbox 1924 1037 3497 1114">
     <span class='ocr_line' id='line_1_71' title="bbox 1924 1037 3497 1114; baseline 0.006 -23"><span class='ocrx_word' id='word_1_524' title='bbox 1924 1037 2085 1107; x_wconf 89' lang='lat' dir='ltr'><strong>pedes</strong></span> <span class='ocrx_word' id='word_1_525' title='bbox 2114 1047 2290 1108; x_wconf 86' lang='lat' dir='ltr'><strong>tegere</strong></span> <span class='ocrx_word' id='word_1_526' title='bbox 2318 1040 2582 1095; x_wconf 91' lang='lat' dir='ltr'><strong>dicuntur.</strong></span> <span class='ocrx_word' id='word_1_527' title='bbox 2612 1039 2938 1110; x_wconf 88' lang='lat' dir='ltr'><strong>Quamquam</strong></span> <span class='ocrx_word' id='word_1_528' title='bbox 2958 1049 3040 1097; x_wconf 91' lang='lat' dir='ltr'><strong>est</strong></span> <span class='ocrx_word' id='word_1_529' title='bbox 3058 1052 3110 1098; x_wconf 91' lang='lat' dir='ltr'><strong>et</strong></span> <span class='ocrx_word' id='word_1_530' title='bbox 3129 1044 3229 1097; x_wconf 85' lang='lat' dir='ltr'><strong>alia</strong></span> <span class='ocrx_word' id='word_1_531' title='bbox 3252 1045 3497 1114; x_wconf 68' lang='lat' dir='ltr'><strong>quaedam</strong></span> 
     </span>
    </p>
   </div>
   <div class='ocr_carea' id='block_1_72' title="bbox 1921 1126 3491 1201">
    <p class='ocr_par' dir='ltr' id='par_1_72' title="bbox 1921 1126 3491 1201">
     <span class='ocr_line' id='line_1_72' title="bbox 1921 1126 3491 1201; baseline 0.006 -22"><span class='ocrx_word' id='word_1_532' title='bbox 1921 1126 2089 1196; x_wconf 91' lang='lat' dir='ltr'><strong>magis</strong></span> <span class='ocrx_word' id='word_1_533' title='bbox 2116 1129 2334 1198; x_wconf 87' lang='lat' dir='ltr'><strong>mystica</strong></span> <span class='ocrx_word' id='word_1_534' title='bbox 2360 1129 2648 1199; x_wconf 79' lang='lat' dir='ltr'><strong>Speculatio</strong></span> <span class='ocrx_word' id='word_1_535' title='bbox 2676 1145 2795 1200; x_wconf 70' lang='lat' dir='ltr'><strong>qua:</strong></span> <span class='ocrx_word' id='word_1_536' title='bbox 2820 1130 2958 1185; x_wconf 89' lang='lat' dir='ltr'><strong>circa</strong></span> <span class='ocrx_word' id='word_1_537' title='bbox 2986 1129 3085 1185; x_wconf 91' lang='lat' dir='ltr'><strong>hoc</strong></span> <span class='ocrx_word' id='word_1_538' title='bbox 3106 1133 3491 1201; x_wconf 88' lang='lat' dir='ltr'><strong>consideratur,</strong></span> 
     </span>
    </p>
   </div>
   <div class='ocr_carea' id='block_1_73' title="bbox 1922 1216 3493 1290">
    <p class='ocr_par' dir='ltr' id='par_1_73' title="bbox 1922 1216 3493 1290">
     <span class='ocr_line' id='line_1_73' title="bbox 1922 1216 3493 1290; baseline 0.006 -21"><span class='ocrx_word' id='word_1_539' title='bbox 1922 1230 2027 1270; x_wconf 90' lang='lat' dir='ltr'><strong>non</strong></span> <span class='ocrx_word' id='word_1_540' title='bbox 2056 1216 2195 1286; x_wconf 91' lang='lat' dir='ltr'><strong>quod</strong></span> <span class='ocrx_word' id='word_1_541' title='bbox 2230 1216 2391 1286; x_wconf 87' lang='lat' dir='ltr'><strong>pedes</strong></span> <span class='ocrx_word' id='word_1_542' title='bbox 2417 1234 2479 1273; x_wconf 89' lang='lat' dir='ltr'><strong>ac</strong></span> <span class='ocrx_word' id='word_1_543' title='bbox 2505 1217 2668 1274; x_wconf 86' lang='lat' dir='ltr'><strong>facies</strong></span> <span class='ocrx_word' id='word_1_544' title='bbox 2708 1220 2933 1275; x_wconf 87' lang='lat' dir='ltr'><strong>habeant</strong></span> <span class='ocrx_word' id='word_1_545' title='bbox 2966 1220 3126 1290; x_wconf 90' lang='lat' dir='ltr'><strong>(sunt</strong></span> <span class='ocrx_word' id='word_1_546' title='bbox 3146 1222 3286 1277; x_wconf 86' lang='lat' dir='ltr'><strong>enim</strong></span> <span class='ocrx_word' id='word_1_547' title='bbox 3316 1223 3493 1279; x_wconf 90' lang='lat' dir='ltr'><strong>incor-</strong></span> 
     </span>
    </p>
   </div>
   <div class='ocr_carea' id='block_1_74' title="bbox 1922 1309 3492 1383">
    <p class='ocr_par' dir='ltr' id='par_1_74' title="bbox 1922 1309 3492 1383">
     <span class='ocr_line' id='line_1_74' title="bbox 1922 1309 3492 1383; baseline 0.006 -23"><span class='ocrx_word' id='word_1_548' title='bbox 1922 1320 2081 1375; x_wconf 88' lang='lat' dir='ltr'><strong>porea</strong></span> <span class='ocrx_word' id='word_1_549' title='bbox 2105 1348 2120 1374; x_wconf 94' lang='lat'><strong>,</strong></span> <span class='ocrx_word' id='word_1_550' title='bbox 2166 1309 2605 1378; x_wconf 89' lang='lat' dir='ltr'><strong>quemadmodum</strong></span> <span class='ocrx_word' id='word_1_551' title='bbox 2650 1312 2823 1380; x_wconf 89' lang='lat' dir='ltr'><strong>ipsum</strong></span> <span class='ocrx_word' id='word_1_552' title='bbox 2846 1310 3135 1383; x_wconf 88' lang='lat' dir='ltr'><strong>Numen),</strong></span> <span class='ocrx_word' id='word_1_553' title='bbox 3164 1313 3255 1369; x_wconf 89' lang='lat' dir='ltr'><strong>sed</strong></span> <span class='ocrx_word' id='word_1_554' title='bbox 3296 1323 3355 1369; x_wconf 91' lang='lat' dir='ltr'><strong>ut</strong></span> <span class='ocrx_word' id='word_1_555' title='bbox 3390 1314 3492 1370; x_wconf 91' lang='lat' dir='ltr'><strong>hoc</strong></span> 
     </span>
    </p>
   </div>
   <div class='ocr_carea' id='block_1_75' title="bbox 1921 1396 3493 1473">
    <p class='ocr_par' dir='ltr' id='par_1_75' title="bbox 1921 1396 3493 1473">
     <span class='ocr_line' id='line_1_75' title="bbox 1921 1396 3493 1473; baseline 0.007 -23"><span class='ocrx_word' id='word_1_556' title='bbox 1921 1396 2180 1452; x_wconf 91' lang='lat' dir='ltr'><strong>humanus</strong></span> <span class='ocrx_word' id='word_1_557' title='bbox 2204 1413 2381 1454; x_wconf 84' lang='lat' dir='ltr'><strong>sermo</strong></span> <span class='ocrx_word' id='word_1_558' title='bbox 2400 1401 2632 1456; x_wconf 90' lang='lat' dir='ltr'><strong>declaret</strong></span> <span class='ocrx_word' id='word_1_559' title='bbox 2650 1416 2712 1457; x_wconf 89' lang='lat' dir='ltr'><strong>ea</strong></span> <span class='ocrx_word' id='word_1_560' title='bbox 2738 1402 2967 1473; x_wconf 90' lang='lat' dir='ltr'><strong>undique</strong></span> <span class='ocrx_word' id='word_1_561' title='bbox 2993 1414 3135 1459; x_wconf 90' lang='lat' dir='ltr'><strong>metu</strong></span> <span class='ocrx_word' id='word_1_562' title='bbox 3162 1419 3223 1460; x_wconf 89' lang='lat' dir='ltr'><strong>ac</strong></span> <span class='ocrx_word' id='word_1_563' title='bbox 3247 1420 3493 1463; x_wconf 87' lang='lat' dir='ltr'><strong>reveren-</strong></span> 
     </span>
    </p>
   </div>
   <div class='ocr_carea' id='block_1_76' title="bbox 1921 1486 3492 1566">
    <p class='ocr_par' dir='ltr' id='par_1_76' title="bbox 1921 1486 3492 1566">
     <span class='ocr_line' id='line_1_76' title="bbox 1921 1486 3492 1566; baseline 0.008 -27"><span class='ocrx_word' id='word_1_564' title='bbox 1921 1486 1989 1539; x_wconf 92' lang='lat' dir='ltr'><strong>tia</strong></span> <span class='ocrx_word' id='word_1_565' title='bbox 2029 1487 2215 1543; x_wconf 83' lang='lat' dir='ltr'><strong>aﬂ&#39;ecta</strong></span> <span class='ocrx_word' id='word_1_566' title='bbox 2256 1488 2457 1544; x_wconf 89' lang='lat' dir='ltr'><strong>servire</strong></span> <span class='ocrx_word' id='word_1_567' title='bbox 2496 1490 2738 1546; x_wconf 90' lang='lat' dir='ltr'><strong>Domino.</strong></span> <span class='ocrx_word' id='word_1_568' title='bbox 2784 1492 2872 1547; x_wconf 90' lang='lat' dir='ltr'><strong>Sic</strong></span> <span class='ocrx_word' id='word_1_569' title='bbox 2907 1502 3118 1562; x_wconf 81' lang='lat' dir='ltr'><strong>oportet</strong></span> <span class='ocrx_word' id='word_1_570' title='bbox 3157 1509 3254 1549; x_wconf 92' lang='lat' dir='ltr'><strong>nos</strong></span> <span class='ocrx_word' id='word_1_571' title='bbox 3282 1511 3492 1566; x_wconf 84' lang='lat' dir='ltr'><strong>quoque</strong></span> 
     </span>
    </p>
   </div>
   <div class='ocr_carea' id='block_1_77' title="bbox 1917 1578 3489 1652">
    <p class='ocr_par' dir='ltr' id='par_1_77' title="bbox 1917 1578 3489 1652">
     <span class='ocr_line' id='line_1_77' title="bbox 1917 1578 3489 1652; baseline 0.008 -22"><span class='ocrx_word' id='word_1_572' title='bbox 1917 1578 2166 1634; x_wconf 87' lang='lat' dir='ltr'><strong>assistere</strong></span> <span class='ocrx_word' id='word_1_573' title='bbox 2186 1620 2201 1644; x_wconf 95' lang='lat'><strong>,</strong></span> <span class='ocrx_word' id='word_1_574' title='bbox 2233 1580 2390 1634; x_wconf 89' lang='lat' dir='ltr'><strong>talem</strong></span> <span class='ocrx_word' id='word_1_575' title='bbox 2422 1581 2528 1637; x_wconf 90' lang='lat' dir='ltr'><strong>Deo</strong></span> <span class='ocrx_word' id='word_1_576' title='bbox 2556 1582 2994 1652; x_wconf 83' lang='lat' dir='ltr'><strong>gloriﬁcationem</strong></span> <span class='ocrx_word' id='word_1_577' title='bbox 3025 1585 3306 1642; x_wconf 75' lang='lat' dir='ltr'><strong>otierentes</strong></span> <span class='ocrx_word' id='word_1_578' title='bbox 3326 1627 3342 1652; x_wconf 97' lang='lat'><strong>,</strong></span> <span class='ocrx_word' id='word_1_579' title='bbox 3374 1603 3489 1643; x_wconf 80' lang='lat' dir='ltr'><strong>me-</strong></span> 
     </span>
    </p>
   </div>
   <div class='ocr_carea' id='block_1_78' title="bbox 1918 1673 3490 1744">
    <p class='ocr_par' dir='ltr' id='par_1_78' title="bbox 1918 1673 3490 1744">
     <span class='ocr_line' id='line_1_78' title="bbox 1918 1673 3490 1744; baseline 0.006 -24"><span class='ocrx_word' id='word_1_580' title='bbox 1918 1674 2124 1722; x_wconf 87' lang='lat' dir='ltr'><strong>tuentes</strong></span> <span class='ocrx_word' id='word_1_581' title='bbox 2171 1682 2234 1723; x_wconf 88' lang='lat' dir='ltr'><strong>ac</strong></span> <span class='ocrx_word' id='word_1_582' title='bbox 2262 1676 2571 1734; x_wconf 83' lang='lat' dir='ltr'><strong>trementes,</strong></span> <span class='ocrx_word' id='word_1_583' title='bbox 2599 1686 2661 1725; x_wconf 90' lang='lat' dir='ltr'><strong>ac</strong></span> <span class='ocrx_word' id='word_1_584' title='bbox 2683 1678 2949 1739; x_wconf 80' lang='lat' dir='ltr'><strong>tamquam</strong></span> <span class='ocrx_word' id='word_1_585' title='bbox 2972 1673 3118 1727; x_wconf 90' lang='lat' dir='ltr'><strong>illum</strong></span> <span class='ocrx_word' id='word_1_586' title='bbox 3143 1674 3313 1744; x_wconf 91' lang='lat' dir='ltr'><strong>ipsum</strong></span> <span class='ocrx_word' id='word_1_587' title='bbox 3340 1690 3490 1731; x_wconf 81' lang='lat' dir='ltr'><strong>men-</strong></span> 
     </span>
    </p>
   </div>
   <div class='ocr_carea' id='block_1_79' title="bbox 1919 1756 3490 1834">
    <p class='ocr_par' dir='ltr' id='par_1_79' title="bbox 1919 1756 3490 1834">
     <span class='ocr_line' id='line_1_79' title="bbox 1919 1756 3490 1834; baseline 0.007 -24"><span class='ocrx_word' id='word_1_588' title='bbox 1919 1756 1984 1810; x_wconf 91' lang='lat' dir='ltr'><strong>tis</strong></span> <span class='ocrx_word' id='word_1_589' title='bbox 2012 1757 2180 1812; x_wconf 91' lang='lat' dir='ltr'><strong>oculis</strong></span> <span class='ocrx_word' id='word_1_590' title='bbox 2207 1758 2488 1814; x_wconf 88' lang='lat' dir='ltr'><strong>intuentes.</strong></span> <span class='ocrx_word' id='word_1_591' title='bbox 2521 1760 2684 1815; x_wconf 82' lang='lat' dir='ltr'><strong>Adest</strong></span> <span class='ocrx_word' id='word_1_592' title='bbox 2709 1759 2849 1815; x_wconf 87' lang='lat' dir='ltr'><strong>enim</strong></span> <span class='ocrx_word' id='word_1_593' title='bbox 2876 1760 2961 1817; x_wconf 92' lang='lat' dir='ltr'><strong>hic</strong></span> <span class='ocrx_word' id='word_1_594' title='bbox 2988 1763 3203 1818; x_wconf 88' lang='lat' dir='ltr'><strong>omnino</strong></span> <span class='ocrx_word' id='word_1_595' title='bbox 3227 1766 3316 1834; x_wconf 90' lang='lat' dir='ltr'><strong>qui</strong></span> <span class='ocrx_word' id='word_1_596' title='bbox 3343 1767 3490 1821; x_wconf 92' lang='lat' dir='ltr'><strong>nullo</strong></span> 
     </span>
    </p>
   </div>
   <div class='ocr_carea' id='block_1_80' title="bbox 1916 1845 3489 1919">
    <p class='ocr_par' dir='ltr' id='par_1_80' title="bbox 1916 1845 3489 1919">
     <span class='ocr_line' id='line_1_80' title="bbox 1916 1845 3489 1919; baseline 0.007 -19"><span class='ocrx_word' id='word_1_597' title='bbox 1916 1845 2032 1900; x_wconf 91' lang='lat' dir='ltr'><strong>loco</strong></span> <span class='ocrx_word' id='word_1_598' title='bbox 2056 1847 2539 1911; x_wconf 89' lang='lat' dir='ltr'><strong>circumscribitur,</strong></span> <span class='ocrx_word' id='word_1_599' title='bbox 2576 1863 2837 1919; x_wconf 82' lang='lat' dir='ltr'><strong>vocesque</strong></span> <span class='ocrx_word' id='word_1_600' title='bbox 2864 1859 3069 1907; x_wconf 89' lang='lat' dir='ltr'><strong>nostras</strong></span> <span class='ocrx_word' id='word_1_601' title='bbox 3103 1861 3364 1908; x_wconf 89' lang='lat' dir='ltr'><strong>recenset.</strong></span> <span class='ocrx_word' id='word_1_602' title='bbox 3397 1853 3489 1911; x_wconf 90' lang='lat' dir='ltr'><strong>Sic</strong></span> 
     </span>
    </p>
   </div>
   <div class='ocr_carea' id='block_1_81' title="bbox 1916 1935 3489 2011">
    <p class='ocr_par' dir='ltr' id='par_1_81' title="bbox 1916 1935 3489 2011">
     <span class='ocr_line' id='line_1_81' title="bbox 1916 1935 3489 2011; baseline 0.006 -22"><span class='ocrx_word' id='word_1_603' title='bbox 1916 1935 2074 2005; x_wconf 86' lang='lat' dir='ltr'><strong>igitur</strong></span> <span class='ocrx_word' id='word_1_604' title='bbox 2091 1938 2319 1991; x_wconf 89' lang='lat' dir='ltr'><strong>contrito</strong></span> <span class='ocrx_word' id='word_1_605' title='bbox 2337 1946 2391 1992; x_wconf 91' lang='lat' dir='ltr'><strong>et</strong></span> <span class='ocrx_word' id='word_1_606' title='bbox 2413 1937 2689 1992; x_wconf 88' lang='lat' dir='ltr'><strong>humiliato</strong></span> <span class='ocrx_word' id='word_1_607' title='bbox 2707 1936 2869 1994; x_wconf 91' lang='lat' dir='ltr'><strong>corde</strong></span> <span class='ocrx_word' id='word_1_608' title='bbox 2889 1938 3095 1995; x_wconf 90' lang='lat' dir='ltr'><strong>laudem</strong></span> <span class='ocrx_word' id='word_1_609' title='bbox 3116 1940 3489 2011; x_wconf 86' lang='lat' dir='ltr'><strong>depromentes</strong></span> 
     </span>
    </p>
   </div>
   <div class='ocr_carea' id='block_1_82' title="bbox 1915 2024 3487 2095">
    <p class='ocr_par' dir='ltr' id='par_1_82' title="bbox 1915 2024 3487 2095">
     <span class='ocr_line' id='line_1_82' title="bbox 1915 2024 3487 2095; baseline 0.008 -18"><span class='ocrx_word' id='word_1_610' title='bbox 1915 2024 2198 2079; x_wconf 85' lang='lat' dir='ltr'><strong>reddamus</strong></span> <span class='ocrx_word' id='word_1_611' title='bbox 2222 2040 2337 2079; x_wconf 85' lang='lat' dir='ltr'><strong>eam</strong></span> <span class='ocrx_word' id='word_1_612' title='bbox 2358 2036 2653 2095; x_wconf 88' lang='lat' dir='ltr'><strong>acceptam,</strong></span> <span class='ocrx_word' id='word_1_613' title='bbox 2676 2038 2731 2082; x_wconf 91' lang='lat' dir='ltr'><strong>et</strong></span> <span class='ocrx_word' id='word_1_614' title='bbox 2751 2028 2897 2082; x_wconf 91' lang='lat' dir='ltr'><strong>velut</strong></span> <span class='ocrx_word' id='word_1_615' title='bbox 2923 2028 3193 2085; x_wconf 90' lang='lat' dir='ltr'><strong>incensum</strong></span> <span class='ocrx_word' id='word_1_616' title='bbox 3216 2031 3338 2087; x_wconf 93' lang='lat' dir='ltr'><strong>boni</strong></span> <span class='ocrx_word' id='word_1_617' title='bbox 3358 2033 3487 2089; x_wconf 89' lang='lat' dir='ltr'><strong>odo-</strong></span> 
     </span>
    </p>
   </div>
   <div class='ocr_carea' id='block_1_83' title="bbox 1914 2113 3486 2188">
    <p class='ocr_par' dir='ltr' id='par_1_83' title="bbox 1914 2113 3486 2188">
     <span class='ocr_line' id='line_1_83' title="bbox 1914 2113 3486 2188; baseline 0.004 -21"><span class='ocrx_word' id='word_1_618' title='bbox 1914 2113 1988 2167; x_wconf 90' lang='lat' dir='ltr'><strong>ris</strong></span> <span class='ocrx_word' id='word_1_619' title='bbox 2013 2114 2078 2168; x_wconf 92' lang='lat' dir='ltr'><strong>ad</strong></span> <span class='ocrx_word' id='word_1_620' title='bbox 2107 2114 2293 2168; x_wconf 68' lang='lat' dir='ltr'><strong>caelum</strong></span> <span class='ocrx_word' id='word_1_621' title='bbox 2325 2117 2613 2169; x_wconf 83' lang='lat' dir='ltr'><strong>mittamus.</strong></span> <span class='ocrx_word' id='word_1_622' title='bbox 2643 2113 2744 2170; x_wconf 87' lang='lat' dir='ltr'><strong>Cor</strong></span> <span class='ocrx_word' id='word_1_623' title='bbox 2781 2117 2922 2171; x_wconf 89' lang='lat' dir='ltr'><strong>enim</strong></span> <span class='ocrx_word' id='word_1_624' title='bbox 2942 2158 2958 2183; x_wconf 93' lang='lat'><strong>,</strong></span> <span class='ocrx_word' id='word_1_625' title='bbox 2987 2117 3153 2188; x_wconf 89' lang='lat' dir='ltr'><strong>inquit</strong></span> <span class='ocrx_word' id='word_1_626' title='bbox 3178 2160 3192 2183; x_wconf 94' lang='lat'><strong>,</strong></span> <span class='ocrx_word' id='word_1_627' title='bbox 3222 2122 3486 2175; x_wconf 78' lang='lat' dir='ltr'><strong>contritum</strong></span> 
     </span>
    </p>
   </div>
   <div class='ocr_carea' id='block_1_84' title="bbox 1914 2203 3485 2280">
    <p class='ocr_par' dir='ltr' id='par_1_84' title="bbox 1914 2203 3485 2280">
     <span class='ocr_line' id='line_1_84' title="bbox 1914 2203 3485 2280; baseline 0.007 -23"><span class='ocrx_word' id='word_1_628' title='bbox 1914 2212 1960 2257; x_wconf 84' lang='lat' dir='ltr'><strong>et</strong></span> <span class='ocrx_word' id='word_1_629' title='bbox 1987 2203 2302 2258; x_wconf 81' lang='lat' dir='ltr'><strong>humiliatum</strong></span> <span class='ocrx_word' id='word_1_630' title='bbox 2331 2204 2463 2261; x_wconf 83' lang='lat' dir='ltr'><strong>Deus</strong></span> <span class='ocrx_word' id='word_1_631' title='bbox 2488 2222 2587 2260; x_wconf 88' lang='lat' dir='ltr'><strong>non</strong></span> <span class='ocrx_word' id='word_1_632' title='bbox 2617 2206 2851 2276; x_wconf 84' lang='lat' dir='ltr'><strong>despiciet</strong></span> <span class='ocrx_word' id='word_1_633' title='bbox 2876 2207 2895 2276; x_wconf 97' lang='lat'>(</span> <span class='ocrx_word' id='word_1_634' title='bbox 2922 2206 3064 2263; x_wconf 84' lang='lat' dir='ltr'><strong>Psal.</strong></span> <span class='ocrx_word' id='word_1_635' title='bbox 3095 2209 3182 2265; x_wconf 82' lang='lat'><strong>50.</strong></span> <span class='ocrx_word' id='word_1_636' title='bbox 3215 2210 3283 2266; x_wconf 79' lang='lat' dir='ltr'><strong>i9</strong></span> <span class='ocrx_word' id='word_1_637' title='bbox 3306 2211 3343 2280; x_wconf 93' lang='lat'><strong>).</strong></span> <span class='ocrx_word' id='word_1_638' title='bbox 3379 2211 3485 2267; x_wconf 71' lang='grc' dir='ltr'><strong>νε-</strong></span> 
     </span>
    </p>
   </div>
   <div class='ocr_carea' id='block_1_85' title="bbox 1913 2295 3484 2373">
    <p class='ocr_par' dir='ltr' id='par_1_85' title="bbox 1913 2295 3484 2373">
     <span class='ocr_line' id='line_1_85' title="bbox 1913 2295 3484 2373; baseline 0.007 -26"><span class='ocrx_word' id='word_1_639' title='bbox 1913 2310 2031 2348; x_wconf 91' lang='lat' dir='ltr'><strong>rum</strong></span> <span class='ocrx_word' id='word_1_640' title='bbox 2058 2296 2311 2365; x_wconf 82' lang='lat' dir='ltr'><strong>prapheta</strong></span> <span class='ocrx_word' id='word_1_641' title='bbox 2332 2336 2347 2362; x_wconf 94' lang='lat'><strong>,</strong></span> <span class='ocrx_word' id='word_1_642' title='bbox 2378 2296 2553 2365; x_wconf 90' lang='lat' dir='ltr'><strong>inquis</strong></span> <span class='ocrx_word' id='word_1_643' title='bbox 2572 2338 2589 2364; x_wconf 92' lang='lat'><strong>,</strong></span> <span class='ocrx_word' id='word_1_644' title='bbox 2618 2295 2927 2352; x_wconf 71' lang='lat' dir='ltr'><strong>exhortatur</strong></span> <span class='ocrx_word' id='word_1_645' title='bbox 2955 2307 3013 2354; x_wconf 94' lang='lat' dir='ltr'><strong>ut</strong></span> <span class='ocrx_word' id='word_1_646' title='bbox 3035 2312 3155 2355; x_wconf 92' lang='lat' dir='ltr'><strong>cum</strong></span> <span class='ocrx_word' id='word_1_647' title='bbox 3178 2300 3345 2369; x_wconf 90' lang='lat' dir='ltr'><strong>jubilo</strong></span> <span class='ocrx_word' id='word_1_648' title='bbox 3366 2302 3484 2373; x_wconf 87' lang='lat' dir='ltr'><strong>glo-</strong></span> 
     </span>
    </p>
   </div>
   <div class='ocr_carea' id='block_1_86' title="bbox 1912 2383 3485 2459">
    <p class='ocr_par' dir='ltr' id='par_1_86' title="bbox 1912 2383 3485 2459">
     <span class='ocr_line' id='line_1_86' title="bbox 1912 2383 3485 2459; baseline 0.005 -22"><span class='ocrx_word' id='word_1_649' title='bbox 1912 2383 2263 2441; x_wconf 88' lang='lat' dir='ltr'><strong>riﬁcationem</strong></span> <span class='ocrx_word' id='word_1_650' title='bbox 2295 2401 2609 2455; x_wconf 80' lang='lat' dir='ltr'><strong>peragamus</strong></span> <span class='ocrx_word' id='word_1_651' title='bbox 2650 2405 2664 2442; x_wconf 92' lang='lat'><strong>:</strong></span> <span class='ocrx_word' id='word_1_652' title='bbox 2707 2386 2967 2456; x_wconf 79' lang='lat' dir='ltr'><strong>Jubilale,</strong></span> <span class='ocrx_word' id='word_1_653' title='bbox 3019 2389 3181 2459; x_wconf 89' lang='lat' dir='ltr'><strong>inquit</strong></span> <span class='ocrx_word' id='word_1_654' title='bbox 3205 2390 3485 2457; x_wconf 83' lang='lat' dir='ltr'><strong>,Domina,</strong></span> 
     </span>
    </p>
   </div>
   <div class='ocr_carea' id='block_1_87' title="bbox 1912 2474 3482 2549">
    <p class='ocr_par' dir='ltr' id='par_1_87' title="bbox 1912 2474 3482 2549">
     <span class='ocr_line' id='line_1_87' title="bbox 1912 2474 3482 2549; baseline 0.005 -23"><span class='ocrx_word' id='word_1_655' title='bbox 1912 2474 2073 2527; x_wconf 67' lang='lat' dir='ltr'><strong>annuis</strong></span> <span class='ocrx_word' id='word_1_656' title='bbox 2099 2484 2231 2528; x_wconf 86' lang='lat' dir='ltr'><strong>terra</strong></span> <span class='ocrx_word' id='word_1_657' title='bbox 2254 2478 2271 2541; x_wconf 94' lang='lat'><strong>(</strong></span> <span class='ocrx_word' id='word_1_658' title='bbox 2294 2475 2436 2528; x_wconf 82' lang='lat' dir='ltr'><strong>Psal.</strong></span> <span class='ocrx_word' id='word_1_659' title='bbox 2466 2474 2554 2530; x_wconf 83' lang='lat'><strong>65.</strong></span> <span class='ocrx_word' id='word_1_660' title='bbox 2589 2476 2675 2546; x_wconf 77' lang='lat' dir='ltr'><strong>i).</strong></span> <span class='ocrx_word' id='word_1_661' title='bbox 2724 2478 2793 2531; x_wconf 81' lang='lat' dir='ltr'><strong>At</strong></span> <span class='ocrx_word' id='word_1_662' title='bbox 2821 2492 2992 2547; x_wconf 90' lang='lat' dir='ltr'><strong>neque</strong></span> <span class='ocrx_word' id='word_1_663' title='bbox 3023 2492 3118 2533; x_wconf 88' lang='lat' dir='ltr'><strong>nos</strong></span> <span class='ocrx_word' id='word_1_664' title='bbox 3148 2480 3305 2534; x_wconf 89' lang='lat' dir='ltr'><strong>talem</strong></span> <span class='ocrx_word' id='word_1_665' title='bbox 3341 2480 3482 2549; x_wconf 83' lang='lat' dir='ltr'><strong>jubi-</strong></span> 
     </span>
    </p>
   </div>
   <div class='ocr_carea' id='block_1_88' title="bbox 1910 2564 3484 2638">
    <p class='ocr_par' dir='ltr' id='par_1_88' title="bbox 1910 2564 3484 2638">
     <span class='ocr_line' id='line_1_88' title="bbox 1910 2564 3484 2638; baseline 0.003 -19"><span class='ocrx_word' id='word_1_666' title='bbox 1910 2564 2158 2620; x_wconf 87' lang='lat' dir='ltr'><strong>lationem</strong></span> <span class='ocrx_word' id='word_1_667' title='bbox 2193 2566 2535 2636; x_wconf 90' lang='lat' dir='ltr'><strong>prohibemus</strong></span> <span class='ocrx_word' id='word_1_668' title='bbox 2559 2608 2573 2632; x_wconf 94' lang='lat'><strong>,</strong></span> <span class='ocrx_word' id='word_1_669' title='bbox 2616 2566 2710 2622; x_wconf 90' lang='lat' dir='ltr'><strong>sed</strong></span> <span class='ocrx_word' id='word_1_670' title='bbox 2752 2581 2935 2623; x_wconf 87' lang='lat' dir='ltr'><strong>vocem</strong></span> <span class='ocrx_word' id='word_1_671' title='bbox 2977 2568 3314 2638; x_wconf 89' lang='lat' dir='ltr'><strong>prohibemus</strong></span> <span class='ocrx_word' id='word_1_672' title='bbox 3352 2570 3484 2625; x_wconf 84' lang='lat' dir='ltr'><strong>nihil</strong></span> 
     </span>
    </p>
   </div>
   <div class='ocr_carea' id='block_1_89' title="bbox 1909 2655 3482 2727">
    <p class='ocr_par' dir='ltr' id='par_1_89' title="bbox 1909 2655 3482 2727">
     <span class='ocr_line' id='line_1_89' title="bbox 1909 2655 3482 2727; baseline 0.006 -19"><span class='ocrx_word' id='word_1_673' title='bbox 1909 2655 2289 2725; x_wconf 83' lang='lat' dir='ltr'><strong>significantem</strong></span> <span class='ocrx_word' id='word_1_674' title='bbox 2314 2673 2329 2719; x_wconf 88' lang='lat'><strong>;</strong></span> <span class='ocrx_word' id='word_1_675' title='bbox 2373 2671 2543 2727; x_wconf 89' lang='lat' dir='ltr'><strong>neque</strong></span> <span class='ocrx_word' id='word_1_676' title='bbox 2573 2656 2911 2726; x_wconf 90' lang='lat' dir='ltr'><strong>prohibemus</strong></span> <span class='ocrx_word' id='word_1_677' title='bbox 2937 2672 3119 2713; x_wconf 89' lang='lat' dir='ltr'><strong>vocem</strong></span> <span class='ocrx_word' id='word_1_678' title='bbox 3149 2659 3319 2716; x_wconf 85' lang='lat' dir='ltr'><strong>laudis</strong></span> <span class='ocrx_word' id='word_1_679' title='bbox 3341 2702 3355 2725; x_wconf 91' lang='lat'><strong>,</strong></span> <span class='ocrx_word' id='word_1_680' title='bbox 3387 2662 3482 2717; x_wconf 83' lang='lat' dir='ltr'><strong>sed</strong></span> 
     </span>
    </p>
   </div>
   <div class='ocr_carea' id='block_1_90' title="bbox 1910 2746 3483 2814">
    <p class='ocr_par' dir='ltr' id='par_1_90' title="bbox 1910 2746 3483 2814">
     <span class='ocr_line' id='line_1_90' title="bbox 1910 2746 3483 2814; baseline 0.006 -15"><span class='ocrx_word' id='word_1_681' title='bbox 1910 2761 2093 2801; x_wconf 87' lang='lat' dir='ltr'><strong>vocem</strong></span> <span class='ocrx_word' id='word_1_682' title='bbox 2118 2746 2458 2802; x_wconf 85' lang='lat' dir='ltr'><strong>absurditatis</strong></span> <span class='ocrx_word' id='word_1_683' title='bbox 2480 2757 2535 2803; x_wconf 90' lang='lat' dir='ltr'><strong>et</strong></span> <span class='ocrx_word' id='word_1_684' title='bbox 2558 2747 2896 2814; x_wconf 89' lang='lat' dir='ltr'><strong>inconditam,</strong></span> <span class='ocrx_word' id='word_1_685' title='bbox 2919 2764 2981 2805; x_wconf 91' lang='lat' dir='ltr'><strong>ac</strong></span> <span class='ocrx_word' id='word_1_686' title='bbox 3002 2758 3210 2807; x_wconf 91' lang='lat' dir='ltr'><strong>mutuas</strong></span> <span class='ocrx_word' id='word_1_687' title='bbox 3231 2754 3368 2807; x_wconf 91' lang='lat' dir='ltr'><strong>inter</strong></span> <span class='ocrx_word' id='word_1_688' title='bbox 3388 2767 3483 2809; x_wconf 90' lang='lat' dir='ltr'><strong>vos</strong></span> 
     </span>
    </p>
   </div>
   <div class='ocr_carea' id='block_1_91' title="bbox 1909 2837 3482 2910">
    <p class='ocr_par' dir='ltr' id='par_1_91' title="bbox 1909 2837 3482 2910">
     <span class='ocr_line' id='line_1_91' title="bbox 1909 2837 3482 2910; baseline 0.005 -19"><span class='ocrx_word' id='word_1_689' title='bbox 1909 2837 2276 2891; x_wconf 90' lang='lat' dir='ltr'><strong>contentiones</strong></span> <span class='ocrx_word' id='word_1_690' title='bbox 2292 2876 2308 2903; x_wconf 90' lang='lat'><strong>,</strong></span> <span class='ocrx_word' id='word_1_691' title='bbox 2336 2852 2523 2892; x_wconf 90' lang='lat' dir='ltr'><strong>manus</strong></span> <span class='ocrx_word' id='word_1_692' title='bbox 2553 2837 2818 2893; x_wconf 88' lang='lat' dir='ltr'><strong>incassum</strong></span> <span class='ocrx_word' id='word_1_693' title='bbox 2842 2847 3147 2910; x_wconf 84' lang='lat' dir='ltr'><strong>tetnereque</strong></span> <span class='ocrx_word' id='word_1_694' title='bbox 3168 2841 3400 2897; x_wconf 86' lang='lat' dir='ltr'><strong>sublatas</strong></span> <span class='ocrx_word' id='word_1_695' title='bbox 3426 2844 3482 2900; x_wconf 92' lang='lat' dir='ltr'><strong>in</strong></span> 
     </span>
    </p>
   </div>
   <div class='ocr_carea' id='block_1_92' title="bbox 1908 2927 3484 3005">
    <p class='ocr_par' dir='ltr' id='par_1_92' title="bbox 1908 2927 3484 3005">
     <span class='ocr_line' id='line_1_92' title="bbox 1908 2927 3484 3005; baseline 0.004 -23"><span class='ocrx_word' id='word_1_696' title='bbox 1908 2942 2104 2993; x_wconf 87' lang='lat' dir='ltr'><strong>aerem,</strong></span> <span class='ocrx_word' id='word_1_697' title='bbox 2124 2927 2285 2997; x_wconf 88' lang='lat' dir='ltr'><strong>pedes</strong></span> <span class='ocrx_word' id='word_1_698' title='bbox 2301 2927 2730 2998; x_wconf 85' lang='lat' dir='ltr'><strong>supplaudeutes,</strong></span> <span class='ocrx_word' id='word_1_699' title='bbox 2747 2929 3028 2986; x_wconf 91' lang='lat' dir='ltr'><strong>indecoros</strong></span> <span class='ocrx_word' id='word_1_700' title='bbox 3049 2931 3484 3005; x_wconf 81' lang='lat' dir='ltr'><strong>eﬁ‘eminatosque</strong></span> 
     </span>
    </p>
   </div>
   <div class='ocr_carea' id='block_1_93' title="bbox 1910 3019 3483 3090">
    <p class='ocr_par' dir='ltr' id='par_1_93' title="bbox 1910 3019 3483 3090">
     <span class='ocr_line' id='line_1_93' title="bbox 1910 3019 3483 3090; baseline 0.007 -19"><span class='ocrx_word' id='word_1_701' title='bbox 1910 3033 2105 3085; x_wconf 85' lang='lat' dir='ltr'><strong>mores,</strong></span> <span class='ocrx_word' id='word_1_702' title='bbox 2131 3034 2251 3088; x_wconf 66' lang='lat' dir='ltr'><strong>quae</strong></span> <span class='ocrx_word' id='word_1_703' title='bbox 2276 3026 2400 3073; x_wconf 90' lang='lat' dir='ltr'><strong>sunt</strong></span> <span class='ocrx_word' id='word_1_704' title='bbox 2419 3033 2627 3088; x_wconf 89' lang='lat' dir='ltr'><strong>eorum,</strong></span> <span class='ocrx_word' id='word_1_705' title='bbox 2651 3020 2739 3090; x_wconf 94' lang='lat' dir='ltr'><strong>qui</strong></span> <span class='ocrx_word' id='word_1_706' title='bbox 2760 3019 2814 3075; x_wconf 92' lang='lat' dir='ltr'><strong>in</strong></span> <span class='ocrx_word' id='word_1_707' title='bbox 2838 3020 3057 3077; x_wconf 87' lang='lat' dir='ltr'><strong>theatris</strong></span> <span class='ocrx_word' id='word_1_708' title='bbox 3076 3037 3138 3078; x_wconf 88' lang='lat' dir='ltr'><strong>ac</strong></span> <span class='ocrx_word' id='word_1_709' title='bbox 3157 3024 3483 3082; x_wconf 87' lang='lat' dir='ltr'><strong>circensibus</strong></span> 
     </span>
    </p>
   </div>
   <div class='ocr_carea' id='block_1_94' title="bbox 1907 3110 3483 3184">
    <p class='ocr_par' dir='ltr' id='par_1_94' title="bbox 1907 3110 3483 3184">
     <span class='ocr_line' id='line_1_94' title="bbox 1907 3110 3483 3184; baseline 0.004 -19"><span class='ocrx_word' id='word_1_710' title='bbox 1907 3111 2046 3165; x_wconf 82' lang='lat' dir='ltr'><strong>ludis</strong></span> <span class='ocrx_word' id='word_1_711' title='bbox 2074 3120 2369 3176; x_wconf 87' lang='lat' dir='ltr'><strong>versantur,</strong></span> <span class='ocrx_word' id='word_1_712' title='bbox 2401 3110 2625 3166; x_wconf 89' lang='lat' dir='ltr'><strong>ludicra.</strong></span> <span class='ocrx_word' id='word_1_713' title='bbox 2662 3111 2813 3167; x_wconf 84' lang='lat' dir='ltr'><strong>Illinc</strong></span> <span class='ocrx_word' id='word_1_714' title='bbox 2837 3113 2989 3167; x_wconf 90' lang='lat' dir='ltr'><strong>nobis</strong></span> <span class='ocrx_word' id='word_1_715' title='bbox 3016 3115 3308 3184; x_wconf 86' lang='lat' dir='ltr'><strong>perniciosa</strong></span> <span class='ocrx_word' id='word_1_716' title='bbox 3333 3116 3483 3173; x_wconf 84' lang='lat' dir='ltr'><strong>inve-</strong></span> 
     </span>
    </p>
   </div>
   <div class='ocr_carea' id='block_1_95' title="bbox 1907 3202 3478 3278">
    <p class='ocr_par' dir='ltr' id='par_1_95' title="bbox 1907 3202 3478 3278">
     <span class='ocr_line' id='line_1_95' title="bbox 1907 3202 3478 3278; baseline 0.006 -22"><span class='ocrx_word' id='word_1_717' title='bbox 1907 3202 2102 3256; x_wconf 88' lang='lat' dir='ltr'><strong>huntur</strong></span> <span class='ocrx_word' id='word_1_718' title='bbox 2129 3202 2388 3272; x_wconf 87' lang='lat' dir='ltr'><strong>exempla,</strong></span> <span class='ocrx_word' id='word_1_719' title='bbox 2420 3202 2567 3259; x_wconf 88' lang='lat' dir='ltr'><strong>illinc</strong></span> <span class='ocrx_word' id='word_1_720' title='bbox 2591 3202 2900 3275; x_wconf 70' lang='lat' dir='ltr'><strong>irreligiosa:</strong></span> <span class='ocrx_word' id='word_1_721' title='bbox 2924 3205 3270 3278; x_wconf 88' lang='lat' dir='ltr'><strong>vulgaresque</strong></span> <span class='ocrx_word' id='word_1_722' title='bbox 3299 3224 3478 3276; x_wconf 89' lang='lat' dir='ltr'><strong>voces,</strong></span> 
     </span>
    </p>
   </div>
   <div class='ocr_carea' id='block_1_96' title="bbox 1908 3292 3478 3369">
    <p class='ocr_par' dir='ltr' id='par_1_96' title="bbox 1908 3292 3478 3369">
     <span class='ocr_line' id='line_1_96' title="bbox 1908 3292 3478 3369; baseline 0.006 -23"><span class='ocrx_word' id='word_1_723' title='bbox 1908 3292 2053 3347; x_wconf 91' lang='lat' dir='ltr'><strong>illinc</strong></span> <span class='ocrx_word' id='word_1_724' title='bbox 2078 3308 2328 3348; x_wconf 90' lang='lat' dir='ltr'><strong>manuum</strong></span> <span class='ocrx_word' id='word_1_725' title='bbox 2361 3293 2553 3363; x_wconf 66' lang='lat' dir='ltr'><strong>inepta:</strong></span> <span class='ocrx_word' id='word_1_726' title='bbox 2581 3294 3009 3364; x_wconf 87' lang='lat' dir='ltr'><strong>gesticulationes</strong></span> <span class='ocrx_word' id='word_1_727' title='bbox 3029 3338 3045 3364; x_wconf 90' lang='lat'><strong>,</strong></span> <span class='ocrx_word' id='word_1_728' title='bbox 3077 3299 3439 3356; x_wconf 81' lang='lat' dir='ltr'><strong>contentiones</strong></span> <span class='ocrx_word' id='word_1_729' title='bbox 3460 3340 3478 3369; x_wconf 93' lang='lat'><strong>,</strong></span> 
     </span>
    </p>
   </div>
   <div class='ocr_carea' id='block_1_97' title="bbox 1907 3385 3032 3457">
    <p class='ocr_par' dir='ltr' id='par_1_97' title="bbox 1907 3385 3032 3457">
     <span class='ocr_line' id='line_1_97' title="bbox 1907 3385 3032 3457; baseline 0.003 -18"><span class='ocrx_word' id='word_1_730' title='bbox 1907 3385 2325 3440; x_wconf 89' lang='lat' dir='ltr'><strong>concertationes</strong></span> <span class='ocrx_word' id='word_1_731' title='bbox 2345 3425 2360 3450; x_wconf 93' lang='lat'><strong>,</strong></span> <span class='ocrx_word' id='word_1_732' title='bbox 2388 3399 2449 3440; x_wconf 92' lang='lat' dir='ltr'><strong>ac</strong></span> <span class='ocrx_word' id='word_1_733' title='bbox 2474 3398 2653 3442; x_wconf 86' lang='lat' dir='ltr'><strong>mores</strong></span> <span class='ocrx_word' id='word_1_734' title='bbox 2679 3385 3032 3457; x_wconf 89' lang='lat' dir='ltr'><strong>incompositi.</strong></span> 
     </span>
    </p>
   </div>
   <div class='ocr_carea' id='block_1_98' title="bbox 1976 3474 3475 3545">
    <p class='ocr_par' dir='ltr' id='par_1_98' title="bbox 1976 3474 3475 3545">
     <span class='ocr_line' id='line_1_98' title="bbox 1976 3474 3475 3545; baseline 0.006 -16"><span class='ocrx_word' id='word_1_735' title='bbox 1976 3475 2030 3529; x_wconf 75' lang='grc'><strong>4.</strong></span> <span class='ocrx_word' id='word_1_736' title='bbox 2071 3474 2373 3544; x_wconf 84' lang='lat' dir='ltr'><strong>Spectacula</strong></span> <span class='ocrx_word' id='word_1_737' title='bbox 2414 3475 2618 3543; x_wconf 83' lang='lat' dir='ltr'><strong>publica</strong></span> <span class='ocrx_word' id='word_1_738' title='bbox 2653 3475 2877 3543; x_wconf 76' lang='lat' dir='ltr'><strong>vitanda,</strong></span> <span class='ocrx_word' id='word_1_739' title='bbox 2915 3494 3087 3545; x_wconf 81' lang='lat' dir='ltr'><strong>quare.</strong></span> <span class='ocrx_word' id='word_1_740' title='bbox 3111 3480 3349 3536; x_wconf 85' lang='lat' dir='ltr'><strong>—Nulla</strong></span> <span class='ocrx_word' id='word_1_741' title='bbox 3385 3498 3475 3538; x_wconf 89' lang='lat' dir='ltr'><strong>res</strong></span> 
     </span>
    </p>
   </div>
   <div class='ocr_carea' id='block_1_99' title="bbox 1906 3563 3478 3644">
    <p class='ocr_par' dir='ltr' id='par_1_99' title="bbox 1906 3563 3478 3644">
     <span class='ocr_line' id='line_1_99' title="bbox 1906 3563 3478 3644; baseline 0.008 -27"><span class='ocrx_word' id='word_1_742' title='bbox 1906 3564 2052 3618; x_wconf 91' lang='lat' dir='ltr'><strong>enim</strong></span> <span class='ocrx_word' id='word_1_743' title='bbox 2077 3578 2225 3633; x_wconf 72' lang='lat' dir='ltr'><strong>teque</strong></span> <span class='ocrx_word' id='word_1_744' title='bbox 2249 3563 2456 3633; x_wconf 88' lang='lat' dir='ltr'><strong>eloquia</strong></span> <span class='ocrx_word' id='word_1_745' title='bbox 2480 3564 2572 3618; x_wconf 90' lang='lat' dir='ltr'><strong>Dei</strong></span> <span class='ocrx_word' id='word_1_746' title='bbox 2596 3564 2810 3620; x_wconf 91' lang='lat' dir='ltr'><strong>adducit</strong></span> <span class='ocrx_word' id='word_1_747' title='bbox 2835 3566 2885 3619; x_wconf 92' lang='lat' dir='ltr'><strong>in</strong></span> <span class='ocrx_word' id='word_1_748' title='bbox 2912 3578 3292 3638; x_wconf 87' lang='lat' dir='ltr'><strong>contemptum,</strong></span> <span class='ocrx_word' id='word_1_749' title='bbox 3320 3582 3478 3644; x_wconf 84' lang='lat' dir='ltr'><strong>atquo</strong></span> 
     </span>
    </p>
   </div>
   <div class='ocr_carea' id='block_1_100' title="bbox 1906 3652 3477 3724">
    <p class='ocr_par' dir='ltr' id='par_1_100' title="bbox 1906 3652 3477 3724">
     <span class='ocr_line' id='line_1_100' title="bbox 1906 3652 3477 3724; baseline 0.006 -18"><span class='ocrx_word' id='word_1_750' title='bbox 1906 3652 2324 3721; x_wconf 88' lang='lat' dir='ltr'><strong>spectaculorum</strong></span> <span class='ocrx_word' id='word_1_751' title='bbox 2353 3667 2472 3721; x_wconf 81' lang='lat' dir='ltr'><strong>qua:</strong></span> <span class='ocrx_word' id='word_1_752' title='bbox 2498 3653 2603 3707; x_wconf 91' lang='lat' dir='ltr'><strong>illic</strong></span> <span class='ocrx_word' id='word_1_753' title='bbox 2631 3665 2998 3724; x_wconf 86' lang='lat' dir='ltr'><strong>proponuntur</strong></span> <span class='ocrx_word' id='word_1_754' title='bbox 3022 3656 3320 3714; x_wconf 87' lang='lat' dir='ltr'><strong>admiratio.</strong></span> <span class='ocrx_word' id='word_1_755' title='bbox 3348 3662 3477 3717; x_wconf 66' lang='lat' dir='ltr'><strong>Pro.</strong></span> 
     </span>
    </p>
   </div>
   <div class='ocr_carea' id='block_1_101' title="bbox 1905 3740 3474 3822">
    <p class='ocr_par' dir='ltr' id='par_1_101' title="bbox 1905 3740 3474 3822">
     <span class='ocr_line' id='line_1_101' title="bbox 1905 3740 3474 3822; baseline 0.008 -26"><span class='ocrx_word' id='word_1_756' title='bbox 1905 3742 2028 3796; x_wconf 90' lang='lat' dir='ltr'><strong>inde</strong></span> <span class='ocrx_word' id='word_1_757' title='bbox 2054 3741 2357 3811; x_wconf 88' lang='lat' dir='ltr'><strong>frequenter</strong></span> <span class='ocrx_word' id='word_1_758' title='bbox 2381 3756 2469 3796; x_wconf 81' lang='lat' dir='ltr'><strong>vos</strong></span> <span class='ocrx_word' id='word_1_759' title='bbox 2502 3740 2742 3798; x_wconf 89' lang='lat' dir='ltr'><strong>hortatus</strong></span> <span class='ocrx_word' id='word_1_760' title='bbox 2770 3760 2908 3810; x_wconf 87' lang='lat' dir='ltr'><strong>sum,</strong></span> <span class='ocrx_word' id='word_1_761' title='bbox 2936 3761 3005 3801; x_wconf 86' lang='lat' dir='ltr'><strong>ne</strong></span> <span class='ocrx_word' id='word_1_762' title='bbox 3031 3748 3149 3817; x_wconf 90' lang='lat' dir='ltr'><strong>quis</strong></span> <span class='ocrx_word' id='word_1_763' title='bbox 3177 3764 3359 3807; x_wconf 91' lang='lat' dir='ltr'><strong>eorum</strong></span> <span class='ocrx_word' id='word_1_764' title='bbox 3384 3756 3474 3822; x_wconf 90' lang='lat' dir='ltr'><strong>qui</strong></span> 
     </span>
    </p>
   </div>
   <div class='ocr_carea' id='block_1_102' title="bbox 1906 3830 3474 3913">
    <p class='ocr_par' dir='ltr' id='par_1_102' title="bbox 1906 3830 3474 3913">
     <span class='ocr_line' id='line_1_102' title="bbox 1906 3830 3474 3913; baseline 0.01 -27"><span class='ocrx_word' id='word_1_765' title='bbox 1906 3832 2008 3887; x_wconf 91' lang='lat' dir='ltr'><strong>huc</strong></span> <span class='ocrx_word' id='word_1_766' title='bbox 2037 3832 2356 3899; x_wconf 88' lang='lat' dir='ltr'><strong>adveniunt,</strong></span> <span class='ocrx_word' id='word_1_767' title='bbox 2384 3830 2666 3903; x_wconf 87' lang='lat' dir='ltr'><strong>divinaque</strong></span> <span class='ocrx_word' id='word_1_768' title='bbox 2692 3833 2931 3890; x_wconf 91' lang='lat' dir='ltr'><strong>doctrina</strong></span> <span class='ocrx_word' id='word_1_769' title='bbox 2962 3837 3203 3894; x_wconf 90' lang='lat' dir='ltr'><strong>fruuntur</strong></span> <span class='ocrx_word' id='word_1_770' title='bbox 3222 3881 3237 3905; x_wconf 96' lang='lat'><strong>,</strong></span> <span class='ocrx_word' id='word_1_771' title='bbox 3280 3845 3474 3913; x_wconf 87' lang='lat' dir='ltr'><strong>quique</strong></span> 
     </span>
    </p>
   </div>
   <div class='ocr_carea' id='block_1_103' title="bbox 1906 3921 3471 3995">
    <p class='ocr_par' dir='ltr' id='par_1_103' title="bbox 1906 3921 3471 3995">
     <span class='ocr_line' id='line_1_103' title="bbox 1906 3921 3471 3995; baseline 0.009 -20"><span class='ocrx_word' id='word_1_772' title='bbox 1906 3921 2168 3976; x_wconf 91' lang='lat' dir='ltr'><strong>tremendi</strong></span> <span class='ocrx_word' id='word_1_773' title='bbox 2195 3936 2257 3976; x_wconf 89' lang='lat' dir='ltr'><strong>ac</strong></span> <span class='ocrx_word' id='word_1_774' title='bbox 2286 3922 2491 3993; x_wconf 83' lang='lat' dir='ltr'><strong>mystici</strong></span> <span class='ocrx_word' id='word_1_775' title='bbox 2523 3923 2803 3993; x_wconf 89' lang='lat' dir='ltr'><strong>participes</strong></span> <span class='ocrx_word' id='word_1_776' title='bbox 2829 3934 2953 3980; x_wconf 89' lang='lat' dir='ltr'><strong>sunt</strong></span> <span class='ocrx_word' id='word_1_777' title='bbox 2979 3932 3221 3985; x_wconf 88' lang='lat' dir='ltr'><strong>sacriﬁcii</strong></span> <span class='ocrx_word' id='word_1_778' title='bbox 3240 3973 3255 3995; x_wconf 90' lang='lat'><strong>,</strong></span> <span class='ocrx_word' id='word_1_779' title='bbox 3282 3934 3347 3987; x_wconf 90' lang='lat' dir='ltr'><strong>ad</strong></span> <span class='ocrx_word' id='word_1_780' title='bbox 3384 3936 3471 3991; x_wconf 88' lang='lat' dir='ltr'><strong>illa</strong></span> 
     </span>
    </p>
   </div>
   <div class='ocr_carea' id='block_1_104' title="bbox 1904 4012 3469 4081">
    <p class='ocr_par' dir='ltr' id='par_1_104' title="bbox 1904 4012 3469 4081">
     <span class='ocr_line' id='line_1_104' title="bbox 1904 4012 3469 4081; baseline 0.007 -14"><span class='ocrx_word' id='word_1_781' title='bbox 1904 4012 2006 4067; x_wconf 91' lang='lat' dir='ltr'><strong>iret</strong></span> <span class='ocrx_word' id='word_1_782' title='bbox 2032 4012 2329 4081; x_wconf 87' lang='lat' dir='ltr'><strong>spectacula</strong></span> <span class='ocrx_word' id='word_1_783' title='bbox 2353 4053 2368 4076; x_wconf 96' lang='lat'><strong>,</strong></span> <span class='ocrx_word' id='word_1_784' title='bbox 2397 4027 2497 4067; x_wconf 91' lang='lat' dir='ltr'><strong>neu</strong></span> <span class='ocrx_word' id='word_1_785' title='bbox 2528 4012 2701 4067; x_wconf 87' lang='lat' dir='ltr'><strong>divina</strong></span> <span class='ocrx_word' id='word_1_786' title='bbox 2730 4028 2848 4068; x_wconf 92' lang='lat' dir='ltr'><strong>cum</strong></span> <span class='ocrx_word' id='word_1_787' title='bbox 2879 4014 3217 4075; x_wconf 70' lang='lat' dir='ltr'><strong>dwmoniacis</strong></span> <span class='ocrx_word' id='word_1_788' title='bbox 3247 4026 3469 4078; x_wconf 80' lang='lat' dir='ltr'><strong>commi-</strong></span> 
     </span>
    </p>
   </div>
   <div class='ocr_carea' id='block_1_105' title="bbox 1902 4102 3469 4179">
    <p class='ocr_par' dir='ltr' id='par_1_105' title="bbox 1902 4102 3469 4179">
     <span class='ocr_line' id='line_1_105' title="bbox 1902 4102 3469 4179; baseline 0.009 -22"><span class='ocrx_word' id='word_1_789' title='bbox 1902 4113 2075 4157; x_wconf 88' lang='lat' dir='ltr'><strong>sceret</strong></span> <span class='ocrx_word' id='word_1_790' title='bbox 2099 4102 2370 4173; x_wconf 86' lang='lat' dir='ltr'><strong>mysteria.</strong></span> <span class='ocrx_word' id='word_1_791' title='bbox 2417 4103 2665 4159; x_wconf 87' lang='lat' dir='ltr'><strong>Attamen</strong></span> <span class='ocrx_word' id='word_1_792' title='bbox 2706 4107 2947 4162; x_wconf 87' lang='lat' dir='ltr'><strong>nonnulli</strong></span> <span class='ocrx_word' id='word_1_793' title='bbox 2977 4125 3143 4179; x_wconf 89' lang='lat' dir='ltr'><strong>usque</strong></span> <span class='ocrx_word' id='word_1_794' title='bbox 3167 4113 3299 4169; x_wconf 91' lang='lat' dir='ltr'><strong>adeo</strong></span> <span class='ocrx_word' id='word_1_795' title='bbox 3326 4116 3469 4171; x_wconf 84' lang='lat' dir='ltr'><strong>insa-</strong></span> 
     </span>
    </p>
   </div>
   <div class='ocr_carea' id='block_1_106' title="bbox 1901 4192 3472 4264">
    <p class='ocr_par' dir='ltr' id='par_1_106' title="bbox 1901 4192 3472 4264">
     <span class='ocr_line' id='line_1_106' title="bbox 1901 4192 3472 4264; baseline 0.012 -20"><span class='ocrx_word' id='word_1_796' title='bbox 1901 4192 2071 4256; x_wconf 91' lang='lat' dir='ltr'><strong>niunt,</strong></span> <span class='ocrx_word' id='word_1_797' title='bbox 2098 4199 2157 4245; x_wconf 92' lang='lat' dir='ltr'><strong>ut</strong></span> <span class='ocrx_word' id='word_1_798' title='bbox 2181 4192 2338 4247; x_wconf 92' lang='lat' dir='ltr'><strong>etiam</strong></span> <span class='ocrx_word' id='word_1_799' title='bbox 2366 4206 2485 4245; x_wconf 92' lang='lat' dir='ltr'><strong>cum</strong></span> <span class='ocrx_word' id='word_1_800' title='bbox 2514 4194 2744 4262; x_wconf 88' lang='lat' dir='ltr'><strong>speciem</strong></span> <span class='ocrx_word' id='word_1_801' title='bbox 2773 4197 3044 4264; x_wconf 84' lang='lat' dir='ltr'><strong>gravitatis</strong></span> <span class='ocrx_word' id='word_1_802' title='bbox 3072 4214 3135 4256; x_wconf 90' lang='lat' dir='ltr'><strong>ac</strong></span> <span class='ocrx_word' id='word_1_803' title='bbox 3161 4207 3472 4263; x_wconf 70' lang='lat' dir='ltr'><strong>reverentia</strong></span> 
     </span>
    </p>
   </div>
   <div class='ocr_carea' id='block_1_107' title="bbox 1899 4280 3469 4364">
    <p class='ocr_par' dir='ltr' id='par_1_107' title="bbox 1899 4280 3469 4364">
     <span class='ocr_line' id='line_1_107' title="bbox 1899 4280 3469 4364; baseline 0.01 -31"><span class='ocrx_word' id='word_1_804' title='bbox 1899 4283 2107 4352; x_wconf 89' lang='lat' dir='ltr'><strong>plenam</strong></span> <span class='ocrx_word' id='word_1_805' title='bbox 2139 4280 2538 4345; x_wconf 82' lang='lat' dir='ltr'><strong>circumferant,</strong></span> <span class='ocrx_word' id='word_1_806' title='bbox 2567 4292 2619 4337; x_wconf 94' lang='lat' dir='ltr'><strong>et</strong></span> <span class='ocrx_word' id='word_1_807' title='bbox 2648 4283 2712 4338; x_wconf 90' lang='lat' dir='ltr'><strong>ad</strong></span> <span class='ocrx_word' id='word_1_808' title='bbox 2738 4284 3047 4354; x_wconf 77' lang='lat' dir='ltr'><strong>profundant</strong></span> <span class='ocrx_word' id='word_1_809' title='bbox 3075 4294 3319 4348; x_wconf 90' lang='lat' dir='ltr'><strong>canitiem</strong></span> <span class='ocrx_word' id='word_1_810' title='bbox 3345 4311 3469 4364; x_wconf 76' lang='lat' dir='ltr'><strong>per-</strong></span> 
     </span>
    </p>
   </div>
   <div class='ocr_carea' id='block_1_108' title="bbox 1898 4372 3469 4451">
    <p class='ocr_par' dir='ltr' id='par_1_108' title="bbox 1898 4372 3469 4451">
     <span class='ocr_line' id='line_1_108' title="bbox 1898 4372 3469 4451; baseline 0.011 -24"><span class='ocrx_word' id='word_1_811' title='bbox 1898 4374 2143 4429; x_wconf 88' lang='lat' dir='ltr'><strong>venerint</strong></span> <span class='ocrx_word' id='word_1_812' title='bbox 2167 4414 2180 4439; x_wconf 96' lang='lat'><strong>,</strong></span> <span class='ocrx_word' id='word_1_813' title='bbox 2210 4372 2376 4428; x_wconf 92' lang='lat' dir='ltr'><strong>nihilo</strong></span> <span class='ocrx_word' id='word_1_814' title='bbox 2404 4388 2559 4429; x_wconf 89' lang='lat' dir='ltr'><strong>secus</strong></span> <span class='ocrx_word' id='word_1_815' title='bbox 2586 4387 2799 4429; x_wconf 90' lang='lat' dir='ltr'><strong>currant</strong></span> <span class='ocrx_word' id='word_1_816' title='bbox 2830 4377 2896 4432; x_wconf 89' lang='lat' dir='ltr'><strong>ad</strong></span> <span class='ocrx_word' id='word_1_817' title='bbox 2925 4378 3011 4432; x_wconf 91' lang='lat' dir='ltr'><strong>illa</strong></span> <span class='ocrx_word' id='word_1_818' title='bbox 3032 4422 3048 4446; x_wconf 92' lang='lat'><strong>,</strong></span> <span class='ocrx_word' id='word_1_819' title='bbox 3078 4395 3246 4451; x_wconf 89' lang='lat' dir='ltr'><strong>neque</strong></span> <span class='ocrx_word' id='word_1_820' title='bbox 3273 4390 3469 4443; x_wconf 83' lang='lat' dir='ltr'><strong>nostris</strong></span> 
     </span>
    </p>
   </div>
   <div class='ocr_carea' id='block_1_109' title="bbox 1898 4465 3467 4539">
    <p class='ocr_par' dir='ltr' id='par_1_109' title="bbox 1898 4465 3467 4539">
     <span class='ocr_line' id='line_1_109' title="bbox 1898 4465 3467 4539; baseline 0.011 -22"><span class='ocrx_word' id='word_1_821' title='bbox 1898 4465 2231 4519; x_wconf 86' lang='lat' dir='ltr'><strong>sermonibus</strong></span> <span class='ocrx_word' id='word_1_822' title='bbox 2277 4465 2629 4518; x_wconf 88' lang='lat' dir='ltr'><strong>auscultantes</strong></span> <span class='ocrx_word' id='word_1_823' title='bbox 2655 4504 2671 4528; x_wconf 95' lang='lat'><strong>,</strong></span> <span class='ocrx_word' id='word_1_824' title='bbox 2715 4480 2888 4535; x_wconf 89' lang='lat' dir='ltr'><strong>neque</strong></span> <span class='ocrx_word' id='word_1_825' title='bbox 2937 4471 3201 4539; x_wconf 89' lang='lat' dir='ltr'><strong>propriam</strong></span> <span class='ocrx_word' id='word_1_826' title='bbox 3251 4480 3467 4534; x_wconf 87' lang='lat' dir='ltr'><strong>reveriti</strong></span> 
     </span>
    </p>
   </div>
   <div class='ocr_carea' id='block_1_110' title="bbox 1898 4553 3463 4637">
    <p class='ocr_par' dir='ltr' id='par_1_110' title="bbox 1898 4553 3463 4637">
     <span class='ocr_line' id='line_1_110' title="bbox 1898 4553 3463 4637; baseline 0.009 -28"><span class='ocrx_word' id='word_1_827' title='bbox 1898 4555 2147 4625; x_wconf 87' lang='lat' dir='ltr'><strong>speciem.</strong></span> <span class='ocrx_word' id='word_1_828' title='bbox 2201 4554 2392 4609; x_wconf 83' lang='lat' dir='ltr'><strong>Verum</strong></span> <span class='ocrx_word' id='word_1_829' title='bbox 2420 4554 2627 4623; x_wconf 89' lang='lat' dir='ltr'><strong>quoties</strong></span> <span class='ocrx_word' id='word_1_830' title='bbox 2654 4553 2732 4608; x_wconf 90' lang='lat' dir='ltr'><strong>eis</strong></span> <span class='ocrx_word' id='word_1_831' title='bbox 2761 4553 2900 4611; x_wconf 91' lang='lat' dir='ltr'><strong>hunc</strong></span> <span class='ocrx_word' id='word_1_832' title='bbox 2938 4572 3237 4617; x_wconf 83' lang='lat' dir='ltr'><strong>sermonem</strong></span> <span class='ocrx_word' id='word_1_833' title='bbox 3266 4564 3463 4637; x_wconf 84' lang='lat' dir='ltr'><strong>ingeri-</strong></span> 
     </span>
    </p>
   </div>
   <div class='ocr_carea' id='block_1_111' title="bbox 1898 4646 3468 4718">
    <p class='ocr_par' dir='ltr' id='par_1_111' title="bbox 1898 4646 3468 4718">
     <span class='ocr_line' id='line_1_111' title="bbox 1898 4646 3468 4718; baseline 0.008 -16"><span class='ocrx_word' id='word_1_834' title='bbox 1898 4663 2016 4703; x_wconf 93' lang='lat' dir='ltr'><strong>mus</strong></span> <span class='ocrx_word' id='word_1_835' title='bbox 2034 4690 2047 4714; x_wconf 90' lang='lat'><strong>,</strong></span> <span class='ocrx_word' id='word_1_836' title='bbox 2080 4657 2133 4701; x_wconf 92' lang='lat' dir='ltr'><strong>et</strong></span> <span class='ocrx_word' id='word_1_837' title='bbox 2160 4656 2216 4701; x_wconf 90' lang='lat' dir='ltr'><strong>ut</strong></span> <span class='ocrx_word' id='word_1_838' title='bbox 2240 4646 2483 4701; x_wconf 91' lang='lat' dir='ltr'><strong>canitiem</strong></span> <span class='ocrx_word' id='word_1_839' title='bbox 2513 4646 2927 4718; x_wconf 85' lang='lat' dir='ltr'><strong>gravitatemque</strong></span> <span class='ocrx_word' id='word_1_840' title='bbox 2946 4663 3096 4706; x_wconf 89' lang='lat' dir='ltr'><strong>suam</strong></span> <span class='ocrx_word' id='word_1_841' title='bbox 3124 4669 3468 4715; x_wconf 88' lang='lat' dir='ltr'><strong>revereantur</strong></span> 
     </span>
    </p>
   </div>
   <div class='ocr_carea' id='block_1_112' title="bbox 1895 4737 3466 4812">
    <p class='ocr_par' dir='ltr' id='par_1_112' title="bbox 1895 4737 3466 4812">
     <span class='ocr_line' id='line_1_112' title="bbox 1895 4737 3466 4812; baseline 0.009 -21"><span class='ocrx_word' id='word_1_842' title='bbox 1895 4738 2241 4791; x_wconf 88' lang='lat' dir='ltr'><strong>adhortamur</strong></span> <span class='ocrx_word' id='word_1_843' title='bbox 2266 4777 2281 4802; x_wconf 90' lang='lat'><strong>,</strong></span> <span class='ocrx_word' id='word_1_844' title='bbox 2313 4752 2471 4805; x_wconf 87' lang='lat' dir='ltr'><strong>quam</strong></span> <span class='ocrx_word' id='word_1_845' title='bbox 2511 4737 2727 4793; x_wconf 90' lang='lat' dir='ltr'><strong>frivolus</strong></span> <span class='ocrx_word' id='word_1_846' title='bbox 2756 4737 2960 4794; x_wconf 89' lang='lat' dir='ltr'><strong>illorum</strong></span> <span class='ocrx_word' id='word_1_847' title='bbox 2984 4782 3001 4807; x_wconf 94' lang='lat'><strong>,</strong></span> <span class='ocrx_word' id='word_1_848' title='bbox 3031 4758 3187 4812; x_wconf 85' lang='lat' dir='ltr'><strong>quam</strong></span> <span class='ocrx_word' id='word_1_849' title='bbox 3214 4747 3466 4805; x_wconf 82' lang='lat' dir='ltr'><strong>ridiculus</strong></span> 
     </span>
    </p>
   </div>
   <div class='ocr_carea' id='block_1_113' title="bbox 1896 4826 3467 4902">
    <p class='ocr_par' dir='ltr' id='par_1_113' title="bbox 1896 4826 3467 4902">
     <span class='ocr_line' id='line_1_113' title="bbox 1896 4826 3467 4902; baseline 0.008 -20"><span class='ocrx_word' id='word_1_850' title='bbox 1896 4828 2105 4883; x_wconf 87' lang='lat' dir='ltr'><strong>sermo!</strong></span> <span class='ocrx_word' id='word_1_851' title='bbox 2134 4827 2468 4897; x_wconf 71' lang='lat' dir='ltr'><strong>Exemplum,</strong></span> <span class='ocrx_word' id='word_1_852' title='bbox 2500 4826 2775 4897; x_wconf 90' lang='lat' dir='ltr'><strong>inquiunt,</strong></span> <span class='ocrx_word' id='word_1_853' title='bbox 2807 4829 3041 4885; x_wconf 74' lang='lat' dir='ltr'><strong>victoriae</strong></span> <span class='ocrx_word' id='word_1_854' title='bbox 3068 4848 3185 4902; x_wconf 69' lang='lat' dir='ltr'><strong>quae</strong></span> <span class='ocrx_word' id='word_1_855' title='bbox 3210 4836 3261 4890; x_wconf 92' lang='lat' dir='ltr'><strong>in</strong></span> <span class='ocrx_word' id='word_1_856' title='bbox 3288 4838 3467 4894; x_wconf 89' lang='lat' dir='ltr'><strong>futuro</strong></span> 
     </span>
    </p>
   </div>
   <div class='ocr_carea' id='block_1_114' title="bbox 1895 4921 3460 4995">
    <p class='ocr_par' dir='ltr' id='par_1_114' title="bbox 1895 4921 3460 4995">
     <span class='ocr_line' id='line_1_114' title="bbox 1895 4921 3460 4995; baseline 0.006 -20"><span class='ocrx_word' id='word_1_857' title='bbox 1895 4921 2087 4975; x_wconf 85' lang='lat' dir='ltr'><strong>sa-culo</strong></span> <span class='ocrx_word' id='word_1_858' title='bbox 2106 4921 2209 4975; x_wconf 91' lang='lat' dir='ltr'><strong>erit</strong></span> <span class='ocrx_word' id='word_1_859' title='bbox 2232 4929 2286 4976; x_wconf 91' lang='lat' dir='ltr'><strong>et</strong></span> <span class='ocrx_word' id='word_1_860' title='bbox 2310 4934 2624 4975; x_wconf 88' lang='lat' dir='ltr'><strong>coronarum</strong></span> <span class='ocrx_word' id='word_1_861' title='bbox 2650 4929 2772 4976; x_wconf 92' lang='lat' dir='ltr'><strong>sunt</strong></span> <span class='ocrx_word' id='word_1_862' title='bbox 2796 4923 2882 4976; x_wconf 86' lang='lat' dir='ltr'><strong>illa</strong></span> <span class='ocrx_word' id='word_1_863' title='bbox 2912 4923 3293 4995; x_wconf 83' lang='lat' dir='ltr'><strong>plurimamque</strong></span> <span class='ocrx_word' id='word_1_864' title='bbox 3316 4928 3460 4986; x_wconf 89' lang='lat' dir='ltr'><strong>illinc</strong></span> 
     </span>
    </p>
   </div>
   <div class='ocr_carea' id='block_1_115' title="bbox 1894 5010 3463 5076">
    <p class='ocr_par' dir='ltr' id='par_1_115' title="bbox 1894 5010 3463 5076">
     <span class='ocr_line' id='line_1_115' title="bbox 1894 5010 3463 5076; baseline 0.005 -9"><span class='ocrx_word' id='word_1_865' title='bbox 1894 5012 2174 5067; x_wconf 88' lang='lat' dir='ltr'><strong>utilitatem</strong></span> <span class='ocrx_word' id='word_1_866' title='bbox 2198 5010 2495 5067; x_wconf 82' lang='lat' dir='ltr'><strong>referimus.</strong></span> <span class='ocrx_word' id='word_1_867' title='bbox 2524 5010 2658 5076; x_wconf 89' lang='lat' dir='ltr'><strong>Quid</strong></span> <span class='ocrx_word' id='word_1_868' title='bbox 2683 5012 2761 5064; x_wconf 90' lang='lat' dir='ltr'><strong>ais</strong></span> <span class='ocrx_word' id='word_1_869' title='bbox 2782 5052 2797 5076; x_wconf 92' lang='lat'><strong>,</strong></span> <span class='ocrx_word' id='word_1_870' title='bbox 2825 5011 3022 5065; x_wconf 79' lang='lat' dir='ltr'><strong>homo?</strong></span> <span class='ocrx_word' id='word_1_871' title='bbox 3047 5010 3328 5072; x_wconf 88' lang='lat' dir='ltr'><strong>Obsoletus</strong></span> <span class='ocrx_word' id='word_1_872' title='bbox 3355 5017 3463 5075; x_wconf 88' lang='lat' dir='ltr'><strong>isto</strong></span> 
     </span>
    </p>
   </div>
   <div class='ocr_carea' id='block_1_116' title="bbox 1893 5097 3464 5169">
    <p class='ocr_par' dir='ltr' id='par_1_116' title="bbox 1893 5097 3464 5169">
     <span class='ocr_line' id='line_1_116' title="bbox 1893 5097 3464 5169; baseline 0.004 -12"><span class='ocrx_word' id='word_1_873' title='bbox 1893 5116 2070 5157; x_wconf 75' lang='lat' dir='ltr'><strong>seruio</strong></span> <span class='ocrx_word' id='word_1_874' title='bbox 2096 5102 2113 5132; x_wconf 78' lang='grc' dir='ltr'>ί</span> <span class='ocrx_word' id='word_1_875' title='bbox 2138 5110 2221 5155; x_wconf 90' lang='lat' dir='ltr'><strong>est</strong></span> <span class='ocrx_word' id='word_1_876' title='bbox 2246 5115 2306 5153; x_wconf 89' lang='lat' dir='ltr'><strong>ac</strong></span> <span class='ocrx_word' id='word_1_877' title='bbox 2327 5099 2544 5153; x_wconf 79' lang='lat' dir='ltr'><strong>fallacia.-</strong></span> <span class='ocrx_word' id='word_1_878' title='bbox 2570 5099 2776 5169; x_wconf 91' lang='lat' dir='ltr'><strong>plenus.</strong></span> <span class='ocrx_word' id='word_1_879' title='bbox 2807 5097 2955 5155; x_wconf 88' lang='lat' dir='ltr'><strong>Unde</strong></span> <span class='ocrx_word' id='word_1_880' title='bbox 2976 5101 3250 5157; x_wconf 88' lang='lat' dir='ltr'><strong>utilitatem</strong></span> <span class='ocrx_word' id='word_1_881' title='bbox 3274 5105 3464 5163; x_wconf 76' lang='lat' dir='ltr'><strong>isthinc</strong></span> 
     </span>
    </p>
   </div>
   <div class='ocr_carea' id='block_1_117' title="bbox 1892 5188 3462 5259">
    <p class='ocr_par' dir='ltr' id='par_1_117' title="bbox 1892 5188 3462 5259">
     <span class='ocr_line' id='line_1_117' title="bbox 1892 5188 3462 5259; baseline 0.006 -13"><span class='ocrx_word' id='word_1_882' title='bbox 1892 5192 2099 5247; x_wconf 84' lang='lat' dir='ltr'><strong>refers?</strong></span> <span class='ocrx_word' id='word_1_883' title='bbox 2128 5208 2193 5245; x_wconf 88' lang='lat' dir='ltr'><strong>ex</strong></span> <span class='ocrx_word' id='word_1_884' title='bbox 2220 5188 2504 5244; x_wconf 88' lang='lat' dir='ltr'><strong>innumeris</strong></span> <span class='ocrx_word' id='word_1_885' title='bbox 2529 5189 2975 5259; x_wconf 91' lang='lat' dir='ltr'><strong>contentionibus,</strong></span> <span class='ocrx_word' id='word_1_886' title='bbox 2998 5206 3060 5247; x_wconf 88' lang='lat' dir='ltr'><strong>ex</strong></span> <span class='ocrx_word' id='word_1_887' title='bbox 3085 5201 3285 5252; x_wconf 88' lang='lat' dir='ltr'><strong>temere</strong></span> <span class='ocrx_word' id='word_1_888' title='bbox 3312 5198 3462 5255; x_wconf 85' lang='lat' dir='ltr'><strong>factis</strong></span> 
     </span>
    </p>
   </div>
   <div class='ocr_carea' id='block_1_118' title="bbox 1889 5279 3458 5350">
    <p class='ocr_par' dir='ltr' id='par_1_118' title="bbox 1889 5279 3458 5350">
     <span class='ocr_line' id='line_1_118' title="bbox 1889 5279 3458 5350; baseline 0.006 -17"><span class='ocrx_word' id='word_1_889' title='bbox 1889 5282 2203 5350; x_wconf 89' lang='lat' dir='ltr'><strong>jurameutis</strong></span> <span class='ocrx_word' id='word_1_890' title='bbox 2230 5283 2279 5334; x_wconf 92' lang='lat' dir='ltr'><strong>in</strong></span> <span class='ocrx_word' id='word_1_891' title='bbox 2310 5282 2559 5334; x_wconf 90' lang='lat' dir='ltr'><strong>damnum</strong></span> <span class='ocrx_word' id='word_1_892' title='bbox 2588 5279 2953 5348; x_wconf 75' lang='lat' dir='ltr'><strong>loquentium?</strong></span> <span class='ocrx_word' id='word_1_893' title='bbox 2989 5298 3055 5336; x_wconf 89' lang='lat' dir='ltr'><strong>an</strong></span> <span class='ocrx_word' id='word_1_894' title='bbox 3091 5298 3155 5339; x_wconf 88' lang='lat' dir='ltr'><strong>ex</strong></span> <span class='ocrx_word' id='word_1_895' title='bbox 3184 5295 3458 5344; x_wconf 85' lang='lat' dir='ltr'><strong>contume-</strong></span> 
     </span>
    </p>
   </div>
   <div class='ocr_carea' id='block_1_119' title="bbox 1893 5371 3460 5443">
    <p class='ocr_par' dir='ltr' id='par_1_119' title="bbox 1893 5371 3460 5443">
     <span class='ocr_line' id='line_1_119' title="bbox 1893 5371 3460 5443; baseline 0.004 -17"><span class='ocrx_word' id='word_1_896' title='bbox 1893 5372 1977 5426; x_wconf 91' lang='lat' dir='ltr'><strong>liis</strong></span> <span class='ocrx_word' id='word_1_897' title='bbox 2002 5414 2014 5436; x_wconf 93' lang='lat'><strong>,</strong></span> <span class='ocrx_word' id='word_1_898' title='bbox 2050 5372 2299 5426; x_wconf 89' lang='lat' dir='ltr'><strong>conviciis</strong></span> <span class='ocrx_word' id='word_1_899' title='bbox 2319 5412 2332 5435; x_wconf 92' lang='lat'><strong>,</strong></span> <span class='ocrx_word' id='word_1_900' title='bbox 2364 5371 2843 5440; x_wconf 82' lang='lat' dir='ltr'><strong>scommatibusque</strong></span> <span class='ocrx_word' id='word_1_901' title='bbox 2866 5411 2881 5436; x_wconf 95' lang='lat'><strong>,</strong></span> <span class='ocrx_word' id='word_1_902' title='bbox 2912 5372 3098 5441; x_wconf 89' lang='lat' dir='ltr'><strong>quibus</strong></span> <span class='ocrx_word' id='word_1_903' title='bbox 3138 5385 3460 5443; x_wconf 84' lang='lat' dir='ltr'><strong>spectatores</strong></span> 
     </span>
    </p>
   </div>
   <div class='ocr_carea' id='block_1_120' title="bbox 1893 5459 3450 5529">
    <p class='ocr_par' dir='ltr' id='par_1_120' title="bbox 1893 5459 3450 5529">
     <span class='ocr_line' id='line_1_120' title="bbox 1893 5459 3450 5529; baseline 0.002 -14"><span class='ocrx_word' id='word_1_904' title='bbox 1893 5461 2147 5529; x_wconf 82' lang='lat' dir='ltr'><strong>ejusmodi</strong></span> <span class='ocrx_word' id='word_1_905' title='bbox 2174 5475 2347 5515; x_wconf 89' lang='lat' dir='ltr'><strong>rerum</strong></span> <span class='ocrx_word' id='word_1_906' title='bbox 2376 5474 2432 5513; x_wconf 91' lang='lat' dir='ltr'><strong>se</strong></span> <span class='ocrx_word' id='word_1_907' title='bbox 2454 5470 2637 5513; x_wconf 91' lang='lat' dir='ltr'><strong>mutuo</strong></span> <span class='ocrx_word' id='word_1_908' title='bbox 2660 5459 3048 5529; x_wconf 77' lang='lat' dir='ltr'><strong>conspergunt?</strong></span> <span class='ocrx_word' id='word_1_909' title='bbox 3071 5460 3261 5515; x_wconf 76' lang='lat' dir='ltr'><strong>Verum</strong></span> <span class='ocrx_word' id='word_1_910' title='bbox 3280 5477 3345 5518; x_wconf 87' lang='lat' dir='ltr'><strong>ex</strong></span> <span class='ocrx_word' id='word_1_911' title='bbox 3366 5462 3450 5518; x_wconf 90' lang='lat' dir='ltr'><strong>his</strong></span> 
     </span>
    </p>
   </div>
   <div class='ocr_carea' id='block_1_121' title="bbox 1892 5549 3443 5613">
    <p class='ocr_par' dir='ltr' id='par_1_121' title="bbox 1892 5549 3443 5613">
     <span class='ocr_line' id='line_1_121' title="bbox 1892 5549 3443 5613; baseline 0.003 -8"><span class='ocrx_word' id='word_1_912' title='bbox 1892 5552 2019 5606; x_wconf 90' lang='lat' dir='ltr'><strong>nihil</strong></span> <span class='ocrx_word' id='word_1_913' title='bbox 2052 5552 2287 5605; x_wconf 90' lang='lat' dir='ltr'><strong>utilitatis</strong></span> <span class='ocrx_word' id='word_1_914' title='bbox 2316 5549 2381 5605; x_wconf 91' lang='lat' dir='ltr'><strong>ad</strong></span> <span class='ocrx_word' id='word_1_915' title='bbox 2412 5559 2461 5604; x_wconf 87' lang='lat' dir='ltr'><strong>te</strong></span> <span class='ocrx_word' id='word_1_916' title='bbox 2491 5550 2626 5604; x_wconf 88' lang='lat' dir='ltr'><strong>redit</strong></span> <span class='ocrx_word' id='word_1_917' title='bbox 2660 5566 2673 5601; x_wconf 91' lang='lat'><strong>:</strong></span> <span class='ocrx_word' id='word_1_918' title='bbox 2706 5564 2777 5603; x_wconf 91' lang='lat' dir='ltr'><strong>an</strong></span> <span class='ocrx_word' id='word_1_919' title='bbox 2806 5564 2933 5604; x_wconf 87' lang='lat' dir='ltr'><strong>vero</strong></span> <span class='ocrx_word' id='word_1_920' title='bbox 2963 5549 3121 5603; x_wconf 80' lang='lat' dir='ltr'><strong>ullam</strong></span> <span class='ocrx_word' id='word_1_921' title='bbox 3142 5554 3358 5611; x_wconf 90' lang='lat' dir='ltr'><strong>omnino</strong></span> <span class='ocrx_word' id='word_1_922' title='bbox 3376 5571 3443 5613; x_wconf 87' lang='lat' dir='ltr'><strong>ex</strong></span> 
     </span>
    </p>
   </div>
   <div class='ocr_carea' id='block_1_122' title="bbox 1955 5743 3084 5811">
    <p class='ocr_par' dir='ltr' id='par_1_122' title="bbox 1955 5743 3084 5811">
     <span class='ocr_line' id='line_1_122' title="bbox 1955 5743 3084 5811; baseline -0.005 -9"><span class='ocrx_word' id='word_1_923' title='bbox 1955 5756 1969 5786; x_wconf 71' lang='grc'><strong><em>³</em></strong></span> <span class='ocrx_word' id='word_1_924' title='bbox 2006 5753 2157 5811; x_wconf 76' lang='lat' dir='ltr'><strong>Alius,</strong></span> <span class='ocrx_word' id='word_1_925' title='bbox 2183 5755 2312 5800; x_wconf 88' lang='lat' dir='ltr'><strong>teste</strong></span> <span class='ocrx_word' id='word_1_926' title='bbox 2335 5747 2523 5808; x_wconf 83' lang='lat' dir='ltr'><strong>Savilio,</strong></span> <span class='ocrx_word' id='word_1_927' title='bbox 2550 5744 2783 5798; x_wconf 80' lang='lat' dir='ltr'><strong>ridiculus</strong></span> <span class='ocrx_word' id='word_1_928' title='bbox 2800 5743 2886 5797; x_wconf 84' lang='lat' dir='ltr'><strong>iste</strong></span> <span class='ocrx_word' id='word_1_929' title='bbox 2907 5755 3084 5797; x_wconf 63' lang='lat' dir='ltr'><strong>senta).</strong></span> 
     </span>
    </p>
   </div>
  </div>
