4048 6468
543 467 657 524 103

535 577 902 649 incompositis
925 572 1140 630 vocibus
1164 609 1180 636 ,
1206 577 1260 624 et
1297 565 1435 622 nihil
1477 556 2071 649 significanteclatnore
2093 589 2111 616 ,

537 683 673 738 eque
700 641 914 735 pulvere
937 661 1029 733 qui
1057 658 1335 720 emittitur,
1368 662 1478 707 tum
1507 665 1575 706 ex
1606 649 1677 738 iis
1698 641 2115 738 quiimpellunt,

539 733 625 826 qui
649 733 754 811 vim
778 754 991 818 faciunt,
1012 749 1102 820 qui
1122 761 1304 803 coram
1325 740 1632 798 mulieribus
1651 736 1869 826 delicias
1891 733 2114 826 faciunt,

543 821 818 902 utilitatem
841 840 1084 911 colligis?
1109 835 1269 904 Atqui
1289 833 1385 913 ‘hic
1407 830 1620 902 quidem
1645 828 1816 896 ipsum
1840 821 2117 913 Dominum

544 935 850 1004 angelorum
879 910 1066 985 omnes
1091 910 1360 998 propheta:
1376 922 1727 986 doctoresque
1749 927 1911 982 super
1926 910 2116 1004 solium

539 1003 809 1083 excelsum
834 1033 889 1078 et
913 1021 1176 1077 elevatum
1201 1013 1504 1075 ostendunt,
1530 1009 1698 1078 iisque
1719 1004 1810 1076 qui
1830 1003 1974 1072 digni
1997 1007 2121 1054 sunt

541 1118 721 1172 brevia
745 1122 799 1168 et
824 1125 1051 1168 coronas
1073 1107 1494 1166 distribuentcm,
1519 1097 1752 1168 indignis
1770 1110 1899 1150 vero
1920 1093 2122 1164 gehen-

542 1223 664 1263 nam
704 1215 759 1262 et
795 1205 969 1275 ignem
1010 1201 1402 1269 assignantem;
1449 1203 1502 1248 et
1538 1192 1653 1261 ipse
1681 1189 1839 1244 etiam
1867 1185 2120 1275 Dominus

543 1298 646 1353 hoc
674 1273 970 1353 confirmat.
1019 1287 1281 1359 Numquid
1323 1286 1437 1340 haec
1461 1281 1673 1354 quidem
1702 1277 2000 1333 contemnis
2021 1315 2038 1341 ,
2066 1273 2119 1327 in

539 1390 728 1460 quibus
759 1387 915 1441 etiam
939 1379 1274 1438 conscientia:
1301 1386 1476 1430 terror
1503 1381 1604 1438 est,
1629 1379 1685 1425 et
1712 1367 1968 1423 factorum
1995 1365 2116 1420 red.

541 1481 748 1551 argutio
795 1479 1164 1542 rationemque
1210 1464 1601 1524 reddendarum
1629 1460 1976 1551 anxietas,_et
1999 1469 2122 1524 sup-

541 1548 756 1638 plicium
781 1562 1085 1620 inevitabile
1112 1577 1125 1613 :
1155 1569 1211 1614 ut
1231 1566 1410 1612 autem
1431 1552 1712 1608 absurdam
1737 1548 1974 1638 invenias
1998 1560 2123 1616 spe-

543 1637 872 1713 ctaculorum
897 1693 913 1716 ,
954 1651 1145 1720 quibus
1173 1658 1462 1716 suspensus
1489 1641 1684 1706 inhias,
1703 1637 2119 1699 excusationem,

543 1746 678 1800 dicis
709 1752 761 1799 te
790 1742 1068 1798 utilitatem
1095 1751 1287 1808 capere
1315 1750 1381 1790 ex
1411 1733 1491 1787 his
1510 1772 1527 1798 ,
1554 1747 1617 1786 ex
1647 1728 1840 1799 quibus
1863 1727 2124 1797 jacturam

545 1835 743 1905 pateris
789 1827 1265 1887 inconsolabilem?
1311 1826 1461 1894 Rogo
1504 1822 1662 1877 etiam
1712 1828 1871 1889 atque
1918 1817 2122 1872 etiam:

544 1927 897 1992 obsecroque,
929 1936 995 1976 ne
1022 1917 1393 1975 excusationes
1421 1925 1735 1969 excusemus
1761 1911 1812 1964 in
1847 1908 2077 1979 peccatis
2105 1925 2120 1962 :

547 2023 833 2085 prrctextus
871 2014 1012 2068 enim
1051 2011 1150 2066 ista
1189 2017 1313 2063 sunt
1349 2022 1411 2061 ac
1446 2005 1688 2073 deccptio
1711 2043 1725 2066 ,
1756 2002 1949 2071 quibus
1975 1999 2128 2054 nobis

550 2106 679 2174 ipsis
707 2105 956 2159 damnum
985 2102 1324 2157 accersimus.
1353 2096 1554 2152 Verum
1584 2094 1652 2148 de
1683 2093 1764 2146 bis
1794 2091 2007 2162 quidem
2033 2090 2129 2143 ha-

545 2203 732 2249 ctenus
763 2211 776 2245 :
809 2201 1020 2260 tempus
1049 2197 1224 2244 autem
1254 2195 1336 2240 est
1363 2194 1419 2239 ut
1441 2185 1550 2253 jam
1591 2181 1656 2236 ad
1686 2181 1917 2252 priorem
1949 2193 2128 2234 recur-

548 2296 725 2337 ramns
761 2279 1174 2334 admonitionem
1197 2316 1211 2340 ,
1239 2284 1400 2343 atque
1443 2281 1500 2328 ut
1527 2273 1708 2340 paucis
1744 2270 1808 2324 de
1838 2283 1900 2324 ea
1927 2267 2129 2337 loquuti

549 2373 783 2428 debitum
820 2368 1042 2425 orationi
1075 2367 1233 2421 linem
1260 2365 1614 2432 imponamus.
1654 2360 1836 2430 Neque
1859 2360 1997 2414 enim
2027 2359 2130 2412 hoc

552 2463 723 2518 solum
752 2470 1018 2530 peccatur,
1046 2455 1186 2527 quod
1211 2469 1328 2525 qua:
1356 2453 1442 2506 hic
1467 2452 1598 2506 fiunt
1625 2465 1810 2520 parum
1839 2463 1935 2518 pro
1960 2447 2130 2517 digni-

553 2561 662 2607 tate
702 2559 1062 2621 peraguntur,
1104 2560 1288 2601 verum
1331 2543 1490 2597 etiam
1529 2541 1662 2594 alius
1703 2538 1915 2607 quidam
1953 2536 2130 2606 gravis

557 2641 864 2696 obambulat
905 2639 924 2671 ί
968 2636 1206 2692 morbus.
1252 2633 1381 2700 Quis
1423 2630 1633 2686 tandem
1675 2629 1810 2684 iste?
1852 2627 2002 2695 Quod
2041 2626 2131 2695 qui

556 2737 942 2801 preposuerunt
968 2743 1087 2782 cum
1124 2725 1235 2780 Deo
1260 2723 1526 2793 colloqui,
1556 2723 1710 2792 eique
1747 2719 1968 2790 gloriam
1994 2717 2131 2771 refe-

555 2831 681 2875 runt
699 2821 742 2884 ',
783 2833 909 2874 mox
948 2817 1050 2871 hoc
1077 2815 1276 2869 omisso
1306 2828 1460 2868 suum
1491 2812 1712 2880 quisque
1741 2810 1970 2863 vicinum
1995 2807 2142 2861 arri-

557 2912 706 2980 piunt
727 2951 743 2976 ,
773 2908 1124 2977 ordinantque
1160 2920 1250 2960 res
1276 2903 1596 2960 domesticas
1619 2938 1634 2967 ,
1663 2914 1886 2970 qumque
1917 2899 2049 2952 fiunt
2078 2899 2131 2952 in

561 3002 702 3068 foro,
725 3015 845 3069 quae
867 3000 918 3053 in
945 2997 1157 3067 populo,
1180 3010 1298 3066 qua
1323 2996 1374 3048 in
1398 2993 1636 3057 theatris,
1662 3006 1779 3061 qua:
1800 2992 1851 3045 in
1872 2990 2129 3057 exercitu,

560 3100 614 3146 et
641 3088 906 3160 quomodo
931 3087 1032 3142 alia
1061 3085 1274 3155 quidem
1301 3092 1425 3138 sunt
1453 3081 1814 3137 administrata
1837 3119 1854 3146 ,
1885 3079 1983 3133 alia
2011 3095 2134 3133 rur-

559 3194 651 3234 sus
677 3178 931 3249 neglecta,
960 3185 1016 3230 et
1041 3174 1168 3245 quid
1191 3174 1243 3227 in
1268 3170 1515 3242 gerendis
1541 3170 1700 3224 rebus
1724 3169 1842 3238 plus
1866 3168 1994 3222 satis
2019 3166 2135 3222 fuc-

559 3271 666 3334 rit,
696 3269 819 3338 quid
850 3267 1165 3322 diminutum
1197 3281 1210 3317 :
1242 3264 1296 3318 in
1324 3275 1532 3318 summa
1554 3300 1569 3324 ,
1608 3259 1676 3314 de
1706 3258 1864 3313 rebus
1891 3257 2137 3311 omnibus

560 3359 644 3414 vel
684 3357 910 3428 publicis
933 3396 947 3422 ,
979 3355 1064 3410 vel
1103 3353 1355 3424 privatis,
1389 3349 1480 3406 hic
1515 3349 1907 3418 colloquuntur.
1941 3347 2006 3401 Et
2032 3361 2137 3415 qua

558 3449 770 3502 tandem
802 3446 952 3500 venia
978 3445 1135 3514 digna
1164 3451 1286 3497 sunt
1308 3439 1445 3496 ista?
1473 3439 1632 3508 Atqui
1669 3440 1712 3492 is
1741 3438 1829 3508 qui
1855 3453 1976 3492 cum
2013 3452 2137 3504 rege

562 3546 774 3592 terreno
792 3534 1136 3601 colloquitur,
1166 3531 1233 3585 de
1257 3529 1340 3582 his
1365 3536 1567 3582 tantum
1595 3527 1756 3581 verba
1783 3527 1905 3580 facit
1929 3525 1996 3579 de
2020 3525 2138 3594 qui-

563 3627 662 3680 bus
684 3625 774 3680 ille
805 3624 1030 3678 voluerit
1061 3621 1244 3675 audire
1267 3659 1283 3685 ,
1313 3617 1460 3674 etde
1489 3615 1680 3687 quibus
1707 3631 1796 3670 rcx
1828 3615 1982 3670 fuerit
2012 3630 2136 3685 per-

561 3724 838 3776 conlatus;
882 3712 1026 3782 quod
1071 3711 1118 3764 si
1158 3711 1276 3779 quis
1316 3709 1457 3762 ausit
1496 3705 1694 3778 aliquid
1737 3705 1956 3776 injicere
1984 3719 2137 3760 secus

565 3822 721 3879 quam
748 3807 834 3861 ille
860 3805 1019 3868 velit,
1048 3811 1288 3857 extremo
1313 3799 1572 3870 supplicio
1596 3797 1857 3853 afﬁcietur
1887 3813 1900 3849 :
1930 3805 1986 3851 tu
2013 3812 2139 3852 vero

565 3916 684 3955 cum
726 3898 868 3967 Rege
902 3911 1082 3965 regum
1115 3893 1422 3964 colloquens
1445 3933 1459 3960 ,
1494 3891 1578 3946 cui
1606 3905 1727 3945 cum
1759 3897 1988 3943 tremore
2021 3903 2138 3943 ser-

565 3995 713 4048 viunt
739 3991 932 4062 angeli,
954 3989 1152 4044 omisso
1173 4001 1294 4041 cum
1314 3986 1405 4040 illo
1426 3994 1602 4054 empto
1620 3997 1888 4048 sermone,
1911 3981 1979 4037 de
2004 3981 2136 4045 luto,

564 4084 633 4139 de
669 4083 917 4151 pulvere,
949 4079 1016 4134 de
1043 4079 1166 4132 telis
1194 4091 1504 4129 aranearum
1533 4072 1801 4143 loqueris?
1831 4071 1966 4126 Nihil
1997 4071 2139 4125 enim

567 4172 708 4225 aliud
737 4179 860 4224 sunt
885 4169 1038 4236 hujus
1065 4167 1184 4220 vita:
1213 4165 1440 4234 negotia.
1475 4164 1537 4217 Et
1563 4162 1827 4232 quomodo
1854 4161 2140 4216 sustinebis

566 4263 718 4316 istius
741 4266 1074 4326 contemptus
1100 4255 1350 4325 poenam?
1376 4254 1497 4324 quis
1519 4263 1696 4309 autem
1723 4262 1775 4308 te
1799 4253 1868 4308 ab
1898 4252 1995 4306 hac
2019 4253 2139 4306 vin-

565 4352 704 4406 dicta
733 4347 1017 4405 liberabit?

636 4443 933 4512 Principum
975 4437 1274 4510 negligentia
1306 4451 1441 4506 sape
1464 4434 1688 4488 nascitur
1714 4449 1774 4487 es
1798 4433 1950 4502 culpa
1975 4449 2140 4502 pepu-

563 4535 624 4590 li.
657 4563 728 4574 —
772 4533 966 4587 Verum
992 4528 1129 4584 haud
1156 4536 1301 4582 recte
1322 4543 1381 4581 se
1411 4525 1633 4586 habent,
1665 4523 1933 4592 inquiunt,
1962 4524 2140 4589 reipu-

565 4623 720 4677 blica:
746 4621 950 4692 negetia
971 4661 984 4684 ,
1015 4619 1083 4674 de
1109 4618 1191 4672 his
1219 4618 1527 4686 plerumque
1557 4613 1821 4682 loquimur
1840 4651 1855 4676 ,
1884 4619 1936 4664 et
1959 4609 2026 4664 de
2057 4609 2140 4664 his

566 4713 778 4767 solliciti
824 4713 1071 4780 anxiique
1108 4723 1310 4763 sumus.
1339 4706 1476 4773 Quid
1518 4712 1692 4759 autem
1724 4703 1776 4756 iu
1806 4701 2002 4757 causa?
2034 4700 2140 4755 Eo-

565 4817 682 4856 rum
707 4841 722 4865 ,
749 4802 1022 4870 inquiunt,
1045 4801 1132 4868 qui
1155 4800 1518 4867 magistratum
1538 4803 1759 4862 gerunt,
1784 4794 2137 4863 incogitantia.

567 4890 678 4943 Non
715 4895 801 4941 est
828 4886 1210 4957 magistatuum
1236 4882 1589 4953 incogitantia
1611 4922 1626 4946 ,
1659 4883 1752 4938 sed
1782 4892 1959 4937 nostra
2005 4882 2145 4950 inju-

565 4979 731 5044 stitia,
758 4984 813 5032 et
849 4991 1005 5045 pcena
1032 4982 1117 5030 est
1155 4987 1251 5042 pro
1279 4971 1476 5025 nostris
1501 4971 1793 5026 sceleribus
1819 4979 2022 5026 exucta.
2053 4973 2145 5028 llla

568 5077 757 5122 cuncta
783 5079 990 5122 sursum
1012 5064 1258 5118 deorsum
1282 5060 1527 5127 miscuit,
1551 5059 1640 5113 illa
1669 5061 1921 5130 quidquid
1951 5071 2035 5117 est
2058 5077 2152 5116 ca-

569 5159 860 5211 lamitatum
891 5153 1123 5217 invexit,
1166 5152 1250 5206 illa
1293 5150 1520 5204 armavit
1557 5149 1771 5215 hostes,
1822 5152 1905 5204 illa
1938 5151 2062 5206 fecit
2089 5161 2148 5207 ut

569 5247 692 5301 victi
721 5246 1136 5300 discederemus».
1166 5242 1281 5297 Non
1309 5239 1518 5293 aliunde
1547 5238 1700 5292 nobis
1727 5239 1987 5294 malorum
2017 5255 2144 5294 exa-

568 5353 689 5391 men
720 5335 988 5389 inundavit
1007 5374 1022 5400 ,
1050 5349 1206 5403 quam
1228 5347 1293 5386 ex
1317 5329 1415 5383 hac
1437 5342 1614 5383 causa.
1648 5327 1875 5382 Proinde
1904 5329 2145 5398 quamvis

572 5427 833 5481 Abraham
852 5424 1115 5494 quiSpiam
1134 5430 1275 5477 esset
1297 5421 1384 5490 qui
1408 5421 1692 5488 imperaret
1716 5459 1729 5481 ,
1773 5420 2013 5488 quamvis
2039 5420 2148 5473 Mo—

569 5531 656 5572 ses
675 5559 689 5580 ,
718 5515 954 5586 quamvis
985 5512 1180 5575 David,
1205 5511 1448 5581 quamvis
1475 5507 1724 5564 Salomon
1752 5507 1838 5562 ille
1865 5509 2148 5577 sapientis-

569 5611 736 5661 simus
754 5646 768 5672 ,
790 5603 1028 5676 quamvis
1048 5601 1282 5656 omnium
1307 5600 1578 5654 hominum
1595 5597 1918 5668 justissimus
1944 5616 1956 5652 :
1985 5601 2028 5654 si
2051 5616 2147 5656 nos

636 5740 651 5770 ³
690 5736 839 5795 Alius,
857 5734 1070 5791 inmittit,
1091 5745 1195 5794 pm,
1220 5727 1510 5799 οῢφηιῗιείαι·
1579 5789 1590 5798 ,
1735 5787 1746 5799 .
1811 5789 1820 5797 .

639 5801 658 5828 ³
685 5787 1002 5858 Δϋιιείιίὼθι,
1019 5787 1155 5859 eique
1173 5787 1400 5851 servium,
1420 5803 1525 5852 pro,
1544 5789 1680 5854 eique
1696 5787 1899 5853 gloriam
1917 5793 2142 5854 referunt.

1260 456 1319 514 S.
1356 449 1632 511 JOANNlS
1666 438 2136 504 CllBYSOS'l'OMI
2173 437 2493 495 ARClllEP.
2533 437 3063 497 CONSTANTINOP.

3717 442 3827 498 104

2223 552 2361 606 male
2399 553 2656 617 vivimus,
2691 554 2821 609 nihil
2853 555 3074 611 interest
3100 554 3274 627 qualis
3303 552 3396 611 ille
3423 553 3521 620 sit,
3559 566 3817 626 quantum

2221 641 2288 696 ad
2314 657 2529 697 causam
2554 645 2834 699 malorum.
2865 644 2966 711 Qui
2992 645 3072 700 sic
3092 687 3108 712 ,
3134 655 3227 701 aut
3247 646 3452 718 quare?
3480 645 3746 712 Quoniam
3774 647 3819 702 si

2225 740 2585 803 transgressor
2606 733 2782 803 legum
2805 734 2965 790 fuerit
2982 776 2998 801 ,
3021 736 3068 790 si
3091 744 3292 792 temere
3315 737 3568 807 nulloque
3593 736 3820 792 consilio

2223 823 2459 891 feratur,
2489 835 2671 880 nostra
2700 826 3044 896 incogitantia
3075 837 3362 898 nostraque
3387 829 3665 883 temeritas
3691 828 3822 884 effe-

2223 913 2298 967 cit
2316 954 2332 976 ,
2361 922 2418 966 ut
2445 913 2602 969 talem
2629 914 2997 985 magistratum
3027 916 3344 972 haberemus
3362 957 3379 983 ,
3405 926 3588 972 nostra
3615 918 3820 973 scelera

2227 1003 2431 1072 plagam
2452 1003 2831 1058 accersierunt.
2860 1004 2996 1059 Nam
3019 1004 3159 1075 quod
3203 1005 3490 1061 secundum
3529 1006 3693 1062 corda
3721 1021 3822 1060 no-

2226 1105 2335 1148 stra
2364 1095 2652 1165 accipimus
2679 1095 3018 1166 magistratus
3046 1096 3179 1151 nihil
3206 1098 3350 1152 aliud
3387 1108 3501 1164 est,
3526 1099 3633 1154 nisi
3675 1098 3822 1168 quod

2226 1186 2492 1255 prmterita
2546 1194 2761 1255 peccata
2801 1194 2983 1241 nostra
3029 1187 3186 1242 talem
3217 1187 3371 1242 nobis
3398 1187 3595 1244 dedere
3625 1187 3819 1258 praefe-

2225 1284 2372 1331 ctum
2392 1317 2408 1342 ,
2446 1275 2558 1331 sive
2589 1277 2706 1345 quis
2730 1275 2888 1332 fuerit
2915 1293 2982 1332 ex
3010 1276 3200 1332 ordine
3229 1278 3579 1345 sacerdotali,
3609 1279 3724 1334 sive
3757 1291 3828 1331 ex

2226 1382 2412 1423 eorum
2433 1384 2657 1423 numero
2680 1370 2768 1438 qui
2793 1369 3089 1424 mundanas
3112 1369 3483 1425 administrant
3506 1370 3820 1440 dignitatea.

2225 1456 2480 1524 Quamvis
2521 1465 2698 1512 autem
2735 1457 2910 1527 justus
2959 1457 3152 1523 fuerit.
3205 1457 3447 1528 adeoque
3494 1459 3708 1528 justus,
3755 1469 3823 1515 It

2227 1561 2396 1617 usque
2423 1548 2490 1602 ad
2530 1547 2690 1603 Hosis
2718 1548 2965 1603 virtutem
2988 1549 3273 1620 pertingat,
3298 1550 3435 1604 haud
3467 1561 3644 1608 tamen
3674 1551 3822 1607 illius

2228 1638 2384 1691 unius
2425 1637 2630 1707 iustitia
2677 1639 2935 1694 immensa
2963 1640 2980 1670 ί
3012 1638 3343 1694 subditorum
3377 1651 3592 1710 peccata
3623 1641 3824 1697 valebit

2227 1728 2520 1798 obtegere:
2565 1729 2725 1800 idque
2752 1730 2949 1799 poterit
2977 1731 3098 1801 quis
3122 1745 3190 1786 ex
3217 1731 3332 1802 ipso
3361 1732 3506 1789 Mosa
3544 1743 3694 1788 certo
3719 1748 3820 1788 co-

2228 1834 2506 1890 gnoscere.
2535 1820 2671 1876 Cum
2699 1822 2842 1877 enim
2865 1823 2952 1876 ille
2973 1822 3157 1878 multis
3185 1823 3359 1878 modis
3383 1823 3612 1880 afﬂictus
3630 1824 3823 1882 fuisset

2231 1926 2328 1981 pro
2357 1910 2516 1966 Israel
2534 1953 2549 1976 ,
2582 1912 2943 1983 instanterque
2980 1913 3121 1983 apud
3150 1914 3319 1969 Deum
3346 1915 3727 1984 supplicasset,
3757 1925 3823 1970 ut

2233 2010 2432 2057 terram
2474 2002 2788 2071 promissam
2834 2003 2889 2057 in
2930 2011 3132 2058 sortem
3175 2003 3282 2058 illis
3325 2005 3593 2072 traderet,
3641 2015 3819 2060 tamen

2231 2092 2480 2161 quoniam
2521 2107 2580 2147 se
2618 2093 2843 2161 populus
2870 2092 2980 2146 suis
3019 2093 3252 2162 peccatis
3280 2093 3580 2148 reddiderat
3605 2094 3676 2149 ab
3719 2095 3823 2152 hac

2234 2181 2566 2250 promissone
2587 2181 2819 2237 alienum
2840 2222 2856 2248 ,
2881 2197 2988 2236 non
3016 2183 3184 2251 potuit
3213 2181 3375 2237 Mosis
3411 2181 3717 2252 deprecatio
3736 2185 3824 2255 ju-

2233 2281 2372 2325 stam
2401 2273 2494 2326 Dei
2523 2273 2838 2327 sententiam
2879 2271 3194 2339 immutare,
3222 2287 3329 2343 quo
3368 2272 3567 2328 factum
3591 2284 3649 2329 ut
3677 2284 3823 2331 totus

2233 2359 2321 2412 ille
2346 2359 2570 2427 pepulus
2613 2361 2664 2414 in
2691 2360 2905 2415 deserto
2935 2368 3381 2429 prosterneretur.
3409 2362 3657 2418 Attamen
3700 2366 3824 2434 quis

2233 2448 2376 2501 Ilose
2400 2448 2620 2515 justior,
2648 2458 2740 2502 aut
2781 2449 2900 2519 quis
2945 2449 3062 2519 plus
3106 2450 3274 2504 valuit
3296 2451 3434 2521 apud
3491 2453 3698 2508 Deum?
3727 2454 3824 2508 Di-

2232 2547 2377 2590 ctum
2403 2547 2517 2600 est,
2543 2538 2720 2593 valere
2756 2537 2888 2607 justi
2926 2539 3385 2608 deprecationem,
3412 2541 3506 2595 sed
3547 2541 3821 2597 efﬁcacem

2236 2625 2376 2695 (Jac.
2396 2627 2450 2681 5.
2480 2627 2591 2695 lo),
2610 2627 2710 2683 hoc
2735 2637 2837 2694 est,
2859 2629 3168 2697 paenitentia
3193 2631 3646 2703 conversioneque
3665 2632 3821 2702 adju-

2237 2729 2342 2772 tam
2372 2733 2554 2774 eorum
2575 2757 2592 2784 ,
2635 2734 2732 2789 pro
2757 2720 2950 2790 quibus
2993 2719 3247 2776 funditur.
3295 2721 3390 2777 His
3417 2738 3546 2778 vero
3567 2765 3584 2791 ,
3629 2724 3824 2794 quibus

2237 2825 2413 2865 mores
2453 2819 2669 2866 manent
2706 2811 2822 2867 sine
2869 2811 3180 2881 paenitentia
3210 2812 3445 2883 citraque
3470 2813 3662 2868 bonam
3688 2830 3824 2871 con-

2235 2901 2533 2954 versionem
2551 2942 2567 2966 ,
2593 2901 2860 2970 quomodo
2883 2902 3050 2971 possit
3068 2903 3310 2958 auxiliari
3329 2903 3453 2974 justi
3472 2905 3781 2974 deprecatio
3801 2946 3819 2972 ,

2235 3003 2355 3043 cum
2388 2989 2464 3042 illi
2493 2989 2592 3058 ipsi
2621 2989 2731 3044 suis
2757 2989 2906 3043 factis
2934 2991 3233 3046 obsistam?

2313 3079 2365 3134 5.
2397 3079 2465 3134 Et
2483 3079 2608 3150 quid
2627 3095 3110 3136 commemoramus
3129 3081 3231 3153 hoc
3248 3082 3503 3139 accidisse
3527 3084 3624 3139 toti
3650 3089 3823 3155 popu-

2238 3167 2291 3222 lo
2317 3169 2586 3237 peccanti,
2631 3183 2752 3223 cum
2792 3178 2847 3224 et
2891 3184 3176 3239 paucorum
3204 3170 3537 3228 subditorum
3566 3183 3820 3245 peccata,

2241 3263 2347 3313 imo
2367 3260 2520 3313 unius
2539 3273 2700 3329 saepe,
2719 3259 2862 3328 juste
2883 3259 3253 3330 imperantium
3272 3261 3512 3316 fiduciam
3535 3265 3824 3333 superent?

2240 3353 2413 3420 Atque
2456 3349 2558 3405 hoc
2598 3361 2781 3405 rursus
2821 3365 2886 3405 ex
2929 3350 3121 3406 eodem
3158 3351 3352 3421 popqu
3382 3351 3671 3409 Israelitico
3699 3369 3824 3424 per-

2241 3441 2432 3508 spicias
2461 3439 2675 3507 licebit;
2721 3440 2989 3511 quomodo
3015 3441 3221 3498 scilicet
3257 3442 3403 3498 Moss
3443 3444 3824 3514 rempublicam

2240 3529 2645 3584 administrante
2663 3570 2677 3594 ,
2707 3545 2827 3584 cum
2856 3531 2909 3585 in
2936 3538 3133 3586 terram
3158 3532 3572 3603 alienigenarum
3600 3534 3826 3606 irrupiso

2241 3630 2392 3687 sent,
2421 3635 2755 3691 pugnamque
2774 3624 3015 3678 cumillis
3027 3625 3443 3691 commisissent,
3464 3623 3676 3693 quidam
3705 3626 3826 3680 illo-

2241 3727 2361 3766 rum
2406 3712 2730 3767 insanientes
2774 3713 2826 3768 in
2865 3713 3077 3768 illorum
3120 3714 3397 3781 mulieres,
3443 3716 3599 3770 totius
3644 3717 3824 3787 populi

2241 3802 2448 3858 cladem
2470 3801 2794 3874 exitiumque
2815 3804 3151 3860 invexerunt.

2315 3894 2546 3950 Historia
2575 3896 2764 3949 Achar.
2785 3894 2934 3951 Iesus
2950 3896 3100 3953 Nave
3119 3897 3282 3968 ﬁgura
3304 3896 3428 3952 Iesu
3452 3895 3656 3954 Christi.
3683 3897 3826 3952 Ana-

2244 3986 2412 4039 thema
2435 3986 2577 4054 quid.
2604 3984 2768 4040 Unius
2803 3986 3078 4055 aliquando
3102 3995 3359 4058 peccatum
3381 3989 3472 4042 tati
3496 3989 3681 4059 populo
3710 3988 3826 4041 viu-

2244 4077 2432 4130 dictam
2476 4076 3004 4132 accersita—Simile
3031 4077 3301 4146 quidpiam
3347 4078 3398 4131 in
3446 4093 3552 4132 uno
3605 4077 3822 4144 accidit,

2245 4167 2491 4222 videlicet
2534 4166 2730 4232 Achar,
2761 4167 2850 4236 qui
2875 4181 2998 4222 cum
3027 4169 3231 4222 variam
3253 4183 3317 4223 ex
3345 4169 3685 4224 anathemate
3711 4177 3825 4223 sto-

2247 4258 2353 4312 lam
2381 4257 2714 4324 sustulisset,
2748 4260 2910 4313 etiam
2939 4257 3198 4314 adversus
3244 4260 3494 4329 populum
3544 4259 3676 4315 iram
3728 4261 3821 4315 Dei

2247 4348 2520 4403 succendit
2545 4347 2721 4420 (Iosue
2741 4349 2816 4418 7).
2842 4349 3060 4411 Verum.
3080 4358 3136 4402 ut
3150 4350 3395 4418 coniicio,
3414 4350 3680 4406 nonnullis
3697 4365 3826 4420 prato

2247 4440 2476 4493 sentiam
2506 4441 2682 4507 ignota
2711 4447 2792 4493 est
2814 4438 2930 4493 haec
2956 4439 3198 4494 historia.
3225 4439 3579 4506 Quamobrem
3607 4453 3826 4495 necesse

2246 4535 2348 4591 est,
2379 4537 2436 4580 ut
2463 4528 2644 4596 paucis
2669 4526 2736 4581 de
2759 4526 2860 4581 hac
2888 4528 3160 4595 loquutus,
3187 4536 3243 4582 et
3266 4529 3495 4585 scientes
3517 4543 3827 4584 commone-

2248 4617 2460 4684 faciam,
2489 4626 2546 4673 et
2572 4619 2869 4673 nescientes
2892 4617 3136 4672 doceam.
3169 4619 3344 4673 Achar
3367 4620 3540 4690 itaque
3564 4619 3661 4673 fuit
3690 4634 3827 4674 uitus

2249 4722 2313 4762 ex
2339 4721 2524 4764 eorum
2555 4723 2777 4763 numero
2808 4708 2898 4778 qui
2941 4722 3061 4763 cum
3087 4707 3216 4762 Jesu
3239 4707 3386 4763 Nave
3415 4709 3676 4764 transiere
3709 4696 3826 4763 Jor-

2249 4797 2461 4862 danem,
2485 4802 2578 4868 qui
2595 4801 2755 4856 .lesus
2779 4800 2958 4855 fuerat
2984 4806 3110 4854 ante
3133 4799 3226 4853 Dei
3249 4798 3448 4869 judicio
3466 4798 3706 4854 delectus
3726 4840 3741 4865 ,
3771 4808 3826 4854 ut

2251 4889 2416 4959 Moysi
2441 4888 2768 4954 succederet,
2813 4889 3010 4959 quique
3041 4899 3222 4960 typum
3260 4904 3324 4945 ac
3366 4891 3586 4960 figuram
3610 4892 3827 4962 gerebat

2252 4980 2363 5033 veri
2395 4978 2692 5034 Servatoris
2730 4979 2896 5033 nostri
2937 4979 3063 5034 .lesu
3111 4978 3325 5034 Christi.
3370 4980 3823 5050 Quemadmodum

2251 5072 2395 5126 enim
2427 5072 2516 5125 ille
2539 5087 2570 5126 e
2597 5071 2816 5125 deserto
2837 5085 2932 5139 per
2958 5070 3248 5127 Jordanem
3286 5074 3339 5128 in
3368 5080 3562 5128 terram
3600 5072 3824 5142 promis-

2251 5180 2365 5220 sam
2419 5163 2663 5233 perduxit
2704 5164 2984 5234 populum,
3027 5165 3106 5219 sic
3133 5173 3189 5219 et
3231 5164 3481 5221 Servator
3527 5171 3710 5219 noster
3755 5179 3822 5219 ex

2251 5254 2562 5325 ignorantia:
2586 5263 2640 5308 et
2685 5253 2996 5308 idololatria.-
3023 5255 3237 5310 deserto
3274 5270 3368 5325 per
3394 5263 3632 5310 sanctum
3653 5269 3718 5309 ac
3741 5270 3823 5310 sa-

2253 5345 2520 5399 lutiferum
2561 5343 2879 5412 baptismum
2909 5343 2963 5398 in
3009 5345 3274 5400 caelestem
3303 5343 3687 5416 Jerosolymam
3725 5359 3823 5399 nos

2255 5436 2504 5499 traduxit,
2536 5433 2603 5488 ad
2647 5442 2874 5488 matrem
2905 5434 3402 5504 primogenitorum,
3445 5435 3495 5488 in
3539 5450 3643 5506 qua
3679 5447 3822 5492 vera:

2252 5528 2446 5597 quietis
2471 5536 2668 5597 parata:
2693 5533 2816 5581 sunt
2836 5526 3162 5591 mansiones,
3187 5525 3276 5581 ubi
3300 5526 3406 5580 vita
3439 5528 3697 5585 tumultus
3726 5545 3820 5584 ne-

2252 5622 2358 5675 scia
2389 5619 2732 5689 pacificaque.
2763 5618 2860 5672 Hic
2889 5619 3066 5688 itaque
3092 5633 3211 5673 cum
3233 5617 3351 5688 ejus
3383 5618 3576 5676 virtute
3598 5621 3686 5692 qui
3708 5621 3820 5690 jus~

2320 5796 2334 5825 ι
2373 5800 2499 5841 unus
2519 5789 2684 5849 habet,
2709 5796 2889 5849 nostra,
2914 5801 3020 5852 pro,
3042 5785 3292 5841 immensa.
