4048 6436
225 325 336 382 103

233 431 446 500 ροῦντα⁶
511 430 608 483 καὶ
656 427 818 492 αὑτὸς
860 427 917 481 δὲ
959 430 988 480 6
1038 428 1247 498 Κύριος
1290 426 1446 481 τοῦτο
1488 424 1805 477 διαϐεϐαιοῖ.

231 513 362 568 Εἶτα
382 512 589 568 τούτων
612 513 710 583 μὲν
735 515 1116 583 καταφρονεῖς,
1138 514 1195 563 ἐν
1225 507 1306 574 οἷς
1332 509 1424 563 καὶ
1455 512 1483 562 6
1510 506 1606 560 τοῦ
1630 524 1807 559 συνει-

227 599 378 661 δότος
417 598 602 667 φόϐος,
633 596 728 649 καὶ
747 598 776 648 6
808 597 918 648 τῶν
948 594 1347 665 πεπραγμένων
1371 592 1613 660 ἐλεγχος,
1652 590 1745 643 καὶ
1772 591 1806 660 ἡ

229 681 338 734 τῶν
371 679 609 732 εὐθυνῶν
636 677 866 746 ἀγωνία,
901 678 993 730 καὶ
1030 678 1091 728 τὸ
1122 677 1222 744 τῆς
1259 675 1534 735 κολάσεως
1572 672 1809 743 ἀπαραί-

1208 307 1279 366 IN
1310 310 1547 374 ILLUD,
1591 307 1725 364 VIDI
1768 303 2109 372 DOMINUM,
2148 303 2386 361 IIOMIL.
2432 304 2472 357 1,

3372 327 3482 382 104

1917 423 2021 484 κάς
2052 421 2346 474 διεπόντων
2376 419 2624 482 ἐξουσίας
2656 418 2698 470 ί.
2735 418 2797 470 Εἰ
2838 416 2894 470 δέ
2927 417 3021 471 καὶ
3056 417 3173 469 λίαν
3200 414 3404 482 δίκαιος
3433 413 3488 493 ᾖ,

1917 506 2011 558 καὶ
2045 504 2188 557 οὕτω
2213 503 2442 566 δίκαιος,
2486 502 2627 555 ὥστε
2667 500 2828 572 μέχρι
2853 504 2952 571 τῆς
2989 501 3265 564 Μωῦσέως
3293 503 3490 572 ἀρετῆς

1912 587 2257 659 ἐληλακέναι,
2283 586 2382 654 οὑχ
2401 587 2435 656 ἡ
2466 583 2633 638 αὑτοῦ
2662 585 2822 655 μόνου
2841 584 3153 652 δικαιοσύνη
3186 584 3255 637 τά
3280 585 3493 655 ἄμετρα

1909 669 2017 721 τῶν
2047 667 2305 738 ὑπηκόων
2332 666 2675 736 συγκαλύψαι
2702 666 2990 737 δυνήσεται
3015 667 3354 736 πταίσματα.
3387 669 3496 719 Καὶ

221 780 392 834 ,τητον
412 780 427 794 ·
477 762 564 815 Eva
591 761 649 813 δέ
690 760 961 830 πρόφασιν
996 759 1186 826 ἄλογον
1228 758 1336 810 τῶν
1373 757 1481 810 σῶν
1512 755 1748 827 ἐφεύρῃς
1782 767 1806 796 ε
1910 750 2071 806 τοῦτο
2100 749 2160 815 ἐξ
2191 750 2357 803 αὑτοῦ
2392 751 2458 804 ἄν
2484 768 2566 814 τις
2595 751 2840 821 ἀκριϐῶς
2870 750 3176 820 καταμάθοι
3206 751 3300 804 τοῦ
3334 753 3496 805 Μωῦ-

234 844 648 917 μετεωρισμῶν,
684 840 1010 912 ὠφελεῖσθαι
1042 842 1240 908 λέγεις,
1269 843 1326 893 ἐν
1364 835 1445 903 οἷς
1466 840 1564 909 τὴν
1595 841 1810 906 ἀπαρα-

233 928 473 998 μύθητον
491 926 782 995 ὑπομένεις
796 926 826 987 ζ
830 943 860 995 η
870 924 998 994 μίαν
1023 942 1037 989 ;
1068 923 1181 993 Μὴ,
1198 922 1389 992 δέομαι
1411 923 1505 975 καὶ
1521 920 1806 983 ἀντιϐολῶ,

234 1009 310 1080 μὴ
345 1006 809 1080 προφασιζὼμεθα
840 1006 1142 1076 προφάσεις
1176 1007 1234 1057 ἐν
1256 1004 1551 1075 ἁμαρτίαις
1571 1021 1584 1034 ·
1614 1002 1810 1071 σκῆψις

231 1092 342 1162 γὰρ
390 1091 583 1154 ταῦτα,
631 1091 725 1142 καὶ
773 1089 960 1156 ἀπάτη
1007 1091 1138 1158 ἡμῖν
1187 1088 1374 1149 αὑτοῖς
1410 1088 1470 1139 τι)
1523 1085 1812 1156 ἐπιζήμιον

232 1174 589 1243 προξενοῦσα.
640 1171 796 1224 Ἀλλά
838 1173 967 1242 περὶ
1005 1171 1196 1223 τούτου
1233 1171 1332 1240 μὲν
1379 1167 1647 1223 τοσαῦτα·
1696 1168 1814 1238 ὥρα

231 1258 290 1310 δὲ
323 1253 508 1310 λοιπὸν
541 1258 620 1319 είς
649 1257 746 1326 τὴν
777 1255 1047 1325 προτέραν
1091 1254 1423 1324 ἀναδραμεῖν
1468 1251 1810 1321 παραίνεσιν,

233 1340 330 1391 καὶ
355 1339 565 1410 βραχέα
583 1339 711 1408 περὶ
737 1339 938 1405 ταύτης
963 1339 1204 1398 εἰπόντα,
1224 1336 1497 1406 προσῆκον
1518 1333 1670 1394 τέλος
1702 1332 1817 1384 ἐπι-

232 1419 506 1491 θεῖναιτῷ
528 1421 693 1490 λόγῳ.
725 1421 832 1472 Καὶ
849 1422 957 1492 γὰρ
982 1421 1043 1472 οὑ
1075 1419 1232 1489 μόνον
1260 1417 1330 1468 τὰ
1357 1416 1455 1485 τῆς
1482 1414 1705 1478 ἀταξίας
1730 1415 1816 1466 ἐν·

232 1505 430 1568 ταῦθα,
464 1503 598 1557 ἀλλά
632 1499 937 1574 καὶέέτερόν
971 1520 1021 1555 τι
1065 1499 1295 1573 χαλεπὸν
1328 1501 1640 1570 περινοστεῖ
1668 1497 1696 1535 ιι
1731 1497 1816 1549 νό-

235 1602 408 1657 σημα.
448 1589 605 1639 Ποῖον
645 1585 709 1656 δὴ
738 1587 934 1650 τοῦτο;
983 1585 1056 1636 Τὸ
1095 1584 1227 1654 πρὸς
1263 1583 1394 1635 Θεὸν
1440 1582 1538 1652 τὴν
1584 1580 1817 1643 διάλεξιν

233 1669 509 1722 ποιεῖσθαι
565 1669 954 1738 προθεμένους,
1004 1668 1096 1720 καὶ
1154 1665 1304 1734 αὑτῷ
1356 1665 1454 1735 τὴν
1507 1662 1817 1732 δοξολογίαν

233 1751 681 1819 ἀναπέμποντας,
697 1747 816 1803 εἷτα
843 1752 1081 1818 ἀφέντας
1102 1749 1313 1812 τοῦτον,
1329 1748 1422 1801 τὸν
1446 1747 1672 1817 πλησίον
1695 1749 1818 1800 ἓκα⁹

235 1850 360 1895 στος
397 1831 691 1885 ἀπολαϐεῖν
720 1834 813 1885 καὶ
840 1834 907 1886 τά
932 1833 1051 1886 κατ’
1083 1827 1230 1884 οἷκον
1277 1829 1635 1893 διατίθεσθαι,
1663 1831 1730 1884 τά
1758 1831 1815 1882 ἐν

231 1918 355 1978 ταῖς
396 1916 640 1985 ἀγοραῖς,
677 1915 745 1967 τὰ
772 1917 828 1967 ἐν
873 1915 950 1984 τῷ
981 1915 1155 1986 δήμῳ,
1197 1914 1267 1967 τά
1307 1915 1364 1967 ἐν
1395 1915 1508 1977 τοῖς
1542 1913 1814 1982 θεάτροις,

231 2000 304 2052 τὰ
331 2000 389 2051 ἐν
418 1998 496 2068 τῷ
528 1998 763 2067 στρατῷ,
791 1999 886 2050 καὶ
916 1998 1032 2061 πῶς
1065 1999 1162 2068 μὲν
1183 1997 1358 2050 ταῦτα
1390 1997 1659 2067 διῳκήθη,
1695 2001 1815 2060 πῶς

233 2081 292 2134 δὲ
325 2084 508 2134 ἐκεῖνα
557 2081 908 2152 παρεωράθη,
939 2082 1032 2132 καὶ
1068 2082 1121 2132 τί
1157 2079 1218 2132 τὸ
1265 2077 1558 2144 πλεονάζον
1602 2082 1660 2132 ἐν
1692 2082 1815 2142 ταῖς

237 2163 667 2234 πραγματείαις,
700 2164 752 2216 τί
792 2163 847 2214 δέ
884 2163 944 2214 τὸ
987 2162 1230 2214 ἐλλεῖπον
1256 2179 1269 2193 ·
1312 2164 1407 2214 καὶ
1455 2162 1644 2225 ἁπλῶς
1686 2164 1815 2232 περὶ

233 2247 456 2300 πάντων
491 2243 598 2298 τῶν
629 2245 823 2297 κοινῶν
856 2246 948 2297 καὶ
993 2244 1136 2297 ίδίων
1185 2244 1420 2298 ἐνταῦθα
1449 2245 1810 2312 διαλέγονται,

233 2329 348 2384 Καὶ
375 2330 535 2391 ποίας
566 2327 736 2381 ταῦτα
773 2327 1100 2396 συγγνώμης
1135 2327 1291 2393 ἀξια;
1335 2328 1447 2380 Καὶ
1481 2329 1688 2398 βασιλεῖ
1719 2329 1816 2395 μέν

234 2429 320 2474 τις
361 2409 439 2480 τῷ
486 2410 713 2479 ἐπιγείῳ
764 2407 1162 2478 διαλεγόμενος,
1199 2411 1330 2480 περὶ
1362 2410 1586 2463 ἐκείνων
1643 2410 1817 2480 μόνων

237 2495 474 2546 ποιεῖται
496 2493 586 2544 τὸν
613 2492 787 2560 λόγον,
813 2494 942 2562 περὶ
970 2486 1044 2544 ὧν
1070 2492 1133 2544 ἂν
1155 2493 1360 2554 ἐκεῖνος
1387 2492 1695 2562 βουληθείη,
1724 2494 1818 2545 καὶ

237 2568 314 2628 ὧν
357 2573 624 2644 προτείνει
658 2583 680 2612 ο
721 2573 818 2635 τάς
863 2577 1159 2643 ἐρωτήσεις
1182 2591 1195 2603 ·
1243 2576 1290 2626 εἰ
1320 2574 1377 2626 δὲ
1408 2576 1502 2627 καὶ
1545 2575 1730 2643 ἓτερόν
1757 2591 1811 2625 τι

238 2657 393 2727 παρὰ
419 2657 519 2727 τὴν
548 2656 757 2709 ἐκείνου
790 2657 1014 2726 γνώμην
1052 2655 1343 2707 ὑποϐαλεῖν
1365 2657 1676 2726 τολμήσειε,
1718 2657 1818 2726 τὴν

239 2741 476 2810 ἐσχάτην
495 2738 764 2809 τιμωρίαν
787 2741 1152 2809 ὑποστήσεται
1176 2756 1190 2770 ·
1216 2739 1280 2792 σὺ
1307 2739 1363 2792 δὲ
1385 2739 1462 2810 τῷ
1483 2740 1692 2809 βασιλεῖ
1711 2741 1818 2792 τῶν

242 2821 633 2892 βασιλευόντων
657 2820 1022 2892 προσομιλῶν,
1129 2821 1443 2892 φρίττοντες
1474 2822 1818 2890 λειτουργοῦ-

241 2923 326 2958 σιν
365 2902 516 2976 [102]
560 2903 799 2970 ἄγγελοι,
844 2903 1001 2970 ἀφεὶς
1047 2902 1146 2971 τὴν
1176 2904 1311 2974 πρὸς
1353 2905 1517 2957 αὑτὸν
1561 2904 1818 2969 διάλεξιν,

241 2989 375 3058 περὶ
404 2985 599 3056 πηλοῦ,
629 2987 720 3040 καὶ
739 2985 963 3048 κόνεως,
985 2986 1078 3038 καὶ
1095 2986 1337 3056 ἀράχνης
1364 2986 1584 3057 διαλέγῃ
1602 3004 1615 3049 ;
1635 2987 1822 3040 Ταῦτα

238 3071 350 3140 γάρ
381 3070 495 3122 ἐστι
530 3068 600 3121 τὰ
631 3068 874 3138 παρόντα
897 3067 1216 3138 πράγματα.
1248 3069 1356 3121 Καὶ
1392 3069 1506 3130 πῶς
1531 3072 1697 3131 οἴσεις
1724 3070 1820 3140 τὴν

237 3155 340 3224 τῆς
386 3153 842 3222 καταφρονήσεως
879 3150 1034 3219 δίκην
1059 3167 1074 3214 ;
1103 3150 1186 3214 τίς
1233 3151 1288 3203 δέ
1339 3168 1397 3203 σε
1434 3152 1534 3221 τῆς
1569 3152 1821 3222 ’.οοαύτης

243 3235 594 3304 ἐξαιρήσεται
625 3233 922 3302 τιμωρίας;

324 3316 486 3369 Ἀλλά
527 3316 734 3378 κακῶς,
777 3315 931 3384 φησὶ,
974 3316 1043 3367 τά
1089 3316 1195 3368 τῶν
1224 3316 1586 3386 πραγμάτων,
1621 3319 1710 3368 καὶ
1754 3319 1823 3372 τὰ

238 3400 341 3470 τῆς
371 3397 644 3461 πολιτείας
672 3399 1106 3461 ὃιάκεινται,καὶ
1133 3398 1298 3460 πολῦς
1325 3401 1456 3468 ἡμῖν
1480 3402 1607 3470 περὶ
1633 3403 1822 3455 τούτου

239 3485 270 3536 6
295 3483 474 3550 λόγος,
505 3481 670 3544 πολὺς
703 3482 731 3532 6
758 3479 928 3547 ἀγών.
952 3481 1061 3532 Καὶ
1088 3481 1170 3543 τίς
1201 3481 1234 3550 ἡ
1264 3482 1443 3546 αίτία;
1475 3484 1538 3535 Ἡ
1565 3483 1670 3536 τῶν
1696 3502 1824 3554 κρα-

239 3566 500 3626 τούντων,
552 3564 736 3635 φησὶν,
771 3563 1016 3617 ἀϐουλία.
1069 3564 1180 3634 Οὑχ
1233 3565 1267 3634 ἡ
1315 3563 1423 3616 τῶν
1476 3567 1823 3635 κρατούντων

241 3649 491 3712 ἀϐουλία,
523 3647 714 3718 ἀλλάή
746 3646 900 3716 ἡμῶν
925 3647 1187 3717 ἁμαρτία,
1217 3649 1249 3716 ή
1285 3647 1392 3700 τῶν
1415 3649 1822 3719 πλημμελημά-

241 3749 351 3783 των
405 3729 713 3797 εῐσπραξις.
762 3731 977 3800 Ἐκείνη
1027 3730 1096 3782 τὰ
1145 3730 1258 3783 ἀνω
1303 3731 1455 3783 κάτω
1499 3732 1819 3800 πεποίηκεν,

241 3813 425 3882 ἐκείνη
456 3812 633 3864 πάντα
673 3811 741 3864 τά
785 3810 934 3863 δεινά
960 3812 1276 3880 εἰσήγαγεν,
1301 3811 1482 3880 ἐκείνη
1517 3813 1642 3875 τοὺς
1672 3813 1826 3865 πολέ-

246 3913 379 3965 μους
398 3893 424 3933 ἀ
467 3893 787 3957 ἐξώπλισεν,
831 3895 1010 3963 ἐκείνη
1035 3895 1131 3964 τὴν
1153 3892 1321 3965 ἧτταν
1348 3897 1438 3966 ἐνή
1450 3914 1667 3966 ργησεν.
1712 3897 1824 3948 υὺκ

242 3977 464 4032 ἄλλοθεν
495 3978 624 4046 ἡμῖν
657 3978 685 4028 6
716 3975 824 4028 τῶν
867 3977 1104 4045 ἀνιαρῶν
1139 3977 1304 4046 ἐσμὸς
1352 3979 1678 4050 ὑπερεχέθη,
1710 3980 1823 4032 ἀλλ’

245 4059 280 4128 ἦ
332 4060 398 4112 ἐκ
423 4057 626 4129 ταύτης
654 4059 752 4128 τῆς
782 4059 979 4120 αίτίας.
1009 4060 1171 4110 ’Ὥστε
1202 4059 1303 4111 κᾶν
1339 4061 1590 4132 Ἀϐραάμ
1616 4081 1698 4124 τις
1799 4066 1825 4116 6

244 4141 485 4211 κρατῶν,
518 4141 622 4194 κάν
651 4142 913 4210 Μωῦσῆς,
943 4141 1047 4192 κᾶν
1069 4141 1252 4205 Δαυῒδ,
1284 4145 1387 4195 κᾶν
1415 4144 1666 4214 Σολομὼν
1695 4149 1722 4198 6
1746 4164 1826 4198 σο-

245 4224 513 4294 φώτατος,
539 4222 639 4276 κᾶν
655 4225 911 4277 ἁπάντων
933 4224 1271 4294 δικαιότερος
1294 4238 1315 4262 ο
1331 4227 1654 4297 ἀνθρώπων,
1669 4231 1700 4298 ή
1710 4230 1824 4298 μῶν

243 4307 429 4369 κακῶς
452 4307 829 4376 διακειμένων,
856 4306 1156 4374 ἀδιάφορον
1177 4308 1290 4375 ἔχει
1316 4309 1412 4376 τὴν
1437 4310 1573 4380 πρὸς
1591 4312 1660 4362 τὰ
1679 4312 1825 4364 κακά

243 4390 447 4443 αἰτίαν.
478 4389 603 4451 Πῶς
625 4389 721 4440 καὶ
747 4389 854 4440 τίνι
883 4389 1106 4458 τρόπῳ;
1143 4390 1262 4443 Ὅτι
1293 4393 1339 4442 εί
1384 4393 1481 4461 μὲν
1512 4394 1620 4446 τῶν
1653 4412 1827 4464 παρα-

244 4473 574 4543 νομωτάτων
604 4473 712 4543 εἴη,
746 4473 841 4523 καὶ
869 4472 978 4522 τῶν
1009 4473 1324 4543 ἀϐουλήτως
1347 4477 1440 4527 καὶ
1456 4477 1706 4539 ἀτάκτως
1733 4496 1826 4545 φε-

245 4555 510 4624 ρομένων,
541 4556 574 4623 ἡ
622 4554 779 4625 ἡμῶν
814 4553 1039 4607 ἀϐουλία
1079 4557 1172 4608 καὶ
1215 4557 1411 4622 ἀταξία
1454 4559 1545 4610 τὸν
1587 4560 1824 4614 τοιοῦτον

243 4637 683 4707 ἐκαρποφόρησε,
710 4639 779 4688 τά
810 4637 1051 4707 ἡμέτερα
1077 4639 1451 4709 ἁμαρτήματα
1487 4641 1585 4710 τὴν
1614 4643 1825 4713 πληγὴν

243 4720 595 4789 προεξένησε.
635 4720 707 4772 T6
734 4720 840 4790 γάρ
874 4720 1015 4772 κατά
1047 4721 1142 4783 τάς
1173 4722 1398 4790 καρδίας
1426 4725 1582 4793 ἡμῶν
1622 4724 1826 4794 λαμϐά-

242 4819 356 4854 νειν
393 4801 659 4871 ἄρχοντας
703 4803 853 4854 οὐδὲν
894 4801 1081 4871 ἕτερόν
1119 4804 1288 4864 ἐστιν,
1327 4805 1441 4856 ἀλλ’
1473 4807 1504 4875 ἢ
1532 4806 1711 4872 τοῦτο,
1744 4810 1823 4861 ὅτι

246 4886 731 4955 προημαρτηκότες
746 4884 987 4938 τοιούτου
1006 4884 1099 4936 τοῦ
1123 4903 1252 4954 προε
1262 4890 1491 4956 στηκότο
1503 4908 1518 4951 ;
1538 4891 1821 4962 ἐτύχομεν,

246 4969 346 5022 κάν
369 4985 428 5022 τε
455 4967 562 5020 τῶν
606 4970 914 5037 ἱερωμένων
1006 4985 1109 5032 τις,
1147 4971 1246 5023 κάν
1285 4989 1343 5023 τε
1371 4972 1477 5026 τῶν
1508 4974 1603 5037 τάς
1636 4993 1826 5045 κοσμι-

312 5191 337 5218 ⁸
364 5189 498 5257 Cnns
524 5187 844 5257 Exn-280610
869 5196 977 5257 pos}.
1013 5189 1405 5257 quinqneﬁegve
1432 5206 1547 5239 mss.
1588 5201 1640 5257 eL
1673 5195 1820 5243 Savil.

243 5258 383 5316 τεειε
408 5251 596 5316 δέομαι.
626 5248 783 5316 Εσὶιῑο
805 5248 975 5297 Morel.
1023 5248 1390 5311 ἰιιδῐέδεομεθα,
1417 5259 1470 5299 ut
1498 5254 1721 5316 arguitur
1763 5272 1823 5303 ex

244 5312 478 5360 ἀντιϐολῶ
503 5312 749 5369 sequenti.

309 5371 337 5411 ιι
365 5371 829 5439 Αίὶιιε-κατακρατεῖ.
863 5371 1012 5419 Paulo
1041 5377 1149 5433 post
1183 5375 1306 5422 alius
1339 5378 1418 5422 καὶ
1439 5377 1568 5439 αὐτῷ
1599 5380 1688 5435 τήν
1716 5381 1824 5426 δου-

243 5434 480 5493 λαγωγίαν
513 5432 881 5490 ἀναπέμποντας.

311 5497 330 5555 ς
360 5495 468 5555 ι)υο
499 5495 736 5555 προτείνῃ.

308 5553 646 5624 fi'Legendx-Jm
670 5555 863 5624 y’id'glur
885 5554 1151 5624 πολεμίους.
1178 5555 1276 5603 Sed
1325 5561 1484 5606 omnia
1519 5566 1821 5624 exemplaria

243 5618 487 5680 πολέμους
515 5615 964 5680 habentLErasmUS
990 5615 1438 5680 ila_int0rprolalus
1464 5629 1559 5680 est,
1584 5637 1637 5671 ac
1669 5615 1710 5672 .si
1736 5644 1822 5672 πο-

244 5679 434 5738 ὶεμίους
481 5679 674 5743 Ιρερτῐι.
712 5677 869 5743 ‘Paulo
891 5685 997 5736 post
1021 5677 1078 5723 ad
1104 5689 1268 5724 vocem
1295 5677 1569 5743 ὑπερεχέθη,
1597 5686 1743 5734 Suvil.
1775 5701 1819 5735 In

244 5735 395 5797 mérg.
431 5735 565 5785 nolu—t
588 5738 852 5784 ἐπ)εόνασε,
895 5735 903 5736 ί
1388 5735 1397 5743 .
1437 5735 1468 5743 ,.

311 5811 332 5867 εξ
360 5800 456 5867 δεῖ(
490 5812 605 5867 mss.
627 5799 1027 5867 άμαρτιυλοτ-ερος,
1067 5800 1212 5864 male.
1257 5804 1306 5848 ni
1330 5803 1498 5867 fallor;
1528 5820 1639 5857 nam
1661 5809 1740 5858 hic
1760 5811 1820 5860 de

248 5860 359 5907 ciris
383 5863 559 5909 virtute
593 5859 992 5919 prwcellenlibUs
1023 5859 1194 5919 θείων.

539 5962 810 6024 ΡΑτιιοι.
859 5962 974 6023 Gn.
1024 5962 1178 6022 LVI.

1915 836 2086 897 σέως,
2144 834 2238 887 τοῦ
2298 834 2470 886 πολλὰ
2529 834 2627 904 μὲν
2680 834 3163 903 κακοπαθήσαντος
3214 835 3352 902 ὑπὲρ
3399 834 3495 886 τοῦ

1926 918 2164 989 Ἰσραὴλ,
2200 917 2401 987 πολλὴν
2422 916 2479 969 δέ
2510 915 2606 986 τὴν
2637 916 2775 985 ὑπὲρ
2801 915 2967 968 αὑτοῦ
2996 916 3208 968 ἱκεσίαν
3245 915 3377 984 πρὸς
3407 917 3498 968 τὸν

1913 1001 2046 1054 θεὸν
2077 999 2508 1070 ἐνστησαμένου,
2551 998 2691 1051 ὥστε
2731 999 2828 1067 τὴν
2876 998 3292 1067 ἐπηγγελμένην
3337 999 3499 1051 αὑτὸν

1915 1082 2466 1153 κατακληρονομῆσαι
2494 1081 2599 1150 γῆν
2622 1097 2635 1110 °
2659 1080 2773 1133 ἀλλ’
2808 1081 2929 1132 ἐπεὶ
2963 1081 3110 1144 ξένον
3131 1081 3321 1134 ἐαυτὸν
3346 1075 3498 1144 οὗτος

1914 1167 2012 1234 τῆς
2060 1164 2444 1233 κατασχέσεως
2487 1166 2608 1228 ταῖς
2651 1164 2878 1227 οἰκείαις
2913 1164 3212 1234 κατέστησε
3259 1182 3496 1234 παρανο-

1920 1248 2094 1316 μίαις,
2136 1248 2233 1300 οὑκ
2265 1247 2481 1316 ἴσχυσεν
2515 1248 2547 1316 ἡ
2580 1245 2746 1299 αὑτοῦ
2773 1245 2956 1314 δέησις
2991 1245 3090 1316 τὴν
3114 1245 3207 1298 τοῦ
3242 1247 3376 1297 Θεοῦ
3419 1248 3496 1299 δι-

1918 1330 2081 1382 καίαν
2097 1330 2278 1399 ψῆφον
2298 1329 2664 1400 μεταποιῆσαι
2680 1328 2879 1391 παντὸς
2892 1327 2986 1380 τοῦ
3004 1328 3133 1381 λαοῦ
3155 1329 3212 1380 ἐν
3228 1331 3294 1399 τῇ
3312 1330 3501 1399 ἐρήμῳ

1918 1413 2390 1484 κατεστρωμένου.
2407 1413 2595 1465 Καίτοι
2615 1413 2698 1474 τίς
2715 1411 2804 1464 τοῦ
2828 1414 3106 1476 Μωῦσέως
3130 1413 3498 1483 δικαιότερος;

1918 1497 1952 1567 ἢ
1984 1497 2067 1559 τίς
2111 1493 2724 1568 παρῤησιαστικώτερος
2754 1495 2891 1563 πρὸς
2928 1495 3019 1547 τὸν
3049 1495 3181 1548 Θεόν
3208 1513 3222 1560 ;
3270 1494 3500 1564 ’ἰσχύειν

1923 1581 2022 1649 μὲν
2067 1579 2284 1646 λέγεται
2312 1578 2524 1631 δικαίου
2559 1578 2763 1648 δέησις,
2801 1577 2915 1630 ἀλλ’
2965 1577 3351 1648 ἐνεργουμένη,
3380 1593 3502 1630 του-

1918 1664 2102 1726 τέστι,
2149 1661 2490 1732 βοηθουμένη
2529 1663 2596 1730 τῇ
2651 1659 2981 1732 μεταμελείᾳ
3028 1661 3120 1713 καὶ
3175 1663 3500 1730 ἐπιστροφῇ,

1920 1746 2062 1816 ὑπὲρ
2090 1738 2165 1797 ὧν
2199 1743 2614 1797 καταϐάλλεται.
2648 1738 2743 1805 Οἷς
2772 1743 2830 1795 δὲ
2883 1743 3253 1814 ἀμετανόητος
3285 1744 3380 1796 καὶ
3411 1745 3503 1796 ἀν-

1919 1828 2246 1899 επίστρσφός
2277 1829 2420 1882 ἐστιν
2452 1828 2480 1880 6
2502 1826 2722 1897 τρόπος,
2749 1826 2870 1891 πῶς
2895 1827 2963 1879 ἀν
2985 1827 3263 1897 ἐπαμῦναι
3280 1828 3495 1898 δυνήσε-

1917 1929 2028 1974 ται,
2067 1911 2250 1964 αὑτῶν
2272 1912 2496 1964 ἐκείνων
2525 1912 2637 1973 τοῖς
2673 1912 2853 1980 ἔργοις
2878 1911 3309 1963 ἀντικοπτόντων
3341 1912 3368 1950 δ
3395 1927 3409 1974 ;

1990 2001 2052 2049 ε’.
2066 1994 2238 2048 Καὶτί
2252 1994 2482 2064 λέγομεν
2496 1993 2588 2046 ἐπὶ
2601 1992 2897 2063 ὁλοκλήρου
2914 1993 3044 2046 λαοῦ
3065 1994 3504 2063 παρανομοῦντος

1916 2077 2076 2130 τοῦτο
2123 2076 2463 2146 συμϐαίνειν,
2501 2076 2635 2128 ὅπου
2666 2075 2761 2128 καὶ
2797 2078 2829 2146 ή
2867 2077 2977 2128 τῶν
3021 2076 3217 2143 ὀλίγων
3248 2077 3506 2146 ὑπηκόων

1918 2159 2182 2229 ἁμαρτία,
2221 2157 2256 2228 ἢ
2286 2158 2543 2220 πολλάκις
2575 2158 2668 2210 καὶ¹
2709 2157 2803 2210 τοῦ
2833 2158 2973 2223 ἐνὸς,
2999 2160 3096 2228 τὴν
3130 2157 3241 2210 τῶν
3282 2158 3507 2220 δικαίως

1918 2239 2069 2313 1105]
2117 2239 2466 2312 κρατούντων
2510 2242 2935 2310 ὑπερακοντίςει
2982 2241 3334 2312 παρρησίανς
3396 2240 3509 2293 Καὶ

1917 2324 2074 2377 τοῦτο
2111 2325 2274 2378 πάλιν
2294 2323 2354 2389 ἐξ
2377 2324 2541 2377 αὑτοῦ
2563 2325 2628 2378 ἀν
2655 2340 2740 2386 τις
2762 2326 3118 2396 κατανοήσειε
3137 2323 3232 2376 τοῦ
3268 2323 3503 2393 Ἰσραὴλ,

1919 2411 1977 2473 ὃς
2011 2411 2114 2463 ὑπὸ
2149 2409 2427 2472 Μωῦσέως
2459 2408 2978 2479 δημαγωγούμενος,
3026 2409 3190 2480 ήνίκα
3230 2411 3366 2480 πρὸς
3405 2410 3504 2480 τὴν

1918 2493 2029 2545 τῶν
2073 2491 2386 2560 ἀλλοξύλων
2418 2491 2696 2562 παρέϐαλε
2741 2493 2864 2560 γῆν,
2895 2494 2987 2545 καὶ
3005 2495 3104 2563 τὴν
3138 2493 3274 2563 πρὸς
3307 2493 3504 2554 αὑτοὺς

1921 2579 2121 2648 συνῆρε
2165 2576 2366 2647 μάχην,
2417 2576 2535 2639 πῶς
2580 2594 2724 2641 τινες
2770 2578 2950 2630 αὑτῶν
2993 2578 3249 2647 μανέντες
3283 2580 3363 2640 είς
3407 2577 3507 2638 τάς

1920 2660 2144 2712 ἐκείνων
2169 2663 2455 2726 γυναῖκας,
2485 2659 2583 2729 τὴν
2603 2660 2882 2730 πάνδημον
2913 2661 3130 2730 ἐκείνην
3157 2657 3386 2730 θραῦσιν
3414 2661 3508 2712 καὶ

1921 2743 2012 2794 τὸν
2044 2742 2266 2812 δλεθρον
2289 2744 2742 2812 κατειργάσαντο.

2004 2826 2127 2878 Ἐπὶ
2151 2825 2269 2888 ἐνὸς
2299 2826 2353 2878 δὲ
2377 2826 2437 2878 τὸ
2464 2826 2674 2878 τοιοῦτο
2702 2825 3047 2896 συμϐέϐηκεν
3068 2842 3081 2854 ·
3113 2826 3187 2889 ὡς
3207 2826 3299 2879 ἐπὶ
3331 2829 3506 2897 ’Λχαρ

1921 2907 2014 2960 τοῦ
2044 2908 2142 2979 τήν
2159 2908 2408 2978 ποικίλην
2441 2908 2632 2979 στολὴν
2653 2909 2991 2979 ἀφελομένου
3020 2909 3112 2961 τοῦ
3139 2909 3504 2980 ἀναθήματος,

1923 2992 2018 3044 καὶ
2058 2987 2200 3044 κατά
2228 2991 2322 3046 τοῦ
2355 2991 2482 3044 λαοῦ
2513 2992 2611 3061 τὴν
2636 2993 2731 3045 τοῦ
2756 2992 2891 3046 Θεοῦ
2919 2993 3286 3055 ἐκκαύσαντος
3314 2994 3504 3064 ὀργήν.

1937 3073 2078 3125 Ἀλλ’
2113 3074 2240 3135 ἴσως
2268 3075 2413 3137 τινές
2443 3074 2552 3128 τῶν
2575 3076 2859 3143 παρόντων
2883 3077 2950 3129 τά
2979 3076 3078 3145 τῆς
3105 3076 3344 3147 ἱστορίας
3377 3076 3506 3129 ταύ-

1922 3173 2022 3225 της
2050 3157 2322 3223 ἀγνοοῦσι.
2359 3160 2459 3210 Διά
2491 3157 2649 3209 τοῦτο
2671 3159 2752 3210 δεῖ
2794 3158 3002 3228 βραχέα
3045 3161 3171 3227 περὶ
3201 3159 3400 3228 ταύτης
3428 3161 3507 3210 εί-

1923 3239 2095 3290 πόντα
2131 3238 2156 3276 Ιι
2192 3239 2503 3307 ὑπομνῆσαι
2536 3239 2636 3306 μὲν
2666 3239 2791 3302 τοὺς
2809 3239 3043 3306 είδότας,
3075 3241 3280 3305 διδάξαι
3307 3241 3362 3293 δέ
3383 3243 3509 3305 τοὺς

1923 3321 2269 3389 ἀγνοοῦντας.
2305 3317 2474 3385 Οὗτος
2504 3323 2681 3375 τοίνυν
2722 3325 2750 3376 6
2782 3325 2959 3395 Ἀχαρ
2987 3320 3064 3387 εἷς
3095 3325 3360 3394 ἐτύγχανε
3402 3325 3510 3379 τῶν

1928 3404 2067 3473 μετά
2114 3403 2290 3470 Ἰησοῦ
2346 3404 2440 3457 τοῦ
2493 3406 2646 3476 Ναυῆ
2695 3405 2998 3460 διαϐάντων
3053 3408 3144 3460 τὸν
3215 3407 3508 3477 Ἰορδάνην,

1939 3487 2114 3558 Ἰησοῦ
2158 3489 2368 3542 ἐκείνου
2413 3488 2507 3541 τοῦ
2554 3490 2722 3560 ψήφῳ
2768 3489 2902 3542 Θεοῦ
2948 3492 3191 3562 διαδόχου
3239 3492 3509 3554 Μωῦσέως

1927 3571 2394 3642 προκεκριμένουφ
2428 3571 2520 3624 τοῦ
2554 3573 2737 3624 εἰκόνα
2777 3574 2870 3624 καὶ
2901 3573 3068 3625 τύπον
3103 3574 3387 3643 ἐπέχοντος
3415 3573 3508 3626 τοῦ

1926 3657 2179 3724 ἀληθινοῦ
2210 3656 2464 3724 Σωτῆρος
2488 3656 2645 3726 ήμῶν
2681 3657 2855 3724 Ἰησοῦ
2880 3658 2923 3708 Χ
2934 3657 3140 3726 ριστοῦ.
3164 3660 3376 3729 Ὥσπερ
3402 3661 3511 3730 γὰρ

1925 3741 2128 3799 ἐκεῖνος
2168 3741 2232 3789 ἐκ
2260 3739 2356 3806 τῆς
2375 3741 2583 3808 ἐρήμου
2623 3738 2712 3792 διὰ
2741 3739 2836 3791 τοῦ
2885 3740 3148 3810 Ἰορδάνου
3176 3743 3254 3803 είς
3284 3744 3381 3812 τὴν
3407 3744 3510 3812 γῆν

1925 3820 2022 3888 τῆς
2053 3820 2388 3888 ἐπαγγελίας
2421 3821 2514 3873 τὸν
2541 3820 2670 3873 λαὸν
2697 3821 3026 3886 διεϐίϐασεν,
3053 3822 3193 3875 οὕτω
3223 3825 3316 3877 καὶ
3340 3827 3368 3876 6
3399 3825 3512 3878 Σωο

1925 3901 2028 3972 τὴρ
2054 3902 2212 3972 ήμῶν
2240 3904 2303 3955 ἐκ
2329 3902 2428 3972 τῆς
2452 3905 2662 3972 ἐρήμου
2683 3904 2783 3970 τῆς
2812 3904 3086 3971 ἀγνωσίας
3116 3907 3209 3956 καὶ
3238 3906 3334 3975 τῆς
3355 3907 3509 3958 είδω-

1928 3984 2244 4056 λολατρείας
2273 3985 2362 4038 διὰ
2380 3986 2472 4038 τοῦ
2499 3985 2655 4052 ἁγίου
2682 3987 2776 4037 καὶ
2807 3986 3180 4055 σωτηριὼδους
3201 3987 3511 4058 βαπτίσμα-

1928 4086 2017 4131 τος
2047 4072 2127 4130 εἰς
2143 4070 2240 4138 τὴν
2257 4069 2369 4120 ἄνω
2405 4067 2766 4138 Ἰερουσαλὴμ
2797 4070 2944 4139 ἡμᾶς
2968 4072 3324 4140 μετεποίησεν
3353 4075 3397 4138 i,
3431 4076 3512 4137 είς

1926 4151 2023 4220 τὴν
2072 4152 2282 4219 μητέρα
2327 4148 2436 4202 τῶν
2486 4150 2871 4218 πρωτοτόκων,
2919 4154 2978 4204 ἐν
3106 4154 3204 4224 τῆς
3251 4156 3512 4228 ἀληθινῆς

1927 4234 2327 4295 καταπαύσεως
2356 4233 2802 4305 ηὑτρεπίσθησαν
2828 4237 2883 4287 at
2915 4238 3094 4305 μοναὶ,
3125 4237 3252 4290 ἔνθα
3281 4239 3314 4309 ἡ
3344 4242 3514 4292 ἀστα·

1930 4316 2148 4377 σίαστος
2176 4315 2268 4366 καὶ¹
2303 4315 2554 4387 εἰρηνικὴ
2594 4315 2869 4387 διατριϐή.
2901 4311 3071 4381 Οὗτος
3096 4320 3276 4384 τοίνυν
3320 4325 3385 4391 τῇ
3417 4321 3510 4373 τοῦ

1929 4401 2355 4469 προστάττοντος
2386 4400 2614 4468 δυνάμει
2658 4404 2748 4452 τὸν
2794 4400 2922 4454 λαὸν
2953 4403 3293 4471 διαϐιϐάσας,
3341 4423 3512 4475 προσ-

1932 4482 2093 4534 έϐαλε
2125 4485 2189 4553 τῇ
2233 4480 2462 4551 ἰεριχὼ,
2501 4483 2594 4534 καὶ
2636 4482 2733 4552 τὴν
2769 4482 2928 4553 ξένην
2960 4485 3172 4554 ἐκείνην
3199 4487 3512 4557 πολιορκίαν

1928 4568 2188 4636 ἐνεργῶν,
2223 4566 2321 4635 ήδη
2340 4567 2447 4617 τῶν
2480 4565 2674 4634 τειχῶν
2702 4568 3066 4621 καταπίπτειν
3101 4570 3421 4639 μελλόντων,
3457 4571 3513 4625 τί

1930 4667 2062 4717 φησι
2093 4650 2226 4718 πρὸς
2248 4648 2337 4701 τὸν
2366 4647 2494 4700 λαόν
2514 4664 2528 4712 ;
2558 4649 2764 4702 Ἔσται
2780 4651 3056 4720 ἀνάθημα
3077 4657 3114 4722 ἡ
3133 4655 3313 4721 πόλις
3333 4656 3509 4722 αὕτη,

1929 4734 2027 4786 καὶ
2058 4734 2253 4786 πάντα
2285 4732 2402 4785 ὅσα
2444 4733 2622 4786 ἐστὶν
2667 4735 2736 4787 ἐν
2787 4736 2962 4804 αὐτῇ,
3011 4741 3203 4806 Κυρίῳ
3245 4742 3506 4803 Σαϐαὼθ,

1929 4816 2096 4881 πλὴν
2135 4814 2316 4867 Ῥαὰϐ
2351 4815 2465 4881 τὴν
2492 4818 2747 4884 πόρνην,
2784 4822 3260 4886 περιποιήσασθε
3293 4823 3505 4888 αὑτήν.

1929 4898 2288 4960 Φυλάξασθε
2346 4894 2463 4952 οὖν
2506 4900 2624 4953 ἀπὸ
2666 4901 2772 4955 τοῦ
2821 4904 3232 4972 ἀναθήματος,
3277 4908 3509 4975 μήποτε

1927 4982 2361 5050 ἐνθυμηθέντες
2391 4984 2561 5051 ὑμεῖς
2584 4984 2805 5049 λάϐητε
2839 4987 2940 5038 ἀπ’
2970 4989 3176 5050 αὑτοῦ,
3202 4990 3298 5042 καὶ
3322 4991 3510 5058 ἐκτρί-

1928 5069 2088 5133 ψητε
2118 5065 2296 5135 ἡμᾶς.
2340 5068 2665 5136 Ἀφιερώθη,
2692 5069 2876 5138 φησὶν,
2901 5069 3114 5124 ἅπαντα
3140 5073 3208 5125 τά
3238 5075 3294 5125 ἐν
3316 5077 3380 5143 τῇ
3414 5075 3510 5125 πό-

1929 5149 2007 5202 λει
2028 5167 2041 5179 ·
2078 5151 2234 5202 τοῦτο
2263 5149 2372 5219 γὰρ
2403 5150 2462 5201 τὸ
2495 5149 2752 5220 ἀνάθημα
2782 5151 2948 5220 δηλοῖ.
2973 5155 3062 5223 Μή
3091 5173 3176 5216 τις
3205 5152 3296 5208 οὖν
3331 5159 3510 5225 νοσφίο

1931 5249 2087 5299 σηται
2133 5234 2240 5285 τῶν
2279 5233 2646 5286 ἀνατεθέντων
2691 5236 2879 5304 Κυρίῳ
2916 5237 2994 5291 τῶ
3030 5239 3170 5308 Θεῷ,
3207 5242 3301 5293 καὶ
3330 5241 3506 5306 ἐξολοο

1991 5442 2014 5513 ξ
2041 5444 2175 5513 linus
2196 5445 2352 5513 ἀρχάς.
2381 5445 2534 5513 Pnnlo
2558 5455 2815 5513 pos_l_unns
2839 5451 2898 5497 τά
2921 5453 3126 5513 ἡμέτερα
3151 5455 3246 5500 τῶν
3267 5456 3503 5510 ὑπηκόων.

1991 5509 2014 5543 Β
2039 5507 2165 5575 _Duc_)
2205 5507 2588 5575 ἀντικοτούντων.
2642 5510 2778 5559 Unus
2823 5507 3240 5560 ἀντισκοτούντων·
3277 5507 3385 5574 (μιέὲ
3428 5531 3508 5575 pu-

1927 5572 2106 5614 stnrinr
2145 5571 2291 5615 lectio
2334 5571 2565 5617 mendum
2613 5585 2723 5619 esse
2769 5575 2973 5623 videtur.
3014 5576 3153 5622 l’rior
3197 5571 3361 5623 aulém
3413 5571 3505 5624 non

1927 5631 2220 5685 spernmulu.
2249 5627 2416 5690 Alius,
2443 5638 2572 5680 teste
2599 5632 2802 5694 Savilio,
2841 5636 3260 5698 ἀντιπραττόντων,
3286 5651 3395 5698 qua:
3431 5649 3508 5688 est

1929 5704 2016 5738 ι·οτ
2043 5702 2326 5749 synonyma.

1987 5750 2015 5817 ἒξ
2044 5751 2178 5817 L'nns
2226 5753 2328 5817 ἀλλ’
2357 5754 2481 5807 εἰκός
2513 5772 2638 5810 τινας
2671 5759 2766 5803 τῶν
2809 5760 3050 5807 παρόντων
3080 5760 3138 5806 τά
3182 5767 3265 5817 τῆς
3303 5764 3505 5817 ἱστοιιέλς

1926 5816 2096 5878 ταύτῃς
2117 5815 2354 5871 ἀγνοεῖν...
2381 5819 2484 5878 περὶ
2517 5818 2687 5873 ταύτης
2714 5821 2938 5868 εἰπόνταξ.
3231 5815 3236 5817 ﬁ
3411 5815 3417 5824 ⁸

1997 5877 2011 5914 ἰ
2045 5875 2176 5922 Lnus
2197 5878 2225 5931 ἡ
2235 5881 2321 5931 αᾱς
2346 5875 2666 5925 αετέϐίϐασεν.

3095 5968 3133 6024 7
