4048 6516
509 427 621 483 107

515 544 788 606 lamus,et
837 532 1080 594 ecclesia:
1133 537 1331 587 sanctze
1361 527 1525 597 septis
1554 523 1849 595 ejiciamus.
1892 517 2004 575 lloe
2054 518 2102 572 si

516 637 825 697 ieeerimus,
853 635 1033 685 nostra
1057 624 1272 697 quidem
1303 630 1521 690 peccata
1548 618 1820 686 superiora
1852 613 2006 669 facile
2027 612 2103 667 di-

518 726 746 790 luemus,
781 724 953 793 ipsum
980 726 1160 773 autem
1193 713 1475 767 Dominum
1505 707 1822 764 habebimus
1850 707 1902 760 in
1925 703 2102 759 medio

515 828 759 875 nostrum
789 829 892 870 una
934 826 1056 867 cum
1082 806 1282 863 sanctis
1310 803 1512 874 angelis
1541 801 2021 871 chorosagentem,
2049 804 2105 851 et

512 911 708 980 cuique
755 903 1031 962 modestia:
1074 911 1302 955 coronas
1353 894 1780 950 distribuentem.
1841 889 2102 957 Quoniam

513 1001 658 1057 enim
709 1007 793 1054 est
821 995 1086 1050 humanus
1115 1005 1178 1044 ac
1222 987 1525 1052 muniﬁcus,
1563 983 1800 1055 gaudens
1824 981 1892 1036 de
1920 990 2105 1035 nostra

515 1091 719 1155 salute;
750 1089 871 1142 ideo
898 1085 1173 1140 oblectans
1193 1095 1314 1135 sese
1340 1078 1494 1134 bonis
1519 1076 1716 1132 nostris
1739 1073 1993 1129 caelorum
2015 1087 2104 1127 re-

515 1196 679 1252 gnum
709 1177 969 1250 promisit,
1001 1183 1056 1230 et
1101 1173 1224 1228 vitee
1277 1167 1695 1239 incorruptibilis
1740 1165 2102 1230 consortium,

517 1271 804 1340 omniaque
835 1269 970 1322 bona
1015 1263 1350 1335 praeparavit,
1385 1260 1570 1316 volens
1601 1271 1698 1312 nos
1723 1256 1775 1310 in
1804 1255 1887 1309 his
1911 1254 2107 1309 habere

520 1358 863 1418 tabernacula
898 1359 914 1390 ί
948 1375 961 1411 :
989 1371 1106 1426 quin
1127 1354 1283 1408 nobis
1301 1351 1550 1407 omnibus
1574 1349 1847 1418 contingat
1872 1345 2104 1415 assequi,

517 1454 688 1526 gratia
713 1460 768 1505 et
794 1448 1128 1503 humanitate
1153 1443 1365 1500 Domini
1393 1440 1560 1496 nostri
1591 1438 1717 1494 Jesu
1745 1437 1965 1504 Christi,
1987 1436 2106 1506 qui-

518 1559 640 1599 cum
672 1541 828 1598 decet
846 1540 1037 1610 gloria,
1065 1537 1372 1606 imperium,
1408 1533 1582 1587 honor
1619 1539 1673 1585 et
1700 1529 1940 1585 adoratio
1966 1528 2107 1582 Patri

518 1646 574 1690 et
593 1641 782 1691 saneto
808 1631 1049 1703 Spiritui,
1083 1642 1228 1696 nunc
1266 1636 1321 1683 et
1353 1639 1588 1694 semper,
1613 1635 1668 1678 ct
1706 1623 1762 1676 in
1785 1619 1978 1676 saecula
2006 1633 2109 1673 ste-

520 1726 783 1783 culorum.
822 1726 1012 1779 Amen.

901 1874 1244 1932 EIUSDEM
1284 1869 1606 1928 HOMILIA
1647 1867 1734 1924 II.

527 2016 584 2070 In
611 2014 811 2070 dictum
835 2011 964 2066 illud
992 2010 1144 2067 lsaize
1165 2007 1460 2079 prophetat,
1491 2006 1711 2059 Factum
1730 2013 1801 2058 est
1831 2019 1986 2067 anno,
2014 2019 2115 2073 quo

597 2119 828 2164 mortuus
853 2117 924 2162 est
956 2105 1108 2161 Ozias
1129 2121 1239 2169 res,
1258 2104 1360 2158 uidi
1386 2101 1661 2157 Dominum
1682 2100 1932 2156 sedentem
1959 2099 2012 2151 in
2037 2114 2120 2151 so-

599 2201 669 2255 lio
697 2200 893 2254 excelso
930 2207 976 2252 et
1003 2198 1194 2252 elevato
1236 2193 1387 2266 (lsai.
1434 2192 1488 2248 6.
1521 2190 1598 2266 i);
1650 2199 1706 2246 et
1758 2187 1899 2260 quod
1949 2202 2120 2258 neque

602 2303 842 2364 tempus,
873 2305 1044 2361 neque
1075 2303 1241 2344 unum
1286 2287 1611 2342 elementum
1646 2282 1945 2338 divinarum
1971 2279 2120 2336 Scri-

602 2395 876 2458 pturarum
906 2390 1151 2454 oporteat
1172 2389 1606 2451 prmtercurrere.

604 2521 659 2576 l.
685 2519 806 2575 Suis
836 2519 897 2572 de
916 2517 1119 2572 illorum
1141 2515 1308 2571 studio
1335 2513 1574 2567 audiendi
1598 2511 1797 2566 eet-bum
1823 2510 1918 2564 Dei
1943 2519 2118 2580 grala-

533 2623 672 2670 talur
705 2613 1114 2683 Cltrgsostomus;
1140 2609 1298 2677 ipsius
1327 2605 1571 2660 modestia
1595 2613 1640 2657 et
1671 2619 1790 2674 erga
1808 2618 1926 2657 suos
1954 2618 2117 2654 amor.

532 2740 604 2751 ——
624 2706 842 2765 Gaudeo
869 2703 1202 2772 conspiciens
1236 2714 1333 2755 vos
1358 2699 1423 2753 ad
1450 2696 1712 2753 audienda
1735 2709 1883 2751 sacra
1912 2694 2123 2764 eloquia

534 2809 937 2866 concurrentes,
966 2798 1124 2869 idque
1158 2795 1413 2851 indicium
1453 2808 1573 2848 esse
1619 2791 1907 2847 maximum
1943 2788 2125 2859 judico

535 2894 696 2950 vestri
727 2893 779 2948 in
808 2891 902 2946 Dei
929 2890 1072 2945 cultu
1094 2903 1158 2942 ae
1183 2887 1380 2958 pietate
1408 2898 1742 2955 progressus.
1770 2880 2127 2950 Quemadmo—

537 2989 664 3044 dum
711 2986 853 3042 enim
899 2982 1201 3054 appetentia
1237 2979 1342 3034 cibi
1380 2976 1619 3048 corporis
1645 2975 1840 3029 bonam
1867 2971 2128 3026 valetudi-

538 3094 660 3134 nem
687 3077 923 3131 declarat
946 3114 964 3136 ,
994 3073 1074 3128 sic
1101 3081 1155 3126 ct
1192 3083 1470 3125 sermones
1511 3077 1761 3135 appetere
1797 3063 2125 3131 spirituales,

538 3170 734 3226 anima:
773 3167 1054 3222 sanitatem
1093 3161 1288 3231 arguit.
1323 3157 1542 3213 Gaudeo
1566 3154 1778 3225 quidem
1807 3154 1964 3222 igitur
2004 3166 2127 3218 pro-

537 3269 658 3332 pter
688 3259 826 3312 hoc:
869 3263 1122 3309 caeterum
1155 3263 1346 3304 vereor
1394 3261 1461 3300 ne
1500 3244 1639 3298 forte
1667 3258 1772 3295 non
1807 3241 2005 3310 possim
2036 3239 2131 3292 ali-

539 3331 667 3423 quid
694 3348 905 3404 adferrc
929 3344 1144 3416 dignum
1169 3342 1273 3396 isto
1295 3347 1472 3392 vestro
1500 3333 1789 3390 desiderio.
1818 3331 1909 3386 Sic
1938 3339 1990 3383 et
2020 3343 2134 3382 ma-

541 3457 623 3500 ter
650 3455 837 3497 amans
863 3439 1010 3494 dolet
1030 3479 1044 3503 ,
1075 3435 1284 3505 quoties
1325 3432 1607 3485 lactentem
1655 3427 1856 3480 habens
1881 3439 2127 3495 puerum,

543 3551 648 3590 non
680 3540 854 3602 potest
893 3531 965 3585 illi
1007 3528 1224 3597 largiter
1263 3523 1502 3594 praebere
1541 3521 1693 3575 lactis
1724 3518 1923 3574 fontem
1951 3534 1964 3570 :
1994 3526 2131 3570 atta-

542 3641 665 3680 men
692 3634 1012 3693 quamquam
1040 3619 1176 3672 lacte
1203 3624 1668 3678 caret,mammam
1701 3619 1875 3663 tamen
1902 3608 2011 3674 dat,
2044 3608 2133 3662 ille

542 3732 672 3771 vero
710 3721 979 3782 acceptam
1012 3709 1171 3764 trahit
1193 3706 1437 3776 sugitque
1459 3744 1472 3767 ,
1500 3712 1554 3755 et
1578 3716 1671 3755 ore
1696 3700 1945 3770 papillam
1975 3697 2131 3752 refri-

542 3816 846 3878 gescentem
876 3801 1210 3864 calcfaciens,
1233 3799 1349 3866 plus
1370 3809 1528 3866 quam
1551 3800 1665 3847 erat
1689 3791 1835 3846 elicit
1859 3790 2095 3843 alimenti
2118 3807 2130 3842 :

545 3911 718 3962 mater
769 3912 898 3952 vero
947 3895 1092 3948 dolet
1131 3891 1344 3962 quidem
1384 3882 1512 3942 dum
1555 3887 1720 3956 ipsius
1762 3881 2136 3939 distenduntur

545 3994 734 4052 ubera,
763 4005 862 4044 nec
893 3997 1066 4042 tamen
1110 3984 1323 4054 repellit
1366 3995 1588 4050 puerum
1615 3995 1628 4032 :
1660 3986 1831 4032 mater
1858 3976 2000 4030 enim
2030 3984 2134 4042 est,

546 4094 602 4138 et
638 4081 815 4138 omnia
857 4084 1116 4150 pratoptat
1156 4072 1362 4145 perpeti
1405 4070 1605 4141 potius,
1647 4083 1803 4138 quam
1836 4074 1892 4120 ut
1924 4075 2134 4135 partum

547 4192 700 4232 suum
749 4171 1048 4229 contristet.
1099 4169 1283 4237 Itaque
1325 4164 1368 4218 si
1412 4172 1610 4217 matres
1649 4174 1772 4229 erga
1806 4159 1968 4213 fretus
2012 4171 2137 4211 suos

548 4278 752 4324 tantum
798 4262 1054 4319 exhibent
1100 4271 1360 4319 amorem,
1399 4254 1569 4308 multo
1608 4252 1774 4320 magis
1801 4255 2011 4319 oportet
2044 4259 2139 4299 nos

549 4373 675 4428 erga
715 4364 951 4411 vestram
988 4352 1262 4405 caritatem
1299 4345 1548 4399 similiter
1580 4340 1797 4395 aﬂ‘cctos
1835 4353 1974 4392 esse.
2006 4336 2138 4392 Nam

549 4427 772 4520 spiritus
795 4453 980 4516 partus
1002 4438 1429 4496 vehementiores
1455 4442 1579 4489 sunt
1608 4447 1764 4502 quam
1790 4439 2011 4484 naturm.
2038 4427 2140 4480 lta-

551 4557 657 4612 que
686 4537 897 4594 tametsi
924 4535 1075 4588 nobis
1105 4544 1288 4586 mensa
1318 4527 1535 4581 multam
1567 4525 1726 4577 habet
1752 4522 2048 4592 penuriam,
2075 4534 2141 4573 ue

553 4636 632 4688 sic
676 4628 888 4702 quidem
935 4641 1053 4680 eam
1093 4619 1515 4682 occultahimus,
1545 4614 1637 4668 sed
1669 4625 1847 4668 nostra
1878 4613 2055 4666 omnia
2088 4613 2138 4666 in

558 4724 791 4780 medium
833 4717 1162 4789 proiereutes
1193 4724 1524 4783 apponemus
1553 4707 1722 4762 vobis.
1755 4705 1906 4772 Quod
1936 4705 1979 4758 si
2007 4721 2140 4774 pau-

554 4818 676 4871 cula
722 4814 838 4868 lucc
885 4819 1009 4865 sunt
1043 4808 1292 4876 viliaque,
1322 4800 1679 4873 praebebimus
1706 4807 1903 4851 tamen.
1935 4795 2064 4848 Nam
2093 4805 2146 4849 et

560 4910 648 4962 ille
671 4909 690 4938 ²
722 4905 807 4959 cui
834 4903 1091 4957 talentum
1134 4907 1249 4952 erat
1290 4893 1586 4957 creditum,
1626 4905 1730 4944 non
1762 4889 1883 4957 quia
1913 4889 2146 4956 quinque

562 5003 757 5055 talenta
790 5012 896 5051 non
922 4996 1061 5060 tulit,
1094 4993 1162 5046 oh
1189 4990 1238 5044 id
1270 4990 1540 5042 incusatus
1566 4991 1666 5044 est,
1692 4980 1784 5036 sed
1811 4979 1948 5050 quod
1984 4995 2144 5031 unum

564 5091 690 5146 illud
721 5086 1002 5148 defoderit,
1031 5083 1171 5151 quod
1201 5085 1497 5148 acceperat,
1529 5074 1677 5129 dedit
1706 5088 1890 5141 poenas
1918 5071 1934 5138 (
1960 5068 2142 5122 Matth.

563 5185 656 5238 ‘25.
683 5182 775 5235 Ἡ.
803 5196 910 5250 sqq.
935 5177 976 5247 ).
1027 5174 1295 5244 Siquidem
1325 5171 1430 5227 hoc
1447 5177 1526 5222 est
1553 5166 1694 5236 quod
1725 5165 1979 5233 quaeritur
2009 5161 2146 5230 apud

568 5278 734 5330 Deum
757 5283 808 5327 et
829 5269 966 5340 apud
1001 5267 1262 5329 homines,
1290 5278 1394 5317 non
1425 5261 1659 5315 multane
1683 5265 1770 5309 aut
1791 5269 1953 5325 pauca
1982 5254 2149 5323 depo-

569 5386 686 5436 nas,
731 5366 824 5420 scd
871 5378 936 5417 ne
974 5361 1295 5416 oblationem
1339 5353 1532 5408 olleras
1573 5350 1906 5404 facultatibus
1929 5345 2149 5400 inferio-

571 5477 706 5515 rem.
739 5455 974 5511 Audistis
1005 5466 1173 5520 nuper
1199 5463 1322 5504 cum
1351 5446 1504 5500 nobis
1533 5443 1712 5496 datum
1744 5449 1884 5494 esset
1922 5439 2022 5491 hoc
2059 5439 2154 5491 ho-

637 5618 650 5646 ³
691 5620 817 5661 Unus
839 5611 1018 5666 habet,
1044 5605 1199 5655 volens
1223 5615 1306 5651 nos
1342 5601 1392 5650 in
1427 5599 1502 5649 Itis
1533 5597 1706 5646 habere
1739 5593 2048 5643 tabernacula
2105 5593 2154 5641 in

569 5686 830 5787 “fimi
843 5769 873 5782 ..
898 5737 1063 5783 Nostra
1079 5741 1238 5779 omnia
1257 5722 1538 5774 inmedium
1556 5724 1847 5787 profert’nlcs
1867 5729 2158 5787 0Pl70""”_'."3

573 5779 925 5859 mmsi'éﬁgith
942 5779 1203 5859 quidnam
1227 5786 1413 5859 minimi
1435 5779 1590 5848 pretii,
1611 5779 1868 5834 Metuentes
1891 5779 2158 5829 dmmmlio-

575 5849 655 5914 itis
674 5849 968 5925 pet-italum,
984 5856 1025 5906 si
1043 5854 1234 5918 quidem
1257 5859 1301 5902 ct
1324 5849 1421 5910 ἤιε,
1448 5857 1539 5898 etc.

1227 417 1284 475 S.
1323 413 1600 474 JOANNIS
1634 404 2115 470 CHRYSOSTOIII
2152 399 2469 462 ABCHIEP.
2508 397 3034 460 CONSTANTINOP.

3686 422 3798 477 108

2210 517 2379 584 noris,
2411 525 2470 572 ut
2496 516 2635 587 apud
2663 517 2938 572 caritatem
2961 524 3188 572 vestram
3213 519 3802 585 dissereremus,.l‘sal-

2212 624 2360 664 mum
2392 609 2538 663 illum
2569 609 2865 680 legentibus
2891 608 3065 676 nobis,
3094 609 3183 678 qui
3213 620 3550 679 peccatorem
3575 626 3607 666 e
3633 615 3808 668 sacris

2208 703 2374 773 septis
2393 701 2632 772 eiiciens,
2660 701 2876 772 angelos
2898 716 3264 771 supernasque
3291 703 3518 756 virtutes
3549 703 3806 760 hortaba-

2210 801 2297 848 tur
2332 793 2398 846 ad
2428 791 2749 848 laudandum
2792 793 3159 847 universorum
3205 793 3393 848 Deum.
3419 792 3592 848 Vultis
3640 794 3804 864 igitur

2209 893 2264 940 et
2301 883 2463 938 hodie
2505 884 2648 939 idem
2689 883 2988 954 angelicum
3029 883 3198 940 melos
3225 884 3243 916 ¹
3283 883 3586 951 audiamus,
3631 899 3805 953 prope

2211 975 2319 1030 illic
2345 974 2539 1029 alicubi
2565 974 2844 1029 astantes?
2867 974 2993 1028 Mihi
3017 983 3163 1029 certe
3186 974 3412 1030 videtur.
3460 975 3591 1030 Nam
3619 976 3662 1029 si
3695 975 3806 1029 ho—

2211 1069 2385 1126 mines
2412 1069 2656 1125 scelerati
2676 1068 2803 1124 dum
2828 1067 3053 1123 choreas
3077 1076 3240 1136 agunt
3265 1067 3316 1121 in
3345 1068 3476 1132 foro,
3508 1068 3560 1122 in
3579 1066 3808 1136 profun-

2211 1163 2279 1220 da
2301 1163 2527 1233 caligine
2555 1170 2818 1233 nocteque
2849 1163 3167 1229 intempesta
3207 1160 3533 1215 meretricias
3571 1159 3807 1214 cantile-

2213 1271 2312 1312 nas
2357 1256 2655 1325 mollesque
2706 1264 2961 1311 canentes
2994 1254 3292 1318 cautiones,
3323 1259 3488 1307 totam
3522 1252 3805 1307 civitatem

2213 1349 2366 1404 nobis
2390 1347 2643 1409 excitant,
2677 1355 2732 1401 et
2755 1345 2821 1400 ad
2852 1360 2972 1400 sese
2999 1350 3318 1400 convertunt
3346 1359 3360 1394 :
3387 1357 3484 1396 nos
3505 1343 3808 1396 caelestium

2216 1437 2528 1509 populorum
2553 1435 2800 1505 supernis
2829 1436 3007 1490 choris
3036 1435 3235 1504 Regem
3261 1433 3497 1487 universi
3523 1431 3810 1486 celebran-

2215 1531 2356 1586 tibus
2383 1546 2486 1585 non
2513 1543 2855 1584 occurremus
2880 1568 2896 1592 ,
2920 1542 3026 1580 non
3065 1525 3342 1579 audiemus
3375 1523 3608 1578 divinam
3655 1520 3812 1575 illam

2218 1635 2282 1676 ac
2306 1621 2514 1676 beatam
2543 1617 2774 1674 vocem?
2798 1616 2863 1671 Et
2883 1631 3001 1686 qua:
3031 1616 3186 1668 nobis
3223 1615 3434 1668 dabitur
3469 1614 3664 1667 venia?
3693 1612 3815 1667 Sed

2218 1712 2484 1784 quomodo
2502 1753 2517 1780 ,
2551 1713 2756 1782 inquis,
2789 1709 2915 1763 licet
2937 1706 3166 1762 audire?
3190 1704 3244 1760 Si
3273 1707 3323 1758 in
3351 1705 3524 1774 ipsum
3545 1703 3814 1760 ascende-

2219 1804 2388 1859 ritnus
2416 1803 2639 1869 eadem,
2663 1801 2766 1858 etsi
2792 1815 2897 1856 non
2935 1812 3163 1868 corpore
3187 1838 3203 1864 ,
3235 1805 3415 1851 mente
3458 1805 3637 1850 tamen
3661 1813 3676 1850 :
3703 1795 3814 1849 etsi

2219 1896 2395 1950 minus
2423 1895 2724 1964 praasentia,
2751 1901 2895 1948 certe
2919 1891 3259 1961 cogitatione.
3287 1887 3421 1942 Nam
3445 1901 3642 1956 corpus
3667 1900 3814 1954 quo-

2223 1988 2365 2042 niam
2399 1995 2648 2042 terrestre
2673 1994 2754 2039 cst
2775 1999 2837 2038 ac
2861 1998 3020 2053 grave
3045 1990 3231 2035 natura
3251 2020 3266 2046 ,
3306 1985 3485 2032 manet
3515 1979 3567 2031 in
3603 1975 3768 2031 terris
3797 1994 3811 2029 :

2222 2080 2396 2134 anima
2431 2094 2559 2133 vero
2583 2077 2651 2131 ab
2674 2075 2775 2130 hac
2795 2075 3109 2130 necessitate
3135 2082 3217 2129 est
3241 2072 3431 2136 libera,
3450 2069 3820 2138 facillimeque

2223 2173 2288 2227 ad
2328 2172 2588 2226 altissima
2618 2169 2821 2240 longiss
2842 2183 3032 2237 meque
3072 2174 3275 2222 semota
3314 2164 3431 2218 loca
3457 2162 3705 2217 advolat:
3736 2164 3816 2216 ita

2227 2274 2282 2317 ut
2311 2264 2470 2329 etiam
2517 2263 2560 2315 si
2601 2260 2731 2316 velit
2760 2260 2828 2315 ad
2856 2269 3125 2314 extremos
3154 2256 3300 2311 orbis
3329 2255 3590 2310 terminos
3620 2267 3815 2322 perve-

2226 2357 2340 2411 nire
2361 2397 2381 2422 ,
2409 2363 2500 2408 aut
2527 2355 2577 2407 in
2607 2352 2797 2408 caelum
2826 2349 3117 2406 ascendere
3141 2390 3157 2415 ,
3185 2347 3317 2402 nihil
3335 2329 3417 2400 .sit
3451 2345 3593 2414 quod
3621 2353 3764 2396 vetet
3797 2361 3814 2396 :

2225 2448 2359 2502 adeo
2380 2447 2476 2516 ipsi
2505 2445 2648 2500 leves
2667 2444 3043 2514 cogitationum
3070 2439 3183 2494 alas
3206 2439 3353 2494 dedit
3379 2437 3537 2491 Deus.
3563 2434 3672 2488 Nec
3697 2444 3818 2486 tan-

2227 2549 2338 2593 tum
2379 2542 2489 2594 alas
2528 2539 2672 2592 leves
2716 2535 2882 2600 dedit,
2930 2547 3116 2588 verum
3157 2540 3213 2585 et
3243 2529 3425 2585 oculos
3465 2527 3685 2595 largitus
3706 2531 3814 2584 est,

2227 2629 2395 2684 multo
2428 2643 2586 2697 quam
2623 2626 2860 2694 corporis
2910 2621 3347 2693 perspicaciores.
3384 2616 3516 2686 Nam
3572 2613 3820 2682 corporis

2228 2729 2499 2792 aSpectus,
2542 2719 2586 2772 si
2627 2717 2840 2788 quidem
2876 2729 2972 2784 per
3010 2726 3235 2766 vacuum
3276 2722 3455 2763 aerem
3491 2706 3713 2771 feratur,
3746 2704 3820 2759 ad

2231 2813 2447 2882 longum
2479 2809 2814 2864 intervallum
2845 2803 3183 2875 progreditur
3212 2820 3226 2856 :
3252 2799 3395 2870 quod
3422 2799 3464 2852 si
3490 2800 3541 2851 in
3564 2798 3817 2864 exiguum

2230 2918 2424 2972 corpus
2466 2901 2767 2971 impcgerit,
2811 2913 2915 2953 non
2959 2897 3116 2950 aliter
3153 2908 3311 2963 quam
3357 2891 3530 2944 ﬂuxus
3560 2890 3649 2958 qui
3681 2889 3819 2943 ient-

2231 2995 2407 3060 batur,
2435 2993 2709 3046 obstaculo
2729 2990 2992 3060 repulsus,
3015 2987 3193 3041 denuo
3215 2993 3507 3039 retrorsum
3535 2980 3818 3033 avertitur:

2230 3103 2416 3142 verum
2445 3085 2607 3140 animi
2632 3083 2772 3138 oculi
2819 3080 3024 3136 etiamsi
3055 3078 3286 3148 parietes
3307 3116 3320 3139 ,
3344 3072 3554 3128 etiamsi
3586 3070 3781 3126 mat-nia
3802 3109 3816 3131 ,

2234 3178 2442 3233 etiamsi
2487 3176 2746 3228 montium
2791 3171 2977 3234 moles,
3022 3169 3232 3224 etiamsi
3281 3166 3539 3221 caelorum
3592 3178 3820 3230 corpora

2235 3266 2599 3337 compererint
2640 3264 2924 3324 obstantia,
2957 3260 3132 3314 omnia
3181 3257 3335 3312 facile
3375 3265 3818 3326 prmtercurrunt.

2237 3361 2484 3415 Attamen
2511 3372 2631 3412 cum
2663 3363 2861 3410 tantam
2892 3352 3079 3406 habeat
3103 3350 3435 3405 celeritatem
3462 3355 3516 3401 et
3542 3346 3826 3400 oculorum

2236 3450 2404 3503 aciem
2431 3447 2628 3514 anima,
2653 3460 2758 3499 non
2790 3459 2855 3499 ex
2878 3457 2996 3497 sese
3023 3439 3298 3496 sufﬁciens
3322 3449 3404 3494 est
3427 3437 3492 3491 ad
3524 3437 3823 3506 intelligen-

2236 3541 2365 3594 tiam
2393 3553 2569 3594 rerum
2596 3534 2885 3591 caelestium
2904 3574 2920 3600 ,
2950 3532 3043 3588 sed
3070 3547 3204 3600 opus
3231 3531 3322 3584 illo
3347 3528 3506 3582 habet
3533 3528 3624 3596 qui
3653 3528 3827 3597 ipsam

2237 3646 2398 3686 manu
2439 3630 2686 3683 deducat.
2728 3625 3008 3680 Faciamus
3034 3623 3193 3692 igitur
3217 3621 3356 3690 quod
3389 3621 3439 3672 in
3467 3634 3651 3687 regum
3678 3618 3826 3686 pala-

2240 3725 2327 3779 tiis
2357 3724 2530 3778 facere
2558 3722 2734 3776 solent
2754 3759 2771 3786 ,
2795 3718 2885 3788 qui
2914 3718 3134 3785 cupiunt
3154 3731 3213 3768 ca
3239 3713 3437 3766 videre.
3467 3711 3603 3777 Quid
3644 3718 3829 3762 autem

2241 3817 2318 3870 illi
2353 3813 2590 3868 faciunt?
2630 3812 2730 3867 Ubi
2760 3808 3068 3880 qumsierint
3097 3820 3218 3861 eum
3245 3804 3328 3858 cui
3359 3803 3538 3856 claves
3565 3801 3824 3856 commis-

2241 3923 2316 3962 sa:
2363 3914 2506 3968 sunt,
2555 3903 2703 3957 illum
2752 3899 2972 3962 adeunt,
3011 3897 3350 3965 alloquuntur
3402 3901 3457 3946 et
3503 3891 3826 3960 supplicant,

2243 3999 2552 4068 frequenter
2575 4003 2629 4048 et
2653 3991 2934 4063 pecuniam
2963 3994 3248 4041 numerant
3273 4026 3286 4049 ,
3314 3992 3372 4036 ut
3402 3983 3529 4052 ipsis
3558 3979 3828 4050 gratiﬁce-

2242 4099 2347 4144 tur.
2381 4087 2648 4141 Adeamus
2677 4096 2804 4152 ergo
2831 4089 2884 4133 et
2913 4093 3008 4132 nos
3039 4091 3205 4130 unum
3233 4089 3418 4128 eorum
3439 4114 3453 4137 ,
3486 4070 3676 4141 quibus
3717 4084 3830 4122 cm—

2243 4184 2405 4236 lestes
2431 4187 2598 4248 portae
2636 4172 2938 4229 commissa:
2981 4176 3122 4234 sunt,
3166 4165 3515 4236 appellemus,
3557 4160 3832 4229 supplice-

2245 4286 2386 4337 mus,
2430 4283 2526 4334 pro
2561 4263 2781 4332 pecunia
2831 4265 3128 4328 promptam
3163 4256 3488 4308 voluntatem
3528 4252 3831 4303 sincerum-

2246 4381 2349 4436 que
2387 4361 2631 4416 allectum
2669 4355 3033 4411 exhiheamus.
3080 4350 3145 4403 Et
3172 4348 3216 4400 si
3248 4347 3340 4400 ille
3363 4343 3664 4399 mercedem
3693 4340 3835 4393 hane

2247 4432 2531 4522 acceperit,
2584 4464 2740 4502 manu
2785 4455 2962 4498 nostra
3007 4438 3340 4510 apprehensa
3381 4449 3475 4504 per
3514 4433 3690 4485 omnia
3721 4432 3832 4483 eir-

2247 4547 2548 4605 cumducet,
2596 4557 2700 4594 non
2746 4539 2890 4592 illam
2930 4533 3219 4589 ostendens
3251 4530 3470 4599 regiam,
3513 4525 3608 4580 sed
3657 4526 3832 4593 ipsqu

2249 4642 2447 4710 Regem
2503 4637 2555 4689 in
2605 4632 2741 4688 solio
2777 4630 3076 4686 sedentem,
3118 4620 3453 4677 adstantibus
3511 4616 3837 4672 exercitibus

2251 4706 2682 4794 exercituumque
2735 4719 2958 4775 ducibus
2986 4755 3000 4780 ,
3056 4712 3427 4769 assistentibus
3474 4706 3837 4761 innumerabi-

2250 4821 2380 4874 lium
2421 4815 2728 4885 angelorum
2771 4817 2824 4862 ct
2869 4804 3309 4873 archangelorum
3337 4799 3570 4853 millibus
3603 4815 3616 4859 ;
3659 4799 3838 4849 omnia

2256 4913 2540 4981 diligenter
2595 4905 2748 4958 nobis
2797 4899 3074 4961 ostendet,
3133 4906 3395 4964 quatenus
3457 4890 3607 4944 nobis
3657 4890 3840 4941 videre

2255 4979 2399 5060 liccl.
2432 5001 2559 5069 Quis
2588 4999 2746 5068 igitur
2784 5002 2864 5047 est
2904 4992 3002 5044 iste
3041 4988 3126 5042 cui
3171 4989 3284 5039 lure
3324 4983 3525 5037 iunctio
3554 4979 3838 5035 commissa

2257 5106 2359 5159 est,
2391 5107 2551 5163 quam
2596 5094 2881 5156 sequentes
2920 5096 3061 5135 nunc
3100 5080 3342 5132 volumus
3383 5073 3627 5143 ingredi?
3655 5071 3837 5133 Isaias,

2259 5161 2635 5257 prophetarum
2664 5175 3050 5232 vocalissimus.
3076 5171 3214 5239 Ergo
3242 5181 3462 5222 necesse
3488 5173 3590 5227 est,
3615 5171 3670 5214 ut
3702 5161 3839 5214 hunc

2260 5283 2609 5347 alloquamur.

2333 5342 2613 5437 Scriptura:
2643 5359 2893 5432 quomodo
2918 5353 3200 5409 audienda.
3232 5377 3303 5391 -ι
3328 5348 3502 5418 Agite,
3541 5342 3841 5414 sequamini

2261 5436 2558 5528 composito
2584 5451 2750 5523 gradu
2778 5447 3106 5509 incedentes,
3142 5441 3309 5497 multo
3346 5453 3464 5494 cum
3494 5436 3708 5490 silentio
3734 5453 3747 5488 :
3777 5449 3844 5488 ne

2262 5525 2399 5623 quis
2427 5543 2750 5616 ingrediatur
2796 5537 2937 5591 curis
2990 5541 3211 5588 onustus
3261 5527 3562 5590 mundanis,
3620 5541 3688 5579 ne
3729 5525 3850 5592 quis

2265 5617 2423 5696 animi
2454 5637 2663 5698 dubius,
2708 5645 2773 5684 ne
2811 5627 2926 5698 quis
2955 5625 3208 5679 attonitus
3242 5640 3252 5673 :
3296 5635 3477 5674 verum
3527 5620 3637 5670 haec
3668 5617 3842 5666 omnia

2267 5738 2393 5790 foris
2419 5741 2540 5784 ante
2561 5727 2753 5782 ostium
2780 5722 3103 5790 deponatuus
3121 5730 3327 5780 omnes,
3355 5723 3513 5782 atque
3540 5711 3607 5763 ita
3632 5710 3843 5762 dt‘lllum

2336 5840 2350 5869 ¹
2423 5831 2558 5880 Unus
2624 5833 2763 5894 legit,
2789 5821 3225 5892 mysticummelos.
