4048 6456
220 390 333 448 109

232 490 607 561 iugrediamur.
638 484 966 551 lngredimur
1008 481 1147 534 enim
1193 480 1245 531 in
1289 492 1507 546 regnum
1532 483 1805 537 caelorum,

229 577 636 636 conscendimus
656 576 709 629 in
734 575 975 643 regiones
1004 570 1169 624 stellis
1199 567 1541 637 fulgurantes.
1568 563 1700 630 Quae
1729 562 1809 616 in-

234 683 321 726 tus
345 676 470 722 sunt
504 666 638 721 miro
680 665 890 718 silentio
920 661 1073 731 plena
1118 666 1259 721 sunt,
1304 655 1676 727 mysteriisque
1706 666 1812 708 non

230 757 517 812 efferendis
545 756 759 810 referta.

301 850 359 905 2.
387 849 491 904 Sed
520 846 920 905 animadvertite
946 844 1223 913 diligenter
1246 860 1259 893 :
1284 855 1405 894 nam
1424 838 1813 906 Scripturarum

231 940 390 996 lectio
415 939 661 993 ext-lorum
690 945 771 991 est
808 934 1079 990 reseralio.
1122 930 1189 983 Et
1220 935 1407 1000 factum
1434 939 1503 981 est
1529 942 1683 989 anno,
1715 939 1814 994 quo

236 1040 464 1084 mortuus
488 1040 559 1083 est
588 1030 737 1083 Ozias
762 1044 850 1081 rea:
867 1069 882 1093 ,
909 1026 1010 1079 vidi
1038 1024 1311 1078 Dominum
1339 1022 1589 1075 sedentem
1611 1019 1664 1076 in
1687 1016 1815 1070 solio

232 1120 429 1175 erectae
459 1130 505 1174 et
534 1121 663 1173 elato
690 1118 736 1189 (ι
748 1119 840 1172 sai.
867 1118 919 1173 6.
946 1119 1022 1183 I).
1052 1114 1243 1170 Vidisti
1272 1112 1420 1183 probi
1448 1109 1628 1165 famuli
1656 1108 1817 1163 bene-

235 1213 519 1266 volentiam
543 1208 1069 1276 humanitatemque?
1103 1205 1251 1259 Illico
1283 1218 1380 1257 nos
1404 1201 1470 1255 ad
1508 1199 1699 1254 solium
1735 1198 1815 1251 in-

234 1302 387 1354 duxit
410 1301 634 1370 regium,
671 1314 767 1353 nec
802 1299 945 1367 prius
984 1295 1295 1364 circumegit
1337 1301 1456 1362 post
1492 1292 1677 1359 longos
1703 1303 1817 1343 am-

236 1391 398 1455 bitus,
427 1390 521 1445 sed
563 1391 715 1445 simul
757 1398 915 1458 atque
941 1396 1121 1457 portas
1159 1383 1385 1452 aperuit,
1428 1397 1459 1436 e
1489 1381 1704 1450 regione
1732 1393 1818 1433 se-

236 1482 452 1536 dentem
494 1480 771 1535 Dominum
818 1477 1049 1534 ostendit
1099 1493 1111 1528 :
1156 1475 1223 1528 Et
1268 1473 1536 1542 Seraphin:
1563 1512 1579 1537 ,
1626 1470 1810 1539 inquit,

235 1570 435 1627 stabant
463 1570 514 1623 in
538 1570 749 1623 circuitu
776 1569 919 1639 ejus;
948 1582 1035 1621 sex
1057 1565 1155 1619 alte
1177 1564 1286 1630 uni,
1314 1571 1361 1617 et
1384 1577 1474 1616 sea:
1497 1559 1596 1613 ala:
1621 1558 1768 1613 alteri
1798 1574 1815 1611 :

237 1676 298 1712 ac
327 1659 522 1713 duabus
548 1658 748 1731 quidem
788 1657 1015 1711 uelabant
1055 1656 1272 1725 faciem,
1322 1651 1514 1706 duabus
1557 1651 1725 1720 pedes,
1770 1658 1817 1703 et

238 1749 433 1802 duabus
450 1747 700 1811 volabant,
729 1757 773 1801 et
797 1747 1079 1800 clamabant
1099 1745 1226 1798 alter
1244 1744 1310 1796 ad
1330 1741 1781 1804 alterum,dicentes
1798 1756 1816 1793 :

241 1839 479 1906 Sanctus,
515 1849 735 1907 sanctus,
765 1850 985 1905 sanctus,
1018 1838 1263 1892 Dominus
1306 1836 1552 1892 Sabaoth.
1574 1833 1734 1905 (Ibid.
1766 1848 1813 1885 υ.

237 1930 295 1985 2.
323 1932 402 1998 3).

312 2019 496 2076 Contra
518 2020 799 2074 Anomaeos.
824 2019 1006 2074 Divina
1027 2028 1207 2072 natura
1230 2017 1422 2088 angelis
1438 2015 1821 2085 incomprehen-

238 2111 419 2165 sibilis.
445 2111 677 2165 —Vere
713 2120 946 2174 sanctus,
983 2112 1071 2179 qui
1107 2116 1341 2163 nostram
1388 2115 1626 2161 naturam
1660 2106 1818 2159 tantis

239 2216 303 2255 ac
334 2201 524 2256 talibus
564 2200 830 2271 mysteriis
852 2199 1096 2269 dignatus
1123 2208 1232 2263 est,
1263 2197 1348 2267 qui
1392 2211 1489 2250 nos
1526 2194 1705 2249 talium
1736 2208 1821 2248 se-

239 2301 507 2365 cretorum
536 2299 811 2345 consortes
838 2288 984 2343 fecit.
1013 2288 1213 2342 IIorror
1242 2301 1327 2340 me
1348 2301 1410 2339 ae
1442 2293 1639 2338 tremor
1655 2282 1820 2337 corri-

242 2381 355 2450 puit
394 2381 446 2435 in
477 2381 565 2435 tali
588 2382 812 2435 cantico.
845 2378 913 2434 Et
942 2378 1065 2449 quid
1109 2378 1318 2441 mirum,
1366 2376 1411 2430 si
1445 2389 1529 2428 me
1567 2372 1820 2440 corripuit

241 2473 441 2527 luteum
460 2487 521 2527 ac
546 2479 835 2538 terrenum,
862 2486 981 2525 cum
1010 2470 1167 2524 etiam
1207 2470 1349 2538 ipsas
1372 2481 1627 2535 supernas
1655 2467 1820 2517 virtu-

242 2573 321 2616 tes
345 2577 557 2631 semper
576 2562 834 2615 maximus
856 2561 1092 2615 obtineat
1113 2557 1329 2625 stupor?
1356 2556 1649 2623 Eapropter
1667 2568 1819 2606 aver-

239 2663 359 2708 tunt
412 2654 601 2717 facies,
644 2653 857 2722 alasque
908 2653 1022 2706 vice
1066 2663 1335 2703 murorum
1380 2646 1667 2715 objiciunt,
1712 2660 1816 2698 non

238 2747 473 2801 ferentes
498 2745 670 2800 radios
698 2744 839 2798 illinc
867 2742 1279 2812 proficiscentes.
1316 2740 1377 2793 Et
1413 2749 1609 2800 tamen,
1649 2737 1812 2801 aiunt,

240 2837 293 2890 id
318 2836 460 2907 quod
489 2826 773 2905 apparebat
801 2840 1145 2901 attemperata
1176 2831 1400 2900 quadam
1442 2828 1667 2895 imagine
1692 2824 1820 2878 offe-

239 2930 475 2985 rebatur.
499 2928 607 2982 Cur
637 2926 793 2996 igitur
814 2941 917 2979 non
950 2922 1216 2978 tulerunt?
1240 2920 1363 2974 Mihi
1396 2920 1492 2973 ista
1531 2918 1699 2972 dicis?
1727 2917 1819 2971 Dic

241 3020 305 3074 iis
346 3019 435 3087 qui
472 3018 680 3071 curiose
722 3023 1025 3069 scrutantur
1054 3011 1372 3067 ineffabilem
1401 3023 1462 3062 ac
1490 3007 1695 3062 beatam
1728 3021 1819 3059 na-

242 3120 437 3171 turam,
466 3107 530 3161 iis
557 3106 645 3176 qui
672 3106 866 3160 audent
896 3120 999 3157 non
1031 3101 1291 3157 audenda.
1319 3099 1431 3168 Ipsa
1457 3096 1733 3165 Seraphim
1752 3111 1819 3150 ne

239 3196 620 3253 demissionem
674 3194 887 3263 quidem
942 3191 1037 3246 Dei
1085 3190 1451 3244 sustinuerunt
1500 3186 1691 3240 intueri
1728 3194 1820 3239 :et

242 3290 404 3342 homo
423 3300 584 3340 ausus
616 3292 697 3338 est
724 3283 923 3349 dicere,
968 3282 1075 3334 imo
1114 3280 1288 3348 potius
1328 3278 1488 3330 homo
1531 3290 1693 3329 ausus
1738 3283 1823 3328 est

239 3377 422 3432 animo
441 3374 739 3442 concipere,
766 3386 823 3426 se
853 3379 1091 3424 naturam
1116 3369 1283 3437 ipsam
1312 3368 1591 3429 sinceram,
1612 3374 1666 3418 et
1684 3366 1822 3418 Che-

242 3468 449 3524 rubinis
476 3467 692 3521 minime
717 3462 1077 3532 conSpicuam,
1110 3473 1265 3530 posse
1308 3458 1371 3511 ad
1405 3458 1616 3526 plenum
1652 3456 1823 3509 clare-

242 3575 347 3629 que
388 3556 600 3611 videre?
646 3555 924 3617 lforresce,
974 3550 1198 3613 etclam,
1245 3549 1581 3616 obstupesee,
1637 3556 1819 3600 terra:

244 3651 347 3703 hoc
372 3648 566 3702 audere
594 3648 763 3714 majus
792 3652 872 3699 est
891 3643 975 3710 iis,
998 3658 1117 3712 qua:
1141 3641 1251 3694 ausi
1280 3650 1401 3693 sunt
1428 3639 1524 3692 illi.
1548 3638 1676 3691 Nam
1705 3653 1821 3705 qua)

246 3750 355 3792 tum
395 3737 470 3790 illi
505 3751 599 3805 per
638 3736 957 3804 impietatem
998 3730 1285 3795 audebant,
1325 3728 1509 3783 eadem
1554 3742 1691 3781 nunc
1730 3741 1823 3796 per

246 3826 572 3897 impietatem
600 3823 795 3878 audent
823 3822 929 3878 isti.
967 3820 1099 3875 Nam
1126 3830 1423 3875 creaturam
1462 3818 1709 3872 similiter
1732 3817 1824 3870 ad-

246 3924 405 3972 orant
432 3932 445 3969 :
473 3914 614 3985 quod
644 3922 819 3969 autem
856 3926 997 3967 nunc
1030 3911 1117 3966 isti
1138 3908 1424 3965 commenti
1462 3918 1612 3974 sunt,
1645 3908 1819 3964 nullus

247 4010 363 4079 ejus
390 4009 559 4063 aetatis
588 4006 858 4061 hominum
887 4018 1060 4075 neque
1086 4002 1280 4067 dicere,
1306 4016 1480 4071 neque
1500 4000 1683 4054 audire
1707 4015 1826 4055 sus-

249 4101 423 4156 tinuit.
453 4098 588 4165 Quid
617 4098 734 4152 ais?
761 4096 1020 4151 Demissio
1037 4102 1151 4149 erat
1170 4092 1308 4161 quod
1330 4092 1643 4146 videbatur?
1672 4090 1820 4156 Erat,

247 4192 342 4247 sed
372 4191 487 4247 Dei.
516 4190 723 4245 Etenim
752 4189 797 4242 si
826 4185 1008 4241 Daniel
1046 4184 1130 4239 cui
1161 4184 1383 4237 multum
1412 4190 1527 4236 erat
1558 4181 1826 4235 familiari-

251 4283 373 4337 tatis
401 4296 465 4337 ac
508 4279 710 4334 fiduciae
745 4277 885 4347 apud
935 4277 1119 4341 Deum,
1151 4289 1257 4328 non
1300 4272 1550 4327 sustinuit
1578 4272 1823 4341 angelum

248 4388 368 4428 sese
397 4372 496 4442 ipsi
546 4370 907 4426 demittentem
952 4365 1155 4429 videre,
1202 4364 1296 4419 sed
1326 4363 1518 4418 cecidit
1556 4363 1825 4432 jacuitque

249 4478 470 4535 pronus,
499 4462 721 4517 vinculis
746 4461 1016 4516 oculorum
1064 4458 1203 4511 illius
1241 4457 1307 4511 ab
1350 4456 1437 4510 illa
1468 4456 1631 4525 gloria
1658 4456 1828 4510 disso—

248 4555 413 4610 lutis:
446 4552 571 4624 quid
614 4553 803 4606 mirum
843 4551 885 4603 si
930 4548 1207 4616 Seraphim
1250 4545 1588 4615 expavefaeta
1630 4554 1753 4598 sunt
1784 4546 1824 4611 ‘,

248 4659 354 4701 non
382 4642 692 4698 sustinentia
722 4640 1048 4709 majestatcm
1070 4637 1215 4689 illam
1238 4636 1426 4689 intueri
1444 4636 1465 4688 ?
1481 4634 1660 4703 Neque
1682 4634 1824 4689 enim

249 4744 452 4789 tantum
495 4731 817 4787 discriminis
861 4738 942 4783 est
982 4729 1120 4781 inter
1166 4726 1433 4780 Danielem
1466 4734 1518 4779 et
1546 4726 1820 4794 Angelum,

247 4832 503 4896 quantum
530 4824 668 4879 inter
694 4822 857 4876 Deum
887 4830 940 4875 et
968 4818 1202 4872 Virtutes
1229 4816 1365 4871 illas.
1404 4816 1596 4871 Verum
1626 4831 1693 4871 ne
1733 4831 1827 4870 nos

249 4918 370 4986 plus
394 4929 552 4985 quam
596 4920 682 4967 sat
711 4922 792 4967 est
832 4910 915 4965 his
954 4907 1221 4963 miraculis
1253 4909 1596 4960 immorantes
1623 4917 1827 4960 vestros

248 5005 459 5060 animos
479 5005 530 5059 in
556 5012 823 5072 stuporem
848 5001 1137 5070 atligamus,
1158 5012 1254 5068 age
1273 4997 1338 5051 ad
1360 4998 1563 5051 initium
1594 4997 1827 5051 historia:

248 5104 659 5156 convertamur,
711 5091 1078 5146 humilioribus
1125 5090 1244 5144 illos
1296 5088 1721 5143 enarrationibus
1764 5088 1829 5141 ad

247 5187 367 5257 ejus
418 5184 818 5253 intelligentiam
858 5180 1202 5235 adducentes.
1250 5174 1318 5230 Et
1362 5178 1551 5246 factum
1590 5186 1663 5229 est
1696 5193 1829 5230 anno

249 5294 349 5345 quo
376 5287 600 5330 mortuus
631 5284 699 5327 est
728 5272 876 5325 Ozias
912 5288 1017 5324 rex.
1063 5271 1249 5337 Opera:
1288 5268 1511 5337 pretium
1541 5276 1622 5320 est
1662 5267 1835 5335 inqui-

252 5384 369 5425 rere
397 5371 646 5438 primum,
681 5380 773 5419 cur
799 5364 1054 5433 propheta
1084 5362 1231 5414 nobis
1260 5369 1468 5428 tempus
1503 5359 1825 5427 designarit;

251 5475 423 5531 neque
450 5460 591 5513 enim
619 5458 719 5511 hoc
745 5454 957 5509 fortuito
986 5462 1247 5506 temereve
1277 5451 1419 5505 facit.
1448 5450 1576 5503 Nam
1598 5449 1823 5519 praphe-

256 5563 427 5607 tarum
453 5563 545 5604 ora
572 5548 661 5601 Dei
692 5554 811 5599 sunt
836 5558 894 5597 os
926 5560 938 5595 :
973 5542 1074 5595 tale
1104 5556 1229 5595 vero
1250 5556 1311 5595 os
1336 5540 1465 5594 nihil
1494 5539 1686 5592 dixerit
1715 5539 1829 5591 obi-

258 5655 334 5698 ter
365 5654 417 5698 et
444 5653 590 5696 extra
622 5654 752 5693 rem.
782 5636 858 5690 Ne
890 5635 1044 5703 igitur
1074 5648 1169 5688 nos
1196 5634 1365 5687 obiter
1395 5642 1444 5687 et
1472 5631 1833 5705 perfunctorie

323 5780 340 5812 ⁸
368 5778 517 5835 Unus,
542 5774 598 5826 Si
616 5772 858 5836 Seraphim
882 5771 1039 5821 oculos
1063 5783 1168 5821 suos
1193 5768 1363 5819 velant.

1255 363 1317 417 IN
1358 361 1579 427 ILLUD,
1626 357 1763 414 VIDI
1795 353 2125 415 DOMINUM.
2167 353 2396 409 llOMlL.
2443 352 2502 408 ll.

3390 363 3499 414 lIU

1919 466 2214 522 audiamus.
2247 466 2456 521 Etenim
2488 465 2531 519 si
2565 465 2597 520 ii
2629 466 2718 536 qui
2762 465 2966 521 fodiunt
2994 467 3225 529 metalla,
3256 482 3322 520 ne
3350 483 3505 520 llllttl-

1918 572 2003 612 ma
2029 556 2243 627 quidem
2272 557 2493 610 frustula
2518 565 2860 626 prtetereunt,
2894 571 3081 613 verum
3108 556 3197 611 ubi
3228 558 3363 610 nacti
3396 557 3504 611 fue-

1918 648 2025 702 rint
2047 648 2275 715 aliquam
2318 660 2504 700 venam
2543 646 2679 711 auri,
2721 654 2925 701 meatus
2962 660 3150 700 omnes
3188 657 3373 700 exacte
3402 648 3504 700 eir-

1918 738 2267 807 cumspiciunt
2293 757 2306 791 :
2334 746 2532 807 quanto
2558 736 2725 807 magis
2762 736 2861 792 hoc
2887 736 3063 792 facere
3092 752 3191 792 nos
3221 746 3425 807 OpOl‘lCl
3451 739 3502 791 in

1920 827 2247 896 Scripturis?
2276 827 2345 881 Et
2370 836 2542 882 tamen
2574 826 2625 881 in
2650 827 2879 882 metallis
2899 826 3115 883 difficile
3146 838 3229 883 est
3265 829 3503 883 invenire

1919 919 2061 989 quod
2090 928 2365 973 venantur.
2408 918 2620 973 Etenim
2652 933 2772 973 cum
2802 927 2858 973 et
2884 919 3091 973 metalla
3123 919 3228 973 sint
3258 928 3417 985 terra,
3451 930 3509 975 et

1919 1026 2107 1065 aurum
2136 1011 2265 1065 nihil
2292 1010 2435 1065 aliud
2464 1011 2532 1064 sit
2551 1024 2708 1079 quam
2735 1018 2898 1077 terra,
2929 1010 3039 1079 ipsa
3068 1025 3276 1080 quoque
3299 1019 3503 1065 natura:

1919 1105 2223 1160 communio
2277 1102 2676 1173 similitudoque
2719 1117 2941 1164 eorum,
2990 1117 3109 1172 quas
3159 1112 3501 1172 quaeruntur,

1920 1197 2102 1251 oculos
2129 1195 2291 1260 fallit;
2322 1204 2552 1249 attamen
2581 1210 2647 1250 ne
2666 1194 2742 1249 sic
2761 1194 2973 1264 quidem
2994 1194 3255 1247 desistunt
3280 1194 3377 1259 illi,
3411 1194 3503 1247 sed

1920 1302 2132 1342 omnem
2157 1285 2413 1341 adhibent
2440 1285 2787 1355 dlligentiam,
2817 1285 3021 1339 etiamsi
3052 1292 3389 1353 posteaquam
3424 1285 3505 1337 in-

1921 1381 2211 1450 spexerint,
2237 1379 2408 1433 sciant
2433 1378 2555 1448 quid
2586 1393 2710 1433 vere
2731 1380 2799 1431 sit
2817 1385 2979 1439 terra,
3006 1376 3130 1445 quid
3147 1391 3273 1429 vere
3292 1391 3503 1429 aurum.

1923 1470 1980 1524 In
2005 1468 2292 1539 Scripturis
2320 1475 2497 1522 autem
2527 1482 2631 1522 non
2658 1477 2739 1521 est
2767 1467 2950 1521 eadem
2974 1466 3128 1520 ratio.
3156 1465 3336 1536 Neque
3361 1466 3501 1521 enim

1923 1562 2237 1633 proponitur
2265 1573 2452 1614 aurum
2483 1566 2639 1613 terra:
2668 1559 3038 1624 commixtum,
3074 1557 3167 1613 sed
3210 1572 3396 1626 purum
3425 1561 3501 1610 est

1922 1668 2111 1708 aurum
2144 1670 2157 1704 :
2200 1650 2440 1721 Eloquia,
2469 1649 2657 1719 inquit,
2686 1648 2891 1702 Domini
2917 1658 3074 1715 casta,
3107 1658 3367 1720 argentum
3394 1651 3508 1719 igne

1922 1743 2285 1804 examinatum,
2329 1740 2595 1811 probatum
2638 1750 2783 1793 terra:
2804 1738 2973 1811 (Psal.
3006 1740 3091 1793 ll.
3124 1741 3201 1807 'l).
3232 1740 3502 1809 Siquidem

1922 1834 2208 1903 Scriptura:
2235 1847 2339 1887 non
2380 1841 2501 1885 sunt
2528 1830 2743 1885 metalla
2772 1846 2890 1900 qua:
2922 1829 3192 1899 indigeant
3218 1830 3500 1898 operariis,

1924 1924 2017 1977 sed
2069 1924 2374 1977 thesaurum
2424 1922 2663 1990 przcbent
2706 1929 2946 1990 paratum
2997 1922 3097 1985 iis,
3145 1920 3234 1988 qui
3265 1930 3508 1989 quaerunt

1924 2030 2053 2083 opes
2098 2015 2147 2067 in
2198 2013 2327 2083 ipsis
2370 2011 2689 2068 reconditas.
2741 2010 2880 2066 Satis
2925 2020 3007 2066 est
3052 2012 3191 2065 enim
3248 2013 3509 2079 introspe-

1926 2108 2089 2172 xisse,
2137 2117 2194 2160 ut
2222 2105 2367 2159 omni
2408 2104 2603 2174 expleti
2653 2103 2825 2158 fructu
2876 2103 3196 2167 diseedatis;
3246 2103 3375 2157 satis
3426 2114 3506 2156 est

1926 2206 2127 2252 tantum
2153 2196 2424 2267 aperuisse
2443 2238 2457 2262 ,
2498 2205 2552 2249 ut
2597 2194 2735 2250 illico
2761 2194 2940 2249 videas
2965 2207 3293 2264 gemmarum
3328 2194 3507 2263 splen-

1925 2290 2127 2344 dorem.

2000 2381 2265 2452 Scriptura
2312 2381 2440 2433 nihil
2482 2380 2627 2433 habet
2664 2395 3041 2451 supervacuum.
3072 2409 3144 2419 —
3170 2379 3295 2434 Hmc
3330 2387 3503 2433 autem

1924 2473 2054 2527 mihi
2098 2487 2201 2526 non
2236 2480 2436 2526 temere
2476 2471 2616 2526 dicta
2651 2480 2774 2525 sunt
2805 2486 2974 2540 neque
3015 2470 3229 2524 fortuito
3276 2473 3503 2540 produxi

1924 2576 2247 2626 sermonem,
2279 2564 2374 2616 sed
2406 2561 2525 2631 quia
2572 2572 2696 2615 sunt
2734 2561 2974 2614 homines
3010 2561 3224 2631 quidam
3267 2560 3504 2630 Opifices,

1924 2655 2013 2723 qui
2047 2662 2388 2723 posteaquam
2424 2665 2602 2707 sacros
2633 2651 2822 2705 Libros
2852 2652 2904 2705 in
2948 2666 3134 2705 manus
3162 2652 3503 2720 sumpserint,

1925 2742 2119 2797 deinde
2139 2742 2436 2812 repererint
2457 2742 2538 2796 vel
2560 2756 2817 2796 annorum
2843 2752 3118 2796 numerum
3143 2743 3390 2811 positum,
3424 2743 3505 2796 vel

1926 2834 2200 2888 nominum
2224 2832 2616 2900 recensionem,
2648 2832 2790 2886 illico
2817 2841 3248 2901 prtetercurruut,
3279 2841 3329 2885 et
3355 2833 3504 2884 incn-

1926 2924 2166 2978 santihus
2208 2922 2535 2993 respondent
2580 2940 2594 2978 :
2636 2923 2857 2977 Nomina
2906 2931 3104 2976 tantum
3152 2931 3293 2984 sunt,
3335 2937 3508 2989 neque

1925 3014 2209 3083 quidquam
2241 3012 2443 3067 habent
2476 3012 2735 3066 utilitatis.
2766 3012 2899 3079 Quid
2928 3012 3041 3064 ais?
3071 3011 3210 3065 Deus
3253 3012 3504 3079 loquitur,

1926 3114 1981 3158 et
2015 3113 2070 3157 tu
2098 3103 2262 3157 audes
2306 3104 2505 3168 dicere,
2549 3102 2701 3157 Nulla
2731 3112 2812 3157 est
2851 3102 3111 3157 dictorum
3140 3102 3375 3155 utilitas?
3419 3102 3509 3154 Et-

1925 3195 2066 3248 enim
2095 3195 2136 3247 si
2169 3193 2235 3247 ad
2280 3192 2473 3247 nudam
2519 3192 2913 3262 inscriptionem
2964 3194 3234 3262 aspexeris
3280 3200 3504 3253 tantum,

1929 3300 2104 3339 nonne
2131 3292 2183 3337 te
2205 3283 2361 3339 sistes
2386 3297 2507 3337 cum
2551 3282 2747 3348 studio,
2779 3283 3145 3351 repositasque
3187 3282 3507 3336 scrutaberis

1928 3390 2056 3443 epes
2071 3376 2094 3427 ’ἰ
2126 3374 2233 3429 Sed
2271 3373 2398 3444 quid
2426 3373 2616 3443 loquor
2652 3373 2719 3427 de
2762 3372 3082 3440 temporibus
3112 3380 3165 3425 et
3207 3372 3505 3426 nominibus

1930 3466 2239 3536 titulisque?
2270 3465 2423 3520 Disce
2466 3475 2721 3535 quantum
2751 3464 2921 3516 valeat
2959 3464 3112 3516 unius
3149 3470 3349 3515 tantum
3394 3461 3509 3515 Iitc-

1928 3558 2059 3611 rulae
2096 3556 2353 3625 adjectio,
2402 3570 2464 3609 ac
2505 3555 2690 3609 desine
2738 3562 2842 3607 tota
2879 3562 3219 3608 contemnere
3268 3552 3502 3606 nomina.

1930 3646 2233 3700 Patriarcha
2281 3653 2463 3700 noster
2500 3644 2765 3699 Abraham
2798 3643 3001 3713 (noster
3033 3644 3173 3697 enim
3219 3644 3391 3711 potius
3429 3653 3511 3696 est

1928 3752 2088 3807 quam
2112 3736 2418 3791 Judzeorum
2447 3733 2554 3807 hic)
2584 3736 2729 3804 prius
2768 3734 2940 3789 dictus
2980 3745 3060 3790 est
3094 3734 3325 3799 Abram;
3368 3733 3509 3803 quod

1930 3830 2332 3899 interpretatum
2358 3837 2511 3883 sonat
2538 3829 2874 3882 transitorem
2912 3835 3069 3895 :post
3109 3826 3222 3879 haec
3262 3840 3388 3878 vero
3416 3842 3511 3877 no-

1931 3919 2075 3973 mine
2099 3926 2421 3974 commutato
2458 3917 2629 3971 dictus
2678 3916 2963 3978 Abraham,
3011 3924 3159 3984 pater
3201 3914 3369 3967 factus
3397 3930 3482 3966 om

1932 4012 2075 4064 nium
2101 4010 2334 4080 gentium
2360 4025 2376 4075 ;
2406 4017 2458 4064 et
2498 4008 2709 4063 unicum
2733 4008 3052 4063 elementum
3081 4006 3343 4075 adjectum
3398 4016 3512 4059 tan-

1932 4112 2041 4158 tum
2090 4101 2441 4171 principatum
2497 4099 2783 4154 vindicavit
2826 4098 2987 4168 justo.
3049 4096 3507 4165 Quemadmodum

1932 4196 2073 4249 enim
2107 4194 2456 4263 Imperatores
2484 4192 2745 4262 praefectis
2768 4191 2878 4247 suis
2906 4204 3095 4245 aureas
3132 4189 3412 4258 porrigunt
3434 4196 3511 4239 ta-

1934 4287 2122 4353 bellas,
2156 4285 2492 4355 magistratus
2520 4284 2725 4354 signum
2754 4300 2768 4338 :
2815 4281 2893 4336 sic
2919 4291 2972 4336 et
3012 4282 3148 4334 Deus
3180 4278 3323 4347 justo
3353 4276 3426 4331 illi
3457 4277 3510 4332 in

1931 4376 2153 4433 honoris
2174 4378 2381 4446 signum
2402 4374 2549 4431 dedit
2575 4375 2801 4429 literam.

2004 4468 2059 4522 5.
2079 4467 2275 4521 Verum
2301 4466 2369 4520 de
2399 4464 2696 4519 nominibus
2717 4462 2824 4516 alio
2846 4471 3084 4530 tempore
3106 4460 3365 4515 disseram
3389 4458 3465 4528 (a)
3496 4475 3508 4510 :

1935 4570 2165 4629 quantus
2191 4567 2367 4612 autem
2392 4557 2461 4611 sit
2483 4566 2781 4625 temporum
2806 4554 3005 4608 fructus
3026 4553 3069 4607 si
3097 4560 3510 4636 cognoscantur,

1936 4665 2148 4705 rursum
2179 4656 2435 4717 quantum
2465 4647 2718 4699 damnum
2749 4645 2791 4697 si
2816 4644 3142 4713 ignorentur,
3168 4640 3509 4710 aperiendum

1934 4749 2035 4793 est.
2086 4740 2163 4793 Ac
2202 4738 2427 4807 primum
2454 4735 2664 4806 quidem
2700 4735 2750 4789 id
2776 4750 2805 4789 a
2852 4734 3011 4789 rebus
3051 4732 3393 4788 szecularibus
3419 4730 3512 4783 de—

1937 4830 2263 4884 monstrabo.
2292 4828 2629 4883 Testamcnta
2659 4825 2954 4895 tabulaeque
2978 4825 3045 4878 de
3075 4824 3291 4892 nuptiis,
3321 4822 3385 4873 de
3414 4820 3511 4873 de~

1937 4920 2083 4986 bitis,
2115 4921 2287 4990 deque
2306 4918 2527 4988 reliquis
2547 4916 2940 4979 contractibus,
2971 4915 3071 4968 nisi
3103 4916 3154 4967 in
3182 4912 3512 4979 frontispicio

1936 5014 2215 5070 consulum
2235 5026 2404 5067 annos
2434 5010 2663 5065 habeant
2688 5008 3043 5078 praescriptos,
3078 5004 3272 5059 nullam
3301 5019 3364 5058 ex
3393 5016 3512 5057 sese

1938 5109 2045 5161 vim
2074 5106 2291 5160 habent.
2326 5104 2439 5159 [Ioc
2467 5112 2549 5157 est
2575 5102 2715 5156 enim
2744 5100 2881 5170 quod
2907 5098 3011 5152 illis
3036 5098 3197 5153 robur
3218 5097 3383 5162 addit,
3412 5096 3513 5149 hoc

1939 5206 2021 5258 est
2060 5195 2204 5268 quod
2245 5191 2633 5251 controversias
2660 5190 2892 5254 dirimit,
2925 5189 3025 5242 hoc
3060 5187 3200 5257 quod
3227 5203 3256 5241 a
3277 5187 3511 5257 judiciali

1942 5288 2059 5341 foro
2100 5287 2321 5349 liberat,
2376 5283 2475 5336 hoc
2536 5280 2674 5349 quod
2726 5296 2789 5333 ex
2840 5280 3064 5333 inimicis
3119 5278 3242 5332 facit
3288 5277 3511 5331 amicos.

1942 5378 2169 5432 Proinde
2194 5377 2283 5445 qui
2310 5376 2431 5428 talia
2457 5373 2783 5438 describunt,
2804 5387 2907 5425 non
2936 5372 3088 5426 aliter
3116 5386 3270 5441 quam
3298 5370 3513 5422 lucerna

1942 5473 1993 5523 in
2026 5467 2349 5523 candelabro
2389 5464 2512 5533 poni
2554 5463 2718 5529 solet,
2764 5463 2841 5517 sic
2874 5464 2922 5515 in
2974 5461 3301 5529 frontispicio
3330 5458 3510 5510 litera-

1942 5566 2057 5615 ru‘m
2090 5559 2289 5614 addunt
2330 5555 2695 5617 consulatum,
2727 5564 2783 5608 ut
2808 5553 3055 5609 omnibus
3077 5567 3191 5621 qua:
3228 5548 3516 5617 subjiciun-

2004 5698 2077 5749 (ιι)
2117 5696 2200 5741 Hic.
2232 5690 2407 5739 indicat
2442 5688 2668 5740 ttomilias
2702 5688 2765 5735 de
2799 5685 3049 5741 Mutatione
3087 5684 3329 5733 nominum
3351 5714 3364 5741 ,
3398 5692 3517 5741 quas

1949 5760 2184 5810 edidimus
2206 5764 2320 5802 tom.
2347 5754 2395 5800 5.
