4048 6474
575 450 682 504 111

589 557 674 605 tur
702 547 1003 616 praeluceat.
1037 547 1165 612 Quae
1197 547 1242 599 si
1269 543 1542 600 sustuleris
1565 584 1580 608 ,
1609 543 1788 596 lumen
1833 537 2111 594 sustuleris
2129 578 2142 601 ,

589 637 870 706 omniaque
896 636 1127 692 tenebris
1155 636 1420 703 multaque
1447 632 1742 691 turbatione
1777 628 2148 698 compleveris.

589 728 873 796 Propterea
903 743 1060 781 omne
1089 728 1196 781 dati
1220 727 1536 794 acceptique
1566 724 1830 793 negotium
1851 763 1865 785 ,
1893 720 2006 776 sive
2029 734 2150 774 cum

590 818 801 880 amicis,
826 817 938 870 sive
963 832 1080 870 cum
1104 815 1349 878 inimicis,
1377 813 1486 867 sive
1505 827 1624 867 eum
1651 810 1880 876 famulis,
1903 811 2013 864 sive
2032 823 2151 862 cum

594 907 1023 976 procuratoribus
1041 914 1094 960 et
1112 903 1401 960 eeconomis
1415 910 1619 973 agatur,
1637 900 1737 956 hac
1751 908 1872 970 eget
1886 899 2152 962 cautione,

601 1005 656 1050 ct
709 995 901 1064 ubique
957 1008 1201 1058 menses,
1249 1006 1415 1046 annos
1473 1004 1537 1046 ac
1578 990 1692 1044 dies
1753 987 2152 1043 subscribimus.

593 1083 743 1149 Quod
772 1084 816 1138 si
862 1093 1061 1137 tantum
1091 1082 1227 1136 valet
1268 1097 1328 1136 ea
1352 1095 1439 1136 res
1467 1081 1520 1134 in
1541 1079 1763 1149 negotiis
1791 1076 2153 1141 molaribus,

604 1176 658 1229 in
711 1172 1073 1241 spiritualibus
1142 1173 1310 1226 multo
1369 1169 1596 1240 amplius
1639 1168 1915 1238 profuerit.
1982 1166 2156 1234 Siqui-

602 1266 724 1320 dem
764 1264 863 1318 hoc
899 1263 1130 1317 declarat
1172 1262 1472 1332 prophetias
1508 1275 1626 1315 esse
1683 1257 2006 1329 prophetias.
2053 1257 2154 1314 Ne-

600 1374 705 1428 que
728 1356 868 1410 enim
919 1353 1061 1408 aliud
1090 1353 1371 1422 quidquam
1401 1361 1483 1405 est
1535 1349 1808 1419 prOphetia
1834 1389 1848 1412 ,
1876 1363 2032 1418 quam
2075 1362 2156 1402 re-

599 1463 719 1501 rum
735 1446 1026 1500 futurarum
1049 1444 1334 1498 enarratio.
1366 1441 1594 1497 Proinde
1613 1441 1702 1509 qui
1725 1439 1894 1496 nescit
1920 1447 2156 1507 tempora

597 1551 777 1592 comm
807 1551 922 1604 quae
945 1535 1083 1589 dicta
1109 1541 1262 1597 sunt,
1286 1547 1469 1602 quaeve
1505 1539 1793 1589 evenerunt
1817 1571 1832 1593 ,
1853 1530 1942 1599 qui
1968 1530 2160 1600 poterit

595 1625 797 1680 homini
824 1625 1160 1679 contentiosa
1185 1623 1551 1677 demonstrare
1597 1620 1890 1691 prephetite
1926 1619 2156 1689 dignita-

597 1716 742 1771 tem?
789 1715 925 1770 Hinc
967 1714 1116 1769 nobis
1159 1721 1212 1768 et
1252 1712 1506 1768 adversus
1547 1721 1733 1781 gentes
1777 1711 2068 1768 certamina
2105 1718 2160 1763 et

596 1807 855 1871 victoriae,
878 1820 995 1859 cum
1019 1813 1198 1858 nostra
1219 1803 1646 1857 demonstramus
1669 1800 1983 1867 antiquiora.
2001 1813 2157 1867 quam

595 1912 715 1966 qua:
755 1893 893 1964 apud
937 1894 1057 1948 illos
1093 1892 1398 1948 habentur:
1425 1891 1546 1946 hinc
1575 1890 1726 1944 nobis
1771 1889 2022 1944 adversus
2062 1888 2158 1942 Ju-

597 1986 744 2040 dmos
803 1983 1281 2040 demonstrationes
1325 1981 1392 2035 ad
1455 1980 1800 2036 evincendam
1854 1979 2158 2043 veritatem;

599 2076 852 2132 adversus
871 2074 1080 2129 Judazos
1104 2114 1120 2138 ,
1152 2073 1362 2142 inquam
1391 2113 1406 2137 ,
1431 2070 1675 2126 infelices
1699 2086 1761 2125 ac
1787 2070 2011 2124 miseros
2029 2109 2044 2135 ,
2073 2070 2160 2136 qui

602 2165 674 2218 ob
715 2173 1008 2232 temporum
1049 2163 1395 2231 ignorantiam
1437 2163 1488 2215 in
1518 2161 1883 2230 gravissimum
1927 2174 2162 2214 errorem

600 2256 733 2322 lapsi
758 2262 900 2308 sunt.
929 2253 1060 2308 Nam
1087 2253 1133 2306 si
1175 2252 1446 2306 audissent
1487 2252 1837 2321 patriarcham
1863 2251 2126 2310 dicentem
2144 2291 2160 2316 ,

606 2343 728 2398 Non
753 2344 944 2411 deﬁciet
966 2343 1199 2412 princeps
1227 2359 1290 2397 ex
1309 2342 1478 2408 Juda,
1508 2359 1665 2410 neque
1689 2343 1792 2396 datr
1815 2345 1878 2396 de
1900 2342 2166 2412 feruoribus

602 2439 712 2505 ejus
733 2477 749 2501 ,
791 2436 946 2492 donec
973 2437 1156 2500 veniat,
1185 2435 1266 2487 cui
1292 2435 1562 2504 repositum
1605 2443 1677 2487 est
1707 2432 1725 2497 (
1749 2433 1875 2488 Gen.
1917 2434 2007 2488 49.
2036 2433 2162 2505 10),

601 2527 754 2596 sique
773 2525 1054 2594 diligenter
1077 2527 1448 2579 observasscnt
1476 2525 1732 2579 adventus
1759 2525 2005 2579 dominici
2031 2532 2166 2578 tem-

602 2631 765 2685 pora,
798 2630 1126 2684 nequaquam
1154 2615 1481 2668 excidissent
1505 2630 1533 2668 a
1563 2614 1777 2668 Christo
1818 2615 1869 2668 in
1899 2614 2165 2669 Antichri-

604 2717 714 2760 tum
741 2706 940 2773 delapsi
973 2723 986 2758 :
1018 2704 1463 2775 quemadmodum
1490 2714 1542 2759 et
1569 2705 1680 2774 ipse
1703 2704 1944 2760 Christus
1963 2705 2015 2759 id
2043 2706 2168 2760 sub—

601 2794 842 2849 indicans
870 2795 948 2848 cis
975 2793 1218 2861 praedixit
1243 2809 1257 2844 :
1281 2792 1390 2862 Ego
1419 2793 1529 2850 veni
1555 2793 1608 2846 in
1631 2793 1827 2849 nomine
1853 2791 2026 2847 Patris
2047 2795 2164 2858 mei,

601 2897 774 2940 etnon
820 2884 1073 2951 recepistis
1103 2899 1179 2936 me
1208 2899 1226 2936 :
1251 2884 1295 2936 si
1335 2884 1518 2936 venerit
1560 2883 1690 2935 alius
1733 2884 1784 2935 in
1821 2883 2019 2937 nomine
2042 2899 2164 2948 suo,

601 2976 744 3027 illum
768 2973 1015 3042 recipietis
1039 2971 1234 3043 (Joan.
1278 2973 1332 3027 5.
1357 2972 1482 3044 45).
1533 2973 1715 3026 Vidisti
1746 2982 1974 3040 quantus
2016 2987 2170 3026 error

604 3062 848 3118 inciderit
871 3078 933 3116 ex
960 3063 1167 3117 inscitia
1208 3062 1541 3130 temporum?
1585 3061 1807 3116 Tantam
1839 3061 1996 3131 igitur
2026 3063 2167 3114 utili-

605 3163 768 3208 tatem
797 3169 865 3208 ne
892 3153 1142 3222 negligas.
1171 3152 1624 3220 Quemadmodum
1651 3151 1790 3206 enim
1819 3153 1870 3204 in
1896 3151 2036 3220 agris
2060 3161 2165 3205 ter-

602 3243 732 3299 mini
773 3244 1134 3312 columnmque
1194 3258 1298 3298 non
1355 3244 1536 3297 sinunt
1576 3257 1700 3296 arva
1760 3241 2038 3308 confundi,
2090 3243 2168 3297 sic

605 3342 844 3402 tempora
871 3347 974 3386 non
1020 3333 1200 3388 sinunt
1237 3330 1487 3386 confundi
1531 3346 1618 3386 res
1657 3341 1832 3398 gestas
1857 3371 1870 3394 ,
1897 3331 1992 3384 sed
2043 3330 2167 3384 dum

609 3424 864 3477 dirimunt
897 3422 1028 3476 alias
1054 3422 1121 3475 ab
1161 3423 1314 3485 aliis,
1336 3431 1391 3476 et
1419 3422 1472 3475 in
1515 3422 1754 3475 ordinem
1792 3430 2169 3490 congruentem

606 3511 874 3580 digerunt,
906 3511 1068 3564 multa
1099 3525 1195 3564 nos
1225 3511 1446 3566 liberant
1470 3511 1786 3565 turbatione.
1829 3510 2016 3578 Opera:
2044 3525 2169 3578 pre-

608 3603 736 3658 tium
768 3602 925 3670 igitur
947 3610 1030 3658 cst
1053 3615 1321 3669 exponere
1353 3601 1500 3654 vobis
1546 3601 1664 3668 quis
1704 3599 1860 3654 fuerit
1886 3599 1971 3653 hic
1994 3597 2167 3664 Osias,

605 3707 710 3761 quo
739 3703 979 3762 tempore
1025 3693 1276 3761 regnarit,
1316 3691 1505 3760 quibus
1545 3691 1836 3759 imperarit,
1876 3700 1930 3745 ct
1976 3700 2171 3759 quanto

607 3792 845 3850 tempore
869 3781 1073 3835 durarit
1092 3782 1232 3834 illius
1252 3781 1596 3849 principatus,
1622 3790 1888 3848 postremo
1907 3781 2172 3850 quomodo

608 3869 771 3925 vitam
801 3867 1014 3926 ﬁnierit.
1045 3869 1155 3924 lmo
1180 3870 1352 3938 potius
1386 3868 1494 3938 jam
1520 3869 1780 3922 silendum
1809 3879 1911 3933 est,
1939 3884 2002 3922 eo
2031 3869 2170 3939 quod

607 3975 828 4018 necesse
872 3961 942 4014 sit
986 3960 1037 4013 in
1069 3960 1384 4016 immensum
1433 3960 1769 4014 historiarum
1811 3959 2027 4032 pelagus
2049 3975 2173 4014 ora-

608 4054 805 4108 tionem
833 4053 1140 4108 extendere.
1172 4053 1269 4117 Qui
1294 4068 1420 4107 vero
1446 4068 1540 4121 per
1560 4051 1861 4122 hujusmodi
1886 4066 2032 4105 mare
2052 4058 2176 4104 sunt

610 4146 713 4202 iter
739 4145 928 4202 facturi
953 4186 969 4206 ,
1001 4159 1221 4203 necesse
1249 4155 1331 4200 est
1370 4160 1475 4202 non
1523 4143 1753 4213 fatigatis
1775 4185 1789 4209 ,
1813 4143 1909 4198 sed
1953 4145 2172 4212 integris

607 4237 896 4305 remigibus
917 4235 1057 4290 viam
1083 4243 1380 4305 capessant.
1405 4234 1536 4289 Nam
1564 4235 1701 4289 hanc
1720 4236 1789 4292 ob
1813 4249 2025 4289 causam
2057 4249 2174 4302 pas-

608 4325 710 4380 sim
741 4340 834 4394 pcr
862 4340 1008 4379 mare
1058 4333 1240 4394 pOTLUs
1284 4324 1577 4393 insulaeque
1624 4324 1809 4392 positae
1855 4332 2012 4389 sunt,
2040 4332 2098 4377 ut
2123 4332 2177 4380 et

607 4414 929 4485 gubernator
973 4422 1027 4468 et
1050 4424 1206 4470 nauta
1234 4413 1596 4468 refocillentur
1617 4453 1631 4476 ,
1664 4415 1750 4468 hic
1793 4413 2003 4481 quidem
2027 4427 2177 4467 remo

609 4504 855 4572 deposito
877 4544 892 4568 ,
918 4503 1010 4558 ille
1039 4519 1165 4558 vero
1192 4519 1485 4573 exsurgens
1511 4519 1542 4557 a
1585 4505 1760 4558 clavo.
1791 4504 1884 4557 llis
1909 4503 1975 4557 de
2002 4504 2176 4557 causis

610 4601 666 4648 et
684 4593 974 4648 diversoria
999 4608 1358 4662 cauponmque
1385 4594 1578 4663 ubique
1607 4610 1701 4662 per
1729 4595 1839 4649 vias
1869 4595 2179 4663 excogitata:

609 4691 764 4747 sunt,
795 4691 854 4738 ut
877 4681 1110 4750 jutnenta
1155 4683 1307 4735 simul
1333 4699 1451 4736 cum
1493 4683 1782 4742 viatoribus
1817 4700 1846 4736 a
1875 4684 2054 4738 labore
2085 4700 2174 4739 re-

614 4780 881 4831 creentur.
909 4770 1090 4840 quue
1115 4779 1169 4824 et
1205 4771 1459 4824 doctrina:
1485 4774 1713 4826 sermoni
1748 4773 1939 4827 silentii
1973 4784 2178 4842 tempus

613 4861 930 4931 praeﬁnitum
959 4869 1039 4914 est
1059 4900 1073 4925 ,
1103 4871 1159 4914 ut
1183 4877 1350 4929 neque
1379 4876 1475 4914 nos
1503 4863 1645 4928 ipsos
1672 4863 2032 4917 deterreamus
2058 4879 2179 4917 ver-

613 4955 802 5009 borum
850 4951 1219 5018 multitudine,
1267 4967 1437 5020 neque
1483 4966 1579 5004 vos
1618 4952 1965 5007 delassemus.
2009 4954 2180 5022 Atque

615 5044 731 5098 iure
771 5052 1004 5112 tempora
1034 5042 1180 5098 novit
1203 5042 1452 5096 Salomon
1476 5041 1678 5107 dicens,
1715 5041 1927 5111 Tempus
1949 5045 2178 5107 tacendi,

614 5146 662 5189 et
712 5143 904 5204 tempus
946 5133 1177 5203 loquendi
1213 5132 1230 5202 (
1263 5133 1428 5186 Eccle.
1475 5133 1528 5186 5.
1559 5129 1653 5202 7).
1703 5132 1782 5186 Sit
1828 5133 1984 5202 igitur
2031 5137 2182 5190 nobis

615 5232 827 5292 tempus
858 5224 1062 5277 tacendi
1088 5263 1102 5286 ,
1149 5237 1252 5291 quo
1275 5222 1428 5277 detur
1450 5231 1501 5275 et
1530 5223 1840 5289 praeceptori
1867 5233 2071 5292 tempus
2098 5225 2180 5277 lo-

614 5311 810 5382 quendi
842 5309 935 5380 (a).
961 5310 1090 5365 Nam
1122 5326 1238 5379 qua:
1260 5327 1354 5363 nos
1384 5311 1672 5372 aﬂ‘erimus,
1700 5311 1888 5365 similia
1917 5321 2037 5366 sunt
2059 5314 2182 5368 vino

614 5402 756 5469 quod
803 5416 987 5455 recens
1025 5401 1124 5455 sub
1171 5400 1416 5453 torculari
1463 5400 1708 5453 haustum
1754 5410 1869 5456 est:
1899 5418 2017 5470 qua:
2055 5418 2182 5458 vero

616 5495 865 5547 dicuntur
888 5491 955 5545 ab
978 5492 1087 5557 illo,
1115 5491 1307 5545 similia
1335 5501 1457 5545 sunt
1479 5492 1620 5558 vino,
1644 5493 1786 5562 quod
1812 5495 2058 5563 quoniam
2087 5511 2179 5550 ve-

617 5595 864 5645 tustatem
892 5586 1201 5654 seniumque
1222 5583 1468 5652 collegit,
1497 5585 1713 5640 multam
1739 5584 1915 5641 adfert
1943 5596 2047 5641 tum
2077 5588 2181 5641 uti-

679 5739 752 5799 (a)
772 5736 1010 5797 Chrysost.
1038 5737 1157 5785 dixit
1182 5741 1424 5798 praesente
1451 5737 1690 5798 episcopo.

1320 429 1379 486 S.
1417 428 1693 485 JOANNIS
1713 425 2189 484 CHRYSOSTOMI
2226 423 2538 483 ARCHIEP.
2579 429 3106 486 CONSTANTINOP.

3718 451 3831 504 112

2262 539 2484 609 litatem,
2514 549 2624 597 tum
2650 544 2753 597 vim
2785 545 2846 598 iis
2862 545 2947 614 qui
2979 560 3110 613 opus
3133 543 3330 599 habent
3357 563 3371 598 :
3403 545 3661 614 nobisque
3688 547 3825 600 acci-

2259 633 2335 686 dit
2376 633 2535 688 hodie
2573 633 2702 690 illud
2746 636 3039 705 evangelii,
3097 645 3216 704 post
3261 637 3494 692 deterius
3540 638 3717 692 vinum
3774 638 3824 692 id

2258 725 2398 793 quod
2426 727 2616 780 melius
2636 735 2718 780 est
2743 726 2967 781 infertur
3021 726 3205 798 (Joan.
3229 727 3282 782 2.
3327 729 3393 782 10
3416 728 3454 797 ).
3479 729 3543 783 Ει
3567 730 3825 798 quemad-

2259 815 2473 868 modum
2508 815 2634 870 illud
2682 817 2861 871 vinum
2907 832 3011 870 non
3061 817 3182 871 vitis
3218 829 3508 886 genuerat,
3537 820 3628 874 sed
3653 821 3826 875 virtus

2257 903 2385 960 Iesu
2408 903 2602 959 Christi
2632 905 2867 960 fecerat:
2894 906 2965 959 ita
2997 913 3052 961 et
3083 907 3240 975 huius
3270 922 3566 961 sermonem
3588 923 3692 963 non
3721 909 3827 963 hu-

2259 1011 2414 1050 mana
2437 996 2710 1064 profundit
2745 999 2991 1065 cogitatio
3009 1039 3025 1063 ,
3069 998 3160 1053 sed
3188 998 3414 1068 Spiritus
3440 1002 3604 1055 sancti
3630 1003 3825 1071 gratia.

2258 1087 2521 1155 Quoniam
2540 1089 2700 1158 igitur
2737 1089 2892 1157 hujus
2914 1090 3130 1158 liquoris
3166 1090 3358 1145 ﬂuenta
3388 1094 3598 1161 copiosa
3621 1103 3742 1148 sunt
3772 1102 3833 1149 et

2260 1179 2551 1248 spiritualia
2569 1218 2584 1244 ,
2616 1179 2850 1233 studiose
2873 1180 3194 1248 excipiamus
3219 1221 3235 1244 ,
3266 1190 3418 1235 caute
3442 1196 3736 1244 servemus,
3771 1193 3834 1238 ut

2260 1270 2472 1324 assidue
2497 1270 2696 1338 irrigati
2730 1270 3095 1338 tempestivum
3115 1269 3412 1324 adferamus
3432 1271 3654 1325 fructum
3694 1273 3831 1334 Deo,

2260 1361 2349 1429 qui
2398 1362 2511 1414 haec
2552 1360 2769 1429 largitus
2794 1367 2878 1415 cst
2926 1377 2942 1415 :
2981 1375 3141 1428 quem
3182 1359 3334 1414 decet
3374 1362 3546 1415 omnis
3583 1361 3747 1430 gloria
3773 1370 3834 1415 et

2264 1450 2434 1505 honor
2453 1465 2571 1503 cum
2604 1451 2874 1520 unigenito
2901 1450 3015 1520 ejus
3045 1449 3180 1503 Filio
3222 1450 3660 1520 sanctissimeque
3699 1451 3832 1519 Spi-

2264 1542 2384 1606 ritu,
2419 1557 2559 1597 nunc
2583 1552 2637 1596 et
2659 1555 2885 1612 seraper,
2910 1551 2961 1596 et
2986 1541 3036 1594 in
3062 1541 3254 1596 saecula
3275 1541 3609 1596 saeculorum.
3636 1544 3829 1598 Amen.

2264 1681 2319 1736 In
2348 1681 2638 1736 secundum
2661 1680 2848 1735 librum
2876 1682 3310 1750 Paralipomenon
3339 1681 3416 1751 (a)
3436 1724 3449 1748 ,
3481 1682 3567 1735 ubi
3594 1682 3790 1737 dicitur
3813 1725 3830 1749 ,

2333 1769 2541 1824 Elatum
2575 1779 2646 1824 est
2675 1787 2760 1824 cor
2792 1771 2969 1833 Osiw;
2996 1771 3164 1840 deque
3193 1771 3515 1835 humilitate;
3547 1781 3654 1824 tum
3684 1773 3833 1840 quod

2335 1861 2602 1914 hominem
2623 1861 2818 1915 virtute
2837 1860 3110 1929 praeditum
3134 1875 3237 1914 non
3261 1867 3502 1929 oporteat
3522 1875 3642 1916 esse
3660 1862 3835 1916 conﬁ-

2335 1950 2586 2018 dentem;
2637 1949 2863 2020 denique
2898 1957 3148 2018 quantum
3187 1951 3380 2005 malum
3421 1952 3488 2005 sit
3531 1954 3833 2022 arrogantia

2335 2042 2422 2114 (2.
2445 2041 2624 2098 Paral.
2654 2041 2744 2097 26.
2770 2042 2870 2108 16;
2896 2050 2944 2096 ει
2968 2042 3021 2096 4.
3051 2041 3175 2112 Reg.
3209 2042 3326 2113 15).

2850 2193 3122 2251 "OMILIA
3162 2195 3249 2249 Ill.

2341 2325 2388 2376 ί.
2418 2324 2730 2383 Benedictus
2759 2325 2917 2389 Deus,
2944 2333 2997 2379 et
3023 2335 3201 2382 nostra
3225 2340 3434 2394 quoque
3461 2335 3590 2381 astas
3616 2340 3833 2396 proger-

2268 2414 2430 2466 minat
2461 2423 2737 2482 martyres,
2761 2425 2816 2468 et
2837 2415 2988 2468 nobis
3016 2415 3114 2469 hoc
3143 2415 3358 2471 honoris
3377 2417 3595 2471 contulit
3629 2418 3719 2473 Dei
3743 2419 3831 2471 di-

2268 2503 2468 2569 gnatio,
2497 2511 2553 2556 ut
2573 2504 2996 2570 conspiceremus
3021 2503 3261 2557 homines
3283 2505 3446 2558 occidi
3477 2520 3573 2573 pro
3595 2503 3827 2571 Christo,

2267 2590 2513 2644 homines
2539 2591 2630 2659 qui
2654 2606 2804 2646 sacro
2831 2592 3083 2661 sanguine
3107 2593 3378 2657 distillant,
3403 2594 3689 2652 Ecclesiam
3711 2596 3830 2649 uni-

2269 2694 2476 2734 versam
2501 2680 2749 2749 irrigante
2777 2698 2789 2733 :
2818 2682 3088 2750 sanguineIl
3111 2682 3340 2750 inquam,
3370 2684 3698 2749 distillantes,
3719 2685 3830 2739 da:-

2269 2771 2514 2824 monibns
2542 2770 2750 2840 quidem
2783 2772 3037 2838 terriﬁco,
3082 2775 3280 2840 angelis
3307 2789 3430 2828 vero
3459 2774 3785 2829 desiderabili
3811 2816 3826 2839 ,

2272 2859 2422 2913 nobis
2453 2874 2609 2926 porro
2634 2859 2870 2911 salutari.
2900 2859 3102 2928 Largita
3125 2870 3203 2914 est
3231 2862 3381 2915 nobis
3410 2863 3509 2915 hoc
3536 2861 3629 2915 Dei
3649 2863 3833 2930 digna-

2274 2947 2345 3000 tio
2364 2986 2378 3010 ,
2419 2956 2474 3000 ut
2504 2959 2863 3016 spcctaremus
2893 2947 3130 3001 homines
3169 2963 3262 3015 pro
3291 2951 3480 3017 pietate
3517 2950 3830 3018 belligeran-

2273 3046 2372 3104 tes,
2405 3041 2692 3099 vincentes.
2717 3046 3014 3092 coronatos.
3041 3038 3217 3105 Neque
3242 3055 3368 3092 vero
3387 3040 3554 3092 solum
3579 3041 3834 3107 contingit

2271 3126 2389 3181 lnec
2415 3137 2688 3195 spectare,
2729 3127 3070 3182 verumetiam
3102 3129 3210 3195 ipsa
3253 3129 3564 3182 athletarum
3609 3143 3835 3197 corpora

2271 3218 2510 3286 accipere
2535 3230 2547 3270 :
2576 3233 2638 3272 ac
2660 3219 2885 3274 victores
2904 3217 3025 3273 illos
3043 3227 3095 3270 et
3117 3232 3311 3270 corona
3331 3219 3558 3286 insignes
3580 3219 3715 3287 apud
3739 3234 3838 3273 nos

2274 3307 2549 3362 habemus.
2579 3308 2682 3362 Sed
2714 3308 2764 3363 in
2796 3306 3164 3378 praesentiaide
3192 3307 3509 3377 martyribus
3538 3323 3837 3362 sermonem

2273 3412 2608 3451 reservemus
2636 3409 2922 3468 martyrum
2968 3398 3280 3458 aemulatori,
3341 3399 3604 3449 communi
3650 3398 3834 3452 docto-

2274 3489 2316 3541 ri
2342 3488 2414 3557 (b)
2446 3506 2458 3542 :
2483 3487 2581 3556 ipsi
2608 3503 2730 3543 vero
2752 3503 2892 3542 nunc
2919 3490 2984 3542 de
3012 3491 3134 3543 Ozia
3162 3491 3504 3550 disseremus,
3525 3488 3840 3555 jampridem

2275 3581 2509 3635 debitum
2536 3596 2609 3634 aes
2634 3582 2863 3634 alienum
2893 3581 3309 3646 dinumerantes,
3341 3580 3720 3646 diuturnosque
3741 3594 3836 3630 au-

2274 3669 2451 3724 diendi
2478 3671 2631 3724 nixus
2652 3670 2933 3724 solventes.
2956 3670 3084 3723 Nam
3114 3671 3350 3738 parturit,
3377 3680 3457 3723 sat
3486 3668 3597 3723 scio
3618 3707 3632 3729 ,
3678 3682 3837 3720 unus-

2274 3761 2494 3829 quisque
2541 3769 2771 3814 vestrum
2795 3800 2809 3824 ,
2855 3760 3070 3827 cupiens
3110 3761 3250 3812 illam
3290 3759 3469 3813 audire
3517 3757 3788 3812 historiam
3823 3775 3838 3808 :

2277 3850 2517 3919 hancque
2543 3850 2939 3918 parturitionem
2967 3865 3062 3904 nos
3093 3850 3298 3905 interim
3324 3850 3702 3918 protraximus,
3733 3861 3840 3902 non

2278 3942 2417 4010 quod
2438 3956 2749 4010 cuperemus
2770 3942 2919 3995 vobis
2945 3941 3217 3996 intendere
3240 3941 3552 4004 cruciatum,
3584 3940 3678 3994 sed
3701 3939 3842 4008 quod

2279 4032 2612 4086 studeremus
2637 4043 2868 4085 vestrum
2895 4031 3182 4085 accendere
3209 4030 3528 4085 desiderium
3550 4070 3563 4094 ,
3611 4039 3668 4084 ut
3693 4029 3843 4084 vobis

2278 4138 2306 4176 a
2340 4140 2423 4178 me
2448 4124 2688 4177 convivio
2717 4124 2945 4189 acceptis
2970 4139 3116 4176 meus
3145 4133 3426 4191 apparatus
3451 4138 3605 4191 quam
3633 4121 3842 4175 suavis-

2281 4215 2447 4267 simus
2496 4213 2780 4266 videretur.
2829 4211 2960 4265 Nam
3003 4213 3261 4280 0pulentis
3298 4213 3758 4275 convivatoribus,
3799 4213 3849 4268 si.

2280 4305 2526 4358 convivas
2558 4305 2858 4372 acceperint
2899 4313 3109 4357 saturos
3131 4343 3146 4366 ,
3190 4303 3308 4357 licet
3335 4312 3614 4371 apparatus
3643 4302 3847 4356 lautitia

2282 4397 2488 4449 illorum
2541 4399 2890 4464 appetentiam
2935 4396 3213 4449 excitare:
3263 4403 3510 4447 czrterum
3561 4408 3847 4461 pauperum

2284 4501 2517 4539 mensam
2548 4501 2649 4539 non
2677 4487 2774 4538 alia
2806 4501 2890 4538 res
2919 4502 3067 4553 atque
3093 4486 3285 4538 lautam
3313 4485 3554 4549 exhibet,
3584 4501 3744 4554 quam
3779 4487 3849 4550 si,

2283 4576 2369 4644 qui
2401 4576 2464 4629 ad
2498 4576 2640 4628 illam
2668 4576 2956 4628 aceubituri
2985 4584 3126 4636 sunt,
3158 4575 3409 4628 esuriant.
3438 4575 3566 4641 Quis
3589 4576 3743 4644 igitur
3769 4585 3853 4630 est

2284 4667 2456 4730 Ozias,
2489 4667 2681 4734 quibus
2709 4677 2854 4719 ortus
2897 4665 3180 4731 majoribus
3203 4705 3217 4728 ,
3261 4679 3480 4733 quorum
3510 4680 3623 4728 rex,
3653 4674 3856 4734 quanto

2287 4766 2522 4825 tempore
2549 4757 2803 4824 regnavit,
2836 4766 2887 4808 et
2913 4757 3032 4822 quid
3064 4770 3184 4808 cum
3213 4754 3370 4808 laude
3395 4757 3577 4824 gessit,
3606 4755 3732 4823 quid
3763 4771 3852 4811 se-

2286 4862 2398 4910 cus,
2428 4856 2695 4915 postremo
2720 4861 2825 4914 quo
2854 4856 3006 4915 pacto
3028 4847 3185 4898 vitam
3227 4845 3487 4899 absolvit?
3520 4847 3598 4899 De
3620 4847 3704 4901 his
3732 4861 3849 4901 om-

2286 4937 2440 4989 nibus
2465 4935 2516 4988 in
2548 4936 2823 5003 przesentia
2850 4935 2982 5002 apud
3024 4950 3116 4987 vos
3155 4936 3474 4988 disseremus
3497 4977 3511 4997 ,
3545 4937 3650 4990 imo
3679 4937 3852 5004 potius

2286 5033 2535 5095 quantum
2567 5025 2742 5078 dicere
2767 5025 2970 5088 licebit,
3021 5026 3097 5077 sic
3127 5035 3182 5077 ut
3209 5027 3545 5081 multitudine
3584 5043 3688 5080 non
3725 5040 3851 5080 con-

2289 5119 2566 5172 fundamus
2608 5128 2834 5172 vestram
2878 5120 3184 5171 memoriam
3217 5136 3229 5171 :
3262 5119 3310 5172 id
3348 5119 3486 5187 quod
3529 5121 3577 5171 in
3624 5118 3853 5171 lucernis

2288 5210 2525 5262 accensis
2567 5207 2805 5261 accidere
2824 5208 2977 5260 solet.
3042 5207 3170 5259 Nam
3200 5208 3241 5260 si
3295 5207 3544 5276 paulatim
3585 5205 3852 5275 ellyehnio

2288 5298 2562 5352 instillaris
2587 5299 2783 5361 oleum,
2811 5297 2938 5350 satis
2966 5296 3228 5350 alimonim
3249 5297 3459 5352 dederis
3487 5297 3591 5365 igni
3618 5313 3630 5350 :
3665 5297 3747 5349 sin
3777 5297 3849 5349 si—

2289 5391 2396 5443 mul
2444 5398 2606 5442 totum
2652 5388 2904 5441 infuderis
2951 5389 3158 5446 oleum.
3202 5391 3357 5442 etiam
3388 5390 3650 5440 flammam
3678 5428 3692 5452 ,
3738 5403 3853 5454 quae

2361 5516 2430 5577 (α)
2456 5517 2638 5580 Omnes
2662 5516 2814 5580 ferme
2838 5517 2946 5563 Mss.
2971 5518 3152 5580 habent
3171 5521 3232 5571 εἷς
3255 5521 3338 5574 τήν
3362 5519 3549 5580 aptam
3572 5520 3664 5580 τῷν
3691 5523 3853 5580 napa-

2297 5575 2612 5638 λειπόμένῳνς
2648 5579 2733 5625 sed
2761 5575 2836 5622 hic
2863 5584 2936 5624 est
2978 5579 3101 5625 haud
3135 5579 3282 5626 dubie
3319 5575 3560 5625 secundus
3601 5575 3850 5638 Paralipo-

2298 5651 2474 5743 tnerlton
2496 5636 2640 5694 liber,
2667 5650 2758 5682 nec
2787 5641 2940 5697 potuit
2963 5653 3169 5699 unquam
3193 5640 3318 5686 Ozize
3340 5641 3535 5686 historia
3559 5640 3616 5686 ad
3642 5636 3849 5699 primum

2298 5712 2386 5743 ner
2411 5710 2569 5743 tuere.

2296 5710 2569 5760 pertulere.

2363 5757 2431 5821 ib)
2461 5758 2751 5820 Episcopum
2791 5759 3072 5808 Flavianum
3094 5774 3395 5808 communem
3423 5768 3557 5811 vocat
3579 5761 3823 5810 doctorem
