2024 3220
148 187 203 215 111

144 235 311 272 προτυποῦσι
323 235 372 271 τὴν
383 235 523 266 ὑπατείαν,
534 235 578 262 ἵνα
591 236 657 262 πᾶσι
671 235 728 265 τοῖς
739 234 813 261 κάτω
828 232 920 268 φαίνῃ.

143 277 205 304 Κᾶν
216 276 301 303 ταῦτα
314 277 418 313 ἀνέλῃς,
439 276 543 308 ἀνεῖλες
559 276 589 302 τδ
605 276 673 310 φῶς,
692 276 739 302 καὶ
756 276 843 302 πάντα
859 274 922 300 σκό-

142 325 207 347 τους
222 317 270 343 καὶ
280 317 379 351 πολλῆς
389 317 539 352 ἐνέπλησας
552 318 682 352 ταραχῆς.
695 316 743 342 Διὰ
759 315 836 341 τοῦτο
848 315 921 341 πᾶσα

142 356 215 388 δόσις
225 358 273 384 καὶ
291 357 380 392 λῆψις,
398 358 449 384 κᾶν
459 358 528 393 πρὸς
541 358 643 392 φίλους,
659 357 709 384 κᾶν
720 356 788 392 πρὸς
799 355 922 391 ἐχθροὺς,

143 397 195 423 κᾶν
208 397 276 433 πρὸς
291 398 407 429 οἰκέτας,
422 397 473 424 κᾶν
489 398 557 433 πρὸς
572 398 734 432 ἐπιτρόπους
753 398 800 424 καὶ
822 396 923 423 οικονό-

145 447 211 473 μους
233 438 369 474 γίγνηται,
391 439 491 473 ταύτης
505 440 591 465 δεῖται
615 439 665 473 τῆς
690 439 852 472 ἀσφαλείας,
876 437 924 463 καὶ

143 480 282 514 πανταχοῦ
296 480 343 506 καὶ
358 480 444 514 μῆνας
457 480 503 506 καὶ
522 479 660 510 ἐνιαυτοὺς
678 479 726 505 καὶ
750 479 855 514 ἡμέρας
875 478 924 505 κά-

142 518 229 546 τωθεν
244 521 471 555 παραγράφομεν.
487 520 519 546 Εί
530 517 577 546 οὖν
598 519 645 546 ἐπὶ
663 519 718 545 τῶν
733 519 865 554 βιωτικῶν
880 527 924 545 το-

144 559 230 595 σαύτη
244 560 291 587 τοῦ
307 560 466 595 πράγματος
480 561 497 595 ἡ
513 560 599 594 ίσχὺς,
610 560 718 586 ἐπὶτῶν
732 558 923 594 πνευματικῶν

142 601 233 636 πολλῷ
245 600 344 635 μείζων
358 601 403 626 καὶ
416 601 617 636 χρησιμωτέρα.
629 601 683 632 Τὰς
693 600 747 636 γάρ
758 600 922 636 προφητείας

141 641 222 670 τοῦτο
235 641 353 668 δείκνυσι
373 642 552 677 προφητείας.
567 642 634 668 οὐδὲ
654 643 706 676 γὰρ
728 641 792 668 ἄλλο
809 641 835 667 τί
858 641 923 668 ποτε

143 683 201 710 ἐστι
218 683 381 717 προφητεία,
400 682 457 708 ἀλλ’
474 680 491 714 ἦ
508 682 563 708 τῶν
583 682 732 716 μελλόντων
753 681 922 717 πραγμάτων

142 723 378 758 προαναφώνησις.
397 723 425 749 '0
439 722 529 749 τοίνυν
544 723 606 753 τοὺς
625 723 737 757 καιροὺς
753 722 856 756 ἀγνοῶν
867 721 922 748 τῶν

142 764 297 799 ιίρημένων
311 763 478 799 πραγμάτων
490 762 507 797 ἢ
531 762 584 789 τῶν
606 762 753 796 ἐκϐάντων,
771 763 829 795 πῶς
841 763 921 798 δυνή-

144 813 220 831 σεται
246 803 329 835 δεῖξαι
350 803 388 838 τῷ
412 803 606 837 φιλονεικοῦντι
629 804 660 830 τὸ
680 805 731 839 τῆς
756 804 922 839 προφητείας

143 845 267 880 ἀξίωμα;
285 844 423 871 Ἐντεῦθεν
437 845 504 879 ἡμῖν
525 845 572 871 καὶ
586 845 610 871 οί
625 844 692 880 πρὸς
704 844 836 879 ’Έλληνας
850 844 922 878 ἀγῶ-

145 894 187 918 νες
201 886 249 913 καὶ
268 887 340 912 νῖκαι
352 892 378 917 ι,
392 886 455 912 ὅταν
479 886 651 922 πρεσϐύτερα
676 886 869 921 ἀποφαίνωμεν
887 885 922 912 τά

142 927 265 962 ἡμέτερα
277 927 331 953 τῶν
347 927 412 962 παρ’
426 926 553 958 ἐκείνοιςσ
568 926 691 953 ἐντεῦθεν
706 928 772 962 ἡμῖν
790 927 837 953 καὶ
853 926 921 961 πρὸς

143 967 291 999 ’Ἰουδαίους
308 967 457 1000 ἀποδείξεις
474 968 539 1003 περὶ
554 968 604 1002 τῆς
624 968 751 1003 ἀληθείας
770 968 840 994 εἰσιν
853 967 921 1002 πρὸς

148 1008 290 1039 Ἰουδαίους
304 1008 366 1038 τοὺς
381 1007 487 1039 ἀθλίους
503 1009 550 1035 καὶ
564 1008 761 1043 ταλαιπώρους,
774 1008 798 1035 οΙ
814 1008 857 1035 διά
870 1009 921 1044 τὴν

141 1050 194 1076 τῶν
206 1049 308 1084 χρόνων
318 1049 427 1082 ἀγνοιαν
438 1048 468 1074 τὸ
484 1049 611 1083 μέγιστον
627 1049 737 1084 σφάλμα
755 1049 919 1084 ἐσφάλησαν.

141 1090 173 1116 El
199 1090 254 1124 γάρ
275 1090 394 1124 ἥκουσαν
420 1089 467 1115 τοῦ
497 1089 665 1124 πατριάρχου
694 1090 836 1123 λέγοντος,
860 1091 921 1117 οὐκ

140 1131 274 1164 ἐκλείψει
282 1130 380 1164 ἄρχων
389 1130 424 1162 ἐξ
437 1130 544 1162 Ἰούδα,
558 1131 629 1158 οὐδὲ
638 1132 802 1166 ἡγούμενος
815 1132 849 1158 ἐκ
863 1131 922 1158 τῶν

140 1171 241 1205 μηρῶν
262 1171 365 1202 αὐτοῦ,
383 1170 438 1203 ἕως
462 1171 500 1197 ἂν
522 1171 596 1205 ἔλθῃ
616 1168 640 1204 ᾧ
656 1172 818 1204 ἀπόκειται,
834 1172 881 1199 καὶ
896 1173 921 1198 εί

139 1213 332 1247 παρετήρησαν
347 1213 402 1245 μετ’
415 1212 555 1247 άκριὸεῐας
565 1214 627 1243 τοὺς
640 1213 690 1247 τῆς
701 1213 850 1247 παρουσίας
861 1222 920 1239 καις

141 1254 216 1287 ροίις.
231 1253 281 1279 οὐκ
295 1253 416 1287 ἔμελλον,
434 1253 594 1284 ἐκπεσόντες
610 1253 658 1279 τοῦ
671 1253 799 1288 Χριστοῦ,
811 1253 849 1288 τῷ
866 1254 921 1280 Ἀν-

138 1294 269 1330 τιχρίστῳ
280 1294 468 1328 περιπίπτειν*
482 1294 606 1328 καθάπερ
620 1292 668 1320 οὗν
681 1295 728 1321 καὶ
742 1294 822 1326 αὐτὸς
831 1294 921 1326 αὐτοῖς

138 1336 153 1361 ό
178 1335 295 1370 Χριστὸς
324 1334 403 1360 τοῦτο
433 1335 619 1369 αἰνιττόμενος
644 1333 718 1361 εἶπεν
733 1335 757 1366 δ,
779 1335 819 1361 ὅτι
849 1336 921 1370 Ἐγὼ

137 1373 234 1411 ἦλθον
248 1375 283 1401 ἐν
303 1374 342 1407 τῷ
364 1375 483 1409 ὀνόματι
505 1376 557 1402 τοῦ
578 1376 690 1409 Πατρός
706 1385 777 1410 μου,
800 1376 848 1402 καὶ
866 1377 920 1403 οὐκ

137 1416 281 1448 ἐδέξασθέ
293 1424 330 1449 με
340 1424 347 1430 ·
370 1415 423 1441 ἐὰν
440 1416 534 1448 ἄλλος
547 1417 619 1450 ἔλθῃ
639 1416 673 1442 ἐν
693 1415 732 1448 τῷ
745 1417 865 1450 ὀνόματι
880 1416 920 1449 τῷ

138 1457 213 1490 ιδΙῳ,
235 1457 350 1483 ἐκεῖνον
373 1456 520 1490 λήψεσθε.
536 1456 611 1488 Εἶδες
638 1457 719 1483 πόσον
744 1457 920 1492 παράπτωμα

137 1498 192 1524 ἀπὸ
212 1497 261 1532 τῆς
284 1498 337 1523 τῶν
362 1498 464 1532 χρόνων
490 1499 598 1531 γέγονεν
622 1498 748 1531 ἀγνοίας;
774 1499 819 1533 Μὴ
833 1498 920 1524 τοίνυν

137 1538 276 1574 ἀμελήσῃς
291 1538 421 1571 ὡφελείας
436 1538 577 1572 τοσαύτης.
591 1538 722 1574 Καθάπερ
736 1538 789 1574 γὰρ
802 1540 859 1574 ὅροι
873 1539 920 1565 καὶ

138 1579 235 1614 στῆλαι
249 1575 278 1606 ἐν
292 1580 347 1610 τοῖς
359 1580 452 1613 ἀγροῖς
466 1579 514 1609 τὰς
532 1580 649 1614 ἀρούρας
660 1580 709 1606 οὐκ
727 1579 792 1605 ἐῶσι
811 1581 918 1614 συγχεῖ-

138 1619 211 1652 σθαι,
225 1619 310 1651 οὕτως
327 1620 353 1646 οί
374 1619 463 1654 χρόνοι
483 1620 529 1646 καὶ
551 1620 575 1646 οί
603 1621 692 1656 καιροὶ
714 1621 747 1647 τὰ
771 1621 919 1656 πράγματα

136 1662 187 1688 οὐκ
210 1661 291 1688 ἐῶσιν
309 1661 432 1696 ἀλλήλοις
452 1661 616 1696 συμπίπτειν
628 1667 652 1693 ο,
670 1661 738 1688 ἀλλὰ
756 1662 918 1696 διείργοντες

136 1704 185 1730 ἀπ’
209 1703 331 1738 ἀλλήλων
360 1703 446 1734 αὐτὰ,
470 1703 518 1729 καὶ
549 1702 619 1730 κατά
650 1703 698 1738 τὴν
730 1705 918 1738 προσήκουσαν

135 1745 240 1778 ικαστα
265 1743 428 1775 διατιθέντες
455 1744 550 1776 τάξιν,
579 1744 679 1779 πολλῆς
707 1744 918 1771 ἀπαλλάττουσιν

136 1786 210 1821 ἡμᾶς
225 1785 357 1821 ταραχῆς.
377 1784 468 1818 ’Δξιον
487 1785 577 1812 τοίνυν
593 1786 679 1811 εἰπεῖν
697 1785 764 1819 πρὸς
782 1786 862 1819 ὑμᾶς,
877 1786 918 1817 τίς

134 1824 169 1861 ἦν
188 1822 265 1857 οὗτος
283 1827 298 1852 ό
314 1825 414 1858 Ὀζίας,
429 1825 476 1852 καὶ
497 1826 562 1852 πότε
580 1825 753 1858 ἐϐασίλευσε,
772 1827 819 1852 καὶ
839 1827 917 1852 τίνων

135 1866 212 1903 [ΙΙΙ]
227 1866 395 1898 ἐϐασίλευσε,
412 1866 457 1893 καὶ
474 1866 555 1898 πόσος
568 1866 641 1901 αὐτῷ
659 1867 792 1900 γέγονενό
808 1868 856 1901 τῆς
868 1868 917 1901 ἁρ-

135 1907 186 1942 χῆς
201 1907 305 1942 χρόνος,
319 1907 367 1933 καὶ
387 1906 445 1937 πῶς
459 1906 504 1932 τὺν
526 1906 582 1941 βίον
604 1907 732 1933 κατέλυσε
742 1914 749 1922 ⁸
773 1907 871 1942 μᾶλλον
886 1907 914 1934 δὲ

133 1948 209 1981 ἄξιον
223 1949 332 1983 σιγῆσαι
357 1947 458 1974 λοιπόν.
475 1947 593 1983 Ἀνάγκη
610 1949 663 1983 γάρ
682 1949 721 1979 είς
738 1949 850 1984 ἄπειρον
866 1949 913 1975 πέ-

133 1990 217 2024 λαγος
234 1990 357 2026 ἱστοριῶν
371 1990 480 2024 ἀφιέναι
494 1990 539 2016 τὸν
558 1990 645 2024 λόγον.
668 1991 736 2022 Τοὺς
750 1990 778 2017 δὲ
796 1990 915 2016 τοιοῦτον

135 2032 280 2067 μέλλοντας
294 2031 455 2066 πορεύεσθαι
469 2031 584 2064 πέλαγος
597 2051 604 2061 .
621 2032 652 2057 οὑ
669 2031 845 2065 κεκμηκότων
861 2030 914 2057 τῶν

133 2072 294 2108 πλωτήρων,
305 2072 361 2099 ἀλλ’
378 2072 565 2106 ἀκμαζόντων,
578 2072 709 2098 ἅπτεσθαι
721 2072 772 2106 χρὴ
785 2072 833 2106 τῆς
842 2071 912 2099 ὀδοῦ.

133 2114 182 2139 Διά
196 2113 275 2139 τοῦτο
298 2112 344 2138 καὶ
359 2112 465 2147 λιμένες
491 2113 538 2138 καὶ
555 2112 629 2146 νῆσοι
645 2112 780 2146 πανταχοῦ
799 2112 848 2146 τῆς
865 2111 914 2137 θα-

132 2154 236 2190 λάσσης
251 2153 304 2180 εἰσὶ
319 2154 533 2188 πεφυτευμέναι,
555 2154 599 2179 ἵνα
617 2153 664 2179 καὶ
685 2153 852 2188 κυϐερνήτης
868 2153 915 2179 καὶ

132 2195 233 2230 ναύτης
243 2194 449 2230 διαναπαύηται,
459 2194 473 2219 ὁ
488 2194 537 2228 μὲν
547 2194 595 2229 τὴν
606 2193 701 2228 κώπην
710 2194 819 2220 ἀποτιθὲ
823 2203 912 2228 μενος,

131 2237 146 2263 6
160 2236 188 2262 δὲ
202 2235 257 2262 τῶν
277 2235 377 2262 οἰάκων
393 2235 602 2270 ἐξανιστάμενος
612 2242 618 2249 ·
634 2234 677 2260 διὰ
693 2234 770 2260 τοῦτο
786 2235 833 2261 καὶ
848 2242 914 2260 παν-

130 2276 222 2311 δοχεῖα
246 2276 293 2303 καὶ
317 2275 475 2309 καταγώγια
500 2275 638 2310 πανταχοῦ
661 2275 715 2301 τῶν
737 2275 803 2301 ὁδῶν
824 2275 914 2301 ἐπινε-

130 2318 242 2353 νόηται,
261 2317 304 2344 ῖνα
323 2318 369 2343 καὶ
386 2316 523 2350 ὑποζύγια
545 2316 592 2342 καὶ
605 2315 737 2350 ὁδοιπόροι
755 2315 810 2342 τῶν
825 2315 913 2343 πόνων

131 2359 245 2394 λήγωσι.
273 2357 323 2383 Διὰ
345 2357 423 2383 τοῦτο
448 2357 495 2382 καὶ
516 2356 555 2391 τῷ
577 2357 648 2391 λόγῳ
671 2356 721 2390 τῆς
743 2356 913 2388 διδασκαλίας

131 2399 226 2433 καιρὸς
244 2397 349 2432 σιωπῆς
366 2397 491 2432 ὥρισται,
510 2397 554 2424 ἵνα
576 2398 643 2433 μήτε
659 2397 770 2428 ἑαυτοὺς
785 2397 914 2432 κατατρίι

130 2440 223 2474 ϐωμεν
236 2438 275 2473 τῷ
300 2438 394 2473 πλήθει
414 2438 468 2464 τῶν
493 2438 654 2473 λεγομένων,
671 2439 739 2473 μήτε
752 2437 823 2472 ὑμᾶς
846 2438 912 2464 ἀπο-

130 2481 276 2514 κναίωμεν.
299 2480 353 2505 Καὶ
370 2478 481 2510 τούτους
497 2477 550 2505 οἶδε
564 2480 626 2510 τοὺς
642 2480 752 2515 καιροὺς
771 2479 817 2505 καὶ
836 2479 912 2506 Σολο-

131 2530 201 2558 μων,
216 2521 286 2548 οὕτω
307 2528 411 2554 Αεγιυν·
427 2520 530 2555 Καιρὸς
543 2519 590 2546 τοῦ
613 2520 733 2554 σιγῆσαι,
754 2519 800 2546 καὶ
819 2520 912 2555 καιρὸς

129 2563 175 2590 τοῦ
196 2562 320 2596 λαλῆσαι.
336 2560 457 2587 Γενέσθω
470 2558 516 2587 οὖν
535 2561 600 2596 ἡμῖν
618 2561 713 2595 καιρὸς
725 2560 772 2586 τοῦ
792 2561 910 2595 σιγῆσαι,

129 2605 174 2633 ἵνα
196 2605 308 2639 γένηται
324 2602 417 2637 καιρὸς
438 2601 476 2637 τῷ
495 2602 645 2636 διδασκάλῳ
665 2602 711 2627 τοῦ
735 2602 856 2637 λαλῆσαι.
871 2602 911 2628 Τὰ

130 2648 179 2683 μὲν
193 2645 248 2681 γὰρ
266 2644 387 2679 ἡμέτερα
409 2643 496 2669 ἔοικεν
515 2643 578 2678 οἴνῳ
594 2643 755 2677 προσφάτως
778 2643 830 2668 τῶν
846 2643 912 2668 ύπο-

159 2742 173 2757 ⁸
184 2741 298 2766 Erasmus
308 2739 398 2769 legisse
408 2737 506 2770 videgur
516 2738 590 2766 νείκη,
601 2738 722 2770 ξίῳιὶιίοπι
734 2735 808 2770 verﬁl
817 2740 912 2770 ςοηιειι-

127 2771 211 2797 tiones.
224 2767 373 2800 Ριιιιοψὸσῐ
392 2767 502 2799 quinq'ue
519 2774 578 2792 mss.
599 2767 728 2794 ἀποδείξεις
743 2767 829 2790 πολλαὶ
849 2767 911 2798 περί,

126 2805 153 2828 οι
163 2802 199 2826 sic
208 2800 270 2832 legit
280 2800 400 2832 Erasmus.
450 2829 456 2832 μ
489 2828 522 2832 __
561 2829 567 2832 _
590 2829 609 2832 __
668 2827 673 2832 _
766 2826 777 2832 η

156 2832 171 2852 δ
181 2827 274 2856 (ὶωιῖρε
285 2831 337 2855 fere
349 2836 404 2853 mss.
418 2829 459 2852 καὶ
469 2828 540 2855 αὐτὸς
556 2829 570 2852 ό
590 2827 690 2859 Χριστὸς
710 2827 828 2859 προεῖπεν,
842 2830 868 2851 et
877 2828 912 2859 sic

126 2863 188 2893 legit
200 2863 321 2893 Erasngus.
342 2861 368 2884 In
378 2860 451 2884 cuius
461 2859 539 2886 αὐτοῖς
547 2859 620 2883 dcesl
633 2861 688 2889 post
699 2858 775 2887 αὐτὸς,
793 2858 836 2881 sed
851 2858 912 2889 legi-

127 2891 166 2917 Ιιιῖ·
178 2895 233 2923 ροκι
242 2891 321 2923 τοῦτοἴ

156 2924 168 2939 ι’
180 2921 247 2947 Unus
256 2922 363 2950 ἀλλήλοις
374 2921 517 2951 συγχεισθαι.

630 177 664 204 IN
678 176 790 209 ILLUD,
812 174 879 203 VIDI
900 172 1069 210 DOMINUM,
1086 177 1201 205 HOMIL.
1217 177 1260 206 ΙΙΙ.

1696 186 1753 214 112

974 232 1071 266 ληνίων
1092 234 1287 269 ἐξαντληθέντι,
1307 234 1341 260 τὰ
1354 233 1489 261 δὲτούτου
1511 233 1668 269 προσέοικεν
1689 236 1751 271 οϊνῳ

976 274 1190 309 πεπαλαιωμένῳ
1214 275 1260 301 καὶ
1286 274 1461 310 γεγηρακότι,
1486 274 1585 309 πολλὴν
1607 276 1751 310 παρέχοντι

976 315 1022 341 καὶ
1036 314 1084 349 τὴν
1099 315 1230 349 ὠφέλειαν
1248 316 1294 342 καὶ
1308 315 1356 350 τὴν
1372 316 1447 350 ἰσχὺν
1463 316 1518 347 τοῖς
1534 315 1685 350 δεομένοις·
1704 316 1752 343 καὶ

973 355 1004 382 τὸ
1017 355 1064 382 τοῦ
1076 356 1240 390 Εὑαγγελίου
1252 357 1338 382 ἐκεῖνο
1356 356 1450 390 γέγονε
1467 357 1601 392 σήμερον·
1617 357 1685 392 μετά
1706 358 1751 384 τὸν

974 396 1101 428 ἐλάττονα
1118 397 1172 432 γὰρ
1184 394 1254 423 οἶνον
1265 398 1279 423 ό
1292 397 1401 430 βελτίων
1414 396 1606 432 σῑσκομίζεται.
1622 397 1674 424 Καὶ
1688 397 1752 424 καθ-

974 438 1045 473 άπερ
1066 439 1168 465 ἐκεῖνον
1194 438 1243 464 ούκ
1256 438 1375 472 ἀμπελος
1393 438 1468 464 ἔτεκε
1482 438 1552 470 τότε,
1569 438 1626 465 ἀλλ’
1643 439 1660 473 ἡ
1674 438 1753 466 δύνα-

975 488 1020 514 μις
1031 479 1140 514 ἐποίησε
1154 479 1201 506 106
1214 478 1342 515 Χριστοῦ,
1356 478 1427 505 οὕτω
1446 479 1493 505 καὶ
1506 478 1600 505 τούτου
1614 479 1659 506 τδν
1674 479 1752 514 λόγον

973 520 1022 546 οὐκ
1042 520 1324 555 ἀνθρωπίνη,προχέει
1339 520 1450 550 διάνοια,
1465 519 1521 546 ἀλλ’
1536 521 1553 555 ἡ
1568 519 1615 546 τοῦ
1627 519 1753 555 [Ινεύμα-

972 569 1018 592 τος
1032 561 1120 596 χάρις.
1141 561 1216 587 Ἐπεὶ
1231 559 1278 587 οὖν
1297 561 1393 595 δαψιλῆ
1414 561 1459 586 καὶ
1474 569 1538 587 πνευ
1543 560 1644 595 ματικά
1656 560 1690 586 τά
1703 561 1751 587 νά-

975 609 1055 636 ματα,
1082 601 1149 636 μετά
1172 602 1289 637 σπουδῆς
1306 601 1506 636 ὑποδεξώμεθα,
1528 601 1586 636 μετ’
1604 600 1760 635 ἀσφαλείαςρ

972 643 1146 677 τηρήσωμεν,
1158 643 1201 669 ἰνα
1213 642 1317 673 τούτοις
1333 642 1474 677 ἀρδόμενοι
1489 641 1629 676 διηνεκῶς,
1647 641 1750 677 ὥριμον

973 683 1099 718 φέρωμεν
1112 683 1157 710 τὸν
1173 683 1277 718 καρπὸν
1293 682 1332 717 τῷ
1349 682 1433 709 ταῦτα
1449 682 1622 717 χαρισαμένῳ
1639 681 1713 717 Θεῷ·
1728 679 1751 716 ᾧ

972 724 1071 759 πρέπει
1084 725 1158 750 πᾶσα
1170 724 1232 757 δόξα
1251 724 1299 750 καὶ
1313 723 1378 758 τιμὴ
1397 724 1445 750 σὺν
1460 723 1499 758 τῷ
1516 724 1653 758 μονογενεῖ
1669 723 1750 750 αὑτοῦ

972 765 1031 799 Υίῷ
1045 764 1140 799 καὶτῷ
1156 764 1280 799 παναγίῳ
1297 763 1444 798 Πνεύματι,
1457 763 1503 791 νῦν
1519 764 1566 791 καὶ
1584 764 1637 797 ἀεὶ,
1651 764 1699 791 καὶ
1711 764 1751 795 είς

971 806 1034 837 τοὺς
1048 806 1147 838 αἰῶνας
1162 806 1215 832 τῶν
1228 806 1343 833 αίὼνων.
1360 805 1455 840 Ἀμήν.

971 890 1023 922 Είς
1038 888 1095 923 τὴν
1111 889 1229 923 πρώτην
1244 888 1274 924 (Ι.
1290 888 1441 923 δευτέραν)
1461 888 1520 916 τῶν
1533 889 1750 924 Παραλειπομέ-

1007 942 1069 961 νων
1085 933 1142 967 τὴν
1153 934 1313 968 λέγουσαν,
1327 933 1436 969 ’Υψώθη
1452 933 1575 969 ἡκαρδία
1590 933 1689 966 Ὀζίου·
1701 933 1751 961 καί

1006 979 1072 1013 περὶ
1094 979 1382 1013 ταπεινοφροσύνης·
1404 978 1454 1006 καί
1473 978 1517 1005 ὅτι
1538 978 1597 1013 χρὴ
1617 978 1661 1013 μὴ
1683 979 1751 1012 θαρ-

1002 1024 1068 1059 ρεῖν
1091 1024 1146 1051 τὸν
1174 1024 1328 1059 ἐνάρετον-ο
1353 1024 1403 1051 καὶ
1427 1024 1502 1052 ὅσον
1522 1024 1617 1052 κακὸν
1633 1024 1654 1059 ἡ
1676 1023 1749 1051 ἀπό-

1006 1077 1083 1097 νοια.

1272 1112 1392 1139 ΟΜΙΛΙΔ
1410 1111 1446 1139 I‘.

1004 1188 1038 1210 α’.
1050 1183 1200 1219 Εὐλογητὸς
1212 1185 1225 1210 ό
1233 1183 1307 1215 θεὸς,
1321 1185 1368 1210 καὶ
1381 1184 1428 1210 ἐπὶ
1437 1183 1484 1218 τῆς
1495 1183 1509 1203 ἀ
1520 1184 1615 1217 γενεᾶς
1627 1183 1675 1218 τῆς
1684 1183 1746 1218 ἡμε-

969 1225 1049 1260 τέρας
1059 1225 1226 1258 ἐϐλάστησαν
1238 1225 1383 1260 μάρτυρες,
1394 1224 1600 1259 κατηξιώθημεν
1610 1224 1657 1251 καὶ
1670 1225 1754 1259 ἡμεῖς·

969 1266 1125 1300 ἀνθρώπους
1150 1266 1212 1292 ἰδεῖν
1234 1266 1303 1300 ὑπὲρ
1320 1265 1436 1300 Χριστοῦ
1461 1265 1677 1300 σφαττομένους,
1700 1266 1749 1292 άν-

969 1306 1093 1342 Θρώπους
1113 1313 1125 1327 ο
1145 1305 1214 1342 αἷμα
1240 1307 1384 1338 στάζοντος
1404 1306 1490 1340 ἆγιον,
1515 1305 1562 1341 τὴν
1590 1303 1750 1340 Ἐκκλησίαν

969 1348 1076 1375 ἃπασαν
1102 1348 1190 1384 ἀρδον,
1204 1345 1272 1383 αἷμα
1290 1347 1434 1379 στάζοντας
1446 1367 1454 1379 ,
1474 1347 1582 1382 δαίμοσι
1605 1347 1655 1382 μὲν
1674 1347 1750 1382 φοϐε-

971 1389 1026 1425 ρὸν,
1050 1390 1174 1424 ἀγγέλοις
1188 1390 1215 1416 δὲ
1235 1389 1365 1419 ποθεινὸν,
1385 1389 1450 1423 ἡμῖν
1464 1388 1492 1414 δέ
1515 1389 1655 1424 σωτήριον.
1678 1389 1751 1415 Κατ-

969 1430 1123 1466 ηειώθημεν
1156 1431 1219 1457 ίδεῖν
1250 1429 1408 1465 ἀνθρώπους
1438 1430 1507 1465 ὑπὲρ
1529 1430 1666 1461 εὐσεϐείας
1700 1437 1750 1455 πο-

969 1472 1116 1506 λεμοῦντας
1134 1471 1144 1491 ί
1158 1492 1166 1504 ,
1200 1471 1210 1507 [
1223 1471 1290 1506 HQ]
1324 1471 1454 1502 νικῶντας
1463 1489 1472 1503 ,
1503 1470 1748 1505 ἐστεφανωμένους.

968 1511 1026 1539 Οὐκ
1047 1512 1110 1539 ἰδεῖν
1133 1512 1161 1538 δὲ
1185 1511 1389 1546 κατηξιώθημεν
1412 1512 1501 1546 μόνον,
1524 1511 1592 1538 ἀλλὰ
1608 1512 1655 1537 καὶ
1678 1511 1749 1537 αὑτά

968 1553 1002 1579 τὰ
1029 1553 1140 1588 σώματα
1163 1553 1217 1580 τῶν
1240 1552 1361 1588 ἀθλητῶν
1379 1551 1521 1584 δέξασθαι,
1541 1552 1587 1579 καὶ
1608 1553 1671 1587 παρ’
1687 1553 1747 1579 ἑαυ-

968 1596 1023 1627 τοῖς
1043 1595 1105 1626 τοὺς
1132 1594 1291 1629 στεφανίτας
1321 1595 1417 1629 ἔχομεν
1435 1593 1493 1621 νῦν.
1522 1594 1601 1621 Ἀλλά
1628 1594 1674 1620 τὸν
1700 1594 1750 1629 μὲν

969 1635 1031 1671 περὶ
1051 1635 1105 1662 τῶν
1130 1635 1275 1670 μαρτύρων
1298 1635 1376 1670 λόγον
1404 1635 1543 1669 ἀφήσομεν
1564 1635 1611 1662 νῦν
1634 1634 1673 1670 τῷ
1694 1635 1748 1662 τῶν

969 1676 1113 1712 μαρτύρων
1127 1676 1243 1711 ζηλωτῇ,
1257 1676 1295 1711 τῷ
1311 1676 1391 1711 κοινῷ
1404 1676 1569 1711 διδασκάλῳ·
1584 1675 1660 1703 αὐτοὶ
1673 1676 1702 1702 δέ
1714 1675 1748 1702 τά

968 1718 1038 1744 κατὰ
1057 1717 1101 1743 τὸν
1124 1717 1214 1750 Ὀζίαν
1237 1717 1304 1752 πρὸς
1327 1718 1398 1752 ὑμᾶς
1418 1717 1531 1752 ἐροῦμεν
1556 1716 1613 1749 νῦν,
1635 1716 1749 1742 παλαιὺο

967 1758 1177 1790 καταϐάλλοντες
1196 1758 1290 1793 χρέος,
1313 1758 1360 1784 καὶ
1382 1757 1502 1792 χρονίους
1525 1757 1621 1788 ὠδῖνας
1646 1756 1734 1792 ἀκροά

968 1808 1035 1830 nam;
1051 1799 1168 1830 λύοντες.
1186 1799 1279 1824 Ὠδίνει
1294 1798 1348 1833 γὰρ
1364 1799 1475 1830 ἕκαστος
1492 1798 1578 1832 ὑμῶν,
1592 1796 1621 1824 εὖ
1635 1795 1682 1824 οἷδ’
1696 1798 1746 1829 ὃτι,

966 1840 1015 1874 τῆς
1034 1840 1151 1875 ἱστορίας
1164 1839 1277 1866 ἀκοῦσαι
1294 1839 1398 1873 ἐκείνης
1428 1839 1475 1865 καὶ
1487 1839 1536 1874 τὴν
1552 1838 1632 1864 ὠδῖνα
1646 1838 1746 1873 ταύτην

966 1881 1045 1915 ἡμεῖς
1073 1880 1280 1916 παρετείναμεν.
1300 1880 1329 1906 ού
1348 1880 1397 1915 τὴν
1420 1879 1513 1914 ὀδύνην
1530 1880 1593 1914 ὑμῖν
1615 1879 1746 1905 ἐπιτεῖναι

967 1921 1130 1957 βουλόμενοι,
1146 1921 1214 1949 ἀλλὰ
1231 1923 1280 1957 τὴν
1295 1921 1438 1955 ἐπιθυμίαν
1453 1921 1566 1955 αὐξῆσαι
1586 1921 1748 1951 σπουδάζον-

965 1971 1020 1994 τες,
1033 1963 1102 1989 ὥστε
1117 1963 1226 1998 ἡδίστην
1241 1963 1305 1997 ὑμῖν
1317 1962 1433 1996 φανῆναι
1444 1961 1492 1996 τὴν
1507 1961 1642 1996 ἡμετέραν
1657 1962 1747 1987 ἑστία-

966 2012 1019 2030 σιν.
1033 2005 1064 2030 Οί
1081 2004 1129 2039 μὲν
1146 2004 1199 2038 γὰρ
1216 2003 1325 2038 εὔποροι
1343 2003 1397 2029 τῶν
1412 2003 1583 2037 ἑστιατόρων,
1601 2003 1648 2029 ἐὰν
1662 2004 1747 2038 ἐμπε-

965 2044 1135 2079 πλησμένους
1153 2044 1254 2070 λάϐωσι
1272 2045 1334 2075 τοὺς
1355 2044 1525 2078 δαιτυμόνας,
1539 2043 1653 2070 δύναιντ’
1664 2043 1696 2071 ἂν
1713 2045 1745 2079 τῇ

965 2086 1121 2120 πολυτελείᾳ
1149 2085 1203 2111 τῶν
1236 2084 1512 2119 παρασκευασθέντων
1541 2084 1671 2119 διεγεῖραι
1697 2085 1745 2119 τὴν

964 2127 1110 2162 ἐπιθυμίαν
1121 2128 1133 2147 ⁸
1153 2127 1260 2159 αὐτοῖς’
1280 2127 1329 2161 τὴν
1350 2126 1379 2152 δὲ
1397 2126 1450 2151 τῶν
1467 2126 1588 2160 πενήτων
1609 2125 1745 2161 τράπεζαν

964 2169 1039 2195 οὐδὲν
1059 2168 1129 2195 οὕτω
1152 2170 1223 2195 ποιεί
1250 2167 1389 2202 φαίνεσθαι
1415 2167 1552 2201 λαμπρὰν,
1573 2166 1611 2197 ὡς
1632 2166 1663 2193 τὺ
1685 2174 1745 2192 πει-

964 2209 1066 2240 νῶντας
1085 2209 1238 2243 ἀπαντῆσαι
1260 2209 1321 2240 τοὺς
1341 2207 1485 2242 μέλλοντας
1508 2206 1629 2242 μετέχειν
1650 2207 1743 2242 αὐτῆς.

965 2250 1013 2281 Τίς
1029 2248 1075 2277 οὖν
1098 2250 1171 2276 ἐστιν
1187 2249 1276 2280 ὐςίας
1286 2268 1293 2280 ,
1316 2248 1364 2275 καὶ
1379 2248 1458 2274 τίνων
1475 2248 1621 2281 ἀπόγονος,
1641 2249 1687 2274 καὶ
1702 2248 1744 2274 τί-

963 2300 1016 2318 νων
1044 2291 1180 2326 βασιλεὺς,
1196 2290 1243 2316 καὶ
1259 2290 1340 2316 πόσον
1356 2288 1512 2315 ἐϐασιλεύσε
1534 2290 1636 2324 χρόνον,
1656 2290 1702 2315 καὶ
1718 2289 1744 2316 τί

965 2333 1014 2368 μὲν
1032 2331 1204 2366 κατώρθωσε,
1225 2331 1251 2357 τί
1274 2331 1302 2358 δὲ
1325 2331 1467 2365 διήμαρτε,
1491 2331 1549 2362 πῶς
1572 2330 1601 2357 δὲ
1622 2330 1667 2357 τδν
1687 2330 1744 2365 βίον

963 2374 1122 2406 κατέλυσεν;
1136 2373 1259 2399 ’Ἂπαντα
1277 2371 1362 2399 ταῦτα
1383 2372 1450 2408 πρὸς
1467 2372 1538 2407 ὑμᾶς
1553 2371 1666 2406 ἐροῦμεν
1685 2371 1742 2404 νῦν,

964 2415 1063 2449 μᾶλλον
1075 2414 1103 2440 δὲ
1123 2415 1172 2440 ὅσα
1196 2413 1306 2440 δυνατὸν
1326 2414 1423 2445 είπεῖν,
1446 2412 1515 2439 ὥστε
1534 2413 1570 2447 μὴ
1589 2413 1628 2447 τῷ
1648 2412 1742 2447 πλήθει

963 2456 1118 2490 καταχῶσαι
1133 2456 1181 2490 τὴν
1198 2455 1307 2490 μνήμην
1322 2454 1398 2490 ὑμῶν
1407 2462 1415 2470 ·
1428 2454 1443 2480 δ
1457 2454 1559 2488 γίνεται
1573 2454 1620 2480 καὶ
1635 2454 1681 2480 ἐπὶ
1694 2453 1741 2481 τοῦ

962 2497 1096 2531 λυχνιαίου
1112 2495 1204 2530 πυρός.
1219 2496 1267 2522 "Av
1283 2496 1331 2530 μὲν
1350 2495 1404 2530 γὰρ
1418 2495 1475 2520 ἐκεῖ
1488 2494 1557 2520 κατά
1573 2494 1669 2529 μικρὸν
1683 2496 1742 2521 ἐπι-

963 2538 1062 2573 στάξῃς
1082 2539 1115 2573 τῇ
1138 2537 1275 2572 θρυαλλίδι
1295 2536 1326 2562 τὺ
1347 2536 1444 2566 ἔλαιον,
1471 2535 1561 2570 ίκανὴν
1580 2536 1682 2567 ἔδωκας
1703 2536 1741 2570 τῷ

963 2579 1028 2614 πυρὶ
1045 2579 1092 2613 τὴν
1108 2578 1226 2613 τροφήν·
1243 2577 1276 2603 ἂν
1298 2577 1326 2602 δὲ
1343 2576 1440 2611 ἁθρόον
1463 2577 1606 2612 καταχέῃς,
1629 2578 1674 2603 καὶ
1692 2576 1740 2611 τὴν

961 2618 1042 2646 οὖσαν
1057 2619 1141 2653 φλόγα
1155 2618 1331 2648 κατέσϐεσας.
1344 2614 1427 2649 Οὗτος
1441 2617 1528 2643 τοίνυν
1540 2619 1553 2644 ό
1571 2617 1660 2649 Ὀζίας
1673 2618 1739 2644 ἀπό-

961 2671 1037 2696 γονος
1054 2662 1102 2696 μὲν
1122 2659 1155 2695 ἦν
1169 2660 1214 2685 τοῦ
1231 2659 1322 2690 Δαυτδ,
1341 2659 1465 2693 βασιλεὺς
1478 2659 1506 2686 δὲ
1522 2660 1576 2686 τῶν
1592 2659 1737 2686 Ἰουδαίων·

962 2703 1117 2729 ἐϐασίλευσε
1127 2701 1154 2727 δὲ
1166 2700 1212 2726 δύο
1226 2701 1271 2726 καὶ
1283 2701 1448 2734 πεντήκοντα
1461 2700 1508 2734 ἐτη
1517 2708 1523 2714 ⁸
1542 2701 1588 2727 καὶ
1600 2700 1632 2727 τὰ
1646 2700 1740 2735 πρῶτα

995 2796 1009 2817 d
1019 2797 1089 2829 ροσε
1098 2796 1142 2829 εἰς,
1152 2795 1248 2825 incipit,
1260 2793 1393 2829 Εὐλογητὸς
1402 2794 1415 2818 ό
1427 2794 1493 2829 Θεὸς,
1506 2795 1542 2819 ὅτι
1553 2795 1590 2829 ἐπὶ
1600 2797 1649 2829 τῆς.

994 2834 1006 2866 ξ
1019 2828 1065 2862 ΙΙίο
1076 2827 1099 2850 in
1112 2824 1271 2866 ξιιαιέοιπηξε.
1292 2824 1425 2866 ἀνδρὲὂπους
1438 2825 1518 2854 deest,
1541 2828 1567 2848 el
1577 2824 1638 2848 infra
1651 2825 1742 2856 legitur

962 2857 1067 2890 ἀρδεῦον,
1081 2858 1123 2880 scd
1134 2856 1203 2886 άρδον
1214 2856 1287 2878 etiam
1300 2858 1339 2878 est
1350 2856 1374 2878 in
1387 2861 1439 2878 usu.
1480 2883 1494 2889 η

996 2888 1005 2906 ἲ
1019 2888 1085 2911 Unus
1094 2886 1243 2912 παλαίοντας,
1257 2885 1376 2910 νικῶντας.
1392 2884 1443 2908 Mox
1454 2884 1494 2916 ahl
1507 2891 1710 2916 στεφανουιιενονς,

1001 2919 1012 2937 ε
1027 2918 1097 2942 Alius
1110 2917 1151 2944 τήν
1162 2915 1300 2946 προθυμίαν,
1315 2918 1445 2944 utrumque
1467 2914 1542 2941 honr},
