4048 6514
575 443 688 500 113

563 545 843 613 εὐδόκιμος
872 543 968 607 ὢν,
1001 544 1222 616 ὕστερον
1245 547 1324 607 είς
1351 539 1621 615 ἁμαρτίαν
1645 556 1671 584 ι
1700 543 1984 596 κατέπεσε.
2006 539 2130 594 Μεί-

566 624 692 689 ζονα
718 626 824 695 γὰρ
851 627 943 694 τῆς
969 626 1172 688 οἰκείας
1202 628 1474 696 φρονήσας
1506 625 1682 691 ἀξίας,
1723 624 2029 694 έπεπήδησε
2059 625 2124 692 τῇ

564 709 660 776 τῆς
696 707 988 778 ἱερωσύνης
1021 709 1182 778 ἀρχῇ.

637 789 898 841 Τοσοῦτόν
925 791 1041 839 ἐστι
1065 789 1288 841 ἀπόνοια
1312 789 1477 841 κακόν
1498 805 1510 818 ·
1536 789 1630 841 καὶ
1666 788 1773 856 γὰρ
1799 787 1984 839 ἑαυτόν
2010 802 2128 838 τινα

569 868 791 922 ἑκαστον
820 871 1026 936 ἀγνοεῖν
1059 870 1359 936 ἀναπείθει,
1391 871 1482 923 καὶ⁸
1517 871 1652 939 μετὰ
1687 870 1910 931 πολλοὺς
1938 869 2128 929 πόνους

569 950 782 1004 ἅπαντα
825 953 963 1002 κενοῖ
1003 952 1100 1017 τῆς
1153 953 1352 1022 ἀρετῆς
1386 953 1477 1004 τὸν
1542 952 1828 1022 θησαυρόν.
1888 951 1996 1004 Καὶ
2063 949 2131 1000 τά

574 1025 671 1100 μέν
707 1031 838 1084 ἀλλα
874 1032 1014 1084 κακὰ
1049 1032 1425 1102 ῥᾳθυμούντων
1454 1036 1608 1103 ἡμῶν
1637 1033 2004 1103 περιγίνεσθαι
2037 1030 2119 1083 πέο

572 1129 758 1179 φυκεν,
787 1112 921 1181 αῦτη
955 1114 1010 1165 δὲ
1043 1113 1392 1182 κατορθοῦσιν
1437 1116 1565 1184 ἡμῖν
1609 1114 1918 1182 ἐπιφύεται.
1968 1113 2131 1164 Οὐδὲν

572 1194 681 1264 γὰρ
730 1193 898 1256 οὕτως
949 1195 1200 1248 ἀπόνοιαν
1247 1197 1447 1248 τίκτειν
1510 1195 1735 1260 εῐωθεν,
1769 1195 1842 1257 ὡς
1897 1193 2132 1255 συνειδὸς

572 1275 792 1343 ἀγαθὸν,
833 1277 927 1328 ὲάν
969 1279 1042 1345 μὴ
1077 1277 1444 1346 προσέχωμεν.
1484 1277 1581 1329 Διά
1623 1277 1780 1329 τοῦτο
1815 1277 1908 1328 καὶ
1937 1276 1966 1325 6
1997 1275 2130 1343 Χρι-

576 1359 698 1420 στὸς
727 1358 897 1419 είδὼς,
924 1359 1004 1410 ὅτι
1042 1359 1179 1427 μετά
1220 1359 1286 1410 τά
1320 1358 1713 1429 κατορθώματα
1758 1357 2132 1425 ἐπεισέρχεται

573 1437 728 1491 τοῦτο
760 1439 818 1490 τὸ
855 1438 1021 1501 πάθος
1073 1440 1219 1507 ἡμῖν,
1259 1441 1369 1500 τοῖς
1415 1440 1678 1509 μαθηταῖς
1722 1438 1934 1504 ἔλεγεν·
1961 1438 2134 1487 Ὅταν

574 1518 768 1571 πάντα
819 1519 1140 1587 ποιήσητε,
1198 1520 1434 1588 λέγετε,
1491 1521 1578 1573 ὅτι
1635 1519 1870 1588 Ἀχρεῐοι
1927 1516 2134 1570 δοῦλοι

574 1599 778 1666 ἐσμεν.
814 1601 978 1653 ὐταν
1011 1603 1115 1673 γὰρ
1152 1601 1320 1672 μέλλῃ
1359 1602 1648 1654 ἐπεισιέναι
1686 1601 1746 1652 τὸ
1772 1598 1956 1670 θηρίον
1983 1599 2130 1667 ὑμῖν,

577 1682 698 1734 τότε
730 1681 817 1734 διὰ
846 1683 954 1735 τῶν
984 1684 1240 1753 ῥημάτων
1287 1683 1506 1746 τούτων,
1555 1682 1737 1749 φησὶν,
1770 1678 2080 1732 ἀποκλείετε
2106 1679 2133 1718 δ

575 1763 675 1824 τὰς
709 1763 876 1833 θύρας
912 1765 1078 1832 αὐτῷ.
1130 1763 1238 1815 Καὶ
1266 1765 1364 1815 οὐκ
1396 1759 1738 1823 εἷπεν,”¹οταν
1769 1761 1946 1813 πάντα
1978 1760 2135 1828 ποιή-

580 1859 734 1910 σητε,
767 1845 968 1913 ἀχρεῖοί
998 1847 1140 1909 ἐστε,
1167 1843 1278 1897 ἀλλ’
1316 1843 1497 1912 Ὑμεῖς
1523 1842 1745 1908 λέγετε,
1775 1841 1863 1894 ὅτι
1900 1839 2136 1908 Ἀχρεῖοί

578 1918 782 1992 ἐσμεν.
813 1925 964 1986 Εἰπὲ,
995 1925 1072 1994 μὴ
1102 1924 1360 1994 φοϐηθῇς,
1383 1925 1481 1976 οὐκ
1511 1923 1618 1976 ἀπὸ
1648 1923 1746 1992 τῆς
1775 1925 2008 1993 κρίσεως
2039 1920 2135 1988 τῆς

580 2007 682 2077 σῆς
710 2006 857 2076 φέρω
879 2005 975 2076 τὴν
1002 2005 1179 2074 ψῆφον
1221 2006 1347 2072 ἐγώ.
1380 2006 1475 2057 Ἂν
1505 2004 1611 2074 γὰρ
1652 2005 1715 2056 σὺ
1752 2004 1943 2056 σαυτὸν
1975 2003 2136 2070 εἴπῃς

581 2089 817 2159 ἀχρεῖον,
860 2087 969 2156 ἐγώ
1014 2104 1071 2140 σε
1117 2088 1192 2149 ὡς
1221 2087 1490 2156 χρήσιμον
1545 2084 1812 2153 στεφανῶ.
1859 2083 2013 2136 υῦτω
2047 2083 2138 2136 καὶ

582 2169 812 2240 ἀλλαχοῦ
843 2187 1002 2240 φησι,
1045 2169 1191 2238 Λέγε
1221 2169 1300 2221 σὺ
1328 2167 1555 2235 πρῶτος
1583 2167 1688 2232 τὰς
1721 2168 1967 2235 ἀνομίας
1999 2180 2136 2231 σου,

581 2251 683 2304 Ira
713 2249 859 2321 [H3]
889 2249 1222 2318 δικαιωθῇς.
1265 2251 1387 2302 Ἐπὶ
1420 2249 1520 2319 μὲν
1558 2248 1664 2318 γὰρ
1696 2247 1803 2301 τῶν
1833 2246 2026 2310 ἔξωθεν
2062 2245 2138 2298 δι-

583 2332 890 2404 καστηρίων
917 2332 1052 2400 μετά
1079 2332 1176 2402 τὴν
1203 2332 1530 2400 κατηγορίαν
1561 2331 1652 2382 καὶ
1683 2329 2002 2398 όμολογίανο
2033 2326 2139 2378 τῶν

585 2414 988 2485 ἁμαρτημάτων
1015 2413 1267 2474 θάνατος·
1298 2415 1388 2464 ἐπὶ
1417 2411 1474 2464 δὲ
1505 2411 1596 2463 τοῦ
1627 2411 1767 2462 θείου
1797 2408 2138 2477 δικαστηρίου

588 2497 726 2566 μετά
757 2497 856 2567 τὴν
890 2495 1219 2566 κατηγορίαν
1269 2494 1545 2562 στέφανος.
1579 2493 1666 2544 Διὸ
1704 2492 1796 2544 καὶ
1835 2492 1863 2542 6
1894 2490 2140 2558 Σολομῶν

585 2578 735 2645 ἔλεγε
756 2593 770 2608 ο
798 2577 893 2644 Μὴ
920 2576 1148 2629 δικαίου
1174 2576 1434 2628 σεαυτὸν
1459 2572 1710 2626 ἐνώπιον
1737 2573 1975 2638 Κυρίου.
2004 2570 2139 2622 Ἀλλ’

585 2657 793 2720 οὐδενὸς
854 2656 1055 2710 τούτων
1088 2657 1313 2726 ἤκουσεν
1350 2658 1378 2707 ό
1427 2653 1625 2718 ’(ιξίας,
1673 2653 1784 2705 ἀλλ’
1829 2651 2141 2721 ἐπεισῆλθεν

584 2742 665 2802 είς
699 2739 786 2791 τὸν
817 2740 966 2803 ναὸν,
996 2739 1089 2791 καὶ
1136 2738 1332 2808 θυμιᾷν
1377 2736 1644 2799 ἐϐούλετο,
1687 2736 1780 2788 καλ⁸
1830 2735 1920 2787 τοῦ
1959 2735 2142 2803 ἱερέως

587 2822 878 2885 κωλύοντος
907 2823 1004 2874 οὐκ
1047 2821 1308 2890 ἠνείχετο.
1354 2819 1415 2870 Τί
1446 2813 1536 2871 οὖν
1568 2820 1595 2867 6
1630 2817 1794 2882 Θεός;
1835 2817 2143 2884 Ἐπαφῆκεν

587 2904 735 2973 αὐτῷ
787 2904 989 2973 λέπραν
1038 2902 1176 2956 κατά
1207 2901 1298 2953 τοῦ
1339 2900 1606 2971 μετώπου,
1652 2899 1750 2969 τὴν
1794 2898 2144 2966 ἀναίσχυντον

589 2986 828 3049 κολάζων
857 2984 998 3053 ὄψιν,
1035 2983 1125 3034 καὶ
1163 2982 1427 3034 παιδεύων
1460 2981 1638 3045 αὐτὸν,
1666 2980 1746 3032 ὅτι
1777 2978 1918 3032 θεῖόν
1947 2981 2059 3030 ἐστι
2085 2977 2145 3031 τὸ

587 3067 952 3136 δικαστήριον,
992 3064 1084 3117 καὶ
1113 3063 1173 3114 οὐ
1205 3062 1339 3133 πρὸς
1379 3061 1693 3132 ἀνθρώπους
1722 3062 1751 3113 6
1784 3060 2013 3130 πόλεμος
2055 3055 2141 3131 ἦν.

591 3149 698 3201 Καὶ
742 3149 811 3200 τὰ
858 3147 955 3216 μὲν
1007 3144 1148 3198 κατὰ
1192 3145 1281 3196 τὸν
1320 3144 1498 3207 ὐζίαν
1545 3141 1736 3200 ταῦτα.
1765 3141 1898 3211 Φέρε
1940 3141 2004 3210 δὴ
2054 3142 2146 3193 καὶ⁵

591 3229 793 3284 ἀνωθεν
813 3229 907 3300 τὴν
932 3228 1165 3299 ίστορίαν
1187 3226 1349 3297 αὐτὴν
1398 3226 1726 3295 ἐπέλθωμεν.
1745 3225 1841 3277 Διά
1862 3222 1969 3293 γὰρ
1993 3223 2146 3278 τοῦτο

592 3319 685 3369 καὶ
721 3316 879 3376 αὐτὸς
917 3313 1197 3384 προλαϐὼν
1226 3314 1282 3364 ἐν
1312 3312 1501 3381 βραχεῖ
1530 3311 1872 3382 διηγησάμην
1905 3310 2033 3378 ὑμῖν
2079 3309 2148 3362 τὰ

595 3394 971 3465 συμϐεϐηκότα
1004 3395 1174 3446 πάντα
1195 3433 1210 3457 ,
1255 3394 1318 3444 ἵν’
1348 3393 1471 3443 ὅταν
1521 3392 1751 3464 ἀκούητε
1799 3393 1896 3461 τῆς
1930 3391 2148 3461 Γραφῆς

593 3478 762 3528 ταῦτα
797 3473 1270 3544 ἀπαγγελλούσης,
1317 3473 1754 3542 παρακολουθῆτε
1807 3472 1944 3541 μετά
1992 3474 2148 3541 ἀκρι-

596 3557 745 3619 ϐείας
777 3557 973 3619 αὐτοῖς.
1007 3555 1162 3608 Ἀλλά
1193 3554 1500 3624 προσέχετε.
1531 3554 1636 3606 Καὶ
1664 3553 1934 3620 ἐποίησε,
1967 3554 2148 3620 φησὶν,

609 3638 787 3703 Ὀζίας
826 3639 892 3691 τὸ
939 3637 1107 3700 εὺθὲς
1135 3637 1387 3690 ἐνώπιον
1425 3635 1665 3702 Κυρίου.
1701 3633 1956 3702 Μεγάλην
1987 3632 2149 3686 αὐτοῦ

599 3717 687 3772 διά
724 3719 925 3771 τούτων
955 3717 1330 3788 ἐμαρτύρησεν
1377 3717 1594 3790 ἀρετήν.
1625 3719 1698 3767 Οὐ
1741 3716 1847 3787 γὰρ
1893 3713 1953 3766 τὸ
2000 3713 2152 3773 εὐθὲς

599 3799 769 3852 ἐποίει
797 3799 977 3869 μόνον,
1001 3799 1135 3851 άλλά
1162 3799 1254 3851 καὶ
1279 3798 1503 3850 ἐνώπιον
1537 3797 1762 3870 Κυρίου,
1791 3797 1850 3848 οὐ
1879 3796 2014 3866 πρὸς
2038 3795 2154 3851 ἐπί-

598 3882 763 3946 δειξιν
791 3882 1107 3953 ἀνθρώπων,
1139 3882 1384 3952 καθάπερ
1410 3884 1602 3934 ἐκεῖνοι
1634 3882 1681 3933 οι
1709 3879 1858 3949 παρά
1887 3882 1995 3941 τοῖς
2027 3879 2154 3932 Ἰου-

600 3963 777 4026 δαίοις
805 3965 908 4035 πρὸ
936 3965 1034 4034 τῆς
1076 3963 1437 4034 ἐλεημοσύνης
1475 3962 1840 4023 σαλπίζοντες,
1870 3961 1919 4012 οί
1951 3962 2006 4011 ἐν
2040 3962 2154 4020 ταῖς

601 4047 875 4115 νηστείαις
903 4046 973 4098 τὰ
1001 4045 1268 4117 πρόσωπα
1295 4043 1663 4114 ἀφανίζοντες,
1694 4043 1742 4094 οἱ
1774 4041 1870 4102 τὰς
1901 4039 2062 4112 εὐχὰς
2099 4040 2156 4089 ἐν

601 4131 720 4190 ταῖς
739 4128 992 4198 ἀμφόδοις
1017 4127 1342 4196 ποιούμενοι*
1357 4121 1428 4180 ὧν
1440 4126 1490 4178 τί
1514 4125 1708 4193 γένοιτ’
1725 4123 1788 4177 ἂν
1813 4122 2153 4192 ἀθλιώτερον,

600 4210 729 4264 ὅταν
760 4211 884 4271 τοὺς
928 4211 1024 4279 μὲν
1070 4210 1261 4270 πόνους
1299 4207 1640 4278 ὑπομένωσι,
1681 4207 1780 4275 τῆς
1822 4204 1880 4257 δὲ
1923 4202 2155 4274 ἀμοιϐῆς

602 4291 1005 4362 ἀποστερῶνται
1032 4292 1280 4358 ἀπάσης;

676 4373 744 4444 β’.
762 4373 827 4425 Τί
842 4375 1031 4436 ποιεῖς,
1049 4372 1299 4444 ἄνθρωπε
1318 4369 1520 4441 δὲτέρῳ
1542 4367 1750 4438 μέλλεις
1774 4365 1998 4426 εὐθύνας
2025 4366 2159 4417 διδό-

604 4472 694 4511 ναι
715 4453 822 4509 τῶν
866 4454 1287 4525 πεπραγμένων,
1319 4453 1412 4506 καὶ
1457 4451 1643 4520 ῑτερον
1689 4448 1935 4518 μάρτυρα
1979 4446 2161 4508 καλεῖς

604 4535 715 4590 τῶν
757 4536 1082 4606 γινομένων;
1128 4535 1311 4604 ἕτερον
1355 4535 1495 4602 ἔχεις
1539 4530 1816 4600 δικαστὴν,
1847 4529 1940 4582 καὶ
1978 4528 2162 4597 ἕτερον

608 4617 845 4680 καθίζεις
873 4617 1094 4685 θεατήν;
1121 4616 1230 4684 Οὐχ
1266 4615 1395 4685 ὁρᾷς
1420 4614 1545 4674 τοὺς
1573 4612 1838 4682 ἡνιόχους,
1863 4610 1910 4662 οἳ
1939 4609 2037 4678 τῆς
2067 4607 2164 4660 πό-

606 4702 741 4762 λεως
787 4700 999 4768 ἀπάσης
1039 4699 1150 4753 ἀνω
1195 4697 1508 4765 καθημένης
1556 4696 1612 4748 ἐν
1656 4697 1774 4754 ταῖς
1823 4692 1932 4744 τῶν
1987 4691 2162 4743 ἵππων

608 4781 877 4852 ἁμίλλαις,
905 4780 1049 4832 ἀπαν
1074 4779 1163 4833 τοῦ
1194 4777 1407 4831 σταδίου
1436 4777 1866 4846 παρατρέχοντες
1893 4773 1951 4824 τὸ
1980 4773 2160 4841 μέρος,

610 4865 726 4916 ἐκεῖ
754 4862 1102 4930 φιλονεικοῦσι
1135 4861 1202 4914 τά
1229 4860 1351 4913 τῶν·
1370 4858 1674 4912 ἀντιπάλων
1695 4853 1723 4892 ἀ
1753 4858 1971 4925 ἅρματα
2002 4870 2164 4906 κατα-

613 4944 881 5014 στρέφειν,
913 4943 1036 4995 ἑνθα
1065 4943 1128 4995 ἂν
1155 4942 1303 4993 ῐδωσι
1334 4941 1423 4991 τὸν
1452 4938 1671 5007 βασιλέα
1718 4937 2040 5004 καθήμενον,
2072 4934 2164 4984 καὶ

611 5024 871 5077 τοσούτων
894 5024 1062 5093 ὄψεων
1085 5024 1178 5076 ἕνα
1197 5021 1500 5092 νομίζουσιν
1525 5018 1953 5086 ἀξιοπιστότερον
1978 5014 2166 5083 ὀφθαλ-

677 5204 702 5262 Ρ
723 5203 935 5262 Quatuor
958 5215 1070 5251 mss.
1095 5201 1425 5262 εὐδοκιμήσας,
1448 5197 1641 5256 ὕστερον
1662 5197 1776 5258 πρὸς
1799 5195 2044 5256 ἁμαρτίαν.

673 5261 704 5303 δ
718 5261 850 5311 Unus
866 5263 1190 5310 ἀποκλείσατε.

679 5326 703 5356 ⁸
728 5324 806 5372 Sic
841 5329 944 5372 [res
971 5336 1082 5370 mss.
1127 5328 1180 5368 el.
1217 5322 1287 5368 sic
1306 5319 1428 5376 legit
1449 5318 1690 5366 Erasmus.
1730 5313 1784 5376 lu
1823 5316 1966 5362 editis
1988 5316 2065 5362 καὶ
2086 5315 2169 5372 τήν

617 5384 865 5448 ὁμολογίαν
889 5385 1084 5448 deeral._
1108 5381 1282 5448 Vel-uin
1307 5379 1449 5438 paulo
1467 5385 1594 5448 po_sl,
1621 5377 1700 5423 ubi
1725 5375 1772 5421 in
1789 5376 1967 5448 ξηροί)
1990 5377 2171 5448 legitur

619 5436 737 5505 μίετὰ
863 5443 1141 5504 κατηγορίαν
1167 5436 1404 5505 στέφανος,
1432 5446 1478 5483 el
1507 5439 1602 5505 d'uo
1622 5449 1732 5482 mss.
1744 5436 1936 5505 addunt
1955 5436 2069 5505 μετά
2088 5438 2171 5490 τὴν

1077 5495 1422 5562 ἁμαρτημάτων
1460 5498 1701 5557 στέφανος,
1744 5495 1970 5562 Erasmus
2013 5497 2171 5562 locum

617 5554 834 5624 plen'uui,
859 5571 912 5610 ut
938 5569 1068 5618 ante,
1094 5554 1289 5624 repetit",
1312 5558 1398 5614 sic,
1421 5562 1524 5615 post
1556 5554 1907 5624 decusationem
1927 5554 2172 5624 et__confes-

616 5616 797 5672 iioncm
825 5616 1122 5682 peccatorum
1153 5616 1313 5682 'dam_r_
1343 5629 1536 5682 ευνοαα,
1560 5629 1702 5675 quam
1744 5616 2171 5682 interprelioﬁnem,

617 5686 730 5742 quia
751 5675 864 5730 nihil
893 5683 948 5729 ad
994 5679 1394 5742 seusumﬂadditk
1418 5677 1698 5735 relinquere
1724 5677 1876 5722 visum
1903 5680 1996 5722 est.
2024 5675 2176 5724 Paulo

617 5739 719 5804 ῥυσαί
746 5747 770 5790 6
794 5745 1008 5803 Σολομῶν
1043 5754 1130 5801 pro
1148 5742 1174 5788 6
1193 5739 1474 5804 Σεῑρακὶδης.

683 5823 688 5835 ι
735 5807 835 5849 Tam
857 5794 1147 5863 ἀντιτέχνων,
1191 5794 1394 5846 suc'lres
1425 5807 1534 5863 ωεε.
1559 5794 1684 5863 [nire
1712 5795 1960 5863 iiderurbv
1980 5795 2073 5863 τῶν
2092 5797 2176 5863 ἀχ-

618 5865 766 5972 ἷέὶων
806 5855 1039 5923 βασιλέαῗ
1065 5861 1188 5910 lufra
1229 5870 1354 5908 unus
1417 5856 1497 5902 καὶ
1538 5855 1776 5904 τοσούτων
1823 5857 1976 5918 ὄψεων
2021 5857 2176 5904 οὐσῶν

646 5939 700 5969 να
719 5939 820 5972 νου..

646 5939 700 5969 να
719 5939 820 5983 νομ.

617 5503 896 5564 παρηγορίαν
934 5505 1026 5549 τῶν

1242 429 1300 484 S.
1335 427 1614 484 JOANNIS
1646 423 2133 482 CHRYSOSTOMI
2171 422 2488 482 ARCHl’EP.
2528 423 3074 481 CONSTANTINOP.

2241 541 2371 608 μὸν;
2405 540 2475 592 Σὺ
2502 540 2558 592 δὲ
2595 540 2755 592 αὐτὸν
2801 541 2892 594 τὸν
2922 540 3032 601 ⁴τῶν
3075 539 3320 608 ἀγγέλων
3350 540 3528 594 αὐτῶν
3576 540 3802 609 βασιλέα

2234 633 2344 690 τοῖς
2374 631 2482 691 σοῖς
2505 629 2722 698 δρόμοις
2749 628 3186 696 ἀγωνοθετοῦντα
3216 629 3375 698 ὁρῶν,
3403 631 3610 684 ἐκεῖνον
3640 632 3798 700 ἀφεὶς

2235 711 2326 761 ἐπὶ
2359 709 2454 772 τὰς
2496 710 2603 762 τῶν
2633 710 2933 780 ὁμοδούλων
2965 709 3328 778 καταφεύγεις
3355 711 3541 779 ὖψεις;
3575 714 3674 766 Διά
3711 730 3798 765 τοι

2235 791 2390 844 τοῦτο
2427 792 2561 860 μετά
2592 792 2689 852 τάς
2734 792 2932 861 μυρίας
2971 792 3147 854 πάλας
3186 793 3558 858 ἀστεφάνωτος
3586 795 3800 862 ἀναχω-

2238 874 2380 940 ρεῖς.
2417 872 2554 938 μετά
2598 872 2723 933 τοὺς
2769 872 2994 934 πολλοὺς
3048 871 3275 942 ἱδρῶτας
3314 873 3481 942 χωρὶς
3533 873 3800 944 βραϐείιυν

2236 952 2448 1020 ἀπέρχῃ
2474 952 2606 1020 πρὸς
2630 953 2719 1003 τὸν
2747 952 3111 1022 ἀγωνοθέτην;
3138 951 3275 1004 Ἀλλ’
3293 954 3392 1005 οὐκ
3426 951 3604 1016 Ὀζίας
3625 953 3802 1007 τοιοῦ-

2237 1049 2326 1093 τος
2351 1027 2437 1099 ἦν,
2466 1031 2578 1110 ἀλλ’
2604 1031 2830 1084 ἐνώπιον
2859 1034 3064 1110 Κυρίου
3099 1034 3160 1086 τὸ
3189 1034 3341 1097 εὐθές
3366 1036 3559 1090 ἐποίει.

2323 1113 2444 1174 Πῶς
2503 1108 2596 1164 οὖν
2655 1113 2794 1165 οὓτω
2860 1108 2996 1183 μετά
3055 1115 3338 1184 ἀκριϐείας
3389 1115 3804 1185 πολιτευόμενος

2240 1193 2594 1263 ὐπεσκελίσθη
2643 1195 2734 1246 καὶ
2779 1195 3072 1260 κατέπεσε;
3122 1195 3288 1248 Τοῦτο
3319 1194 3426 1264 γὰρ
3470 1196 3623 1263 κάγὼ
3669 1198 3806 1250 θαυ-

2243 1274 2396 1344 μάζω
2426 1275 2519 1327 καὶ
2549 1275 2812 1344 διαπορῶ,
2846 1276 3044 1345 μᾶλλον
3072 1276 3128 1329 δὲ
3157 1277 3256 1328 οὐκ
3284 1276 3348 1329 ἂν
3378 1278 3461 1347 εἴη
3499 1278 3656 1331 τοῦτο
3683 1279 3807 1331 δια-

2241 1358 2522 1424 πορήσεως
2571 1357 2749 1420 ἀξιον⁸
2796 1358 3080 1427 ἄνθρωπος
3129 1360 3236 1428 γάρ
3263 1356 3351 1428 ἦν,
3386 1362 3615 1429 πρᾶγμα
3664 1363 3808 1431 πρὸς

2239 1436 2510 1506 ἁμαρτίαν
2533 1437 2822 1504 εὐόλισθον,
2849 1440 2944 1492 καὶ
2970 1439 3104 1508 πρὸς
3131 1439 3326 1492 κακίαν
3347 1439 3662 1511 ὀξύρροπον.
3691 1444 3808 1494 Καὶ

2239 1517 2300 1567 οὐ
2334 1517 2489 1569 τοῦτο
2523 1518 2683 1586 μόνον
2726 1519 2844 1571 ἐστὶ
2872 1520 2932 1572 τὸ
2981 1520 3232 1589 χαλεπὸν,
3280 1521 3395 1572 ἀλλ’
3435 1523 3517 1575 ὅτι
3562 1522 3654 1574 καὶ
3681 1522 3812 1574 ὁδὸν

2243 1596 2431 1667 στενὴν
2451 1599 2544 1651 καλ⁵
2566 1599 2924 1671 τεθλιμμένην
2947 1601 3148 1653 ὁδεύειν
3171 1601 3408 1671 ἐπετάγη
3418 1620 3514 1669 μεν
3537 1602 3640 1654 ὑπὸ
3666 1619 3809 1672 κρη-

2245 1679 2390 1750 μνῶν
2437 1680 2770 1750 ἐκατέρωθεν
2815 1682 3228 1752 ἀπειλημμένην
3257 1694 3303 1736 ο.
3333 1683 3490 1754 [lli]
3515 1684 3680 1737 Ὅταν
3707 1681 3808 1737 οὖν

2243 1760 2338 1813 καὶ
2377 1763 2745 1830 προαιρέσεως
2774 1763 2987 1816 εὐκολία
3032 1765 3122 1815 καὶ
3170 1765 3288 1816 ὁδοῦ
3329 1765 3580 1818 δυσκολία
3613 1766 3806 1818 συνέλ-

2245 1842 2408 1894 θωσιν
2436 1843 2514 1904 είς
2541 1841 2753 1905 ταύτὸν,
2789 1842 2863 1911 μὴ
2894 1843 3135 1910 θαύμαζε
3169 1845 3352 1896 λοιπὸν
3389 1846 3528 1914 ὑπὲρ
3559 1845 3665 1903 τῶν
3693 1864 3808 1898 πα-

2246 1923 2640 1994 ραπτωμάτων.
2682 1923 2944 1993 Καθάπερ
2974 1927 3079 1992 γὰρ
3110 1927 3165 1976 ἐν
3197 1929 3306 1988 τοῖς
3335 1927 3576 1997 θεάτροις
3611 1929 3660 1981 οί
3701 1927 3807 1997 τὴν

2245 2007 2451 2074 σχοῖνον
2474 2003 2570 2074 τὴν
2599 2003 2840 2057 κάτωθεν
2865 2005 2976 2064 ἀνω
3003 2007 3299 2077 τεταμένην
3329 2007 3347 2045 τ
3379 2009 3682 2061 ἀναϐαίνειν
3709 2011 3808 2062 καὶ

2246 2086 2588 2140 καταϐαίνειν
2622 2085 2947 2156 μελετῶντες
2968 2127 2984 2151 ,
3035 2087 3100 2140 ἂν
3156 2089 3346 2157 μικρὸν
3380 2090 3764 2159 παραϐλέψωσι
3787 2133 3804 2155 ,

2245 2169 2688 2239 παρατραπέντες
2717 2168 3196 2238 κατενεχθήσονται
3230 2171 3306 2231 είς
3343 2171 3437 2240 τὴν
3473 2172 3802 2240 ὀρχήστραν,

2246 2250 2340 2304 καὶ
2356 2249 2696 2302 ἀπολοῦνται·
2712 2247 2854 2302 οὕτω
2869 2251 2958 2301 καὶ¹
2975 2251 3022 2302 οί
3044 2250 3138 2320 τὴν
3158 2251 3272 2303 όδὸν
3286 2252 3488 2320 ταύτην
3509 2252 3713 2305 όδεύοντ
3721 2270 3804 2315 ες,

2248 2331 2314 2385 ἀν
2349 2333 2539 2402 μικρὸν
2568 2331 2940 2402 ρᾳθυμήσωσι,
2970 2332 3514 2402 κατακρημνίζονται.
3549 2335 3657 2386 Καὶ
3694 2334 3806 2404 γὰιρ

2249 2415 2459 2482 ἐκείνης
2483 2413 2578 2480 τῆς
2601 2415 2806 2481 σχοίνου
2828 2416 2860 2481 ἡ
2883 2414 2997 2474 ὁδὸς
3019 2413 3157 2482 αὐτη
3188 2415 3278 2466 καὶ
3299 2415 3580 2484 στενοτέρα
3604 2417 3809 2485 M169-

2250 2495 2361 2555 θιος
2380 2495 2472 2546 καὶ
2495 2496 2796 2564 προσάντης
2814 2494 3012 2563 μᾶλλόν
3032 2497 3145 2546 ἐστι
3170 2497 3260 2548 καὶ
3275 2495 3576 2565 ὑψηλοτέρα
3592 2497 3768 2566 πολλῷ
3786 2513 3800 2524 ·

2249 2575 2387 2644 πρὸς
2413 2575 2519 2645 γὰρ
2548 2575 2703 2627 αὐτὸν
2733 2577 2843 2628 ἄνω
2876 2575 3097 2644 τελευτᾷ
3122 2578 3144 2614 Β
3175 2576 3266 2627 τὸν
3295 2577 3540 2644 οὐρανὸν,
3566 2579 3658 2630 καὶ
3683 2578 3805 2631 τότε

2248 2659 2382 2726 ἡμῖν
2408 2656 2785 2725 σφαλερώτερα
2815 2655 2965 2708 ἔσται
2990 2657 3059 2708 τά
3084 2657 3237 2726 διαϐή
3247 2674 3409 2726 ματα,
3429 2659 3555 2709 ὅταν
3578 2659 3689 2711 ἀνω
3712 2659 3808 2710 καὶ

2251 2738 2386 2808 πρὸς
2413 2739 2549 2807 αὐτῇ
2580 2737 2861 2804 γενώμεθα
2885 2738 2951 2806 τῇ
2982 2740 3190 2806 κορυφῇ
3212 2755 3225 2766 ·
3257 2740 3366 2800 τοῖς
3398 2738 3504 2808 γὰρ
3528 2741 3612 2806 ἐφ’
3640 2738 3806 2806 ὕψους

2253 2820 2445 2871 ἐστῶσι
2482 2820 2643 2882 πολὺς
2669 2823 2696 2870 6
2725 2819 2941 2889 τρόμος,
2971 2820 3062 2872 καὶ
3093 2820 3190 2887 μία
3220 2821 3377 2888 μόνον
3407 2822 3672 2888 ἀσφάλεια
3702 2823 3810 2874 λεί-

2254 2918 2440 2964 πεται,
2483 2900 2544 2952 τὸ
2586 2899 2658 2969 μὴ
2695 2899 3002 2967 κατακύψαι
3032 2901 3199 2964 κάτω,
3235 2901 3366 2969 μηδὲ
3409 2903 3489 2964 είς
3524 2902 3628 2970 γῆν
3659 2903 3806 2955 ίδεῖν.

2253 2984 2363 3037 Καὶ
2397 2983 2506 3052 γὰρ
2545 2981 2772 3052 χαλεπὸς
2803 2979 3046 3032 ἐντεῦθεν
3075 2983 3102 3033 6
3132 2983 3426 3044 σκοτὸδινος
3452 2983 3676 3049 γίνεται.
3709 2985 3809 3038 Διά

2252 3082 2334 3118 τοι
2364 3064 2520 3117 τοῦτο
2565 3063 2799 3131 συνεχῶς
2834 3064 2965 3130 ἡμῖν
2994 3064 3020 3114 6
3051 3063 3334 3134 Προφήτης
3363 3065 3554 3135 ἐπιϐοᾷ
3598 3067 3804 3133 λέγων’

2254 3150 2359 3211 Εἰς
2394 3145 2460 3198 τὸ
2493 3145 2664 3208 τέλος
2703 3143 2787 3210 μὴ
2833 3143 3209 3211 (Staseas/mc;-
3261 3145 3604 3215 ρᾳθυμοῦσαν
3652 3148 3810 3216 ἡμῶν

2253 3228 2349 3298 τὴν
2379 3226 2553 3296 ψυχὴν
2591 3224 2947 3289 ἀναστέλλων,
2976 3227 3069 3277 καὶ
3117 3225 3409 3294 μέλλουσαν
3450 3227 3807 3280 καταπίπτειν

2254 3309 2460 3377 ἀνέχων
2491 3308 2584 3360 καὶ
2614 3305 2935 3375 διακρατῶν.
2972 3306 3059 3359 Ἐν
3093 3308 3231 3376 ἀρχῇ
3265 3308 3361 3373 μὲν
3393 3308 3500 3379 γὰρ
3519 3309 3580 3359 οὐ
3611 3307 3808 3376 πολλῆς

2255 3388 2488 3458 δεόμεθα
2549 3388 2646 3456 τῆς
2693 3385 3103 3457 παρακλήσεως.
3147 3389 3210 3439 Τί
3260 3388 3492 3456 δήποτες
3537 3389 3660 3440 Ὅτι
3706 3391 3812 3450 πᾶς

2257 3471 2352 3525 ἀνθ
2362 3486 2556 3540 ρωπος,
2584 3469 2683 3520 κᾶν
2710 3469 2959 3521 ἁπάντων
2985 3469 3312 3532 να·θέστατος
3333 3464 3390 3540 ᾖ,
3419 3469 3623 3538 μέλλων
3648 3470 3814 3522 ἀπτε-

2261 3551 2382 3603 σθαι
2420 3551 2766 3620 πράγματος,
2815 3550 3012 3620 πολλὴν
3040 3551 3097 3602 ἐν
3141 3553 3249 3609 τοῖς
3279 3550 3578 3618 προοιμίοις
3616 3549 3814 3602 ἐπιδεί-

2259 3647 2448 3684 κνυται
2488 3632 2582 3698 τὴν
2632 3629 2880 3700 σπουδὴν,
2915 3631 3008 3684 καὶ
3042 3631 3138 3700 τῆς
3187 3630 3488 3703 προθυμίας
3533 3630 3814 3699 ἀκμαζού-

2263 3730 2382 3782 σης,
2423 3712 2516 3766 καὶ
2557 3713 2654 3781 τῆς
2693 3713 2967 3782 δυνάμεως
3011 3715 3206 3783 νεαρᾶς
3245 3712 3408 3783 οῦσης
3453 3712 3566 3777 ἔτι,
3619 3713 3815 3783 ῥᾳδίως

2262 3793 2398 3862 πρὸς
2423 3793 2484 3846 τὸ
2510 3794 2864 3862 προκείμενον
2889 3794 3154 3848 ἐπιϐαίνει
3174 3811 3186 3823 ·
3215 3795 3339 3848 ὅταν
3367 3794 3423 3846 δὲ
3451 3795 3513 3846 τὸ
3534 3793 3695 3846 πλέον
3717 3794 3817 3862 τῆς

2261 3875 2380 3928 ὁδοῦ
2428 3875 2791 3944 προέλθωμεν,
2843 3876 2936 3928 καὶ
2985 3875 3233 3946 μαρανθῇ
3275 3873 3344 3926 τά
3385 3875 3484 3944 τῆς
3513 3875 3818 3944 προθυμίας
3872 3924 3884 3946 γ

2264 3959 2413 4027 ἡμῖν,
2444 3961 2510 4010 τὰ
2544 3957 2600 4008 δὲ
2633 3957 2728 4026 τῆς
2768 3957 3047 4027 δυνάμεως
3076 3957 3231 4027 ἡμῶν
3263 3957 3420 4027 λήξῃ,
3455 3956 3735 4026 μέλλωμεν
3761 3959 3819 4011 δὲ

2265 4037 2644 4101 καταπίπτειν,
2684 4039 2804 4090 τότε
2834 4040 2961 4109 ἡμῖν
2998 4041 3027 4092 6
3066 4040 3347 4109 προφήτης
3389 4040 3655 4110 εὐκαίρως
3683 4058 3822 4110 mp-

2270 4122 2519 4185 ίσταται,
2582 4120 2825 4190 καθάπερ
2891 4120 3188 4192 βακτηρίαν
3235 4120 3353 4172 τινὰ
3405 4120 3467 4173 τὺ
3509 4119 3822 4191 ἐπίφθεγμα

2264 4203 2422 4255 τοῦτο
2460 4197 2688 4273 ὀρέγων,
2730 4205 2825 4258 καὶ
2871 4203 3066 4273 λέγων,
3109 4207 3215 4272 Είς
3254 4205 3323 4259 τὸ
3363 4205 3539 4272 τέλος
3568 4205 3656 4281 μὴ
3694 4205 3819 4259 διαι-

2266 4285 2528 4359 φθείρῃς.

2337 4366 2453 4419 Καὶ
2480 4366 2587 4434 γὰρ
2614 4363 2643 4415 6
2671 4365 2909 4429 διάϐολος
2940 4368 3063 4420 τότε
3095 4368 3444 4439 σφοδρότερον
3470 4369 3594 4421 πνεῖ
3617 4365 3668 4424 ι.
3713 4370 3826 4424 Καὶ

2269 4447 2518 4516 καθάπερ
2562 4447 2611 4498 ei
2656 4446 2754 4514 τὴν
2805 4446 3072 4501 θάλατταν
3107 4448 3356 4512 πλέοντες
3400 4449 3684 4518 πειραταὶ,
3727 4451 3826 4521 οὐχ

2269 4529 2396 4584 ὅταν
2427 4526 2606 4579 ῐδωσιν
2639 4527 2846 4590 ἐξιόντα
2883 4526 2976 4579 τοῦ
3008 4527 3223 4598 λιμένος
3248 4529 3317 4581 τὰ
3354 4528 3528 4593 πλοῖα,
3563 4531 3680 4582 τότε
3709 4533 3828 4585 ἐπι-

2270 4609 2524 4675 τίθενται,
2559 4607 2633 4677 (τί
2662 4607 2769 4678 γὰρ
2799 4607 2980 4671 αὐτοῖς
3007 4609 3197 4677 ὄφελος
3245 4609 3398 4662 κενὸν
3440 4611 3736 4664 καταδῦσαι
3764 4611 3826 4665 τὺ

2273 4690 2530 4759 σκάφος;)
2557 4688 2668 4742 ἀλλ’
2691 4690 2816 4742 ὅταν
2844 4688 3038 4760 ἐπανίῃ
3064 4691 3242 4760 πλήρη
3278 4691 3367 4744 τὸν
3397 4693 3588 4761 φόρτον
3617 4691 3827 4762 ἔχοντα,

2271 4773 2391 4824 τότε
2434 4771 2612 4824 πᾶσαν
2663 4770 2868 4823 κινοῦσι
2904 4771 3151 4840 μηχανήν
3207 4770 3347 4824 οὕτω
3387 4771 3480 4824 καὶ
3521 4774 3551 4825 6
3595 4773 3831 4843 πονηρὸς

2272 4853 2474 4921 δαίμων
2507 4852 2727 4914 ἐκεῖνος,
2758 4851 2884 4904 ὅταν
2915 4851 2997 4920 ίδῃ
3038 4851 3206 4904 πολλά
3246 4853 3636 4922 συναγηοχότας
3661 4851 3706 4917 ί,
3734 4871 3833 4924 νη·-

2275 4934 2475 4997 στείαν,
2510 4931 2689 5000 εὐχὰς,
2723 4931 3112 5002 ἐλεημοσύνην,
3146 4933 3510 5004 σωφροσύνην,
3540 4933 3636 5002 τὴν
3667 4933 3833 5002 ἀλλην

2275 5015 2489 5068 ἆπασαν
2521 5013 2736 5083 ἀρετὴν,
2768 5013 2894 5064 ὅταν
2924 5013 3008 5083 ἴδῃ
3039 5012 3205 5081 γέμον
3234 5013 3386 5083 ἡμῶν
3413 5013 3474 5067 τὸ
3510 5014 3692 5066 πλοῖον
3723 5012 3832 5064 τῶν

2275 5093 2577 5148 πολυτελῶν
2613 5097 2710 5164 τῆς
2746 5094 3022 5156 εὐσεϐείας
3073 5093 3254 5157 λίθων,
3299 5095 3420 5148 τότε
3471 5094 3833 5166 προσϐάλλει,

2277 5183 2540 5237 πάντοθεν
2589 5182 2878 5252 διορύττων
2927 5183 3017 5233 τὸν
3057 5183 3344 5254 θησαυρὸν,
3369 5184 3511 5237 ὥστε
3541 5185 3670 5253 παρ’
3698 5182 3838 5236 αὐτά

2276 5266 2368 5318 τοῦ
2394 5265 2605 5334 λιμένος
2637 5267 2704 5317 τά
2745 5264 2986 5331 στόματα
3021 5265 3316 5318 καταδῦσαι
3361 5265 3423 5318 τὸ
3457 5267 3698 5334 σκάφος,
3745 5267 3838 5318 καὶ

2347 5435 2368 5462 θ
2396 5431 2622 5497 Erasmus
2645 5431 2822 5497 legisge
2843 5429 3035 5497 videtur
3065 5432 3346 5489 ἑκατέρωθεν
3379 5427 3708 5497 ἀπειλημένῃν,
3729 5438 3842 5497 πίοι·-

2282 5494 2335 5540 tit
2371 5495 2520 5546 enim.
2547 5487 2830 5553 ρναξσῷἐιίίε
2871 5488 3123 5546 minacem,
3167 5487 3346 5550 nempe
3375 5489 3518 5536 viam.
3554 5487 3654 5536 Sed
3675 5487 3844 5535 nullus

2281 5553 2433 5600 codex
2450 5554 2522 5599 sic
2546 5550 2708 5599 habet;

2347 5612 2364 5650 ἲ
2398 5612 2528 5659 Unus
2547 5610 2891 5671 ἐπιτεταμένην.

2349 5675 2370 5711 ε
2397 5673 2519 5720 Tres
2539 5684 2656 5718 mss.
2681 5665 2778 5716 ἀνω
2802 5665 3006 5718 τέταται.
3029 5670 3168 5720 Unus
3191 5669 3289 5715 ἄνω
3320 5668 3595 5715 τελειοῦται.
3617 5665 3846 5714 Erasmus

2284 5734 2477 5781 videtur
2497 5729 2676 5787 legisse
2698 5732 2904 5777 τέταται.
2930 5731 3028 5779 Sed
3041 5731 3118 5777 he
3137 5742 3306 5787 omnes
3331 5730 3571 5776 lectiones
3591 5730 3840 5787 quadram.

2287 5796 2392 5865 Μρχ
2409 5792 2515 5865 ¹ξιιίί
2546 5785 2919 5865 ἶπισφαλέστερα
2953 5792 3084 5864 ἔσται
3110 5792 3169 5836 τά
3193 5785 3397 5850 βήματα.

2349 5852 2375 5920 ιξ
2409 5853 2541 5920 linus
2562 5850 2870 5920 σφοδρότερον
2893 5850 3153 5920 ἐπέρχεται.

2359 5913 2372 5950 i
2418 5912 2549 5960 L’nus
2574 5906 2929 5969 συναγαγόντας.
2953 5906 3101 5959 Sil/il:
3125 5906 3497 5970 συνηγειοχότας.
