4048 6454
271 348 384 405 113

243 464 382 520 erat,
428 452 773 509 exstinxeris.
804 450 901 507 Hic
926 454 1083 521 igitur
1109 448 1265 503 Ozias
1285 465 1315 503 c
1336 451 1477 517 sirpe
1499 446 1661 501 David
1686 445 1835 501 duxit

241 560 443 613 genus,
490 559 579 598 rex
614 553 789 596 autem
839 552 952 596 erat
997 540 1345 602 Judteornm;
1397 538 1636 608 regnavit
1681 539 1835 591 annis

243 636 627 706 quinquaginta
652 633 857 687 duobus
884 650 897 684 :
929 646 1156 701 cumque
1196 630 1345 683 initio
1377 644 1497 684 cum
1534 627 1688 682 laude
1714 643 1835 697 ges-

243 731 403 781 sisset
444 726 796 796 principatmu
819 763 836 788 ,
879 732 996 792 post
1031 724 1081 776 in
1125 730 1395 791 peccatum
1426 722 1700 790 prolapsus
1730 728 1829 773 est.

240 816 373 870 Cum
404 817 547 871 enim
580 815 794 869 altiores
824 814 1040 883 spiritus
1075 812 1381 867 sustulisset
1418 826 1577 880 quant
1622 825 1717 879 pro
1740 825 1831 863 sua

244 909 526 978 dignitate,
552 908 907 979 principatum
940 905 1132 958 invasit
1157 902 1461 957 sacerdotii.

316 998 571 1068 Superbia
594 1014 727 1065 sa'pe
754 1014 816 1050 ea:
834 996 965 1049 bona
984 994 1285 1048 conscientia
1315 994 1494 1047 oritur.
1515 1022 1587 1032 —
1605 992 1833 1046 Tantum

238 1098 445 1151 malum
471 1100 553 1145 est
583 1089 906 1158 arrogantia,
937 1102 1056 1156 quae
1090 1085 1389 1155 persuadet,
1425 1096 1479 1139 ut
1499 1085 1721 1153 quisque
1743 1099 1829 1137 se-

200 1240 207 1247 .
238 1185 351 1229 met
373 1181 613 1249 ignoret,
656 1190 881 1249 postque
918 1178 1116 1231 multos
1144 1177 1354 1231 labores
1380 1192 1592 1230 omnem
1624 1177 1832 1230 virtutis

239 1274 557 1323 thesaurum
582 1270 843 1323 exhaurit.
893 1273 971 1321 Ae
1008 1278 1200 1322 ctetera
1243 1267 1457 1336 quidem
1502 1266 1642 1320 mala
1680 1266 1833 1320 nobis

238 1358 572 1428 negligenter
602 1358 884 1429 agentibus
912 1357 1085 1412 solent
1124 1356 1416 1412 exuberare
1440 1397 1454 1421 ,
1497 1356 1611 1409 haec
1653 1366 1831 1410 autem

239 1450 373 1518 ipsis
414 1458 560 1503 recte
604 1448 757 1503 factis
784 1450 979 1504 nostris
1007 1450 1330 1503 adnascitur.
1364 1448 1504 1503 Nihil
1539 1452 1686 1503 enim
1711 1463 1832 1517 per-

239 1541 367 1595 inde
392 1541 558 1611 gignit
598 1540 903 1610 superbiam
933 1582 948 1607 ,
977 1550 1035 1593 ut
1064 1539 1199 1595 bona
1227 1540 1574 1603 conscientia,
1605 1540 1704 1592 uisi
1732 1538 1829 1592 ad-

237 1633 542 1701 vigilemus.
594 1632 745 1688 Unde
769 1642 823 1687 et
846 1632 1091 1686 Christus
1118 1632 1318 1697 sciens,
1341 1632 1484 1701 quod
1504 1641 1625 1703 post
1662 1634 1829 1688 bene-

241 1724 379 1777 facta
428 1738 526 1777 nos
566 1723 652 1778 hic
700 1723 918 1778 morbus
959 1723 1267 1788 adoriatur,
1312 1724 1522 1779 dicebat
1558 1724 1831 1793 discipulis

238 1816 353 1869 suis
382 1833 395 1868 :
428 1814 553 1869 Cum
582 1817 750 1868 omnia
778 1816 992 1887 feceritis
1011 1856 1024 1877 ,
1052 1816 1231 1879 dicite,
1262 1816 1406 1869 Servi
1432 1817 1633 1870 inutiles
1657 1834 1829 1869 sumus

240 1906 260 1974 (
286 1904 412 1959 Luc.
444 1907 531 1959 17.
565 1906 691 1975 l0).
722 1906 855 1959 Cum
883 1906 1027 1960 enim
1060 1907 1172 1961 lucc
1200 1910 1355 1961 noxia
1387 1909 1551 1963 bestia
1581 1919 1729 1977 parat
1751 1910 1830 1962 in-

240 1997 437 2051 vadere
466 2012 581 2063 vos,
612 2006 755 2062 tunc,
789 1998 975 2067 inquit,
1006 2015 1101 2068 per
1132 1997 1246 2053 haec
1276 1999 1433 2052 verba
1465 2000 1605 2055 fores
1634 2000 1709 2054 illi
1739 2016 1827 2054 oe-

239 2089 461 2143 cludite.
505 2088 688 2158 Neque
715 2090 847 2143 dixit
876 2108 888 2143 :
921 2089 1055 2143 Cum
1096 2089 1274 2144 omnia
1304 2090 1534 2145 feceritis
1558 2134 1573 2159 ,
1613 2092 1828 2147 inutiles

239 2182 369 2235 esus
396 2198 407 2233 :
429 2182 545 2244 sed,
570 2182 673 2235 Vos
694 2182 872 2247 dicite,
889 2182 1110 2239 inutiles
1134 2198 1340 2238 sumus.
1372 2184 1485 2247 Dic,
1511 2200 1578 2239 ne
1598 2194 1829 2251 metuas,

240 2287 347 2324 non
380 2287 445 2325 ex
490 2280 580 2324 tuo
626 2272 826 2339 judicio
871 2271 983 2325 fero
1021 2274 1362 2328 sententiam.
1403 2273 1535 2329 Nam
1582 2277 1625 2328 si
1676 2284 1729 2328 tu
1781 2285 1830 2329 te

241 2366 415 2433 ipsum
440 2362 637 2417 dixeris
668 2364 928 2427 inutilem,
952 2381 1050 2434 ego
1083 2374 1132 2419 te
1155 2366 1405 2421 ututilem
1429 2368 1717 2421 coronabo.
1742 2368 1830 2423 Sic

239 2465 295 2507 et
321 2455 454 2507 alias
476 2454 707 2522 loquitur
738 2472 751 2507 :
782 2454 877 2507 Dic
905 2465 959 2507 tu
979 2458 1116 2525 prior
1145 2467 1349 2525 peccata
1371 2468 1477 2520 tua,
1508 2468 1561 2511 ut
1579 2460 1831 2527 justiﬁce-

240 2546 311 2597 ris
338 2544 502 2613 (Isai.
536 2546 621 2599 45.
655 2544 780 2615 26).
820 2546 877 2599 ln
917 2547 1200 2599 mundanis
1230 2547 1490 2615 siquidem
1517 2563 1580 2602 ac
1609 2549 1834 2602 forensi-

243 2637 343 2691 bus
363 2636 578 2703 judiciis
600 2647 719 2705 post
738 2639 1134 2692 accusationem
1160 2648 1213 2692 et
1239 2640 1517 2692 criminum
1542 2637 1833 2693 confessio-

241 2744 365 2783 nem
405 2738 572 2782 restat
611 2744 760 2782 mors
800 2747 812 2783 :
857 2740 1111 2784 caeterum
1146 2730 1284 2798 apud
1325 2730 1561 2785 divinum
1603 2731 1830 2785 tribunal

242 2831 362 2891 post
390 2822 785 2875 accusationem
809 2830 861 2874 et
886 2822 1271 2877 confessionem
1302 2834 1637 2891 peccatorum
1678 2823 1834 2876 datur

240 2927 463 2966 corona.
502 2911 650 2965 Unde
678 2922 731 2965 ct
762 2913 1013 2965 Salomon
1043 2913 1171 2965 dicit
1205 2911 1304 2983 (a)
1334 2928 1345 2966 :
1378 2911 1455 2966 Ne
1472 2914 1834 2982 justiﬁcaveris

242 3005 458 3072 teipsum
478 3004 529 3057 in
551 3014 819 3073 conspectu
848 3004 1049 3057 Domini
1077 3006 1093 3072 (
1117 3004 1271 3058 Eccli.
1299 3006 1351 3059 7.
1375 3002 1466 3077 5
1492 3005 1685 3059 Verum
1706 3005 1831 3058 nihil

243 3094 439 3149 horum
468 3096 667 3148 audivit
693 3094 878 3160 Ozias,
909 3097 1001 3149 sed
1036 3096 1188 3149 irruit
1215 3098 1266 3149 in
1296 3098 1550 3165 templum
1574 3138 1585 3158 ,
1640 3106 1697 3149 ιιι
1739 3098 1829 3149 ad-

242 3186 449 3251 oleret,
487 3201 548 3239 ac
575 3202 641 3240 ne
668 3186 947 3241 sacerdote
973 3188 1183 3254 quidem
1215 3187 1530 3257 prohibente
1560 3188 1831 3242 abstinuit.

242 3275 384 3341 Quid
415 3276 578 3345 igitur
601 3276 784 3331 Deus?
811 3275 1032 3331 Immisit
1062 3278 1135 3330 illi
1166 3279 1365 3348 lepratn
1408 3279 1461 3333 in
1488 3278 1663 3335 fronte
1682 3320 1699 3345 ,
1730 3279 1831 3335 hoc

243 3367 407 3422 modo
437 3368 799 3438 impudentem
842 3368 1032 3424 faciem
1054 3371 1298 3439 puniens,
1333 3371 1636 3443 docensquc
1662 3374 1836 3440 illum,

244 3458 386 3529 quod
414 3459 517 3514 hoc
536 3471 676 3516 esset
711 3461 802 3514 Dei
825 3462 1086 3529 tribunal,
1114 3473 1167 3517 ct
1196 3465 1334 3533 quod
1368 3465 1441 3518 illi
1472 3466 1667 3521 bellum
1694 3477 1838 3523 esset

245 3566 354 3604 nou
385 3552 642 3606 adversus
673 3550 953 3618 homines,
992 3553 1084 3608 scd
1121 3554 1375 3609 adversus
1415 3557 1601 3610 Deum.
1648 3560 1725 3612 Ae
1769 3559 1837 3613 de

245 3642 374 3696 Ozia
398 3640 609 3709 quidem
634 3641 909 3698 hactenus.
933 3645 1172 3714 Agedum
1194 3646 1302 3716 jam
1343 3647 1409 3701 ab
1442 3648 1647 3719 integro
1669 3648 1837 3703 histo-

245 3734 381 3787 riam
410 3732 547 3788 hanc
576 3749 969 3803 percurramus.
1015 3736 1149 3790 Nam
1185 3737 1283 3793 hac
1321 3738 1390 3795 de
1428 3754 1587 3795 causa
1632 3750 1685 3793 et
1725 3741 1838 3809 ipse

248 3840 632 3895 praeoccupans
661 3828 979 3896 compendio
1000 3828 1151 3883 vobis
1180 3831 1399 3899 exposui
1431 3848 1549 3901 qua:
1575 3832 1717 3887 Oziae
1744 3848 1838 3888 ac-

247 3917 500 3972 ciderunt
530 3917 705 3972 omnia
740 3936 755 3971 :
786 3927 845 3973 ut
885 3933 1006 3973 cum
1046 3921 1317 3976 audieritis
1356 3921 1683 3992 Scripturam
1725 3923 1841 3979 lucc

248 4007 437 4061 eadem
468 4019 808 4072 narrantem,
838 4025 1018 4063 rerum
1044 4012 1236 4065 seriem
1265 4027 1473 4069 summo
1518 4031 1640 4069 cum
1676 4016 1840 4071 animi

250 4101 428 4157 studio
453 4103 852 4156 consectcmiui.
890 4102 995 4157 Sed
1032 4105 1311 4158 attendite.
1347 4106 1409 4161 Et
1450 4107 1596 4175 fecit,
1632 4110 1838 4175 inquit,

256 4192 410 4249 Ozias
437 4193 572 4264 quod
600 4204 786 4248 rectum
818 4206 889 4250 est
916 4196 966 4248 in
998 4206 1264 4265 conspectu
1304 4198 1506 4252 Domini
1534 4202 1551 4268 (
1568 4200 1621 4252 2.
1659 4200 1839 4255 l’aral.

252 4284 348 4338 26.
378 4285 470 4353 4).
496 4284 608 4339 Hoc
629 4285 932 4339 testimonio
964 4301 1207 4354 magnam
1226 4288 1365 4341 illius
1390 4293 1636 4344 virtutem
1666 4290 1843 4345 decla-

258 4375 418 4429 raxit.
448 4373 561 4427 Non
590 4374 734 4430 enim
759 4375 917 4430 modo
947 4375 1072 4430 fecit
1099 4378 1241 4447 quod
1268 4388 1469 4433 rectum
1497 4390 1636 4447 erat,
1659 4398 1843 4437 verum

257 4466 421 4519 etiam
451 4464 575 4519 fecit
604 4466 653 4519 in
681 4475 973 4535 conspectu
1005 4468 1211 4522 Domini
1233 4510 1247 4535 ,
1296 4485 1401 4523 non
1425 4471 1563 4540 apud
1598 4471 1845 4529 homines

260 4567 321 4610 se
350 4564 627 4610 ostentans
647 4596 662 4619 ,
708 4556 1155 4625 quemadmodum
1182 4561 1320 4628 apud
1348 4560 1562 4617 Judazos
1585 4562 1845 4618 faciebant

259 4644 361 4708 illi,
391 4646 482 4714 qui
505 4655 629 4699 ante
656 4646 1053 4717 eleemosynam
1086 4649 1208 4704 tuba
1239 4652 1519 4717 canebant,
1552 4664 1606 4707 et
1636 4657 1684 4707 in
1705 4656 1843 4724 jeju-

261 4735 367 4788 niis
397 4734 558 4789 facies
593 4750 716 4788 suas
744 4738 1170 4792 exterminabant
1195 4781 1209 4805 ,
1256 4743 1345 4810 qui
1391 4746 1743 4810 precabantur
1792 4747 1843 4799 in

261 4825 548 4895 compitis;
582 4826 771 4893 quibus
812 4826 971 4880 rebus
1016 4828 1141 4897 quid
1184 4839 1358 4897 potest
1395 4847 1516 4886 esse
1560 4834 1844 4902 miserius,

263 4915 354 4970 ubi
400 4922 523 4985 post
564 4916 818 4974 toleratos
862 4916 1108 4987 labores,
1164 4921 1306 4975 omni
1354 4924 1573 4992 praemio
1620 4924 1844 4981 frustra-

268 5010 503 5065 bantur?

333 5101 388 5155 Ξ.
412 5100 547 5168 Quid
572 5101 718 5167 facis,
751 5102 942 5158 homo?
968 5104 1056 5159 alii
1089 5106 1389 5163 redditurus
1411 5123 1471 5164 es
1491 5114 1747 5167 rationem
1774 5113 1851 5167 fa—

263 5203 473 5247 ctorum
523 5203 765 5259 tuorum,
796 5204 849 5247 et
878 5197 1042 5250 alium
1076 5208 1263 5253 testem
1317 5202 1453 5257 citas
1493 5221 1679 5259 eorum
1731 5225 1851 5275 qua:

264 5285 436 5339 facis?
458 5285 615 5337 alium
645 5284 808 5339 habes
833 5286 1089 5353 judicem,
1120 5299 1175 5343 et
1202 5292 1364 5345 alium
1393 5294 1614 5347 adhibes
1637 5308 1850 5363 specta-

266 5376 479 5429 torem?
516 5373 631 5429 Non
670 5375 815 5429 vides
845 5378 1057 5446 aurigas
1104 5382 1195 5449 qui
1239 5382 1486 5438 universa
1534 5386 1747 5441 civitate
1798 5389 1849 5441 in

266 5467 479 5520 sublimi
531 5467 754 5524 sedente
784 5468 833 5521 in
886 5471 1224 5537 equestribus
1266 5473 1443 5541 ludis,
1486 5486 1651 5529 totum
1697 5479 1851 5532 stadii

266 5558 499 5628 spatium
529 5569 904 5628 percurrentes
925 5599 939 5624 ,
975 5561 1046 5614 ibi
1077 5564 1403 5619 contendunt
1426 5577 1852 5624 concertatorum

337 5695 407 5755 (a)
436 5694 551 5767 Non
565 5709 674 5744 raro
697 5698 1129 5767 Sit-acidislibrum
1170 5703 1444 5753 Salomonis
1482 5705 1601 5755 dicit
1635 5706 1835 5767 Chryso-

272 5762 478 5812 stomus,
504 5762 561 5805 ut
582 5761 773 5807 monuit
798 5761 1027 5809 Savilius.

1244 334 1309 388 IN
1348 332 1571 396 ILLUD,
1617 328 1749 385 VlDi
1790 331 2122 398 DOMINUM,
2163 334 2393 391 HOMIL.
2434 336 2521 393 Ill.

3413 361 3522 418 114

1942 461 2133 502 currus
2179 450 2509 515 subvertere,
2541 452 2626 505 uhi
2660 451 3037 521 Imperatorem
3074 455 3305 509 viderint
3332 454 3527 511 seden-

1902 592 1905 593 ν
1944 547 2051 593 tem
2077 578 2099 602 ,
2128 548 2181 593 et
2210 541 2348 594 inter
2393 550 2471 595 tot
2515 543 2865 612 spectantium
2906 544 3081 598 vultus
3129 560 3290 599 unum
3321 545 3533 599 oculum

1942 642 2129 702 putant
2155 634 2259 688 fide
2278 634 2598 704 digniorem?
2619 636 2690 689 At
2715 644 2770 690 tu
2793 651 2914 691 cum
2942 635 3124 692 videas
3171 637 3344 707 ipsum
3374 651 3530 706 anger

1939 722 2111 777 lorum
2142 724 2339 794 Regem
2367 735 2455 779 tuo
2479 725 2655 780 cursui
2682 726 3060 796 agonothetam
3080 767 3096 791 ,
3126 732 3227 781 hoc
3247 736 3331 781 est
3352 736 3533 781 certa-

1940 816 2100 870 minis
2120 815 2387 885 judicem,
2420 816 2705 885 pnesidere
2732 855 2750 881 ,
2781 831 2847 871 eo
2874 819 3241 888 praetermisso
3294 814 3360 868 ad
3394 830 3528 871 eon-

1939 920 2215 960 servorum
2266 905 2402 976 fugis
2430 906 2653 960 oculos?
2680 907 2854 975 Atque
2894 906 3016 961 ideo
3056 920 3187 960 sane
3226 915 3349 975 post
3372 905 3533 960 innn—

1938 1010 2114 1050 meras
2154 995 2323 1050 luctas
2370 996 2713 1050 incoronatus
2742 994 2977 1060 recedis,
3003 1004 3125 1064 post
3150 996 3375 1050 sudores
3405 995 3524 1064 plu-

1936 1087 2103 1141 rimas
2131 1087 2331 1156 absque
2360 1086 2593 1156 praemiis
2614 1086 2763 1141 venis
2786 1086 2854 1141 ad
2882 1086 3264 1157 agonothetam
3281 1087 3305 1140 ἲ
3324 1086 3395 1141 At
3420 1102 3528 1140 non

1939 1178 2061 1231 talis
2101 1187 2217 1230 erat
2266 1177 2456 1240 Ozias,
2498 1176 2592 1231 sed
2638 1175 2692 1231 in
2720 1187 3007 1247 conspectu
3039 1177 3248 1231 Domini
3300 1175 3533 1233 faciebat

1936 1267 2078 1338 quod
2112 1277 2315 1321 rectum
2343 1279 2445 1322 est.

2010 1357 2286 1428 Fragilitas
2337 1358 2576 1411 hominis.
2635 1356 2947 1411 Funambuli
3000 1366 3226 1430 tempore
3295 1358 3525 1431 Chryso-

1934 1448 2104 1503 stomi.
2132 1448 2324 1513 —Qui
2356 1446 2554 1502 factum
2595 1458 2677 1502 est
2725 1448 2902 1519 igitur,
2937 1456 2996 1502 ut
3050 1457 3172 1518 post
3210 1449 3377 1505 vitam
3420 1458 3529 1506 tam

1935 1540 2228 1609 perfectam
2280 1540 2649 1609 supplantatus
2691 1540 2761 1593 sit
2805 1537 3399 1610 concideritque'lNam
3426 1540 3530 1595 hoc

1934 1643 1988 1687 et
2032 1633 2143 1702 ipse
2173 1631 2437 1687 demiraus
2469 1632 2684 1697 haesito,
2715 1632 2840 1701 quin
2887 1634 3065 1702 potius
3108 1631 3241 1687 nihil
3293 1632 3526 1690 bicesse

1934 1726 2094 1781 debet
2121 1726 2451 1779 haesitatione
2468 1724 2706 1793 dignum,
2734 1723 3169 1794 quandoquidem
3194 1722 3358 1780 homo
3384 1733 3524 1791 erat,

1937 1832 2023 1870 res
2048 1816 2112 1871 ad
2139 1817 2464 1886 peccandum
2511 1816 2746 1881 lubrica,
2770 1827 2824 1871 et
2857 1815 2925 1869 ad
2953 1816 3207 1869 malitiam
3235 1830 3523 1886 propensa.

1934 1909 2121 1980 Neque
2149 1910 2200 1963 id
2222 1910 2396 1963 sobun
2426 1918 2509 1963 est
2531 1907 2750 1963 difficile
2769 1951 2783 1969 ,
2806 1923 2993 1962 verum
3019 1908 3180 1961 etiam
3208 1907 3337 1962 illud
3382 1908 3525 1979 quod

1935 2002 2334 2070 incederejussi
2364 2015 2547 2055 sumus
2571 2016 2666 2069 per
2682 2000 2821 2053 viam
2850 2011 3152 2069 angusmm,
3186 2007 3242 2053 et
3268 1998 3521 2068 utrinque

1933 2092 2244 2161 praecipitiis
2269 2091 2624 2146 terminatam.
2658 2088 2893 2143 Proinde
2918 2088 3131 2159 quoties
3153 2097 3209 2144 et
3238 2088 3528 2145 voluntatis

1934 2183 2159 2238 facilitas
2188 2193 2242 2237 et
2278 2182 2374 2237 viae
2418 2181 2704 2238 difficultas
2751 2183 2802 2234 iu
2829 2197 2991 2235 unum
3015 2188 3246 2247 coeunt,
3278 2196 3347 2236 ne
3372 2190 3521 2250 post-

1934 2292 1996 2333 ea
2039 2281 2236 2333 mirare
2278 2276 2344 2330 de
2390 2276 2561 2346 lapsu.
2622 2275 3085 2343 Quemadmodum
3123 2277 3267 2329 enim
3308 2275 3363 2329 in
3405 2290 3526 2344 spe-

1935 2370 2157 2424 ctaculis
2202 2369 2292 2436 qui
2344 2384 2437 2437 per
2480 2368 2660 2421 funem
2716 2366 2786 2419 ab
2834 2369 2941 2421 imo
2993 2368 3044 2420 in
3084 2366 3258 2420 altum
3314 2374 3522 2419 tensum

1934 2460 2225 2514 ascendere
2250 2475 2312 2512 ac
2332 2459 2660 2513 descendere
2675 2458 3018 2521 meditantur,
3049 2459 3093 2511 si
3126 2456 3399 2526 paululum
3426 2458 3520 2511 de-

1934 2549 2177 2604 ﬂexeriut
2204 2550 2387 2603 oculos
2411 2589 2428 2614 ,
2456 2550 2668 2603 inverso
2710 2563 2937 2618 coi'pore
2976 2548 3287 2603 deferuntur
3337 2547 3391 2602 in
3429 2563 3525 2602 or-

1936 2644 2229 2705 chestram,
2260 2652 2585 2712 pereuntque
2618 2661 2633 2697 :
2662 2642 2845 2697 itidem
2876 2644 2966 2712 qui
2995 2658 3090 2711 per
3112 2642 3252 2697 hanc
3275 2641 3530 2697 incedunt

1936 2736 2077 2790 viam
2104 2776 2121 2800 ,
2152 2735 2196 2788 si
2227 2736 2315 2790 vel
2352 2736 2621 2805 paululum
2668 2736 2902 2804 segniter
2926 2735 3154 2804 egerint,
3186 2734 3528 2805 prmeipitan-

1940 2835 2045 2881 tur.
2080 2827 2143 2880 Et
2184 2835 2359 2880 tamen
2384 2826 2497 2880 haec
2526 2827 2609 2879 via
2641 2833 2751 2879 tum
2780 2824 3054 2894 angustior
3081 2834 3183 2889 est,
3216 2834 3327 2879 tum
3357 2825 3527 2895 magis

1938 2916 2104 2970 ardua
2127 2958 2141 2979 ,
2173 2917 2445 2985 multoque
2473 2915 2758 2978 excelsior,
2782 2930 2939 2984 quam
2984 2915 3073 2968 illa
3103 2930 3199 2983 per
3228 2915 3406 2969 funem
3425 2954 3441 2979 ,
3474 2924 3531 2967 ut

1939 3023 2057 3077 qum
2078 3023 2290 3060 sursum
2319 3007 2384 3061 ad
2418 3008 2586 3075 ipsum
2612 3021 2780 3074 usque
2804 3006 2992 3059 caelum
3023 3015 3273 3073 protensa
3300 3013 3384 3059 est
3415 3022 3429 3056 :
3462 3020 3527 3059 ac

1941 3109 2050 3153 tum
2101 3101 2253 3152 nobis
2299 3103 2500 3166 majore
2529 3112 2651 3151 cum
2684 3097 2921 3164 periculo
2964 3106 3237 3165 ponuntur
3261 3096 3483 3166 vestigia
3509 3135 3526 3162 ,

1938 3206 2062 3246 cum
2090 3191 2155 3243 ad
2179 3205 2445 3244 summum
2475 3198 2529 3243 et
2556 3189 2621 3243 ad
2656 3190 2825 3259 ipsum
2858 3204 3026 3259 usque
3053 3189 3321 3259 fastigium
3349 3204 3534 3245 acces-

1939 3283 2171 3337 serimus
2203 3299 2216 3333 :
2249 3297 2373 3335 nam
2399 3281 2455 3335 in
2481 3280 2694 3334 sublimi
2718 3289 2923 3334 stantes
2952 3280 3149 3335 multus
3169 3290 3397 3350 occupat
3425 3288 3533 3336 tre-

1940 3388 2085 3438 mor,
2108 3380 2271 3441 atque
2292 3386 2395 3425 una
2426 3379 2628 3425 tantum
2649 3371 2896 3425 cautione
2923 3371 3019 3425 tuti
3045 3379 3167 3425 sunt
3196 3384 3224 3423 a
3252 3370 3400 3439 lapsu
3420 3410 3437 3436 ,
3465 3386 3533 3425 ne

1941 3464 2191 3519 deorsum
2224 3464 2515 3533 aspiciant,
2545 3478 2680 3519 neve
2710 3464 2761 3517 in
2786 3473 2981 3517 terram
3018 3463 3301 3518 demittant
3323 3463 3529 3519 oculos.

1941 3556 2074 3611 Nam
2105 3556 2227 3611 inde
2270 3555 2431 3609 multa
2473 3566 2524 3609 et
2571 3556 2748 3624 gravis
2772 3556 3011 3609 exoritur
3051 3553 3386 3608 tenebricosa
3414 3569 3535 3608 ver-

1944 3647 2071 3714 tigo.
2106 3645 2252 3699 llauc
2272 3644 2491 3713 quidem
2512 3645 2581 3698 ob
2611 3659 2825 3698 causam
2857 3643 3117 3713 propheta
3144 3643 3297 3699 nobis
3321 3644 3535 3700 assidue

1944 3735 2233 3802 inclamat,
2261 3734 2486 3789 dicens:
2519 3733 2583 3787 In
2612 3736 2767 3803 ﬁnem
2806 3751 2868 3788 ne
2898 3751 3196 3803 corrumpas
3228 3727 3404 3804 (Paul.
3436 3735 3529 3790 56.

1946 3826 2005 3897 ι)
2034 3846 2048 3881 ;
2078 3827 2269 3881 anima:
2291 3836 2487 3881 nostra:
2512 3826 2814 3881 socordiam
2842 3826 3145 3891 retrahens,
3170 3826 3392 3895 jamque
3418 3827 3531 3881 eol-

1946 3920 2215 3989 lapsuram
2258 3918 2567 3973 suﬂ‘ulciens
2596 3932 2659 3971 ac
2691 3919 2948 3972 retinens.
2983 3916 3137 3970 Initio
3162 3916 3379 3985 quidem
3426 3932 3533 3970 non

1945 4026 2167 4083 egemus
2218 4013 2383 4066 multa
2424 4011 2817 4066 exhortatione.
2868 4007 3012 4076 Quid
3048 4008 3121 4063 ita
3167 4008 3416 4063 tandem?
3457 4008 3538 4062 Eo

1945 4101 2089 4171 quod
2133 4100 2358 4171 quilibet
2381 4100 2561 4164 homo,
2584 4099 2794 4153 etiamsi
2837 4098 2995 4154 fuerit
3034 4098 3275 4153 omnium
3309 4099 3535 4168 pigerri-

1947 4207 2086 4255 mus,
2114 4203 2460 4261 aggressurus
2504 4189 2774 4259 negotium
2800 4230 2815 4253 ,
2848 4189 3131 4259 plurimam
3178 4190 3228 4242 iu
3275 4189 3539 4259 principio

1948 4282 2167 4336 adhibet
2214 4281 2544 4350 diligentiam
2572 4321 2587 4347 ,
2617 4279 2852 4351 dumque
2881 4288 2936 4334 et
2976 4280 3141 4333 animi
3170 4281 3309 4348 viget
3338 4279 3537 4333 alaeri-

1950 4382 2065 4439 tas,
2089 4382 2142 4429 et
2169 4373 2311 4429 vires
2361 4373 2576 4444 integra:
2603 4381 2728 4428 sunt
2772 4387 2835 4426 ac
2860 4381 3129 4430 recentes.
3162 4371 3315 4425 facile
3359 4368 3428 4424 ad
3482 4369 3536 4425 id

1950 4466 2092 4535 quod
2139 4466 2466 4535 propositum
2494 4474 2575 4519 est
2618 4462 2872 4532 pertingit
2900 4482 2915 4517 :
2945 4474 3198 4518 cancrum
3232 4464 3323 4518 ubi
3364 4464 3537 4533 major

1951 4560 2051 4612 viae
2075 4574 2193 4626 pars
2222 4557 2375 4611 nobis
2414 4566 2623 4626 peracta
2651 4564 2734 4610 est
2757 4596 2773 4619 ,
2813 4556 3031 4625 jamque
3072 4555 3363 4610 alacritatis
3384 4557 3537 4627 vigor

1955 4649 2227 4711 emarcuit,
2257 4650 2502 4716 viresque
2530 4654 2731 4701 nostra:
2752 4645 3099 4713 defecerunt,
3130 4662 3232 4701 nec
3276 4647 3419 4701 aliud
3444 4662 3539 4700 su-

1951 4749 2130 4805 perest
2168 4752 2326 4805 quam
2380 4745 2438 4791 ut
2489 4736 2837 4791 decidamus:
2870 4746 2995 4791 tunc
3038 4737 3193 4791 nobis
3242 4746 3543 4806 opportune

1951 4827 2102 4879 adest
2125 4827 2404 4895 propheta,
2435 4827 2597 4881 veluti
2629 4842 2723 4896 pro
2755 4827 2946 4882 baculo
2970 4828 3220 4898 quopiam
3248 4827 3538 4895 alloquium

1953 4932 2108 4970 suum
2166 4917 2319 4972 nobis
2360 4919 2639 4989 porrigens
2665 4933 2728 4973 ac
2770 4919 2987 4984 dicens,
3021 4917 3089 4971 In
3126 4918 3278 4985 ﬁnem
3319 4932 3381 4970 ne
3420 4934 3540 4970 cor-

1953 5025 2182 5077 rumpas.

2028 5099 2183 5153 Bonis
2211 5100 2444 5170 operibus
2476 5102 2744 5155 instructos
2770 5099 2931 5169 magis
2964 5098 3260 5169 aggreditur
3282 5098 3541 5155 diabolus.

1957 5192 2189 5245 —'l‘unc
2217 5192 2359 5245 enim
2386 5192 2624 5246 diabolus
2643 5190 2809 5258 spirat
2836 5188 3209 5245 vehementius
3236 5209 3249 5245 :
3278 5200 3333 5245 et
3353 5207 3541 5261 quem-

1958 5284 2240 5338 admodum
2271 5285 2453 5351 pirat:e
2476 5285 2566 5350 qui
2597 5280 2734 5336 male
2755 5282 2979 5352 navigiis
3009 5282 3282 5347 infestant,
3303 5300 3408 5339 non
3437 5296 3545 5339 tum

1959 5376 2046 5430 ubi
2068 5376 2440 5443 conspexerint
2468 5388 2631 5428 naves
2676 5390 2706 5429 e
2750 5386 2903 5445 portu
2934 5388 3189 5432 exeuntes
3211 5419 3227 5443 ,
3270 5378 3546 5445 invadunt,

1961 5466 2109 5535 (quid
2132 5466 2272 5518 enim
2318 5465 2441 5519 hinc
2467 5464 2670 5520 fructus
2697 5480 2951 5536 caperent
2977 5469 3023 5523 si
3053 5469 3304 5537 scapham
3334 5469 3546 5523 inanem

1959 5556 2391 5627 demergerent?)
2426 5559 2519 5613 sed
2566 5560 2653 5615 ubi
2685 5560 2902 5616 redierit
2930 5572 3117 5618 onusta
3146 5563 3407 5632 plenaque
3436 5578 3548 5617 sar»

1958 5647 2093 5700 cinis
2119 5687 2132 5709 ,
2162 5658 2272 5701 tum
2314 5648 2516 5704 iemum
2560 5666 2748 5707 omnes
2789 5653 3078 5721 expediunt
3120 5662 3299 5705 artes:
3327 5654 3398 5707 ita
3430 5670 3548 5709 sce-

1962 5736 2158 5791 leratus
2198 5737 2285 5794 ille
2342 5739 2537 5796 ltemon
2579 5742 2737 5797 simu:
2787 5754 2942 5812 atque
2972 5741 3115 5796 videt
3144 5742 3351 5812 aliquos
3375 5744 3544 5801 multa
