4048 6478
509 442 622 501 115

499 547 780 620 eollegisse
802 590 816 614 ,
852 547 1096 604 videlicet
1122 548 1319 619 jojunia
1339 589 1355 615 ,
1384 561 1573 618 preces
1603 585 1617 611 ,
1645 544 2034 610 cleemosynam
2061 577 2075 600 ν

497 640 816 703 castitatem,
844 641 1178 712 reliquasque
1208 641 1430 695 virtutes
1457 653 1674 703 omnes,
1704 635 1790 691 ubi
1820 633 1963 687 videt
1988 646 2081 684 na-

500 730 701 800 vigium
748 742 989 786 n08trum
1023 731 1234 800 plenum
1268 729 1515 800 pretiosis
1545 727 1754 799 pietatis
1797 721 2080 793 lapidibus,

501 829 632 874 tunc
676 818 921 889 irrumpit
945 862 960 886 ,
988 820 1220 889 undique
1251 820 1558 875 thesaurum
1587 815 1918 888 perfodieus,
1948 823 2006 866 ut
2033 813 2082 864 in

502 909 631 977 ipsis
668 923 854 980 portus
881 911 1032 965 ostiis
1054 911 1304 980 scapham
1327 911 1632 978 demergat,
1665 907 1883 977 jamque
1912 902 2084 959 nudos

501 1013 602 1055 nos
630 1001 696 1056 ad
743 1016 865 1055 eum
897 1013 1103 1069 portum
1132 1002 1308 1071 ejiciat
1341 1019 1353 1054 :
1382 1000 1609 1069 ideoque
1655 995 1912 1068 propheta
1950 1009 2083 1048 cun—

504 1100 623 1145 ctos
674 1090 925 1146 admonet
965 1091 1148 1146 dicehs
1181 1109 1194 1145 :
1227 1090 1291 1144 In
1334 1092 1488 1161 ﬁnem
1524 1105 1588 1144 ne
1631 1101 1944 1155 corrumpas.
1992 1083 2087 1138 Et-

503 1184 650 1239 enim
666 1184 734 1238 ab
761 1184 1015 1254 ejusmodi
1043 1185 1192 1239 ruina
1215 1200 1318 1238 non
1346 1183 1498 1239 facile
1523 1190 1604 1238 est
1627 1193 1924 1251 resurgere.
1955 1177 2087 1233 Nam

505 1273 610 1339 Qui
634 1275 686 1328 in
726 1275 1038 1346 profundum
1070 1275 1318 1328 malorum
1360 1274 1580 1338 venerit,
1611 1272 1878 1326 contemnit
1906 1269 2086 1340 (Prov.

509 1366 599 1421 18.
649 1367 726 1427 5).
781 1366 834 1420 lu
878 1366 1137 1436 principio
1183 1367 1398 1436 quidem
1448 1364 1609 1434 lapsis
1655 1363 1861 1418 veniam
1899 1361 2090 1415 damus

505 1470 695 1511 omnes
725 1457 794 1512 ob
821 1457 1170 1526 imperitiam;
1201 1457 1293 1510 sed
1328 1472 1446 1512 eum
1483 1456 1572 1526 qui
1603 1462 1724 1525 post
1750 1453 1947 1508 multos
1971 1466 2090 1507 cur-

513 1563 604 1603 sus
633 1548 949 1614 conciderit,
980 1565 1138 1604 nemo
1168 1548 1320 1603 venia
1365 1547 1579 1617 dignum
1599 1543 1953 1616 judicaverit;
1980 1551 2091 1596 tum

505 1639 652 1693 enim
680 1638 875 1694 cadere
893 1680 907 1704 ,
940 1638 1271 1709 negligentiae
1302 1637 1572 1692 tribuitur.
1593 1635 1703 1690 Nec
1730 1635 1780 1688 id
1806 1634 1977 1688 solum
2005 1630 2094 1685 hic

506 1737 595 1784 est
618 1727 764 1792 mali,
799 1742 982 1782 verum
1005 1727 1163 1782 etiam
1190 1726 1332 1798 quod
1376 1725 1677 1797 hujusmodi
1709 1725 1885 1793 lapsus
1913 1722 2094 1776 multis

506 1818 614 1872 sint
637 1817 981 1887 otl‘endieulo,
1001 1828 1061 1875 ut
1084 1833 1269 1874 rursus
1293 1819 1395 1875 hoc
1423 1834 1634 1889 quoque
1660 1817 1874 1871 nomine
1902 1829 2092 1887 pecca-

509 1919 624 1965 tum
672 1910 925 1966 reddatur
951 1911 1338 1967 irremissibile.
1375 1911 1499 1964 llaec
1536 1924 1659 1964 cum
1684 1909 1948 1968 sciamus,
1997 1922 2094 1959 au-

508 2001 802 2055 scultemus
851 2001 1124 2071 prophetae
1149 2042 1162 2064 ,
1192 2011 1246 2057 et
1272 2001 1324 2054 in
1357 1999 1516 2055 linem
1557 2015 1626 2054 ne
1668 2011 2093 2067 corrumpamus.

511 2092 644 2150 Nam
673 2093 772 2149 hac
795 2095 862 2149 de
881 2109 1041 2150 causa
1072 2104 1125 2150 et
1152 2095 1396 2149 Ezechiel
1418 2094 1614 2148 clamat
1633 2093 1817 2147 dicens
1851 2109 1864 2146 :
1899 2087 1961 2146 Si
1987 2091 2098 2161 quis

513 2184 663 2251 [item
683 2185 872 2256 justus,
901 2185 1084 2240 deinde
1107 2186 1278 2255 lapsus
1308 2184 1618 2255 peccaverit,
1648 2182 1793 2236 nulla
1822 2182 1914 2236 erit
1933 2196 2101 2234 recor-

513 2275 655 2328 datio
695 2276 1014 2344 justitiarum
1056 2276 1201 2339 eius,
1254 2276 1342 2329 sed
1385 2276 1436 2328 in
1481 2284 1680 2341 peccato
1730 2289 1822 2326 suo
1860 2273 2102 2324 morietur

520 2362 729 2432 (Ezech.
781 2367 834 2420 5.
882 2365 995 2437 ΞΟ).
1029 2366 1158 2419 Nam
1202 2377 1253 2420 ct
1293 2365 1380 2418 hic
1425 2365 1614 2418 metuit
1642 2363 1708 2418 de
1747 2362 1874 2416 line.
1918 2361 2100 2428 Neque

523 2455 645 2510 hinc
678 2454 872 2520 modo,
905 2471 1092 2510 verum
1149 2455 1308 2509 etiam
1355 2468 1420 2507 ex
1449 2452 1731 2508 contrariis
1774 2451 2008 2505 declarat
2047 2449 2098 2502 in

521 2544 620 2597 hac
657 2560 718 2600 re
743 2543 1034 2613 plurimum
1061 2558 1180 2598 esse
1209 2543 1483 2597 momenti.
1514 2542 1576 2596 Si
1593 2545 1703 2610 quis
1722 2585 1736 2607 ,
1763 2540 1924 2609 inquit
1950 2581 1962 2604 ,
1993 2543 2102 2608 fite.

519 2634 585 2686 rit
627 2643 875 2702 peccator,
908 2650 968 2686 ac
1009 2645 1182 2704 postea
1225 2641 1445 2686 mutatus
1499 2633 1662 2701 factus
1706 2633 1854 2701 fuerit
1886 2632 2056 2700 justus
2084 2671 2098 2696 ,

519 2724 662 2777 nulla
691 2726 782 2778 erit
803 2728 1042 2778 memoria
1073 2726 1436 2794 injustitiarum
1455 2724 1891 2792 illius:injnstitiu
1916 2739 2006 2775 sua
2025 2723 2101 2774 vi-

519 2828 594 2870 vet
617 2815 826 2886 (Ezech.
849 2817 935 2871 18.
952 2816 1232 2885 21).Vides
1249 2825 1302 2870 et
1323 2815 1407 2868 hic
1423 2813 1734 2883 prophetam
1751 2815 1816 2868 de
1831 2817 1932 2868 line
1947 2815 2105 2868 vehe-

523 2917 730 2964 menter
772 2909 1078 2963 sollicitum.
1108 2907 1380 2976 Siquidem
1424 2917 1481 2959 ut
1526 2921 1698 2974 neque
1731 2906 1949 2974 justitiae
1993 2918 2103 2957 suae

521 2998 797 3052 conlidens
821 2997 1025 3066 justus,
1049 2997 1114 3050 ad
1154 2997 1452 3052 socordiam
1483 3009 1664 3050 versus
1695 3005 1891 3063 pereat,
1920 3009 2014 3062 per
2040 2994 2102 3046 li-

523 3107 644 3145 nem
671 3091 860 3146 incutit
888 3090 960 3144 illi
991 3099 1250 3144 terrorem
1283 3107 1296 3140 :
1333 3102 1505 3159 neque
1533 3097 1782 3158 peccator
1816 3087 1884 3140 ob
1913 3086 2104 3140 delicta

521 3181 863 3252 despondens
905 3180 1136 3235 animum
1163 3221 1177 3243 ,
1228 3180 1423 3249 jugiter
1467 3186 1768 3248 perseveret
1818 3178 1868 3230 in
1915 3177 2062 3247 lapsu
2088 3218 2102 3242 ,

522 3267 680 3342 erigit
708 3272 858 3326 illum
901 3287 997 3341 per
1028 3269 1354 3340 propositum
1387 3271 1565 3323 tinem.
1599 3269 1866 3330 Peccasti,
1899 3266 2100 3336 inquit,

523 3363 710 3428 multa,
741 3377 806 3416 ne
831 3362 1083 3430 desperes
1107 3380 1121 3415 :
1145 3371 1227 3415 est
1254 3364 1395 3416 enim
1425 3361 1565 3415 unde
1593 3376 1854 3429 resurgas,
1877 3361 1920 3414 si
1949 3361 2106 3413 linem

525 3453 676 3506 initio
725 3452 1052 3507 contrarium
1107 3450 1435 3504 exhibueris.
1484 3451 1689 3504 Rursus
1736 3449 1801 3502 ad
1852 3450 2052 3517 justum
2087 3489 2102 3513 ,

526 3545 710 3607 Multa,
743 3543 952 3612 inquit,
985 3550 1130 3597 recte
1161 3541 1328 3595 fecisti
1355 3581 1369 3603 ,
1401 3555 1583 3595 verum
1612 3555 1677 3594 ne
1705 3539 1834 3592 fidas
1861 3558 1872 3592 :
1900 3541 2106 3592 contin-

525 3637 776 3704 getenim
808 3643 865 3688 ut
889 3635 1078 3697 cadas,
1109 3634 1213 3687 nisi
1243 3635 1308 3687 ad
1348 3635 1504 3687 finem
1538 3648 1702 3701 usque
1733 3633 1976 3687 eamdem
2015 3631 2109 3686 ad.

531 3728 716 3781 hibeas
740 3741 944 3780 curam.
979 3725 1137 3779 Vides
1181 3733 1236 3778 ut
1276 3725 1496 3779 alterius
1525 3725 1736 3794 quidem
1765 3725 2063 3779 socordiam
2090 3765 2105 3791 ,

529 3815 747 3869 alterius
777 3829 904 3868 vero
933 3815 1361 3882 desperationem
1386 3816 1680 3869 sustulerit.

602 3907 655 3960 3.
696 3905 837 3959 Nihil
879 3907 1068 3959 horum
1111 3905 1312 3958 audivit
1353 3905 1524 3966 Ozias,
1557 3905 1779 3974 ideoque
1822 3921 1915 3972 per
1943 3899 2111 3958 conﬁ-

533 3997 769 4050 dentiam
797 3995 996 4049 decidit
1025 3998 1174 4048 rnina
1203 3997 1496 4064 periculosa
1525 4004 1574 4048 et
1599 3995 1894 4049 insanabili.
1925 3994 2108 4064 Neque

527 4088 676 4140 enim
702 4088 874 4157 quivis
901 4087 1080 4156 lapsus
1103 4101 1281 4155 parem
1309 4087 1478 4140 adfert
1505 4087 1728 4150 ruinam,
1749 4086 1840 4140 sed
1868 4087 2108 4154 qumdam

532 4187 750 4248 peccata
798 4177 1170 4245 improbationi
1205 4187 1405 4231 tantum
1436 4179 1661 4231 obnoxia
1691 4187 1832 4243 sunt,
1865 4178 2108 4247 quaedam

527 4268 844 4338 gravissimo
864 4267 1124 4337 supplicio
1148 4269 1452 4335 puniuntur.
1477 4267 1702 4322 Proinde
1725 4269 1917 4322 Paulus
1944 4269 2113 4323 incre-

530 4373 663 4430 pans
692 4373 786 4414 eos
813 4358 902 4427 qui
930 4361 980 4411 in
1009 4358 1380 4411 communibus
1409 4357 1576 4411 caenis
1606 4373 1709 4410 non
1737 4359 2113 4425 exspectabant

528 4438 742 4514 lratres,
764 4450 833 4503 ita
862 4450 1120 4519 loquitur:
1153 4450 1263 4503 Hoc
1278 4451 1580 4504 denuntians
1595 4467 1693 4502 non
1714 4450 1866 4502 laudo
1887 4451 1963 4518 (l.
1990 4450 2105 4503 Cur.

532 4543 619 4594 11.
654 4541 767 4608 17).
797 4538 958 4594 Vides
1013 4549 1286 4609 peccatum
1331 4541 1467 4594 intra
1509 4540 1977 4609 reprehensionem
2029 4540 2106 4610 (a)

529 4630 846 4694 consistere,
876 4639 929 4685 et
959 4631 1324 4701 objurgatione
1355 4629 1530 4700 plecti.
1557 4632 1625 4685 At
1650 4632 1735 4685 ubi
1766 4632 1831 4686 de
1877 4631 2106 4686 fornica-

531 4721 675 4773 tione
702 4719 951 4787 loquitur,
984 4734 1087 4773 non
1121 4721 1299 4775 itidem
1340 4720 1486 4776 facit.
1535 4723 1637 4777 Sed
1680 4738 1783 4791 quo
1825 4722 2008 4790 pacto?
2051 4723 2112 4778 Si

529 4812 640 4878 quis
672 4811 911 4878 templum
937 4809 1034 4863 Dei
1063 4813 1232 4876 violat,
1265 4814 1433 4881 perdet
1458 4814 1590 4866 hunc
1626 4813 1762 4868 Deus
1792 4816 1864 4883 (l.
1893 4813 2011 4868 Cor.
2053 4817 2106 4869 5.

535 4903 644 4968 t7).
677 4901 788 4955 lloc
816 4915 920 4955 non
946 4908 1029 4955 est
1055 4902 1304 4970 probrum
1332 4913 1422 4956 aut
1451 4904 1812 4972 reprehensio,
1836 4906 1927 4960 sed
1956 4921 2112 4975 poena

530 4992 864 5060 gravissima.
889 4988 1040 5045 Novit
1067 5003 1118 5045 et
1149 4991 1397 5046 Salomon
1425 5003 1760 5060 peccatorum
1779 4996 2107 5062 discrimina,

533 5084 621 5151 qui
657 5083 848 5136 furtum
877 5097 995 5136 cum
1025 5082 1282 5136 adulterio
1308 5083 1586 5136 conferens
1614 5083 1690 5136 sic
1717 5084 1906 5138 alicubi
1941 5086 2109 5155 loqui-

533 5183 651 5228 tur:
681 5173 804 5228 Non
825 5183 897 5228 est
922 5175 1104 5227 mirum
1131 5175 1174 5227 si
1198 5175 1305 5243 quis
1325 5173 1726 5241 deprehendatur
1753 5174 1802 5225 in
1831 5179 1966 5243 furto
1991 5191 2007 5228 :
2029 5181 2113 5245 {tt-

531 5277 678 5318 ratur
707 5267 855 5330 enim,
888 5275 943 5318 ut
968 5267 1188 5318 animam
1209 5267 1404 5334 expleat
1430 5267 1757 5318 esurientem:
1778 5266 1864 5317 sed
1907 5265 2112 5317 adulter

535 5357 596 5408 ob
644 5357 870 5422 inopiam
896 5373 1070 5410 sensus
1097 5359 1302 5410 exitium
1329 5359 1511 5410 anima:
1535 5373 1640 5410 sua:
1665 5357 1894 5409 conciliat
1928 5355 2108 5410 (Prov.

530 5451 583 5505 6.
617 5450 832 5515 5042).
880 5450 945 5503 Et
972 5449 1074 5502 hoc
1097 5459 1150 5503 et
1175 5451 1325 5515 illud,
1356 5451 1543 5519 inquit,
1577 5458 1847 5519 peccatum
1879 5460 1981 5514 est,
2014 5446 2108 5503 sed

596 5584 669 5646 (a)
706 5585 760 5632 In
785 5591 963 5640 Graeco,
990 5597 1088 5644 μέχρι
1109 5598 1355 5643 saturabat»;
1400 5584 1766 5631 observavimus
1791 5584 1836 5630 in
1864 5583 2105 5646 Athanasii

526 5645 834 5695 On-nnastico
856 5659 1073 5705 κατάγνωσιν
1099 5658 1189 5692 non
1215 5646 1567 5692 damnationem
1591 5659 1785 5705 prorsus
1807 5645 2076 5705 signiﬁcare
2093 5683 2105 5699 ,

535 5705 624 5753 sed
651 5715 892 5766 quatenus
924 5715 1104 5755 tantum
1143 5707 1371 5753 damnare
1393 5739 1406 5762 ,
1449 5705 1685 5767 signiﬁcat
1721 5708 1993 5767 improbare
2030 5707 2107 5754 vel

529 5767 901 5826 reprehendere
946 5781 957 5814 :
990 5768 1311 5828 quamobrem
1353 5781 1566 5828 xatti‘puzzv
1604 5769 1678 5816 hic
1718 5775 1933 5818 Erasmus
1971 5778 2106 5817 recte

529 5827 700 5886 vertit,
722 5827 1149 5890 reprehensionem.

1245 435 1300 489 S.
1333 429 1608 489 JOANNIS
1644 423 2116 483 CHRYSOSTOMI
2142 421 2458 479 ARCHIEP.
2499 415 3032 476 CONSTANTINOP.

3658 427 3776 482 116

2190 535 2415 588 alterum
2441 533 2636 597 minus,
2666 531 2892 588 alterum
2926 531 3132 600 majus:
3158 545 3357 600 pauper
3386 530 3530 586 enim
3558 545 3780 585 excusa-

2194 625 2394 679 tionem
2443 624 2604 680 habet
2649 624 2789 694 quod
2839 623 3126 692 praebuerit
3157 623 3490 679 occasionem
3522 624 3780 694 peccandi

2193 717 2432 784 penuria,
2466 715 2617 770 alteri
2659 714 2836 770 omnis
2866 714 3113 783 adempta
3144 725 3226 770 est
3251 716 3539 773 excusatio.
3574 718 3642 768 At
3669 715 3779 779 hic,

2192 806 2356 870 dices,
2381 805 2595 875 pellitur
2615 805 2837 860 naturali
2861 805 3309 875 concupiscentia.
3339 808 3528 861 Atnon
3557 806 3784 876 permit-

2195 900 2256 952 tit
2282 897 2420 954 elabi
2450 913 2587 953 uxor
2611 913 2728 969 quae
2753 898 2824 952 illi
2847 906 2990 952 sorte
3011 897 3214 967 obtigit,
3241 897 3332 952 sed
3365 898 3524 952 instat
3548 898 3788 968 eripiens

2196 991 2269 1045 illi
2301 992 2526 1045 veniam.
2561 989 2642 1045 0b
2672 989 2723 1045 id
2750 990 2890 1045 enim
2920 991 3314 1045 matrimonium
3341 1000 3395 1044 et
3423 991 3580 1061 hujus
3611 991 3790 1061 legiti-

2196 1095 2314 1134 mus
2335 1095 2464 1136 usus
2495 1081 2831 1150 permittitur,
2864 1097 2932 1136 ne
2960 1081 3084 1151 quid
3115 1082 3303 1136 horum
3335 1097 3592 1138 excusare
3615 1083 3791 1151 possit

2197 1173 2441 1226 maritus.
2473 1171 2622 1227 Hanc
2645 1173 2714 1228 ob
2734 1187 2947 1228 causam
2971 1174 3093 1227 data
3115 1183 3198 1229 est
3223 1175 3297 1228 illi
3317 1175 3506 1231 mulier
3527 1175 3792 1245 adjutrix,

2198 1272 2253 1317 ut
2283 1261 2716 1319 etlervescentem
2750 1273 2990 1319 naturam
3020 1275 3287 1332 coerceat,
3320 1275 3375 1319 ut
3402 1267 3795 1337 concupiscen-

2199 1356 2284 1410 tiae
2310 1354 2500 1412 ﬂuctus
2524 1356 2691 1412 sedet.
2722 1357 2901 1427 Itaque
2917 1358 3363 1428 quemadmodum
3390 1359 3712 1428 gubernator
3737 1359 3793 1412 in

2200 1459 2354 1520 portu
2386 1449 2585 1505 faciens
2611 1449 2938 1521 naufragium
2971 1451 3372 1520 haudquaquam
3416 1452 3576 1505 ullam
3613 1452 3794 1520 impe-

2202 1547 2365 1594 traret
2393 1541 2634 1596 veniam:
2660 1542 2738 1595 sic
2768 1557 2864 1595 nec
2891 1541 2936 1595 is
2965 1541 3054 1610 qui
3098 1557 3217 1594 cum
3263 1557 3360 1613 per
3398 1543 3701 1612 conjugium
3737 1543 3795 1595 in

2201 1640 2314 1687 tuto
2340 1631 2652 1698 collocetur,
2683 1642 2855 1688 tamen
2873 1633 3044 1687 aliena
3071 1631 3671 1702 perfoditmatrimouia,
3695 1642 3800 1686 aut

2201 1737 2589 1793 quamcumque
2615 1722 2866 1778 feminam
2896 1725 3120 1779 curiosis
3143 1724 3333 1793 aspicit
3371 1724 3557 1788 oculis,
3589 1722 3798 1778 habere

2201 1813 2487 1883 quidquam
2519 1814 2686 1884 possit
2728 1816 3082 1868 excusationis
3113 1831 3211 1870 nec
3241 1816 3379 1885 apud
3414 1815 3658 1871 homines
3688 1831 3799 1870 nec

2201 1905 2341 1975 apud
2367 1905 2553 1972 Deum,
2578 1906 2782 1961 etiamsi
2811 1906 3001 1960 millies
3031 1906 3273 1974 allegurit
3303 1915 3506 1960 naturae
3541 1908 3798 1976 volupta-

2206 2003 2331 2048 tem.
2379 1994 2491 2049 lmo
2520 2011 2638 2066 qua:
2670 1996 2834 2064 possit
2874 1995 2982 2049 illic
3013 2010 3131 2051 esse
3160 1996 3422 2065 voluptas,
3458 1997 3544 2051 ubi
3592 2008 3795 2064 metus,

2205 2083 2292 2140 ubi
2319 2085 2581 2151 anxietas,
2614 2086 2705 2141 ubi
2736 2097 2999 2140 tantorum
3029 2087 3292 2140 malorum
3320 2088 3672 2156 exspectatio,
3697 2089 3798 2143 ubi

2207 2173 2506 2239 tribunalia,
2539 2176 2623 2231 ubi
2650 2177 2882 2232 rationes
2907 2177 3213 2245 reddendm,
3243 2177 3328 2232 ubi
3349 2177 3544 2247 judicis
3572 2181 3668 2244 ira,
3702 2180 3799 2234 ubi

2205 2265 2412 2335 gladius
2438 2275 2492 2322 et
2520 2267 2778 2333 carnifex,
2831 2268 2916 2322 ubi
2968 2269 3295 2336 barathrum,
3349 2281 3403 2324 et
3444 2273 3694 2326 abductio
3724 2274 3800 2326 ad

2206 2357 2557 2426 supplicium?
2583 2358 2771 2414 Otnuia
2804 2369 2956 2428 pavet
2984 2361 3274 2430 metuitque
3300 2362 3533 2429 quiltalis
3549 2374 3650 2426 est,
3669 2377 3796 2415 um-

2208 2445 2352 2512 bras,
2385 2450 2633 2516 parietes,
2668 2449 2812 2518 ipsos
2841 2449 3062 2518 lapides,
3111 2458 3375 2519 tamquam
3409 2463 3591 2502 vocem
3635 2450 3800 2503 emit-

2210 2545 2413 2593 tentes:
2439 2554 2625 2595 omnes
2651 2540 2900 2596 observat
2928 2541 3190 2612 habetque
3217 2550 3515 2610 suSpcctos,
3541 2541 3797 2606 famulos,

2209 2630 2431 2692 vicinos,
2463 2632 2684 2699 amicos,
2730 2634 2931 2695 hostes,
2964 2649 3058 2688 eos
3094 2635 3183 2704 qui
3215 2641 3410 2687 norunt
3453 2636 3653 2697 omnia,
3700 2650 3801 2688 eos

2209 2723 2296 2791 qui
2328 2721 2458 2776 nihil
2489 2731 2701 2777 norunt.
2735 2723 2872 2791 Quin
2903 2725 3102 2792 potius,
3124 2724 3168 2779 si
3194 2723 3363 2783 voles.
3398 2724 3652 2778 tollantur
3681 2723 3802 2778 [nec

2209 2815 2421 2867 omnia:
2457 2829 2715 2884 ponamus
2742 2815 2874 2869 nulli
2914 2823 3098 2868 notum
3129 2829 3247 2870 esse
3287 2814 3545 2884 ﬂagitium
3578 2826 3804 2885 practer-

2209 2918 2366 2972 qnam
2395 2905 2493 2971 ipsi
2522 2904 2631 2969 uni,
2665 2913 2719 2958 et
2749 2905 2957 2959 mulieri
3007 2921 3164 2975 quam
3196 2905 3543 2960 adulteravit:
3575 2922 3804 2976 quomo-

2211 2994 2280 3048 do
2323 2994 2458 3048 feret
2494 2995 2874 3050 conscientiam
2908 2997 3334 3065 redarguentem,
3365 2997 3613 3052 acerbam
3645 3014 3803 3052 accu-

2211 3086 2460 3139 satricem
2493 3085 2636 3139 illam
2666 3086 2860 3156 ubique
2885 3101 3066 3141 serum
3095 3086 3310 3141 ferens?
3336 3087 3800 3153 Quemadmodum

2213 3176 2353 3230 enim
2377 3175 2611 3245 seipsum
2638 3191 2794 3231 nemo
2822 3186 2995 3245 potest
3022 3176 3274 3247 effugere,
3305 3179 3374 3230 ita
3405 3193 3502 3232 nec
3530 3178 3677 3233 illam
3704 3179 3806 3233 hu—

2213 3266 2295 3336 jus
2318 3267 2596 3322 tribunalis
2624 3269 2962 3323 sententiam.
3003 3267 3114 3322 Hoc
3140 3269 3282 3323 enim
3315 3269 3542 3322 tribunal
3575 3285 3680 3322 non
3709 3285 3804 3338 pe-

2213 3360 2366 3414 cunia
2389 3361 2764 3430 corrumpitur,
2790 3376 2896 3415 non
2919 3360 3310 3415 adulationibus
3329 3362 3649 3430 acquiescit;
3676 3378 3799 3414 nam

2212 3449 2448 3502 divinum
2477 3461 2579 3511 est,
2611 3460 2666 3504 et
2689 3465 2718 3502 a
2753 3451 2859 3503 Deo
2887 3451 3080 3504 nostris
3110 3450 3324 3505 insitum
3353 3450 3643 3504 mentibus.
3667 3450 3806 3504 Vere

2214 3539 2425 3594 Adulter
2451 3557 2540 3609 per
2567 3543 2789 3610 inapiam
2814 3558 2988 3594 sensus
3033 3542 3241 3595 exitium
3279 3557 3385 3596 sua:
3424 3531 3584 3613 ip'sius
3619 3543 3806 3596 animm

2216 3632 2451 3685 conciliat
2483 3630 2660 3702 (Prov.
2695 3631 2747 3686 6.
2779 3631 2890 3699 52).
2925 3631 3160 3687 Tametsi
3192 3648 3290 3688 nec
3317 3632 3399 3686 fur
3426 3634 3586 3688 etiam
3612 3634 3806 3686 immn-

2218 3724 2299 3777 nis
2325 3733 2408 3777 est
2437 3738 2463 3776 a
2493 3724 2772 3792 supplicio,
2819 3739 3000 3778 verum
3045 3724 3137 3778 dat
3179 3725 3392 3794 quidem
3425 3739 3660 3793 ptenam,
3707 3725 3805 3780 sed

2217 3815 2500 3868 minorem.
2529 3814 2634 3869 Nec
2661 3815 2803 3869 enim
2832 3813 3260 3884 comparationes
3285 3817 3336 3870 in
3359 3816 3630 3871 diversum
3660 3819 3807 3871 ordi-

2216 3919 2339 3960 nem
2360 3905 2648 3960 exlrudunt
2674 3920 2733 3960 ea
2757 3921 2875 3975 quae
2899 3915 3294 3975 comparantur,
3318 3909 3409 3962 sed
3436 3909 3808 3977 permittentes

2216 4010 2313 4048 suo
2343 4011 2564 4064 qumque
2591 4009 2806 4048 manere
2832 3995 2969 4059 loco,
2999 3996 3400 4051 diminutionem
3424 3998 3683 4053 inducunt
3712 4008 3806 4053 aut

2216 4089 2668 4156 exsuperantiam.
2701 4087 2952 4141 Fortasse
2981 4103 3084 4140 non
3112 4088 3406 4158 intelligitis
3433 4089 3572 4157 quod
3599 4090 3798 4144 dictum

2217 4189 2330 4234 est:
2359 4181 2534 4248 itaque
2567 4193 2786 4233 necesse
2813 4187 2896 4232 est
2924 4179 3062 4233 idem
3091 4180 3422 4247 explanatius
3450 4179 3646 4235 dicere.
3692 4181 3802 4235 Bo-

2220 4287 2342 4324 num
2376 4281 2457 4326 est
2501 4271 2825 4341 conjugium,
2866 4270 2958 4324 sed
3008 4270 3198 4325 melior
3239 4281 3321 4326 est
3367 4272 3673 4342 virginitas:
3701 4288 3804 4328 nee

2219 4362 2468 4430 quoniam
2498 4362 2688 4417 melior
2713 4372 2793 4417 est
2820 4362 3111 4432 virginitas,
3146 4361 3264 4417 ideo
3291 4364 3486 4417 malum
3511 4374 3595 4419 est
3618 4367 3806 4434 conju-

2216 4454 2381 4524 ginm,
2419 4454 2510 4508 sed
2559 4454 2682 4508 illud
2733 4454 2945 4523 quidem
2999 4454 3238 4522 inferius,
3284 4455 3480 4524 alioqui
3510 4455 3706 4510 bonum
3751 4464 3803 4510 et

2219 4547 2412 4614 ipsum.
2445 4545 2701 4599 Similiter
2728 4555 2780 4599 et
2808 4546 2921 4600 hic:
2957 4547 3151 4599 malum
3184 4555 3264 4599 est
3289 4545 3504 4609 furtum,
3538 4547 3630 4600 sed
3653 4547 3804 4599 adul-

2219 4637 2354 4689 terio
2394 4635 2588 4702 minus,
2621 4650 2937 4705 quamquam
2969 4643 3020 4689 ct
3063 4636 3235 4703 ipsum
3280 4644 3360 4690 est
3390 4635 3607 4688 malum.
3647 4637 3802 4690 Vides

2219 4736 2552 4794 peccatorum
2583 4724 2942 4780 differentias?
2969 4725 3378 4780 (Iousideremus
3426 4725 3602 4796 itaque
3648 4730 3804 4796 quale

2221 4824 2492 4886 peccatum
2523 4817 2607 4870 hic
2637 4817 2953 4885 peccaverit.
2978 4814 3187 4869 Elalum
3213 4825 3304 4878 est,
3333 4815 3519 4884 inquit,
3556 4833 3644 4868 cor
3667 4816 3804 4870 illius

2221 4907 2295 4978 (Ξ.
2334 4905 2515 4959 Paral.
2544 4905 2632 4960 26.
2661 4906 2772 4973 16).
2806 4905 3164 4960 Periculosum
3190 4905 3413 4959 vulnus:
3443 4913 3525 4959 est
3549 4907 3690 4960 enim
3721 4922 3806 4958 ar-

2222 4997 2478 5067 rogantia,
2506 4997 2804 5065 arrogantia
2829 4996 3061 5063 inquam,
3099 4996 3358 5048 malorum
3398 4997 3636 5050 omnium
3665 4996 3801 5050 fons.

2221 5091 2286 5144 Et
2316 5097 2373 5144 ut
2403 5089 2717 5156 compendio
2762 5087 2935 5141 discas
2980 5087 3149 5140 morbi
3181 5087 3456 5154 malitiam,
3489 5087 3619 5141 illud
3657 5087 3800 5139 audi.

2221 5180 2423 5235 Caetera
2445 5177 2656 5247 quidem
2681 5186 2893 5245 peccata
2921 5177 3059 5229 circa
3086 5187 3321 5231 nostram
3347 5187 3626 5232 versantur
3654 5185 3805 5229 natu-

2219 5287 2352 5332 ram,
2387 5280 2441 5324 at
2467 5270 2708 5338 superbia
2737 5269 2983 5322 virtutem
3027 5268 3391 5337 incorpoream
3414 5283 3443 5322 e
3469 5267 3680 5321 sublimi
3712 5267 3804 5320 dc-

2222 5362 2378 5417 ti-axit
2409 5377 2470 5415 ac
2498 5360 2720 5430 dejecit:
2754 5374 2872 5410 nam
2914 5358 3203 5426 diabolum,
3247 5375 3365 5414 cum
3412 5359 3653 5413 diabolus
3700 5373 3800 5411 non

2221 5465 2383 5524 esset,
2414 5455 2679 5509 diabolum
2707 5452 2880 5506 cllecit
2901 5455 3220 5522 arrogantia.
3255 5451 3403 5519 Quod
3431 5452 3474 5505 si
3503 5459 3693 5505 testem
3713 5451 3806 5504 ad.

2221 5549 2409 5602 ducam
2430 5546 2618 5600 lsaiam
2654 5545 2722 5598 ita
2750 5544 2817 5599 de
2844 5545 2932 5597 illo
2970 5546 3292 5614 loquentem,
3323 5542 3387 5596 In
3417 5544 3597 5598 cretum
3624 5560 3801 5597 ascen-

2221 5640 2357 5703 dam,
2393 5646 2439 5690 et
2478 5653 2561 5690 ero
2587 5636 2764 5689 similis
2797 5636 3053 5688 Altissimo
3094 5636 3246 5706 (Isai.
3294 5633 3379 5687 14.
3425 5634 3543 5702 ll):
3575 5633 3664 5700 qui
3700 5649 3801 5685 non

2221 5731 2444 5783 libenter
2474 5727 2734 5794 recipiunt
2759 5724 3053 5794 allegorias,
3083 5725 3429 5797 repudiabunt
3463 5732 3702 5776 nostrmn
3729 5734 3803 5776 te-

2226 5819 2560 5875 stimonium:
2591 5815 2669 5871 sin
2702 5831 2822 5871 vero
2865 5815 3084 5871 Paulum
3119 5816 3190 5870 illi
3219 5813 3611 5870 adhibuerimus
3651 5828 3805 5868 accu-
