4048 6446
270 364 384 423 115

247 459 492 531 γυμνοὺς
541 458 909 530 παραπέμψαι
947 459 1081 528 πρὸς
1131 457 1338 511 ἐκεῖνον
1372 457 1465 510 τὸν
1501 457 1693 527 λιμένα
1726 457 1831 510 λοι-

1217 341 1281 398 IN
1318 343 1548 410 ILLUD,
1587 342 1724 399 VIDI
1764 339 2104 408 DOMINUM,
2139 339 2372 396 HUMIL.
2411 339 2503 395 Ill.

1941 361 2104 408 NUM,
2139 361 2372 396 "unum.
2411 361 2503 395 ιιι.
3406 361 3520 422 116

1941 455 2093 524 φησὶ,
2116 455 2216 524 τὴν
2239 453 2346 506 ἀπὸ
2380 454 2482 524 τῆς
2507 451 2741 522 φυσικῆς
2770 451 3060 522 ἐπιθυμίας
3090 453 3353 524 ἀνάγκην.
3371 454 3513 508 Ἀλλ’

244 545 367 598 πόν.
394 542 493 595 Διά
517 542 674 595 τοῦτο
697 543 725 593 6
752 545 1037 611 προφήτης
1065 541 1323 610 παραινεῖ
1351 541 1486 592 πᾶσι
1513 539 1703 608 λέγων,
1732 543 1832 605 Είς
1941 547 2041 599 οὐκ
2083 545 2307 615 ἀφίησιν
2350 547 2383 612 ἡ
2416 543 2753 616 κληρωθεῖσα
2789 540 2936 614 [116]
2987 544 3152 598 αὐτοῦ
3191 546 3327 613 γυνὴ
3345 585 3360 610 ,
3396 544 3513 600 ἀλλ’

244 626 310 680 τὸ
343 625 522 689 τέλος
549 622 632 692 μὴ
660 623 1022 692 διαφθείρῃς.
1053 623 1161 676 Καὶ
1189 622 1298 693 γὰρ
1333 623 1471 692 μετά
1513 621 1614 693 τὴν
1644 622 1823 675 τοιαύ-

242 724 344 778 την
373 707 580 759 πτῶσιν
602 705 1002 774 δυσανάκλητος
1034 705 1194 757 πάλιν
1220 706 1253 775 ή
1288 705 1600 768 ἀνάστασις.
1640 704 1694 756 '0
1716 704 1826 774 γὰρ

241 791 437 844 ἐλθὼν
466 791 553 854 είς
579 801 604 829 ι
619 788 810 854 βάθος
839 788 1059 850 κακῶν,
1079 788 1450 856 καταφρονεῖ.
1481 788 1591 841 Καὶ
1617 788 1695 858 τῷ
1728 789 1826 859 μὲν

241 873 302 925 ἐν
345 873 490 941 ἀρχῇ
544 870 759 922 πεσόντι
807 869 1247 939 συγγινώσκομεν
1300 870 1538 933 ἅπαντες
1591 871 1678 923 διά
1727 873 1825 940 τὴν

243 954 529 1023 ἀπειρίαν·
572 953 661 1006 τὸν
690 953 744 1006 δὲ
781 954 918 1022 μετά
948 953 1174 1014 πολλοὺς
1224 952 1376 1024 [115]
1424 956 1546 1016 τοὺς
1593 954 1826 1025 δρόμους

243 1034 701 1089 ὑποσκελισθέντα
756 1036 855 1089 οὐκ
903 1035 967 1089 ἄν
1007 1052 1089 1096 τις
1144 1034 1342 1104 ῥαδίως
1393 1035 1644 1102 ἀξιώσειε
1692 1053 1826 1105 συγ-

241 1118 469 1188 γνώμης
497 1118 530 1188 ἢ
566 1117 888 1186 ἀπολογίας·
930 1116 1200 1189 ῥᾳθυμίας
1230 1119 1336 1188 γὰρ
1368 1119 1488 1170 τότε
1521 1118 1581 1172 τὸ
1627 1119 1828 1190 πτῶμα

241 1197 380 1254 εἶναι
418 1202 581 1253 δοκεῖ.
631 1201 736 1253 Καὶ
768 1203 827 1253 οὐ
853 1200 1010 1252 τοῦτο
1056 1199 1214 1268 μόνον
1243 1201 1359 1254 ἐστὶ
1390 1201 1450 1254 τὸ
1490 1201 1682 1266 δεινὸν,
1709 1203 1824 1256 ἀλλ’

240 1283 324 1336 ὅτι
351 1285 446 1337 καὶ
474 1283 656 1335 πολλοὶ
693 1283 742 1334 οί
778 1280 1250 1350 σκανδαλιζόμενοι
1283 1284 1396 1346 τοῖς
1434 1283 1545 1337 τῶν
1570 1283 1827 1340 τοιούτων

241 1366 536 1436 πτώμασίν
566 1367 721 1429 εἰσιν,
755 1363 895 1417 ὥστε
924 1364 1019 1417 καὶ
1045 1364 1214 1436 ταύτῃ
1246 1366 1407 1419 πάλιν
1442 1366 1826 1435 ἀσύγγνωστον

239 1450 303 1503 τὸ
348 1449 651 1520 ἁμάρτημα
699 1448 925 1515 γίνεται.
959 1446 1121 1500 Ταῦτ’
1149 1445 1242 1501 οὖν
1276 1449 1499 1512 εἰδότες,
1533 1449 1823 1520 ἀκούωμεν

242 1531 338 1586 τοῦ
381 1533 684 1600 Προφήτου,
722 1529 813 1582 καὶ
855 1531 935 1586 είς
975 1530 1036 1582 τὸ
1080 1530 1232 1594 τέλος
1277 1530 1351 1600 μὴ
1405 1530 1824 1602 διαφθείρωμεν.

242 1613 345 1666 Διά
377 1614 486 1683 γάρ
513 1611 671 1665 τοῦτο
699 1614 792 1664 καὶ
816 1614 844 1664 6
877 1611 1135 1682 Ἰεξεκιὴλ
1169 1612 1296 1665 ἐϐόα
1325 1612 1526 1681 λέγων·
1571 1613 1706 1666 Ἐὰν
1735 1614 1828 1682 γέ-

241 1696 421 1763 νηταί
462 1711 554 1761 τις
588 1694 838 1760 δίκαιος,
884 1690 1010 1748 εἶτα
1048 1695 1404 1762 μεταπεσὼν
1451 1694 1710 1764 ἁμάρτῃ,
1754 1699 1827 1750 οὐ

233 1780 322 1848 μὴ
367 1777 722 1847 μνησθῶονιν
756 1776 916 1841 αὐτῷ
947 1780 1006 1830 αἱ
1031 1777 1404 1830 δικαιοσύναι
1437 1779 1646 1843 αὑτοῦ,
1688 1781 1826 1834 ἀλλ’

237 1862 310 1914 ἐν
349 1861 424 1929 τῇ
471 1861 726 1928 ἁμαρτίᾳ
763 1861 950 1913 αὑτοῦ
993 1860 1393 1915 ἀποθανεῖται.
1441 1863 1552 1915 Καὶ
1596 1862 1704 1933 γὰρ
1735 1864 1828 1915 καὶ

237 1939 395 2006 οὗτος
426 1943 662 1996 δέδοικεν
709 1942 848 2011 ὑπὲρ
890 1940 984 1994 τοῦ
1017 1941 1222 2005 τέλους.
1267 1944 1376 1996 Καὶ¹
1430 1944 1528 1996 οὐκ
1581 1943 1827 1997 ἐντεῦθεν

243 2027 424 2096 μόνον,
456 2025 592 2076 ἀλλά
633 2023 724 2076 καὶ
758 2024 846 2076 διὰ
879 2025 986 2076 τῶν
1038 2025 1296 2078 ἐναντίων
1345 2026 1581 2080 δείκνυσι
1628 2028 1826 2098 πολλὴν

236 2110 334 2162 τοῦ
380 2108 705 2178 πράγματος
737 2107 834 2179 τὴν
886 2108 1038 2176 ἰσχὺν
1069 2104 1255 2161 οὖσαν.
1293 2109 1393 2162 Ἂν
1437 2110 1545 2176 γὰρ
1586 2110 1826 2178 γένηταί

236 2209 331 2257 τις
384 2188 763 2259 ἁμαρτωλὸς,
806 2190 991 2260 φησὶν,
1039 2186 1164 2242 εἶτα
1206 2191 1688 2259 μεταϐαλόμενος
1729 2193 1826 2260 γέ-

235 2290 414 2340 νηται
482 2272 738 2338 δίκαιος,
800 2275 872 2325 οὺ
911 2272 998 2342 μὴ
1040 2272 1398 2340 μνησθῶσιν
1447 2276 1506 2326 αι
1554 2274 1826 2344 ἁμαρτίαι

237 2356 426 2408 αὑτοῦ
452 2353 479 2392 δ
499 2371 514 2385 ·
554 2355 624 2406 ἐν
653 2353 727 2420 τῇ
760 2353 1115 2421 δικαιοσύνῃ
1157 2355 1342 2407 αὑτοῦ
1371 2352 1626 2420 ζήσεται.
1666 2357 1828 2427 Ὁρᾷς

241 2438 331 2490 καὶ
374 2436 606 2491 ἐνταῦθα
661 2435 857 2506 πολλὴν
901 2436 996 2489 τοῦ
1045 2436 1230 2500 τέλους
1289 2438 1451 2492 αὑτὸν
1503 2441 1826 2511 ποιούμενον

243 2520 514 2589 πρόνοιαν.
543 2519 660 2572 Ἵνα
689 2518 796 2589 γὰρ
829 2519 965 2588 μήτε
994 2521 1022 2573 6
1059 2519 1265 2583 δίκαιος
1291 2523 1356 2592 τῇ
1388 2521 1702 2595 δικαιοσύνῃ
1730 2525 1827 2576 αύ-

241 2602 331 2655 τοῦ
365 2602 605 2673 θαρρῶν,
635 2603 716 2664 είς
758 2600 1030 2672 ρᾳθυμίαν
1075 2604 1370 2667 ἀποκλίνας
1410 2605 1695 2676 ἀπόληται,
1728 2625 1825 2676 φο-

238 2683 326 2737 ϐεῖ
372 2685 458 2737 διὰ
504 2683 600 2738 τοῦ
631 2684 819 2747 τέλους
866 2685 1030 2738 αὐτόν
1051 2702 1065 2716 ·
1116 2688 1251 2756 μήτε
1286 2690 1313 2740 6
1345 2689 1663 2758 ἁμαρτωλὸς
1693 2692 1828 2743 ἀπο-

237 2768 399 2837 γνοὺς
427 2767 521 2820 ἐπὶ
562 2769 673 2830 τοῖς
703 2768 1139 2839 παραπτώμασι,
1180 2771 1313 2841 μένῃ
1344 2772 1635 2836 διαπαντὸς
1663 2776 1720 2826 ἐν
1749 2775 1827 2844 τῷ

236 2849 515 2920 πτώματι,
563 2851 814 2919 ἀνίστησι
851 2852 940 2905 διὰ
980 2852 1072 2905 τοῦ
1111 2853 1297 2915 τέλους
1339 2855 1519 2907 αὐτόν.
1545 2856 1829 2925 Ἢμαρτες

238 2935 442 2997 πολλὰ,
484 2934 666 3002 φησὶν,
709 2933 843 2987 ἀλλά
885 2934 960 3005 μὴ
1006 2935 1344 3005 ἀπελπίσῃς·
1379 2936 1491 2989 ἔστι
1524 2938 1631 3008 γὰρ
1664 2939 1829 2990 ἐπάν-

237 3018 376 3080 οδος,
405 3019 499 3069 ἐὰν
530 3017 768 3068 ἐναντίον
795 3027 816 3054 ιτ
843 3017 944 3086 τῆς
975 3017 1147 3088 ἀρχῆς
1177 3018 1353 3088 δείξῃς
1379 3019 1438 3070 τὸ
1467 3019 1633 3082 τέλος.
1660 3022 1828 3073 Πάλιν

239 3099 376 3170 πρδς
421 3097 511 3150 τὸν
545 3098 768 3161 δίκαιον,
799 3097 1179 3167 Κατώρθωσας
1220 3100 1407 3162 πολλὰ,
1459 3102 1641 3171 φησὶν,
1692 3102 1828 3155 ἀλλὰ

243 3185 318 3253 μὴ
349 3184 628 3254 θαρσήσῃς
651 3197 664 3210 ·
699 3181 982 3251 συμϐαίνει
1013 3184 1120 3254 γὰρ
1152 3184 1244 3235 καὶ
1274 3187 1480 3247 πεσεῖν,
1513 3184 1578 3238 ἂν
1621 3185 1694 3255 μὴ
1736 3186 1825 3239 διὰ

238 3267 390 3326 τέλος
418 3265 517 3332 τὴν
552 3265 672 3331 ἴσην
698 3264 827 3333 έχῃς
860 3265 1112 3336 σπουδήν.
1141 3263 1293 3330 Εἶδες
1325 3267 1443 3330 πῶς
1473 3268 1566 3321 τοῦ
1599 3270 1698 3339 μὲν
1727 3269 1825 3340 τὴν

242 3346 540 3419 ῥᾳθυμίαν,
581 3346 672 3398 τοῦ
706 3346 761 3399 δὲ
804 3347 896 3417 τὴν
926 3349 1238 3416 ἀπόγνωσιν
1265 3350 1505 3415 ἀνεῖλεν;

313 3437 382 3499 γ’.
405 3430 629 3492 Οὐδενὸς
641 3430 843 3481 τούτων
857 3430 1088 3499 ἤκουσεν
1114 3431 1311 3494 Ὀζίας·
1332 3432 1411 3482 6:6
1440 3432 1532 3484 καὶ
1551 3422 1828 3503 θαρσήσας

242 3511 511 3563 κατέπεσε
542 3511 742 3580 πτῶμα
767 3510 998 3580 χαλεπὸν
1029 3513 1120 3563 καὶ
1149 3513 1384 3565 ἀνίατον.
1417 3513 1551 3564 Οὑδέ
1579 3514 1687 3585 γάρ
1719 3517 1827 3567 πᾶν

244 3593 443 3662 πτῶμα
479 3593 591 3644 ἴσον
629 3595 760 3661 ἡμῖν
801 3593 1099 3662 ἐργάζεται
1146 3594 1206 3644 τὸ
1250 3593 1489 3663 τραῦμα,
1539 3595 1674 3648 ἀλλὰ
1723 3597 1828 3649 τῶν

243 3677 526 3747 ἁμαρτιῶν
552 3676 620 3728 τὰ
656 3678 751 3744 μὲν
779 3679 882 3729 ὑπὸ
913 3679 1257 3745 κατάγνωσιν
1309 3681 1482 3730 κεῖται
1533 3679 1714 3748 μόνον,
1761 3681 1829 3734 τά

242 3762 299 3814 δέ
347 3760 738 3830 χαλεπωτάτην
779 3760 993 3829 δέχεται
1041 3761 1330 3831 τιμωρίαν.
1381 3762 1503 3822 Τοῖς
1553 3760 1684 3828 γοῦν
1728 3765 1828 3816 ούκ

243 3844 568 3913 ἀναμένουσι
597 3843 721 3904 τοὺς
763 3843 1024 3910 ἀδελφοὺς
1055 3846 1112 3896 ἐν
1154 3847 1265 3906 τοῖς
1300 3847 1498 3906 κοινοῖς
1531 3844 1764 3908 δείπνοις
1799 3848 1826 3898 6

244 3926 455 3988 Παῦλος
501 3924 789 3994 ἐπιτιμῶν,
834 3924 1006 3988 οὕτως
1053 3925 1236 3993 ἔλεγε·
1273 3926 1450 3980 Τοῦτο
1495 3925 1563 3978 δὲ
1604 3944 1827 3996 παραγ-

243 4010 479 4078 γέλλων
537 4009 646 4060 οὐκ
693 4007 934 4060 ἐπαινῶ.
996 4008 1155 4078 Ὁρᾷς
1211 4008 1370 4078 μέχρι
1427 4008 1826 4076 καταγνώσεως

247 4090 535 4158 ἱστάμενον
557 4087 618 4140 τὸ
644 4088 859 4159 ἀμάρτη
871 4106 966 4158 μα,
993 4090 1086 4142 καὶ
1116 4090 1281 4156 ψόγον
1304 4089 1424 4159 ἕχον
1446 4091 1507 4143 :6
1531 4091 1824 4161 ἐπιτίμιον.

257 4171 398 4224 Ἀλλ’
419 4171 516 4240 οὐχ
538 4171 664 4223 ὅταν
693 4172 820 4240 περὶ
850 4173 1104 4242 πορνείας
1133 4173 1468 4240 διαλέγηται,
1490 4172 1632 4226 οὕτω
1663 4177 1825 4228 ποιεῖ.

255 4251 418 4304 Ἀλλά
469 4252 617 4317 πῶς;
666 4254 736 4306 Εἴ
768 4270 856 4317 τις
909 4254 1014 4306 τόν
1052 4255 1203 4307 ναὸν
1234 4255 1339 4308 τοῦ
1388 4255 1536 4308 Θεοῦ
1589 4257 1822 4324 φθερεῖ,

245 4335 453 4404 φθερεῖ
483 4335 698 4387 τοῦτον
733 4339 763 4387 ὀ
799 4336 958 4400 Θεός.
1003 4334 1262 4389 Ἐνταῦθα
1307 4337 1412 4407 γὰρ
1442 4339 1539 4389 οὐκ
1580 4338 1695 4391 ἔστι
1729 4338 1826 4407 ψό-

246 4435 360 4486 γος,
393 4418 512 4469 ούδέ
552 4417 919 4483 κατάγνωσις,
968 4418 1080 4468 ἀλλ’
1180 4418 1538 4486 χαλεπωτάτη
1569 4423 1826 4490 τιμωρία.

248 4497 370 4553 Οἷδε
407 4501 500 4551 καὶ
543 4501 570 4550 6
615 4498 864 4567 Σολομῶν
924 4499 1335 4568 ἁμαρτημάτων
1391 4500 1651 4570 διαφοράς
1677 4521 1688 4532 ·
1731 4504 1830 4574 τὴν

247 4581 377 4648 γοῦν
411 4581 614 4651 κλοπὴν
642 4583 706 4650 τῇ
741 4581 955 4650 μοιχεία
988 4582 1310 4649 συγκρίνων,
1348 4584 1544 4636 οὑτωσί
1580 4586 1698 4649 πώς
1728 4605 1830 4655 φη-

250 4680 363 4715 σιν·
394 4666 478 4716 Οὐ
509 4662 875 4730 θαυμαστὸν,
911 4662 1020 4714 ἐὰν
1059 4661 1184 4726 ἁλῷ
1232 4681 1320 4728 τις
1356 4664 1654 4720 κλέπτων·
1693 4669 1829 4722 κλέ-

247 4762 378 4798 πτει
415 4745 545 4814 γὰρ,
585 4746 685 4797 ἵνα
714 4745 998 4812 ἐμπλήσῃ
1030 4745 1239 4812 ψυχὴν
1268 4748 1452 4799 αὑτοῦ
1489 4750 1792 4805 πεινῶσαν
1813 4771 1824 4782 ·

247 4832 279 4880 0'
306 4827 372 4878 δὲ
396 4826 609 4896 μοιχὸς
639 4827 712 4878 δι’
739 4826 978 4880 ἔνδειαν
1009 4827 1240 4894 φρενῶν
1268 4828 1568 4882 ἀπώλειαν
1597 4832 1672 4899 τῇ
1695 4835 1830 4886 ἑαυ-

247 4909 356 4962 τοῦ
399 4907 571 4976 ψυχῇ
611 4908 1014 4974 περιποιεῖται.
1055 4910 1382 4979 Ἀμάρτημα
1415 4913 1508 4964 καὶ
1547 4914 1705 4966 τοῦτο
1736 4918 1831 4967 κά-

249 4994 414 5051 κεῖνο,
450 4993 632 5060 φησὶν,
677 4990 811 5042 ἀλλά
845 4992 906 5043 :6
955 4993 1052 5060 μὲν
1094 4992 1332 5053 ἔλαττον,
1374 4994 1435 5045 τὸ
1463 4995 1518 5046 δὲ
1555 4998 1770 5064 μεῖζον⁹
1803 5001 1831 5049 ὁ

253 5076 350 5144 μὲν
381 5075 489 5144 γὰρ
525 5073 638 5144 ἔχει
666 5071 692 5110 ἀ
725 5073 823 5142 τὴν
858 5074 965 5125 ἀπὸ
993 5074 1090 5143 τῆς
1126 5074 1315 5136 πενίας
1353 5077 1642 5144 πρόφασιν,
1678 5073 1832 5143 οὗτος

249 5156 305 5209 δέ
336 5157 517 5227 πάσης
542 5153 837 5223 ἀπολογίας
863 5156 1170 5225 ἐστέρηται.
1208 5156 1368 5210 Ἀλλά
1393 5160 1485 5212 καὶ
1513 5154 1666 5225 οὗτος
1696 5165 1829 5234 ἔχει,

312 5343 340 5370 ⁸
367 5341 721 5413 Ουτιιοοιχιιιεξ.
749 5342 968 5413 εἰσελθὼν
989 5344 1071 5413 τίς.
1102 5341 1152 5389 In
1178 5341 1490 5413 iisdeminira
1516 5347 1617 5395 haec
1643 5351 1831 5413 ῥᾳδίως,

251 5408 304 5450 ει
327 5417 435 5471 mox
452 5404 750 5471 ἢάπολογίας
774 5408 968 5471 (ieiuni.
985 5404 1086 5451 Hoc
1113 5417 1257 5471 μοι-νο
1281 5407 1506 5471 ultimum
1525 5411 1552 5465 ἢ
1580 5399 1834 5471 ἀπολογίας

251 5477 344 5510 non
382 5465 502 5524 legit
542 5465 788 5512 Erasmus.
837 5465 989 5513 Paulo
1031 5475 1145 5514 aule
1168 5466 1320 5514 Codex
1345 5479 1421 5527 ap.
1454 5470 1601 5519 Suvil.
1630 5465 1836 5520 δυσανοὶἑ

249 5541 478 5586 καμπτος.

310 5587 339 5625 b
374 5587 470 5647 Alii
497 5585 661 5642 αὐτοῦ,
683 5586 783 5631 ἀλλ’
811 5586 856 5632 έν
876 5592 953 5647 τῇ.

312 5651 333 5676 ε
375 5646 521 5716 ‘Mulii‘
550 5648 850 5716 mss._éa‘:‘{‘:r6,
874 5646 1097 5716 ἐναντίον,
1129 5649 1274 5696 male.
1301 5651 1592 5716 Paulp‘posl
1632 5658 1833 5716 συμϐαι-

249 5726 316 5756 νει
336 5709 424 5768 γὰρ
446 5708 524 5753 καὶ
549 5708 726 5754 πεσεῖν.
758 5709 981 5755 Erasmus
1002 5711 1083 5768 qui
1110 5719 1343 5768 verterat,
1365 5708 1671 5765 subiiuliams
1696 5708 1831 5765 ilium

250 5781 496 5840 ι’(ιςιιιςιιηι,
523 5769 860 5840 logqrai‘haud
881 5770 1384 5840 ιιιιῐξὶρμσημαὶίνειγιὶρ,
1401 5775 1543 5821 male.
1563 5775 1710 5828 l'aulo
1727 5789 1832 5840 post

253 5829 396 5896 Imilii
416 5841 529 5875 ms:
568 5830 641 5875 διὰ
662 5831 821 5896 τέλους
840 5832 938 5896 τήν.
964 5831 1090 5896 inulta
1120 5832 1146 5879 Γ,
1178 5832 1210 5882 l.
1238 5829 1600 5896 ἁμαρτημάτων.

320 5888 344 5926 d
367 5895 583 5947 Quatuor
605 5905 718 5938 mss.
743 5892 829 5953 γὰρ
854 5893 979 5939 δοκεῖ
1008 5894 1144 5954 ἔχειν.

1939 628 2237 697 ἐφέστηκεν
2266 626 2638 697 ἀποστεροῦσα
2684 625 2786 694 τῆς
2827 625 3152 696 συγγνώμης
3197 626 3379 680 αὐτόν.
3415 628 3514 680 Διά

1935 712 2044 780 γὰρ
2077 708 2236 762 τοῦτο
2263 709 2439 779 γάμος
2466 711 2559 762 καὶ
2585 708 2879 772 ἀπόλαυσις
2915 707 3192 778 ἐνθεσμος,
3226 709 3314 763 ἵνα
3349 709 3515 778 μηδὲν

1936 792 2032 862 ἔχῃ
2077 792 2281 846 τούτοιν
2326 793 2503 858 λέγειν
2549 793 2577 844 6
2620 792 2780 860 ἀνήρ.
2813 789 2911 842 Διά
2951 788 3107 842 τοῦτο
3134 789 3283 859 αὐτῷ
3323 790 3514 862 βοηθὸς

1936 875 2091 946 ἐδόθη
2124 877 2156 946 ἠ
2184 875 2341 945 γυνὴ,
2368 875 2455 927 ἵνα
2487 873 2816 943 μαινομένην
2845 871 3178 944 καταστέλλῃ
3205 874 3304 944 τὴν
3328 872 3510 941 φύσιν,

1937 957 2022 1010 ἵνα
2053 959 2278 1028 στορέσῃ
2321 957 2421 1026 τῆς
2452 955 2744 1025 ἐπιθυμίας
2785 957 2854 1008 τὰ
2892 957 3132 1024 κύματα.
3159 955 3372 1025 Ὠσπερ
3419 952 3512 1008 οῦν

1936 1040 2273 1111 κυϐερνήτης
2303 1041 2360 1090 ἐν
2393 1038 2572 1108 λιμένι
2612 1036 2867 1104 ναυάγιον
2900 1037 3264 1107 ἐργαζόμενος
3301 1037 3401 1089 οὐκ
3447 1037 3520 1089 ἀν

1935 1123 2084 1192 τύχοι
2127 1121 2452 1191 συγγνώμης
2481 1120 2658 1181 τινός·
2701 1119 2843 1172 οὕτω
2871 1120 2966 1171 καὶ
3001 1119 3030 1168 6
3059 1118 3343 1189 ἄνθρωπος
3375 1116 3517 1188 μετά

1933 1203 2031 1273 τὴν
2065 1204 2360 1272 ἀσφάλειαν
2393 1202 2494 1272 τὴν
2534 1201 2642 1255 ἀπὸ
2672 1199 2765 1254 τοῦ
2799 1199 2977 1268 γάμου
3019 1201 3145 1262 τοὺς
3187 1200 3372 1270 ἐτέρου
3402 1200 3513 1252 διο-

1936 1286 2143 1356 ρύττων
2194 1287 2434 1355 γάμους,
2480 1285 2514 1353 ἢ
2572 1285 2802 1351 γυναῖκα
2864 1281 3150 1353 ἡντιναοῦν
3202 1281 3514 1350 περιέργως

1933 1368 2096 1438 ὀρῶν,
2125 1368 2226 1421 οὐκ
2253 1367 2317 1421 ἀν
2346 1367 2496 1438 τύχοι
2525 1364 2667 1428 τινός
2697 1364 3008 1433 ἀπολογίας,
3032 1365 3094 1417 οὐ
3125 1363 3275 1434 παρά
3305 1362 3514 1434 ἀνθρώ-

1935 1467 2077 1516 ποις,
2113 1451 2172 1503 ού
2205 1450 2353 1520 παρά
2386 1448 2524 1519 Θεῷ,
2557 1448 2660 1501 κᾶν
2701 1445 2959 1516 μυριάκις
2993 1447 3130 1516 λέγῃ
3158 1446 3255 1515 τὴν
3283 1445 3381 1514 τῆς
3414 1445 3515 1514 φύ-

1937 1550 2072 1598 σεως
2104 1534 2314 1603 ἡδονήν.
2353 1532 2565 1585 Μᾶλλον
2603 1529 2658 1582 δὲ
2694 1529 2822 1581 ποία
2854 1528 3050 1596 γένοιτ’
3080 1527 3146 1579 ἂν
3174 1528 3354 1596 ἡδονὴ,
3379 1527 3512 1578 ὅπου

1936 1617 2098 1685 φόϐος
2154 1617 2245 1669 καὶ
2299 1616 2505 1683 ἀγωνία
2540 1626 2562 1654 θ
2612 1614 2707 1668 καί
2760 1613 3002 1675 κίνδυνος
3067 1611 3162 1663 καὶ
3221 1609 3515 1679 προσδοκία

1935 1699 2200 1752 τοσούτων
2235 1698 2442 1760 δεινῶν,
2485 1699 2616 1750 ὅπου
2665 1696 2994 1766 δικαστήρια
3026 1694 3120 1746 καὶ
3151 1691 3390 1755 εὐθῦναι,
3421 1693 3516 1744 καὶ⁸

1935 1780 2186 1834 δικαστοῦ
2214 1781 2404 1851 θυμὸς,
2437 1780 2531 1832 καὶ
2564 1779 2716 1846 ξίφος
2747 1779 2840 1831 καὶ
2878 1778 3088 1848 δήμιος,
3120 1775 3214 1828 καὶ
3245 1773 3516 1845 βάραθρον

1936 1863 2031 1915 καὶ
2070 1865 2339 1932 ἀπαγωγή
2375 1861 2426 1926 r;
2461 1861 2643 1914 Πάντα
2683 1859 2876 1931 τρέμει
2908 1860 3000 1913 καὶ
3027 1858 3260 1912 δέδοικεν
3284 1860 3312 1910 6
3342 1856 3515 1910 τοιοῦ-

1935 1962 2045 2008 τος,
2067 1946 2166 2009 τὰς
2191 1947 2368 2008 σκιὰς,
2401 1946 2525 2007 τοὺς
2546 1943 2776 2013 τοίχους,
2806 1945 2932 2006 τοὺς
2965 1941 3144 2004 λίθους
3172 1941 3392 2004 αὐτοὺς,
3422 1956 3514 1992 κα-

1936 2029 2112 2098 θάπερ
2153 2028 2333 2099 φωνὴν
2368 2029 2654 2097 ἀφιέντας·
2689 2026 2897 2088 πάντας
2935 2025 3203 2096 ὑφορᾶται
3247 2023 3339 2075 καὶ
3381 2023 3516 2074 ὑπο-

1936 2110 2142 2174 πτεύει,
2187 2111 2313 2173 τοὺς
2344 2111 2591 2172 οἰκέτας,
2634 2109 2761 2171 τοὺς
2807 2107 3085 2175 γείτονας,
3126 2105 3253 2166 τοὺς
3294 2103 3513 2172 φίλους,

1935 2193 2062 2255 τοὺς
2095 2193 2342 2261 ἐχθροὺς,
2372 2195 2498 2255 τοὺς
2545 2193 2722 2244 πάντα
2768 2189 2996 2251 εἰδότας,
3028 2189 3153 2250 τοὺς
3185 2186 3335 2239 οὐδὲν
3382 2184 3517 2237 εἰδό-

1936 2290 2051 2335 τας.
2077 2272 2286 2326 Μᾶλλον
2311 2273 2390 2336 δὲ,
2413 2275 2460 2325 εί
2491 2271 2688 2340 βούλει,
2721 2272 2812 2324 καὶ
2840 2269 3012 2322 ταῦτα
3040 2268 3390 2338 ἀναιρείσθω,
3421 2269 3516 2320 καὶ

1939 2356 2125 2425 μηδεὶς
2155 2355 2285 2408 ἵστω
2309 2365 2334 2402 Β
2368 2355 2435 2408 τὰ
2461 2353 2871 2425 τετολμημένα,
2908 2352 3021 2405 ἀλλ’
3068 2353 3100 2422 ἢ
3144 2353 3301 2422 μόνος
3355 2351 3516 2413 αὐτὸς

1939 2440 2076 2509 μετὰ
2111 2440 2207 2508 τῆς
2247 2438 2607 2510 ὑϐριζομένης
2652 2437 2936 2506 γυναικός·
2970 2436 3084 2498 πῶς
3114 2434 3251 2487 οἴσει
3282 2434 3372 2486 τὸν
3403 2433 3517 2487 ἀπὸ

1934 2523 2030 2592 τῆς
2071 2523 2424 2591 συνειδήσεως
2452 2521 2692 2591 ἐλέγχον,
2726 2520 2919 2590 πικρὸν
2964 2517 3238 2588 πανταχοῦ
3287 2516 3516 2586 περιφέ-

1936 2623 2045 2677 ρων
2069 2607 2397 2676 κατήγορονς
2426 2605 2638 2675 Ὥσπερ
2673 2603 2781 2673 γὰρ
2807 2603 2997 2656 ἐαυτὸν
3023 2603 3124 2654 οὐκ
3155 2601 3220 2654 ἀν
3262 2599 3393 2652 ποτέ
3433 2615 3518 2662 τις

1935 2689 2115 2758 φύγοι,
2143 2689 2282 2741 οὕτω
2311 2690 2431 2741 οὐδὲ
2456 2690 2552 2759 τὴν
2581 2689 2689 2742 ἀπὸ
2718 2687 2810 2740 τοῦ
2846 2685 3130 2755 κριτηρίου
3157 2683 3340 2750 ψῆφον
3372 2681 3518 2733 ἐκεί-

1935 2789 2045 2825 νου.
2075 2771 2243 2823 Τοῦτο
2270 2773 2331 2824 τὸ
2368 2772 2715 2840 δικαστήριον
2744 2769 2804 2820 ού
2837 2769 3085 2838 χρήμασι
3124 2764 3516 2834 διαφθείρεται,

1934 2855 1995 2905 οὐ
2045 2853 2354 2915 κολακείαις
2395 2853 2666 2906 ἐνδίδωσι·
2705 2851 2846 2903 θεῖον
2894 2850 3002 2920 γάρ
3054 2850 3204 2911 ἐστι,
3237 2849 3330 2900 καὶ
3367 2848 3519 2917 παρά

1936 2936 2068 2990 Θεοῦ
2098 2940 2216 2999 ταῖς
2258 2937 2550 3008 ἡμετέραις
2592 2933 2934 3004 ἐνιδρυμένον
2962 2933 3181 3003 ψυχαῖς.
3207 2933 3414 2994 Ὄντως
3455 2932 3521 2984 ’0

1931 3020 2142 3089 μοιχὸς
2181 3019 2255 3072 δι’
2296 3020 2534 3072 ἔνδειαν
2565 3016 2801 3086 φρενῶν
2837 3014 3144 3069 ἀπώλειαν
3184 3013 3258 3081 τῇ
3297 3013 3522 3067 ἑαυτοῦ

1935 3101 2105 3171 ψυχῇ
2139 3103 2539 3170 περιποιεῖται.
2570 3101 2642 3153 Ub
2682 3099 2784 3168 μὴν
2820 3099 2940 3151 οὐδὲ
2968 3101 2995 3151 ὁ
3033 3097 3272 3166 κλέπτης
3299 3098 3326 3135 δ
3359 3097 3519 3150 κολά-

1938 3201 2072 3249 σεως
2100 3186 2487 3254 ἀπεστέρηται,
2519 3182 2653 3236 ἀλλά
2694 3181 2875 3234 δίδωσι
2914 3180 3013 3251 μὲν
3052 3180 3228 3248 δίκην,
3253 3179 3514 3231 ἐλάττονα

1935 3265 2010 3319 δέ.
2042 3269 2106 3318 At
2143 3268 2247 3337 γὰρ
2270 3267 2584 3336 συγκρίσεις
2608 3266 2708 3317 οὐκ
2739 3266 2817 3323 είς
2847 3263 2944 3332 τὴν
2979 3263 3225 3314 ἐναντίαν
3258 3260 3519 3324 ἐξωθοῦσι

1934 3349 2083 3413 τάξιν
2118 3350 2186 3401 τὰ
2217 3349 2635 3417 συγκρινόμενα,
2665 3347 2776 3397 ἀλλ’
2802 3347 3051 3413 ἀφιεῖσαι
3093 3343 3270 3413 μένειν
3297 3344 3390 3394 ἐπὶ
3421 3342 3521 3409 τῆς

1937 3431 2140 3492 οἰκείας
2168 3431 2348 3499 χώρας
2378 3430 2536 3488 αύτά,
2568 3430 2859 3482 ἐλάττωσιν
2901 3428 3180 3495 εἰσάγουσι
3225 3427 3317 3479 καὶ
3355 3427 3522 3495 ύπερ-

1937 3513 2085 3580 οχήν.
2120 3511 2270 3580 Τάχα
2303 3513 2362 3563 οὐ
2400 3513 2664 3580 συνήκατε
2688 3511 2748 3562 τὸ
2796 3509 2982 3578 λεχθέν
3004 3527 3016 3539 ·
3068 3507 3260 3560 οὐκοῦν
3305 3508 3517 3577 ἀνάγκη

1940 3596 2270 3663 σαφέστερον
2300 3597 2489 3646 εἰπεῖν.
2521 3594 2697 3646 Καλὸν
2723 3595 2750 3645 6
2785 3593 2980 3661 γάμος,
3011 3591 3146 3644 ἀλλά
3186 3591 3451 3660 κρείττων
3480 3595 3514 3659 ἡ

1939 3677 2202 3746 παρθενία
2222 3695 2236 3708 ·
2257 3677 2354 3729 ούκ
2374 3677 2557 3746 ἐπειδὴ
2581 3677 2844 3746 κρείττων
2870 3678 2901 3744 ἡ
2932 3674 3220 3743 παρθενία,
3245 3672 3333 3724 διά
3361 3672 3524 3726 τοῦτο

1937 3760 2102 3811 κακὸν
2138 3761 2165 3810 6
2194 3759 2401 3829 γάμος,
2449 3760 2562 3812 ἀλλ’
2606 3758 2822 3810 ἔλαττον
2855 3758 2951 3826 μὲν
2995 3757 3225 3818 ἐκείνου,
3267 3755 3428 3808 καλὸν
3461 3755 3520 3807 δὲ

1938 3841 2031 3892 καὶ
2076 3843 2226 3894 αὑτό.
2271 3841 2428 3895 Οὕτω
2466 3842 2560 3893 καὶ
2605 3839 2868 3892 ἐνταῦθα·
2903 3841 3072 3891 κακὸν
3106 3841 3138 3910 ἡ
3172 3839 3368 3909 κλοπὴ,
3402 3837 3520 3891 ἀλλ’

1938 3921 2156 3975 ἔλαττον
2193 3925 2288 3993 μὲν
2321 3923 2550 3988 ἐκείνου,
2583 3923 2749 3976 κακὸν
2776 3923 2831 3974 δὲ
2862 3924 2954 3975 καὶ
2986 3922 3136 3974 αὐτὸ.
3162 3918 3314 3981 Εἶδες
3342 3922 3521 3990 ἀμαρ-

1938 4007 2195 4075 τημάτων
2244 4008 2536 4078 διαφοράς;
2565 4008 2791 4074 Ἴδωμεν
2830 4002 2921 4058 οὖν
2961 4007 3117 4058 ποίαν
3153 4001 3306 4066 οὗτος
3341 4005 3521 4073 ἀμαρ-

1939 4089 2057 4140 τίαν
2087 4091 2348 4160 ἥμαρτεν.
2390 4091 2634 4158 Ὑψώθη,
2665 4090 2846 4159 φησὶν,
2875 4091 2913 4157 ἡ
2942 4088 3155 4155 καρδία
3182 4086 3389 4139 αὑτοῦ.
3416 4089 3523 4140 Χα-

1938 4170 2098 4240 λεπὸν
2119 4173 2178 4224 τὸ
2206 4172 2426 4244 τραῦμα
2445 4191 2457 4201 ·
2483 4173 2709 4225 ἀπόνοια
2735 4172 2840 4240 γάρ
2863 4173 3028 4234 ἐστιν,
3053 4171 3285 4222 ἀπόνοια
3308 4171 3341 4239 ή
3368 4171 3519 4239 πηγὴ

1940 4256 2155 4308 πάντων
2198 4255 2307 4307 τῶν
2356 4256 2559 4308 κακῶν.
2604 4257 2712 4306 Καὶ
2758 4255 2841 4306 ἵνα
2883 4254 3162 4324 συντόμως
3203 4254 3380 4323 μάθῃς
3423 4253 3520 4306 τοῦ

1940 4343 2240 4410 νοσήματος
2272 4341 2363 4410 τὴν
2402 4344 2616 4405 κακίαν,
2647 4342 2821 4393 ἐκεῖνο
2864 4339 3111 4393 ἄκουσον.
3142 4340 3222 4391 Τά
3254 4339 3352 4408 μὲν
3383 4338 3517 4393 ἄλλα

1941 4424 2308 4493 ἁμαρτήματα
2343 4425 2470 4493 περὶ
2507 4425 2604 4493 τὴν
2632 4422 2901 4492 ἡμετέραν
2947 4423 3234 4492 στρέφεται
3270 4420 3450 4489 φύσιν,
3483 4423 3518 4492 ἡ

1938 4508 1993 4559 δὲ
2042 4507 2384 4576 ὑπερηερανία
2428 4508 2652 4574 δύναμιν
2701 4505 2989 4575 ἀσώματον
3042 4507 3376 4566 κατέσπασε,
3423 4505 3519 4558 καὶ

1940 4591 2232 4643 κατέϐαλεν
2260 4590 2482 4644 ἄνωθεν.
2515 4589 2617 4642 Τὸν
2646 4588 2753 4658 γὰρ
2787 4587 3050 4651 διάϐολον,
3093 4588 3193 4640 οὐκ
3223 4588 3351 4639 ὄντα
3381 4589 3515 4656 πρό-

1939 4693 2092 4746 τερον
2124 4675 2386 4736 διάϐολον,
2416 4674 2574 4727 τοῦτο
2609 4674 2757 4745 [H7]
2801 4671 2936 4726 εἶναι
2983 4673 3225 4726 διάϐολον
3270 4673 3514 4742 ἐποίησε.

1940 4760 2050 4812 Κᾶν
2076 4760 2172 4829 μὲν
2189 4760 2278 4811 τὸν
2305 4759 2528 4811 Ἡσαΐαν
2551 4759 2958 4827 παραγάγωμεν
2994 4757 3248 4826 μάρτυρα
3293 4755 3517 4822 λέγοντα

1939 4842 2079 4894 οὕτω
2105 4844 2230 4913 περὶ
2257 4842 2439 4895 αὑτοῦ·
2463 4845 2566 4905 Εἰς
2585 4842 2692 4892 τὸν
2717 4839 2976 4906 οὐρανὸν
2995 4838 3391 4905 ἀναϐήσομαι,
3421 4838 3516 4889 καί

1940 4923 2151 4992 ἔσομαι
2194 4925 2394 4989 ὅμοιος
2422 4923 2500 4988 τῷ
2534 4924 2592 4974 Ὺ
2590 4924 2788 4990 ψίστῳ
2809 4938 2821 4950 ·
2849 4923 2899 4974 οί
2937 4922 3034 4983 τὰς
3065 4920 3388 4989 ἀλληγορίας
3420 4923 3516 4988 οὐχ

1939 5008 2111 5075 ἡδέως
2175 5007 2485 5076 δεχόμενοι,
2540 5007 2992 5075 παραγράφονται
3047 5005 3143 5076 τὴν
3214 5004 3520 5073 μαρτυρίαν

1942 5091 2125 5159 ἡμῶν·
2165 5091 2230 5142 ἂν
2262 5090 2318 5141 δὲ
2364 5090 2454 5142 τὸν
2495 5089 2702 5141 Παῦλον
2745 5090 3126 5156 ἐπιστήσωμεν
3158 5087 3306 5154 αὐτῷ
3348 5089 3518 5155 κατή-

1940 5188 2121 5240 γορον,
2161 5171 2333 5232 οὐδεὶς
2361 5172 2539 5224 οὐκέτι
2570 5171 2750 5224 λοιπὸν
2777 5173 3008 5240 ἀντερεῖ.
3044 5170 3107 5221 Τί
3140 5165 3229 5220 οὖν
3251 5171 3278 5220 6
3313 5168 3517 5229 Παῦλος

1942 5257 2189 5326 Τιμοθέῳ
2237 5258 2498 5326 γράφωνς
2543 5257 2665 5309 Ὅτι
2705 5254 2796 5307 τὸν
2849 5256 2971 5324 ἄρτι
3019 5252 3112 5306 τοῦ
3166 5255 3519 5322 κηρύγματος

1943 5339 2219 5410 ἁψάμενον
2259 5343 2317 5394 ού
2349 5341 2425 5392 δεῖ
2460 5339 2594 5409 πρὸς
2630 5340 2689 5392 τὸ
2725 5338 2864 5409 μέγα
2896 5340 2996 5407 τῆς
3021 5337 3326 5406 ἐπισκοπῆς
3367 5338 3519 5405 ἄγειν

2009 5606 2031 5653 ς
2059 5593 2273 5650 Quatuor
2312 5607 2426 5641 mss.
2452 5594 2600 5653 ἀγών.

2013 5651 2032 5689 ί
2070 5649 2320 5715 Ἄπαγωγή
2373 5649 2769 5715 Γιεηιὶεηιὶεςὶιηο
2817 5666 2906 5700 usu
2948 5652 3074 5709 apud
3122 5649 3518 5715 Clirysostomum

1943 5722 2018 5761 osi
2041 5712 2348 5764 abductio'ud
2373 5712 2690 5777 supplicium;
2722 5715 2948 5762 Erasmus
2970 5713 3224 5777 ἀπαγωγήν
3254 5712 3517 5777 hic_vo_rle-

1946 5784 2008 5824 rnl
2034 5773 2563 5836 depol-lunatich(lum
2584 5792 2671 5824 vox
2697 5779 2908 5825 ercam
2933 5788 3027 5823 non
3061 5776 3178 5821 satis
3203 5773 3449 5832 exprimit.

2004 5839 2028 5875 ε
2059 5838 2164 5886 Duo
2194 5853 2303 5886 nhs.
2333 5840 2490 5898 μηδεὶς
2515 5839 2667 5885 ἰδέτω.

2003 5898 2029 5934 h
2056 5904 2270 5959 Quuluor
2292 5893 2404 5948 m'ss:
2439 5903 2464 5947 ὸ
2488 5902 2714 5948 κλέπτων,
2749 5898 2866 5947 infra
2890 5898 3036 5947 iidem
3058 5898 3104 5943 αἱ
3129 5894 3303 5956 κρίσεις
3327 5893 3414 5943 οὐκ
3434 5896 3518 5946 εἷς.
