4048 6490
511 441 626 498 117

505 537 748 608 ἀξίωμα,
774 536 943 592 εἰπὼν
967 534 1135 589 οὑτω·
1168 535 1267 606 Μὴ
1302 536 1617 602 νεόφυτον,
1648 535 1749 588 ἵνα
1771 533 1856 602 μὴ
1892 549 2082 602 τυφω-

509 622 652 689 θεὶς,
684 624 772 688 εἰς
799 620 976 690 κρῖμα
999 621 1232 690 ἐμπέσῃ
1259 620 1357 673 καὶ
1393 617 1612 685 παγίδα
1635 617 1739 672 ’τοῦ
1767 615 2078 670 διαόὅλουο

507 703 604 838 ῐναὶ
629 703 704 775 μὴ
727 703 796 756 τά
816 702 956 756 αὐτά
969 702 1236 774 ἁμαρτὼν
1263 701 1478 770 ἐκείνῳ,
1501 701 1653 770 φησὶ,
1678 700 1747 752 τά
1774 699 1912 753 αὑτά
1936 696 2084 767 αὐτῷ

510 802 581 838 πε
607 803 786 838 σηται.

510 802 786 856 πεισηται.

581 931 643 987 δ’.
658 933 767 986 Καὶ
780 931 880 987 οὐκ
901 931 1149 986 ἐντεῦθεν
1170 932 1226 984 δὲ
1242 932 1400 1001 μόνον
1420 930 1578 1000 δῆλόν
1589 930 1755 992 ἐστιν,
1773 928 1906 982 ἀλλά
1925 927 2088 992 καίλὲξ

509 1006 587 1068 ὧν
610 1014 689 1084 τῷ
721 1014 922 1084 πρώτῳ
948 1014 1164 1067 πάντων
1188 1013 1285 1067 ἀνθ
1295 1013 1490 1082 ρώπων
1511 1012 1785 1082 γενομένῳ
1835 1011 2088 1064 συνεϐού-

510 1096 701 1149 λευσεν
743 1099 772 1148 6
803 1095 1036 1165 πονηρὸς
1079 1095 1285 1164 δαίμων
1324 1099 1546 1158 ἐκεῖνος.
1586 1095 1793 1164 Ὠσπερ
1833 1095 1940 1164 γὰρ
1975 1095 2088 1154 τοῖς

507 1176 733 1242 ἀγαθοῖς
761 1176 900 1240 ἔθος,
935 1176 1106 1230 ταῦτα
1142 1179 1254 1240 τοῖς
1284 1185 1309 1213 ⁸
1334 1178 1560 1247 πλησίον
1590 1179 1889 1248 παραινεῖν,
1919 1176 1986 1228 δι’
2014 1169 2088 1227 ὧν

511 1259 667 1311 αὑτοὶ
685 1259 972 1326 γεγόνασιν
1002 1259 1214 1327 ἀγαθοί·
1247 1259 1390 1312 οὑτω
1421 1261 1516 1313 καὶ
1547 1261 1658 1320 τοῖς
1683 1262 1935 1329 πονηροῖς
1971 1258 2088 1320 ἔθος

511 1339 734 1393 τοιαῦτα
759 1340 1096 1410 εἰσηγεῖσθαι
1123 1344 1232 1403 τοῖς
1265 1341 1513 1410 πλησίον,
1537 1341 1603 1393 δι’
1638 1333 1712 1394 ὧν
1747 1341 1900 1394 αὐτοὶ
1930 1341 2088 1408 γεγό-

506 1437 634 1474 νασι
665 1421 876 1488 φαῦλοι.
918 1423 1014 1473 Ἓν
1047 1420 1154 1493 γάρ
1187 1423 1280 1476 καὶ
1320 1423 1477 1476 τοῦτο
1520 1425 1620 1493 τῆς
1647 1423 1911 1493 πονηρίας
1953 1418 2090 1484 εἶδός

511 1502 650 1564 ἐστι,
675 1504 770 1554 καὶ
803 1503 1152 1573 παραμυθίαν
1179 1505 1434 1573 ήγοῦνται
1460 1508 1558 1573 τῆς
1590 1505 1792 1568 οἰκείας
1819 1505 2090 1566 κολάσεως

508 1585 611 1655 τὴν
639 1585 839 1655 ἐτέρων
865 1584 1157 1641 ἀπώλειαν.
1185 1589 1249 1639 Τί
1270 1583 1364 1641 οῦν
1393 1588 1422 1639 6
1442 1586 1684 1650 διάϐολος
1709 1587 2089 1641 συνεϐούλευσε

511 1666 592 1736 τῷ
630 1667 827 1737 Ἀδάμ;
858 1669 1093 1733 Μείζονα
1135 1669 1235 1738 τῆς
1276 1670 1483 1732 οἰκείας
1528 1670 1739 1738 φύσεως
1785 1671 1967 1725 λαϐεῖν
2005 1669 2090 1721 έν-

514 1765 682 1812 νοιαν,
711 1751 806 1802 καὶ
839 1749 1074 1804 ἰσοθείαν
1102 1750 1319 1804 ἐλπίσαι
1339 1753 1392 1807 δ.
1423 1752 1486 1804 Εἰ
1518 1753 1624 1822 γὰρ
1656 1754 1756 1823 ἐμὲ
1787 1752 1878 1806 τοῦ
1921 1753 2090 1822 οὐρα-

507 1831 607 1883 νοῦ
630 1830 807 1892 τοῦτο,
843 1832 1028 1901 φησὶν,
1063 1833 1306 1897 ἐξέϐαλε,
1336 1833 1514 1905 πολλῷ
1553 1834 1750 1904 μᾶλλον
1779 1834 1966 1888 τοῦτον
1996 1832 2090 1886 τοῦ

512 1914 844 1982 παραδείσου
891 1913 952 1967 τὸ
991 1915 1120 1968 αὐτὸ
1160 1915 1317 1969 τοῦτο
1352 1917 1588 1970 ἐκϐαλεῖ.
1623 1918 1721 1970 Διά
1748 1917 1905 1971 τοῦτο
1937 1918 2032 1970 καὶ
2063 1919 2092 1971 6

515 1994 766 2065 Σολομῶν
804 1996 1064 2064 ἐλεγενο·
1114 1998 1174 2049 '0
1216 1997 1360 2062 Θεὸς
1391 2001 1794 2068 ὑπερηφάνοις
1824 2000 2092 2055 ἀντιτάσ-

513 2093 703 2132 σεται.
735 2079 850 2132 Οὑκ
887 2075 1063 2140 εἶπεν,
1101 2079 1183 2131 ὃτι
1223 2080 1251 2130 6
1291 2079 1421 2142 Θεδς
1455 2081 1833 2150 ὑπερηφάνους
1875 2081 2089 2152 ἀφίησι,

513 2160 609 2215 καὶ
631 2162 1119 2232 ἐγκαταλιμπάνει,
1143 2164 1239 2216 καὶ
1264 2166 1363 2234 τῆς
1387 2164 1590 2227 οἰκείας
1611 2164 1857 2234 βοηθείας
1875 2168 2089 2234 γυμνοί,

513 2243 651 2305 ἀλλ’,
686 2243 1108 2306 Ἀντιτάσσεται,
1133 2245 1314 2314 φησίν·
1343 2246 1439 2315 οὑχ
1457 2247 1538 2298 ὅτι
1566 2245 1920 2315 παρατάξεως
1946 2247 2092 2316 αὑτῷ

514 2326 611 2378 καὶ
637 2326 817 2396 μάχης
845 2326 948 2380 ἔδει
981 2327 1116 2399 πρὸς
1153 2328 1241 2380 τὸν
1272 2329 1639 2398 ὑπερήφανον
1667 2329 1719 2381 τί
1751 2328 1860 2399 γὰρ
1889 2330 2092 2399 ὑπερη-

512 2409 683 2476 φάνου
726 2410 922 2476 γένοιτ’
960 2409 1026 2463 ἂν
1072 2410 1486 2479 ἀσθενέστερον;
1541 2412 1748 2478 ’Ὥσπερ
1787 2412 1896 2482 γάρ
1932 2413 1960 2465 6
1996 2413 2092 2476 τάς

511 2489 662 2557 ϐψεις
688 2491 978 2555 ἀπολέσας,
1011 2493 1181 2545 ἀπασι
1219 2493 1499 2562 πρόκειται
1527 2494 1664 2564 πρὸς
1692 2493 1752 2545 16
1777 2493 1960 2555 κακῶς
1991 2511 2093 2546 πα-

511 2571 645 2633 θεῖν,
703 2572 874 2634 οὑτως
929 2575 956 2626 6
997 2573 1359 2644 ὑπερήφανος,
1399 2575 1428 2624 6
1476 2573 1550 2643 μὴ
1577 2573 1733 2636 εἰδὼς
1767 2575 1858 2626 16v
1889 2574 2092 2643 Κύριον

512 2655 721 2726 (Ἀρχὴ
766 2655 894 2725 γὰρ,
943 2656 1128 2724 φησὶν,
1174 2656 1603 2723 ὑπερηφανίας.
1649 2655 1715 2708 τὸ
1753 2655 1840 2722 μὴ
1873 2655 2092 2707 εἰδέναι

508 2736 620 2790 τὸν
643 2738 908 2806 Κύριον),
943 2737 1036 2789 καὶ
1064 2736 1370 2807 ἀνθρώποις
1403 2737 1668 2800 εὐάλωτός
1693 2738 1826 2812 ἐστι,
1859 2737 1952 2789 τοῦ
1977 2756 2090 2806 φω-

509 2818 602 2881 τὸς
645 2817 894 2871 ἐκπεσὼν
938 2819 1164 2872 ἐκείνου.
1194 2816 1256 2870 Εἰ
1289 2817 1348 2869 δὲ
1387 2819 1482 2871 καὶ
1520 2820 1734 2889 ἰσχυρὸς
1759 2821 1862 2887 εἴη,
1890 2821 1988 2872 οὑκ
2025 2821 2090 2873 ἂν

511 2900 873 2970 παρατάξεως
917 2900 1102 2970 ἐδέησε
1145 2900 1223 2970 τῷ
1266 2899 1384 2970 Θεῷ
1426 2902 1563 2972 πρὸς
1605 2902 1787 2954 αὐτόν·
1907 2902 2014 2972 γὰρ
2056 2905 2088 2972 ἡ

511 2983 767 3053 βούλησις
806 2984 1006 3053 ἤρκεσε
1038 2983 1171 3053 πρὸς
1209 2983 1269 3035 16
1311 2984 1487 3036 πάντα
1521 2988 1878 3054 παραγαγεῖν,
1912 2985 2090 3055 πολλῷ

515 3065 714 3134 μᾶλλον
747 3067 842 3118 καὶ
878 3066 1013 3136 πρὸς
1048 3067 1146 3134 τὴν
1187 3065 1461 3134 ἀναίρεσιν
1502 3065 1679 3117 αὑτῶν
1718 3067 1894 3134 ἀρκεῖ.
1937 3067 2090 3128 Τίνος

510 3144 605 3201 οὖν
630 3149 836 3211 ἕνεκεν,
870 3148 1051 3216 φησὶν,
1081 3147 1486 3211 ἀντιτάσσεταις
1517 3149 1632 3198 Ἵνα
1656 3147 1717 3198 16
1744 3147 1970 3217 σφοδρὸν
1997 3149 2092 3216 τῆς

510 3232 807 3302 ἀπεχθείας
832 3231 1129 3299 ἐνδείξηται
1159 3231 1254 3298 τῆς
1278 3230 1413 3299 πρὸς
1440 3229 1530 3282 τὸν
1569 3231 1934 3300 ὑπερήφανον.
1971 3231 2091 3282 Ὀτι

512 3317 614 3386 μὲν
635 3312 729 3370 οὖν
757 3314 993 3385 χαλεπὸν
1019 3313 1081 3365 16
1107 3313 1325 3382 τραῦμα
1360 3315 1420 3365 τὸ
1445 3316 1544 3384 τῆς
1573 3313 1966 3383 ὑπερηφανίας,
1998 3315 2092 3364 καὶ

509 3399 576 3450 ἐκ
601 3397 814 3458 τούτου,
852 3396 945 3448 καὶ
975 3394 1266 3455 ἀλλαχόθεν
1302 3394 1477 3464 δῆλον.
1519 3396 1578 3447 Εἰ
1611 3394 1667 3446 δὲ
1694 3394 1968 3463 βούλεσθε,
1999 3394 2092 3446 καὶ

509 3479 801 3549 ἀλλαχόθεν
837 3476 935 3545 τὴν
967 3476 1145 3529 αἰτίαν
1179 3474 1343 3527 αὑτοῦ
1386 3476 1663 3545 μάθωμεν,
1695 3476 1788 3544 ἀφ’
1827 3472 1894 3546 ἧς
1924 3478 1981 3529 τὸ
2015 3477 2093 3529 ἕλ-

511 3579 605 3623 κος
631 3561 867 3628 ἐγένετο.
908 3560 1018 3611 Καὶ
1043 3558 1152 3626 γὰρ
1180 3557 1298 3619 ἔθος
1322 3561 1386 3627 τῇ
1415 3559 1627 3628 Γραφῇ.
1669 3559 1884 3610 ἐπειδὰν
1920 3560 2088 3629 μέλλῃ

509 3643 654 3706 τινὸς
687 3643 1037 3711 κατηγορεῖν,
1073 3641 1146 3710 μὴ
1173 3639 1269 3709 τὴν
1290 3640 1565 3709 ἁμαρτίαν
1598 3641 1759 3692 αὑτοῦ
1787 3643 1962 3708 λέγειν
1996 3645 2091 3709 μό-

509 3743 620 3784 νον.
664 3724 801 3777 ἀλλά
842 3723 936 3775 καὶ
975 3722 1152 3774 αἰτίαν
1184 3722 1281 3791 τῆς
1314 3721 1585 3791 ἁμαρτίας
1613 3720 1882 3774 διδάσκειν
1923 3725 2087 3793 ήμᾶςο

511 3811 654 3861 ποιεί
678 3807 736 3859 δέ
757 3805 933 3869 τοῦτο,
958 3805 1083 3866 τοὺς
1103 3805 1441 3872 ὑγιαίνοντας
1467 3802 1898 3873 ἀσφαλεστέρους
1929 3823 2091 3857 κατα-

511 3891 852 3951 σκευάζουσα
881 3889 1015 3958 πρὸς
1035 3887 1096 3940 16
1126 3887 1200 3957 μὴ
1223 3890 1335 3948 τοῖς
1363 3887 1545 3948 αὐτοῖς
1569 3889 1901 3956 περιπεσεῖν.
1936 3887 2089 3939 Οὑτω

509 3973 606 4026 καὶ
651 3972 824 4042 ἰατροὶ
856 3971 993 4039 πρὸς
1045 3971 1170 4031 τοὺς
1209 3969 1514 4038 κάμνοντας
1551 3967 1825 4030 εἰσιόντες,
1856 3969 1949 4021 καὶ
1984 3969 2089 4038 πρὸ

509 4055 620 4108 τῶν
647 4054 967 4124 νοσημάτων
999 4050 1337 4120 ἀνιχνεύουσι
1363 4050 1461 4113 τὰς
1492 4050 1691 4117 πηγὰς,
1717 4049 1855 4102 ῶστε
1883 4051 2087 4104 ἄνωθεν

509 4138 817 4190 ἀναστεῖλαι
855 4135 915 4188 16
947 4135 1132 4188 κακόνο
1167 4135 1195 4187 6
1219 4135 1348 4206 γὰρ,
1387 4133 1486 4203 τῆς
1523 4133 1676 4202 ῥίζης
1705 4133 1987 4202 μενούσης,
2021 4134 2089 4186 τὰ

514 4221 870 4289 βλαστήματα
894 4216 1049 4288 [118]
1082 4216 1359 4285 ἐκτέμνων
1410 4215 1593 4284 μόνον,
1629 4215 1778 4267 οὐδὲν
1819 4215 2022 4284 ἕτερον,
2052 4217 2086 4285 ἢ

514 4304 886 4373 ματαιοπονεῖ.
913 4299 1020 4352 Ποῦ
1049 4295 1140 4352 οὖν
1164 4302 1195 4368 ή
1224 4298 1413 4368 Γραφὴ
1453 4299 1545 4350 καί
1574 4297 1672 4365 τὴν
1700 4299 1972 4368 ἁμαρτίαν
1999 4300 2088 4350 καὶ

509 4385 610 4453 τὴν
653 4385 833 4438 αἰτίαν
866 4385 964 4452 τῆς
1007 4383 1278 4452 ἁμαρτίας
1309 4378 1464 4444 εἰπε;
1499 4382 1806 4450 Κατηγορεῖ
1838 4381 1944 4432 τῶν
1984 4381 2088 4451 πρὸ

508 4467 605 4521 τοῦ
650 4464 1039 4534 κατακλυσμοῦ
1074 4463 1375 4532 γενομένων
1416 4463 1508 4514 ἐπὶ
1543 4465 1660 4524 ταῖς
1693 4463 1752 4514 οὑ
1785 4464 2090 4532 προσηκού-

511 4567 633 4613 σαις
663 4547 963 4619 ἐπιμιξίαις
982 4545 1036 4585 δ’
1064 4546 1156 4598 καί¹
1181 4544 1408 4597 ἄκουσον
1438 4543 1552 4606 πῶς
1575 4543 1750 4612 τίθησι
1771 4545 1866 4615 τὴν
1889 4546 2084 4599 αἰτίαν·

523 4635 743 4696 ’ἰδόντες
773 4633 823 4686 οἰ
849 4632 955 4684 υἱοὶ
985 4631 1078 4682 τοῦ
1113 4628 1245 4682 Θεοῦ
1277 4629 1376 4690 τὰς
1403 4627 1705 4698 θυγατέρας
1738 4629 1844 4681 τῶν
1877 4629 2085 4696 ἀνθρώ-

510 4736 648 4777 πων,
684 4717 766 4769 ὅτι
795 4715 956 4767 καλαί
986 4715 1139 4776 εἰσιν,
1167 4711 1355 4765 ἔλαϐον
1386 4711 1553 4771 αὑτὰς
1580 4712 1786 4782 έαυτοῖς
1809 4712 1888 4772 εἰς
1912 4717 2088 4778 γυναῖ-

509 4818 632 4861 κας.
662 4799 727 4850 Τί
764 4795 878 4860 οὖν,
913 4796 973 4848 16
1007 4796 1199 4856 κάλλος
1229 4795 1327 4864 τῆς
1353 4793 1628 4864 ἁμαρτίας
1654 4793 1854 4856 αἴτιον;
1883 4795 1970 4862 Μὴ
1999 4795 2085 4861 γέ-

509 4898 671 4935 νοιτοο
697 4881 794 4950 τῆς
826 4880 931 4950 γὰρ
959 4880 1094 4932 Θεοῦ
1124 4878 1314 4947 σοφίας
1337 4877 1497 4948 ἔργον
1525 4876 1656 4927 ἐστί’
1687 4875 1822 4927 Θεοῦ
1853 4875 1907 4926 δὲ
1932 4876 2087 4945 ἔργον

509 4964 610 5017 οὑκ
639 4963 706 5015 ἄν
729 4979 858 5015 ποτε
881 4962 1089 5029 γένοιτο
1121 4960 1382 5032 πονηρίας
1407 4960 1595 5012 αἴτιον.
1644 4958 1801 5010 Ἀλλά
1834 4959 1892 5010 16
1926 4959 2083 5026 ἰδείνς

511 5046 647 5099 Οὑδέ
699 5044 876 5097 τοῦτο’
924 5046 1016 5096 καὶ
1074 5043 1182 5112 γὰρ
1233 5044 1324 5096 καὶ
1361 5041 1518 5094 τοῦτο
1550 5041 1646 5110 τῆς
1681 5040 1894 5108 φύσεως
1929 5041 2087 5112 ἔργον

513 5128 680 5181 ἐστίν.
724 5127 880 5178 Ἀλλά
907 5127 993 5189 τίς
1025 5125 1096 5178 T6
1121 5125 1302 5187 κακῶς
1337 5125 1482 5178 ἰδεῖν·
1512 5123 1664 5176 τοῦτο
1693 5123 1800 5193 γὰρ
1831 5123 2087 5194 προαιρέ-

513 5227 651 5272 σεως
690 5209 1086 5279 διεφθαρμένης
1117 5221 1140 5246 θ
1177 5209 1313 5262 ἐστί.
1361 5207 1456 5260 Διά
1487 5206 1646 5258 τοῦτο
1680 5207 1770 5258 καί
1805 5224 1885 5269 τις
1927 5207 2085 5275 σοφὸς

512 5296 770 5364 παραινεῖ
809 5293 1001 5360 λέγων,
1041 5292 1130 5362 Μὴ
1156 5291 1538 5360 καταμάνθανε
1567 5290 1758 5351 κάλλος
1789 5289 2080 5360 ἀλλότριον.

513 5378 626 5428 Οὑκ
655 5372 795 5441 εἰπε,
814 5375 904 5446 Μὴ
929 5376 1061 5447 ἴδῃς
1090 5375 1374 5444 συμϐαίνει
1403 5375 1508 5444 γάρ
1540 5374 1668 5426 καὶ(
1695 5375 1800 5425 ἀπὸ
1824 5374 1914 5426 τοῦ
1932 5375 2085 5426 αύτο-

577 5601 603 5627 ⁸
627 5597 763 5652 Ἐθος
781 5596 975 5645 τοιαῦτα
996 5598 1110 5656 τοῖς,
1136 5599 1204 5645 sic
1235 5597 1427 5658 quidam
1453 5611 1566 5646 mss.
1611 5596 1735 5646 Infra
1762 5598 1906 5648 iidem
1937 5617 2080 5657 πονησ

511 5659 614 5721 ρίας
633 5659 787 5721 αὐτῶν
815 5660 947 5721 εἶδος.

576 5720 602 5757 δ
632 5719 764 5767 Unus
781 5720 981 5774 ίσοθείας
1009 5723 1336 5780 φαντασθῆναι.

576 5786 597 5844 ‘_
626 5783 842 5844 Quatuor
863 5794 978 5826 mss.
1004 5782 1083 5844 καὶ
1117 5785 1142 5827 6
1167 5784 1309 5844 Σιράχ
1331 5783 1498 5844 ἔλεγεν.

573 5842 600 5880 ἀ
627 5841 764 5905 pnus
784 5841 1133 5905 προμυκούσαις
1154 5841 1410 5905 ἐπιμυρίαις
1434 5843 1560 5905 (sic).

579 5917 604 5963 ς
627 5902 759 5963 Unus
777 5902 1157 5963 διεστραμμένης.

579 5961 600 6000 ⁸
629 5962 761 6010 Unus
784 5962 877 6009 ἀπὸ
913 5961 1222 6023 ταύτομάτου.

1223 421 1281 478 S.
1322 418 1606 476 JOANNIS
1640 415 2118 476 CHRYSOSTOW
2161 417 2478 478 ARCHIEP.
2518 423 3062 481 CONSTANTINOP.

3660 437 3775 489 118

2190 533 2361 602 μάτου
2410 537 2567 591 τοῦτο
2608 539 2877 606 γενέσθαι·
2927 541 3084 606 ἀλλά,
3115 541 3205 611 Μὴ
3229 538 3633 608 καταμάνθανε,
3665 557 3778 610 φη-

2190 616 2263 679 σὶ,
2299 618 2395 688 τὴν
2427 621 2490 672 ἐκ
2519 620 2747 690 μελέτης
2787 623 3133 692 κατανόησιν,
3166 623 3263 692 τὴν
3301 622 3590 690 περίεργον
3626 620 3776 688 ὄψιν,

2184 698 2282 769 τὴν
2313 700 2450 769 μετά
2479 698 2758 772 διατριϐῆς
2792 704 3032 774 πονηράν
3059 704 3310 772 θεωρίαν,
3348 704 3445 772 τὴν
3469 702 3576 754 ἀπὸ
3593 702 3778 772 ψυχῆς

2182 780 2582 853 διεφθαρμένης
2615 783 2707 837 καὶ
2736 786 3105 856 ἐπιθυμούσης
3134 785 3390 854 ἀναιρῶν.
3419 785 3528 838 Καὶ
3561 783 3633 847 τί,
3664 801 3776 852 φη-

2186 863 2288 924 σὶν,
2317 864 2380 916 ἐκ
2407 864 2595 918 τούτου
2629 865 2823 934 γένοιτ’
2858 867 2922 919 ἀν
2964 866 3190 936 βλάϐοςς
3235 867 3327 918 Ἐκ
3365 866 3578 927 τούτου,
3612 867 3772 934 φησι,

2187 945 2334 1012 φιλία
2367 945 2443 1008 ῶς
2485 947 2594 1016 πῦρ
2627 949 2945 1001 ἀνακαίεται
2986 950 3032 998 α.
3085 948 3349 1015 Καθάπερ
3393 948 3500 1016 γάρ
3540 946 3600 998 16
3635 947 3775 1016 πῦρ,

2186 1029 2402 1082 ἐπειδάν
2432 1030 2622 1100 χόρτου
2646 1031 2788 1094 τινος
2812 1031 2842 1100 ἢ
2873 1030 3124 1101 καλάμης
3154 1027 3496 1099 ἐπιλάϐηται,
3524 1031 3623 1083 οὑκ
3645 1032 3778 1082 ἀνα-

2191 1111 2339 1178 μένει
2364 1114 2557 1183 χρόνον
2585 1115 2725 1177 τινὰ,
2758 1114 2871 1167 ἀλλ’
2900 1113 3036 1183 ὁμοῦ
3073 1131 3130 1165 τε
3157 1113 3331 1182 ἥψατο
3362 1113 3459 1181 τῆς
3493 1112 3644 1180 ὓλης,
3676 1112 3779 1165 καὶ

2187 1192 2442 1266 λαμπράν
2484 1196 2656 1265 ἀνῆψε
2699 1197 2728 1236 h
2759 1197 2857 1267 τὴν
2888 1196 3080 1264 φλόγα·
3127 1196 3269 1247 οὑτω
3303 1194 3483 1247 καὶτὸ
3525 1194 3636 1265 πῦρ
3669 1196 3779 1262 τῆς

2189 1275 2484 1346 ἐπιθυμίας
2515 1279 2614 1347 τῆς
2645 1280 2702 1330 ἐν
2737 1279 2889 1348 ήμῖν,
2919 1278 3140 1330 ἐπειδάν
3171 1277 3258 1330 διά
3296 1276 3395 1344 τῆς
3425 1276 3533 1328 τῶν
3566 1277 3777 1343 ὀφθαλ-

2193 1357 2306 1426 μῶν
2339 1359 2523 1428 δψεως
2577 1359 2813 1424 εὐειδοῦς
2855 1364 2948 1414 καὶ
2985 1359 3244 1431 λαμπροῦ
3283 1359 3510 1421 κάλλους
3543 1359 3774 1426 ἆψηται,

2189 1439 2387 1503 εὐθέως
2433 1442 2739 1512 ἐμπίπρησι
2768 1443 2865 1513 τὴν
2911 1443 3110 1514 ψυχήν.
3152 1442 3243 1512 Μὴ
3276 1440 3452 1494 τοίνυν
3487 1440 3582 1510 τὴν
3609 1442 3782 1508 πρόσ-

2189 1539 2379 1593 καιρον
2423 1522 2538 1593 ἴδῃς
2575 1525 2787 1593 ήδονὴν,
2819 1525 2916 1594 τὴν
2948 1525 3054 1577 ἀπὸ
3093 1524 3190 1592 τῆς
3221 1524 3474 1594 θεωρίας,
3507 1521 3641 1575 ἀλλά
3672 1523 3780 1592 τὴν

2189 1603 2405 1674 διηνεκῆ
2437 1605 2710 1676 σκόπησον
2733 1605 2945 1674 ὀδύνην,
2975 1607 3072 1677 τὴν
3097 1608 3202 1659 ἀπὸ
3225 1608 3323 1676 τῆς
3354 1605 3665 1674 ἐπιθυμίας.
3705 1604 3780 1656 Ἡ

2195 1684 2295 1754 μὲν
2319 1685 2428 1756 γὰρ
2462 1687 2521 1739 16
2549 1687 2767 1757 τραῦμα
2796 1687 3008 1741 ἐνθεῖσα
3047 1687 3365 1759 ἀπεπήδησε
3404 1688 3681 1748 πολλάκιςο
3707 1686 3781 1738 16

2189 1766 2245 1819 δὲ
2291 1768 2511 1839 τραῦμα
2549 1771 2649 1823 οὑκ
2681 1771 2958 1842 ἀποπηδᾷ,
3002 1770 3138 1824 ἀλλά
3189 1771 3337 1841 μένει
3384 1771 3636 1830 πολλάκις
3676 1769 3782 1821 καὶ

2192 1851 2471 1905 ἀπόλλυσι.
2521 1854 2630 1908 Καὶ
2673 1855 2926 1925 καθάπερ
2961 1854 3162 1924 ἔλαφος
3218 1853 3481 1922 δεξαμένη
3516 1852 3664 1921 βέλος
3709 1852 3779 1903 ἐν

2193 1935 2390 2003 καιρίῳ
2423 1935 2515 1987 τοῦ
2557 1935 2825 2006 σώματος,
2857 1937 2959 1991 κάν
2995 1937 3209 2009 ἐκφύγῃ
3249 1936 3358 1988 τῶν
3390 1933 3640 2006 θηρατῶν
3671 1934 3779 1997 τὰις

2192 2018 2399 2085 χεῖρας,
2427 2016 2577 2070 οὐδὲν
2603 2018 2872 2088 κερδαίνει
2899 2018 3102 2073 λοιπόψ
3134 2016 3276 2071 οὑτω
3309 2019 3405 2072 καὶ
3445 2016 3590 2086 ψυχὴ
3615 2016 3776 2082 δεξα-

2195 2099 2332 2166 μένη
2369 2097 2526 2166 βέλος
2567 2100 2862 2170 ἐπιθυμίας
2901 2101 2963 2164 ἐξ
3005 2101 3304 2155 ἀκολάστου
3344 2100 3437 2153 καὶ
3476 2099 3775 2167 περιέργου

2193 2179 2443 2250 θεωρίας,
2469 2180 2572 2234 κᾶν
2599 2182 2659 2233 16
2689 2181 2841 2251 βέλος
2870 2184 3070 2251 ἀφεῖσα
3102 2183 3331 2252 ἀπέλθῃ,
3359 2181 3498 2250 αὐτὴ
3527 2181 3779 2248 διαφθεί-

2193 2280 2346 2332 ρεται
2393 2264 2488 2316 καὶ
2516 2264 2828 2329 ἀπόλλυται,
2868 2264 3139 2334 πανταχοῦ
3182 2265 3272 2318 16v
3305 2264 3558 2331 πολέμιον
3587 2263 3778 2330 ὁρῶσα

2192 2345 2284 2398 καὶ
2325 2347 2586 2416 ἑπόμενον
2627 2347 2843 2418 ἔχουσα.
2896 2349 3034 2401 Ἀλλ’
3062 2349 3196 2419 ὅπερ
3228 2348 3411 2416 ἔλεγον
3452 2348 3531 2412 (ού
3554 2346 3663 2417 γὰρ
3691 2347 3781 2398 δεῖ

2195 2429 2408 2498 μακρὰς
2432 2434 2730 2498 συγχωρεῖν
2751 2430 2844 2482 τοῦ
2868 2431 3024 2498 λόγου
3048 2431 3312 2484 ποιεῖσθαι
3335 2431 3434 2493 τὰς
3453 2430 3773 2499 ἐκτροπάς),

2190 2509 2272 2560 ὅτι
2304 2509 2550 2582 ήΓραφὴ
2582 2513 2674 2564 καὶ
2699 2513 2766 2564 τά
2795 2513 3166 2583 ἁμαρτήματα
3203 2513 3298 2567 καί⁵
3331 2512 3431 2574 τὰς
3467 2511 3648 2571 αἰτίας
3675 2511 3778 2562 a6-

2191 2591 2298 2642 τῶν
2337 2591 2513 2656 λέγειν
2554 2593 2760 2655 εἴωθεν,
2801 2595 2966 2647 ἄκουε
2999 2595 3127 2660 γοῦν
3160 2597 3255 2648 καὶ
3288 2594 3521 2648 ἐνταῦθα
3555 2594 3607 2645 τί
3637 2607 3777 2660 φησι

2192 2673 2320 2742 περὶ
2359 2675 2452 2726 τοῦ
2487 2673 2652 2737 Ὀζία.
2685 2676 2758 2726 Οὐ
2796 2675 2904 2746 γὰρ
2929 2678 3013 2729 δτι
3049 2676 3237 2746 ὑψώθη
3287 2678 3321 2746 ή
3354 2676 3550 2746 καρδία
3583 2674 3774 2740 αὑτοῦ,

2192 2754 2350 2808 τοῦτο
2383 2757 2540 2825 μόνον
2573 2759 2720 2825 ἡμᾶς
2765 2757 3023 2822 ἐδίδαξεν,
3061 2759 3196 2812 ἀλλά
3235 2759 3332 2811 καὶ
3376 2758 3540 2811 πόθεν
3583 2757 3776 2827 ὑψώθη

2191 2838 2516 2906 προσέθηκε.
2552 2839 2724 2891 Πόθεν
2770 2835 2862 2893 οὖν
2895 2841 3117 2911 ὑψώθη;
3160 2843 3361 2895 Ἠνίκα
3395 2843 3636 2910 ἴσχυσε,
3673 2858 3774 2911 φη·

2193 2920 2295 2983 σίν,
2328 2919 2535 2987 ὑψώθη
2567 2921 2604 2986 ἢ
2640 2921 2851 2989 καρδία
2880 2923 3087 2977 αὐτοῦ.
3121 2925 3233 2977 Οὑκ
3262 2925 3455 2995 ήνεγκς
3481 2923 3580 2994 τῆς
3611 2924 3775 2976 δυνα-

2192 3004 2372 3065 στείας
2407 3004 2468 3056 16
2504 3005 2750 3073 μέγεθος,
2778 3005 2891 3058 ἀλλ’
2924 3005 3110 3078 ῶσπερ
3140 3007 3198 3073 ἐξ
3221 3007 3528 3076 ἀδηφαγίας
3556 3006 3655 3076 μέν
3685 3006 3776 3074 γί-

2191 3103 2338 3138 νεται
2377 3087 2672 3156 φλεγμονὴ,
2720 3088 2784 3139 ἐκ
2815 3089 3118 3159 φλεγμονῆς
3153 3089 3208 3141 δὲ
3249 3089 3488 3140 τίκτεται
3515 3088 3774 3158 πυρετὸς,

2192 3164 2309 3218 εἶτα
2336 3170 2540 3219 ἐκεῖθεν
2573 3168 2799 3231 θάνατος
2824 3169 3101 3232 πολλάκις
3129 3169 3270 3222 οὕτω
3292 3171 3384 3222 καὶ
3411 3170 3643 3222 ἐνταῦθα
3665 3171 3778 3222 ἀπὸ

2190 3247 2290 3315 τῆς
2319 3247 2516 3317 πολλῆς
2549 3251 2564 3287 ί
2606 3249 2713 3300 τῶν
2749 3251 3088 3319 πραγμάτων
3119 3250 3409 3321 περιϐολῆς
3434 3251 3660 3304 ἀπόνοια
3681 3251 3774 3318 γέ-

2191 3345 2363 3396 γονεν.
2401 3330 2577 3400 Ὅπερ
2601 3331 2706 3401 γὰρ
2745 3332 2836 3383 ἐπὶ
2863 3333 2970 3384 τῶν
3001 3333 3266 3400 σωμάτων
3295 3332 3592 3402 φλεγμονὴ,
3615 3333 3780 3386 τοῦτο

2192 3412 2284 3462 ἐπὶ
2316 3410 2423 3463 τῶν
2461 3412 2646 3481 ψυχῶν
2679 3415 2925 3466 ἀπόνοια.
2965 3411 3097 3468 Εἰτα
3135 3414 3194 3478 ἐξ
3227 3415 3482 3479 ἀπονοίας
3507 3414 3776 3486 ἐπιθυμία

2189 3493 2296 3546 τῶν
2319 3493 2379 3544 οὑ
2413 3495 2800 3564 προσηκόντων
2830 3497 2978 3566 αὑτῷ
3003 3497 3360 3567 πραγμάτων.

2260 3673 2320 3719 ε’.
2345 3666 2525 3719 Ταῦτα
2552 3669 2648 3737 οὑχ
2672 3669 2853 3732 ἀπλῶς
2890 3671 3221 3740 μηκύνομεν,
3244 3670 3358 3723 ἀλλ’
3389 3671 3477 3723 ἴνα
3502 3669 3774 3739 μηδέποτε

2193 3747 2466 3814 ζηλωτοὺς
2519 3745 2655 3800 εἶναι
2699 3751 2972 3820 νομίζητε,
3008 3753 3140 3821 μηδὲ
3183 3752 3524 3822 μακαρίζητε
3553 3769 3681 3813 10.;
3714 3755 3774 3804 ἐν

2193 3828 2340 3901 [H9]
2368 3831 2703 3894 δυναστείαις
2733 3833 2912 3895 ὄντας,
2943 3835 3140 3897 εἰδότες
3165 3835 3288 3888 ὅσον
3317 3835 3409 3887 τοῦ
3450 3833 3773 3906 πράγματος

2188 3912 2250 3964 16
2279 3913 2589 3980 ἐπισφαλές·
2633 3915 2720 3967 ἵνα
2750 3915 3018 3984 μηδέποτε
3049 3917 3173 3978 τοὺς
3201 3918 3258 3969 ἐν
3292 3916 3451 3986 πενίᾳ.
3481 3915 3572 3967 καί
3592 3915 3775 3968 ταλαι-

2189 3996 2371 4066 πωρίᾳ
2397 3996 2614 4065 ἀθλίους
2651 3997 2665 4046 i
2705 3998 2930 4068 ἡγῆσθε,
2967 4000 3166 4062 εἰδότες
3183 4001 3269 4052 ὅτι
3295 3999 3492 4051 πλείων
3522 3997 3772 4050 ἐντεῦθεν

2191 4079 2224 4147 ή
2253 4078 2536 4146 ἀσφάλεια.
2568 4080 2645 4130 Δι’
2679 4079 2706 4130 6
2736 4081 2826 4130 καὶ
2851 4082 2878 4132 6
2912 4082 3197 4151 Προφήτης
3223 4081 3352 4134 ἐϐόα
3383 4081 3574 4148 λέγων’
3612 4082 3774 4149 Ἅγα-

2189 4161 2296 4211 θόν
2309 4178 2426 4226 μοι.
2449 4160 2640 4225 Κύριε,
2673 4161 2759 4213 ὅτι
2791 4161 3194 4228 ἐταπείνωσάς
3211 4180 3305 4231 με.
3325 4166 3464 4233 Ὅρα
3495 4163 3624 4230 γοῦν
3646 4165 3773 4215 ὅσον

2189 4242 2253 4294 ἐκ
2300 4241 2393 4292 τοῦ
2436 4240 2601 4308 ὕψους
2638 4242 2828 4310 γέγονε
2875 4243 2934 4294 16
2983 4246 3171 4298 κακόν.
3213 4245 3436 4313 ’Υψώθη
3479 4247 3518 4314 ἠ
3559 4245 3772 4311 καρδία

2187 4323 2373 4375 αὑτοῦ
2419 4323 2529 4388 ἓως
2573 4324 2678 4376 τοῦ
2729 4324 3078 4392 διαφθεῖραι,
3128 4327 3280 4396 φησί.
3311 4327 3376 4378 Τί
3425 4329 3591 4390 ἐστιν,
3617 4327 3770 4391 Ἕως

2187 4407 2293 4460 τοῦ
2325 4407 2693 4474 διαφθεῖραω
2725 4409 2843 4459 Τῶν
2874 4410 3125 4480 πονηρῶν
3144 4411 3415 4480 λογισμῶν
3441 4411 3489 4462 οἰ
3524 4410 3622 4479 μὲν
3649 4409 3772 4461 οὑδὲ

2186 4490 2321 4550 ὅλως
2355 4490 2510 4559 ήμῶν
2553 4491 2888 4544 ἐπιϐαίνουσι
2937 4495 3000 4560 τῇ
3039 4493 3183 4562 ψυχῇ
3209 4491 3256 4557 κ,
3299 4493 3364 4545 ἂν
3401 4493 3566 4560 πολλῇ
3610 4508 3770 4560 περι-

2189 4573 2483 4643 φράξωμεν
2541 4573 2767 4636 ἐαυτοὺς
2817 4574 3101 4644 ἀσφαλείᾳ·
3153 4577 3201 4627 οἰ
3247 4575 3304 4627 δέ
3346 4575 3618 4628 τίκτονται
3671 4574 3767 4642 μὲν

2188 4657 2366 4720 ἔνδον,
2413 4657 2841 4726 ρᾳθυμησάντων
2895 4657 2950 4708 δὲ
2992 4658 3182 4726 ήμῶν,
3225 4658 3320 4710 καὶ
3359 4657 3767 4726 βλαστάνουσινο

2189 4739 2253 4790 ἂν
2284 4739 2339 4789 δὲ
2365 4738 2744 4807 προληφθῶσιν
2772 4736 2815 4800 1,,
2845 4739 3232 4804 ἀποπνίγονται
3259 4739 3466 4806 ταχέως
3489 4739 3582 4789 καὶ
3603 4754 3770 4788 κατα-

2189 4819 2507 4888 χώννυνται.
2537 4820 2716 4871 Ἄλλοι
2748 4821 2840 4872 καὶ
2867 4821 3160 4884 τίκτονται,
3193 4822 3284 4873 καὶ
3307 4820 3650 4885 αὑξάνονται,
3673 4821 3770 4871 καὶ

2188 4901 2323 4970 πρὸς
2364 4901 2462 4964 τὰς
2509 4901 2748 4968 πονηρὰς
2802 4901 3111 4954 ἐκϐαίνουσι
3159 4902 3405 4970 πράξεις,
3449 4904 3544 4954 καὶ
3590 4903 3770 4954 πᾶσαν

2186 4986 2343 5055 ήμῶν
2381 4986 2476 5053 τῆς
2501 4985 2675 5054 ψυχῆς
2713 4985 2811 5054 τὴν
2849 4986 3034 5052 ὑγείαν
3073 4985 3495 5056 διαφθείρουσιν,
3551 4987 3678 5037 ὅταν
3711 4988 3769 5036 ἐν

2189 5068 2353 5136 πολλῇ
2405 5066 2690 5135 γενώμεθα
2740 5066 2995 5137 ῥᾳθυμίᾳ.
3052 5068 3221 5120 Τοῦτο
3294 5063 3387 5120 οὖν
3447 5085 3629 5137 φησιν,
3687 5068 3768 5119 ὅτι

2201 5149 2427 5216 Ύῖίηώθη
2464 5152 2500 5216 ἡ
2545 5150 2756 5214 καρδία
2799 5149 3003 5202 αὐτοῦ’
3056 5150 3150 5202 καὶ
3185 5150 3282 5201 οὑκ
3317 5149 3528 5218 ἔμεινεν
3557 5149 3702 5200 ἔνδον
3733 5152 3765 5218 ἡ

2187 5235 2433 5297 ἀπόνοια,
2469 5234 2587 5286 οὐδὲ
2615 5233 2971 5303 κατεσϐέσθη,
3002 5233 3116 5286 ἀλλ’
3145 5233 3459 5303 ἐξεπήδησε,
3501 5233 3594 5286 καὶ
3629 5234 3766 5303 πρὸς

2249 5477 2273 5537 Β
2300 5475 2434 5537 Alius
2459 5473 2550 5537 πῦρ
2571 5475 2837 5537 ἀνάπτεται.

2244 5535 2273 5572 h
2300 5535 2404 5584 Duo
2426 5535 2537 5582 mss;
2561 5537 2776 5597 λαμπράν
2800 5536 2912 5597 ἧψε,
2938 5548 2998 5583 ex
3032 5539 3332 5596 repetitione
3356 5537 3440 5584 τοῦ
3481 5554 3538 5583 αν
3561 5537 3765 5583 detrun-

2183 5605 2284 5645 cata
2309 5599 2460 5656 prima
2485 5595 2770 5656 posterioris
2791 5595 2924 5645 vo'cis
2944 5595 3146 5656 syllaba.
3175 5598 3300 5646 Intra
3336 5612 3459 5646 unus
3480 5601 3649 5646 εὑθέων
3666 5599 3762 5645 τῶν

2181 5661 2397 5720 ὁρώντων
2424 5659 2697 5718 ἐμπίπρησι.

2252 5731 2261 5756 ι
2301 5721 2482 5774 Πολλῆς
2504 5717 2646 5766 deest
2668 5721 2714 5764 in
2743 5717 2896 5766 lrihus
2929 5732 3044 5767 mss.

2250 5782 2262 5830 j
2299 5781 2418 5829 Tres
2446 5780 2718 5844 [ῃῆφπενίᾳ
2754 5782 2835 5844 καὶ
2879 5781 3172 5844 ταλαιπωρίᾳ
3208 5781 3407 5844 ἀθλίους,
3432 5787 3504 5844 μοι
3527 5779 3597 5828 sic
3640 5780 3764 5840 legit

2182 5845 2423 5904 Erasmus.
2453 5840 2728 5904 Edirliyero
2748 5842 2793 5886 ἐν
2816 5841 2950 5901 πενίᾳ
2983 5844 3062 5888 καὶ
3096 5840 3304 5904 εὐτελείᾳ
3337 5842 3534 5895 ἀθλίους.

2244 5904 2267 5938 ιι
2295 5902 2428 5962 Alius
2451 5902 2740 5948 ἐπιϐαίνουσι
2760 5908 2840 5958 τῆς
2855 5904 3020 5962 ψυχῆς.

2248 5962 2270 6003 ι
2297 5961 2392 6013 Alii
2421 5964 2795 6024 καταληφθῶσιν.
