4048 6446
206 346 321 403 117

215 446 473 499 satorem,
497 448 657 490 nemo
673 435 1102 491 eontradicturus
1122 444 1224 490 est.
1249 435 1385 502 Quid
1408 437 1565 507 igitur
1584 435 1658 490 ait
1676 435 1814 491 Pau-

222 525 309 579 lus
322 525 603 581 Timotheo
626 526 905 581 scribens?
939 526 1041 593 Qui
1071 541 1241 596 nuper
1278 528 1708 597 praedicationem
1738 537 1795 580 at-

221 619 358 689 tigit,
386 632 511 671 cum
542 634 646 672 non
671 627 922 686 oportere
943 617 1009 671 ad
1032 632 1296 673 summam
1326 618 1560 688 episcOpi
1589 617 1818 687 dignita-

218 719 323 761 tem
353 710 531 775 evehi,
561 709 646 763 his
684 723 876 779 nempe
902 708 1114 763 verbis:
1144 708 1265 763 Non
1295 711 1626 779 neaphytum,
1674 726 1735 762 ne
1762 710 1815 763 in

211 800 504 867 superbiam
519 799 700 864 elatus,
726 800 777 852 in
789 800 1043 870 judicium
1060 800 1269 865 incidat,
1297 811 1341 854 et
1367 802 1419 853 in
1446 799 1682 872 laqueum
1703 800 1819 853 dia-

216 893 316 945 boli
352 892 422 961 (ι.
461 892 592 946 Tim.
624 892 677 946 5.
701 892 788 962 6);
835 907 903 946 ne
946 892 1161 960 eadem,
1201 893 1387 963 inquit,
1438 909 1665 965 peccans
1689 909 1812 949 cum

215 989 328 1056 illo,
358 989 546 1043 eadem
576 1005 697 1044 cum
729 990 821 1044 illo
846 991 1097 1058 patiatur.

285 1080 337 1136 4.
369 1080 603 1135 Alienum
631 1081 999 1152 improbitatem
1023 1079 1204 1135 solatio
1229 1094 1335 1133 esse
1363 1076 1814 1148 improbis—HM

214 1187 346 1227 vero
376 1188 481 1227 non
514 1174 640 1227 hinc
663 1175 835 1227 solum
864 1183 943 1228 est
974 1172 1339 1242 perspicuum,
1359 1186 1542 1225 verum
1563 1170 1721 1225 etiam
1744 1184 1812 1224 ex

216 1268 283 1321 iis
298 1284 417 1337 qua:
434 1268 693 1323 scelestus
713 1268 800 1322 ille
824 1267 1035 1322 dmmon
1062 1268 1235 1337 primo
1257 1266 1455 1319 homini
1484 1265 1675 1319 suasit.
1699 1264 1815 1318 Sic-

215 1366 279 1412 ut
317 1358 459 1412 enim
499 1358 655 1412 bonis
695 1358 783 1412 hic
812 1371 928 1411 mos
958 1367 1073 1422 est,
1129 1372 1225 1427 per
1264 1372 1382 1426 qua:
1412 1355 1510 1425 ipsi
1539 1356 1660 1409 facti
1690 1361 1815 1408 sunt

214 1450 342 1505 boni
364 1492 379 1516 ,
408 1450 477 1504 ad
501 1449 689 1505 eadem
712 1449 990 1505 exhortari
1020 1449 1295 1519 proximos
1319 1465 1337 1501 :
1368 1449 1437 1502 ita
1463 1456 1518 1504 et
1542 1447 1699 1502 malis
1727 1447 1815 1501 hic

215 1550 301 1597 est
343 1556 497 1608 mos,
541 1557 639 1612 per
680 1556 800 1611 quas
830 1541 928 1611 ipsi
955 1549 1080 1596 sunt
1112 1540 1374 1611 improbi,
1407 1539 1596 1595 eadem
1622 1537 1812 1594 vicinis

216 1634 493 1691 invehere.
519 1634 654 1689 Nam
684 1648 787 1689 una
817 1633 934 1689 hmo
962 1641 1048 1687 est
1076 1632 1290 1687 illorum
1323 1631 1540 1686 malitia:
1568 1631 1775 1701 species
1794 1670 1809 1694 ,

216 1735 278 1782 ut
321 1726 548 1781 aliorum
597 1724 888 1795 perniciem
935 1723 1186 1778 solatium
1226 1723 1311 1778 sui
1355 1722 1599 1792 supplicii
1637 1721 1809 1777 existi-

216 1826 387 1874 ment.
430 1816 572 1883 Quid
613 1816 773 1888 igitur
796 1815 1046 1871 diabolus
1071 1816 1240 1870 suasit
1271 1815 1518 1871 Adamo?
1544 1814 1615 1870 Ut
1640 1814 1815 1869 conci-

216 1916 372 1977 peret
393 1906 772 1977 cogitationem
793 1920 889 1964 sua
915 1916 1103 1960 natura
1134 1906 1389 1975 majorem
1415 1947 1432 1973 ,
1460 1906 1665 1974 sibique
1690 1919 1813 1960 cum

225 2001 334 2054 Deo
363 2009 608 2070 speraret
633 1999 991 2069 atqualitatem
1020 1997 1172 2069 (Gen.
1204 2000 1283 2068 3).
1316 1998 1370 2053 Si
1399 1999 1575 2059 enim,
1609 1997 1812 2067 inquit,

219 2092 336 2146 haec
365 2106 453 2146 res
476 2106 563 2146 me
583 2090 652 2147 de
669 2090 804 2146 cado
822 2090 1056 2160 expulit,
1082 2088 1250 2143 multo
1270 2088 1438 2158 magis
1459 2088 1646 2142 eadem
1673 2087 1816 2142 hunc

216 2182 397 2251 ejiciet
440 2197 472 2236 e
518 2182 785 2251 paradiso.
830 2181 1171 2251 Quapropter
1209 2190 1261 2235 et
1296 2180 1551 2236 Salomon
1590 2180 1812 2235 dixit’:

224 2273 596 2342 Deussuperbis
617 2273 800 2327 resistit
822 2272 1001 2343 (Prov.
1025 2274 1076 2327 5.
1099 2273 1185 2327 54.
1215 2270 1387 2325 l.Pet.
1408 2272 1460 2326 5.
1489 2273 1543 2326 5.
1567 2280 1613 2323 et
1632 2269 1813 2323 Jacob.

220 2368 273 2420 4.
314 2364 391 2437 6).
420 2365 535 2419 Non
566 2365 701 2419 dixit
733 2382 747 2418 :
777 2366 917 2418 Deus
945 2363 1209 2433 superbos
1238 2364 1495 2429 dimittit,
1526 2371 1578 2417 ct
1606 2362 1658 2415 in
1690 2376 1816 2432 pec-

218 2459 355 2512 catis
398 2457 625 2524 deserit,
676 2472 878 2526 suoque
922 2457 1087 2510 nudat
1133 2455 1527 2519 auxilio:sed,
1576 2453 1815 2520 Rcsistit,

222 2550 397 2617 inquit
426 2566 441 2601 :
470 2564 576 2602 non
615 2548 756 2617 quod
798 2548 1055 2601 instructa
1097 2547 1213 2601 acie
1256 2557 1347 2600 aut
1392 2562 1564 2617 pugna
1608 2546 1715 2599 Deo
1750 2544 1820 2600 sit

219 2655 356 2707 opus
384 2638 642 2693 adversus
676 2639 966 2706 superbum
994 2654 1008 2701 ;
1054 2637 1178 2706 quid
1219 2638 1362 2691 enim
1390 2652 1507 2692 esse
1534 2637 1700 2707 possit
1725 2649 1819 2689 su-

222 2731 389 2797 perbo
420 2728 679 2782 inﬁrmius
703 2728 725 2781 i
752 2729 884 2783 Nam
912 2739 967 2781 ut
990 2730 1079 2798 qui
1104 2728 1322 2782 orbatus
1347 2736 1430 2782 est
1455 2728 1626 2781 oculis
1646 2769 1662 2794 ,
1695 2742 1817 2780 om-

224 2822 370 2874 nium
402 2822 674 2890 expositus
700 2832 782 2875 est
810 2821 1019 2890 injuria:
1041 2861 1055 2884 ,
1088 2820 1159 2873 ita
1188 2829 1244 2874 et
1271 2820 1535 2888 superbus
1553 2861 1568 2886 ,
1593 2818 1683 2888 qui
1711 2831 1819 2871 non

224 2915 371 2967 videt
417 2913 698 2966 Dominum
749 2911 892 2983 (nam
946 2909 1164 2964 Initium
1212 2910 1491 2980 superbiae,
1542 2917 1599 2962 ut
1651 2908 1821 2979 inquit

224 3008 533 3076 Scriptura,
564 3015 635 3059 est
675 3021 774 3058 non
818 3020 963 3059 nosse
1010 3003 1286 3058 Dominum
1324 3001 1512 3075 [Eccli.
1542 3003 1629 3058 10.
1662 2999 1818 3074 14]),

225 3100 389 3153 etiam
416 3098 483 3152 ab
507 3096 807 3151 hominibus
833 3096 984 3150 facile
1010 3104 1323 3164 superatur,
1354 3103 1697 3163 posteaquam
1728 3109 1824 3146 cx-

224 3190 355 3244 eidit
379 3189 448 3242 ab
476 3190 565 3242 illa
594 3189 733 3242 luce.
765 3187 915 3255 Quod
945 3188 989 3240 si
1020 3188 1178 3241 etiam
1204 3185 1411 3239 validus
1433 3201 1495 3238 ac
1525 3192 1713 3253 potens
1737 3196 1823 3236 es-

225 3291 309 3335 set
342 3281 636 3349 superbus,
677 3277 808 3332 nihil
834 3293 967 3347 opus
994 3285 1138 3331 esset
1163 3277 1273 3330 Deo
1300 3277 1535 3329 exercitu
1564 3274 1822 3328 adversus

229 3375 377 3427 illum
429 3390 445 3429 :
492 3373 577 3427 cui
622 3373 764 3426 enim
809 3371 1056 3425 voluntas
1094 3368 1224 3423 satis
1268 3367 1367 3423 fuit
1390 3368 1455 3420 ad
1484 3366 1822 3436 producenda

228 3464 408 3518 omnia
425 3504 440 3528 ,
466 3463 632 3516 multo
654 3463 820 3532 magis
842 3459 1117 3515 sufﬁceret
1137 3458 1203 3514 ad
1224 3474 1287 3514 ea
1313 3458 1568 3513 tollenda.
1598 3458 1704 3513 Cur
1726 3458 1822 3527 igi-

232 3566 345 3622 tur,
383 3555 591 3625 inquies
613 3596 627 3617 ,
674 3553 916 3609 resistit?
942 3552 1095 3618 Quod
1122 3554 1411 3607 vehemens
1434 3551 1613 3605 odium
1644 3551 1824 3605 deela-

231 3658 313 3702 rct
340 3662 464 3716 erga
493 3647 800 3715 superbum.
831 3645 1012 3714 Itaque
1037 3644 1339 3714 superbiam
1366 3659 1486 3698 esse
1511 3644 1702 3697 vulnus
1729 3658 1826 3711 pe-

234 3738 561 3804 riculosum,
608 3746 717 3791 tum
758 3753 822 3790 ex
863 3736 947 3789 his
984 3750 1105 3805 quae
1139 3734 1410 3801 diximus,
1451 3744 1560 3787 tum
1601 3748 1667 3786 ex
1708 3732 1824 3785 aliis

233 3828 576 3898 perSpicuum
595 3836 693 3881 est.
724 3825 875 3893 Quod
900 3825 946 3880 si
968 3825 1129 3879 vultis
1147 3865 1163 3890 ,
1194 3825 1355 3878 etiam
1383 3838 1599 3878 causam
1627 3823 1816 3892 ipsam,

234 3919 376 3975 unde
404 3920 597 3973 vulnus
616 3919 717 3972 hoc
739 3918 968 3984 accidit,
994 3916 1209 3971 aliunde
1234 3916 1523 3971 discamus.
1548 3913 1826 3985 Siquidem

238 4013 325 4067 hic
370 4010 659 4080 Scripturm
698 4024 815 4063 mos
858 4018 979 4073 est,
1027 4009 1073 4063 si
1117 4007 1331 4079 quando
1379 4015 1531 4077 parat
1572 4020 1827 4061 accusare

235 4103 543 4174 quempiam
565 4144 582 4167 ,
630 4115 733 4154 non
780 4100 942 4154 modo
984 4108 1262 4169 peccatum
1296 4098 1436 4152 illius
1466 4111 1715 4160 narrare,
1746 4110 1830 4148 ve-

237 4212 358 4251 rum
378 4198 540 4250 etiam
560 4194 753 4248 docere
775 4207 873 4247 nos
895 4208 1016 4261 qute
1040 4191 1195 4245 fuerit
1218 4190 1418 4259 peccati
1439 4203 1598 4242 causa
1624 4205 1640 4241 :
1666 4186 1715 4241 id
1740 4201 1829 4240 au-

238 4300 345 4343 tem
375 4286 501 4340 facit
525 4327 540 4351 ,
568 4294 627 4338 ut
653 4299 746 4339 cos
774 4283 864 4352 qui
883 4282 1000 4337 sani
1025 4292 1149 4335 sunt
1174 4280 1363 4336 reddat
1385 4280 1605 4333 tutiores
1626 4278 1829 4332 cautio-

235 4392 466 4447 resque,
495 4390 565 4429 ne
592 4375 645 4428 in
671 4373 856 4428 eadem
886 4371 1125 4426 incidant
1151 4371 1311 4425 mala.
1340 4369 1599 4425 Similiter
1624 4377 1681 4423 et
1710 4384 1828 4422 me-

237 4470 345 4525 dici
385 4466 453 4521 ad
491 4473 809 4534 mgrotantes
847 4462 1111 4532 ingressi,
1150 4462 1312 4516 etiam
1352 4469 1476 4514 ante
1504 4459 1720 4513 morbos
1748 4458 1826 4529 (a)

240 4562 414 4614 fontes
461 4558 773 4628 explorant,
820 4566 875 4609 ut
901 4554 1100 4624 prawia
1123 4569 1249 4609 cura
1274 4561 1559 4609 coerceant
1586 4553 1784 4607 malum
1812 4569 1827 4606 :

239 4650 439 4705 etenim
463 4649 551 4717 qui
575 4689 591 4712 ,
624 4654 872 4700 manente
901 4644 1082 4699 radice
1104 4683 1121 4705 .
1144 4658 1323 4698 ramos
1350 4652 1553 4697 tantum
1576 4652 1830 4711 exsecat,

241 4740 375 4797 nihil
414 4739 555 4792 aliud
595 4752 752 4807 quam
798 4736 1011 4790 inanem
1056 4734 1220 4787 sumit
1262 4750 1501 4803 operam.
1546 4734 1644 4789 Ubi
1673 4735 1832 4804 igitur

239 4832 511 4901 Scriptura
554 4840 609 4884 et
648 4836 921 4899 peccatum
961 4837 1016 4881 et
1044 4825 1248 4896 peccati
1276 4840 1491 4880 causam
1521 4825 1830 4891 eloquitur?

240 4919 606 4992 Reprehendit
641 4935 733 4973 eos
770 4920 858 4988 qui
890 4926 1280 4988 praecesserunt
1303 4916 1557 4971 diluvium
1584 4958 1599 4982 ,
1629 4916 1698 4970 ob
1730 4916 1829 4969 illi-

242 5017 379 5069 citos
402 5023 720 5079 congressus
745 5025 759 5061 :
783 5017 944 5075 atque
972 5006 1093 5060 audi
1122 5006 1393 5076 quomodo
1414 5021 1629 5061 causam
1655 5005 1834 5075 expri-

244 5115 356 5159 mat
381 5121 394 5156 :
420 5101 543 5155 Cum
567 5098 800 5151 vidissent
830 5097 925 5165 ﬁlii
944 5095 1042 5149 Dei
1066 5097 1201 5163 ﬁlias
1222 5097 1478 5149 hominum
1505 5113 1610 5149 esse
1640 5098 1833 5165 formo-

241 5215 360 5263 sas,
402 5200 693 5262 acceperunt
736 5190 852 5242 illas
888 5189 984 5241 sibi
1026 5190 1081 5241 in
1110 5204 1294 5242 uxores
1329 5188 1479 5259 (Gut.
1506 5190 1557 5241 li.
1590 5188 1670 5256 Ξ).
1696 5184 1833 5254 Quid

310 5333 328 5363 ⁸
363 5335 570 5388 Quatuor
607 5332 750 5382 ηδε..
778 5327 838 5388 et,
866 5320 1000 5388 Sirae
1038 5320 1367 5388 αἰτίῃ-Διαιιῆ
1391 5320 1499 5388 haec
1531 5321 1681 5388 verba
1720 5327 1833 5388 sunt

243 5381 508 5443 Salomonis
531 5391 580 5437 in
602 5386 869 5436 Proverbiis
890 5418 904 5441 ,
941 5382 1055 5431 licet
1091 5381 1251 5445 simile
1288 5381 1529 5445 quidpiam
1555 5385 1600 5430 in
1625 5384 1832 5431 siracide

243 5458 393 5504 etiam
415 5451 607 5512 legatur
623 5483 638 5506 ,
666 5449 753 5512 10,
774 5446 863 5512 14._
877 5452 973 5493 Non
1008 5457 1120 5492 raro
1143 5444 1832 5512 Chrysostomus__s_alomonem

243 5519 381 5579 ponit
404 5504 497 5579 pro
509 5504 717 5579 Siracide
737 5504 752 5569 ς
776 5505 865 5557 sed
890 5517 1126 5567 nusquam
1148 5504 1337 5554 adverti
1361 5506 1485 5566 apud
1510 5504 1644 5552 illum
1668 5506 1834 5553 Siraei-

242 5569 358 5627 item
528 5585 615 5634 pro
636 5569 900 5619 SalomOne.

304 5635 395 5701 (a)
415 5639 499 5689 Gr.
534 5638 615 5684 καὶ
659 5638 751 5697 πρὸ
789 5637 882 5682 τῶν
922 5636 1408 5701 vomigdvowilianc
1438 5635 1813 5701 similitudinem

240 5693 387 5749 alf'er't
405 5693 797 5759 Chrysostomus,
830 5693 1183 5759 ut‘signiﬁcet,
1213 5697 1372 5759 Deum
1392 5698 1551 5759 justos
1573 5700 1817 5758 exemplis

243 5754 765 5818 mutiores'reddere,
784 5754 859 5806 'ne
892 5757 941 5804 in
965 5754 1163 5804 morbos
1186 5758 1335 5804 animi
1363 5754 1595 5805 incidant.

1152 324 1217 380 ΙΝ
1256 324 1484 388 ILLUD,
1526 323 1662 380 VIDI
1705 324 2037 396 DOMINUM,
2080 330 2313 390 HOMIL.
2356 334 2441 391 lli.

1925 441 2125 511 igitur?
2173 462 2298 501 num
2346 450 2690 519 pulchritudo
2730 467 2890 509 causa
2932 465 3012 512 est
3042 375 3517 528 peccatitAbslul

1918 542 2002 587 est
2046 537 2191 590 enim
2236 538 2430 594 divina:
2478 542 2757 613 sapientia:
2794 559 2963 616 opus;
3012 564 3146 619 opus
3191 562 3370 609 autem
3415 555 3507 612 Del

1919 639 2208 695 numquam
2236 631 2405 698 possit
2428 647 2550 689 esse
2569 650 2730 690 causa
2753 641 2977 707 peccati.
3008 641 3114 697 Sed
3142 654 3393 714 aspectus
3413 648 3509 704 fuit

1920 728 2077 769 causa
2127 721 2371 785 peccati?
2409 721 2486 777 Ne
2525 723 2577 777 id
2617 726 2832 794 quidem
2878 746 2892 783 :
2934 745 3053 785 nam
3097 733 3279 789 ethoc
3305 747 3512 793 natura:

1919 818 2054 874 opus
2078 818 2178 862 est.
2208 807 2311 863 Sed
2333 812 2456 881 quid
2485 814 2695 869 tandem
2715 817 2739 871 ?
2758 818 2893 874 Male
2912 820 3093 877 videre
3118 840 3131 877 :
3157 839 3276 879 nam
3305 827 3406 884 hoc
3429 837 3513 885 est

1920 895 2223 966 depravata:
2248 903 2554 959 voluntatis.
2582 907 2704 962 Ideo
2742 911 2953 978 sapiens
2979 914 3194 981 quidam
3234 918 3508 986 admonet,

1921 987 2102 1081 dicens
2130 1032 2145 1055 ,
2182 990 2264 1045 Ne
2306 995 2590 1050 consideres
2616 999 3042 1067 pulchritudinem
3070 1005 3289 1061 alienam
3322 1008 3508 1081 (Eccli.

1918 1078 1971 1134 9.
2013 1080 2089 1149 8).
2134 1081 2249 1138 Non
2290 1084 2422 1139 dixit
2448 1125 2464 1149 .
2506 1088 2583 1143 Ne
2610 1089 2831 1145 videas:
2861 1093 2909 1146 id
2939 1095 3080 1149 enim
3110 1078 3507 1170 nonnumquam

1918 1184 2045 1226 casu
2073 1174 2129 1226 lit
2151 1215 2166 1242 ,
2198 1174 2290 1230 sed
2312 1216 2328 1241 ,
2366 1175 2445 1231 Ne
2467 1180 2753 1236 consideres
2775 1224 2788 1249 ,
2820 1184 3023 1253 inquit,
3056 1187 3188 1242 illud
3218 1190 3414 1247 tollens
3438 1208 3509 1247 ne

1917 1263 2093 1319 studio
2135 1264 2655 1337 animadvertamus,
2704 1288 2770 1327 ne
2807 1274 3021 1331 curiose
3063 1278 3409 1349 intueamur,
3440 1297 3510 1336 ne

1918 1356 2122 1410 vitiosa:
2163 1360 2602 1427 contemplationi
2646 1363 3029 1432 immoremur,
3070 1385 3189 1438 qua:
3227 1370 3297 1425 ab
3331 1372 3510 1426 animo

1918 1455 2174 1515 corrupto
2200 1458 2254 1500 et
2282 1450 2678 1519 concupiscenti
2715 1454 3085 1521 proﬁciscitur.
3115 1458 3220 1512 Sed
3249 1459 3405 1528 quid,
3430 1460 3512 1515 in-

1916 1536 2065 1604 quiet
2090 1536 2306 1605 aliquis,
2331 1537 2459 1592 ltine
2478 1540 2657 1594 damni
2687 1543 2857 1610 possit
2878 1545 3049 1599 oriri?
3071 1546 3284 1615 Exltoc,
3313 1550 3504 1619 inquit,

1917 1645 2061 1681 amur
2102 1631 2230 1684 velut
2254 1631 2385 1701 ignis
2409 1633 2654 1685 excitatur
2685 1632 2847 1703 (Ibid.
2878 1653 2924 1689 υ.
2950 1636 3028 1707 9).
3058 1638 3126 1693 Ut
3156 1640 3298 1693 enim
3331 1641 3465 1711 ignis
3489 1680 3506 1706 ,

1918 1719 2008 1774 ubi
2052 1718 2253 1774 fumum
2295 1731 2388 1775 aut
2434 1722 2682 1791 stipulam
2710 1725 3028 1793 arripuerit,
3060 1728 3191 1782 nihil
3222 1738 3462 1783 moratur
3484 1769 3502 1794 ,

1916 1810 2013 1865 sed
2042 1811 2199 1865 simul
2226 1819 2283 1865 ut
2306 1812 2476 1881 attigit
2500 1813 2812 1876 materiam,
2845 1815 3071 1869 lucidam
3094 1818 3335 1872 accendit
3356 1818 3508 1873 llam-

1918 1917 2060 1956 mam
2091 1918 2106 1955 :
2141 1900 2323 1956 itidem
2347 1911 2402 1955 et
2429 1902 2565 1971 ignis
2592 1904 3037 1973 concupiscentia:
3062 1922 3181 1975 qua:
3207 1916 3291 1961 est
3320 1908 3373 1962 in
3404 1924 3505 1961 no-

1918 1993 2030 2057 bis,
2055 1992 2211 2046 simul
2238 2000 2398 2062 atque
2426 2008 2521 2062 per
2545 1993 2822 2048 oculormn
2855 1995 3099 2049 intuitum
3126 1996 3422 2066 elegantem
3442 2011 3509 2053 ao

1917 2093 2195 2138 venustam
2220 2084 2454 2154 attigerit
2482 2082 2707 2138 formam
2729 2125 2745 2150 ,
2779 2086 3022 2154 protinus
3049 2088 3225 2141 exurit
3246 2087 3507 2143 animum.

1918 2175 2149 2230 Proinde
2177 2191 2242 2229 ne
2271 2184 2481 2245 spectes
2507 2177 2882 2245 temporariam
2912 2177 3051 2231 illam
3074 2218 3091 2243 ,
3115 2193 3233 2248 quae
3254 2194 3319 2232 ex
3346 2193 3503 2248 aspe-

1919 2278 2005 2323 ctu
2051 2268 2439 2339 proﬁciscitur,
2482 2270 2803 2338 voluptatem
2825 2309 2841 2334 ,
2889 2270 2983 2325 sed
3012 2280 3322 2339 perpetuum
3351 2271 3511 2326 dolo.

1922 2374 2033 2414 rem
2075 2359 2354 2414 considera
2374 2401 2389 2425 ,
2436 2360 2524 2429 qui
2550 2361 2785 2414 nascitur
2811 2377 2874 2414 ex
2900 2363 3350 2431 concupiscentia.
3376 2362 3511 2419 Nam

1922 2452 2035 2513 illa,
2063 2448 2267 2505 inﬂicto
2293 2451 2542 2517 vulnere,
2590 2452 2903 2520 plerumque
2931 2453 3184 2507 celeriter
3207 2454 3383 2508 avolat
3407 2470 3421 2518 ;
3450 2464 3508 2509 at
3572 2444 3575 2449 ’

1921 2542 2112 2595 vulnus
2134 2556 2238 2595 non
2269 2541 2444 2596 avolat
2467 2584 2480 2604 ,
2504 2541 2598 2596 sed
2621 2543 2931 2612 plerumque
2958 2553 3135 2598 manet
3155 2553 3209 2598 et
3231 2544 3502 2601 interﬁcit.

1923 2632 1991 2686 Et
2029 2631 2476 2703 quemadmodum
2515 2647 2671 2688 cerva
2698 2636 2909 2689 c0nlixa
2930 2636 3106 2703 jaculo
3135 2637 3187 2690 in
3221 2637 3359 2691 letali
3386 2653 3512 2692 cor-

1924 2724 2068 2792 poris
2096 2733 2268 2791 parte,
2298 2724 2506 2779 etiamsi
2535 2735 2850 2779 venatorum
2882 2725 3095 2796 elfugiat
3122 2742 3343 2794 manus,
3378 2729 3511 2786 nihil

1925 2815 2047 2869 inde
2087 2816 2187 2869 fert
2225 2816 2358 2869 lucri
2389 2832 2402 2867 :
2432 2814 2509 2866 sic
2528 2815 3039 2885 etanima,aceepto
3064 2818 3509 2886 concupiscentia:

1920 2905 2098 2974 jaculo
2133 2921 2163 2959 e
2200 2907 2397 2960 lascivo
2426 2905 2745 2975 curioseque
2768 2915 2982 2974 aspectu
3004 2947 3019 2973 ,
3050 2908 3257 2963 etiamsi
3289 2909 3510 2963 dimisso

1921 2996 2099 3064 ji-eulo
2128 2997 2461 3064 permittatur
2489 2998 2637 3052 abire
2661 3038 2676 3061 ,
2710 3008 2885 3052 tamen
2912 2997 3023 3064 ipsa
3056 3010 3149 3065 per
3180 3012 3238 3051 se
3266 3012 3513 3052 corrum-

1927 3090 2067 3157 pitur
2094 3104 2156 3143 ac
2179 3090 2351 3158 perit,
2374 3090 2566 3160 ubique
2585 3090 2772 3145 videns
2806 3089 3039 3151 hostem,
3064 3098 3117 3141 et
3144 3089 3509 3159 insequentem

1927 3181 2146 3235 habens.
2170 3181 2271 3237 Sed
2304 3183 2442 3251 quod
2484 3182 2663 3238 dicere
2687 3198 2953 3252 coeperam
2985 3179 3175 3250 (neque
3198 3181 3341 3234 enim
3362 3196 3513 3236 com-

1926 3274 2244 3328 mittendum
2274 3283 2357 3328 est
2381 3284 2437 3327 ut
2481 3275 2531 3326 in
2555 3273 2655 3329 hoc
2682 3284 2787 3328 tam
2808 3275 2994 3343 longas
3019 3271 3281 3328 sermonis
3301 3270 3509 3340 digres-

1927 3366 2105 3419 siones
2151 3365 2464 3434 faciamus),
2510 3364 2782 3435 Scriptum
2825 3381 2947 3418 cum
2991 3368 3222 3433 peccatis
3259 3364 3422 3418 simul
3464 3368 3517 3414 et

1929 3465 2267 3525 peccatorum
2306 3471 2495 3510 causas
2535 3457 2674 3510 solet
2696 3454 3121 3509 commemorare
3150 3471 3165 3508 :
3194 3455 3315 3509 audi
3343 3465 3398 3510 et
3428 3451 3517 3508 hic

1928 3550 2055 3622 quid
2093 3550 2231 3605 dicat
2271 3549 2340 3604 de
2378 3548 2525 3604 Ozia.
2555 3548 2737 3617 Neque
2763 3550 2902 3602 enim
2933 3547 3035 3601 hoc
3062 3554 3263 3600 tantum
3291 3561 3388 3601 nos
3413 3546 3515 3600 do-

1927 3644 2070 3708 cuit,
2099 3643 2298 3697 elatum
2327 3640 2495 3696 fuisse
2522 3656 2615 3693 cor
2643 3641 2757 3708 ejus
2777 3682 2791 3703 ,
2822 3654 3005 3693 verum
3030 3638 3231 3693 addidit
3259 3638 3398 3693 unde
3419 3638 3519 3692 fuit

1928 3735 2147 3791 elatum.
2180 3732 2335 3788 Unde
2360 3746 2488 3801 ergo
2517 3731 2715 3784 elatum
2744 3729 2882 3784 fuit?
2908 3728 3035 3784 Cum
3061 3738 3235 3800 potens
3263 3739 3406 3793 esset,
3432 3729 3516 3783 in-

1928 3827 2076 3896 quit,
2104 3826 2291 3879 clatum
2315 3831 2387 3876 est
2413 3838 2500 3875 cor
2524 3824 2652 3893 ejus.
2676 3821 2789 3876 Non
2819 3821 2937 3876 tulit
2962 3821 3287 3891 principatus
3312 3820 3519 3889 magni-

1932 3919 2166 3973 tudinem
2192 3959 2208 3983 ,
2254 3916 2351 3972 sed
2389 3916 2527 3971 sicut
2551 3930 2617 3970 ex
2643 3915 2903 3969 edacitate
2930 3914 3164 3968 nascitur
3192 3916 3341 3982 ignea
3366 3910 3519 3965 inﬁa-

1933 4012 2040 4078 tio,
2072 4026 2136 4064 ex
2160 4007 2432 4063 inflatione
2456 4007 2683 4076 gignitur
2708 4005 2898 4071 febris,
2930 4003 3122 4059 deinde
3150 4019 3213 4058 ex
3245 4002 3376 4057 febri
3402 4003 3519 4071 ple-

1932 4115 2155 4169 rumque
2196 4113 2343 4151 mors
2390 4115 2403 4151 :
2455 4096 2634 4150 itidem
2680 4104 2734 4151 et
2776 4094 2861 4149 hic
2890 4110 2955 4149 ex
2989 4109 3167 4149 rerum
3194 4092 3517 4148 abundantia

1932 4198 2052 4245 nata
2093 4198 2176 4244 est
2212 4186 2477 4256 superbia.
2506 4186 2636 4241 Nam
2668 4185 2804 4256 quod
2833 4186 2885 4240 in
2913 4184 3224 4253 corporibus
3251 4194 3333 4239 est
3362 4184 3517 4237 inﬂa-

1935 4285 2007 4337 tio
2027 4324 2041 4346 ,
2071 4282 2171 4336 hoc
2198 4282 2248 4335 in
2272 4280 2464 4333 animis
2484 4288 2565 4333 est
2591 4278 2860 4347 superbia.
2891 4276 3011 4331 Mox
3036 4291 3103 4330 ex
3129 4275 3377 4346 superbia
3400 4283 3519 4329 nata

1933 4385 2016 4431 est
2048 4374 2348 4445 appetentia
2373 4386 2551 4427 rerum
2579 4370 2679 4441 ipsi
2707 4385 2812 4424 non
2843 4370 3267 4438 congruentium.

2007 4467 2061 4522 5‘.
2103 4465 2229 4520 Haec
2254 4477 2359 4518 non
2389 4464 2505 4517 sine
2529 4476 2689 4515 causa
2717 4459 2805 4513 diu
2830 4468 3148 4525 tractamus,
3177 4456 3269 4511 sed
3299 4470 3365 4509 ne
3400 4468 3518 4507 um-

1937 4574 2096 4630 quam
2135 4555 2450 4612 existimetis
2490 4567 2609 4607 esse
2652 4548 3019 4619 suspiciendos
3043 4588 3058 4613 ,
3110 4560 3282 4615 neque
3339 4544 3520 4599 felices

1936 4649 2123 4703 dicatis
2165 4661 2257 4700 eos
2304 4645 2392 4714 qui
2447 4642 2798 4711 principatum
2840 4646 3070 4709 gerunt,
3124 4650 3246 4689 cum
3333 4635 3519 4691 sciatis

1936 4754 2091 4808 quam
2122 4735 2326 4790 lubrico
2360 4734 2410 4787 in
2440 4742 2580 4785 statu
2619 4740 2937 4789 versentur;
2984 4741 3081 4781 nec
3111 4739 3360 4794 umquam
3403 4721 3520 4776 illos

1932 4829 2180 4899 judicetis
2207 4828 2453 4887 miseros,
2486 4823 2574 4892 qui
2604 4822 2655 4875 in
2688 4828 2924 4890 egestate
2948 4827 3002 4872 et
3032 4815 3412 4871 afﬂictionibus
3440 4812 3521 4864 vi-

1935 4929 2085 4984 vunt,
2118 4918 2349 4974 scientes
2381 4914 2517 4968 hanc
2542 4914 2707 4966 vitam
2733 4925 2853 4966 esse
2874 4911 3043 4963 multo
3075 4909 3337 4960 tutiorem.
3371 4903 3522 4960 Unde

1938 5020 1991 5066 et
2020 5007 2276 5079 propheta
2298 5005 2493 5060 clamat
2527 5003 2709 5057 dicens
2742 4999 2976 5053 :Bonum
3002 5008 3073 5050 est
3095 4996 3235 5059 mihi,
3272 4994 3521 5060 Domine,

1938 5103 2055 5172 quia
2084 5098 2362 5153 humiliasti
2383 5112 2459 5148 me
2484 5093 2503 5164 (
2527 5092 2672 5145 Psal.
2703 5090 2825 5145 H8.
2853 5090 2916 5143 Ἠ
2944 5091 2984 5157 ).
3011 5086 3143 5141 Vide
3170 5085 3328 5155 igitur
3350 5100 3520 5153 quan-

1939 5204 2049 5248 tum
2072 5207 2137 5247 ex
2158 5188 2442 5245 eminentia
2461 5194 2639 5239 natum
2663 5184 2733 5237 sit
2752 5182 2969 5235 malum.
2990 5177 3197 5233 Elatum
3217 5186 3306 5242 est,
3331 5176 3520 5245 inquit,

1929 5298 2022 5337 cor
2045 5284 2153 5354 ejus
2174 5296 2330 5351 usque
2348 5278 2414 5330 ad
2442 5275 2815 5345 corruptionem
2834 5272 2909 5341 (‘2.
2942 5269 3114 5326 Paral.
3139 5267 3227 5322 26.
3254 5268 3363 5338 16).
3384 5266 3521 5332 Quid

1940 5386 2051 5442 est,
2082 5375 2247 5443 Usque
2286 5372 2353 5425 ad
2383 5368 2791 5438 corruptionem?
2813 5365 2990 5434 Usque
3014 5364 3078 5417 ad
3110 5376 3295 5433 pravas
3319 5357 3523 5428 cogita-

1940 5469 2108 5521 tiones
2136 5507 2150 5530 ,
2203 5478 2319 5533 quae
2349 5475 2567 5531 prorsus
2599 5473 2701 5512 non
2728 5456 3019 5511 ascendunt
3060 5455 3111 5506 in
3139 5453 3371 5506 animum
3414 5462 3515 5502 no-

1940 5568 2127 5617 strum,
2156 5555 2199 5608 si
2226 5568 2322 5607 nos
2352 5554 2495 5621 ipsos
2525 5550 2688 5604 multa
2718 5549 2964 5603 cautione
3002 5542 3467 5610 circumsepiamus
3500 5558 3516 5597 :

1940 5650 2032 5705 sed
2065 5650 2105 5702 si
2139 5646 2462 5715 negligenter
2490 5642 2752 5712 egerimus
2778 5682 2791 5705 ,
2825 5647 3110 5693 nascuntur
3138 5637 3187 5689 in
3218 5634 3367 5688 nobis
3393 5647 3515 5703 ger-

1943 5742 2247 5806 minantque
2278 5753 2289 5787 :
2322 5736 2401 5789 sin
2436 5740 2821 5803 prmvertantur
2847 5772 2859 5795 ,
2894 5729 3130 5799 protinus
3161 5724 3516 5795 prarfocantur
