4048 6468
547 418 660 472 119

545 515 598 561 et
625 508 939 559 obruuntur.
967 499 1100 556 Alia:
1126 499 1414 568 gignuntur
1437 535 1450 559 ,
1476 503 1530 548 et
1555 499 1844 562 augentur,
1880 497 2039 557 atque
2064 485 2132 540 ad

555 608 748 666 pravas
773 593 1013 647 actiones
1034 589 1349 659 procedunt,
1371 596 1692 652 omnemque
1719 579 1911 634 mentis
1939 585 2136 632 nostrae

546 687 827 742 sanitatem
841 691 1212 753 corrumpunt,
1231 681 1274 735 si
1293 692 1484 748 magna
1500 677 1554 732 in
1576 673 1821 730 socordia
1838 686 2133 727 versemur.

548 777 660 832 [loc
691 776 870 846 itaque
893 775 1021 829 dicit
1045 814 1057 838 ,
1089 771 1298 825 Elatum
1328 779 1399 823 est
1430 785 1517 822 cor
1545 769 1652 836 ejus
1674 807 1687 830 ,
1716 779 1887 836 neque
1912 777 1970 817 se
1995 763 2136 818 intus

546 866 808 921 continuit
832 863 1153 934 arrogantia,
1183 875 1356 930 neque
1382 860 1639 914 exstincta
1665 864 1748 911 est
1769 896 1784 919 ,
1812 854 1904 909 sed
1928 863 1984 908 ut
2009 869 2134 923 pro-

548 957 724 1025 rupit,
756 955 821 1010 ad
849 970 984 1024 opus
1011 967 1178 1023 usque
1206 967 1426 1022 pravum
1457 963 1737 1019 progressa
1759 989 1774 1014 ,
1805 955 1968 1000 totam
1997 945 2137 998 illius

548 1049 799 1102 virtutem
835 1047 1091 1114 corrupit.
1126 1042 1404 1100 Beatitudo
1435 1051 1517 1096 est
1546 1041 1736 1110 igitur,
1763 1039 2135 1109 cogitationem

548 1138 845 1208 improbam
875 1151 1092 1207 prorsus
1115 1150 1216 1190 non
1243 1134 1547 1196 admittere,
1571 1130 1713 1199 quod
1736 1139 1790 1185 et
1817 1145 1846 1184 a
1878 1128 2135 1198 propheta

547 1230 747 1284 dictum
771 1240 882 1292 est,
914 1228 1156 1290 Domine,
1184 1243 1285 1279 non
1315 1235 1386 1279 est
1424 1225 1614 1277 elatum
1638 1238 1723 1275 cor
1759 1237 1920 1274 meum
1944 1221 1960 1288 (
1987 1218 2134 1272 Psal.

550 1320 673 1376 150.
705 1322 728 1374 l
753 1321 798 1391 ).
821 1319 936 1374 Non
963 1319 1113 1384 dixit,
1144 1317 1356 1371 Elatum
1383 1315 1597 1385 quidem
1628 1319 1732 1378 est,
1763 1311 1856 1366 sed
1884 1308 2015 1365 illud
2037 1322 2134 1362 co-

545 1393 697 1467 hibui
730 1429 745 1466 :
774 1425 960 1465 verum
983 1450 999 1476 ,
1045 1408 1163 1463 Non
1211 1415 1292 1462 est
1320 1407 1540 1460 omnino
1586 1404 1785 1459 elatum
1818 1419 1832 1456 :
1867 1401 1968 1456 hoc
2010 1409 2093 1455 est
2118 1438 2135 1465 ,

547 1500 755 1571 Jugiter
797 1499 1002 1557 servavi
1044 1500 1274 1553 animam
1319 1511 1495 1551 meam
1539 1495 1865 1550 inaccessam
1902 1492 2134 1548 malitiae.

549 1592 665 1648 Hoc
690 1593 847 1662 igitur
865 1599 949 1646 est
978 1588 1321 1644 beatitudinis
1349 1606 1363 1642 ε
1393 1586 1519 1641 huic
1549 1586 1849 1654 proximum
1878 1583 2005 1637 illud
2033 1591 2133 1647 est,

554 1683 724 1738 malas
761 1683 1109 1751 cogitationes
1134 1680 1244 1749 jam
1270 1679 1541 1748 ingressas
1568 1676 1819 1731 celeriter
1843 1673 2134 1743 repellere,

551 1788 726 1844 neque
746 1774 942 1838 sinere,
970 1781 1027 1825 ut
1047 1771 1153 1826 illic
1177 1771 1376 1825 diutius
1405 1771 1776 1833 immorentur,
1801 1783 1869 1821 ne
1897 1767 1952 1821 in
1985 1766 2138 1820 nobis

550 1865 780 1935 pessime
804 1869 1132 1932 grassentur.
1176 1862 1328 1928 Quod
1359 1861 1404 1914 si
1429 1875 1495 1914 eo
1534 1874 1702 1931 usque
1740 1857 1999 1913 socordia:
2018 1872 2141 1928 pro-

551 1956 880 2011 cesserimus
900 1994 914 2018 ,
943 1962 1028 2009 est
1057 1968 1152 2022 per
1179 1952 1272 2006 Dei
1300 1951 1594 2006 bonitatem
1618 1958 1672 2004 et
1699 1949 1855 2018 hujus
1879 1947 2140 2002 socordia:

551 2048 822 2112 solatium,
843 2046 1112 2114 multaque
1130 2044 1202 2099 ab
1222 2045 1312 2098 illa
1337 2059 1543 2099 summa
1560 2051 1615 2097 et
1633 2041 1882 2098 ineffabili
1906 2042 2142 2096 bonitate

549 2140 743 2196 talibus
768 2139 1076 2193 vulneribus
1102 2144 1284 2208 parata
1314 2145 1440 2191 sunt
1467 2135 1724 2191 remedia.
1757 2135 1862 2190 Sed
1889 2151 1987 2204 age
2027 2150 2143 2190 ser-

549 2247 765 2288 monem
793 2231 933 2285 hunc
960 2231 1182 2285 missum
1207 2229 1479 2291 faciamus,
1510 2243 1583 2282 ne
1613 2228 1758 2298 quod
1786 2228 1836 2281 in
1869 2227 2021 2280 initio
2047 2240 2141 2280 ve-

550 2328 818 2390 rebamur,
843 2341 984 2381 nunc
1003 2326 1207 2381 accidat
1232 2325 1405 2390 nobis,
1429 2337 1714 2392 rerumque
1739 2322 1889 2376 turba
1913 2331 2141 2376 vestram

550 2419 741 2474 obruat
765 2421 1095 2474 memoriam.
1128 2420 1466 2487 QuaprOpter
1509 2431 1788 2472 necessum
1817 2424 1901 2469 est
1940 2423 1995 2468 ut
2025 2430 2144 2483 qum

550 2508 691 2563 dicta
711 2519 853 2576 sunt,
877 2511 1184 2564 summatim
1210 2510 1395 2578 paucis
1414 2518 1719 2576 repetamus
1743 2522 1756 2558 :
1781 2507 1859 2559 sic
1879 2514 1932 2560 et
1949 2517 2144 2560 matres

553 2601 730 2655 facere
753 2601 930 2656 solent
953 2616 1072 2655 eum
1101 2615 1281 2669 poma,
1312 2608 1404 2653 aut
1423 2598 1667 2661 bellaria,
1692 2605 1784 2651 aut
1805 2597 1947 2651 aliud
1969 2596 2145 2650 simile

556 2690 828 2761 quidpiam
859 2692 909 2745 in
937 2694 1196 2762 puerilem
1226 2693 1517 2746 immittunt
1541 2691 1716 2745 sinum
1746 2706 1760 2743 :
1791 2704 1859 2744 ne
1888 2704 1984 2758 per
2011 2701 2146 2758 pue-

558 2793 743 2834 rorum
781 2783 1159 2852 negligentiam
1189 2782 1399 2837 excidat
1429 2781 1629 2850 aliquid
1661 2795 1847 2836 eorum
1878 2797 1997 2849 quae
2022 2781 2144 2834 data

554 2880 682 2928 sunt
704 2914 719 2938 ,
746 2883 1073 2930 contractam
1113 2876 1346 2945 undique
1387 2875 1671 2930 tuniculam
1697 2916 1712 2939 ,
1740 2875 1952 2943 cingulo
1977 2873 2146 2942 subji-

555 2965 721 3032 ciunt,
752 2981 858 3035 quo
878 2967 984 3021 sint
1013 2967 1064 3020 in
1087 2975 1220 3021 tuto.
1251 2966 1393 3021 ldem
1423 2981 1521 3021 nos
1547 2965 1823 3031 faciamus,
1847 2966 2146 3019 orationem

557 3056 612 3110 in
643 3057 856 3127 longum
889 3065 1185 3127 porrectam
1217 3057 1623 3122 contrahemus,
1649 3056 2027 3124 memorizeque
2056 3069 2149 3108 cu-

558 3147 746 3202 stodia:
773 3147 1121 3217 deponamus.
1153 3149 1391 3203 Audistis
1430 3148 1699 3217 quomodo
1725 3146 1854 3199 nihil
1884 3146 2146 3216 agendum

559 3239 631 3291 sit
649 3237 713 3292 ad
732 3240 1164 3304 ostentationem,
1192 3249 1553 3309 quantumque
1573 3241 1641 3292 sit
1665 3238 1863 3292 malum
1883 3237 2148 3299 socordia,

561 3336 620 3382 ut
638 3328 795 3382 etiam
823 3329 874 3383 in
897 3330 1130 3399 perfecta
1154 3332 1257 3384 vita
1283 3340 1582 3385 versantem
1607 3329 1760 3384 facile
1779 3329 2148 3399 supplantavit.

566 3420 836 3476 Didicistis
857 3431 1052 3491 quanta
1085 3424 1238 3477 nobis
1267 3437 1402 3491 opus
1417 3423 1487 3476 sit
1514 3437 1662 3486 cura,
1693 3422 2027 3491 potissimum
2053 3423 2153 3476 sub

562 3511 684 3562 vitae
707 3510 890 3576 finem,
909 3519 1073 3578 utque
1084 3526 1186 3565 nec
1200 3513 1596 3582 desperandum
1615 3510 1742 3564 sitei
1759 3510 1849 3580 qui
1866 3525 1988 3565 cum
2022 3512 2152 3567 inci-

563 3600 732 3655 disset
777 3601 833 3654 in
867 3609 1084 3669 peccata
1125 3611 1357 3654 mutatus
1393 3609 1512 3663 est,
1546 3614 1718 3669 neque
1747 3609 1990 3670 oporteat
2028 3615 2151 3655 eum

565 3693 654 3761 qni
685 3695 736 3747 in
761 3695 1005 3749 socordia
1038 3696 1187 3759 vivit,
1211 3695 1277 3749 de
1298 3704 1444 3749 recte
1473 3694 1623 3748 factis
1653 3694 1943 3749 conlidere.
1979 3695 2155 3750 Disse-

566 3785 769 3839 rnimus
809 3788 959 3842 vobis
1001 3788 1072 3842 de
1114 3788 1413 3842 ditl‘erentia
1453 3795 1794 3855 peccatorum
1821 3829 1836 3853 ,
1876 3804 1943 3842 ne
1989 3789 2154 3843 simus

571 3875 916 3931 vehementer
967 3877 1154 3931 intenti
1200 3878 1267 3931 ad
1310 3878 1533 3931 eximias
1580 3893 1862 3946 corporum
1912 3878 2152 3932 formas:

565 3977 927 4037 quantumque
948 3969 1071 4023 hinc
1099 3969 1299 4023 oriatur
1327 3969 1469 4033 mali,
1495 3969 2000 4023 demonstravimus.
2025 3969 2153 4036 Quae

567 4059 637 4113 de
680 4060 926 4129 superbia
969 4061 1121 4115 vobis
1160 4061 1392 4116 diximus
1431 4060 1751 4115 meministis
1777 4102 1791 4126 ,
1822 4075 2050 4130 quaeque
2087 4061 2154 4114 de

568 4150 747 4217 pravis
789 4151 1223 4218 cogitationibus.
1256 4151 1379 4205 llaac
1421 4161 1696 4205 servantes
1742 4150 2022 4206 redeamus
2055 4150 2154 4204 do-

569 4257 754 4307 mum;
802 4243 928 4312 quin
957 4245 1132 4312 potius
1163 4247 1277 4297 hace
1305 4254 1579 4298 servantes
1619 4244 1945 4313 excipiamus
1985 4243 2157 4314 perfe-

569 4334 792 4389 ctiorcm
833 4331 1012 4389 eximii
1042 4337 1277 4390 doctoris
1313 4337 1764 4390 exhortationem.
1815 4335 1946 4395 Nam
1976 4348 2155 4390 nostra

570 4425 805 4494 quidem,
825 4427 1227 4496 qualiacumque
1249 4437 1390 4488 sunt,
1419 4425 1614 4478 habent
1629 4425 1921 4493 juventutis
1943 4425 2154 4479 indicia:

575 4517 736 4586 hujus
758 4529 970 4583 autem,
1001 4519 1411 4588 qualiacumque
1462 4517 1659 4570 fuerint
1686 4557 1701 4580 ,
1747 4531 1878 4570 cana
1929 4515 2153 4585 quadam

573 4608 848 4675 prudentia
874 4618 996 4662 sunt
1020 4619 1224 4663 ornata.
1251 4611 1326 4662 Ac
1353 4617 1530 4662 nostra
1561 4607 1776 4677 quidem
1817 4606 2008 4660 similia
2037 4616 2158 4658 sunt

572 4706 826 4763 torrenti,
859 4699 944 4768 qui
974 4715 1093 4753 cum
1124 4700 1350 4769 strepitu
1381 4698 1583 4764 fertur;
1622 4699 1763 4752 illius
1790 4707 1963 4750 autem
1991 4697 2158 4749 oratio

573 4789 760 4842 similis
780 4789 1003 4843 estfonti
1026 4805 1211 4859 magna
1239 4791 1617 4859 tranquillitate
1640 4789 1827 4842 fluvios
1845 4787 2155 4852 effundenti,

575 4881 664 4950 qui
694 4881 795 4935 olei
829 4882 993 4951 magis
1023 4899 1178 4951 quam
1209 4899 1463 4952 aquarum
1487 4898 1699 4936 cursum
1728 4882 1980 4936 imitetur.
2007 4882 2164 4935 Exci-

577 4973 784 5040 piamus
810 4973 966 5042 igitur
991 4988 1052 5028 ea
1081 4974 1310 5040 ﬂuenta,
1341 4984 1397 5027 ut
1439 4975 1567 5026 fiant
1595 4975 1646 5026 in
1678 4973 1829 5026 nobis
1865 4973 1981 5026 fons
2012 4988 2162 5042 aqum

577 5063 814 5116 salientis
841 5063 890 5116 in
916 5063 1074 5116 vitam
1100 5075 1349 5119 :eternam
1374 5063 1636 5134 (10022.4.
1665 5065 1728 5118 14
1750 5067 1767 5132 )
1793 5081 1804 5116 :
1830 5081 1986 5132 quam
2010 5064 2162 5118 nobis

578 5153 825 5206 omnibus
852 5154 1120 5224 contingat
1151 5157 1356 5225 assequi
1382 5197 1394 5217 ,
1433 5155 1598 5223 gratia
1633 5163 1686 5208 et
1710 5154 2033 5222 benignitate
2061 5154 2163 5206 Do-

582 5244 710 5298 mini
743 5245 910 5298 nostri
935 5245 1061 5300 Jesu
1101 5245 1293 5300 Christi
1336 5245 1408 5316 (α)
1435 5286 1448 5311 ,
1478 5261 1598 5299 cum
1649 5259 1754 5315 quo
1795 5245 1978 5311 Patri,
2008 5245 2159 5298 simul

580 5347 697 5386 cum
722 5343 906 5388 sancto
927 5344 978 5389 et
1000 5336 1140 5391 bono
1161 5338 1358 5406 Spiritu
1389 5337 1575 5401 honor,
1601 5336 1765 5404 gloria
1787 5346 1840 5389 et
1862 5337 2162 5405 imperium,

584 5439 722 5479 nunc
747 5433 800 5479 et
828 5439 1057 5495 semper,
1085 5437 1136 5481 et
1165 5430 1216 5482 in
1248 5429 1440 5483 saecula
1463 5427 1798 5482 saeculorum.
1831 5428 2018 5481 Amen.

648 5581 719 5640 (a)
753 5588 864 5638 Quae
899 5582 1118 5642 sequitur
1155 5582 1398 5631 conclusio
1423 5584 1493 5631 sic
1524 5583 1732 5629 habetur
1752 5581 1798 5626 iu
1827 5592 1922 5642 uno
1957 5578 2129 5629 Codice
2152 5615 2165 5635 ,

585 5653 730 5709 atque
754 5641 1032 5715 italelgerat
1059 5649 1291 5715 Erasmus.
1320 5643 1709 5715 Qlltllllt‘lllall‘l‘ilit)
1728 5641 2089 5715 conclusiones,
2116 5650 2168 5689 ut

585 5702 678 5763 inii
722 5704 832 5751 alibi
871 5702 1094 5760 diximus,
1140 5705 1198 5752 ad
1240 5704 1544 5754 librariorum
1586 5703 1775 5751 libitum
1815 5711 1867 5750 ut
1911 5702 2164 5761 plurimum

585 5777 693 5812 COIlt
709 5776 880 5813 Ηῖῐὶὶίιὶῐέ
907 5778 1031 5814 διιιη.

1359 379 1417 435 5.
1459 377 1735 436 JOANNIS
1771 370 2238 432 CHRYSOSTOMI
2281 369 2595 427 ARCHIEP.
2635 373 3172 430 CONSTANTINOP.

3725 392 3836 446 120

2245 483 2498 553 Ejusdem
2527 485 2578 538 in
2605 485 2806 539 dictum
2838 485 2966 540 illud
2996 486 3164 551 Isaiae,
3198 487 3408 540 Factum
3437 499 3507 542 est
3531 507 3702 556 anno,
3736 507 3836 555 quo

2318 590 2551 632 mortuus
2589 589 2661 632 est
2701 579 2853 632 Ozias
2891 595 3002 644 rex,
3046 581 3150 632 vidi
3192 580 3466 634 Dominum
3503 584 3767 636 sedentem
3785 583 3836 635 in

2315 671 2443 725 solio
2472 672 2668 726 excelso
2705 683 2752 725 et
2779 672 2910 725 elato
2936 671 2956 742 (
2980 671 3108 725 lsai.
3134 672 3187 727 6.
3213 673 3236 726 l
3265 672 3322 741 );
3367 682 3422 726 et
3450 673 3568 726 laus
3603 673 3839 728 civitatis

2315 765 2614 820 Antiochia:
2641 780 2656 827 ;
2703 772 2759 818 et
2787 764 3042 835 adversus
3072 779 3166 820 eos
3192 765 3280 836 qui
3311 764 3597 835 prohibent
3624 766 3839 835 nuptias

2315 856 2698 914 demonstratio
2722 855 2925 910 divina.

2824 965 3106 1022 HOMILIA
3148 967 3238 1023 IV.

2324 1085 2370 1138 ἓ.
2428 1080 2786 1152 Frequentiam
2851 1081 3145 1134 auditorum
3220 1081 3315 1136 sibi
3381 1082 3602 1152 ipsisque
3659 1091 3842 1153 9mm.

2247 1173 2422 1239 tatur;
2468 1172 2644 1226 Romae
2709 1175 2914 1242 prtefert
2970 1188 3115 1226 suam
3177 1173 3445 1226 civitatem.
3475 1203 3547 1212 —
3602 1174 3844 1228 Praecla-

2246 1282 2364 1321 rum
2419 1265 2571 1319 nobis
2609 1263 2765 1317 hodie
2819 1263 3084 1318 theatrum
3138 1265 3320 1331 adest,
3373 1264 3686 1335 magniﬁcus
3731 1267 3846 1319 ala-

2245 1358 2455 1426 crisque
2519 1364 2708 1409 coetus.
2761 1353 2896 1420 Quid
2956 1353 3169 1408 tandem
3226 1362 3310 1409 est
3369 1355 3422 1410 in
3482 1356 3684 1410 causa?
3738 1356 3844 1410 Sc-

2247 1447 2440 1500 mentis
2493 1444 2604 1499 heri
2656 1442 2806 1497 factae
2850 1441 3082 1508 fructus,
3126 1443 3286 1498 hodie
3323 1445 3513 1499 messis
3556 1455 3661 1502 est.
3713 1445 3845 1501 Heri

2247 1535 2618 1604 plantavimus,
2644 1532 2802 1586 hodie
2835 1533 3108 1587 metimus.
3134 1531 3249 1587 Non
3277 1534 3419 1588 enim
3449 1543 3644 1590 terram
3671 1536 3846 1590 inani-

2249 1640 2387 1678 mam
2411 1623 2656 1688 colimus,
2679 1631 2735 1676 ut
2768 1621 2920 1675 tarde
2947 1620 3248 1688 fruetificet,
3274 1623 3367 1677 sed
3395 1624 3600 1680 animas
3632 1625 3847 1680 ratione

2247 1715 2516 1785 prteditas.
2551 1714 2664 1768 Non
2693 1723 2775 1766 est
2817 1722 3023 1778 natura,
3053 1728 3174 1782 quae
3202 1722 3499 1780 cunctatur,
3524 1714 3619 1770 sed
3645 1718 3843 1786 gratia,

2248 1824 2366 1879 quae
2392 1807 2675 1862 accelerat.
2711 1806 2875 1860 Recte
2915 1807 3247 1876 compositus
3285 1807 3441 1862 nobis
3464 1809 3713 1877 populus,
3743 1826 3847 1862 au-

2249 1898 2424 1953 diendi
2457 1897 2694 1951 studiosa
2727 1897 2874 1965 plebs
2904 1906 3008 1950 est.
3039 1895 3164 1950 ﬂeri
3191 1896 3366 1951 vocati
3391 1907 3536 1964 sunt,
3555 1898 3719 1953 hodie
3744 1915 3845 1954 co-

2250 1999 2528 2046 ronantur.
2554 1990 2947 2044 Admonitionis
2980 1988 3249 2044 hesternae
3291 1989 3492 2044 fruetus
3520 1990 3845 2046 hodiernum

2250 2091 2332 2136 est
2369 2081 2705 2152 obsequium.
2755 2080 2908 2135 Unde
2961 2095 3060 2134 nos
3104 2095 3318 2151 quoque
3360 2080 3587 2135 libenter
3635 2083 3846 2135 semina

2245 2173 2494 2243 jacimus,
2527 2174 2649 2242 quia
2696 2187 2888 2243 purum
2936 2171 3178 2227 videmus
3224 2187 3444 2238 arvum,
3473 2188 3580 2226 non
3632 2174 3848 2244 spinam

2251 2280 2369 2334 qua:
2398 2263 2655 2329 sull'ocat,
2690 2279 2864 2333 neque
2892 2264 3031 2318 viam
3079 2279 3198 2334 quae
3247 2264 3500 2328 calcatur,
3546 2281 3722 2335 neque
3747 2281 3848 2334 pc-

2255 2366 2389 2410 tram
2420 2356 2682 2420 sterilem,
2716 2356 2810 2410 sed
2861 2355 3180 2424 profundum
3222 2372 3286 2409 ac
3333 2357 3579 2425 pinguem
3626 2372 3847 2426 agrum,

2251 2449 2340 2517 qui
2366 2447 2522 2501 simul
2549 2456 2603 2501 et
2627 2461 2809 2500 semen
2837 2446 3025 2515 recipit
3047 2485 3062 2510 ,
3094 2455 3150 2500 et
3176 2447 3377 2515 spicam
3419 2448 3570 2502 nobis
3598 2448 3845 2502 exhibet.

2253 2540 2379 2595 Haec
2404 2554 2616 2609 semper
2645 2538 2854 2608 loquor,
2887 2553 2988 2592 nec
3011 2537 3153 2607 loqui
3181 2537 3420 2592 desinam
3451 2555 3467 2592 :
3499 2539 3615 2593 hzec
3645 2548 3848 2593 nostra:

2254 2632 2484 2686 civitatis
2531 2631 2648 2685 laus
2700 2639 2816 2694 est,
2847 2644 2953 2684 non
3005 2629 3150 2699 quod
3205 2639 3449 2685 senatum
3491 2631 3704 2694 habeat.
3737 2647 3848 2688 non

2254 2725 2393 2795 quod
2417 2724 2665 2779 consules
2695 2738 2982 2776 numerare
3013 2723 3301 2792 possimus,
3339 2739 3511 2793 neque
3549 2725 3690 2793 quod
3732 2736 3848 2779 st:-

2257 2825 2376 2869 tuas
2397 2813 2723 2881 complures,
2758 2828 2931 2882 neque
2957 2811 3096 2882 quod
3132 2813 3390 2867 mercium
3413 2813 3644 2882 cepiam,
3671 2830 3849 2884 neque

2255 2903 2394 2973 quod
2421 2905 2582 2957 situm
2623 2902 2817 2956 habeat
2842 2902 3185 2956 commodum
3222 2920 3235 2955 :
3268 2901 3363 2956 sed
3409 2902 3552 2972 quod
3587 2905 3846 2975 populum

2256 2993 2448 3048 habeat
2472 2993 2720 3048 audiendi
2765 2993 3084 3058 studiosum,
3115 2992 3255 3062 quod
3285 2995 3480 3063 templa
3507 2993 3604 3048 Dei
3653 2996 3806 3064 plena
3833 3039 3846 3056 ,

2256 3084 2394 3154 quod
2425 3085 2676 3138 Ecclesia:
2699 3083 2904 3137 deliciae
2934 3084 3102 3153 magis
3131 3092 3382 3138 crescunt
3409 3085 3458 3137 in
3486 3084 3636 3152 dies,
3669 3088 3847 3156 quod-

2257 3191 2362 3244 que
2407 3190 2712 3229 sermonem
2762 3174 2954 3228 habeat
2993 3173 3381 3242 proﬂuentem,
3412 3175 3851 3247 desideriumque

2261 3280 2549 3334 numquam
2578 3266 2882 3320 satiantem.
2931 3263 3204 3333 Siquidem
3227 3265 3411 3319 civitas
3449 3281 3552 3320 non
3584 3267 3652 3319 ab
3682 3268 3850 3321 aedili-

2259 3355 2374 3420 ciis,
2400 3355 2493 3411 sed
2526 3356 2592 3410 ab
2619 3354 3041 3409 inhabitantibus
3065 3355 3379 3409 admiranda
3409 3356 3656 3411 redditur
3691 3361 3730 3413 ⁸.
3765 3359 3851 3414 Ne

2261 3446 2390 3501 mihi
2420 3463 2607 3501 narres
2633 3446 2999 3500 Romanorum
3023 3446 3209 3501 urbem
3253 3447 3612 3516 magnitudine
3643 3451 3846 3519 spatio-

2261 3554 2374 3594 sam
2406 3554 2554 3603 esse;
2583 3539 2675 3593 sed
2700 3538 2922 3592 ostende
2945 3538 3072 3592 mihi
3106 3538 3214 3592 illic
3240 3541 3491 3608 pepul'um
3519 3557 3672 3611 teque
3696 3544 3850 3612 cupi-

2261 3630 2384 3684 dum
2433 3629 2704 3684 audiendi.
2735 3628 2866 3682 Nam
2905 3627 3137 3682 Sodoma
3185 3638 3359 3683 turres
3399 3629 3694 3698 habebant,
3728 3649 3849 3688 cum

2263 3722 2528 3776 Abraham
2573 3723 2622 3774 in
2661 3721 2869 3792 tugurio
2918 3731 3261 3774 moraretur:
3291 3729 3525 3776 attamen
3574 3724 3852 3779 venientes

2261 3813 2434 3883 angeli
2464 3811 2696 3866 Sodoma
2727 3811 3096 3880 praeteribant,
3126 3820 3180 3864 et
3220 3811 3286 3864 ad
3325 3813 3587 3882 tugurium
3615 3815 3852 3870 diverte-

2262 3906 2389 3961 baut
2413 3903 2561 3975 (Cen.
2590 3901 2699 3976 18).
2727 3903 2841 3958 Non
2870 3902 3012 3958 enim
3042 3902 3236 3957 aedium
3265 3903 3603 3972 splendorem
3633 3921 3850 3975 qumre-

2260 3996 2409 4060 baut,
2430 3996 2522 4049 sed
2545 3995 2736 4048 animae
2760 3995 3008 4048 virtutem
3038 4002 3092 4048 et
3114 3993 3562 4062 pulchritudinem
3594 4013 3848 4066 qumreu-

2264 4097 2341 4142 tes
2393 4087 2760 4142 circumibant.
2806 4087 2882 4140 Ita
2927 4100 3057 4141 sane
3104 4087 3238 4140 alias
3289 4087 3557 4142 desertum
3620 4089 3855 4145 habebat

2262 4178 2542 4244 Joannem,
2567 4180 2756 4233 civitas
2787 4177 3049 4233 Herodem
3081 4195 3094 4230 :
3125 4193 3296 4248 eoque
3323 4178 3593 4234 desertum
3619 4183 3854 4238 nobilius

2265 4282 2380 4325 erat
2405 4270 2636 4325 civitate.
2667 4270 2772 4323 Cur
2799 4269 2870 4322 ita
2902 4267 3155 4323 tandem?
3178 4269 3436 4336 Quoniam
3479 4285 3584 4324 non
3627 4271 3681 4325 in
3710 4282 3852 4327 stru-

2264 4364 2428 4418 cturis
2469 4363 2567 4417 sita
2595 4370 2678 4416 est
2708 4360 3005 4431 prophetia.
3032 4359 3157 4414 Haec
3182 4361 3322 4428 dico,
3351 4363 3632 4431 nequando
3661 4366 3852 4419 civita-

2268 4463 2373 4507 tem
2424 4454 2800 4522 praediccmus,
2836 4468 2954 4520 qua:
3001 4452 3242 4508 moribus
3281 4452 3536 4508 dissoluta
3566 4466 3668 4510 est.
3715 4457 3851 4524 Quid

2266 4544 2395 4597 mihi
2424 4558 2609 4597 narras
2638 4544 2861 4596 aedilicia
2884 4584 2898 4608 ,
2926 4543 3051 4611 quid
3086 4544 3408 4598 columnas?
3438 4545 3562 4600 Hmc
3601 4563 3706 4602 una
3729 4564 3852 4603 eum

2267 4635 2516 4704 praesenti
2570 4635 2675 4686 vita
2730 4633 3032 4686 diruuutur.
3095 4632 3389 4688 Ecclesiam
3451 4635 3766 4705 ingredere,
3800 4649 3856 4693 ut

2266 4725 2700 4779 civitatis-videas
2729 4723 3080 4777 nobilitatem.
3111 4723 3416 4793 Ingredere,
3450 4726 3686 4796 inquam,
3725 4730 3851 4785 vide

2270 4833 2527 4887 pauperes
2557 4833 2586 4870 a
2632 4816 2808 4871 medio
2836 4817 3007 4870 noctis
3037 4831 3208 4884 usque
3247 4817 3314 4870 ad
3367 4818 3539 4872 lucem
3589 4835 3852 4888 persevc-

2269 4923 2481 4976 rantes,
2512 4911 2631 4964 vide
2661 4924 2810 4963 sacra
2840 4908 3114 4978 pervigilia
3149 4908 3292 4962 diem
3324 4925 3444 4963 cum
3492 4921 3648 4966 nocte
3689 4928 3856 4984 copu-

2271 5004 2430 5058 lantia
2481 5021 2495 5055 ε
2536 5002 2657 5056 vide
2697 5016 2788 5054 eos
2846 5014 3018 5067 neque
3075 5000 3304 5053 interdiu
3345 5016 3518 5071 neque
3561 5013 3724 5058 noctu
3773 5007 3856 5059 vel

2271 5095 2442 5149 somni
2474 5091 2806 5163 tyrannidem
2839 5104 2901 5144 ac
2931 5088 3238 5144 violentiam
3290 5101 3587 5148 metuentes
3608 5136 3622 5158 ,
3660 5097 3743 5150 vel
3776 5097 3856 5148 iu-

2272 5188 2406 5257 opiae
2430 5186 2798 5240 necessitatem
2829 5183 3193 5239 formidantes.
3222 5184 3405 5253 Magna
3434 5201 3617 5240 revera
3646 5187 3854 5251 civitas,

2273 5298 2334 5337 ac
2363 5284 2520 5336 totius
2543 5281 2686 5333 orbis
2716 5279 3051 5348 metropolis.
3080 5279 3219 5344 Quot
3247 5280 3500 5348 episcopi,
3524 5289 3654 5348 quot
3682 5279 3858 5333 docto-

2274 5392 2360 5430 res
2403 5376 2505 5428 lmc
2551 5382 2849 5435 venerunt,
2880 5381 2935 5426 et
2977 5387 3004 5424 a
3052 5373 3249 5442 populo
3278 5371 3420 5425 docti
3447 5371 3765 5432 discedunt,
3797 5386 3857 5422 ac

2277 5469 2444 5537 legem
2498 5467 2638 5519 illam
2685 5463 2898 5518 insitam
2940 5463 2993 5517 in
3043 5478 3102 5518 se
3149 5464 3545 5532 transplantare
3573 5473 3763 5516 curant
3791 5463 3855 5512 '?

2340 5582 2354 5610 ¹
2393 5577 2531 5626 savil.
2555 5611 2568 5633 ,
2594 5578 2661 5624 sic
2683 5575 2951 5623 habet......
2990 5574 3074 5624 sed
3109 5573 3166 5621 ab
3200 5573 3569 5622 inhabitantibus
3609 5571 3854 5632 deﬁnitur.

2341 5644 2358 5672 ²
2396 5643 2465 5687 sic
2488 5640 2647 5694 savil.,
2666 5637 2835 5685 Morel.
2865 5647 2914 5685 et
2939 5637 3236 5695 manuscripti
3258 5671 3270 5689 ,
3297 5648 3391 5682 uno
3417 5644 3643 5694 excepto,
3668 5637 3748 5695 qui
3776 5635 3854 5680 lia-

2278 5705 2381 5754 het.
2411 5701 2485 5748 hic
2512 5701 2719 5757 discunt,
2748 5713 2848 5759 pro,
2876 5700 2926 5745 in
2950 5711 2998 5747 se
3014 5697 3377 5759 Atrwisiiluutare
3401 5704 3588 5755 curant,
3620 5703 3669 5744 et
3692 5697 3762 5744 sic
3794 5695 3862 5745 le~

2283 5774 2425 5824 gerat
2448 5770 2680 5815 Erasmus.
2707 5757 2787 5823 qui
2815 5761 2978 5817 vertit,
3003 5757 3080 5806 hic
3106 5757 3311 5806 discum.
