4048 6492
521 473 630 529 121

1233 458 1292 515 S.
1330 456 1612 515 JOANNIS
1647 451 2135 514 CHRYSOSTOMI
2175 451 2492 513 ARCIIIEP.
2535 455 3079 514 CONSTANTiNOP.

3666 465 3780 520 122

520 576 836 649 τρέφεσθαι,
867 580 988 634 οὐδὲ
1031 579 1092 634 τὺ
1120 577 1314 641 πίνειν,
1342 575 1462 630 οὐδέ
1501 574 1563 628 τὸ
1593 573 1874 644 νέμεσθαι,
1903 573 2022 626 οὐδέ
2047 570 2109 624 τὸ
2215 571 2364 635 θείας
2401 571 2497 644 τήν
2530 573 2702 643 ίσχύν,
2739 572 2857 635 πῶς
2879 569 3235 639 εὐκολώτερον
3267 566 3357 620 τὸν
3384 564 3533 636 ἥλιον
3560 565 3791 636 σϐεσθῆν

520 667 639 734 ζῆν’
672 665 845 719 ταῦτα
884 665 994 738 γὰρ
1018 732 1020 734 τ
1040 668 1173 737 ἡμῖν
1215 666 1430 719 ἅπαντα
1474 662 1628 717 κοινά
1657 661 1791 732 πρὸς
1816 660 1884 714 τὰ
1915 660 2101 725 ἄλογα·

518 751 655 804 ἀλλά
680 751 731 804 τί
757 753 1038 825 διέστηκεν
1059 763 1085 793 α
1111 751 1393 824 ἄνθρωπος
1417 749 1524 801 τῶν
1546 749 1784 815 ἀλόγων;
1816 745 1906 817 Τῷ
1931 746 2093 814 λόγῳ·

519 839 604 893 διά
635 838 794 893 τοῦτο
818 841 912 894 καὶ
930 839 1145 910 λογικὸν
1173 840 1310 905 ζῶόν
1336 841 1483 891 ἐστιν
1509 839 1538 889 6
1558 836 1862 905 ἄνθρωπος.
1891 834 2100 902 Ὥσπερ

518 926 628 997 γὰρ
654 927 913 998 τρέφεται
934 929 1004 980 τά
1033 925 1281 997 σώματα,
1310 922 1454 978 οὐτω
1478 924 1735 996 τρέφεται
1762 921 1857 974 καὶ
1882 917 2096 992 ήψυχή·

520 1013 660 1067 ἀλλά
699 1015 761 1068 τὸ
801 1015 899 1085 μὲν
942 1015 1100 1084 σῶμα
1143 1014 1313 1088 ἀρτῳ,
1348 1013 1382 1084 ή
1417 1013 1473 1066 δὲ
1504 1012 1650 1082 ψυχὴ
1689 1009 1853 1080 λόγῳ.
1886 1008 1982 1062 Ἂν
2009 1001 2100 1059 οὖν

524 1102 638 1174 ίδῃς
668 1102 953 1173 ἄνθρωπον
988 1103 1134 1156 λίθον
1164 1103 1431 1164 ἐσθίοντα,
1460 1097 1567 1171 ἆρα
1596 1099 1661 1153 ἂν
1686 1097 1860 1161 είποις
1889 1091 2101 1166 ἀνθρω-

523 1207 623 1242 πον
652 1183 826 1258 εῖναι;
856 1189 1041 1253 Οὕτως
1076 1190 1144 1245 ἂν
1175 1190 1290 1260 ίδῃς
1323 1189 1396 1258 μὴ
1424 1186 1568 1255 λόγῳ
1597 1186 1950 1257 τρεφόμενον,
1985 1183 2100 1238 ἀλλ’

522 1276 714 1348 ἀλογίᾳ
742 1277 792 1342 δ,
843 1279 1009 1349 ἐρεῖς,
1029 1271 1198 1341 Οὗτος
1237 1275 1331 1329 καὶ
1368 1273 1429 1326 τὸ
1462 1269 1602 1327 εἶναι
1635 1271 1920 1342 ἄνθρωπος
1949 1270 2099 1342 [£22]

525 1361 823 1416 ἀπώλεσεν·
867 1366 900 1433 ή
948 1364 1052 1434 γάρ
1091 1360 1366 1433 ἀνατροφή
1403 1360 1642 1438 δείκνυσι
1677 1357 1772 1412 τοῦ
1814 1357 2100 1428 ἀνθρώπου

523 1451 620 1522 τὴν
646 1452 943 1520 εὐγένειαν.
985 1452 1201 1522 Ἐπειδὴ
1231 1450 1411 1505 τοίνυν
1448 1449 1510 1502 τὸ
1557 1448 1781 1518 θέατρον
1825 1449 1956 1517 ἡμῖν
2001 1463 2102 1498 πε-

526 1540 829 1611 πλήρωται,
858 1541 950 1594 καὶ
989 1540 1148 1594 πάλιν
1187 1541 1220 1610 ὴ
1257 1539 1558 1608 θάλασσαή
1590 1535 1984 1607 κυμαινομένη,
2009 1536 2104 1588 καὶ

525 1626 762 1697 γαλήνης
786 1627 1048 1696 γέμουσα,
1084 1627 1180 1680 καὶ¹
1211 1626 1373 1679 πάλιν
1397 1625 1460 1678 τὸ
1488 1625 1721 1692 πέλαγος
1752 1623 1816 1675 τδ
1841 1621 2104 1692 χειμαζό-

529 1729 706 1783 μενον,
740 1714 833 1765 καὶ
875 1713 1124 1783 ἐστηκόςο
1159 1713 1291 1784 φέρε
1336 1712 1401 1782 δὴ
1442 1711 1504 1764 τὸ
1544 1710 1727 1764 πλοῖον
1766 1707 2100 1778 ἑλκύσωμεν,

525 1803 645 1854 ἀντὶ
663 1801 757 1854 τοῦ
784 1801 954 1854 ἱστίου
984 1801 1082 1872 τὴν
1115 1800 1360 1869 γλῶτταν
1386 1799 1848 1863 ἀναπετάσαντες,
1869 1797 1990 1850 ἀντὶ
2009 1794 2105 1848 τοῦ

527 1888 763 1959 ζεφύρου
801 1888 894 1942 τοῦ
945 1889 1260 1958 Πνεύματος
1295 1888 1403 1959 τὴν
1423 1888 1581 1958 χάριν
1610 1885 1958 1949 καλέσαντες,
1986 1885 2107 1938 ἀντὶ

525 1975 618 2027 τοῦ
647 1975 872 2046 αὐχένος
918 1975 1012 2028 καὶ
1055 1975 1316 2046 πηδαλίου
1355 1973 1435 2044 τῷ
1461 1971 1676 2044 σταυρῷ
1709 1972 1984 2044 χρώμενοι
2013 1987 2109 2023 κυ-

527 2060 784 2132 ϐερνήτῃ.
821 2061 887 2113 Ἦ
922 2060 1168 2115 ’θάλασσα
1203 2062 1303 2132 μὲν
1341 2061 1450 2132 γάρ
1491 2059 1605 2132 ἔχει
1656 2058 1876 2131 ἀλμυρά
1917 2057 2106 2122 ὕδατα,

528 2146 762 2201 ἐνταῦθα
805 2146 862 2199 δὲ
891 2145 1034 2218 ὕδωρ
1065 2147 1195 2210 ζῶν.
1245 2148 1392 2200 Ἐκεῖ
1418 2146 1587 2216 ἄλογα
1617 2143 1753 2212 ζῶα,
1785 2143 2018 2198 ἐνταῦθα
2053 2143 2110 2196 δέ

527 2237 698 2307 ψυχαὶ
737 2236 974 2305 λογικαί*
1008 2238 1125 2289 ἐκεῖ
1168 2237 1218 2289 οἱ
1257 2236 1513 2300 πλέοντες
1555 2236 1662 2289 ἀπὸ
1708 2234 1985 2304 θαλάσσης
2030 2233 2111 2296 είς

527 2324 654 2395 γῆν,
682 2323 914 2378 ἐνταῦθα
942 2323 998 2377 δέ
1032 2325 1080 2377 οί
1122 2323 1373 2387 πλέοντες
1400 2322 1508 2376 ἀπὸ
1533 2323 1637 2392 γῆς
1662 2323 1741 2384 είς
1769 2320 1996 2394 οὐρανὸν
2019 2322 2112 2391 ὁρ-

533 2411 799 2482 μίζονται·
830 2411 947 2464 ἐκεῖ
977 2411 1156 2474 πλοῖα,
1191 2409 1422 2463 ἐνταῦθα
1449 2409 1506 2462 δὲ
1536 2409 1684 2476 λόγοι
1728 2408 2109 2479 πνευματικοί’

531 2499 647 2550 ἐκεῖ
685 2497 894 2560 σανίδες
927 2498 984 2550 ἐν
1012 2496 1090 2567 τῷ
1117 2495 1309 2567 πλοίῳ,
1333 2494 1570 2549 ἐνταῦθα
1603 2494 1659 2548 δέ
1686 2494 1861 2562 λόγων
1887 2511 2114 2565 συγκρο-

530 2590 770 2659 τήματαο
788 2587 906 2640 ἐκεῖ
930 2586 1118 2650 ίστίον,
1145 2585 1381 2640 ἐνταῦθα
1405 2584 1465 2638 δὲ
1490 2583 1725 2654 γλῶττα·
1746 2585 1860 2637 ἐκεῖ
1879 2582 2112 2656 ζεφύρου

532 2674 697 2744 αὐρα,
727 2673 961 2728 ἐνταῦθα
1000 2673 1316 2743 Πνεύματος
1349 2671 1632 2744 ἐπιδημίαο
1675 2672 1794 2724 ἐκεῖ
1827 2669 2114 2743 ἄνθρωπος

533 2761 894 2832 κυϐερνήτης,
921 2759 1153 2814 ἐνταῦθα
1194 2761 1251 2814 δὲ
1292 2759 1635 2830 κυϐερνήτης
1675 2759 1704 2812 6
1736 2758 1989 2829 Χριστός.
2017 2758 2113 2811 Διά

531 2849 595 2918 δὴ
633 2847 790 2901 τοῦτο
830 2846 891 2900 τὸ
936 2847 1115 2900 πλοῖον
1156 2844 1498 2917 χειμάζεται,
1533 2845 1646 2898 ἀλλ’
1681 2844 2008 2916 ὑποϐρύχιον
2053 2846 2114 2897 οὐ

531 2935 761 3011 γίνεται.
807 2932 1063 2986 Ἦδύνατο
1097 2933 1196 3003 μὲν
1224 2934 1332 3003 γὰρ
1360 2932 1453 2985 κο.)⁸
1479 2931 1537 2985 ἐν
1555 2930 1768 3004 γαλήνῃ
1796 2930 1967 2992 πλεῖν,
1999 2930 2114 2984 ἀλλ’

532 3023 633 3075 οὐκ
665 3021 877 3092 ἀφῆκεν
899 3023 927 3074 6
960 3020 1317 3092 κυϐερνήτης,
1348 3020 1435 3074 ἵνα
1461 3019 1556 3072 καὶ
1580 3018 1688 3072 τῶν
1723 3018 1994 3072 πλεόντων
2017 3017 2116 3089 τὴν

535 3108 808 3180 ὑπομονήν
872 3107 1005 3181 ίδῃς,
1055 3108 1147 3160 καὶ
1197 3107 1291 3160 τοῦ
1347 3104 1720 3176 κυϐερνῶντος
1762 3104 1860 3175 τὴν
1903 3103 2117 3157 σύνεσιν

533 3195 776 3267 ἀκριϐῶς
805 3193 1134 3267 καταμάθῃς
1156 3203 1205 3248 ο.

608 3283 676 3352 β’.
695 3272 1065 3336 ’Ᾱκουέτωσαν
1087 3280 1366 3352 Ἕλληνες,
1393 3278 1738 3334 ἀκουέτωσαν
1770 3279 2011 3332 Ἰουδαῖοι
2048 3276 2117 3331 τά

535 3368 936 3440 κατορθώματα
973 3367 1148 3439 ήμῶν,
1190 3367 1286 3421 καὶ
1311 3367 1410 3438 τὴν
1429 3366 1724 3440 προεδρίαν
1747 3367 1847 3437 τῆς
1889 3365 2118 3437 Ἐκκλη-

538 3457 680 3520 σίας.
719 3455 856 3510 Ὑπὸ
875 3456 1057 3510 πόσων
1083 3454 1397 3524 ἐπολεμήθη
1421 3455 1456 3524 ή
1486 3453 1798 3522 Ἐκκλησία,
1824 3452 1937 3506 ἀλλ’
1966 3453 2116 3506 οὐδέ-

536 3560 666 3597 ποτε
724 3542 992 3613 ἐνικήθης
1039 3542 1197 3595 πόσοι
1241 3540 1527 3610 τύραννοι;
1576 3539 1732 3591 πόσοι
1783 3537 2116 3610 στρατηγοίς

537 3629 693 3684 πόσοι
728 3627 964 3699 βασιλεῖς
985 3627 1045 3694 ἀς
1080 3627 1408 3696 Δύγουστος,
1435 3625 1705 3697 Τιϐέριος,
1728 3625 1908 3689 Γάϊος,
1932 3623 2117 3678 Κλαύ-

536 3719 667 3782 διος,
706 3718 921 3789 Νέρων,
956 3711 1230 3787 ἄνθρωποι
1258 3715 1438 3784 λόγοις
1471 3714 1846 3786 τετιμημένοι,
1881 3713 2118 3778 δυνατοὶ,

537 3805 776 3858 τοσαῦτα
810 3804 1153 3874 ἐπολέμησαν
1181 3803 1365 3874 ἀκμὴν
1389 3801 1708 3866 νεάζουσαν,
1749 3800 1864 3856 ἀλλ’
1901 3801 2002 3855 οὐκ
2031 3800 2120 3867 ἐξ·

538 3893 867 3965 ερρίζωσανο
899 3892 1012 3945 ἀλλ’
1041 3891 1088 3943 οἱ
1121 3891 1220 3961 μὲν
1250 3889 1659 3960 πολεμήσαντες
1685 3890 1999 3958 σεσίγηνται
2027 3890 2122 3942 καὶ

539 3981 676 4052 λήθῃ
722 3979 1133 4050 παραδέδονται,
1178 3978 1210 4046 ή
1255 3973 1312 4030 δὲ
1351 3974 1721 4048 πολεμηθείσα
1761 3974 1854 4028 τὸν
1894 3975 2121 4046 οὐρανὸν

539 4068 847 4139 ὑπεραίρει,
883 4067 973 4139 Μὴ
999 4067 1107 4138 γάρ
1132 4083 1221 4137 μοι
1251 4065 1409 4118 τοῦτο
1435 4064 1571 4135 ἴδῃς,
1600 4065 1681 4118 ὅτι
1708 4065 1766 4117 ἐν
1796 4064 1866 4135 γῇ
1893 4061 2123 4132 ἕστηκεν

535 4161 572 4226 ἡ
618 4156 931 4224 Ἐκκλησία,
967 4154 1081 4208 ἀλλ’
1111 4155 1191 4208 ὅτι
1222 4155 1280 4207 ἐν
1309 4151 1523 4224 οὐρανῷ
1559 4150 1920 4206 πολιτεύεται.
1952 4149 2123 4204 Πόθεν

539 4244 698 4298 τοῦτο
739 4243 898 4313 δῆλον
923 4259 936 4307 ;
976 4242 1223 4294 Δείκνυσι
1251 4240 1360 4293 τῶν
1388 4239 1730 4310 πραγμάτων
1760 4240 1793 4309 ή
1826 4235 2120 4302 ἀπόδειξις.

553 4332 1000 4402 Ἐπολεμήθησαν
1048 4329 1240 4382 ἐνδεκα
1292 4327 1555 4397 μαθηταὶ,
1603 4327 1695 4379 καὶ
1739 4327 1772 4396 ή
1829 4324 2121 4396 οἰκουμένη

541 4420 795 4490 ἐπολέμει
844 4420 892 4471 οἱ
925 4416 980 4469 δὲ
1011 4414 1409 4484 πολεμηθέντες
1451 4412 1726 4483 ἐνίκησαν,
1767 4411 1862 4464 καὶ
1896 4413 1945 4463 οί
1970 4411 2125 4463 πολε-

545 4507 818 4577 μήσαντες
849 4502 1214 4575 ἀνῃρέθησαν·
1245 4499 1316 4553 τά
1346 4500 1598 4571 πρόϐατα
1625 4499 1734 4552 τῶν
1757 4497 1939 4552 λύκων
1971 4514 2126 4568 περι-

541 4595 807 4663 εγένοντο.
840 4587 994 4653 Εἶδες
1019 4589 1252 4656 ποιμένα
1276 4587 1344 4640 τά
1377 4586 1625 4658 πρόϐατα
1649 4588 1707 4638 ἐν
1735 4584 1884 4655 μέσῳ
1909 4584 2017 4636 τῶν
2042 4583 2129 4636 λύ-

541 4701 653 4737 κων
683 4680 1097 4741 ἀποστέλλοντα,
1138 4679 1226 4731 ἴνα
1258 4676 1391 4747 μηδὲ
1421 4678 1486 4746 τῇ
1533 4676 1675 4745 φυγῇ
1710 4674 1809 4745 τὴν
1851 4673 2127 4743 σωτηρίαν

542 4772 902 4840 πορίσωνται;
949 4769 1104 4829 Ποῖος
1131 4765 1334 4835 ποιμὴν
1365 4762 1520 4816 τοῦτο
1556 4761 1886 4832 ἐργάζεται;
1932 4760 2068 4812 Ἀλλ’
2099 4760 2128 4811 6

542 4857 775 4927 Χριστὸς
815 4855 972 4908 τοῦτο
1013 4853 1284 4923 ἐποίησεν,
1333 4851 1420 4903 ἵνα
1458 4866 1537 4902 σοι
1575 4849 1743 4918 δείξῃ,
1778 4849 1860 4901 ὅτι
1895 4849 1956 4900 οὐ
1988 4850 2128 4903 κατὰ

543 4945 864 4998 ἀκολουθίαν
910 4944 1016 4996 τῶν
1067 4940 1429 5012 πραγμάτων,
1478 4937 1592 4991 ἀλλ’
1640 4936 1781 5008 ὑπὲρ
1821 4937 1983 5005 φύσιν
2035 4940 2129 4990 καὶ⁵

543 5032 864 5087 ἀκολουθίαν
883 5030 951 5083 τὰ
975 5026 1378 5098 κατορθώματα
1403 5026 1633 5092 γίνεται.
1679 5025 1744 5078 Ἦ
1767 5024 1875 5096 7&'9
1913 5025 2132 5097 Ἐκκλη-

546 5123 635 5174 σία
683 5118 913 5190 οὐρανοῦ
950 5116 1151 5186 μᾶλλον
1179 5113 1492 5184 ἐρρίζωται.
1541 5113 1679 5165 Ἀλλ’
1714 5111 1844 5175 ἴσως
1870 5112 2130 5168 ἀπόνοιάν

550 5227 648 5279 μου
703 5205 1102 5276 καταγινώσκει
1158 5207 1186 5257 6
1219 5203 1442 5274 ’Ἐλλην-
1496 5201 1610 5255 ἀλλ’
1670 5202 1987 5272 ἀναμενέτω
2022 5203 2130 5256 τῶν

546 5297 888 5367 πραγμάτων
927 5294 1024 5366 τὴν
1055 5291 1349 5357 ἀπόδειξιν,
1390 5291 1485 5343 καὶ
1519 5289 1832 5360 μανθανέτω
1865 5289 1965 5360 τῆς
2001 5291 2131 5359 ἀλη-

608 5470 636 5498 “
661 5467 865 5526 Quidam
884 5479 998 5513 mss.
1021 5464 1109 5513 τίνι
1133 5464 1398 5521 διέστηκεν,
1423 5475 1522 5510 non
1543 5461 1691 5508 male.
1726 5461 1780 5508 In
1806 5459 1981 5508 iisdem
2005 5459 2132 5506 ἐστὶν

546 5536 571 5579 ὸ
592 5529 1002 5593 o'i_v':9w1to;dee_st_.

615 5590 641 5627 ὶι
671 5579 804 5638 Unus
820 5579 952 5646 'apud
975 5586 1208 5635 Savilium
1231 5586 1351 5634 ἀλλὰ
1373 5583 1568 5646 ψιχίαις,
1593 5582 1677 5646 sed
1703 5579 1856 5630 micis.
1883 5580 1990 5646 619x
2011 5593 2134 5640 qua-

548 5662 660 5702 tuor
690 5665 803 5698 mss.
855 5641 1144 5710 ἀναστροφή,
1180 5654 1231 5695 et
1263 5650 1333 5695 sic
1365 5641 1492 5707 [egit
1534 5645 1765 5702 Savilius,
1806 5643 1895 5689 sed
1933 5641 2132 5702 ἀνατρο-

549 5716 610 5776 φή
635 5714 788 5776 mang
809 5711 1016 5776 quqdfal
1035 5710 1332 5776 ἀα-δεύεαι.

615 5780 637 5803 ο
667 5762 763 5821 Arii
787 5762 911 5832 aﬁud
935 5769 1086 5818 Savil.
1112 5771 1350 5828 ὑπομονήν
1387 5767 1486 5828 ἴδῃ,
1514 5767 1596 5813 καὶ
1623 5762 1710 5812 τοῦ
1742 5763 2027 5823 κυϐερνήτου
2049 5764 2133 5819 τὴν

551 5836 738 5882 σύνεσιν
759 5834 963 5893 ἀκριϐῶς
981 5832 1249 5892 καταμάθῃ.

613 5894 641 5933 ἀ
662 5883 1504 5953 Ιιόσοιτύραννοι,πόσοι”στρατηγοῖ,
1530 5887 1831 5953 πόσοι-βασι,
1844 5883 1917 5953 Vila_
1928 5883 2131 5953 ﬂuidam

553 5970 664 6004 mss.
696 5963 748 6002 et
766 5956 837 6003 sic
861 5945 982 6014 légnl
1007 5945 1118 6003 Silv.
1158 5945 1374 6013 ilemdue
1404 5945 1650 5998 Erasmus.
1680 5945 1730 5996 lin
1755 5949 1873 5995 edit.
1901 5945 2018 5994 Mor.
2042 5945 2130 5992 πό-

555 6035 631 6067 σοι
652 6015 902 6079 στρατηγοί
927 6015 1085 6064 deest.

2213 677 2320 724 ναι,
2350 661 2382 731 ἢ
2412 662 2511 732 τὴν
2546 660 2869 730 Ἐκκλησίαν
2910 658 3289 728 ἀφανισθῆναι.
3327 656 3420 718 Τίς
3455 653 3647 717 ταῦτα,
3681 671 3788 722 φη-

2211 754 2314 817 σίν,
2337 756 2366 806 6
2400 754 2720 826 κηρύττων;
2769 752 2826 806 Ὀ
2859 751 3193 822 θεμελιώσας
3224 751 3412 820 αὐτήνο
3455 750 3508 800 '0
3532 747 3788 814 οὐρανὸς

2209 843 2305 895 καὶ
2340 843 2378 910 ἠ
2411 843 2487 912 γῆ
2528 844 3024 912 παρελεύσονται,
3068 844 3122 896 οἱ
3150 841 3217 895 δὲ
3253 841 3420 908 λόγοι
3456 856 3573 908 μου
3602 838 3675 891 οὐ
3699 833 3790 905 μὴ

2209 929 2570 997 παρέλθωσι.
2611 931 2796 985 Ταῦτα
2839 931 2899 983 οὐ
2936 930 3094 1000 μόνον
3133 923 3305 991 εἶπεν,
3333 925 3467 980 ἀλλά
3501 925 3594 979 καὶ
3622 923 3790 993 ἐπλή-

2211 1031 2374 1084 ρωσεο
2417 1015 2503 1068 διά
2549 1017 2601 1070 τί
2639 1017 2747 1087 7&9
2795 1015 2994 1086 μᾶλλον
3039 1013 3268 1085 οὐρανοῦ
3310 1013 3527 1082 μείζονα
3564 1010 3731 1080 αὐτὴν
3761 1019 3791 1049 ο

2208 1103 2568 1173 ὲθεμελίωσε;
2611 1104 2925 1174 Τιμιωτέρα
2973 1103 3081 1173 γάρ
3116 1100 3348 1172 οὐρανοῦ
3392 1102 3424 1170 ή
3472 1096 3786 1168 Ἐκκλησία.

2209 1191 2304 1243 Διά
2333 1191 2384 1242 τί
2413 1191 2676 1261 οὐρανός;
2713 1191 2811 1243 Διά
2840 1191 2937 1261 τὴν
2978 1187 3326 1259 Ἐκκλησίαν,
3358 1187 3456 1256 οὐχ
3487 1187 3520 1256 ή
3557 1184 3793 1252 Ἐκκλη-

2211 1276 2299 1329 σία
2323 1277 2409 1331 διά
2435 1278 2526 1330 τὸν
2556 1278 2803 1348 οὐρανόν.
2841 1277 2899 1329 '0
2926 1275 3153 1347 οὐρανὸς
3175 1275 3231 1328 δὲ
3258 1274 3347 1327 διὰ
3367 1271 3455 1325 τὸν
3483 1271 3790 1342 ἄνθρωπον,

2211 1365 2364 1438 [125]
2391 1367 2492 1420 οὐκ
2531 1366 2817 1437 ἄνθρωπος
2860 1365 2946 1418 διά
2975 1366 3066 1418 τὸν
3089 1364 3335 1435 οὐρανόν.
3363 1363 3473 1415 Καὶ
3505 1361 3564 1425 ἐξ
3592 1357 3663 1413 ὼν
3693 1361 3794 1412 αὐ-

2208 1453 2299 1516 τὸς
2325 1454 2546 1524 ἐποίησε
2567 1454 2744 1523 δῆλον.
2768 1453 3032 1524 οὐράνιον
3052 1451 3159 1521 γὰρ
3187 1451 3205 1488 τ
3234 1450 3390 1520 σῶμα
3414 1449 3514 1501 οὐκ
3535 1446 3796 1501 ἀνέλαϐεν

2209 1543 2238 1594 6
2264 1541 2518 1609 Χριστός.
2562 1540 2707 1593 Ἀλλ’
2736 1541 2822 1593 ἵνα
2850 1540 2924 1610 μὴ
2954 1539 3283 1610 μηκύνοντες
3307 1537 3397 1590 τὸν
3421 1536 3598 1603 λόγον,
3628 1533 3797 1587 πάλιν

2211 1626 2480 1697 χρεῶσται
2513 1626 2955 1697 ἀναχωρήσωμεν
2999 1627 3238 1698 σήμερον
3282 1624 3416 1694 (ἴστε
3449 1622 3556 1692 γὰρ
3584 1623 3799 1690 ὅσαπερ

2213 1711 2337 1782 χθὲς
2365 1713 2757 1784 ὑπεσχόμεθα),
2783 1712 3106 1766 καταϐαλεῖν
3141 1711 3533 1781 ἑτοιμάσωμεν.
3563 1707 3660 1761 Διά
3681 1705 3797 1776 γὰρ

2211 1801 2337 1861 τοὺς
2369 1799 2794 1869 ἀπολειφθέντας
2834 1798 3194 1869 ἀνεϐαλόμην.
3242 1797 3393 1850 Ἐπεὶ
3431 1790 3523 1848 οὖν
3564 1795 3613 1846 οἱ
3658 1795 3797 1847 ἀπο-

2213 1887 2520 1957 λειφθέντες
2558 1889 2624 1941 τά
2666 1887 2875 1941 ἑαυτῶν
2906 1887 3252 1957 ἐπλήρωσαν,
3297 1885 3389 1938 καὶ
3420 1886 3488 1954 τῇ
3523 1881 3797 1953 παρουσίᾳ

2213 1977 2347 2046 ἡμῖν
2376 1979 2442 2046 τῇ
2479 1975 2689 2029 ἑαυτῶν
2720 1977 2745 2016 8
2773 1973 3097 2046 ἐχαρίσαντο
3122 1971 3403 2044 τράπεζαν
3433 1968 3799 2042 πεπληρωμέ-

2216 2081 2314 2136 νην
2353 2065 2460 2120 τῶν
2490 2065 2881 2136 ἀναλωμάτων,
2911 2063 3042 2135 φέρε
3080 2062 3166 2132 δὴ,
3196 2061 3263 2115 τά
3292 2061 3397 2131 ὄψα
3437 2059 3798 2130 παραϐῶμεν,

2217 2153 2323 2222 δψα
2351 2154 2447 2223 οὐχ
2469 2152 2630 2205 ἕωλα·
2667 2153 2716 2205 εί
2743 2151 2851 2222 γὰρ
2881 2148 2974 2204 καὶ
3005 2148 3227 2220 χθεσινά
3253 2145 3342 2219 ἦν,
3383 2146 3498 2201 ἀλλ’
3531 2146 3590 2199 οὐ
3618 2145 3801 2212 γίνον-

2219 2257 2308 2291 ται
2347 2239 2506 2293 ἕωλα.
2544 2239 2609 2291 Τί
2645 2239 2882 2308 δήποτε;
2921 2234 3035 2290 Οὐκ
3067 2235 3181 2288 ἔστι
3211 2235 3370 2306 κρέα,
3393 2233 3481 2286 ἵνα
3505 2231 3798 2300 διαφθαρῇ,

2219 2324 2354 2378 ἀλλά
2382 2327 2627 2397 νοήματα
2659 2324 2919 2395 διηνεκῶς
2958 2321 3238 2376 ἀνθοῦντα.
3273 2322 3355 2374 Τά
3394 2320 3490 2391 μὲν
3520 2320 3626 2389 7&9
3661 2316 3801 2386 κρέα

2219 2413 2518 2483 φθείρεται·
2560 2413 2717 2482 σῶμα
2762 2413 2870 2480 γάρ
2900 2413 3034 2464 Eat:
3074 2410 3146 2463 τά
3174 2410 3230 2462 δέ
3261 2410 3503 2480 νοήματα
3547 2407 3798 2477 μένοντα,

2218 2502 2558 2572 εὐωδέστερα
2597 2501 2971 2554 καθίστανται.
3007 2499 3072 2550 Τί
3115 2493 3206 2551 οὖν
3243 2493 3332 2568 ἦν,
3361 2498 3396 2551 ἀ
3423 2497 3548 2568 χθὲς
3571 2494 3801 2566 εἰρήκαο

2224 2605 2352 2659 μεν;
2394 2589 2503 2642 Καὶ
2535 2588 2642 2659 γὰρ
2685 2589 2779 2641 καὶ
2811 2589 2972 2658 ἡμεῖς
3008 2586 3133 2657 χθὲς
3173 2583 3556 2654 ἀπελαύσαμεν
3593 2578 3801 2652 τραπέ-

2221 2674 2341 2745 ζης,
2363 2675 2456 2729 καὶ
2478 2676 2527 2728 οί
2549 2675 2967 2744 ἀπολειφθέντες
2987 2675 3085 2728 οὐκ
3114 2671 3516 2744 ἐζημιώθησαν.
3539 2669 3648 2723 Καὶ
3670 2668 3801 2738 ἐγέ-

2219 2779 2356 2817 νετο
2379 2763 2486 2818 τοῦ
2508 2763 2802 2826 ἐνιαυτοῦ,
2821 2759 2890 2819 οὗ
2911 2762 3209 2816 ἀπέθανεν
3231 2759 3408 2824 Ὀζῖας
3430 2755 3802 2822 ὀβασιλεὺς.

2221 2846 2385 2903 εἶδον
2415 2851 2524 2904 τὸν
2556 2853 2772 2919 Κύριον
2809 2850 3147 2918 καθήμενον
3182 2847 3280 2901 ἐπί
3308 2848 3523 2914 θρόνου
3555 2843 3802 2912 ὑψηλοῦ

2222 2935 2321 2992 καί
2356 2937 2715 3004 ἐπηρμένου.
2761 2936 2857 3000 Τίς
2886 2935 3057 2989 ταῦτά
3090 2951 3288 3005 φησιν;
3336 2933 3584 2995 Ἡσαΐας,
3613 2932 3640 2983 6
3670 2930 3803 2983 θεω-

2228 3023 2318 3092 ρὸς
2343 3021 2452 3075 τῶν
2483 3023 2779 3093 Σεραφεὶμ,
2814 3023 2843 3074 6
2874 3021 3036 3091 γάμῳ
3069 3019 3354 3090 ὁμιλήσας,
3393 3017 3488 3070 καὶ
3518 3016 3615 3086 τὴν
3644 3014 3803 3085 χάριν

2227 3111 2302 3183 μὴ
2355 3111 2573 3174 σϐέσας.
2623 3112 2735 3164 Καὶ
2786 3110 3198 3180 προσεσχήκατε
3250 3106 3328 3177 τῷ
3373 3105 3652 3176 προφήτῃ,
3707 3101 3802 3155 καὶ

2224 3197 2492 3269 ἠκούσατε
2533 3198 2625 3250 τοῦ
2662 3201 2940 3268 προφήτου
2987 3198 3242 3267 σήμερον·
3280 3194 3540 3257 Ἔξελθε,
3573 3190 3656 3244 σὺ
3703 3189 3800 3243 καί

2238 3287 2470 3342 Ἰασοὺϐ
2496 3290 2528 3340 ό
2556 3287 2684 3351 υἱός
2709 3301 2843 3340 σου.
2880 3287 3196 3352 Ἀναγκαῖον
3217 3282 3312 3336 καὶ
3339 3281 3512 3335 ταῦτα
3536 3280 3610 3350 μὴ
3632 3296 3802 3350 παρα-

2224 3374 2469 3446 δραμεῖν.
2519 3373 2764 3439 Ἕξελθε,
2812 3374 2876 3426 σύ
2921 3372 3016 3424 καὶ
3071 3371 3099 3423 6
3141 3370 3255 3433 υίός
3292 3386 3405 3422 σου.
3443 3367 3568 3422 Υίὺν
3601 3361 3747 3437 εἶχεν
3772 3367 3802 3423 6

2228 3461 2543 3531 προφήτης;
2573 3459 2778 3513 Οὐκοῦν
2814 3461 2864 3512 εί
2899 3459 3033 3522 υἱὸν,
3069 3458 3162 3511 καὶ
3191 3458 3444 3525 γυναῖκα,
3481 3455 3569 3509 ἵνα
3602 3453 3799 3524 μάθῃς.

2226 3547 2308 3600 ὅτι
2334 3547 2394 3600 οὐ
2421 3546 2621 3614 φαῦλον
2649 3548 2677 3598 6
2700 3545 2876 3614 γάμος
2896 3546 2945 3608 ιι,
2974 3544 3109 3597 ἀλλά
3136 3543 3301 3598 κακὸν
3327 3545 3359 3613 ή
3389 3541 3634 3613 πορνεία.
3664 3541 3797 3593 Ἀλλ’

2227 3632 2413 3703 ἐπειδὴ
2436 3632 2649 3695 πολλοῖς
2679 3648 2788 3684 τισι
2822 3630 3201 3701 διαλεγόμεθα,
3239 3631 3333 3684 καὶ
3357 3629 3609 3698 λέγομεν,
3630 3628 3727 3680 Διά
3749 3626 3800 3679 τί

2232 3720 2306 3790 μὴ
2343 3719 2517 3791 ὀρθῶς
2551 3718 2671 3789 ζῇς,
2707 3717 2794 3771 διὰ
2826 3717 2879 3770 τί
2909 3716 2981 3788 μὴ
3017 3717 3126 3786 βίον
3167 3715 3365 3787 ἀκριϐῆ
3401 3714 3800 3778 ἐπιδείκνυσαι;

2226 3807 2350 3872 Πῶς
2388 3805 2642 3877 δύναμαι,
2684 3806 2867 3876 φησὶν,
2908 3805 3002 3858 ἐὰν
3043 3804 3116 3874 μὴ
3164 3802 3519 3873 ἀποτάξωμαι
3559 3801 3800 3871 γυναικὶ,

2228 3895 2324 3948 ἐὰν
2373 3893 2448 3966 μὴ
2497 3886 2856 3963 ἀποὲἀξωμαι
2902 3892 3152 3954 παιδίοις,
3199 3891 3292 3943 ἐὰν
3333 3890 3408 3961 μὴ
3446 3889 3802 3960 ἀποτάξωμαι

2230 3981 2549 4051 πράγμασι;
2577 3979 2679 4032 Διά
2712 3980 2797 4044 τί;
2833 3979 2908 4049 μὴ
2937 3978 3161 4048 κώλυμα
3186 3979 3214 4030 6
3250 3978 3426 4047 γάμος
3450 3994 3463 4042 ;
3492 3975 3691 4046 Βοηθός
3721 3994 3803 4029 σοι

2229 4067 2433 4121 δέδοται
2451 4070 2484 4138 ή
2507 4066 2666 4137 γυνὴ,
2691 4065 2765 4137 μή
2795 4066 3093 4127 ἐπίϐουλος.
3113 4065 3168 4117 '0
3191 4065 3474 4134 προφήτης
3491 4064 3550 4116 οὐ
3570 4066 3802 4131 γυναῖκα

2231 4150 2371 4224 εἶχες
2409 4153 2514 4207 Καὶ
2537 4156 2638 4207 οὐκ
2676 4153 2889 4220 ἐγένετο
2920 4143 3145 4221 κώλυμά
3178 4152 3271 4203 τοῦ
3310 4150 3622 4221 Πνεύματος
3648 4151 3679 4202 6
3703 4151 3800 4218 γάο

2233 4259 2332 4312 μος
2360 4243 2377 4282 ί
2403 4258 2417 4272 ο
2451 4241 2589 4295 ἀλλά
2621 4241 2714 4294 κα)⁸
2758 4239 2950 4308 ὡμίλει
3000 4242 3066 4309 τῇ
3101 4238 3339 4306 γυναικὶ,
3388 4239 3482 4290 καὶ
3523 4238 3801 4308 προφήτης

2229 4326 2317 4400 ἦν.
2358 4330 2415 4384 'o
2448 4329 2685 4398 Μωῡσῆς
2713 4329 2772 4381 οὐ
2812 4331 3044 4396 γυναῖκα
3070 4326 3227 4396 me;
3263 4326 3372 4379 Καὶ
3398 4325 3603 4397 πέτρας
3639 4325 3804 4397 ἔρρη-

2233 4417 2312 4483 ξε,
2367 4417 2460 4472 καὶ
2517 4417 2654 4487 ἀέρα
2703 4414 2981 4484 μετέϐαλε,
3036 4413 3129 4466 καὶ
3191 4413 3308 4483 Θεῷ
3358 4413 3643 4481 διελέγετο,
3711 4414 3806 4465 καὶ

2234 4504 2490 4574 θεήλατον
2512 4502 2678 4572 ὀργὴν
2706 4501 3029 4554 ἀνέστειλεν.
3068 4500 3126 4551 '0
3161 4500 3411 4570 Ἀϐραὰμ
3430 4501 3549 4569 οὐχὶ
3573 4501 3808 4567 γυναῖκα

2233 4591 2392 4660 ἔσχες
2421 4590 2531 4645 Καὶ
2554 4589 2734 4658 πατὴρ
2760 4588 2972 4655 ἐγένετο
2998 4587 3185 4648 ἐθνῶν,
3215 4588 3425 4657 καὶτῆς
3461 4587 3803 4656 Ἐκκλησίας·

2233 4677 2324 4730 τὸν
2349 4677 2455 4749 7&9
2497 4674 2681 4728 Ἰσαὰκ
2708 4675 2819 4727 υἱὸν
2840 4669 2974 4742 εἶχε,
3003 4675 3093 4726 καὶ
3122 4673 3281 4736 αὐτὸς
3302 4674 3514 4741 ἐγένετο
3535 4674 3806 4744 κατορθω-

2237 4764 2422 4834 μάτων
2449 4762 2724 4824 ύπόθεσις.
2762 4761 2874 4814 οὐκ
2917 4762 3182 4830 ἀνήνεγκε
3206 4759 3266 4813 τὸ
3297 4760 3529 4824 παιδίον,
3557 4760 3646 4814 τὸν
3675 4778 3807 4830 καρ-

2235 4853 2335 4904 πὸν
2359 4851 2451 4905 τοῦ
2475 4852 2686 4920 γάμου;
2719 4849 2817 4902 οὐκ
2838 4847 3052 4917 ἐγένετο
3080 4849 3174 4901 καὶ
3207 4849 3390 4919 πατὴρ
3415 4850 3508 4901 καὶ
3534 4848 3806 4918 φιλόθεος;

2236 4939 2334 4992 οὐκ
2360 4934 2429 5009 ἦν
2460 4939 2588 4992 ίδεῖν
2628 4935 2778 5008 ἱερέα
2800 4935 2859 5001 ἐξ
2890 4936 3102 4988 οἰκείων
3133 4935 3453 5006 σπλάγχνων
3483 4937 3806 5007 γενόμενον;

2238 5026 2387 5095 ἱερέα
2424 5025 2520 5078 καὶ
2552 5024 2800 5093 πατέρας
2837 5021 2998 5091 φύσιν
3039 5022 3364 5093 νικωμένην,
3406 5022 3499 5076 καὶ
3525 5022 3809 5075 εὐλάϐειαν

2237 5113 2576 5182 κρατοῦσανς
2604 5111 2886 5179 σπλάγχνα
2913 5107 3247 5178 πατούμενα,
3281 5111 3374 5163 καὶ
3413 5109 3809 5180 κατορθώματα

2238 5201 2434 5272 εὐσεϐῆ
2460 5198 2844 5271 περιγινόμενα
2870 5213 2884 5261 ;
2920 5196 3013 5249 καὶ
3041 5196 3131 5248 τὸν
3170 5197 3378 5266 πατέρα
3408 5195 3684 5265 λυόμενον,
3716 5196 3809 5248 καὶ

2240 5287 2484 5358 φιλόθεον
2511 5283 2772 5353 στεφανού
2782 5299 2968 5353 μενον;
2995 5284 3093 5335 οὐκ
3116 5282 3249 5346 εἶδες
3273 5284 3390 5338 ὅλον
3412 5282 3695 5351 φιλόπαιδα
3717 5282 3812 5334 καὶ

2241 5377 2511 5445 φιλόθεον;
2538 5375 2611 5444 μή
2628 5371 2966 5425 τιέκώλυσεν
2985 5372 3013 5423 ὁ
3038 5370 3239 5441 γάμος;
3272 5371 3335 5424 Τί
3358 5370 3412 5423 δέ
3437 5372 3469 5441 ή
3496 5371 3678 5441 μήτηρ
3703 5369 3810 5424 τῶν

2297 5583 2316 5603 ⁶
2347 5581 2446 5628 Alil
2485 5576 2613 5638 apud
2637 5576 2787 5624 Savil.
2816 5576 3105 5638 ἐπλήρωσεν
3129 5571 3329 5636 οὐρανοῦ
3370 5573 3457 5636 γὰρ
3479 5575 3652 5631 μᾶλλον
3669 5575 3811 5630 αὐτὴν

2301 5642 2397 5696 ίζω.

2241 5659 2448 5748 μεῖᾳιῖιὶἱ
2471 5711 2584 5746 mss.
2623 5702 2675 5746 et
2715 5697 2862 5746 Savi].
2905 5698 2954 5758 in
2979 5701 3120 5758 textu
3146 5696 3356 5758 οὐράνιον
3378 5697 3484 5758 γάρ,
3525 5702 3576 5744 et
3607 5694 3810 5758 melius;

2238 5765 2324 5811 sed
2351 5763 2580 5811 Erasmus
2599 5760 2720 5818 legit
2740 5757 2955 5820 οὐρανοῦ,
2976 5765 3030 5804 ιιι
3052 5755 3398 5806 ὴοὺειΜοτεΙζ
3426 5755 3479 5806 él
3512 5769 3679 5820 margo
3699 5755 3809 5805 Sav.

2238 5824 2392 5873 Paulo
2417 5828 2524 5882 post
2550 5820 2696 5882 iidem
2722 5818 3018 5882 μηκύναντες.

2302 5886 2327 5923 8
2354 5878 2450 5931 Alii
2476 5894 2589 5928 mss.
2615 5881 2699 5935 τὴν
2721 5880 2980 5940 παρουσίαν
3002 5878 3113 5939 ἡμῖν
3144 5880 3228 5934 τήν
3253 5879 3448 5929 ἑαυτῶν.

2299 5945 2327 6010 ξι
2351 5945 2488 6010 lius
2508 5943 2579 5988 ὅτι
2607 5941 2661 5988 οὐ
2682 5939 2854 6010 ῗαῦλος
2876 5941 2902 5985 ὁ
2925 5940 3086 6010 γάμος.

2302 6008 2318 6046 ι
2361 6003 2484 6056 Tres
2506 6014 2619 6051 mss.
2642 5999 2726 6050 τοῦ
2747 6000 3006 6061 πνεύματος
3025 6003 3054 6056 ἡ
3077 6000 3226 6062 χάρις,
3246 5999 3388 6048 male.
