4048 6450
267 442 377 499 121

250 547 404 617 Quod
458 548 503 603 si
554 545 683 601 mihi
715 558 899 599 narres
928 544 1214 613 dignitates
1255 552 1310 598 et
1354 557 1515 611 opum
1559 536 1836 594 abundano

248 646 400 703 tiam,
427 654 456 691 a
491 638 632 692 foliis
656 680 671 696 .
696 652 798 689 noo
830 652 858 689 a
882 636 1170 699 fructibus,
1197 634 1442 688 arborem
1464 632 1666 687 laudas.
1711 629 1837 685 Haec

246 740 427 783 autem
480 730 669 798 loquor
711 744 815 782 non
872 734 1156 781 assentans
1206 726 1412 779 caritati
1472 734 1688 789 vesme,
1742 723 1835 777 sed

248 821 506 877 virtutem
566 829 798 876 vestram
852 820 1173 889 prmdicans.
1228 818 1428 871 Beatus
1468 832 1568 887 ego
1619 824 1837 885 propter

247 925 345 964 vos
367 952 382 975 ,
411 911 550 964 beati
581 926 677 965 vos
704 920 919 979 propter
945 924 1038 963 vos
1067 910 1209 977 ipsos
1237 923 1250 962 :
1284 908 1468 962 Beatus
1495 908 1581 977 qui
1613 906 1836 977 loquitur

245 1003 317 1056 ad
356 1019 511 1056 aures
562 1003 873 1056 audientium
902 1001 1093 1069 (Eccle.
1120 1000 1209 1054 ‘25.
1244 999 1336 1068 12)
1362 1017 1377 1053 :
1406 999 1483 1053 sic
1506 1012 1606 1067 ego
1651 998 1835 1051 beatus

247 1093 419 1148 factus
475 1110 615 1148 sum.
670 1092 811 1146 Beati
860 1092 947 1160 qui
1000 1091 1227 1145 esuriant
1273 1098 1318 1143 et
1362 1089 1537 1142 sitiunt
1577 1088 1834 1158 justitiam

248 1184 461 1254 (Matth.
499 1184 551 1238 5.
589 1184 666 1253 6).
704 1183 863 1237 Vides
888 1180 1156 1251 quomodo
1183 1194 1279 1235 vos
1316 1177 1458 1234 beati
1498 1188 1712 1248 promer
1738 1192 1834 1231 vos

248 1278 394 1345 ipsos
443 1275 572 1331 estis
628 1274 790 1328 facti?
820 1274 1010 1329 Beatus
1050 1280 1131 1326 est
1182 1272 1263 1326 vir
1303 1285 1489 1324 amans
1528 1282 1833 1324 sermonum

243 1367 629 1436 spiritualium.
669 1365 780 1419 Hoc
806 1379 904 1418 nos
934 1363 1209 1433 distinguit
1236 1377 1266 1415 a
1309 1361 1497 1416 brutis.
1530 1359 1645 1414 Non
1691 1360 1831 1414 cnim

244 1476 345 1515 nos
379 1460 448 1513 ab
474 1460 577 1513 illis
606 1467 820 1526 separat
839 1458 1081 1525 corporis
1103 1457 1448 1524 ratio,ncque
1473 1452 1613 1523 quod
1643 1453 1834 1506 alimur

244 1559 339 1605 aut
367 1550 620 1612 bibimus,
645 1561 819 1617 neque
844 1545 984 1615 quod
1018 1546 1281 1613 poscimur
1306 1554 1395 1598 aut
1421 1543 1644 1598 vivimus
1670 1560 1684 1599 :
1717 1542 1835 1597 haec

244 1642 390 1696 enim
420 1640 601 1694 omnia
643 1638 795 1691 nobis
840 1652 963 1691 cum
1003 1637 1172 1690 brutis
1211 1646 1331 1690 sunt
1369 1635 1692 1689 communia.
1728 1633 1831 1689 Sed

242 1747 347 1798 qua
378 1746 437 1785 re
462 1730 805 1797 distinguitur
831 1743 859 1781 a
905 1728 1073 1781 brutis
1113 1725 1313 1781 homo?
1347 1725 1606 1781 Sermone
1641 1742 1655 1777 :
1685 1734 1736 1779 et
1764 1725 1833 1780 ob

246 1825 297 1878 id
321 1824 517 1877 animal
545 1822 737 1876 dicitur
760 1829 940 1887 λογικὸν
960 1839 971 1874 :
994 1821 1095 1874 hoc
1126 1829 1225 1884 est,
1255 1819 1519 1873 sermonis
1548 1820 1831 1888 particeps.

246 1916 317 1971 Ut
350 1915 493 1969 enim
517 1915 730 1969 aluntur
751 1927 1009 1982 corpora,
1042 1912 1120 1965 sic
1149 1912 1363 1965 aluntur
1388 1920 1442 1964 et
1469 1911 1659 1963 animae
1692 1925 1705 1962 :
1738 1908 1831 1963 sed

243 2019 444 2075 corpus
497 2020 674 2074 pane,
726 2004 901 2057 anima
962 2017 1230 2058 sermone.
1284 2001 1513 2057 Proinde
1558 2000 1602 2055 si
1655 2000 1833 2055 videas

248 2096 521 2152 hominem
560 2103 864 2149 vescentem
915 2092 1108 2161 lapide,
1141 2108 1267 2147 num
1299 2091 1446 2146 illum
1481 2091 1680 2145 dixeris
1713 2104 1831 2145 esse

247 2186 569 2242 hominem?
605 2184 793 2239 Itidem
846 2185 891 2238 si
943 2199 1100 2253 quem
1128 2184 1321 2239 videris
1373 2183 1461 2253 qui
1514 2197 1618 2236 non
1661 2181 1831 2236 alatur

244 2292 496 2331 sermone
520 2317 534 2341 ,
565 2275 659 2329 sed
689 2275 951 2329 sermonis
981 2288 1044 2329 ac
1069 2274 1288 2329 rationis
1318 2273 1515 2343 in0pia,
1545 2273 1708 2336 dices,
1736 2272 1831 2325 Hic

242 2381 300 2426 et
327 2370 557 2424 hominis
585 2377 826 2422 naturam
856 2368 1070 2431 amisit,
1099 2367 1361 2437 siquidem
1388 2366 1637 2422 educatio
1652 2365 1831 2420 decla-

245 2472 325 2515 rat
372 2461 605 2515 hominis
656 2460 1007 2513 nobilitatem.
1057 2457 1313 2526 Quoniam
1362 2458 1519 2527 igitur
1565 2456 1827 2512 theatrum

247 2552 401 2606 nobis
431 2551 646 2619 plenum
675 2558 777 2616 est,
811 2551 1043 2620 itemque
1066 2564 1210 2605 mare
1236 2548 1441 2619 pridem
1472 2551 1827 2616 :estuansjam

246 2644 621 2715 tranquillum,
662 2658 724 2697 ac
775 2658 985 2696 rursum
1029 2642 1243 2710 pelagus
1285 2641 1464 2695 sedata
1516 2649 1829 2708 tempestate

244 2736 483 2803 quietum
517 2750 580 2789 ac
623 2732 925 2803 placidum:
953 2747 1048 2802 age
1085 2732 1195 2801 jam
1227 2745 1412 2785 navem
1462 2730 1824 2795 detrahamus,

245 2826 349 2879 veli
379 2825 499 2879 loco
524 2821 888 2892 expandentes
921 2821 1171 2891 linguam,
1203 2836 1298 2890 pro
1327 2819 1559 2891 zephyro
1598 2819 1827 2890 Spiritus

244 2918 471 2987 gratiam
505 2917 834 2978 invocantes,
860 2928 956 2982 pro
986 2922 1197 2969 temone
1240 2913 1494 2983 clavoque
1539 2927 1697 2967 cruce
1727 2927 1825 2983 gu-

246 3006 555 3061 bernatrice
581 3014 808 3060 utentes.
841 3004 972 3059 Nam
1014 3018 1160 3058 mare
1197 3002 1410 3073 quidem
1453 3002 1611 3058 habet
1636 3018 1826 3072 aquam

245 3098 445 3153 salsam
467 3138 481 3161 ,
508 3096 594 3151 hic
626 3107 805 3150 autem
837 3104 919 3149 est
945 3110 1081 3165 aqua
1109 3094 1244 3147 viva.
1274 3093 1388 3149 lllic
1415 3102 1539 3147 sunt
1578 3094 1826 3147 animalia

247 3192 471 3245 rationis
500 3190 743 3258 expertia
767 3230 781 3254 ,
811 3188 896 3243 hic
933 3203 1061 3242 vero
1107 3188 1297 3241 anima:
1344 3187 1628 3241 rationales
1658 3203 1671 3239 :
1719 3186 1829 3243 illic

245 3284 335 3351 qui
364 3281 613 3349 navigant
640 3296 670 3334 e
701 3280 831 3333 mari
864 3281 915 3333 in
947 3287 1166 3341 terram,
1198 3277 1283 3332 hic
1308 3293 1435 3332 vero
1464 3278 1552 3347 qui
1582 3278 1827 3348 navigant

245 3392 276 3429 e
306 3384 447 3427 terra
480 3376 530 3427 in
559 3373 745 3427 caelum
774 3370 1047 3441 appellunt
1078 3387 1092 3424 :
1120 3370 1230 3424 illic
1255 3370 1480 3439 navigia,
1505 3369 1590 3423 hic
1618 3370 1826 3439 eloquia

244 3467 540 3537 spiritualia
574 3483 585 3518 :
616 3467 725 3520 illic
749 3465 803 3518 in
840 3464 956 3518 navi
992 3463 1180 3519 tabul:e
1208 3504 1223 3528 ,
1248 3464 1333 3517 hic
1358 3477 1663 3518 sermonum
1695 3479 1824 3518 con-

245 3569 437 3613 ventus
468 3576 478 3610 :
512 3558 620 3611 illic
652 3557 849 3620 velum,
887 3556 971 3610 hic
1008 3557 1181 3625 lingua
1208 3572 1221 3608 :
1254 3554 1362 3609 illic
1394 3554 1610 3625 zephyri
1646 3553 1823 3621 ﬂatus,

247 3652 333 3704 hic
390 3649 607 3719 spiritus
656 3648 933 3717 prtescntia
968 3665 980 3699 :
1015 3647 1121 3701 illic
1168 3646 1328 3701 homo
1359 3646 1698 3717 gubernator,
1742 3646 1827 3702 hic

245 3757 374 3795 vero
395 3741 719 3810 gubernator
745 3740 1007 3794 Christus.
1050 3738 1249 3793 Idcirco
1291 3753 1419 3793 sane
1446 3740 1676 3808 iactatur
1706 3740 1824 3806 qui-

244 3832 367 3885 dem
402 3832 550 3885 navis
574 3873 587 3896 ,
621 3839 676 3884 at
704 3846 809 3884 non
852 3832 1127 3899 mergitur.
1179 3830 1394 3883 Poterat
1437 3830 1649 3898 quidem
1683 3838 1733 3883 et
1771 3830 1822 3883 in

245 3924 533 3992 tranquillo
564 3925 833 3994 navigare,
861 3938 1045 3977 verum
1076 3937 1177 3976 non
1211 3935 1396 3991 passus
1432 3930 1513 3976 est
1560 3921 1825 3989 guberna-

244 4024 347 4079 tor,
372 4028 478 4082 quo
505 4014 664 4067 simul
694 4023 747 4067 et
768 4012 1126 4081 navigantium
1157 4011 1443 4081 perspicias
1466 4010 1821 4075 tolerantiam,

242 4116 294 4162 ct
332 4107 701 4176 gubernatoris
731 4105 1065 4175 prudentiam
1098 4105 1302 4173 plenius
1332 4118 1640 4174 cognoscas.

310 4202 364 4254 2.
395 4199 620 4253 Ecclesia
649 4199 836 4253 Christi
862 4200 1067 4251 invicta.
1096 4197 1321 4250 Facilius
1348 4207 1420 4251 est
1445 4197 1599 4251 solem
1628 4200 1821 4251 exstin-

239 4295 346 4365 gui,
379 4310 530 4359 quam
559 4292 839 4345 Ecclesiam
864 4291 1113 4343 deleri.——
1132 4288 1357 4341 Audiam
1386 4288 1822 4356 gentes,audiant

238 4385 408 4440 Judaei
460 4383 734 4436 benefacta
794 4390 993 4442 nostra,
1026 4378 1241 4432 audiant
1279 4393 1522 4448 magnam
1569 4376 1821 4432 Ecclesiae

239 4477 714 4547 prmeminentiam.
744 4476 781 4527 Α
814 4489 970 4542 quam
999 4473 1177 4526 multis
1205 4482 1503 4542 Oppugnata
1531 4480 1613 4525 est
1646 4472 1822 4526 Eccle-

236 4570 334 4635 sia,
354 4584 450 4623 nec
468 4583 716 4637 umquam
736 4577 911 4619 tamen
925 4566 1223 4635 victa?quot
1241 4566 1614 4635 tyranniiquot
1635 4566 1816 4631 duces,

235 4671 365 4730 quot
382 4660 768 4728 Imperatores?
784 4656 1338 4727 Augustus,Tiherius,
1354 4654 1531 4720 Caius,
1546 4656 1818 4722 Claudius,

236 4756 410 4820 Nero,
458 4752 705 4805 homines
756 4750 924 4803 literis
976 4748 1178 4808 ornati,
1208 4756 1479 4815 potentes,
1529 4758 1605 4802 tot
1650 4748 1819 4800 modis

234 4852 609 4914 Oppugnarunt
639 4850 908 4894 recentem
940 4853 1002 4892 ac
1034 4847 1293 4901 teneram,
1319 4847 1373 4890 at
1418 4853 1523 4890 non
1570 4838 1819 4891 radicitus

235 4932 602 4991 sustulerunt;
634 4930 761 4998 quin
792 4930 963 4997 potius
1003 4928 1036 4981 ii
1069 4928 1157 4997 qui
1188 4936 1555 4996 oppugnarunt
1597 4929 1820 4981 silentur

234 5020 490 5076 oblivioni
520 5018 718 5084 traditi,
745 5019 833 5072 illa
857 5033 984 5071 vero
1010 5026 1305 5086 oppugnata
1335 5016 1522 5071 eiclum
1552 5027 1818 5071 transcen-

234 5116 327 5167 dit.
364 5112 547 5180 Neque
573 5112 715 5165 enim
762 5109 891 5162 illud
923 5110 1052 5162 mihi
1099 5121 1358 5177 spectato,
1392 5112 1531 5179 quod
1572 5110 1621 5162 in
1662 5110 1818 5163 terris

231 5207 330 5259 sita
378 5206 448 5258 sit
500 5203 758 5269 Ecclesia,
809 5203 900 5255 sed
928 5203 1066 5271 quod
1107 5203 1159 5256 in
1204 5205 1333 5257 0th0
1363 5213 1623 5258 versetur.
1664 5203 1818 5259 Unde

235 5298 336 5352 hoc
366 5296 656 5351 dilucidum
688 5296 812 5349 est?
842 5295 1098 5348 Nimirum
1130 5297 1258 5365 ipsae
1302 5312 1387 5349 res
1427 5296 1813 5349 demonstrant.

235 5388 535 5458 Oppugnati
565 5398 689 5443 sunt
720 5387 965 5440 undecim
996 5387 1273 5456 discipuli,
1308 5396 1447 5441 totus
1475 5389 1618 5441 orbis
1645 5402 1819 5455 oppu~~~

233 5480 428 5549 gnabat
481 5495 492 5531 :
538 5494 721 5531 verum
779 5477 863 5545 qui
922 5478 1359 5545 oppugnabantur
1408 5477 1679 5541 vicerunt,
1729 5474 1814 5545 qui

232 5572 607 5641 oppugnabant
635 5569 822 5623 sublati
846 5580 964 5623 sunt
993 5586 1005 5621 :
1036 5585 1159 5624 oves
1178 5571 1419 5625 devicere
1442 5570 1810 5640 lupos.\’idisti

234 5674 502 5731 pastorem
525 5675 653 5714 oves
673 5663 722 5714 in
745 5661 976 5713 medium
994 5660 1234 5729 luporum
1254 5662 1581 5717 emittentem
1600 5662 1617 5730 (
1633 5660 1810 5714 ilattli.

238 5756 318 5807 tt).
354 5754 466 5822 16),
500 5760 553 5806 ut
582 5768 650 5806 ne
680 5752 798 5821 fuga
826 5750 1041 5819 quidem
1071 5751 1291 5806 salutem
1321 5754 1813 5823 consequerentur?

234 5850 361 5914 Quis
388 5855 565 5917 pastor
614 5846 712 5901 hoc
745 5845 904 5901 fecit?
944 5844 1187 5899 Christus
1238 5844 1337 5900 hoc
1385 5844 1528 5912 fecit,
1573 5863 1675 5911 quo
1718 5846 1805 5899 tibi

1205 426 1267 482 IN
1306 424 1527 488 ILLUD,
1573 419 1700 476 VIDI
1744 417 2082 487 DUMINUM,
2123 421 2357 479 HOMIL.
2400 424 2488 481 ιν.

3428 449 3541 504 122

1946 534 2335 593 demonstraret
2356 558 2472 607 qua?
2500 551 2641 594 recte
2659 552 2914 610 geruntur
2936 557 3038 598 non
3068 540 3306 600 accidere
3334 558 3526 599 sectiu-

1944 627 2067 681 dnm
2116 643 2292 682 rerum
2328 630 2523 684 seriem
2548 671 2561 695 ,
2601 632 2694 686 sed
2729 643 2924 701 praeter
2954 646 3198 687 naturam
3231 646 3528 704 pra'terquo

1944 734 2120 773 rerum
2164 721 2380 776 seriem.
2419 722 2549 775 Nam
2594 724 2834 779 Ecclesia
2880 724 3203 781 firmioribus
3234 742 3393 797 quam
3422 744 3529 782 cm-

1945 812 2051 865 lum
2076 813 2245 882 ipsum
2275 814 2542 869 radicibus
2571 815 2755 872 baaret.
2784 817 2982 873 Verum
3012 817 3253 875 fortassis
3280 818 3528 876 ethnicus

1943 906 2258 974 arrogantia:
2282 923 2366 961 me
2387 908 2713 964 condemnat
2747 930 2761 966 :
2793 910 2887 966 sed
2911 919 3125 966 maneat
3142 911 3313 967 donec
3338 913 3524 966 barum

1942 1010 2121 1051 rerum
2150 998 2511 1066 probationem
2535 1002 2791 1062 attulere,
2824 1001 3098 1071 discatque
3126 1004 3234 1057 vim
3263 1004 3523 1071 veritatis,

1942 1088 2207 1156 quomodo
2236 1088 2444 1142 facilius
2484 1101 2566 1143 est
2613 1091 2781 1144 solem
2824 1094 3108 1161 exstingui,
3142 1108 3297 1159 quiam
3342 1094 3526 1149 Eccle-

1941 1181 2073 1235 siam
2103 1181 2291 1237 deleri.
2320 1182 2478 1249 Quis,
2514 1182 2719 1251 inquit,
2754 1184 2849 1237 ista
2876 1185 3171 1250 pra-dicat?
3199 1184 3246 1239 Is
3273 1186 3360 1253 qui
3405 1200 3523 1239 eam

1940 1271 2177 1327 fundavit
2209 1289 2222 1325 :
2251 1272 2442 1328 Caalnm
2488 1282 2534 1327 ct
2575 1283 2709 1327 terra
2753 1276 3064 1339 transibunt,
3088 1275 3177 1329 sed
3218 1277 3365 1329 verba
3413 1293 3525 1329 mm

1941 1384 2039 1421 non
2068 1366 2351 1420 transibunt
2382 1366 2593 1438 (Matth.
2616 1367 2704 1422 Ἡ.
2732 1368 2845 1437 55).
2878 1369 3001 1423 Haec
3027 1384 3131 1425 non
3165 1369 3325 1425 modo
3352 1370 3479 1425 dixit
3504 1412 3520 1433 ,

1938 1457 2031 1510 sed
2072 1466 2123 1511 et
2162 1456 2448 1525 complevit
2479 1473 2494 1510 :
2522 1472 2620 1511 cur
2668 1458 2811 1512 enim
2868 1458 3011 1512 illam
3070 1461 3238 1528 magis
3284 1458 3524 1515 fundavit

1936 1563 2095 1617 quain
2122 1547 2353 1601 caelum?
2383 1546 2653 1616 Siquidem
2684 1556 2767 1602 est
2796 1549 2925 1601 czelo
2951 1549 3234 1617 pretiosior
3254 1550 3512 1605 Lcclesia.

1936 1639 2114 1706 Quare
2150 1640 2421 1694 conditum
2447 1648 2528 1694 est
2546 1640 2780 1694 etclam?
2808 1640 3028 1709 l’rOpter
3054 1641 3346 1696 Ecclesiam
3368 1683 3383 1707 ,
3414 1656 3517 1696 non

1938 1729 2174 1785 Ecclesia
2214 1738 2443 1799 propter
2473 1730 2681 1784 caelum.
2711 1732 2912 1785 Caelum
2944 1731 3216 1786 conditum
3262 1740 3344 1787 est
3392 1748 3516 1802 pro-

1936 1830 2053 1891 pter
2083 1821 2351 1877 hominem
2370 1864 2386 1889 ,
2416 1836 2520 1876 non
2555 1821 2714 1877 homo
2740 1832 2961 1892 propter
2979 1823 3189 1877 cadum.
3226 1822 3281 1879 ld
3313 1824 3519 1893 perspi-

1935 1926 2092 1967 cuum
2113 1922 2195 1967 est
2224 1928 2288 1966 ex
2316 1913 2379 1966 iis
2406 1927 2523 1982 qua:
2549 1912 2672 1967 fecit
2695 1912 2960 1969 Christus.
2989 1912 3106 1968 Non
3138 1914 3279 1968 enim
3305 1913 3518 1969 caileste

1935 2018 2131 2074 corpus
2153 2004 2461 2074 assumpsit.
2491 2004 2685 2059 Verum
2722 2003 2855 2059 ncin
2875 2005 3091 2079 longum
3111 2008 3372 2079 producto
3398 2020 3514 2060 ser-

1936 2111 2129 2161 mone,
2189 2110 2375 2150 rursus
2435 2093 2591 2151 hodle
2641 2095 2794 2151 vobis
2845 2096 3115 2153 debitores
3178 2098 3516 2153 discedamus

1938 2186 2105 2256 (scitis
2127 2189 2268 2243 enim
2299 2203 2457 2257 quam
2484 2188 2647 2242 multa
2672 2190 2843 2243 simus
2869 2189 2983 2244 heri
3012 2188 3275 2262 polliciti),
3308 2191 3515 2260 persol-

1934 2296 2058 2335 vcrc
2090 2282 2256 2349 parati
2285 2295 2487 2335 sumus.
2518 2280 2649 2335 Nam
2680 2290 2895 2352 propter
2915 2297 3008 2338 eos
3034 2282 3124 2354 qui
3157 2298 3261 2338 non
3294 2283 3517 2338 aderant

1933 2370 2268 2425 distuleram.
2301 2370 2562 2437 Quoniam
2606 2371 2766 2441 igitur
2789 2373 2880 2441 qui
2922 2372 3228 2440 abfuerant,
3266 2388 3364 2429 suo
3392 2383 3516 2428 sunt

1933 2460 2109 2516 officio
2148 2461 2448 2531 perfuncti,
2490 2476 2691 2531 suaque
2740 2462 3023 2531 praesentia
3072 2462 3226 2518 nobis
3274 2478 3513 2518 mensam

1931 2553 2285 2607 exhibucrunt
2304 2562 2690 2622 sumptuosam,
2717 2568 2817 2624 age
2839 2596 2853 2617 ,
2885 2568 3213 2624 apponamus
3246 2554 3464 2610 obsonia
3494 2598 3510 2617 .

1931 2642 2148 2697 obsonia
2170 2643 2384 2711 quidem
2405 2642 2545 2697 haud
2566 2642 2737 2711 putria
2762 2662 2777 2699 :
2806 2644 2906 2698 etsi
2938 2642 3080 2697 enim
3114 2645 3359 2698 hesterna
3384 2645 3509 2709 sint,

1933 2734 2047 2789 hinc
2078 2734 2297 2789 obsonia
2341 2748 2449 2788 non
2498 2742 2818 2803 putrescunt.
2856 2735 3214 2803 Quamobrem
3256 2737 3513 2792 tandem?

1931 2824 2043 2880 Non
2070 2835 2193 2880 sunt
2217 2841 2407 2881 carnes
2436 2834 2494 2880 ut
2522 2828 2791 2895 corrumpi
2832 2836 3065 2897 queant,
3098 2830 3190 2882 sed
3230 2830 3511 2883 sententia:

1930 2932 2142 2987 semper
2164 2917 2437 2972 florentes.
2465 2918 2670 2972 Carnes
2689 2918 2852 2984 enim,
2878 2919 3125 2988 quoniam
3148 2932 3341 2989 corpus
3360 2933 3506 2984 sum,

1929 3017 2345 3078 corrumpuntur
2373 3026 2387 3062 :
2433 3018 2615 3063 contra
2640 3009 2920 3063 sententia:
2944 3050 2959 3073 ,
2989 3010 3032 3065 si
3081 3019 3359 3075 maneant,
3392 3012 3510 3065 red-

1928 3102 2127 3157 duntur
2179 3103 2579 3171 f‘ragrantiores.
2634 3101 2769 3168 Quid
2816 3100 2974 3172 igitur
3024 3112 3139 3159 erat
3198 3103 3339 3171 quod
3396 3103 3510 3159 heri

1931 3192 2209 3246 diximus?
2238 3191 2510 3262 Siquidem
2538 3204 2592 3247 et
2626 3194 2695 3246 ita
2725 3208 2822 3247 nos
2855 3194 2966 3247 heri
2997 3195 3280 3263 participes
3309 3211 3509 3249 mensae

1931 3285 2233 3349 fuimus,ut
2280 3285 2369 3354 qui
2414 3299 2520 3338 non
2574 3284 2875 3349 adfuerunt,
2910 3285 3037 3339 nihil
3064 3285 3366 3340 detrimenti
3403 3286 3509 3340 sint

1931 3376 2093 3444 paSsi.
2124 3374 2189 3427 Et
2216 3378 2406 3446 factum
2424 3386 2495 3429 est
2515 3376 2567 3429 in
2594 3392 2727 3430 anno
2753 3392 2850 3445 quo
2870 3389 3102 3430 mortou
3123 3386 3193 3431 est
3218 3377 3369 3431 Ozias
3394 3396 3503 3441 rea“,

1929 3469 2031 3521 vidi
2055 3466 2330 3521 Dominum
2367 3468 2617 3522 sedentem
2651 3469 2704 3521 in
2740 3468 2867 3521 solio
2907 3467 3098 3521 excelso
3123 3478 3171 3523 et
3201 3468 3505 3540 elato(lsai.

1928 3559 1980 3613 6.
2013 3560 2085 3631 1).
2118 3560 2247 3629 Quis
2282 3559 2394 3613 lucc
2428 3559 2694 3629 loquitur?
2724 3558 2883 3613 Isaias
2922 3560 3010 3614 ille
3036 3568 3306 3628 spectator
3345 3561 3503 3615 carie-

1928 3655 2092 3707 stium
2145 3653 2469 3721 Seraphim,
2507 3653 2593 3720 qui
2645 3651 2913 3705 connubio
2959 3651 3171 3720 junctus
3225 3649 3360 3715 fuit,
3408 3667 3509 3707 nec

1930 3752 2104 3798 tamen
2148 3745 2404 3798 exstinxit
2448 3744 2693 3813 gratiam.
2736 3742 3054 3797 Altendistis
3094 3743 3366 3811 prophetat
3392 3786 3405 3807 ,
3453 3757 3507 3799 et

1928 3835 2150 3889 audistis
2186 3836 2499 3903 prophetam
2530 3834 2687 3889 hodie
2708 3876 2723 3899 ,
2754 3834 2875 3899 Exi,
2900 3845 2953 3887 tu
2982 3844 3027 3887 et
3052 3834 3213 3889 Jasub
3236 3837 3371 3905 ﬁlius
3392 3846 3507 3890 tuus

1928 3926 2149 3995 (lsai.7.
2181 3927 2258 3991 3).
2294 3925 2399 3979 Nec
2429 3926 2523 3978 ista
2554 3934 2765 3995 oportet
2786 3934 3209 3993 praetercurrere.
3233 3925 3348 3992 Exi,
3374 3936 3428 3980 tu
3450 3938 3505 3979 et

1928 4019 2065 4073 filius
2096 4027 2234 4072 tuus.
2268 4018 2412 4071 Itane
2442 4016 2606 4070 filium
2645 4016 2873 4071 habebat
2903 4016 3198 4085 propheta?
3226 4016 3281 4072 Si
3339 4019 3504 4071 filium

1928 4109 2183 4175 habebat,
2214 4107 2441 4161 habebat
2479 4117 2532 4159 ct
2560 4122 2818 4170 uxorem,
2854 4118 2908 4159 ut
2955 4108 3216 4176 intelligas
3246 4123 3348 4162 non
3386 4123 3505 4163 esse

1927 4200 2093 4254 malas
2140 4199 2370 4267 nuptias,
2399 4199 2491 4253 sed
2537 4200 2727 4252 malam
2777 4216 2895 4254 es.~e
2945 4200 3342 4254 scortationem.
3397 4202 3503 4255 Sed

1924 4294 2174 4360 quoniam
2219 4306 2339 4344 cum
2387 4290 2703 4359 quibusdam
2753 4291 3065 4346 disserimus
3106 4291 3363 4355 dicentes,
3397 4291 3505 4345 Cur

1926 4396 2028 4435 non
2089 4389 2232 4436 recte
2286 4380 2459 4434 vivis?
2508 4383 2849 4450 quamobrem
2900 4398 3003 4435 non
3070 4391 3288 4450 praestas
3338 4384 3494 4434 vitam

1926 4472 2187 4541 probam?
2218 4474 2315 4539 Qui
2368 4487 2623 4541 possum,
2668 4474 2947 4541 inquiunt,
2990 4474 3091 4526 nisi
3135 4473 3392 4527 divertam
3435 4474 3503 4527 ab

1924 4582 2122 4631 uxore,
2169 4566 2268 4619 nisi
2299 4567 2413 4619 vale
2457 4565 2641 4619 dixero
2684 4566 2893 4629 liberis,
2928 4566 3025 4619 nisi
3074 4565 3250 4620 valere
3291 4566 3502 4635 jussero

1926 4658 2175 4726 negotia?
2212 4656 2611 4720 Quamobrem?
2657 4672 2780 4711 num
2832 4655 3011 4710 obstat
3063 4657 3505 4711 matrimonium?

1928 4748 2168 4817 Adjutrix
2196 4749 2286 4800 tibi
2318 4748 2437 4801 data
2480 4758 2563 4802 est
2600 4763 2736 4801 uxor
2796 4763 2899 4803 non
2944 4748 3260 4802 insidiatrix.
3307 4751 3499 4801 Annon

1926 4840 2152 4894 habebat
2203 4854 2425 4893 uxorem
2478 4839 2775 4909 propheta?
2811 4840 2993 4909 Neque
3049 4851 3221 4894 tamen
3271 4839 3502 4908 Spiritus

1924 4933 2103 5000 gratim
2126 4932 2368 4985 obstabat
2390 4932 2693 5001 conjuginm
2712 4932 2833 4987 :scd
2861 4948 2979 4985 cum
3007 4946 3173 4986 uxore
3199 4932 3497 4986 convictum

1928 5022 2183 5086 habebat,
2256 5032 2307 5075 et
2364 5030 2479 5075 erat
2548 5021 2894 5076 nihilominus
2952 5020 3227 5091 propheta.
3291 5022 3499 5091 Moyses

1925 5129 2099 5166 nonne
2131 5128 2348 5166 uxorem
2379 5112 2641 5166 habebat?
2672 5112 2739 5166 Et
2767 5121 2942 5167 tamen
2977 5115 3021 5167 is
3045 5122 3246 5180 petram
3273 5112 3495 5181 dirupit,

1921 5219 2100 5259 aerem
2151 5204 2609 5265 immutavit.cum
2663 5204 2771 5257 Deo
2814 5202 3236 5271 coiloqnebatur,
3263 5202 3496 5257 divinam

1925 5297 2052 5349 iram
2082 5295 2339 5351 cohibuit.
2379 5294 2645 5348 Abraham
2678 5309 2854 5349 nonne
2885 5293 3112 5348 habebat
3141 5297 3401 5349 uxorem?
3429 5295 3496 5349 Et

1925 5402 2095 5441 tamen
2125 5397 2277 5457 pater
2310 5386 2478 5440 lactus
2509 5395 2590 5441 est
2615 5388 2847 5456 gentium
2875 5396 2929 5441 et
2963 5387 3243 5441 Ecclesiam
3280 5388 3495 5441 sustulit

1922 5478 2082 5530 filium
2136 5477 2297 5537 Isaac,
2328 5487 2381 5530 et
2428 5478 2513 5530 hic
2560 5478 2631 5531 illi
2676 5476 2773 5530 fuit
2815 5480 3145 5547 egregiorum
3198 5476 3489 5530 facinorum

1924 5569 2162 5621 materia.
2208 5568 2394 5622 Nonne
2446 5568 2636 5622 obtulit
2700 5568 2898 5632 filium,
2950 5568 3179 5637 coniugii
3225 5567 3493 5621 fructum?

1922 5675 2096 5714 nonne
2141 5660 2309 5715 factus
2342 5671 2425 5715 est
2463 5670 2629 5730 pater,
2660 5671 2712 5714 et
2755 5661 2847 5715 Dei
2877 5661 3100 5714 amans?
3127 5674 3298 5713 annon
3346 5659 3494 5714 licuit

1922 5753 2097 5807 videre
2150 5753 2478 5807 sacerdotem
2525 5768 2555 5807 e
2596 5752 2706 5806 suis
2744 5753 3039 5807 visceribus
3094 5754 3247 5805 fieri?
3287 5754 3490 5805 sacrifi-

1927 5863 2075 5912 mm,
2130 5848 2374 5916 inquam,
2415 5846 2569 5900 simul
2625 5855 2675 5899 et
2740 5845 2983 5914 patrem?
3018 5845 3149 5897 vinci
3204 5856 3485 5910 naturain,
