4048 6506
513 494 627 550 123

507 603 727 657 vincere
770 598 1065 667 pietatem?
1090 598 1293 652 viscera
1341 597 1670 659 conculcari,
1702 598 1894 666 piaque
1944 595 2078 648 facta

503 695 806 766 superare?
835 701 1036 759 patrem
1075 691 1232 760 dejici
1261 732 1276 755 ,
1323 690 1412 744 Dei
1466 697 1732 742 amantem
1795 686 2084 741 coronari?

501 803 681 842 annon
704 786 877 840 vidisti
900 793 1089 848 totum,
1110 794 1163 838 et
1192 782 1283 836 lilii
1309 790 1574 836 amantem
1599 789 1652 835 et
1678 779 1808 834 Dei?
1831 777 2082 848 numquid

503 879 592 934 hic
616 877 785 933 obfuit
817 873 1212 930 matrimonium
1235 872 1260 926 ?
1281 872 1417 940 Quid
1454 880 1634 926 autem
1663 870 2081 924 Maccabacorum

504 967 720 1023 mater?
745 982 924 1022 nonne
951 982 1086 1020 uxor
1117 965 1256 1019 fuit?
1282 979 1460 1018 nonne
1487 970 1689 1031 septem
1719 962 1855 1015 filios
1883 958 2086 1012 addidit

499 1069 809 1114 sanctorum
843 1058 1051 1113 choro?
1083 1071 1259 1111 nonne
1298 1055 1429 1110 vidit
1472 1055 1590 1109 illos
1632 1052 1891 1123 martyrio
1933 1066 2086 1105 coro-

499 1149 693 1204 natos?
735 1165 916 1204 nonne
964 1149 1254 1219 spectatrix
1304 1148 1581 1213 adstabat,
1609 1154 1881 1214 tamquam
1931 1159 2086 1199 mons

501 1243 722 1314 quidam
769 1242 1056 1296 immobilis
1096 1241 1325 1295 inonne
1371 1239 1617 1294 adstabat
1655 1239 1708 1292 in
1757 1252 2086 1306 unoquoque

500 1335 715 1389 illorum
771 1333 1086 1406 martyrium
1143 1332 1382 1402 patiens,
1433 1341 1486 1386 et
1537 1337 1708 1386 mater
1754 1339 2079 1401 martyrum,

500 1426 699 1493 septies
730 1424 842 1495 ipsa
888 1422 1200 1493 martyrium
1241 1423 1399 1476 tulit?
1433 1423 1562 1476 Dum
1592 1422 1734 1477 enim
1767 1421 1840 1475 illi
1870 1431 2086 1490 torque-

500 1522 737 1582 bantur,
783 1517 870 1571 illa
929 1518 1134 1586 plagam
1182 1515 1496 1584 accipiebat.
1550 1513 1733 1585 Neque
1781 1514 1923 1568 enim
1969 1513 2084 1568 sine

499 1609 688 1664 dolore
720 1609 836 1664 haec
857 1609 1157 1678 excipiebat
1191 1626 1204 1662 :
1235 1617 1406 1663 mater
1433 1617 1568 1672 erat,
1598 1616 1653 1662 et
1701 1619 1906 1662 natura:
1937 1607 2083 1660 illata

499 1703 582 1758 vis
612 1703 880 1773 propriam
905 1704 1155 1756 virtutem
1182 1701 1521 1766 declarabat;
1555 1710 1610 1755 at
1647 1701 1735 1755 illa
1767 1717 1873 1755 non
1901 1700 2081 1754 vince-

500 1796 677 1850 batur.
710 1795 854 1848 Mare
879 1794 1092 1864 quidem
1121 1801 1236 1847 erat
1281 1803 1334 1847 et
1381 1792 1574 1846 ﬂuctus
1601 1809 1613 1846 :
1646 1801 1899 1847 caeterum
1947 1793 2084 1845 sicut

500 1902 672 1952 mare,
697 1901 822 1940 cum
852 1886 1070 1951 insanit,
1100 1884 1316 1938 sedatur
1344 1901 1358 1938 :
1392 1885 1463 1938 ita
1493 1894 1549 1939 et
1576 1893 1769 1938 natura
1790 1892 2080 1949 commota,

502 1988 649 2034 metu
695 1978 788 2033 Dei
831 1976 1220 2032 refrenabatur.
1261 1975 1544 2043 Quomodo
1573 1989 1669 2031 eos
1710 1974 1904 2030 unxit?
1948 1989 2081 2044 quo-

503 2071 666 2125 modo
693 2084 787 2126 eos
817 2069 989 2123 aluit?
1027 2068 1296 2138 quomodo
1322 2077 1526 2138 septem
1560 2067 1757 2137 templa
1791 2067 1901 2122 Deo
1930 2066 2083 2122 exhi-

503 2162 640 2228 buit,
671 2170 876 2215 statuas
907 2175 1100 2215 aureas
1122 2201 1137 2225 ,
1170 2160 1279 2214 imo
1321 2161 1500 2229 potius
1527 2173 1658 2213 auro
1690 2158 2086 2231 pretiosiores?

571 2256 625 2309 5.
660 2254 729 2310 Ut
772 2255 913 2309 enim
957 2254 1093 2308 scias
1131 2269 1234 2307 non
1265 2254 1369 2306 tale
1398 2267 1517 2306 esse
1551 2266 1760 2317 aurum,
1787 2251 1964 2322 qualis
1996 2264 2082 2307 εει

502 2347 679 2400 anima
708 2354 1001 2414 martyrum
1027 2385 1041 2408 ,
1070 2342 1305 2397 attende.
1336 2342 1521 2397 Stabat
1543 2352 1818 2413 tyrannus,
1839 2351 1996 2412 atque
2020 2341 2088 2397 ab

504 2453 606 2490 una
652 2436 874 2491 muliere
901 2445 1182 2504 superatus
1219 2434 1543 2489 discedebat.
1581 2435 1672 2490 Ille
1713 2436 1876 2489 armis
1914 2450 2085 2504 oppu-

505 2527 721 2596 gnabal,
753 2527 862 2580 base
886 2527 1048 2580 animi
1075 2524 1463 2592 visuperabat;
1494 2525 1581 2579 ille
1608 2525 1876 2579 fornacem
1901 2525 2086 2581 incen-

501 2617 686 2685 debat,
711 2616 824 2671 hare
845 2617 1095 2672 virtutem
1114 2616 1332 2685 spiritus
1356 2633 1371 2680 ;
1399 2615 1483 2668 ille
1501 2617 1790 2670 exercitum
1809 2617 2080 2683 movebat,

506 2710 621 2766 haec
651 2709 715 2763 ad
745 2708 964 2779 angelos
993 2706 1296 2778 applicabat
1329 2706 1564 2760 animum
1598 2725 1612 2761 :
1646 2706 1856 2761 videbat
1882 2706 2085 2762 inferne

504 2812 808 2872 tyrannum,
837 2808 891 2854 et
937 2803 990 2854 in
1036 2799 1215 2852 animo
1249 2799 1493 2852 versabat
1539 2798 1686 2852 illum
1739 2800 1792 2853 in
1844 2800 2087 2868 supernis

505 2901 814 2962 regnantem
841 2909 855 2956 ;
889 2891 1102 2946 videbat
1129 2888 1263 2944 infra
1295 2905 1354 2944 se
1386 2898 1668 2953 tormenta,
1693 2899 1744 2943 at
1775 2891 2088 2945 numerabat

502 2997 737 3052 superna
784 2981 1003 3049 bravia;
1053 2980 1269 3036 videbat
1318 2990 1633 3050 praesentem
1679 2982 1992 3044 cruciatum,
2034 2991 2089 3038 et

502 3075 770 3144 cogitabat
819 3071 1048 3127 futuram
1110 3071 1582 3126 immortalitatem.
1642 3072 1976 3142 Quapmpter
2035 3083 2088 3128 et

480 3169 704 3229 .Paulus
726 3167 957 3236 dicebat,
992 3165 1114 3220 Non
1141 3165 1592 3234 contemplantibus
1617 3165 1759 3220 nobis
1778 3182 1891 3237 qua?
1914 3167 2087 3220 viden-

507 3271 591 3313 tur
614 3300 629 3323 ,
659 3258 748 3313 sed
771 3273 830 3313 ea
853 3272 968 3329 quae
1005 3273 1106 3310 non
1133 3256 1365 3310 videntur
1391 3255 1482 3329 (2.
1529 3254 1646 3312 Cor.
1699 3257 1751 3312 4.
1784 3258 1903 3329 18).
1951 3258 2085 3312 Num

505 3353 636 3423 quid
668 3351 928 3406 obstaculi
957 3349 1233 3405 adferebat
1267 3351 1707 3406 matrimonium?
1745 3351 1882 3420 Quid
1908 3364 2086 3406 autem

509 3445 721 3508 Petrus,
752 3441 896 3498 basis
919 3440 1190 3506 Ecclesiae,
1223 3440 1313 3495 ille
1339 3440 1626 3497 vehemens
1649 3453 1858 3498 amator
1871 3443 2087 3508 Christi,

511 3536 599 3591 ille
622 3547 872 3590 sermone
899 3531 1162 3598 indoctus,
1191 3541 1245 3588 et
1267 3532 1542 3589 rhetorum
1576 3534 1744 3590 victor
1762 3576 1778 3602 ,
1809 3537 1895 3592 ille
1920 3537 2090 3607 impe-

511 3627 668 3693 ritus,
716 3627 806 3696 qui
853 3634 1029 3680 tamen
1071 3625 1404 3696 philosophis
1449 3627 1716 3682 obturavit
1753 3644 1850 3696 os,
1880 3629 1969 3684 ille
2006 3632 2092 3700 qui

511 3717 874 3775 Grmcanicam
895 3717 1212 3788 sapientiam
1243 3718 1260 3748 ³
1291 3719 1440 3786 quasi
1459 3733 1777 3775 aranearum
1806 3723 1964 3776 telam
1987 3723 2094 3776 dis-

513 3809 714 3876 solvit,
737 3807 829 3879 qui
851 3817 1114 3864 terrarum
1163 3807 1346 3863 orbem
1378 3813 1698 3879 peragravit,
1725 3811 1814 3881 qui
1845 3827 2093 3882 sagenain

514 3900 662 3956 misit
691 3902 744 3954 in
760 3912 907 3954 mare
933 3906 987 3952 et
1014 3898 1247 3966 piscatus
1271 3907 1354 3954 est
1373 3899 1580 3968 orbem,
1604 3916 1780 3956 annon
1806 3903 1986 3959 habuit
2014 3905 2099 3960 hic

517 4004 727 4061 quoque
755 3989 1011 4051 uxorem?
1037 3989 1197 4056 Sane,
1218 3989 1421 4044 habuit.
1444 3989 1595 4058 Quod
1622 4003 1803 4049 autem
1834 3994 2098 4063 habuerit,

519 4083 641 4137 audi
671 4081 1048 4151 evangelistam
1070 4089 1377 4136 testantem.
1400 4081 1538 4150 Quid
1565 4093 1742 4139 autem
1764 4085 2099 4156 ait?Ingres-

519 4188 609 4225 sus
630 4180 702 4224 est
726 4170 757 4223 J
765 4186 873 4224 esus
900 4170 968 4223 ad
992 4187 1191 4224 sacrant
1222 4170 1364 4225 Petri
1390 4173 1754 4244 febricitantem
1781 4174 1800 4246 (
1827 4174 1992 4230 Marc.
2046 4178 2098 4231 1.

520 4259 646 4331 30).
690 4259 788 4315 Ubi
817 4274 1021 4325 socrus,
1056 4259 1124 4314 ibi
1154 4268 1206 4315 et
1237 4275 1400 4327 uxor;
1433 4262 1521 4317 ubi
1551 4279 1705 4332 uxor,
1736 4265 1807 4320 ibi
1838 4275 1892 4320 et
1915 4267 2102 4337 conju-

519 4354 685 4422 gium.
717 4350 852 4419 Quid
877 4360 1054 4405 autem
1083 4350 1396 4420 Philippus?
1427 4366 1607 4408 nonne
1631 4364 1856 4424 quatuor
1877 4357 2106 4412 habebat

522 4443 661 4497 ﬁlias
690 4443 842 4513 (Act.
873 4441 962 4495 21.
997 4439 1117 4512 9)?
1163 4441 1264 4497 Ubi
1305 4456 1435 4496 vero
1463 4453 1691 4512 quatuor
1722 4445 1883 4511 filiae,
1914 4447 2021 4501 illic
2055 4458 2109 4503 et

523 4550 677 4597 uxor,
707 4542 760 4589 et
787 4533 1214 4588 matrimonium;
1230 4532 1367 4600 Quid
1394 4533 1555 4604 igitur
1577 4535 1868 4591 Christus?
1900 4537 1972 4591 Ex
2001 4538 2109 4592 vir-

521 4625 648 4694 gine
687 4623 898 4693 quidem
941 4631 1094 4678 natus
1120 4631 1203 4678 est
1234 4641 1248 4678 :
1281 4638 1464 4680 verum
1493 4625 1558 4679 ad
1593 4628 1804 4694 nuptias
1846 4630 2107 4695 accessit,

525 4731 590 4770 ac
618 4715 816 4770 donum
845 4716 1020 4771 attulit
1047 4733 1062 4769 :
1095 4715 1218 4770 Non
1246 4716 1428 4771 habent
1451 4757 1467 4783 ,
1505 4719 1693 4788 inquit,
1719 4720 1886 4774 vinum
1910 4721 2106 4791 (Joan.

527 4806 580 4859 2.
616 4807 685 4876 5)
721 4823 734 4860 :
760 4814 813 4862 et
840 4821 1030 4876 aquam
1059 4805 1216 4861 vertit
1243 4806 1297 4860 in
1326 4806 1504 4861 vinum
1530 4849 1545 4874 ,
1577 4809 1878 4878 virginitate
1902 4814 2112 4882 nuptias

528 4897 802 4954 honoraris
825 4939 840 4963 ,
869 4897 1010 4951 dono
1049 4913 1163 4952 rem
1187 4897 1568 4953 commendans
1600 4917 1614 4954 :
1649 4908 1705 4954 ut
1734 4916 1802 4956 ne
1840 4903 2115 4958 abomine-

529 4989 604 5044 ris
646 4988 896 5058 nuptias,
925 4987 1020 5042 sed
1062 4987 1242 5043 oderis
1289 4991 1690 5046 scortationcm.
1739 4991 1859 5046 Meo
1898 4993 2114 5063 quidem

531 5080 771 5150 periculo
812 5095 912 5152 ego
949 5080 1189 5150 spondeo
1220 5079 1314 5136 tibi
1357 5080 1585 5136 salutem
1615 5123 1630 5150 ,
1657 5084 1867 5139 etiamsi
1897 5099 2115 5141 uxorem

493 5162 508 5223 i
536 5170 813 5227 habueris.

609 5259 754 5317 Uxor
787 5261 922 5315 mala
943 5263 1237 5332 corrigenda
1267 5271 1357 5318 aut
1386 5267 1617 5334 ferenda.
1644 5295 1716 5307 —
1743 5267 1994 5338 Prospice
2026 5271 2119 5326 tibi

534 5354 657 5422 ipsi.
701 5351 893 5408 Mulier
936 5353 980 5407 si
1011 5354 1174 5422 proba
1215 5353 1395 5420 fuerit,
1439 5357 1667 5426 adjutrix
1695 5358 1788 5413 tibi
1840 5369 1942 5415 est.
1984 5361 2120 5429 Quid

540 5442 706 5513 igitur
731 5441 777 5496 si
806 5457 910 5496 non
937 5441 1096 5497 fuerit
1116 5445 1437 5498 commoda?
1465 5446 1569 5500 Fac
1588 5448 1732 5502 illam
1758 5449 2116 5506 commodam.

537 5534 731 5587 Annon
745 5532 956 5588 fuerunt
972 5550 1162 5590 uxores
1178 5536 1330 5591 bonas
1347 5551 1409 5590 ac
1425 5537 1576 5593 malae
1588 5577 1604 5604 ,
1621 5551 1692 5590 ne
1715 5540 1943 5596 haberes
1957 5554 2120 5595 excu-

541 5624 848 5681 sationem?
867 5623 1183 5689 Qualiserat
1199 5626 1289 5680 illa
1307 5621 1443 5678 Job?
1478 5623 1586 5680 Sed
1627 5629 1786 5684 Sarra
1816 5641 1930 5686 erat
1960 5633 2117 5690 bona.

599 5725 616 5756 ⁸
625 5723 743 5789 Alii,
757 5722 1084 5789 Grecamcam
1094 5721 1475 5789 superstitionem
1494 5727 1510 5789 (
1523 5725 1800 5789 Ἑλληνικὴν
1818 5729 1899 5789 θρη
1905 5728 2087 5789 σχεῖαν)
2094 5764 2106 5777 .

546 5785 665 5854 Quia
688 5785 1174 5854 lectio-prteferenda
1209 5792 1345 5854 certe
1371 5785 1624 5854 videretur
1643 5788 1737 5836 hoc
1765 5785 1893 5854 loco.
1925 5785 2108 5854 Verum

549 5847 802 5911 ﬂorentis,
828 5845 1061 5911 savillus,
1093 5852 1148 5896 et
1174 5845 1396 5911 maxima
1419 5862 1530 5911 pars
1554 5848 1991 5911 manuscriptorum
2036 5851 2111 5900 le-

550 5913 674 5973 gunt
692 5943 705 5968 ,
729 5906 1054 5960 Grecanicain
1077 5906 1388 5974 sapientiam,
1423 5906 1575 5973 atque
1610 5909 1678 5962 ita
1706 5906 1830 5975 legit
1860 5910 2106 5964 Erasmus.

1255 480 1313 536 S.
1357 475 1631 535 JOANNIS
1667 473 2138 535 CllRYSOSTOMI
2178 475 2487 530 ARClllEP.
2532 470 3066 529 CONSTANTINOP.

3669 479 3782 534 124

2200 612 2484 666 Ostendam
2524 611 2614 666 tibi
2644 610 2920 665 mulierem
2942 619 2996 664 et
3021 606 3215 663 malam
3243 615 3299 663 et
3319 608 3639 678 improbam.
3657 609 3772 663 Non

2195 702 2371 755 nocuit
2397 702 2510 755 viro
2530 715 2661 754 uxor
2688 700 2788 754 Job
2819 716 2832 752 :
2859 713 3020 768 prava
3050 707 3166 752 erat
3193 707 3247 752 et
3277 699 3516 765 improba
3543 739 3556 763 ,
3588 701 3767 752 consi-

2194 794 2321 847 lium
2344 793 2502 846 dabat
2529 793 2601 846 illi
2631 800 2686 844 ut
2713 789 3066 860 blasphemias
3096 787 3380 858 proferret.
3408 788 3544 855 Quid
3576 790 3772 857 igitur?

2192 887 2528 942 labefactavit
2571 884 2796 939 turrim?
2842 884 3037 953 dejecit
3076 883 3452 936 adamantcm?
3503 881 3774 950 superavit

2193 979 2432 1048 petram?
2459 977 2657 1047 depulit
2684 975 2906 1030 militem
2932 974 2950 1027 i
2979 973 3294 1028 comminuit
3317 971 3613 1041 scapham?
3639 987 3761 1024 era-

2191 1068 2384 1124 dicavit
2432 1066 2719 1122 arborem?
2744 1065 2887 1121 Nihil
2933 1064 3123 1118 horum
3160 1081 3173 1118 :
3201 1063 3296 1117 sed
3328 1064 3415 1117 illa
3444 1061 3771 1131 impellebat,

2190 1168 2244 1212 et
2267 1156 2426 1211 arbor
2450 1156 2771 1211 reddebatur
2808 1155 3048 1210 stabilior
3077 1171 3092 1207 :
3121 1153 3209 1207 illa
3253 1152 3445 1207 ﬂuctus
3469 1152 3767 1217 excitabat,

2190 1258 2240 1303 at
2274 1249 2420 1303 navis
2446 1264 2550 1303 non
2598 1247 3058 1318 submergebatur,
3107 1244 3202 1299 scd
3231 1242 3468 1299 secundo
3495 1240 3772 1312 navigabat

2190 1348 2378 1405 vento;
2422 1338 2621 1393 fructus
2651 1339 2764 1405 ejus
2787 1335 3174 1406 decerpebatur
3193 1375 3208 1400 ,
3236 1343 3287 1391 et
3313 1334 3475 1388 arbor
3505 1342 3772 1388 commota

2190 1447 2294 1484 non
2325 1440 2440 1486 est:
2474 1430 2594 1484 folia
2643 1428 2976 1493 deciderunt,
3021 1436 3074 1482 et
3111 1425 3260 1480 radix
3289 1424 3486 1480 mansit
3525 1426 3765 1478 immota.

2189 1523 2313 1578 Hinc
2339 1524 2544 1592 loquor,
2579 1537 2647 1576 ne
2672 1523 2789 1590 quis
2814 1519 3105 1589 praetendat
3135 1525 3316 1573 uxoris
3344 1516 3768 1587 improbitatem.

2189 1614 2320 1667 Mala
2346 1614 2465 1668 est?
2494 1613 2710 1682 Corrige
2740 1627 2878 1666 eam.
2905 1610 3008 1666 Sed
3035 1610 3130 1667 ais.
3156 1607 3196 1660 E
3221 1608 3467 1677 paradiso
3491 1622 3578 1662 me
3605 1621 3772 1675 expue

2194 1705 2271 1758 lit.
2300 1703 2495 1759 Verum
2527 1703 2711 1758 eadem
2743 1711 2795 1756 te
2816 1702 2866 1754 in
2894 1700 3053 1755 caelos
3080 1700 3305 1753 induxit.
3332 1699 3529 1752 Eadem
3553 1697 3768 1767 quidem

2191 1806 2401 1858 natura,
2435 1809 2586 1850 mens
2612 1802 2788 1849 tamen
2815 1793 3046 1846 diversa.
3075 1790 3177 1845 Sed
3211 1791 3299 1844 illa
3324 1789 3425 1845 Job
3451 1798 3566 1844 erat
3595 1788 3770 1841 mala?

2192 1888 2388 1942 Verum
2424 1886 2665 1941 Susanna
2703 1886 2864 1941 bona.
2902 1883 3006 1938 Sed
3048 1882 3132 1936 illa
3164 1881 3412 1951 {Egyptia
3453 1892 3568 1934 erat
3597 1881 3769 1947 impn-

2190 1979 2346 2033 dica?
2377 1977 2567 2031 Verum
2592 1977 2749 2030 Sarra
2782 1982 2898 2028 erat
2919 1974 3178 2027 modesta.
3212 1971 3397 2024 Vidisti
3426 1970 3611 2023 illam?
3642 1969 3771 2022 Vide

2192 2079 2241 2125 et
2285 2070 2454 2134 hanc;
2487 2066 2910 2137 quandoquidem
2954 2066 3113 2119 etiam
3142 2064 3278 2117 inter
3308 2063 3449 2116 viros
3474 2061 3524 2114 hi
3556 2062 3768 2130 quidem

2193 2160 2315 2214 Inali
2346 2168 2490 2220 sunt,
2519 2159 2592 2212 illi
2621 2173 2750 2212 vero
2779 2157 2926 2210 boni.
2961 2157 3140 2209 Bonus
3171 2164 3285 2208 erat
3316 2153 3512 2220 Josepli
3541 2194 3554 2214 ,
3588 2153 3768 2206 senio-

2193 2269 2280 2308 res
2306 2262 2483 2306 antem
2514 2250 2788 2321 impudici.
2820 2249 3012 2302 Vidisti
3043 2246 3289 2302 omnibus
3317 2247 3367 2298 in
3391 2245 3550 2299 rebus
3581 2245 3766 2296 vitium

2192 2361 2254 2400 ac
2278 2345 2527 2399 virtutem
2560 2359 2664 2397 non
2701 2351 2889 2397 natura
2918 2339 3219 2410 dijudicari,
3252 2338 3345 2392 sed
3371 2338 3548 2392 animo
3578 2336 3770 2389 distin-

2191 2438 2300 2507 gui.
2333 2437 2410 2491 Ne
2454 2435 2582 2489 mihi
2616 2444 2877 2504 przetexas
2904 2432 3294 2488 excusationes.
3328 2429 3432 2484 Sed
3457 2429 3524 2483 ad
3555 2444 3768 2490 eurum,

2192 2543 2311 2598 qua:
2339 2526 2615 2590 debemus,
2637 2525 2955 2580 solutionem
2982 2536 3348 2592 properemus.
3382 2520 3449 2574 Et
3475 2524 3666 2590 factum
3698 2529 3772 2571 εει

2192 2636 2326 2673 anno
2358 2635 2456 2689 quo
2500 2628 2730 2672 mortuus
2756 2625 2830 2670 est
2862 2614 3012 2669 Ozias
3051 2630 3160 2669 rex.
3196 2614 3440 2668 Dicturus
3466 2626 3584 2665 sum
3613 2627 3770 2680 quam

2193 2711 2263 2766 ob
2287 2725 2500 2764 causam
2531 2710 2644 2778 ipse
2673 2706 2926 2776 propheta
2951 2707 3191 2775 designet
3222 2713 3431 2774 tempus
3462 2721 3477 2759 :
3505 2704 3769 2772 siquidem

2193 2801 2559 2872 qumrebainus
2585 2799 2717 2863 heri,
2751 2814 2906 2868 quam
2932 2797 3142 2851 tandem
3169 2796 3238 2851 ob
3263 2811 3479 2851 causam
3506 2811 3625 2849 cum
3658 2811 3774 2846 0m-

2195 2907 2291 2948 ncs
2336 2891 2642 2962 prophetae,
2695 2901 2852 2959 atque
2893 2887 2976 2942 hic
3023 2903 3271 2957 quoque,
3327 2897 3536 2956 tempus
3591 2900 3773 2954 regum

2195 3001 2445 3044 enarrare
2468 2985 2673 3039 soleant
2701 2997 2805 3052 quo
2833 2982 3062 3035 vixerint
3086 3021 3100 3045 ,
3133 2980 3234 3033 huc
3278 2980 3396 3033 loco
3441 2993 3503 3032 ea
3545 2993 3772 3031 consue-

2197 3080 2325 3135 tudo
2373 3076 2734 3148 praitermissa
2765 3076 2833 3129 sit
2885 3093 2897 3128 :
2951 3089 3048 3129 nec
3099 3074 3240 3128 enim
3283 3072 3432 3138 dicit,
3481 3071 3536 3126 lu
3589 3071 3777 3124 diebus

2195 3173 2337 3227 Ozias
2369 3189 2382 3225 :
2411 3169 2505 3225 sed
2527 3210 2542 3236 ,
2575 3167 2632 3223 In
2663 3178 2836 3222 morte
2861 3166 3023 3222 Oziie.
3067 3165 3214 3220 Hanc
3243 3165 3589 3235 quaestionem
3619 3163 3777 3215 hodie

2197 3263 2407 3318 solvere
2428 3260 2570 3315 volo.
2603 3259 2934 3330 Quamquam
2962 3259 3104 3319 enim
3136 3258 3322 3327 ingens
3351 3265 3435 3311 est
3460 3268 3624 3310 aestus
3645 3297 3660 3319 ,
3693 3265 3773 3307 ta-

2199 3370 2320 3408 men
2343 3353 2511 3422 major
2536 3359 2621 3406 est
2648 3350 2913 3405 sermonis
2941 3349 3272 3419 refrigeratio
3305 3366 3318 3402 :
3349 3362 3672 3418 quamquam
3701 3349 3778 3400 vis

2201 3448 2258 3499 fit
2282 3445 2492 3514 corpori
2519 3443 2798 3504 fatiscenti,
2829 3453 3004 3496 tamen
3037 3440 3211 3495 anima
3242 3439 3427 3509 vigens
3463 3440 3778 3494 delectatur.

2201 3541 2276 3596 Ne
2302 3540 2428 3594 mihi
2458 3552 2640 3592 narres
2665 3545 2852 3590 :estum
2877 3549 2940 3588 ac
2969 3533 3240 3589 sudorem.
3271 3533 3325 3588 Si
3349 3531 3628 3586 sudaveris
3656 3547 3776 3583 eor-

2201 3646 2352 3703 pore,
2391 3628 2652 3698 abstergis
2696 3629 2926 3682 animam
2973 3634 3140 3679 tuam.
3192 3623 3325 3678 Tres
3373 3622 3449 3679 illi
3500 3624 3648 3692 pueri
3693 3620 3783 3690 qui

2203 3732 2356 3779 erant
2383 3723 2433 3776 in
2464 3721 2698 3786 fornace,
2727 3718 2855 3773 nihil
2881 3717 3186 3773 detrimenti
3217 3715 3453 3785 perpessi
3484 3725 3608 3770 sunt
3633 3757 3648 3779 ,
3682 3713 3777 3768 sed

2207 3813 2393 3868 fornax
2420 3812 2525 3866 illis
2550 3809 2651 3865 fuit
2678 3809 2972 3879 refrigerio.
3004 3807 3138 3863 Cum
3166 3809 3367 3875 cogitas
3393 3805 3663 3865 sudorem.
3696 3819 3790 3858 co-

2204 3908 2309 3976 gita
2339 3905 2496 3960 simul
2521 3911 2576 3958 et
2600 3902 2899 3957 mercedem
2947 3908 3002 3955 et
3026 3899 3325 3969 praemium.
3359 3897 3566 3950 Etenim
3609 3897 3788 3950 urina-

2209 4007 2291 4051 tor
2332 3996 2527 4050 nullam
2571 3993 2728 4047 aliam
2767 3992 2837 4048 ob
2861 4005 3076 4046 causam
3103 3989 3266 4044 audet
3309 3989 3541 4057 seipsnm
3576 3990 3626 4040 in
3661 4001 3787 4054 pro-

2211 4088 2428 4144 fundum
2452 4101 2707 4156 aquarum
2736 4084 3020 4139 demittere
3039 4125 3055 4150 ,
3083 4098 3241 4152 quam
3274 4091 3492 4152 propter
3523 4081 3787 4149 margari-

2211 4191 2324 4249 tas,
2381 4180 2640 4235 bellorum
2690 4190 2925 4231 causam.
2969 4174 3302 4244 Quamquam
3353 4187 3459 4226 non
3508 4171 3790 4225 materiam

2212 4271 2543 4342 reprehendo
2567 4310 2582 4336 ,
2613 4269 2712 4324 sed
2755 4275 2990 4322 mentem
3021 4266 3486 4335 intemperantem.
3529 4265 3594 4318 Et
3619 4275 3672 4318 tu
3694 4305 3708 4330 ,
3737 4272 3796 4317 ut

2211 4365 2441 4434 accipias
2482 4362 2788 4417 thesaurum
2815 4358 3045 4414 deficere
3073 4362 3310 4413 nescium
3333 4397 3348 4423 ,
3379 4356 3690 4426 plantesque
3711 4355 3793 4409 vi-

2213 4463 2322 4508 tem
2359 4457 2411 4506 in
2441 4452 2616 4505 anima
2644 4459 2731 4504 tua
2753 4490 2768 4516 ,
2793 4463 2900 4503 non
2931 4449 3162 4503 sustines
3200 4457 3388 4501 :estum
3430 4462 3602 4516 neque
3631 4446 3798 4501 sudu-

2214 4545 2366 4600 rem?
2392 4543 2505 4597 Non
2533 4543 2683 4596 vides
2713 4541 2840 4596 istos
2868 4540 2954 4608 qui
2977 4541 3161 4594 sedent
3192 4541 3241 4593 in
3272 4541 3497 4604 theatro,
3528 4539 3799 4609 quomodo

2215 4634 2452 4701 sudent,
2505 4631 2752 4701 nudoque
2810 4630 2983 4700 capite
3044 4632 3172 4685 solis
3224 4631 3430 4685 radium
3489 4629 3798 4699 excipiant,

2217 4742 2324 4798 quo
2373 4725 2500 4779 fiant
2549 4723 2740 4792 captivi
2786 4725 2970 4779 mortis
2993 4764 3007 4787 ,
3039 4738 3144 4793 quo
3181 4733 3343 4776 scorti
3386 4723 3646 4791 mancipia
3671 4723 3694 4775 ?
3719 4723 3798 4776 Ad

2219 4818 2436 4874 exitium
2468 4815 2541 4870 illi
2573 4815 2849 4880 laborant,
2881 4821 2935 4868 et
2958 4821 3011 4867 tu
3039 4813 3103 4867 ad
3152 4815 3381 4867 salutem
3410 4814 3586 4882 segnis
3612 4828 3674 4868 ac
3709 4829 3798 4868 re-

2218 4911 2415 4964 missus
2438 4921 2495 4961 es
2521 4908 2544 4958 1
2573 4906 2782 4960 Athleta
2812 4919 2869 4959 es
2887 4945 2903 4970 ,
2930 4904 3083 4958 miles
3110 4919 3171 4958 es
3197 4905 3234 4957 ¹.
3261 4903 3391 4971 Quis
3413 4903 3573 4973 igitur
3599 4913 3684 4958 est
3715 4905 3805 4960 ille

2220 4998 2395 5065 Ozias,
2427 5006 2481 5052 et
2503 5012 2658 5067 quam
2681 4998 2748 5050 ob
2768 5010 2980 5050 causam
3006 5006 3232 5049 mortem
3263 4995 3399 5051 lianc
3420 4996 3561 5050 illius
3585 5011 3808 5067 expres-

2223 5090 2293 5144 sit
2313 5087 2605 5159 propheta?
2633 5088 2729 5141 llic
2754 5085 2910 5141 Ozias
2940 5101 3034 5140 rex
3053 5095 3202 5154 erat,
3237 5102 3300 5142 ac
3329 5088 3411 5142 vir
3435 5089 3636 5158 justus,
3668 5088 3807 5142 mul-

2225 5181 2294 5234 tis
2332 5179 2528 5233 llorens
2573 5177 2797 5248 egregiis
2856 5176 3007 5230 factis
3055 5196 3068 5231 :
3118 5192 3300 5232 verum
3361 5188 3541 5248 postea
3593 5178 3807 5231 tandem

2224 5269 2293 5325 ad
2326 5268 2628 5339 superbiam
2659 5267 2839 5332 venit,
2878 5265 2944 5320 ad
2978 5267 3280 5336 superbiam
3303 5308 3320 5332 ,
3356 5269 3568 5337 inquam
3589 5308 3604 5333 ,
3637 5269 3808 5321 malo-

2225 5375 2344 5414 rum
2393 5367 2637 5424 matrem,
2690 5357 2757 5412 ad
2807 5359 3164 5426 arrogantiam
3212 5359 3523 5413 tumultibus
3574 5359 3808 5426 plenam,

2227 5452 2296 5509 ad
2333 5453 2641 5515 elationem,
2688 5465 2790 5519 qua
2827 5449 3068 5505 diabolus
3121 5453 3175 5505 in
3221 5452 3440 5505 exitium
3498 5452 3621 5506 ruit.
3669 5451 3812 5505 Nihil

2292 5587 2310 5619 ί
2345 5587 2428 5634 Hic
2449 5584 2609 5647 adjicit
2644 5589 2864 5647 Erasmus
2894 5581 2945 5631 in
2983 5583 3388 5647 interpretatione
3413 5585 3572 5632 Latina
3591 5619 3606 5642 ,
3631 5598 3739 5647 quze
3765 5587 3812 5636 in

2229 5647 2364 5697 nullo
2389 5644 2858 5714 exemplari-Graeco,
2880 5644 3134 5714 tumedito
3157 5653 3257 5694 tum
3280 5648 3603 5714 nianuscripto
3627 5644 3812 5694 baben-

2229 5717 2330 5766 tur,
2355 5715 2420 5757 Ne
2439 5704 2587 5769 igitur
2612 5704 2848 5769 laboribus
2870 5706 3150 5769 defatigatis
3169 5739 3182 5764 ,
3208 5708 3293 5755 sed
3328 5707 3445 5769 bono
3478 5704 3636 5756 animo
3661 5717 3814 5756 certa-

2232 5770 2363 5818 mina
2381 5768 2547 5817 tolera.
2568 5768 2734 5814 Nescio
2757 5775 2916 5815 utrum
2942 5767 3044 5817 hac
3067 5768 3151 5816 ille
3177 5770 3223 5814 in
3247 5767 3517 5828 exemplari
3543 5781 3633 5816 suo
3655 5776 3813 5818 Graeco

2238 5831 2436 5896 legerit,
2452 5841 2519 5896 an
2539 5839 2657 5878 vero
2679 5830 2782 5888 ipse
2801 5829 3037 5889 adiecerit
3054 5828 3435 5891 interpretando.
3467 5835 3520 5878 Ut
3541 5837 3594 5880 ut
3617 5844 3697 5880 res
3717 5839 3813 5891 est,

2238 5891 2341 5941 haec
2363 5890 2515 5939 seriei
2538 5897 2649 5937 sunt
2673 5901 2897 5938 consona.
