4048 6468
285 434 400 490 123

254 544 702 623 ⁵Μακκαϐαίωη
723 543 842 614 οὐχὶ
871 543 1008 616 γυνὴ
1030 538 1132 616 ῆν;
1158 545 1277 615 οὐχὶ
1298 545 1436 598 έπτά
1454 543 1651 597 δέδωκε
1674 538 1868 600 παῖδας

293 626 446 698 [124]
476 626 554 697 τῷ
574 624 720 698 χορῷ
751 627 859 681 τῶν
892 628 1094 696 ἀγίων;
1131 627 1230 680 οὐκ
1259 623 1396 679 εἶδεν
1429 624 1626 688 αὐτοὺς
1662 638 1870 694 μαρτυ-

295 719 599 787 ρήσαντας;
633 719 731 788 οὐχ
763 720 1004 790 εἱστήκει
1036 721 1282 792 καθάπερ
1309 721 1431 790 ὅρος
1471 718 1546 789 μὴ
1575 714 1869 786 σαλευομέ-

291 826 357 878 νη
389 822 449 874 ι;
485 811 584 880 οὐχ
609 813 851 882 εἱστήκει
887 814 1005 867 καθ’
1032 814 1260 867 ἕκαστον
1293 813 1470 867 αὐτῶν
1495 809 1866 882 μαρτυροῦσα,

293 901 386 953 καὶ
443 905 627 974 μήτηρ
679 902 989 974 μαρτύρων,
1053 906 1143 957 καὶ
1205 905 1431 967 ἑπτάκις
1487 900 1868 974 ἐμαρτύρησες

294 991 743 1062 Ιιασανιζομένων
779 994 886 1066 γάρ
925 995 1171 1060 ἐκείνων,
1201 995 1338 1064 αὐτὴ
1366 994 1463 1064 τὴν
1503 993 1717 1064 πληγὴν
1750 990 1870 1044 ἐδέ-

291 1101 416 1154 χετο
437 1083 485 1142 δ.
531 1085 664 1139 Οὐδὲ
693 1086 802 1158 γάρ
830 1087 1055 1152 ἀπαθῶς
1083 1087 1226 1141 οὕτω
1248 1089 1320 1141 τά
1348 1087 1607 1158 γινόμενα
1635 1083 1866 1154 ἐδέχετο·

296 1177 479 1247 μήτηρ
518 1178 628 1247 γὰρ
663 1173 752 1249 ἦν,
782 1179 876 1233 καὶ
898 1180 1000 1250 τῆς
1030 1179 1245 1250 φύσεως
1280 1179 1500 1252 ήῦϐρις
1527 1177 1628 1248 τήν
1660 1175 1868 1230 οἰκείαν

290 1267 516 1338 δύναμιν
553 1269 913 1325 ἐπεδείκνυτο·
945 1271 1060 1324 ἀλλ’
1091 1272 1192 1326 οὐκ
1221 1273 1455 1326 ἐνικᾶτο.
1478 1269 1734 1324 Θάλασσα
1757 1265 1868 1336 γάρ

287 1355 354 1429 ἦν
404 1365 498 1414 καὶ
551 1362 790 1434 κύματα·
839 1363 954 1418 ἀλλ’
978 1363 1168 1436 ὥσπερ
1211 1368 1244 1436 ἡ
1289 1365 1532 1419 θάλασσα
1567 1361 1866 1434 μαινομένη

289 1454 633 1518 καταλύεται,
671 1453 813 1509 οὕτω
861 1455 956 1508 καὶ
1009 1457 1042 1527 ή
1090 1455 1250 1524 φύσις
1290 1453 1610 1525 ἐγειρομένη
1652 1451 1731 1523 τῷ
1773 1450 1867 1520 φά·

286 1545 367 1614 ϐῳ
414 1545 510 1598 τοῦ
554 1545 689 1599 Θεοῦ
723 1545 1054 1617 ἐχαλινοῦτο.
1096 1546 1218 1609 Πῶς
1263 1546 1458 1608 αὐτοὺς
1499 1541 1867 1614 ἤλειψεςπῶς

283 1638 481 1701 αὐτοὺς
521 1637 747 1709 έθρεψε;
793 1641 910 1704 πῶς
948 1637 1089 1692 ἐπτά
1115 1639 1273 1702 ναοὺς
1315 1637 1393 1708 τῷ
1433 1635 1552 1707 Θεῷ
1590 1635 1867 1707 παρέστη-

285 1746 399 1793 σεν,
457 1729 780 1800 ἀνδριάντας
829 1729 1088 1801 χρυσοῦς,
1139 1728 1338 1801 μᾶλλον
1387 1728 1446 1782 δὲ
1508 1726 1604 1782 καὶ
1660 1724 1862 1800 χρυσοῦ

285 1821 648 1891 τιμιωτέρους
664 1838 680 1888 ;

351 1912 552 1979 γ’.“Οτι
567 1913 674 1984 γὰρ
695 1913 756 1966 οὐ
771 1913 1010 1967 τοιοῦτον
1027 1911 1244 1984 χρυσὸς,
1258 1909 1368 1966 οἷον
1381 1911 1526 1983 ψυχὴ
1545 1915 1861 1982 μαρτύρων,

279 2004 538 2073 πρόσεχε.
591 2005 844 2072 Εἱστήκει
874 2006 903 2058 6
927 2003 1208 2076 τύραννος,
1243 2005 1338 2058 καὶ
1371 2005 1475 2058 ὑπὸ
1515 2005 1643 2073 μιᾶς
1673 2020 1854 2072 γυναι-

278 2094 372 2157 κὸς
391 2092 705 2164 ἡττώμενος
734 2095 1018 2167 ἀνεχώρει.
1065 2095 1301 2158 Ἐκεῖνος
1325 2096 1512 2158 ὅπλοις
1533 2095 1858 2165 ἐπολιόρκει,

276 2186 371 2238 καὶ
419 2183 560 2256 αὕτη
616 2186 898 2258 προθυμίᾳ
945 2187 1327 2257 περιεγένετο·
1383 2187 1589 2250 ἐκεῖνος
1630 2185 1859 2256 κάμινον

273 2276 472 2346 ἀνῆψε,
504 2277 598 2330 καὶ
633 2277 772 2347 αῦτη
809 2277 905 2348 τὴν
930 2277 1130 2350 ἀρετήν
1158 2276 1253 2330 τοῦ
1284 2276 1592 2348 πνεύματος
1615 2293 1630 2307 ·
1652 2279 1860 2342 ἐκεῖνος

273 2368 635 2438 στρατόπεδον
662 2369 850 2435 ἐκίνει,
879 2370 972 2424 καὶ
1007 2368 1144 2440 αὕτη
1175 2369 1313 2442 πρὸς
1345 2370 1606 2439 ἀγγέλους
1641 2367 1857 2442 μεθωρ-

273 2459 463 2528 μίζετο
483 2477 498 2491 ·
534 2460 683 2531 ἐώρα
705 2460 855 2515 κάτω
873 2461 964 2515 τὸν
981 2460 1264 2532 τύραννον,
1293 2461 1390 2515 καὶ
1416 2462 1612 2516 ἐνενόει
1631 2460 1724 2516 τὸν
1743 2461 1857 2516 ἄνω

269 2551 656 2620 βασιλεύοντα·
693 2553 842 2626 ἐώρα
870 2553 969 2617 τὰς
998 2555 1150 2607 κάτω
1186 2554 1467 2624 βασάνους,
1500 2554 1596 2607 καὶ
1631 2554 1855 2624 ἠρίθμει

267 2640 335 2692 τὰ
375 2643 489 2696 ἀνω
519 2643 776 2713 βραϐεῖα·
817 2643 963 2713 ἐώρα
1001 2643 1100 2716 τὴν
1153 2645 1436 2716 παροῦσαν
1467 2645 1686 2700 κόλασιν
1709 2685 1724 2708 ,
1759 2646 1856 2699 καὶ

264 2733 468 2786 ἐνενόει
499 2733 600 2805 τὴν
639 2734 939 2805 μέλλουσαν
973 2734 1288 2791 ἀθανασίαν.
1333 2736 1424 2789 Διὸ
1456 2736 1552 2789 καὶ
1579 2737 1608 2789 6
1643 2736 1855 2802 Παῦλος

263 2822 420 2892 ἔλεγε
440 2839 457 2854 ·
476 2824 574 2894 Μὴ
600 2828 994 2882 σκοπούντων
1017 2826 1186 2896 ἡμῶν
1207 2827 1280 2881 τὰ
1301 2828 1673 2897 βλεπόμενα,
1692 2830 1853 2882 ἀλλὰ

261 2913 336 2966 τὰ
356 2913 446 2983 μὴ
472 2917 844 2986 βλεπόμενα.
881 2917 968 2989 Μή
988 2936 1040 2972 τι
1063 2917 1290 2988 κώλυμα
1311 2918 1340 2970 6
1377 2918 1552 2988 γάμος
1590 2919 1806 2986 εγένετο
1829 2937 1845 2987 ς

260 3002 327 3055 Τί
360 3003 418 3057 δὲ
443 3004 471 3058 6
507 3004 790 3077 Πέτρος,ή
825 3007 1029 3077 κρηπὶς
1049 3007 1148 3077 τῆς
1188 3007 1535 3079 Ἐκκλησίας,
1565 3010 1594 3060 6
1623 3009 1850 3078 μανικὸς

259 3095 498 3166 ἐραστὴς
522 3093 617 3148 τοῦ
649 3095 910 3167 Χριστοῦ,
947 3097 1040 3153 καὶ
1088 3099 1410 3164 ἀπαίδευτος
1454 3101 1531 3170 τῷ
1568 3101 1728 3172 λόγῳ,
1754 3102 1850 3154 καὶ

261 3187 510 3258 ρητόρων
578 3190 1012 3260 περιγινόμενος,
1059 3190 1089 3243 6
1131 3191 1368 3262 ἀμαθὴς,
1416 3193 1512 3245 καὶ
1539 3192 1848 3262 φιλοσόφων

259 3281 584 3354 ἀποφράξας
611 3283 872 3354 στόματα,
915 3286 944 3338 6
978 3284 1076 3357 τὴν
1123 3285 1439 3356 Ἑλληνικὴν
1474 3287 1665 3356 σοφίαν
1690 3297 1712 3325 ο
1747 3303 1848 3342 κα-

259 3374 440 3446 θάπερ
473 3375 717 3446 ἀράχνην
749 3376 1031 3441 διαλύσας,
1063 3378 1092 3430 6
1112 3379 1210 3448 τὴν
1243 3378 1568 3449 οἰκουμένην
1599 3380 1848 3451 περιδρα-

262 3467 400 3538 μὼν,
431 3470 461 3522 6
483 3469 822 3540 σαγηνεύσας
852 3469 952 3540 τὴν
987 3469 1263 3524 θάλασσαν
1281 3512 1296 3537 ,
1331 3471 1428 3524 καὶ
1466 3471 1717 3537 ἁλιεύσας
1744 3471 1846 3544 τὴν

257 3555 606 3630 οἰκουμένην,
640 3560 741 3613 οὐκ
779 3557 890 3630 εἶχε
914 3559 1010 3614 καὶ
1037 3553 1194 3625 οὗτος
1220 3564 1486 3630 γυναῖκας
1526 3562 1648 3626 Ναὶ,
1674 3559 1842 3634 εῖχεν.

260 3651 383 3703 Ὅτι
403 3650 462 3703 δὲ
486 3649 664 3721 ἔσχεν,
688 3651 917 3707 ἄκουσον
937 3651 1030 3706 τοῦ
1051 3652 1458 3723 εὐαγγελιστοῦ.
1478 3655 1542 3707 Τί
1565 3655 1622 3708 δέ
1645 3672 1808 3725 φησιν
1827 3671 1842 3720 ;

253 3740 561 3809 Εἰσῆλθεν
611 3745 644 3796 ὀ
691 3742 917 3809 Ἰησοῦς
943 3742 1091 3810 πρὸς
1129 3743 1244 3812 τὴν
1279 3746 1571 3812 πενθερὰν
1614 3745 1842 3813 Πέτρου

258 3831 722 3898 πυρέσσουσαν.
759 3832 930 3886 Ὅπου
959 3834 1214 3904 πενθερὰ,
1239 3836 1354 3889 ἐκεῖ
1374 3836 1467 3889 καὶ
1487 3835 1643 3903 γυνὴ,
1679 3837 1796 3889 ἐκεῖ
1812 3832 1842 3874 (ι

258 3925 352 3976 καὶ
381 3924 576 3994 γάμος.
603 3924 668 3976 Τί
698 3924 753 3977 δέ
779 3925 807 3977 6
833 3925 1096 3988 Φίλιππος
1119 3944 1134 3993 ;
1160 3927 1221 3979 οὐ
1242 3927 1511 3997 τέσσαρας
1535 3926 1842 3999 θυγατέρας

253 4012 435 4086 εἶχεν;
470 4016 646 4069 Ὅπου
683 4016 740 4069 δὲ
764 4017 1028 4088 τέσσαρες
1053 4018 1368 4088 θυγατέρες,
1396 4021 1512 4072 ἐκεῖ
1551 4022 1645 4073 καῖ
1677 4021 1838 4093 γυνὴ,

252 4105 349 4159 καὶ
384 4106 581 4176 γάμος.
627 4105 693 4160 Τί
725 4101 818 4160 οὖν
848 4107 876 4159 6
923 4108 1189 4178 Χριστός;
1225 4109 1356 4162 Ἀπὸ
1393 4109 1662 4179 παρθένου
1698 4111 1796 4181 μέν
1821 4126 1836 4144 ·

252 4199 372 4251 ἀλλ’
421 4201 502 4262 είς
538 4198 714 4269 γάμον
751 4199 1083 4269 παρεγένετο
1105 4238 1121 4262 ,
1155 4201 1249 4253 καὶ
1284 4200 1455 4271 δῶρον
1485 4204 1834 4273 εἰσήνεγκεν·

246 4292 372 4342 Οὺκ
416 4289 632 4356 ἔχουσι
661 4291 790 4360 γάρ,
837 4289 992 4359 φησὶ,
1038 4287 1235 4345 οἷνσν·
1294 4294 1387 4344 καὶ
1424 4294 1485 4345 τὸ
1529 4294 1671 4365 ὕδωρ
1696 4291 1837 4348 οἶνον

251 4380 498 4450 ἐποίησε,
525 4382 592 4450 τῇ
624 4380 894 4452 παρθενίᾳ
919 4379 1011 4434 τὸν
1043 4381 1218 4452 γάμον
1256 4383 1442 4452 τιμῶν,
1474 4387 1541 4455 τῇ
1569 4385 1749 4456 δωρεᾷ
1776 4385 1837 4438 τὸ

249 4475 487 4544 πρᾶγμα
542 4473 868 4543 θαυμάζων·
921 4474 1007 4528 ἵνα
1064 4473 1138 4545 μὴ
1190 4473 1452 4546 βδελύσσῃ
1485 4476 1577 4528 τὸν
1620 4477 1835 4548 γάμον,

245 4563 383 4617 ἀλλά
434 4568 598 4635 μισῇς
632 4576 655 4604 ε
704 4566 804 4637 τὴν
837 4565 1113 4636 πορνείαν.
1155 4567 1245 4637 Τῷ
1286 4567 1404 4639 ἐμῷ
1445 4566 1671 4639 κινδύνῳ
1723 4569 1835 4637 ἐγὼ

246 4656 536 4724 ἐγγυῶμαι
566 4673 659 4709 σου
691 4659 791 4728 τὴν
821 4659 1116 4728 σωτηρίαν,
1143 4659 1248 4712 κᾶν
1281 4661 1510 4727 γυναῖκα
1545 4659 1692 4731 ἔχῃς.

320 4746 562 4815 Πρόσεχε
595 4746 825 4816 σεαυτῷ.
861 4750 1003 4818 Γυνὴ
1030 4749 1125 4801 ἐὰν
1143 4749 1442 4820 εὖχρηστός
1475 4753 1611 4817 ἐστι,
1641 4751 1833 4823 βοηθός

247 4852 342 4889 σου
369 4836 505 4889 ἐστί.
543 4837 606 4890 Τί
645 4833 738 4891 οὖν
765 4839 830 4892 ἂν
858 4839 931 4909 μὴ
1032 4839 1363 4911 εῦχρηστος;
1404 4841 1635 4910 Ποίησον
1662 4844 1831 4915 αὐτὴν

244 4925 565 4998 εὔχρηστον.
615 4930 705 4998 Μὴ
766 4930 866 4982 οὐκ
926 4929 1169 4997 εγένοντο
1224 4931 1387 4984 καλαὶ
1438 4934 1689 5000 γυναῖκες
1737 4936 1830 4987 καὶ

244 5019 434 5083 κακαὶ,
483 5020 570 5071 ἵνα
609 5019 683 5090 μὴ
719 5020 849 5092 ἔχῃς
892 5022 1194 5093 πρόφασιν;
1225 5025 1454 5094 Ποταπὴ
1502 5025 1536 5095 ή
1580 5024 1674 5078 τοῦ
1711 5025 1828 5079 Ἰὼϐ

240 5108 345 5180 ἦν;
381 5111 446 5163 Ἤ
472 5109 529 5162 δὲ
570 5111 756 5182 Σάρρα
785 5113 922 5183 καλὴ
946 5108 1033 5184 ἦν.
1069 5115 1239 5181 Δείξω
1268 5134 1348 5168 σοι
1368 5119 1596 5184 γυναῖκα
1617 5117 1828 5188 φαύλην

246 5193 398 5265 [125]
429 5193 524 5247 καὶ
543 5194 809 5263 πονηράν.
841 5196 955 5249 Οὐκ
975 5196 1174 5267 ἔϐλαψε
1192 5198 1283 5251 τὸν
1310 5197 1479 5268 ἄνδρα
1510 5201 1544 5268 ή
1569 5201 1705 5271 γυνὴ
1729 5200 1822 5252 τοῦ

253 5285 394 5339 Ἰώϐ·
436 5285 651 5356 πονηρά
679 5281 745 5358 ἦν
783 5287 877 5340 καὶ
929 5289 1131 5360 φαύλη,
1163 5291 1257 5344 καὶ
1310 5288 1650 5363 βλασφημεῖν
1677 5291 1826 5363 αὐτῷ

303 5503 331 5533 ⁸
355 5505 387 5552 Α
399 5504 450 5552 1ἰί
477 5505 806 5565 σαλευόμενον.

297 5565 327 5631 13
355 5567 452 5631 Alii
469 5567 564 5631 εὴν,
595 5568 777 5631 πληγήν
803 5566 980 5631 ἔφερεν-

269 5687 280 5696 ·
300 5628 324 5697 f
351 5627 449 5697 Αιιι
468 5624 744 5697 ιΙξλληνωωῆκιν
765 5624 1031 5697 θρήσὲιείαχ.
1048 5629 1167 5697 Qua;
1189 5634 1341 5682 lectio
1359 5635 1662 5697 preferenda
1685 5643 1821 5688 certe

236 5687 493 5759 νξᾱεηειιιι·
516 5687 605 5759 hoc
626 5688 748 5759 ἱορο.
771 5687 1269 5759 Ῡεςυιη-Ἁοιῖηεεινη
1294 5700 1346 5744 el.
1363 5687 1592 5759 blerique
1614 5687 1822 5749 ωεεξσοέ

233 5748 342 5814 φίαν
367 5749 571 5814 habent.
596 5754 745 5814 atque
767 5753 834 5814 ilAa
859 5754 983 5814 legit
1005 5748 1246 5803 Erasmus.

299 5809 326 5848 ά
345 5809 696 5884 Αιξαυοιῖιηεέι
714 5812 812 5884 ἐκεῖ
1087 5815 1249 5884 ’ᾨπου
1272 5819 1409 5884 γυνὴ,
1447 5820 1559 5882 ἐκεῖ,
1582 5829 1727 5884 a'quc
1751 5825 1818 5873 lla

234 5859 524 5928 legenduim.
551 5870 606 5918 ln
653 5859 905 5923 Μοτοιξσὶ
926 5859 1075 5924 ἑένίἶ.
1106 5859 1559 5939 akab'yM'ﬁeé'éil’

295 5933 319 5961 ⁸
345 5932 469 5979 Tres
491 5945 603 5980 mss.
627 5934 746 5980 ἀλλὰ
769 5937 990 5980 μισήσῃς.

432 5949 469 5979 :s
491 5949 603 5980 mss.
627 5949 746 5981 αΑΑα
769 5949 990 5983 μισήσῃς.

298 5951 316 5961 “
356 5951 373 5979 Ι
391 5951 469 5979 res
491 5951 603 5980 [nam
627 5951 746 5981 «Ma
769 5951 990 5997 μισησῃς.

298 5990 317 6030 ί
345 5993 478 6042 Unus
499 5995 578 6041 καὶ
599 6010 654 6042 το
679 5996 864 6058 δένδρον
882 5998 1230 6061 ἀσφαλέστερον
1248 6001 1446 6060 ἐγένετο.

1263 426 1331 485 ην
1369 424 1598 492 ιιιυι),
1632 419 1768 474 VIDI
1805 413 2150 490 DOMINUM,
2187 419 2421 477 HOMIL.
2465 420 2556 476 IV.

3439 426 3550 482 124

1979 539 2383 595 συνεϐούλευσε.
2447 539 2512 591 Τί
2562 534 2688 602 οῦν;
2747 535 2922 591 ἔσεισε
2973 533 3064 589 τὸν
3109 531 3344 603 πύργον;
3386 532 3554 601 κατή-

1975 646 2134 698 νεγκε
2149 632 2240 685 τὸν
2256 631 2536 702 ἀδάμαντα
2553 648 2567 697 ;
2586 629 2933 701 περιεγένετο
2949 627 3048 698 τῆς
3066 625 3270 695 πέτρας
3289 641 3304 690 ;
3329 622 3555 696 ἔκρουσε

1973 720 2065 775 τὸν
2086 722 2421 793 στρατιώτην
2446 741 2461 792 ;
2491 723 2741 794 διέτρησε
2772 721 2834 776 τὸ
2865 720 3104 788 σκάφος;
3136 714 3463 788 ἐξερῥίζωσε
3492 715 3554 768 τὸ

1973 811 2218 883 δένδρον;
2250 813 2417 867 Οὐδὲν
2438 813 2643 866 τούτων
2659 829 2671 842 ·
2696 811 2808 866 ἀλλ’
2834 811 3018 880 ἐκείνη
3042 807 3437 880 προσέκρουσε,
3461 823 3554 859 και

1972 903 2002 954 6
2025 902 2232 974 πύργος
2281 903 2683 974 ἀσφαλέστερος
2714 905 2923 971 ἐγίνετο
2955 899 3007 940 ί·
3054 899 3194 970 αὑτὴ
3225 899 3294 951 τά
3333 897 3556 967 κύματα

1973 992 2180 1064 ἤγειρε,
2203 995 2299 1048 καὶ
2323 995 2385 1048 τὸ
2413 994 2596 1048 πλοῖον
2610 994 2673 1048 οὐ
2697 994 3132 1057 κατεποντίζετο,
3151 990 3265 1045 ἀλλ’
3289 988 3348 1053 ἐξ
3367 987 3555 1059 οὐρίας

1971 1086 2162 1161 ἔπλεεν
2180 1105 2194 1119 ·
2226 1088 2255 1140 6
2281 1085 2492 1158 καρπὸς
2517 1086 2682 1141 αὑτοῦ
2705 1086 3002 1158 ἐτρυγήθη,
3025 1083 3200 1138 καὶτὸ
3225 1081 3435 1152 δένδρον
3455 1081 3556 1133 οὐκ

1971 1177 2234 1249 ἐσαλεύθη
2256 1194 2272 1210 ·
2301 1177 2370 1232 τά
2399 1177 2574 1248 φύλλα
2603 1176 2787 1244 ἔπεσε,
2821 1177 2918 1231 καὶ
2952 1177 2983 1245 ή
3027 1175 3152 1246 ῥίζα
3185 1173 3378 1243 ἔμενεν
3417 1169 3554 1224 ἀσά-

1970 1269 2178 1335 λευτος.
2208 1271 2393 1326 Ταῦτα
2420 1270 2563 1340 λέγω
2581 1309 2598 1335 ,
2627 1270 2714 1324 ἵνα
2752 1270 2941 1342 μηδεὶς
2981 1265 3385 1339 προφασίζηται
3414 1266 3440 1304 ε
3456 1281 3555 1316 κα-

1971 1361 2096 1416 κίαν
2113 1364 2390 1432 γυναικός.
2411 1363 2594 1433 Φαύλη
2619 1361 2767 1428 ἐστί;
2800 1361 3102 1432 Διόρθωσον
3134 1358 3326 1428 αὐτήν.
3368 1355 3552 1418 Ἀλλά,

1971 1457 2134 1526 φησὶν
2156 1497 2171 1520 ,
2207 1457 2317 1511 ἀπὸ
2347 1455 2679 1529 παραδείσου
2719 1472 2785 1525 με
2823 1453 3096 1519 ἐξέϐαλεν.
3150 1450 3313 1504 Ἀλλά
3350 1451 3445 1503 καὶ
3475 1452 3553 1513 είς

1968 1548 2233 1620 οὐρανοὺς
2263 1548 2650 1620 σεέξήνεγκεν.
2706 1546 2772 1600 Ἦ
2801 1548 2939 1616 αὑτὴ
2972 1545 3070 1615 μὲν
3092 1544 3271 1613 φύσις,
3299 1543 3553 1612 διάφορος

1966 1635 2024 1688 δὲ
2054 1640 2087 1708 ή
2126 1637 2342 1709 γνώμη.
2399 1638 2539 1692 Ἀλλ’
2570 1640 2604 1709 ή
2641 1638 2735 1692 τοῦ
2782 1637 2901 1691 Ἰὼϐ
2937 1635 3150 1706 φαύλη;
3197 1631 3336 1686 Ἀλλ’
3365 1635 3398 1703 ή
3435 1633 3551 1685 Σω-

1969 1729 2138 1783 σάννα
2181 1729 2340 1802 καλή.
2391 1731 2530 1784 Ἀλλ’
2576 1733 2610 1802 ή
2649 1730 2922 1800 Αἰγυπτία
2957 1728 3289 1791 ἀκόλαστοςς
3339 1724 3478 1777 Ἀλλ’
3518 1726 3551 1794 ή

1967 1816 2152 1888 Σάρρα
2201 1820 2426 1889 κοσμία.
2479 1814 2632 1883 Εἶδες
2665 1819 2915 1890 ἐκείνην;
2968 1817 3141 1869 Βλέπε
3188 1816 3282 1869 καὶ
3310 1814 3548 1887 ταύτην·

1965 1909 2088 1962 ἐπεὶ
2121 1910 2214 1963 καὶ
2251 1912 2310 1965 ἐν
2336 1912 2596 1982 ἀνδράσιν
2621 1914 2670 1965 οἱ
2705 1912 2803 1982 μὲν
2833 1909 3048 1979 φαῦλοι,
3080 1909 3131 1962 οἱ
3159 1907 3215 1961 δὲ
3250 1909 3547 1964 σπουδαῖοι.

1964 1992 2145 2054 Καλὸς
2171 1995 2200 2047 6
2246 1995 2463 2066 Ἰωσὴφ,
2495 1996 2543 2049 οἱ
2573 1995 2629 2049 δὲ
2663 1993 3022 2064 πρεσϐύτεροι
3055 1992 3363 2045 ἀκόλαστοι.
3397 1987 3549 2056 Εἶδες

1964 2085 2241 2157 πανταχοῦ
2255 2088 2454 2142 κακίαν
2476 2088 2569 2141 καὶ
2598 2086 2818 2156 ἀρετὴν,
2841 2084 2915 2156 μὴ
2946 2086 3010 2156 τῇ
3036 2082 3194 2153 φύσει
3218 2083 3391 2136 ταῦτα
3437 2101 3550 2154 κρι-

1963 2176 2183 2248 νόμενα,
2215 2179 2350 2232 ἀλλά
2376 2181 2445 2251 τῇ
2485 2179 2678 2250 γνώμῃ
2705 2177 3078 2246 διαιρούμενα.
3107 2177 3198 2245 Μή
3228 2192 3316 2245 μοι
3347 2175 3551 2244 προφά-

1963 2287 2076 2333 σεις
2114 2271 2472 2342 προφασίζου.
2518 2270 2657 2323 Ἀλλ’
2691 2271 2786 2322 ἐπὶ
2831 2269 2900 2323 τὰ
2945 2268 3080 2340 χρέα
3113 2269 3205 2321 καὶ
3237 2268 3336 2338 τὴν
3378 2286 3547 2322 κατα-

1961 2359 2124 2429 ϐολὴν
2159 2361 2497 2431 σπεύδωμεν.
2546 2361 2656 2416 Καὶ
2696 2361 2935 2429 ἐγένετο
2975 2359 3082 2413 τοῦ
3111 2359 3426 2423 ἐνιαυτοῦ,
3473 2354 3547 2414 οὗ

1960 2451 2261 2505 ἀπέθανεν
2301 2451 2488 2518 Ὀζῖας
2507 2455 2538 2507 ό
2557 2451 2878 2518 βασιλεύς.
2913 2450 3106 2504 Μέλλω
3122 2450 3300 2518 λέγειν
3331 2450 3419 2503 διὰ
3437 2451 3490 2502 τί
3518 2453 3547 2503 6

1960 2543 2246 2614 προφήτης
2279 2543 2697 2613 ἐπισημαίνεται
2728 2543 2820 2596 τὸν
2844 2542 3069 2612 καιρόν·
3101 2540 3404 2612 ἐζητοῦμεν
3436 2541 3546 2612 γάρ

1959 2635 2103 2704 χθὲς,
2133 2635 2183 2688 τί
2215 2635 2414 2706 δήποτε
2445 2636 2553 2690 τῶν
2591 2635 2887 2707 προφητῶν
2922 2635 3179 2689 ἀπάντων
3222 2635 3314 2687 τὸν
3354 2636 3545 2705 καιρὸν

1955 2729 2055 2799 τῆς
2087 2729 2230 2800 ζωῆς
2271 2728 2380 2782 τῶν
2425 2728 2687 2798 βασιλέων
2725 2728 3080 2799 ἱστορούντων
3130 2728 3194 2793 h,
3239 2729 3334 2782 καί
3376 2731 3540 2785 αὐτοῦ

1957 2820 2168 2886 τούτου,
2203 2819 2436 2874 ἐνταῦθα
2466 2822 2528 2873 τὸ
2559 2819 2678 2883 έθος
2703 2821 2869 2891 ἐλύθη
2890 2838 2904 2852 ·
2932 2823 3028 2875 καὶ
3054 2822 3117 2875 ού
3141 2821 3310 2888 λέγει,
3341 2822 3399 2874 ἐν
3421 2825 3542 2887 ταῖς

1957 2910 2193 2982 ἡμέραις
2235 2911 2408 2977 Ὀζίου
2433 2952 2448 2976 ,
2494 2911 2609 2966 ἀλλ’
2643 2914 2702 2964 ἐν
2752 2915 2819 2984 τῇ
2869 2912 3094 2983 τελευτῇ
3141 2913 3336 2977 Ὀζίου.
3372 2914 3541 2965 Τοῦτο

1955 3000 2114 3058 λῦσαι
2144 3001 2400 3075 βούλομαι
2434 3005 2688 3075 σήμερον.
2727 3005 2916 3078 Είγὰρ
2950 3007 3044 3058 καὶ
3076 3005 3209 3058 πολὺ
3239 3005 3299 3060 τὸ
3327 3005 3535 3077 καῦμα,

1954 3094 2093 3149 ἀλλά
2119 3095 2318 3165 μείζων
2347 3098 2381 3166 ή
2413 3096 2601 3165 δρόσος
2638 3095 2733 3149 τοῦ
2772 3096 2930 3165 λόγου
2956 3115 2969 3128 ο
3004 3099 3052 3149 εί
3094 3097 3205 3169 γὰρ
3241 3097 3482 3167 βιάζεται
3513 3101 3530 3140 ί

1953 3187 2013 3239 τὸ
2047 3186 2206 3257 σῶμα
2243 3186 2694 3258 μαλακιζόμενον,
2724 3188 2842 3242 ἀλλ’
2860 3190 3189 3259 ἀκμάζουσα
3213 3191 3246 3260 ή
3270 3189 3418 3260 ψυχὴ
3445 3190 3537 3244 εύ-

1951 3279 2259 3350 φραίνεται.
2288 3279 2378 3350 Μή
2413 3295 2501 3347 μοι
2524 3278 2649 3347 λέγε
2675 3280 2864 3351 καῦμα
2892 3283 2984 3335 καὶ
3011 3282 3242 3353 ἱδρῶτα·
3268 3279 3362 3336 ἐὰν
3381 3280 3537 3354 ἱδρώ-

1953 3387 2054 3444 σῃς
2092 3372 2169 3443 τῷ
2202 3372 2438 3444 σώματι,
2475 3376 2707 3445 σμήχεις
2738 3393 2832 3429 σου
2875 3375 2972 3446 τὴν
3009 3375 3210 3446 ψυχήν.
3257 3377 3319 3428 Οἱ
3348 3375 3536 3438 παῖδες

1949 3465 2000 3519 οἱ
2026 3467 2173 3538 τρεῖς
2197 3467 2254 3520 ἐν
2282 3468 2500 3539 καμίνῳ
2541 3463 2713 3538 ἦσαν,
2744 3469 2839 3523 καὶ
2866 3468 3017 3522 οὐδὲν
3055 3466 3291 3537 ἔπασχον
3313 3509 3328 3533 ,
3354 3467 3468 3520 ἀλλ’
3499 3468 3535 3538 ή

1949 3557 2182 3628 κάμινος
2206 3558 2395 3632 δρόσος
2423 3559 2662 3628 ἐγένετο.
2698 3560 2862 3614 Ὅταν
2897 3560 3157 3630 ἐννοήσῃς
3188 3558 3414 3630 ἱδρῶτα,
3448 3560 3535 3612 ἐν·

1949 3649 2057 3702 νόει
2081 3652 2174 3703 καὶ
2206 3651 2296 3703 τὸν
2323 3650 2511 3721 μισθὸν
2543 3650 2636 3703 καὶ
2666 3650 2760 3719 τὴν
2784 3650 3036 3721 ἀμοιϐήν.
3063 3651 3174 3703 Καὶ
3195 3650 3304 3720 γὰρ
3331 3650 3534 3719 κολυμ-

1949 3739 2121 3812 ϐητὴς
2153 3741 2436 3812 ἄνθρωπος
2476 3741 2543 3796 δι’
2579 3741 2730 3795 οὐδὲν
2768 3741 2895 3796 ἄλλο
2940 3741 3117 3812 τολμᾷ
3156 3743 3236 3804 εἱς
3276 3742 3337 3794 τὸ
3371 3741 3533 3812 βάθος

1948 3833 2140 3888 ἑαυτὸν
2183 3834 2510 3889 καταϐαλεῖν
2557 3835 2666 3890 τῶν
2698 3834 2939 3900 ὑδάτων,
2967 3834 3001 3905 ἢ
3035 3833 3124 3889 διὰ
3160 3835 3527 3906 μαργαρίτας,

1945 3927 2038 3978 τοῦ
2069 3926 2309 3997 πολέμου
2329 3927 2428 3999 τὴν
2458 3929 2732 3983 ὑπόθεσιν.
2781 3929 2918 3982 Ἀλλ’
2954 3929 3014 3981 οὐ
3039 3929 3138 3998 τὴν
3169 3927 3300 3997 ὓλην
3320 3928 3530 3981 διαϐάλ-

1945 4016 2041 4084 λω,
2079 4017 2218 4072 ἀλλὰ
2238 4019 2335 4090 τὴν
2357 4020 2653 4075 ἀκόλαστον
2683 4020 2926 4090 γνώμην.
2969 4020 3080 4072 Καὶ
3106 4021 3168 4073 σὺ
3189 4059 3203 4084 ,
3241 4020 3327 4073 ἵνα
3355 4019 3529 4092 λάϐῃς

1945 4107 2216 4179 θησαυρὸν
2267 4110 2561 4180 ἀνελλιπῆ,
2615 4112 2709 4164 καὶ
2748 4111 3020 4182 φυτεύσῃς
3066 4109 3307 4180 ἄμπελον
3359 4110 3417 4162 ἐν
3457 4113 3525 4181 τῇ

1943 4201 2088 4270 ψυχῇ
2122 4216 2237 4268 σου,
2279 4201 2379 4254 οὐκ
2408 4202 2577 4272 ἀνέχῃ
2612 4202 2922 4273 καύματος,
2953 4201 3072 4255 οὐδὲ
3116 4201 3369 4271 ἱδρῶτος;
3411 4201 3524 4270 Οὐχ

1944 4291 2077 4361 ὁρᾷς
2102 4292 2230 4354 τοὺς
2260 4293 2317 4344 ἐν
2360 4291 2572 4363 θεάτρῳ
2618 4294 2979 4364 καθημένους,
3024 4292 3141 4355 πῶς
3177 4293 3397 4363 ἱδρῶσι,
3429 4293 3523 4345 καὶ

1943 4385 2122 4453 γυμνῇ
2149 4385 2212 4452 τῇ
2247 4383 2456 4453 κεφαλῇ
2486 4385 2584 4453 τὴν
2625 4386 2818 4438 ἀκτῖνα
2846 4385 3110 4453 δέχονται,
3141 4384 3229 4435 ἵνα
3259 4383 3522 4450 γένωνται

1943 4473 2175 4527 θανάτου
2201 4475 2556 4546 αἰχμάλωτοι,
2586 4477 2670 4528 ἵνα
2695 4478 2900 4548 πόρνης
2917 4477 3090 4530 δοῦλοι
3107 4496 3122 4544 ;
3142 4479 3233 4539 EE;
3248 4476 3522 4530 ἀπώλειαν

1943 4569 2138 4621 ἐκεῖνοι
2168 4568 2454 4637 κάμνουσι,
2485 4569 2578 4621 καὶ
2611 4569 2674 4622 σὺ
2700 4572 2779 4632 εἰς
2805 4569 3074 4640 σωτηρίαν
3096 4569 3294 4640 ἐκλύῃ;
3335 4569 3523 4642 Ἀθλη-

1940 4657 2037 4728 τὴς
2058 4654 2127 4723 εἴ,
2151 4660 2243 4711 καὶ
2264 4660 2619 4730 στρατιώτης.
2643 4659 2736 4723 Τίς
2759 4655 2850 4713 οὖν
2873 4662 3017 4713 ἐστιν
3038 4662 3065 4714 6
3096 4660 3274 4725 Ὀζίας
3293 4663 3520 4724 ἐκεῖνος,

1943 4748 2095 4821 [1°26]
2125 4750 2218 4803 καλ⁸
2246 4751 2334 4804 διὰ
2362 4758 2413 4803 τί
2446 4753 2544 4823 τὴν
2586 4753 2842 4824 τελευτὴν
2888 4753 3052 4806 αὑτοῦ
3103 4753 3303 4823 ταύτην
3333 4749 3518 4817 εἷπεν;

1940 4835 2109 4903 Οὗτος
2133 4844 2160 4894 ό
2205 4843 2383 4906 Ὀζίας
2426 4843 2675 4914 βασιλεὺς
2704 4842 2771 4914 ἦν
2791 4886 2805 4909 ,
2840 4846 2936 4900 καὶ
2968 4845 3105 4915 ἀνὴρ
3148 4845 3353 4907 δίκαιος
3374 4884 3388 4908 ,
3427 4845 3521 4897 καὶ

1938 4932 2155 4996 πολλοῖς
2181 4935 2365 5005 κομῶν
2389 4939 2501 5000 τοῖς
2530 4937 2948 5008 κατορθώμασιν
2968 4953 2980 4965 ·
3005 4937 3118 4990 ἀλλ’
3147 4936 3367 5005 ὕστερόν
3390 4952 3520 4988 ποτε

1935 5029 2015 5090 εἱς
2041 5027 2297 5081 ἀπόνοιαν
2330 5023 2528 5100 ἦλθεν,
2573 5031 2652 5092 εἰς
2701 5029 2958 5082 ἀπόνοιαν
2980 5068 2993 5090 ,
3029 5029 3126 5099 τὴν
3164 5027 3375 5098 μητέρα
3410 5027 3519 5082 τῶν

1934 5116 2139 5182 κακῶν,
2169 5121 2250 5182 είς
2276 5120 2618 5185 ἀλαζονείαν,
2647 5121 2747 5190 τὴν
2780 5119 3023 5188 θορύϐων
3059 5119 3334 5189 γέμουσαν
3369 5117 3414 5183 i,
3440 5123 3519 5182 εἱς

1934 5210 2329 5279 ὑπερηφανίαν,
2366 5211 2464 5285 τὴν
2497 5212 2772 5266 ἀπώλειαν
2795 5211 2890 5263 τοῦ
2916 5209 3182 5264 διαϐόλου.
3215 5211 3378 5265 Οὐδὲν
3403 5211 3516 5282 γὰρ

1931 5301 2186 5365 ἀπονοίας
2219 5305 2428 5372 χεῖρον·
2466 5303 2552 5356 διὰ
2580 5301 2738 5356 τοῦτο
2757 5304 2853 5356 καὶ
2884 5303 2974 5356 τὸν
3006 5303 3164 5372 λόγον
3197 5305 3414 5359 ἅπαντα
3436 5306 3513 5367 είς

1989 5520 2014 5579 ἓ
2040 5515 2134 5566 Alii
2158 5517 2523 5579 προφασίσηται.

1990 5577 2017 5616 h
2047 5579 2180 5627 Unus
2198 5577 2437 5642 βασιλέων
2460 5579 2743 5638 δηλούντων.
2767 5579 2919 5628 Savﬂ.
2950 5581 2997 5628 in
3021 5582 3242 5641 margine
3266 5582 3361 5628 τῶν
3377 5582 3516 5642 βασις

1925 5643 2044 5690 Λέων
2067 5641 2385 5700 μεμνημένων.

1993 5703 2009 5740 ί
2045 5702 2196 5765 Unus_
2205 5702 2310 5749 cod.
2343 5704 2381 5749 εἱ
2407 5703 2501 5765 καὶ,
2533 5703 2759 5765 βιάζεται,
2807 5703 2987 5765 omisso
3029 5702 3136 5765 γάρ,
3159 5708 3207 5765 ει
3238 5705 3308 5749 sic
3331 5703 3511 5765 legisse

1926 5766 2121 5811 videtur
2162 5761 2407 5810 Erasmus.
2434 5761 2553 5825 Ibid.
2582 5764 2685 5811 am’
2729 5764 2926 5825 ἀκμάζει
2949 5767 2978 5819 ἡ
3006 5761 3131 5823 ψυχὴ
3159 5763 3508 5825 εὐφραινομένη.

1926 5825 2079 5872 l‘aulo
2104 5831 2212 5883 post
2245 5841 2337 5872 σου
2370 5825 2454 5880 τήν
2480 5824 2703 5873 διάνοιαν.
2732 5822 2810 5874 Οἱζ
2843 5823 2967 5872 Infra
3011 5830 3110 5871 [res
3136 5822 3254 5871 mss;
3276 5822 3511 5870 κατατολο

1926 5891 2008 5947 μᾷ,
2031 5890 2080 5931 et
2107 5898 2214 5930 mox
2244 5886 2483 5944 ἐμϐαλεῖν.

1926 6009 1940 6015 _
1961 6007 1972 6015 ο
1998 5950 2009 5993 1
2042 5946 2150 6015 pun
2178 5947 2449 6015 ἀλαζονείαν
2473 5948 2564 5994 τῶν
2586 5948 2767 6010 θορύϐῳ
2790 5946 3066 5995 νοσούντων,
3101 5946 3234 5994 Unus
3261 5944 3410 5994 habet
3432 5944 3510 5992 τὸν

1923 6007 2113 6068 θόρυϐον
2136 6007 2418 6056 νοσούντων.
