4048 6514
526 438 641 497 125

527 552 686 612 τοῦτο
711 552 1171 626 κατηναλῶσαμεν
1197 556 1344 626 χθὲς,
1375 557 1474 629 τήν
1499 559 1759 616 ἀπόνοιαν
1784 561 2104 633 καθαιροῦν-

527 658 639 706 τες,
667 640 765 701 x61
797 638 1289 710 ταπεινοφροσύνην
1318 640 1676 707 διδάσκοντες.

597 723 640 778 δ’
676 722 828 777 Εἴπω
849 739 951 785 σοι,
973 722 1137 776 πόσον
1166 723 1371 793 ἀγαθὸν
1390 725 1882 798 ταπεινοφροσύνη,
1901 728 2108 781 1:611:6-

531 825 624 864 σον
649 807 816 861 κακὸν
849 807 1115 873 ἀπόνοια;
1156 807 1508 880 ’Λμαρτωλὸς
1539 808 1747 864 δίκαιον
1785 812 2053 880 ἐνίκησεν,
2079 812 2107 864 6

525 891 763 963 τελώνης
789 889 879 944 τὸν
899 892 1208 962 Φαρισαῖον,
1247 893 1341 944 καὶ
1383 893 1603 963 ῥήματα
1634 892 1810 962 ἔργων
1856 894 2106 964 περιεγέ-

526 992 698 1030 νοντο.
733 975 858 1039 Πῶς
904 977 1151 1047 ρήματα;
1198 975 1256 1028 Ὁ
1296 974 1534 1046 τελώνης
1576 976 1725 1043 λέγει
1779 992 1793 1007 ·
1830 977 1890 1032 '0
1923 976 2103 1044 Θεὸς,

527 1058 804 1126 ἱλάσθητί
839 1076 942 1128 μοι
977 1057 1056 1124 τῷ
1100 1056 1444 1125 ἁμαρτωλῷ.
1498 1057 1556 1112 Ὁ
1599 1061 1891 1128 Φαρισαῖος
1920 1058 2102 1128 λέγει·

529 1143 652 1195 Οὐκ
681 1141 796 1210 εἰμὶ
823 1141 904 1207 ὡς
941 1143 996 1194 οἱ
1031 1140 1232 1194 λοιποὶ
1272 1139 1388 1193 τῶν
1411 1140 1736 1210 ἀνθρώπων
1761 1183 1776 1206 ,
1802 1141 2001 1208 ἅρπαξ
2025 1182 2038 1205 ,
2065 1142 2104 1211 ἢ

525 1224 912 1292 πλεονέκτης.
952 1224 1111 1277 Ἀλλά
1143 1224 1232 1290 τίς
1265 1226 1552 1291 Νηστεύω
1592 1225 1686 1291 δὶς
1715 1225 1822 1293 τῆς
1864 1226 2106 1295 ἑϐδομά-

525 1309 630 1375 δος
657 1320 684 1349 ι
705 1349 719 1375 ,
741 1307 1084 1363 ἀποδεκατῶ
1103 1325 1224 1377 μου
1243 1307 1317 1361 τὰ
1339 1306 1705 1378 ὑπάρχοντα.
1745 1308 1802 1362 Ὀ
1819 1311 2105 1380 Φαρισαῖος

527 1394 664 1463 ἔργα
695 1391 1236 1460 ἔδειξιδικαιοσύνης
1260 1410 1274 1424 ·
1303 1393 1331 1445 6
1349 1391 1583 1463 τελώνης
1608 1394 1830 1464 ῥήματα
1862 1391 1981 1447 εἶπε
2008 1411 2105 1446 τα-

527 1476 978 1551 πεινοφροσύνης,
1017 1475 1110 1529 καὶ
1149 1475 1296 1544 λόγοι
1329 1474 1506 1546 ἔργων
1552 1478 1965 1547 περιεγένοντο,
2013 1479 2106 1531 καὶ

525 1563 555 1614 6
606 1560 859 1625 τοσοῦτος
915 1559 1187 1631 θησαυρὸς
1237 1557 1574 1640 ἐξεφυσήθηῌ,
1627 1559 1723 1612 καὶ
1771 1561 1803 1630 ή
1869 1561 2101 1630 τοσαύτη

527 1644 687 1697 πενία
741 1644 823 1706 εἱς
859 1643 1086 1697 πλοῦτον
1152 1638 1474 1714 μετεϐλήθη.
1528 1638 1734 1697 *Ηλθον
1792 1641 1886 1696 δύο
1945 1642 2105 1694 πλοῖα

525 1734 716 1800 ἔχοντα
765 1728 963 1798 γόμον’
1007 1726 1254 1797 εἱσῆλθον
1299 1727 1585 1800 ἀμφότερα
1628 1729 1709 1791 εἱς
1743 1726 1834 1782 τὸν
1870 1727 2100 1798 λιμένα⁶

525 1814 642 1870 ἀλλ’
666 1815 696 1868 6
722 1811 959 1884 τελώνης
989 1811 1171 1874 καλῶς
1203 1810 1282 1881 τῷ
1308 1811 1488 1882 λιμένι
1527 1811 1919 1885 προσωρμίσθη
1938 1853 1952 1878 ,
1993 1813 2023 1866 6
2046 1812 2104 1865 δὲ

523 1901 816 1971 ⁴ἱιαρισαῖος
842 1896 1098 1966 ναυάγιον
1130 1893 1422 1966 ὑπέμεινεν
1442 1936 1457 1960 ,
1486 1898 1572 1949 ἵνα
1600 1895 1779 1968 μάθῃς
1803 1896 1970 1950 πόσον
2007 1915 2105 1951 κα-

524 1983 621 2038 κὸν
645 1984 680 2054 ή
714 1981 959 2036 ἀπόνοια.
999 1982 1216 2042 Δίκαιος
1231 1976 1316 2047 εἷς
1336 1979 1430 2052 Μὴ
1464 1979 1807 2052 ταπεινώσῃς
1836 1980 1928 2034 τὸν
1948 1980 2105 2034 ἀδελ-

526 2067 628 2131 φόν
659 2082 776 2121 σου.
806 2065 999 2136 Κομᾷς
1021 2061 1405 2134 κατορθώμασι
1426 2078 1441 2125 ;
1467 2063 1559 2133 Μὴ
1587 2061 1854 2135 ὁνειδίσῃς
1871 2061 1949 2133 τῷ
1968 2063 2105 2134 πλη-

527 2149 664 2210 σίον,
685 2149 780 2203 καὶ
807 2146 1084 2219 ὑποτέμῃς
1114 2163 1208 2199 σου
1234 2146 1296 2200 :6
1314 2144 1606 2216 ἐγκώμιον.
1642 2145 1807 2198 Ὀσον
1839 2143 2010 2215 μέγας
2033 2142 2101 2211 εἱ,

523 2232 780 2288 τοσοῦτον
813 2230 1071 2286 ταπείνου
1106 2229 1324 2283 σαυτόν.
1364 2229 1475 2282 K61
1525 2229 1759 2299 πρόσεχε
1806 2227 1922 2299 μετ’
1947 2229 2103 2300 ἀκρι-

523 2309 682 2380 ϐἓίας
709 2315 789 2387 τῷ
815 2313 979 2385 λόγῳ,
1025 2311 1299 2382 ἀγαπητέ.
1341 2309 1557 2364 Μᾶλλον
1599 2311 1628 2364 6
1658 2311 1861 2374 δίκαιος
1902 2310 2102 2380 ὀφείλει

524 2398 815 2470 φοὸεῖσθαι
854 2397 953 2469 τὴν
982 2395 1268 2462 ἀπόνοιαν,
1307 2394 1341 2465 ἢ
1374 2395 1404 2448 6
1443 2394 1795 2466 ἁμαρτωλός·
1824 2393 1982 2448 τοῦτο
2011 2396 2105 2447 καὶ

523 2482 654 2555 χθές
681 2480 836 2535 εἷπον
854 2519 870 2545 ,
897 2479 992 2534 x61
1019 2479 1260 2548 τήμερον
1293 2476 1435 2545 λέγω
1465 2477 1554 2530 διὰ
1590 2479 1716 2541 τοὺς
1744 2477 1870 2546 χθὲς
1891 2476 2104 2530 ἀπολει-

524 2567 762 2636 φθέντας
779 2582 795 2596 ·
818 2563 951 2619 διότι
975 2568 1004 2618 6
1024 2561 1347 2634 ἀμαρτωλδς
1367 2561 1484 2632 ἔχει
1507 2561 1568 2615 :6
1587 2561 1824 2625 συνειδὸς
1846 2561 2059 2632 ἀνάγκῃ
2076 2561 2102 2601 h

523 2651 819 2714 ταπεινὸν,
875 2650 905 2702 ό
958 2647 1017 2702 δὲ
1064 2645 1274 2708 δίκαιος
1326 2644 1607 2715 ἐπαίρεται
1664 2642 2097 2716 κατορθώμασιν.

523 2736 740 2806 Ὠσπερ
782 2727 877 2788 οὖν
927 2732 1022 2786 ἐπὶ
1064 2730 1174 2784 τῶν
1202 2729 1437 2796 πλοίων,
1476 2729 1527 2782 οἱ
1564 2727 1663 2798 μὲν
1695 2727 1909 2798 ἔχοντες
1948 2726 2103 2781 κενὸν

523 2821 732 2883 πλοῖον,
759 2818 821 2872 ού
852 2816 1121 2871 δεδοίκασι
1155 2813 1431 2886 πειρατῶν
1465 2811 1719 2884 σύστημα
1740 2829 1754 2843 ο
1780 2813 1841 2866 ού
1874 2813 1983 2883 γάρ
2012 2813 2100 2882 έρ-

522 2919 712 2976 χοπαι
740 2903 1024 2975 διατρῆσαι
1053 2899 1115 2952 τδ
1143 2898 1327 2952 πλοῖον
1354 2896 1419 2950 :6
1451 2897 1616 2968 μηδὲν
1645 2896 1798 2968 ἔχονο
1819 2897 1871 2950 οἱ
1894 2897 1951 2950 δέ
1982 2897 2106 2966 φόρ-

520 2985 803 3056 τουγέμον
826 2987 1042 3055 ἔχοντες
1069 2981 1273 3048 πλοῖον,
1304 2979 1574 3035 δεδοίκασι
1612 2978 1876 3050 πειρατὰς
1893 2994 1908 3011 ο
1933 2979 1962 3033 6
1994 2977 2103 3048 γὰρ

521 3069 794 3140 πειρατὴς
838 3068 957 3121 ἐκεῖ
983 3067 1315 3137 ἀπέρχεται,
1349 3064 1483 3117 ὅπου
1510 3062 1741 3134 χρυσὸς,
1775 3063 1907 3114 ὅπου
1935 3060 2104 3128 ἀργυ-

523 3171 642 3228 ρος,
669 3153 804 3207 ὅπου
842 3150 980 3204 λίθοι
1009 3151 1179 3221 τίμιοι
1201 3166 1215 3179 ·
1255 3147 1399 3202 οὕτω
1429 3146 1524 3200 καὶ
1554 3148 1582 3200 6
1605 3144 1846 3228 διάϐολος
1882 3143 1984 3197 οὐκ
2010 3143 2105 3228 εύ-

520 3225 699 3301 κόλως
738 3234 1033 3306 ἐπηρεάζοι
1075 3232 1155 3304 τῷ
1193 3229 1531 3303 ἁμαρτωλῷ,
1578 3228 1714 3283 ἀλλά
1755 3227 1835 3299 τῷ
1877 3225 2100 3297 δικαίῳ,

520 3323 660 3375 ὅπου
691 3318 921 3381 πλοῦτος
944 3316 1130 3382 πολύς.
1182 3314 1400 3385 Ἐπειδὴ
1436 3312 1695 3375 πολλάκις
1725 3313 1758 3381 ή
1789 3309 2018 3364 ἀπόνοια
2046 3309 2105 3380 ἐξ

521 3401 820 3472 ἐπιϐουλῆς
839 3400 932 3454 τοῦ
948 3398 1417 3468 διαϐόλου,νήφειν
1437 3397 1733 3464 ἀναγκαῖον
1747 3405 1768 3432 ε
1781 3433 1795 3447 .
1821 3394 1983 3447 Ὅσον
2005 3392 2072 3462 μέ
2086 3421 2103 3432 -

521 3503 630 3556 γας
652 3481 742 3552 εἷ,
769 3485 1021 3540 τοσοῦτον
1060 3481 1318 3536 ταπείνου
1351 3481 1564 3534 σαυτόν.
1599 3480 1765 3532 Ὅταν
1797 3476 2001 3547 ἀναθῇς
2026 3478 2105 3540 εἱς

521 3570 589 3624 τὸ
622 3568 789 3640 ὕψος,
815 3564 1214 3638 ἀσφαλισθῆναι
1252 3565 1441 3636 χρείαν
1473 3562 1616 3634 ἔχεις
1635 3600 1650 3626 ,
1680 3562 1769 3614 ἵνα
1805 3559 1878 3632 μὴ
1913 3560 2103 3634 πέσῃς.

523 3652 620 3708 Διδ
656 3652 753 3706 καὶ
793 3651 824 3705 6
860 3649 1064 3721 Κύριος
1101 3649 1259 3720 ήμῶν
1290 3647 1438 3717 λέγει
1461 3663 1476 3679 ο
1530 3646 1700 3699 Ὅταν
1743 3643 1918 3698 πάντα
1949 3643 2106 3712 ποιή-

526 3754 692 3809 σητε,
720 3735 929 3803 λέγετε,
966 3731 1305 3804 ὄτιἈχρεῖοι
1344 3729 1522 3786 δοῦλοί
1571 3730 1758 3800 ἐσμεν.
1802 3726 1868 3780 Τί
1893 3725 1921 3763 ά
1967 3725 2108 3809 μέγα

525 3808 767 3891 φρονεῖς,
796 3815 1078 3886 ἄνθρωπος
1105 3813 1202 3879 ὢν,
1229 3815 1328 3884 τῆς
1369 3813 1475 3883 γῆς
1513 3813 1802 3881 συγγενὴς,
1827 3808 2107 3880 όμοούσιος

523 3905 596 3975 τῇ
623 3901 821 3974 τέφρα,
858 3899 917 3952 έν
940 3915 1002 3952 τε
1028 3898 1096 3968 τῇ
1142 3896 1335 3967 φύσει,
1369 3895 1427 3950 ἐν
1467 3912 1527 3949 τε
1557 3897 1624 3966 τῇ
1655 3893 1882 3964 γνώμῃ,
1920 3893 2015 3946 καὶ
2041 3895 2108 3975 τῇ

523 3973 846 4056 προαιρέσει
872 3981 982 4034 τῶν
1019 3978 1398 4052 πραγμάτων;
1434 3978 1685 4048 Σήμερον
1712 3975 1984 4039 πλούσιος,
2011 3973 2109 4026 αὖ·

530 4086 648 4142 ρισν
671 4068 842 4138 πένης
860 4084 875 4098 ·
904 4065 1144 4136 σήμερον
1178 4061 1458 4131 ὑγιαίνων,
1483 4061 1673 4132 αῠριον
1703 4059 1906 4113 νοσῶν
1943 4059 2114 4129 σήμε-

529 4141 627 4225 ρον
658 4150 811 4224 [127]
850 4148 1055 4220 χαίρων
1079 4187 1094 4212 ,
1134 4147 1324 4219 αὔριον
1365 4143 1727 4214 λυπούμενος·
1782 4144 2020 4225 σήμερον
2055 4141 2113 4193 ἐν

526 4224 694 4309 δόξῃ,
723 4231 911 4304 αὔριον
942 4233 1001 4284 ἐν
1041 4230 1261 4301 ἀτιμίαι
1305 4230 1541 4300 σήμερον
1569 4229 1625 4281 ἐν
1657 4228 1896 4296 νεότητι,
1927 4224 2113 4296 αὔριον

527 4321 592 4374 ἒν
608 4320 778 4391 γήρα.
809 4316 902 4387 Μὴ
935 4313 1151 4369 ἵσταταί
1175 4331 1227 4366 τι
1255 4312 1363 4366 τῶν
1387 4312 1760 4384 ἀνθρωπίνων,
1782 4310 1898 4365 ἀλλ’
1927 4310 2115 4391 ὥσπερ

529 4385 950 4470 τῶῖπσταμίων
977 4396 1264 4470 ῥευμάτων
1289 4396 1537 4466 μιμεῖται
1570 4393 1660 4446 τὸν
1690 4393 1916 4463 δρόμον;
1949 4390 2115 4462 Ὁμοῦ

530 4503 594 4541 τε
624 4483 736 4556 γὰρ
770 4482 944 4552 ἐφάνη
961 4521 976 4546 ,
1006 4480 1103 4534 3:61
1124 4481 1285 4543 σκιᾶς
1310 4478 1607 4549 ταχύτερον
1639 4487 1663 4516 ο
1682 4477 1829 4548 ήμᾶς
1852 4475 2118 4546 καταλιμ-

528 4555 716 4624 πάνει.
755 4564 822 4620 Τί
855 4561 952 4618 οὖν
979 4563 1122 4634 μέγα
1159 4564 1395 4634 φρονεῖς,
1425 4555 1678 4631 ἄνθρωπε
1696 4602 1712 4622 ,
1748 4560 1779 4612 6
1809 4559 2018 4622 καπνὸς
2039 4599 2057 4623 ,
2083 4559 2119 4628 ή

533 4648 873 4720 ματαιότης;
929 4647 1248 4718 Ἄνθρωπος
1301 4643 1410 4714 γὰρ
1475 4643 1796 4714 ματαιότητι
1840 4638 2117 4711 ὡμοιώθη.

541 4732 691 4786 Ὠσεὶ
735 4732 923 4803 χόρτος
954 4730 1011 4785 αἱ
1035 4730 1239 4799 ήμέραι
1263 4723 1450 4782 αύτοῢ.
1490 4725 1790 4798 Ἐξηράνθη
1828 4727 1858 4779 6
1892 4724 2118 4796 χόρτος,

530 4813 634 4873 καὶ
653 4815 716 4867 τὸ
740 4813 901 4877 ἀνθος
928 4811 1093 4865 αὑτοῦ
1118 4812 1364 4878 ἐξέπεσε.

606 4898 794 4953 Ταῦτα
817 4897 981 4965 λέγω,
1001 4897 1103 4966 οὐχ
1133 4895 1210 4959 ὼς
1233 4894 1332 4965 τὴν
1356 4892 1543 4947 οὐσίαν
1573 4889 1922 4958 ἐξευτελίξων
1945 4929 1962 4955 ,
1984 4888 2124 4943 ἀλλά

531 4985 636 5057 τὴν
673 4982 936 5038 ἀπόνοιαν
969 4977 1222 5051 χαλινῶν.
1251 4978 1364 5030 K61
1379 4976 1486 5045 γὰρ
1517 4974 1659 5057 μέγα
1690 4973 1998 5043 ἄνθρωπος,
2027 4972 2122 5057 καὶ

531 5054 717 5145 τίμιον
733 5070 871 5143 ἀνὴρ
887 5069 1153 5139 ἐλεήμων.
1172 5065 1308 5118 Ἀλλ’
1329 5065 1358 5116 6
1389 5061 1570 5125 Ὀζίας
1585 5054 1743 5122 οὗτος
1763 5058 2014 5145 βασιλεὺς
2027 5056 2123 5145 (ΞΝ,

531 5133 634 5212 καίι
685 5152 749 5207 :6
798 5133 1031 5221 δι’άδημα
1085 5147 1485 5219 περικείμενος,
1538 5145 1730 5214 ἐπειδὴ
1771 5141 1978 5203 δίκαιος
2033 5133 2123 5210 ἦν,

534 5234 809 5309 ἐφρόνησέ
851 5251 981 5287 ποτε
1013 5232 1173 5303 μέγα,
1207 5231 1301 5284 κα¹ι
1331 5230 1605 5300 φρονήσας
1636 5227 1779 5297 μέγα
1817 5225 1913 5278 καὶ
1939 5222 2124 5309 μεῖζον

661 5306 843 5385 ἀξίας,
861 5315 1110 5387 εἰσῆλθεν
1134 5317 1212 5380 είς
1240 5315 1299 5368 :6
1328 5313 1490 5385 ἱερόν.
1513 5312 1625 5365 K61
1645 5311 1697 5364 τί
1717 5326 1912 5380 φησιν;
1934 5306 2128 5373 Εἰσῆλ-

595 5546 628 5576 ⁸
651 5543 791 5594 Unus
810 5545 880 5599 δὶς
899 5542 984 5591 τοῦ
1010 5541 1268 5591 σαϐϐάτου.

596 5606 630 5646 1³
653 5605 780 5655 Tres
806 5593 922 5655 mis.
946 5604 1126 5665 ἀνάγκη
1147 5598 1590 5665 ταπεινοφροσύνης.
1616 5598 1773 5652 Unus,
1800 5599 1929 5665 Iesu;
1956 5593 2126 5655 δίνη,

534 5654 749 5730 συνειδὸς
1083 5654 1247 5730 αύτοῦ,
1275 5654 1557 5730 καῖ’-ἀνάγκη
1580 5654 2019 5730 ταπεινοφροσύνης.

602 5730 628 5759 ⁸
651 5717 786 5778 Unda
825 5717 986 5783 έπῖιδῆ
1007 5726 1055 5780 ἐξ
1075 5723 1298 5778 ἀπονοίας
1329 5723 1389 5770 τά
1422 5717 1739 5784 ἁμαρτήματα
1770 5717 1994 5776 τίκτεται,
2052 5717 2127 5766 διά

531 5788 680 5851 τοῦτο
696 5790 856 5851 νήφειν
874 5786 1146 5851 ἀναγκαῖον.

599 5850 631 5891 ἆ
648 5851 707 5902 Τί
728 5849 874 5900 deest
894 5849 943 5899 in
967 5849 1122 5898 tribus
1148 5857 1263 5893 mss.

603 5916 778 5965 oTres
820 5926 937 5962 mss.
973 5913 1054 5959 καὶ
1087 5913 1223 5961 σκιᾶς
1260 5905 1592 5965 εὐκολώτερον.
1641 5904 1766 5954 Infra
1814 5903 1961 5954 iidem
2005 5904 2120 5965 ώσεὶ

535 5964 712 6032 καπνδς
732 5981 780 6024 αἱ
802 5980 887 6036 ἡμ.
916 5981 970 6024 ει
1009 5971 1079 6022 sic
1105 5972 1297 6033 legerat
1343 5964 1584 6028 Erasmus,
1627 5969 1708 6028 qui
1740 5973 1973 6028 verterat,
1996 5964 2121 6017 velut

533 6039 695 6103 {mnus
718 6036 822 6087 dies
845 6036 964 6100 ejus.

1249 435 1307 494 S.
1347 436 1636 496 JOANNIS
1672 441 2168 502 CHRYSOSTOMI
2209 446 2524 510 ARCIIIEP.
2558 454 3102 518 CONSTANTINOP.

3674 469 3794 525 126

2209 564 2302 619 θεν
2329 569 2408 634 εἱς
2443 571 2510 626 τά
2541 575 2671 644 ἀγια
2698 577 2808 630 τῶν
2829 578 3020 646 ἁγίων,
3052 580 3145 634 καὶ
3191 579 3360 647 λέγει,
3404 577 3663 650 βούλομαι
3688 577 3791 632 θυ-

2212 652 2425 718 μιᾶσαι.
2454 655 2711 723 Βασιλεὺς
2741 658 2816 713 ὢν
2855 661 3150 732 ἱερωσύνης
3173 663 3346 734 ἀρχὴν
3381 662 3633 734 ἁρπάζει.
3652 664 3792 717 Βού-

2208 735 2390 806 λομαι,
2438 743 2590 811 φησὶ,
2630 743 2910 813 θυμιᾶσαι,
2961 745 3147 818 ἐπειδή
3198 747 3405 810 δίκαιός
3446 750 3582 817 εἰμι.
3626 748 3792 802 Ἀλλά

2209 822 2335 892 μένε
2365 823 2472 877 ἔσω
2505 824 2614 878 τῶν
2658 826 2872 882 οἱκείων
2910 829 3088 899 ὅρωνο
3143 829 3293 884 ἄλλοι
3318 831 3432 901 ὅροι
3477 831 3789 899 βασιλείας,

2207 904 2300 957 καὶ
2315 903 2463 959 ἄλλοι
2488 907 2602 977 ὅροι
2634 909 2931 982 ἱερωσύνης
2956 927 2970 942 ·
3002 911 3117 965 ἀλλ’
3151 911 3289 984 αὕτη
3317 914 3518 983 μείζων
3548 915 3789 982 ἐκείνης.

2206 987 2282 1041 Ού
2343 987 2452 1058 γὰρ
2507 990 2615 1044 61:6
2664 993 2773 1046 τῶν
2820 994 3155 1066 φαινομένων
3201 997 3450 1064 φαίνεται
3501 996 3790 1066 βασιλεὺς,

2204 1073 2327 1125 οὐδὲ
2385 1073 2492 1126 ἀπὸ
2537 1075 2645 1128 τῶν
2694 1079 3061 1148 πεπηγμένων
3123 1079 3273 1150 αὐτῷ
3330 1079 3512 1143 λίθων,
3555 1081 3650 1132 καὶ
3712 1073 3793 1133 ὧν

2205 1155 2510 1226 περίκειται
2561 1158 2818 1228 χρυσίων,
2865 1161 3066 1229 ὀφείλει
3119 1162 3400 1231 κρίνεσθαι
3434 1163 3463 1215 6
3512 1161 3790 1232 βασιλεύς.

2205 1232 2370 1301 Οὗτος
2405 1239 2504 1310 μὲν
2542 1242 2650 1311 γὰρ
2681 1242 2748 1295 τά
2785 1243 2879 1296 ἐπὶ
2902 1245 3001 1315 τῆς
3026 1244 3131 1314 γῆς
3171 1245 3362 1315 ἔλαχεν
3387 1247 3686 1316 οἰκονομεῖν
3710 1262 3724 1276 ·
3759 1247 3795 1298 6

2203 1320 2261 1374 δὲ
2290 1321 2391 1391 τῆς
2431 1323 2728 1395 ἱερωσύνης
2760 1322 2959 1396 θεσμὸς
2986 1325 3100 1380 ἀνω
3132 1327 3389 1397 κάθηται.
3420 1328 3563 1382 Ὀσα
3597 1328 3662 1381 ἀν
3689 1326 3795 1396 ,δή-

2205 1420 2337 1474 σητε
2385 1404 2475 1457 ἐπὶ
2500 1409 2598 1476 τῆς
2625 1407 2760 1476 γῆς,
2794 1407 2946 1461 ἐσται
2974 1408 3231 1479 δεδεμένα
3255 1411 3311 1462 ἐν
3341 1410 3417 1479 τῷ
3449 1409 3678 1480 οὐρανῷ.
3726 1411 3793 1462 'U

2207 1484 2458 1555 βασιλεὺς
2485 1488 2553 1542 τά
2587 1489 2820 1544 ἐνταῦθα
2857 1490 3251 1557 πεπίστευται,
3278 1493 3389 1562 ἐγὼ
3421 1492 3490 1546 τὰ
3518 1495 3744 1564 οὐράνια
3773 1507 3789 1519 ·

2204 1567 2314 1634 ἐγὼ
2353 1569 2481 1622 ὅταν
2530 1570 2688 1638 εἴπω,
2729 1573 2818 1627 τὸν
2865 1574 3014 1645 ἱερέα
3059 1574 3222 1643 λέγω.
3278 1577 3371 1646 Μὴ
3412 1572 3526 1641 οὖν,
3572 1575 3636 1628 ἂν
3669 1574 3793 1645 ἴδῃς

2207 1651 2355 1722 ἱερέα
2400 1654 2615 1718 ἀνάξιον
2640 1695 2654 1720 ,
2695 1657 2793 1727 τήν
2840 1658 3137 1730 ἱερωσύνην
3192 1659 3446 1712 διάδαλε·
3486 1659 3547 1711 ού
3585 1656 3693 1727 γὰρ
3726 1657 3793 1709 τὸ

2204 1736 2437 1806 πρᾶγμα
2469 1736 2739 1793 διαϐαλεῖν
2767 1741 2874 1807 δεῖ,
2897 1741 3032 1794 ἀλλά
3074 1740 3165 1795 τδν
3195 1742 3382 1805 κακῶς
3406 1742 3482 1812 τῷ
3511 1741 3658 1810 καλῷ
3691 1757 3790 1792 κε-

2204 1813 2476 1884 χρημένον
2495 1831 2512 1850 ο
2541 1816 2663 1870 ἐπεὶ
2687 1819 2781 1871 καὶ
2806 1819 2835 1871 6
2876 1819 3073 1883 Ἰούδας
3101 1821 3369 1890 προδότης
3396 1821 3631 1887 ἐγένετο,
3666 1818 3791 1872 ἀλλ’

2203 1898 2266 1950 ού
2299 1899 2599 1970 κατηγορία
2621 1900 2720 1967 τῆς
2746 1901 3052 1972 ἀποστολῆς
3073 1902 3248 1965 τοῦτο,
3277 1903 3412 1957 ἀλλά
3445 1902 3544 1971 τῆς
3574 1901 3791 1954 ἐκείνου

2205 1980 2460 2052 γνώμης·
2488 1983 2549 2038 οὐ
2580 1986 2642 2038 τὸ
2663 1985 2912 2059 ἔγκλημα
2935 1987 3032 2058 τῆς
3061 1986 3392 2059 ἱερωσύνης,
3427 1985 3560 2040 ἀλλά
3593 1984 3654 2038 τδ
3681 2002 3792 2038 κα-

2205 2063 2301 2118 κὸν
2329 2066 2426 2136 τῆς
2450 2068 2694 2139 γνώμης.

2274 2154 2334 2202 ε’.
2367 2147 2475 2203 Καὶ
2509 2150 2572 2204 σὺ
2606 2151 2782 2206 τοίνυν
2820 2153 2894 2224 μή
2926 2151 3022 2223 τήν
3051 2150 3349 2223 ἱερωσύνην
3373 2150 3613 2216 διάϐαλε,
3651 2149 3795 2204 ἀλλά

2210 2234 2295 2288 τὸν
2353 2234 2500 2304 ἱερέα
2545 2240 2636 2289 τὸν
2686 2235 2870 2300 κακῶς
2896 2235 2974 2308 τῷ
3017 2235 3168 2306 καλῷ
3211 2236 3567 2307 κεχρημένον.
3634 2235 3792 2288 Ἐπεὶ

2204 2317 2331 2370 ὅταν
2386 2317 2468 2370 σοί
2512 2335 2596 2383 τις
2642 2319 2978 2388 διαλέγηται,
3022 2320 3118 2374 καὶ
3148 2319 3302 2390 λέγῃ,
3323 2315 3474 2382 Εἶδες
3511 2317 3657 2370 τόνδε
3695 2316 3792 2370 τὸν

2205 2401 2527 2471 Χριστιανόν
2552 2417 2566 2468 ;
2597 2401 2738 2466 εἰπὲ,
2769 2402 2904 2456 Ἀλλ’
2922 2403 3107 2474 ὲγώού
3141 2403 3268 2474 περὶ
3291 2400 3618 2471 προσώπων,
3652 2400 3793 2453 ἀλλὰ

2208 2484 2333 2555 περὶ
2357 2484 2692 2555 πραγμάτων
2722 2502 2804 2538 σοι
2840 2485 3178 2557 διαλέγομαι.
3227 2485 3380 2539 Ἐπεὶ
3413 2483 3565 2538 πόσοι
3612 2481 3792 2552 ἰατροὶ

2204 2567 2387 2638 δήμιοι
2421 2568 2688 2635 ἐγένοντο,
2732 2568 2824 2622 καὶ
2856 2568 3154 2640 δηλητήρια
3181 2567 3474 2621 δεδώκασιν
3497 2565 3617 2619 ἀντὶ
3649 2581 3794 2632 φαρ-

2209 2651 2434 2718 μάκων;
2478 2650 2616 2703 Ἀλλ’
2640 2651 2698 2704 ού
2725 2649 2823 2723 τήν
2847 2651 3039 2722 τέχνην
3071 2650 3358 2712 διαϐάλλω,
3395 2649 3529 2702 ἀλλά
3568 2649 3657 2701 τὸν
3684 2665 3789 2701 κα-

2205 2733 2316 2797 κῶς
2355 2735 2422 2805 τῇ
2461 2733 2625 2805 τέχνῃ
2669 2734 3031 2804 χρησάμενον.
3079 2734 3241 2787 Πόσοι
3280 2732 3472 2786 ναῦται
3521 2731 3791 2785 κατεπόν-

2204 2834 2360 2871 τισαν
2413 2817 2605 2882 πλοῖα;
2653 2817 2790 2871 Ἀλλ’
2841 2819 2940 2888 ούχ
2987 2818 3020 2889 ή
3073 2817 3340 2882 ναυτιλὶα,
3397 2816 3510 2869 ἀλλ’
3561 2818 3595 2884 ή
3640 2814 3792 2882 κακὴ

2203 2899 2395 2970 γνώμη
2431 2901 2672 2955 ἐκείνων.
2714 2900 2830 2954 Κᾶν
2863 2896 2898 2973 ᾖ
2935 2900 3259 2971 Χριστιανὸς
3307 2899 3534 2969 φαῦλος,
3582 2897 3657 2967 μή
3690 2894 3790 2947 τοῦ

2204 2984 2473 3054 δόγματος
2517 2983 2811 3053 κατηγόρει
2853 2983 2946 3035 καὶ⁵
3000 2983 3099 3053 τῆς
3149 2981 3468 3053 ἱερωσύνης,
3519 2979 3655 3033 ἀλλά
3695 2978 3794 3030 τὸν

2205 3065 2388 3130 κακῶς
2424 3065 2502 3135 τῷ
2544 3067 2692 3137 καλῷ
2733 3065 3090 3137 κεχρημένον.
3160 3067 3219 3120 Ὀ
3269 3065 3519 3135 βασιλεὺς
3561 3062 3793 3131 σώματα

2207 3148 2614 3220 ἐμπιστεύεται,
2641 3152 2668 3204 6
2690 3149 2746 3203 δὲ
2781 3151 2956 3222 ἱερεὺς
2984 3150 3160 3220 ψυχάς
3183 3164 3198 3181 ⁶
3253 3151 3281 3202 6
3314 3147 3564 3219 βασιλεὺς
3592 3144 3794 3198 λοιπά-

2204 3234 2299 3297 δας
2320 3232 2616 3304 χρημάτων
2643 3231 2884 3302 ἀφίησιν,
2911 3234 2938 3284 6
2960 3233 3014 3286 δὲ
3049 3232 3227 3302 ἱερεὺς
3253 3231 3511 3291 λοιπάδας
3535 3229 3794 3299 ἁμαρτη-

2210 3315 2391 3388 μάτων
2408 3332 2423 3347 °
2452 3317 2657 3378 ἐκεῖνος
2681 3315 2998 3384 ἀναγκάζει,
3027 3306 3183 3377 οὗτος
3207 3313 3515 3384 παρακαλεῖ
3537 3327 3551 3342 ⁶
3585 3314 3795 3373 ἐκεῖνος

2205 3399 2440 3470 ἀνάγκῃ,
2487 3389 2641 3462 οὗτος
2675 3397 2899 3470 γνώμῃο
2951 3399 3156 3461 ἐκεῖνος
3185 3395 3324 3450 ὅπλα
3373 3395 3485 3466 ἔχει
3532 3392 3792 3462 αἱσθητά,

2205 3476 2357 3547 οὗτος
2369 3481 2508 3536 ὅπλα
2538 3481 2911 3550 πνευματικά·
2943 3481 3146 3542 ἐκεῖνος
3175 3479 3402 3548 πολεμεῖ
3427 3476 3562 3548 πρὸς
3594 3476 3801 3545 βαρϐά-

2209 3584 2356 3640 ρους,
2395 3566 2518 3635 ἐμοὶ.
2560 3565 2792 3635 πόλεμος
2819 3562 2954 3634 πρὸς
2994 3563 3272 3632 δαίμονας.
3319 3561 3536 3624 Μείξων
3573 3560 3607 3629 ή
3651 3557 3798 3628 ἀρχὴ

2208 3650 2345 3720 αὕτη
2371 3667 2384 3680 ·
2427 3647 2516 3701 διά
2537 3645 2697 3700 τοῦτο
2723 3648 2752 3700 6
2778 3644 3028 3715 βασιλεὺς
3054 3646 3154 3715 τὴν
3191 3643 3430 3712 κεφαλὴν
3463 3641 3568 3694 ὑπὸ
3606 3643 3798 3712 χεῖρας

2207 3731 2302 3785 τοῦ
2336 3730 2523 3802 ἱερέως
2547 3731 2690 3795 ἄγει,
2737 3729 2832 3782 καὶ
2857 3726 3132 3798 πανταχοῦ
3170 3729 3228 3781 ἐν
3260 3729 3328 3797 τῇ
3376 3725 3591 3796 Παλαιᾷ
3629 3725 3799 3794 ἱερεῖς

2211 3815 2462 3887 βασιλέας
2502 3813 2705 3884 ἔχριον.
2765 3811 2904 3865 Ἀλλ’
2947 3813 2978 3864 6
3025 3809 3277 3880 βασιλεὺς
3321 3811 3530 3871 ἐκεῖνος
3562 3806 3632 3860 τά
3687 3805 3800 3860 ἴδια

2212 3900 2511 3970 σκάμματα
2547 3895 2815 3967 ὑπερόἀς,
2861 3894 2954 3948 καὶ
2999 3895 3062 3948 :6
3115 3893 3316 3964 μέτρον
3364 3893 3461 3962 τῆς
3516 3889 3797 3960 βασιλείας

2210 3982 2568 4051 διαπηδήσας,
2588 3978 2738 4051 [128]
2754 3979 3064 4048 προσθεῖναι
3079 3976 3422 4047 ἐπεχείρησε,
3441 3974 3534 4027 καὶ
3549 3971 3802 4042 εἱσῆλθεν

2214 4064 2294 4128 εἱς
2317 4064 2378 4117 :6
2402 4063 2547 4134 ἱερὸν
2579 4063 2719 4133 μετά
2747 4061 3050 4124 αύθεντίας,
3080 4060 3344 4129 θυμιᾶσαι
3369 4056 3558 4111 θέλων.
3599 4055 3665 4108 Τί
3705 4051 3802 4108 οὖν

2212 4149 2244 4201 6
2291 4146 2508 4214 ἱερεύς;
2564 4144 2679 4197 υύκ
2730 4142 2905 4208 ἔξεστί
2950 4159 3054 4209 σοι,
3098 4142 3271 4206 Ὀζία,
3322 4140 3604 4209 θυμιᾶσαι.
3657 4139 3802 4207 Ὅροι

2217 4229 2546 4300 παρρησίαν,
2590 4226 2842 4298 φρόνημα
2891 4225 3212 4288 ἀδούλωτον,
3269 4223 3521 4293 γλῶσσαν
3567 4220 3800 4292 ούρανοῦ

2217 4311 2551 4382 ἁπτομένην,
2611 4307 2924 4379 ἐλευθερίαν
2987 4309 3287 4378 ἀχείρωτον
3309 4346 3324 4368 ,
3387 4303 3680 4370 ἀνθρώπου
3738 4303 3803 4354 :6

2217 4396 2398 4464 σῶμα,
2432 4394 2526 4446 καὶ
2557 4392 2789 4459 ἀγγέλου
2832 4391 2895 4443 τὸ
2943 4390 3217 4461 φρόνημα,
3263 4388 3436 4458 χαμαὶ
3495 4385 3800 4455 βαδίζοντα,

2219 4478 2312 4531 καὶ
2339 4478 2398 4528 ἐν
2431 4473 2644 4544 οὐρανῷ
2673 4473 3105 4542 πολιτευόμενον.
3139 4467 3259 4523 Εἷδε
3294 4471 3386 4522 τὸν
3417 4468 3664 4538 βασιλέα,
3707 4468 3802 4520 καὶ

2218 4563 2321 4615 οὐκ
2349 4557 2459 4613 εἶδε
2481 4558 2581 4628 τὴν
2617 4554 2929 4628 πορφύρανο
2989 4551 3095 4606 εἶδε
3140 4553 3234 4606 τὸν
3272 4552 3516 4622 βασιλέα,
3564 4550 3659 4602 καὶ
3701 4550 3803 4602 οὐκ

2220 4640 2327 4697 εἶδε
2357 4640 2422 4694 :6
2445 4640 2705 4709 διάδημα.
2746 4639 2841 4708 Μή
2894 4653 2984 4706 μοι
3010 4636 3136 4702 λέγε
3175 4636 3276 4704 τήν
3325 4632 3620 4702 βασιλείαν,
3665 4632 3802 4683 ὅπου

2221 4724 2555 4796 παρανομία.
2613 4724 2736 4776 Οὐκ
2780 4721 2986 4785 ἔξεστί
3031 4733 3153 4780 σοι,
3191 4716 3478 4781 βασιλεῦ,
3517 4714 3803 4782 θυμιᾶσαι

2221 4813 2310 4875 εἱς
2337 4809 2411 4862 τὰ
2437 4808 2574 4877 ἅγια
2598 4806 2718 4859 τῶν
2742 4805 2958 4874 ἀγίωτυ
2980 4802 3330 4874 ύπερὸαίνεις
3369 4801 3439 4853 τά
3479 4800 3800 4869 σκάμματα,

2223 4894 2292 4948 τά
2315 4894 2390 4963 μὴ
2415 4891 2671 4961 δεδομένα
2697 4889 2879 4955 ζητεῖς
2902 4904 2918 4918 ο
2956 4887 3046 4940 διὰ
3066 4885 3224 4938 τοῦτο
3253 4884 3346 4938 καὶ
3374 4884 3410 4937 ἃ
3442 4882 3633 4945 ἔλαϐες
3666 4883 3801 4935 61:0-

2222 4979 2354 5040 λεῖς,
2403 4975 2519 5028 Οὐκ
2559 4971 2737 5038 ἐξεστί
2786 4988 2869 5022 σοι
2897 4969 3182 5039 θυμιᾶσαι,
3218 4966 3351 5020 ἀλλά
3389 4969 3502 5030 τοῖς
3544 4965 3800 5036 ἱερεῦσιν.

2226 5075 2342 5128 οὔκ
2365 5071 2480 5124 ἐστι
2513 5069 2605 5122 σὺν
2637 5068 2817 5127 τοῦτο,
2846 5064 2961 5116 ἀλλ’
2996 5062 3147 5132 ἐμόν.
3184 5061 3278 5131 Μὴ
3300 5059 3528 5132 ἦρπασά
3561 5075 3658 5110 σου
3703 5054 3806 5126 τήν

2228 5153 2561 5224 πορφυρίδα;
2618 5147 2712 5219 Μὴ
2744 5146 2997 5218 ἀρπάσης
3039 5161 3142 5215 μου
3169 5144 3270 5214 τὴν
3302 5142 3645 5224 ἱερωσύνηνη
3680 5141 3804 5224 θύ-Ωί

2231 5221 2433 5302 εξὲάτὶ
2473 5249 2573 5288 σοι
2620 5230 2925 5300 θυμιᾶσαι,
2963 5228 3100 5282 ἀλλ’
3125 5227 3165 5294 ἢ
3208 5225 3334 5291 τοῖς
3369 5224 3589 5292 ἱερεῦσι
3627 5223 3648 5260 ί
3681 5221 3804 5286 τοῖς

2227 5321 2380 5386 υἱοῖς
2416 5314 2648 5385 Ἀαρών.
2690 5311 2845 5367 Μετά
2879 5310 3047 5363 πολὺν
3073 5309 3286 5380 χρόνον,
3325 5306 3459 5378 μετά
3492 5306 3591 5386 τήν
3617 5303 3806 5356 τελευ-

2227 5407 2325 5476 τὴν
2360 5385 2579 5472 ν’Δαρὼν
2597 5396 2756 5452 τοῦτο
2795 5394 3026 5462 ἐγένετο.
3056 5394 3166 5447 K61
3189 5392 3278 5445 διά
3307 5391 3360 5443 τί
3386 5391 3485 5442 οὐκ
3511 5385 3654 5450 εἷπε,
3681 5387 3807 5448 Τοῖς

2231 5469 2456 5558 ἱερεῦσι,
2472 5469 2669 5553 μόνον,
2736 5479 2850 5532 ἀλλ’
2880 5476 3249 5546 ἐμνημόνευσε
3304 5472 3397 5558 καὶ
3437 5470 3531 5523 τοῦ
3567 5469 3805 5558 πατρός

2228 5553 2434 5642 Συνέϐη
2484 5568 2543 5620 ὲν
2586 5564 2780 5634 ἐκείνῳ
2813 5560 2890 5632 τῷ
2928 5561 3105 5633 χρόνῳ
3142 5557 3380 5613 τοιοῦτόν
3428 5573 3480 5609 τι
3533 5553 3804 5642 ’γενέσθαιζ

2229 5636 2548 5720 Δαθάν-γάρ
2573 5649 2667 5703 καὶ
2704 5644 2964 5716 Ἀϐειρὼν
2992 5645 3090 5697 καὶ
3109 5643 3252 5711 Κορὲ
3283 5636 3760 5720 κατεπανέστησαν
3780 5637 3810 5675 5

2227 5738 2320 5791 τοῦ
2373 5715 2581 5804 Ἀάάῦν
2604 5750 2618 5762 “
2667 5715 2890 5800 ὴνοίχθή
2924 5730 2958 5797 ἡ
2987 5726 3080 5796 γῆ,
3138 5724 3233 5778 καὶ
3260 5721 3520 5775 κατέπιεν
3560 5715 3753 5779 αὐτούς
3788 5735 3804 5749 ο

2291 5840 2310 5878 ί
2328 5839 2459 5888 Hm.
2483 5837 2580 5890 τοῖς
2603 5832 2794 5891 ἱερεῦσι,
2834 5832 3039 5880 deerant
3073 5826 3354 5891 mnum-el,
3374 5823 3463 5870 sed
3494 5820 3808 5891 habentur-ign

2291 5849 2306 5878 '
2328 5849 2459 5888 ηωο.
2483 5853 2580 5890 τοις
2603 5849 2640 5882 ιε
2673 5850 2794 5891 ευσι,
2834 5849 3039 5880 ueeram
3076 5849 3122 5875 In
3159 5849 3354 5881 mort-1.,
3374 5849 3462 5870 acu
3497 5849 3726 5871 naucutuu
3758 5849 3807 5868 ul

2224 5900 2374 5951 Sasil.
2419 5901 2470 5947 in
2511 5849 2834 5956 omnigusque
2875 5889 3270 5952 exemplaribus,
3320 5888 3546 5946 lectaque
3586 5891 3700 5936 sum
3746 5883 3807 5933 ab

2226 5964 2441 6014 Erasmo.

2288 6027 2317 6066 δ
2339 6023 2450 6074 Duo
2469 6033 2584 6070 mss.
2609 6017 3007 6082 ύπεράνὲστησαν.
