4048 6464
260 427 373 482 125

258 529 398 584 enim
430 529 730 598 arrogantia
757 527 905 597 pejus
930 545 941 580 :
969 526 1087 582 ideo
1118 536 1286 580 totum
1314 540 1619 581 sermonem
1648 525 1699 578 in
1740 524 1840 580 hoc

260 619 370 673 heri
399 618 848 687 consumpsimus,
867 617 1167 687 superbiam
1198 616 1554 680 eliminantes,
1585 624 1638 669 et
1663 613 1839 668 humi-

260 707 463 762 litatem
503 707 777 763 docentes.

328 800 381 854 ι.
428 799 705 853 Humilitas
729 811 970 869 quantum
997 801 1199 854 bonum.
1226 799 1291 852 In
1313 810 1461 870 portu
1491 800 1836 870 naufragium.

264 887 349 942 Vis
368 888 458 942 tibi
482 889 654 944 dicam
678 900 931 959 quantum
956 892 1148 945 bonum
1179 891 1247 943 sit
1276 890 1566 955 humilitas,
1591 898 1644 944 et
1666 906 1837 959 quan-

258 989 367 1033 tum
397 980 597 1035 malum
626 982 968 1051 arrogantia?
1016 982 1273 1035 Peccator
1314 982 1513 1049 justum
1546 982 1835 1049 superavit,

257 1072 570 1139 publicanus
583 1072 928 1135 Pharisazum,
948 1082 1001 1126 et
1022 1072 1181 1127 verba
1200 1071 1351 1126 factis
1373 1070 1521 1126 fuere
1542 1072 1835 1139 superiora.

255 1164 536 1231 Quomodo
554 1163 712 1218 verba
733 1164 756 1217 ?
783 1163 1103 1217 Publicanus
1120 1162 1252 1221 dicit
1272 1182 1285 1219 :
1306 1164 1465 1226 Deus,
1478 1162 1724 1231 prapitius
1736 1171 1838 1216 esto

256 1258 378 1310 mihi
408 1257 679 1326 peccatori.
712 1256 1010 1310 Pharisaeus
1037 1255 1165 1309 dicit
1192 1273 1204 1308 :
1231 1254 1351 1308 Non
1380 1270 1492 1307 sum
1511 1256 1639 1309 sicut
1665 1254 1837 1307 creteri

257 1349 501 1411 homines,
537 1356 737 1415 raptor,
771 1355 863 1399 aut
901 1361 1112 1400 avarus.
1145 1344 1249 1400 Sed
1278 1344 1402 1415 quid
1427 1345 1449 1397 *ἓ
1476 1344 1665 1413 Jejuno
1690 1344 1764 1397 bis
1783 1344 1838 1396 in

252 1444 481 1509 sabbato,
509 1442 727 1494 decimas
757 1441 822 1494 do
843 1441 903 1493 de
930 1440 1254 1509 facultatibus
1284 1442 1406 1492 meis
1438 1437 1592 1507 (Luc.
1625 1437 1717 1491 18.
1744 1437 1832 1491 15.

258 1539 340 1589 Η.
366 1536 434 1589 12
454 1538 493 1602 ).
526 1534 824 1588 Phariszcus
852 1548 1013 1601 epera
1044 1532 1255 1599 iustitia:
1279 1530 1567 1599 praestabat
1598 1547 1610 1583 :
1648 1528 1826 1597 publi-

252 1642 416 1680 canus
448 1626 605 1680 verba
634 1625 843 1680 dicebat
862 1623 1199 1686 humilitatis,
1230 1631 1283 1675 et
1312 1620 1473 1674 verba
1499 1619 1616 1688 plus
1648 1627 1836 1689 potue-

255 1728 376 1772 runt
396 1732 555 1786 quam
582 1717 741 1780 facta,
778 1726 1056 1784 tantusque
1089 1713 1368 1767 thesaurus
1389 1708 1703 1763 exsufﬂatus
1725 1716 1828 1773 est,

253 1820 306 1865 ct
334 1820 474 1863 tanta
508 1810 682 1879 inepia
706 1809 756 1861 in
788 1808 996 1862 divitias
1019 1813 1369 1859 commutata.
1404 1803 1677 1857 Venerunt
1717 1801 1837 1855 dure

252 1918 418 1956 naves
447 1901 700 1955 habentes
724 1914 891 1961 unus;
922 1897 1093 1951 ambae
1145 1906 1355 1965 portum
1395 1895 1646 1963 ingressae
1672 1901 1833 1955 sunt;

250 1993 343 2048 sed
394 1993 703 2061 publicanus
744 1989 962 2058 pulchre
1008 1990 1060 2042 in
1108 1998 1316 2057 portum
1365 1985 1607 2053 appulit,
1644 1985 1829 2038 Phari-

249 2098 390 2137 s:cus
430 2094 611 2137 autem
640 2080 971 2147 naufragium
1000 2092 1285 2148 perpessus
1328 2085 1446 2140 est,
1496 2084 1550 2128 ut
1575 2074 1831 2137 disceres,

248 2187 507 2244 quantum
556 2173 677 2225 mali
708 2173 776 2225 sit
796 2171 956 2224 animi
990 2180 1185 2222 tumor.
1214 2168 1396 2222 Justus
1424 2182 1483 2221 es
1506 2165 1527 2218 ?
1550 2165 1626 2219 Nc
1653 2164 1833 2233 depri-

250 2282 364 2319 mas
396 2268 612 2319 fratrem
665 2274 833 2317 tmnn.
883 2263 1067 2316 Flores
1098 2274 1241 2315 recte
1275 2259 1471 2313 factis?
1518 2258 1594 2312 Ne
1639 2257 1831 2327 probra

245 2358 409 2425 jacias
470 2358 521 2409 in
587 2355 925 2423 proximum,
984 2362 1204 2420 tuasque
1270 2349 1454 2404 laudes
1515 2348 1828 2417 comprime.

247 2450 461 2516 Quanto
489 2448 660 2515 major
686 2462 762 2509 es,
795 2454 940 2499 tanto
982 2445 1149 2513 magis
1175 2443 1417 2512 deprime
1460 2441 1709 2510 tcipsum.
1738 2442 1830 2495 At-

246 2541 402 2596 tende
426 2539 567 2607 quod
598 2538 791 2593 dicitur
814 2580 830 2605 ,
862 2538 1159 2591 carissime.
1206 2534 1563 2604 Magisjnstus
1592 2541 1830 2586 metuere

244 2634 403 2688 debet
447 2631 803 2700 arrogantiam
857 2644 1013 2698 quam
1058 2637 1306 2696 peccator
1353 2626 1497 2679 :hoc
1540 2624 1653 2679 heri
1683 2624 1825 2678 dice-

243 2726 385 2787 bam,
428 2732 483 2777 et
518 2722 675 2776 hodie
700 2721 820 2775 dico
849 2729 1064 2789 propter
1089 2733 1182 2773 eos
1211 2719 1299 2787 qui
1332 2717 1444 2771 heri
1476 2717 1721 2782 aberant,
1758 2730 1823 2770 eo

241 2814 384 2884 quod
436 2822 683 2881 peccator
724 2811 916 2865 habeat
962 2808 1344 2864 conscientiam
1396 2823 1459 2861 ex
1510 2808 1828 2860 necessitate

242 2906 501 2960 humilem
546 2921 559 2958 :
608 2904 780 2973 justus
828 2913 1003 2956 autem
1061 2902 1131 2955 ob
1188 2899 1463 2954 benefacta
1517 2898 1823 2953 extollatur.

238 2993 700 3064 Quemadmodum
736 2993 893 3063 igitur
923 2992 981 3046 lit
1006 2990 1057 3045 in
1072 2989 1317 3060 navigiis,
1344 2987 1433 3057 qui
1457 3003 1680 3043 vacuam
1710 2988 1807 3040 ha-

240 3091 366 3142 bent
386 3102 577 3142 navem
603 3126 617 3151 ,
659 3098 762 3137 non
794 3090 1035 3138 metuunt
1064 3080 1356 3150 piratarum
1383 3078 1637 3132 insultum
1668 3095 1681 3130 :
1713 3092 1822 3132 non

237 3181 381 3234 enim
420 3178 641 3232 veniunt
688 3184 745 3229 ut
786 3181 1067 3228 conteram
1094 3185 1282 3224 navem
1334 3168 1465 3222 nihil
1495 3167 1775 3222 vehentem
1807 3183 1820 3219 :

236 3281 291 3325 at
321 3271 355 3323 ii
402 3268 491 3337 qui
522 3281 710 3320 navem
737 3264 933 3318 habent
962 3271 1211 3316 onustam
1241 3300 1256 3325 ,
1288 3266 1533 3314 metuunt
1564 3258 1762 3328 piratas
1800 3276 1813 3312 :

238 3378 359 3416 nam
396 3361 561 3430 pirata
590 3359 713 3412 illuc
740 3362 1011 3427 preperat,
1043 3354 1131 3408 ubi
1161 3368 1371 3416 aurum,
1395 3352 1482 3405 ubi
1506 3358 1811 3419 argentum,

242 3455 330 3507 ubi
369 3452 571 3521 lapides
602 3449 817 3518 pretiosi
847 3466 859 3501 :
890 3448 968 3501 sic
1006 3457 1064 3500 et
1092 3443 1336 3499 diabolus
1368 3457 1474 3496 non
1520 3442 1675 3496 facile
1699 3456 1824 3510 pec-

234 3556 475 3600 catorcm
514 3541 834 3611 aggreditur,
885 3538 979 3593 sed
1020 3538 1223 3607 justum
1267 3535 1464 3606 potius,
1511 3532 1600 3587 ubi
1642 3533 1823 3587 multa:

237 3645 361 3690 sunt
389 3649 542 3702 epes.
585 3633 842 3699 Quoniam
874 3644 1018 3698 saepe
1043 3625 1347 3697 arrogantia
1369 3641 1433 3680 ex
1464 3624 1675 3679 insidiis
1704 3625 1822 3679 dia-

238 3727 340 3779 buli
368 3725 561 3788 oritur,
584 3720 902 3790 vigilandum
933 3730 1014 3774 est
1045 3719 1082 3772 ί.
1116 3717 1325 3785 Quanto
1355 3716 1527 3781 major
1558 3729 1638 3781 es,
1675 3725 1819 3767 tanto
1852 3763 1857 3771 ,

237 3818 405 3885 magis
448 3813 687 3883 deprime
730 3811 975 3879 tcipsum.
1009 3809 1140 3862 Cum
1177 3806 1484 3859 ascenderis
1525 3804 1579 3856 in
1620 3805 1819 3868 altum,

234 3922 369 3975 opus
396 3915 479 3959 est
509 3913 565 3958 ut
605 3902 695 3957 tibi
725 3901 1016 3971 prospicias
1058 3914 1123 3952 ne
1166 3897 1346 3952 cadas.
1376 3896 1734 3962 Quamobrem
1765 3906 1818 3949 et

239 3998 494 4052 Dominus
528 4004 710 4049 noster
760 3993 890 4047 dicit
940 4010 953 4045 :
992 3990 1119 4045 Cum
1161 3990 1330 4042 omnia
1358 3989 1596 4059 feceritis,
1622 3988 1769 4041 dicite
1803 4004 1820 4039 :

238 4090 454 4142 Inutiles
507 4087 633 4140 servi
681 4102 850 4139 sumus
911 4083 1061 4153 (Luc.
1114 4083 1201 4135 17.
1249 4081 1373 4150 10).
1425 4080 1561 4147 Quid
1614 4081 1819 4134 ell'erris

234 4184 413 4237 animo
442 4195 563 4235 cmn
605 4179 679 4232 sis
707 4178 885 4241 homo,
914 4185 1171 4245 cognatus
1201 4184 1356 4228 terra:
1379 4214 1393 4238 ,
1427 4174 1665 4241 ejusdem
1696 4173 1821 4226 sub-

233 4271 446 4327 stantiae
486 4284 606 4323 cum
636 4269 837 4330 cinere,
889 4275 996 4318 tum
1050 4274 1257 4323 natura,
1300 4272 1409 4316 tum
1455 4262 1656 4327 animo,
1708 4272 1817 4315 tum

233 4364 503 4417 actionum
552 4358 802 4413 delectu?
847 4356 1015 4411 Hodie
1044 4354 1214 4420 dives,
1244 4369 1361 4408 cras
1396 4368 1624 4422 pauper;
1660 4353 1819 4406 hodie

232 4471 418 4518 sanas,
452 4468 570 4507 cras
599 4460 863 4520 aegrotus;
898 4447 1056 4502 hodie
1086 4446 1308 4516 gaudes,
1342 4461 1463 4499 cras
1490 4443 1642 4498 doles
1670 4460 1684 4508 ;
1720 4442 1817 4497 h0-

232 4547 318 4601 die
350 4547 402 4598 in
433 4543 620 4613 gloria,
654 4555 775 4593 cras
803 4540 855 4591 in
880 4538 1169 4607 ignominia
1197 4554 1209 4597 ;
1248 4533 1661 4603 hmliejuvenis,
1692 4548 1811 4587 cras

230 4650 417 4691 senex.
446 4633 580 4687 Num
627 4629 825 4699 aliquid
872 4630 922 4681 in
970 4628 1131 4682 rebus
1160 4626 1405 4679 humanis
1456 4624 1821 4686 consistit,ac

231 4743 335 4782 non
364 4726 539 4795 potius
578 4722 815 4777 amnium
848 4718 1327 4789 prmterlluentium
1356 4731 1571 4770 cursum
1606 4714 1819 4768 imitan-

230 4833 316 4873 tur
345 4816 525 4872 omnia
549 4816 570 4867 ?
598 4813 728 4867 Nam
758 4810 913 4865 simul
937 4820 1096 4878 atque
1118 4815 1499 4876 apparuerunt,
1531 4806 1688 4859 citius
1716 4818 1816 4857 nos

228 4928 390 4981 quam
440 4907 629 4963 umbra
676 4905 1006 4972 relinquunt.
1065 4901 1201 4966 Quid
1247 4900 1403 4968 igitur
1444 4899 1611 4953 altum
1652 4897 1815 4965 sapis,

230 5006 409 5067 homo,
463 5000 637 5054 fumus
669 5006 722 5052 et
746 4994 999 5050 vanitas?
1030 4993 1194 5046 Homo
1221 4993 1360 5046 enim
1388 4991 1599 5043 vanitati
1641 4990 1818 5043 similis

232 5101 398 5165 [nctus
445 5101 520 5147 est
567 5089 738 5159 (Psal.
783 5088 906 5141 HS.
966 5087 1056 5153 4).
1118 5084 1284 5138 Veluti
1314 5089 1501 5154 [mnum
1554 5083 1660 5137 dies
1710 5084 1819 5147 eius

228 5186 397 5252 (Psal.
433 5182 555 5238 102.
588 5181 696 5245 15).
730 5178 942 5231 Exaruit
972 5193 1199 5246 gramen,
1241 5187 1290 5229 et
1332 5177 1428 5244 ﬂos
1481 5177 1589 5242 ejus
1635 5175 1820 5227 decidit

225 5285 240 5348 (
280 5280 406 5334 Isai.
442 5277 529 5333 to.
565 5275 659 5343 3).

298 5372 408 5424 Rex
456 5365 729 5421 sacerdotis
775 5379 875 5415 non
924 5377 1169 5430 usurpare
1215 5359 1354 5413 debet
1390 5359 1704 5428 dignitatem.
1749 5386 1819 5397 ——

228 5464 352 5517 llaec
382 5461 502 5513 dico
531 5473 633 5511 non
664 5466 720 5508 ut
750 5452 1099 5507 substantiam
1119 5451 1437 5520 deprimam,
1462 5449 1554 5502 sed
1584 5457 1640 5500 ut
1669 5461 1817 5499 arro-

225 5553 459 5624 gantiam
491 5549 779 5603 refrencm.
810 5544 1017 5613 Alioqui
1052 5554 1104 5596 et
1125 5558 1310 5611 magna
1342 5557 1425 5595 res
1446 5551 1522 5595 est
1558 5541 1738 5602 homo,
1766 5550 1820 5593 et

228 5646 457 5714 pretiosa
505 5656 592 5695 res
636 5641 714 5693 vir
760 5638 1084 5693 misericors.
1132 5638 1328 5689 Verum
1374 5635 1459 5689 hic
1490 5636 1643 5689 Ozias
1695 5650 1815 5687 cum

288 5781 301 5808 ¹
344 5786 470 5825 t'nus
495 5775 565 5823 sic
590 5774 775 5821 habet:
812 5769 1041 5833 Quoniam
1080 5782 1143 5817 ea:
1183 5769 1461 5833 arrogantia
1498 5776 1696 5821 peccatu
1736 5782 1816 5817 mi-

225 5847 441 5899 st'untur,
472 5847 725 5899 propterea
752 5831 1048 5897 vigilandum
1075 5840 1160 5880 est.

1263 411 1324 465 IN
1369 412 1587 477 ILLUD,
1637 409 1767 464 VIDI
1814 410 2140 481 DOMINUM,
2186 412 2411 470 llOillL.
2458 414 2541 472 η’.

3430 426 3542 483 126

1951 538 2092 583 esset
2118 543 2213 583 rex
2238 528 2536 585 diademate
2564 532 2841 587 redimitus
2868 573 2882 596 ,
2912 533 3161 602 quoniam
3186 544 3300 587 erat
3334 534 3526 601 justus,

1948 618 2117 672 elatus
2151 627 2235 673 est
2273 622 2473 685 animo,
2503 631 2557 677 et
2595 623 2802 691 majore
2851 625 3037 693 Spiritu
3066 633 3327 693 concepto
3370 641 3529 695 quam

1942 723 2044 775 pro
2072 709 2327 779 dignitate
2352 753 2365 775 ,
2397 712 2667 781 ingressus
2707 722 2789 769 est
2817 714 3092 782 templum.
3141 716 3206 771 Et
3251 716 3376 787 quid
3404 717 3534 773 dicit

1946 798 2256 867 Scriptura?
2302 800 2568 872 Ingressus
2611 812 2684 858 est
2731 814 2905 857 sancta
2946 816 3267 871 sanctorum,
3325 806 3525 873 aitque,

1956 886 2081 942 Volo
2108 891 2311 945 adolere
2336 892 2595 947 incensum
2630 893 2721 962 (2.
2761 894 2941 949 Parui.
2974 895 3064 950 26.
3099 897 3166 952 16
3192 899 3231 967 ).
3266 897 3376 951 Rex
3407 914 3529 952 cum

1944 979 2034 1043 sit,
2064 980 2346 1036 sacerdotii
2378 982 2730 1052 principatum
2768 993 3004 1055 usurpat.
3042 985 3185 1050 Volo,
3217 987 3389 1056 inquit
3432 990 3530 1040 ad-

1945 1071 2080 1124 olere
2107 1072 2387 1141 incensum,
2415 1077 2536 1144 quia
2552 1076 2725 1145 justus
2751 1091 2893 1131 sum.
2918 1077 3025 1134 Sed
3057 1094 3211 1134 mane
3242 1080 3379 1134 intra
3412 1089 3532 1135 tuos

1945 1162 2202 1217 terminos
2227 1180 2240 1217 :
2272 1164 2359 1218 alii
2400 1175 2525 1219 sunt
2553 1168 2763 1221 termini
2787 1168 2958 1237 regni,
2987 1167 3074 1222 alii
3110 1170 3320 1224 termini
3348 1185 3530 1225 sacer-

1943 1251 2074 1307 dotii
2120 1271 2134 1308 :
2168 1270 2352 1309 verum
2382 1256 2485 1311 hoc
2524 1257 2613 1311 illo
2639 1259 2812 1328 majus
2839 1268 2940 1313 est.
2971 1259 3152 1330 Neque
3177 1262 3320 1317 enim
3352 1277 3417 1316 ex
3445 1262 3530 1317 his

1943 1358 2061 1413 quae
2104 1344 2350 1400 videntur
2394 1346 2479 1401 hic
2525 1348 2826 1403 declaratur
2866 1365 2959 1404 rex
2988 1391 3002 1413 ,
3030 1367 3204 1421 neque
3246 1367 3277 1406 e
3302 1357 3526 1423 gemmis

1944 1433 2018 1486 illi
2045 1434 2242 1502 afﬁxis,
2264 1453 2437 1507 neque
2457 1453 2522 1492 ex
2546 1454 2676 1494 auro
2697 1456 2804 1509 quo
2831 1443 3058 1495 amictus
3079 1450 3181 1508 est,
3212 1442 3369 1498 debet
3395 1446 3531 1498 aesti-

1943 1525 2075 1577 mari
2108 1540 2225 1580 rex.
2259 1525 2352 1582 llle
2397 1529 2613 1597 quidem
2654 1544 2715 1583 ea
2746 1547 2864 1600 qua:
2892 1541 3016 1585 sunt
3044 1534 3095 1585 in
3128 1534 3284 1587 terris
3310 1536 3529 1588 sortitus

1943 1624 2026 1669 est
2069 1616 2491 1673 administranda
2524 1637 2538 1674 :
2566 1630 2821 1675 caeterum
2843 1622 3126 1677 sacerdotii
3154 1623 3238 1689 jns
3281 1638 3312 1678 e
3342 1639 3527 1693 snper-

1945 1708 2026 1761 nis
2077 1707 2355 1764 descendit
2385 1729 2397 1765 :
2436 1711 2778 1779 Quatcumque
2796 1714 2930 1766 enim
2951 1715 3220 1785 ligaveritis
3240 1732 3390 1784 super
3417 1729 3519 1769 ter-

1940 1812 2079 1861 ram,
2110 1808 2254 1850 erunt
2283 1802 2440 1869 ligata
2469 1812 2514 1856 et
2538 1803 2590 1856 in
2613 1804 2736 1857 ctelo
2765 1804 2784 1873 (
2811 1803 2999 1858 Matth.
3030 1807 3115 1861 16.
3149 1807 3258 1877 19).
3295 1809 3423 1878 Regi
3453 1825 3513 1863 ea

1940 1900 2059 1954 qua:
2100 1886 2188 1944 hic
2224 1900 2369 1956 sunt,
2411 1893 2697 1948 commissa
2726 1902 2872 1960 sunt,
2901 1895 3032 1949 mihi
3084 1898 3319 1953 caelestia
3351 1917 3363 1952 :
3394 1901 3523 1954 mihi

1940 1992 2058 2029 cmn
2090 1977 2241 2043 dico,
2272 1982 2608 2039 sacerdotem
2651 1985 2911 2056 intelligo.
2947 1986 3129 2059 Itaque
3158 2005 3281 2045 cum
3325 1990 3525 2047 videris

1940 2068 2272 2124 sacerdotem
2325 2071 2633 2143 indignum,
2677 2091 2745 2131 ne
2796 2077 3043 2133 traducas
3101 2082 3458 2136 sacerdotium
3510 2101 3523 2136 :

1939 2174 2042 2212 non
2088 2162 2232 2216 enim
2284 2174 2493 2232 oportet
2548 2166 2805 2223 damnare
2860 2184 2985 2233 res,
3036 2170 3128 2225 sed
3166 2188 3287 2226 eum
3330 2176 3416 2243 qui
3470 2192 3526 2231 re

1938 2248 2075 2304 bona
2132 2252 2270 2307 male
2326 2255 2525 2322 utitur;
2570 2258 3000 2328 quandoquidem
3048 2271 3100 2316 et
3138 2262 3300 2318 Judas
3347 2268 3526 2335 prodi-

1940 2348 2022 2393 tor
2050 2339 2169 2405 fuit,
2192 2358 2379 2397 verum
2408 2361 2514 2400 non
2542 2347 2611 2401 ob
2644 2348 2693 2402 id
2720 2361 3003 2404 accusatur
3019 2353 3151 2405 ordo
3172 2356 3521 2423 apostolicus,

1936 2432 2029 2486 sed
2060 2434 2199 2488 illius
2223 2437 2434 2492 animus
2466 2453 2597 2494 :nec
2618 2441 2822 2497 crimen
2843 2454 2923 2497 est
2952 2445 3259 2512 sacerdotii,
3291 2448 3383 2502 sed
3413 2465 3524 2502 ma-

1938 2523 2042 2577 lmn
2072 2526 2253 2579 animi.

2004 2616 2058 2669 5.
2089 2616 2387 2672 Sacerdotes
2411 2621 2534 2674 mali
2553 2622 2889 2691 vituperandi,
2913 2640 3012 2677 non
3040 2627 3395 2681 sacerdotium.
3425 2629 3525 2683 Sn-

1933 2705 2191 2759 ccrdotum
2241 2710 2408 2780 major
2454 2712 2673 2781 dignitas
2709 2730 2862 2783 quam
2908 2718 3055 2785 regis.
3107 2716 3337 2771 Ilistoria
3387 2721 3519 2789 regis

1936 2793 2075 2848 Ozia:
2098 2798 2377 2868 peragitur.
2400 2830 2470 2840 —
2492 2801 2557 2855 Et
2586 2810 2640 2856 tu
2661 2804 2820 2873 igitur
2846 2821 2913 2859 ne
2935 2807 3288 2861 sacerdotium
3316 2809 3521 2877 vitupe~

1932 2901 2038 2952 res,
2082 2886 2175 2941 sed
2205 2889 2537 2945 sacerdotem
2577 2894 2716 2947 male
2762 2910 2822 2948 re
2850 2896 2987 2950 bona
3022 2906 3275 2952 utentem.
3308 2899 3516 2955 Etenim

1930 2980 1973 3032 si
2004 2981 2122 3049 quis
2153 2990 2326 3037 tecum
2354 2983 2605 3053 disputet,
2637 2986 2882 3057 dicatque
2915 3006 2927 3040 :
2966 2989 3151 3044 Vidisti
3182 2990 3329 3044 illum
3362 2992 3517 3045 Chri-

1930 3072 2197 3127 stianum?
2224 3076 2546 3143 respondeto
2572 3094 2587 3131 :
2618 3080 2686 3131 At
2704 3093 2803 3147 ego
2828 3096 2931 3133 non
2952 3080 3022 3135 de
3042 3083 3303 3150 personis,
3328 3084 3421 3137 sed
3453 3084 3519 3137 de

1930 3161 2089 3217 rebus
2120 3164 2210 3218 tibi
2236 3164 2444 3234 loquor.
2476 3167 2684 3236 Alioqui
2711 3179 2839 3238 quot
2868 3171 3057 3225 medici
3090 3170 3213 3226 facti
3245 3183 3367 3227 sunt
3395 3190 3515 3228 car-

1930 3252 2131 3321 niﬁces,
2166 3269 2230 3309 ac
2254 3270 2457 3311 venena
2488 3274 2582 3327 pro
2621 3259 2918 3328 pharmacis
2944 3260 3241 3317 dederunt?
3281 3263 3395 3318 Non
3438 3275 3520 3319 ta-

1929 3361 2050 3400 men
2083 3355 2250 3401 artem
2298 3348 2564 3419 vitupero,
2610 3349 2703 3404 sed
2742 3352 2881 3406 male
2928 3362 3162 3408 utentem
3203 3362 3338 3408 arte.
3381 3356 3525 3421 Quot

1929 3448 2105 3492 nautae
2147 3438 2287 3494 male
2332 3440 2706 3497 demerserunt
2748 3442 2954 3512 navigia
2971 3445 2997 3496 ἲ
3026 3443 3218 3498 Verum
3270 3461 3373 3499 non
3429 3461 3518 3499 ars

1930 3530 2209 3600 navigandi
2256 3530 2397 3585 mala
2436 3540 2535 3597 est,
2583 3532 2678 3586 sed
2725 3532 2897 3586 malus
2935 3532 3144 3587 illorum
3187 3534 3413 3589 animus.
3463 3537 3515 3589 Si

1926 3618 2257 3675 Christianus
2295 3619 2455 3675 fuerit
2471 3622 2768 3691 improbus,
2785 3640 2855 3679 ne
2871 3621 3289 3693 incusesdogma
3308 3639 3409 3677 nec
3429 3638 3483 3677 sa
3502 3656 3515 3662 -

1927 3708 2245 3773 cerdotium,
2277 3712 2371 3767 sed
2391 3724 2447 3764 re
2470 3707 2613 3763 bona
2636 3716 2882 3763 utentem
2913 3706 3071 3760 male.
3115 3705 3245 3776 Regi
3289 3721 3512 3775 corpora

1926 3800 2209 3853 commissa
2237 3806 2381 3864 sunt,
2414 3797 2675 3852 sacerdoti
2703 3801 2930 3863 animae;
2964 3813 3061 3853 rex
3090 3798 3301 3854 residua
3350 3815 3512 3868 pecu-

1927 3891 2133 3944 niarum
2160 3889 2402 3954 remittit,
2426 3889 2678 3944 sacerdos
2698 3897 2875 3944 autem
2900 3889 3109 3944 residua
3139 3900 3473 3959 peccatorum
3498 3910 3510 3945 :

1926 3982 2012 4034 ille
2051 3981 2212 4051 cogit,
2255 3980 2342 4035 hic
2367 3979 2721 4035 exhortatur:
2751 3980 2839 4034 ille
2867 3982 3205 4045 necessitate,
3251 3981 3337 4035 hic
3382 3998 3513 4035 con-

1924 4072 2045 4126 silio
2071 4090 2081 4125 :
2118 4073 2205 4126 ille
2228 4071 2389 4125 habet
2413 4086 2558 4124 arma
2582 4071 2876 4137 sensibilia,
2907 4070 2990 4125 hic
3010 4087 3156 4126 arma
3181 4073 3471 4142 spiritualia
3499 4094 3510 4127 :

1926 4164 2012 4217 ille
2041 4163 2239 4217 bellum
2276 4164 2413 4231 gerit
2441 4179 2563 4218 cum
2600 4163 2858 4229 barbaris,
2894 4162 3022 4217 mihi
3072 4164 3268 4219 bellum
3310 4176 3390 4219 est
3418 4167 3514 4219 ad-

1926 4270 2109 4309 versus
2151 4254 2443 4309 daemones.
2488 4255 2653 4325 Major
2694 4254 2779 4309 hic
2823 4255 3187 4323 principatus;
3236 4266 3516 4325 propterea

1924 4364 2020 4401 rex
2050 4356 2210 4416 caput
2253 4348 2518 4401 submittit
2560 4348 2737 4401 manui
2781 4346 3096 4410 sacerdotis,
3134 4356 3186 4399 et
3229 4348 3422 4415 ubique
3463 4349 3516 4401 in

1922 4440 2096 4493 Veteri
2115 4438 2393 4508 Scriptura
2424 4438 2731 4492 sacerdotes
2761 4437 3086 4506 inungebant
3115 4453 3287 4505 reges.
3318 4437 3515 4492 Verum

1926 4546 2017 4583 rex
2048 4530 2133 4584 ille
2159 4542 2253 4581 sua
2284 4527 2584 4581 transiliens
2614 4536 2785 4597 septa,
2811 4527 3132 4597 modumque
3164 4529 3314 4597 regni
3340 4536 3514 4582 trans—

1924 4638 2163 4693 gressus,
2201 4632 2423 4675 conatus
2466 4630 2549 4675 est
2585 4621 2782 4690 aliquid
2813 4621 3028 4685 addere,
3060 4632 3218 4691 atque
3248 4622 3518 4692 ingressus

1924 4726 2005 4769 est
2028 4714 2280 4782 templum
2303 4727 2422 4767 cum
2445 4711 3054 4774 auctoritate,incensum
3072 4713 3293 4768 adolere
3310 4714 3518 4768 volens.

1924 4804 2061 4871 Quid
2088 4803 2246 4873 igitur
2271 4802 2557 4857 sacerdos?
2584 4802 2699 4857 Non
2731 4802 2855 4856 licet
2880 4802 2994 4868 tibi,
3018 4802 3169 4869 Ozia,
3199 4803 3416 4858 adolere
3441 4805 3521 4856 in-

1924 4911 2163 4950 censum.
2200 4895 2336 4949 Vide
2368 4895 2688 4959 libertatem,
2732 4893 2854 4948 vide
2895 4902 3129 4949 mentem
3171 4895 3375 4947 servire
3422 4911 3518 4948 ne-

1925 4987 2110 5051 sciam,
2161 4986 2281 5040 vide
2331 4985 2559 5055 linguam
2591 4984 2752 5039 caelos
2794 4986 3173 5054 attingentem,
3221 4983 3518 5038 libertatem

1925 5080 2197 5146 invictam,
2247 5080 2366 5133 vide
2420 5079 2650 5132 hominis
2678 5093 2890 5147 corpus,
2925 5087 2978 5131 et
3020 5075 3197 5145 angeli
3243 5087 3517 5131 mentem:

1926 5175 2044 5228 vide
2071 5174 2215 5228 humi
2245 5172 2653 5243 ingredientem,
2687 5181 2740 5225 et
2770 5171 2824 5223 in
2864 5169 2995 5224 caelo
3023 5178 3345 5227 versantem.
3376 5168 3523 5223 Vidit

1926 5284 2130 5338 regem,
2174 5283 2277 5322 non
2330 5266 2460 5319 vidit
2500 5278 2783 5333 purpuram
2822 5280 2836 5317 :
2869 5262 3004 5317 vidit
3033 5278 3234 5333 regem,
3265 5279 3361 5317 nec
3386 5261 3529 5315 vidit

1926 5359 2187 5412 diadema.
2220 5358 2295 5412 Ne
2323 5356 2448 5409 mihi
2476 5356 2675 5409 dixeris
2701 5370 2821 5410 esse
2851 5370 3094 5423 regnum,
3123 5356 3209 5408 ubi
3238 5364 3319 5409 est
3342 5355 3515 5423 legum

1928 5449 2297 5518 transgressio.
2335 5446 2455 5499 Non
2488 5447 2600 5499 licet
2630 5446 2736 5507 tibi,
2768 5462 2879 5511 rex,
2908 5447 3110 5500 adolere
3146 5447 3410 5498 incensum
3436 5442 3513 5491 in-

1926 5553 2002 5593 tra
2030 5551 2203 5594 sancta
2242 5548 2532 5591 sanctorum
2567 5537 2641 5607 (2.
2678 5537 2856 5590 Paral.
2899 5537 2991 5591 26.
3027 5538 3153 5605 18);
3187 5534 3525 5589 transcendis

1926 5643 2095 5701 septa,
2128 5631 2321 5697 quzeris
2354 5630 2445 5682 tibi
2490 5646 2595 5682 non
2630 5644 2881 5683 concessa
2912 5647 2923 5681 ε
2959 5628 3077 5681 ideo
3107 5643 3224 5695 qua:
3261 5625 3518 5693 accepisti

1928 5726 2136 5793 perdes.
2170 5720 2289 5773 Non
2322 5722 2433 5774 licet
2464 5722 2553 5773 tibi
2578 5720 2780 5773 adolere
2809 5720 3095 5780 incensum,
3130 5717 3216 5768 sed
3245 5718 3518 5771 sacerdoti-

1926 5821 2013 5873 bus
2040 5819 2171 5870 istud
2211 5815 2384 5867 (lutum
2428 5825 2515 5867 cst.
2550 5813 2665 5867 Nan
2706 5823 2849 5866 tuum
2893 5820 2974 5864 est
3014 5808 3132 5875 hoc,
3177 5807 3270 5863 sed
3318 5823 3512 5863 meum.
