4048 6502
455 522 567 576 127

459 629 595 686 Num
634 633 780 679 tuam
827 617 1075 688 usurpavi
1123 611 1446 686 purpuram?
1474 608 1553 664 Ne
1599 619 1826 675 usurpes
1868 615 2047 688 meum

459 705 837 768 sacerdotium.
871 687 991 757 Non
1021 699 1134 754 licet
1161 698 1248 752 tibi
1277 695 1480 749 adolere
1499 693 1778 754 incensum,
1813 687 1901 742 sed
1937 695 2051 738 tan-

461 815 566 858 tum
594 798 935 856 sacerdotibus
973 791 1097 862 ﬁliis
1135 791 1327 844 Aaron.
1361 786 1488 842 Post
1519 783 1756 838 'multum
1794 776 2052 848 temporis

456 897 566 966 jam
597 891 848 950 defuncto
872 887 1085 943 Aarone
1111 882 1213 939 hoc
1235 878 1446 935 accidit.
1475 876 1545 931 Et
1568 872 1917 966 quamobrem
1944 883 2052 924 non

457 962 611 1049 dixit,
645 979 1006 1040 Sacerdotibus
1035 982 1269 1040 tantum,
1300 970 1394 1032 sed
1422 977 1478 1024 et
1517 967 1687 1037 patris
1722 962 2052 1019 mentionem

458 1078 626 1134 fecit?
654 1072 862 1130 Accidit
887 1071 940 1126 in
963 1069 1054 1124 illo
1079 1076 1340 1136 tempore,
1367 1070 1424 1116 ut
1445 1059 1549 1114 tale
1569 1057 1843 1129 quidpiam
1865 1054 2051 1109 ﬂeret:

460 1172 666 1226 Dathan
701 1166 866 1229 enim,
896 1162 1099 1219 Abiron
1127 1168 1181 1215 et
1206 1157 1346 1213 Core
1371 1156 1773 1209 insurrexerant
1794 1147 2056 1204 adversus

458 1265 683 1316 Aaron:
730 1265 914 1327 aperta
945 1260 1029 1308 est
1075 1259 1240 1315 terra,
1284 1259 1349 1302 ac
1373 1243 1651 1300 devoravit
1698 1241 1867 1304 illos;
1911 1236 2059 1291 venit

459 1353 597 1423 ignis
643 1365 675 1406 e
711 1349 866 1411 caelo,
904 1354 958 1401 et
997 1341 1202 1399 exussit
1230 1353 1324 1395 eos
1354 1337 1543 1407 (Num.
1573 1333 1641 1389 16
1670 1344 1718 1388 et
1747 1330 1895 1423 Psat.

459 1419 547 1499 1'7.
578 1441 692 1511 18).
721 1437 919 1493 Voleus
959 1435 1120 1505 igitur
1143 1446 1267 1489 eum
1303 1424 1768 1483 commonefacere
1795 1421 1939 1476 illius
1967 1419 2052 1473 hi~

460 1534 660 1596 storiaa,
702 1529 844 1597 quod
873 1527 1003 1581 olim
1031 1537 1245 1595 quoque
1273 1518 1632 1576 sacerdotium
1660 1512 1898 1585 aggressi
1927 1511 2055 1576 sint,

463 1640 645 1682 verum
678 1638 782 1677 non
821 1616 1182 1680 succubuerit,
1214 1612 1310 1670 sed
1335 1611 1522 1668 adorta
1548 1619 1630 1665 est
1667 1605 1974 1670 multitudo,
2003 1612 2058 1659 et

467 1719 608 1771 Deus
636 1715 779 1769 illam
808 1713 950 1768 ultus
974 1717 1096 1765 est:
1131 1705 1254 1763 Non
1281 1705 1397 1759 licet
1425 1703 1513 1757 tibi
1540 1701 1747 1755 adolere
1769 1700 2054 1762 incensum,

461 1807 551 1861 sed
578 1806 699 1860 satis
740 1801 1081 1860 sacerdotibus
1129 1798 1252 1868 ﬁliis
1294 1795 1490 1851 Aaron.
1520 1792 1636 1848 Non
1679 1790 1832 1857 dixit,
1870 1787 2056 1858 Cogita

462 1897 590 1969 quid
626 1895 768 1968 passi
813 1895 921 1952 sint
960 1891 1050 1963 qui
1088 1899 1216 1946 tunc
1261 1887 1350 1943 illa
1382 1893 1663 1957 patrarunt
1694 1900 1708 1937 :
1756 1897 1863 1938 non
1894 1880 2055 1945 dixit,

463 1990 646 2060 Cogita
677 2000 771 2041 eos
808 1983 899 2054 qui
935 1983 1346 2038 insurrexeruiit
1384 1977 1694 2033 combustos
1737 1973 1932 2038 fuisse;
1963 1970 2059 2026 sed

464 2079 740 2134 nominato
791 2076 1035 2140 Aarone,
1085 2085 1248 2142 quem
1292 2069 1440 2124 ultus
1481 2077 1565 2123 est
1613 2066 1785 2132 Deus,
1828 2078 1951 2118 cum
1995 2060 2061 2116 ad

466 2171 704 2226 historim
755 2165 1178 2223 recordationem
1230 2160 1492 2227 adduxit,
1544 2158 1626 2214 his
1675 2154 2061 2228 prepemodum

465 2261 644 2317 verbis
674 2269 832 2315 utens
866 2276 880 2314 :
913 2256 1031 2312 Noli
1059 2253 1258 2311 audere
1285 2267 1404 2321 qute
1433 2264 1595 2304 ausus
1621 2258 1705 2305 est
1735 2248 1964 2315 Dathan,
1995 2260 2063 2301 ne

468 2352 688 2422 patiaris
717 2349 926 2414 eadem,
962 2362 1082 2418 qua:
1109 2355 1350 2414 tempore
1376 2342 1555 2398 Aaron
1586 2341 1915 2397 acciderunt.
1949 2338 2064 2393 Rex

466 2453 644 2499 autem
672 2441 830 2498 Ozias
859 2455 966 2495 non
1006 2437 1261 2494 sustinuit
1298 2434 1749 2497 admonitionem,
1783 2435 1879 2488 sed
1908 2446 2063 2486 arro-

467 2536 646 2607 gantia
679 2533 892 2589 inﬂatus
919 2532 1190 2601 ingressus
1217 2535 1300 2583 est
1325 2525 1605 2595 templum,
1638 2523 1848 2592 aperuit
1881 2531 2064 2577 sancta

468 2637 798 2688 sanctorum,
849 2623 1037 2678 volens
1086 2619 1306 2675 adolere
1349 2619 1648 2673 incensum.
1701 2614 1837 2682 Quid
1885 2623 2062 2669 autem

473 2721 652 2776 Deus?
683 2715 782 2773 Ubi
825 2716 984 2786 igitur
1022 2712 1272 2770 sacerdos
1301 2718 1640 2780 contemptus
1668 2717 1774 2774 est,
1804 2706 2063 2777 dignitas-

471 2827 578 2883 que
617 2807 904 2865 sacerdotii
937 2809 1288 2871 conculcata,
1323 2816 1424 2858 nec
1468 2801 1757 2872 quidquam
1802 2809 2064 2869 prieterea

472 2912 678 2971 poterat
707 2898 959 2956 sacerdos
991 2914 1005 2951 :
1037 2910 1160 2951 nam
1198 2893 1495 2951 sacerdotis
1527 2900 1732 2947 tantum
1761 2898 1846 2947 est
1872 2905 2068 2959 argue-

473 3010 550 3058 re,
583 2991 913 3058 liberamque
943 2996 1197 3056 przestare
1221 2984 1661 3044 admonitionem,
1696 2996 1800 3037 non
1849 2993 2068 3033 movere

473 3099 641 3147 arma,
692 3097 796 3135 non
832 3079 1049 3150 clypeos
1090 3089 1370 3144 usurpare,
1401 3089 1507 3130 non
1545 3074 1759 3128 vibrare
1803 3071 2067 3138 lanceam,

477 3191 573 3230 nec
599 3188 783 3228 arcum
816 3169 1056 3233 tendere,
1087 3183 1185 3223 nec
1222 3166 1400 3238 jacula
1445 3166 1684 3233 mittere,
1727 3163 1821 3219 sed
1864 3171 2067 3218 tantum

475 3279 732 3333 arguere,
769 3275 832 3315 ac
875 3260 1041 3316 libere
1083 3272 1304 3314 monere
1340 3275 1353 3311 :
1390 3265 1738 3328 posteaquam
1778 3256 1940 3328 igitur
1981 3271 2069 3310 ar-

474 3355 678 3424 guisset
705 3350 979 3418 sacerdos,
1011 3365 1106 3406 rex
1135 3358 1314 3405 autem
1344 3363 1450 3403 non
1481 3348 1769 3413 cessisset,
1799 3347 1893 3404 sed
1924 3362 2070 3402 arma

477 3454 738 3509 moveret,
769 3443 986 3514 clypeos
1006 3451 1060 3497 et
1082 3440 1285 3507 hastas,
1317 3454 1518 3510 suaque
1546 3449 1787 3496 uteretur
1813 3439 2070 3510 potentia,

476 3536 550 3590 ibi
622 3532 897 3595 sacerdos,
950 3529 1096 3601 Ego,
1149 3529 1360 3600 inquit,
1413 3531 1560 3600 quod
1605 3539 1725 3587 erat
1770 3531 1876 3586 mei
1910 3531 2072 3587 officii

476 3624 722 3694 praestiti,
769 3620 899 3675 nihil
928 3619 1158 3690 amplius
1188 3633 1427 3688 possum,
1455 3633 1710 3674 succurre
1770 3619 2072 3677 sacerdotio

477 3717 620 3786 quod
668 3713 1031 3774 conculcatur,
1082 3710 1225 3780 leges
1255 3709 1551 3777 violantur,
1601 3711 1681 3766 fas
1726 3712 2071 3768 subvertitur.

477 3805 616 3875 Quid
659 3804 820 3874 igitur
861 3801 948 3856 ille
987 3799 1264 3854 hominum
1292 3801 1538 3854 amator?
1563 3801 1748 3856 Virum
1773 3803 2030 3859 audacem
2055 3805 2072 3836 ³

482 3917 510 3946 ιε
523 3896 772 3947 teiseitur.
794 3891 857 3945 Et
870 3892 1105 3944 continuo
1121 3891 1329 3960 emeruit
1342 3890 1482 3958 lepra
1495 3892 1546 3943 in
1561 3893 1724 3960 [rente
1735 3893 1874 3947 illius
1887 3894 1961 3966 (2.
1979 3893 2076 3948 Pa-

481 3987 577 4040 ml.
607 3986 694 4039 26.
723 3983 833 4051 i9).
858 3982 1188 4052 Ubicumque
1210 3990 1291 4037 est
1312 3981 1659 4052 impudentia,
1686 3984 1791 4040 illic
1811 3997 1892 4041 est
1919 3986 2073 4041 ultio.

557 4078 695 4133 Ultio
738 4076 834 4130 Dei
878 4075 1110 4129 clemens.
1144 4103 1214 4115 —
1244 4073 1435 4130 Vidisti
1478 4075 1860 4147 benignitatem
1916 4079 2071 4133 ultio-

483 4171 564 4225 nis
591 4166 821 4222 divinae?
861 4165 975 4221 Non
1007 4166 1204 4221 fulmen
1235 4167 1434 4233 emisit,
1471 4182 1575 4222 non
1619 4179 1820 4224 terram
1851 4185 2077 4227 concus-

483 4270 572 4324 sit,
608 4274 708 4310 non
740 4259 1028 4311 commovit
1052 4257 1274 4322 caelum;
1301 4259 1392 4312 sed
1425 4259 1659 4314 efﬂoruit
1687 4261 1855 4330 lepra,
1889 4278 1996 4317 non
2023 4265 2075 4318 in

483 4357 592 4409 alio
626 4353 739 4406 loco
767 4365 925 4420 quam
958 4350 1010 4403 in
1041 4349 1235 4415 fronte,
1264 4361 1320 4403 ut
1346 4351 1506 4405 facies
1539 4369 1646 4420 prae
1673 4369 1731 4406 se
1759 4353 1926 4410 ferret
1953 4356 2073 4410 vin-

484 4447 678 4498 dictam
711 4444 752 4505 ⁸,
787 4450 842 4495 ιιι
873 4449 1141 4509 tamquam
1175 4441 1225 4494 in
1255 4441 1409 4510 cippo
1437 4441 1606 4495 literae
1636 4452 1819 4497 essent
1849 4444 2078 4513 impres-

486 4554 578 4588 s;c.
610 4535 723 4587 Non
767 4533 906 4587 enim
941 4541 1155 4600 propter
1186 4531 1333 4584 illum
1366 4533 1561 4586 factum
1597 4543 1698 4598 est,
1735 4532 1832 4589 sed
1864 4545 2081 4604 propter

487 4646 581 4685 cos
611 4630 698 4697 qui
745 4631 795 4679 in
837 4634 1108 4695 posterum
1152 4634 1277 4678 sunt
1322 4625 1505 4679 futuri.
1534 4625 1669 4680 Cum
1717 4628 1858 4682 enim
1901 4639 2084 4698 posset

491 4739 585 4792 pro
609 4720 811 4774 meritis
832 4732 1038 4786 ptenam
1065 4717 1322 4787 inﬂigere,
1347 4733 1449 4772 non
1476 4719 1694 4783 inﬂixit;
1720 4721 1813 4776 sed
1836 4722 1887 4776 in
1911 4723 2084 4778 fronte

490 4817 636 4885 qttast
668 4814 747 4866 Ιυκ
781 4813 950 4882 posita
974 4822 1055 4866 est
1082 4813 1222 4866 velut
1249 4813 1298 4865 in
1329 4813 1448 4868 loco
1469 4813 1704 4880 sublimi,
1730 4815 1915 4869 dicens
1940 4832 1952 4867 :
1981 4815 2085 4872 No-

491 4912 582 4964 lite
613 4910 786 4960 facere
818 4907 961 4968 talia,
999 4921 1062 4957 ne
1092 4906 1362 4973 patiamini
1389 4906 1610 4960 similia.
1645 4906 1788 4960 Exiit
1820 4907 1902 4962 lex
1944 4909 2082 4975 viva,

488 5012 542 5055 et
583 4999 730 5052 frons
778 5012 963 5051 vocem
996 4996 1161 5050 edidit
1190 4997 1312 5050 tuba
1356 4998 1641 5052 clariorem
1671 5016 1683 5050 :
1718 4998 1890 5053 literm
1937 5013 2088 5054 erant

492 5091 762 5158 inscrime
797 5088 973 5150 fronti,
1005 5088 1169 5141 [iterm
1195 5104 1313 5158 qua:
1339 5088 1506 5144 deleri
1534 5105 1640 5144 non
1671 5100 1915 5158 poterant
1941 5111 1954 5147 :
1985 5110 2089 5146 non

493 5185 632 5234 enim
664 5191 817 5235 erant
838 5189 1136 5234 atramento
1165 5181 1452 5249 inscriptae,
1485 5191 1539 5234 ut
1567 5182 1760 5250 aliquis
1789 5194 1968 5252 posset
1999 5185 2093 5239 de-

496 5277 627 5336 lere,
663 5271 756 5325 sed
800 5272 1056 5323 naturalis
1098 5282 1210 5325 erat
1239 5272 1404 5339 lepra,
1435 5286 1665 5339 eumque
1712 5273 1964 5328 reddebat
1997 5276 2095 5329 im-

500 5362 778 5426 tillllltillln,
812 5371 868 5415 ut
894 5362 1028 5415 alios
1051 5362 1247 5415 faceret
1277 5362 1525 5417 mundos.
1556 5362 1622 5416 Et
1646 5365 2094 5432 quemadmodum

494 5460 612 5522 jure
652 5456 950 5516 damnatos,
1001 5463 1342 5521 posteaquam
1388 5454 1565 5507 funem
1610 5457 1933 5523 acceperint,
1965 5459 2095 5512 edu-

500 5555 617 5596 iunt
662 5544 840 5597 funem
885 5559 977 5598 ore
1013 5552 1324 5613 gestantes:
1370 5543 1445 5596 sic
1488 5554 1541 5596 et
1586 5545 1671 5598 hic
1714 5546 2094 5612 abducebatur,

502 5654 599 5704 pro
625 5641 747 5690 fune
776 5637 977 5704 lepram
1010 5636 1059 5689 in
1090 5638 1261 5690 fronte
1300 5648 1533 5704 gestans,
1569 5651 1634 5691 eo
1665 5639 1804 5707 quod
1850 5643 2099 5696 sacerdo-

572 5819 583 5846 ι
626 5823 783 5869 tinus,
828 5813 1039 5872 ......fus
1077 5812 1380 5864 subvertitur.
1423 5821 1476 5862 Et
1519 5815 1625 5864 ride
1659 5815 1778 5878 quid
1799 5812 1923 5880 ﬁat.“
1951 5818 2101 5868 virum

507 5884 674 5926 auiirtt't
696 5891 758 5926 ιη,
789 5886 883 5921 (εις.
1412 5919 1416 5922 .

581 5954 590 5968 .
620 5934 746 5982 'l'tcs
773 5945 899 5994 Mss,
929 5942 972 5983 ut
1001 5932 1226 5987 suun/icti
1250 5945 1480 6000 trapetum
1506 5939 1668 5997 ferret.

1206 495 1266 552 S.
1296 489 1574 550 JOANNlS
1613 483 2094 546 CHRYSOSTOMI
2135 482 2450 539 ARCHIEP.
2490 484 3025 544 CONSTANTINOP.

2365 102 2666 110 Yv—v

3616 507 3730 564 128

2162 599 2293 654 tium
2333 599 2599 657 affecisset
2639 605 2978 661 contumelia.
3012 602 3138 660 Htec
3179 603 3387 676 loquor,
3417 619 3526 663 non
3558 603 3708 664 luces

2155 705 2280 746 seus
2304 706 2478 759 reges,
2501 695 2595 750 sed
2625 710 2720 749 eos
2759 698 2847 766 qui
2877 697 3178 767 arrogantia
3208 698 3393 769 iraque
3417 708 3544 757 sunt
3579 700 3744 766 ebrii,

2157 793 2213 838 ut
2239 782 2543 855 intelligetis
2572 786 2934 844 sacerdotium
2964 804 3130 860 regno
3158 790 3329 861 majus
3353 805 3498 848 esse.

2226 875 2280 929 6.
2320 873 2538 943 Semper
2569 876 2715 930 enim
2752 876 2910 944 Deus,
2955 880 3041 936 ubi
3081 880 3320 950 peccavit
3357 879 3558 948 anima,
3588 880 3750 950 punit

2155 981 2372 1037 corpus.
2413 966 2602 1023 itidem
2643 968 2768 1025 fecit
2802 981 2856 1026 et
2903 972 2956 1028 in
2997 973 3153 1031 Cain.
3198 973 3390 1030 Anima
3429 983 3754 1046 peccaverat

2155 1059 2392 1116 admisso
2421 1059 2730 1129 parricidio,
2777 1072 2830 1118 et
2867 1077 3062 1133 corpus
3103 1064 3243 1120 illius
3285 1065 3512 1136 paralysi
3541 1073 3751 1120 tactum

2155 1163 2240 1208 est
2263 1171 2276 1206 :
2308 1154 2468 1223 idque
2505 1154 2627 1224 jure
2653 1158 2874 1226 optimo.
2902 1155 3296 1220 Quamobrem?
3323 1153 3536 1212 Gemens
3554 1171 3619 1209 ac
3646 1166 3754 1210 tre-

2157 1259 2298 1298 mens
2326 1246 2426 1299 eris
2462 1261 2616 1317 super
2646 1257 2834 1301 terram
2876 1245 3025 1316 (Gen.
3057 1246 3110 1301 4.
3157 1245 3272 1316 12).
3317 1245 3388 1302 Et
3427 1246 3754 1302 circumibat

2157 1332 2310 1399 Cain,
2337 1336 2587 1392 omnibus
2615 1337 2863 1406 loquens,
2904 1336 3117 1393 silentio
3145 1349 3331 1392 vocem
3361 1337 3546 1404 edens,
3578 1337 3752 1392 silen-

2159 1426 2341 1495 tioque
2379 1426 2649 1482 erudiens.
2691 1427 2896 1498 Lingua
2940 1428 3170 1494 tacebat,
3200 1435 3256 1484 et
3283 1436 3474 1483 canere
3506 1429 3753 1484 membra

2158 1517 2461 1573 clamabant
2488 1535 2501 1572 :
2527 1519 2841 1590 cunctisque
2869 1519 3190 1588 exponebat,
3218 1534 3316 1574 cur
3350 1529 3606 1590 gemeret,
3647 1535 3755 1574 cur

2161 1618 2413 1665 tremeret
2445 1627 2458 1664 :
2489 1610 2732 1666 Fratrem
2755 1611 2948 1675 occidi,
2978 1611 3316 1682 parricidium
3353 1611 3564 1667 admisi.
3595 1611 3752 1681 Quod

2162 1710 2347 1768 postea
2371 1699 2582 1771 Moyses
2607 1703 2810 1772 scripto
2835 1702 3084 1763 narravit,
3122 1701 3213 1757 ille
3237 1702 3398 1757 rebus
3423 1702 3553 1770 ipsis
3577 1701 3757 1758 omni-

2159 1789 2260 1845 bus
2286 1790 2511 1860 loquens
2549 1791 2924 1848 obambulabat
2965 1811 2980 1848 :
3028 1790 3150 1847 Non
3188 1792 3382 1847 occides
3414 1791 3609 1861 (Exod.
3651 1793 3756 1850 20.

2163 1882 2275 1951 i5).
2305 1881 2495 1936 Vidisti
2525 1897 2587 1938 os
2624 1883 2809 1945 silens,
2854 1891 2908 1937 et
2945 1897 3058 1937 rem
3103 1882 3532 1938 vociferantem?
3572 1883 3754 1939 vidisti

2162 1972 2332 2042 legem
2378 1973 2553 2029 vivam
2596 1974 2763 2030 ferri?
2806 1975 2985 2031 vidisti
3028 1977 3237 2043 cippum
3285 1973 3758 2032 obambulantem?

2163 2065 2343 2120 vidisti
2390 2065 2676 2121 vindictam
2726 2066 2959 2121 vindicta
3011 2066 3161 2121 tolli?
3209 2066 3383 2120 vidisti
3431 2066 3758 2137 supplicium

2163 2173 2379 2215 versum
2408 2159 2463 2215 in
2489 2159 2808 2214 eruditionis
2855 2159 3172 2214 materiam?
3218 2160 3395 2216 vidisti
3443 2170 3755 2229 peccantem

2164 2249 2420 2315 animam,
2449 2258 2504 2304 et
2524 2264 2740 2304 carnem
2775 2250 2990 2306 dantem
3027 2251 3253 2320 ptenas?
3278 2249 3439 2321 quue
3465 2251 3758 2308 admodum

2164 2352 2540 2410 congruenter.
2574 2342 2718 2397 Idem
2750 2342 2943 2397 accidit
2988 2344 3040 2397 in
3069 2342 3324 2397 Zacharia
3357 2359 3373 2396 :
3413 2344 3591 2398 anima
3631 2360 3760 2410 pec-

2166 2442 2336 2499 carat,
2359 2434 2608 2506 etlingua
2627 2435 2805 2489 vincta
2829 2443 2930 2489 est.
2956 2433 3088 2489 Nam
3119 2449 3241 2489 cum
3274 2435 3459 2491 inutile
3489 2436 3756 2490 redditum

2167 2534 2310 2579 esset
2338 2540 2595 2592 organum
2625 2525 2836 2595 linguae,
2881 2526 2969 2581 ille
2997 2527 3084 2596 qui
3115 2527 3297 2598 genuit
3334 2542 3517 2583 vocem
3549 2527 3760 2582 Zacha-

2169 2614 2276 2670 rias
2305 2617 2523 2684 punitus
2546 2625 2626 2671 est
2656 2616 2813 2686 (Luc.
2841 2617 2899 2686 2)
2933 2634 2946 2670 :
2979 2618 3055 2672 sic
3083 2619 3331 2673 nimirum
3352 2625 3406 2673 et
3431 2619 3586 2673 Ozias
3609 2621 3760 2689 lepra

2168 2707 2222 2761 in
2253 2707 2429 2762 fronte
2453 2718 2731 2778 correptus
2767 2717 2869 2775 est,
2899 2723 3019 2764 cum
3052 2720 3348 2779 peccasset,
3381 2721 3438 2765 ut
3466 2712 3554 2766 ille
3578 2713 3763 2766 erudi-

2167 2809 2334 2854 retur.
2367 2798 2436 2853 Ει
2464 2814 2714 2870 egressus
2755 2809 2838 2856 est
2879 2817 2995 2867 rex,
3040 2802 3287 2856 omnibus
3330 2803 3630 2874 exemplum
3677 2803 3763 2857 fa-

2168 2902 2306 2955 ctus,
2332 2901 2717 2962 purgatumque
2738 2903 2818 2949 est
2849 2895 3124 2964 templum,
3146 2904 3199 2950 et
3220 2894 3424 2964 ejectus
3442 2906 3523 2951 est
3545 2896 3762 2951 nemine

2171 2981 2524 3050 propellente,
2558 2997 2785 3052 cumque
2811 2985 3167 3039 sacerdotium
3194 2985 3294 3038 sibi
3336 2984 3498 3039 vellet
3522 3000 3761 3052 sumere,

2170 3081 2224 3125 et
2270 3071 2374 3127 hoc
2416 3073 2558 3141 quod
2601 3072 2829 3128 habebat
2869 3073 3116 3142 perdidit.
3161 3073 3227 3128 Et
3265 3074 3427 3129 exivit
3465 3089 3496 3129 e
3536 3076 3764 3144 templo.

2173 3160 2338 3216 Vetus
2366 3170 2484 3217 erat
2511 3177 2626 3216 mos
2653 3176 2866 3217 omnem
2906 3163 3174 3232 leprosum
3219 3178 3250 3218 e
3288 3165 3500 3218 civitate
3528 3165 3763 3234 ejicere;

2172 3271 2313 3310 nunc
2333 3269 2462 3309 vero
2491 3269 2595 3309 non
2628 3255 2765 3309 idem
2798 3255 2874 3309 fit.
2905 3255 3013 3310 Cur
3038 3254 3299 3310 ita?Nam
3329 3269 3448 3310 cum
3480 3256 3619 3312 Deus
3641 3257 3765 3311 vel-

2175 3347 2251 3402 uti
2310 3348 2490 3417 pueris
2534 3347 2679 3416 leges
2717 3347 2940 3413 ferebat,
2981 3357 3093 3402 tum
3125 3347 3268 3415 lepra
3312 3355 3428 3402 erat
3472 3349 3712 3417 corporis
3747 3365 3765 3403 :

2175 3455 2316 3495 nunc
2342 3449 2519 3494 autem
2550 3439 2740 3494 anima:
2769 3440 2913 3508 lepra
2943 3440 3220 3510 quaeritur.
3259 3438 3439 3493 Exivit
3465 3438 3628 3508 igitur
3665 3453 3761 3493 rex

2174 3548 2296 3587 cum
2324 3532 2492 3601 lepra,
2520 3546 2619 3588 nec
2649 3543 2824 3587 tamen
2854 3533 3125 3600 ejecerunt
3149 3548 3269 3587 eum
3301 3548 3331 3588 e
3371 3532 3605 3598 civitate,
3647 3532 3767 3586 dia-

2176 3623 2330 3678 dema
2358 3623 2498 3677 illius
2525 3623 2832 3693 regiamque
2859 3623 3172 3693 dignitatem
3201 3624 3417 3680 reveriti
3451 3643 3465 3678 :
3497 3625 3592 3680 sed
3636 3640 3769 3679 con-

2174 3713 2314 3770 cedit
2343 3714 2392 3767 in
2421 3713 2555 3768 solio
2585 3729 2768 3768 rursus
2805 3716 2972 3784 legem
3015 3715 3426 3785 transgrediens.
3460 3715 3596 3783 Quid
3637 3731 3772 3787 ergo

2177 3806 2355 3860 Deus?
2400 3805 2640 3862 irascens
2668 3805 2868 3861 Judmis
2912 3806 3194 3876 interrupit
3241 3807 3590 3877 prephetiam.
3640 3807 3771 3862 llmc

2177 3908 2351 3953 autem
2381 3899 2560 3952 omnia
2583 3898 2720 3952 dicta
2750 3908 2873 3953 sunt
2893 3908 3111 3968 prOptcr
3136 3899 3357 3953 verbum
3387 3898 3679 3968 prepliette,
3709 3910 3772 3954 ut

2178 3990 2452 4045 exsolvam
2473 3989 2616 4059 quod
2638 3990 2808 4044 debeo
2830 3991 2871 4044 ί.
2892 3989 2999 4045 Sed
3025 3990 3091 4044 ad
3117 3991 3444 4058 propositum
3462 3989 3768 4045 redeamus.

2180 4081 2441 4150 Egressus
2467 4090 2551 4134 est
2579 4096 2609 4134 e
2645 4080 2844 4149 templo
2871 4095 2967 4135 rex
2995 4080 3143 4150 lepra
3170 4088 3471 4148 correptus.
3511 4077 3644 4134 Cum
3675 4081 3774 4150 igi-

2183 4183 2269 4226 tur
2294 4173 2454 4226 etiam
2499 4188 2564 4226 ex
2593 4172 2725 4226 urbe
2755 4172 2902 4225 illum
2945 4172 3065 4240 ejici
3105 4171 3173 4226 de
3210 4185 3360 4225 more
3401 4179 3671 4239 oporteret
3717 4181 3777 4226 ut

2181 4263 2535 4327 immundum,
2581 4262 2723 4318 intus
2768 4263 2914 4317 illum
2953 4263 3179 4333 populus
3220 4262 3409 4318 sedere
3454 4262 3712 4332 permittit
3755 4282 3772 4320 :

2184 4369 2281 4409 nec
2307 4355 2474 4408 ullum
2504 4354 2588 4408 vel
2615 4355 2866 4424 exiguum
2895 4354 2977 4408 vel
3009 4368 3255 4424 magnum
3304 4354 3523 4408 verbum
3555 4356 3770 4418 emittit,

2183 4446 2325 4515 quod
2351 4447 2649 4500 libertatem
2681 4445 2929 4514 loquendi
2959 4461 3065 4514 pra:
3100 4460 3157 4499 se
3203 4445 3390 4500 ferret.
3423 4445 3572 4511 Quod
3615 4446 3778 4516 igitur

2185 4536 2335 4589 illum
2381 4536 2637 4602 sinerent,
2676 4546 2949 4590 aversatus
2993 4545 3075 4589 est
3104 4537 3224 4589 illos
3267 4536 3440 4602 Deus,
3472 4545 3526 4590 et
3551 4540 3774 4606 gratiam

2253 4714 2268 4744 ί
2307 4713 2388 4760 Hic
2413 4718 2489 4759 est
2510 4723 2687 4772 magna
2712 4710 3064 4771 exemplarium
3090 4710 3326 4772 varietas:
3350 4721 3523 4758 omnes
3540 4709 3647 4757 fere
3661 4710 3782 4762 Mss.

2188 4787 2299 4823 cum
2337 4772 2510 4821 Savilio
2531 4807 2544 4830 ,
2569 4770 2667 4820 u'no
2707 4770 2915 4832 excepto
2932 4807 2945 4828 ,
2973 4779 3160 4819 textum
3186 4770 3370 4818 habent
3394 4777 3447 4818 ut
3481 4784 3569 4820 nos
3594 4771 3640 4818 in
3667 4783 3780 4820 nota

2191 4837 2393 4884 edimus.
2421 4833 2646 4882 Morellus
2670 4847 2789 4883 vero
2815 4843 2864 4883 et
2888 4845 3013 4881 unus
3037 4832 3196 4881 Codex
3223 4837 3324 4880 toto
3357 4832 3475 4881 eicio
3497 4833 3729 4881 diiferunt
3752 4847 3780 4882 a

2189 4897 2424 4945 Saviliana
2446 4897 2679 4946 Editione.
2723 4896 2898 4944 Morelli
2938 4903 3103 4951 tamen
3142 4891 3392 4953 exemplar
3422 4903 3663 4956 sequutus
3705 4902 3783 4944 est

2193 4967 2430 5015 Erasmus,
2459 4967 2509 5006 et
2535 4971 2622 5006 uos
2644 4971 2840 5019 quoque
2865 4959 3119 5020 sequimur
3139 4989 3153 5013 ,
3188 4956 3474 5016 quibusdam
3515 4963 3692 5020 tamen
3715 4971 3777 5004 ex

2192 5021 2288 5068 alio
2313 5027 2453 5067 textu
2477 5017 2777 5071 emendatis}
2805 5033 2914 5078 qute
2939 5017 3055 5066 ferri
3079 5031 3169 5063 non
3199 5017 3603 5078 poterantrmvil.
3633 5018 3784 5076 igitur

2197 5090 2247 5130 et
2272 5083 2572 5142 Manuscripti
2611 5077 2835 5141 (ptatuor’
2857 5081 2928 5142 sic
2968 5081 3147 5126 habent
3184 5091 3194 5124 :
3226 5086 3319 5142 _I-.‘go
3336 5077 3532 5142 quidem
3551 5113 3565 5134 ,
3590 5079 3777 5142 inquit,

2196 5144 2320 5205 quod
2345 5137 2704 5205 maturent-tit
2733 5141 2914 5201 peregi.
2969 5151 3054 5205 tos
3092 5137 3292 5205 popilius
3326 5139 3571 5205 impurum
3613 5139 3782 5205 expuli

2199 5198 2294 5252 [ere
2333 5201 2549 5252 (intotis?
2594 5198 2779 5252 Scilicet
2823 5198 3047 5251 vemnini
3093 5198 3276 5263 regiam
3316 5198 3598 5263 dignitatem
3624 5198 3647 5247 1’
3690 5201 3781 5263 sed

2199 5266 2356 5329 potius
2402 5265 2553 5325 legem
2594 5264 2697 5329 Dei
2722 5265 3030 5329 contemnitis.
3083 5261 3221 5311 Ilium
3256 5261 3404 5323 igitur
3441 5261 3569 5329 intus
3614 5262 3784 5329 sedere

2201 5323 2535 5390 permiserunt.
2573 5325 2700 5390 Quid
2738 5325 2884 5390 igitur
2927 5329 3094 5390 Deus?
3129 5333 3378 5390 aversatus
3409 5330 3478 5390 est
3497 5323 3609 5371 illos
3631 5335 3648 5370 :
3669 5325 3785 5390 Jam

2201 5383 2291 5437 non
2316 5383 2737 5456 nmplizts,_inquit,
2756 5383 2927 5456 Ίοίμιοα·
2950 5386 3193 5456 prophetis
3211 5383 3394 5456 vestris,
3410 5383 3520 5444 jam
3538 5397 3629 5456 non
3653 5383 3788 5456 mitto

2203 5449 2408 5513 gratiam
2431 5449 2648 5510 Spiritus.
2668 5457 2720 5498 Et
2735 5449 2927 5513 uerbum
2951 5457 3049 5513 erat
3068 5449 3328 5513 pretiosum
3351 5453 3482 5501 tunc,
3508 5455 3554 5493 et
3569 5458 3662 5494 non
3683 5453 3787 5494 erat

2203 5510 2359 5561 Sermo
2384 5513 2664 5576 vaticinans.
2700 5511 2996 5576 Sit'et__qrutitt
3022 5510 3221 5576 spiritus
3238 5543 3251 5564 ,
3291 5517 3417 5576 Deus
3441 5519 3544 5576 non
3577 5520 3788 5576 appare-

2209 5577 2300 5623 bat.
2331 5575 2575 5633 Quoniam,
2605 5580 2795 5634 propter
2817 5570 3140 5634 iui-mundum,
3162 5584 3252 5618 non
3278 5570 3448 5617 atterat
3479 5570 3638 5630 gratia
3658 5581 3788 5634 ,_non

2207 5632 2467 5697 apparebat
2497 5646 2620 5684 Deus
2645 5673 2655 5690 .
2694 5632 2785 5682 non
2825 5632 3024 5697 visiones
3061 5634 3352 5697 ntoitst_t_'ubut
3374 5643 3512 5697 ,Mnon
3538 5632 3792 5697 Propheta:

2209 5691 2431 5757 facienda
2458 5697 2786 5760 dt.’({lt_ti'(tl)(tttt.
2813 5696 2901 5760 Sed
2937 5696 3058 5744 sicut
3091 5694 3150 5741 ub
3175 5693 3333 5753 utique
3356 5691 3789 5760 oﬂ'ensttsﬂt‘cercs.

2205 5763 2318 5806 .Inm
2341 5774 2434 5808 non
2460 5759 2547 5807 tibi
2571 5758 2764 5816 loquor,
2792 5759 2898 5814 iam
2933 5772 3022 5805 non
3057 5761 3529 5819 t‘tntt't'r.~.ot_'_terunt;
3566 5758 3633 5818 ita
3671 5762 3790 5819 nivis

2208 5822 2346 5869 sentit
2393 5829 2436 5869 ct
2484 5814 2726 5868 irascitur.
2755 5814 2870 5868 Non
2913 5821 3037 5868 enim
3078 5817 3242 5882 urbem
3286 5816 3420 5882 illuni
3459 5814 3795 5882 misericordia

2211 5886 2533 5931 i3.t‘.'nnittntettt
2557 5884 2814 5943 casta/urit.
2847 5895 2939 5929 tum
2963 5881 3130 5941 pinxit,
3159 5893 3247 5925 non
3274 5877 3542 5943 combussit.
3563 5879 3650 5943 sed
3672 5874 3790 5939 quid

2214 5945 2364 5994 dicit?
2390 5955 2484 5993 .\0tt
2510 5946 2644 5995 ruitis
2670 5935 2739 5994 inc
2766 5935 3008 5995 vindicare
3027 5949 3048 5990 ?
3076 5950 3168 6007 Ego
3191 5954 3280 5990 non
3309 5940 3472 6002 loquor
3499 5935 3647 5986 vobis.
