4048 6484
503 464 616 519 129

516 567 711 637 θαρτον
749 559 926 634 εἶχονσ
964 564 1058 618 ἐπὶ
1095 566 1150 618 δὲ
1199 565 1308 616 τῶν
1362 560 1687 630 ἀκαθάρτων
1733 557 1833 610 οὐκ
1878 556 2097 626 ἐνήργει

518 650 612 702 τοῦ
655 648 970 718 Πνεύματος
1022 649 1054 716 ή
1099 647 1278 718 χάρις.
1337 645 1436 696 Διά
1465 643 1621 696 τοῦτο
1657 641 1718 693 ού
1762 639 1964 708 παρῆν,
1997 638 2097 690 οὐκ

515 732 762 801 ἐφαίνετο
804 733 916 794 τοῖς
958 732 1282 800 προφήταις,
1329 727 1464 781 ἀλλά
1521 725 1649 794 σιγᾷ
1702 723 1796 776 καὶ
1843 720 2091 790 κρύπτει.

513 816 633 868 Ἵνα
663 815 718 867 δέ
741 815 799 866 τὸ
819 813 1105 882 λεγόμενον
1130 811 1297 880 σαφές
1324 811 1566 880 γένηται,
1595 806 1689 858 ἐπὶ
1706 804 2100 872 ὐποδείγματος

517 900 727 970 ποιήσω
757 897 887 951 αὐτὸ
935 896 1184 966 φανερόν.
1224 895 1435 964 Ὠσπερ
1472 891 1760 961 ἄνθρωπος
1800 887 1936 957 πρός
1977 901 2099 970 τινα

515 967 854 1051 διακείμενος
886 983 950 1050 τῇ
988 981 1213 1048 στοργῇ,
1273 975 1517 1047 μανικῶς
1568 974 1893 1043 λυπήσαντα
1939 967 2101 1051 αὐτὸν

516 1067 607 1118 ἐπί
629 1083 681 1116 τι
700 1050 963 1134 πρᾶγμα,
992 1062 1129 1131 πρὸς
1157 1060 1318 1114 αὐτὸν
1344 1059 1524 1125 λέγοι·
1547 1054 1746 1110 Οὐκέτι
1775 1050 1972 1123 ὄψομαί
1995 1067 2099 1134 σοι,

515 1149 576 1199 οὐ
601 1133 889 1200 λαλῶγσοι·
927 1144 1069 1196 οὕτω
1109 1143 1202 1196 καὶ
1233 1143 1262 1194 6
1289 1141 1419 1203 Θεὸς
1447 1139 1570 1192 τότε
1607 1138 1885 1208 ἐποίησεν.
1949 1133 2102 1187 Ἐπεὶ

514 1231 622 1300 γάρ
657 1231 818 1282 αὐτὸν
858 1229 1238 1298 παρώργισαν,
1280 1225 1392 1277 τὸν’
1423 1223 1605 1288 Ὀζίαν
1646 1223 1720 1292 μὴ
1751 1219 2094 1279 ἐκϐαλόντες,

509 1313 728 1376 Οὐκέτι,
764 1311 916 1379 φησί,
972 1309 1115 1362 λαλῶ
1167 1310 1279 1370 τοῖς
1331 1308 1634 1376 προφήταις
1688 1303 1862 1374 ὑμῶν,
1919 1301 2100 1354 οὐκέτι

514 1397 716 1464 πέμπω
751 1395 1066 1463 Πνεύματος
1103 1393 1284 1464 χάριν.
1343 1393 1482 1461 Ὅρα
1514 1390 1733 1442 κόλασιν
1763 1385 2100 1457 ἡμερότητος

510 1481 812 1550 γέμουσαν.
839 1481 914 1532 Οὐ
944 1479 1052 1549 γὰρ
1079 1477 1378 1546 κεραυνοὺς
1411 1474 1643 1542 ἀφῆκεν,
1679 1470 1798 1524 οὐδὲ
1840 1472 1902 1521 ἐκ
1937 1467 2098 1550 θεμε-

510 1549 640 1615 λίων
671 1553 952 1616 κατέσεισε
995 1560 1092 1631 τὴν
1128 1559 1315 1613 πόλιν·
1368 1556 1505 1610 ἀλλά
1537 1555 1625 1619 τίς
1672 1554 1747 1606 Οὐ
1797 1549 1979 1604 θέλετέ
2030 1565 2096 1618 με

512 1647 836 1716 ἐκδικῆσαις
875 1644 1038 1714 φησίν
1063 1661 1075 1674 ·
1122 1643 1222 1712 οὐχ
1267 1639 1440 1712 ὁμιλῶ
1475 1636 1665 1709 ὐμῖν.]
1714 1635 1806 1706 Μὴ
1847 1635 1952 1716 γὰρ
1998 1632 2098 1716 οὐκ

507 1713 788 1799 ἠδυνάμην
819 1713 978 1780 αὐτὸν
1006 1725 1288 1788 ἐκϐαλεῖν;
1331 1722 1472 1775 Ἀλλ’
1507 1718 1804 1790 ἐϐουλήθην
1832 1716 1892 1768 τὸ
1912 1713 2096 1799 λειπό-

513 1795 832 1881 μενον-ύμῖν
865 1809 1212 1863 καταλείπειν
1251 1818 1299 1859 α.
1355 1807 1430 1859 Οὐ
1469 1802 1764 1874 βούλεσθε;
1820 1799 1955 1853 Οὐδέ
1987 1795 2099 1865 ἐγὼ

505 1895 682 1964 όμιλῶ
715 1894 864 1964 ὑμῖν,
915 1893 1037 1946 οὐδέ
1086 1891 1220 1944 κινῶ
1263 1889 1371 1942 τῶν
1421 1885 1720 1958 προφητῶν
1764 1883 1860 1954 τὴν
1894 1882 2092 1952 ψυχήν.

508 1980 624 2032 Οὐκ
650 1979 871 2047 ἐνήργει
903 1976 996 2027 τοῦ
1032 1973 1347 2042 Πνεύματος
1377 1975 1408 2042 ή
1452 1973 1632 2041 χάρις,
1665 1969 1789 2039 σιγὴ
1812 1964 1900 2038 ἦν,
1927 1965 2096 2036 ἔχθρα

509 2061 643 2114 Θεοῦ
671 2061 765 2113 καὶ
810 2058 1134 2128 ἀνθρώπων.
1176 2056 1328 2110 Ἐπεὶ
1376 2051 1469 2108 οὖν
1512 2057 1716 2115 ἐκεῖνος
1751 2051 1886 2124 μετά
1926 2049 2098 2101 ταῦτα

505 2145 770 2208 ἀπέθανε,
821 2145 915 2197 καὶ
949 2142 1112 2210 ἐλύθη
1146 2141 1252 2194 τῶν
1309 2141 1636 2208 ἀκαθάρτων
1672 2137 1698 2176 ι)
1745 2138 1777 2205 ἠ
1823 2134 2094 2195 ὑπόθεσις.

524 2227 738 2297 Ἐπειδὴ
758 2222 850 2280 οὖν
876 2226 1067 2296 χρόνον
1104 2223 1269 2276 πολὺν
1295 2219 1440 2292 εἶχεν
1475 2223 1502 2272 6
1533 2220 1819 2289 προφήτης
1853 2216 1925 2286 μὴ
1960 2233 2096 2286 προ-

508 2310 806 2380 φητεύσας,
847 2307 1055 2360 ἐκείνου
1106 2305 1161 2358 δέ
1215 2305 1288 2374 μὴ
1340 2303 1797 2374 προφητεύοντος,
1846 2299 2009 2368 ἐλύθη
2063 2300 2095 2369 ή

505 2394 667 2464 ὀργὴ,
699 2393 792 2445 καὶ
817 2393 849 2462 ή
878 2390 1182 2462 προφητεία
1226 2389 1516 2457 ἐπανῆλθε.
1558 2386 1756 2440 Λοιπὸν
1788 2383 2097 2451 ἀναγκαίως

504 2481 534 2530 6
581 2477 862 2547 προφήτης
915 2473 1335 2545 ἐπισημαίνεται
1377 2471 1467 2523 τὸν
1512 2469 1723 2538 καιρὸν,
1778 2468 1871 2520 καὶ
1913 2466 2092 2534 λέγει’

509 2558 554 2610 Κ
561 2559 623 2610 αἰ
653 2558 889 2628 ἐγένετο
917 2557 984 2609 ἐν
1011 2554 1088 2619 τῷ
1125 2553 1376 2617 ἐνιαυτῷ
1399 2564 1447 2615 ο,
1480 2548 1550 2606 οὗ
1574 2552 1879 2605 ἀπέθανεν
1909 2549 2096 2613 Ὀζῖας

505 2647 539 2697 ό
581 2641 902 2708 βασιλεὺς,
954 2637 1114 2693 εἶδον
1179 2639 1285 2692 τὸν
1338 2639 1556 2704 Κύριον
1607 2634 1947 2702 καθήμενον
1997 2633 2094 2685 ἐπὶ

507 2730 727 2794 θρόνου
784 2723 1029 2793 ὑψηλοῦ
1080 2723 1176 2775 καί
1226 2721 1587 2788 ἐπηρμένου.
1641 2718 1769 2770 Ὅτε
1834 2717 2088 2778 ἀπέθανε,

507 2810 626 2862 τότε
660 2805 797 2863 εἶδον
822 2808 912 2860 τὸν
938 2807 1162 2877 Κύριον.
1195 2805 1331 2874 Πρὶν
1359 2805 1466 2872 γὰρ
1496 2803 1587 2854 τὸν
1625 2801 1756 2853 Θεὸν
1781 2800 1878 2870 οὐχ
1908 2801 2091 2868 ἐώρων

499 2893 856 2964 ὀργιζόμενον
875 2894 1022 2962 ἡμῖν.
1045 2888 1191 2961 [151]
1209 2883 1380 2940 ’Ἦλθε
1402 2887 1511 2954 γὰρ
1529 2887 1555 2935 6
1573 2885 1800 2946 Θάνατος
1830 2883 1921 2936 τοῦ
1954 2885 2092 2935 ἀκα-

507 2977 730 3048 θάρτου,
758 2976 852 3029 καὶ
882 2976 1036 3027 ἔλυσε
1053 2975 1150 3043 τὴν
1166 2971 1359 3042 ὀργήν.
1384 2968 1480 3021 Διά
1501 2968 1677 3032 τοῦτο,
1695 2966 1967 3048 πανταχοῦ
1985 2966 2092 3016 τῶν

508 3045 772 3126 βασιλέων
798 3057 896 3127 τὴν
926 3057 1067 3126 ζωὴν
1097 3055 1293 3122 λέγων,
1313 3051 1545 3104 ἐνταῦθα
1571 3049 1830 3119 τελευτὴν
1852 3045 1972 3100 εἷπε
1995 3048 2089 3100 τοῦ

518 3140 727 3205 Ὀζίουο
780 3140 1060 3208 Ἐγένετο,
1097 3137 1250 3206 φησι,
1279 3135 1382 3189 τοῦ
1411 3133 1714 3198 ἐνιαυτοῦ,
1758 3127 1830 3186 οὗ
1874 3131 2092 3184 ἀπέθα-

503 3241 612 3278 νεν
649 3222 837 3287 Ὀζῖας
864 3226 895 3276 ό
913 3221 1233 3286 βασιλεὺς,
1257 3215 1422 3273 εἶδον
1453 3218 1562 3270 τόν
1590 3217 1810 3282 Κύριον
1838 3213 2092 3282 καθήμε-

504 3324 614 3360 νον
666 3307 765 3360 ἐπὶ
809 3307 1024 3373 θρόνου
1076 3302 1320 3372 ὑψηλοῦ
1367 3301 1465 3354 καὶ
1505 3298 1862 3366 ἐπηρμένου.
1935 3297 2091 3348 Ἀλλὰ

505 3392 666 3444 πάλιν
689 3389 782 3444 τοῦ
801 3391 935 3443 Θεοῦ
955 3390 1054 3460 τὴν
1081 3388 1271 3457 φιλανθ
1283 3386 1490 3457 ρωπίαν
1515 3383 1746 3436 ἐνταῦθα
1777 3383 1900 3435 ἰδεῖν
1923 3383 2086 3437 ἐστιν.

517 3473 810 3528 Ἀπέθανεν
866 3474 894 3524 6
946 3472 1275 3540 ἀκάθαρτος,
1315 3468 1407 3522 καὶ
1447 3467 1759 3538 κατηλλάγη
1808 3465 1937 3527 Θεὸς
1980 3467 2090 3528 τοῖς

503 3556 835 3628 ἀνθρώποις.
857 3556 952 3608 Διά
976 3555 1047 3620 τί,
1074 3555 1147 3624 μὴ
1171 3554 1339 3606 ὄντων
1365 3549 1825 3621 κατορθωμάτων,
1851 3547 2087 3614 ἐγένετο,

504 3641 639 3693 ἀλλά
667 3639 742 3709 τῷ
791 3638 1077 3692 ἀποθανεῖν
1113 3635 1312 3700 αὐτόν;
1370 3634 1494 3686 Ὀτι
1542 3631 1922 3702 φιλάνθρωπός
1951 3632 2086 3692 ἐστι,

504 3724 599 3778 καὶ
625 3724 724 3777 οὐκ
751 3722 1183 3792 ἀκριϐολογεῖται
1223 3721 1279 3770 ἐν
1317 3721 1428 3781 τοῖς
1468 3716 1762 3778 τοιούτοιςο
1805 3715 1861 3766 ἓν
1908 3713 2090 3782 ἐζήτει

508 3807 666 3875 μόνον
691 3808 718 3860 6
755 3806 1135 3875 φιλάνθρωπος
1167 3803 1260 3855 καί
1283 3801 1483 3868 ἀγαθὸς
1505 3801 1657 3863 Θεὸς,
1692 3799 1777 3851 ἵνα
1804 3800 1830 3850 6
1856 3797 2089 3866 ἀκάθαρ-

502 3907 593 3953 τος
626 3889 833 3959 ἐξέλθῃ.
853 3889 1038 3941 Ταῦτα
1059 3889 1237 3939 τοίνυν
1260 3886 1478 3946 εἰδότες,
1504 3884 1760 3934 ἀπόνοιαν
1789 3880 2087 3947 διώξωμεν,

501 3970 997 4042 ταπεινοφροσύνην
1046 3967 1449 4037 ἀσπασώμεθα,
1496 3965 1594 4034 τὴν
1646 3964 1897 4014 εἰωθυῖαν
1935 3962 2090 4025 δῦξαν

501 4054 914 4126 ἀναπέμψωμεν
953 4054 1030 4123 τῷ
1068 4055 1237 4122 Πατρί
1291 4052 1383 4104 καὶ
1415 4049 1492 4119 τῷ
1543 4047 1654 4116 Υἰῷ
1692 4047 1786 4099 καὶ
1831 4045 1907 4114 τῷ
1951 4046 2089 4115 ἁγίῳ

505 4139 802 4208 Πνεύματι,
855 4136 948 4189 νῦν
985 4138 1075 4189 καὶ
1126 4137 1232 4199 ἀεὶ,
1302 4135 1395 4188 καὶ
1445 4135 1525 4195 εἰς
1564 4133 1689 4194 τοὺς
1733 4131 1933 4194 αίῶνας
1984 4131 2089 4182 τῶν

503 4221 737 4275 αἰώνων.
777 4221 970 4288 Ἀμήν.

501 4375 602 4438 Εἰς
645 4372 710 4424 τὸ
753 4369 945 4438 ῥητὸν
985 4370 1090 4423 τοῦ
1135 4368 1730 4438 προφήτουςησαΐου
1771 4369 1837 4421 τὸ
1869 4368 2082 4438 λέγον·

582 4433 600 4492 ἱ
641 4433 908 4510 Ἐγένετο
938 4440 1041 4510 τοῦ
1068 4433 1366 4502 ἐνιαυτοῦ,
1402 4433 1471 4491 οὗ
1498 4437 1798 4510 ἀπέθανεν
1835 4436 2022 4510 ’(Ι-ζίιις
2052 4439 2083 4489 ό

568 4507 887 4575 βασιλεὺς,
914 4509 1077 4563 εἶδον
1099 4510 1205 4562 τὸν
1235 4511 1484 4574 Κύριονο
1513 4528 1530 4559 ι
1561 4508 1655 4560 καί
1691 4509 1727 4574 ἡ
1757 4507 2085 4569 ἀπόδειξις,

573 4583 662 4633 ὅτι
681 4580 918 4644 δικαίως
941 4580 1244 4646 ἐλεπρώθη
1277 4580 1464 4642 Ὀζίας
1489 4577 1749 4642 ἀναξίως
1771 4576 2085 4643 θυμιάσας,

572 4652 717 4720 ὅπερ
749 4654 859 4705 οὐκ
893 4650 1094 4714 ἔξεστι
1115 4649 1508 4713 βασιλεῦσιν.
1541 4649 1676 4702 ἀλλ’
1701 4647 1942 4716 ἱερεῦσι.

1119 4798 1358 4851 ΟΜΙΛῘΑ
1398 4799 1470 4858 Ε’.

572 4921 639 4966 α’.
668 4915 804 4985 Φέρε
838 4917 1075 4986 τήμερον
1103 4917 1209 4978 τοῖς
1241 4914 1380 4967 κατά
1414 4914 1504 4964 τὸν
1552 4910 1733 4975 Ὀζίαν
1759 4913 2086 4982 διηγήμασιν

501 4997 786 5068 ἀποδῶμεν
825 4999 884 5051 τὸ
911 4999 1085 5065 τέλος,
1111 4999 1204 5051 καὶ
1237 4998 1334 5067 τὴν
1366 4999 1568 5067 ὀροφὴν
1600 4996 1784 5048 λοιπὸν
1811 4997 2086 5066 ἐπιθῶμεν

502 5081 766 5150 τῷλόγῳ,
798 5083 1003 5152 μήποτε
1035 5081 1127 5134 καὶ
1163 5083 1322 5150 ἡμεῖς
1370 5079 1886 5150 καταγελασθῶμεν,
1914 5081 2085 5134 καθά-

509 5181 608 5232 περ
646 5166 870 5226 ἐκεῖνος,
907 5165 933 5215 6
967 5165 1056 5216 τὸν
1097 5164 1307 5234 πύργον
1353 5166 1411 5215 ἐν
1443 5165 1556 5224 τοῖς
1590 5163 1942 5230 Εὐαγγελίοις
1970 5165 2088 5215 ἐπι-

503 5248 763 5318 χειρήσας
798 5247 893 5316 μὲν
937 5248 1308 5317 οἰκοδομῆσαι,
1354 5247 1429 5317 μὴ
1459 5245 1707 5315 δυνηθεὶς
1744 5247 1833 5299 δέ·
1875 5248 2086 5316 μήποτέ

503 5350 585 5394 τις
633 5331 740 5383 τῶν
782 5330 1087 5401 παριόντων
1130 5333 1224 5384 καὶ
1266 5331 1392 5402 περὶ
1436 5329 1596 5399 ἡμῶν
1625 5329 1775 5402 εἴπῃ,
1811 5325 1999 5395 Οὗτος
2054 5334 2087 5386 ό

499 5416 810 5481 ὥνθρωπος
843 5413 1068 5481 ἤρξατο
1120 5414 1237 5483 μὲν
1273 5411 1684 5482 οἰκοδομῆσαι,
1728 5415 1837 5466 οὐκ
1861 5415 2086 5482 ἴσχυσε

501 5498 568 5550 δὲ
597 5497 925 5551 ἐκτελέσαι.
953 5499 1116 5554 Ὥστε
1137 5497 1194 5550 δέ
1225 5497 1533 5568 σαφέστερα
1565 5497 1691 5567 ὑμῖν
1727 5497 1977 5564 γενέσθαι
2015 5497 2084 5552 τά

565 5773 789 5838 FOmnes
807 5787 923 5838 mss.
947 5775 1180 5838 iolfSavili.
1207 5777 1252 5824 in
1274 5790 1426 5837 marg.
1456 5777 1711 5834 ἐϐουλήθην
1731 5778 1784 5824 τὸ
1810 5778 2082 5838 λειπόμενον

500 5837 606 5899 ὑμῖν
625 5837 911 5883 καταλιπεῖν.
946 5837 993 5883 In
1019 5837 1189 5884 Morel.
1210 5839 1264 5885 τὸ
1288 5840 1561 5899 λειπόμενον
1582 5840 1772 5886 deerat.

565 5897 808 5962 59an$
831 5911 944 5962 ῐηςς.
980 5900 1074 5944 τῶν
1105 5903 1339 5962 καταρῶν.
1391 5897 1487 5947 de
1523 5900 1697 5949 Morel.
1723 5907 1770 5949 et
1797 5901 1940 5949 Sm'il.
1987 5903 2079 5948 τῶν

503 5957 998 6022 ἀκαθάρτωνῌὴοίιυηι,
1021 5969 1167 6022 atque.
1193 5957 1255 6008 it};
1282 5963 1401 6022 legit
1429 5963 1671 6011 Erasmus.

564 5991 654 6005 wn»
691 5991 774 6004 ιυυν
801 5991 914 6005 ιιυιιιι
929 5991 998 6016 ιιι,
1021 5991 1167 6020 αυμιιι
1194 5991 1255 6008 ua
1283 5991 1401 6022 ιυδιι
1429 5991 1671 6011 ulaaluuo.

560 6025 586 6052 ε
606 5991 706 6071 Arii
729 6018 810 6067 τοῦ
836 6020 1065 6070 ἐνιαυτοῦ.
1092 6021 1214 6072 Infra
1240 6038 1436 6086 quoque
1461 6025 1642 6086 legitur
1662 6023 1745 6073 τοῦ
1768 6024 2000 6072 ἐνιαυτοῦ.

1103 450 1164 506 S.
1198 448 1484 506 JOANNIS
1519 441 2011 504 CHRYSOSTOMI
2043 439 2370 497 ARCHIEP.
2414 441 2969 500 CONSTANTINOP.

2207 551 2496 624 λεγόμενα,
2531 556 2703 628 μικρά
2733 556 2841 611 τῶν
2881 556 3147 628 πρότερον
3171 555 3475 627 εἰρημένων
3501 555 3792 611 ἀναλαϐεῖν

2207 636 2518 705 ἀναγκαῖον,
2559 639 2644 693 ἵνα
2681 639 2754 710 μὴ
2779 641 2949 711 χωρὶς
2987 639 3226 710 κεφαλῆς
3263 641 3394 710 ἡμῖν
3436 641 3465 692 6
3511 641 3666 709 λόγος
3706 645 3792 706 είς

2208 719 2270 771 τὸ
2300 719 2524 791 θέατρον
2548 722 2760 792 εἰσέλθῃ
2782 723 2844 775 τὸ
2871 723 3265 793 πνευματικὸν,
3290 722 3425 776 ἀλλά
3449 723 3548 793 τὴν
3577 724 3787 778 οἰκείαν

2204 802 2326 871 ϐψιν
2348 804 2632 857 ἀπολαϐὼν
2656 806 2930 877 γνώριμος
2957 806 3183 877 γένηται
3205 810 3316 871 τοῖς
3331 805 3567 870 θεαταῖς.
3593 808 3786 862 Ἔσται

2203 886 2309 956 γάρ
2337 884 2364 925 τι
2393 887 2462 940 τὰ
2491 887 2631 940 αὐτὰ.
2671 891 2784 951 τοῖς
2829 888 2927 958 μὲν
2957 889 3256 960 ἀκηκοόσιν
3299 890 3623 960 ὑπόμνησις,
3676 892 3788 954 τοῖς

2203 967 2260 1020 δέ
2291 967 2366 1038 μὴ
2402 969 2664 1040 ἀκηκοόσι
2693 969 3029 1025 διδασκαλία.
3068 972 3267 1043 Πρὼην
3302 972 3399 1042 μὲν
3443 968 3534 1026 οῦν
3558 974 3789 1043 εἰρήκα-

2208 1069 2326 1120 μεν,
2361 1052 2480 1113 πῶς
2522 1048 2586 1122 ἦν
2616 1053 2844 1124 εὐσεϐὴς
2881 1056 2910 1107 6
2963 1053 3162 1119 Ὀζίας,
3194 1055 3310 1119 πῶς
3345 1055 3402 1108 δέ
3424 1056 3613 1123 γέγονε
3647 1054 3791 1123 φαῦ-

2205 1133 2313 1199 λος,
2333 1135 2426 1187 καί⁷
2455 1136 2638 1198 πόθεν,
2667 1136 2937 1208 καὶμέχρι
2957 1138 3062 1190 ποῦ
3087 1141 3187 1208 τῆς
3208 1137 3464 1200 ἀπονοίας
3491 1137 3786 1208 ὠλίσθησε·

2206 1217 2442 1288 σήμερον
2469 1219 2526 1272 δὲ
2565 1220 2859 1286 ἀναγκαῖον
2907 1221 3103 1284 εἰπεῖν,
3151 1219 3271 1284 πῶς
3309 1221 3556 1291 εἰσῆλθεν
3602 1223 3682 1284 εἰς
3724 1220 3791 1274 τὸ

2204 1299 2369 1368 ἱερὸν,
2426 1303 2541 1365 πῶς
2594 1301 2917 1373 ἐπεχείρησε
2960 1302 3243 1372 θυμιᾶσαι,
3282 1304 3400 1366 πῶς
3445 1303 3712 1357 ἐκώλυσεν
3757 1305 3790 1356 6

2207 1394 2404 1464 ἱερεὺς,
2438 1392 2556 1456 πῶς
2579 1394 2678 1446 οὐκ
2703 1389 2844 1457 εἶξεν
2868 1395 3095 1459 ἐκεῖνος,
3139 1395 3260 1458 πῶς
3303 1395 3648 1447 ἐπεσπάσατο
3686 1393 3786 1448 τοῦ

2203 1475 2337 1528 Θεοῦ
2368 1475 2466 1544 τὴν
2493 1475 2682 1551 ὀργὴν,
2717 1476 2834 1540 πῶς
2868 1478 2925 1529 ἐν
2950 1479 3018 1548 τῇ
3040 1476 3217 1547 λέπρᾳ
3240 1476 3332 1530 τὸν
3363 1476 3475 1547 βίον
3495 1476 3784 1541 κατέλυσε,

2203 1558 2297 1609 καὶ
2327 1557 2471 1619 τίνος
2513 1557 2696 1611 ἕνεκεν
2737 1561 2764 1612 6
2804 1560 3091 1630 προφήτης
3124 1559 3222 1622 τὰς
3259 1559 3468 1630 ἡμέρας
3500 1561 3600 1630 τῆς
3640 1558 3791 1630 ζωῆς

2205 1640 2369 1694 αὐτοῦ
2429 1643 2645 1713 παρεὶς,
2683 1642 2781 1713 τῆς
2823 1642 3084 1712 τελευτῆς
3125 1643 3546 1713 ἐμνημόνευσεν,
3586 1644 3792 1696 οὑτωσὶ

2203 1722 2375 1791 λέγων
2396 1740 2410 1754 ·
2473 1725 2582 1778 Τοῦ
2605 1724 2905 1790 ἐνιαυτοῦ,
2939 1721 3012 1781 οὗ
3051 1727 3351 1780 ἀπέθανεν
3391 1724 3570 1793 Ὀᾶας
3604 1728 3636 1780 δ
3656 1727 3794 1791 βα-

2202 1807 2432 1871 σιλεύς.
2469 1806 2638 1861 Τοῦτο
2667 1808 2776 1879 γάρ
2804 1809 2943 1873 ἐστι,
2991 1807 3060 1862 δι’
3099 1810 3127 1862 6
3160 1811 3338 1862 πᾶσαν
3382 1806 3443 1874 ἐξ
3487 1809 3658 1879 ἀρχῆς
3688 1808 3792 1879 τὴν

2205 1890 2442 1960 ἱστορίαν
2470 1891 2802 1963 ἐκινήσαμεν
2824 1910 2837 1924 ·
2865 1893 3000 1948 ἀλλά
3031 1895 3324 1966 προσέχετε
3355 1893 3618 1965 ἀκριϐῶς.

2274 1973 2419 2046 [152]
2437 1975 2543 2029 Καὶ
2559 1976 2815 2045 ἐγένετο,
2831 1980 3015 2049 φησὶν,
3035 1982 3215 2046 ἡνίκα
3238 1981 3500 2049 ἴσχυσεν
3515 1981 3547 2032 ό
3563 1975 3740 2043 Ὀζίας
3753 1981 3790 2032 ό

2196 2057 2516 2123 βασιλεὺς,
2541 2059 2752 2128 ὑψώθη
2778 2061 2815 2128 ἠ
2840 2062 3054 2131 καρδία
3077 2061 3263 2116 αὐτοῦ
3279 2062 3390 2127 ἕως
3407 2061 3512 2115 τοῦ
3529 2060 3792 2128 διαφθεῖ-

2192 2159 2315 2208 ραι,
2374 2141 2475 2193 καὶ
2509 2142 2805 2209 ἠδίκησεν
2845 2144 2914 2199 ἐν
2956 2145 3153 2212 Κυρίῳ
3187 2144 3308 2210 Θεῷ
3353 2145 3559 2199 αὐτοῦ.
3607 2144 3703 2207 Τίς
3760 2147 3793 2196 ὁ

2199 2223 2400 2291 τρόπος
2421 2223 2521 2293 τῆς
2547 2225 2798 2292 ἀδικίας;
2837 2227 3123 2296 Εὶσῆλθε,
3155 2228 3339 2298 φησὶν,
3380 2230 3467 2292 εις
3490 2227 3595 2280 τὸν
3637 2227 3795 2280 ναὸν

2199 2306 2442 2370 Κυρίου,
2489 2307 2775 2376 θυμιᾶσαι
2820 2308 2918 2362 ἐπὶ
2965 2310 3034 2363 τὸ
3082 2309 3515 2377 θυσιαστήριον
3549 2309 3653 2363 τοῦ
3691 2311 3793 2362 θυ-

2193 2387 2486 2456 μιάματος
2534 2400 2579 2445 θ.
2611 2393 2676 2442 Ὢ
2708 2392 2806 2462 τῆς
2867 2391 3095 2463 τόλμης,
3146 2393 3191 2445 ῶ
3232 2393 3329 2464 τῆς
3383 2393 3786 2463 ἀναισχυντίας.

2199 2471 2387 2524 Αὐτῶν
2417 2472 2524 2527 τῶν
2551 2474 2712 2544 ἰερῶν
2740 2473 2949 2528 ἀδύτων
2979 2475 3403 2546 κατετόλμησεν,
3439 2477 3519 2538 είς
3557 2474 3627 2527 τὰ
3657 2477 3791 2543 ἅγια

2200 2553 2306 2604 τῶν
2339 2554 2510 2622 ἁγίων
2539 2556 2918 2626 εἰσεπήδησεν,
2972 2556 3002 2609 6
3045 2559 3210 2612 πᾶσιν
3240 2558 3438 2612 ἄϐατον
3475 2553 3542 2629 ἦν
3567 2558 3784 2628 χωρίον,

2200 2634 2338 2706 πλὴν
2380 2636 2473 2688 τοῦ
2528 2637 2846 2707 ἀρχιερέως,
2887 2639 3045 2691 τοῦτο
3093 2640 3400 2709 βεϐηλῶσαι
3439 2641 3785 2711 ἐπεχείρησε.

2199 2715 2451 2770 Τοιοῦτόν
2487 2720 2634 2771 ἐστιν
2673 2722 2752 2783 είς
2783 2720 3038 2776 ἀπόνοιαν
3073 2723 3372 2794 ἐπαρθεῖσα
3398 2723 3566 2794 ψυχή.
3603 2723 3792 2777 Καθά-

2198 2801 2308 2865 παξ
2345 2801 2453 2874 γὰρ
2486 2803 2585 2873 τῆς
2619 2804 2825 2868 οἰκείας
2866 2806 3182 2874 ἀπογνοῦσα
3218 2807 3512 2878 σωτηρίας,
3549 2806 3787 2876 οὐδαμοῦ

2196 2885 2296 2953 τῆς
2337 2887 2532 2954 μανίας
2586 2889 2822 2954 ἵσταται,
2869 2889 3005 2944 ἀλλά
3040 2889 3139 2954 τάς
3180 2891 3334 2961 ἡνίας
3370 2891 3471 2961 τῆς
3511 2891 3786 2961 σωτηρίας

2197 2968 2367 3038 αὐτῆς
2395 2968 2671 3022 ἐνδιδοῦσα
2713 2969 2729 3008 ί
2758 2973 2878 3034 ταῖς
2902 2972 3120 3040 ἀλόγοις
3153 2973 3469 3044 ἐπιθυμίαις
3507 2974 3785 3044 πανταχοῦ

2198 3050 2443 3122 φέρεται,
2482 3052 2574 3103 καὶ
2618 3052 2870 3123 καθάπερ
2917 3055 3082 3118 ἵππος
3135 3056 3407 3126 δυσήνιος,
3447 3056 3536 3108 τὸν
3569 3056 3788 3126 χαλινὸν

2197 3132 2303 3184 ἀπὸ
2337 3133 2429 3185 τοῦ
2462 3135 2731 3205 στόματος
2763 3135 3031 3203 ἐκϐαλὼν,
3076 3138 3169 3190 καὶ
3199 3137 3291 3190 τὸν
3317 3137 3591 3208 ἀναϐάτην
3625 3139 3788 3208 ῥίψας

2195 3216 2303 3268 ἀπὸ
2332 3217 2425 3269 τοῦ
2462 3217 2654 3285 νώτου,
2686 3220 2886 3284 παντὸς
2909 3221 3112 3292 ἀνέμου
3160 3220 3513 3292 σφοδρότερον
3540 3222 3785 3293 φέρεται,

2196 3300 2289 3351 καὶ
2334 3303 2445 3364 τοῖς
2488 3303 2800 3356 ἀπαντῶσιν
2840 3305 2986 3358 ἐστιν
3036 3305 3329 3378 ἀφόρητος,
3372 3306 3787 3374 ὑποφευγόντων

2197 3383 2473 3448 ἁπάντων,
2503 3389 2794 3456 κατασχεῖν
2827 3387 2884 3440 δέ
2910 3388 3220 3459 τολμῶντος
3251 3389 3463 3452 οὐδενός
3484 3405 3499 3420 ·
3527 3389 3669 3442 οὕτω
3692 3390 3788 3443 καὶ

2194 3466 2360 3537 ψυχὴ.
2393 3468 2483 3520 τὸν
2519 3469 2836 3538 χαλινοῦντα
2882 3469 3053 3541 αὐτὴν
3096 3472 3190 3524 τοῦ
3244 3471 3378 3524 Θεοῦ
3419 3471 3582 3540 φόϐον
3608 3472 3788 3524 ἐκϐατ-

2193 3549 2378 3614 λοῦσα,
2415 3552 2509 3605 καί
2539 3552 2629 3604 τὸν
2655 3553 2975 3623 ἡνιοχοῦντα
3011 3553 3216 3624 ῥίψασα
3263 3555 3520 3624 λογισμὸν
3547 3555 3784 3619 ἅπαντα,

2194 3631 2262 3683 τὰ
2291 3632 2389 3701 τῆς
2420 3637 2618 3696 κακίας
2655 3635 2934 3706 ἐπιτρέχει
2970 3637 3165 3706 χωρία,
3217 3639 3321 3701 ἕως
3359 3639 3426 3691 ἂν
3455 3639 3536 3700 εἰς
3580 3637 3647 3691 τὰ
3685 3638 3788 3708 τῆς

2195 3716 2469 3780 ἀπωλείας
2492 3717 2740 3789 βάραθρα
2755 3721 2997 3790 φέρουσα
3019 3723 3441 3797 κατακρημνίσῃ
3466 3724 3562 3793 τὴν
3587 3724 3785 3794 ἑαυτῆς

2196 3800 2490 3869 σωτηρίαν.
2518 3801 2608 3854 Διὸ
2630 3802 2735 3872 χρὴ
2758 3803 2999 3873 συνεχῶς
3025 3804 3194 3874 αὐτὴν
3223 3805 3638 3876 ἀνακρούεσθαι,
3668 3809 3784 3871 καὶ,

2191 3882 2442 3952 καθάπερ
2476 3885 2583 3935 τινὶ
2612 3885 2835 3955 χαλινῷ,
2881 3885 2958 3955 τῷ
2985 3887 3084 3957 τῆς
3110 3888 3391 3952 εὐσεϐείας
3417 3888 3658 3959 λογισμῷ
3687 3890 3786 3960 τὴν

2192 3965 2382 4031 ἄλογον
2416 3966 2588 4035 αὐτῆς
2613 3967 2978 4038 ἀναχαιτίζειν
3009 3971 3188 4042 όρμήν
3211 3988 3225 4002 °
3263 3973 3397 4043 ὅπερ
3419 3974 3448 4024 6
3485 3972 3662 4036 Ὀζίας
3686 3974 3787 4026 οὐκ

2193 4049 2468 4116 ἐποίησεν,
2502 4049 2616 4102 ἀλλ’
2653 4053 2731 4113 εἰς
2753 4053 2922 4122 αὐτὴν
2953 4053 3053 4123 τὴν
3077 4055 3338 4110 ἀνωτάτω
3374 4058 3590 4110 πάντων
3607 4058 3785 4129 ἀρχὴν

2193 4131 2603 4202 παρηνόμησεν.
2651 4133 2942 4205 Ὶερωσύνη
2977 4137 3088 4206 γὰρ
3133 4140 3227 4190 καὶ
3274 4140 3445 4209 αὐτῆς
3491 4141 3590 4210 τῆς
3634 4141 3786 4211 βασι-

2190 4212 2341 4274 λείας
2368 4214 2688 4284 σεμνοτέρα,
2742 4217 2836 4269 καὶ
2885 4216 3088 4287 μείζων
3121 4221 3267 4273 ἐστὶν
3307 4222 3474 4292 ἀρχή.
3533 4224 3623 4292 Μὴ
3676 4224 3787 4293 γάρ

2194 4315 2283 4367 μοι
2318 4298 2418 4368 τὴν
2450 4298 2746 4369 ἁλουργίδα
2779 4301 2961 4373 εἴπῃς,
3005 4302 3139 4373 μηδέ
3173 4303 3233 4356 τὸ
3259 4305 3513 4377 διάδημα,
3547 4307 3678 4377 μηδέ
3716 4309 3787 4361 τά

2193 4381 2382 4450 ίμάτια
2410 4381 2478 4434 τὰ
2502 4384 2700 4451 χρυσᾶ.
2740 4383 2874 4438 Σκιά
2898 4385 3076 4439 πάντα
3102 4388 3307 4450 ἐκεῖνα,
3344 4390 3437 4442 καὶ
3479 4391 3587 4444 τῶν
3630 4393 3786 4461 ἐαρι-

2189 4465 2296 4518 νῶν
2319 4465 2496 4517 ἀνθῶν
2523 4466 2903 4538 εὐτελέστερα.
2935 4468 3112 4524 Πᾶσα
3140 4472 3251 4542 γάρ
3271 4472 3420 4536 δόξα
3445 4473 3783 4542 ἀνθρώπου,

2192 4549 2377 4616 φησὶν,
2409 4548 2488 4611 ὡς
2516 4548 2698 4613 ἄνθος
2719 4552 2958 4617 χόρτου,
2983 4553 3089 4605 κᾶν
3117 4554 3286 4624 αὐτὴν
3312 4556 3475 4628 λέγῃς
3501 4557 3598 4627 τήν
3629 4557 3784 4627 βασι-

2190 4631 2369 4699 λικήν.
2409 4630 2500 4699 Μὴ
2529 4631 2586 4684 δέ
2609 4630 2783 4686 ταῦτά
2821 4651 2910 4703 μοι
2943 4635 3090 4704 λέγε,
3124 4638 3239 4691 ἀλλ’
3278 4641 3327 4691 εἰ
3375 4639 3551 4708 βούλει
3597 4641 3786 4712 ἱερέως

2193 4713 2329 4783 πρὸς
2360 4712 2584 4782 βασιλέα
2617 4714 2676 4767 τὸ
2722 4716 2978 4790 διάφορον
3012 4720 3161 4784 ἰδεῖν,
3192 4722 3292 4791 τῆς
3321 4724 3535 4793 ἑκάστῳ
3569 4725 3786 4795 διδομέ-

2191 4813 2287 4864 νης
2318 4796 2569 4861 ἐξουσίας
2599 4798 2658 4850 τὸ
2696 4799 2892 4870 μέτρον
2938 4801 3191 4867 ἐξέτασον
3232 4808 3278 4869 ε,
3328 4808 3421 4860 καὶ
3463 4806 3643 4878 πολλῷ
3687 4808 3784 4861 τοῦ

2193 4878 2457 4963 βασιλέως
2492 4880 2796 4952 ὑψηλότερα
2843 4883 2966 4953 ὄψει
3003 4886 3096 4940 τὸν
3145 4889 3298 4958 ἰερέα
3335 4892 3662 4963 καθήμενον.
3721 4891 3785 4946 Et

2192 4961 2300 5031 γὰρ
2335 4963 2428 5015 καὶ
2468 4964 2663 5032 σεμνὸς
2703 4968 2832 5034 ἡμῖν
2870 4969 2898 5020 6
2945 4968 3134 5039 θρόνος
3165 4973 3410 5040 φαίνεται
3439 4961 3493 5028 6H
3507 4975 3785 5044 βασιλικὸς

2192 5046 2300 5098 ἀπὸ
2331 5047 2437 5099 τῶν
2472 5050 2942 5117 προσπεπηγότων
2979 5053 3129 5122 αὐτῷ
3169 5055 3351 5123 λίθων,
3385 5060 3477 5110 καὶ
3503 5059 3597 5111 τοῦ
3630 5077 3786 5129 περι-

2194 5128 2516 5196 σφίγγοντος
2561 5131 2722 5185 αὐτὸν
2768 5135 2992 5202 χρυσίου
3017 5150 3031 5164 °
3081 5136 3198 5189 ἀλλ’
3238 5140 3388 5209 ὅμως
3442 5141 3511 5194 τὰ
3551 5143 3644 5194 ἐπὶ
3686 5128 3785 5212 τῆς

2190 5213 2295 5282 γῆς
2334 5213 2522 5282 ἔλαχεν
2553 5217 2878 5286 οἰκονομεῖν,
2913 5225 3010 5273 καὶ
3048 5221 3229 5274 πλεῖον
3259 5225 3371 5294 ἔχει
3399 5226 3497 5295 τῆς
3537 5225 3784 5290 ἐξουσίας

2188 5297 2390 5369 ταύτης
2436 5299 2625 5352 οὐδέν⁹
2671 5302 2699 5354 6
2735 5301 2791 5352 δὲ
2841 5301 2942 5372 τῆς
2987 5303 3284 5378 ίερωσύνης
3332 5307 3521 5376 θρόνος
3576 5311 3634 5364 ἐν
3671 5311 3784 5374 τοῖς

2251 5532 2280 5571 d
2329 5533 2533 5603 ᾼίἰαυοι
2558 5545 2701 5603 hr'nss.
2749 5533 2854 5603 ,τῶν
2913 5535 3170 5598 εἰρημένων
3225 5537 3552 5598 ἀναλάϐωμεν.
3611 5538 3782 5590 Ἔσται

2186 5595 2293 5656 γάρ,
2334 5595 2637 5653 interpositis
2664 5595 2870 5642 omissis.

2253 5669 2274 5694 θ
2305 5657 2334 5703 2
2363 5657 2770 5715 Paralipomenon
2794 5656 2871 5716 26,
2898 5656 2974 5713 16,
3002 5659 3139 5708 locus
3161 5662 3231 5708 sic
3257 5659 3428 5708 habet:
3456 5663 3550 5708 Καὶ
3581 5666 3643 5718 ὡς
3666 5681 3782 5713 κατ-

2188 5719 2412 5784 ίσχυσεν,
2426 5718 2594 5784 ὐψῴθη
2612 5720 2658 5784 Λή
2680 5718 3028 5784 καρδία-αὐτοῦ
3053 5720 3138 5768 τοῦ
3163 5722 3486 5782 καταφθεῖραι,
3509 5727 3588 5769 καὶ
3611 5726 3780 5784 ἠδίκη-

2186 5779 2268 5828 σεν
2307 5781 2354 5826 ἐν
2402 5779 2572 5850 Κυρίῳ,
2603 5779 2711 5850 φεῷ
2733 5779 2899 5850 αὐτοῦ,
2924 5783 3004 5828 καὶ
3027 5784 3236 5839 εἰσῆλθεν
3263 5779 3326 5850 εἰς
3348 5779 3428 5830 τόν
3466 5785 3576 5832 ναὸν
3605 5779 3781 5850 Κυρίου

2185 5847 2405 5906 θυμιᾶσαι
2435 5840 2508 5886 ἐπὶ
2529 5840 2583 5885 τὸ
2607 5841 2938 5906 θυσιαστῄριον
2962 5846 3057 5890 ’ὧν
3092 5845 3410 5906 θυμιαμάτων.

2252 5902 2270 5939 f
2297 5901 2523 5960 Quinque
2554 5915 2652 5948 mss
2694 5901 2912 5951 ἐνδοῦσα.

2249 5967 2271 6003 Ε
2297 5959 2519 6035 ριίιιιηιιρ
2543 5977 2656 6035 τιμε.
2685 5963 2882 6020 ἐξέταζε,
2911 5970 2962 6011 cl
2984 5980 3098 6035 ιιιοχ
3121 5970 3427 6031 ὐῂλότερον,
3448 5983 3558 6032 quae
3583 5984 3779 6035 ροδυ-ο-

2185 6041 2262 6078 ma
2287 6027 2433 6074 etiam
2462 6026 2606 6074 lectio
2633 6037 2727 6073 non
2747 6027 3046 6086 spernenda.
