4048 6466
283 387 399 446 129

274 498 558 568 interrupit
584 498 911 568 prephetize;
948 513 1011 554 ac
1040 500 1231 555 merito
1267 515 1414 555 sane.
1456 500 1586 554 Nam
1619 500 1867 556 quoniam

272 591 451 659 legem
482 589 648 658 ipsius
690 590 979 655 violarant,
1014 598 1067 645 et
1103 590 1296 660 ejicere
1324 591 1653 644 immundum
1682 589 1871 643 timue-

276 688 414 741 rant,
446 679 821 750 prOpheticum
854 681 995 735 sistit
1023 681 1218 735 donum
1251 698 1263 734 :
1295 679 1364 734 Et
1395 682 1595 735 verbum
1623 690 1728 734 erat
1755 697 1869 751 pre-

273 774 455 825 tiosum
483 781 620 834 tunc,
652 787 753 825 non
783 781 891 824 erat
915 788 1076 825 sermo
1104 772 1387 825 vaticinans
1416 772 1487 842 ('l.
1520 770 1648 842 Reg.
1678 773 1731 826 5.
1763 772 1816 840 1)
1851 788 1863 823 :

273 862 374 915 hoc
401 872 504 926 est,
553 877 658 915 non
700 861 1071 930 alloquebatur
1098 860 1216 915 illos
1244 876 1337 930 per
1379 862 1664 931 prophetas
1705 862 1864 927 Deus,

272 968 369 1006 nec
403 953 698 1024 inspirabat
722 954 773 1006 in
805 968 897 1007 eos
925 953 1155 1021 Spiritus
1179 968 1275 1022 per
1297 969 1456 1024 quem
1483 953 1863 1024 loquebantur,

270 1047 391 1113 quia
420 1046 753 1100 immundum
782 1061 947 1116 penes
973 1061 1030 1101 se
1057 1046 1324 1101 habebant
1356 1064 1368 1099 :
1399 1061 1572 1116 neque
1610 1047 1752 1101 enim
1777 1062 1864 1101 so-

270 1138 341 1190 let
375 1138 678 1192 immundos
705 1137 888 1192 afï¬‚are
928 1137 1158 1206 Spiritus
1186 1139 1377 1207 gratia.
1426 1138 1712 1208 Propterea
1758 1152 1861 1190 non

270 1229 477 1293 aderat,
501 1244 607 1282 non
630 1228 922 1298 apparebat
947 1228 1247 1297 prophetis,
1274 1227 1366 1282 sed
1388 1229 1510 1283 silet
1535 1238 1587 1281 et
1611 1228 1859 1281 occultat.

270 1318 337 1372 Ut
389 1330 568 1373 autem
623 1319 764 1387 quod
825 1319 945 1372 dico
1002 1318 1346 1372 manifestum
1403 1318 1673 1381 reddatur,
1730 1316 1860 1370 illud

268 1411 517 1479 exemplo
538 1410 843 1465 declarabo.
868 1408 1097 1464 Perinde
1118 1412 1267 1479 quasi
1298 1410 1558 1479 quispiam
1582 1426 1705 1479 erga
1732 1409 1863 1462 alte-

270 1519 386 1555 rum
427 1502 563 1556 bene
600 1499 844 1563 atTectus,
885 1502 952 1556 ab
990 1516 1056 1556 eo
1093 1501 1293 1557 furiose
1341 1501 1499 1556 fuerit
1538 1498 1772 1555 offensus
1809 1501 1860 1554 in

269 1608 325 1645 re
354 1593 553 1659 aliqua,
590 1601 644 1646 et
665 1591 809 1645 dicat
831 1591 903 1644 illi
932 1609 944 1644 :
970 1591 1085 1646 Non
1108 1593 1338 1661 amplius
1365 1607 1449 1646 me
1481 1591 1685 1647 videbis
1716 1611 1728 1647 :
1756 1608 1860 1645 non

266 1684 455 1751 loquar
496 1692 668 1737 tecum
722 1700 735 1735 :
778 1683 856 1736 sic
904 1691 1011 1736 tum
1058 1682 1165 1752 egit
1214 1684 1373 1737 Deus.
1421 1682 1858 1753 Quandoquidem

268 1774 413 1827 enim
457 1788 562 1826 non
589 1774 863 1842 ejicieutcs
893 1774 1073 1828 Oziam
1106 1775 1251 1828 illum
1287 1774 1571 1840 irritaraut,
1604 1774 1719 1829 Non
1749 1789 1862 1829 am-

265 1863 427 1933 plius,
456 1863 648 1932 inquit,
680 1864 953 1932 prophetis
994 1866 1184 1919 vestris
1221 1865 1433 1934 loquor,
1482 1880 1590 1919 non
1633 1865 1862 1935 amplius

265 1954 497 2025 Spirtus
525 1956 749 2024 gratiam
798 1956 970 2009 mitto.
1018 1954 1150 2010 Vide
1190 1956 1504 2026 supplicium
1536 1956 1859 2026 benignitate

267 2048 545 2102 refertum.
575 2046 690 2102 Non
722 2048 865 2102 enim
900 2048 1116 2101 fulmina
1148 2048 1388 2113 immisit,
1420 2064 1594 2118 neque
1626 2048 1860 2103 funditus

267 2139 453 2193 urbem
482 2140 789 2205 concussit;
820 2140 910 2193 sed
942 2139 1100 2209 quid?
1138 2138 1256 2193 Non
1296 2141 1454 2195 vultis
1497 2156 1583 2195 me
1632 2141 1857 2196 ulcisci?

266 2230 472 2297 inquit;
508 2245 611 2282 non
640 2231 915 2297 colloquor
947 2232 1242 2285 vobiscum.
1286 2232 1477 2285 Annon
1519 2232 1660 2287 enim
1707 2240 1855 2301 pote-

266 2336 377 2373 ram
410 2320 559 2375 illum
585 2320 822 2391 ejicere?
850 2321 1047 2376 Verum
1076 2322 1216 2391 quod
1260 2324 1515 2387 restabat,
1550 2325 1698 2378 vobis
1729 2325 1857 2379 reli~

266 2425 408 2465 ctum
449 2428 570 2468 esse
620 2413 785 2467 volui.
828 2413 941 2467 Non
984 2415 1176 2469 vultis?
1218 2414 1403 2485 Neque
1446 2430 1545 2485 ego
1582 2416 1859 2485 colloqnor

266 2503 567 2568 vobiscum,
617 2518 792 2571 neque
822 2504 997 2559 excito
1030 2506 1407 2574 prophetarum
1436 2507 1694 2560 animum.
1740 2505 1854 2559 Non

265 2594 456 2662 agebat
486 2593 536 2646 in
561 2593 639 2648 eis
670 2594 898 2661 Spiritus
933 2595 1122 2663 gratia,
1152 2596 1421 2649 silentium
1448 2606 1582 2662 erat,
1612 2596 1855 2650 simultas

266 2684 407 2737 inter
432 2684 597 2738 Deum
641 2694 697 2738 et
737 2684 1003 2739 homines.
1047 2684 1180 2740 Cum
1228 2687 1385 2755 igitur
1426 2688 1513 2741 ille
1555 2698 1672 2756 post
1715 2696 1858 2741 esset

267 2786 530 2842 mortuus,
563 2776 769 2831 sublata
799 2786 882 2831 est
910 2786 964 2832 et
994 2778 1322 2848 impurornm
1345 2779 1574 2833 occasio.
1607 2778 1745 2847 Ergo
1768 2778 1855 2832 ubi

267 2871 524 2938 propheta
558 2870 725 2925 multo
757 2879 995 2941 tempore
1034 2870 1282 2926 desiisset
1313 2872 1623 2941 prardicere,
1659 2873 1854 2941 illoque

265 2960 481 3014 silentio
509 2959 679 3013 soluta
709 2961 892 3015 fuisset
931 2962 1009 3016 ira
1040 2963 1152 3027 Dei,
1201 2962 1358 3017 rediit
1393 2963 1685 3033 prophetia.
1721 2963 1855 3019 Hinc

268 3056 523 3122 propheta
556 3054 861 3108 necessario
888 3055 1132 3123 designat
1155 3057 1342 3110 mortis
1371 3067 1595 3125 tempus,
1629 3056 1809 3111 dicens
1839 3075 1851 3109 :

269 3146 331 3197 Iu't
361 3146 553 3214 factum
583 3156 655 3198 est
695 3162 850 3211 anno,
882 3162 979 3215 quo
1012 3156 1240 3200 mortuus
1283 3156 1354 3201 est
1406 3146 1557 3201 Ozias
1600 3164 1710 3211 rex,
1754 3148 1856 3200 vidi

268 3234 544 3287 Dominum
574 3237 823 3289 sedentem
852 3238 905 3289 ia
930 3238 1057 3291 solio
1086 3238 1283 3292 excelsa
1304 3247 1349 3292 et
1377 3239 1583 3292 elevato.
1613 3240 1745 3293 Cum
1768 3240 1855 3294 ille

266 3336 507 3379 mortuus
534 3334 697 3392 esset,
731 3336 839 3381 tum
868 3326 972 3382 vidi
1013 3328 1315 3383 Dominum.
1344 3328 1476 3382 Nam
1506 3338 1659 3383 antea
1691 3330 1853 3384 Deum

268 3434 371 3469 non
418 3416 663 3471 videbam
710 3419 863 3473 nobis
907 3420 1119 3474 iratum.
1167 3420 1322 3474 Venit
1362 3436 1507 3475 mors
1549 3422 1762 3491 impuri,
1803 3432 1855 3477 et

265 3508 425 3562 solvit
474 3509 627 3563 iram.
678 3509 825 3564 Hanc
869 3512 937 3566 ob
981 3527 1232 3580 causam,
1278 3528 1399 3567 cum
1443 3514 1634 3583 ubique
1674 3530 1856 3584 regum

268 3601 432 3652 vitam
466 3611 870 3665 commemoret,
898 3603 982 3656 hic
1011 3612 1235 3658 mortem
1267 3604 1398 3658 dixit
1424 3603 1566 3659 Ozias
1597 3624 1609 3658 :
1640 3604 1857 3658 Factum

267 3702 337 3746 est
366 3692 419 3745 in
447 3708 601 3756 anno,
631 3709 728 3759 quo
753 3702 980 3747 mortuas
1020 3705 1092 3748 est
1138 3695 1288 3750 Ozias
1316 3713 1424 3762 rex,
1456 3697 1558 3749 vidi
1585 3695 1857 3750 Dominum

260 3784 520 3837 sedentem
560 3784 613 3837 in
653 3784 781 3838 solio
825 3786 1021 3841 excetso
1064 3796 1110 3840 et
1154 3788 1359 3843 elevato.
1414 3791 1492 3843 Ac
1538 3804 1722 3843 rursus
1771 3789 1857 3844 hic

267 3877 634 3947 contemplare
663 3878 755 3933 Dei
784 3878 1096 3933 bonitatem.
1124 3880 1358 3935 Mortuus
1400 3888 1482 3934 est
1508 3882 1767 3950 impurus,
1805 3890 1859 3935 et

270 3971 413 4025 Deus
456 3970 832 4025 reconciliatus
880 3978 961 4023 est
1015 3969 1334 4025 hominibus.
1366 3970 1725 4037 Quamobrem
1759 3970 1858 4025 hoc

271 4063 466 4116 factum
497 4070 600 4127 est,
626 4076 744 4115 cum
773 4060 901 4115 nihil
932 4069 1075 4115 esset
1105 4068 1249 4117 recte
1294 4060 1572 4126 factorum,
1614 4061 1707 4116 sed
1740 4071 1856 4115 tan-

270 4168 380 4207 lttttl
412 4154 504 4208 ille
536 4164 777 4205 mortuus
811 4152 996 4206 esset?
1035 4152 1298 4219 Quoniam
1343 4154 1605 4205 humanus
1646 4162 1726 4206 est
1757 4151 1859 4205 Doâ€”

270 4246 468 4308 minus,
498 4257 598 4299 nec
638 4243 689 4295 in
733 4242 921 4296 talibus
964 4243 1071 4311 agit
1114 4241 1350 4296 severius
1393 4259 1410 4294 :
1456 4258 1617 4295 unum
1655 4250 1859 4295 tantum

270 4334 549 4405 qnairebat
588 4334 857 4388 beneficus
905 4334 1066 4397 Deus,
1115 4342 1171 4386 ut
1213 4333 1383 4387 exiret
1429 4333 1686 4401 impurus.
1736 4333 1860 4386 lltcc

272 4429 451 4495 itaque
489 4440 609 4480 cum
651 4425 904 4489 sciamus,
936 4425 1292 4493 arrogantiam
1320 4423 1653 4491 abjiciamus,
1685 4424 1860 4475 humi-

272 4520 472 4573 litatem
501 4518 901 4587 amplectamur,
950 4518 1158 4569 solitam
1201 4518 1422 4585 gloriam
1453 4516 1736 4571 offeramus
1758 4516 1855 4570 Pa-

274 4611 337 4663 tri
371 4618 426 4664 et
450 4608 584 4662 Filio
609 4618 662 4662 et
686 4608 907 4677 Spiritui
949 4617 1158 4673 sancto,
1201 4622 1341 4661 nunc
1374 4618 1425 4662 et
1465 4622 1696 4677 semper,
1726 4616 1780 4661 et
1808 4606 1858 4661 in

272 4699 469 4755 saecula
499 4700 840 4753 saeculorum.
871 4698 1064 4750 Amen.

274 4875 332 4933 In
360 4874 560 4927 dictum
593 4869 720 4925 illud
753 4868 904 4923 Isaiae
931 4867 1212 4937 prophetae
1241 4887 1251 4921 :
1279 4866 1495 4921 Factum
1521 4876 1593 4920 est
1629 4868 1681 4919 in
1706 4884 1861 4922 anno.

348 4982 444 5036 quo
472 4973 700 5016 mortuus
730 4971 802 5015 est
834 4960 985 5013 Ozias
1012 4976 1103 5014 rea:
1127 5001 1140 5022 ,
1170 4959 1273 5013 vidi
1303 4958 1572 5011 Dominum
1614 4956 1631 5027 (
1649 4956 1774 5009 Isai.
1808 4956 1861 5010 6.

352 5061 375 5113 i
409 5058 427 5127 )
451 5073 465 5110 :
491 5066 545 5110 et
571 5052 956 5109 demonstratio
977 5051 1117 5120 quod
1144 5051 1298 5105 Ozias
1319 5050 1438 5118 jure
1465 5049 1623 5103 fuerit
1648 5047 1865 5101 affectus

353 5151 498 5217 lepra
519 5186 533 5211 ,
565 5143 707 5215 quod
751 5152 943 5212 printer
972 5141 1281 5211 dignitatem
1333 5141 1608 5194 incensum
1641 5139 1867 5193 obtulis-

350 5250 435 5297 set
459 5280 476 5304 ,
506 5237 557 5292 id
588 5234 730 5306 quod
773 5248 880 5288 non
912 5232 1036 5286 licet
1065 5232 1277 5300 regibus
1300 5272 1316 5297 ,
1349 5233 1442 5286 sed
1480 5229 1864 5285 sacerdotibus.

888 5387 1169 5445 HOMILIA
1212 5388 1273 5443 V.

359 5531 411 5583 l.
453 5527 565 5599 Age
606 5522 925 5595 expositioni
973 5522 1039 5577 de
1089 5521 1214 5575 Ozia
1267 5530 1457 5591 empta:
1506 5520 1662 5575 hodie
1712 5520 1869 5573 finem

283 5619 658 5689 imponamus,
711 5615 976 5685 fastigium
1028 5612 1259 5667 sermoni
1303 5612 1410 5681 jam
1462 5611 1755 5676 addamus,
1807 5626 1873 5665 ne

292 5714 502 5783 quando
526 5726 621 5765 nos
636 5726 843 5781 quoque
860 5708 1212 5771 derideantur,
1247 5706 1693 5775 quemadmodum
1716 5722 1875 5760 evan-

292 5802 496 5871 gelicus
520 5799 735 5870 ille,qui
760 5812 1045 5871 aggressus
1083 5798 1345 5856 aedificare
1375 5804 1581 5869 turrim,
1618 5805 1871 5873 perficere

1337 384 1404 441 IN
1438 385 1659 449 ILLUD,
1706 382 1838 439 VlDl
1880 384 2210 458 DOMINUM,
2255 395 2481 453 HOMIL.
2519 397 2583 454 Î½.

3434 428 3547 482 130

1980 516 2081 557 non
2109 510 2275 573 potuit
2306 527 2319 563 :
2349 527 2413 565 ne
2440 512 2558 581 quis
2588 514 2874 585 aliquando
2904 524 3338 588 prrctcrcuntium
3370 525 3435 579 de
3468 541 3564 581 no-

1977 594 2059 649 bis
2083 614 2293 668 quoque
2319 601 2459 656 dicat
2491 621 2505 659 :
2552 604 2652 658 Hic
2680 609 2829 661 homo
2862 614 3008 679 coepit
3041 612 3317 680 wdiï¬care,
3350 633 3440 669 nec
3472 636 3563 686 pa-

1976 687 2067 738 tuit
2093 689 2333 757 perï¬cere
2363 690 2511 762 (Luc.
2547 697 2634 750 H.
2675 697 2786 769 30).
2827 700 3018 756 Verum
3048 719 3153 769 quo
3180 706 3330 759 vobis
3372 705 3565 761 diluci-

1975 777 2123 832 diora
2154 781 2282 836 fiant
2310 800 2426 853 qua:
2447 786 2709 854 dicentur,
2738 805 2800 843 ex
2834 791 2894 846 iis
2923 808 3040 860 quae
3058 795 3196 848 dicta
3222 806 3347 850 sunt
3371 813 3561 865 nuper,

1973 883 2150 935 operae
2176 874 2401 939 pretium
2432 878 2534 930 erit
2564 893 2727 946 pauca
2753 892 2992 948 repetere
3012 925 3026 949 ,
3060 900 3125 939 ne
3156 887 3327 955 capite
3351 898 3561 943 trunca-

1974 966 2059 1012 tus
2085 975 2264 1014 sermo
2291 975 2472 1019 noster
2499 968 2722 1035 prodeat
2753 970 2803 1023 in
2836 973 3112 1039 spirituale
3145 976 3436 1041 theatrum,
3467 978 3560 1033 sed

1972 1062 2280 1120 recuperata
2349 1056 2481 1112 facie
2528 1073 2622 1112 sua
2672 1058 2824 1115 facile
2877 1077 2907 1116 a
2950 1066 3341 1132 spectatoribus
3392 1072 3561 1137 possit

1971 1142 2207 1208 agnosci.
2263 1144 2318 1198 Id
2363 1149 2503 1200 enim
2538 1152 2736 1217 pariter
2765 1161 2819 1205 et
2849 1151 2912 1205 iis
2938 1156 3025 1222 qui
3078 1156 3398 1222 audierunt,
3459 1162 3562 1214 erit

1973 1233 2242 1287 memoria:
2281 1240 2586 1305 renovatio,
2620 1250 2672 1294 et
2723 1243 2786 1296 iis
2813 1244 2901 1311 qui
2946 1260 3050 1298 non
3093 1247 3413 1317 audierunt,
3462 1252 3557 1305 do-

1969 1322 2156 1375 ctrina.
2176 1321 2352 1393 Nuper
2378 1327 2534 1397 igitur
2559 1330 2786 1386 diximus
2810 1348 2966 1403 quam
2990 1336 3145 1389 fuerit
3173 1338 3288 1407 pius
3308 1339 3483 1405 Ozias,
3506 1351 3561 1396 et

1969 1413 2237 1478 quomodo
2267 1419 2501 1472 evaserit
2530 1418 2802 1488 improbus
2823 1465 2837 1487 ,
2871 1432 2924 1478 et
2955 1425 3095 1480 unde
3124 1440 3309 1490 orsus,
3341 1444 3445 1498 quo
3470 1446 3557 1484 su-

1969 1504 2165 1570 perbire
2215 1506 2490 1576 prolapsus
2541 1512 2657 1565 sit:
2707 1513 2865 1569 hodie
2913 1531 3042 1570 vero
3087 1518 3371 1573 dicendum
3421 1526 3554 1587 erit,

1966 1594 2234 1661 quomodo
2289 1599 2541 1668 templum
2575 1601 2844 1671 ingressus
2874 1606 2973 1670 sit,
3018 1608 3285 1676 quomodo
3341 1614 3557 1666 tentarit

1965 1684 2181 1739 adolere
2222 1686 2529 1752 incensum,
2577 1693 2847 1759 quomodo
2894 1695 3223 1764 prohibuerit
3273 1700 3418 1753 illum
3464 1716 3554 1755 sa-

1966 1775 2177 1841 cerdos,
2196 1780 2461 1845 quomodo
2484 1780 2572 1836 ille
2590 1797 2695 1836 non
2720 1786 2961 1850 cesserit,
2980 1789 3249 1857 quomodo
3275 1791 3324 1843 in
3348 1806 3406 1843 se
3431 1807 3555 1859 pro-

1966 1868 2233 1922 vocaverit
2272 1869 2403 1923 iram
2434 1871 2526 1927 Dei
2548 1915 2562 1939 ,
2594 1876 2862 1941 quomodo
2904 1876 3067 1953 lepne
3097 1879 3358 1934 obnoxius
3390 1883 3551 1934 vitam

1966 1958 2195 2027 finierit,
2226 1969 2280 2015 et
2322 1978 2478 2033 quam
2510 1965 2579 2019 ob
2605 1980 2819 2019 causam
2868 1970 3123 2037 propheta
3176 1974 3551 2038 pra-terniissis

1964 2051 2086 2105 vita:
2132 2052 2270 2107 illius
2298 2054 2484 2109 diebus
2509 2097 2521 2121 ,
2552 2059 2739 2111 mortis
2785 2058 2969 2113 fecerit
3014 2063 3341 2115 mentionem
3370 2064 3437 2115 ita
3466 2063 3550 2117 lo-

1963 2157 2132 2211 quens
2163 2160 2176 2198 :
2208 2143 2354 2199 Anno
2373 2181 2389 2211 ,
2421 2162 2518 2215 quo
2544 2158 2769 2201 mortuus
2798 2158 2872 2201 est
2904 2148 3055 2204 Ozias
3082 2166 3169 2203 rea;
3199 2150 3351 2219 (lsai.
3383 2152 3433 2205 6.
3470 2154 3548 2221 1).

1966 2234 2088 2287 Î™Î¹á½·Ï…Î¿
2116 2235 2255 2288 enim
2300 2250 2456 2289 causa
2490 2236 2587 2290 fuit
2617 2253 2710 2291 cur
2737 2246 2899 2291 totam
2932 2240 2997 2293 ab
3019 2240 3239 2295 exordio
3266 2239 3547 2297 historiam

1964 2332 2349 2392 tractaremus;
2380 2327 2472 2382 sed
2499 2328 2794 2382 auscultate
2820 2329 3120 2399 diligenter.

2036 2417 2187 2488 Regis
2244 2419 2587 2471 sacerdotium
2634 2420 2912 2473 invadentis
2960 2420 3193 2473 audacia.
3256 2422 3548 2477 Sacerdotis

1960 2517 2148 2576 quanta
2183 2518 2420 2576 potestas.
2441 2508 2599 2562 -â€”-Et
2622 2514 2811 2579 factum
2856 2520 2963 2573 est,
2995 2511 3164 2580 inquit
3188 2551 3203 2575 ,
3252 2529 3363 2565 cum
3405 2515 3547 2567 inva-

1962 2596 2133 2649 luissct
2163 2595 2315 2650 Ozias
2343 2614 2433 2651 rex
2451 2639 2465 2663 ,
2493 2598 2677 2651 elatum
2701 2607 2772 2651 est
2799 2615 2885 2651 cor
2904 2599 3014 2668 ejus
3033 2641 3047 2665 ,
3075 2616 3230 2669 usque
3269 2603 3337 2654 ad
3369 2620 3545 2655 carm-

1962 2691 2201 2756 ptionem,
2224 2700 2272 2742 et
2291 2691 2530 2760 injuriam
2555 2692 2671 2761 fecit
2697 2693 2749 2743 in
2777 2692 2991 2745 Domino
3017 2691 3126 2746 Deo
3153 2709 3243 2746 suo
3266 2694 3342 2762 (2.
3368 2693 3543 2748 Paral.

1958 2780 2047 2835 26.
2074 2780 2186 2851 16).
2212 2782 2341 2849 Quis
2369 2783 2574 2851 injuriae
2601 2784 2831 2837 modus?
2855 2783 3125 2854 Ingressus
3150 2795 3248 2849 est,
3274 2786 3461 2856 inquit,
3496 2790 3545 2840 in

1960 2873 2203 2941 templum
2232 2874 2454 2940 Domini,
2480 2884 2531 2927 ut
2551 2875 2775 2928 adoleret
2803 2876 3060 2928 incensum
3082 2892 3233 2944 super
3253 2878 3412 2931 altare
3435 2879 3548 2947 Illy-

1959 2964 2230 3018 miamatis.
2273 2967 2317 3020 O
2369 2965 2677 3019 audaciam!
2724 2980 2756 3017 Î¿
2808 2966 3223 3033 impudentiam!
3280 2967 3546 3022 Adversus

1960 3056 2069 3123 ipsa
2102 3070 2251 3109 sacra
2278 3054 2434 3125 adyta
2459 3070 2617 3109 ausus
2638 3096 2652 3120 ,
2680 3056 2731 3108 in
2774 3064 2957 3109 sancta
2988 3071 3291 3109 sanc:oruni
3326 3058 3451 3125 irru;
3472 3059 3504 3112 it
3526 3100 3544 3123 ,

1959 3162 2045 3215 qttl
2076 3147 2220 3200 locus
2246 3146 2492 3199 omnibus
2518 3144 2983 3209 eratiuaccessus,
3015 3155 3366 3216 praeterquam
3400 3164 3544 3200 smnâ€”

1960 3252 2047 3291 mo
2073 3236 2371 3299 sacerdoti,
2416 3235 2557 3289 hunc
2597 3234 2878 3304 profanare
2903 3245 3126 3289 conatus
3153 3246 3251 3290 est.
3298 3237 3441 3291 Talis
3466 3253 3495 3292 c
3528 3247 3547 3292 t

1959 3329 2132 3381 anima
2163 3328 2217 3382 in
2244 3328 2597 3397 arrogantiam
2628 3328 2851 3381 sublata.
2887 3327 3067 3382 Semel
3093 3329 3233 3382 enim
3266 3329 3545 3398 desperata

1959 3420 2131 3473 salute
2160 3432 2489 3488 nequaquam
2508 3418 2702 3471 desinit
2720 3417 2917 3481 furere,
2938 3433 3121 3472 verum
3147 3417 3379 3472 habenas
3406 3419 3545 3472 saluâ€”

1962 3512 2027 3565 tis
2047 3526 2157 3566 suaa
2175 3511 2359 3565 laxans
2376 3508 2830 3564 irrationabilibus
2852 3510 3230 3577 cupiditatibus
3248 3512 3438 3579 quovis
3458 3528 3542 3562 ra-

1961 3603 2125 3674 pitur,
2148 3616 2245 3655 nec
2264 3602 2416 3655 aliter
2433 3615 2589 3669 quam
2607 3616 2774 3669 equus
2794 3601 3073 3665 ferociens,
3098 3600 3183 3653 ubi
3205 3599 3411 3655 frenum
3428 3616 3542 3664 ore,

1959 3707 2226 3747 sessorem
2253 3700 2398 3760 tergo
2418 3691 2673 3755 excussit,
2703 3690 2871 3744 fertur
2889 3691 3075 3760 quovis
3102 3699 3261 3745 vento
3289 3692 3541 3754 velocius,

1961 3782 2207 3836 omnibus
2249 3781 2419 3837 obviis
2460 3780 2827 3845 intolerabilis,
2875 3780 3272 3849 diffugientibus
3313 3781 3539 3837 cunctis.

1962 3891 2133 3943 neque
2159 3888 2423 3944 quoquam
2452 3871 2683 3927 audente
2725 3871 2980 3925 cohibere
3009 3888 3022 3925 :
3054 3871 3132 3925 sic
3159 3880 3213 3924 et
3237 3869 3411 3923 anima
3458 3870 3545 3923 nhi

1963 3968 2057 4024 Dei
2092 3969 2336 4022 timorem
2381 3966 2547 4034 ipsam
2580 3965 2939 4018 refrenantem
2982 3962 3246 4025 excussit,
3283 3971 3337 4015 et
3378 3962 3544 4013 ratio-

1962 4078 2084 4117 nem
2110 4061 2344 4117 habenas
2374 4058 2741 4112 moderantem
2773 4056 2927 4125 ejecit
2949 4096 2962 4118 ,
3005 4053 3070 4107 ad
3099 4053 3299 4122 qumvis
3330 4053 3547 4106 malitia:

1964 4154 2075 4206 loca
2101 4151 2367 4216 decurrit,
2391 4149 2563 4203 donec
2590 4148 2641 4201 in
2669 4148 2813 4201 exitii
2840 4145 3147 4199 barathrum
3173 4143 3377 4208 deiata,
3408 4159 3545 4211 pra:-

1963 4242 2195 4312 cipitirit
2220 4256 2369 4295 suam
2402 4241 2567 4310 ipsius
2590 4240 2835 4293 salutem.
2863 4238 3199 4305 Quapropter
3226 4243 3437 4304 oportet
3463 4250 3547 4285 asâ€”

1964 4334 2113 4389 sidue
2141 4334 2280 4386 illam
2314 4332 2621 4398 refrenare,
2660 4346 2720 4382 ac
2758 4328 2968 4396 pietatis
2999 4326 3205 4380 ratione
3248 4340 3344 4378 ceu
3397 4324 3547 4376 freno

1964 4425 2190 4494 quodam
2222 4422 2634 4477 irrationabilem
2665 4420 2802 4472 illius
2833 4421 3085 4484 imi-etum
3110 4415 3383 4468 inhibere:
3408 4414 3546 4482 quod

1967 4533 2069 4570 non
2101 4516 2225 4571 fecit
2250 4516 2402 4568 Ozias
2426 4554 2439 4577 ,
2466 4513 2561 4567 sed
2591 4512 2845 4564 adversus
2872 4510 3040 4576 ipsum
3081 4507 3320 4560 omnium
3356 4518 3546 4571 Î´Î¹ÎµÏÏ‰-

1967 4626 2110 4665 mum
2153 4606 2502 4677 principatum
2548 4605 2716 4672 legem
2750 4611 3109 4669 transgressus
3141 4608 3242 4652 est.
3276 4596 3547 4665 Siquidem

1967 4700 2321 4755 sacerdotium
2354 4697 2680 4766 principatus
2710 4702 2790 4748 est
2814 4734 2827 4757 ,
2859 4693 2974 4761 ipso
3001 4692 3158 4745 etiam
3196 4705 3360 4758 regno
3386 4704 3549 4743 vene-

1967 4791 2185 4845 rabilius
2218 4803 2281 4842 ac
2312 4787 2502 4856 majus.
2546 4785 2622 4841 Ne
2649 4786 2777 4839 mihi
2805 4797 2991 4837 narres
3028 4795 3348 4850 purpuram,
3381 4794 3551 4845 neque

1969 4882 2208 4936 diadema
2229 4922 2242 4944 ,
2292 4893 2467 4949 neque
2493 4889 2669 4932 vestes
2710 4891 2919 4929 aureas.
2952 4872 3168 4928 Umbrae
3214 4880 3337 4924 sunt
3368 4870 3551 4923 isthaic

1971 4973 2149 5029 omnia
2171 5012 2187 5039 ,
2215 4973 2503 5039 vernisque
2533 4968 2766 5022 flosculis
2796 4967 3014 5021 leviora.
3056 4963 3232 5016 Omnis
3262 4962 3403 5016 enim
3426 5002 3440 5025 ,
3474 4962 3553 5013 iu-

1970 5066 2117 5136 quit,
2148 5063 2364 5117 hominis
2388 5061 2551 5131 gloria
2567 5060 2693 5113 sicut
2721 5060 2817 5128 ï¬‚os
2839 5056 2960 5127 [mni
2988 5053 3139 5123 (lsai.
3164 5052 3254 5107 40.
3277 5050 3362 5121 6),
3394 5053 3554 5106 etiam

1974 5159 2017 5212 si
2046 5158 2212 5224 ipsam
2242 5154 2463 5224 gloriam
2490 5151 2722 5220 regalem
2754 5148 2975 5202 dixeris.
3006 5145 3116 5211 Ne,
3150 5145 3386 5213 inquam,
3424 5143 3556 5196 mihi

1976 5262 2159 5302 narres
2180 5247 2314 5310 ista;
2348 5244 2441 5299 sed
2472 5243 2513 5296 si
2543 5243 2625 5295 vis
2650 5240 2834 5295 videre
2861 5237 3146 5292 discrimen
3191 5243 3445 5304 quantum
3490 5234 3559 5286 sit

1976 5352 2154 5407 regem
2185 5338 2321 5390 inter
2359 5342 2413 5389 et
2454 5330 2787 5386 sacerdotem
2813 5370 2827 5394 ,
2864 5325 3108 5396 expende
3138 5324 3354 5379 modum
3407 5336 3556 5391 [Î½Î¿Ï„ÎµÏ‚

1977 5432 2128 5484 statis
2158 5428 2365 5497 utrique
2389 5425 2615 5483 traditae,
2643 5420 2848 5475 videbis
2875 5418 3206 5474 sacerdotem
3238 5416 3402 5469 multo
3433 5414 3560 5466 sub-

1980 5523 2158 5577 limius
2202 5535 2329 5590 rege
2371 5518 2665 5572 sedentem.
2698 5518 3028 5583 Quamquam
3078 5511 3219 5565 enim
3271 5510 3423 5561 nobis
3470 5522 3557 5559 ve-

1983 5612 2275 5669 nerandum
2332 5607 2541 5662 videtur
2597 5606 2786 5659 solium
2842 5602 3047 5670 regium
3103 5600 3170 5653 ob
3222 5611 3459 5667 gemmas
3511 5595 3558 5646 ci

1983 5704 2204 5765 affixas,
2262 5708 2316 5753 et.
2363 5712 2547 5751 aurum
2604 5710 2708 5764 quo
2735 5695 2965 5747 cinctum
2996 5701 3078 5743 est
3118 5704 3130 5740 :
3168 5698 3341 5739 tamen
3385 5700 3559 5737 rerum

1989 5808 2318 5853 terrenarum
2351 5789 2861 5845 adtiiitiistratiouem
2906 5786 3122 5837 Sortitus
3169 5796 3259 5833 rex
3303 5789 3419 5830 Ï…ÎµÎ¹Î¹.
3464 5790 3555 5829 nec
