4048 6444
483 392 592 446 131

476 505 615 560 ultra
646 505 967 572 potestatem
1012 499 1150 549 hanc
1176 490 1463 563 quidquam
1490 486 1651 544 habet
1689 484 2020 541 auctoritatis
2050 499 2067 535 :

477 606 671 649 verum
692 586 979 645 sacerdotii
1019 584 1213 640 solium
1252 582 1307 637 iu
1336 580 1484 636 etatis
1511 578 1829 635 collocatum
1868 581 1983 639 est,
2014 582 2071 629 et

477 680 713 736 caelestia
737 673 1149 735 administrandi
1178 673 1341 729 habet
1367 669 1762 726 auctoritatem.
1792 665 1924 732 Quis
1954 664 2072 719 ha'c

480 769 651 826 dicit?
667 767 790 840 Ipse
809 767 1067 824 caelorum
1093 765 1228 820 Rex.
1263 762 1608 831 Qua’cumque
1625 757 1768 814 enim
1798 754 2071 828 ligaveritis

475 877 629 933 super
666 870 885 927 tenam,
911 864 1061 913 erunt
1093 856 1252 927 ligata
1278 863 1329 908 et
1356 854 1411 907 in
1447 850 1585 907 cells
1613 863 1633 905 :
1668 857 1719 904 et
1743 862 2072 919 quaecumque

474 953 723 1010 solueritis
744 967 898 1023 super
924 959 1111 1005 terram
1130 990 1145 1016 ,
1178 956 1322 1002 erunt
1344 946 1510 1001 soluta
1535 942 1661 998 etin
1687 941 1825 997 ctelis
1854 940 2069 1018 (Matth.

478 1048 569 1103 16.
613 1046 728 1117 19).
760 1043 898 1110 Quid
936 1058 1059 1099 cum
1112 1041 1215 1096 hoc
1268 1040 1473 1094 honore
1514 1034 1746 1092 conferri
1792 1032 1997 1105 possit?
2027 1033 2069 1089 Α

478 1152 622 1193 terra
634 1133 909 1207 judicandi
926 1132 1275 1205 principalem
1292 1128 1667 1186 auctoritatem
1686 1127 2067 1184 sumitcaelum.

478 1229 608 1284 Nam
632 1228 794 1300 judex
825 1226 977 1282 sedet
999 1227 1053 1280 in
1084 1236 1249 1291 terra,
1274 1222 1533 1278 Dominus
1563 1222 1803 1292 sequitur
1829 1236 2066 1287 servum,

480 1330 537 1377 et
561 1319 820 1393 quidquid
860 1318 951 1374 hic
977 1318 1031 1372 in
1060 1314 1404 1372 inferioribus
1435 1313 1721 1385 judicarit,
1751 1314 1855 1370 hoc
1881 1313 1972 1369 ille
2016 1312 2071 1368 in

477 1413 727 1484 supernis
750 1410 1084 1482 comprobat.
1110 1410 1295 1479 itaque
1321 1406 1526 1463 medius
1546 1414 1651 1461 stat
1668 1404 1919 1462 sacerdos
1934 1406 2075 1461 inter

481 1509 649 1562 Deum
669 1514 724 1561 et
747 1514 993 1561 naturam
1022 1501 1332 1565 humanum,
1363 1500 1512 1555 illinc
1531 1498 1795 1556 venientia
1816 1498 2073 1555 benelicia

478 1596 545 1651 ad
578 1610 676 1651 nos
699 1594 971 1661 deferens,
1000 1604 1056 1648 et
1084 1601 1296 1647 nostras
1320 1590 1602 1662 petitiones
1628 1590 1753 1646 illuc
1780 1588 2071 1659 perferens,

482 1685 767 1741 Dominum
794 1685 988 1740 iratum
1020 1682 1374 1738 reconcilians
1397 1680 1669 1736 communi
1701 1688 1905 1735 natura:
1929 1722 1945 1748 ,
1976 1694 2073 1735 nos

478 1778 569 1849 qui
612 1778 940 1836 offendimus
976 1779 1211 1849 eripiens
1246 1794 1313 1835 ex
1358 1778 1501 1833 illius
1551 1777 1814 1832 manibus.
1868 1775 2074 1832 Idcirco

484 1872 622 1928 Deus
649 1872 823 1942 ipsum
846 1872 1026 1943 regale
1051 1878 1214 1943 caput
1233 1870 1530 1927 sacerdotis
1551 1869 1796 1926 manibus
1819 1869 2069 1939 subjecit,

479 1977 580 2018 nos
606 1963 837 2031 docens,
878 1965 1022 2019 hunc
1061 1962 1360 2034 principem
1387 1977 1509 2019 esse
1536 1962 1628 2017 illo
1666 1961 1923 2032 majorem
1955 1980 1970 2018 :
1997 1963 2074 2018 si-

476 2053 694 2123 quidem
722 2054 774 2109 id
804 2053 948 2124 quod
981 2054 1158 2109 minus
1186 2062 1303 2120 est,
1334 2054 1764 2109 benedictionem
1787 2053 1980 2123 accipit
2006 2053 2074 2109 ab

479 2161 547 2200 co
613 2147 755 2217 quod
822 2145 1168 2218 praestantius
1221 2154 1324 2200 est.
1386 2144 1587 2200 Verum
1645 2144 1713 2200 de
1770 2145 2075 2200 sacerdotio

477 2244 785 2308 quantaque
812 2237 883 2293 sit
929 2237 1071 2292 illius
1115 2236 1381 2307 dignitas,
1409 2236 1517 2292 alio
1560 2246 1803 2307 tempore
1830 2235 2072 2292 declara-

479 2324 656 2382 bimus
690 2345 705 2382 :
739 2328 955 2384 interim
1006 2327 1413 2385 consideremus
1457 2337 1653 2396 quanta
1699 2330 1769 2383 sit
1809 2328 1950 2398 regis
1988 2329 2073 2384 vel

481 2422 696 2480 tvranni
746 2423 923 2491 potius
952 2421 1227 2494 iniquitas.
1280 2420 1558 2490 ingressus
1597 2430 1680 2477 cst
1718 2420 1772 2475 in
1815 2423 2071 2492 templum

481 2512 728 2580 Domini,
759 2512 1035 2581 ingressus
1062 2522 1145 2581 est
1171 2521 1227 2569 et
1254 2511 1471 2566 Azarias
1497 2511 1751 2567 sacerdos
1777 2521 1900 2582 post
1927 2524 2077 2565 eum.

480 2606 565 2659 An
588 2616 791 2661 temere
819 2604 1063 2661 dicebam
1095 2603 1431 2661 sacerdotem
1463 2618 1588 2673 rege
1616 2603 1874 2673 majorem
1918 2604 2072 2659 esse?

478 2694 667 2767 Neque
682 2696 827 2751 enim
854 2703 910 2750 ut
930 2709 1109 2765 regem
1127 2693 1415 2765 ejecturus,
1434 2693 1528 2748 sed
1548 2703 1603 2747 ut
1621 2692 1899 2763 profugum
1918 2701 1973 2749 et
1992 2696 2077 2750 in-

476 2798 689 2859 gratum
711 2788 972 2845 famulum
989 2786 1331 2860 expulsurus,
1355 2802 1474 2841 cum
1503 2785 1839 2842 vehementia
1871 2785 2075 2855 ingres-

478 2896 573 2939 sus
596 2890 680 2939 est
697 2924 713 2946 .
742 2896 848 2938 non
876 2882 1038 2936 aliter
1064 2896 1225 2952 quam
1254 2894 1554 2951 generosus
1578 2879 1727 2934 canis
1755 2878 1979 2933 incurrit
2005 2877 2073 2933 ad

458 2975 745 3045 impuram
768 2973 1017 3034 bestiam.
1039 2980 1097 3025 ut
1125 2970 1268 3026 illam
1288 2970 1463 3040 exigat
1480 2969 1546 3025 ah
1572 2968 1774 3023 azdihus
1796 2967 2071 3023 herilibus.

548 3068 603 3120 2.
636 3065 855 3120 Fiducia
878 3063 1152 3119 sacerdotis
1172 3064 1258 3132 qui
1290 3062 1469 3115 Oziam
1507 3060 1771 3130 repressit,
1800 3060 2074 3124 laudatur;

479 3159 659 3213 timida
704 3158 980 3228 impietas;
1025 3155 1260 3210 sacerdos
1307 3152 1559 3223 quomodo
1604 3150 1779 3206 debeat
1826 3152 2078 3221 corripere

480 3252 778 3321 principem.
809 3278 883 3290 --
912 3246 1099 3303 Vidisti
1118 3245 1412 3302 sacerdotis
1437 3246 1671 3299 animum
1696 3245 1861 3299 multa
1887 3244 2075 3299 fiducia

481 3342 721 3409 plenum,
747 3337 1053 3407 cxcelsique
1074 3336 1330 3406 spiritus?
1357 3335 1472 3391 Non
1492 3336 1785 3406 aSpicicbat
1812 3335 2078 3405 principa-

481 3442 565 3485 tus
594 3429 818 3496 fastum,
845 3442 953 3482 non
977 3426 1311 3497 expendebat
1333 3436 1532 3497 quanta
1559 3440 1646 3479 res
1672 3435 1813 3480 esset
1839 3426 2074 3480 animum

479 3519 770 3591 cupiditate
799 3518 1153 3574 temulentum
1195 3516 1487 3579 cohibere;
1536 3530 1640 3570 non
1671 3514 1917 3570 audiebat
1948 3515 2077 3570 illud

480 3611 780 3669 Salomonis
801 3629 815 3665 :
840 3610 1003 3666 Minae
1022 3611 1154 3682 regis
1175 3610 1303 3664 sicut
1322 3610 1403 3663 ira
1423 3608 1581 3663 leonis
1603 3608 1621 3677 (
1643 3606 1799 3662 Prov.
1826 3608 1911 3663 19.
1940 3608 2003 3662 12
2022 3608 2040 3678 )
2062 3624 2078 3674 ;

480 3706 574 3761 sed
619 3705 840 3761 sublatis
865 3705 1036 3762 oculis
1063 3703 1131 3760 ad
1164 3719 1345 3758 verum
1377 3701 1576 3771 Regem
1607 3701 1890 3766 caelorum,
1923 3710 2082 3770 atque

482 3797 611 3850 illud
644 3797 910 3863 tribunal,
940 3810 1139 3865 easque
1171 3810 1356 3863 poenas
1385 3793 1763 3862 considerans,
1794 3804 1849 3849 et
1880 3794 1962 3848 his
1992 3809 2083 3849 co—

481 3886 829 3955 gitationibus
857 3901 978 3942 sese
1022 3886 1267 3940 muniens
1291 3926 1305 3949 ,
1358 3883 1614 3952 impetum
1646 3882 1770 3939 fecit
1816 3885 1867 3938 in
1900 3894 2081 3955 tyran-

483 3994 631 4034 ηιιιη.
664 3977 896 4033 Noverat
924 3978 1104 4043 enim,
1137 3984 1394 4041 noverat,
1436 3975 1648 4045 inquam
1670 4016 1685 4039 ,
1723 3986 1872 4029 certe
1915 3977 2085 4029 minas

483 4070 624 4140 regis
647 4068 853 4128 similes
890 4083 1009 4123 esse
1038 4068 1131 4122 ira:
1158 4066 1331 4122 leonis
1371 4064 1645 4122 dumtaxat
1682 4066 1747 4118 iis
1773 4066 1860 4135 qui
1891 4074 2083 4120 terram

484 4171 827 4230 spectarent:
874 4176 1060 4215 verum
1103 4159 1299 4214 homini
1342 4159 1434 4229 qui
1476 4159 1663 4213 cadum
1705 4158 1933 4211 habebat
1977 4173 2085 4225 prae

486 4256 687 4319 oculis,
714 4257 913 4326 quique
941 4254 1020 4308 sic
1046 4252 1332 4306 induxerat
1358 4251 1593 4306 animum
1612 4292 1628 4316 ,
1657 4259 1716 4305 ut
1741 4254 1897 4304 vitam
1930 4251 2086 4304 citius

489 4348 542 4400 in
574 4346 703 4416 ipsis
728 4345 902 4415 adytis
930 4344 1262 4413 deponeret,
1296 4356 1453 4412 quam
1483 4354 1663 4396 sacras
1702 4340 1845 4410 leges
1888 4342 2087 4395 sineret

489 4436 677 4490 violari
699 4478 715 4501 ,
740 4435 928 4502 quovis
948 4449 1083 4489 cane
1107 4434 1261 4487 vilior
1286 4442 1402 4488 erat
1431 4431 1543 4487 ille.
1569 4430 1707 4486 Nihil
1732 4432 1872 4485 enim
1900 4447 1964 4487 eo
1991 4449 2087 4485 un-

494 4527 769 4591 hccillius,
800 4525 889 4595 qui
915 4524 1121 4578 divinas
1141 4524 1421 4579 conculcat
1446 4524 1590 4593 leges
1614 4563 1630 4587 ,
1662 4529 1719 4576 ut
1745 4531 1928 4577 contra
1958 4521 2088 4576 nihil

493 4616 762 4687 potentius
787 4630 851 4670 eo
882 4614 970 4683 qui
994 4614 1140 4683 leges
1166 4613 1375 4668 divinas
1402 4612 1659 4667 defendit.
1690 4612 1819 4667 Nam
1851 4612 1950 4679 Qui
1975 4629 2089 4681 pec-

494 4719 659 4761 catum
701 4708 1000 4774 committit,
1051 4722 1223 4761 servus
1265 4720 1337 4761 est
1377 4707 1567 4777 peccati
1608 4705 1799 4775 (Joan.
1833 4708 1886 4761 8.
1918 4708 2005 4762 5i.
2033 4707 2088 4777 ),

494 4798 705 4855 etiamsi
751 4799 935 4854 decem
980 4799 1142 4853 millia
1189 4814 1513 4854 coronarum
1561 4798 1754 4854 habeat
1792 4798 1844 4852 in
1875 4801 2087 4868 capite:

495 4901 683 4967 contra
728 4890 773 4945 si
813 4891 934 4960 quis
968 4890 1229 4960 justitiam
1262 4900 1512 4960 operatur
1532 4932 1544 4954 ,
1574 4892 1690 4960 ipso
1722 4906 1843 4959 rege
1869 4890 2093 4959 regalior

496 4995 580 5039 est
600 5026 615 5049 ,
648 4984 857 5039 etiamsi
890 4984 1050 5038 fuerit
1077 4984 1315 5037 omnium
1345 4984 1578 5037 iniimus.
1610 4982 1736 5039 llazc
1762 4983 1848 5037 ille
1877 4985 2095 5052 pt'a'clu-

499 5094 588 5131 rus
616 5077 756 5147 apud
787 5092 908 5132 sese
947 5076 1385 5147 philosophatus,
1416 5074 1634 5130 adortus
1662 5085 1744 5130 est
1779 5092 1979 5146 regem.
2007 5075 2094 5130 ln-

498 5167 805 5237 grediamur
834 5175 889 5221 et
917 5182 1048 5230 nos,
1083 5169 1125 5221 si
1155 5168 1399 5233 videtur,
1432 5182 1555 5221 cum
1586 5166 1706 5232 ille,
1740 5176 1796 5221 nt
1824 5168 2098 5223 videamus

501 5257 627 5324 quid
650 5258 899 5326 iOquatur
921 5257 1051 5326 regi.
1083 5257 1231 5311 Licet
1255 5258 1396 5311 enim
1423 5276 1437 5311 :
1470 5272 1641 5326 neque
1668 5255 1983 5311 mediocrem
2007 5258 2099 5311 ad-

505 5350 637 5404 feret
666 5349 951 5403 utilitatem
974 5390 987 5413 ,
1012 5357 1255 5417 Spectare
1278 5365 1459 5418 regem
1481 5364 1509 5404 a
1531 5348 1809 5403 sacerdote
1832 5351 2096 5421 redargui.

503 5441 639 5507 Quid
670 5440 826 5509 igitur
854 5440 978 5492 dicit
1010 5438 1299 5492 sacerdos?
1331 5440 1450 5493 Non
1489 5440 1601 5493 licet
1628 5440 1743 5505 tibi,
1798 5440 1952 5505 Ozia,
2006 5442 2101 5493 ad-

506 5534 641 5587 olere
669 5532 928 5585 incensum
959 5529 1174 5584 Domino
1197 5529 1284 5601 (2.
1319 5530 1496 5585 Parui.
1520 5531 1649 5601 26).
1680 5530 1794 5585 Non
1823 5533 2104 5601 appellavit

505 5640 627 5679 cum
660 5638 838 5693 regem
862 5664 876 5689 ,
926 5638 1099 5691 neque
1143 5623 1347 5692 imperii
1382 5624 1587 5677 titulum
1622 5623 1797 5687 dedit,
1830 5624 1949 5692 quia
1990 5624 2104 5692 ipse

509 5717 843 5787 pt'chniens
879 5730 1000 5769 sese
1033 5713 1283 5784 dignitate
1326 5715 1609 5783 tlejccerat.
1646 5715 1828 5769 Vidisti
1861 5716 2103 5769 fiduciam

507 5806 842 5863 sacerdotis?
873 5805 1100 5861 Proinde
1152 5804 1303 5861 disce
1355 5819 1407 5862 et
1451 5809 1936 5865 mansuetudinem.
1991 5810 2102 5864 Non

1230 366 1288 436 S.
1309 371 1591 434 JOANNlS
1629 366 2103 435 CHRYSOSTOI“
2138 366 2459 430 ARCBIEP.
2489 367 3026 429 CONSTANTINOP.

3672 387 3784 442 132

2178 480 2328 537 enim
2351 480 2542 538 llducia
2564 481 2718 539 nobis
2737 489 2943 536 tantum
2967 494 3104 552 opus
3128 490 3212 538 est
3228 480 3281 537 in
3306 483 3750 552 reprehendendo
3765 531 3781 549 .
3852 502 3865 511 '

2176 588 2360 629 verum
2390 574 2559 631 multo
2597 575 2766 645 magis
2810 589 2945 646 opus
2973 582 3057 629 est
3082 576 3491 632 mansuetudine
3534 594 3689 649 quam
3724 581 3777 635 li-

2175 664 2355 722 ducia.
2385 665 2518 735 Quia
2552 668 2696 723 enim
2724 667 2994 724 neminem
3025 667 3330 723 mortalium
3360 672 3437 724 sic
3466 682 3788 728 aversantur

2176 755 2510 827 aderuntque
2536 757 2571 813 ii
2599 757 2690 829 qui
2716 766 2975 829 peccant,
3002 766 3062 813 ut
3085 773 3209 813 cum
3234 758 3324 828 qui
3354 759 3789 831 repreliensurns

2176 855 2257 901 est
2277 888 2292 913 ,
2324 847 2654 919 cupiuntque
2680 848 3021 905 occasionem
3050 849 3323 918 arripere,
3366 859 3424 903 ut
3462 849 3748 906 elabuntur
3768 891 3785 915 ,

2176 944 2231 991 et
2252 934 2509 1009 eﬂ‘ugiant
2532 937 3007 1007 reprehensionem
3033 954 3049 997 :
3082 952 3303 993 necesse
3327 947 3412 993 est
3437 947 3496 994 ut
3514 955 3609 995 eos
3639 956 3764 995 man

2175 1029 2457 1085 suetudine
2478 1028 2914 1100 humanitathue
2929 1030 3275 1085 retineamus.
3291 1030 3613 1102 Ubjurgator
3634 1032 3785 1087 enim

2178 1136 2285 1175 non
2334 1120 2508 1175 solum
2555 1134 2678 1175 cum
2727 1134 2914 1176 vocem
2943 1120 3173 1191 promit,
3216 1135 3401 1175 verum
3443 1121 3606 1177 etiam
3658 1137 3784 1179 cum

2177 1210 2421 1278 videtur,
2449 1211 2626 1282 gravis
2650 1219 2734 1268 est
2759 1212 3137 1281 peccantibus:
3171 1211 3352 1267 Gravis
3380 1213 3511 1268 enim
3529 1254 3546 1279 ,
3576 1214 3778 1283 inquit,

2176 1302 2319 1357 nobis
2347 1312 2419 1357 est
2443 1302 2596 1357 etiam
2623 1311 2831 1374 aspectu
2875 1302 3049 1373 (Sap.
3076 1302 3134 1357 2.
3168 1303 3272 1374 15)
3300 1320 3315 1359 :
3345 1302 3466 1358 ideo
3491 1304 3780 1375 plurimam

2176 1393 2637 1449 mansuetudinem
2675 1403 2930 1464 praestare
2969 1403 3201 1464 oportet.
3234 1395 3360 1451 ideo
3402 1397 3559 1451 nobis
3600 1411 3782 1451 scnno

2177 1485 2523 1556 prepheticus
2549 1484 2619 1541 ob
2642 1484 2825 1540 oculos
2852 1486 3028 1555 posuit
3052 1493 3106 1540 et
3133 1500 3257 1541 eum
3305 1487 3394 1555 qui
3428 1486 3695 1554 peccavit,
3724 1496 3785 1542 et

2175 1592 2298 1633 eum
2326 1577 2414 1648 qui
2453 1578 2626 1648 ipsum
2668 1577 2940 1648 corrigere
2982 1578 3221 1648 parabat.
3265 1576 3475 1633 Etenim
3508 1579 3780 1648 sapientes

2177 1667 2367 1722 medici
2398 1683 2522 1724 cum
2550 1668 2789 1723 membra
2835 1668 3125 1738 putrefacta
3157 1667 3355 1721 secturi
3386 1678 3542 1733 sunt,
3574 1677 3665 1722 aut
3695 1668 3774 1722 la-

2177 1758 2329 1829 pides
2355 1760 2408 1813 in
2431 1759 2690 1815 meatibus
2713 1758 2905 1815 afﬁxus
2932 1758 3256 1825 extracturi,
3284 1767 3373 1813 aut
3400 1758 3543 1813 aliud
3571 1768 3784 1815 natura:

2177 1850 2361 1905 vitium
2391 1850 2683 1906 corrccturi
2708 1891 2724 1918 ,
2768 1864 2877 1905 non
2909 1848 2961 1904 id
2992 1847 3225 1915 faciunt,
3254 1863 3321 1905 eo
3357 1849 3449 1919 qui
3490 1849 3695 1905 laborat
3722 1850 3781 1904 in

2176 1942 2425 2013 angulum
2467 1942 2724 2007 abducto,
2757 1939 2853 1997 sed
2891 1956 2957 1996 eo
2993 1940 3046 1995 in
3090 1939 3279 1996 mediis
3322 1938 3452 1996 foris
3494 1940 3776 2010 deposito,

2177 2043 2457 2102 pOStquam
2486 2047 2585 2087 ceu
2608 2034 2874 2088 theatrum
2903 2031 3340 2102 praetereuntium
3367 2031 3467 2086 sibi
3490 2043 3777 2103 pararunt,

2176 2123 2248 2178 ita
2277 2122 2491 2178 demum
2530 2122 2817 2178 admovent
2857 2121 3173 2178 sectionem.
3214 2120 3327 2177 Hoc
3362 2112 3539 2176 autem
3580 2121 3781 2175 faciunt

2178 2232 2283 2271 non
2310 2217 2452 2286 quod
2486 2215 2649 2272 velint
2678 2216 2939 2271 humanas
2969 2212 3251 2269 traducere
3279 2213 3607 2269 calamitates
3630 2255 3644 2277 ,
3679 2215 3778 2267 sed

2176 2319 2234 2366 ut
2272 2309 2555 2379 unicuique
2595 2308 2824 2380 propria:
2869 2307 3118 2365 sanitatis
3156 2306 3534 2363 commendent
3568 2322 3774 2362 curam.

2175 2401 2362 2458 Itidem
2390 2411 2447 2457 et
2473 2400 2748 2472 Scriptura
2784 2400 2948 2457 facit:
2979 2399 3067 2454 ubi
3097 2414 3255 2470 quem
3286 2398 3509 2470 arripuit
3546 2414 3778 2468 peccan-

2176 2493 2307 2549 tium
2328 2535 2343 2560 ,
2375 2493 2480 2547 alta
2507 2507 2637 2547 voce
2664 2491 2808 2546 illum
2831 2490 3124 2546 curandum
3153 2490 3429 2560 pr0ponit,
3454 2505 3561 2545 non
3584 2491 3635 2545 in
3660 2507 3777 2546 mc-

2174 2582 2278 2641 diis
2308 2582 2434 2638 foris
2455 2623 2472 2650 ,
2504 2582 2600 2639 sed
2632 2582 2684 2636 in
2715 2581 2890 2640 media
2922 2589 3063 2636 terra
3091 2596 3105 2634 :
3138 2589 3193 2635 et
3238 2588 3584 2651 posteaquam
3615 2582 3779 2635 totius

2175 2674 2321 2731 orbis
2350 2674 2761 2730 circumsteterit
2792 2671 3056 2728 theatrum
3077 2712 3094 2740 ,
3129 2682 3239 2725 tum
3264 2671 3595 2725 curationem
3625 2669 3780 2723 adhi-

2174 2765 2302 2834 bet,
2332 2765 2588 2821 erudiens
2626 2777 2753 2831 nos,
2785 2773 2845 2819 ut
2881 2761 3025 2819 circa
3065 2762 3333 2833 propriam
3378 2762 3607 2817 salutem
3645 2775 3777 2815 cuu-

2176 2860 2340 2914 tiores
2359 2860 2545 2913 simus.
2572 2857 2859 2913 Videamus
2884 2856 3044 2927 igitur
3063 2870 3172 2925 quo
3199 2863 3354 2923 pacto
3376 2852 3631 2910 sacerdos
3655 2863 3779 2907 tunc

2177 2949 2324 3005 illum
2357 2950 2625 3019 corrigere
2651 2949 2719 3003 sit
2761 2960 3069 3018 aggressus.
3095 2944 3209 3001 Non
3239 2944 3408 3011 dixit,
3438 2944 3483 2999 Ο
3513 2944 3673 3013 impie
3696 2984 3713 3010 ,
3744 2960 3779 2998 ο

2178 3040 2625 3097 sceleratissime:
2669 3040 2846 3095 omnia
2893 3038 3198 3095 subvertisti
3241 3037 3670 3108 conludistiquc,
3710 3037 3777 3091 ad

2177 3146 2471 3190 extremam
2520 3132 2845 3203 Impietatem
2886 3128 3219 3202 prorupisti:
3259 3144 3433 3199 neque
3473 3143 3776 3183 sertlloncttt

2177 3227 2532 3283 accusationis
2559 3225 2611 3281 in
2640 3225 2853 3295 longum
2883 3221 3173 3293 produxit;
3202 3221 3297 3276 sed
3324 3220 3776 3291 quemadmodum

2180 3321 2214 3375 ii
2242 3320 2329 3390 qui
2359 3326 2578 3385 secant,
2607 3315 2709 3373 hoc
2734 3316 2967 3371 breviter
2993 3312 3170 3369 facere
3211 3312 3462 3379 student,
3502 3312 3791 3366 celeritate

2179 3411 2431 3467 sectionis
2478 3409 2744 3465 cruciatus
2788 3421 3003 3463 sensum
3051 3405 3334 3460 fallentes:
3369 3404 3549 3458 itidem
3596 3413 3649 3457 et
3694 3403 3779 3456 hic

2181 3504 2523 3574 asperitatem
2553 3499 2936 3571 objurgationis
2975 3497 3160 3568 paucis
3178 3495 3355 3551 verbis
3372 3495 3741 3564 constringens
3762 3536 3776 3555 ,

2182 3598 2323 3664 regis
2351 3592 2676 3648 iracundiam
2703 3589 2958 3644 cohibuit.
3000 3586 3152 3656 Quod
3187 3587 3329 3642 enim
3370 3594 3451 3641 est
3490 3586 3544 3639 in
3588 3585 3651 3639 iis
3690 3588 3777 3654 qui

2184 3688 2425 3744 laborant
2448 3685 2615 3741 sectio
2638 3685 2654 3715 ι
2676 3724 2691 3752 ,
2716 3682 2817 3738 hoc
2836 3683 2993 3738 estin
3017 3682 3083 3735 iis
3103 3679 3190 3752 qui
3213 3688 3436 3750 pet-cant
3456 3677 3778 3746 redargutio.

2187 3782 2422 3854 Denique
2471 3789 2662 3850 praeter
2706 3776 2807 3831 alia
2849 3776 3007 3831 etiam
3056 3774 3168 3843 ipsa
3219 3772 3473 3827 brevitate
3515 3770 3784 3825 strmonis

2185 3872 2607 3927 moderationem
2637 3868 2791 3924 nobis
2813 3866 3042 3922 exhibet.
3075 3864 3227 3933 Quod
3253 3864 3295 3918 si
3322 3864 3472 3931 cupis
3492 3878 3574 3916 vei
3594 3862 3779 3917 borum

2185 3978 2397 4032 quoque
2437 3962 2728 4015 sectionem
2768 3958 2954 4011 videre
2990 3964 3045 4011 et
3082 3956 3167 4008 ubi
3213 3954 3410 4008 ferrum
3459 3951 3779 4017 occultarit,

2186 4054 2331 4107 audi.
2362 4051 2483 4106 Non
2509 4052 2656 4112 licet,
2685 4049 2888 4118 inquit,
2918 4048 3004 4101 tibi
3030 4047 3233 4099 adolere
3255 4046 3512 4098 incensum
3537 4044 3779 4109 Domino,

2186 4143 2274 4198 sed
2300 4143 2419 4197 solis
2447 4140 2786 4195 sacerdotibus
2806 4181 2820 4205 ,
2852 4140 2970 4205 ﬁliis
2992 4138 3163 4192 Aaron
3184 4176 3199 4203 ,
3232 4136 3549 4188 consecratis.
3581 4134 3675 4188 Hic
3702 4136 3784 4187 in-

2189 4234 2320 4288 ﬂixit
2359 4234 2574 4287 vulnus.
2616 4228 2930 4297 Quomodo?
2968 4228 3076 4298 Ego
3113 4226 3307 4281 dicam.
3347 4225 3456 4279 Cur
3492 4224 3634 4280 enim
3675 4238 3782 4277 non

2188 4325 2503 4395 simpliciter
2537 4322 2710 4388 dixit,
2746 4319 3103 4375 Sacerdotibus
3124 4360 3139 4383 ,
3180 4316 3273 4371 sed
3305 4314 3542 4381 addidit,
3574 4314 3786 4368 Aaron?

2189 4418 2240 4472 is
2279 4419 2478 4487 primus
2508 4415 2606 4469 fuit
2637 4415 2866 4483 pontifex
2886 4454 2899 4476 ,
2929 4410 3206 4478 simileqne
3247 4409 3447 4462 facinus
3474 4407 3616 4461 illius
3646 4417 3783 4460 tein-

2193 4510 2409 4580 poribus
2446 4506 2659 4576 quidam
2699 4505 2815 4559 ausi
2855 4513 3013 4570 sunt,
3059 4500 3261 4553 Dathan
3298 4500 3439 4553 enim
3478 4507 3531 4553 et
3571 4498 3709 4552 Core
3733 4507 3790 4553 et

2193 4603 2427 4665 Ahiron,
2452 4599 2714 4669 conjurati
2752 4598 3009 4652 adversus
3050 4594 3194 4647 illum
3225 4608 3344 4646 cum
3385 4591 3502 4646 aliis
3545 4591 3783 4660 aliquot,

2196 4697 2477 4750 voluerunt
2508 4706 2561 4748 et
2590 4692 2687 4761 ipsi
2713 4690 3069 4745 sacerdotium
3098 4687 3244 4741 obire
3277 4684 3470 4757 (Num.
3506 4685 3592 4740 16.
3623 4694 3668 4738 et
3696 4685 3784 4738 I’s.

2196 4789 2320 4844 105.
2352 4789 2440 4841 17.
2484 4786 2626 4854 18);
2658 4782 2748 4836 sed
2780 4781 2911 4835 alios
2938 4780 3151 4849 quidem
3181 4790 3247 4832 te:
3264 4792 3321 4830 ra
3358 4775 3643 4831 dehiscens
3691 4774 3788 4827 ab-

2195 4880 2430 4943 sorbuit,
2460 4880 2595 4931 alios
2621 4890 2747 4930 vero
2775 4874 2843 4929 de
2868 4873 3002 4928 caelo
3025 4872 3254 4925 emissus
3284 4868 3418 4937 ignis
3442 4868 3663 4923 exussit.
3694 4866 3792 4918 llu-

2193 4972 2278 5040 jns
2308 4986 2435 5039 ergo
2464 4968 2698 5023 historia:
2723 4965 2906 5021 volens
2931 4963 3078 5017 illum
3109 4958 3571 5015 commonefacere
3592 4999 3605 5019 ,
3633 4966 3789 5011 mett-

2202 5064 2401 5117 tioncm
2442 5061 2563 5115 fecit
2592 5058 2817 5112 Aaronis
2841 5096 2856 5121 ,
2890 5055 2979 5123 qui
3020 5062 3145 5107 tunc
3185 5053 3277 5106 fuit
3319 5051 3506 5121 injuria
3534 5048 3789 5113 alii-ctus,

2203 5166 2259 5208 ut
2280 5152 2346 5207 ad
2372 5152 2726 5206 calamitatem
2754 5162 2937 5202 eorum
2960 5145 3050 5216 qui
3079 5144 3316 5199 fecerant
3340 5143 3611 5211 injuriam,
3639 5140 3795 5209 hujus

2202 5246 2576 5315 cogitationem
2618 5238 3017 5295 transmitteret.
3058 5236 3323 5291 Cmterum
3364 5234 3495 5289 nihil
3524 5234 3639 5287 haec
3668 5248 3793 5302 pre-

2204 5340 2371 5403 fuere,
2398 5355 2501 5391 non
2530 5344 2748 5407 preptcr
2767 5331 3120 5394 sacerdotem,
3144 5330 3238 5384 sed
3266 5329 3334 5383 ob
3358 5327 3495 5397 regis
3519 5326 3793 5380 ferociam.

2205 5430 2336 5485 Cum
2359 5428 2499 5482 enim
2525 5426 2792 5480 debuisset
2812 5422 3029 5477 laudare
3053 5418 3415 5480 sacerdotem,
3448 5432 3650 5487 proque
3670 5432 3797 5472 con-

2272 5570 2289 5599 ι
2327 5566 2749 5622 Mamtscriplm‘um
2772 5560 2848 5609 alii
2874 5560 3091 5623 habent:
3119 5556 3251 5617 Quod
3274 5554 3401 5623 enim
3422 5562 3491 5604 est
3524 5555 3575 5623 in
3595 5556 3798 5623 raliter:-

2208 5629 2293 5679 ltus
2317 5628 2491 5680 sectio;
2518 5618 2596 5673 alii
2624 5640 2634 5672 :
2664 5624 2794 5683 Quod
2826 5622 2951 5672 enim
2986 5628 3053 5683 est
3076 5620 3137 5683 ir_t_
3149 5618 3424 5683 corporibus
3446 5618 3608 5666 sectio.
3635 5618 3804 5683 Melius

2211 5678 2373 5739 tamen
2401 5678 2599 5747 iuglillr,
2628 5678 2911 5747 (melicium
2933 5692 2999 5732 est
3026 5682 3073 5747 in
3100 5679 3158 5729 iis
3190 5680 3273 5747 qui
3320 5678 3535 5747 laborant
3559 5679 3795 5747 sectiotut

2211 5737 2335 5813 legit
2358 5737 2598 5813 Erasinus,
2631 5737 2738 5809 qua:
2765 5746 2907 5813 ιυυιᾳι»
2938 5746 3090 5806 probe
3107 5737 3310 5805 quadrat
3332 5742 3389 5790 ad
3416 5748 3693 5803 sequentia,
3712 5737 3801 5790 hoc

2213 5810 2285 5865 est
2304 5812 2353 5866 in
2379 5811 2438 5861 iis
2457 5810 2537 5872 qui
2566 5817 2755 5873 peccant
2785 5812 3076 5871 rcdurgatte.
