  <div class='ocr_page' id='page_1' title='image "/cluster/home/n/w/nwhite01/storage/ocr_20150623/56/ien.35556001660836/138.png"; bbox 0 0 4048 6462; ppageno 0'>
   <div class='ocr_carea' id='block_1_1' title="bbox 243 515 1829 590">
    <p class='ocr_par' dir='ltr' id='par_1_1' title="bbox 243 515 1829 590">
     <span class='ocr_line' id='line_1_1' title="bbox 243 515 1829 590; baseline 0.002 -21"><span class='ocrx_word' id='word_1_1' title='bbox 243 518 491 587; x_wconf 76' lang='grc' dir='ltr'>οὐρανοῖς</span> <span class='ocrx_word' id='word_1_2' title='bbox 522 516 752 585; x_wconf 68' lang='grc' dir='ltr'>ἵδρυται,</span> <span class='ocrx_word' id='word_1_3' title='bbox 797 530 886 568; x_wconf 67' lang='grc' dir='ltr'>και</span> <span class='ocrx_word' id='word_1_4' title='bbox 930 516 998 569; x_wconf 76' lang='grc' dir='ltr'>τὰ</span> <span class='ocrx_word' id='word_1_5' title='bbox 1033 516 1149 567; x_wconf 84' lang='grc' dir='ltr'>ἐκεῖ</span> <span class='ocrx_word' id='word_1_6' title='bbox 1180 515 1384 571; x_wconf 84' lang='grc' dir='ltr'>διέπειν</span> <span class='ocrx_word' id='word_1_7' title='bbox 1413 519 1829 590; x_wconf 75' lang='grc' dir='ltr'>ἐπιτέτραπται.</span> 
     </span>
    </p>
   </div>
   <div class='ocr_carea' id='block_1_2' title="bbox 244 591 1828 673">
    <p class='ocr_par' dir='ltr' id='par_1_2' title="bbox 244 591 1828 673">
     <span class='ocr_line' id='line_1_2' title="bbox 244 591 1828 673; baseline 0.003 -21"><span class='ocrx_word' id='word_1_8' title='bbox 244 601 339 663; x_wconf 85' lang='grc' dir='ltr'>Τίς</span> <span class='ocrx_word' id='word_1_9' title='bbox 378 603 550 654; x_wconf 86' lang='grc' dir='ltr'>ταῦτά</span> <span class='ocrx_word' id='word_1_10' title='bbox 587 618 789 670; x_wconf 83' lang='grc' dir='ltr'>φησιν;</span> <span class='ocrx_word' id='word_1_11' title='bbox 843 600 1015 664; x_wconf 81' lang='grc' dir='ltr'>Αὐτὸς</span> <span class='ocrx_word' id='word_1_12' title='bbox 1057 604 1085 652; x_wconf 99' lang='lat'>6</span> <span class='ocrx_word' id='word_1_13' title='bbox 1115 601 1225 653; x_wconf 82' lang='grc' dir='ltr'>τῶν</span> <span class='ocrx_word' id='word_1_14' title='bbox 1264 591 1508 673; x_wconf 79' lang='grc' dir='ltr'>οὐρανῶν</span> <span class='ocrx_word' id='word_1_15' title='bbox 1543 604 1828 669; x_wconf 62' lang='grc' dir='ltr'>βασιλεύςυ</span> 
     </span>
    </p>
   </div>
   <div class='ocr_carea' id='block_1_3' title="bbox 249 683 1836 757">
    <p class='ocr_par' dir='ltr' id='par_1_3' title="bbox 249 683 1836 757">
     <span class='ocr_line' id='line_1_3' title="bbox 249 683 1836 757; baseline 0.003 -23"><span class='ocrx_word' id='word_1_16' title='bbox 249 683 395 734; x_wconf 78' lang='grc' dir='ltr'>Ὅσα</span> <span class='ocrx_word' id='word_1_17' title='bbox 420 683 533 751; x_wconf 72' lang='grc' dir='ltr'>γὰρ</span> <span class='ocrx_word' id='word_1_18' title='bbox 572 684 647 737; x_wconf 77' lang='grc' dir='ltr'>ἂν</span> <span class='ocrx_word' id='word_1_19' title='bbox 682 684 932 753; x_wconf 79' lang='grc' dir='ltr'>δήσητε,</span> <span class='ocrx_word' id='word_1_20' title='bbox 966 684 1151 752; x_wconf 76' lang='grc' dir='ltr'>φησὶν,</span> <span class='ocrx_word' id='word_1_21' title='bbox 1195 684 1295 736; x_wconf 75' lang='grc' dir='ltr'>ἐπὶ</span> <span class='ocrx_word' id='word_1_22' title='bbox 1328 685 1439 754; x_wconf 84' lang='grc' dir='ltr'>τῆς</span> <span class='ocrx_word' id='word_1_23' title='bbox 1496 687 1629 757; x_wconf 72' lang='grc' dir='ltr'>γῆς,</span> <span class='ocrx_word' id='word_1_24' title='bbox 1665 688 1836 741; x_wconf 78' lang='grc' dir='ltr'>ἔσται</span> 
     </span>
    </p>
   </div>
   <div class='ocr_carea' id='block_1_4' title="bbox 247 765 1839 834">
    <p class='ocr_par' dir='ltr' id='par_1_4' title="bbox 247 765 1839 834">
     <span class='ocr_line' id='line_1_4' title="bbox 247 765 1839 834; baseline 0.003 -16"><span class='ocrx_word' id='word_1_25' title='bbox 247 766 533 833; x_wconf 69' lang='grc' dir='ltr'>δεδεμένα</span> <span class='ocrx_word' id='word_1_26' title='bbox 609 768 680 819; x_wconf 72' lang='grc' dir='ltr'>ἐν</span> <span class='ocrx_word' id='word_1_27' title='bbox 752 765 878 831; x_wconf 80' lang='grc' dir='ltr'>τοῖς</span> <span class='ocrx_word' id='word_1_28' title='bbox 963 767 1240 834; x_wconf 83' lang='grc' dir='ltr'>οὐρανοῖς</span> <span class='ocrx_word' id='word_1_29' title='bbox 1265 783 1281 799; x_wconf 88' lang='grc'><strong>·</strong></span> <span class='ocrx_word' id='word_1_30' title='bbox 1377 770 1475 822; x_wconf 78' lang='grc' dir='ltr'>καὶ</span> <span class='ocrx_word' id='word_1_31' title='bbox 1560 770 1679 822; x_wconf 81' lang='grc' dir='ltr'>ὅσα</span> <span class='ocrx_word' id='word_1_32' title='bbox 1762 770 1839 823; x_wconf 74' lang='grc' dir='ltr'>ἂν</span> 
     </span>
    </p>
   </div>
   <div class='ocr_carea' id='block_1_5' title="bbox 243 846 1839 920">
    <p class='ocr_par' dir='ltr' id='par_1_5' title="bbox 243 846 1839 920">
     <span class='ocr_line' id='line_1_5' title="bbox 243 846 1839 920; baseline 0.001 -19"><span class='ocrx_word' id='word_1_33' title='bbox 243 848 476 913; x_wconf 74' lang='grc' dir='ltr'>λύσητε</span> <span class='ocrx_word' id='word_1_34' title='bbox 530 847 627 899; x_wconf 72' lang='grc' dir='ltr'>ἐπὶ</span> <span class='ocrx_word' id='word_1_35' title='bbox 679 847 790 915; x_wconf 81' lang='grc' dir='ltr'>τῆς</span> <span class='ocrx_word' id='word_1_36' title='bbox 839 846 976 916; x_wconf 77' lang='grc' dir='ltr'>γῆς,</span> <span class='ocrx_word' id='word_1_37' title='bbox 1029 851 1199 902; x_wconf 77' lang='grc' dir='ltr'>ἐσται</span> <span class='ocrx_word' id='word_1_38' title='bbox 1257 852 1561 920; x_wconf 73' lang='grc' dir='ltr'>λελυμένα</span> <span class='ocrx_word' id='word_1_39' title='bbox 1607 853 1676 905; x_wconf 75' lang='grc' dir='ltr'><strong><em>ὲν</em></strong></span> <span class='ocrx_word' id='word_1_40' title='bbox 1716 852 1839 916; x_wconf 85' lang='grc' dir='ltr'>τοῖς</span> 
     </span>
    </p>
   </div>
   <div class='ocr_carea' id='block_1_6' title="bbox 244 929 1839 1012">
    <p class='ocr_par' dir='ltr' id='par_1_6' title="bbox 244 929 1839 1012">
     <span class='ocr_line' id='line_1_6' title="bbox 244 929 1839 1012; baseline 0.003 -28"><span class='ocrx_word' id='word_1_41' title='bbox 244 930 543 997; x_wconf 76' lang='grc' dir='ltr'>οὐρανοῖς.</span> <span class='ocrx_word' id='word_1_42' title='bbox 570 929 637 981; x_wconf 86' lang='grc' dir='ltr'>Τί</span> <span class='ocrx_word' id='word_1_43' title='bbox 657 932 859 1000; x_wconf 86' lang='grc' dir='ltr'>ταύτης</span> <span class='ocrx_word' id='word_1_44' title='bbox 889 933 1002 985; x_wconf 72' lang='grc' dir='ltr'>ἴσον</span> <span class='ocrx_word' id='word_1_45' title='bbox 1034 933 1229 1001; x_wconf 85' lang='grc' dir='ltr'>γένοιτ’</span> <span class='ocrx_word' id='word_1_46' title='bbox 1252 934 1318 988; x_wconf 87' lang='grc' dir='ltr'>ἂν</span> <span class='ocrx_word' id='word_1_47' title='bbox 1347 935 1447 1004; x_wconf 90' lang='grc' dir='ltr'>τῆς</span> <span class='ocrx_word' id='word_1_48' title='bbox 1464 937 1664 1012; x_wconf 65' lang='grc' dir='ltr'>τιμῆςς</span> <span class='ocrx_word' id='word_1_49' title='bbox 1710 935 1839 988; x_wconf 79' lang='grc' dir='ltr'>Ἀπὸ</span> 
     </span>
    </p>
   </div>
   <div class='ocr_carea' id='block_1_7' title="bbox 243 1014 1841 1089">
    <p class='ocr_par' dir='ltr' id='par_1_7' title="bbox 243 1014 1841 1089">
     <span class='ocr_line' id='line_1_7' title="bbox 243 1014 1841 1089; baseline 0.004 -25"><span class='ocrx_word' id='word_1_50' title='bbox 243 1014 341 1083; x_wconf 80' lang='grc' dir='ltr'>τῆς</span> <span class='ocrx_word' id='word_1_51' title='bbox 372 1015 475 1083; x_wconf 85' lang='grc' dir='ltr'>γῆς</span> <span class='ocrx_word' id='word_1_52' title='bbox 510 1015 609 1082; x_wconf 83' lang='grc' dir='ltr'>τὴν</span> <span class='ocrx_word' id='word_1_53' title='bbox 639 1014 811 1085; x_wconf 82' lang='grc' dir='ltr'>ἀρχὴν</span> <span class='ocrx_word' id='word_1_54' title='bbox 854 1015 955 1084; x_wconf 89' lang='grc' dir='ltr'>τῆς</span> <span class='ocrx_word' id='word_1_55' title='bbox 1002 1016 1280 1086; x_wconf 76' lang='grc' dir='ltr'>κρίσεωςει</span> <span class='ocrx_word' id='word_1_56' title='bbox 1327 1018 1593 1089; x_wconf 90' lang='grc' dir='ltr'>λαμϐάνει</span> <span class='ocrx_word' id='word_1_57' title='bbox 1626 1021 1654 1071; x_wconf 91' lang='lat'>6</span> <span class='ocrx_word' id='word_1_58' title='bbox 1679 1019 1841 1088; x_wconf 88' lang='grc' dir='ltr'>οὐρα-</span> 
     </span>
    </p>
   </div>
   <div class='ocr_carea' id='block_1_8' title="bbox 246 1096 1838 1172">
    <p class='ocr_par' dir='ltr' id='par_1_8' title="bbox 246 1096 1838 1172">
     <span class='ocr_line' id='line_1_8' title="bbox 246 1096 1838 1172; baseline 0.006 -25"><span class='ocrx_word' id='word_1_59' title='bbox 246 1096 353 1158; x_wconf 74' lang='grc' dir='ltr'>νός.</span> <span class='ocrx_word' id='word_1_60' title='bbox 402 1096 621 1166; x_wconf 84' lang='grc' dir='ltr'>Ἐπειδὴ</span> <span class='ocrx_word' id='word_1_61' title='bbox 644 1099 671 1150; x_wconf 92' lang='lat'>6</span> <span class='ocrx_word' id='word_1_62' title='bbox 700 1097 890 1168; x_wconf 84' lang='grc' dir='ltr'>κριτὴς</span> <span class='ocrx_word' id='word_1_63' title='bbox 912 1099 969 1151; x_wconf 89' lang='grc' dir='ltr'>ἐν</span> <span class='ocrx_word' id='word_1_64' title='bbox 1002 1101 1068 1168; x_wconf 79' lang='grc' dir='ltr'>τῇ</span> <span class='ocrx_word' id='word_1_65' title='bbox 1102 1102 1170 1171; x_wconf 81' lang='grc' dir='ltr'>γῇ</span> <span class='ocrx_word' id='word_1_66' title='bbox 1214 1100 1470 1172; x_wconf 85' lang='grc' dir='ltr'>κάθηται,</span> <span class='ocrx_word' id='word_1_67' title='bbox 1498 1104 1525 1155; x_wconf 91' lang='lat'>6</span> <span class='ocrx_word' id='word_1_68' title='bbox 1564 1103 1838 1170; x_wconf 84' lang='grc' dir='ltr'>Δεσπότης</span> 
     </span>
    </p>
   </div>
   <div class='ocr_carea' id='block_1_9' title="bbox 245 1177 1837 1253">
    <p class='ocr_par' dir='ltr' id='par_1_9' title="bbox 245 1177 1837 1253">
     <span class='ocr_line' id='line_1_9' title="bbox 245 1177 1837 1253; baseline 0.004 -24"><span class='ocrx_word' id='word_1_69' title='bbox 245 1178 439 1230; x_wconf 81' lang='grc' dir='ltr'>ἕπεται</span> <span class='ocrx_word' id='word_1_70' title='bbox 471 1177 550 1249; x_wconf 83' lang='grc' dir='ltr'>τῷ</span> <span class='ocrx_word' id='word_1_71' title='bbox 578 1177 780 1247; x_wconf 87' lang='grc' dir='ltr'>δούλῳ·</span> <span class='ocrx_word' id='word_1_72' title='bbox 837 1179 929 1232; x_wconf 75' lang='grc' dir='ltr'>καὶ</span> <span class='ocrx_word' id='word_1_73' title='bbox 983 1180 1127 1253; x_wconf 78' lang='grc' dir='ltr'>ἅπερ</span> <span class='ocrx_word' id='word_1_74' title='bbox 1178 1183 1245 1235; x_wconf 85' lang='grc' dir='ltr'>ἂν</span> <span class='ocrx_word' id='word_1_75' title='bbox 1292 1177 1447 1246; x_wconf 74' lang='grc' dir='ltr'>οὗτος</span> <span class='ocrx_word' id='word_1_76' title='bbox 1482 1184 1632 1237; x_wconf 91' lang='grc' dir='ltr'>κάτω</span> <span class='ocrx_word' id='word_1_77' title='bbox 1656 1184 1837 1253; x_wconf 81' lang='grc' dir='ltr'>κρίνῃ,</span> 
     </span>
    </p>
   </div>
   <div class='ocr_carea' id='block_1_10' title="bbox 247 1261 1840 1336">
    <p class='ocr_par' dir='ltr' id='par_1_10' title="bbox 247 1261 1840 1336">
     <span class='ocr_line' id='line_1_10' title="bbox 247 1261 1840 1336; baseline 0.004 -22"><span class='ocrx_word' id='word_1_78' title='bbox 247 1261 421 1315; x_wconf 83' lang='grc' dir='ltr'>ταῦτα</span> <span class='ocrx_word' id='word_1_79' title='bbox 446 1263 652 1324; x_wconf 85' lang='grc' dir='ltr'>ἐκεῖνος</span> <span class='ocrx_word' id='word_1_80' title='bbox 679 1261 789 1315; x_wconf 84' lang='grc' dir='ltr'>ἄνω</span> <span class='ocrx_word' id='word_1_81' title='bbox 812 1266 988 1334; x_wconf 82' lang='grc' dir='ltr'>κυροῖ.</span> <span class='ocrx_word' id='word_1_82' title='bbox 1017 1265 1128 1319; x_wconf 77' lang='grc' dir='ltr'>Καὶ</span> <span class='ocrx_word' id='word_1_83' title='bbox 1155 1267 1317 1334; x_wconf 81' lang='grc' dir='ltr'>μέσος</span> <span class='ocrx_word' id='word_1_84' title='bbox 1342 1267 1438 1320; x_wconf 88' lang='grc' dir='ltr'>τοῦ</span> <span class='ocrx_word' id='word_1_85' title='bbox 1464 1266 1598 1321; x_wconf 84' lang='grc' dir='ltr'>Θεοῦ</span> <span class='ocrx_word' id='word_1_86' title='bbox 1622 1270 1714 1322; x_wconf 76' lang='grc' dir='ltr'>καὶ</span> <span class='ocrx_word' id='word_1_87' title='bbox 1739 1270 1840 1336; x_wconf 81' lang='grc' dir='ltr'>τῆς</span> 
     </span>
    </p>
   </div>
   <div class='ocr_carea' id='block_1_11' title="bbox 246 1346 1841 1421">
    <p class='ocr_par' dir='ltr' id='par_1_11' title="bbox 246 1346 1841 1421">
     <span class='ocr_line' id='line_1_11' title="bbox 246 1346 1841 1421; baseline 0.003 -22"><span class='ocrx_word' id='word_1_88' title='bbox 246 1347 358 1399; x_wconf 86' lang='grc' dir='ltr'>τῶν</span> <span class='ocrx_word' id='word_1_89' title='bbox 389 1347 693 1415; x_wconf 86' lang='grc' dir='ltr'>ἀνθρώπων</span> <span class='ocrx_word' id='word_1_90' title='bbox 719 1346 933 1415; x_wconf 90' lang='grc' dir='ltr'>φύσεως</span> <span class='ocrx_word' id='word_1_91' title='bbox 964 1348 1194 1420; x_wconf 72' lang='grc' dir='ltr'>ἕστηκεν</span> <span class='ocrx_word' id='word_1_92' title='bbox 1214 1352 1243 1404; x_wconf 98' lang='lat'>6</span> <span class='ocrx_word' id='word_1_93' title='bbox 1275 1352 1474 1421; x_wconf 83' lang='grc' dir='ltr'>ἱερεὺς,</span> <span class='ocrx_word' id='word_1_94' title='bbox 1500 1350 1599 1413; x_wconf 87' lang='grc' dir='ltr'>τὰς</span> <span class='ocrx_word' id='word_1_95' title='bbox 1631 1351 1841 1404; x_wconf 89' lang='grc' dir='ltr'>ἐκεῖθεν</span> 
     </span>
    </p>
   </div>
   <div class='ocr_carea' id='block_1_12' title="bbox 245 1430 1841 1504">
    <p class='ocr_par' dir='ltr' id='par_1_12' title="bbox 245 1430 1841 1504">
     <span class='ocr_line' id='line_1_12' title="bbox 245 1430 1841 1504; baseline 0.003 -22"><span class='ocrx_word' id='word_1_96' title='bbox 245 1430 415 1499; x_wconf 86' lang='grc' dir='ltr'>τιμάς</span> <span class='ocrx_word' id='word_1_97' title='bbox 454 1430 711 1497; x_wconf 81' lang='grc' dir='ltr'>κατάγων</span> <span class='ocrx_word' id='word_1_98' title='bbox 750 1431 887 1501; x_wconf 85' lang='grc' dir='ltr'>πρὸς</span> <span class='ocrx_word' id='word_1_99' title='bbox 915 1432 1083 1501; x_wconf 80' lang='grc' dir='ltr'>ἡμᾶς,</span> <span class='ocrx_word' id='word_1_100' title='bbox 1123 1432 1217 1485; x_wconf 80' lang='grc' dir='ltr'>καὶ</span> <span class='ocrx_word' id='word_1_101' title='bbox 1258 1432 1357 1496; x_wconf 87' lang='lat'>16;</span> <span class='ocrx_word' id='word_1_102' title='bbox 1382 1434 1511 1503; x_wconf 77' lang='grc' dir='ltr'>παρ’</span> <span class='ocrx_word' id='word_1_103' title='bbox 1541 1435 1695 1504; x_wconf 81' lang='grc' dir='ltr'>ἡμῶν</span> <span class='ocrx_word' id='word_1_104' title='bbox 1729 1438 1841 1487; x_wconf 88' lang='grc' dir='ltr'>ἱκε-</span> 
     </span>
    </p>
   </div>
   <div class='ocr_carea' id='block_1_13' title="bbox 242 1514 1843 1589">
    <p class='ocr_par' dir='ltr' id='par_1_13' title="bbox 242 1514 1843 1589">
     <span class='ocr_line' id='line_1_13' title="bbox 242 1514 1843 1589; baseline 0.002 -22"><span class='ocrx_word' id='word_1_105' title='bbox 242 1514 443 1584; x_wconf 90' lang='grc' dir='ltr'>τηρίας</span> <span class='ocrx_word' id='word_1_106' title='bbox 471 1514 685 1582; x_wconf 82' lang='grc' dir='ltr'>ἀνάγων</span> <span class='ocrx_word' id='word_1_107' title='bbox 701 1515 835 1577; x_wconf 84' lang='grc' dir='ltr'>ἐκεῖ,</span> <span class='ocrx_word' id='word_1_108' title='bbox 865 1514 1215 1584; x_wconf 78' lang='grc' dir='ltr'>ὀργιζόμενον</span> <span class='ocrx_word' id='word_1_109' title='bbox 1250 1516 1411 1570; x_wconf 82' lang='grc' dir='ltr'>αὐτὸν</span> <span class='ocrx_word' id='word_1_110' title='bbox 1431 1519 1494 1588; x_wconf 80' lang='grc' dir='ltr'>τῇ</span> <span class='ocrx_word' id='word_1_111' title='bbox 1531 1521 1682 1589; x_wconf 85' lang='grc' dir='ltr'>κοινῇ</span> <span class='ocrx_word' id='word_1_112' title='bbox 1714 1536 1843 1571; x_wconf 88' lang='grc' dir='ltr'>κατ-</span> 
     </span>
    </p>
   </div>
   <div class='ocr_carea' id='block_1_14' title="bbox 245 1596 1841 1669">
    <p class='ocr_par' dir='ltr' id='par_1_14' title="bbox 245 1596 1841 1669">
     <span class='ocr_line' id='line_1_14' title="bbox 245 1596 1841 1669; baseline 0.004 -21"><span class='ocrx_word' id='word_1_113' title='bbox 245 1596 525 1649; x_wconf 83' lang='grc' dir='ltr'>αλλάττων</span> <span class='ocrx_word' id='word_1_114' title='bbox 546 1596 727 1664; x_wconf 90' lang='grc' dir='ltr'>φύσει,</span> <span class='ocrx_word' id='word_1_115' title='bbox 782 1599 1291 1668; x_wconf 86' lang='grc' dir='ltr'>προσκεκρουκότας</span> <span class='ocrx_word' id='word_1_116' title='bbox 1338 1601 1485 1669; x_wconf 81' lang='grc' dir='ltr'>ἡμᾶς</span> <span class='ocrx_word' id='word_1_117' title='bbox 1520 1601 1841 1669; x_wconf 76' lang='grc' dir='ltr'>ἐξαρπάζων</span> 
     </span>
    </p>
   </div>
   <div class='ocr_carea' id='block_1_15' title="bbox 245 1679 1839 1753">
    <p class='ocr_par' dir='ltr' id='par_1_15' title="bbox 245 1679 1839 1753">
     <span class='ocr_line' id='line_1_15' title="bbox 245 1679 1839 1753; baseline 0.003 -21"><span class='ocrx_word' id='word_1_118' title='bbox 245 1679 357 1732; x_wconf 84' lang='grc' dir='ltr'>τῶν</span> <span class='ocrx_word' id='word_1_119' title='bbox 380 1679 591 1732; x_wconf 83' lang='grc' dir='ltr'>ἐκείνου</span> <span class='ocrx_word' id='word_1_120' title='bbox 625 1680 842 1750; x_wconf 86' lang='grc' dir='ltr'>χειρῶν.</span> <span class='ocrx_word' id='word_1_121' title='bbox 875 1680 973 1733; x_wconf 86' lang='grc' dir='ltr'>Διά</span> <span class='ocrx_word' id='word_1_122' title='bbox 1000 1679 1157 1733; x_wconf 90' lang='grc' dir='ltr'>τοῦτο</span> <span class='ocrx_word' id='word_1_123' title='bbox 1184 1682 1279 1735; x_wconf 77' lang='grc' dir='ltr'>καὶ</span> <span class='ocrx_word' id='word_1_124' title='bbox 1301 1681 1468 1753; x_wconf 84' lang='grc' dir='ltr'>αὐτὴν</span> <span class='ocrx_word' id='word_1_125' title='bbox 1500 1683 1603 1753; x_wconf 86' lang='grc' dir='ltr'>τὴν</span> <span class='ocrx_word' id='word_1_126' title='bbox 1629 1683 1839 1751; x_wconf 83' lang='grc' dir='ltr'>βασιλι-</span> 
     </span>
    </p>
   </div>
   <div class='ocr_carea' id='block_1_16' title="bbox 246 1761 1840 1836">
    <p class='ocr_par' dir='ltr' id='par_1_16' title="bbox 246 1761 1840 1836">
     <span class='ocr_line' id='line_1_16' title="bbox 246 1761 1840 1836; baseline 0.003 -21"><span class='ocrx_word' id='word_1_127' title='bbox 246 1761 351 1834; x_wconf 76' lang='grc' dir='ltr'>κὴν</span> <span class='ocrx_word' id='word_1_128' title='bbox 386 1762 627 1833; x_wconf 83' lang='grc' dir='ltr'>κεφαλὴν</span> <span class='ocrx_word' id='word_1_129' title='bbox 654 1763 758 1815; x_wconf 87' lang='grc' dir='ltr'>ὐπὸ</span> <span class='ocrx_word' id='word_1_130' title='bbox 794 1762 893 1826; x_wconf 76' lang='grc' dir='ltr'>τὰς</span> <span class='ocrx_word' id='word_1_131' title='bbox 916 1762 1011 1815; x_wconf 89' lang='grc' dir='ltr'>τοῦ</span> <span class='ocrx_word' id='word_1_132' title='bbox 1042 1764 1229 1834; x_wconf 79' lang='grc' dir='ltr'>ἱερέως</span> <span class='ocrx_word' id='word_1_133' title='bbox 1260 1766 1449 1835; x_wconf 88' lang='grc' dir='ltr'>χεῖρας</span> <span class='ocrx_word' id='word_1_134' title='bbox 1477 1766 1660 1836; x_wconf 89' lang='grc' dir='ltr'>φέρων</span> <span class='ocrx_word' id='word_1_135' title='bbox 1684 1766 1840 1836; x_wconf 91' lang='grc' dir='ltr'>τίθη-</span> 
     </span>
    </p>
   </div>
   <div class='ocr_carea' id='block_1_17' title="bbox 247 1842 1842 1916">
    <p class='ocr_par' dir='ltr' id='par_1_17' title="bbox 247 1842 1842 1916">
     <span class='ocr_line' id='line_1_17' title="bbox 247 1842 1842 1916; baseline 0.003 -19"><span class='ocrx_word' id='word_1_136' title='bbox 247 1862 333 1897; x_wconf 89' lang='grc' dir='ltr'>σιν</span> <span class='ocrx_word' id='word_1_137' title='bbox 367 1844 516 1915; x_wconf 77' lang='grc'><strong>[155]</strong></span> <span class='ocrx_word' id='word_1_138' title='bbox 554 1845 583 1896; x_wconf 87' lang='lat'>6</span> <span class='ocrx_word' id='word_1_139' title='bbox 615 1844 766 1910; x_wconf 78' lang='grc' dir='ltr'>Θεὸς,</span> <span class='ocrx_word' id='word_1_140' title='bbox 809 1845 1079 1899; x_wconf 79' lang='grc' dir='ltr'>παιδεύων</span> <span class='ocrx_word' id='word_1_141' title='bbox 1122 1849 1293 1916; x_wconf 79' lang='grc' dir='ltr'>ἡμᾶς,</span> <span class='ocrx_word' id='word_1_142' title='bbox 1328 1848 1410 1899; x_wconf 86' lang='grc' dir='ltr'>ὃτι</span> <span class='ocrx_word' id='word_1_143' title='bbox 1447 1842 1601 1912; x_wconf 76' lang='grc' dir='ltr'>οὗτος</span> <span class='ocrx_word' id='word_1_144' title='bbox 1631 1850 1842 1903; x_wconf 88' lang='grc' dir='ltr'>ἐκείνου</span> 
     </span>
    </p>
   </div>
   <div class='ocr_carea' id='block_1_18' title="bbox 249 1926 1843 2000">
    <p class='ocr_par' dir='ltr' id='par_1_18' title="bbox 249 1926 1843 2000">
     <span class='ocr_line' id='line_1_18' title="bbox 249 1926 1843 2000; baseline 0.004 -23"><span class='ocrx_word' id='word_1_145' title='bbox 249 1926 453 1996; x_wconf 76' lang='grc' dir='ltr'>μείζων</span> <span class='ocrx_word' id='word_1_146' title='bbox 479 1928 507 1978; x_wconf 87' lang='grc' dir='ltr'>ὁ</span> <span class='ocrx_word' id='word_1_147' title='bbox 536 1927 719 1997; x_wconf 79' lang='grc' dir='ltr'>ἄρχων</span> <span class='ocrx_word' id='word_1_148' title='bbox 739 1945 752 1957; x_wconf 92' lang='grc'><strong>·</strong></span> <span class='ocrx_word' id='word_1_149' title='bbox 783 1927 843 1980; x_wconf 87' lang='lat'>16</span> <span class='ocrx_word' id='word_1_150' title='bbox 867 1929 973 1999; x_wconf 81' lang='grc' dir='ltr'>γὰρ</span> <span class='ocrx_word' id='word_1_151' title='bbox 1013 1929 1232 1981; x_wconf 75' lang='grc' dir='ltr'>ἔλαττον</span> <span class='ocrx_word' id='word_1_152' title='bbox 1272 1929 1377 1983; x_wconf 84' lang='grc' dir='ltr'>ὑπὸ</span> <span class='ocrx_word' id='word_1_153' title='bbox 1405 1928 1497 1983; x_wconf 87' lang='grc' dir='ltr'>τοῦ</span> <span class='ocrx_word' id='word_1_154' title='bbox 1537 1930 1843 2000; x_wconf 87' lang='grc' dir='ltr'>κρείττονος</span> 
     </span>
    </p>
   </div>
   <div class='ocr_carea' id='block_1_19' title="bbox 247 2009 1842 2083">
    <p class='ocr_par' dir='ltr' id='par_1_19' title="bbox 247 2009 1842 2083">
     <span class='ocr_line' id='line_1_19' title="bbox 247 2009 1842 2083; baseline 0.006 -24"><span class='ocrx_word' id='word_1_155' title='bbox 247 2009 574 2077; x_wconf 89' lang='grc' dir='ltr'>εὐλογεῖται.</span> <span class='ocrx_word' id='word_1_156' title='bbox 624 2010 781 2063; x_wconf 83' lang='grc' dir='ltr'>Ἀλλά</span> <span class='ocrx_word' id='word_1_157' title='bbox 832 2013 959 2082; x_wconf 74' lang='grc' dir='ltr'>περὶ</span> <span class='ocrx_word' id='word_1_158' title='bbox 1010 2012 1158 2082; x_wconf 72' lang='grc' dir='ltr'>μένδ</span> <span class='ocrx_word' id='word_1_159' title='bbox 1218 2012 1537 2083; x_wconf 78' lang='grc' dir='ltr'>ἱερωσύνης,</span> <span class='ocrx_word' id='word_1_160' title='bbox 1588 2015 1682 2067; x_wconf 78' lang='grc' dir='ltr'>καὶ</span> <span class='ocrx_word' id='word_1_161' title='bbox 1720 2015 1842 2068; x_wconf 82' lang='grc' dir='ltr'>ὅσον</span> 
     </span>
    </p>
   </div>
   <div class='ocr_carea' id='block_1_20' title="bbox 246 2091 1839 2166">
    <p class='ocr_par' dir='ltr' id='par_1_20' title="bbox 246 2091 1839 2166">
     <span class='ocr_line' id='line_1_20' title="bbox 246 2091 1839 2166; baseline 0.004 -24"><span class='ocrx_word' id='word_1_162' title='bbox 246 2092 347 2160; x_wconf 81' lang='grc' dir='ltr'>τῆς</span> <span class='ocrx_word' id='word_1_163' title='bbox 382 2091 541 2156; x_wconf 81' lang='grc' dir='ltr'>ἀξίας</span> <span class='ocrx_word' id='word_1_164' title='bbox 577 2092 638 2145; x_wconf 84' lang='grc' dir='ltr'>τὸ</span> <span class='ocrx_word' id='word_1_165' title='bbox 677 2093 924 2162; x_wconf 88' lang='grc' dir='ltr'>μέγεθος,</span> <span class='ocrx_word' id='word_1_166' title='bbox 963 2095 1020 2145; x_wconf 87' lang='grc' dir='ltr'>ἐν</span> <span class='ocrx_word' id='word_1_167' title='bbox 1059 2095 1231 2166; x_wconf 85' lang='grc' dir='ltr'>ἐτέρῳ</span> <span class='ocrx_word' id='word_1_168' title='bbox 1263 2095 1443 2165; x_wconf 83' lang='grc' dir='ltr'>καιρῷ</span> <span class='ocrx_word' id='word_1_169' title='bbox 1492 2095 1839 2166; x_wconf 82' lang='grc' dir='ltr'>δηλώσομεν’</span> 
     </span>
    </p>
   </div>
   <div class='ocr_carea' id='block_1_21' title="bbox 248 2173 1838 2247">
    <p class='ocr_par' dir='ltr' id='par_1_21' title="bbox 248 2173 1838 2247">
     <span class='ocr_line' id='line_1_21' title="bbox 248 2173 1838 2247; baseline 0.004 -22"><span class='ocrx_word' id='word_1_170' title='bbox 248 2174 387 2236; x_wconf 86' lang='grc' dir='ltr'>τέως</span> <span class='ocrx_word' id='word_1_171' title='bbox 410 2174 465 2227; x_wconf 84' lang='grc' dir='ltr'>δὲ</span> <span class='ocrx_word' id='word_1_172' title='bbox 502 2173 699 2243; x_wconf 73' lang='grc' dir='ltr'>ἴδωμεν</span> <span class='ocrx_word' id='word_1_173' title='bbox 727 2176 826 2244; x_wconf 87' lang='grc' dir='ltr'>τῆς</span> <span class='ocrx_word' id='word_1_174' title='bbox 851 2176 1065 2239; x_wconf 85' lang='grc' dir='ltr'>ἀδικίας</span> <span class='ocrx_word' id='word_1_175' title='bbox 1092 2177 1154 2229; x_wconf 88' lang='lat'>16</span> <span class='ocrx_word' id='word_1_176' title='bbox 1182 2176 1411 2246; x_wconf 87' lang='grc' dir='ltr'>μέγεθος</span> <span class='ocrx_word' id='word_1_177' title='bbox 1429 2177 1521 2230; x_wconf 86' lang='grc' dir='ltr'>τοῦ</span> <span class='ocrx_word' id='word_1_178' title='bbox 1555 2177 1838 2247; x_wconf 76' lang='grc' dir='ltr'>βασιλέως,</span> 
     </span>
    </p>
   </div>
   <div class='ocr_carea' id='block_1_22' title="bbox 253 2257 1843 2329">
    <p class='ocr_par' dir='ltr' id='par_1_22' title="bbox 253 2257 1843 2329">
     <span class='ocr_line' id='line_1_22' title="bbox 253 2257 1843 2329; baseline 0.004 -20"><span class='ocrx_word' id='word_1_179' title='bbox 253 2257 456 2327; x_wconf 78' lang='grc' dir='ltr'>μᾶλλον</span> <span class='ocrx_word' id='word_1_180' title='bbox 486 2258 541 2309; x_wconf 84' lang='grc' dir='ltr'>δὲ</span> <span class='ocrx_word' id='word_1_181' title='bbox 570 2259 664 2311; x_wconf 91' lang='grc' dir='ltr'>τοῦ</span> <span class='ocrx_word' id='word_1_182' title='bbox 704 2260 990 2329; x_wconf 85' lang='grc' dir='ltr'>τυράννου.</span> <span class='ocrx_word' id='word_1_183' title='bbox 1040 2260 1302 2329; x_wconf 81' lang='grc' dir='ltr'>Εἰσῆλθεν</span> <span class='ocrx_word' id='word_1_184' title='bbox 1335 2260 1417 2323; x_wconf 84' lang='grc' dir='ltr'>εἰς</span> <span class='ocrx_word' id='word_1_185' title='bbox 1448 2260 1541 2312; x_wconf 83' lang='grc' dir='ltr'>τὸν</span> <span class='ocrx_word' id='word_1_186' title='bbox 1582 2262 1710 2314; x_wconf 84' lang='grc' dir='ltr'>ναὸν</span> <span class='ocrx_word' id='word_1_187' title='bbox 1731 2263 1843 2315; x_wconf 84' lang='grc' dir='ltr'>Κυ-</span> 
     </span>
    </p>
   </div>
   <div class='ocr_carea' id='block_1_23' title="bbox 252 2340 1838 2414">
    <p class='ocr_par' dir='ltr' id='par_1_23' title="bbox 252 2340 1838 2414">
     <span class='ocr_line' id='line_1_23' title="bbox 252 2340 1838 2414; baseline 0.006 -24"><span class='ocrx_word' id='word_1_188' title='bbox 252 2340 393 2409; x_wconf 90' lang='grc' dir='ltr'>ρίου,</span> <span class='ocrx_word' id='word_1_189' title='bbox 444 2341 660 2410; x_wconf 88' lang='grc' dir='ltr'>εἰσῆλθε</span> <span class='ocrx_word' id='word_1_190' title='bbox 709 2344 801 2395; x_wconf 78' lang='grc' dir='ltr'>καὶ</span> <span class='ocrx_word' id='word_1_191' title='bbox 837 2341 1094 2414; x_wconf 79' lang='grc' dir='ltr'>Ἀζαρίας</span> <span class='ocrx_word' id='word_1_192' title='bbox 1136 2346 1163 2395; x_wconf 87' lang='lat'>6</span> <span class='ocrx_word' id='word_1_193' title='bbox 1217 2342 1395 2412; x_wconf 83' lang='grc' dir='ltr'>ἱερεὺς</span> <span class='ocrx_word' id='word_1_194' title='bbox 1425 2344 1601 2397; x_wconf 89' lang='grc' dir='ltr'>ὀπίσω</span> <span class='ocrx_word' id='word_1_195' title='bbox 1651 2345 1838 2399; x_wconf 88' lang='grc' dir='ltr'>αὐτοῦ.</span> 
     </span>
    </p>
   </div>
   <div class='ocr_carea' id='block_1_24' title="bbox 252 2419 1843 2495">
    <p class='ocr_par' dir='ltr' id='par_1_24' title="bbox 252 2419 1843 2495">
     <span class='ocr_line' id='line_1_24' title="bbox 252 2419 1843 2495; baseline 0.004 -22"><span class='ocrx_word' id='word_1_196' title='bbox 252 2419 399 2491; x_wconf 77' lang='grc' dir='ltr'>’Λρα</span> <span class='ocrx_word' id='word_1_197' title='bbox 437 2423 512 2492; x_wconf 89' lang='grc' dir='ltr'>μὴ</span> <span class='ocrx_word' id='word_1_198' title='bbox 549 2424 726 2494; x_wconf 81' lang='grc' dir='ltr'>μάτην</span> <span class='ocrx_word' id='word_1_199' title='bbox 766 2424 971 2492; x_wconf 76' lang='grc' dir='ltr'>ἔλεγον,</span> <span class='ocrx_word' id='word_1_200' title='bbox 1008 2426 1092 2477; x_wconf 83' lang='grc' dir='ltr'>ὅτι</span> <span class='ocrx_word' id='word_1_201' title='bbox 1144 2424 1347 2495; x_wconf 78' lang='grc' dir='ltr'>μείζων</span> <span class='ocrx_word' id='word_1_202' title='bbox 1390 2425 1483 2478; x_wconf 87' lang='grc' dir='ltr'>τοῦ</span> <span class='ocrx_word' id='word_1_203' title='bbox 1519 2426 1781 2495; x_wconf 89' lang='grc' dir='ltr'>βασιλέως</span> <span class='ocrx_word' id='word_1_204' title='bbox 1814 2429 1843 2480; x_wconf 92' lang='lat'>6</span> 
     </span>
    </p>
   </div>
   <div class='ocr_carea' id='block_1_25' title="bbox 253 2504 1841 2577">
    <p class='ocr_par' dir='ltr' id='par_1_25' title="bbox 253 2504 1841 2577">
     <span class='ocr_line' id='line_1_25' title="bbox 253 2504 1841 2577; baseline 0.005 -22"><span class='ocrx_word' id='word_1_205' title='bbox 253 2504 567 2574; x_wconf 87' lang='grc' dir='ltr'>ἱερεύς;οὐ</span> <span class='ocrx_word' id='word_1_206' title='bbox 613 2506 719 2576; x_wconf 91' lang='grc' dir='ltr'>γάρ</span> <span class='ocrx_word' id='word_1_207' title='bbox 755 2506 830 2570; x_wconf 83' lang='grc' dir='ltr'>ὡς</span> <span class='ocrx_word' id='word_1_208' title='bbox 862 2507 1087 2576; x_wconf 79' lang='grc' dir='ltr'>βασιλέα</span> <span class='ocrx_word' id='word_1_209' title='bbox 1128 2507 1335 2577; x_wconf 85' lang='grc' dir='ltr'>μέλλων</span> <span class='ocrx_word' id='word_1_210' title='bbox 1372 2507 1695 2575; x_wconf 88' lang='grc' dir='ltr'>ἐξελαύνειν,</span> <span class='ocrx_word' id='word_1_211' title='bbox 1728 2510 1841 2563; x_wconf 88' lang='grc' dir='ltr'>ἀλλ’</span> 
     </span>
    </p>
   </div>
   <div class='ocr_carea' id='block_1_26' title="bbox 251 2584 1842 2660">
    <p class='ocr_par' dir='ltr' id='par_1_26' title="bbox 251 2584 1842 2660">
     <span class='ocr_line' id='line_1_26' title="bbox 251 2584 1842 2660; baseline 0.005 -25"><span class='ocrx_word' id='word_1_212' title='bbox 251 2585 327 2647; x_wconf 82' lang='grc' dir='ltr'>ὡς</span> <span class='ocrx_word' id='word_1_213' title='bbox 353 2584 628 2657; x_wconf 79' lang='grc' dir='ltr'>δραπέτην</span> <span class='ocrx_word' id='word_1_214' title='bbox 656 2589 748 2641; x_wconf 74' lang='grc' dir='ltr'>καὶ</span> <span class='ocrx_word' id='word_1_215' title='bbox 776 2589 995 2659; x_wconf 86' lang='grc' dir='ltr'>οἰκέτην</span> <span class='ocrx_word' id='word_1_216' title='bbox 1021 2589 1333 2659; x_wconf 82' lang='grc' dir='ltr'>ἀγνώμονα,</span> <span class='ocrx_word' id='word_1_217' title='bbox 1364 2590 1537 2653; x_wconf 79' lang='grc' dir='ltr'>οὕτως</span> <span class='ocrx_word' id='word_1_218' title='bbox 1555 2591 1842 2660; x_wconf 85' lang='grc' dir='ltr'>ἐπεισῆλθε</span> 
     </span>
    </p>
   </div>
   <div class='ocr_carea' id='block_1_27' title="bbox 253 2667 1844 2745">
    <p class='ocr_par' dir='ltr' id='par_1_27' title="bbox 253 2667 1844 2745">
     <span class='ocr_line' id='line_1_27' title="bbox 253 2667 1844 2745; baseline 0.006 -27"><span class='ocrx_word' id='word_1_219' title='bbox 253 2667 394 2737; x_wconf 86' lang='grc' dir='ltr'>μετά</span> <span class='ocrx_word' id='word_1_220' title='bbox 418 2668 794 2740; x_wconf 81' lang='grc' dir='ltr'>σφοδρότητος,</span> <span class='ocrx_word' id='word_1_221' title='bbox 811 2671 999 2741; x_wconf 82' lang='grc' dir='ltr'>ὥσπερ</span> <span class='ocrx_word' id='word_1_222' title='bbox 1011 2689 1096 2733; x_wconf 91' lang='grc' dir='ltr'>τις</span> <span class='ocrx_word' id='word_1_223' title='bbox 1116 2672 1320 2736; x_wconf 83' lang='grc' dir='ltr'>σκύλαξ</span> <span class='ocrx_word' id='word_1_224' title='bbox 1338 2674 1607 2741; x_wconf 75' lang='grc' dir='ltr'>γενναῖοςε</span> <span class='ocrx_word' id='word_1_225' title='bbox 1624 2674 1844 2745; x_wconf 86' lang='grc' dir='ltr'>ἐπιδρα-</span> 
     </span>
    </p>
   </div>
   <div class='ocr_carea' id='block_1_28' title="bbox 252 2748 1845 2827">
    <p class='ocr_par' dir='ltr' id='par_1_28' title="bbox 252 2748 1845 2827">
     <span class='ocr_line' id='line_1_28' title="bbox 252 2748 1845 2827; baseline 0.007 -28"><span class='ocrx_word' id='word_1_226' title='bbox 252 2748 371 2813; x_wconf 82' lang='grc' dir='ltr'>μὼν</span> <span class='ocrx_word' id='word_1_227' title='bbox 403 2748 481 2817; x_wconf 84' lang='grc' dir='ltr'>τῷ</span> <span class='ocrx_word' id='word_1_228' title='bbox 506 2750 800 2822; x_wconf 82' lang='grc' dir='ltr'>ἀκαθάρτῳ</span> <span class='ocrx_word' id='word_1_229' title='bbox 839 2753 1012 2825; x_wconf 85' lang='grc' dir='ltr'>θηρίῳ</span> <span class='ocrx_word' id='word_1_230' title='bbox 1036 2793 1052 2820; x_wconf 95' lang='grc'>,</span> <span class='ocrx_word' id='word_1_231' title='bbox 1074 2753 1215 2807; x_wconf 86' lang='grc' dir='ltr'>ὥστε</span> <span class='ocrx_word' id='word_1_232' title='bbox 1242 2754 1372 2808; x_wconf 85' lang='grc' dir='ltr'>αὐτὸ</span> <span class='ocrx_word' id='word_1_233' title='bbox 1392 2757 1493 2825; x_wconf 80' lang='grc' dir='ltr'>τῆς</span> <span class='ocrx_word' id='word_1_234' title='bbox 1520 2755 1845 2827; x_wconf 85' lang='grc' dir='ltr'>δεσποτικῆς</span> 
     </span>
    </p>
   </div>
   <div class='ocr_carea' id='block_1_29' title="bbox 249 2833 766 2901">
    <p class='ocr_par' dir='ltr' id='par_1_29' title="bbox 249 2833 766 2901">
     <span class='ocr_line' id='line_1_29' title="bbox 249 2833 766 2901; baseline 0.01 -17"><span class='ocrx_word' id='word_1_235' title='bbox 249 2833 545 2901; x_wconf 75' lang='grc' dir='ltr'>ἐξαγαγεῖν</span> <span class='ocrx_word' id='word_1_236' title='bbox 568 2835 766 2897; x_wconf 90' lang='grc' dir='ltr'>οἰκίας.</span> 
     </span>
    </p>
   </div>
   <div class='ocr_carea' id='block_1_30' title="bbox 323 2912 1843 2996">
    <p class='ocr_par' dir='ltr' id='par_1_30' title="bbox 323 2912 1843 2996">
     <span class='ocr_line' id='line_1_30' title="bbox 323 2912 1843 2996; baseline 0.006 -27"><span class='ocrx_word' id='word_1_237' title='bbox 323 2917 393 2985; x_wconf 80' lang='grc' dir='ltr'>β’.</span> <span class='ocrx_word' id='word_1_238' title='bbox 414 2912 568 2979; x_wconf 75' lang='grc' dir='ltr'>Εἶδες</span> <span class='ocrx_word' id='word_1_239' title='bbox 590 2916 767 2988; x_wconf 84' lang='grc' dir='ltr'>ψυχὴν</span> <span class='ocrx_word' id='word_1_240' title='bbox 788 2918 974 2987; x_wconf 83' lang='grc' dir='ltr'>ἱερέως</span> <span class='ocrx_word' id='word_1_241' title='bbox 995 2920 1309 2991; x_wconf 75' lang='grc' dir='ltr'>παρρησίας</span> <span class='ocrx_word' id='word_1_242' title='bbox 1328 2922 1601 2994; x_wconf 83' lang='grc' dir='ltr'>γέμουσαν</span> <span class='ocrx_word' id='word_1_243' title='bbox 1621 2924 1843 2996; x_wconf 81' lang='grc' dir='ltr'>πολλῆς,</span> 
     </span>
    </p>
   </div>
   <div class='ocr_carea' id='block_1_31' title="bbox 250 3001 1846 3081">
    <p class='ocr_par' dir='ltr' id='par_1_31' title="bbox 250 3001 1846 3081">
     <span class='ocr_line' id='line_1_31' title="bbox 250 3001 1846 3081; baseline 0.008 -29"><span class='ocrx_word' id='word_1_244' title='bbox 250 3001 348 3053; x_wconf 74' lang='grc' dir='ltr'>καὶ</span> <span class='ocrx_word' id='word_1_245' title='bbox 376 3002 724 3071; x_wconf 86' lang='grc' dir='ltr'>φρονήματος</span> <span class='ocrx_word' id='word_1_246' title='bbox 751 3003 960 3072; x_wconf 87' lang='grc' dir='ltr'>ὑψηλοῦ</span> <span class='ocrx_word' id='word_1_247' title='bbox 986 3020 1001 3068; x_wconf 88' lang='grc'>;</span> <span class='ocrx_word' id='word_1_248' title='bbox 1025 3004 1138 3057; x_wconf 87' lang='grc' dir='ltr'>Οὐκ</span> <span class='ocrx_word' id='word_1_249' title='bbox 1164 3001 1303 3058; x_wconf 84' lang='grc' dir='ltr'>εἰδεν</span> <span class='ocrx_word' id='word_1_250' title='bbox 1330 3008 1407 3070; x_wconf 90' lang='grc' dir='ltr'>εἰς</span> <span class='ocrx_word' id='word_1_251' title='bbox 1432 3006 1525 3061; x_wconf 82' lang='grc' dir='ltr'>τὸν</span> <span class='ocrx_word' id='word_1_252' title='bbox 1552 3008 1653 3079; x_wconf 87' lang='grc' dir='ltr'>τῆς</span> <span class='ocrx_word' id='word_1_253' title='bbox 1672 3010 1846 3081; x_wconf 87' lang='grc' dir='ltr'>ἀρχῆς</span> 
     </span>
    </p>
   </div>
   <div class='ocr_carea' id='block_1_32' title="bbox 251 3084 1846 3165">
    <p class='ocr_par' dir='ltr' id='par_1_32' title="bbox 251 3084 1846 3165">
     <span class='ocr_line' id='line_1_32' title="bbox 251 3084 1846 3165; baseline 0.008 -30"><span class='ocrx_word' id='word_1_254' title='bbox 251 3084 437 3152; x_wconf 76' lang='grc' dir='ltr'>ὃγκον,</span> <span class='ocrx_word' id='word_1_255' title='bbox 476 3086 578 3139; x_wconf 87' lang='grc' dir='ltr'>οὐκ</span> <span class='ocrx_word' id='word_1_256' title='bbox 612 3086 916 3157; x_wconf 87' lang='grc' dir='ltr'>ἐνενόησεν,</span> <span class='ocrx_word' id='word_1_257' title='bbox 948 3090 1073 3142; x_wconf 87' lang='grc' dir='ltr'>ὅσον</span> <span class='ocrx_word' id='word_1_258' title='bbox 1099 3090 1217 3144; x_wconf 82' lang='grc' dir='ltr'>ἐστί</span> <span class='ocrx_word' id='word_1_259' title='bbox 1245 3089 1421 3163; x_wconf 85' lang='grc' dir='ltr'>ψυχὴν</span> <span class='ocrx_word' id='word_1_260' title='bbox 1451 3093 1717 3165; x_wconf 80' lang='grc' dir='ltr'>ἐπιθυμίᾳ</span> <span class='ocrx_word' id='word_1_261' title='bbox 1748 3112 1846 3165; x_wconf 87' lang='grc' dir='ltr'>με-</span> 
     </span>
    </p>
   </div>
   <div class='ocr_carea' id='block_1_33' title="bbox 252 3168 1847 3249">
    <p class='ocr_par' dir='ltr' id='par_1_33' title="bbox 252 3168 1847 3249">
     <span class='ocr_line' id='line_1_33' title="bbox 252 3168 1847 3249; baseline 0.006 -28"><span class='ocrx_word' id='word_1_262' title='bbox 252 3168 493 3222; x_wconf 84' lang='grc' dir='ltr'>θύουσαν</span> <span class='ocrx_word' id='word_1_263' title='bbox 518 3174 834 3242; x_wconf 80' lang='grc' dir='ltr'>κατασχεῖν,</span> <span class='ocrx_word' id='word_1_264' title='bbox 878 3173 979 3225; x_wconf 86' lang='grc' dir='ltr'>οὐκ</span> <span class='ocrx_word' id='word_1_265' title='bbox 1018 3174 1217 3244; x_wconf 73' lang='grc' dir='ltr'>ἢκουσε</span> <span class='ocrx_word' id='word_1_266' title='bbox 1258 3175 1351 3228; x_wconf 91' lang='grc' dir='ltr'>τοῦ</span> <span class='ocrx_word' id='word_1_267' title='bbox 1391 3178 1734 3249; x_wconf 73' lang='grc' dir='ltr'>Σολομῶντος</span> <span class='ocrx_word' id='word_1_268' title='bbox 1762 3179 1847 3231; x_wconf 84' lang='grc' dir='ltr'>λέ-</span> 
     </span>
    </p>
   </div>
   <div class='ocr_carea' id='block_1_34' title="bbox 253 3254 1845 3329">
    <p class='ocr_par' dir='ltr' id='par_1_34' title="bbox 253 3254 1845 3329">
     <span class='ocr_line' id='line_1_34' title="bbox 253 3254 1845 3329; baseline 0.008 -25"><span class='ocrx_word' id='word_1_269' title='bbox 253 3268 476 3320; x_wconf 88' lang='grc' dir='ltr'>γοντος·</span> <span class='ocrx_word' id='word_1_270' title='bbox 520 3254 755 3321; x_wconf 72' lang='grc' dir='ltr'>Ἀπειλὴ</span> <span class='ocrx_word' id='word_1_271' title='bbox 789 3254 1097 3322; x_wconf 76' lang='grc' dir='ltr'>βασιλέως</span> <span class='ocrx_word' id='word_1_272' title='bbox 1158 3258 1331 3326; x_wconf 79' lang='grc' dir='ltr'>ὁμοία</span> <span class='ocrx_word' id='word_1_273' title='bbox 1370 3259 1533 3329; x_wconf 85' lang='grc' dir='ltr'>θυμῷ</span> <span class='ocrx_word' id='word_1_274' title='bbox 1564 3261 1845 3327; x_wconf 72' lang='grc' dir='ltr'>λέοντοςο</span> 
     </span>
    </p>
   </div>
   <div class='ocr_carea' id='block_1_35' title="bbox 254 3334 1850 3412">
    <p class='ocr_par' dir='ltr' id='par_1_35' title="bbox 254 3334 1850 3412">
     <span class='ocr_line' id='line_1_35' title="bbox 254 3334 1850 3412; baseline 0.005 -24"><span class='ocrx_word' id='word_1_275' title='bbox 254 3334 393 3388; x_wconf 81' lang='grc' dir='ltr'>ἀλλά</span> <span class='ocrx_word' id='word_1_276' title='bbox 423 3336 561 3405; x_wconf 78' lang='grc' dir='ltr'>πρὸς</span> <span class='ocrx_word' id='word_1_277' title='bbox 589 3337 679 3390; x_wconf 83' lang='grc' dir='ltr'>τὸν</span> <span class='ocrx_word' id='word_1_278' title='bbox 716 3338 891 3407; x_wconf 86' lang='grc' dir='ltr'>ἀληθῆ</span> <span class='ocrx_word' id='word_1_279' title='bbox 925 3337 1147 3407; x_wconf 86' lang='grc' dir='ltr'>βασιλέα</span> <span class='ocrx_word' id='word_1_280' title='bbox 1173 3341 1281 3393; x_wconf 88' lang='grc' dir='ltr'>τῶν</span> <span class='ocrx_word' id='word_1_281' title='bbox 1314 3342 1557 3412; x_wconf 85' lang='grc' dir='ltr'>οὐρανῶν</span> <span class='ocrx_word' id='word_1_282' title='bbox 1584 3343 1727 3408; x_wconf 86' lang='grc' dir='ltr'>ἰδὼν,</span> <span class='ocrx_word' id='word_1_283' title='bbox 1754 3344 1850 3397; x_wconf 79' lang='grc' dir='ltr'>καί</span> 
     </span>
    </p>
   </div>
   <div class='ocr_carea' id='block_1_36' title="bbox 253 3417 1849 3490">
    <p class='ocr_par' dir='ltr' id='par_1_36' title="bbox 253 3417 1849 3490">
     <span class='ocr_line' id='line_1_36' title="bbox 253 3417 1849 3490; baseline 0.005 -19"><span class='ocrx_word' id='word_1_284' title='bbox 253 3419 315 3471; x_wconf 87' lang='lat'>16</span> <span class='ocrx_word' id='word_1_285' title='bbox 349 3417 501 3488; x_wconf 89' lang='grc' dir='ltr'>βῆμα</span> <span class='ocrx_word' id='word_1_286' title='bbox 530 3418 790 3488; x_wconf 74' lang='grc' dir='ltr'>ἐννοήσας</span> <span class='ocrx_word' id='word_1_287' title='bbox 822 3422 998 3473; x_wconf 81' lang='grc' dir='ltr'>ἐκεῖνο</span> <span class='ocrx_word' id='word_1_288' title='bbox 1033 3421 1127 3475; x_wconf 77' lang='grc' dir='ltr'>καὶ</span> <span class='ocrx_word' id='word_1_289' title='bbox 1157 3422 1256 3485; x_wconf 84' lang='grc' dir='ltr'>τὰς</span> <span class='ocrx_word' id='word_1_290' title='bbox 1286 3422 1537 3490; x_wconf 86' lang='grc' dir='ltr'>εὐθύνας.</span> <span class='ocrx_word' id='word_1_291' title='bbox 1587 3427 1680 3480; x_wconf 78' lang='grc' dir='ltr'>καὶ</span> <span class='ocrx_word' id='word_1_292' title='bbox 1727 3426 1849 3480; x_wconf 86' lang='grc' dir='ltr'>τού-</span> 
     </span>
    </p>
   </div>
   <div class='ocr_carea' id='block_1_37' title="bbox 254 3500 1848 3577">
    <p class='ocr_par' dir='ltr' id='par_1_37' title="bbox 254 3500 1848 3577">
     <span class='ocr_line' id='line_1_37' title="bbox 254 3500 1848 3577; baseline 0.007 -26"><span class='ocrx_word' id='word_1_293' title='bbox 254 3517 370 3563; x_wconf 83' lang='grc' dir='ltr'>τοις</span> <span class='ocrx_word' id='word_1_294' title='bbox 402 3500 594 3553; x_wconf 84' lang='grc' dir='ltr'>ἐαυτὸν</span> <span class='ocrx_word' id='word_1_295' title='bbox 619 3504 731 3565; x_wconf 89' lang='grc' dir='ltr'>τοῖς</span> <span class='ocrx_word' id='word_1_296' title='bbox 771 3502 1051 3574; x_wconf 82' lang='grc' dir='ltr'>λογισμοῖς</span> <span class='ocrx_word' id='word_1_297' title='bbox 1090 3505 1395 3575; x_wconf 81' lang='grc' dir='ltr'>ὀχυρώσας,</span> <span class='ocrx_word' id='word_1_298' title='bbox 1432 3507 1604 3572; x_wconf 76' lang='grc' dir='ltr'>οὕτως</span> <span class='ocrx_word' id='word_1_299' title='bbox 1638 3510 1848 3577; x_wconf 82' lang='grc' dir='ltr'>ἐπεπή-</span> 
     </span>
    </p>
   </div>
   <div class='ocr_carea' id='block_1_38' title="bbox 254 3584 1850 3665">
    <p class='ocr_par' dir='ltr' id='par_1_38' title="bbox 254 3584 1850 3665">
     <span class='ocr_line' id='line_1_38' title="bbox 254 3584 1850 3665; baseline 0.006 -29"><span class='ocrx_word' id='word_1_300' title='bbox 254 3585 387 3655; x_wconf 87' lang='grc' dir='ltr'>δησε</span> <span class='ocrx_word' id='word_1_301' title='bbox 413 3584 492 3654; x_wconf 80' lang='grc' dir='ltr'>τῷ</span> <span class='ocrx_word' id='word_1_302' title='bbox 522 3586 790 3656; x_wconf 81' lang='grc' dir='ltr'>τυράννῳ.</span> <span class='ocrx_word' id='word_1_303' title='bbox 816 3587 969 3658; x_wconf 83' lang='grc' dir='ltr'>’ᾚδει</span> <span class='ocrx_word' id='word_1_304' title='bbox 990 3588 1119 3659; x_wconf 88' lang='grc' dir='ltr'>γάρ,</span> <span class='ocrx_word' id='word_1_305' title='bbox 1148 3588 1263 3660; x_wconf 76' lang='grc' dir='ltr'>ᾔδει</span> <span class='ocrx_word' id='word_1_306' title='bbox 1294 3589 1498 3659; x_wconf 81' lang='grc' dir='ltr'>σαφῶς,</span> <span class='ocrx_word' id='word_1_307' title='bbox 1538 3592 1619 3645; x_wconf 79' lang='grc' dir='ltr'>ὅτι</span> <span class='ocrx_word' id='word_1_308' title='bbox 1653 3593 1850 3665; x_wconf 81' lang='grc' dir='ltr'>ἀπειλὴ</span> 
     </span>
    </p>
   </div>
   <div class='ocr_carea' id='block_1_39' title="bbox 258 3667 1849 3745">
    <p class='ocr_par' dir='ltr' id='par_1_39' title="bbox 258 3667 1849 3745">
     <span class='ocr_line' id='line_1_39' title="bbox 258 3667 1849 3745; baseline 0.004 -25"><span class='ocrx_word' id='word_1_309' title='bbox 258 3667 526 3739; x_wconf 79' lang='grc' dir='ltr'>βασιλέως</span> <span class='ocrx_word' id='word_1_310' title='bbox 553 3668 712 3738; x_wconf 85' lang='grc' dir='ltr'>ὁμοία</span> <span class='ocrx_word' id='word_1_311' title='bbox 742 3669 896 3739; x_wconf 87' lang='grc' dir='ltr'>θυμῷ</span> <span class='ocrx_word' id='word_1_312' title='bbox 933 3670 1145 3734; x_wconf 89' lang='grc' dir='ltr'>λέοντος</span> <span class='ocrx_word' id='word_1_313' title='bbox 1175 3674 1286 3735; x_wconf 87' lang='grc' dir='ltr'>τοῖς</span> <span class='ocrx_word' id='word_1_314' title='bbox 1312 3673 1447 3744; x_wconf 85' lang='grc' dir='ltr'>πρὸς</span> <span class='ocrx_word' id='word_1_315' title='bbox 1474 3674 1571 3744; x_wconf 84' lang='grc' dir='ltr'>τὴν</span> <span class='ocrx_word' id='word_1_316' title='bbox 1603 3675 1706 3745; x_wconf 84' lang='grc' dir='ltr'>γῆν</span> <span class='ocrx_word' id='word_1_317' title='bbox 1728 3675 1849 3745; x_wconf 71' lang='grc' dir='ltr'>βλέο</span> 
     </span>
    </p>
   </div>
   <div class='ocr_carea' id='block_1_40' title="bbox 258 3750 1852 3826">
    <p class='ocr_par' dir='ltr' id='par_1_40' title="bbox 258 3750 1852 3826">
     <span class='ocr_line' id='line_1_40' title="bbox 258 3750 1852 3826; baseline 0.004 -23"><span class='ocrx_word' id='word_1_318' title='bbox 258 3766 485 3803; x_wconf 84' lang='grc' dir='ltr'>πουσιν·</span> <span class='ocrx_word' id='word_1_319' title='bbox 526 3750 801 3822; x_wconf 83' lang='grc' dir='ltr'>ἀνθρώπῳ</span> <span class='ocrx_word' id='word_1_320' title='bbox 827 3753 883 3804; x_wconf 85' lang='grc' dir='ltr'>δὲ</span> <span class='ocrx_word' id='word_1_321' title='bbox 913 3753 1004 3806; x_wconf 81' lang='grc' dir='ltr'>τὸν</span> <span class='ocrx_word' id='word_1_322' title='bbox 1054 3755 1281 3824; x_wconf 83' lang='grc' dir='ltr'>οὐρανὸν</span> <span class='ocrx_word' id='word_1_323' title='bbox 1306 3756 1713 3826; x_wconf 78' lang='grc' dir='ltr'>φανταζομένῳ,</span> <span class='ocrx_word' id='word_1_324' title='bbox 1757 3758 1852 3810; x_wconf 75' lang='grc' dir='ltr'>καὶ</span> 
     </span>
    </p>
   </div>
   <div class='ocr_carea' id='block_1_41' title="bbox 258 3832 1853 3904">
    <p class='ocr_par' dir='ltr' id='par_1_41' title="bbox 258 3832 1853 3904">
     <span class='ocr_line' id='line_1_41' title="bbox 258 3832 1853 3904; baseline 0.005 -21"><span class='ocrx_word' id='word_1_325' title='bbox 258 3832 763 3901; x_wconf 85' lang='grc' dir='ltr'>παρεσκευασμένῳ</span> <span class='ocrx_word' id='word_1_326' title='bbox 813 3835 912 3903; x_wconf 81' lang='grc' dir='ltr'>τὴν</span> <span class='ocrx_word' id='word_1_327' title='bbox 948 3834 1129 3904; x_wconf 87' lang='grc' dir='ltr'>ψυχὴν</span> <span class='ocrx_word' id='word_1_328' title='bbox 1167 3835 1314 3888; x_wconf 77' lang='grc' dir='ltr'>ἔνδον</span> <span class='ocrx_word' id='word_1_329' title='bbox 1364 3838 1422 3889; x_wconf 88' lang='grc' dir='ltr'>ἐν</span> <span class='ocrx_word' id='word_1_330' title='bbox 1478 3842 1588 3901; x_wconf 86' lang='grc' dir='ltr'>τοῖς</span> <span class='ocrx_word' id='word_1_331' title='bbox 1639 3838 1853 3901; x_wconf 87' lang='grc' dir='ltr'>ἀδύτοις</span> 
     </span>
    </p>
   </div>
   <div class='ocr_carea' id='block_1_42' title="bbox 259 3913 1856 3991">
    <p class='ocr_par' dir='ltr' id='par_1_42' title="bbox 259 3913 1856 3991">
     <span class='ocr_line' id='line_1_42' title="bbox 259 3913 1856 3991; baseline 0.004 -25"><span class='ocrx_word' id='word_1_332' title='bbox 259 3915 502 3979; x_wconf 78' lang='grc' dir='ltr'>ἀφεῖναι,</span> <span class='ocrx_word' id='word_1_333' title='bbox 554 3913 587 3984; x_wconf 85' lang='grc' dir='ltr'><strong>ἥ</strong></span> <span class='ocrx_word' id='word_1_334' title='bbox 629 3915 753 3976; x_wconf 79' lang='grc' dir='ltr'>τοὺς</span> <span class='ocrx_word' id='word_1_335' title='bbox 806 3916 983 3985; x_wconf 83' lang='grc' dir='ltr'>ἱεροὺς</span> <span class='ocrx_word' id='word_1_336' title='bbox 1016 3917 1214 3986; x_wconf 87' lang='grc' dir='ltr'>νόμους</span> <span class='ocrx_word' id='word_1_337' title='bbox 1271 3918 1665 3989; x_wconf 79' lang='grc' dir='ltr'>ὑϐριζομένους</span> <span class='ocrx_word' id='word_1_338' title='bbox 1696 3938 1856 3991; x_wconf 75' lang='grc' dir='ltr'>περιο</span> 
     </span>
    </p>
   </div>
   <div class='ocr_carea' id='block_1_43' title="bbox 263 3994 1856 4071">
    <p class='ocr_par' dir='ltr' id='par_1_43' title="bbox 263 3994 1856 4071">
     <span class='ocr_line' id='line_1_43' title="bbox 263 3994 1856 4071; baseline 0.006 -24"><span class='ocrx_word' id='word_1_339' title='bbox 263 3994 456 4060; x_wconf 77' lang='grc' dir='ltr'>ιδεῖνά,</span> <span class='ocrx_word' id='word_1_340' title='bbox 494 3994 654 4058; x_wconf 85' lang='grc' dir='ltr'>κυνὸς</span> <span class='ocrx_word' id='word_1_341' title='bbox 675 3997 873 4061; x_wconf 79' lang='grc' dir='ltr'>παντὸς</span> <span class='ocrx_word' id='word_1_342' title='bbox 905 3998 1285 4071; x_wconf 86' lang='grc' dir='ltr'>εὐτελέστερος</span> <span class='ocrx_word' id='word_1_343' title='bbox 1312 3996 1381 4071; x_wconf 81' lang='grc' dir='ltr'>ἦν</span> <span class='ocrx_word' id='word_1_344' title='bbox 1416 4002 1642 4066; x_wconf 83' lang='grc' dir='ltr'>ἐκεῖνος.</span> <span class='ocrx_word' id='word_1_345' title='bbox 1690 4003 1856 4056; x_wconf 82' lang='grc' dir='ltr'>Οὐδὲν</span> 
     </span>
    </p>
   </div>
   <div class='ocr_carea' id='block_1_44' title="bbox 260 4078 1857 4157">
    <p class='ocr_par' dir='ltr' id='par_1_44' title="bbox 260 4078 1857 4157">
     <span class='ocr_line' id='line_1_44' title="bbox 260 4078 1857 4157; baseline 0.006 -28"><span class='ocrx_word' id='word_1_346' title='bbox 260 4080 371 4149; x_wconf 82' lang='grc' dir='ltr'>γὰρ</span> <span class='ocrx_word' id='word_1_347' title='bbox 396 4078 786 4150; x_wconf 86' lang='grc' dir='ltr'>ἀσθενέστερον</span> <span class='ocrx_word' id='word_1_348' title='bbox 814 4082 907 4134; x_wconf 90' lang='grc' dir='ltr'>τοῦ</span> <span class='ocrx_word' id='word_1_349' title='bbox 938 4084 1065 4147; x_wconf 85' lang='grc' dir='ltr'>τοὺς</span> <span class='ocrx_word' id='word_1_350' title='bbox 1093 4082 1270 4147; x_wconf 88' lang='grc' dir='ltr'>θείους</span> <span class='ocrx_word' id='word_1_351' title='bbox 1310 4085 1742 4157; x_wconf 88' lang='grc' dir='ltr'>παραϐαίνοντος</span> <span class='ocrx_word' id='word_1_352' title='bbox 1771 4087 1857 4139; x_wconf 85' lang='grc' dir='ltr'>νό-</span> 
     </span>
    </p>
   </div>
   <div class='ocr_carea' id='block_1_45' title="bbox 263 4158 1856 4238">
    <p class='ocr_par' dir='ltr' id='par_1_45' title="bbox 263 4158 1856 4238">
     <span class='ocr_line' id='line_1_45' title="bbox 263 4158 1856 4238; baseline 0.006 -25"><span class='ocrx_word' id='word_1_353' title='bbox 263 4179 401 4232; x_wconf 90' lang='grc' dir='ltr'>μους</span> <span class='ocrx_word' id='word_1_354' title='bbox 420 4177 435 4192; x_wconf 81' lang='grc'><strong>⁰</strong></span> <span class='ocrx_word' id='word_1_355' title='bbox 464 4161 653 4235; x_wconf 82' lang='grc' dir='ltr'>ὥσπερ</span> <span class='ocrx_word' id='word_1_356' title='bbox 683 4158 775 4217; x_wconf 83' lang='grc' dir='ltr'>οῦν</span> <span class='ocrx_word' id='word_1_357' title='bbox 801 4164 954 4218; x_wconf 81' lang='grc' dir='ltr'>οὐδὲν</span> <span class='ocrx_word' id='word_1_358' title='bbox 989 4166 1335 4238; x_wconf 78' lang='grc' dir='ltr'>ἰσχυρότερον</span> <span class='ocrx_word' id='word_1_359' title='bbox 1371 4168 1463 4221; x_wconf 88' lang='grc' dir='ltr'>τοῦ</span> <span class='ocrx_word' id='word_1_360' title='bbox 1507 4171 1633 4233; x_wconf 86' lang='grc' dir='ltr'>τοὺς</span> <span class='ocrx_word' id='word_1_361' title='bbox 1680 4170 1856 4234; x_wconf 87' lang='grc' dir='ltr'>θείους</span> 
     </span>
    </p>
   </div>
   <div class='ocr_carea' id='block_1_46' title="bbox 260 4242 1852 4320">
    <p class='ocr_par' dir='ltr' id='par_1_46' title="bbox 260 4242 1852 4320">
     <span class='ocr_line' id='line_1_46' title="bbox 260 4242 1852 4320; baseline 0.006 -24"><span class='ocrx_word' id='word_1_362' title='bbox 260 4242 607 4309; x_wconf 67' lang='grc' dir='ltr'>ἐκδικοῦντος</span> <span class='ocrx_word' id='word_1_363' title='bbox 639 4246 859 4315; x_wconf 86' lang='grc' dir='ltr'>νόμους.</span> <span class='ocrx_word' id='word_1_364' title='bbox 884 4247 940 4299; x_wconf 91' lang='lat'>&#39;0</span> <span class='ocrx_word' id='word_1_365' title='bbox 969 4249 1068 4318; x_wconf 85' lang='grc' dir='ltr'>μὲν</span> <span class='ocrx_word' id='word_1_366' title='bbox 1085 4249 1189 4320; x_wconf 86' lang='grc' dir='ltr'>γὰρ</span> <span class='ocrx_word' id='word_1_367' title='bbox 1204 4250 1303 4320; x_wconf 83' lang='grc' dir='ltr'>τὴν</span> <span class='ocrx_word' id='word_1_368' title='bbox 1329 4251 1622 4319; x_wconf 70' lang='grc' dir='ltr'>ἁμαρτίαν</span> <span class='ocrx_word' id='word_1_369' title='bbox 1645 4252 1852 4317; x_wconf 73' lang='grc' dir='ltr'>ποιῶν,</span> 
     </span>
    </p>
   </div>
   <div class='ocr_carea' id='block_1_47' title="bbox 261 4326 1858 4406">
    <p class='ocr_par' dir='ltr' id='par_1_47' title="bbox 261 4326 1858 4406">
     <span class='ocr_line' id='line_1_47' title="bbox 261 4326 1858 4406; baseline 0.007 -27"><span class='ocrx_word' id='word_1_370' title='bbox 261 4326 487 4392; x_wconf 79' lang='grc' dir='ltr'>δοῦλός</span> <span class='ocrx_word' id='word_1_371' title='bbox 519 4328 653 4379; x_wconf 86' lang='grc' dir='ltr'>ἐστι</span> <span class='ocrx_word' id='word_1_372' title='bbox 698 4327 812 4395; x_wconf 75' lang='grc' dir='ltr'>τῆς</span> <span class='ocrx_word' id='word_1_373' title='bbox 849 4329 1159 4398; x_wconf 80' lang='grc' dir='ltr'>ἁμαρτίας,</span> <span class='ocrx_word' id='word_1_374' title='bbox 1197 4334 1302 4387; x_wconf 83' lang='grc' dir='ltr'>κάν</span> <span class='ocrx_word' id='word_1_375' title='bbox 1352 4335 1577 4405; x_wconf 85' lang='grc' dir='ltr'>μυρίους</span> <span class='ocrx_word' id='word_1_376' title='bbox 1621 4336 1717 4389; x_wconf 82' lang='grc' dir='ltr'>ἐπὶ</span> <span class='ocrx_word' id='word_1_377' title='bbox 1758 4337 1858 4406; x_wconf 90' lang='grc' dir='ltr'>τῆς</span> 
     </span>
    </p>
   </div>
   <div class='ocr_carea' id='block_1_48' title="bbox 266 4408 1859 4494">
    <p class='ocr_par' dir='ltr' id='par_1_48' title="bbox 266 4408 1859 4494">
     <span class='ocr_line' id='line_1_48' title="bbox 266 4408 1859 4494; baseline 0.007 -33"><span class='ocrx_word' id='word_1_378' title='bbox 266 4408 515 4494; x_wconf 83' lang='grc' dir='ltr'>κεφαλῆς</span> <span class='ocrx_word' id='word_1_379' title='bbox 537 4408 649 4494; x_wconf 4' lang='grc' dir='ltr'>ἔχῃς</span> <span class='ocrx_word' id='word_1_380' title='bbox 667 4410 967 4494; x_wconf 87' lang='grc' dir='ltr'>στεφάνους</span> <span class='ocrx_word' id='word_1_381' title='bbox 990 4427 1005 4443; x_wconf 80' lang='grc'><strong>⁸</strong></span> <span class='ocrx_word' id='word_1_382' title='bbox 1037 4416 1066 4466; x_wconf 92' lang='lat'>6</span> <span class='ocrx_word' id='word_1_383' title='bbox 1102 4414 1160 4467; x_wconf 88' lang='lat'>66</span> <span class='ocrx_word' id='word_1_384' title='bbox 1184 4416 1286 4486; x_wconf 85' lang='grc' dir='ltr'>τὴν</span> <span class='ocrx_word' id='word_1_385' title='bbox 1316 4416 1662 4489; x_wconf 85' lang='grc' dir='ltr'>δικαιοσύνην</span> <span class='ocrx_word' id='word_1_386' title='bbox 1693 4420 1859 4494; x_wconf 84' lang='grc' dir='ltr'>ἐργα-</span> 
     </span>
    </p>
   </div>
   <div class='ocr_carea' id='block_1_49' title="bbox 268 4492 1858 4574">
    <p class='ocr_par' dir='ltr' id='par_1_49' title="bbox 268 4492 1858 4574">
     <span class='ocr_line' id='line_1_49' title="bbox 268 4492 1858 4574; baseline 0.007 -30"><span class='ocrx_word' id='word_1_387' title='bbox 268 4492 520 4563; x_wconf 75' lang='grc' dir='ltr'>ζόμενος,</span> <span class='ocrx_word' id='word_1_388' title='bbox 568 4493 663 4546; x_wconf 79' lang='grc' dir='ltr'>καὶ</span> <span class='ocrx_word' id='word_1_389' title='bbox 726 4493 894 4548; x_wconf 84' lang='grc' dir='ltr'>αὐτοῦ</span> <span class='ocrx_word' id='word_1_390' title='bbox 950 4495 1046 4549; x_wconf 86' lang='grc' dir='ltr'>τοῦ</span> <span class='ocrx_word' id='word_1_391' title='bbox 1114 4498 1381 4567; x_wconf 84' lang='grc' dir='ltr'>βασιλέως</span> <span class='ocrx_word' id='word_1_392' title='bbox 1437 4492 1858 4574; x_wconf 85' lang='grc' dir='ltr'>βασιλικώτερός</span> 
     </span>
    </p>
   </div>
   <div class='ocr_carea' id='block_1_50' title="bbox 268 4575 1860 4656">
    <p class='ocr_par' dir='ltr' id='par_1_50' title="bbox 268 4575 1860 4656">
     <span class='ocr_line' id='line_1_50' title="bbox 268 4575 1860 4656; baseline 0.006 -26"><span class='ocrx_word' id='word_1_393' title='bbox 268 4578 428 4641; x_wconf 84' lang='grc' dir='ltr'>ἐστι,</span> <span class='ocrx_word' id='word_1_394' title='bbox 472 4575 575 4630; x_wconf 82' lang='grc' dir='ltr'>κᾶν</span> <span class='ocrx_word' id='word_1_395' title='bbox 630 4576 847 4631; x_wconf 87' lang='grc' dir='ltr'>πάντων</span> <span class='ocrx_word' id='word_1_396' title='bbox 891 4577 1117 4649; x_wconf 80' lang='grc' dir='ltr'>ἔσχατος</span> <span class='ocrx_word' id='word_1_397' title='bbox 1248 4582 1435 4636; x_wconf 88' lang='grc' dir='ltr'>Ταῦτα</span> <span class='ocrx_word' id='word_1_398' title='bbox 1492 4585 1628 4656; x_wconf 82' lang='grc' dir='ltr'>πρὸς</span> <span class='ocrx_word' id='word_1_399' title='bbox 1670 4586 1860 4639; x_wconf 79' lang='grc' dir='ltr'>ἐαυτὸν</span> 
     </span>
    </p>
   </div>
   <div class='ocr_carea' id='block_1_51' title="bbox 269 4661 1861 4738">
    <p class='ocr_par' dir='ltr' id='par_1_51' title="bbox 269 4661 1861 4738">
     <span class='ocr_line' id='line_1_51' title="bbox 269 4661 1861 4738; baseline 0.005 -25"><span class='ocrx_word' id='word_1_400' title='bbox 269 4661 637 4730; x_wconf 78' lang='grc' dir='ltr'>φιλοσοφήσας</span> <span class='ocrx_word' id='word_1_401' title='bbox 666 4664 694 4713; x_wconf 90' lang='lat'>6</span> <span class='ocrx_word' id='word_1_402' title='bbox 719 4664 963 4729; x_wconf 89' lang='grc' dir='ltr'>γενναῖος</span> <span class='ocrx_word' id='word_1_403' title='bbox 1002 4664 1231 4727; x_wconf 84' lang='grc' dir='ltr'>ἐκεῖνος,</span> <span class='ocrx_word' id='word_1_404' title='bbox 1273 4668 1560 4737; x_wconf 83' lang='grc' dir='ltr'>ἐπεισῆλθε</span> <span class='ocrx_word' id='word_1_405' title='bbox 1602 4668 1679 4738; x_wconf 91' lang='grc' dir='ltr'>τῷ</span> <span class='ocrx_word' id='word_1_406' title='bbox 1708 4669 1861 4738; x_wconf 85' lang='grc' dir='ltr'>βασι-</span> 
     </span>
    </p>
   </div>
   <div class='ocr_carea' id='block_1_52' title="bbox 267 4741 1862 4815">
    <p class='ocr_par' dir='ltr' id='par_1_52' title="bbox 267 4741 1862 4815">
     <span class='ocr_line' id='line_1_52' title="bbox 267 4741 1862 4815; baseline 0.006 -20"><span class='ocrx_word' id='word_1_407' title='bbox 267 4742 369 4796; x_wconf 85' lang='grc' dir='ltr'>λεῖ.</span> <span class='ocrx_word' id='word_1_408' title='bbox 398 4742 837 4812; x_wconf 89' lang='grc' dir='ltr'>Συνεισέλθωμεν</span> <span class='ocrx_word' id='word_1_409' title='bbox 858 4741 953 4797; x_wconf 82' lang='grc' dir='ltr'>οῦν</span> <span class='ocrx_word' id='word_1_410' title='bbox 976 4747 1071 4796; x_wconf 75' lang='grc' dir='ltr'>καὶ</span> <span class='ocrx_word' id='word_1_411' title='bbox 1114 4747 1292 4815; x_wconf 78' lang='grc' dir='ltr'>ἡμεῖς,</span> <span class='ocrx_word' id='word_1_412' title='bbox 1332 4751 1381 4801; x_wconf 88' lang='grc' dir='ltr'>εἰ</span> <span class='ocrx_word' id='word_1_413' title='bbox 1417 4749 1585 4812; x_wconf 88' lang='grc' dir='ltr'>δοκεῖ,</span> <span class='ocrx_word' id='word_1_414' title='bbox 1627 4750 1713 4804; x_wconf 74' lang='grc' dir='ltr'>ἵνα</span> <span class='ocrx_word' id='word_1_415' title='bbox 1742 4752 1862 4804; x_wconf 62' lang='lat' dir='ltr'>16w-</span> 
     </span>
    </p>
   </div>
   <div class='ocr_carea' id='block_1_53' title="bbox 271 4823 1858 4901">
    <p class='ocr_par' dir='ltr' id='par_1_53' title="bbox 271 4823 1858 4901">
     <span class='ocr_line' id='line_1_53' title="bbox 271 4823 1858 4901; baseline 0.005 -25"><span class='ocrx_word' id='word_1_416' title='bbox 271 4842 372 4894; x_wconf 89' lang='grc' dir='ltr'>μεν</span> <span class='ocrx_word' id='word_1_417' title='bbox 415 4823 470 4876; x_wconf 86' lang='grc' dir='ltr'>τί</span> <span class='ocrx_word' id='word_1_418' title='bbox 510 4824 647 4893; x_wconf 82' lang='grc' dir='ltr'>πρὸς</span> <span class='ocrx_word' id='word_1_419' title='bbox 694 4824 785 4877; x_wconf 84' lang='grc' dir='ltr'>τὸν</span> <span class='ocrx_word' id='word_1_420' title='bbox 834 4824 1058 4894; x_wconf 86' lang='grc' dir='ltr'>βασιλέα</span> <span class='ocrx_word' id='word_1_421' title='bbox 1094 4827 1423 4895; x_wconf 89' lang='grc' dir='ltr'>διαλέγεται.</span> <span class='ocrx_word' id='word_1_422' title='bbox 1456 4830 1675 4896; x_wconf 84' lang='grc' dir='ltr'>Ἔξεστι</span> <span class='ocrx_word' id='word_1_423' title='bbox 1712 4832 1819 4901; x_wconf 89' lang='grc' dir='ltr'>γάρ</span> <span class='ocrx_word' id='word_1_424' title='bbox 1843 4848 1858 4862; x_wconf 77' lang='grc' dir='ltr'><strong>ο</strong></span> 
     </span>
    </p>
   </div>
   <div class='ocr_carea' id='block_1_54' title="bbox 268 4911 1862 4988">
    <p class='ocr_par' dir='ltr' id='par_1_54' title="bbox 268 4911 1862 4988">
     <span class='ocr_line' id='line_1_54' title="bbox 268 4911 1862 4988; baseline 0.005 -24"><span class='ocrx_word' id='word_1_425' title='bbox 268 4913 331 4964; x_wconf 89' lang='grc' dir='ltr'>οὐ</span> <span class='ocrx_word' id='word_1_426' title='bbox 366 4911 563 4983; x_wconf 82' lang='grc' dir='ltr'>μικρὸν</span> <span class='ocrx_word' id='word_1_427' title='bbox 599 4911 656 4964; x_wconf 90' lang='lat'>66</span> <span class='ocrx_word' id='word_1_428' title='bbox 686 4912 767 4975; x_wconf 91' lang='grc' dir='ltr'>εἰς</span> <span class='ocrx_word' id='word_1_429' title='bbox 820 4912 1087 4981; x_wconf 84' lang='grc' dir='ltr'>ὠφελείας</span> <span class='ocrx_word' id='word_1_430' title='bbox 1126 4913 1304 4983; x_wconf 85' lang='grc' dir='ltr'>λόγον,</span> <span class='ocrx_word' id='word_1_431' title='bbox 1334 4915 1688 4988; x_wconf 88' lang='grc' dir='ltr'>ἐλεγχόμενον</span> <span class='ocrx_word' id='word_1_432' title='bbox 1736 4920 1862 4973; x_wconf 85' lang='grc' dir='ltr'>ἰδεῖν</span> 
     </span>
    </p>
   </div>
   <div class='ocr_carea' id='block_1_55' title="bbox 272 4994 1861 5070">
    <p class='ocr_par' dir='ltr' id='par_1_55' title="bbox 272 4994 1861 5070">
     <span class='ocr_line' id='line_1_55' title="bbox 272 4994 1861 5070; baseline 0.004 -23"><span class='ocrx_word' id='word_1_433' title='bbox 272 4994 379 5047; x_wconf 77' lang='grc' dir='ltr'>ὑπὸ</span> <span class='ocrx_word' id='word_1_434' title='bbox 404 4994 595 5064; x_wconf 85' lang='grc' dir='ltr'>ἱερέως</span> <span class='ocrx_word' id='word_1_435' title='bbox 618 4994 859 5064; x_wconf 90' lang='grc' dir='ltr'>βασιλέα.</span> <span class='ocrx_word' id='word_1_436' title='bbox 896 4996 962 5049; x_wconf 91' lang='grc' dir='ltr'>Τί</span> <span class='ocrx_word' id='word_1_437' title='bbox 995 4994 1089 5049; x_wconf 88' lang='grc' dir='ltr'>οῦν</span> <span class='ocrx_word' id='word_1_438' title='bbox 1120 5014 1286 5068; x_wconf 89' lang='grc' dir='ltr'>φησιν</span> <span class='ocrx_word' id='word_1_439' title='bbox 1313 5001 1341 5052; x_wconf 90' lang='lat'>6</span> <span class='ocrx_word' id='word_1_440' title='bbox 1375 4999 1555 5070; x_wconf 89' lang='grc' dir='ltr'>ἱερεύς</span> <span class='ocrx_word' id='word_1_441' title='bbox 1579 5018 1594 5067; x_wconf 88' lang='grc'><strong>;</strong></span> <span class='ocrx_word' id='word_1_442' title='bbox 1616 5003 1737 5054; x_wconf 81' lang='grc' dir='ltr'>οὐκ</span> <span class='ocrx_word' id='word_1_443' title='bbox 1764 5001 1861 5065; x_wconf 78' lang='grc' dir='ltr'>ἐξ·</span> 
     </span>
    </p>
   </div>
   <div class='ocr_carea' id='block_1_56' title="bbox 271 5074 1863 5153">
    <p class='ocr_par' dir='ltr' id='par_1_56' title="bbox 271 5074 1863 5153">
     <span class='ocr_line' id='line_1_56' title="bbox 271 5074 1863 5153; baseline 0.004 -23"><span class='ocrx_word' id='word_1_444' title='bbox 271 5078 408 5130; x_wconf 79' lang='grc' dir='ltr'>εστι</span> <span class='ocrx_word' id='word_1_445' title='bbox 432 5090 553 5139; x_wconf 88' lang='grc' dir='ltr'>σοι,</span> <span class='ocrx_word' id='word_1_446' title='bbox 593 5074 760 5143; x_wconf 81' lang='grc' dir='ltr'>Ὀζία,</span> <span class='ocrx_word' id='word_1_447' title='bbox 783 5076 1071 5146; x_wconf 83' lang='grc' dir='ltr'>θυμιᾶσαι</span> <span class='ocrx_word' id='word_1_448' title='bbox 1098 5078 1179 5145; x_wconf 83' lang='grc' dir='ltr'>τῷ</span> <span class='ocrx_word' id='word_1_449' title='bbox 1206 5081 1418 5149; x_wconf 82' lang='grc' dir='ltr'>Κυρίῳ.</span> <span class='ocrx_word' id='word_1_450' title='bbox 1443 5082 1556 5134; x_wconf 86' lang='grc' dir='ltr'>Οὐκ</span> <span class='ocrx_word' id='word_1_451' title='bbox 1581 5084 1863 5153; x_wconf 84' lang='grc' dir='ltr'>ὠνόμασεν</span> 
     </span>
    </p>
   </div>
   <div class='ocr_carea' id='block_1_57' title="bbox 272 5157 1864 5235">
    <p class='ocr_par' dir='ltr' id='par_1_57' title="bbox 272 5157 1864 5235">
     <span class='ocr_line' id='line_1_57' title="bbox 272 5157 1864 5235; baseline 0.006 -25"><span class='ocrx_word' id='word_1_452' title='bbox 272 5158 438 5211; x_wconf 85' lang='grc' dir='ltr'>αὐτὸν</span> <span class='ocrx_word' id='word_1_453' title='bbox 489 5157 733 5228; x_wconf 86' lang='grc' dir='ltr'>βασιλέα,</span> <span class='ocrx_word' id='word_1_454' title='bbox 780 5159 900 5212; x_wconf 88' lang='lat'>0666</span> <span class='ocrx_word' id='word_1_455' title='bbox 950 5160 1058 5213; x_wconf 81' lang='grc' dir='ltr'>ἀπὸ</span> <span class='ocrx_word' id='word_1_456' title='bbox 1106 5161 1199 5213; x_wconf 89' lang='grc' dir='ltr'>τοῦ</span> <span class='ocrx_word' id='word_1_457' title='bbox 1238 5163 1336 5231; x_wconf 89' lang='grc' dir='ltr'>τῆς</span> <span class='ocrx_word' id='word_1_458' title='bbox 1382 5164 1559 5235; x_wconf 90' lang='grc' dir='ltr'>ἀρχῆς</span> <span class='ocrx_word' id='word_1_459' title='bbox 1609 5166 1864 5220; x_wconf 79' lang='grc' dir='ltr'>ἐκάλεσεν</span> 
     </span>
    </p>
   </div>
   <div class='ocr_carea' id='block_1_58' title="bbox 271 5240 1865 5318">
    <p class='ocr_par' dir='ltr' id='par_1_58' title="bbox 271 5240 1865 5318">
     <span class='ocr_line' id='line_1_58' title="bbox 271 5240 1865 5318; baseline 0.005 -26"><span class='ocrx_word' id='word_1_460' title='bbox 271 5240 555 5311; x_wconf 85' lang='grc' dir='ltr'>ὀνόματος,</span> <span class='ocrx_word' id='word_1_461' title='bbox 592 5241 779 5313; x_wconf 82' lang='grc' dir='ltr'>ἐπειδὴ</span> <span class='ocrx_word' id='word_1_462' title='bbox 826 5243 1016 5295; x_wconf 79' lang='grc' dir='ltr'>ἑαυτὸν</span> <span class='ocrx_word' id='word_1_463' title='bbox 1062 5243 1351 5313; x_wconf 77' lang='grc' dir='ltr'>προλαϐὼν</span> <span class='ocrx_word' id='word_1_464' title='bbox 1401 5244 1622 5308; x_wconf 83' lang='grc' dir='ltr'>ἐξέϐαλε</span> <span class='ocrx_word' id='word_1_465' title='bbox 1654 5248 1752 5318; x_wconf 88' lang='grc' dir='ltr'>τῆς</span> <span class='ocrx_word' id='word_1_466' title='bbox 1782 5266 1865 5301; x_wconf 86' lang='grc' dir='ltr'>τι-</span> 
     </span>
    </p>
   </div>
   <div class='ocr_carea' id='block_1_59' title="bbox 277 5320 1866 5400">
    <p class='ocr_par' dir='ltr' id='par_1_59' title="bbox 277 5320 1866 5400">
     <span class='ocr_line' id='line_1_59' title="bbox 277 5320 1866 5400; baseline 0.004 -26"><span class='ocrx_word' id='word_1_467' title='bbox 277 5322 407 5392; x_wconf 88' lang='grc' dir='ltr'>μῆς.</span> <span class='ocrx_word' id='word_1_468' title='bbox 438 5320 586 5388; x_wconf 78' lang='grc' dir='ltr'>Εἶδες</span> <span class='ocrx_word' id='word_1_469' title='bbox 624 5324 939 5397; x_wconf 68' lang='grc' dir='ltr'>παρρησίαν</span> <span class='ocrx_word' id='word_1_470' title='bbox 962 5324 1191 5395; x_wconf 88' lang='grc' dir='ltr'>ίερέως;</span> <span class='ocrx_word' id='word_1_471' title='bbox 1225 5328 1434 5381; x_wconf 89' lang='grc' dir='ltr'>Οὐκοῦν</span> <span class='ocrx_word' id='word_1_472' title='bbox 1458 5330 1743 5400; x_wconf 84' lang='grc' dir='ltr'>κατάμαθε</span> <span class='ocrx_word' id='word_1_473' title='bbox 1772 5332 1866 5384; x_wconf 74' lang='grc' dir='ltr'>καὶ</span> 
     </span>
    </p>
   </div>
   <div class='ocr_carea' id='block_1_60' title="bbox 276 5406 1866 5483">
    <p class='ocr_par' dir='ltr' id='par_1_60' title="bbox 276 5406 1866 5483">
     <span class='ocr_line' id='line_1_60' title="bbox 276 5406 1866 5483; baseline 0.006 -27"><span class='ocrx_word' id='word_1_474' title='bbox 276 5406 583 5476; x_wconf 83' lang='grc' dir='ltr'>πραότητα.</span> <span class='ocrx_word' id='word_1_475' title='bbox 613 5408 686 5460; x_wconf 88' lang='grc' dir='ltr'>Οὐ</span> <span class='ocrx_word' id='word_1_476' title='bbox 718 5408 829 5478; x_wconf 89' lang='grc' dir='ltr'>γὰρ</span> <span class='ocrx_word' id='word_1_477' title='bbox 878 5408 1190 5478; x_wconf 76' lang='grc' dir='ltr'>παρρησίας</span> <span class='ocrx_word' id='word_1_478' title='bbox 1236 5412 1366 5481; x_wconf 82' lang='grc' dir='ltr'>ἡμῖν</span> <span class='ocrx_word' id='word_1_479' title='bbox 1399 5411 1478 5464; x_wconf 87' lang='grc' dir='ltr'>δεῖ</span> <span class='ocrx_word' id='word_1_480' title='bbox 1520 5412 1701 5483; x_wconf 86' lang='grc' dir='ltr'>μόνον,</span> <span class='ocrx_word' id='word_1_481' title='bbox 1741 5415 1866 5465; x_wconf 83' lang='grc' dir='ltr'>ὅταν</span> 
     </span>
    </p>
   </div>
   <div class='ocr_carea' id='block_1_61' title="bbox 278 5489 1865 5569">
    <p class='ocr_par' dir='ltr' id='par_1_61' title="bbox 278 5489 1865 5569">
     <span class='ocr_line' id='line_1_61' title="bbox 278 5489 1865 5569; baseline 0.006 -28"><span class='ocrx_word' id='word_1_482' title='bbox 278 5489 523 5560; x_wconf 80' lang='grc' dir='ltr'>ἐλέγχειν</span> <span class='ocrx_word' id='word_1_483' title='bbox 557 5491 859 5562; x_wconf 86' lang='grc' dir='ltr'>μέλλωμεν,</span> <span class='ocrx_word' id='word_1_484' title='bbox 903 5491 1041 5548; x_wconf 87' lang='grc' dir='ltr'>ἀλλά</span> <span class='ocrx_word' id='word_1_485' title='bbox 1096 5492 1190 5547; x_wconf 78' lang='grc' dir='ltr'>καὶ</span> <span class='ocrx_word' id='word_1_486' title='bbox 1234 5494 1538 5569; x_wconf 90' lang='grc' dir='ltr'>πραότητος</span> <span class='ocrx_word' id='word_1_487' title='bbox 1579 5496 1797 5566; x_wconf 80' lang='grc' dir='ltr'>μᾶλλον,</span> <span class='ocrx_word' id='word_1_488' title='bbox 1834 5497 1865 5566; x_wconf 86' lang='grc' dir='ltr'><strong>ἢ</strong></span> 
     </span>
    </p>
   </div>
   <div class='ocr_carea' id='block_1_62' title="bbox 341 5684 1276 5750">
    <p class='ocr_par' dir='ltr' id='par_1_62' title="bbox 341 5684 1276 5750">
     <span class='ocr_line' id='line_1_62' title="bbox 341 5684 1276 5750; baseline 0.005 -20"><span class='ocrx_word' id='word_1_489' title='bbox 341 5684 366 5750; x_wconf 62' lang='grc' dir='ltr'><strong>ξι</strong></span> <span class='ocrx_word' id='word_1_490' title='bbox 395 5686 493 5750; x_wconf 49' lang='lat' dir='ltr'><strong>Alii</strong></span> <span class='ocrx_word' id='word_1_491' title='bbox 528 5686 664 5750; x_wconf 82' lang='lat' dir='ltr'><strong>male_</strong></span> <span class='ocrx_word' id='word_1_492' title='bbox 680 5688 764 5750; x_wconf 75' lang='grc' dir='ltr'>τήν</span> <span class='ocrx_word' id='word_1_493' title='bbox 785 5688 933 5750; x_wconf 80' lang='grc' dir='ltr'>ἀρχὴν</span> <span class='ocrx_word' id='word_1_494' title='bbox 953 5694 1035 5745; x_wconf 84' lang='grc' dir='ltr'>τῆς</span> <span class='ocrx_word' id='word_1_495' title='bbox 1060 5687 1276 5750; x_wconf 80' lang='grc' dir='ltr'>κτίσεως.</span> 
     </span>
    </p>
   </div>
   <div class='ocr_carea' id='block_1_63' title="bbox 343 5744 1869 5812">
    <p class='ocr_par' dir='ltr' id='par_1_63' title="bbox 343 5744 1869 5812">
     <span class='ocr_line' id='line_1_63' title="bbox 343 5744 1869 5812; baseline 0.003 -20"><span class='ocrx_word' id='word_1_496' title='bbox 343 5744 371 5784; x_wconf 83' lang='lat' dir='ltr'><strong>b</strong></span> <span class='ocrx_word' id='word_1_497' title='bbox 396 5746 545 5812; x_wconf 51' lang='grc' dir='ltr'>ξένη.</span> <span class='ocrx_word' id='word_1_498' title='bbox 572 5744 928 5812; x_wconf 36' lang='grc' dir='ltr'>ει-Μοτείξξὶέν</span> <span class='ocrx_word' id='word_1_499' title='bbox 950 5744 1045 5797; x_wconf 67' lang='lat' dir='ltr'>min</span> <span class='ocrx_word' id='word_1_500' title='bbox 1069 5747 1269 5812; x_wconf 77' lang='lat' dir='ltr'>habent,</span> <span class='ocrx_word' id='word_1_501' title='bbox 1292 5763 1436 5809; x_wconf 83' lang='lat' dir='ltr'>quam</span> <span class='ocrx_word' id='word_1_502' title='bbox 1462 5755 1626 5799; x_wconf 75' lang='lat' dir='ltr'>tamen</span> <span class='ocrx_word' id='word_1_503' title='bbox 1656 5751 1869 5812; x_wconf 77' lang='lat' dir='ltr'>particu-</span> 
     </span>
    </p>
   </div>
   <div class='ocr_carea' id='block_1_64' title="bbox 276 5805 1379 5871">
    <p class='ocr_par' dir='ltr' id='par_1_64' title="bbox 276 5805 1379 5871">
     <span class='ocr_line' id='line_1_64' title="bbox 276 5805 1379 5871; baseline 0.003 -18"><span class='ocrx_word' id='word_1_504' title='bbox 276 5805 378 5871; x_wconf 65' lang='lat' dir='ltr'><strong>lam</strong></span> <span class='ocrx_word' id='word_1_505' title='bbox 401 5806 484 5871; x_wconf 70' lang='lat' dir='ltr'>hi0</span> <span class='ocrx_word' id='word_1_506' title='bbox 499 5808 768 5871; x_wconf 75' lang='lat' dir='ltr'>desiderari</span> <span class='ocrx_word' id='word_1_507' title='bbox 789 5810 838 5857; x_wconf 83' lang='grc' dir='ltr'>δέ</span> <span class='ocrx_word' id='word_1_508' title='bbox 849 5805 1164 5871; x_wconf 71' lang='grc' dir='ltr'>ἐυδεεῳιεηε</span> <span class='ocrx_word' id='word_1_509' title='bbox 1186 5805 1379 5859; x_wconf 53' lang='lat' dir='ltr'>indic&#39;at.</span> 
     </span>
    </p>
   </div>
   <div class='ocr_carea' id='block_1_65' title="bbox 346 5868 744 5927">
    <p class='ocr_par' dir='ltr' id='par_1_65' title="bbox 346 5868 744 5927">
     <span class='ocr_line' id='line_1_65' title="bbox 346 5868 744 5927; baseline 0.013 -16"><span class='ocrx_word' id='word_1_510' title='bbox 346 5870 368 5927; x_wconf 58' lang='grc' dir='ltr'>ξ</span> <span class='ocrx_word' id='word_1_511' title='bbox 392 5868 488 5927; x_wconf 55' lang='lat' dir='ltr'><strong>Alii</strong></span> <span class='ocrx_word' id='word_1_512' title='bbox 509 5870 744 5927; x_wconf 84' lang='grc' dir='ltr'>γενναίως.</span> 
     </span>
    </p>
   </div>
   <div class='ocr_carea' id='block_1_66' title="bbox 340 5924 1871 5996">
    <p class='ocr_par' dir='ltr' id='par_1_66' title="bbox 340 5924 1871 5996">
     <span class='ocr_line' id='line_1_66' title="bbox 340 5924 1871 5996; baseline 0.004 -21"><span class='ocrx_word' id='word_1_513' title='bbox 340 5924 371 5996; x_wconf 62' lang='grc' dir='ltr'>εἰ</span> <span class='ocrx_word' id='word_1_514' title='bbox 396 5924 1031 5996; x_wconf 55' lang='grc' dir='ltr'>υηυέῦϐριζομένουςίδιῖν.</span> <span class='ocrx_word' id='word_1_515' title='bbox 1058 5930 1182 5996; x_wconf 66' lang='grc' dir='ltr'>ἰηΐςιι</span> <span class='ocrx_word' id='word_1_516' title='bbox 1214 5932 1345 5980; x_wconf 83' lang='lat' dir='ltr'><strong>idem</strong></span> <span class='ocrx_word' id='word_1_517' title='bbox 1366 5932 1451 5981; x_wconf 81' lang='grc' dir='ltr'>τοῦ</span> <span class='ocrx_word' id='word_1_518' title='bbox 1475 5934 1584 5990; x_wconf 79' lang='grc' dir='ltr'>τοὺς</span> <span class='ocrx_word' id='word_1_519' title='bbox 1607 5933 1756 5992; x_wconf 77' lang='grc' dir='ltr'>θείους</span> <span class='ocrx_word' id='word_1_520' title='bbox 1779 5949 1871 5981; x_wconf 84' lang='grc' dir='ltr'>πα-</span> 
     </span>
    </p>
   </div>
   <div class='ocr_carea' id='block_1_67' title="bbox 281 5989 1359 6055">
    <p class='ocr_par' dir='ltr' id='par_1_67' title="bbox 281 5989 1359 6055">
     <span class='ocr_line' id='line_1_67' title="bbox 281 5989 1359 6055; baseline 0.004 -20"><span class='ocrx_word' id='word_1_521' title='bbox 281 5989 362 6039; x_wconf 70' lang='grc' dir='ltr'>τοῖ</span> <span class='ocrx_word' id='word_1_522' title='bbox 401 6003 476 6043; x_wconf 76' lang='grc' dir='ltr'>τος</span> <span class='ocrx_word' id='word_1_523' title='bbox 506 5989 694 6050; x_wconf 84' lang='grc' dir='ltr'>νόμους,</span> <span class='ocrx_word' id='word_1_524' title='bbox 715 5989 863 6052; x_wconf 72' lang='lat' dir='ltr'>alque</span> <span class='ocrx_word' id='word_1_525' title='bbox 890 5992 956 6041; x_wconf 69' lang='lat' dir='ltr'><strong>ita</strong></span> <span class='ocrx_word' id='word_1_526' title='bbox 984 5994 1106 6055; x_wconf 69' lang='lat' dir='ltr'><strong>legit</strong></span> <span class='ocrx_word' id='word_1_527' title='bbox 1130 5993 1359 6042; x_wconf 68' lang='lat' dir='ltr'>Erasmus</span> 
     </span>
    </p>
   </div>
   <div class='ocr_carea' id='block_1_68' title="bbox 1203 397 2501 468">
    <p class='ocr_par' dir='ltr' id='par_1_68' title="bbox 1203 397 2501 468">
     <span class='ocr_line' id='line_1_68' title="bbox 1203 397 2501 468; baseline 0 -13"><span class='ocrx_word' id='word_1_528' title='bbox 1203 400 1269 455; x_wconf 82' lang='lat' dir='ltr'>IN</span> <span class='ocrx_word' id='word_1_529' title='bbox 1308 400 1538 468; x_wconf 81' lang='lat' dir='ltr'>ILLUD,</span> <span class='ocrx_word' id='word_1_530' title='bbox 1586 400 1719 456; x_wconf 76' lang='lat' dir='ltr'>VIDI</span> <span class='ocrx_word' id='word_1_531' title='bbox 1758 397 2098 465; x_wconf 70' lang='lat' dir='ltr'>DOMINUM,</span> <span class='ocrx_word' id='word_1_532' title='bbox 2152 398 2389 456; x_wconf 78' lang='lat' dir='ltr'>llOMlL.</span> <span class='ocrx_word' id='word_1_533' title='bbox 2435 398 2501 455; x_wconf 70' lang='grc' dir='ltr'>ν.</span> 
     </span>
    </p>
   </div>
   <div class='ocr_carea' id='block_1_69' title="bbox 1941 513 3531 591">
    <p class='ocr_par' dir='ltr' id='par_1_69' title="bbox 1941 513 3531 591">
     <span class='ocr_line' id='line_1_69' title="bbox 1941 513 3531 591; baseline 0.001 -20"><span class='ocrx_word' id='word_1_534' title='bbox 1941 517 2274 591; x_wconf 76' lang='grc' dir='ltr'>παρρησίας.</span> <span class='ocrx_word' id='word_1_535' title='bbox 2321 513 2537 584; x_wconf 79' lang='grc' dir='ltr'>Ἐπειδὴ</span> <span class='ocrx_word' id='word_1_536' title='bbox 2560 516 2668 585; x_wconf 81' lang='grc' dir='ltr'>γὰρ</span> <span class='ocrx_word' id='word_1_537' title='bbox 2695 514 2883 569; x_wconf 76' lang='grc' dir='ltr'>οὐδένα</span> <span class='ocrx_word' id='word_1_538' title='bbox 2907 518 3015 570; x_wconf 80' lang='grc' dir='ltr'>τῶν</span> <span class='ocrx_word' id='word_1_539' title='bbox 3035 518 3335 589; x_wconf 81' lang='grc' dir='ltr'>ἀνθρώπων</span> <span class='ocrx_word' id='word_1_540' title='bbox 3360 521 3531 583; x_wconf 79' lang='grc' dir='ltr'>οὕτως</span> 
     </span>
    </p>
   </div>
   <div class='ocr_carea' id='block_1_70' title="bbox 1942 598 3530 671">
    <p class='ocr_par' dir='ltr' id='par_1_70' title="bbox 1942 598 3530 671">
     <span class='ocr_line' id='line_1_70' title="bbox 1942 598 3530 671; baseline 0.001 -17"><span class='ocrx_word' id='word_1_541' title='bbox 1942 602 2375 670; x_wconf 86' lang='grc' dir='ltr'>ἀποστρέφονται</span> <span class='ocrx_word' id='word_1_542' title='bbox 2415 599 2506 651; x_wconf 83' lang='grc' dir='ltr'>καί</span> <span class='ocrx_word' id='word_1_543' title='bbox 2540 598 2787 667; x_wconf 78' lang='grc' dir='ltr'>μισοῦσιν</span> <span class='ocrx_word' id='word_1_544' title='bbox 2809 602 2855 651; x_wconf 86' lang='grc' dir='ltr'>οἱ</span> <span class='ocrx_word' id='word_1_545' title='bbox 2888 602 3312 671; x_wconf 78' lang='grc' dir='ltr'>ἁμαρτάνοντες,</span> <span class='ocrx_word' id='word_1_546' title='bbox 3340 602 3413 663; x_wconf 86' lang='grc' dir='ltr'>ὡς</span> <span class='ocrx_word' id='word_1_547' title='bbox 3442 604 3530 655; x_wconf 75' lang='grc' dir='ltr'>τὸν</span> 
     </span>
    </p>
   </div>
   <div class='ocr_carea' id='block_1_71' title="bbox 1945 681 3531 751">
    <p class='ocr_par' dir='ltr' id='par_1_71' title="bbox 1945 681 3531 751">
     <span class='ocr_line' id='line_1_71' title="bbox 1945 681 3531 751; baseline 0.001 -18"><span class='ocrx_word' id='word_1_548' title='bbox 1945 683 2187 751; x_wconf 78' lang='grc' dir='ltr'>ἐλέγχειν</span> <span class='ocrx_word' id='word_1_549' title='bbox 2222 681 2481 749; x_wconf 87' lang='grc' dir='ltr'>μέλλοντα</span> <span class='ocrx_word' id='word_1_550' title='bbox 2505 696 2517 708; x_wconf 83' lang='grc'><em>’</em></span> <span class='ocrx_word' id='word_1_551' title='bbox 2560 681 2653 733; x_wconf 73' lang='grc' dir='ltr'>καὶ</span> <span class='ocrx_word' id='word_1_552' title='bbox 2684 682 3007 749; x_wconf 85' lang='grc' dir='ltr'>προφάσεως</span> <span class='ocrx_word' id='word_1_553' title='bbox 3031 683 3380 736; x_wconf 75' lang='grc' dir='ltr'>ἐπιλαϐέσθαι</span> <span class='ocrx_word' id='word_1_554' title='bbox 3413 687 3531 736; x_wconf 81' lang='grc' dir='ltr'>ἐπι-</span> 
     </span>
    </p>
   </div>
   <div class='ocr_carea' id='block_1_72' title="bbox 1947 762 3529 834">
    <p class='ocr_par' dir='ltr' id='par_1_72' title="bbox 1947 762 3529 834">
     <span class='ocr_line' id='line_1_72' title="bbox 1947 762 3529 834; baseline 0 -18"><span class='ocrx_word' id='word_1_555' title='bbox 1947 764 2227 834; x_wconf 88' lang='grc' dir='ltr'>θυμοῦσιν,</span> <span class='ocrx_word' id='word_1_556' title='bbox 2256 762 2395 814; x_wconf 77' lang='grc' dir='ltr'>ὥστε</span> <span class='ocrx_word' id='word_1_557' title='bbox 2430 762 2800 831; x_wconf 85' lang='grc' dir='ltr'>άποπηδῆσαι,</span> <span class='ocrx_word' id='word_1_558' title='bbox 2832 764 2924 816; x_wconf 75' lang='grc' dir='ltr'>καὶ</span> <span class='ocrx_word' id='word_1_559' title='bbox 2960 764 3057 833; x_wconf 75' lang='grc' dir='ltr'>τὴν</span> <span class='ocrx_word' id='word_1_560' title='bbox 3085 766 3369 832; x_wconf 83' lang='grc' dir='ltr'>ἐπιτιμίαν</span> <span class='ocrx_word' id='word_1_561' title='bbox 3413 766 3529 817; x_wconf 80' lang='grc' dir='ltr'>δια-</span> 
     </span>
    </p>
   </div>
   <div class='ocr_carea' id='block_1_73' title="bbox 1947 842 3528 917">
    <p class='ocr_par' dir='ltr' id='par_1_73' title="bbox 1947 842 3528 917">
     <span class='ocr_line' id='line_1_73' title="bbox 1947 842 3528 917; baseline 0 -19"><span class='ocrx_word' id='word_1_562' title='bbox 1947 849 2136 916; x_wconf 84' lang='grc' dir='ltr'>φυγεῖν</span> <span class='ocrx_word' id='word_1_563' title='bbox 2161 862 2172 874; x_wconf 90' lang='grc'><strong>·</strong></span> <span class='ocrx_word' id='word_1_564' title='bbox 2216 846 2297 897; x_wconf 89' lang='grc' dir='ltr'>δεῖ</span> <span class='ocrx_word' id='word_1_565' title='bbox 2324 842 2415 896; x_wconf 87' lang='grc' dir='ltr'>οῦν</span> <span class='ocrx_word' id='word_1_566' title='bbox 2443 844 2692 913; x_wconf 87' lang='grc' dir='ltr'>κατέχειν</span> <span class='ocrx_word' id='word_1_567' title='bbox 2721 847 2915 907; x_wconf 84' lang='grc' dir='ltr'>αὐτοὺς</span> <span class='ocrx_word' id='word_1_568' title='bbox 2943 848 3009 915; x_wconf 80' lang='grc' dir='ltr'>τῇ</span> <span class='ocrx_word' id='word_1_569' title='bbox 3046 848 3313 917; x_wconf 82' lang='grc' dir='ltr'>πραότητι</span> <span class='ocrx_word' id='word_1_570' title='bbox 3342 848 3435 899; x_wconf 80' lang='grc' dir='ltr'>καὶ</span> <span class='ocrx_word' id='word_1_571' title='bbox 3462 850 3528 916; x_wconf 82' lang='grc' dir='ltr'>τῇ</span> 
     </span>
    </p>
   </div>
   <div class='ocr_carea' id='block_1_74' title="bbox 1947 927 3531 999">
    <p class='ocr_par' dir='ltr' id='par_1_74' title="bbox 1947 927 3531 999">
     <span class='ocr_line' id='line_1_74' title="bbox 1947 927 3531 999; baseline -0.001 -18"><span class='ocrx_word' id='word_1_572' title='bbox 1947 929 2233 999; x_wconf 80' lang='grc' dir='ltr'>ἐπιεικείᾳ.</span> <span class='ocrx_word' id='word_1_573' title='bbox 2260 928 2332 980; x_wconf 88' lang='grc' dir='ltr'>Οὐ</span> <span class='ocrx_word' id='word_1_574' title='bbox 2354 927 2462 998; x_wconf 80' lang='grc' dir='ltr'>γὰρ</span> <span class='ocrx_word' id='word_1_575' title='bbox 2484 927 2665 997; x_wconf 84' lang='grc' dir='ltr'>φωνὴν</span> <span class='ocrx_word' id='word_1_576' title='bbox 2691 928 2854 997; x_wconf 89' lang='grc' dir='ltr'>μόνην</span> <span class='ocrx_word' id='word_1_577' title='bbox 2877 930 3031 995; x_wconf 78' lang='grc' dir='ltr'>ἀφεὶς</span> <span class='ocrx_word' id='word_1_578' title='bbox 3049 932 3077 980; x_wconf 89' lang='grc' dir='ltr'>ὁ</span> <span class='ocrx_word' id='word_1_579' title='bbox 3098 929 3356 991; x_wconf 86' lang='grc' dir='ltr'>τοιοῦτος,</span> <span class='ocrx_word' id='word_1_580' title='bbox 3378 928 3531 999; x_wconf 63' lang='grc'>[155]</span> 
     </span>
    </p>
   </div>
   <div class='ocr_carea' id='block_1_75' title="bbox 1946 1010 3529 1081">
    <p class='ocr_par' dir='ltr' id='par_1_75' title="bbox 1946 1010 3529 1081">
     <span class='ocr_line' id='line_1_75' title="bbox 1946 1010 3529 1081; baseline -0.001 -14"><span class='ocrx_word' id='word_1_581' title='bbox 1946 1013 2080 1067; x_wconf 78' lang='grc' dir='ltr'>ἀλλὰ</span> <span class='ocrx_word' id='word_1_582' title='bbox 2127 1012 2221 1065; x_wconf 73' lang='grc' dir='ltr'>καὶ</span> <span class='ocrx_word' id='word_1_583' title='bbox 2269 1011 2618 1081; x_wconf 86' lang='grc' dir='ltr'>βλεπόμενος,</span> <span class='ocrx_word' id='word_1_584' title='bbox 2663 1010 2831 1080; x_wconf 82' lang='grc' dir='ltr'>βαρὺς</span> <span class='ocrx_word' id='word_1_585' title='bbox 2876 1010 3028 1063; x_wconf 82' lang='grc' dir='ltr'>ἐσται</span> <span class='ocrx_word' id='word_1_586' title='bbox 3056 1019 3078 1046; x_wconf 77' lang='grc'><strong><em>⁸</em></strong></span> <span class='ocrx_word' id='word_1_587' title='bbox 3131 1014 3243 1073; x_wconf 91' lang='grc' dir='ltr'>τοῖς</span> <span class='ocrx_word' id='word_1_588' title='bbox 3276 1012 3529 1081; x_wconf 82' lang='grc' dir='ltr'>ἀμαρτὰ-</span> 
     </span>
    </p>
   </div>
   <div class='ocr_carea' id='block_1_76' title="bbox 1946 1093 3529 1163">
    <p class='ocr_par' dir='ltr' id='par_1_76' title="bbox 1946 1093 3529 1163">
     <span class='ocr_line' id='line_1_76' title="bbox 1946 1093 3529 1163; baseline 0.001 -17"><span class='ocrx_word' id='word_1_589' title='bbox 1946 1111 2113 1147; x_wconf 81' lang='grc' dir='ltr'>νουσι”</span> <span class='ocrx_word' id='word_1_590' title='bbox 2144 1094 2338 1162; x_wconf 86' lang='grc' dir='ltr'>Βαρὺς</span> <span class='ocrx_word' id='word_1_591' title='bbox 2356 1093 2463 1163; x_wconf 74' lang='grc' dir='ltr'>γὰρ</span> <span class='ocrx_word' id='word_1_592' title='bbox 2481 1093 2644 1162; x_wconf 69' lang='grc' dir='ltr'>ἡμῖν,</span> <span class='ocrx_word' id='word_1_593' title='bbox 2660 1095 2843 1162; x_wconf 84' lang='grc' dir='ltr'>φησίν,</span> <span class='ocrx_word' id='word_1_594' title='bbox 2866 1093 3105 1147; x_wconf 82' lang='grc' dir='ltr'>ἐστίκαί</span> <span class='ocrx_word' id='word_1_595' title='bbox 3125 1095 3529 1163; x_wconf 66' lang='grc' dir='ltr'>βλεπόμενοςθ</span> 
     </span>
    </p>
   </div>
   <div class='ocr_carea' id='block_1_77' title="bbox 1945 1177 3528 1248">
    <p class='ocr_par' dir='ltr' id='par_1_77' title="bbox 1945 1177 3528 1248">
     <span class='ocr_line' id='line_1_77' title="bbox 1945 1177 3528 1248; baseline -0.001 -17"><span class='ocrx_word' id='word_1_596' title='bbox 1945 1178 2033 1231; x_wconf 87' lang='grc' dir='ltr'>διὰ</span> <span class='ocrx_word' id='word_1_597' title='bbox 2061 1178 2232 1232; x_wconf 90' lang='grc' dir='ltr'>ταῦτα</span> <span class='ocrx_word' id='word_1_598' title='bbox 2277 1178 2474 1248; x_wconf 80' lang='grc' dir='ltr'>πολλὴν</span> <span class='ocrx_word' id='word_1_599' title='bbox 2518 1178 2624 1247; x_wconf 79' lang='grc' dir='ltr'>χρὴ</span> <span class='ocrx_word' id='word_1_600' title='bbox 2657 1179 2755 1246; x_wconf 81' lang='grc' dir='ltr'>την</span> <span class='ocrx_word' id='word_1_601' title='bbox 2788 1177 3068 1246; x_wconf 86' lang='grc' dir='ltr'>πραότητα</span> <span class='ocrx_word' id='word_1_602' title='bbox 3103 1178 3528 1229; x_wconf 86' lang='grc' dir='ltr'>ἐπιδείκνυσθαι.</span> 
     </span>
    </p>
   </div>
   <div class='ocr_carea' id='block_1_78' title="bbox 1946 1258 3532 1330">
    <p class='ocr_par' dir='ltr' id='par_1_78' title="bbox 1946 1258 3532 1330">
     <span class='ocr_line' id='line_1_78' title="bbox 1946 1258 3532 1330; baseline -0.001 -17"><span class='ocrx_word' id='word_1_603' title='bbox 1946 1261 2044 1313; x_wconf 86' lang='grc' dir='ltr'>Διά</span> <span class='ocrx_word' id='word_1_604' title='bbox 2072 1259 2244 1313; x_wconf 90' lang='grc' dir='ltr'>ταῦτα</span> <span class='ocrx_word' id='word_1_605' title='bbox 2274 1262 2306 1330; x_wconf 77' lang='grc' dir='ltr'>ἡ</span> <span class='ocrx_word' id='word_1_606' title='bbox 2318 1263 2408 1329; x_wconf 86' lang='grc' dir='ltr'>μίν</span> <span class='ocrx_word' id='word_1_607' title='bbox 2448 1261 2541 1312; x_wconf 77' lang='grc' dir='ltr'>καὶ</span> <span class='ocrx_word' id='word_1_608' title='bbox 2572 1262 2601 1311; x_wconf 90' lang='lat'>6</span> <span class='ocrx_word' id='word_1_609' title='bbox 2626 1258 2782 1325; x_wconf 86' lang='grc' dir='ltr'>λόγος</span> <span class='ocrx_word' id='word_1_610' title='bbox 2825 1260 2915 1310; x_wconf 79' lang='grc' dir='ltr'>ὑπ’</span> <span class='ocrx_word' id='word_1_611' title='bbox 2949 1259 3069 1326; x_wconf 74' lang='grc' dir='ltr'>ὄψιν</span> <span class='ocrx_word' id='word_1_612' title='bbox 3100 1260 3273 1329; x_wconf 82' lang='grc' dir='ltr'>ήγαγε</span> <span class='ocrx_word' id='word_1_613' title='bbox 3316 1261 3411 1312; x_wconf 74' lang='grc' dir='ltr'>καὶ</span> <span class='ocrx_word' id='word_1_614' title='bbox 3440 1261 3532 1312; x_wconf 84' lang='grc' dir='ltr'>τὸν</span> 
     </span>
    </p>
   </div>
   <div class='ocr_carea' id='block_1_79' title="bbox 1946 1340 3533 1411">
    <p class='ocr_par' dir='ltr' id='par_1_79' title="bbox 1946 1340 3533 1411">
     <span class='ocr_line' id='line_1_79' title="bbox 1946 1340 3533 1411; baseline -0.001 -17"><span class='ocrx_word' id='word_1_615' title='bbox 1946 1342 2328 1411; x_wconf 83' lang='grc' dir='ltr'>ἡμαρτηκότα,</span> <span class='ocrx_word' id='word_1_616' title='bbox 2379 1344 2473 1393; x_wconf 71' lang='grc' dir='ltr'>καὶ</span> <span class='ocrx_word' id='word_1_617' title='bbox 2504 1341 2596 1393; x_wconf 81' lang='grc' dir='ltr'>τὸν</span> <span class='ocrx_word' id='word_1_618' title='bbox 2630 1340 2873 1411; x_wconf 87' lang='grc' dir='ltr'>διορθοῦν</span> <span class='ocrx_word' id='word_1_619' title='bbox 2903 1341 3064 1393; x_wconf 85' lang='grc' dir='ltr'>αὐτὸν</span> <span class='ocrx_word' id='word_1_620' title='bbox 3107 1343 3386 1411; x_wconf 82' lang='grc' dir='ltr'>μέλλοντα.</span> <span class='ocrx_word' id='word_1_621' title='bbox 3423 1344 3533 1395; x_wconf 76' lang='grc' dir='ltr'>Καὶ</span> 
     </span>
    </p>
   </div>
   <div class='ocr_carea' id='block_1_80' title="bbox 1948 1422 3532 1494">
    <p class='ocr_par' dir='ltr' id='par_1_80' title="bbox 1948 1422 3532 1494">
     <span class='ocr_line' id='line_1_80' title="bbox 1948 1422 3532 1494; baseline 0 -18"><span class='ocrx_word' id='word_1_622' title='bbox 1948 1424 2057 1494; x_wconf 83' lang='grc' dir='ltr'>γὰρ</span> <span class='ocrx_word' id='word_1_623' title='bbox 2084 1426 2133 1476; x_wconf 88' lang='grc' dir='ltr'>οἱ</span> <span class='ocrx_word' id='word_1_624' title='bbox 2164 1425 2319 1492; x_wconf 77' lang='grc' dir='ltr'>σοφοὶ</span> <span class='ocrx_word' id='word_1_625' title='bbox 2359 1424 2468 1477; x_wconf 88' lang='grc' dir='ltr'>τῶν</span> <span class='ocrx_word' id='word_1_626' title='bbox 2528 1423 2749 1492; x_wconf 87' lang='grc' dir='ltr'>ἰατρῶν,</span> <span class='ocrx_word' id='word_1_627' title='bbox 2801 1426 2927 1475; x_wconf 83' lang='grc' dir='ltr'>ὅταν</span> <span class='ocrx_word' id='word_1_628' title='bbox 2976 1422 3209 1492; x_wconf 82' lang='grc' dir='ltr'>μέλλωσι</span> <span class='ocrx_word' id='word_1_629' title='bbox 3257 1426 3532 1493; x_wconf 81' lang='grc' dir='ltr'>σεσηπότα</span> 
     </span>
    </p>
   </div>
   <div class='ocr_carea' id='block_1_81' title="bbox 1947 1506 3532 1579">
    <p class='ocr_par' dir='ltr' id='par_1_81' title="bbox 1947 1506 3532 1579">
     <span class='ocr_line' id='line_1_81' title="bbox 1947 1506 3532 1579; baseline -0.001 -20"><span class='ocrx_word' id='word_1_630' title='bbox 1947 1508 2164 1579; x_wconf 88' lang='grc' dir='ltr'>τέμνειν</span> <span class='ocrx_word' id='word_1_631' title='bbox 2211 1509 2370 1578; x_wconf 87' lang='grc' dir='ltr'>μέλη,</span> <span class='ocrx_word' id='word_1_632' title='bbox 2407 1509 2439 1577; x_wconf 84' lang='grc' dir='ltr'><strong>ἢ</strong></span> <span class='ocrx_word' id='word_1_633' title='bbox 2472 1506 2653 1568; x_wconf 88' lang='grc' dir='ltr'>λίθους</span> <span class='ocrx_word' id='word_1_634' title='bbox 2702 1508 2812 1568; x_wconf 88' lang='grc' dir='ltr'>τοῖς</span> <span class='ocrx_word' id='word_1_635' title='bbox 2842 1506 3030 1576; x_wconf 87' lang='grc' dir='ltr'>πόροις</span> <span class='ocrx_word' id='word_1_636' title='bbox 3077 1508 3532 1575; x_wconf 83' lang='grc' dir='ltr'>ἐναπεσφηνωμέ-</span> 
     </span>
    </p>
   </div>
   <div class='ocr_carea' id='block_1_82' title="bbox 1948 1589 3533 1660">
    <p class='ocr_par' dir='ltr' id='par_1_82' title="bbox 1948 1589 3533 1660">
     <span class='ocr_line' id='line_1_82' title="bbox 1948 1589 3533 1660; baseline -0.003 -16"><span class='ocrx_word' id='word_1_637' title='bbox 1948 1609 2072 1654; x_wconf 91' lang='grc' dir='ltr'>νους</span> <span class='ocrx_word' id='word_1_638' title='bbox 2094 1590 2114 1629; x_wconf 69' lang='grc' dir='ltr'><em>τ</em></span> <span class='ocrx_word' id='word_1_639' title='bbox 2140 1591 2452 1660; x_wconf 77' lang='grc' dir='ltr'>ἐξέλκειν,ἦ</span> <span class='ocrx_word' id='word_1_640' title='bbox 2477 1589 2603 1644; x_wconf 80' lang='grc' dir='ltr'>ἄλλο</span> <span class='ocrx_word' id='word_1_641' title='bbox 2632 1606 2682 1641; x_wconf 89' lang='grc' dir='ltr'>τι</span> <span class='ocrx_word' id='word_1_642' title='bbox 2705 1592 2802 1659; x_wconf 79' lang='grc' dir='ltr'>τῆς</span> <span class='ocrx_word' id='word_1_643' title='bbox 2826 1590 3041 1656; x_wconf 88' lang='grc' dir='ltr'>φύσεως</span> <span class='ocrx_word' id='word_1_644' title='bbox 3066 1590 3368 1658; x_wconf 83' lang='grc' dir='ltr'>ἁμάρτημα</span> <span class='ocrx_word' id='word_1_645' title='bbox 3391 1589 3533 1655; x_wconf 84' lang='grc' dir='ltr'>διορ-</span> 
     </span>
    </p>
   </div>
   <div class='ocr_carea' id='block_1_83' title="bbox 1950 1671 3535 1741">
    <p class='ocr_par' dir='ltr' id='par_1_83' title="bbox 1950 1671 3535 1741">
     <span class='ocr_line' id='line_1_83' title="bbox 1950 1671 3535 1741; baseline -0.003 -15"><span class='ocrx_word' id='word_1_646' title='bbox 1950 1673 2097 1738; x_wconf 90' lang='grc' dir='ltr'>θοῦν,</span> <span class='ocrx_word' id='word_1_647' title='bbox 2129 1674 2230 1726; x_wconf 90' lang='grc' dir='ltr'>οὐκ</span> <span class='ocrx_word' id='word_1_648' title='bbox 2262 1675 2343 1737; x_wconf 90' lang='grc' dir='ltr'>εἰς</span> <span class='ocrx_word' id='word_1_649' title='bbox 2372 1673 2576 1741; x_wconf 88' lang='grc' dir='ltr'>γωνίαν</span> <span class='ocrx_word' id='word_1_650' title='bbox 2602 1672 2856 1733; x_wconf 90' lang='grc' dir='ltr'>λαϐόντες</span> <span class='ocrx_word' id='word_1_651' title='bbox 2890 1671 2977 1723; x_wconf 81' lang='grc' dir='ltr'>τὸν</span> <span class='ocrx_word' id='word_1_652' title='bbox 3034 1673 3331 1741; x_wconf 88' lang='grc' dir='ltr'>κάμνοντα.</span> <span class='ocrx_word' id='word_1_653' title='bbox 3377 1672 3535 1723; x_wconf 80' lang='grc' dir='ltr'>τοῦτο</span> 
     </span>
    </p>
   </div>
   <div class='ocr_carea' id='block_1_84' title="bbox 1948 1754 3532 1825">
    <p class='ocr_par' dir='ltr' id='par_1_84' title="bbox 1948 1754 3532 1825">
     <span class='ocr_line' id='line_1_84' title="bbox 1948 1754 3532 1825; baseline -0.002 -16"><span class='ocrx_word' id='word_1_654' title='bbox 1948 1756 2215 1821; x_wconf 87' lang='grc' dir='ltr'>ποιοῦσιν,</span> <span class='ocrx_word' id='word_1_655' title='bbox 2248 1758 2363 1810; x_wconf 81' lang='grc' dir='ltr'>ἀλλ’</span> <span class='ocrx_word' id='word_1_656' title='bbox 2388 1758 2449 1808; x_wconf 90' lang='grc' dir='ltr'>ἐν</span> <span class='ocrx_word' id='word_1_657' title='bbox 2486 1757 2681 1824; x_wconf 90' lang='grc' dir='ltr'>μέσαις</span> <span class='ocrx_word' id='word_1_658' title='bbox 2710 1755 2873 1807; x_wconf 85' lang='grc' dir='ltr'>αὐτὸν</span> <span class='ocrx_word' id='word_1_659' title='bbox 2911 1754 3096 1815; x_wconf 88' lang='grc' dir='ltr'>Θέντες</span> <span class='ocrx_word' id='word_1_660' title='bbox 3123 1758 3241 1817; x_wconf 89' lang='grc' dir='ltr'>ταῖς</span> <span class='ocrx_word' id='word_1_661' title='bbox 3282 1756 3532 1825; x_wconf 88' lang='grc' dir='ltr'>ἀγοραῖς,</span> 
     </span>
    </p>
   </div>
   <div class='ocr_carea' id='block_1_85' title="bbox 1948 1836 3536 1909">
    <p class='ocr_par' dir='ltr' id='par_1_85' title="bbox 1948 1836 3536 1909">
     <span class='ocr_line' id='line_1_85' title="bbox 1948 1836 3536 1909; baseline -0.001 -18"><span class='ocrx_word' id='word_1_662' title='bbox 1948 1840 2043 1892; x_wconf 81' lang='grc' dir='ltr'>καί</span> <span class='ocrx_word' id='word_1_663' title='bbox 2073 1839 2293 1909; x_wconf 89' lang='grc' dir='ltr'>θέατρον</span> <span class='ocrx_word' id='word_1_664' title='bbox 2325 1840 2389 1891; x_wconf 89' lang='grc' dir='ltr'>ἐκ</span> <span class='ocrx_word' id='word_1_665' title='bbox 2430 1839 2539 1891; x_wconf 90' lang='grc' dir='ltr'>τῶν</span> <span class='ocrx_word' id='word_1_666' title='bbox 2583 1837 2887 1909; x_wconf 89' lang='grc' dir='ltr'>παριόντων</span> <span class='ocrx_word' id='word_1_667' title='bbox 2915 1838 3343 1905; x_wconf 79' lang='grc' dir='ltr'>περιστήσαντες</span> <span class='ocrx_word' id='word_1_668' title='bbox 3370 1840 3414 1899; x_wconf 76' lang='grc' dir='ltr'>ε,</span> <span class='ocrx_word' id='word_1_669' title='bbox 3444 1836 3536 1889; x_wconf 84' lang='grc' dir='ltr'>οῦ-</span> 
     </span>
    </p>
   </div>
   <div class='ocr_carea' id='block_1_86' title="bbox 1948 1919 3536 1993">
    <p class='ocr_par' dir='ltr' id='par_1_86' title="bbox 1948 1919 3536 1993">
     <span class='ocr_line' id='line_1_86' title="bbox 1948 1919 3536 1993; baseline -0.002 -19"><span class='ocrx_word' id='word_1_670' title='bbox 1948 1940 2054 1985; x_wconf 87' lang='grc' dir='ltr'>τως</span> <span class='ocrx_word' id='word_1_671' title='bbox 2085 1923 2351 1991; x_wconf 84' lang='grc' dir='ltr'>ἐπάγουσι</span> <span class='ocrx_word' id='word_1_672' title='bbox 2380 1923 2479 1993; x_wconf 85' lang='grc' dir='ltr'>τὴν</span> <span class='ocrx_word' id='word_1_673' title='bbox 2508 1922 2699 1991; x_wconf 88' lang='grc' dir='ltr'>τομήν,</span> <span class='ocrx_word' id='word_1_674' title='bbox 2732 1919 2951 1972; x_wconf 88' lang='grc' dir='ltr'>Ποιοῦσι</span> <span class='ocrx_word' id='word_1_675' title='bbox 2975 1920 3032 1971; x_wconf 84' lang='grc' dir='ltr'>δέ</span> <span class='ocrx_word' id='word_1_676' title='bbox 3059 1920 3236 1983; x_wconf 82' lang='grc' dir='ltr'>τοῦτο,</span> <span class='ocrx_word' id='word_1_677' title='bbox 3267 1921 3385 1989; x_wconf 72' lang='grc' dir='ltr'>οὐχὶ</span> <span class='ocrx_word' id='word_1_678' title='bbox 3414 1924 3536 1982; x_wconf 88' lang='grc' dir='ltr'>ταῖς</span> 
     </span>
    </p>
   </div>
   <div class='ocr_carea' id='block_1_87' title="bbox 1948 2002 3532 2075">
    <p class='ocr_par' dir='ltr' id='par_1_87' title="bbox 1948 2002 3532 2075">
     <span class='ocr_line' id='line_1_87' title="bbox 1948 2002 3532 2075; baseline -0.003 -17"><span class='ocrx_word' id='word_1_679' title='bbox 1948 2005 2318 2075; x_wconf 83' lang='grc' dir='ltr'>ἀνθρωπίναις</span> <span class='ocrx_word' id='word_1_680' title='bbox 2382 2003 2761 2075; x_wconf 87' lang='grc' dir='ltr'>ἐμπομπεύειν</span> <span class='ocrx_word' id='word_1_681' title='bbox 2829 2002 3139 2072; x_wconf 89' lang='grc' dir='ltr'>βουλόμενοι</span> <span class='ocrx_word' id='word_1_682' title='bbox 3197 2005 3532 2073; x_wconf 82' lang='grc' dir='ltr'>συμφοραῖς,</span> 
     </span>
    </p>
   </div>
   <div class='ocr_carea' id='block_1_88' title="bbox 1948 2086 3535 2159">
    <p class='ocr_par' dir='ltr' id='par_1_88' title="bbox 1948 2086 3535 2159">
     <span class='ocr_line' id='line_1_88' title="bbox 1948 2086 3535 2159; baseline -0.004 -16"><span class='ocrx_word' id='word_1_683' title='bbox 1948 2090 2064 2143; x_wconf 81' lang='grc' dir='ltr'>ἀλλ’</span> <span class='ocrx_word' id='word_1_684' title='bbox 2089 2089 2231 2142; x_wconf 81' lang='grc' dir='ltr'>ὥστε</span> <span class='ocrx_word' id='word_1_685' title='bbox 2255 2088 2456 2159; x_wconf 78' lang='grc' dir='ltr'>πολλὴν</span> <span class='ocrx_word' id='word_1_686' title='bbox 2479 2088 2578 2157; x_wconf 85' lang='grc' dir='ltr'>τῆς</span> <span class='ocrx_word' id='word_1_687' title='bbox 2618 2086 2823 2148; x_wconf 87' lang='grc' dir='ltr'>οἰκείας</span> <span class='ocrx_word' id='word_1_688' title='bbox 2858 2087 3065 2153; x_wconf 81' lang='grc' dir='ltr'>ὑγιείας</span> <span class='ocrx_word' id='word_1_689' title='bbox 3103 2086 3335 2138; x_wconf 74' lang='grc' dir='ltr'>ἕκαστον</span> <span class='ocrx_word' id='word_1_690' title='bbox 3364 2090 3535 2138; x_wconf 87' lang='grc' dir='ltr'>ποιεῖ-</span> 
     </span>
    </p>
   </div>
   <div class='ocr_carea' id='block_1_89' title="bbox 1951 2169 3537 2243">
    <p class='ocr_par' dir='ltr' id='par_1_89' title="bbox 1951 2169 3537 2243">
     <span class='ocr_line' id='line_1_89' title="bbox 1951 2169 3537 2243; baseline -0.003 -18"><span class='ocrx_word' id='word_1_691' title='bbox 1951 2172 2074 2225; x_wconf 90' lang='grc' dir='ltr'>σθαι</span> <span class='ocrx_word' id='word_1_692' title='bbox 2097 2173 2195 2242; x_wconf 86' lang='grc' dir='ltr'>τὴν</span> <span class='ocrx_word' id='word_1_693' title='bbox 2218 2172 2492 2243; x_wconf 89' lang='grc' dir='ltr'>πρόνοιαν.</span> <span class='ocrx_word' id='word_1_694' title='bbox 2529 2170 2683 2223; x_wconf 88' lang='grc' dir='ltr'>Οῦτω</span> <span class='ocrx_word' id='word_1_695' title='bbox 2706 2172 2797 2222; x_wconf 68' lang='grc' dir='ltr'>καὶ</span> <span class='ocrx_word' id='word_1_696' title='bbox 2822 2173 2853 2239; x_wconf 83' lang='grc' dir='ltr'><strong>ἡ</strong></span> <span class='ocrx_word' id='word_1_697' title='bbox 2888 2171 2925 2220; x_wconf 86' lang='grc' dir='ltr'><strong><em>Γ</em></strong></span> <span class='ocrx_word' id='word_1_698' title='bbox 2934 2170 3076 2240; x_wconf 85' lang='grc' dir='ltr'>ραφὴ</span> <span class='ocrx_word' id='word_1_699' title='bbox 3113 2171 3257 2222; x_wconf 86' lang='grc' dir='ltr'>ποιεῖ</span> <span class='ocrx_word' id='word_1_700' title='bbox 3280 2185 3293 2197; x_wconf 86' lang='grc'><strong>·</strong></span> <span class='ocrx_word' id='word_1_701' title='bbox 3317 2169 3537 2222; x_wconf 87' lang='grc' dir='ltr'>ἐπειδάν</span> 
     </span>
    </p>
   </div>
   <div class='ocr_carea' id='block_1_90' title="bbox 1947 2251 3532 2327">
    <p class='ocr_par' dir='ltr' id='par_1_90' title="bbox 1947 2251 3532 2327">
     <span class='ocr_line' id='line_1_90' title="bbox 1947 2251 3532 2327; baseline -0.003 -20"><span class='ocrx_word' id='word_1_702' title='bbox 1947 2273 2067 2307; x_wconf 91' lang='grc' dir='ltr'>τινα</span> <span class='ocrx_word' id='word_1_703' title='bbox 2098 2255 2238 2327; x_wconf 83' lang='grc' dir='ltr'>λάϐῃ</span> <span class='ocrx_word' id='word_1_704' title='bbox 2278 2254 2386 2307; x_wconf 86' lang='grc' dir='ltr'>τῶν</span> <span class='ocrx_word' id='word_1_705' title='bbox 2416 2254 2857 2325; x_wconf 87' lang='grc' dir='ltr'>ἁμαρτανόντων,</span> <span class='ocrx_word' id='word_1_706' title='bbox 2893 2254 2977 2320; x_wconf 81' lang='grc' dir='ltr'>ἐφ’</span> <span class='ocrx_word' id='word_1_707' title='bbox 3003 2251 3209 2321; x_wconf 72' lang='grc' dir='ltr'>ὑψηλοῦ</span> <span class='ocrx_word' id='word_1_708' title='bbox 3240 2251 3335 2304; x_wconf 78' lang='grc' dir='ltr'>τοῦ</span> <span class='ocrx_word' id='word_1_709' title='bbox 3360 2252 3532 2319; x_wconf 82' lang='grc' dir='ltr'>κηρύ-</span> 
     </span>
    </p>
   </div>
   <div class='ocr_carea' id='block_1_91' title="bbox 1949 2335 3536 2408">
    <p class='ocr_par' dir='ltr' id='par_1_91' title="bbox 1949 2335 3536 2408">
     <span class='ocr_line' id='line_1_91' title="bbox 1949 2335 3536 2408; baseline -0.003 -17"><span class='ocrx_word' id='word_1_710' title='bbox 1949 2355 2158 2408; x_wconf 86' lang='grc' dir='ltr'>γματος</span> <span class='ocrx_word' id='word_1_711' title='bbox 2186 2338 2350 2391; x_wconf 87' lang='grc' dir='ltr'>αὐτὸν</span> <span class='ocrx_word' id='word_1_712' title='bbox 2400 2336 2742 2407; x_wconf 85' lang='grc' dir='ltr'>προτίθησιν,</span> <span class='ocrx_word' id='word_1_713' title='bbox 2790 2336 2889 2387; x_wconf 87' lang='grc' dir='ltr'>οὐκ</span> <span class='ocrx_word' id='word_1_714' title='bbox 2935 2336 2990 2386; x_wconf 85' lang='grc' dir='ltr'>ἐν</span> <span class='ocrx_word' id='word_1_715' title='bbox 3048 2335 3241 2405; x_wconf 88' lang='grc' dir='ltr'>μέσαις</span> <span class='ocrx_word' id='word_1_716' title='bbox 3282 2335 3536 2405; x_wconf 87' lang='grc' dir='ltr'>ἀγοραῖς,</span> 
     </span>
    </p>
   </div>
   <div class='ocr_carea' id='block_1_92' title="bbox 1948 2417 3537 2494">
    <p class='ocr_par' dir='ltr' id='par_1_92' title="bbox 1948 2417 3537 2494">
     <span class='ocr_line' id='line_1_92' title="bbox 1948 2417 3537 2494; baseline -0.004 -21"><span class='ocrx_word' id='word_1_717' title='bbox 1948 2421 2063 2474; x_wconf 80' lang='grc' dir='ltr'>ἀλλ’</span> <span class='ocrx_word' id='word_1_718' title='bbox 2102 2424 2157 2472; x_wconf 94' lang='grc' dir='ltr'>ἐν</span> <span class='ocrx_word' id='word_1_719' title='bbox 2191 2422 2331 2494; x_wconf 81' lang='grc' dir='ltr'>μέσῃ</span> <span class='ocrx_word' id='word_1_720' title='bbox 2360 2423 2425 2490; x_wconf 83' lang='grc' dir='ltr'>τῇ</span> <span class='ocrx_word' id='word_1_721' title='bbox 2446 2422 2516 2489; x_wconf 84' lang='grc' dir='ltr'>γῇ</span> <span class='ocrx_word' id='word_1_722' title='bbox 2541 2436 2556 2449; x_wconf 85' lang='grc'><strong>·</strong></span> <span class='ocrx_word' id='word_1_723' title='bbox 2590 2420 2684 2471; x_wconf 84' lang='grc' dir='ltr'>καί</span> <span class='ocrx_word' id='word_1_724' title='bbox 2715 2417 2776 2469; x_wconf 86' lang='grc' dir='ltr'>τὸ</span> <span class='ocrx_word' id='word_1_725' title='bbox 2807 2418 2906 2487; x_wconf 86' lang='grc' dir='ltr'>τῆς</span> <span class='ocrx_word' id='word_1_726' title='bbox 2931 2417 3255 2487; x_wconf 87' lang='grc' dir='ltr'>οἰκουμένης</span> <span class='ocrx_word' id='word_1_727' title='bbox 3276 2418 3537 2486; x_wconf 80' lang='grc' dir='ltr'>περιστή·</span> 
     </span>
    </p>
   </div>
   <div class='ocr_carea' id='block_1_93' title="bbox 1950 2499 3537 2574">
    <p class='ocr_par' dir='ltr' id='par_1_93' title="bbox 1950 2499 3537 2574">
     <span class='ocr_line' id='line_1_93' title="bbox 1950 2499 3537 2574; baseline -0.004 -19"><span class='ocrx_word' id='word_1_728' title='bbox 1950 2520 2089 2555; x_wconf 90' lang='grc' dir='ltr'>σασα</span> <span class='ocrx_word' id='word_1_729' title='bbox 2113 2502 2358 2574; x_wconf 89' lang='grc' dir='ltr'>θέατρον,</span> <span class='ocrx_word' id='word_1_730' title='bbox 2390 2501 2531 2554; x_wconf 85' lang='grc' dir='ltr'>οῦτω</span> <span class='ocrx_word' id='word_1_731' title='bbox 2572 2500 2670 2570; x_wconf 83' lang='grc' dir='ltr'>τὴν</span> <span class='ocrx_word' id='word_1_732' title='bbox 2714 2500 2951 2569; x_wconf 77' lang='grc' dir='ltr'>ἰατρείαν</span> <span class='ocrx_word' id='word_1_733' title='bbox 2982 2499 3371 2561; x_wconf 85' lang='grc' dir='ltr'>ἐπιδείκνυται,</span> <span class='ocrx_word' id='word_1_734' title='bbox 3412 2516 3537 2551; x_wconf 91' lang='grc' dir='ltr'>παι-</span> 
     </span>
    </p>
   </div>
   <div class='ocr_carea' id='block_1_94' title="bbox 1948 2577 3537 2654">
    <p class='ocr_par' dir='ltr' id='par_1_94' title="bbox 1948 2577 3537 2654">
     <span class='ocr_line' id='line_1_94' title="bbox 1948 2577 3537 2654; baseline -0.003 -17"><span class='ocrx_word' id='word_1_735' title='bbox 1948 2585 2174 2637; x_wconf 85' lang='grc' dir='ltr'>δεύουσα</span> <span class='ocrx_word' id='word_1_736' title='bbox 2197 2586 2343 2654; x_wconf 81' lang='grc' dir='ltr'>ἡμᾶς</span> <span class='ocrx_word' id='word_1_737' title='bbox 2371 2582 2809 2653; x_wconf 86' lang='grc' dir='ltr'>ἀσφαλεστέρους</span> <span class='ocrx_word' id='word_1_738' title='bbox 2855 2581 2984 2651; x_wconf 82' lang='grc' dir='ltr'>περὶ</span> <span class='ocrx_word' id='word_1_739' title='bbox 3024 2581 3122 2651; x_wconf 83' lang='grc' dir='ltr'>τὴν</span> <span class='ocrx_word' id='word_1_740' title='bbox 3164 2582 3369 2634; x_wconf 85' lang='grc' dir='ltr'>οἰκείαν</span> <span class='ocrx_word' id='word_1_741' title='bbox 3399 2577 3537 2633; x_wconf 84' lang='grc' dir='ltr'>εἶναι</span> 
     </span>
    </p>
   </div>
   <div class='ocr_carea' id='block_1_95' title="bbox 1951 2662 3536 2737">
    <p class='ocr_par' dir='ltr' id='par_1_95' title="bbox 1951 2662 3536 2737">
     <span class='ocr_line' id='line_1_95' title="bbox 1951 2662 3536 2737; baseline -0.003 -18"><span class='ocrx_word' id='word_1_742' title='bbox 1951 2668 2243 2737; x_wconf 88' lang='grc' dir='ltr'>σωτηρίαν.</span> <span class='ocrx_word' id='word_1_743' title='bbox 2272 2666 2500 2737; x_wconf 86' lang='grc' dir='ltr'>Ἰδωμεν</span> <span class='ocrx_word' id='word_1_744' title='bbox 2525 2662 2617 2718; x_wconf 86' lang='grc' dir='ltr'>οῦν</span> <span class='ocrx_word' id='word_1_745' title='bbox 2644 2664 2762 2727; x_wconf 87' lang='grc' dir='ltr'>πῶς</span> <span class='ocrx_word' id='word_1_746' title='bbox 2790 2664 3064 2734; x_wconf 88' lang='grc' dir='ltr'>ἐπεχείρει</span> <span class='ocrx_word' id='word_1_747' title='bbox 3096 2664 3283 2716; x_wconf 86' lang='grc' dir='ltr'>τοῦτον</span> <span class='ocrx_word' id='word_1_748' title='bbox 3309 2667 3337 2716; x_wconf 91' lang='lat'>6</span> <span class='ocrx_word' id='word_1_749' title='bbox 3359 2664 3536 2735; x_wconf 77' lang='grc' dir='ltr'>ἱερεὺς</span> 
     </span>
    </p>
   </div>
   <div class='ocr_carea' id='block_1_96' title="bbox 1949 2740 3529 2820">
    <p class='ocr_par' dir='ltr' id='par_1_96' title="bbox 1949 2740 3529 2820">
     <span class='ocr_line' id='line_1_96' title="bbox 1949 2740 3529 2820; baseline -0.002 -19"><span class='ocrx_word' id='word_1_750' title='bbox 1949 2748 2347 2820; x_wconf 87' lang='grc' dir='ltr'>διορθώσασθαι</span> <span class='ocrx_word' id='word_1_751' title='bbox 2397 2748 2538 2801; x_wconf 87' lang='grc' dir='ltr'>τότε.</span> <span class='ocrx_word' id='word_1_752' title='bbox 2577 2747 2691 2801; x_wconf 90' lang='grc' dir='ltr'>Οὐκ</span> <span class='ocrx_word' id='word_1_753' title='bbox 2724 2742 2897 2811; x_wconf 75' lang='grc' dir='ltr'>εἷπεν,</span> <span class='ocrx_word' id='word_1_754' title='bbox 2948 2740 2993 2799; x_wconf 81' lang='grc' dir='ltr'>ὧ</span> <span class='ocrx_word' id='word_1_755' title='bbox 3025 2746 3189 2818; x_wconf 88' lang='grc' dir='ltr'>μιαρέ</span> <span class='ocrx_word' id='word_1_756' title='bbox 3237 2747 3332 2800; x_wconf 75' lang='grc' dir='ltr'>καὶ</span> <span class='ocrx_word' id='word_1_757' title='bbox 3385 2764 3529 2817; x_wconf 66' lang='grc' dir='ltr'>παμα</span> 
     </span>
    </p>
   </div>
   <div class='ocr_carea' id='block_1_97' title="bbox 1954 2829 3541 2902">
    <p class='ocr_par' dir='ltr' id='par_1_97' title="bbox 1954 2829 3541 2902">
     <span class='ocr_line' id='line_1_97' title="bbox 1954 2829 3541 2902; baseline -0.002 -19"><span class='ocrx_word' id='word_1_758' title='bbox 1954 2832 2137 2902; x_wconf 87' lang='grc' dir='ltr'>μίαρε,</span> <span class='ocrx_word' id='word_1_759' title='bbox 2174 2831 2354 2884; x_wconf 87' lang='grc' dir='ltr'>πάντα</span> <span class='ocrx_word' id='word_1_760' title='bbox 2397 2830 2700 2901; x_wconf 78' lang='grc' dir='ltr'>ἀνέτρεψας</span> <span class='ocrx_word' id='word_1_761' title='bbox 2742 2830 2836 2882; x_wconf 79' lang='grc' dir='ltr'>καί</span> <span class='ocrx_word' id='word_1_762' title='bbox 2877 2829 3155 2902; x_wconf 89' lang='grc' dir='ltr'>συνέχεας,</span> <span class='ocrx_word' id='word_1_763' title='bbox 3198 2830 3277 2892; x_wconf 83' lang='grc' dir='ltr'>εἰς</span> <span class='ocrx_word' id='word_1_764' title='bbox 3312 2829 3541 2899; x_wconf 75' lang='grc' dir='ltr'>ἔσχατον</span> 
     </span>
    </p>
   </div>
   <div class='ocr_carea' id='block_1_98' title="bbox 1949 2911 3539 2984">
    <p class='ocr_par' dir='ltr' id='par_1_98' title="bbox 1949 2911 3539 2984">
     <span class='ocr_line' id='line_1_98' title="bbox 1949 2911 3539 2984; baseline -0.001 -17"><span class='ocrx_word' id='word_1_765' title='bbox 1949 2914 2203 2978; x_wconf 90' lang='grc' dir='ltr'>ἀσεϐείας</span> <span class='ocrx_word' id='word_1_766' title='bbox 2233 2911 2590 2984; x_wconf 81' lang='grc' dir='ltr'>ἐξεπήδησας,</span> <span class='ocrx_word' id='word_1_767' title='bbox 2620 2913 2741 2966; x_wconf 89' lang='lat'>0666</span> <span class='ocrx_word' id='word_1_768' title='bbox 2774 2915 3019 2983; x_wconf 82' lang='grc' dir='ltr'>μακροὺς</span> <span class='ocrx_word' id='word_1_769' title='bbox 3048 2913 3279 2977; x_wconf 87' lang='grc' dir='ltr'>ἐξέτεινε</span> <span class='ocrx_word' id='word_1_770' title='bbox 3302 2930 3539 2983; x_wconf 82' lang='grc' dir='ltr'>κατηγο-</span> 
     </span>
    </p>
   </div>
   <div class='ocr_carea' id='block_1_99' title="bbox 1953 2995 3542 3067">
    <p class='ocr_par' dir='ltr' id='par_1_99' title="bbox 1953 2995 3542 3067">
     <span class='ocr_line' id='line_1_99' title="bbox 1953 2995 3542 3067; baseline -0.001 -18"><span class='ocrx_word' id='word_1_771' title='bbox 1953 2997 2076 3067; x_wconf 86' lang='grc' dir='ltr'>ρίας</span> <span class='ocrx_word' id='word_1_772' title='bbox 2103 2996 2318 3065; x_wconf 85' lang='grc' dir='ltr'>λόγους·</span> <span class='ocrx_word' id='word_1_773' title='bbox 2364 2997 2477 3049; x_wconf 86' lang='grc' dir='ltr'>ἀλλ’</span> <span class='ocrx_word' id='word_1_774' title='bbox 2528 2996 2717 3067; x_wconf 85' lang='grc' dir='ltr'>ὥσπερ</span> <span class='ocrx_word' id='word_1_775' title='bbox 2749 2997 2799 3048; x_wconf 91' lang='grc' dir='ltr'>οἰ</span> <span class='ocrx_word' id='word_1_776' title='bbox 2828 2997 3137 3065; x_wconf 88' lang='grc' dir='ltr'>τέμνοντες,</span> <span class='ocrx_word' id='word_1_777' title='bbox 3173 2995 3330 3050; x_wconf 88' lang='grc' dir='ltr'>τοῦτο</span> <span class='ocrx_word' id='word_1_778' title='bbox 3364 2999 3542 3049; x_wconf 88' lang='grc' dir='ltr'>ποιεῖν</span> 
     </span>
    </p>
   </div>
   <div class='ocr_carea' id='block_1_100' title="bbox 1954 3078 3544 3151">
    <p class='ocr_par' dir='ltr' id='par_1_100' title="bbox 1954 3078 3544 3151">
     <span class='ocr_line' id='line_1_100' title="bbox 1954 3078 3544 3151; baseline -0.001 -20"><span class='ocrx_word' id='word_1_779' title='bbox 1954 3081 2233 3151; x_wconf 88' lang='grc' dir='ltr'>συντόμως</span> <span class='ocrx_word' id='word_1_780' title='bbox 2265 3078 2643 3143; x_wconf 77' lang='grc' dir='ltr'>σπουδάζουσι,</span> <span class='ocrx_word' id='word_1_781' title='bbox 2672 3079 2751 3148; x_wconf 90' lang='grc' dir='ltr'>τῷ</span> <span class='ocrx_word' id='word_1_782' title='bbox 2779 3078 2934 3148; x_wconf 89' lang='grc' dir='ltr'>τάχει</span> <span class='ocrx_word' id='word_1_783' title='bbox 2965 3079 3063 3149; x_wconf 87' lang='grc' dir='ltr'>τῆς</span> <span class='ocrx_word' id='word_1_784' title='bbox 3088 3079 3261 3149; x_wconf 85' lang='grc' dir='ltr'>τομῆς</span> <span class='ocrx_word' id='word_1_785' title='bbox 3283 3079 3544 3132; x_wconf 82' lang='grc' dir='ltr'>κλέπτον-</span> 
     </span>
    </p>
   </div>
   <div class='ocr_carea' id='block_1_101' title="bbox 1952 3157 3545 3234">
    <p class='ocr_par' dir='ltr' id='par_1_101' title="bbox 1952 3157 3545 3234">
     <span class='ocr_line' id='line_1_101' title="bbox 1952 3157 3545 3234; baseline -0.001 -18"><span class='ocrx_word' id='word_1_786' title='bbox 1952 3182 2044 3227; x_wconf 89' lang='grc' dir='ltr'>τες</span> <span class='ocrx_word' id='word_1_787' title='bbox 2070 3165 2171 3233; x_wconf 89' lang='grc' dir='ltr'>τῆς</span> <span class='ocrx_word' id='word_1_788' title='bbox 2192 3164 2381 3234; x_wconf 83' lang='grc' dir='ltr'>ὀδύνης</span> <span class='ocrx_word' id='word_1_789' title='bbox 2413 3165 2512 3234; x_wconf 81' lang='grc' dir='ltr'>τὴν</span> <span class='ocrx_word' id='word_1_790' title='bbox 2539 3162 2790 3233; x_wconf 75' lang='grc' dir='ltr'>αἴσθησιν</span> <span class='ocrx_word' id='word_1_791' title='bbox 2816 3180 2828 3191; x_wconf 89' lang='grc'><strong>·</strong></span> <span class='ocrx_word' id='word_1_792' title='bbox 2852 3162 2997 3215; x_wconf 80' lang='grc' dir='ltr'>οὕτω</span> <span class='ocrx_word' id='word_1_793' title='bbox 3022 3163 3117 3215; x_wconf 75' lang='grc' dir='ltr'>καὶ</span> <span class='ocrx_word' id='word_1_794' title='bbox 3138 3157 3290 3224; x_wconf 81' lang='grc' dir='ltr'>οὗτος</span> <span class='ocrx_word' id='word_1_795' title='bbox 3317 3165 3383 3233; x_wconf 83' lang='grc' dir='ltr'>τῇ</span> <span class='ocrx_word' id='word_1_796' title='bbox 3410 3163 3545 3233; x_wconf 85' lang='grc' dir='ltr'>βρα-</span> 
     </span>
    </p>
   </div>
   <div class='ocr_carea' id='block_1_102' title="bbox 1953 3244 3545 3317">
    <p class='ocr_par' dir='ltr' id='par_1_102' title="bbox 1953 3244 3545 3317">
     <span class='ocr_line' id='line_1_102' title="bbox 1953 3244 3545 3317; baseline -0.001 -19"><span class='ocrx_word' id='word_1_797' title='bbox 1953 3246 2177 3317; x_wconf 78' lang='grc' dir='ltr'>χυλογίᾳ</span> <span class='ocrx_word' id='word_1_798' title='bbox 2219 3247 2317 3314; x_wconf 88' lang='grc' dir='ltr'>τῆς</span> <span class='ocrx_word' id='word_1_799' title='bbox 2354 3246 2688 3317; x_wconf 88' lang='grc' dir='ltr'>θρασύτητος</span> <span class='ocrx_word' id='word_1_800' title='bbox 2734 3244 2829 3298; x_wconf 89' lang='grc' dir='ltr'>τοῦ</span> <span class='ocrx_word' id='word_1_801' title='bbox 2885 3244 3146 3314; x_wconf 86' lang='grc' dir='ltr'>βασιλέως</span> <span class='ocrx_word' id='word_1_802' title='bbox 3174 3246 3273 3313; x_wconf 73' lang='grc' dir='ltr'>τὴν</span> <span class='ocrx_word' id='word_1_803' title='bbox 3306 3245 3545 3313; x_wconf 88' lang='grc' dir='ltr'>φλεγμο-</span> 
     </span>
    </p>
   </div>
   <div class='ocr_carea' id='block_1_103' title="bbox 1954 3327 3543 3399">
    <p class='ocr_par' dir='ltr' id='par_1_103' title="bbox 1954 3327 3543 3399">
     <span class='ocr_line' id='line_1_103' title="bbox 1954 3327 3543 3399; baseline -0.001 -19"><span class='ocrx_word' id='word_1_804' title='bbox 1954 3328 2049 3399; x_wconf 85' lang='grc' dir='ltr'>νὴν</span> <span class='ocrx_word' id='word_1_805' title='bbox 2078 3328 2323 3397; x_wconf 75' lang='grc' dir='ltr'>ἔστησεν.</span> <span class='ocrx_word' id='word_1_806' title='bbox 2356 3329 2533 3397; x_wconf 89' lang='grc' dir='ltr'>Ὅπερ</span> <span class='ocrx_word' id='word_1_807' title='bbox 2562 3329 2670 3398; x_wconf 85' lang='grc' dir='ltr'>γὰρ</span> <span class='ocrx_word' id='word_1_808' title='bbox 2708 3327 2800 3379; x_wconf 78' lang='grc' dir='ltr'>ἐπὶ</span> <span class='ocrx_word' id='word_1_809' title='bbox 2827 3328 2935 3379; x_wconf 90' lang='grc' dir='ltr'>τῶν</span> <span class='ocrx_word' id='word_1_810' title='bbox 2974 3328 3289 3397; x_wconf 86' lang='grc' dir='ltr'>καμνόντων</span> <span class='ocrx_word' id='word_1_811' title='bbox 3315 3330 3341 3365; x_wconf 72' lang='lat' dir='ltr'><strong>h</strong></span> <span class='ocrx_word' id='word_1_812' title='bbox 3376 3328 3543 3396; x_wconf 77' lang='grc' dir='ltr'>τομὴ,</span> 
     </span>
    </p>
   </div>
   <div class='ocr_carea' id='block_1_104' title="bbox 1955 3417 3547 3489">
    <p class='ocr_par' dir='ltr' id='par_1_104' title="bbox 1955 3417 3547 3489">
     <span class='ocr_line' id='line_1_104' title="bbox 1955 3417 3547 3489; baseline -0.001 -18"><span class='ocrx_word' id='word_1_813' title='bbox 1955 3419 2110 3472; x_wconf 90' lang='grc' dir='ltr'>τοῦτο</span> <span class='ocrx_word' id='word_1_814' title='bbox 2140 3420 2233 3471; x_wconf 77' lang='grc' dir='ltr'>ἐπὶ</span> <span class='ocrx_word' id='word_1_815' title='bbox 2265 3418 2372 3471; x_wconf 88' lang='grc' dir='ltr'>τῶν</span> <span class='ocrx_word' id='word_1_816' title='bbox 2410 3418 2833 3489; x_wconf 82' lang='grc' dir='ltr'>ἁμαρτανόντων</span> <span class='ocrx_word' id='word_1_817' title='bbox 2872 3419 3112 3489; x_wconf 81' lang='grc' dir='ltr'>ἐλεγχος.</span> <span class='ocrx_word' id='word_1_818' title='bbox 3149 3418 3258 3470; x_wconf 68' lang='grc' dir='ltr'>Καὶ</span> <span class='ocrx_word' id='word_1_819' title='bbox 3289 3417 3387 3488; x_wconf 84' lang='grc' dir='ltr'>τὴν</span> <span class='ocrx_word' id='word_1_820' title='bbox 3438 3417 3547 3488; x_wconf 80' lang='grc' dir='ltr'>μὲν</span> 
     </span>
    </p>
   </div>
   <div class='ocr_carea' id='block_1_105' title="bbox 1956 3500 3548 3571">
    <p class='ocr_par' dir='ltr' id='par_1_105' title="bbox 1956 3500 3548 3571">
     <span class='ocr_line' id='line_1_105' title="bbox 1956 3500 3548 3571; baseline -0.002 -17"><span class='ocrx_word' id='word_1_821' title='bbox 1956 3502 2253 3554; x_wconf 88' lang='grc' dir='ltr'>ἐπιείκειαν</span> <span class='ocrx_word' id='word_1_822' title='bbox 2290 3500 2426 3571; x_wconf 89' lang='grc' dir='ltr'>μετά</span> <span class='ocrx_word' id='word_1_823' title='bbox 2453 3502 2562 3553; x_wconf 89' lang='grc' dir='ltr'>τῶν</span> <span class='ocrx_word' id='word_1_824' title='bbox 2590 3501 2764 3555; x_wconf 83' lang='grc' dir='ltr'>ἄλλων</span> <span class='ocrx_word' id='word_1_825' title='bbox 2799 3502 2894 3555; x_wconf 62' lang='grc' dir='ltr'>λι).</span> <span class='ocrx_word' id='word_1_826' title='bbox 2919 3502 3005 3554; x_wconf 89' lang='grc' dir='ltr'>διά</span> <span class='ocrx_word' id='word_1_827' title='bbox 3035 3501 3135 3570; x_wconf 89' lang='grc' dir='ltr'>τῆς</span> <span class='ocrx_word' id='word_1_828' title='bbox 3182 3500 3548 3571; x_wconf 75' lang='grc' dir='ltr'>βραχυλογίας</span> 
     </span>
    </p>
   </div>
   <div class='ocr_carea' id='block_1_106' title="bbox 1956 3583 3549 3655">
    <p class='ocr_par' dir='ltr' id='par_1_106' title="bbox 1956 3583 3549 3655">
     <span class='ocr_line' id='line_1_106' title="bbox 1956 3583 3549 3655; baseline -0.002 -18"><span class='ocrx_word' id='word_1_829' title='bbox 1956 3587 2088 3655; x_wconf 75' lang='grc' dir='ltr'>ἡμῖν</span> <span class='ocrx_word' id='word_1_830' title='bbox 2128 3584 2513 3637; x_wconf 84' lang='grc' dir='ltr'>ἐπιδείκνυται.</span> <span class='ocrx_word' id='word_1_831' title='bbox 2556 3586 2618 3637; x_wconf 86' lang='grc' dir='ltr'>Εἰ</span> <span class='ocrx_word' id='word_1_832' title='bbox 2660 3584 2715 3637; x_wconf 70' lang='grc' dir='ltr'>δὲ</span> <span class='ocrx_word' id='word_1_833' title='bbox 2765 3584 2941 3653; x_wconf 84' lang='grc' dir='ltr'>βούλει</span> <span class='ocrx_word' id='word_1_834' title='bbox 2984 3585 3078 3637; x_wconf 79' lang='grc' dir='ltr'>καὶ</span> <span class='ocrx_word' id='word_1_835' title='bbox 3115 3584 3207 3635; x_wconf 83' lang='grc' dir='ltr'>τὸν</span> <span class='ocrx_word' id='word_1_836' title='bbox 3241 3585 3406 3653; x_wconf 89' lang='grc' dir='ltr'>τόμον</span> <span class='ocrx_word' id='word_1_837' title='bbox 3437 3583 3549 3635; x_wconf 88' lang='grc' dir='ltr'>τῶν</span> 
     </span>
    </p>
   </div>
   <div class='ocr_carea' id='block_1_107' title="bbox 1959 3665 3547 3737">
    <p class='ocr_par' dir='ltr' id='par_1_107' title="bbox 1959 3665 3547 3737">
     <span class='ocr_line' id='line_1_107' title="bbox 1959 3665 3547 3737; baseline 0 -18"><span class='ocrx_word' id='word_1_838' title='bbox 1959 3668 2218 3737; x_wconf 79' lang='grc' dir='ltr'>ῥημάτων</span> <span class='ocrx_word' id='word_1_839' title='bbox 2244 3668 2389 3727; x_wconf 89' lang='grc' dir='ltr'>ἰδεῖν,</span> <span class='ocrx_word' id='word_1_840' title='bbox 2421 3669 2513 3719; x_wconf 73' lang='grc' dir='ltr'>καὶ</span> <span class='ocrx_word' id='word_1_841' title='bbox 2535 3666 2636 3719; x_wconf 85' lang='grc' dir='ltr'>ποῦ</span> <span class='ocrx_word' id='word_1_842' title='bbox 2657 3665 2719 3719; x_wconf 86' lang='lat'>16</span> <span class='ocrx_word' id='word_1_843' title='bbox 2737 3667 2975 3737; x_wconf 85' lang='grc' dir='ltr'>σιδήριον</span> <span class='ocrx_word' id='word_1_844' title='bbox 3002 3665 3261 3736; x_wconf 82' lang='grc' dir='ltr'>ἔκρυψεν,</span> <span class='ocrx_word' id='word_1_845' title='bbox 3289 3668 3547 3719; x_wconf 79' lang='grc' dir='ltr'>ἄκουσον.</span> 
     </span>
    </p>
   </div>
   <div class='ocr_carea' id='block_1_108' title="bbox 1952 3746 3550 3820">
    <p class='ocr_par' dir='ltr' id='par_1_108' title="bbox 1952 3746 3550 3820">
     <span class='ocr_line' id='line_1_108' title="bbox 1952 3746 3550 3820; baseline -0.001 -19"><span class='ocrx_word' id='word_1_846' title='bbox 1952 3752 2073 3802; x_wconf 82' lang='grc' dir='ltr'>Οὐκ</span> <span class='ocrx_word' id='word_1_847' title='bbox 2098 3748 2301 3813; x_wconf 75' lang='grc' dir='ltr'>ἔξεστί</span> <span class='ocrx_word' id='word_1_848' title='bbox 2321 3762 2444 3815; x_wconf 89' lang='grc' dir='ltr'>σοι,</span> <span class='ocrx_word' id='word_1_849' title='bbox 2473 3751 2626 3820; x_wconf 82' lang='grc' dir='ltr'>φησὶ,</span> <span class='ocrx_word' id='word_1_850' title='bbox 2643 3748 2927 3817; x_wconf 84' lang='grc' dir='ltr'>θυμιᾶσαι</span> <span class='ocrx_word' id='word_1_851' title='bbox 2949 3748 3169 3816; x_wconf 80' lang='grc' dir='ltr'>Κυρίῳ,</span> <span class='ocrx_word' id='word_1_852' title='bbox 3197 3750 3338 3802; x_wconf 72' lang='grc' dir='ltr'><em>ἀλλ’</em></span> <span class='ocrx_word' id='word_1_853' title='bbox 3364 3746 3404 3816; x_wconf 76' lang='grc' dir='ltr'><strong>ἢ</strong></span> <span class='ocrx_word' id='word_1_854' title='bbox 3424 3747 3550 3813; x_wconf 84' lang='grc' dir='ltr'>τοῖς</span> 
     </span>
    </p>
   </div>
   <div class='ocr_carea' id='block_1_109' title="bbox 1952 3832 3551 3902">
    <p class='ocr_par' dir='ltr' id='par_1_109' title="bbox 1952 3832 3551 3902">
     <span class='ocr_line' id='line_1_109' title="bbox 1952 3832 3551 3902; baseline -0.001 -17"><span class='ocrx_word' id='word_1_855' title='bbox 1952 3832 2200 3902; x_wconf 78' lang='grc' dir='ltr'>ἱερεῦσι,</span> <span class='ocrx_word' id='word_1_856' title='bbox 2227 3832 2350 3897; x_wconf 85' lang='grc' dir='ltr'>τοῖς</span> <span class='ocrx_word' id='word_1_857' title='bbox 2379 3833 2532 3899; x_wconf 80' lang='grc' dir='ltr'>υἱοῖς</span> <span class='ocrx_word' id='word_1_858' title='bbox 2573 3834 2809 3901; x_wconf 85' lang='grc' dir='ltr'>Ἀαρὼν,</span> <span class='ocrx_word' id='word_1_859' title='bbox 2839 3832 2964 3899; x_wconf 85' lang='grc' dir='ltr'>τοῖς</span> <span class='ocrx_word' id='word_1_860' title='bbox 2985 3832 3394 3901; x_wconf 76' lang='grc' dir='ltr'>ἡγιασμένοις.</span> <span class='ocrx_word' id='word_1_861' title='bbox 3436 3832 3551 3883; x_wconf 82' lang='grc' dir='ltr'>Ἐν-</span> 
     </span>
    </p>
   </div>
   <div class='ocr_carea' id='block_1_110' title="bbox 1958 3915 3551 3988">
    <p class='ocr_par' dir='ltr' id='par_1_110' title="bbox 1958 3915 3551 3988">
     <span class='ocr_line' id='line_1_110' title="bbox 1958 3915 3551 3988; baseline -0.002 -20"><span class='ocrx_word' id='word_1_862' title='bbox 1958 3915 2132 3969; x_wconf 89' lang='grc' dir='ltr'>ταῦθα</span> <span class='ocrx_word' id='word_1_863' title='bbox 2166 3916 2335 3969; x_wconf 76' lang='grc' dir='ltr'>ἔδωκε</span> <span class='ocrx_word' id='word_1_864' title='bbox 2354 3916 2453 3985; x_wconf 80' lang='grc' dir='ltr'>τὴν</span> <span class='ocrx_word' id='word_1_865' title='bbox 2476 3916 2711 3988; x_wconf 89' lang='grc' dir='ltr'>πληγήν.</span> <span class='ocrx_word' id='word_1_866' title='bbox 2747 3918 2857 3969; x_wconf 84' lang='grc' dir='ltr'>Καὶ</span> <span class='ocrx_word' id='word_1_867' title='bbox 2896 3917 3047 3980; x_wconf 83' lang='grc' dir='ltr'>πῶς;</span> <span class='ocrx_word' id='word_1_868' title='bbox 3073 3916 3184 3983; x_wconf 88' lang='grc' dir='ltr'>ἐγὼ</span> <span class='ocrx_word' id='word_1_869' title='bbox 3208 3916 3353 3983; x_wconf 84' lang='grc' dir='ltr'>λέγω</span> <span class='ocrx_word' id='word_1_870' title='bbox 3383 3918 3420 3968; x_wconf 81' lang='grc' dir='ltr'>ί.</span> <span class='ocrx_word' id='word_1_871' title='bbox 3451 3915 3551 3967; x_wconf 72' lang='grc' dir='ltr'>Διά</span> 
     </span>
    </p>
   </div>
   <div class='ocr_carea' id='block_1_111' title="bbox 1959 3997 3550 4069">
    <p class='ocr_par' dir='ltr' id='par_1_111' title="bbox 1959 3997 3550 4069">
     <span class='ocr_line' id='line_1_111' title="bbox 1959 3997 3550 4069; baseline -0.003 -16"><span class='ocrx_word' id='word_1_872' title='bbox 1959 4002 2012 4053; x_wconf 89' lang='grc' dir='ltr'>τί</span> <span class='ocrx_word' id='word_1_873' title='bbox 2044 4000 2152 4069; x_wconf 73' lang='grc' dir='ltr'>γάρ</span> <span class='ocrx_word' id='word_1_874' title='bbox 2177 4000 2276 4053; x_wconf 89' lang='grc' dir='ltr'>οὐκ</span> <span class='ocrx_word' id='word_1_875' title='bbox 2310 3997 2454 4063; x_wconf 80' lang='grc' dir='ltr'>εἰπε,</span> <span class='ocrx_word' id='word_1_876' title='bbox 2498 4000 2627 4062; x_wconf 84' lang='grc' dir='ltr'>Τοῖς</span> <span class='ocrx_word' id='word_1_877' title='bbox 2665 3999 2949 4067; x_wconf 79' lang='grc' dir='ltr'>ἱερεῦσιν,</span> <span class='ocrx_word' id='word_1_878' title='bbox 2972 3998 3180 4061; x_wconf 82' lang='grc' dir='ltr'>ἁπλῶς,</span> <span class='ocrx_word' id='word_1_879' title='bbox 3203 3999 3338 4050; x_wconf 82' lang='grc' dir='ltr'>ἀλλά</span> <span class='ocrx_word' id='word_1_880' title='bbox 3377 4015 3550 4069; x_wconf 88' lang='grc' dir='ltr'>προσ-</span> 
     </span>
    </p>
   </div>
   <div class='ocr_carea' id='block_1_112' title="bbox 1961 4080 3554 4154">
    <p class='ocr_par' dir='ltr' id='par_1_112' title="bbox 1961 4080 3554 4154">
     <span class='ocr_line' id='line_1_112' title="bbox 1961 4080 3554 4154; baseline -0.002 -17"><span class='ocrx_word' id='word_1_881' title='bbox 1961 4084 2125 4154; x_wconf 87' lang='grc' dir='ltr'>έθηκε</span> <span class='ocrx_word' id='word_1_882' title='bbox 2162 4085 2254 4136; x_wconf 76' lang='grc' dir='ltr'>τὸν</span> <span class='ocrx_word' id='word_1_883' title='bbox 2291 4081 2534 4153; x_wconf 82' lang='grc' dir='ltr'>Ἀαρών;</span> <span class='ocrx_word' id='word_1_884' title='bbox 2584 4083 2903 4153; x_wconf 83' lang='grc' dir='ltr'>Ἀρχιερεὺς</span> <span class='ocrx_word' id='word_1_885' title='bbox 2928 4082 3144 4147; x_wconf 86' lang='grc' dir='ltr'>ἐγένετο</span> <span class='ocrx_word' id='word_1_886' title='bbox 3172 4080 3408 4151; x_wconf 81' lang='grc' dir='ltr'>πρῶτος,</span> <span class='ocrx_word' id='word_1_887' title='bbox 3459 4082 3554 4134; x_wconf 75' lang='grc' dir='ltr'>καὶ</span> 
     </span>
    </p>
   </div>
   <div class='ocr_carea' id='block_1_113' title="bbox 1962 4162 3549 4236">
    <p class='ocr_par' dir='ltr' id='par_1_113' title="bbox 1962 4162 3549 4236">
     <span class='ocr_line' id='line_1_113' title="bbox 1962 4162 3549 4236; baseline -0.003 -15"><span class='ocrx_word' id='word_1_888' title='bbox 1962 4168 2230 4236; x_wconf 87' lang='grc' dir='ltr'>ἐτολμήθη</span> <span class='ocrx_word' id='word_1_889' title='bbox 2253 4166 2391 4220; x_wconf 73' lang='grc' dir='ltr'>κατὰ</span> <span class='ocrx_word' id='word_1_890' title='bbox 2411 4166 2538 4227; x_wconf 79' lang='grc' dir='ltr'>τοὺς</span> <span class='ocrx_word' id='word_1_891' title='bbox 2553 4166 2759 4218; x_wconf 89' lang='grc' dir='ltr'>ἐκείνου</span> <span class='ocrx_word' id='word_1_892' title='bbox 2782 4166 3005 4235; x_wconf 91' lang='grc' dir='ltr'>χρόνους</span> <span class='ocrx_word' id='word_1_893' title='bbox 3021 4162 3257 4217; x_wconf 79' lang='grc' dir='ltr'>τοιοῦτον</span> <span class='ocrx_word' id='word_1_894' title='bbox 3272 4164 3549 4234; x_wconf 88' lang='grc' dir='ltr'>τόλμημα.</span> 
     </span>
    </p>
   </div>
   <div class='ocr_carea' id='block_1_114' title="bbox 1962 4246 3551 4320">
    <p class='ocr_par' dir='ltr' id='par_1_114' title="bbox 1962 4246 3551 4320">
     <span class='ocr_line' id='line_1_114' title="bbox 1962 4246 3551 4320; baseline -0.003 -17"><span class='ocrx_word' id='word_1_895' title='bbox 1962 4250 2140 4303; x_wconf 87' lang='grc' dir='ltr'>Δαθάν</span> <span class='ocrx_word' id='word_1_896' title='bbox 2182 4250 2290 4320; x_wconf 91' lang='grc' dir='ltr'>γάρ</span> <span class='ocrx_word' id='word_1_897' title='bbox 2320 4250 2413 4301; x_wconf 71' lang='grc' dir='ltr'>καὶ</span> <span class='ocrx_word' id='word_1_898' title='bbox 2461 4249 2604 4319; x_wconf 85' lang='grc' dir='ltr'>Κορὲ</span> <span class='ocrx_word' id='word_1_899' title='bbox 2642 4249 2737 4301; x_wconf 74' lang='grc' dir='ltr'>καὶ</span> <span class='ocrx_word' id='word_1_900' title='bbox 2778 4246 3038 4317; x_wconf 81' lang='grc' dir='ltr'>Ἀϐειρὼν</span> <span class='ocrx_word' id='word_1_901' title='bbox 3081 4250 3379 4309; x_wconf 86' lang='grc' dir='ltr'>συστάντες</span> <span class='ocrx_word' id='word_1_902' title='bbox 3430 4246 3551 4299; x_wconf 78' lang='grc' dir='ltr'>κατ’</span> 
     </span>
    </p>
   </div>
   <div class='ocr_carea' id='block_1_115' title="bbox 1962 4329 3550 4401">
    <p class='ocr_par' dir='ltr' id='par_1_115' title="bbox 1962 4329 3550 4401">
     <span class='ocr_line' id='line_1_115' title="bbox 1962 4329 3550 4401; baseline -0.003 -17"><span class='ocrx_word' id='word_1_903' title='bbox 1962 4331 2122 4385; x_wconf 89' lang='grc' dir='ltr'>αὐτοῦ</span> <span class='ocrx_word' id='word_1_904' title='bbox 2161 4332 2299 4401; x_wconf 87' lang='grc' dir='ltr'>μετά</span> <span class='ocrx_word' id='word_1_905' title='bbox 2326 4332 2419 4383; x_wconf 79' lang='grc' dir='ltr'>καὶ</span> <span class='ocrx_word' id='word_1_906' title='bbox 2456 4330 2660 4401; x_wconf 80' lang='grc' dir='ltr'>ἐτέρων</span> <span class='ocrx_word' id='word_1_907' title='bbox 2712 4330 2876 4383; x_wconf 89' lang='grc' dir='ltr'>τινῶν</span> <span class='ocrx_word' id='word_1_908' title='bbox 2910 4330 3193 4383; x_wconf 84' lang='grc' dir='ltr'>ἐϐούλοντο</span> <span class='ocrx_word' id='word_1_909' title='bbox 3215 4329 3370 4381; x_wconf 77' lang='grc' dir='ltr'>αὐτοὶ</span> <span class='ocrx_word' id='word_1_910' title='bbox 3399 4330 3550 4399; x_wconf 87' lang='grc' dir='ltr'>ἱερα-</span> 
     </span>
    </p>
   </div>
   <div class='ocr_carea' id='block_1_116' title="bbox 1962 4411 3552 4483">
    <p class='ocr_par' dir='ltr' id='par_1_116' title="bbox 1962 4411 3552 4483">
     <span class='ocr_line' id='line_1_116' title="bbox 1962 4411 3552 4483; baseline -0.003 -17"><span class='ocrx_word' id='word_1_911' title='bbox 1962 4414 2167 4467; x_wconf 86' lang='grc' dir='ltr'>τεύειν·</span> <span class='ocrx_word' id='word_1_912' title='bbox 2196 4413 2334 4467; x_wconf 87' lang='grc' dir='ltr'>ἀλλὰ</span> <span class='ocrx_word' id='word_1_913' title='bbox 2366 4415 2494 4475; x_wconf 88' lang='lat'>106;</span> <span class='ocrx_word' id='word_1_914' title='bbox 2533 4412 2684 4483; x_wconf 83' lang='grc' dir='ltr'>μένή</span> <span class='ocrx_word' id='word_1_915' title='bbox 2717 4414 2785 4481; x_wconf 89' lang='grc' dir='ltr'>γῆ</span> <span class='ocrx_word' id='word_1_916' title='bbox 2823 4412 3088 4465; x_wconf 84' lang='grc' dir='ltr'>διαστᾶσα</span> <span class='ocrx_word' id='word_1_917' title='bbox 3142 4411 3390 4472; x_wconf 88' lang='grc' dir='ltr'>κατέπιε,</span> <span class='ocrx_word' id='word_1_918' title='bbox 3426 4412 3552 4472; x_wconf 81' lang='grc' dir='ltr'>τοὺς</span> 
     </span>
    </p>
   </div>
   <div class='ocr_carea' id='block_1_117' title="bbox 1963 4490 3553 4567">
    <p class='ocr_par' dir='ltr' id='par_1_117' title="bbox 1963 4490 3553 4567">
     <span class='ocr_line' id='line_1_117' title="bbox 1963 4490 3553 4567; baseline -0.004 -18"><span class='ocrx_word' id='word_1_919' title='bbox 1963 4496 2020 4549; x_wconf 87' lang='lat'>66</span> <span class='ocrx_word' id='word_1_920' title='bbox 2051 4496 2162 4567; x_wconf 90' lang='grc' dir='ltr'>πῦρ</span> <span class='ocrx_word' id='word_1_921' title='bbox 2214 4496 2418 4550; x_wconf 84' lang='grc' dir='ltr'>ἀνωθεν</span> <span class='ocrx_word' id='word_1_922' title='bbox 2465 4494 2786 4563; x_wconf 86' lang='grc' dir='ltr'>κατενεχθὲν</span> <span class='ocrx_word' id='word_1_923' title='bbox 2825 4492 3141 4561; x_wconf 85' lang='grc' dir='ltr'>κατέφλεξε.</span> <span class='ocrx_word' id='word_1_924' title='bbox 3188 4492 3404 4563; x_wconf 86' lang='grc' dir='ltr'>Ταύτης</span> <span class='ocrx_word' id='word_1_925' title='bbox 3459 4490 3553 4544; x_wconf 81' lang='grc' dir='ltr'>οῦν</span> 
     </span>
    </p>
   </div>
   <div class='ocr_carea' id='block_1_118' title="bbox 1964 4575 3553 4647">
    <p class='ocr_par' dir='ltr' id='par_1_118' title="bbox 1964 4575 3553 4647">
     <span class='ocr_line' id='line_1_118' title="bbox 1964 4575 3553 4647; baseline -0.003 -16"><span class='ocrx_word' id='word_1_926' title='bbox 1964 4578 2123 4631; x_wconf 84' lang='grc' dir='ltr'>αὐτὸν</span> <span class='ocrx_word' id='word_1_927' title='bbox 2145 4579 2242 4647; x_wconf 89' lang='grc' dir='ltr'>τῆς</span> <span class='ocrx_word' id='word_1_928' title='bbox 2274 4579 2511 4647; x_wconf 87' lang='grc' dir='ltr'>ἱστορίας</span> <span class='ocrx_word' id='word_1_929' title='bbox 2533 4576 2845 4646; x_wconf 83' lang='grc' dir='ltr'>ὑπομνῆσαι</span> <span class='ocrx_word' id='word_1_930' title='bbox 2884 4575 3222 4645; x_wconf 87' lang='grc' dir='ltr'>βουλόμενος,</span> <span class='ocrx_word' id='word_1_931' title='bbox 3251 4576 3553 4644; x_wconf 77' lang='grc' dir='ltr'>ἀνέμνησεν</span> 
     </span>
    </p>
   </div>
   <div class='ocr_carea' id='block_1_119' title="bbox 1966 4659 3552 4731">
    <p class='ocr_par' dir='ltr' id='par_1_119' title="bbox 1966 4659 3552 4731">
     <span class='ocr_line' id='line_1_119' title="bbox 1966 4659 3552 4731; baseline -0.004 -15"><span class='ocrx_word' id='word_1_932' title='bbox 1966 4664 2128 4717; x_wconf 76' lang='grc' dir='ltr'>αὑτὸν</span> <span class='ocrx_word' id='word_1_933' title='bbox 2152 4662 2244 4714; x_wconf 90' lang='grc' dir='ltr'>τοῦ</span> <span class='ocrx_word' id='word_1_934' title='bbox 2290 4662 2499 4731; x_wconf 83' lang='grc' dir='ltr'>’Δαρὼν</span> <span class='ocrx_word' id='word_1_935' title='bbox 2530 4660 2624 4713; x_wconf 92' lang='grc' dir='ltr'>τοῦ</span> <span class='ocrx_word' id='word_1_936' title='bbox 2654 4661 2773 4713; x_wconf 84' lang='grc' dir='ltr'>τότε</span> <span class='ocrx_word' id='word_1_937' title='bbox 2810 4659 3155 4729; x_wconf 87' lang='grc' dir='ltr'>ἀδικηθέντος</span> <span class='ocrx_word' id='word_1_938' title='bbox 3175 4700 3189 4721; x_wconf 87' lang='grc'>,</span> <span class='ocrx_word' id='word_1_939' title='bbox 3232 4659 3373 4711; x_wconf 82' lang='grc' dir='ltr'>ὥστε</span> <span class='ocrx_word' id='word_1_940' title='bbox 3418 4660 3552 4729; x_wconf 76' lang='grc' dir='ltr'>πρὸς</span> 
     </span>
    </p>
   </div>
   <div class='ocr_carea' id='block_1_120' title="bbox 1966 4744 3552 4817">
    <p class='ocr_par' dir='ltr' id='par_1_120' title="bbox 1966 4744 3552 4817">
     <span class='ocr_line' id='line_1_120' title="bbox 1966 4744 3552 4817; baseline -0.003 -18"><span class='ocrx_word' id='word_1_941' title='bbox 1966 4747 2062 4817; x_wconf 80' lang='grc' dir='ltr'>τὴν</span> <span class='ocrx_word' id='word_1_942' title='bbox 2082 4748 2187 4799; x_wconf 85' lang='grc' dir='ltr'>τῶν</span> <span class='ocrx_word' id='word_1_943' title='bbox 2206 4747 2543 4815; x_wconf 76' lang='grc' dir='ltr'>ἠδικηκότων</span> <span class='ocrx_word' id='word_1_944' title='bbox 2560 4762 2623 4797; x_wconf 91' lang='grc' dir='ltr'>συ</span> <span class='ocrx_word' id='word_1_945' title='bbox 2632 4745 2847 4816; x_wconf 86' lang='grc' dir='ltr'>μφοράν</span> <span class='ocrx_word' id='word_1_946' title='bbox 2864 4744 3230 4814; x_wconf 82' lang='grc' dir='ltr'>παραπέμψαι</span> <span class='ocrx_word' id='word_1_947' title='bbox 3249 4744 3348 4814; x_wconf 84' lang='grc' dir='ltr'>τὴν</span> <span class='ocrx_word' id='word_1_948' title='bbox 3363 4744 3552 4795; x_wconf 83' lang='grc' dir='ltr'>τούτου</span> 
     </span>
    </p>
   </div>
   <div class='ocr_carea' id='block_1_121' title="bbox 1967 4828 3553 4899">
    <p class='ocr_par' dir='ltr' id='par_1_121' title="bbox 1967 4828 3553 4899">
     <span class='ocr_line' id='line_1_121' title="bbox 1967 4828 3553 4899; baseline -0.003 -17"><span class='ocrx_word' id='word_1_949' title='bbox 1967 4831 2222 4884; x_wconf 87' lang='grc' dir='ltr'>διάνοιαν.</span> <span class='ocrx_word' id='word_1_950' title='bbox 2262 4829 2405 4899; x_wconf 84' lang='grc' dir='ltr'>Πλὴν</span> <span class='ocrx_word' id='word_1_951' title='bbox 2423 4830 2535 4882; x_wconf 84' lang='grc' dir='ltr'>ἀλλ’</span> <span class='ocrx_word' id='word_1_952' title='bbox 2564 4830 2715 4883; x_wconf 86' lang='grc' dir='ltr'>οὐδὲν</span> <span class='ocrx_word' id='word_1_953' title='bbox 2733 4830 2947 4897; x_wconf 86' lang='grc' dir='ltr'>ἐγένετο</span> <span class='ocrx_word' id='word_1_954' title='bbox 2963 4828 3123 4881; x_wconf 84' lang='grc' dir='ltr'>πλέον</span> <span class='ocrx_word' id='word_1_955' title='bbox 3142 4846 3156 4860; x_wconf 76' lang='grc' dir='ltr'><strong><em>ο</em></strong></span> <span class='ocrx_word' id='word_1_956' title='bbox 3180 4828 3295 4881; x_wconf 83' lang='grc' dir='ltr'>ἀλλ’</span> <span class='ocrx_word' id='word_1_957' title='bbox 3322 4828 3384 4880; x_wconf 90' lang='lat'>06</span> <span class='ocrx_word' id='word_1_958' title='bbox 3406 4844 3514 4896; x_wconf 87' lang='grc' dir='ltr'>παρ</span> <span class='ocrx_word' id='word_1_959' title='bbox 3527 4830 3553 4877; x_wconf 68' lang='grc' dir='ltr'>ἐι</span> 
     </span>
    </p>
   </div>
   <div class='ocr_carea' id='block_1_122' title="bbox 1967 4910 3550 4985">
    <p class='ocr_par' dir='ltr' id='par_1_122' title="bbox 1967 4910 3550 4985">
     <span class='ocr_line' id='line_1_122' title="bbox 1967 4910 3550 4985; baseline -0.003 -18"><span class='ocrx_word' id='word_1_960' title='bbox 1967 4914 2058 4967; x_wconf 83' lang='grc' dir='ltr'>τὸν</span> <span class='ocrx_word' id='word_1_961' title='bbox 2090 4915 2260 4983; x_wconf 85' lang='grc' dir='ltr'>ἱερέα,</span> <span class='ocrx_word' id='word_1_962' title='bbox 2300 4913 2437 4966; x_wconf 87' lang='grc' dir='ltr'>ἀλλά</span> <span class='ocrx_word' id='word_1_963' title='bbox 2464 4915 2613 4985; x_wconf 89' lang='grc' dir='ltr'>παρά</span> <span class='ocrx_word' id='word_1_964' title='bbox 2645 4915 2743 4982; x_wconf 83' lang='grc' dir='ltr'>τὴν</span> <span class='ocrx_word' id='word_1_965' title='bbox 2774 4914 2869 4966; x_wconf 89' lang='grc' dir='ltr'>τοῦ</span> <span class='ocrx_word' id='word_1_966' title='bbox 2913 4913 3176 4983; x_wconf 85' lang='grc' dir='ltr'>βασιλέως</span> <span class='ocrx_word' id='word_1_967' title='bbox 3216 4910 3550 4982; x_wconf 74' lang='grc' dir='ltr'>θρασύτητα.</span> 
     </span>
    </p>
   </div>
   <div class='ocr_carea' id='block_1_123' title="bbox 1968 4993 3552 5066">
    <p class='ocr_par' dir='ltr' id='par_1_123' title="bbox 1968 4993 3552 5066">
     <span class='ocr_line' id='line_1_123' title="bbox 1968 4993 3552 5066; baseline -0.003 -17"><span class='ocrx_word' id='word_1_968' title='bbox 1968 4999 2096 5049; x_wconf 89' lang='grc' dir='ltr'>Δέον</span> <span class='ocrx_word' id='word_1_969' title='bbox 2130 4996 2237 5065; x_wconf 81' lang='grc' dir='ltr'>γὰρ</span> <span class='ocrx_word' id='word_1_970' title='bbox 2267 4996 2552 5049; x_wconf 85' lang='grc' dir='ltr'>ἐπαινέσαι</span> <span class='ocrx_word' id='word_1_971' title='bbox 2580 4996 2671 5048; x_wconf 75' lang='grc' dir='ltr'>τὸν</span> <span class='ocrx_word' id='word_1_972' title='bbox 2712 4996 2885 5066; x_wconf 88' lang='grc' dir='ltr'>ἱερέα,</span> <span class='ocrx_word' id='word_1_973' title='bbox 2914 4995 3007 5047; x_wconf 75' lang='grc' dir='ltr'>καὶ</span> <span class='ocrx_word' id='word_1_974' title='bbox 3037 4997 3196 5064; x_wconf 84' lang='grc' dir='ltr'>χάριν</span> <span class='ocrx_word' id='word_1_975' title='bbox 3222 4993 3552 5063; x_wconf 77' lang='grc' dir='ltr'>ὁμολογῆσαι</span> 
     </span>
    </p>
   </div>
   <div class='ocr_carea' id='block_1_124' title="bbox 1970 5075 3554 5149">
    <p class='ocr_par' dir='ltr' id='par_1_124' title="bbox 1970 5075 3554 5149">
     <span class='ocr_line' id='line_1_124' title="bbox 1970 5075 3554 5149; baseline -0.002 -19"><span class='ocrx_word' id='word_1_976' title='bbox 1970 5079 2065 5147; x_wconf 85' lang='grc' dir='ltr'>τῆς</span> <span class='ocrx_word' id='word_1_977' title='bbox 2098 5078 2403 5149; x_wconf 89' lang='grc' dir='ltr'>συμϐουλῆς</span> <span class='ocrx_word' id='word_1_978' title='bbox 2424 5094 2440 5108; x_wconf 71' lang='grc' dir='ltr'><strong>ο</strong></span> <span class='ocrx_word' id='word_1_979' title='bbox 2482 5075 2539 5129; x_wconf 82' lang='grc' dir='ltr'><strong>Ὀ</strong></span> <span class='ocrx_word' id='word_1_980' title='bbox 2558 5076 2614 5130; x_wconf 86' lang='grc' dir='ltr'>δὲ</span> <span class='ocrx_word' id='word_1_981' title='bbox 2646 5078 2925 5148; x_wconf 87' lang='grc' dir='ltr'>ἐθυμώθη,</span> <span class='ocrx_word' id='word_1_982' title='bbox 2977 5077 3133 5146; x_wconf 80' lang='grc' dir='ltr'>φησὶ,</span> <span class='ocrx_word' id='word_1_983' title='bbox 3174 5077 3267 5128; x_wconf 78' lang='grc' dir='ltr'>καὶ</span> <span class='ocrx_word' id='word_1_984' title='bbox 3297 5075 3358 5128; x_wconf 88' lang='lat'>16</span> <span class='ocrx_word' id='word_1_985' title='bbox 3398 5076 3554 5136; x_wconf 77' lang='grc' dir='ltr'>ἕλκος</span> 
     </span>
    </p>
   </div>
   <div class='ocr_carea' id='block_1_125' title="bbox 1971 5158 3555 5232">
    <p class='ocr_par' dir='ltr' id='par_1_125' title="bbox 1971 5158 3555 5232">
     <span class='ocr_line' id='line_1_125' title="bbox 1971 5158 3555 5232; baseline 0 -19"><span class='ocrx_word' id='word_1_986' title='bbox 1971 5162 2265 5231; x_wconf 89' lang='grc' dir='ltr'>εἰργάσατο</span> <span class='ocrx_word' id='word_1_987' title='bbox 2320 5160 2717 5232; x_wconf 87' lang='grc' dir='ltr'>χαλεπώτερον.</span> <span class='ocrx_word' id='word_1_988' title='bbox 2776 5161 2849 5212; x_wconf 88' lang='grc' dir='ltr'>Οὐ</span> <span class='ocrx_word' id='word_1_989' title='bbox 2918 5159 3026 5228; x_wconf 91' lang='grc' dir='ltr'>γάρ</span> <span class='ocrx_word' id='word_1_990' title='bbox 3078 5158 3251 5221; x_wconf 77' lang='grc' dir='ltr'>οὕτως</span> <span class='ocrx_word' id='word_1_991' title='bbox 3310 5159 3555 5231; x_wconf 79' lang='grc' dir='ltr'>ἁμαρτία</span> 
     </span>
    </p>
   </div>
   <div class='ocr_carea' id='block_1_126' title="bbox 1972 5241 3555 5314">
    <p class='ocr_par' dir='ltr' id='par_1_126' title="bbox 1972 5241 3555 5314">
     <span class='ocr_line' id='line_1_126' title="bbox 1972 5241 3555 5314; baseline -0.001 -19"><span class='ocrx_word' id='word_1_992' title='bbox 1972 5243 2160 5307; x_wconf 75' lang='grc' dir='ltr'>κακὸν,</span> <span class='ocrx_word' id='word_1_993' title='bbox 2198 5243 2271 5307; x_wconf 81' lang='grc' dir='ltr'>ὡς</span> <span class='ocrx_word' id='word_1_994' title='bbox 2305 5246 2339 5314; x_wconf 82' lang='grc' dir='ltr'>ὴ</span> <span class='ocrx_word' id='word_1_995' title='bbox 2392 5243 2529 5313; x_wconf 84' lang='grc' dir='ltr'>μετὰ</span> <span class='ocrx_word' id='word_1_996' title='bbox 2577 5243 2675 5311; x_wconf 85' lang='grc' dir='ltr'>τὴν</span> <span class='ocrx_word' id='word_1_997' title='bbox 2700 5241 2976 5311; x_wconf 83' lang='grc' dir='ltr'>ἁμαρτίαν</span> <span class='ocrx_word' id='word_1_998' title='bbox 3007 5242 3359 5310; x_wconf 85' lang='grc' dir='ltr'>ἀναισχυντία</span> <span class='ocrx_word' id='word_1_999' title='bbox 3418 5243 3555 5293; x_wconf 81' lang='grc' dir='ltr'>Ἀλλ’</span> 
     </span>
    </p>
   </div>
   <div class='ocr_carea' id='block_1_127' title="bbox 2039 5432 3554 5499">
    <p class='ocr_par' dir='ltr' id='par_1_127' title="bbox 2039 5432 3554 5499">
     <span class='ocr_line' id='line_1_127' title="bbox 2039 5432 3554 5499; baseline -0.003 -13"><span class='ocrx_word' id='word_1_1000' title='bbox 2039 5441 2060 5467; x_wconf 74' lang='grc' dir='ltr'>ε</span> <span class='ocrx_word' id='word_1_1001' title='bbox 2098 5438 2313 5495; x_wconf 77' lang='lat' dir='ltr'>Quatuor</span> <span class='ocrx_word' id='word_1_1002' title='bbox 2334 5451 2449 5485; x_wconf 90' lang='lat' dir='ltr'>mss.</span> <span class='ocrx_word' id='word_1_1003' title='bbox 2474 5434 2614 5499; x_wconf 82' lang='grc' dir='ltr'>βαρύς</span> <span class='ocrx_word' id='word_1_1004' title='bbox 2638 5435 2757 5493; x_wconf 68' lang='lat'>£01.,</span> <span class='ocrx_word' id='word_1_1005' title='bbox 2784 5440 2833 5482; x_wconf 85' lang='lat' dir='ltr'>el</span> <span class='ocrx_word' id='word_1_1006' title='bbox 2856 5432 2975 5483; x_wconf 82' lang='lat' dir='ltr'><strong>infra</strong></span> <span class='ocrx_word' id='word_1_1007' title='bbox 2992 5432 3263 5495; x_wconf 78' lang='grc' dir='ltr'>ὐπ’ὅψεσιν.</span> <span class='ocrx_word' id='word_1_1008' title='bbox 3289 5433 3389 5482; x_wconf 82' lang='lat' dir='ltr'>Sed</span> <span class='ocrx_word' id='word_1_1009' title='bbox 3412 5446 3554 5489; x_wconf 80' lang='lat' dir='ltr'>unus.</span> 
     </span>
    </p>
   </div>
   <div class='ocr_carea' id='block_1_128' title="bbox 1974 5453 2805 5558">
    <p class='ocr_par' dir='ltr' id='par_1_128' title="bbox 1974 5453 2805 5558">
     <span class='ocr_line' id='line_1_128' title="bbox 2039 5453 2805 5544; baseline -0.007 -58"><span class='ocrx_word' id='word_1_1010' title='bbox 2039 5453 2060 5467; x_wconf 64' lang='grc' dir='ltr'>ε</span> <span class='ocrx_word' id='word_1_1011' title='bbox 2098 5453 2313 5495; x_wconf 63' lang='lat' dir='ltr'>quatuor</span> <span class='ocrx_word' id='word_1_1012' title='bbox 2334 5453 2449 5485; x_wconf 88' lang='lat' dir='ltr'>mss.</span> <span class='ocrx_word' id='word_1_1013' title='bbox 2474 5453 2614 5544; x_wconf 61' lang='grc' dir='ltr'>βαξυς</span> <span class='ocrx_word' id='word_1_1014' title='bbox 2638 5453 2757 5493; x_wconf 85' lang='grc' dir='ltr'>εστ.,</span> <span class='ocrx_word' id='word_1_1015' title='bbox 2784 5453 2805 5482; x_wconf 76' lang='lat' dir='ltr'>e</span> 
     </span>
     <span class='ocr_line' id='line_1_129' title="bbox 1974 5498 2805 5558; baseline -0.006 -10"><span class='ocrx_word' id='word_1_1016' title='bbox 1974 5501 2155 5548; x_wconf 77' lang='lat' dir='ltr'><strong>Saviliu</strong></span> <span class='ocrx_word' id='word_1_1017' title='bbox 2181 5506 2327 5552; x_wconf 65' lang='lat' dir='ltr'>teste.</span> <span class='ocrx_word' id='word_1_1018' title='bbox 2357 5499 2504 5546; x_wconf 71' lang='lat' dir='ltr'><strong>habet</strong></span> <span class='ocrx_word' id='word_1_1019' title='bbox 2551 5498 2600 5542; x_wconf 83' lang='grc' dir='ltr'>π’</span> <span class='ocrx_word' id='word_1_1020' title='bbox 2626 5498 2805 5558; x_wconf 81' lang='grc' dir='ltr'>ὄψεσιν.</span> 
     </span>
    </p>
   </div>
   <div class='ocr_carea' id='block_1_129' title="bbox 2043 5554 3555 5621">
    <p class='ocr_par' dir='ltr' id='par_1_129' title="bbox 2043 5554 3555 5621">
     <span class='ocr_line' id='line_1_130' title="bbox 2043 5554 3555 5621; baseline -0.006 -14"><span class='ocrx_word' id='word_1_1021' title='bbox 2043 5560 2059 5597; x_wconf 73' lang='grc' dir='ltr'>ί</span> <span class='ocrx_word' id='word_1_1022' title='bbox 2114 5560 2634 5621; x_wconf 81' lang='grc' dir='ltr'>Ἐναπεσφηνωμὲνους,</span> <span class='ocrx_word' id='word_1_1023' title='bbox 2667 5554 2760 5605; x_wconf 71' lang='grc' dir='ltr'>’γυχ</span> <span class='ocrx_word' id='word_1_1024' title='bbox 2784 5571 2893 5621; x_wconf 62' lang='grc' dir='ltr'>[ἐπεὶ</span> <span class='ocrx_word' id='word_1_1025' title='bbox 2917 5562 2969 5604; x_wconf 81' lang='lat' dir='ltr'>et</span> <span class='ocrx_word' id='word_1_1026' title='bbox 3006 5558 3270 5621; x_wconf 65' lang='lat' dir='ltr'>cpmposila</span> <span class='ocrx_word' id='word_1_1027' title='bbox 3300 5554 3555 5621; x_wconf 58' lang='lat' dir='ltr'>:_0;1r,v0&#39;m,</span> 
     </span>
    </p>
   </div>
   <div class='ocr_carea' id='block_1_130' title="bbox 1976 5614 3459 5684">
    <p class='ocr_par' dir='ltr' id='par_1_130' title="bbox 1976 5614 3459 5684">
     <span class='ocr_line' id='line_1_131' title="bbox 1976 5614 3459 5684; baseline -0.007 -14"><span class='ocrx_word' id='word_1_1028' title='bbox 1976 5620 2138 5684; x_wconf 65' lang='lat' dir='ltr'>fuligo,</span> <span class='ocrx_word' id='word_1_1029' title='bbox 2165 5614 2380 5684; x_wconf 41' lang='lat' dir='ltr'>incultu);</span> <span class='ocrx_word' id='word_1_1030' title='bbox 2404 5614 2513 5684; x_wconf 61' lang='lat' dir='ltr'><strong>hinc</strong></span> <span class='ocrx_word' id='word_1_1031' title='bbox 2534 5618 2915 5680; x_wconf 80' lang='grc' dir='ltr'>ἁποσφὴνοῦμαι,</span> <span class='ocrx_word' id='word_1_1032' title='bbox 2941 5626 2987 5665; x_wconf 79' lang='lat' dir='ltr'><strong>ei</strong></span> <span class='ocrx_word' id='word_1_1033' title='bbox 3028 5614 3459 5678; x_wconf 77' lang='grc' dir='ltr'>ἐναποσφηνοῦμαι.</span> 
     </span>
    </p>
   </div>
   <div class='ocr_carea' id='block_1_131' title="bbox 2041 5682 2595 5737">
    <p class='ocr_par' dir='ltr' id='par_1_131' title="bbox 2041 5682 2595 5737">
     <span class='ocr_line' id='line_1_132' title="bbox 2041 5682 2595 5737; baseline -0.009 -7"><span class='ocrx_word' id='word_1_1034' title='bbox 2041 5682 2079 5721; x_wconf 25' lang='grc' dir='ltr'>ἐγ</span> <span class='ocrx_word' id='word_1_1035' title='bbox 2100 5684 2239 5729; x_wconf 80' lang='lat' dir='ltr'><strong>Alius</strong></span> <span class='ocrx_word' id='word_1_1036' title='bbox 2262 5682 2595 5737; x_wconf 82' lang='grc' dir='ltr'>ἐπιστήσαντες</span> 
     </span>
    </p>
   </div>
   <div class='ocr_carea' id='block_1_132' title="bbox 2037 5736 3558 5812">
    <p class='ocr_par' dir='ltr' id='par_1_132' title="bbox 2037 5736 3558 5812">
     <span class='ocr_line' id='line_1_133' title="bbox 2037 5736 3558 5812; baseline -0.006 -22"><span class='ocrx_word' id='word_1_1037' title='bbox 2037 5744 2063 5781; x_wconf 76' lang='lat' dir='ltr'><strong>h</strong></span> <span class='ocrx_word' id='word_1_1038' title='bbox 2092 5736 2525 5812; x_wconf 49' lang='lat' dir='ltr'>Manusqipiufum</span> <span class='ocrx_word' id='word_1_1039' title='bbox 2566 5739 2647 5788; x_wconf 78' lang='lat' dir='ltr'><strong>alii</strong></span> <span class='ocrx_word' id='word_1_1040' title='bbox 2680 5741 2754 5787; x_wconf 79' lang='grc' dir='ltr'>ἐπὶ</span> <span class='ocrx_word' id='word_1_1041' title='bbox 2780 5742 2873 5812; x_wconf 66' lang='grc' dir='ltr'>τῶν</span> <span class='ocrx_word' id='word_1_1042' title='bbox 2914 5740 3209 5812; x_wconf 66' lang='grc' dir='ltr'>τραυμάτων,</span> <span class='ocrx_word' id='word_1_1043' title='bbox 3239 5736 3318 5784; x_wconf 78' lang='lat' dir='ltr'><strong>alii</strong></span> <span class='ocrx_word' id='word_1_1044' title='bbox 3355 5737 3558 5812; x_wconf 45' lang='grc' dir='ltr'>ἐπίὶτῷν</span> 
     </span>
    </p>
   </div>
   <div class='ocr_carea' id='block_1_133' title="bbox 1978 5798 3556 5867">
    <p class='ocr_par' dir='ltr' id='par_1_133' title="bbox 1978 5798 3556 5867">
     <span class='ocr_line' id='line_1_134' title="bbox 1978 5798 3556 5867; baseline -0.006 -14"><span class='ocrx_word' id='word_1_1045' title='bbox 1978 5806 2230 5867; x_wconf 76' lang='grc' dir='ltr'>σωμάτων.</span> <span class='ocrx_word' id='word_1_1046' title='bbox 2274 5798 2449 5851; x_wconf 82' lang='lat' dir='ltr'>Mélius</span> <span class='ocrx_word' id='word_1_1047' title='bbox 2483 5812 2652 5867; x_wconf 65' lang='lat' dir='ltr'>iamet)</span> <span class='ocrx_word' id='word_1_1048' title='bbox 2699 5809 2777 5847; x_wconf 70' lang='lat' dir='ltr'>est</span> <span class='ocrx_word' id='word_1_1049' title='bbox 2800 5802 2874 5867; x_wconf 80' lang='grc' dir='ltr'>ἐπὶ</span> <span class='ocrx_word' id='word_1_1050' title='bbox 2914 5798 3007 5867; x_wconf 73' lang='grc' dir='ltr'>τῶν</span> <span class='ocrx_word' id='word_1_1051' title='bbox 3036 5798 3328 5861; x_wconf 78' lang='grc' dir='ltr'>καμνόντων,</span> <span class='ocrx_word' id='word_1_1052' title='bbox 3354 5806 3407 5844; x_wconf 72' lang='grc' dir='ltr'>υ(</span> <span class='ocrx_word' id='word_1_1053' title='bbox 3434 5798 3556 5867; x_wconf 49' lang='lat' dir='ltr'><strong>legi!</strong></span> 
     </span>
    </p>
   </div>
   <div class='ocr_carea' id='block_1_134' title="bbox 1979 5859 3559 5924">
    <p class='ocr_par' dir='ltr' id='par_1_134' title="bbox 1979 5859 3559 5924">
     <span class='ocr_line' id='line_1_135' title="bbox 1979 5859 3559 5924; baseline -0.005 -9"><span class='ocrx_word' id='word_1_1054' title='bbox 1979 5859 2224 5922; x_wconf 67' lang='lat' dir='ltr'>Enismus,</span> <span class='ocrx_word' id='word_1_1055' title='bbox 2245 5878 2354 5924; x_wconf 67' lang='lat' dir='ltr'>quae</span> <span class='ocrx_word' id='word_1_1056' title='bbox 2379 5866 2525 5912; x_wconf 75' lang='lat' dir='ltr'><strong>lectio</strong></span> <span class='ocrx_word' id='word_1_1057' title='bbox 2544 5863 2695 5923; x_wconf 82' lang='lat' dir='ltr'>probe</span> <span class='ocrx_word' id='word_1_1058' title='bbox 2717 5864 2921 5922; x_wconf 69' lang='lat' dir='ltr'>quadrat</span> <span class='ocrx_word' id='word_1_1059' title='bbox 2945 5863 2999 5909; x_wconf 79' lang='lat' dir='ltr'>ad</span> <span class='ocrx_word' id='word_1_1060' title='bbox 3027 5859 3134 5907; x_wconf 64' lang='lat' dir='ltr'>mox</span> <span class='ocrx_word' id='word_1_1061' title='bbox 3164 5867 3456 5924; x_wconf 62' lang='lat' dir='ltr'>sequcntem</span> <span class='ocrx_word' id='word_1_1062' title='bbox 3481 5859 3559 5906; x_wconf 77' lang='grc' dir='ltr'>ἐπὶ</span> 
     </span>
    </p>
   </div>
   <div class='ocr_carea' id='block_1_135' title="bbox 1977 5922 3493 5987">
    <p class='ocr_par' dir='ltr' id='par_1_135' title="bbox 1977 5922 3493 5987">
     <span class='ocr_line' id='line_1_136' title="bbox 1977 5922 3493 5987; baseline -0.005 -12"><span class='ocrx_word' id='word_1_1063' title='bbox 1977 5930 2070 5975; x_wconf 85' lang='grc' dir='ltr'>τῶν</span> <span class='ocrx_word' id='word_1_1064' title='bbox 2092 5922 2469 5987; x_wconf 76' lang='grc' dir='ltr'>ἁμαρτανόντων.</span> <span class='ocrx_word' id='word_1_1065' title='bbox 2500 5922 2619 5971; x_wconf 75' lang='lat' dir='ltr'>Inl&#39;ra</span> <span class='ocrx_word' id='word_1_1066' title='bbox 2646 5924 2884 5987; x_wconf 70' lang='lat' dir='ltr'>unus_1106</span> <span class='ocrx_word' id='word_1_1067' title='bbox 2908 5925 2961 5968; x_wconf 75' lang='grc' dir='ltr'>τὸ</span> <span class='ocrx_word' id='word_1_1068' title='bbox 2997 5924 3203 5983; x_wconf 79' lang='grc' dir='ltr'>σιδήριον</span> <span class='ocrx_word' id='word_1_1069' title='bbox 3229 5922 3493 5980; x_wconf 75' lang='grc' dir='ltr'>ἐνέκρυψεν.</span> 
     </span>
    </p>
   </div>
   <div class='ocr_carea' id='block_1_136' title="bbox 2045 5985 2884 6047">
    <p class='ocr_par' dir='ltr' id='par_1_136' title="bbox 2045 5985 2884 6047">
     <span class='ocr_line' id='line_1_137' title="bbox 2045 5985 2884 6047; baseline -0.006 -12"><span class='ocrx_word' id='word_1_1070' title='bbox 2045 5988 2057 6024; x_wconf 80' lang='lat' dir='ltr'>i</span> <span class='ocrx_word' id='word_1_1071' title='bbox 2087 5985 2289 6035; x_wconf 74' lang='lat' dir='ltr'><strong>Maxima</strong></span> <span class='ocrx_word' id='word_1_1072' title='bbox 2310 6000 2419 6047; x_wconf 69' lang='lat' dir='ltr'>pars</span> <span class='ocrx_word' id='word_1_1073' title='bbox 2442 6000 2555 6034; x_wconf 88' lang='lat' dir='ltr'>mss.</span> <span class='ocrx_word' id='word_1_1074' title='bbox 2585 5987 2675 6045; x_wconf 76' lang='grc' dir='ltr'>ἐγὼ</span> <span class='ocrx_word' id='word_1_1075' title='bbox 2703 5985 2884 6046; x_wconf 77' lang='grc' dir='ltr'>φράσω.</span> 
     </span>
    </p>
   </div>
  </div>
