4048 6488
497 501 610 557 133

495 612 592 677 οὑχ
639 609 666 660 6
715 605 876 660 Δαυῒδ
906 603 1113 669 οὑτως·
1153 604 1287 659 ἀλλά
1331 603 1482 670 πῶς;
1517 603 1673 658 Μετά
1711 600 1810 671 τὴν
1845 597 1949 652 ὑπὸ
1975 593 2069 649 τοῦ

495 690 685 743 Ναθάν
711 688 1010 758 γενομένην
1053 687 1386 758 κατηγορίαν
1402 686 1516 756 οτὴν
1555 685 1648 738 ἐπὶ
1670 686 1736 753 τῇ
1768 677 2068 754 Βηρσαϐεέ,

506 771 848 841 Ἡμάρτηκα
876 770 1028 846 [155]
1048 769 1128 837 τῷ
1155 770 1368 838 Κυρίῳ,
1391 768 1576 838 φησίν.

547 905 619 961 γ’.
643 893 796 958 Εἶδες
812 891 1244 962 συτετριμμένην
1265 889 1525 960 καρδίαν;
1570 882 1708 949 εἶδες
1741 901 2073 939 τεταπεινω-

496 975 667 1046 μένην
693 976 872 1046 ψυχήν
895 992 910 1039 ;
945 969 1081 1038 εῖδες
1108 973 1224 1035 πῶς
1250 974 1342 1026 καὶ
1369 973 1437 1026 τὰ
1466 971 1734 1042 πτώματα
1767 971 1874 1023 τῶν
1904 969 2074 1037 ἁγίων

492 1055 752 1127 λαμπρά;
783 1056 1047 1126 Καθάπερ
1075 1055 1182 1126 γὰρ
1209 1055 1278 1108 τὰ
1316 1055 1542 1125 λαμπρά
1558 1054 1665 1107 τῶν
1689 1053 1955 1124 σωμάτων
1980 1051 2074 1105 καὶ

493 1141 588 1194 ἐπὶ
622 1141 721 1210 τῆς
749 1141 1058 1212 ἀρρωστίας
1089 1139 1258 1193 πολλά
1287 1141 1385 1210 τῆς
1409 1137 1710 1208 εὐμορφίας
1738 1137 1871 1206 ἡμῖν
1908 1134 2076 1189 ἐνδεί-

491 1239 683 1275 κνυται
705 1222 773 1274 τὰ
805 1223 924 1292 ἴχνη
945 1240 959 1254 ο
991 1222 1131 1276 οὕτω
1159 1223 1252 1277 καὶ
1279 1223 1389 1274 τῶν
1410 1222 1580 1290 ἁγίων
1608 1222 1664 1273 αἰ
1691 1219 1862 1290 ψυχαὶ
1897 1219 1989 1272 καὶ
2016 1220 2074 1272 ἐν

491 1305 676 1367 αὐτοῖς
728 1308 841 1367 τοῖς
885 1305 1293 1375 παραπτώμασι
1324 1315 1344 1335 ⁸
1377 1305 1480 1374 τῆς
1516 1304 1719 1366 οἰκείας
1767 1302 1966 1373 ἀρετῆς
2004 1299 2074 1353 τὰ

491 1387 737 1457 σύμϐολα
779 1388 1023 1458 φέρουσι.
1073 1389 1264 1442 Καίτοι
1310 1404 1376 1455 γε
1414 1389 1621 1449 ἐκεῖνος
1661 1386 1758 1455 μὲν
1795 1387 1853 1437 ἐν
1887 1384 2072 1455 μέσοις

487 1473 600 1532 τοῖς
659 1469 949 1538 βασιλείοις
1008 1473 1365 1540 κατηγορεῖτο
1403 1470 1556 1539 παρά
1605 1467 1698 1520 τοῦ
1749 1469 2069 1538 προφήτου,

490 1551 773 1622 παρόντων
804 1551 1013 1606 πολλῶν
1034 1571 1047 1583 ·
1073 1544 1227 1612 οὗτος
1251 1552 1306 1604 δὲ
1332 1551 1478 1605 ἔνδον
1504 1553 1562 1604 ἐν
1591 1553 1699 1615 τοῖς
1721 1550 1954 1615 ἀδύτοις,
1979 1551 2071 1602 καὶ¹

496 1635 815 1706 ἀμάρτυρον
846 1632 958 1706 εἶχε
993 1635 1084 1687 τὸν
1105 1635 1352 1705 ἔλεγχον·
1388 1635 1503 1688 ἀλλ’
1531 1635 1651 1686 οὐδὲ
1679 1633 1850 1699 οὕτως
1871 1636 2069 1706 ἤνεγκε

487 1720 585 1789 τὴν
619 1719 954 1787 ἐπιτίμησιν.
1001 1719 1064 1771 Τί
1108 1716 1234 1782 οὑν;
1280 1720 1497 1781 ἀνίατος
1517 1719 1745 1790 ἔμενεν;
1783 1719 2068 1790 Οὐδαμῶς,

486 1800 573 1854 διά
595 1801 692 1872 τὴν
719 1801 812 1854 τοῦ
843 1801 976 1854 Θεοῦ
1010 1801 1417 1874 φιλανθρωπίαν
1435 1819 1448 1832 °
1475 1800 1589 1855 ἀλλ’
1611 1801 1800 1872 ὥσπερ
1844 1803 1938 1855 ἐπὶ
1975 1801 2069 1855 τοῦ

489 1883 958 1954 σεληνιαζομένου,
1008 1885 1118 1938 τῶν
1163 1886 1414 1956 μαθητῶν
1462 1887 1562 1939 οὑκ
1614 1888 1942 1957 ἰσχυσάντων
1980 1888 2070 1940 τὸν

485 1965 713 2035 δαίμονα
740 1966 1010 2029 ἐκϐαλεῖν,
1031 1968 1058 2019 6
1075 1968 1306 2037 Χριστός
1337 1985 1494 2039 φησι,
1515 1967 1727 2035 Φέρετέ
1763 1986 1866 2037 μοι
1885 1969 2020 2023 αὐτέ
2033 1986 2072 2022 ν

483 2045 633 2104 ὧδε’
660 2049 806 2104 οὑτω
849 2051 944 2103 καὶ
983 2050 1236 2115 ἐνταῦθα,
1276 2051 1371 2104 τοῦ
1419 2052 1607 2125 ἱερέως
1641 2052 1716 2123 μὴ
1752 2052 2070 2123 δυνηθέντος

485 2133 685 2197 παντὸς
704 2133 957 2204 δαίμονος
977 2134 1355 2204 χαλεπώτερον
1389 2136 1619 2206 νόσημα,
1647 2135 1746 2206 τὴν
1796 2135 2070 2207 ἁμαρτίαν

484 2215 755 2281 ἐκϐαλεῖν,
791 2217 950 2278 αὑτὸς
971 2216 1154 2270 λοιπὸν
1177 2220 1204 2270 6
1229 2218 1359 2281 Θεὸς
1381 2219 1472 2272 τὸν
1505 2219 1782 2289 κάμνοντα
1813 2235 2070 2288 μεταχει-

487 2300 715 2371 ρίζεται.
757 2302 867 2353 Καὶ
887 2301 940 2354 τί
967 2303 1141 2365 ποιεῖ;
1173 2301 1398 2370 Λέπραν
1441 2301 1739 2372 ἐπαφίησιν
1784 2301 1948 2354 αὑτοῦ
1991 2301 2070 2372 τῷ

486 2383 744 2456 μετώπῳ.
795 2374 1228 2454 Ἐγένετο’γάρ,
1271 2385 1456 2454 φησὶν,
1505 2385 1575 2438 ὲν
1616 2383 1697 2450 τῷ
1742 2384 2069 2453 ἀπειλῆσαι

482 2470 671 2525 αὐτὸν
700 2469 780 2535 τῷ
802 2469 960 2538 ἱερεῖ,
980 2472 1175 2537 λέπρα
1198 2469 1505 2523 ἀνέτειλεν
1528 2469 1628 2523 ἐπὶ
1651 2469 1755 2524 τοῦ
1794 2469 2069 2538 μετώπου

482 2553 690 2617 αὐτοῦ,
713 2552 806 2605 καὶ
828 2552 975 2623 ἐξῄει
1004 2551 1214 2613 λοιπὸν,
1238 2551 1491 2622 καθάπερ
1517 2554 1564 2604 οἱ
1596 2552 1695 2621 τὴν
1721 2552 1814 2604 ἐπὶ
1844 2551 2070 2606 θάνατον

481 2636 842 2706 ἀπαγόμενοι,
876 2636 1136 2708 σπαρτίον
1162 2634 1254 2686 ἐπὶ
1295 2633 1389 2687 τοῦ
1419 2635 1683 2705 στόματος
1711 2635 1943 2705 ἔχοντες,
1972 2636 2070 2705 τῆς

484 2719 951 2790 καταδικαξούσης
1004 2718 1272 2789 σύμϐολον
1317 2718 1534 2789 ψήφου,
1585 2718 1726 2771 οὑτω
1775 2718 1869 2770 καὶ
1906 2717 2070 2782 αὐτὸς

482 2803 580 2872 τῆς
618 2804 844 2874 ἀτιμίας
882 2804 943 2856 τὸ
983 2802 1251 2873 σύμϐολον
1287 2805 1379 2855 ἐπὶ
1421 2802 1515 2854 τοῦ
1569 2800 1820 2872 μετώπου
1862 2801 2066 2872 φέρων,

480 2887 541 2940 οὑ
570 2887 780 2958 δημίων
823 2887 987 2940 αὑτὸν
1013 2887 1297 2951 ἑλκόντων,
1344 2886 1479 2939 ἀλλά
1512 2886 1680 2955 αὑτῆς
1717 2885 1816 2955 τῆς
1861 2884 2068 2955 λέπρας

478 2972 599 3026 ἀντὶ
631 2971 840 3041 δημίων
871 2971 964 3024 ἐπὶ
993 2971 1233 3042 κεφαλήν
1257 2971 1284 3010 δ
1311 2970 1579 3040 ώθούσης.
1611 2969 1874 3040 Εἰσῆλθεν
1914 2971 2070 3039 ἱερω-

482 3053 649 3122 σύνην
687 3053 906 3117 λαϐεῖν,
952 3056 981 3106 6
1022 3053 1079 3106 δὲ
1134 3055 1230 3106 καὶ
1278 3055 1378 3123 τὴν
1436 3053 1716 3123 βασιλείαν
1749 3051 2064 3105 ἀπώλεσεν·

480 3136 697 3207 εἰσῆλθε
717 3137 969 3206 γενέσθαι
987 3137 1330 3208 σεμνότερος,
1345 3137 1439 3190 καὶ
1455 3137 1676 3204 γέγονεν
1693 3135 1947 3203 ἐναγέστε
1955 3152 2065 3205 ρος.

481 3221 591 3273 Καὶ
619 3219 728 3292 γὰρ
755 3219 961 3273 ἰδιώτου
995 3219 1197 3282 παντὸς
1248 3219 1432 3272 λοιπὸν
1464 3217 1789 3290 ἀτιμότερος
1834 3214 1901 3289 ἦν
1933 3218 2070 3272 ἀκά-

481 3303 678 3374 θαρτος
709 3303 804 3358 ὥν.
838 3301 1102 3356 Τοσοῦτόν
1137 3303 1251 3356 ἐστι
1279 3302 1448 3356 κακὸν
1485 3301 1544 3355 τὸ
1583 3302 1656 3375 μὴ
1691 3302 1872 3372 μένειν
1922 3302 2068 3357 ἔνδον

480 3387 574 3438 ἐπὶ
601 3386 711 3440 τῶν
737 3386 999 3440 δοθέντων
1019 3386 1150 3456 ἡμῖν
1179 3386 1331 3456 παρά
1352 3385 1446 3439 τοῦ
1474 3385 1608 3438 Θεοῦ
1645 3386 1880 3458 μέτρων,
1909 3386 1976 3440 ἀν
2007 3403 2069 3439 τε

481 3469 574 3522 ἐπὶ
619 3471 804 3540 τιμῆς,
848 3469 915 3523 ἄν
954 3486 1016 3521 τε
1061 3470 1154 3522 ἐπὶ
1193 3469 1447 3537 γνώσεως
1478 3469 1637 3522 τοῦτο
1721 3481 1768 3524 ο.
1801 3471 1912 3540 Οὑχ
1939 3471 2069 3540 ὁρᾷς

480 3552 685 3623 ταύτην
706 3553 806 3623 τὴν
833 3552 1122 3615 θάλατταν,
1153 3553 1270 3615 πῶς
1298 3553 1414 3604 ἐστι
1440 3557 1560 3616 ταῖς
1595 3553 1738 3623 βίαις
1775 3553 2066 3623 ἀφόρητος,

481 3636 671 3699 πόσοις
702 3635 1032 3707 κορυφοῦται
1069 3638 1185 3699 τοῖς
1231 3635 1507 3706 κύμασιν;
1567 3635 1707 3689 Ἀλλ’
1740 3637 1890 3706 ὅμως
1932 3637 2070 3706 πρὸς

484 3717 616 3787 ὕψος
640 3718 1030 3790 διανισταμένη
1070 3719 1233 3790 μέγα,
1270 3719 1362 3772 καὶ
1413 3719 1551 3789 μετὰ
1584 3717 1778 3771 πολλοῦ
1809 3718 2072 3787 προϊοῦσα

481 3803 577 3855 τοῦ
623 3801 816 3872 θυμοῦ,
850 3802 1068 3855 ἐπειδὰν
1112 3801 1238 3873 ἔλθῃ
1289 3801 1425 3873 πρὸς
1473 3801 1533 3853 τὸ
1575 3800 1727 3854 τεθὲν
1753 3802 1897 3873 ὃριον
1931 3802 2069 3873 αὑτῇ

484 3886 637 3958 παρά
660 3887 753 3938 τοῦ
781 3887 936 3952 Θεοῦ,
963 3886 1033 3939 τὰ
1052 3885 1268 3956 κύματα
1285 3888 1365 3949 εἰς
1396 3885 1569 3956 ἀφρὸν
1597 3885 1915 3950 διαλύσασα,
1934 3885 2072 3956 πρὸς

482 3970 682 4040 ἑαυτήν
730 3970 996 4024 ἐπάνεισι.
1049 3969 1237 4022 Καίτοι
1276 3986 1340 4037 γε
1390 3970 1444 4022 τί
1493 3969 1719 4044 ψάμμου
1762 3969 1954 4036 γένοιτ’
2005 3968 2072 4021 ἂν

485 4054 910 4126 ἀσθενέστερον;
950 4053 1090 4106 Ἀλλ’
1119 4054 1216 4106 οὑκ
1246 4053 1425 4106 ἐκεῖνό
1463 4053 1580 4105 ἐστι
1607 4052 1669 4105 τὸ
1697 4051 1924 4115 κωλύον,
1958 4051 2070 4104 ἀλλ’

481 4141 510 4191 6
539 4137 634 4190 τοῦ
681 4139 863 4201 θέντος
889 4137 1074 4208 φόϐος.
1115 4138 1178 4189 Et
1215 4137 1271 4190 δέ
1293 4137 1353 4190 οὐ
1381 4133 1702 4206 σωφρονίζει
1740 4152 1799 4188 σε
1825 4135 1985 4188 τοῦτο
2013 4135 2074 4187 τὸ

484 4222 838 4292 παράδειγμα
864 4263 879 4287 ,
931 4223 999 4275 τά
1032 4221 1175 4275 κατά
1201 4221 1294 4275 τὸν
1335 4220 1518 4286 Ὀξίαν
1559 4236 1619 4272 σε
1651 4219 1970 4284 παιδευέτω,
2005 4220 2075 4273 τὰ

484 4306 578 4359 νῦν
612 4308 741 4376 ἡμῖν
766 4305 1050 4376 εἰρημένα.

568 4423 709 4476 Ἀλλ’
742 4423 929 4494 ἐπειδὴ
958 4423 1056 4494 τὴν
1103 4421 1274 4493 ὀργήν
1301 4421 1517 4492 εἴδομεν
1543 4419 1639 4472 τοῦ
1675 4419 1809 4472 Θεοῦ
1848 4420 1944 4472 καὶ
1977 4419 2074 4489 τὴν

485 4507 641 4574 ἀξίαν
668 4507 1038 4569 ἀνταπόδοσιν,
1075 4508 1204 4577 φέρε
1235 4507 1326 4559 καὶ
1353 4506 1454 4577 τὴν
1475 4503 1882 4574 φιλανθρωπίαν
1909 4503 2074 4556 αὑτοῦ

485 4593 582 4646 καὶ
628 4591 728 4661 τὴν
785 4591 984 4661 πολλὴν
1041 4589 1342 4642 ἐπιείκειαν
1405 4586 1782 4656 ἐπιδείξωμεν.
1844 4587 1916 4639 Οὐ
1970 4586 2076 4657 γάρ

488 4678 682 4746 μόνους
706 4673 733 4713 ά
756 4673 882 4736 τοὺς
904 4674 1032 4744 περὶ
1057 4672 1158 4734 τῆς
1186 4671 1466 4741 ὸργῆςδεῖ
1499 4673 1666 4724 κινεῖν
1695 4669 1904 4738 λόγους,
1943 4669 2078 4723 ἀλλά

486 4757 741 4820 καὶτοὺς
786 4757 914 4824 περὶ
946 4755 1048 4825 τῆς
1095 4755 1480 4826 Αρηστότητος,
1522 4754 1610 4808 ἵνα
1643 4754 1778 4824 μήτε
1820 4754 1898 4815 εἰς
1940 4752 2079 4804 ἀπό-

486 4859 689 4911 γνωσιν
732 4839 1056 4909 ἐμϐάλωμεν
1087 4839 1213 4899 τοὺς
1247 4835 1567 4899 ἀκούοντας,
1619 4837 1753 4906 μήτε
1787 4835 1864 4897 είς
1908 4833 2076 4905 ῥαθυ-

492 4926 812 4996 μίαν.οὑτω
831 4925 925 4978 καὶ
956 4921 1167 4981 Παῦλος
1186 4923 1346 4988 ποιεῖ,
1377 4921 1472 4975 καὶ
1504 4920 1710 4982 τούτοις
1749 4921 2078 4991 ἀμφοτέροις

487 5012 653 5079 λ’,ινᾷ
684 5010 784 5078 τὴν
815 5008 1158 5078 παραίνεσιν,
1185 5006 1383 5058 οὑτωσὶ
1419 5005 1594 5071 λέγων
1613 5021 1627 5034 ⁸
1673 5003 1787 5058 Ἰδὲ
1823 4999 1936 5057 οὖν
1966 5003 2081 5070 τὴν

488 5094 873 5161 χρηστότητα
895 5089 992 5143 καί
1025 5088 1364 5157 ἀποτομίαν
1395 5088 1562 5149 Θεοῦ,
1598 5087 1684 5140 ἵνα
1710 5089 1803 5139 καὶ
1830 5086 1906 5156 τῷ
1933 5085 2081 5154 φόϐῳ

489 5179 584 5231 καὶ
604 5179 725 5240 ταῖς
755 5177 1016 5248 χρησταῖς
1045 5173 1256 5225 ἐλπίσιν
1286 5173 1565 5241 ἀναστήσῃ
1598 5171 1690 5223 τὸν
1719 5169 2070 5223 πεπτωκότα.

491 5256 644 5322 Εἶδες
679 5259 982 5328 ἀποτομίαν
1034 5255 1206 5320 Θεοῦ;
1252 5255 1350 5306 ’1δέ
1380 5257 1475 5306 καὶ
1513 5253 1877 5325 χρηστότητα.
1927 5249 2078 5324 [156]

492 5344 616 5407 Πῶς
632 5340 722 5397 οὖν
749 5342 988 5413 ὀψόμεθα
1011 5342 1110 5410 τὴν
1128 5339 1507 5412 χρηστότητα;
1530 5338 1627 5390 Ἀν
1655 5337 1913 5408 μάθωμεν
1938 5336 2083 5398 τίνος

552 5533 577 5558 ⁸
603 5530 807 5589 Aliquot
837 5541 955 5576 mss.
980 5527 1076 5582 τοῖς
1100 5527 1342 5587 πτώμασι.

552 5591 578 5630 b
625 5584 751 5639 Ἀντί
793 5592 974 5650 δημίων
1013 5590 1085 5636 ἐπὶ
1105 5584 1327 5652 κεφαλῆς,
1362 5588 1446 5652 _sic
1468 5585 1664 5652 quidam
1688 5596 1833 5652 113915.;
1859 5584 2086 5652 Erasmus

487 5655 686 5702 videtur
716 5644 1027 5716 legiééeﬁvr}
1051 5644 1270 5716 δημίου,-
1290 5644 1372 5716 ψιὶ
1401 5644 1840 5716 νει-ὶὶιηεαιςηὶίὶεἱε
1863 5646 1986 5716 Ιρσοζ
2011 5648 2088 5716 ll}—

489 5719 557 5763 [τε
585 5729 727 5820 uno?
750 5708 880 5762 ιέειε
907 5708 1317 5772 8ω’ἱ1ἱυ,παντὸς
1347 5711 1508 5757 λοιπὸν
1544 5709 1847 5768 εὑαγέστερος
1883 5708 1939 5764 ἧν
1966 5708 2086 5755 ἀκά-

489 5781 652 5820 θαοτοε
689 5791 759 5820 ιη.

485 5781 788 5898 οαὲτξθῗῖῗῖε
831 5835 951 5884 «Sic
969 5835 1156 5882 habent
1194 5833 1361 5898 στείρτὶ
1404 5831 1600 5898 cpdiceg
1643 5834 1823 5898 piraﬂer
1852 5830 2084 5898 λςρᾷίςεπι

486 5895 735 5947 Croshavii
780 5899 956 5953 nostri.
996 5898 1080 5958 qui
1125 5909 1212 5956 pro
1237 5895 1310 5942 his
1339 5894 1498 5958 ferbis
1529 5892 1800 5958 sub_sli_tuil.
1842 5893 1944 5938 ἀλλ’
1983 5895 2082 5958 ἀπ’

490 5959 809 6028 ἐπιτιμήσεως
846 5959 924 6006 διὰ
947 5954 1030 6015 τῆς
1073 5954 1243 6018 λέπρας
1285 5956 1381 6010 τοῖς
1426 5961 1569 6002 πᾶσιν
1611 5955 1900 6012 έπίγνωστον
1944 5954 2082 6002 αὐτὸν

527 6037 630 6067 υιει.
659 6038 680 6049 ⁸⁵

527 6036 630 6067 υιει.
659 6038 680 6049 ⁸·

487 6037 524 6067 π
554 6079 583 6119 ἀ
612 6081 743 6131 L'nus
763 6081 922 6143 μόνον.
949 6081 1101 6130 Ριιυὶο
1125 6086 1235 6145 post
1261 6092 1385 6128 unus
1415 6078 1478 6132 εἷς
1496 6078 1762 6136 ἀπόγνωσιν
1787 6075 2077 6138 ἐκϐάλωμεν.

1133 487 1192 543 S.
1242 483 1525 542 JOANNIS
1561 477 2051 539 CIIRYSOSTOMI
2090 476 2412 534 ARCHIEP.
2455 475 3004 534 CONST’ANTINOP.

3665 493 3776 547 134

2179 595 2327 658 ἄξιος
2383 591 2450 666 ἦν
2503 597 2530 648 6
2570 595 2772 659 Ὀζίας.
2805 594 2980 648 Τίνων
3029 589 3121 647 οὖν
3167 593 3315 657 ἄξιος
3355 589 3453 666 ἦνς
3486 593 3640 664 Ἅμα
3669 585 3779 639 τῶν

2181 677 2467 749 προθύρων
2498 676 2692 738 ἐπιϐὰς
2711 677 2821 731 τῶν
2848 675 3011 748 ἰερῶν
3042 675 3178 746 μετά
3195 677 3464 748 τοσαύτης
3484 676 3777 745 ἀναισχυν-

2181 761 2321 824 τίας,
2365 761 2576 831 μυρίων
2615 761 2910 831 σκηπτῶν,
2953 760 3048 813 καὶ
3089 760 3188 830 τῆς
3222 761 3458 830 ἐσχάτης
3497 759 3777 822 κολάσεως

2182 846 2277 898 καὶ
2317 845 2610 916 τιμωρίας.
2643 847 2708 898 Et
2733 845 2848 915 ’γὰρ
2881 845 2930 897 οι
2970 845 3178 915 πρῶτοι
3204 845 3376 897 ταῦτα
3403 844 3777 915 τολμήσαντες

2179 927 2385 997 ταύτην
2413 928 2600 982 ἔδοσαν
2632 929 2732 999 τὴν
2763 927 2940 998 δίκην,
2971 929 3018 980 οί
3047 928 3176 997 περὶ
3198 926 3374 981 Δαθάν
3392 928 3485 980 καὶ
3504 925 3652 996 Κορέ
3683 926 3778 978 καὶ

2195 1009 2477 1082 Ἀϐειρὼν,
2497 1010 2676 1081 πολλῷ
2701 1010 2901 1080 μᾶλλον
2917 1009 3106 1062 τοῦτον
3125 1009 3271 1062 οὑτω
3291 1007 3621 1071 κολάζεσθαι
3648 1006 3774 1064 ἔδει.

2181 1093 2272 1146 τὸν
2316 1095 2451 1164 μηδὲ
2493 1097 2615 1158 ταῖς
2672 1095 2898 1148 ἐκείνων
2951 1092 3388 1165 σωφρονισθέντα
3439 1093 3774 1162 συμφοραῖς.

2194 1175 2334 1229 Ἀλλ’
2362 1177 2461 1230 οὑκ
2497 1177 2720 1246 ἐποίησε
2745 1177 2901 1230 τοῦτο
2921 1177 2948 1228 6
2982 1175 3134 1241 Θεὸς,
3159 1175 3294 1228 ἀλλά
3329 1172 3590 1245 πρότερον
3625 1170 3780 1240 αὑτῷ

2181 1265 2373 1334 λόγους
2421 1271 2746 1339 προσήγαγε
2781 1279 2804 1307 ο
2843 1267 3043 1337 πολλῆς
3067 1265 3369 1328 ἐπιεικείας
3391 1265 3663 1335 γέμοντας
3690 1262 3781 1314 διὰ

2179 1349 2272 1402 τοῦ
2298 1351 2505 1420 ἱερέως.
2524 1350 2632 1404 Καὶ
2653 1349 2797 1419 άπερ
2821 1350 2849 1401 6
2872 1350 3104 1421 Χριστὸς
3127 1350 3432 1419 παρῄνεσεν
3461 1344 3781 1414 ἀνθρώποις

2181 1425 2374 1494 ποιεῖνδ,
2407 1433 2533 1486 ὅταν
2570 1433 2649 1495 εἰς
2677 1431 2938 1503 ἀλλήλους
2965 1432 3319 1503 ἁμαρτάνωσι
3348 1429 3392 1494 ί,
3412 1429 3574 1482 τοῦτο
3595 1429 3622 1480 6
3642 1422 3782 1490 Θεὸς

2180 1515 2317 1585 πρὸς
2360 1515 2450 1567 τὸν
2500 1514 2784 1587 ἄνθρωπον
2829 1515 3106 1585 ἐποίησεν.
3146 1515 3332 1568 Ὅταν
3376 1514 3521 1584 γὰρ,
3573 1512 3778 1584 φησὶν,

2178 1597 2408 1666 ἁμάρτῃ
2431 1599 2516 1662 εἰς
2544 1597 2618 1650 σὲ
2643 1599 2677 1651 ό
2691 1597 2956 1666 ἀδελφός
2987 1613 3124 1663 σου,
3143 1598 3355 1668 ὕπαγε,
3379 1595 3636 1666 ἔλεγξον
3664 1596 3781 1648 αὐ·-

2177 1680 2284 1732 τὸν
2321 1680 2550 1748 μεταξὺ
2579 1680 2695 1734 σοῦ
2736 1680 2835 1733 καί
2868 1681 3055 1733 αὑτοῦ
3095 1681 3309 1750 μόνου.
3357 1679 3514 1733 Οῦτω
3556 1678 3780 1732 καὶτὸν

2180 1761 2402 1831 βασιλέα
2434 1763 2617 1815 τοῦτον
2651 1762 2876 1832 ήλεγξεν
2920 1763 2948 1814 6
2987 1761 3138 1825 Θεός.
3177 1763 3288 1816 Καὶ
3329 1764 3357 1816 6
3407 1763 3504 1832 μὲν
3539 1761 3780 1832 Χριστός

2179 1862 2340 1914 φησιν
2357 1862 2369 1876 ·
2402 1845 2536 1898 Ἐὰν
2545 1843 2632 1914 μὴ
2648 1845 2884 1913 ἀκούσῃ
2906 1861 3044 1908 σου,
3074 1846 3231 1898 ἔστω
3255 1859 3353 1899 σοι
3370 1845 3449 1908 ὠς
3472 1846 3504 1898 ό
3533 1843 3783 1908 ἐθνικὸς

2177 1928 2276 1980 καί
2306 1931 2339 1982 ὀ
2361 1927 2652 1996 τελώνης-⁸
2679 1928 2706 1980 6
2734 1928 2792 1982 δὲ
2815 1928 2948 1992 Θεὸς
2978 1928 3363 1999 φιλανθρωπίᾳ
3386 1927 3513 1990 τοὺς
3533 1927 3780 1990 οἰκείους

2178 2011 2518 2085 ὑπερϐαίνων
2550 2012 2770 2083 νόμους,
2804 2012 2925 2065 οὑδὲ
2949 2011 3122 2075 οὕτως
3143 2011 3303 2064 αὑτὸν
3339 2011 3611 2079 ἐξέκοψεν.
3635 2010 3780 2065 ἀλλὰ

2177 2096 2603 2167 παρακούσαντα
2653 2098 2749 2150 καὶ
2793 2097 3248 2166 ἀγανακτήσαντα
3294 2096 3395 2148 οὑκ
3441 2094 3777 2166 ἀπέρριψεν,

2179 2182 2313 2235 ἀλλά
2349 2181 2512 2236 πάλιν
2537 2181 2842 2252 προσίεται,
2871 2181 2964 2234 καὶ
2995 2179 3241 2233 παιδεύει
3266 2179 3451 2250 τρόπῳ
3481 2178 3778 2248 διόρθωσιν

2178 2264 2353 2335 ἔχοντι
2380 2263 2581 2335 μᾶλλον
2609 2264 2951 2335 ήτιμωρίαν.
2987 2263 3121 2316 υὺδὲ
3144 2263 3252 2334 γὰρ
3292 2261 3534 2332 σκηπτὸν
3559 2261 3781 2331 ἀφῆκεν

2177 2348 2380 2403 ἀνωθεν
2403 2388 2417 2412 ,
2462 2347 2583 2400 οὑδὲ
2623 2344 2921 2416 κατέφλεξε
2957 2345 3055 2418 τὴν
3100 2347 3455 2416 ἀναίσχυντον
3489 2345 3776 2416 κεφαλὴν,

2176 2432 2312 2486 ἀλλά
2339 2433 2404 2502 τῇ
2432 2430 2606 2502 λέπρᾳ
2639 2431 2798 2501 μόνον
2844 2430 3153 2484 ἐπαίδευσε.
3208 2431 3317 2483 Καὶ
3361 2429 3427 2482 τὰ
3471 2429 3571 2500 μὲν
3626 2429 3778 2482 κατά

2177 2514 2267 2568 τὸν
2318 2513 2494 2577 Ὀζίαν
2536 2512 2786 2565 τοιαῦται
2826 2511 2936 2580 ἐγὼ
2975 2513 3031 2564 δὲ
3068 2512 3125 2564 ἓν
3166 2512 3248 2564 ἔτι
3301 2512 3461 2582 μόνον
3513 2511 3779 2582 προσθεὶς

2178 2595 2516 2650 καταπαύσω
2548 2595 2638 2646 τὸν
2662 2595 2838 2662 λόγον.
2882 2595 2947 2647 Τί
2988 2595 3044 2647 δὲ
3075 2594 3232 2647 τοῦτό
3274 2597 3457 2660 ὲστιν;
3505 2595 3572 2646 Ὃ
3603 2594 3777 2647 πάλαι

2178 2679 2269 2731 καὶ
2293 2677 2352 2743 ἐξ
2377 2678 2553 2749 ἀρχῆς
2585 2677 2929 2749 ἐζητήσαμεν
2950 2694 2964 2707 ·
3007 2677 3151 2741 τίνος
3196 2677 3382 2730 ἕνεκεν
3432 2679 3492 2730 ἐν
3516 2679 3628 2740 τοῖς
3667 2677 3779 2741 ἔξω

2177 2761 2486 2830 πράγμασι,
2517 2761 2611 2812 καὶ
2639 2760 2697 2814 ἐν
2723 2762 2843 2822 ταῖς
2865 2760 3246 2831 προφητείαις,
3282 2760 3538 2814 ἀπάντων
3583 2758 3780 2812 εἰωθό-

2176 2862 2284 2898 των
2315 2845 2415 2915 τῆς
2445 2845 2591 2915 ζωῆς
2612 2843 2720 2896 τῶν
2752 2842 3013 2913 βασιλέων
3048 2845 3174 2906 τοὺς
3208 2845 3436 2913 χρόνους
3470 2843 3778 2914 ἐπισημαί-

2178 2926 2385 2988 νεσθαι,
2417 2917 2572 2988 οὗτος
2605 2925 2760 2978 τοῦτο
2806 2928 2986 2995 ἀφεὶς,
3026 2925 3117 2979 τοῦ
3149 2927 3342 2995 χρόνου
3378 2927 3478 2997 τῆς
3509 2926 3778 2997 τελευτῆς

2181 3008 2452 3079 μέμνηται
2479 3007 2572 3060 τοῦ
2599 3008 2796 3072 Ὀζίου,
2826 3009 3024 3062 οὑτωσὶ
3041 3009 3213 3076 λέγων
3232 3027 3244 3039 ·
3274 3010 3384 3063 Καὶ
3407 3009 3643 3077 ἐγένετο
3665 3012 3780 3063 τοῦ

2176 3091 2474 3154 ἐνιαυτοῦ,
2507 3086 2578 3146 οὗ
2606 3091 2907 3147 ἀπέθανεν
2951 3090 3132 3158 Ὀζίας
3160 3096 3191 3146 ὁ
3219 3093 3540 3159 βασιλεύς.
3575 3093 3778 3147 Καίτοι

2176 3192 2241 3244 γε
2280 3175 2408 3245 ἐνῆν
2438 3174 2529 3227 τὸν
2572 3174 2666 3228 τοῦ
2714 3173 3092 3244 βασιλεύοντος
3120 3177 3312 3246 χρόνον
3341 3177 3537 3240 εἰπεῖν,
3582 3176 3778 3248 ὥσπερ

2177 3259 2295 3321 ἔθος
2315 3257 2484 3310 ἆπασι
2508 3260 2617 3320 τοῖς
2637 3259 2945 3328 προφήταις
2970 3254 3060 3330 ἦν·
3079 3258 3192 3312 ἀλλ’
3221 3260 3322 3312 οὑκ
3343 3258 3566 3331 ἐποίησε
3592 3260 3774 3316 τοῦτο.

2177 3341 2332 3405 Τίνος
2359 3338 2451 3395 οὖν
2475 3341 2659 3394 ἕνεκεν
2679 3341 2779 3394 οὑκ
2819 3342 3074 3409 Eminus;
3110 3341 3292 3413 Νόμος
3327 3338 3395 3413 ἦν
3426 3343 3652 3405 παλαιὸς
3684 3343 3781 3394 τὸν

2178 3426 2376 3498 λεπρὸν
2403 3427 2503 3497 τῆς
2539 3426 2746 3489 πόλεως
2776 3425 3184 3491 ἐξελαύνεσθαι,
3237 3426 3378 3480 ὥστε
3415 3429 3510 3480 καὶ
3539 3429 3665 3490 τοὺς
3712 3429 3777 3478 ὲν

2177 3513 2245 3580 τῇ
2276 3510 2428 3562 πόλει
2461 3509 2700 3578 βελτίους
2730 3508 3006 3578 γενέσθαι,
3032 3511 3126 3565 καὶ
3152 3510 3314 3563 αὑτὸν
3353 3511 3428 3582 μὴ
3446 3511 3776 3582 προκεῖσθαι

2178 3594 2289 3654 τοῖς
2319 3591 2663 3662 βουλομένοις
2696 3590 2940 3661 ὑϐρίζειν
2971 3593 3322 3663 σκωμμάτων
3345 3595 3440 3646 καὶ
3477 3594 3778 3664 χλευασίας

2178 3673 2454 3746 ἀφορμὴν,
2515 3673 2629 3727 ἀλλ’
2684 3673 2788 3739 ἔξω
2845 3677 2946 3744 τῆς
3009 3674 3216 3738 πόλεως
3281 3675 3531 3745 μένοντα,
3594 3693 3778 3746 παρα-

2179 3758 2436 3828 πέτασμα
2485 3759 2583 3828 τῆς
2644 3759 2928 3829 συμφορᾶς
2972 3758 3114 3828 ἔχειν
3153 3761 3253 3829 τὴν
3298 3759 3554 3830 ἐρημίαν.
3605 3759 3782 3813 Τοῦτο

2181 3843 2275 3895 καὶ
2312 3842 2401 3894 τὸν
2442 3839 2667 3910 βασιλέα
2704 3840 2892 3894 τοῦτον
2937 3841 3232 3911 ὑπομένειν
3285 3842 3451 3912 ἐχρῆν
3493 3841 3635 3911 μετὰ
3676 3843 3782 3913 τὴν

2179 3923 2382 3995 λέπραν
2415 3942 2428 3956 ·
2454 3923 2568 3978 ἀλλ’
2597 3923 2694 3993 οὑχ
2739 3924 3019 3994 ὑπέμεινε,
3053 3924 3160 3976 τῶν
3186 3927 3243 3978 ἐν
3270 3928 3334 3996 τῇ
3370 3924 3525 3978 πόλει
3555 3927 3645 3980 διὰ
3675 3928 3779 3997 τὴν

2179 4007 2354 4079 ἀρχὴν
2387 4007 2551 4060 αὑτὸν
2603 4006 2976 4069 αἰδεσθέντων,
3033 4007 3148 4060 ἀλλ’
3203 4008 3396 4077 ἔμενεν
3426 4009 3588 4079 ἐντῷ
3638 4010 3777 4079 οίκῳ

2182 4089 2343 4142 αὑτοῦ
2368 4090 2635 4160 κρυφίως.
2665 4089 2835 4142 Τοῦτο
2866 4089 3152 4159 παρώξυνε
3187 4091 3276 4143 τὸν
3302 4091 3456 4154 Θεὸν,
3482 4090 3642 4144 τοῦτο
3672 4095 3779 4162 τὴν

2183 4173 2520 4245 προφητείαν
2551 4172 2796 4225 ἐκώλυσε
2819 4190 2831 4202 ·
2877 4175 2968 4225 καὶ
2993 4174 3127 4243 ὅπερ
3161 4174 3252 4226 ἐπὶ
3281 4173 3374 4226 τοῦ
3421 4174 3537 4227 Ἥλί
3559 4175 3778 4242 γέγονε,

2194 4255 2385 4324 Ῥἦμα
2404 4259 2598 4325 τίμιον
2612 4252 2711 4325 ἦν,
2728 4255 2826 4308 καὶ
2843 4257 2953 4309 οὐκ
2969 4251 3047 4326 ἦν
3063 4256 3273 4324 ὅρασις
3296 4255 3774 4314 διαστέλλουσα.

2183 4339 2255 4392 Σὺ
2285 4339 2341 4392 δέ
2378 4356 2468 4411 μοι
2511 4339 2604 4392 καὶ
2647 4338 2881 4392 ἐνταῦθα
2926 4340 3119 4392 σκόπει
3151 4339 3244 4392 τοῦ
3275 4339 3410 4392 Θεοῦ
3444 4340 3542 4412 τὴν
3583 4341 3778 4410 φιλαν-

2185 4422 2451 4494 θρωπίαν.
2477 4422 2551 4475 Οὐ
2581 4422 2686 4492 γὰρ
2713 4421 2978 4490 ἀνέτρεψε
3008 4421 3107 4492 τὴν
3163 4422 3338 4489 πόλιν,
3374 4423 3494 4476 οὑδὲ
3524 4424 3780 4478 ἀπώλεσε

2184 4507 2309 4568 τοὺς
2345 4504 2688 4566 ἐνοικοῦντας
2707 4519 2721 4534 ⁸
2763 4505 2874 4556 ἀλλ’
2905 4505 3042 4574 ὅπερ
3073 4505 3218 4574 φίλοι
3251 4506 3464 4559 ποιοῦσι
3491 4508 3628 4576 πρὸς
3650 4510 3782 4572 τοὺς

2185 4588 2482 4657 ὁμοτίμους
2501 4587 2608 4639 τῶν
2636 4585 2824 4654 φίλων,
2848 4588 3066 4640 ἐπειδὰν
3095 4589 3260 4658 ἔχωσί
3287 4609 3337 4643 τι
3373 4591 3580 4644 δίκαιον
3613 4594 3776 4658 ἐγκα-

2187 4669 2318 4734 λεῖν,
2360 4673 2418 4722 ἐν
2462 4672 2886 4740 παρασιωπήσει
2924 4672 3211 4740 μένοντες·
3263 4673 3422 4726 τοῦτο
3452 4675 3546 4726 καὶ
3576 4676 3604 4727 6
3643 4675 3780 4739 Θεὸς

2188 4753 2325 4824 πρὸς
2344 4753 2405 4805 τὸ
2430 4751 2578 4815 ἔθνος
2594 4754 2817 4824 ἐποίησε
2855 4755 3100 4824 μείζονος
3127 4756 3185 4808 ὃν
3216 4756 3365 4820 ἀξιον
3393 4758 3664 4822 κολάσεως
3688 4763 3786 4814 καὶ

2189 4838 2474 4909 τιμωρίας.
2506 4836 2655 4909 [157]
2697 4837 2838 4907 Ἐγὼ
2867 4841 2966 4910 μὲν
2990 4840 3098 4912 γὰρ
3126 4839 3379 4904 ἐξέϐαλον
3409 4842 3592 4906 αὑτὸν,
3623 4845 3779 4913 φησὶ,

2187 4920 2282 4974 τοῦ
2308 4921 2474 4991 ἱεροῦ,
2507 4923 2664 4990 ὑμεῖς
2691 4923 2746 4974 δὲ
2781 4923 2900 4975 οὑδὲ
2916 4924 3015 4994 τῆς
3042 4925 3248 4988 πόλεως
3266 4939 3279 4953 ·
3299 4925 3410 4993 ἐγὼ
3432 4927 3603 4996 δήσας
3619 4929 3787 4980 αὑτὸν

2189 5004 2280 5059 διά
2315 5005 2414 5074 τῆς
2443 5004 2670 5076 λέπρας,
2707 5006 2921 5076 ἰδιώτην
2973 5008 3269 5078 παρέδωκα
3297 5049 3310 5070 ,
3359 5010 3516 5079 ὑμεῖς
3568 5010 3624 5062 δὲ
3659 5011 3783 5062 οὑδὲ

2191 5088 2336 5140 οὑτω
2351 5088 2756 5158 περιεγένεσθε,
2781 5089 2916 5142 ἀλλὰ
2939 5089 3029 5143 τὸν
3056 5091 3145 5142 ὑπ’
3163 5091 3297 5159 ἐμοῦ
3317 5093 3786 5146 καταδικασθέντα

2193 5173 2292 5224 οὑκ
2339 5171 2596 5240 ήνέχεσθε
2626 5174 2724 5242 τῆς
2771 5172 2978 5236 πόλεως
3011 5173 3276 5227 ἐκϐαλεῖν.
3324 5176 3514 5227 Καίτοι
3547 5179 3695 5237 ποῖος
3719 5175 3788 5226 ἂν

2193 5254 2350 5306 τοῦτο
2380 5254 2636 5323 βασιλεὺς
2677 5255 2865 5325 πράως
2896 5257 3147 5324 ἤνεγκεν,
3187 5256 3298 5309 ἀλλ’
3334 5259 3434 5310 οὑκ
3461 5257 3525 5308 ἂν
3575 5258 3637 5309 ἐκ
3687 5257 3784 5325 βε-

2197 5340 2340 5409 θρων
2390 5337 2487 5408 τὴν
2546 5338 2697 5392 πόλιν
2751 5337 3052 5406 ἀνέτρεψε,
3104 5341 3193 5392 τὸν
3235 5341 3314 5403 εἰς
3355 5339 3450 5409 τὴν
3487 5341 3787 5411 ὑπερορίαν

2199 5422 2604 5494 μετοικισθῆναι
2640 5419 3028 5487 κελευσθέντα,
3061 5423 3471 5492 ἐνδιατρίϐοντα
3506 5427 3571 5495 τῇ
3627 5426 3785 5479 πόλει

2194 5506 2369 5577 ὁρῶν;
2399 5505 2512 5555 ἀλλ’
2561 5503 2658 5571 οὑχ
2683 5504 2710 5554 6
2739 5502 2868 5566 Θεὸς
2899 5506 3055 5559 τοῦτο
3090 5508 3342 5576 ἐποίησεο
3368 5507 3500 5570 Θεὸς
3539 5509 3647 5580 γὰρ
3694 5506 3782 5581 ἦν,

2195 5591 2289 5644 καὶ
2321 5587 2421 5641 οὑκ
2447 5586 2751 5656 ἄνθρωπος.
2795 5589 3012 5658 Ἐπειδὴ
3043 5591 3106 5642 -δὲ
3157 5590 3477 5661 ἐτελεύτησε
3501 5632 3516 5653 ,
3555 5596 3622 5662 τῇ
3669 5592 3782 5666 ζωῇ

2192 5672 2381 5725 τούτου
2405 5671 2500 5722 καί
2530 5668 2628 5739 τὴν
2653 5669 2786 5738 πρὸς
2814 5671 3055 5733 ἐκείνους
3079 5671 3247 5740 ὀργὴν
3281 5675 3670 5740 συγκατέλυσε.
3691 5679 3787 5732 καὶ

2195 5757 2292 5824 τῆς
2317 5753 2654 5825 προφητείας
2702 5753 2797 5814 τὰς
2829 5754 2998 5824 θύρας
3029 5754 3255 5824 ἀνέῳξε,
3307 5757 3401 5808 καὶ
3450 5757 3610 5810 πάλιν
3649 5762 3783 5829 πρὸς

2195 5839 2390 5901 αὑτοὺς
2408 5835 2701 5904 ἐπανῆλθε.
2728 5836 2800 5888 Σὺ
2817 5835 2872 5888 δὲ
2891 5838 2954 5889 ἐκ
2974 5837 3066 5891 τοῦ
3091 5837 3295 5906 τρόπου
3320 5841 3418 5908 τῆς
3440 5840 3786 5914 καταλλαγῆς

2256 6016 2434 6088 Elim)?
2455 6015 2692 6088 ἐπήγαγεο,
2756 6076 2765 6088 ,

2258 6077 2277 6116 ῐ
2307 6077 2507 6139 Quidam
2533 6092 2644 6124 um.
2673 6076 2940 6136 ἁμάρτωσι,
2967 6083 3017 6125 el
3047 6077 3189 6138 paulo
3214 6084 3321 6137 post
3345 6076 3615 6141 ἁμαρτήσῃ.
