4048 6464
274 444 387 499 133

251 535 369 588 sitio
410 534 609 604 gratias
645 546 846 604 agere:
887 530 1010 595 ille,
1054 529 1255 599 inquit,
1298 526 1600 596 indignatus
1638 534 1753 594 est,
1783 532 1841 580 et.

251 629 440 680 vulnus
462 626 692 680 reddidit
710 625 973 679 acerbius.
991 623 1175 692 Neque
1194 621 1334 675 enim
1358 620 1578 690 perinde
1600 619 1733 671 mala
1757 631 1844 672 res

248 729 327 773 est
366 730 673 787 peceatum,
713 725 873 785 atque
903 723 1021 785 post
1061 722 1335 784 peccatum
1374 708 1718 779 impudentia.
1750 707 1846 763 At-

242 808 336 875 qui
359 825 463 863 non
490 809 680 864 eodem
705 808 865 862 modo
887 806 1049 861 David
1066 846 1083 872 ,
1106 806 1199 859 sed
1226 801 1534 873 quomodo?
1557 799 1842 869 Postquam

243 918 270 951 a
297 900 502 953 Nathan
526 901 798 953 incusatus
817 906 960 951 esset
979 895 1048 951 de
1070 894 1355 960 Bersabee,
1376 892 1591 946 Peccavi
1610 932 1625 957 ,
1649 890 1839 959 inquit,

244 991 467 1045 Domino
501 991 589 1063 (2.
619 990 746 1060 Reg.
782 989 869 1045 12.
901 989 971 1043 15
1006 986 1047 1057 ).

314 1085 368 1138 ὅ.
416 1083 635 1138 Peccala
651 1086 907 1153 justorum
933 1081 1119 1134 cedunt
1139 1079 1190 1132 in
1220 1079 1422 1131 bonum.
1451 1107 1514 1117 —
1534 1074 1719 1129 Vidisti
1747 1088 1841 1127 cor

242 1176 569 1229 contritum?
591 1175 765 1228 vidisti
782 1174 1103 1228 submissam
1124 1170 1354 1225 animam
1372 1169 1583 1223 ?vidisti
1606 1167 1837 1221 utetiam

248 1266 432 1333 lapsus
461 1275 767 1321 sanctorum
798 1265 905 1318 sint
929 1262 1163 1332 egregii?
1190 1260 1645 1329 Quemadmodum
1696 1258 1838 1313 enim

247 1358 506 1425 prteclara
550 1370 773 1425 corpora
814 1356 974 1409 etiam
1016 1355 1068 1408 in
1101 1353 1318 1407 adversa
1349 1351 1647 1407 valetudine
1675 1352 1839 1405 multa

244 1448 399 1503 nobis
442 1448 628 1502 forma:
673 1447 891 1517 vestigia
941 1445 1271 1499 ostendunt:
1304 1445 1382 1498 sic
1434 1452 1489 1497 et
1529 1451 1836 1497 sanctorum

242 1541 439 1594 anima:
485 1540 534 1593 in
579 1539 707 1607 ipsis
738 1540 900 1593 etiam
928 1538 1121 1592 erratis
1146 1551 1259 1590 sua:
1304 1536 1513 1589 virtutis
1550 1536 1697 1603 signa
1730 1550 1840 1603 pne

242 1644 301 1684 se
334 1628 529 1684 ferunt.
568 1628 635 1683 Et
661 1639 836 1683 tamen
863 1628 953 1682 ille
983 1628 1035 1681 in
1064 1626 1238 1681 media
1265 1627 1408 1695 regia
1436 1626 1785 1680 accusabatur
1808 1640 1839 1679 a

246 1721 509 1787 propheta
533 1718 714 1772 multis
740 1718 1132 1788 pnesentibus;
1160 1716 1247 1771 hic
1272 1730 1398 1770 vero
1423 1717 1564 1770 intus
1594 1716 1645 1769 in
1668 1715 1841 1785 adytis

246 1809 398 1862 nullo
425 1818 563 1862 teste
592 1808 907 1877 redargutus
931 1816 1048 1873 est;
1075 1821 1259 1861 verum
1292 1820 1358 1861 ne
1379 1806 1457 1860 sic
1486 1805 1699 1875 quidem
1722 1805 1841 1859 tulit

242 1900 689 1970 increpationem.
739 1900 876 1968 Quid
921 1900 1124 1969 igitur?
1167 1898 1474 1953 insanabilis
1513 1896 1840 1967 permansit?

240 1993 611 2063 Nequaquam,
642 2003 861 2063 propter
903 1992 997 2047 Dei
1040 1991 1379 2046 clementiam
1417 2008 1431 2043 :
1463 1990 1555 2045 sed
1586 1988 1842 2058 quemad-

246 2084 468 2140 modum
492 2083 560 2140 de
590 2085 971 2151 lunatico,cum
999 2082 1243 2153 discipuli
1263 2097 1369 2136 non
1385 2082 1625 2136 valerent
1644 2081 1840 2150 ejicere

244 2175 570 2230 dmmonium
596 2217 611 2244 ,
645 2176 771 2231 dicit
799 2176 1045 2229 Christus
1075 2192 1089 2229 :
1123 2175 1371 2229 Adducite
1407 2174 1532 2228 mihi
1577 2184 1697 2225 eum
1742 2174 1840 2227 huc

242 2266 460 2335 (Matth.
491 2268 579 2321 17.
609 2266 701 2338 16)
727 2283 741 2319 :
768 2267 845 2321 sic
865 2275 922 2321 et
947 2266 1054 2333 hic,
1084 2280 1204 2321 cum
1233 2264 1486 2322 sacerdos
1524 2278 1630 2319 non
1663 2272 1843 2333 posset

240 2359 490 2414 morbum
516 2361 703 2431 quovis
742 2360 1014 2415 damionio
1044 2359 1361 2426 suaviorem,
1411 2372 1603 2428 nempe
1651 2370 1841 2427 peccao

243 2460 377 2517 tum,
421 2451 638 2521 ejicere,
686 2452 801 2521 ipse
843 2453 983 2507 Deus
1012 2452 1347 2507 laborantem
1391 2451 1715 2522 aggreditur.
1776 2451 1842 2506 Et

245 2543 373 2612 quid
398 2544 555 2598 facit?
589 2545 809 2614 Lepram
840 2544 1077 2599 immittit
1105 2543 1263 2599 fronti
1294 2543 1478 2613 ipsius.
1498 2541 1714 2595 Factum
1741 2552 1833 2607 est,

245 2637 417 2706 inquit
442 2678 457 2703 ,
505 2654 617 2690 cum
643 2636 731 2691 ille
761 2638 1037 2690 minaretur
1065 2636 1314 2690 sacerdoti
1339 2674 1353 2699 ,
1384 2635 1523 2704 lepra
1551 2634 1761 2704 efﬂoruit
1787 2634 1839 2685 in

244 2733 411 2798 fronte
433 2730 542 2798 ejus
570 2728 645 2800 (‘2.
674 2727 854 2783 Paral.
886 2728 974 2783 26.
1010 2728 1129 2798 19),
1155 2728 1371 2797 jamque
1400 2726 1598 2792 exibat,
1629 2725 1764 2779 sicut
1804 2726 1838 2779 ii

244 2819 333 2889 qui
363 2818 427 2870 ad
461 2827 687 2872 mortem
718 2818 1051 2872 abducuntur
1078 2818 1256 2873 funem
1288 2832 1382 2872 ore
1400 2825 1669 2887 gestantes
1685 2816 1837 2870 dam-

244 2909 480 2965 nationis
531 2908 781 2978 signum,
832 2909 912 2963 sic
956 2918 1011 2963 et
1060 2908 1152 2962 ille
1185 2907 1487 2977 ignominia:
1530 2906 1736 2975 signum
1783 2907 1837 2961 in

245 3000 423 3055 fronte
447 3009 682 3069 gestans,
725 3016 830 3055 non
860 3000 1204 3055 carnificibus
1248 3002 1421 3069 ipsum
1466 3000 1796 3055 trahentibus
1819 3041 1833 3066 ,

245 3091 340 3145 sed
388 3091 536 3160 lepra
568 3092 686 3146 loco
714 3091 980 3148 carniﬁcis
1026 3092 1198 3161 ipsum
1250 3091 1576 3161 prmcipitcm
1623 3100 1832 3160 agente.

246 3182 526 3253 Ingressus
567 3192 627 3237 ut
666 3184 1025 3239 sacerdotium
1057 3193 1339 3254 usurparet
1363 3224 1377 3247 ,
1405 3185 1567 3239 et'am
1613 3199 1835 3254 regnum

243 3273 481 3341 perdidit
514 3288 526 3324 :
559 3273 828 3342 ingressus
851 3283 933 3329 est
962 3282 1020 3327 ut
1062 3271 1213 3328 fieret
1239 3273 1595 3327 venerabilior
1618 3315 1632 3337 ,
1664 3286 1717 3328 et
1756 3273 1836 3327 fa-

242 3374 361 3417 ctus
407 3371 491 3417 est
536 3363 929 3419 exsecrabilior.
956 3364 1087 3418 Nam
1134 3379 1255 3419 cum
1307 3364 1609 3418 immundus
1660 3373 1833 3430 esset,

246 3455 437 3525 quovis
466 3453 684 3509 homine
707 3454 913 3523 privato
940 3454 1164 3523 posthac
1185 3455 1374 3509 vilior‘
1405 3463 1538 3510 erat.
1573 3456 1722 3509 Adeo
1751 3470 1837 3509 res

243 3558 326 3601 est
352 3548 488 3601 mala
516 3563 621 3601 non
648 3562 866 3603 manere
894 3548 1030 3602 intra
1060 3546 1195 3601 tines
1215 3546 1370 3601 nobis
1397 3561 1426 3600 a
1454 3547 1562 3600 Deo
1594 3548 1838 3615 pra-scri-

244 3651 384 3709 pios,
432 3640 545 3695 sive
573 3639 794 3695 honoris
833 3642 946 3696 sive
974 3641 1295 3710 cognitionis
1324 3656 1410 3695 res
1438 3640 1616 3694 fuerit.
1649 3640 1835 3693 Nonne

242 3733 394 3788 vides
424 3732 525 3787 hoc
554 3748 721 3799 mare,
752 3748 909 3803 quam
936 3740 1020 3788 est
1046 3732 1120 3787 ob
1148 3732 1452 3786 violentiam
1482 3731 1829 3795 intolerabile,

241 3825 457 3895 quantis
491 3825 724 3895 insurgat
749 3825 1037 3881 fluctibus?
1077 3826 1324 3880 Attamen
1358 3835 1699 3895 posteaquam
1738 3837 1833 3877 ve-

244 3919 523 3970 hementer
549 3914 859 3981 insurrexit,
890 3917 1167 3984 multoque
1193 3930 1311 3970 cum
1342 3924 1551 3970 tumore
1580 3929 1832 3986 progres-

240 4019 361 4060 sum
389 4013 490 4069 est,
525 4006 617 4058 ubi
644 4011 851 4059 venerit
870 4005 935 4059 ad
969 4007 1252 4059 terminum
1280 4005 1376 4074 ipsi
1403 4021 1431 4059 a
1458 4006 1566 4059 Deo
1592 4006 1836 4074 praescri-

242 4105 391 4165 ptum
418 4135 434 4162 ,
468 4095 713 4149 fluctibus
752 4096 802 4148 in
843 4110 1089 4165 spumam
1118 4096 1303 4149 solutis
1333 4097 1382 4149 in
1411 4111 1535 4150 sese
1563 4097 1718 4150 redit.
1766 4096 1834 4149 Et

240 4199 420 4243 tamen
450 4188 575 4257 quid
604 4202 761 4243 arena
792 4188 963 4258 possit
1001 4201 1121 4242 esse
1157 4189 1455 4242 infirmius?
1484 4188 1677 4241 Verum
1724 4202 1830 4241 non

239 4284 327 4337 illa
358 4290 440 4336 est
466 4296 583 4350 qua:
609 4280 888 4351 prohibet,
937 4279 1030 4334 sed
1074 4279 1189 4348 ejus
1210 4289 1383 4333 metus
1409 4279 1497 4347 qui
1544 4279 1829 4332 terminum

237 4374 437 4442 posuit.
468 4372 617 4440 Quod
645 4372 689 4426 si
718 4372 819 4425 hoc
839 4371 1145 4439 exemplum
1176 4385 1278 4424 non
1303 4379 1353 4422 te
1379 4377 1593 4422 revocat
1621 4368 1688 4423 ad
1717 4384 1831 4422 me-

237 4466 591 4531 derationem,
622 4480 741 4534 quae
778 4463 921 4519 Ozias
960 4462 1269 4518 acciderunt
1307 4462 1554 4517 erudiant
1593 4470 1680 4528 te,
1711 4476 1829 4531 qua:

234 4572 380 4611 nunc
409 4571 436 4609 a
470 4556 622 4611 nobis
652 4555 793 4611 dicta
831 4564 975 4609 sunt.

317 4647 550 4700 Vindicta
567 4647 946 4701 mansuetudine
962 4656 1256 4714 temperata.
1276 4678 1347 4688 —
1363 4646 1557 4701 Verum
1578 4645 1826 4715 quoniam

236 4740 371 4794 iram
410 4739 501 4791 Dei
532 4738 759 4791 vidimus
785 4738 1105 4806 dignamque
1132 4738 1409 4801 ultionem,
1437 4751 1534 4805 age
1560 4746 1612 4791 et
1640 4736 1829 4789 huma-

236 4832 458 4885 nitatem
497 4828 611 4897 ejus
636 4828 964 4896 multamque
988 4827 1291 4895 aequitatem
1322 4835 1823 4881 eommonstremus.

234 4921 419 4990 Neque
446 4918 587 4973 enim
630 4933 693 4972 ea
736 4926 938 4972 tantum
968 4916 1191 4972 dicenda
1221 4926 1362 4980 sunt,
1408 4932 1527 4986 quae
1558 4918 1827 4985 pertinent

232 5012 299 5066 ad
352 5010 508 5076 iram,
554 5022 736 5064 verum
778 5009 939 5063 etiam
970 5023 1090 5078 qua:
1119 5008 1183 5061 ad
1214 5008 1677 5062 mansuetudinem
1705 5048 1718 5071 ,
1768 5014 1825 5061 ut

232 5118 409 5173 neque
439 5102 489 5155 in
520 5100 945 5169 desperationem
964 5098 1312 5168 eonjiciamus
1339 5099 1630 5162 auditores,
1651 5113 1823 5168 neque

233 5196 284 5250 in
316 5193 639 5250 socordiam.
669 5192 761 5247 Sic
807 5191 950 5245 enim
997 5200 1051 5245 et
1097 5190 1292 5245 Paulus
1339 5191 1461 5243 facit
1488 5205 1555 5243 ex
1600 5200 1824 5258 utraque

232 5296 542 5355 temperans
562 5281 977 5338 admonitionem
1009 5317 1025 5342 ,
1060 5280 1199 5335 hunc
1230 5281 1281 5333 in
1312 5279 1527 5332 modum
1552 5280 1775 5347 loquens
1805 5295 1819 5331 :

240 5378 369 5432 Vide
393 5379 545 5447 igitur
572 5375 841 5429 bonitatem
863 5388 924 5424 ac
942 5373 1250 5425 severitatem
1277 5371 1366 5425 Dei
1389 5371 1563 5442 (Rom.
1601 5371 1682 5423 11.
1702 5369 1817 5439 22);

233 5484 339 5541 quo
385 5467 543 5522 simul
572 5476 627 5521 et
656 5476 858 5521 terrore
901 5472 956 5518 et
1000 5463 1136 5517 bona
1181 5480 1275 5533 spe
1322 5466 1517 5519 excitet
1564 5479 1682 5517 emn
1731 5464 1819 5531 qui

232 5562 414 5630 lapsus
444 5568 545 5613 est.
580 5557 769 5611 Vidisti
800 5554 1141 5610 severitatem
1184 5554 1315 5607 Dei?
1344 5554 1465 5608 vide
1512 5564 1566 5607 et
1612 5552 1820 5607 bonita-

232 5652 375 5709 tem?
401 5650 676 5720 Quomodo
701 5650 859 5718 igitur
880 5645 1178 5701 videbimus
1200 5646 1526 5700 bonitatem?
1552 5645 1605 5700 Si
1624 5660 1818 5714 cogno-

297 5827 314 5865 ί
351 5836 495 5889 Unus,
518 5832 647 5878 teste
671 5826 861 5887 Savilio,
886 5826 1074 5887 habet,
1141 5822 1367 5888 fragilior
1396 5866 1407 5889 ,
1491 5836 1594 5886 pro,
1628 5822 1779 5871 ril'or.

1289 409 1354 464 IN
1391 406 1615 472 ILLUD,
1659 405 1795 461 VIDI
1839 405 2165 474 DOMINUM,
2209 410 2436 469 flOMlL.
2482 412 2542 468 ν.

3421 437 3532 493 134

1952 526 2183 583 verinms
2212 547 2309 600 qua
2340 549 2397 587 re
2414 534 2605 602 dignus
2635 534 2789 591 fuerit
2818 535 2990 593 Ozias.
3015 540 3216 607 Quibus
3238 539 3404 611 igitur
3422 559 3537 602 erat

1951 617 2249 691 dignus?Ut
2278 626 2433 680 simut
2462 638 2621 699 atque
2649 630 2782 685 intra
2811 646 3021 690 sacrum
3051 641 3362 697 vestibulum
3392 656 3534 701 tanta

1951 725 2071 765 cum
2097 714 2422 783 impudentia
2450 717 2750 789 irrupisset,
2775 724 2918 779 mitte
2944 725 3266 797 fulminibus,
3293 745 3536 795 extremo

1952 806 2210 873 supplicio
2237 811 2581 882 cruciatuque
2603 814 2923 873 afficeretur.
2953 820 3006 875 Si
3033 822 3172 876 enim
3202 824 3274 878 illi
3303 829 3389 895 qui
3420 829 3534 888 hazc

1952 895 2179 963 primum
2210 909 2334 953 sunt
2381 904 2534 967 ausi,
2576 905 2712 961 hanc
2742 909 2938 965 dedere
2987 928 3196 981 ptenam
3224 960 3238 985 ,
3290 922 3534 979 videlicet

1954 986 2178 1081 Dathan,
2199 992 2335 1046 Core
2362 1003 2414 1048 et
2435 996 2635 1050 Abiron
2665 996 2848 1068 (Num.
2875 1001 2987 1072 to),
3012 1007 3178 1059 multo
3205 1013 3371 1081 magis
3394 1013 3535 1070 hunc

1950 1079 2159 1173 adeum
2183 1085 2395 1140 modum
2426 1089 2595 1156 puniri
2622 1095 2878 1160 oportuit,
2898 1098 3066 1163 quine
3090 1079 3531 1173 illorttquuidem

1947 1172 2334 1231 calamitatibus
2364 1178 2522 1233 fuerit
2546 1183 2853 1251 castigatus.
2901 1186 3094 1243 Verum
3141 1190 3243 1247 hoc
3272 1172 3375 1248 non
3411 1195 3535 1251 fecit

1950 1262 2217 1332 Deus,sed
2248 1268 2390 1336 prius
2418 1270 2491 1323 illi
2521 1285 2798 1328 sermones
2826 1276 3059 1333 admovit
3078 1295 3171 1347 per
3198 1285 3530 1341 sacerdotem

1949 1354 2113 1410 multa
2158 1359 2339 1426 plenos
2368 1359 2697 1418 humanitate
2735 1382 2748 1417 :
2782 1367 3026 1437 quodque
3055 1367 3295 1427 Christus
3336 1376 3529 1431 adhur.

1951 1456 2087 1503 tatus
2117 1460 2218 1516 est,
2269 1462 2325 1506 ut
2352 1453 2588 1509 facerent
2617 1455 2858 1512 homines
2886 1462 3093 1528 quoties
3135 1464 3185 1517 in
3219 1479 3277 1519 se
3309 1466 3529 1523 invicem

1947 1543 2301 1608 peccaverint,
2334 1544 2433 1599 hoc
2464 1546 2604 1600 Deus
2634 1548 2754 1603 fecit
2782 1565 2904 1620 erga
2937 1550 3225 1607 hominem.
3254 1556 3384 1610 Nam
3417 1562 3528 1614 ait:

1947 1630 2072 1685 Cum
2098 1636 2371 1703 peccaverit
2399 1638 2448 1689 in
2472 1648 2518 1690 te
2544 1643 2703 1709 frater
2728 1650 2860 1706 tuus,
2887 1643 2987 1707 abi,
3012 1661 3167 1714 argue
3191 1663 3299 1701 eum
3341 1650 3469 1703 inter
3488 1662 3535 1704 te

1947 1734 1994 1779 et
2021 1726 2184 1795 ipsum
2215 1728 2378 1782 solum
2409 1730 2620 1796 (Matth.
2662 1734 2748 1787 18.
2786 1733 2895 1805 15).
2943 1735 3032 1791 Sic
3076 1747 3130 1792 et
3172 1755 3350 1811 regem
3394 1742 3534 1799 lumc

1948 1817 2214 1888 redarguit
2243 1820 2402 1876 Deus.
2434 1822 2499 1877 Et
2539 1822 2783 1879 Christus
2810 1827 3023 1896 quidem
3058 1830 3183 1885 dicit
3214 1850 3227 1886 :
3262 1833 3325 1888 Si
3359 1846 3406 1888 te
3431 1852 3533 1890 non

1949 1909 2165 1962 audierit
2192 1951 2207 1976 ,
2241 1914 2301 1964 sit
2330 1914 2418 1966 tibi
2444 1916 2576 1968 velut
2606 1917 2831 1970 ethnicus
2856 1929 2901 1972 et
2931 1920 3230 1989 publicanus
3275 1924 3433 1995 (Ibid.
3481 1945 3529 1983 υ.

1952 2000 2037 2054 16.
2074 2003 2161 2070 l7)
2194 2020 2206 2054 :
2239 2012 2294 2057 at
2329 2005 2468 2059 Deus
2510 2006 2792 2062 clementia
2834 2011 3075 2080 proprias
3121 2018 3532 2086 supergrcdiens

1950 2092 2111 2162 leges,
2143 2109 2241 2149 nec
2266 2097 2343 2149 sic
2368 2096 2580 2167 quidem
2613 2099 2759 2155 illum
2791 2103 3053 2169 resecuit,
3102 2122 3197 2161 nec
3222 2110 3403 2164 audire
3431 2127 3531 2165 nos

1951 2182 2143 2237 lentem
2176 2184 2641 2258 indignantemque
2669 2188 2865 2259 dejecit
2887 2233 2903 2258 ,
2951 2193 3045 2249 sed
3076 2197 3263 2251 iterum
3291 2201 3531 2269 aggredi-

1950 2284 2035 2328 tur
2083 2276 2411 2346 castigatque
2460 2278 2621 2335 modo
2658 2284 3046 2339 correctionem
3097 2286 3323 2344 habente
3356 2294 3532 2359 potius

1948 2381 2107 2434 quam
2138 2368 2416 2425 ultionem.
2444 2370 2631 2442 Neque
2657 2375 2799 2429 enim
2831 2374 3029 2433 fulmen
3056 2379 3281 2436 viliravit
3306 2400 3335 2438 e
3365 2386 3531 2441 subli-

1948 2458 2039 2518 mi,
2071 2474 2245 2529 neque
2269 2461 2473 2515 exussit
2499 2462 2780 2532 impudens
2808 2477 2989 2536 caput,
3018 2470 3111 2524 sed
3146 2480 3348 2528 tantum
3385 2477 3525 2546 lepra

1946 2551 2240 2619 castigavit.
2272 2554 2447 2623 Atque
2477 2570 2538 2608 ca
2557 2555 2770 2624 quidem
2797 2574 2915 2627 quin
2941 2559 3083 2617 Ozia:
3104 2565 3429 2636 acciderunt,
3454 2571 3531 2626 sic

1950 2638 2145 2695 habent
2178 2659 2192 2695 :
2224 2657 2322 2713 ego
2347 2659 2476 2699 vero
2498 2646 2543 2700 si
2575 2662 2735 2702 unum
2764 2649 3012 2719 quiddam
3039 2654 3212 2711 adhuc
3237 2659 3526 2729 addidero,

1946 2731 2157 2787 dicendi
2199 2736 2355 2789 finem
2405 2737 2617 2793 faciam.
2671 2741 2807 2808 Quid
2853 2756 3031 2800 autem
3064 2746 3163 2803 hoc
3209 2753 3327 2806 est?
3377 2756 3527 2820 Qtind

1951 2830 2152 2898 pridem
2170 2834 2236 2888 ab
2262 2834 2413 2891 initio
2433 2839 2822 2907 quaerebamus,
2842 2858 2939 2899 cur
2953 2860 3072 2899 cum
3093 2847 3143 2900 in
3171 2847 3327 2903 rebus
3360 2858 3531 2904 exter-

1948 2924 2028 2976 nis
2063 2924 2221 2994 iuque
2247 2926 2577 2997 propltetiis,
2616 2946 2805 2987 omnes
2833 2935 3041 2990 soleant
3068 2936 3348 3009 designare
3394 2951 3528 2995 tem-

1947 3029 2073 3083 pora
2106 3018 2227 3070 vita:
2251 3033 2458 3088 regum,
2487 3020 2575 3075 hic
2604 3036 2669 3076 eo
2697 3026 3055 3091 pra:tcrmisso
3074 3068 3089 3094 ,
3122 3037 3329 3098 tempus
3356 3042 3529 3087 sumat

1946 3126 2053 3178 quo
2084 3118 2325 3165 mortuus
2351 3112 2420 3166 sit
2448 3110 2623 3178 Ozias,
2650 3112 2717 3167 ad
2747 3114 2887 3168 hunc
2912 3116 3135 3185 loquens
3164 3121 3377 3176 modum
3414 3140 3427 3176 :
3465 3124 3529 3176 fit

1946 3205 2135 3268 factum
2162 3204 2234 3255 est
2258 3217 2413 3269 anno,
2441 3218 2539 3273 quo
2568 3212 2799 3259 mortuus
2823 3214 2894 3260 est
2913 3206 3063 3262 Ozias
3089 3225 3179 3263 rex
3203 3208 3355 3279 (lsai.
3376 3212 3428 3266 6.
3452 3214 3526 3282 l).

1947 3294 2011 3347 Et
2041 3303 2214 3350 tamen
2249 3303 2458 3365 poterat
2486 3298 2626 3367 regis
2664 3306 2773 3353 tum
2818 3304 3086 3371 regnantis
3116 3312 3326 3377 tempus
3349 3313 3523 3379 expri-

1946 3401 2115 3452 mere,
2148 3387 2593 3457 quemadmodum
2625 3390 2871 3445 omnibus
2901 3394 3175 3463 prophetis
3216 3413 3331 3452 mos
3361 3410 3475 3455 erat
3508 3420 3523 3456 :

1945 3493 2128 3532 verum
2160 3477 2209 3532 id
2239 3494 2345 3536 non
2381 3478 2523 3535 fecit.
2555 3480 2724 3549 Quam
2758 3482 2829 3537 ob
2864 3499 3078 3539 causam
3126 3486 3283 3557 igitur
3313 3506 3416 3544 non
3452 3492 3527 3544 fe-

1944 3572 2013 3624 eit
2038 3571 2059 3623 ?
2084 3570 2197 3625 Mos
2220 3581 2337 3627 erat
2362 3581 2514 3627 vetus
2544 3576 2813 3642 leprosum
2842 3591 2872 3630 e
2904 3577 3117 3633 civitate
3144 3582 3437 3650 expellere,
3472 3593 3526 3635 ut

1945 3672 1997 3715 et
2039 3663 2091 3716 hi
2123 3664 2212 3732 qui
2263 3665 2314 3716 in
2355 3665 2573 3720 civitate
2616 3667 2866 3721 vivebant
2908 3670 3099 3725 melius
3140 3671 3425 3740 haberent,
3474 3688 3527 3731 et

1945 3754 2056 3823 ipse
2085 3754 2329 3824 leprosus
2376 3772 2482 3811 non
2513 3769 2654 3813 esset
2684 3759 2745 3813 iis
2774 3760 2862 3829 qui
2910 3764 3282 3818 contumeliam
3330 3766 3527 3823 inferre

1944 3848 2138 3903 vellent
2166 3859 2517 3904 scommatum
2538 3866 2601 3906 ac
2621 3851 2903 3908 derisionis
2929 3856 3156 3919 occasio,
3174 3857 3267 3912 sed
3294 3867 3351 3911 ut
3375 3871 3524 3913 extra

1945 3940 2212 3995 civitatem
2243 3956 2604 4009 commorans,
2645 3943 2986 3997 solitudinem
3017 3946 3115 3999 veli
3146 3946 3264 4000 loco
3306 3946 3528 4003 haberet

1943 4030 2215 4085 obtentam
2245 4031 2506 4086 adversus
2529 4032 2773 4101 injuriam
2797 4035 3132 4090 calamitatis.
3155 4036 3328 4093 Hocct
3348 4055 3522 4109 regem

1944 4122 2086 4175 hunc
2116 4122 2321 4191 perpeti
2345 4124 2584 4193 oportuit
2619 4134 2738 4194 post
2763 4125 3001 4194 lepram;
3034 4127 3130 4182 sed
3161 4144 3266 4183 non
3309 4146 3521 4201 perpes-

1942 4228 2033 4267 sus
2061 4223 2161 4280 est,
2189 4214 2254 4269 iis
2282 4215 2373 4285 qui
2402 4215 2455 4270 in
2481 4216 2695 4271 civitate
2724 4227 2875 4271 erant
2904 4218 3047 4271 illum
3078 4220 3146 4274 ob
3170 4222 3523 4293 principatum

1941 4304 2340 4370 reverentibus,
2384 4321 2568 4361 verum
2600 4308 2849 4362 manebat
2892 4308 3036 4363 domi
3061 4326 3173 4366 stuc
3203 4313 3521 4369 clanculum.

1943 4395 2051 4449 tlec
2082 4397 2146 4450 ad
2177 4396 2504 4451 iracundiam
2547 4400 2856 4467 provocavit
2900 4400 3086 4465 Deum,
3140 4400 3244 4456 hoc
3290 4406 3524 4472 prephe-

1942 4488 2064 4542 tiam
2108 4489 2337 4544 inhibuit
2376 4507 2388 4543 :
2433 4490 2682 4560 quodque
2727 4501 2966 4560 tempore
3012 4493 3123 4547 lleli
3164 4493 3359 4549 factum
3403 4505 3519 4559 est,

1948 4578 2163 4633 Verbum
2196 4581 2470 4650 pretiosum
2499 4590 2605 4633 erat
2629 4620 2644 4646 ,
2695 4597 2784 4634 nec
2809 4591 2912 4634 erat
2942 4583 3064 4636 visio
3092 4584 3403 4655 distinguens
3445 4586 3520 4656 (ι.

1944 4670 2068 4741 Reg.
2098 4672 2150 4726 5.
2178 4673 2255 4741 1).
2302 4671 2381 4725 Tu
2405 4686 2533 4725 vero
2564 4672 2691 4726 mihi
2734 4671 2823 4727 hic
2873 4688 3084 4743 quoque
3123 4676 3400 4731 considera
3431 4679 3520 4734 Dei

1940 4763 2345 4818 humanitatem.
2397 4763 2510 4818 Non
2551 4766 2692 4819 enim
2722 4765 2982 4820 subvertit
3009 4768 3315 4835 civitatem,
3348 4786 3523 4841 neque

1938 4856 2169 4924 perdidit
2210 4854 2598 4920 inhabitantes;
2641 4854 2732 4909 sed
2775 4856 2915 4926 quod
2945 4857 3100 4911 amici
3150 4858 3350 4914 faciunt
3394 4877 3517 4931 erga

1936 4949 2168 5018 mquales
2201 4946 2419 5013 amicos,
2457 4947 2665 5016 quoties
2697 4946 2894 5001 habent
2920 4949 3116 5019 aliquid
3146 4951 3285 5018 quod
3329 4952 3521 5006 merito

1936 5040 2291 5111 expostulent,
2324 5037 2496 5093 obiter
2519 5040 2730 5094 silentio
2757 5038 2935 5094 ferunt
2958 5050 3327 5109 exspectantes
3356 5058 3369 5095 :
3419 5043 3521 5095 hor.

1936 5140 1990 5185 ct
2023 5134 2157 5185 Deus
2187 5146 2311 5201 erga
2338 5141 2549 5199 gentem
2580 5130 2703 5184 facit
2735 5130 2936 5198 majore
2968 5145 3121 5199 paena
3138 5133 3518 5203 supplicioque

1934 5223 2170 5293 dignam.
2203 5222 2335 5276 Nam
2368 5238 2468 5293 ego
2496 5222 2729 5291 quidem,
2761 5222 2951 5290 inquit,
2985 5221 3116 5291 ejeci
3146 5221 3292 5276 illum
3324 5239 3354 5278 e
3379 5234 3515 5277 tem-

1932 5318 2041 5384 pto,
2076 5330 2169 5369 vos
2196 5326 2374 5370 autem
2405 5330 2471 5369 ne
2499 5330 2529 5368 e
2553 5313 2767 5368 civitate
2791 5313 3007 5383 quidem
3043 5331 3058 5367 :
3086 5329 3185 5386 ego
3212 5314 3360 5371 illum
3401 5320 3516 5369 vin-

1932 5417 2074 5461 ctnm
2105 5408 2271 5476 lepra,
2323 5408 2392 5461 ita
2422 5407 2682 5476 privatum
2708 5405 2937 5473 reddidi,
2986 5420 3079 5460 vos
3108 5416 3283 5462 autem
3330 5427 3395 5463 ιω
3440 5412 3515 5463 cie

1932 5501 2146 5567 quidem
2174 5501 2459 5554 validiores
2490 5500 2733 5553 evasistis
2754 5540 2769 5564 ,
2800 5497 2894 5552 sed
2938 5513 2969 5552 a
2997 5514 3082 5554 me
3102 5500 3510 5555 condemnatum

1935 5611 2040 5649 non
2071 5594 2396 5649 sustinuistis
2441 5607 2473 5647 e
2500 5592 2714 5647 civitate
2761 5590 3081 5662 propellere.
3129 5593 3359 5647 Tametsi
3391 5595 3511 5661 quis

1930 5704 2022 5743 rex
2069 5689 2263 5741 factum
2298 5685 2401 5740 hoc
2434 5685 2695 5753 patienter
2726 5683 2932 5738 tulisset
2960 5724 2975 5749 ,
3028 5698 3199 5755 neque
3245 5684 3511 5737 civitatein

1932 5783 2168 5840 funditus
2194 5780 2564 5846 subvenisset,
2590 5790 2712 5832 cum
2746 5775 2953 5832 videret
2982 5792 3134 5844 eum,
3171 5777 3256 5846 qui
3288 5777 3336 5829 in
3365 5778 3509 5830 exsto
