4048 6492
486 490 600 546 135

495 579 621 637 lium
665 579 742 634 ire
762 579 942 647 jussus
972 579 1143 632 esset,
1177 569 1228 622 In
1261 568 1474 623 civitate
1503 558 1861 619 commorari?
1891 556 2087 610 Verum

495 679 648 738 Deus,
665 645 777 727 hoc
797 687 898 726 non
930 668 1093 730 fecit;
1129 664 1267 718 Deus
1295 661 1438 714 enim
1460 665 1597 716 erat,
1633 668 1740 708 non
1771 651 1952 704 homo.
1984 645 2082 701 libi

495 780 626 822 vero
653 764 804 820 ﬁnita
827 770 910 816 est
931 762 1085 828 hujus
1105 757 1231 820 vita,
1256 753 1413 807 simul
1441 759 1495 805 et
1522 749 1655 802 iram
1681 745 1936 804 adversus
1964 740 2083 793 illos

496 855 786 927 deposuit,
816 847 1218 922 prophetiaeque
1264 845 1407 899 fores
1451 840 1678 909 aperuit,
1713 851 1775 888 ac
1801 846 1987 888 rursus
2014 830 2081 883 ad

496 921 592 1006 eos
630 921 918 1001 rediit.iTu
949 954 1080 996 vero
1109 954 1174 992 ex
1212 929 1662 990 reconciliationis
1705 925 1862 980 modo
1909 921 2083 976 consi-

497 1038 630 1093 dera
655 1035 748 1090 Dei
781 1030 1180 1102 indulgentiam.
1214 1026 1345 1081 Nam
1375 1023 1420 1076 si
1446 1022 1564 1092 quis
1591 1015 1906 1086 expenderit
1921 1012 2082 1078 justi-

505 1129 589 1187 tia:
615 1125 888 1191 rationem
914 1123 954 1188 ιη,
989 1134 1056 1175 ne
1099 1128 1211 1172 tum
1258 1113 1471 1185 quidem
1505 1107 1842 1166 reconciliari
1880 1103 2082 1158 debuit.

500 1219 669 1289 Quam
690 1215 760 1272 ob
781 1226 995 1268 causam
1016 1210 1039 1264 ἵ
1057 1208 1186 1276 Quia
1218 1221 1325 1261 non
1354 1204 1563 1257 illorum
1588 1213 1750 1268 opera
1778 1195 1980 1265 ejectus
2004 1201 2091 1247 est

499 1286 677 1366 Ozias.
707 1305 892 1376 Neque
915 1302 1055 1359 enim
1089 1300 1160 1354 illi
1180 1305 1450 1368 arreptum
1479 1293 1791 1361 abegerant,
1827 1286 1920 1341 sed
1943 1298 2088 1376 mors

502 1409 706 1459 natura:
736 1374 853 1468 lege
878 1392 1266 1463 superveniens
1293 1402 1414 1443 eum
1448 1393 1576 1438 tunc
1613 1397 1644 1436 e
1667 1380 1882 1435 civitate
1908 1374 2084 1445 eiecit.

502 1491 698 1546 Verum
724 1501 848 1557 erga
877 1500 974 1540 nos
1008 1483 1148 1537 Deus
1179 1494 1283 1533 non
1330 1476 1666 1529 minimarum
1710 1483 1890 1524 rerum
1919 1477 2089 1533 usque

501 1583 636 1637 adeo
665 1555 923 1635 ratio—nem
952 1574 1136 1636 habet,
1154 1570 1247 1626 Sed
1271 1576 1474 1623 tantum
1503 1565 1607 1618 hoc
1632 1560 1843 1632 qumrit,
1872 1555 2087 1611 modum

503 1687 628 1728 sese
675 1670 948 1725 nobiscmn
993 1659 1393 1721 reconciliandi.
1425 1653 1652 1711 Proinde
1681 1667 1840 1720 super
1872 1650 1956 1702 his
1983 1662 2093 1701 om-

504 1763 661 1817 nibus
687 1761 884 1832 gratias
904 1769 1122 1828 agamus
1151 1752 1250 1814 illi,
1282 1749 1640 1819 glurilicemus
1670 1743 1810 1796 illius
1842 1736 2087 1794 ineli'abi-

496 1855 611 1909 ,lem
651 1827 1028 1921 bellignitatcm
1073 1863 1086 1899 ε
1129 1858 1229 1914 qua
1278 1856 1374 1894 nos
1426 1852 1614 1892 omnes
1667 1834 1856 1903 dignos
1906 1827 2090 1884 haberi

505 1920 800 2013 contingat,
832 1937 1000 2010 gratia
1029 1945 1084 1990 et
1123 1929 1491 1988 misericordia
1524 1925 1780 1993 unigeniti
1825 1922 1942 1976 Filii
1976 1920 2092 1988 ejus

507 2011 717 2090 Domini
745 2031 920 2087 nostri
956 2029 1079 2084 Jesu
1102 2025 1324 2088 Christi,
1354 2022 1568 2092 quicum
1596 2016 1738 2073 Patri
1767 2014 1955 2085 gloria,
1989 2011 2090 2065 ho-

514 2143 613 2183 nor
629 2135 683 2182 et
708 2124 992 2195 imperium
1017 2162 1032 2188 ,
1056 2119 1213 2174 simul
1242 2131 1362 2170 cum
1388 2113 1588 2184 Spiritu
1615 2117 1802 2163 sancto
1820 2147 1839 2173 ,
1875 2118 2016 2161 nunc
2041 2112 2095 2158 et

506 2233 739 2287 semper,
770 2224 824 2271 et
853 2215 905 2268 in
935 2210 1129 2267 smcula
1161 2205 1501 2262 szeculorum.
1534 2202 1726 2255 Amen.

848 2343 1124 2402 [IOMILIA
1165 2340 1231 2398 IN
1269 2334 1631 2395 SERAPHIM.
1664 2332 1749 2387 Vl.

583 2489 636 2542 i.
668 2486 762 2540 Vix
806 2481 1020 2539 tandem
1064 2477 1207 2533 Ozite
1255 2475 1474 2544 pelagus
1517 2471 1720 2527 emensi
1764 2465 2096 2523 sumus:vix

510 2591 687 2632 autem
715 2589 898 2631 sumus
923 2571 1126 2627 emensi
1148 2609 1163 2630 .
1190 2583 1296 2622 non
1332 2573 1550 2636 propter
1578 2561 1784 2616 itineris
1807 2559 2097 2628 longitudi-

512 2687 634 2726 nem
657 2711 671 2732 ,
700 2665 792 2723 sed
833 2674 1050 2736 promer
1077 2669 1308 2718 vestram
1331 2701 1346 2724 ,
1379 2658 1465 2727 qui
1499 2656 1773 2710 nobiscum
1805 2652 2062 2721 navigatis
2081 2690 2104 2721 ,1

511 2757 755 2820 discendi
791 2755 1154 2827 cupiditatem.
1185 2753 1261 2806 Ita
1306 2749 1627 2820 gubernator
1652 2746 1811 2800 etiam
1858 2753 2100 2797 vectores

515 2862 701 2908 nactus
716 2849 956 2903 curiosos
977 2855 1031 2900 et
1051 2841 1449 2913 magniﬁcarum
1475 2851 1653 2892 rerum
1680 2835 1883 2896 avidos,
1907 2835 2103 2902 quique

518 2941 825 3014 peregrinas
849 2937 1029 2991 videre
1054 2933 1287 3006 gestitmt
1313 2930 1577 2993 civitates,
1595 2943 1700 2980 non
1725 2939 1831 2979 uno
1855 2924 1942 2978 die
1964 2922 2103 2976 viam

515 3033 750 3096 coniicit,
781 3029 906 3084 licet
931 3027 1089 3081 unius
1108 3023 1212 3078 diei
1244 3021 1407 3076 fuerit
1435 3018 1791 3083 intervallum,
1826 3015 1920 3070 sed
1949 3015 2106 3082 longe

517 3125 636 3195 plus
666 3119 922 3189 temporis
948 3126 1122 3171 terere
1143 3113 1379 3184 cogitur,
1402 3110 1530 3164 dum
1556 3109 1622 3162 ad
1654 3109 1890 3178 singulos
1924 3115 2106 3176 portus

519 3215 698 3270 navim
725 3209 964 3281 appellit,
993 3216 1048 3261 et
1075 3204 1309 3276 singulas
1335 3199 1541 3272 ingredi
1569 3201 1728 3255 urbes
1753 3199 1909 3262 sinit,
1934 3207 1992 3251 ut
2010 3211 2105 3251 co-

520 3323 634 3363 rum
657 3302 746 3375 qui
765 3317 948 3358 secum
977 3299 1224 3369 navigant
1246 3295 1518 3367 cupiditati
1539 3293 1810 3366 quidpiam
1830 3291 2104 3362 largiatur.

523 3399 634 3451 Iluc
653 3412 680 3447 a
710 3392 864 3449 nobis
888 3405 1099 3462 quoque
1128 3388 1322 3443 factum
1352 3396 1433 3442 est
1453 3427 1468 3451 ,
1499 3385 1626 3440 dum
1659 3401 1764 3438 non
1793 3383 1993 3438 circum
2024 3383 2106 3437 in-

521 3489 666 3545 sulas
722 3484 1029 3554 navigamus
1052 3522 1068 3545 ,
1117 3493 1217 3534 nec
1268 3477 1504 3547 emporia
1529 3518 1546 3544 ,
1583 3485 1767 3546 portus
1795 3516 1811 3541 ,
1844 3474 2109 3543 urbesque

523 3587 881 3634 monstramus
900 3614 916 3638 ,
949 3572 1040 3628 sed
1073 3571 1307 3625 virorum
1332 3609 1348 3635 ,
1378 3569 1466 3639 qui
1495 3567 1745 3638 praeclare
1771 3581 1830 3620 se
1855 3579 2069 3634 gessere
2092 3604 2114 3640 ι

522 3672 771 3727 virtutem
797 3710 810 3732 ,
843 3678 896 3722 et
943 3679 1130 3720 eorum
1152 3704 1168 3731 ,
1200 3662 1288 3733 qui
1326 3661 1462 3730 lapsi
1505 3667 1630 3715 sunt
1654 3698 1669 3722 ,
1698 3655 2070 3727 negligentiam
2092 3696 2109 3723 ,

524 3763 663 3835 regis
709 3759 1125 3830 impudentiam,
1159 3755 1452 3809 sacerdotis
1499 3752 1551 3807 in
1598 3750 1864 3821 loquendo
1893 3749 2111 3804 liberta-

519 3866 626 3911 tem
654 3893 671 3918 ,
703 3853 833 3905 iram
864 3849 956 3903 Dei
985 3863 1046 3901 ac
1084 3846 1461 3914 benignitatem
1487 3883 1502 3908 ,
1534 3856 1760 3912 quarum
1798 3849 2022 3910 utraque
2046 3839 2113 3893 ad

525 3941 952 4004 emendationem
999 3937 1270 3992 tendebat.
1308 3936 1424 3990 Jam
1475 3947 1601 3987 vero
1643 3947 1764 3986 cum
1810 3931 1875 3984 ad
1916 3932 2113 3999 regiam

520 4030 792 4087 civitatem
829 4029 1228 4100 pervencrimus
1252 4068 1268 4092 ,
1294 4041 1362 4080 ne
1388 4035 1703 4080 cuuctemur
1731 4021 1959 4091 amplius
1977 4062 1992 4086 ,
2021 4021 2114 4076 sed

527 4139 624 4178 nos
655 4123 798 4189 ipsus
820 4127 1084 4190 tamquam
1116 4119 1166 4171 in
1192 4117 1379 4172 urbem
1401 4113 1690 4185 ingressuri
1712 4127 2116 4184 componamus,

523 4221 583 4265 ut
612 4211 691 4265 sic
717 4210 782 4263 ad
813 4211 1082 4264 caelestem
1116 4206 1452 4274 metropolim
1479 4205 1830 4261 ascendamus
1855 4245 1869 4267 ,
1897 4202 2117 4258 Jerusa-

530 4302 666 4363 lem,
699 4300 936 4353 ninnium
982 4307 1221 4352 nostrum
1249 4308 1473 4350 matrem
1506 4338 1521 4363 ,
1554 4312 1672 4366 qua:
1704 4295 1869 4351 libera
1915 4305 2030 4356 est.
2064 4295 2118 4351 in

528 4410 629 4463 qua
658 4392 938 4461 Seraphim
959 4433 972 4454 ,
1002 4392 1052 4444 in
1081 4406 1182 4458 qua
1207 4389 1527 4448 Cheruhim,
1559 4389 1610 4441 in
1639 4404 1738 4457 qua
1765 4387 1926 4441 multa
1956 4388 2117 4442 millia

526 4484 966 4554 archangelurum
994 4524 1007 4546 ,
1036 4492 1090 4535 et
1117 4481 1392 4534 innumera
1425 4480 1732 4549 angelorum
1766 4520 1780 4543 ,
1811 4480 1899 4533 ubi
1930 4481 2118 4533 solium

528 4586 612 4632 est
644 4578 869 4644 regium.
900 4572 1068 4627 Nemo
1095 4572 1252 4642 igitur
1284 4570 1537 4640 profanus
1562 4571 1720 4633 adsit,
1751 4586 1909 4624 nemo
1937 4572 2116 4640 piacu-

534 4669 699 4722 laris:
724 4666 945 4737 mystice
979 4665 1174 4735 quippe
1202 4665 1355 4717 nobis
1379 4663 1728 4729 suscipiendm
1770 4674 1890 4717 sunt
1935 4678 2120 4716 narra-

534 4759 704 4812 tiones
730 4775 743 4810 :
767 4757 1067 4809 imnnmdns
1097 4771 1273 4819 nemo,
1298 4763 1349 4807 et
1380 4753 1477 4807 hoc
1498 4753 1794 4806 auditorum
1821 4763 1960 4806 cmtu
1988 4753 2127 4806 adsit

538 4850 819 4918 indignus:
850 4851 955 4900 huo
983 4863 1110 4901 vero
1140 4845 1393 4916 profanus
1424 4853 1477 4899 et
1525 4846 1807 4913 piacularis
1844 4846 1980 4898 adsit
2011 4846 2126 4912 qui-

535 4942 615 4994 vis
638 4984 649 5000 .
673 4940 765 4993 sed
792 4940 935 4993 omni
965 4937 1094 4992 foris
1135 4938 1438 5006 impurimte
1468 4947 1626 5007 atque
1668 4936 2003 5006 improbitate
2032 4936 2123 4991 de-

536 5030 707 5099 posita
735 5030 812 5083 sic
844 5029 1185 5096 ingrediatur.
1209 5026 1362 5080 lllum
1386 5027 1550 5089 enim,
1579 5027 1666 5096 qui
1692 5037 1868 5080 vestes
1899 5027 2127 5081 habebat

536 5119 817 5183 sordidas,
846 5117 1028 5186 sponsi
1072 5126 1224 5188 pater
1267 5132 1297 5170 e
1353 5117 1533 5186 sponsi
1578 5117 1814 5170 conclavi
1869 5133 2126 5187 Sacraque

537 5211 768 5265 thalamo
813 5211 1043 5280 expulit.
1077 5225 1181 5264 non
1213 5209 1352 5280 quod
1393 5209 1633 5263 sordidas
1674 5220 1848 5264 vestes
1887 5212 2123 5272 haberet,

537 5306 630 5359 sed
661 5304 802 5373 quod
832 5319 919 5357 eas
949 5305 1147 5358 habens
1175 5311 1318 5359 esset
1351 5304 1638 5372 ingressus.
1667 5302 1848 5372 Neque
1883 5305 2024 5356 enim
2055 5304 2125 5358 illi

539 5396 687 5458 dixit,
708 5398 816 5450 Cur
847 5407 1046 5450 vestem
1077 5397 1359 5464 nuptialem
1391 5413 1492 5449 non
1524 5396 1726 5450 habes?
1752 5397 1864 5458 sed,
1899 5395 1999 5451 Cur
2029 5413 2128 5450 non

543 5489 726 5540 habens
755 5498 934 5542 vestem
977 5488 1250 5554 nuptialem
1283 5488 1377 5538 Imc
1414 5488 1611 5540 intrasti
1642 5487 1963 5553 (Matt/1.9.9..
2003 5489 2128 5557 μω

540 5577 753 5644 Stabas,
785 5579 971 5648 inquit,
1007 5579 1314 5633 mentliCans
1344 5579 1393 5631 in
1429 5579 1595 5632 triviis
1617 5621 1629 5641 ,
1661 5595 1831 5648 neque
1862 5589 1960 5632 tunc
1996 5596 2120 5647 pau-

605 5735 620 5762 ι
658 5733 792 5793 Legit
814 5737 1063 5780 Erasmus:
1092 5741 1206 5780 Nam
1227 5731 1268 5781 si
1299 5742 1420 5782 nens
1437 5732 1741 5791 rxpmtrlisset
1755 5732 1960 5792 jttsti't're
1982 5736 2127 5785 ratio-

540 5804 751 5886 rtz-in',nq--
775 5793 883 5886 ruis”
906 5810 967 5838 rm
993 5796 1224 5854 quadrare
1244 5809 1346 5886 Ιιδυη
1373 5796 1579 5855 videtur,
1606 5809 1697 5844 uec
1723 5796 1768 5843 in
1795 5798 2020 5859 t'tropiatu
2039 5797 2127 5847 Co-

593 5869 616 5886 ιδ
655 5871 664 5886 l
746 5882 750 5886 .
778 5871 807 5886 ι“
848 5870 992 5886 ἰιι-11111
1018 5868 1237 5886 ιηιηὶιιςῐιη

560 5863 697 5900 itcum
746 5863 1278 5914 -ιςιιγίοιηίιι,ςυίιητδνρι.

1193 454 1251 511 8.
1292 447 1570 509 JOANNIS
1607 440 2076 503 CHRYSOSTOMI
2114 435 2429 497 ARClllEP.
2469 432 3004 492 CONSTANTINOP.

3693 450 3813 507 136

2196 551 2415 620 pertatis
2442 566 2528 604 me
2556 549 2782 618 puduit,
2811 547 3155 618 ignominiam
3189 554 3333 602 tuam
3358 560 3464 601 non
3495 546 3749 602 exhorrui
3779 589 3796 613 ,

2195 643 2288 698 sed
2319 642 2386 694 ab
2411 642 2497 694 illa
2541 641 2685 694 omni
2712 639 2912 692 vilitate
2943 639 3224 692 liberatum
3266 637 3318 691 in
3347 652 3560 692 sacrum
3592 648 3644 691 te
3670 638 3792 691 tha-

2195 736 2392 788 lamum
2419 732 2710 796 introduxi,
2743 731 2885 800 regia
2917 744 3070 785 coena
3096 745 3212 784 sum
3238 729 3510 798 dignatus,
3537 738 3592 783 et
3617 737 3800 782 extre-

2198 841 2285 880 mo
2313 825 2572 895 supplicio
2611 823 2827 892 dignum
2864 823 2929 875 ad
2973 837 3276 889 supremam
3305 822 3523 891 provexi
3558 821 3791 892 dignita-

2199 925 2303 970 tem
2331 932 2343 968 :
2368 923 2422 966 at
2449 923 2504 967 tu
2531 928 2600 968 ne
2619 912 2893 967 beneﬁciis
2919 910 3137 980 quidem
3169 911 3336 965 lactus
3359 925 3422 966 es
3443 911 3640 965 melior
3657 949 3676 975 ,
3701 909 3796 963 sed

2199 1007 2428 1062 insolita
2456 1006 2805 1074 perversitate
2831 1002 3095 1068 mansisti,
3117 1012 3313 1058 etcum
3346 1003 3398 1057 in
3419 1003 3655 1073 nuptias,
3684 1010 3797 1055 tum

2197 1099 2249 1155 in
2268 1113 2525 1168 sponsum
2555 1098 2722 1166 ipsum
2747 1096 3169 1150 contumeliosus
3190 1094 3354 1150 fuisti.
3380 1095 3476 1149 Abi
3496 1109 3629 1164 ergo
3651 1092 3801 1147 dein-

2194 1205 2341 1261 ceps.
2375 1199 2429 1246 et
2453 1189 2658 1244 debitas
2682 1196 2827 1246 tanto
2852 1187 3056 1256 stupori
3086 1201 3271 1256 poenas
3298 1185 3443 1241 dato.
3469 1184 3666 1240 Videat
3691 1186 3795 1254 igi-

2197 1294 2283 1339 tur
2318 1282 2682 1352 unusquisque
2713 1289 2954 1334 nostrum
2980 1319 2995 1342 ,
3021 1293 3088 1332 ne
3114 1277 3251 1333 forte
3280 1277 3438 1334 talem
3465 1292 3655 1332 vocem
3699 1292 3798 1329 an-

2196 1376 2307 1429 diat
2334 1414 2349 1441 ,
2380 1382 2436 1428 et
2461 1373 2607 1427 omni
2649 1372 2857 1440 abjecta
2895 1370 3217 1440 cogitatione
3288 1384 3408 1439 quae
3430 1368 3694 1439 spirituali
3726 1367 3802 1422 sit

2197 1465 2411 1535 indigna
2438 1463 2680 1518 doctrina
2705 1503 2720 1527 ,
2750 1462 2819 1515 ita
2847 1475 3014 1516 sacra;
3055 1474 3256 1517 mensa
3283 1461 3547 1530 particeps
3582 1459 3694 1514 ﬁat.
3727 1457 3799 1512 Et

2198 1563 2390 1628 factum
2418 1565 2508 1619 est,
2540 1555 2728 1625 inquit,
2754 1555 2808 1606 in
2836 1569 2992 1619 anno,
3019 1568 3119 1621 quo
3148 1563 3375 1606 mortuus
3397 1563 3470 1607 est
3499 1553 3654 1606 Ozias
3678 1569 3794 1618 rex,

2195 1650 2299 1703 vidi
2318 1647 2593 1702 Dominum
2614 1645 2865 1701 sedentem
2890 1645 2944 1698 in
2971 1646 3099 1699 solio
3126 1645 3322 1700 excelso
3349 1653 3396 1698 et
3419 1645 3608 1699 elevato
3633 1644 3796 1714 (Isai.

2197 1742 2249 1797 6.
2285 1742 2360 1813 l).
2393 1738 2673 1808 Quomodo
2698 1737 2907 1803 viderit,
2934 1737 3155 1791 minime
3176 1737 3318 1790 novi.
3341 1735 3410 1792 Se
3429 1736 3574 1791 enim
3595 1735 3798 1791 vidisse

2197 1833 2366 1899 dixit,
2393 1828 2663 1901 quomodo
2701 1837 2878 1882 autem
2925 1827 3159 1893 viderit,
3200 1827 3400 1881 tacuit:
3427 1826 3637 1894 excipio
3671 1841 3796 1895 quae

2198 1925 2342 1979 dicta
2369 1930 2528 1986 sunt,
2557 1936 2678 1990 qua:
2702 1919 2915 1973 silentio
2942 1932 3231 1988 suppressa
3253 1925 3415 1982 sunt,
3447 1917 3659 1972 curiose
3685 1931 3798 1971 non

2203 2015 2413 2084 inquiro
2441 2032 2454 2068 :
2477 2027 2596 2083 qua:
2642 2011 2874 2066 revelata
2908 2015 3070 2075 sunt,
3103 2009 3341 2078 intelligo
3363 2043 3380 2072 ,
3400 2023 3519 2077 qua:
3544 2015 3669 2061 sunt
3697 2021 3796 2066 oc-

2199 2109 2418 2172 cultata,
2451 2121 2557 2160 non
2589 2113 2800 2159 scrutor
2825 2121 2838 2157 :
2867 2102 3068 2157 idcirco
3099 2116 3328 2171 namque
3355 2108 3480 2154 sunt
3504 2099 3795 2154 occultata.

2202 2200 2396 2270 Peplus
2422 2207 2504 2253 est
2529 2213 2720 2252 aureus
2743 2194 3008 2263 expositio
3027 2193 3337 2262 Scripturre,
3352 2201 3558 2246 stamen
3583 2201 3666 2245 est
3693 2205 3797 2242 au-

2201 2309 2339 2358 rum,
2359 2293 2673 2360 subtegmen
2695 2303 2904 2343 aurum.
2934 2289 3262 2341 Aranearum
3285 2285 3415 2340 telas
3447 2298 3551 2337 non
3581 2293 3794 2337 attexo:

2202 2387 2325 2441 novi
2351 2385 2732 2454 cogitationum
2755 2396 2990 2438 mearum
3020 2378 3459 2435 imbecillitatem.
3485 2377 3611 2431 Noli
3632 2388 3800 2430 trans-

2203 2481 2333 2548 ferre
2360 2479 2598 2532 terminos
2624 2475 2856 2540 antiquos
2879 2512 2896 2538 ,
2926 2472 3097 2540 inquit
3118 2509 3136 2536 ,
3164 2486 3288 2539 quos
3312 2477 3585 2539 posuerunt
3630 2478 3799 2536 patres

2205 2571 2277 2624 tui
2297 2569 2479 2638 (Prov.
2501 2568 2592 2622 22.
2624 2566 2737 2634 28).
2762 2563 3046 2619 Terminus
3079 2575 3298 2616 movere
3328 2568 3498 2614 tutum
3539 2574 3645 2613 non
3671 2569 3756 2612 est
3781 2575 3794 2612 :

2203 2670 2258 2716 et
2287 2675 2393 2730 quo
2437 2668 2593 2728 pacto
2616 2696 2631 2719 ,
2663 2671 2780 2724 qum
2827 2656 2965 2709 Deus
3003 2652 3217 2722 posuit,
3249 2649 3676 2705 transferemus?
3707 2649 3800 2702 Vis

2204 2753 2433 2815 discere,
2458 2747 2726 2820 quomodo
2755 2745 2944 2800 viderit
2975 2744 3139 2798 Deum
3163 2742 3184 2795 ?
3210 2741 3333 2797 Fias
3363 2749 3417 2795 tu
3442 2755 3654 2810 quoque
3678 2756 3801 2809 pro-

2209 2843 2387 2911 pheta.
2417 2841 2515 2907 Qui
2538 2839 2650 2893 tieri
2680 2846 2848 2907 potest
2875 2837 2979 2890 hoc
3001 2876 3016 2900 ,
3044 2833 3272 2904 inquies,
3300 2848 3423 2888 cum
3447 2847 3672 2887 uxorem
3701 2832 3798 2884 ha-

2212 2933 2363 2987 beam
2388 2972 2403 2993 ,
2435 2946 2555 2984 cum
2597 2928 2727 2984 mihi
2752 2943 2895 2983 cura:
2921 2929 2990 2982 sit
3018 2926 3264 2980 educatio
3297 2925 3632 2979 liberorum?
3663 2922 3801 2976 Fieri

2209 3024 2424 3096 quidem
2455 3032 2658 3092 potest,
2690 3022 2734 3074 si
2765 3020 2928 3084 velis,
2954 3018 3251 3073 carissime.
3280 3015 3412 3071 Nam
3443 3026 3497 3070 et
3525 3017 3638 3084 ipse
3669 3030 3799 3068 uxo-

2210 3130 2325 3170 rem
2355 3114 2556 3177 habuit,
2585 3122 2641 3169 et
2669 3113 2895 3166 duorum
2922 3117 3073 3180 pater
3099 3108 3302 3162 exstitit
3330 3108 3641 3172 liberorum,
3672 3105 3802 3159 nihil

2212 3217 2386 3260 tamen
2417 3205 2606 3258 horum
2635 3202 3011 3273 impedimento
3039 3199 3117 3254 illi
3144 3199 3257 3255 fuit.
3279 3197 3463 3268 Neque
3484 3199 3626 3253 enim
3652 3197 3807 3252 nobis

2211 3300 2645 3370 impedimentum
2693 3307 2776 3352 est
2817 3294 3023 3352 itineris
3043 3293 3110 3348 ad
3147 3307 3366 3363 regnum
3395 3292 3647 3347 caelorum
3677 3307 3806 3345 cm:-

2208 3394 2412 3464 jngium
2438 3409 2451 3444 :
2474 3392 2725 3461 quoniam
2764 3390 2810 3444 si
2845 3387 3283 3458 impedimentum
3312 3393 3477 3449 esset,
3505 3392 3562 3437 et
3587 3381 3806 3436 insidias

2214 3483 2370 3538 nobis
2417 3490 2662 3550 paratura
2705 3477 2892 3533 luisset
2935 3492 3108 3538 uxor.
3153 3489 3275 3530 cum
3315 3488 3433 3527 eam
3463 3487 3492 3524 a
3544 3469 3807 3540 principio

2213 3581 2422 3630 crearet
2467 3573 2645 3635 Deus,
2691 3569 3004 3638 adiutricem
3055 3581 3162 3621 non
3215 3563 3556 3633 appellasset.
3607 3561 3805 3616 Vellem

2215 3664 2462 3735 equidem
2479 3663 2676 3727 dicere,
2697 3660 2948 3731 quidnam
2967 3658 3039 3714 sit
3055 3658 3222 3713 Deum
3239 3656 3454 3711 sedere:
3474 3669 3645 3725 neque
3667 3655 3807 3709 etum

2217 3757 2359 3812 Deus
2385 3755 2534 3812 sedet
2559 3771 2572 3810 :
2597 3769 2718 3809 cum
2749 3753 2833 3807 hic
2859 3751 2928 3808 sit
2954 3764 3240 3818 corporum
3270 3748 3426 3815 situs,
3460 3746 3605 3802 Deus
3629 3757 3806 3800 autem

2215 3851 2287 3906 sit
2310 3853 2674 3917 incorporeus.

2287 3943 2340 3994 2.
2384 3940 2656 4009 Seraphim
2698 3936 2920 4007 dignitas
2967 3936 3214 3990 maxima.
3250 3963 3323 3975 -—
3370 3932 3572 3988 Vellem
3626 3931 3811 3984 dicere

2220 4032 2348 4103 quid
2380 4033 2450 4086 sit
2474 4031 2671 4084 solium
2705 4030 2797 4083 Dci
2828 4042 3045 4096 :‘neque
3089 4027 3232 4081 enim
3281 4025 3460 4094 utique
3488 4025 3626 4078 solio
3672 4023 3810 4076 Deus

2221 4120 2727 4192 comprehenditur,
2778 4134 2900 4172 cum
2941 4115 3307 4172 circumscribi
3361 4115 3580 4167 minime
3647 4111 3812 4178 possit

2223 4213 2429 4269 Numen
2455 4227 2468 4263 :
2496 4212 2590 4265 sed
2618 4224 2810 4263 vereor
2833 4249 2849 4272 ,
2882 4223 2950 4262 ne
2976 4208 3020 4261 si
3073 4205 3329 4260 docendis
3372 4203 3489 4255 istis
3531 4203 3808 4264 immorer,

2225 4308 2530 4379 protraham
2559 4303 2723 4359 debiti
2747 4301 3092 4356 solutionem.
3119 4297 3317 4352 Omnes
3348 4295 3489 4348 enim
3513 4294 3667 4347 video
3695 4308 3814 4345 nar-

2224 4400 2415 4454 rationi
2445 4398 2514 4452 de
2562 4396 2842 4463 Seraphim
2900 4392 3127 4452 inhiare,
3157 4405 3262 4442 non
3305 4389 3472 4441 solmu
3504 4384 3692 4447 hodie,
3721 4383 3811 4438 sed

2221 4491 2329 4556 jam
2364 4489 2486 4542 inde
2512 4503 2540 4539 a
2574 4488 2746 4554 primo
2772 4486 2859 4538 die
2886 4500 2898 4535 :
2933 4491 3260 4553 quapropter
3280 4477 3672 4532 multitudinem
3701 4489 3816 4528 sen-

2228 4581 2510 4633 tentiarum
2564 4587 2833 4644 tamquam
2885 4574 3161 4627 hominum
3203 4581 3398 4625 emtum
3453 4584 3645 4636 magno
3693 4582 3812 4619 cum

2229 4672 2430 4739 impetu
2478 4676 2850 4721 occurrentem
2896 4675 3270 4735 perrumpens,
3293 4659 3358 4713 ad
3388 4659 3779 4727 expositionem

2231 4761 2370 4814 illam
2393 4765 2572 4812 nostra
2593 4757 2805 4811 festinat
2824 4755 3015 4809 oratio.
3042 4752 3108 4806 Et
3132 4751 3402 4821 Seraphim
3427 4752 3626 4803 stabant
3649 4749 3700 4801 in
3719 4748 3813 4800 cir-

2229 4845 2366 4897 cuitu
2386 4843 2514 4911 ejus,
2533 4842 2696 4910 inquit
2722 4840 2870 4908 (lsai.
2891 4842 2943 4893 6.
2961 4839 3041 4908 2).
3065 4838 3201 4892 Ecce
3222 4834 3521 4904 Seraphim,
3541 4850 3660 4902 qua:
3682 4833 3810 4886 vidc-

2233 4952 2289 4990 re
2314 4935 2439 4989 olim
2469 4934 2764 5003 cupiebatis
2790 4945 2996 4985 omnes.
3019 4928 3462 4997 Contemplamini
3485 4941 3633 4995 ergo,
3654 4937 3705 4980 et
3729 4941 3812 4978 cu-

2233 5026 2509 5094 piditatem
2539 5023 2748 5091 explete
2777 5041 2788 5074 :
2823 5021 2916 5075 sed
2941 5037 3045 5075 non
3075 5035 3196 5074 cmn
3226 5020 3473 5083 tumultu,
3502 5033 3674 5086 neque
3698 5031 3816 5084 pro.

2234 5117 2441 5186 peranti
2469 5117 2790 5182 cogitatione
2816 5154 2830 5174 ,
2858 5114 2997 5166 sicut
3023 5111 3081 5165 lit
3112 5111 3165 5164 in
3197 5111 3581 5180 lmperatornm
3625 5108 3813 5177 ingrcs-

2235 5225 2335 5263 su:
2372 5224 2492 5261 nam
2544 5208 2652 5261 illic
2691 5205 2905 5274 quidem
2953 5203 3094 5258 istud
3144 5205 3315 5274 ipsum
3367 5202 3558 5258 werito
3605 5200 3814 5256 accidit.

2235 5299 2417 5368 Neque
2441 5299 2579 5351 enim
2612 5305 2856 5365 Spectant
2877 5296 3139 5349 satellites
3163 5336 3178 5358 ,
3212 5304 3267 5348 ut
3299 5303 3626 5361 spectatores
3653 5292 3818 5346 oculis

2235 5401 2423 5444 cuncta
2453 5392 2716 5451 lustrent;
2750 5388 2867 5450 sed,
2892 5397 3179 5456 antequam
3219 5396 3365 5441 recte
3388 5383 3658 5448 viderint,
3690 5400 3810 5452 pras-

2238 5482 2399 5536 terire
2435 5483 2555 5534 illos
2595 5488 2792 5548 cogunt
2822 5496 2834 5530 :
2864 5479 2949 5532 hic
2977 5493 3107 5533 vero
3154 5493 3260 5531 non
3293 5478 3362 5530 ita
3395 5493 3408 5530 :
3439 5475 3531 5529 sed
3575 5483 3815 5528 contem-

2236 5574 2525 5644 plationem
2575 5582 2813 5625 nostram
2864 5571 3005 5625 sistit
3053 5572 3264 5634 oratio,
3312 5581 3592 5637 quousque
3644 5567 3816 5618 omnia

2236 5664 2630 5734 percurreritis,
2661 5679 2777 5731 qum
2803 5663 3040 5731 percurri
3070 5677 3098 5714 a
3125 5660 3277 5714 vobis
3301 5667 3539 5727 possunt.
3571 5656 3633 5709 Et
3661 5656 3812 5710 Sera-

2237 5757 2375 5825 phim
2397 5755 2595 5808 stabant
2623 5756 2674 5807 in
2704 5755 2914 5807 circuitu
2938 5756 3068 5824 ejus.
3100 5755 3242 5805 Ante
3271 5759 3470 5803 natura:
3513 5748 3816 5817 dignitatem

2236 5863 2334 5903 nos
2360 5849 2537 5902 docuit
2560 5848 2712 5901 iSIam
2749 5863 2811 5902 ex
2838 5848 2938 5902 luci
2962 5846 3154 5902 vicinia
3183 5845 3515 5913 dignitatem.
3544 5841 3659 5896 Non
3687 5843 3818 5900 enim
