4048 6464
282 412 392 469 137

281 534 416 590 dixit
448 533 698 603 primum,
722 544 962 606 quaenam
985 528 1262 598 Seraphim
1290 536 1490 593 essent,
1521 525 1615 581 sed
1640 523 1731 579 ubi
1758 531 1865 577 sta-

281 633 403 681 rent
462 624 622 678 dixit.
663 622 790 677 Haec
838 620 978 675 enim
1023 620 1250 689 dignitas
1288 617 1458 687 major
1503 624 1583 672 est
1607 615 1716 670 illa.
1746 613 1863 681 Quo

280 717 493 769 tandem
534 713 729 783 pacto?
754 711 906 779 Quod
957 710 1206 765 nimirum
1256 708 1392 762 haud
1424 708 1495 761 ita
1524 706 1855 761 demonstret

276 822 498 877 magnas
546 806 665 859 illas
715 818 835 859 esse
875 803 1133 866 virtutes,
1181 800 1323 871 quod
1371 800 1475 853 sint
1539 796 1859 865 Seraphim,

275 913 434 968 quam
465 896 607 967 quod
639 909 803 965 prope
839 894 1028 948 solium
1057 900 1200 946 stent
1232 891 1454 959 regium.
1500 887 1631 943 Nam
1680 897 1735 942 et
1764 899 1862 940 nos

276 987 397 1041 illos
430 987 717 1041 nobiliores
747 999 866 1040 eSse
913 983 1167 1037 satellites
1196 981 1551 1045 arbitramur,
1579 977 1670 1047 qui
1704 978 1855 1046 juxta

269 1079 457 1149 jugum
486 1079 617 1150 regii
648 1091 837 1132 currus
866 1075 1137 1130 incedunt.
1183 1073 1258 1127 Ita
1289 1085 1497 1143 quoque
1516 1070 1766 1124 virtutum
1798 1067 1860 1122 il-

273 1170 446 1224 larum
476 1170 908 1237 incorporearum
939 1164 1261 1219 illustriores
1287 1171 1412 1217 sunt
1441 1162 1709 1230 illaz,~qu:e
1722 1159 1859 1212 solio

272 1260 367 1316 Dei
392 1271 515 1314 sunt
545 1260 819 1328 proximae.
842 1257 1044 1312 Idcirco
1069 1256 1231 1311 etiam
1258 1252 1515 1324 pmplieta
1534 1251 1602 1306 de
1627 1250 1858 1305 naturali

270 1366 460 1405 eorum
499 1350 754 1420 dignitate
794 1349 1061 1402 disserere
1098 1346 1389 1409 omittens,
1417 1343 1568 1412 prius
1596 1340 1752 1395 nobis
1792 1339 1858 1395 de

268 1441 372 1495 loci
424 1440 767 1509 prterogativa
809 1437 1062 1503 disserit,
1088 1435 1231 1505 quod
1270 1436 1409 1488 hunc
1437 1433 1695 1502 majorem
1737 1444 1859 1486 esse

268 1531 405 1585 sciat
424 1540 668 1584 ornatum
690 1570 704 1594 ,
724 1537 784 1583 et
809 1528 875 1583 ab
901 1527 1005 1581 hoc
1033 1535 1236 1580 natura:
1263 1524 1473 1579 illorum
1513 1520 1860 1589 pulchritudi-

269 1635 397 1675 nem
429 1621 723 1674 dimanare.
750 1620 861 1672 Hoc
885 1618 1027 1673 enim
1054 1616 1223 1685 gloria
1242 1657 1258 1683 ,
1290 1615 1493 1679 honor,
1520 1622 1575 1669 et
1593 1612 1858 1668 securitas

266 1712 467 1775 omnis,
499 1720 556 1764 ut
587 1712 641 1763 in
668 1710 890 1764 circuitu
919 1708 1037 1762 Solii
1068 1708 1209 1763 illius
1228 1715 1552 1777 appareant.
1578 1704 1693 1761 Hoc
1720 1713 1776 1759 et
1802 1704 1852 1758 in

263 1802 473 1870 angelis
515 1815 737 1855 cernere
789 1800 911 1854 licet
938 1817 954 1853 :
980 1813 1101 1853 nam
1131 1807 1187 1853 et
1212 1798 1332 1853 illos
1356 1811 1477 1852 esse
1504 1810 1723 1866 magnos
1754 1809 1854 1850 vo-

266 1897 383 1946 lens
412 1890 655 1947 Christus
677 1893 963 1948 ostendere
989 1933 1004 1956 ,
1040 1907 1144 1945 non
1173 1906 1270 1946 eos
1303 1890 1523 1960 angelos
1543 1903 1662 1944 esse
1684 1888 1849 1950 dixit,

264 1993 321 2038 et
347 1985 513 2037 tacuit
544 2001 558 2037 :
586 1984 678 2039 sed
701 2026 717 2050 ,
762 1984 894 2049 Quia
940 1983 1111 2054 angeli
1139 1998 1314 2037 eorum
1355 1998 1552 2051 semper
1576 1981 1743 2034 vident
1764 1983 1851 2051 fa-

262 2076 392 2129 ciem
430 2075 601 2130 Patris
632 2077 728 2130 mei
752 2077 836 2146 qui
859 2076 912 2129 in
940 2075 1077 2129 catis
1102 2084 1172 2128 est
1201 2073 1417 2143 (Matth.
1446 2073 1533 2127 18.
1559 2071 1671 2141 10).
1715 2070 1848 2125 Nam

263 2179 323 2224 ut
344 2170 455 2224 illic
481 2170 717 2239 angelica
747 2169 1005 2238 dignitate
1029 2170 1201 2236 majus
1223 2176 1305 2221 est
1333 2164 1521 2220 faciem
1558 2165 1731 2218 Patris
1765 2164 1850 2217 vi-

258 2262 428 2316 dere:
460 2261 540 2315 sic
565 2271 617 2315 et
643 2260 899 2331 dignitate
919 2260 1197 2329 Seraphim
1225 2257 1395 2327 majus
1436 2265 1518 2311 est
1547 2256 1597 2310 in
1620 2254 1849 2311 circuitu

259 2363 406 2408 stare
433 2354 584 2416 solii,
616 2362 777 2421 atque
817 2352 869 2406 in
911 2367 1097 2406 eorum
1127 2350 1306 2406 medio
1355 2350 1527 2418 ipsum
1566 2363 1708 2403 esse.
1742 2348 1849 2403 Sed

258 2456 314 2499 ct
345 2446 449 2500 hoc
494 2460 742 2514 magnum
776 2445 891 2499 ﬁeri
926 2452 1100 2513 potest
1143 2452 1201 2497 ut
1242 2441 1552 2511 adipiscaris
1596 2441 1638 2495 si
1668 2441 1845 2494 velis:

260 2555 366 2593 non
412 2542 552 2593 enim
595 2549 681 2593 est
718 2539 769 2591 in
804 2537 994 2592 'medio
1034 2535 1314 2605 Seraphim
1345 2544 1569 2595 tantum,
1595 2533 1688 2587 sed
1716 2533 1849 2587 etin

258 2631 439 2685 medio
468 2630 636 2685 nostri
668 2632 937 2698 ipsorum,
968 2629 1011 2681 si
1040 2628 1282 2682 velimus.
1318 2626 1417 2681 Ubi
1437 2627 1566 2679 enim
1594 2633 1708 2678 sunt
1744 2624 1847 2677 duo

259 2721 336 2774 vel
362 2730 459 2773 tres
489 2720 812 2790 congregati,
843 2718 1047 2787 inquit,
1073 2719 1127 2770 in
1153 2719 1353 2770 nomine
1389 2732 1525 2778 meo,
1556 2718 1622 2768 ibi
1652 2732 1765 2768 sum
1793 2716 1848 2769 in

258 2814 423 2866 medio
439 2829 608 2867 eorum
629 2812 842 2882 (Matth.
868 2812 955 2867 18.
972 2811 1089 2881 20);
1121 2820 1195 2878 et,
1215 2809 1462 2864 Dominus
1485 2811 1633 2880 juxta
1657 2819 1728 2865 est
1748 2810 1810 2864 iis
1827 2851 1844 2877 ,

255 2906 344 2974 qui
365 2906 579 2957 contrito
599 2914 717 2958 sunt
742 2906 910 2972 corde,
936 2916 981 2958 et
1002 2905 1215 2957 humiles
1238 2905 1419 2972 spiritu
1439 2904 1649 2957 salvubit
1672 2903 1839 2973 (Psal.

256 2998 481 3066 33.19).
508 2998 791 3067 Propterea
816 2998 1008 3052 clamat
1026 2997 1186 3051 etiam
1212 2996 1410 3051 Paulus
1439 3013 1452 3049 :
1486 2996 1613 3063 Qua:
1643 3012 1845 3051 sursum

256 3099 372 3142 sunt
401 3090 598 3158 sapite,
648 3091 731 3142 ubi
779 3088 1006 3143 Christus
1052 3098 1124 3143 est
1169 3089 1223 3141 in
1272 3088 1481 3142 dextera
1526 3087 1622 3140 Dei
1669 3088 1845 3140 sedens

256 3177 478 3247 (Coluss.
511 3180 564 3233 5.
594 3179 675 3246 2).
710 3178 871 3233 Vides
903 3187 959 3232 ut
990 3194 1089 3233 nos
1116 3194 1236 3232 cum
1267 3177 1546 3245 Seraphim
1575 3177 1842 3242 statuerit,

255 3280 308 3321 ct
330 3269 480 3335 juxta
510 3270 714 3337 ri-gium
757 3269 947 3322 solium
978 3266 1298 3321 deduxerit?
1340 3266 1543 3321 Deinde
1584 3266 1797 3335 subjicit
1826 3283 1840 3322 :

256 3361 364 3417 Sea:
392 3362 491 3416 alte
516 3362 631 3425 uni,
664 3370 711 3415 et
737 3377 827 3415 sea:
853 3361 951 3414 alte
968 3361 1113 3415 alteri
1140 3359 1307 3431 (Isai.
1337 3359 1389 3415 6.
1418 3360 1495 3431 9).
1526 3360 1659 3427 Quid
1690 3360 1845 3416 nobis

256 3452 336 3506 Im
377 3467 470 3504 sex
515 3450 613 3504 alae
654 3451 970 3520 designant?
1010 3450 1391 3515 Altitudinem,
1422 3450 1838 3514 sublimitatem,

255 3542 561 3605 lewtatem,
586 3541 912 3595 celeritatem
942 3552 1247 3594 naturarum
1289 3541 1522 3595 illarum.
1556 3541 1841 3610 Propterea

252 3632 472 3689 Gabriel
498 3643 711 3702 quoque
749 3632 1025 3687 descendit
1062 3632 1234 3687 alatus
1256 3674 1269 3697 ,
1298 3647 1403 3687 non
1436 3632 1575 3703 quod
1614 3633 1712 3688 alis
1757 3634 1840 3686 in-

253 3733 457 3779 structa
488 3725 560 3777 sit
586 3724 898 3793 incorporea
930 3724 1014 3776 illa
1046 3732 1267 3788 natura,
1313 3724 1410 3778 sed
1437 3722 1576 3793 quod
1601 3722 1670 3777 ab
1697 3723 1843 3777 altis-

252 3817 406 3870 simis
438 3816 452 3846 ⁸
486 3815 615 3869 locis
646 3815 749 3870 illis
792 3814 1167 3881 descenderit,
1198 3830 1261 3870 ac
1294 3816 1541 3885 supernis
1581 3816 1683 3869 illis
1712 3831 1843 3870 con-

254 3907 503 3962 ventibus
519 3907 715 3960 relictis
729 3905 1022 3961 advenerit.
1041 3906 1175 3974 Quid
1196 3918 1373 3961 autem
1393 3909 1491 3962 sibi
1508 3909 1619 3962 vult
1638 3910 1841 3964 alarum

254 3997 551 4052 numerus?
593 3997 704 4051 Hoc
745 3997 862 4052 loco
906 4008 1086 4053 nostra
1132 3999 1575 4069 interpretatione
1602 4001 1733 4055 nihil
1762 4008 1845 4056 est

252 4104 391 4159 opus
420 4110 434 4142 :
468 4092 697 4158 seipsam
727 4090 867 4144 enim
897 4090 1066 4143 oratio
1096 4093 1225 4147 satis
1259 4092 1539 4160 exposuit,
1570 4108 1690 4147 cum
1722 4093 1842 4146 illa-

254 4197 376 4235 mm
426 4181 580 4234 nobis
624 4196 779 4235 usum
830 4182 1081 4236 indicavit
1112 4198 1125 4234 :
1160 4182 1372 4236 Duabus
1415 4185 1557 4238 enim
1583 4226 1598 4249 ,
1632 4186 1837 4254 inquit,

253 4272 544 4342 aperiebant
565 4272 749 4337 faciem
786 4288 962 4339 suam;
990 4272 1209 4339 merito,
1236 4281 1502 4343 tamquam
1529 4275 1713 4329 oculos
1738 4276 1839 4329 du-

256 4363 379 4427 plici
411 4361 641 4431 quodam
673 4372 826 4431 septo
850 4363 1153 4418 munientes
1175 4404 1189 4429 ,
1237 4364 1377 4433 quod
1410 4365 1743 4421 exsilientem
1773 4367 1839 4421 ab

262 4453 359 4509 illa
379 4453 547 4522 gloria
577 4453 838 4523 fulgorem
868 4454 1087 4508 minime
1115 4454 1331 4509 ferrent.
1363 4454 1428 4508 Et
1453 4455 1651 4511 duabus
1688 4458 1837 4527 pedes

252 4547 550 4617 obtegebant
573 4586 586 4609 ,
618 4547 688 4602 ob
713 4545 955 4601 eamdem
988 4546 1124 4601 forte
1148 4548 1655 4603 consternationem.
1686 4549 1838 4604 Sole-

253 4653 373 4693 mus
403 4640 599 4709 quippe
620 4654 720 4692 nos
744 4640 1055 4701 etiam,cum
1073 4645 1265 4705 stupor
1282 4639 1476 4708 aliquis
1497 4656 1595 4696 nos
1626 4642 1837 4697 invase-

253 4730 357 4791 rit,
391 4743 587 4797 corpus
625 4729 770 4783 omni
799 4743 865 4783 ex
913 4737 1063 4797 parte
1105 4739 1413 4799 contegere.
1468 4732 1603 4797 Quid
1644 4749 1837 4801 corpus

250 4819 405 4882 dico,
434 4832 557 4873 cum
587 4828 642 4872 et
669 4817 768 4886 ipsi
794 4818 988 4872 animm
1018 4818 1121 4872 hoc
1147 4821 1427 4889 contingat
1469 4822 1520 4875 in
1549 4825 1839 4892 apparitio-

251 4911 411 4966 nibus
440 4926 559 4979 quze
584 4908 800 4964 modum
824 4910 1121 4974 excedunt,
1153 4922 1205 4966 et
1253 4915 1510 4981 repressis
1539 4916 1837 4972 actionibus

253 5002 365 5057 suis
392 5000 457 5055 ad
495 5000 741 5054 inferiora
780 4999 1083 5070 confugiat,
1111 5017 1276 5073 seque
1314 5017 1539 5073 corpore
1568 5014 1837 5076 tamquam

253 5093 417 5163 pallio
445 5089 671 5160 quodam
693 5090 977 5145 obvolvat?
1000 5090 1379 5147 Verumtamen
1402 5110 1557 5148 nemo
1585 5112 1705 5151 cum
1730 5107 1840 5151 stu-

258 5198 443 5253 porem
466 5191 520 5235 et
539 5182 1022 5236 consternationem
1051 5184 1216 5249 audit,
1248 5186 1454 5240 tristem
1477 5188 1707 5257 aliquem
1734 5189 1840 5245 illis

256 5275 561 5345 ingenerari
604 5275 845 5328 timorem
882 5273 1213 5333 arbitretur:
1242 5278 1509 5347 siquidem
1556 5280 1681 5335 hme
1705 5297 1838 5336 con-

256 5368 572 5424 sternationi
606 5367 863 5422 immensa
901 5367 1146 5437 quaedam
1175 5370 1421 5440 voluptas
1452 5383 1531 5427 est
1570 5375 1832 5428 admixta.

256 5461 473 5517 Duabus
501 5470 668 5515 autem
696 5459 947 5514 volabant.
980 5461 1044 5515 Et
1070 5461 1170 5517 hoc
1196 5462 1451 5519 indicium
1480 5476 1561 5521 est
1589 5481 1682 5522 eos
1708 5469 1837 5522 sub-

251 5556 401 5608 limia
426 5568 640 5624 semper
667 5566 937 5625 appetere,
961 5569 1058 5609 nec
1084 5570 1332 5626 umquam
1376 5558 1627 5614 deorsum
1665 5562 1835 5630 respi-

252 5661 398 5702 cere.
429 5644 496 5699 Et
524 5645 773 5700 clamabat
796 5646 925 5700 alter
952 5647 1020 5699 ad
1048 5646 1261 5701 alterunt
1286 5691 1300 5715 ,
1332 5651 1571 5719 Sanctus,
1605 5664 1828 5721 sanctus,

317 5785 335 5816 ι
370 5781 466 5855 Adii
494 5783 567 5832 sic
605 5782 928 5855 habentis...
951 5782 1037 5854 illa
1064 5791 1256 5855 natura,
1296 5788 1382 5839 sed
1407 5794 1456 5839 ut
1477 5797 1637 5841 notum
1656 5792 1839 5855 faceret

253 5844 503 5908 praphetc
526 5844 654 5908 quod
674 5844 737 5895 ab
758 5844 1021 5906 altissimis,
1047 5854 1141 5895 etc.

1232 410 1303 468 IN
1340 409 1562 478 ILLUD,
1602 409 1742 465 VIDI
1780 403 2103 475 DOMINUM,
2145 407 2376 464 HOMIL.
2421 407 2509 465 Vl.

3453 423 3566 479 138

1972 532 2175 578 sanctus
2209 522 2379 595 (Isai.
2414 523 2470 580 6.
2508 524 2603 596 3).
2634 523 2702 579 Et
2732 523 2845 595 ipse
2872 523 3074 581 clamor
3100 538 3283 580 rursus
3320 524 3555 580 admira~

1974 614 2131 668 tionis
2156 614 2411 671 iudicium
2452 616 2604 673 nobis
2631 626 2714 672 est
2741 614 3033 673 maximum
3058 631 3074 671 :
3105 630 3212 673 non
3250 616 3390 673 enim
3419 633 3556 687 quo—

1972 706 2052 761 vis
2078 707 2238 762 modo
2269 710 2559 765 concinunt
2588 710 2842 781 hymnum
2868 751 2884 776 ,
2921 710 3017 767 sed
3041 725 3161 766 cum
3188 710 3428 767 clamore
3456 725 3549 765 Vl-

1971 797 2100 863 lido;
2144 813 2318 867 neque
2344 815 2465 854 cum
2494 800 2733 855 clamore
2758 801 3106 870 simpliciter,
3139 801 3235 857 sed
3261 809 3317 857 et
3344 817 3560 873 semper

1970 888 2072 944 hoc
2096 890 2357 946 factitant.
2384 890 2518 946 Nam
2546 892 2829 963 splendida
2853 893 3065 962 quidem
3090 908 3341 963 corpora,
3368 908 3556 964 quam-

1968 984 2047 1037 vis
2089 998 2252 1052 supra
2295 984 2510 1039 modum
2537 986 2645 1040 sint
2671 984 2943 1054 splendida
2965 1028 2980 1052 ,
3010 996 3121 1041 tum
3148 989 3319 1044 solum
3350 1003 3448 1043 nos
3488 989 3555 1042 ad

1968 1074 2373 1131 admirationem
2401 1076 2576 1130 solent
2603 1076 2902 1145 traducere,
2926 1092 3046 1132 cum
3072 1093 3132 1133 ea
3162 1078 3394 1149 primum
3421 1094 3557 1134 ocu-

1968 1166 2031 1221 lis
2061 1167 2495 1236 usurpaverimus
2523 1183 2537 1219 :
2571 1182 2692 1221 cum
2734 1183 2863 1222 vero
2890 1167 3159 1223 multoties
3187 1171 3557 1239 contemplan-

1965 1258 2049 1311 dis
2078 1257 2182 1311 illis
2218 1258 2489 1312 immorati
2523 1257 2778 1312 fuerimus
2800 1300 2814 1322 ,
2847 1258 3133 1313 admiratio
3164 1259 3552 1314 consuetudine

1967 1347 2184 1411 tollitur,
2213 1348 2297 1402 ubi
2328 1363 2388 1402 se
2419 1349 2725 1418 spectandis
2753 1349 2852 1403 illis
2873 1350 3185 1418 corporibus
3230 1351 3367 1404 oculi
3393 1350 3551 1406 deiu-

1963 1453 2089 1509 ceps
2133 1441 2492 1495 exercuerint.
2527 1440 2818 1511 Propterea
2856 1456 2979 1497 eum
3022 1442 3221 1512 regiam
3254 1443 3550 1513 imaginem

1962 1544 2152 1585 recens
2182 1532 2407 1599 positam
2440 1532 2716 1602 multoque
2741 1534 2980 1588 colorum
3010 1534 3296 1603 splendore
3342 1535 3553 1607 fulgen-

1964 1632 2069 1676 tem
2100 1623 2372 1677 iutuemur
2392 1663 2409 1689 ,
2439 1623 2869 1691 obstupescimus
2898 1642 2911 1678 :
2943 1634 3063 1693 post
3093 1641 3256 1680 unum
3287 1635 3465 1681 autem
3491 1636 3551 1681 et

1958 1716 2187 1770 alterum
2212 1714 2353 1770 diem
2380 1729 2489 1770 non
2514 1715 2625 1786 jam
2656 1716 2884 1785 amplius
2914 1716 3266 1772 admiramur.
3314 1718 3381 1773 Et
3417 1718 3547 1789 quid

1959 1808 2081 1861 dico
2106 1806 2305 1877 regiam
2328 1808 2638 1877 imaginem,
2666 1822 2787 1861 cum
2813 1807 2864 1861 in
2885 1818 3106 1877 aspectu
3128 1808 3396 1863 radiorum
3419 1809 3549 1863 solis

1960 1899 2062 1954 hoc
2086 1900 2260 1969 ipsum
2289 1900 2442 1955 nobis
2469 1900 2692 1963 accidat,
2717 1901 2909 1970 quibus
2932 1901 3133 1955 nullum
3151 1916 3345 1971 corpus
3367 1901 3548 1970 splen-

1956 1989 2133 2044 didius
2162 1991 2389 2045 inveniri
2418 1991 2639 2060 potest?
2669 1991 2756 2047 Sic
2784 1993 3023 2045 omnium
3053 2007 3340 2063 corporum
3370 1996 3547 2049 admi-

1957 2082 2216 2136 rationem
2252 2082 2387 2136 tollit
2409 2080 2742 2137 consuetudo
2773 2100 2787 2137 :
2820 2082 2915 2137 sed
2947 2083 2999 2136 in
3026 2082 3119 2137 Dei
3144 2082 3313 2154 gloria
3342 2100 3446 2139 non
3475 2086 3547 2139 ita

1957 2172 2043 2237 ﬁt,
2076 2182 2133 2227 at
2160 2172 2319 2243 plane
2342 2174 2695 2229 contrarium.
2740 2166 2958 2235 Quanto
3027 2174 3171 2231 enim
3201 2176 3371 2247 magis
3400 2177 3547 2233 illius

1954 2268 2138 2336 gloria:
2190 2269 2634 2339 contemplationi
2698 2270 2925 2327 virtutes
2990 2270 3347 2329 immorantur
3392 2272 3543 2338 istm,

1957 2366 2103 2411 tanto
2124 2359 2292 2429 magis
2322 2360 2731 2429 obstupescunt,
2763 2370 2818 2417 et
2838 2361 3254 2419 admirationem
3280 2379 3432 2420 suam
3464 2366 3545 2418 in-

1956 2451 2181 2505 tendunt
2212 2468 2225 2503 :
2252 2467 2410 2521 quam
2438 2452 2510 2507 ob
2538 2468 2756 2509 causam
2783 2496 2799 2522 ,
2825 2470 2893 2510 ex
2919 2470 3026 2525 quo
3066 2471 3188 2513 esse
3231 2469 3508 2527 coeperunt
3528 2500 3541 2516 .

1951 2539 2017 2593 ad
2050 2540 2191 2594 hunc
2240 2556 2412 2611 usque
2446 2542 2588 2597 diem
2636 2545 2859 2614 gloriam
2910 2547 3052 2600 illam
3089 2547 3390 2613 intuentes,
3417 2563 3542 2602 eum

1949 2638 2170 2700 stupore
2220 2632 2454 2687 clamare
2504 2649 2609 2688 non
2655 2635 3024 2690 cessant:sed
3068 2637 3210 2707 quod
3251 2638 3303 2692 in
3346 2639 3545 2709 exiguo

1952 2724 2209 2793 temporis
2238 2726 2411 2794 spatio
2435 2726 2590 2781 nobis
2612 2729 2871 2798 contingit
2888 2770 2903 2796 ,
2930 2728 3055 2784 dum
3083 2729 3256 2801 fulgor
3281 2730 3333 2785 in
3358 2731 3545 2786 oculos

1951 2813 2121 2869 fertur
2150 2825 2367 2871 nostros
2387 2857 2402 2879 .
2435 2817 2542 2873 hoc
2577 2819 2677 2873 illa:
2712 2829 2971 2889 perpetuo
3000 2821 3292 2890 patiuntur,
3318 2833 3371 2878 et
3408 2837 3543 2878 con-

1953 2909 2096 2963 tinua
2124 2908 2481 2965 admiratione
2503 2926 2623 2965 cum
2653 2912 2927 2980 voluptate
2956 2914 3183 2983 quadam
3208 2914 3537 2969 afﬁciuntur.

1948 2998 2135 3068 Neque
2162 3015 2288 3054 vero
2314 3001 2486 3055 solum
2512 3002 2764 3066 clamant,
2795 3003 2887 3058 sed
2916 3005 2986 3058 ad
3017 3004 3246 3059 invicem
3273 3005 3325 3059 id
3350 3015 3534 3076 agunt,

1948 3090 2090 3157 quod
2119 3091 2343 3143 intonsa:
2368 3092 2645 3161 cujusdam
2686 3092 3057 3147 admirationis
3089 3104 3171 3149 est
3198 3095 3427 3163 signum.
3464 3093 3537 3147 Ita

1948 3194 2047 3234 nos
2074 3194 2287 3250 quoque
2312 3222 2327 3247 ,
2354 3181 2483 3235 dum
2528 3183 2761 3250 erumpit
2791 3184 2990 3237 tonitru
3022 3198 3141 3239 cum
3174 3182 3384 3254 fragore
3406 3226 3420 3247 ,
3451 3186 3539 3240 vel

1950 3280 2088 3325 terra
2133 3280 2414 3338 movetur,
2465 3290 2569 3327 non
2600 3273 2761 3328 modo
2787 3274 3058 3329 resilimus
3081 3315 3098 3340 ,
3136 3285 3190 3331 et
3210 3276 3537 3339 clamamus,

1951 3362 2046 3417 sed
2076 3364 2142 3418 ad
2168 3364 2395 3418 invicem
2430 3364 2481 3417 in
2506 3364 2709 3419 uadibus
2734 3366 2933 3419 nostris
2958 3364 3315 3437 confugimus.
3350 3367 3462 3422 lloc
3486 3377 3541 3422 ct

1949 3455 2229 3526 Seraphim
2252 3464 2415 3526 agunt
2443 3474 2458 3511 :
2488 3456 2715 3526 ideoque
2734 3456 2870 3513 alter
2896 3457 2963 3513 ad
2985 3458 3210 3514 alterum
3237 3458 3536 3524 clamabat,

1953 3546 2198 3611 Sanctus,
2243 3557 2480 3612 sanctus,
2510 3558 2735 3602 sanctus.

2025 3640 2078 3691 2i.
2124 3638 2389 3709 Numquid
2413 3638 2552 3694 hanc
2579 3654 2766 3695 vocem
2788 3640 3121 3711 agnovistis‘l
3160 3643 3417 3712 numquid
3441 3657 3539 3697 no-

1947 3742 2055 3787 stra
2090 3742 2191 3798 est,
2219 3749 2286 3787 au
2322 3750 2450 3788 vero
2479 3733 2805 3804 Seraphim?
2832 3737 2897 3790 Et
2942 3745 3125 3790 nostra
3155 3746 3208 3791 et
3232 3736 3532 3806 Seraphim,

1948 3822 2204 3878 beneficio
2230 3824 2448 3890 Cluisti,
2478 3826 2565 3896 qui
2595 3826 2826 3881 medium
2856 3828 3114 3897 parietem
3144 3827 3387 3881 maceria:
3410 3841 3534 3880 sus-

1949 3918 2088 3981 tulit,
2113 3928 2160 3972 et
2196 3918 2492 3988 pacifieavit
2517 3919 2695 3972 omnia
2723 3934 2841 3988 quae
2871 3918 2921 3971 in
2952 3918 3097 3972 caelis
3126 3926 3285 3982 sunt,
3319 3926 3374 3972 et
3415 3932 3536 3987 quae

1949 4009 2000 4062 in
2029 4010 2203 4072 terris,
2235 4019 2287 4062 et
2316 4010 2432 4077 ejus
2474 4010 2755 4076 beneﬁcio,
2784 4010 2871 4079 qui
2917 4018 3141 4079 utraque
3184 4009 3310 4065 fecit
3348 4025 3537 4065 unum.

1946 4105 2075 4157 Nam
2107 4117 2261 4157 antea
2289 4104 2503 4173 quidem
2536 4106 2588 4158 in
2618 4105 2764 4159 czelis
2798 4114 2998 4159 tantum
3036 4105 3267 4177 hymnus
3308 4106 3409 4161 iste
3442 4120 3537 4160 ca-

1948 4197 2214 4250 uebatur:
2262 4205 2542 4265 postquam
2574 4206 2751 4253 autem
2783 4198 2834 4251 in
2881 4207 3077 4253 terram
3120 4199 3301 4255 venire
3345 4199 3535 4269 digna-

1947 4300 2029 4343 tus
2057 4300 2137 4343 est
2175 4290 2453 4357 Dominus,
2484 4290 2625 4346 hune
2653 4291 2812 4346 etiam
2845 4301 3162 4356 concentum
3206 4290 3272 4344 ad
3302 4304 3401 4344 nos
3441 4289 3538 4343 dc-

1949 4382 2084 4434 tulit.
2123 4381 2411 4449 Propterea
2462 4397 2672 4451 quoque
2727 4398 2950 4452 magnus
2997 4383 3083 4436 hic
3120 4380 3364 4435 Pontifex
3410 4395 3533 4435 cum

1940 4474 2088 4543 juxta
2116 4489 2321 4527 sacram
2351 4474 2487 4528 hanc
2513 4489 2752 4527 mensam
2779 4474 3100 4538 constiterit,
3123 4480 3181 4527 ut
3219 4472 3535 4529 rationalem

1946 4566 2145 4619 cultum
2180 4566 2449 4627 exhibeat,
2483 4575 2537 4619 et
2576 4564 2893 4618 sacriﬁcium
2941 4563 3131 4619 ollerat
3170 4564 3534 4630 incruentum,

1946 4671 2053 4708 non
2083 4654 2396 4722 simpliciter
2436 4669 2532 4707 nos
2557 4653 2620 4707 ad
2652 4653 2789 4708 hanc
2840 4654 3064 4709 faustam
3095 4655 3536 4711 acclamationem

1946 4746 2153 4808 invitat,
2183 4745 2276 4798 sed
2308 4746 2393 4799 ubi
2436 4746 2583 4814 prius
2624 4745 2911 4800 Cherubim
2941 4746 3255 4815 nominavit,
3287 4757 3342 4803 et
3378 4747 3537 4803 Sera-

1947 4837 2090 4904 phim
2122 4837 2443 4891 mentionem
2490 4837 2630 4901 fecit,
2663 4847 2771 4892 tum
2800 4838 3013 4893 demum
3035 4839 3101 4893 ad
3132 4840 3269 4896 hanc
3297 4849 3536 4895 tremen-

1943 4926 2065 4979 dam
2114 4942 2297 4981 vocem
2353 4927 2666 4984 mittendam
2720 4946 2907 4985 omnes
2953 4930 3282 4997 adhortatur,
3308 4943 3363 4985 et
3404 4932 3535 4986 dum

1946 5035 2128 5072 eorum
2178 5036 2276 5074 nos
2322 5020 2595 5087 admonet,
2628 5023 2716 5091 qui
2767 5023 3043 5077 nobiscum
3088 5023 3283 5076 choros
3310 5022 3531 5091 agitant,

1947 5119 2180 5165 mentem
2211 5121 2445 5166 nostram
2498 5129 2527 5167 a
2586 5123 2723 5167 terra
2772 5113 3053 5178 subducit,
3105 5128 3534 5185 unumquemque

1948 5211 2188 5257 nostrum
2219 5203 2301 5257 his
2332 5204 2711 5275 prepemodnm
2758 5205 2935 5259 verbis
2961 5206 3235 5260 excitans:
3268 5204 3385 5262 Una
3411 5222 3533 5261 cum

1947 5296 2227 5367 Seraphim
2280 5301 2446 5361 canis,
2478 5315 2577 5351 una
2632 5314 2750 5351 cum
2802 5297 3081 5367 Seraphim
3112 5310 3223 5365 sta,
3257 5315 3377 5353 cum
3430 5300 3535 5354 illis

1945 5390 2059 5445 alas
2086 5390 2335 5453 extende,
2363 5405 2481 5442 cum
2506 5390 2607 5443 illis
2628 5389 2833 5459 regium
2864 5390 3054 5444 solium
3074 5393 3421 5445 circumvtila.

2016 5482 2191 5535 Altare
2228 5481 2421 5535 caeleste
2464 5482 2632 5551 figura
2672 5482 2849 5537 altaris
2896 5483 3152 5538 Ecclesia.
3196 5482 3298 5537 Cur
3330 5484 3540 5553 jejunia

1945 5583 2063 5625 ante
2096 5574 2515 5627 communionem.
2545 5604 2616 5613 —
2641 5574 2778 5643 Quid
2810 5592 2936 5630 vero
2968 5577 3179 5642 mirum,
3211 5578 3253 5629 si
3282 5592 3400 5629 cum
3432 5575 3532 5628 Se-

1947 5664 2157 5734 raphim
2190 5666 2424 5732 steteris,
2453 5681 2573 5721 cum
2613 5683 2676 5722 ea
2702 5685 2820 5738 qu:e
2866 5670 3142 5740 Seraphim
3190 5686 3291 5722 non
3333 5668 3535 5724 audent

1945 5757 2277 5827 contingere,
2313 5758 2406 5812 tibi
2456 5759 2597 5815 Deus
2646 5760 2810 5816 libere
2841 5762 3111 5816 tractanda
3163 5761 3532 5815 concesserit?

1952 5847 2136 5903 Missus
2171 5858 2241 5903 est
2267 5848 2396 5904 enim
2438 5852 2506 5904 ad
2546 5868 2642 5914 me,
2688 5851 2876 5912 inquit.
2909 5868 3038 5906 unus
3066 5851 3129 5904 de
3158 5851 3449 5922 Seraphim,
3489 5856 3535 5906 α
