4048 6460
532 381 636 434 141

522 483 694 538 Στενά
738 498 824 551 μοι
860 479 1121 534 πάντοθεν
1147 497 1159 510 '
1193 482 1330 551 πλὴν
1365 481 1477 534 ἀλλ’
1510 483 1805 550 ἀναγκαῖον
1842 479 2092 548 ἀνασχεῖν

523 568 622 638 τὴν
664 568 819 637 χεῖρα
856 563 1072 616 λοιπόν·
1105 563 1198 616 καὶ
1227 565 1335 634 γὰρ
1369 563 1525 617 ἰκανά
1557 564 1624 616 τὰ.
1657 563 1919 633 εἰρημένα
1961 560 2094 632 πρὸς

523 649 803 720 διόρθωσιν
827 647 934 699 τῶν
954 646 1346 716 προσεχόντων.
1375 644 1525 716 [144]
1555 645 1690 696 Ἀλλ’
1710 645 1794 697 ἵνα
1824 643 1897 714 μὴ
1918 644 2093 713 μόνοις

526 734 676 801 ὑμῖν,
708 731 841 783 ἀλλά
889 731 980 782 καὶ
1031 730 1236 799 ἑτέροις
1271 728 1338 780 δι’
1374 730 1526 797 ὑμῶν
1564 728 1787 797 γένηται
1827 728 2091 796 χρήσιμα,

524 814 660 885 φέρε
692 813 829 867 αύτά
879 811 1036 864 πάλιν
1079 809 1704 879 ἀνακεφαλαιωσώμεθα.
1735 809 2094 878 Διελέχθημεν

525 894 791 965 περὶτῶν
829 894 1124 964 Σεραφείμ,
1174 891 1449 961 ἐδείξαμεν
1496 894 1618 944 ὅσον
1665 893 1808 945 ἐστὶν
1858 891 2092 959 ἀξίωμα,

524 977 748 1048 πλησίον
763 976 982 1029 ἑστάναι
1007 975 1099 1028 τοῦ
1125 975 1309 1045 θρόνου
1345 972 1437 1025 τοῦ
1462 973 1758 1042 βασιλικοῦ,
1784 974 1875 1026 καὶ
1896 975 1976 1026 ὅτι
2003 973 2095 1026 καὶ

525 1059 830 1128 ἀνθρώποις
845 1060 906 1111 τὸ
925 1059 1138 1128 ἀξίωμα
1168 1057 1325 1109 τοῦτο
1359 1057 1650 1126 κεκτῆσθαι
1673 1056 1910 1110 δυνατόν.
1931 1056 2095 1110 Εἴπο-

529 1158 627 1212 μεν
649 1143 774 1214 περὶ
795 1141 902 1193 τῶν
934 1140 1232 1210 πτερύγων,
1259 1141 1350 1192 καί
1371 1140 1469 1210 τῆς
1494 1139 1790 1210 ἀπροσίτου
1818 1139 2093 1208 δυνάμεως

525 1225 618 1278 τοῦ
658 1223 812 1285 Θεοῦ,
837 1223 930 1276 καὶ
970 1223 1095 1293 περὶ
1135 1223 1230 1291 τῆς
1269 1223 1403 1291 πρὸς
1447 1224 1592 1292 ἡμᾶς
1624 1221 1786 1275 αὑτοῦ
1825 1238 2095 1290 συγκατα-

527 1307 736 1369 ϐάσεως
791 1305 1114 1374 γενομένης’
1168 1304 1585 1374 προσεθήκαμεν
1630 1303 1726 1373 τὴν
1775 1304 1950 1357 αἰτίαν
1995 1304 2094 1372 τῆς

526 1389 770 1461 κραυγῆς
817 1388 908 1440 καὶ
951 1387 1042 1439 τοῦ
1082 1385 1363 1456 διηνεκοῦς
1401 1385 1692 1454 θαύματος,
1737 1386 1829 1439 καὶ
1873 1386 1990 1450 πῶς
2036 1386 2094 1438 ἐν

525 1469 922 1538 ἀκαταπαύστῳ
946 1467 1146 1538 θεωρίᾳ
1172 1468 1589 1531 ἀκατάπαυστος
1616 1469 1708 1520 καὶ
1746 1469 1779 1534 ή
1818 1467 2096 1536 δοξολογία

524 1555 632 1608 τῶν
657 1554 960 1624 Σεραφείμ·
989 1553 1368 1624 ἀνεμνήσαμεν
1400 1551 1545 1618 ὑμᾶς
1567 1552 1646 1614 εἰς
1678 1553 1826 1604 ποῖον
1858 1549 2096 1604 ἐτελέσα-

529 1655 628 1706 μεν
656 1637 832 1707 χορὸν,
876 1637 970 1688 καὶ
1011 1633 1147 1705 μετά
1185 1633 1342 1686 τίνων
1380 1634 1472 1686 τὸν
1507 1633 1681 1686 κοινὸν
1709 1633 2094 1702 ἀνυμνήσαμεν

525 1719 832 1788 Δεσπότην·
873 1718 997 1780 τοὺς
1033 1717 1160 1786 περὶ
1214 1716 1496 1785 μετανοίας
1542 1717 1956 1787 προσεθήκαμεν
2001 1716 2089 1767 λό-

525 1819 655 1871 γους
675 1819 690 1835 °
717 1801 811 1854 καὶ
848 1799 1019 1863 τέλος,
1055 1800 1175 1852 ὅσον
1201 1799 1316 1850 ἐστὶ
1344 1798 1508 1850 κακὸν
1534 1799 1812 1869 προσιέναι
1843 1803 1955 1861 τοῖς
1990 1819 2089 1869 μυ-

1222 367 1277 422 S.
1314 364 1598 420 JOANNIS
1635 361 2117 420 CHRYSOSTOMI
2159 363 2478 420 ARCHIEP.
2522 361 3070 421 CONSTANTINOP.

2195 477 2313 542 πῶς
2354 479 2452 531 οὐκ
2488 479 2599 532 ἐστι
2637 479 2916 546 διαφυγεῖν
2961 477 3052 530 τὸν
3100 475 3422 547 ἀδιόρθωτον
3465 477 3693 547 μένοντα
3715 493 3768 532 ι.

2195 559 2378 613 Ταῦτα
2422 562 2514 614 καὶ
2559 561 2696 631 γυνὴ
2743 559 2894 631 παρά
2925 559 3115 630 ἀνδρὸς
3141 558 3474 628 μανθανέτω,
3507 562 3602 612 καὶ
3640 564 3771 626 παῖς

2195 642 2344 713 παρὰ
2365 642 2588 713 πατρὸς,
2617 643 2710 696 καὶ
2731 642 2946 713 οἰκέτης
2965 640 3114 711 παρά
3133 639 3413 706 δεσπότου,
3443 643 3534 694 καὶ
3574 643 3772 709 γείτων

2194 724 2345 794 παρὰ
2387 724 2636 791 γείτονος,
2662 724 2753 777 καὶ
2790 723 2942 792 φίλος
2983 721 3133 792 παρὰ
3179 721 3351 790 φίλου,
3382 723 3579 792 μᾶλλον
3600 725 3656 777 δὲ
3677 725 3774 779 καὶ

2196 807 2331 877 πρὸς
2367 808 2492 869 τοὺς
2532 806 2755 876 ἐχθροὺς
2795 805 2968 858 ταῦτα
3000 804 3404 873 διαλεγώμεθαο
3431 807 3650 877 καὶγὰρ
3675 807 3775 859 καὶ

2192 889 2290 957 τῆς
2314 889 2534 940 ἐκείνων
2557 887 2826 956 σωτηρίας
2851 889 3009 956 ἡμεῖς
3033 887 3197 956 ἐσμεν
3220 886 3525 941 ὑπεύθυνοι.
3558 889 3620 941 Εἰ
3661 889 3775 959 γὰρ

2194 969 2379 1022 καὶτὰ
2400 970 2666 1038 ὑποζύγια
2704 969 2880 1027 αὐτῶν
2917 969 3238 1021 πεπτωκότα
3277 969 3652 1040 διαναστῆσαι,
3677 971 3776 1023 καί¹

2195 1054 2585 1122 πεπλανημένα
2616 1054 2874 1108 διασῶσαι
2900 1054 2994 1106 καὶ
3015 1055 3375 1120 ἐπαναγαγεῖν
3415 1053 3774 1123 κελευόμεθα,

2195 1137 2374 1207 πολλῷ
2410 1136 2607 1206 μᾶλλον
2632 1139 2728 1209 τὴν
2757 1137 2931 1208 ψυχὴν
2969 1135 3150 1190 αύτῶν
3182 1137 3537 1206 πλανωμένην
3569 1139 3777 1189 ἐπανα-

2195 1226 2382 1291 γαγεῖν
2415 1221 2540 1292 χρὴ,
2575 1224 2668 1275 καὶ
2695 1225 3044 1275 πεπτωκυῖαν
3073 1220 3475 1289 διανιστᾷν.“Αν
3516 1219 3659 1271 οὕτω
3702 1219 3778 1272 τὰ

2196 1306 2316 1359 καθ’
2346 1305 2568 1368 ἑαυτοὺς
2599 1307 2692 1359 καὶ
2716 1305 2783 1358 τά
2804 1304 2943 1357 κατὰ
2969 1303 3094 1366 τοὺς
3126 1302 3352 1371 πλησίον
3374 1302 3776 1372 οἰκονομῶμεν,

2194 1389 2535 1459 δυνησόμεθα
2563 1389 2698 1456 μετά
2730 1387 3041 1460 παρρησίας
3084 1389 3274 1456 στῆναι
3321 1386 3629 1455 ἔμπροσθεν
3675 1385 3778 1438 τοῦ

2199 1474 2438 1543 βήματος
2467 1470 2558 1524 τοῦ
2605 1469 2860 1540 Χριστοῦ,
2895 1470 3010 1539 μεθ’
3039 1463 3098 1522 οὗ
3123 1468 3199 1537 τῷ
3227 1467 3401 1536 Πατρί
3434 1467 3579 1530 δόξα,
3613 1468 3775 1536 τιμὴ.

2195 1556 2414 1627 κράτος,
2443 1555 2539 1606 σὺν
2567 1554 2643 1623 τῷ
2676 1554 2934 1632 ἀγίῳικα).
2959 1550 3207 1620 ζωοποιῷ
3241 1549 3538 1620 Πνεύματι,
3565 1551 3656 1602 νῦν
3678 1553 3780 1602 καὶ

2197 1639 2304 1704 ἀεὶ,
2342 1638 2434 1690 καὶ
2463 1639 2539 1701 εἰς
2571 1639 2694 1699 τοὺς
2721 1636 2921 1698 αἰῶνας
2947 1636 3056 1687 τῶν
3087 1633 3313 1686 αἰώνων.
3332 1634 3525 1700 Ἀμήν.

2257 1826 2282 1854 ⁸
2320 1825 2429 1874 Duo
2448 1836 2560 1872 mss.
2584 1821 2819 1880 διαφυγεῖν
2840 1821 2919 1867 τὸν
2940 1821 2999 1866 τὰ
3016 1816 3214 1866 τοιαῦτα
3232 1816 3551 1877 τολμήσαντα.
3580 1812 3782 1863 Utrovh

528 1881 770 1955 ’κηρίοις
802 1881 939 1954 μετά
976 1879 1207 1952 πονηροῦ
1239 1878 1551 1948 συνειδότος,
1587 1880 1967 1951 ἀπεδείξαμεν,
1994 1882 2088 1934 καὶ

2209 1887 2334 1938 nodo
2353 1885 2560 1948 legeris,
2584 1878 2758 1932 eodem
2781 1880 2956 1930 recidit
2977 1883 3150 1928 oratio.

531 2070 3756 2124 W

1951 2436 2332 2498 MONITUM

602 2687 680 2744 Ad
712 2689 855 2743 hanc
884 2686 1157 2742 homiliam
1190 2687 1306 2741 hac
1341 2694 1492 2740 notat
1518 2683 1748 2738 Savilius
1785 2702 1796 2735 :
1838 2703 1854 2734 ι
1886 2682 2036 2736 Hanc
2064 2679 2363 2734 orationem
2394 2693 2524 2732 sane
2552 2688 2812 2747 perquam
2855 2672 3160 2743 elegantem
3185 2677 3241 2724 et
3263 2665 3490 2737 γνησίαν
3512 2663 3785 2718 debemus

533 2826 880 2883 Bibliotheczn
901 2823 1250 2878 Serenissimi
1280 2821 1516 2877 Bavarim
1547 2821 1710 2876 Ducis
1749 2842 1760 2875 :
1794 2835 1902 2890 quo
1933 2818 2226 2873 dolendum
2255 2816 2426 2886 magis
2446 2814 2664 2868 unicum
2691 2811 2849 2866 nobis
2875 2811 2994 2880 ejus
3022 2806 3282 2877 obtigisse
3313 2801 3610 2873 exemplar,
3632 2801 3787 2871 quod

534 2979 715 3024 tamen
753 2965 856 3020 tale
889 2961 1010 3027 fuit,
1059 2971 1119 3016 ut
1156 2976 1326 3030 pauca
1355 2958 1645 3014 admodum
1692 2957 1968 3028 supersint
2008 2954 2367 3019 emendanda,
2403 2960 2599 3022 prater
2631 2964 2792 3004 unam
2832 2955 2925 3001 aut
2953 2947 3178 3001 alteram
3213 2941 3538 2998 lacunulam.
3582 2958 3599 2990 ι
3636 2937 3783 2990 Loca

529 3117 660 3160 vero
691 3102 802 3169 illa,
836 3116 957 3172 qua:
983 3101 1174 3154 vitium
1211 3099 1596 3170 prmierebant,
1617 3107 1912 3166 utcumque
1936 3094 2328 3165 supple-vimus,
2357 3100 2417 3144 ut
2437 3090 2491 3143 in
2512 3088 2656 3143 notis
2678 3087 2912 3142 videbis.

1214 3707 1361 3781 [ηε]
1435 3718 1604 3800 ΕΙΣ
1675 3719 1906 3800 ΤΗΝ
1977 3717 2715 3805 ΠΡΟΦΗΤΙΚΗΝ
2785 3722 3100 3807 ΡΗΣΙΝ

616 3901 738 3972 Τὴν
754 3903 1057 3974 λέγουσαν
1075 3918 1087 3932 ο
1124 3923 1144 3954 ι
1165 3903 1304 3975 Ἐγὼ
1323 3907 1534 3974 Κύριος
1561 3907 1592 3957 ὁ
1622 3906 1765 3968 Θεὸς
1787 3906 2047 3972 ἐποίησα
2083 3901 2207 3972 φῶς
2230 3905 2327 3956 καὶ
2357 3906 2594 3968 σκότος,
2625 3906 2811 3959 ποιῶν
2830 3904 3093 3973 εἰρήνην,
3123 3908 3220 3960 καί
3248 3905 3452 3966 κτίζων
3479 3909 3653 3960 κακά.
3683 3920 3705 3957 ι

613 4237 684 4284 αα,
721 4226 898 4293 Ὀλὶγα
931 4225 1028 4294 μέν
1057 4225 1126 4277 τά
1151 4227 1432 4296 εἰρημένα,
1463 4230 1686 4296 γλυκεῖα
1709 4231 1765 4282 δὲ
1786 4232 1878 4283 τοῦ
1903 4233 2112 4301 μέλιτος

543 4316 577 4384 ἡ
607 4312 775 4381 πηγὴ,
809 4309 1017 4380 μέλιτος
1046 4306 1203 4376 κόρον
1225 4309 1322 4360 οὐκ
1345 4310 1574 4379 ἔχοντος.
1612 4311 1781 4364 Τοῦτο
1811 4315 1908 4379 μὲν
1928 4316 2034 4386 γάρ
2054 4317 2114 4368 τὸ

545 4394 800 4464 αἰσθητὸν
848 4391 966 4461 μέλι
1005 4393 1061 4444 ἐν
1108 4396 1172 4462 τῇ
1226 4392 1435 4462 γλώττῃ
1481 4395 1733 4447 καταλύει
1763 4397 1862 4466 τὴν
1896 4398 2109 4466 ήδονὴν,

548 4477 644 4531 καὶ
670 4478 748 4538 εἰς
789 4475 991 4544 φθοράν
1036 4478 1227 4544 χωρεῖ·
1271 4476 1332 4528 τὸ
1370 4477 1425 4528 δὲ
1469 4478 1566 4545 τῆς
1606 4478 1950 4541 διδασκαλίας
1991 4481 2112 4549 μέλι

550 4558 861 4625 ἐγκεύθεται
911 4556 986 4626 τῷ
1042 4558 1318 4620 συνειδότι,
1376 4558 1595 4629 διηνεκῆ
1635 4560 1732 4630 τὴν
1779 4561 2113 4632 εὐφροσύνην

550 4639 852 4708 παρασχὸν,
900 4640 993 4691 καὶ
1026 4640 1159 4708 πρδς
1211 4641 1515 4711 ἀφθαρσίαν
1545 4645 1691 4711 ἡμᾶς
1722 4644 2108 4712 χειραγωγοῦν.

548 4723 657 4776 Καὶ
693 4722 752 4774 τὸ
793 4721 888 4790 μὲν
926 4721 1032 4773 ἀπὸ
1074 4721 1308 4789 βοτανῶν
1346 4724 1668 4786 συντίθεται,
1699 4725 1759 4777 τὸ
1784 4726 1837 4777 δὲ
1873 4727 1980 4778 ἀπὸ
2008 4727 2114 4779 τῶν

550 4805 708 4857 θείων
743 4802 968 4873 Γραφῶν
1009 4804 1311 4871 ὑφαίνεται.
1361 4805 1530 4858 Τοῦτο
1575 4809 1811 4876 σήμερον
1845 4810 1985 4877 ὑμᾶς
2033 4813 2116 4862 ἐν-

550 4889 782 4957 ἑπλησεν
814 4888 840 4938 ὁ
874 4884 1050 4948 καλῶς
1077 4885 1335 4956 εἰρηκὼς,
1366 4888 1458 4938 καὶ
1487 4889 1584 4957 τῆς
1613 4891 1860 4958 ὑπακοῆς
1897 4892 1955 4943 τὸ
1988 4894 2117 4963 βρα-

552 4970 694 5022 ϐεῖον
731 4969 966 5038 ἥρπασε,
1001 4968 1094 5019 καὶ
1136 4968 1234 5036 τῆς
1277 4968 1495 5038 ἀγάπης
1548 4970 1646 5038 τὴν
1683 4973 1832 5040 ἰσχὺν
1874 4975 2115 5040 ὑπέδειξε

552 5051 766 5118 καὶτῆς
795 5049 1025 5110 πίστεως
1065 5050 1162 5119 τὴν
1208 5050 1500 5116 εὐγένειαν.
1553 5051 1687 5120 Φέρε
1740 5053 1802 5122 δὴ
1835 5056 1928 5106 καὶ
1959 5058 2116 5125 ἡμεῖς

552 5133 647 5202 τὴν
680 5133 930 5184 εἰωθυῖαν
963 5131 1120 5182 πάλιν
1154 5133 1279 5201 ὑμῖν
1318 5132 1646 5202 παραθῶμεν
1671 5134 1944 5202 τράπεζαν
1979 5139 2117 5206 μετά

557 5213 752 5281 πολλῆς
776 5213 872 5282 τῆς
901 5215 1202 5283 προθυμίας
1218 5231 1230 5242 ·
1264 5217 1356 5266 καὶ
1381 5214 1486 5283 γὰρ
1508 5215 1710 5283 σφόδρα
1735 5218 2013 5286 χαίρομεν,
2037 5222 2116 5273 ὅτι

555 5294 913 5364 ἱπποδρομίας
946 5295 1110 5366 οῦσης
1136 5296 1409 5365 λαμπρᾶς,
1442 5297 1688 5349 τοσοῦτον
1723 5299 1954 5353 ἐνταῦθα
1985 5302 2118 5371 πλῆ-

554 5377 644 5439 θος
669 5379 892 5445 ἀφῖκται
923 5377 1016 5444 τῆς
1042 5381 1157 5429 ἐκεῖ
1183 5380 1594 5447 καταφρονῆσαν
1623 5381 1919 5450 διατριϐῆς.
1947 5383 2035 5434 Διὸ
2056 5384 2117 5453 δὴ

556 5460 648 5511 καὶ
677 5459 825 5511 αὐτοὶ
874 5458 1008 5526 μετὰ
1051 5460 1249 5528 πολλῆς
1287 5465 1382 5529 τῆς
1426 5461 1698 5529 δαψιλείας
1745 5463 1835 5514 τὸν
1870 5468 2119 5536 κρατῆρα

556 5543 809 5611 ἱστῶμεν,
839 5543 1085 5612 κρατῆρα
1117 5544 1176 5594 ού
1226 5545 1396 5612 μέθην
1438 5542 1708 5607 ποιοῦντα,
1742 5545 1876 5598 ἀλλά
1905 5564 2115 5616 σωφρο-

558 5625 720 5694 σύνην
751 5623 1243 5689 κατασκευάζοντα.
1289 5627 1536 5690 Τοιοῦτος
1570 5629 1675 5697 γὰρ
1700 5631 1726 5680 ὁ
1756 5629 1861 5680 τῶν
1887 5630 2118 5698 Γραφῶν

555 5706 713 5769 οἶνος,
737 5707 954 5760 τοιαῦτα
977 5708 1069 5774 τῆς
1098 5708 1371 5777 τραπέζης
1404 5711 1599 5780 ταύτης
1627 5711 1692 5763 τά
1714 5712 1816 5778 ὄψα
1837 5731 1847 5741 ·
1885 5714 1944 5764 οὐ
1973 5718 2117 5765 πιαί-

2213 4253 2293 4287 νει
2323 4235 2518 4318 σάρκα.
2551 4231 2659 4282 Καὶ
2688 4230 2858 4282 ταῦτα
2890 4229 3119 4298 λέγομεν
3150 4231 3248 4283 οὐκ
3287 4229 3644 4300 ἀτιμάζοντες
3681 4235 3782 4303 τῆς

2215 4312 2411 4385 σαρκὸς
2439 4315 2538 4381 τὴν
2571 4313 2750 4379 φύσιν,
2775 4312 2908 4364 ἀλλά
2943 4312 3308 4381 προτιμῶντες
3351 4315 3448 4383 τῆς
3477 4313 3656 4383 ψυχῆς
3679 4316 3783 4385 τὴν

2215 4400 2511 4465 εὐγένειανο
2543 4396 2664 4448 οὐδὲ
2707 4397 2803 4466 τὴν
2847 4396 3040 4464 χρῆσιν
3090 4396 3457 4460 ἐκϐάλλοντες,
3501 4398 3636 4450 ἀλλά
3679 4400 3783 4467 τὴν

2213 4480 2475 4549 ἀμετρίαν
2499 4477 2830 4539 κολάζοντες.
2857 4475 2972 4528 Κᾶν
2991 4477 3097 4546 γὰρ
3115 4478 3509 4548 φιλοσοφῶμεν,
3537 4478 3678 4531 οὕτω
3701 4481 3785 4532 δεῖ

2215 4561 2540 4628 φιλοσοφεῖν,
2571 4559 2708 4610 ὥστε
2743 4558 2815 4627 μὴ
2847 4557 3042 4610 διδόναι
3075 4561 3184 4621 τοῖς
3209 4559 3315 4612 τῶν
3342 4561 3632 4630 αἰρετικῶν
3655 4567 3779 4616 στό-

2218 4660 2348 4711 μασι
2376 4641 2562 4710 λαϐήν.
2596 4641 2704 4693 Καὶ
2729 4640 2836 4708 γὰρ
2860 4639 2918 4691 τὸ
2945 4640 3102 4707 σῶμα
3133 4641 3288 4692 τοῦτο
3315 4641 3532 4695 ἔλαττον
3560 4645 3658 4712 μὲν
3680 4646 3782 4714 τῆς

2213 4724 2409 4793 ψυχῆς,
2454 4725 2553 4775 οὐκ
2600 4721 2834 4775 ἐναντίον
2881 4720 2936 4773 δέ
2986 4725 3050 4790 τῇ
3100 4723 3277 4792 ψυχῇε
3319 4724 3432 4775 ἀλλ’
3487 4727 3630 4795 ἀπλῆ
3682 4728 3784 4796 μὲν

2216 4806 2372 4875 αὑτὴ,
2412 4806 2732 4858 διακονεῖται
2756 4805 2811 4856 δὲ
2840 4806 2959 4866 ταῖς
2989 4805 3300 4873 ἐπιθυμίαις
3323 4809 3442 4868 ταῖς
3474 4807 3784 4861 ἐκείνου.⁹υ

2216 4888 2598 4957 ἀριστοτέχνης
2631 4887 2759 4948 Θεὸς
2793 4887 2890 4938 ούκ
2929 4887 2991 4937 ἐκ
3029 4888 3154 4952 μιᾶς
3200 4889 3292 4938 καὶ
3341 4887 3432 4938 δύο
3479 4890 3570 4942 καὶ
3617 4891 3786 4959 τριῶν

2215 4968 2411 5021 οὐσιῶν
2441 4969 2557 5021 τόδε
2585 4968 2644 5020 τὸ
2676 4970 2782 5019 πᾶν
2812 4970 3193 5036 συνεστήσατο,
3230 4969 3364 5021 ἀλλά
3400 4971 3644 5032 ποικίλας
3688 4974 3785 5024 καὶ

2213 5053 2496 5122 διαφόρους
2529 5051 2717 5118 φύσεις
2765 5052 3041 5120 εἰσήγαγε,
3090 5054 3186 5120 τῆς
3215 5053 3412 5114 οἰκείας
3458 5054 3644 5119 σοφίας
3687 5055 3783 5124 τὴν

2218 5135 2531 5205 περιουσίαν
2560 5137 2615 5184 ἐν
2652 5136 2716 5201 τῇ
2751 5132 2980 5201 διαφορᾷ
3012 5132 3118 5184 τῶν
3147 5134 3443 5201 γινομένων
3479 5135 3784 5187 ἐπιδεικνύο

2221 5235 2398 5288 μενος.
2432 5217 2505 5268 Ού
2528 5215 2635 5284 γὰρ
2656 5214 2879 5284 οὐρανὸν
2903 5215 3125 5284 ἐποίησε
3151 5216 3328 5284 μόνον,
3367 5215 3500 5267 ἀλλά
3533 5218 3626 5268 καὶ
3655 5218 3782 5287 γῆν·

2217 5302 2277 5352 οὺ
2304 5301 2408 5367 γῆν
2438 5299 2614 5367 μόνον,
2656 5297 2788 5348 ἀλλά
2816 5297 2907 5349 καὶ
2937 5297 3104 5366 ἥλιονν
3138 5298 3233 5364 οὐχ
3258 5297 3405 5365 ῆλιον
3442 5299 3620 5367 μόνον,
3650 5301 3785 5352 ἀλλά

2220 5385 2313 5436 καὶ
2338 5383 2580 5451 σελήνην·
2611 5381 2670 5432 ού
2695 5381 2919 5448 σελήνην
2946 5381 3118 5449 μόνον,
3144 5381 3274 5432 ἀλλά
3291 5382 3382 5432 καὶ
3405 5383 3664 5452 ἀστέρας
3688 5384 3788 5434 ούκ

2218 5468 2450 5536 ἀστέρας
2480 5467 2659 5535 μόνον,
2692 5464 2936 5516 ἀλλὰκαὶ
2968 5466 3122 5534 ἀέρα·
3157 5466 3255 5516 οὐκ
3279 5465 3416 5536 ἀέρα
3451 5469 3629 5535 μόνον,
3653 5466 3789 5519 ἀλλά

2221 5552 2312 5604 καὶ
2353 5549 2593 5617 νεφέλαςο
2625 5549 2683 5600 ού
2706 5548 2932 5616 νεφέλας
2963 5548 3137 5615 μόνον,
3168 5549 3303 5601 ἀλλά
3333 5551 3426 5601 καὶ
3455 5549 3663 5618 αἰθέραυ
3689 5552 3789 5602 οὐκ

2219 5633 2409 5700 αἰθέρα
2443 5632 2618 5699 μόνον,
2644 5631 2774 5683 ἀλλά
2797 5633 2887 5682 καὶ
2912 5631 3121 5698 λίμνας,
3154 5633 3245 5681 καὶ
3275 5633 3474 5700 πηγὰς,
3495 5632 3587 5682 καὶ
3620 5648 3788 5683 ποτα-

2225 5718 2373 5788 μούς,
2404 5716 2495 5768 καὶ
2523 5715 2645 5785 ὅρη,
2678 5717 2770 5768 καὶ
2789 5716 2980 5777 νάπας,
3007 5716 3097 5765 καὶ
3122 5713 3358 5782 βουνοὺς,
3383 5715 3476 5768 καὶ
3496 5714 3788 5784 λειμῶνας,
