4048 6462
283 372 391 425 141

273 469 654 523 medicamenta
694 468 992 532 adhibeam,
1035 469 1249 522 vulnera
1291 483 1397 521 non
1441 468 1720 533 tollentur;
1757 470 1837 523 sin

271 559 547 614 adhibeam
578 559 786 623 acerba,
820 574 911 614 vos
939 560 1173 614 dolorem
1202 575 1305 613 non
1336 559 1625 614 sustinetis.
1658 561 1837 628 Angu-

269 650 383 702 sria:
432 648 561 701 mihi
612 658 735 703 sunt
777 649 1025 717 undique,
1064 648 1154 702 sed
1192 663 1368 715 operae
1413 650 1638 717 pretium
1684 648 1841 702 fuerit

270 754 483 791 manum
518 738 766 806 deinceps
808 738 1088 800 cohibere;
1134 738 1399 792 sufficiunt
1433 739 1575 791 enim
1605 738 1744 791 dicta
1772 739 1837 792 ad

269 841 477 891 eorum,
507 827 593 895 qui
620 827 802 880 attenti
834 825 1061 891 fuerint,
1089 826 1531 879 emendationem.
1570 826 1842 879 Verumta-

268 934 389 973 men
423 927 481 972 ut
518 934 621 971 non
652 919 819 972 solum
847 918 1027 983 vobis,
1064 917 1153 971 sed
1183 925 1235 970 ct
1261 918 1466 969 cazteris
1493 917 1635 969 utilia
1666 925 1839 969 vestra

268 1023 435 1077 opera
459 1009 580 1062 fiant
601 1048 615 1071 ,
645 1023 739 1076 age
762 1022 944 1061 rursus
971 1021 1030 1060 ea
1059 1008 1359 1060 summatim
1383 1007 1603 1060 collecta
1634 1015 1839 1073 repeta-

270 1112 409 1151 mus.
445 1098 794 1151 Disseruimus
832 1096 899 1150 de
939 1097 1246 1165 Seraphim,
1292 1096 1616 1150 ostendimus
1645 1104 1839 1164 quanta

269 1189 338 1241 sit
362 1187 607 1257 dignitas,
626 1187 772 1255 juxta
799 1187 999 1255 regium
1022 1187 1209 1239 solium
1235 1195 1394 1250 stare,
1418 1197 1469 1238 et
1495 1187 1544 1237 in
1567 1185 1839 1239 hominum

270 1286 529 1345 potestate
550 1278 705 1330 situm
727 1291 864 1340 esse,
886 1288 936 1329 ut
960 1277 1264 1345 dignitatem
1290 1277 1432 1329 illam
1452 1276 1833 1345 adipiscantur.

269 1368 508 1422 Diximus
534 1368 599 1421 de
619 1368 735 1432 alis,
766 1377 819 1420 et
846 1366 911 1421 de
940 1367 1284 1420 inaecessibili
1310 1366 1401 1420 Dei
1426 1367 1633 1427 virtute.
1664 1367 1836 1436 deque

270 1456 615 1524 indulgentia,
644 1471 744 1525 qua
773 1470 830 1510 se
864 1456 1012 1509 nobis
1041 1455 1439 1522 attemperavit;
1470 1454 1757 1523 adjecimus
1787 1466 1841 1510 et

267 1560 481 1598 causam
505 1546 748 1600 clamoris
771 1560 831 1598 ac
854 1556 1116 1612 perpclum
1140 1544 1521 1609 admirationis,
1542 1556 1591 1598 et
1614 1544 1700 1613 qui
1725 1545 1835 1610 fiat,

271 1647 329 1688 ut
356 1636 481 1689 dum
506 1634 781 1703 Seraphim
807 1635 1163 1688 indesinenter
1193 1634 1357 1687 Deum
1388 1634 1833 1701 contemplantur,

266 1739 389 1778 eum
431 1723 787 1777 indesinenter
830 1737 1037 1791 quoque
1075 1722 1395 1792 glorificent;
1427 1722 1839 1776 cornmonefeci-

270 1827 390 1866 mus
422 1828 515 1867 vos
553 1812 758 1867 cuinam
800 1812 963 1867 choro
997 1827 1391 1877 accenseamur,
1425 1823 1477 1867 et
1500 1827 1620 1867 cum
1649 1812 1836 1880 quibus

268 1916 605 1956 communem
632 1901 905 1955 Dominum
926 1902 1224 1967 laudemus;
1254 1902 1542 1971 adjecimus
1562 1910 1616 1957 ct
1637 1902 1701 1956 de
1724 1916 1837 1972 poe-

898 356 963 414 lN
996 360 1197 415 ILLUD
1236 359 1455 424 lSAlrE,
1496 357 1633 415 EGO
1664 358 1955 416 DOMINUS
1995 360 2173 418 DEUS
2213 363 2361 418 FECI
2401 364 2655 433 LUMEN,
2696 366 2843 423 EI‘C.

3434 377 3545 431 142

1947 472 2159 527 nitentia
2189 488 2492 537 sermones;
2521 490 2582 531 ac
2611 477 2847 543 demum,
2869 495 3024 547 quam
3046 496 3205 550 grave
3231 482 3300 536 sit
3320 486 3519 541 malum

1943 575 2061 614 cum
2105 578 2263 630 prava
2304 567 2625 619 conscientia
2668 568 2733 620 ad
2780 584 2928 623 sacra
2956 574 3206 640 mysteria
3234 575 3513 640 accedere,

1943 652 2444 719 demonstravimus,
2473 667 2527 710 et
2565 674 2669 726 quo
2716 672 2867 728 pacto
2911 661 3022 716 fieri
3064 676 3312 732 nequeat,
3343 677 3399 719 nt
3430 664 3524 735 qui

1943 753 2120 796 manet
2146 744 2489 810 incorrectus,
2526 763 2736 816 poenam
2765 753 2943 805 evitet.
2974 754 3098 808 llaec
3126 765 3177 809 et
3204 771 3336 810 uxor
3356 772 3383 809 a
3406 761 3521 810 vim

1943 832 2130 899 discat,
2154 844 2206 889 et
2233 835 2371 888 ﬁlius
2392 852 2418 888 a
2442 846 2612 905 patre,
2637 849 2685 892 et
2714 855 2900 895 servus
2928 858 2956 893 a
2982 843 3216 907 domino,
3243 857 3294 899 et
3321 848 3522 900 vicinus

1943 940 1972 977 a
2001 928 2189 992 vicino,
2217 938 2269 981 et
2293 930 2495 983 amicus
2524 930 2592 983 ab
2618 933 2817 996 amico;
2849 934 2953 987 imo
2984 936 3143 989 etiam
3175 937 3401 993 inimicis
3423 941 3521 993 leta

1946 1031 2219 1071 nrrremus
2244 1033 2255 1070 :
2282 1034 2401 1070 nam
2424 1028 2478 1071 et
2500 1020 2706 1073 illorum
2735 1022 2920 1075 salutis
2953 1024 3103 1077 nobis
3129 1034 3209 1079 cst
3240 1028 3374 1080 ratio
3401 1029 3523 1082 red-

1943 1107 2133 1161 denda.
2173 1107 2227 1160 Si
2258 1109 2397 1160 enim
2427 1108 2633 1162 illorum
2662 1112 3124 1179 crigcrejumeuta
3155 1132 3271 1183 qua:
3307 1118 3513 1172 cecide-

1943 1197 2081 1261 rint,
2111 1206 2163 1250 et
2193 1213 2312 1265 quae
2338 1199 2698 1252 aberraverint
2724 1216 3043 1257 conservare
3067 1219 3129 1257 ac
3156 1204 3408 1259 reducere
3436 1206 3522 1275 ju-

1942 1285 2131 1339 bemur
2157 1285 2366 1357 (Exod.
2399 1287 2486 1342 25.
2524 1290 2553 1342 5
2574 1288 2593 1358 )
2613 1328 2627 1352 ,
2661 1291 2827 1345 multo
2855 1293 3020 1360 magis
3046 1305 3313 1348 errantem
3334 1310 3519 1349 cortnu

1943 1379 2171 1433 animam
2194 1394 2290 1433 nos
2314 1380 2587 1445 reducere,
2606 1391 2659 1433 et
2678 1383 2964 1450 collapsam
2987 1395 3194 1452 oportet
3215 1386 3437 1453 erigere.
3466 1385 3528 1442 Si

1942 1470 2043 1525 hoc
2066 1479 2218 1540 pacto
2240 1481 2450 1525 nostras
2468 1483 2521 1525 et
2542 1473 2899 1539 proximorum
2922 1491 3005 1528 res
3021 1476 3521 1543 dispensaverimus,

1942 1570 2066 1615 ante
2108 1561 2335 1614 tribunal
2382 1560 2577 1615 Christi
2626 1577 2744 1615 cum
2792 1563 2977 1617 fiducia
3018 1574 3159 1617 stare
3210 1567 3520 1633 poterimus,

1941 1666 2061 1705 eum
2107 1666 2213 1719 quo
2260 1652 2401 1704 Patri
2445 1651 2631 1719 gloria,
2677 1652 2866 1718 honor,
2913 1654 3209 1723 imperium,
3260 1671 3362 1708 una
3401 1671 3527 1709 cum

1942 1749 2124 1793 sancto
2157 1755 2220 1793 ac
2256 1740 2463 1795 vivifico
2501 1742 2718 1809 Spiritu,
2754 1757 2891 1795 nunc
2914 1752 2966 1796 et
2992 1757 3220 1811 semper,
3253 1753 3306 1797 et
3333 1746 3381 1796 iu
3413 1760 3516 1796 sae-

1942 1828 2055 1881 cula
2084 1830 2421 1884 szcculorum.
2457 1831 2660 1884 Amen..

1674 2078 1959 2087 ——_—-—.

365 2077 542 2088 --ιοινουκ
566 2078 705 2087 ..ρ--
739 2079 780 2086 -
804 2078 1672 2089 ο-Ἂῳῄοηι--θϋ--σ-ϋν

365 2077 542 2088 -..ομ
566 2078 705 2087 ρ...-
739 2079 780 2086 -
804 2078 1959 2089 -..μω--υ--ᾏΜῌ--ᾜ

275 2078 511 2108 ἔα..
524 2092 643 2102 -..ρ-ο
661 2093 977 2102 -..Μ-
993 2094 1692 2103 .-.-.-.-.-.-.-.-.---...-...---.ν
1707 2077 3393 2108 ...ηψπ-νωπ-
3406 2086 3435 2107 ⁸.

1338 2414 1445 2472 AD
1481 2413 1886 2475 HOMILIAM
1925 2414 2426 2487 SEQUENTEM.

342 2660 569 2715 Difficile
613 2674 775 2729 porro
830 2666 911 2712 est
951 2667 1188 2713 statuere
1239 2657 1609 2712 Antiochiaene
1635 2673 1703 2712 an
1735 2657 2198 2731 Constantinpoli
2251 2663 2393 2717 banc
2439 2663 2690 2718 habuerit
2741 2664 3014 2722 homiliam
3062 2668 3511 2742 Chrysostomus.

267 2793 574 2863 Auguratur
602 2792 993 2857 Tillemontius,
1023 2791 1488 2861 Constantinopoli
1536 2793 1733 2847 dictam
1771 2794 1961 2859 fuisse,
2018 2795 2142 2864 quia
2195 2796 2616 2867 Chrysostomus
2657 2802 2748 2857 hic
2794 2813 2916 2874 post
2956 2806 3121 2860 alium
3150 2809 3515 2864 conciouatus-

266 2926 499 2993 dicitur;
534 2926 624 2981 sed
650 2936 761 2981 tam
789 2926 891 2980 levi
916 2927 1238 2997 conjecturae
1267 2942 1336 2981 ne
1362 2926 1477 2997 ipse
1509 2927 1727 2997 quidem
1753 2928 2130 2984 Tillcmontius
2164 2932 2477 3000 adstipulari
2511 2933 2693 2990 audet.

338 3071 719 3138 Interpretatio
741 3068 928 3125 Latina
957 3081 1038 3126 est
1070 3070 1360 3126 Frontonis
1393 3071 1592 3126 Dircaei.

259 3372 3500 3399 mm

926 3482 1045 3561 IN
1094 3479 1940 3562 PROPHETICUM
1993 3479 2453 3561 DICTUM
2513 3480 2899 3572 ILLUD,

248 3658 368 3702 EGO
411 3658 688 3701 pommus
731 3657 888 3699 DEUS
918 3657 1060 3699 ne!
1105 3655 1317 3699 LUMEN
1351 3655 1431 3696 ET
1470 3653 1815 3707 TENEBRAS,
1844 3653 2105 3697 mersus
2149 3654 2381 3708 manu,
2429 3656 2509 3697 ET
2555 3657 2795 3700 casus
2841 3657 3007 3700 anu
3056 3638 3235 3721 (Ιεαί.
3269 3642 3367 3701 h5.
3413 3648 3499 3725 7).

1656 3778 2072 3833 mmsis)

318 3918 367 3970 Ι.
409 3915 578 3970 Pauca
604 3926 724 3969 sunt
753 3915 964 3984 quidem
988 3914 1147 3980 dicta,
1173 3914 1265 3969 sed
1287 3913 1457 3968 dulcis
1496 3914 1615 3968 fons
1643 3916 1814 3969 mellis

246 4020 347 4071 εει,
392 4006 565 4060 mellis
604 4005 743 4074 quod
792 4005 1058 4059 fastidium
1098 4005 1318 4058 minime
1356 4006 1508 4072 parit.
1550 4004 1680 4058 Nam
1716 4005 1819 4059 hoc

243 4098 455 4167 quidem
483 4098 584 4152 mel
611 4098 804 4152 sensile
846 4098 1169 4165 voluptatem
1210 4098 1260 4150 iu
1305 4097 1479 4164 lingua
1510 4097 1654 4161 fiuit,
1683 4108 1735 4149 et
1763 4098 1815 4149 in

242 4188 633 4255 corruptionem
658 4187 768 4241 abit
801 4186 942 4239 :mel
982 4200 1106 4239 vero
1144 4184 1398 4239 doctrina:
1439 4186 1814 4240 conscientiam

243 4275 405 4330 afﬁcit
441 4275 536 4346 (a),
568 4290 790 4344 eamque
832 4284 1081 4344 perpetua
1134 4274 1312 4328 lwtitia
1354 4274 1644 4343 perfundit,
1675 4285 1725 4330 et
1748 4276 1814 4329 ad

243 4367 693 4421 immortalitatem
735 4381 832 4421 nos
866 4366 1097 4421 deducit.
1140 4370 1310 4435 Atque
1349 4367 1471 4420 illud
1513 4367 1724 4436 quidem
1750 4384 1816 4422 cx

242 4456 423 4511 herbis
464 4457 830 4525 componitur,
862 4456 963 4510 hoc
1001 4466 1177 4510 autem
1207 4472 1273 4510 ex
1301 4456 1492 4510 divinis
1528 4456 1816 4527 Seripturis

241 4547 438 4601 texitur
464 4563 477 4597 :
513 4546 612 4598 hoc
634 4560 728 4598 vos
758 4545 1017 4598 hodierno
1044 4546 1130 4598 die
1163 4545 1448 4613 complevit
1474 4546 1538 4610 is,
1568 4547 1655 4616 qui
1682 4563 1815 4616 pra:-

238 4636 381 4689 clare
403 4634 555 4699 dixit,
578 4642 630 4687 et
656 4633 969 4687 obedientizn
987 4634 1259 4702 przemium
1287 4637 1595 4703 reportavit,
1622 4652 1683 4691 ac
1712 4638 1814 4692 vim

239 4724 475 4778 caritatis
509 4731 563 4776 et
606 4722 725 4777 fidei
766 4724 1091 4777 nobilitatem
1129 4724 1380 4779 ostendit.
1405 4727 1516 4794 Age
1544 4741 1671 4795 ergo
1718 4742 1814 4781 nos

240 4829 450 4884 quoque
494 4813 655 4867 multa
700 4829 820 4868 cum
855 4815 1129 4869 alacritate
1158 4816 1366 4869 solitam
1398 4832 1634 4871 mensam
1662 4818 1814 4873 vobis

243 4918 451 4959 rursum
499 4918 858 4972 apponamus:
910 4921 1012 4959 non
1053 4906 1193 4959 enim
1244 4906 1581 4961 mediocriter
1616 4909 1815 4977 gande-

242 5009 379 5060 mos,
404 4995 544 5065 quod
571 5010 688 5048 cum
717 4994 849 5048 adeo
870 4996 1105 5050 celebres
1130 4998 1232 5049 sint
1259 4997 1365 5051 ludi
1393 4997 1691 5062 Circenses,
1723 5000 1811 5052 illa

240 5086 439 5140 ludicra
478 5085 823 5152 occupatione
868 5094 1169 5154 contempta
1211 5086 1313 5140 huc
1360 5096 1503 5140 tanta
1532 5087 1812 5141 multitudo

238 5174 571 5228 confluxerit.
593 5174 845 5241 Quocirca
869 5190 966 5227 nos
987 5175 1141 5228 etiam
1171 5176 1331 5229 multa
1354 5191 1471 5229 cum
1500 5176 1811 5231 liberalitate

238 5273 498 5318 craterem
523 5265 800 5318 statuimus
820 5305 833 5327 ,
858 5273 1114 5319 craterem
1143 5265 1231 5333 qui
1253 5264 1561 5320 ebrietatem
1594 5267 1812 5321 minime

300 5440 373 5500 (a)
401 5438 462 5500 In
496 5444 672 5500 Graeco,
700 5450 967 5500 ᾳγιιῡθιτᾳετᾳ
984 5443 1176 5500 omaso“.
1202 5436 1478 5500 Ad_literam
1499 5444 1592 5495 est,
1617 5438 1809 5487 abscon-

238 5496 369 5549 ditur
392 5498 443 5548 in
461 5496 973 5548 consciemiu.savilius
987 5510 1067 5545 sus
1102 5497 1253 5545 ieatur
1272 5496 1535 5558 legendum
1555 5511 1685 5557 esse,
1700 5512 1808 5555 ιιιά-

238 5573 353 5604 σιω-
379 5559 471 5604 Sed
488 5560 601 5604 nihil
617 5568 889 5604 susoectum
908 5561 956 5604 in
972 5510 1287 5604 bacifectione
1305 5549 1650 5604 animadverto.
1669 5566 1808 5604 Fron-

238 5573 353 5610 σεται.
379 5559 471 5609 Sed
488 5560 601 5607 nihil
617 5568 889 5620 suspectum
908 5561 956 5605 in
972 5549 1287 5620 baelectione
1305 5549 1650 5607 animadverto.
1669 5549 1808 5608 Fron-

238 5628 287 5669 to
313 5629 510 5670 nucaeus
550 5616 714 5676 vertit,
736 5619 1065 5683 conscientiam
1087 5616 1253 5682 afﬁcit.
1286 5621 1441 5683 magis
1480 5633 1675 5669 sensum
1697 5634 1736 5683 si
1756 5633 1806 5669 e-

236 5694 388 5737 ctaus,
414 5695 555 5738 quam
582 5679 932 5743 etymologiam.

1922 3917 2107 3985 gignit,
2154 3917 2249 3970 sed
2299 3919 2699 3984 temperant'am
2743 3920 2901 3984 parit.
2931 3918 3057 3972 Tale
3099 3936 3325 3988 namque
3356 3923 3501 3978 Scri-

1922 4016 2192 4072 pturarum
2220 4014 2301 4059 cst
2321 4006 2521 4070 vinum,
2556 4006 2677 4059 talia
2710 4021 2908 4059 mensae
2935 4020 3055 4061 sunt
3079 4010 3229 4064 istius
3250 4013 3500 4066 obsonia:

1922 4096 2168 4162 pinguem
2199 4102 2251 4148 ct
2277 4095 2490 4148 obesam
2520 4110 2734 4149 carnem
2775 4112 2878 4150 non
2911 4098 3155 4153 reddunt.
3199 4102 3259 4155 Et
3289 4103 3401 4158 ha‘c
3421 4106 3501 4157 di-

1921 4186 2109 4251 cimus,
2137 4201 2238 4239 non
2264 4197 2319 4239 ut
2343 4188 2628 4256 ignominia
2655 4203 2868 4242 carnem
2900 4190 3215 4255 afﬁciamus,
3246 4194 3339 4245 sed
3361 4196 3501 4261 quod

1921 4277 2111 4331 anima:
2154 4277 2482 4332 nobilitatem
2528 4278 2694 4345 pluris
2740 4281 3110 4333 mstimemus:
3164 4297 3337 4350 neque
3374 4299 3502 4337 vero

1923 4380 2073 4419 usum
2117 4367 2407 4433 rejicimus,
2447 4367 2539 4419 sed
2574 4380 2850 4421 excessum
2891 4370 3246 4437 reprimimns.
3275 4371 3328 4426 Si
3359 4373 3498 4425 enim

1920 4458 2375 4527 philosophentur,
2402 4460 2469 4511 ita
2500 4457 2977 4527 philosophandum
3003 4471 3104 4528 est,
3138 4470 3193 4515 ut
3219 4462 3494 4518 haeretico-

1920 4563 2035 4601 rum
2057 4546 2135 4616 (a)
2165 4548 2356 4615 linguis
2386 4562 2570 4601 ansam
2611 4562 2716 4601 non
2757 4548 2961 4603 demus.
2993 4548 3124 4603 Nam
3160 4552 3259 4607 hoc
3287 4554 3501 4622 quidem

1919 4652 2112 4706 corpus
2160 4637 2336 4690 minus
2376 4648 2459 4691 est
2503 4640 2699 4703 anima,
2743 4642 3066 4695 contrarium
3120 4659 3244 4697 vero
3288 4662 3392 4699 non
3422 4662 3505 4706 est

1919 4727 2109 4779 anima:
2141 4743 2154 4779 :
2188 4725 2280 4779 sed
2305 4726 2526 4794 simplex
2559 4737 2640 4781 est
2661 4728 2876 4796 quidem
2909 4730 3015 4796 illa,
3049 4747 3231 4785 verum
3262 4738 3501 4802 corporis

1919 4816 2298 4883 cupiditatibus
2345 4815 2647 4869 famulatur.
2680 4818 2817 4872 Dens
2846 4820 2986 4873 enim
3016 4821 3200 4874 artifex
3238 4835 3499 4889 prmstan-

1920 4906 2152 4959 tissimus
2172 4920 2275 4959 non
2298 4920 2363 4958 ex
2386 4921 2485 4958 una
2508 4916 2559 4959 et
2580 4905 2786 4959 duabus
2803 4918 2854 4961 et
2880 4908 3047 4960 tribus
3070 4912 3378 4964 substantiis
3401 4912 3500 4964 hoc

1918 5000 2221 5053 universum
2248 4997 2560 5063 constituit,
2592 4998 2683 5051 sed
2715 4998 2885 5051 varias
2906 5013 2967 5051 ac
2992 4999 3266 5053 distinctas
3298 5002 3500 5057 invexit

1919 5102 2151 5155 naturas,
2190 5102 2245 5145 nt
2274 5092 2647 5147 abundantiam
2670 5093 2939 5160 sapicnlim
2965 5108 3074 5146 sua:
3108 5095 3157 5147 in
3188 5094 3496 5151 diversitate

1918 5198 2094 5235 rerum
2140 5183 2469 5236 ostenderet.
2495 5181 2609 5235 Non
2645 5182 2787 5235 enim
2820 5184 3005 5236 cadum
3035 5184 3272 5239 condidit
3299 5190 3493 5251 soltnn,

1917 5270 2010 5325 sed
2036 5281 2089 5323 et
2115 5281 2308 5326 terram
2334 5287 2349 5325 :
2373 5286 2478 5325 non
2507 5279 2701 5325 terram
2732 5272 2923 5334 Solum,
2955 5272 3049 5325 sed
3072 5285 3119 5326 et
3148 5276 3314 5329 sulem
3342 5293 3357 5329 :
3388 5293 3495 5332 non

1916 5362 2080 5416 solem
2128 5363 2306 5425 modo,
2334 5362 2427 5416 sed
2465 5372 2519 5416 et
2552 5363 2726 5415 lunam
2760 5379 2774 5416 :
2821 5378 2925 5417 non
2966 5364 3142 5418 lunam
3178 5366 3369 5431 solum,
3398 5369 3496 5421 sed

1915 5463 1965 5505 et
1991 5454 2170 5507 stellas
2196 5470 2209 5505 :
2250 5466 2356 5505 non
2377 5451 2559 5505 stellas
2585 5452 2777 5517 solum,
2806 5452 2899 5507 sed
2925 5462 2979 5506 et
2998 5468 3174 5508 aerem
3204 5470 3218 5508 :
3262 5470 3367 5507 non
3398 5471 3491 5508 ae-

1913 5560 2023 5599 rem
2046 5546 2236 5609 solum,
2264 5544 2357 5599 sed
2378 5551 2432 5599 et
2451 5542 2646 5598 nubes:
2673 5559 2777 5599 non
2806 5544 2974 5600 nubes
2999 5546 3189 5614 solum,
3212 5546 3307 5601 sed
3332 5549 3493 5604 etiam

1972 5679 2043 5740 (a)
2078 5674 2351 5727 Manichaeos
2374 5674 2619 5739 intelligit.
