4048 6496
534 435 646 490 143

518 542 718 600 natura
748 559 763 598 τ
796 558 899 598 non
929 542 1128 598 aethera
1156 541 1350 609 solum,
1382 540 1476 596 sed
1501 541 1660 596 etiam
1698 539 1865 602 lacus,
1895 537 2084 602 fontes,

520 634 730 698 tluvios,
751 641 980 699 montes,
1009 631 1194 697 valles,
1217 631 1403 697 colles,
1431 639 1602 700 prata,
1626 630 1832 694 hortos,
1861 627 2089 694 semina,

519 725 751 794 plantas,
786 722 1066 777 herbarum
1094 721 1235 774 varia
1257 734 1474 790 genera,
1505 722 1805 789 formasque
1832 716 2090 778 diversas.

519 816 662 867 vires
691 811 947 876 diversas,
979 825 1040 865 ac
1060 810 1298 865 diversas
1323 816 1540 862 naturas
1560 821 1782 862 cernere
1808 806 2021 876 poterit,
2047 806 2091 858 si

520 902 640 972 quis
683 900 938 956 mundum
982 900 1212 969 undique
1239 899 1477 954 lustrarit
1507 915 1521 963 ;
1562 898 1680 952 etsi
1714 905 1879 950 towm
1907 895 2090 950 urbem

519 1003 786 1054 terrarum
830 992 1150 1061 cogitatione
1187 991 1532 1059 percurrerit,
1574 1003 1694 1044 cum
1741 988 1994 1057 propheta
2039 988 2090 1040 in

517 1087 615 1140 has
635 1099 794 1140 voces
817 1093 1094 1152 erumpet:
1122 1082 1288 1150 Quam
1312 1083 1638 1154 magni/irata
1661 1090 1774 1135 sunt
1803 1095 1954 1148 opera
1983 1089 2090 1142 tua,

518 1175 774 1229 Domine!
805 1173 988 1228 Omnia
1028 1175 1081 1227 in
1125 1174 1370 1242 sapientia
1416 1173 1576 1245 fecisti
1609 1172 1777 1242 (Psal.
1816 1172 1937 1226 103.
1976 1170 2090 1239 24).

517 1265 699 1334 Itaque
723 1266 767 1320 si
799 1266 1062 1320 theatrum
1103 1274 1347 1334 spectare
1373 1265 1523 1334 cupis
1548 1305 1563 1329 ,
1604 1262 1668 1317 ad
1698 1263 1800 1318 hoc
1823 1261 2093 1330 spirituale

517 1354 759 1409 satanico
787 1353 878 1409 illo
908 1353 1162 1408 derelicto
1188 1353 1308 1408 veni
1341 1371 1352 1405 :
1396 1353 1440 1407 si
1485 1353 1648 1424 lyram
1697 1351 1848 1420 cupis
1889 1350 2092 1416 audire,

521 1444 613 1497 ilto
643 1452 907 1497 concentu
939 1443 1176 1509 dimisso,
1218 1453 1270 1497 et
1295 1443 1527 1498 excitato
1556 1442 1749 1496 mentis
1777 1450 1879 1497 tuae
1902 1441 2094 1496 robore

519 1532 584 1585 ad
615 1532 752 1586 hanc
782 1533 898 1587 veni
924 1571 938 1595 ,
965 1548 1083 1602 qua:
1111 1534 1345 1586 animum
1370 1542 1516 1587 tuum
1547 1533 1727 1602 erigit,
1756 1539 2094 1601 mentemque

519 1622 818 1678 eonlirmat.
847 1622 980 1678 Vide
1005 1633 1060 1677 ut
1085 1624 1198 1678 soni
1225 1624 1440 1688 diversi,
1464 1622 1781 1692 chordasque
1809 1621 2093 1688 distinctae,

519 1728 730 1767 summo
780 1711 956 1784 opiﬁci
1006 1713 1116 1770 Deo
1168 1729 1327 1768 unum
1367 1721 1422 1769 et
1459 1713 1831 1768 suavissimum
1865 1711 2095 1780 undique

520 1814 836 1859 concentum
859 1806 1120 1860 emittant.
1151 1805 1259 1860 Ceu
1282 1807 1422 1860 enim
1453 1807 1667 1876 quidam
1695 1819 1859 1861 sonus
1878 1804 2094 1874 spiritus

520 1912 587 1950 ex
605 1896 974 1950 ditl'erentibus
1003 1897 1147 1951 sonis
1176 1896 1435 1951 eonilatus
1477 1913 1640 1952 unum
1676 1896 1835 1952 habet
1862 1909 2095 1951 concen-

522 1996 631 2039 tum
658 1986 1115 2055 gloriiicationem,
1139 2003 1239 2056 qua
1265 1987 1498 2043 celebrat
1523 1987 1901 2043 Conditorem:
1929 1995 1984 2042 et
2008 2003 2095 2042 so-

521 2086 652 2132 nant
683 2078 896 2147 quidem
937 2081 1223 2147 separatim
1259 2078 1473 2134 chorda:
1499 2080 1720 2150 singulas
1743 2121 1757 2148 ,
1787 2090 1979 2136 sonant
2003 2095 2094 2134 au-

520 2176 630 2222 tem
676 2179 730 2221 ct
772 2167 912 2222 inter
940 2183 999 2223 se
1027 2170 1344 2238 eonjunctm.
1376 2170 1550 2240 Atque
1583 2178 1640 2224 ut
1669 2169 1930 2241 intelligas
1950 2211 1967 2235 ,
1990 2185 2095 2238 quo

520 2264 679 2325 pacto
724 2258 1010 2326 separatim
1057 2267 1270 2326 sonent,
1316 2259 1435 2313 cteli
1478 2258 1734 2315 chordam
1777 2259 2096 2330 cogitatione

519 2346 748 2414 pulsato,
783 2357 891 2400 tum
919 2347 1116 2418 ingenti
1146 2348 1288 2402 edito
1314 2363 1448 2403 sono
1475 2349 1661 2404 audies
1687 2364 1803 2404 eam
1835 2350 1945 2404 Deo
1975 2350 2094 2404 lau-

520 2437 642 2492 dem
682 2438 894 2493 olierrc.
941 2439 1093 2506 Quod
1137 2455 1256 2494 eum
1312 2440 1773 2496 animadvertisset
1815 2442 2094 2512 propheta,

521 2528 656 2582 dixit
682 2546 697 2582 :
725 2528 848 2583 Cazli
875 2517 1111 2583 enarrant
1130 2530 1342 2600 gloriam
1370 2530 1488 2597 Dei,
1516 2547 1643 2600 apus
1662 2543 1829 2586 autem
1859 2549 2095 2590 inanuunt

521 2619 633 2684 sjus
679 2619 945 2673 annuntiat
994 2621 1367 2688 ﬁrmamentum
1411 2620 1579 2694 (Psal.
1623 2623 1708 2678 18.
1754 2622 1833 2694 2).
1884 2622 1967 2679 Ab
2007 2623 2094 2678 illa

521 2706 723 2762 chorda
751 2708 817 2763 ad
843 2709 946 2767 diei
990 2713 1266 2782 noctisque
1291 2711 1545 2768 ehordam
1576 2713 1838 2769 descende
1856 2755 1870 2780 ,
1907 2725 2013 2769 tum
2041 2727 2097 2770 et

525 2797 626 2851 hos
653 2796 766 2870 lyra
795 2801 978 2868 quavis
1003 2810 1057 2856 et
1080 2801 1282 2856 cithara
1323 2804 1598 2858 suaviores
1624 2804 1789 2858 emitti
1817 2817 1982 2859 sonos
2019 2806 2096 2858 vi-

520 2888 717 2944 debis:
769 2890 1064 2958 praesertim
1108 2905 1236 2946 vero
1274 2906 1398 2946 cum
1449 2891 1679 2947 adiuerit
1725 2893 1823 2964 qui
1871 2892 2096 2948 chordas

523 2979 653 3033 istas
693 2980 904 3049 pulsare
949 2982 1174 3036 noverit.
1203 2982 1441 3049 Quonam
1477 2993 1656 3040 autem
1687 2995 1841 3055 pacto
1865 2987 2096 3040 sonant?

522 3069 664 3124 dicet
689 3069 898 3139 aliquis.
939 3071 1136 3126 Caelum
1165 3087 1271 3127 non
1298 3087 1358 3128 os
1387 3083 1594 3141 movet,
1627 3090 1798 3146 neque
1823 3075 2050 3147 linguam
2075 3115 2094 3144 ,

522 3174 695 3228 neque
725 3161 976 3230 palatum,
1000 3177 1170 3233 neque
1197 3163 1404 3232 dentes,
1423 3180 1595 3236 neque
1619 3166 1798 3222 labra:
1830 3167 2094 3237 quomodo

522 3266 650 3319 ergo
679 3266 780 3305 vox
807 3253 1016 3307 oritur?
1043 3255 1308 3322 quomodo
1336 3264 1510 3309 autem
1541 3255 1654 3310 dies
1694 3257 1924 3326 loquitur
1949 3257 2096 3314 2N0-

524 3356 631 3410 que
673 3342 813 3396 enim
847 3341 960 3398 haec
999 3346 1193 3399 vocalia
1223 3355 1344 3400 sunt
1375 3347 1721 3402 instrumenta
1742 3389 1758 3414 ,
1789 3347 1883 3402 sed
1910 3361 2101 3403 cursus

523 3430 652 3485 solis
675 3440 729 3485 et
753 3431 892 3488 luna
915 3432 1027 3488 dies
1052 3443 1130 3488 est
1151 3442 1205 3490 et
1233 3449 1361 3502 nox,
1381 3437 1736 3506 temporisque
1764 3452 2098 3507 progressus.

524 3519 603 3575 Ne
630 3520 790 3590 igitur
812 3536 875 3576 ex
914 3523 1262 3584 crassioribus
1294 3524 1487 3598 aliquis
1528 3525 1608 3579 bis
1635 3527 1829 3583 auditis
1857 3542 2096 3587 commo-

527 3620 718 3667 veatur
743 3626 805 3666 ac
832 3613 1169 3682 perturbetur
1191 3655 1205 3676 ,
1232 3613 1355 3669 audi
1390 3631 1497 3685 quo
1535 3627 1689 3686 pacto
1719 3617 1802 3672 his
1827 3659 1840 3684 ,
1868 3634 1984 3689 qua:
2009 3619 2094 3674 di-

524 3709 608 3755 ctu
659 3710 801 3768 sunt,
856 3703 1051 3759 addere
1101 3704 1300 3774 majora
1345 3707 1614 3762 contendit
1659 3708 1934 3777 prepheta.
1963 3710 2094 3765 Cum

526 3790 670 3844 enim
701 3791 860 3845 caelos
907 3792 1002 3846 Dei
1040 3792 1262 3861 gloriam
1302 3809 1552 3850 enarrare
1588 3796 1806 3851 dixisset
1829 3838 1844 3861 ,
1874 3806 1928 3852 et
1951 3798 2095 3854 diem

525 3878 630 3933 dici
659 3880 878 3934 verbum
906 3888 1168 3946 eructare,
1197 3893 1513 3954 noctemque
1541 3885 1682 3940 nocti
1704 3887 1978 3941 scientiam
2009 3890 2094 3943 in-

525 3968 704 4023 dicare
723 3967 885 4039 (Ibid.
915 3985 963 4025 υ.
990 3971 1070 4042 5),
1094 3987 1197 4025 non
1226 3971 1311 4026 hic
1334 3973 1587 4042 substitit,
1606 3976 1700 4031 sed
1721 3975 1951 4047 adjecit:
1976 3978 2098 4033 Non

525 4066 642 4111 sunt
670 4057 901 4126 loquele,
937 4075 1092 4130 neque
1130 4076 1403 4130 sermones,
1445 4079 1658 4132 quarunt
1692 4081 1792 4123 non
1826 4067 2099 4122 audiantur

525 4165 666 4208 noces
693 4165 864 4204 eorum
902 4149 1064 4218 (ibid.
1093 4169 1142 4205 υ.
1169 4154 1246 4223 4).
1273 4153 1471 4209 Horum
1500 4166 1675 4212 autem
1703 4159 1984 4215 verborum
2011 4159 2098 4215 hic

524 4253 716 4298 Sensus
744 4249 825 4295 est
860 4260 873 4296 :
904 4241 1020 4296 Non
1050 4243 1218 4297 solum
1247 4259 1429 4300 vocem
1462 4247 1656 4302 habent
1682 4249 1800 4305 dies
1820 4291 1835 4314 ,
1865 4260 1920 4306 et
1948 4267 2052 4305 nox
2078 4293 2094 4319 ,

527 4338 581 4386 et
605 4329 792 4385 caelum
827 4332 866 4396 ί,
910 4332 1002 4386 sed
1047 4342 1098 4388 ct
1137 4349 1321 4390 vocem
1367 4336 1649 4405 ejusmodi,
1678 4354 1796 4409 qua:
1820 4342 2096 4411 insignior,

524 4418 741 4485 clarior,
787 4427 841 4474 et
882 4422 1056 4476 acrior
1096 4424 1164 4478 sit
1207 4423 1453 4478 humana.
1500 4425 1616 4492 Quo
1651 4428 1861 4484 tandem
1907 4432 2098 4499 pacto?

524 4508 665 4564 Audi
683 4509 796 4579 ipsa
825 4511 936 4580 eius
961 4513 1140 4568 verba.
1173 4513 1292 4568 Non
1329 4526 1444 4569 sunt
1465 4517 1694 4585 loquela',
1727 4535 1884 4590 neque
1907 4537 2097 4575 sermo-

525 4615 636 4667 nes,
652 4617 865 4670 quorum
913 4619 1016 4657 non
1058 4605 1330 4659 audiantur
1373 4622 1512 4661 uoces
1549 4625 1738 4663 eorum.
1765 4610 1902 4678 Quid
1941 4613 2097 4683 igitur

525 4691 628 4746 hoc
653 4701 735 4747 est
758 4693 780 4745 ἲ
803 4693 1113 4750 Encomium
1141 4697 1310 4763 vocis,
1341 4698 1454 4754 laus
1483 4700 1598 4754 soni
1631 4701 1930 4770 hujus.Vox
1955 4705 2095 4758 enim

527 4797 644 4838 mea
684 4793 806 4838 nota
836 4793 917 4838 est
944 4785 1014 4838 illi
1034 4828 1050 4852 ,
1078 4788 1164 4857 qui
1191 4788 1375 4844 eadem
1404 4805 1611 4845 mecum
1640 4791 1814 4862 lingua
1845 4794 2096 4863 loquitur,

523 4871 574 4925 ei
604 4886 730 4929 vero
756 4874 844 4942 qui
870 4873 1100 4941 diversa,
1129 4891 1233 4930 non
1256 4878 1404 4933 item.
1429 4879 1664 4950 Exempli
1687 4883 1928 4946 causa,si
1953 4884 2097 4940 Grae-

523 4977 584 5018 ca
613 4963 788 5034 lingua
819 4965 1025 5035 loquar,
1061 4975 1115 5021 et
1139 4982 1322 5023 vocem
1354 4968 1492 5025 hanc
1521 4974 1725 5028 noverit
1749 4974 1975 5044 aliquis,
2007 4977 2097 5032 ille

526 5067 615 5109 me
639 5055 818 5110 audiet
850 5075 864 5112 :
903 5057 1096 5129 Scytha
1126 5074 1254 5115 vero
1277 5102 1295 5128 ,
1326 5061 1522 5128 Thrax,
1554 5065 1766 5120 Maurus
1785 5107 1800 5133 ,
1827 5077 1917 5121 aut
1940 5067 2097 5123 ludus

527 5157 633 5198 non
663 5145 786 5200 item
822 5163 834 5198 :
867 5148 1061 5217 quippe
1090 5150 1230 5218 quod
1264 5151 1457 5221 lingua:
1495 5152 1777 5210 discrimen
1822 5158 2093 5229 impediat,

526 5247 595 5287 ne
624 5233 697 5288 illi
723 5248 898 5291 sermo
927 5251 1078 5292 meus
1106 5238 1419 5296 innotescat.

595 5322 651 5379 2.
682 5324 902 5395 Loquela
926 5339 1267 5383 creaturarum
1299 5330 1460 5384 Deum
1483 5334 1800 5389 laudantium
1823 5339 2004 5405 qualis.
2031 5368 2101 5378 —

527 5416 732 5473 Rursus
757 5433 874 5489 ego,
903 5421 946 5474 si
973 5421 1219 5492 loquatur
1242 5423 1435 5494 Scytha
1463 5427 1544 5481 vel
1569 5427 1764 5492 Thrax,
1790 5430 1971 5484 audire
1996 5446 2098 5486 non

594 5569 719 5643 fflf:
751 5581 812 5643 el!
835 5571 1114 5643 conjectura
1138 5576 1348 5643 restituit
1380 5582 1552 5643 Fronto
1589 5585 1804 5637 Ducmus,
1834 5585 1886 5629 et
1905 5581 2100 5643 quidem

527 5628 728 5688 ον’-πθ·
755 5629 892 5698 Alli“!
915 5628 1135 5698 Seium!“
1159 5633 1356 5698 legitur,
1381 5635 1511 5698 dies.
1539 5645 1583 5687 et
1607 5651 1719 5696 nox,
1746 5628 2102 5694 amaram?

529 5691 912 5765 verum
934 5692 1019 5741 ille
1046 5695 1091 5741 in
1117 5691 1352 5765 margine
1379 5691 1642 5765 legendum
1690 5691 1816 5760 esse,
1844 5711 1889 5752 et
1913 5691 2098 5765 viritim,

532 5756 586 5798 et
611 5757 750 5800 recte
773 5753 967 5814 quidem
991 5769 1004 5803 :
1033 5767 1141 5804 nam
1166 5753 1245 5806 sic'
1257 5753 1678 5820 senms'postulat.

1192 422 1249 478 S.
1285 421 1564 479 JOANNIS
1598 416 2077 479 CHRYSOS’IOMI
2111 414 2425 474 ARCHIEP.
2463 417 2994 480 CONSTANTINOP.

3652 450 3758 504 144

2203 542 2406 606 potero,
2431 551 2601 606 neque
2631 537 2762 591 alter
2790 538 3020 608 linguam
3047 538 3261 595 alterius
3290 557 3304 593 :
3333 539 3386 594 in
3409 539 3542 595 caelo
3570 549 3766 605 autem,

2199 627 2251 680 in
2283 637 2436 682 noete
2460 642 2521 681 ac
2549 626 2636 682 die
2661 628 2834 682 locum
2859 629 2909 681 id
2934 643 3036 682 non
3061 629 3238 694 habet,
3264 629 3356 685 sed
3380 631 3638 699 ejusmodi
3667 647 3770 685 Vox

2199 716 2410 770 illorum
2439 727 2537 779 est,
2570 727 2625 770 ut
2655 717 2721 770 ab
2747 720 2889 770 omni
2924 719 3117 786 lingua,
3149 720 3217 774 ab
3242 721 3382 774 omni
3415 719 3618 788 loquela
3650 735 3771 787 pos-

2198 809 2264 862 sit
2289 808 2476 875 audiri,
2507 810 2661 878 eique
2686 811 2826 864 clara
2852 810 2920 865 sit
2943 819 2998 866 et
3022 811 3316 880 perspicua.
3342 811 3625 879 Propterea
3647 826 3766 864 cum

2198 889 2357 951 cados
2386 899 2476 953 Dei
2503 900 2722 967 gloriam
2750 915 3001 955 enarrare
3024 901 3260 962 dixisset,
3288 911 3341 956 et
3366 903 3503 957 diem
3523 902 3626 956 diei
3649 918 3771 955 vcr-

2198 988 2323 1042 bum
2352 1001 2622 1054 eructare,
2656 990 2848 1059 adjecit
2875 1009 2889 1047 :
2920 990 3038 1045 Non
3065 1001 3180 1045 sunt
3205 992 3445 1061 loquela,
3472 1008 3628 1061 neque
3657 1008 3765 1045 ser-

2197 1097 2387 1145 mones,
2412 1097 2622 1151 quorum
2650 1098 2747 1135 non
2777 1083 3046 1136 audiantur
3071 1098 3212 1137 uoces
3237 1099 3428 1137 eorum.
3454 1083 3580 1149 Qum
3606 1083 3766 1137 verba

2199 1173 2355 1227 talem
2385 1175 2697 1228 sententiam
2733 1174 2928 1229 habent
2957 1192 2969 1227 :
3001 1174 3180 1229 Talem
3225 1174 3420 1229 habent
3459 1174 3726 1244 loquelam
3749 1215 3765 1236 ,

2199 1261 2462 1332 talemque
2487 1277 2670 1318 vocem
2700 1263 2895 1317 habent
2921 1263 3052 1330 dies,
3086 1279 3206 1326 nox,
3233 1272 3284 1317 et
3313 1263 3516 1327 caelum,
3547 1277 3768 1317 omnes-

2198 1369 2300 1422 que
2327 1365 2583 1410 creaturae
2603 1396 2616 1418 ,
2648 1365 2705 1410 ut
2744 1355 2813 1411 ab
2852 1356 3094 1410 omnibus
3129 1355 3352 1425 loquelis
3374 1395 3389 1416 ,
3424 1355 3522 1406 hoc
3549 1363 3627 1408 est
3653 1394 3669 1418 ,
3702 1352 3770 1405 :h

2199 1443 2443 1498 omnibus
2472 1444 2680 1514 linguis,
2709 1445 2776 1498 ab
2804 1445 3045 1500 omnibus
3069 1445 3311 1515 gentibus
3338 1459 3434 1497 vox
3461 1458 3648 1497 eorum
3669 1457 3768 1494 an-

2197 1536 2388 1591 diatur.
2418 1537 2531 1592 Non
2561 1537 2701 1592 enim
2724 1549 2800 1593 est
2833 1538 3057 1607 loquela,
3083 1538 3272 1605 inquit,
3301 1537 3402 1591 hoc
3428 1545 3529 1601 est,
3555 1551 3660 1590 non
3685 1543 3768 1589 est

2197 1641 2348 1696 gens,
2379 1642 2484 1681 non
2512 1635 2593 1682 est
2616 1642 2738 1694 vox,
2768 1627 2853 1682 ubi
2885 1643 2985 1682 vox
3013 1628 3128 1682 cadi
3158 1641 3260 1681 non
3290 1626 3566 1681 audiatur:
3594 1625 3688 1680 sed
3715 1634 3770 1679 ct

2199 1717 2415 1789 Scytha,
2441 1727 2494 1773 et
2514 1719 2711 1785 Thrax,
2739 1730 2792 1773 et
2815 1719 3043 1785 Maurus,
3070 1727 3123 1774 et
3151 1719 3326 1784 ludus,
3353 1727 3406 1772 et
3431 1719 3763 1780 Sauromata,

2198 1817 2252 1862 et
2277 1807 2483 1877 loquela
2511 1809 2702 1872 omnis,
2725 1818 2776 1862 et
2808 1809 2982 1879 lingua
3011 1810 3180 1862 omnis
3209 1819 3262 1863 et
3284 1823 3410 1878 gens
3437 1809 3607 1862 omnis
3627 1807 3768 1860 hanc

2197 1912 2384 1953 vocem
2412 1900 2605 1968 poterit
2633 1899 2902 1954 exaudire.
2933 1899 3048 1966 Quo
3075 1899 3283 1953 tandem
3315 1899 3504 1967 pacto?
3523 1897 3635 1952 Hoc
3655 1897 3768 1965 jam

2198 1987 2341 2053 audi,
2372 1996 2430 2042 ut
2457 1987 2718 2058 intelligas
2748 2003 2847 2056 qua
2877 1990 3078 2043 ratione
3101 1988 3287 2042 celum
3317 1987 3536 2042 tacendo
3565 1987 3769 2056 loqua-

2199 2087 2300 2133 tur.
2329 2077 2459 2134 Cum
2486 2079 2623 2134 enim
2650 2080 2844 2134 videris
2869 2080 2983 2148 ejus
3011 2078 3474 2148 pulchritudinem,
3505 2079 3767 2146 magnim-

2196 2167 2373 2222 dinem
2396 2209 2413 2237 ,
2445 2170 2601 2223 situm
2626 2210 2641 2232 ,
2674 2169 3072 2238 perpetuitatem
3098 2210 3111 2232 ,
3149 2170 3518 2238 splendorem,
3556 2178 3610 2223 et
3652 2168 3768 2222 ha-c

2197 2261 2370 2317 omnia
2415 2263 2667 2334 colligens
2709 2263 2846 2331 apud
2887 2271 2938 2318 te
2975 2261 3313 2317 Conditorem
3353 2259 3764 2330 gloriﬁcaveris,

2198 2350 2500 2407 Creatorem
2531 2353 2779 2418 laudaris,
2811 2361 2922 2407 tum
2949 2366 3129 2407 vocem
3157 2351 3330 2404 emisit
3359 2351 3564 2415 cadum,
3591 2360 3645 2403 et
3671 2365 3766 2417 per

2197 2441 2427 2511 linguam
2472 2441 2582 2498 Deo
2618 2443 2842 2515 gloriam
2880 2441 3191 2508 laudemque
3230 2440 3433 2496 detulit.
3467 2441 3635 2508 Atque
3663 2439 3765 2492 hoc

2199 2529 2326 2585 illud
2363 2539 2446 2585 est
2477 2531 2615 2600 quod
2641 2532 2815 2598 dixit,
2845 2531 2967 2586 (Itali
2996 2539 3230 2586 enarrant
3263 2531 3475 2602 gloriam
3503 2530 3617 2583 Dei.
3648 2531 3765 2595 Quo

2198 2622 2411 2678 tandem
2435 2621 2632 2681 modo?
2656 2622 2789 2679 Dum
2813 2622 2894 2678 sui
2921 2622 3215 2693 splendoris
3241 2621 3622 2692 pulchritudine
3644 2636 3768 2689 spe-

2197 2720 2451 2767 ctatorem
2480 2711 2532 2767 in
2560 2711 2963 2773 admirationem
2993 2712 3268 2769 traducunt
3288 2711 3604 2766 Conditoris.
3632 2708 3768 2764 Cum

2197 2800 2337 2854 enim
2360 2809 2644 2870 conspecto
2666 2809 2809 2855 tanto
2829 2816 2989 2870 opere
3009 2801 3203 2856 dixeris
3227 2818 3240 2854 :
3264 2799 3441 2858 Gloria
3464 2799 3575 2863 tibi,
3604 2800 3766 2861 Deus,

2197 2891 2352 2962 quale
2377 2905 2568 2963 corpus
2593 2889 2892 2958 condidisti,
2919 2901 2973 2947 et
2998 2893 3049 2946 in
3077 2891 3250 2949 medio
3273 2891 3586 2947 constituisti
3608 2891 3622 2943 l
3650 2890 3770 2943 caeli

2196 2982 2419 3052 gloriam
2457 2981 2611 3036 istam
2651 2981 2985 3046 detulerunt,
3015 2989 3069 3034 et
3106 2990 3189 3034 tua
3232 2979 3405 3048 lingua
3435 2987 3644 3034 utentes
3672 2993 3771 3045 per

2197 3081 2466 3142 aspectum
2495 3072 2900 3128 admirationem
2922 3071 3292 3128 exhibueruut.
3318 3070 3394 3126 Ita
3419 3071 3634 3126 silentes
3651 3071 3771 3139 glo-

2195 3163 2328 3218 riam
2355 3173 2408 3217 et
2443 3163 2699 3218 honorem
2745 3163 2854 3217 Deo
2891 3161 3168 3230 deferunt,
3195 3170 3248 3218 et
3291 3162 3424 3218 hanc
3455 3176 3639 3218 vocem
3665 3175 3768 3213 an-

2195 3253 2346 3309 diunt
2372 3267 2577 3308 omnes.
2609 3253 2830 3321 Quando
2866 3253 3008 3307 enim
3046 3252 3162 3308 brae
3201 3253 3398 3322 percipi
3438 3251 3615 3305 auditu
3658 3265 3767 3304 non

2197 3354 2435 3413 possunt,
2463 3343 2554 3399 sed
2577 3353 2790 3415 aspectu
2813 3352 2866 3398 et
2891 3344 3350 3412 contemplatione,
3376 3353 3620 3411 aspectus
3645 3356 3775 3410 por-t

2196 3444 2534 3496 rounusest
2560 3436 2831 3499 omnibus,
2862 3437 3068 3491 tametsi
3101 3436 3272 3505 lingua
3301 3435 3368 3488 sit
3397 3433 3646 3488 ditierens
3667 3473 3680 3494 ,
3713 3442 3770 3486 et

2197 3525 2451 3582 barbarus
2472 3565 2490 3591 ,
2518 3524 2729 3597 Scytha
2748 3565 2761 3587 ,
2803 3524 3034 3580 Thraces
3056 3566 3072 3590 ,
3104 3523 3266 3578 Mauri
3289 3562 3308 3588 ,
3335 3531 3390 3577 et
3431 3522 3541 3576 indi
3583 3534 3767 3574 vocrm

2197 3615 2352 3670 istam
2373 3615 2611 3683 audiunt,
2635 3616 2736 3670 hoc
2760 3623 2860 3678 est,
2885 3613 3192 3668 miraculum
3214 3620 3510 3672 cernentes.
3539 3611 3771 3679 pulchri-

2198 3707 2434 3763 tudinem
2457 3708 2914 3777 obstupeaeeates,
2945 3705 3298 3775 splendorem,
3329 3703 3762 3774 magnitudinem,

2196 3797 2298 3851 alia
2324 3798 2499 3852 omnia
2521 3839 2534 3863 ,
2563 3813 2683 3868 quas
2721 3796 2787 3851 ad
2825 3797 3010 3852 caelum
3051 3795 3351 3864 pertinent.
3379 3796 3468 3864 qui
3504 3803 3648 3849 recta
3675 3808 3762 3844 sa-

2198 3890 2367 3958 piunt,
2399 3888 2617 3954 gloriam
2646 3898 2699 3942 et
2728 3887 2935 3945 laudem
2963 3886 3192 3941 oil'erunt
3213 3885 3340 3940 Deo.
3371 3884 3598 3954 ldipsum
3625 3884 3766 3939 etde

2198 3977 2284 4032 die
2313 3987 2470 4046 atque
2499 3985 2652 4031 nocte
2676 3976 2777 4035 diei
2810 3985 2998 4045 potest.
3029 3976 3097 4031 Ut
3123 3976 3263 4030 enim
3293 3975 3394 4030 hoc
3421 3974 3764 4044 pulchritudi-

2199 4083 2287 4134 ne,
2319 4068 2444 4133 situ,
2476 4066 2854 4136 magnitudine,
2886 4065 3186 4134 splendore,
3219 4065 3472 4133 temporis
3499 4065 3766 4134 perpetui—

2200 4167 2307 4212 tate
2326 4199 2343 4225 ,
2371 4172 2497 4219 usu,
2526 4157 2838 4212 eiilceeitate
2858 4197 2872 4222 ,
2905 4156 3111 4212 caeteris
3137 4155 3380 4210 omnibus
3415 4163 3766 4222 spectatorrm

2199 4248 2265 4302 ad
2291 4248 2694 4302 admirationem
2721 4245 2999 4302 traducens
3027 4244 3227 4311 efficit,
3257 4252 3312 4298 ut
3338 4244 3560 4314 gloriam
3582 4252 3635 4299 et
3663 4244 3767 4298 ho-

2201 4352 2383 4391 norem
2425 4337 2699 4392 Conditori
2737 4335 3036 4394 dehramus
3068 4355 3081 4390 :
3114 4338 3182 4390 ita
3227 4351 3333 4390 nox
3367 4343 3423 4390 et
3460 4335 3592 4392 dies.
3633 4336 3767 4392 Cum

2201 4429 2341 4482 enim
2381 4437 2584 4481 rectum
2623 4427 2811 4481 horum
2856 4437 3153 4499 temporum
3189 4427 3426 4482 ordinem
3458 4427 3681 4489 videris,
3715 4437 3771 4483 et

2203 4531 2306 4587 quo
2335 4526 2485 4586 pacto
2513 4532 2675 4585 penso
2701 4532 2800 4573 suo
2825 4517 3067 4572 absoluto
3094 4517 3206 4572 dies
3231 4527 3438 4574 noctem
3461 4533 3491 4571 e
3515 4519 3626 4572 suis
3647 4533 3770 4586 pro-

2201 4608 2397 4677 pellere
2424 4607 2673 4662 limitibus
2701 4622 2804 4662 non
2833 4607 3120 4671 contendit,
3151 4623 3248 4662 nec
3273 4609 3428 4662 ullam
3455 4624 3560 4676 prae
3586 4623 3643 4662 se
3668 4608 3773 4663 fert

2201 4712 2287 4752 res
2316 4697 2513 4751 alienas
2552 4696 2834 4765 usurpandi
2869 4697 3206 4766 cupiditatem
3235 4715 3250 4753 :
3280 4713 3451 4768 neque
3489 4709 3772 4767 propterea

2201 4787 2340 4856 quod
2389 4787 2497 4856 ipsa
2542 4787 2864 4856 splendidior
2899 4797 3010 4852 est,
3053 4796 3219 4842 totum
3261 4803 3522 4859 occupare
3561 4799 3774 4859 tempus

2201 4886 2442 4943 conatur,
2465 4877 2559 4933 sed
2582 4877 2816 4933 recedit:
2839 4879 3132 4947 eodemque
3159 4879 3315 4934 modo
3334 4894 3517 4935 rursus
3541 4895 3644 4935 nox
3671 4893 3771 4933 suo

2201 4965 2442 5023 confecto
2464 4981 2619 5022 cursu
2642 4967 2743 5021 diei
2769 4967 2907 5020 cedit
2930 4985 2943 5020 :
2968 4977 3020 5020 et
3045 4968 3144 5021 hoc
3165 4983 3259 5037 per
3284 4976 3359 5022 tot
3380 4983 3547 5023 annos
3573 4967 3770 5022 factum

2203 5067 2304 5124 est,
2333 5073 2432 5113 nec
2456 5059 2559 5112 ulla
2589 5059 2826 5112 confusio
2853 5057 2937 5111 vel
2970 5059 3288 5127 perturbatio
3321 5061 3428 5114 visa
3457 5069 3557 5124 est,
3589 5066 3644 5112 et
3672 5073 3771 5114 nec

2205 5148 2300 5204 ista
2331 5147 2471 5201 illam
2499 5147 2654 5216 ejecit
2678 5187 2692 5212 ,
2726 5161 2895 5215 neque
2936 5147 3021 5201 illa
3062 5147 3198 5202 hanc
3238 5147 3529 5212 fraudavit;
3563 5149 3775 5203 tametsi

2205 5238 2530 5309 splendidior
2559 5254 2657 5291 una
2680 5278 2692 5299 ,
2731 5245 2784 5289 et
2821 5236 3094 5291 obscurior
3119 5249 3197 5292 est
3230 5238 3393 5291 altera
3425 5254 3437 5288 :
3469 5251 3650 5292 rursus
3680 5252 3773 5291 re-

2204 5339 2347 5382 ctum
2376 5328 2612 5382 ordinem
2646 5326 2865 5380 miratus
2904 5342 3006 5380 non
3052 5328 3158 5382 Deo
3184 5328 3402 5396 gloriam
3434 5336 3486 5381 et
3517 5327 3771 5381 honorem

2205 5418 2432 5474 oﬂ'eres?
2456 5418 2519 5471 Et
2542 5416 2979 5485 quemadmodum
3006 5433 3216 5474 sorores
3235 5417 3351 5470 duae
3372 5417 3626 5471 benevole
3650 5433 3772 5486 erga

2206 5523 2265 5562 se
2289 5506 2512 5560 invicem
2541 5502 2770 5570 affectae,
2802 5515 3070 5575 paternam
3112 5507 3455 5560 hereditatem
3484 5507 3533 5559 in
3565 5507 3698 5561 libra
3722 5519 3776 5560 et

2206 5597 2412 5651 bilance
2444 5595 2740 5663 partiuntur
2759 5636 2772 5660 ,
2801 5603 2855 5650 et
2884 5612 2950 5650 ne
2987 5598 3199 5651 minima
3227 5597 3438 5666 quidem
3473 5612 3533 5650 re
3558 5598 3662 5651 ulla
3693 5598 3771 5651 al-

2210 5701 2319 5743 tera
2346 5685 2569 5740 alteram
2601 5683 2802 5739 fraudat
2827 5703 2839 5739 :
2866 5687 2943 5740 sic
2971 5687 3214 5741 nitnirum
3241 5698 3293 5741 et
3321 5702 3422 5742 nox
3447 5698 3501 5744 et
3527 5687 3642 5745 dies
3668 5699 3778 5743 toto

2211 5787 2446 5847 tempore
2477 5775 2614 5828 inter
2637 5787 2693 5829 se
2720 5774 2907 5841 diviso,
2933 5776 3061 5832 dum
3088 5793 3151 5833 nc
3180 5777 3392 5833 minima
3422 5779 3635 5836 quidem
3665 5780 3777 5850 ejus
