  <div class='ocr_page' id='page_1' title='image "/cluster/home/n/w/nwhite01/storage/ocr_20150623/56/ien.35556001660836/152.png"; bbox 0 0 4048 6462; ppageno 0'>
   <div class='ocr_carea' id='block_1_1' title="bbox 274 379 391 434">
    <p class='ocr_par' dir='ltr' id='par_1_1' title="bbox 274 379 391 434">
     <span class='ocr_line' id='line_1_1' title="bbox 274 379 391 434; baseline 0.017 -2"><span class='ocrx_word' id='word_1_1' title='bbox 274 379 391 434; x_wconf 83' lang='grc'><strong>145</strong></span> 
     </span>
    </p>
   </div>
   <div class='ocr_carea' id='block_1_2' title="bbox 250 473 1834 550">
    <p class='ocr_par' dir='ltr' id='par_1_2' title="bbox 250 473 1834 550">
     <span class='ocr_line' id='line_1_2' title="bbox 250 473 1834 550; baseline -0.007 -16"><span class='ocrx_word' id='word_1_2' title='bbox 250 489 402 550; x_wconf 89' lang='lat' dir='ltr'><strong>parte</strong></span> <span class='ocrx_word' id='word_1_3' title='bbox 424 493 482 533; x_wconf 89' lang='lat' dir='ltr'><strong>se</strong></span> <span class='ocrx_word' id='word_1_4' title='bbox 506 477 731 533; x_wconf 87' lang='lat' dir='ltr'><strong>invicem</strong></span> <span class='ocrx_word' id='word_1_5' title='bbox 758 474 1022 540; x_wconf 83' lang='lat' dir='ltr'><strong>fraudant,</strong></span> <span class='ocrx_word' id='word_1_6' title='bbox 1049 484 1247 529; x_wconf 88' lang='lat' dir='ltr'><strong>tantam</strong></span> <span class='ocrx_word' id='word_1_7' title='bbox 1271 475 1624 543; x_wconf 63' lang='lat' dir='ltr'><strong>aequalitatem</strong></span> <span class='ocrx_word' id='word_1_8' title='bbox 1650 473 1834 526; x_wconf 88' lang='lat' dir='ltr'><strong>obser-</strong></span> 
     </span>
    </p>
   </div>
   <div class='ocr_carea' id='block_1_3' title="bbox 248 564 1838 640">
    <p class='ocr_par' dir='ltr' id='par_1_3' title="bbox 248 564 1838 640">
     <span class='ocr_line' id='line_1_3' title="bbox 248 564 1838 640; baseline -0.004 -17"><span class='ocrx_word' id='word_1_9' title='bbox 248 581 409 636; x_wconf 75' lang='lat' dir='ltr'><strong>vant,</strong></span> <span class='ocrx_word' id='word_1_10' title='bbox 440 578 689 640; x_wconf 76' lang='lat' dir='ltr'><strong>quantam</strong></span> <span class='ocrx_word' id='word_1_11' title='bbox 718 584 814 621; x_wconf 87' lang='lat' dir='ltr'><strong>usu</strong></span> <span class='ocrx_word' id='word_1_12' title='bbox 846 578 898 621; x_wconf 89' lang='lat' dir='ltr'><strong>et</strong></span> <span class='ocrx_word' id='word_1_13' title='bbox 936 567 1262 636; x_wconf 75' lang='lat' dir='ltr'><strong>experientia</strong></span> <span class='ocrx_word' id='word_1_14' title='bbox 1294 566 1575 620; x_wconf 68' lang='lat' dir='ltr'><strong>didicistis.</strong></span> <span class='ocrx_word' id='word_1_15' title='bbox 1610 564 1838 617; x_wconf 84' lang='lat' dir='ltr'><strong>Audiant</strong></span> 
     </span>
    </p>
   </div>
   <div class='ocr_carea' id='block_1_4' title="bbox 246 655 1839 730">
    <p class='ocr_par' dir='ltr' id='par_1_4' title="bbox 246 655 1839 730">
     <span class='ocr_line' id='line_1_4' title="bbox 246 655 1839 730; baseline -0.004 -15"><span class='ocrx_word' id='word_1_16' title='bbox 246 662 414 725; x_wconf 75' lang='lat' dir='ltr'><strong>avari,</strong></span> <span class='ocrx_word' id='word_1_17' title='bbox 443 671 494 715; x_wconf 91' lang='lat' dir='ltr'><strong>et</strong></span> <span class='ocrx_word' id='word_1_18' title='bbox 520 662 605 730; x_wconf 93' lang='lat' dir='ltr'><strong>qui</strong></span> <span class='ocrx_word' id='word_1_19' title='bbox 636 659 932 714; x_wconf 81' lang='lat' dir='ltr'><strong>hereditate</strong></span> <span class='ocrx_word' id='word_1_20' title='bbox 958 657 1184 727; x_wconf 87' lang='lat' dir='ltr'><strong>spoliant</strong></span> <span class='ocrx_word' id='word_1_21' title='bbox 1212 658 1397 712; x_wconf 83' lang='lat' dir='ltr'><strong>fratres</strong></span> <span class='ocrx_word' id='word_1_22' title='bbox 1423 676 1435 711; x_wconf 89' lang='lat'><strong>:</strong></span> <span class='ocrx_word' id='word_1_23' title='bbox 1467 668 1667 711; x_wconf 84' lang='lat' dir='ltr'><strong>rectum</strong></span> <span class='ocrx_word' id='word_1_24' title='bbox 1696 655 1839 709; x_wconf 88' lang='lat' dir='ltr'><strong>ordi-</strong></span> 
     </span>
    </p>
   </div>
   <div class='ocr_carea' id='block_1_5' title="bbox 249 748 1839 820">
    <p class='ocr_par' dir='ltr' id='par_1_5' title="bbox 249 748 1839 820">
     <span class='ocr_line' id='line_1_5' title="bbox 249 748 1839 820; baseline -0.003 -15"><span class='ocrx_word' id='word_1_25' title='bbox 249 768 370 805; x_wconf 88' lang='lat' dir='ltr'><strong>nem</strong></span> <span class='ocrx_word' id='word_1_26' title='bbox 403 760 702 820; x_wconf 78' lang='lat' dir='ltr'><strong>temporum</strong></span> <span class='ocrx_word' id='word_1_27' title='bbox 730 760 1092 816; x_wconf 91' lang='lat' dir='ltr'><strong>revereantur,</strong></span> <span class='ocrx_word' id='word_1_28' title='bbox 1120 765 1181 803; x_wconf 86' lang='lat' dir='ltr'><strong>ac</strong></span> <span class='ocrx_word' id='word_1_29' title='bbox 1208 750 1375 804; x_wconf 82' lang='lat' dir='ltr'><strong>noctis</strong></span> <span class='ocrx_word' id='word_1_30' title='bbox 1402 759 1453 803; x_wconf 92' lang='lat' dir='ltr'><strong>et</strong></span> <span class='ocrx_word' id='word_1_31' title='bbox 1484 748 1585 801; x_wconf 83' lang='lat' dir='ltr'><strong>dici</strong></span> <span class='ocrx_word' id='word_1_32' title='bbox 1617 762 1839 802; x_wconf 80' lang='lat' dir='ltr'><strong>concor-</strong></span> 
     </span>
    </p>
   </div>
   <div class='ocr_carea' id='block_1_6' title="bbox 246 836 1839 909">
    <p class='ocr_par' dir='ltr' id='par_1_6' title="bbox 246 836 1839 909">
     <span class='ocr_line' id='line_1_6' title="bbox 246 836 1839 909; baseline -0.005 -13"><span class='ocrx_word' id='word_1_33' title='bbox 246 844 390 897; x_wconf 89' lang='lat' dir='ltr'><strong>diam</strong></span> <span class='ocrx_word' id='word_1_34' title='bbox 414 881 433 907; x_wconf 90' lang='lat'><strong>,</strong></span> <span class='ocrx_word' id='word_1_35' title='bbox 460 852 513 897; x_wconf 87' lang='lat' dir='ltr'><strong>et</strong></span> <span class='ocrx_word' id='word_1_36' title='bbox 551 858 705 896; x_wconf 89' lang='lat' dir='ltr'><strong>suum</strong></span> <span class='ocrx_word' id='word_1_37' title='bbox 749 840 930 895; x_wconf 86' lang='lat' dir='ltr'><strong>vitium</strong></span> <span class='ocrx_word' id='word_1_38' title='bbox 962 840 1245 908; x_wconf 86' lang='lat' dir='ltr'><strong>corrigam.</strong></span> <span class='ocrx_word' id='word_1_39' title='bbox 1279 840 1367 894; x_wconf 85' lang='lat' dir='ltr'><strong>Sic</strong></span> <span class='ocrx_word' id='word_1_40' title='bbox 1409 840 1565 909; x_wconf 78' lang='lat' dir='ltr'><strong>igitur</strong></span> <span class='ocrx_word' id='word_1_41' title='bbox 1597 838 1714 891; x_wconf 97' lang='lat' dir='ltr'><strong>Dies</strong></span> <span class='ocrx_word' id='word_1_42' title='bbox 1739 836 1839 889; x_wconf 84' lang='lat' dir='ltr'><strong>diei</strong></span> 
     </span>
    </p>
   </div>
   <div class='ocr_carea' id='block_1_7' title="bbox 245 930 1838 994">
    <p class='ocr_par' dir='ltr' id='par_1_7' title="bbox 245 930 1838 994">
     <span class='ocr_line' id='line_1_7' title="bbox 245 930 1838 994; baseline -0.004 -8"><span class='ocrx_word' id='word_1_43' title='bbox 245 934 450 987; x_wconf 70' lang='lat' dir='ltr'><strong>verbum</strong></span> <span class='ocrx_word' id='word_1_44' title='bbox 480 941 692 994; x_wconf 87' lang='lat' dir='ltr'><strong>eructat,</strong></span> <span class='ocrx_word' id='word_1_45' title='bbox 722 942 767 985; x_wconf 89' lang='lat' dir='ltr'><strong>et</strong></span> <span class='ocrx_word' id='word_1_46' title='bbox 798 932 1053 985; x_wconf 78' lang='lat' dir='ltr'><strong>scientiam</strong></span> <span class='ocrx_word' id='word_1_47' title='bbox 1082 931 1215 983; x_wconf 89' lang='lat' dir='ltr'><strong>nocti</strong></span> <span class='ocrx_word' id='word_1_48' title='bbox 1246 946 1347 983; x_wconf 76' lang='lat' dir='ltr'><strong>nox</strong></span> <span class='ocrx_word' id='word_1_49' title='bbox 1374 930 1583 994; x_wconf 85' lang='lat' dir='ltr'><strong>indicat,</strong></span> <span class='ocrx_word' id='word_1_50' title='bbox 1614 944 1716 982; x_wconf 90' lang='lat' dir='ltr'><strong>non</strong></span> <span class='ocrx_word' id='word_1_51' title='bbox 1745 945 1838 981; x_wconf 85' lang='lat' dir='ltr'><strong>vo-</strong></span> 
     </span>
    </p>
   </div>
   <div class='ocr_carea' id='block_1_8' title="bbox 245 1014 1836 1082">
    <p class='ocr_par' dir='ltr' id='par_1_8' title="bbox 245 1014 1836 1082">
     <span class='ocr_line' id='line_1_8' title="bbox 245 1014 1836 1082; baseline -0.005 -10"><span class='ocrx_word' id='word_1_52' title='bbox 245 1034 366 1072; x_wconf 76' lang='lat' dir='ltr'><strong>cem</strong></span> <span class='ocrx_word' id='word_1_53' title='bbox 397 1019 687 1082; x_wconf 85' lang='lat' dir='ltr'><strong>mittentes,</strong></span> <span class='ocrx_word' id='word_1_54' title='bbox 716 1017 810 1071; x_wconf 89' lang='lat' dir='ltr'><strong>sed</strong></span> <span class='ocrx_word' id='word_1_55' title='bbox 839 1016 963 1071; x_wconf 90' lang='lat' dir='ltr'><strong>dum</strong></span> <span class='ocrx_word' id='word_1_56' title='bbox 994 1025 1140 1069; x_wconf 92' lang='lat' dir='ltr'><strong>recto</strong></span> <span class='ocrx_word' id='word_1_57' title='bbox 1165 1029 1262 1068; x_wconf 87' lang='lat' dir='ltr'><strong>suo</strong></span> <span class='ocrx_word' id='word_1_58' title='bbox 1292 1014 1497 1076; x_wconf 85' lang='lat' dir='ltr'><strong>ordine,</strong></span> <span class='ocrx_word' id='word_1_59' title='bbox 1532 1029 1593 1067; x_wconf 90' lang='lat' dir='ltr'><strong>ac</strong></span> <span class='ocrx_word' id='word_1_60' title='bbox 1620 1014 1836 1081; x_wconf 84' lang='lat' dir='ltr'><strong>disposi-</strong></span> 
     </span>
    </p>
   </div>
   <div class='ocr_carea' id='block_1_9' title="bbox 246 1104 1837 1176">
    <p class='ocr_par' dir='ltr' id='par_1_9' title="bbox 246 1104 1837 1176">
     <span class='ocr_line' id='line_1_9' title="bbox 246 1104 1837 1176; baseline -0.003 -15"><span class='ocrx_word' id='word_1_61' title='bbox 246 1118 415 1173; x_wconf 84' lang='lat' dir='ltr'><strong>tione,</strong></span> <span class='ocrx_word' id='word_1_62' title='bbox 449 1118 500 1162; x_wconf 92' lang='lat' dir='ltr'><strong>et</strong></span> <span class='ocrx_word' id='word_1_63' title='bbox 530 1106 905 1176; x_wconf 67' lang='lat' dir='ltr'><strong>aequabilitate,</strong></span> <span class='ocrx_word' id='word_1_64' title='bbox 937 1122 999 1160; x_wconf 90' lang='lat' dir='ltr'><strong>ac</strong></span> <span class='ocrx_word' id='word_1_65' title='bbox 1024 1120 1270 1159; x_wconf 84' lang='lat' dir='ltr'><strong>mensura</strong></span> <span class='ocrx_word' id='word_1_66' title='bbox 1300 1105 1366 1158; x_wconf 90' lang='lat' dir='ltr'><strong>ab</strong></span> <span class='ocrx_word' id='word_1_67' title='bbox 1394 1104 1535 1157; x_wconf 89' lang='lat' dir='ltr'><strong>omni</strong></span> <span class='ocrx_word' id='word_1_68' title='bbox 1566 1104 1837 1158; x_wconf 86' lang='lat' dir='ltr'><strong>obstaculo</strong></span> 
     </span>
    </p>
   </div>
   <div class='ocr_carea' id='block_1_10' title="bbox 248 1193 1837 1265">
    <p class='ocr_par' dir='ltr' id='par_1_10' title="bbox 248 1193 1837 1265">
     <span class='ocr_line' id='line_1_10' title="bbox 248 1193 1837 1265; baseline -0.004 -14"><span class='ocrx_word' id='word_1_69' title='bbox 248 1199 438 1262; x_wconf 85' lang='lat' dir='ltr'><strong>libera,</strong></span> <span class='ocrx_word' id='word_1_70' title='bbox 470 1199 591 1252; x_wconf 89' lang='lat' dir='ltr'><strong>tuba</strong></span> <span class='ocrx_word' id='word_1_71' title='bbox 622 1198 815 1252; x_wconf 78' lang='lat' dir='ltr'><strong>clarius</strong></span> <span class='ocrx_word' id='word_1_72' title='bbox 847 1196 1135 1265; x_wconf 69' lang='lat' dir='ltr'><strong>praedicant</strong></span> <span class='ocrx_word' id='word_1_73' title='bbox 1158 1194 1485 1256; x_wconf 86' lang='lat' dir='ltr'><strong>Creatorem,</strong></span> <span class='ocrx_word' id='word_1_74' title='bbox 1516 1209 1618 1247; x_wconf 92' lang='lat' dir='ltr'><strong>non</strong></span> <span class='ocrx_word' id='word_1_75' title='bbox 1650 1193 1700 1246; x_wconf 92' lang='lat' dir='ltr'><strong>in</strong></span> <span class='ocrx_word' id='word_1_76' title='bbox 1731 1208 1837 1247; x_wconf 92' lang='lat' dir='ltr'><strong>uno</strong></span> 
     </span>
    </p>
   </div>
   <div class='ocr_carea' id='block_1_11' title="bbox 247 1286 1838 1357">
    <p class='ocr_par' dir='ltr' id='par_1_11' title="bbox 247 1286 1838 1357">
     <span class='ocr_line' id='line_1_11' title="bbox 247 1286 1838 1357; baseline -0.004 -14"><span class='ocrx_word' id='word_1_77' title='bbox 247 1300 511 1345; x_wconf 88' lang='lat' dir='ltr'><strong>terrarum</strong></span> <span class='ocrx_word' id='word_1_78' title='bbox 540 1290 685 1343; x_wconf 82' lang='lat' dir='ltr'><strong>orbis</strong></span> <span class='ocrx_word' id='word_1_79' title='bbox 711 1290 925 1357; x_wconf 79' lang='lat' dir='ltr'><strong>angulo,</strong></span> <span class='ocrx_word' id='word_1_80' title='bbox 956 1289 1047 1341; x_wconf 90' lang='lat' dir='ltr'><strong>sed</strong></span> <span class='ocrx_word' id='word_1_81' title='bbox 1077 1287 1129 1341; x_wconf 91' lang='lat' dir='ltr'><strong>in</strong></span> <span class='ocrx_word' id='word_1_82' title='bbox 1154 1288 1418 1350; x_wconf 89' lang='lat' dir='ltr'><strong>omnibus,</strong></span> <span class='ocrx_word' id='word_1_83' title='bbox 1447 1301 1579 1356; x_wconf 84' lang='lat' dir='ltr'><strong>quas</strong></span> <span class='ocrx_word' id='word_1_84' title='bbox 1601 1287 1680 1340; x_wconf 92' lang='lat' dir='ltr'><strong>sol</strong></span> <span class='ocrx_word' id='word_1_85' title='bbox 1707 1286 1838 1354; x_wconf 88' lang='lat' dir='ltr'><strong>aspi-</strong></span> 
     </span>
    </p>
   </div>
   <div class='ocr_carea' id='block_1_12' title="bbox 248 1377 1834 1449">
    <p class='ocr_par' dir='ltr' id='par_1_12' title="bbox 248 1377 1834 1449">
     <span class='ocr_line' id='line_1_12' title="bbox 248 1377 1834 1449; baseline -0.004 -14"><span class='ocrx_word' id='word_1_86' title='bbox 248 1382 354 1443; x_wconf 89' lang='lat' dir='ltr'><strong>cit,</strong></span> <span class='ocrx_word' id='word_1_87' title='bbox 403 1382 727 1449; x_wconf 70' lang='lat' dir='ltr'><strong>regionibus.</strong></span> <span class='ocrx_word' id='word_1_88' title='bbox 770 1380 863 1433; x_wconf 64' lang='lat' dir='ltr'><strong>lia:</strong></span> <span class='ocrx_word' id='word_1_89' title='bbox 907 1378 1167 1447; x_wconf 81' lang='lat' dir='ltr'><strong>siquidem</strong></span> <span class='ocrx_word' id='word_1_90' title='bbox 1210 1391 1367 1431; x_wconf 91' lang='lat' dir='ltr'><strong>voces</strong></span> <span class='ocrx_word' id='word_1_91' title='bbox 1404 1392 1497 1444; x_wconf 89' lang='lat' dir='ltr'><strong>per</strong></span> <span class='ocrx_word' id='word_1_92' title='bbox 1535 1377 1834 1431; x_wconf 89' lang='lat' dir='ltr'><strong>universum</strong></span> 
     </span>
    </p>
   </div>
   <div class='ocr_carea' id='block_1_13' title="bbox 246 1468 1833 1541">
    <p class='ocr_par' dir='ltr' id='par_1_13' title="bbox 246 1468 1833 1541">
     <span class='ocr_line' id='line_1_13' title="bbox 246 1468 1833 1541; baseline -0.004 -13"><span class='ocrx_word' id='word_1_93' title='bbox 246 1473 508 1528; x_wconf 91' lang='lat' dir='ltr'><strong>mundum</strong></span> <span class='ocrx_word' id='word_1_94' title='bbox 540 1472 799 1537; x_wconf 86' lang='lat' dir='ltr'><strong>feruntur,</strong></span> <span class='ocrx_word' id='word_1_95' title='bbox 828 1469 1254 1541; x_wconf 84' lang='lat' dir='ltr'><strong>quandoquidem</strong></span> <span class='ocrx_word' id='word_1_96' title='bbox 1285 1470 1477 1538; x_wconf 87' lang='lat' dir='ltr'><strong>ubique</strong></span> <span class='ocrx_word' id='word_1_97' title='bbox 1508 1468 1692 1523; x_wconf 70' lang='lat' dir='ltr'><strong>caelum</strong></span> <span class='ocrx_word' id='word_1_98' title='bbox 1720 1476 1833 1531; x_wconf 81' lang='lat' dir='ltr'><strong>est,</strong></span> 
     </span>
    </p>
   </div>
   <div class='ocr_carea' id='block_1_14' title="bbox 246 1560 1835 1633">
    <p class='ocr_par' dir='ltr' id='par_1_14' title="bbox 246 1560 1835 1633">
     <span class='ocr_line' id='line_1_14' title="bbox 246 1560 1835 1633; baseline -0.004 -16"><span class='ocrx_word' id='word_1_99' title='bbox 246 1565 445 1633; x_wconf 91' lang='lat' dir='ltr'><strong>ubique</strong></span> <span class='ocrx_word' id='word_1_100' title='bbox 471 1563 619 1627; x_wconf 90' lang='lat' dir='ltr'><strong>dies,</strong></span> <span class='ocrx_word' id='word_1_101' title='bbox 653 1564 849 1632; x_wconf 87' lang='lat' dir='ltr'><strong>ubique</strong></span> <span class='ocrx_word' id='word_1_102' title='bbox 893 1577 997 1616; x_wconf 87' lang='lat' dir='ltr'><strong>nox</strong></span> <span class='ocrx_word' id='word_1_103' title='bbox 1022 1601 1037 1625; x_wconf 93' lang='lat'><strong>,</strong></span> <span class='ocrx_word' id='word_1_104' title='bbox 1074 1576 1330 1629; x_wconf 91' lang='lat' dir='ltr'><strong>suamque</strong></span> <span class='ocrx_word' id='word_1_105' title='bbox 1359 1560 1651 1613; x_wconf 87' lang='lat' dir='ltr'><strong>doctrinam</strong></span> <span class='ocrx_word' id='word_1_106' title='bbox 1694 1567 1748 1613; x_wconf 92' lang='lat' dir='ltr'><strong>et</strong></span> <span class='ocrx_word' id='word_1_107' title='bbox 1785 1560 1835 1612; x_wconf 90' lang='lat' dir='ltr'><strong>in</strong></span> 
     </span>
    </p>
   </div>
   <div class='ocr_carea' id='block_1_15' title="bbox 247 1649 1836 1722">
    <p class='ocr_par' dir='ltr' id='par_1_15' title="bbox 247 1649 1836 1722">
     <span class='ocr_line' id='line_1_15' title="bbox 247 1649 1836 1722; baseline -0.004 -14"><span class='ocrx_word' id='word_1_108' title='bbox 247 1663 391 1709; x_wconf 87' lang='lat' dir='ltr'><strong>terra</strong></span> <span class='ocrx_word' id='word_1_109' title='bbox 430 1654 696 1722; x_wconf 78' lang='lat' dir='ltr'><strong>explicant</strong></span> <span class='ocrx_word' id='word_1_110' title='bbox 739 1661 791 1707; x_wconf 92' lang='lat' dir='ltr'><strong>et</strong></span> <span class='ocrx_word' id='word_1_111' title='bbox 834 1652 885 1705; x_wconf 92' lang='lat' dir='ltr'><strong>in</strong></span> <span class='ocrx_word' id='word_1_112' title='bbox 929 1652 1079 1705; x_wconf 86' lang='lat' dir='ltr'><strong>mari.</strong></span> <span class='ocrx_word' id='word_1_113' title='bbox 1110 1650 1366 1717; x_wconf 83' lang='lat' dir='ltr'><strong>Quocirca</strong></span> <span class='ocrx_word' id='word_1_114' title='bbox 1408 1664 1510 1703; x_wconf 92' lang='lat' dir='ltr'><strong>non</strong></span> <span class='ocrx_word' id='word_1_115' title='bbox 1543 1649 1673 1703; x_wconf 86' lang='lat' dir='ltr'><strong>dixit</strong></span> <span class='ocrx_word' id='word_1_116' title='bbox 1713 1663 1836 1716; x_wconf 86' lang='lat' dir='ltr'><strong>pro-</strong></span> 
     </span>
    </p>
   </div>
   <div class='ocr_carea' id='block_1_16' title="bbox 247 1740 1834 1814">
    <p class='ocr_par' dir='ltr' id='par_1_16' title="bbox 247 1740 1834 1814">
     <span class='ocr_line' id='line_1_16' title="bbox 247 1740 1834 1814; baseline -0.003 -17"><span class='ocrx_word' id='word_1_117' title='bbox 247 1745 410 1814; x_wconf 86' lang='lat' dir='ltr'><strong>pheta</strong></span> <span class='ocrx_word' id='word_1_118' title='bbox 450 1744 794 1812; x_wconf 89' lang='lat' dir='ltr'><strong>simpliciter,</strong></span> <span class='ocrx_word' id='word_1_119' title='bbox 828 1743 953 1798; x_wconf 80' lang='lat' dir='ltr'><strong>Caeli</strong></span> <span class='ocrx_word' id='word_1_120' title='bbox 990 1743 1278 1811; x_wconf 88' lang='lat' dir='ltr'><strong>loquuntur</strong></span> <span class='ocrx_word' id='word_1_121' title='bbox 1309 1743 1528 1809; x_wconf 82' lang='lat' dir='ltr'><strong>gloriam</strong></span> <span class='ocrx_word' id='word_1_122' title='bbox 1561 1741 1682 1803; x_wconf 88' lang='lat' dir='ltr'><strong>Dei,</strong></span> <span class='ocrx_word' id='word_1_123' title='bbox 1710 1740 1834 1806; x_wconf 90' lang='lat' dir='ltr'><strong>sed,</strong></span> 
     </span>
    </p>
   </div>
   <div class='ocr_carea' id='block_1_17' title="bbox 248 1830 1839 1900">
    <p class='ocr_par' dir='ltr' id='par_1_17' title="bbox 248 1830 1839 1900">
     <span class='ocr_line' id='line_1_17' title="bbox 248 1830 1839 1900; baseline -0.003 -12"><span class='ocrx_word' id='word_1_124' title='bbox 248 1835 530 1900; x_wconf 77' lang='lat' dir='ltr'><strong>Eum-rant,</strong></span> <span class='ocrx_word' id='word_1_125' title='bbox 561 1834 660 1888; x_wconf 92' lang='lat' dir='ltr'><strong>hoc</strong></span> <span class='ocrx_word' id='word_1_126' title='bbox 684 1846 784 1898; x_wconf 87' lang='lat' dir='ltr'><strong>est,</strong></span> <span class='ocrx_word' id='word_1_127' title='bbox 816 1833 947 1887; x_wconf 86' lang='lat' dir='ltr'><strong>alios</strong></span> <span class='ocrx_word' id='word_1_128' title='bbox 972 1833 1129 1887; x_wconf 87' lang='lat' dir='ltr'><strong>etiam</strong></span> <span class='ocrx_word' id='word_1_129' title='bbox 1163 1833 1452 1896; x_wconf 75' lang='lat' dir='ltr'><strong>instruunt,</strong></span> <span class='ocrx_word' id='word_1_130' title='bbox 1482 1846 1543 1885; x_wconf 91' lang='lat' dir='ltr'><strong>ac</strong></span> <span class='ocrx_word' id='word_1_131' title='bbox 1570 1846 1664 1900; x_wconf 92' lang='lat' dir='ltr'><strong>pro</strong></span> <span class='ocrx_word' id='word_1_132' title='bbox 1689 1830 1839 1884; x_wconf 89' lang='lat' dir='ltr'><strong>disci-</strong></span> 
     </span>
    </p>
   </div>
   <div class='ocr_carea' id='block_1_18' title="bbox 246 1924 1839 1996">
    <p class='ocr_par' dir='ltr' id='par_1_18' title="bbox 246 1924 1839 1996">
     <span class='ocr_line' id='line_1_18' title="bbox 246 1924 1839 1996; baseline -0.002 -17"><span class='ocrx_word' id='word_1_133' title='bbox 246 1926 390 1996; x_wconf 89' lang='lat' dir='ltr'><strong>pulis</strong></span> <span class='ocrx_word' id='word_1_134' title='bbox 418 1925 614 1980; x_wconf 90' lang='lat' dir='ltr'><strong>habent</strong></span> <span class='ocrx_word' id='word_1_135' title='bbox 642 1928 944 1979; x_wconf 89' lang='lat' dir='ltr'><strong>universum</strong></span> <span class='ocrx_word' id='word_1_136' title='bbox 971 1941 1140 1995; x_wconf 86' lang='lat' dir='ltr'><strong>genus</strong></span> <span class='ocrx_word' id='word_1_137' title='bbox 1170 1928 1476 1988; x_wconf 88' lang='lat' dir='ltr'><strong>lunnanum,</strong></span> <span class='ocrx_word' id='word_1_138' title='bbox 1506 1935 1560 1979; x_wconf 93' lang='lat' dir='ltr'><strong>et</strong></span> <span class='ocrx_word' id='word_1_139' title='bbox 1588 1927 1637 1977; x_wconf 92' lang='lat' dir='ltr'><strong>in</strong></span> <span class='ocrx_word' id='word_1_140' title='bbox 1667 1924 1839 1978; x_wconf 89' lang='lat' dir='ltr'><strong>medio</strong></span> 
     </span>
    </p>
   </div>
   <div class='ocr_carea' id='block_1_19' title="bbox 249 2014 1836 2086">
    <p class='ocr_par' dir='ltr' id='par_1_19' title="bbox 249 2014 1836 2086">
     <span class='ocr_line' id='line_1_19' title="bbox 249 2014 1836 2086; baseline 0 -18"><span class='ocrx_word' id='word_1_141' title='bbox 249 2018 524 2086; x_wconf 82' lang='lat' dir='ltr'><strong>proposita</strong></span> <span class='ocrx_word' id='word_1_142' title='bbox 554 2018 783 2070; x_wconf 80' lang='lat' dir='ltr'><strong>maxima</strong></span> <span class='ocrx_word' id='word_1_143' title='bbox 809 2016 1011 2081; x_wconf 79' lang='lat' dir='ltr'><strong>schola,</strong></span> <span class='ocrx_word' id='word_1_144' title='bbox 1041 2016 1293 2070; x_wconf 87' lang='lat' dir='ltr'><strong>librorum</strong></span> <span class='ocrx_word' id='word_1_145' title='bbox 1319 2031 1380 2070; x_wconf 85' lang='lat' dir='ltr'><strong>ac</strong></span> <span class='ocrx_word' id='word_1_146' title='bbox 1409 2017 1677 2069; x_wconf 88' lang='lat' dir='ltr'><strong>literarum</strong></span> <span class='ocrx_word' id='word_1_147' title='bbox 1700 2014 1836 2078; x_wconf 86' lang='lat' dir='ltr'><strong>loco,</strong></span> 
     </span>
    </p>
   </div>
   <div class='ocr_carea' id='block_1_20' title="bbox 250 2108 1839 2178">
    <p class='ocr_par' dir='ltr' id='par_1_20' title="bbox 250 2108 1839 2178">
     <span class='ocr_line' id='line_1_20' title="bbox 250 2108 1839 2178; baseline -0.003 -14"><span class='ocrx_word' id='word_1_148' title='bbox 250 2125 455 2164; x_wconf 72' lang='lat' dir='ltr'><strong>natura:</strong></span> <span class='ocrx_word' id='word_1_149' title='bbox 500 2124 609 2163; x_wconf 78' lang='lat' dir='ltr'><strong>sua:</strong></span> <span class='ocrx_word' id='word_1_150' title='bbox 653 2109 1101 2178; x_wconf 90' lang='lat' dir='ltr'><strong>pulchritudinem</strong></span> <span class='ocrx_word' id='word_1_151' title='bbox 1142 2110 1350 2170; x_wconf 90' lang='lat' dir='ltr'><strong>idiotis,</strong></span> <span class='ocrx_word' id='word_1_152' title='bbox 1395 2108 1754 2177; x_wconf 83' lang='lat' dir='ltr'><strong>sapientibus,</strong></span> <span class='ocrx_word' id='word_1_153' title='bbox 1787 2114 1839 2160; x_wconf 86' lang='lat' dir='ltr'><strong>et</strong></span> 
     </span>
    </p>
   </div>
   <div class='ocr_carea' id='block_1_21' title="bbox 248 2199 1838 2271">
    <p class='ocr_par' dir='ltr' id='par_1_21' title="bbox 248 2199 1838 2271">
     <span class='ocr_line' id='line_1_21' title="bbox 248 2199 1838 2271; baseline -0.003 -13"><span class='ocrx_word' id='word_1_154' title='bbox 248 2202 503 2258; x_wconf 89' lang='lat' dir='ltr'><strong>omnibus</strong></span> <span class='ocrx_word' id='word_1_155' title='bbox 530 2200 997 2271; x_wconf 89' lang='lat' dir='ltr'><strong>contemplandam</strong></span> <span class='ocrx_word' id='word_1_156' title='bbox 1026 2200 1285 2268; x_wconf 66' lang='lat' dir='ltr'><strong>praebent,</strong></span> <span class='ocrx_word' id='word_1_157' title='bbox 1317 2210 1368 2253; x_wconf 93' lang='lat' dir='ltr'><strong>et</strong></span> <span class='ocrx_word' id='word_1_158' title='bbox 1396 2210 1659 2269; x_wconf 87' lang='lat' dir='ltr'><strong>tamquam</strong></span> <span class='ocrx_word' id='word_1_159' title='bbox 1693 2200 1743 2253; x_wconf 90' lang='lat' dir='ltr'><strong>in</strong></span> <span class='ocrx_word' id='word_1_160' title='bbox 1772 2199 1838 2253; x_wconf 85' lang='lat' dir='ltr'><strong>li-</strong></span> 
     </span>
    </p>
   </div>
   <div class='ocr_carea' id='block_1_22' title="bbox 248 2292 1841 2362">
    <p class='ocr_par' dir='ltr' id='par_1_22' title="bbox 248 2292 1841 2362">
     <span class='ocr_line' id='line_1_22' title="bbox 248 2292 1841 2362; baseline -0.001 -13"><span class='ocrx_word' id='word_1_161' title='bbox 248 2294 351 2349; x_wconf 88' lang='lat' dir='ltr'><strong>bro</strong></span> <span class='ocrx_word' id='word_1_162' title='bbox 382 2294 698 2348; x_wconf 87' lang='lat' dir='ltr'><strong>insidentem</strong></span> <span class='ocrx_word' id='word_1_163' title='bbox 734 2294 861 2361; x_wconf 89' lang='lat' dir='ltr'><strong>ipsis</strong></span> <span class='ocrx_word' id='word_1_164' title='bbox 887 2293 953 2348; x_wconf 94' lang='lat' dir='ltr'><strong>de</strong></span> <span class='ocrx_word' id='word_1_165' title='bbox 984 2292 1078 2347; x_wconf 90' lang='lat' dir='ltr'><strong>Dei</strong></span> <span class='ocrx_word' id='word_1_166' title='bbox 1116 2293 1372 2362; x_wconf 84' lang='lat' dir='ltr'><strong>sapientia</strong></span> <span class='ocrx_word' id='word_1_167' title='bbox 1413 2307 1475 2347; x_wconf 87' lang='lat' dir='ltr'><strong>ac</strong></span> <span class='ocrx_word' id='word_1_168' title='bbox 1516 2294 1713 2348; x_wconf 92' lang='lat' dir='ltr'><strong>virtute</strong></span> <span class='ocrx_word' id='word_1_169' title='bbox 1740 2293 1841 2348; x_wconf 89' lang='lat' dir='ltr'><strong>do-</strong></span> 
     </span>
    </p>
   </div>
   <div class='ocr_carea' id='block_1_23' title="bbox 249 2384 1841 2454">
    <p class='ocr_par' dir='ltr' id='par_1_23' title="bbox 249 2384 1841 2454">
     <span class='ocr_line' id='line_1_23' title="bbox 249 2384 1841 2454; baseline -0.001 -14"><span class='ocrx_word' id='word_1_170' title='bbox 249 2388 501 2441; x_wconf 90' lang='lat' dir='ltr'><strong>ctrinam.</strong></span> <span class='ocrx_word' id='word_1_171' title='bbox 536 2386 625 2440; x_wconf 89' lang='lat' dir='ltr'><strong>Sic</strong></span> <span class='ocrx_word' id='word_1_172' title='bbox 662 2386 822 2439; x_wconf 92' lang='lat' dir='ltr'><strong>etiam</strong></span> <span class='ocrx_word' id='word_1_173' title='bbox 860 2385 1105 2439; x_wconf 91' lang='lat' dir='ltr'><strong>homines</strong></span> <span class='ocrx_word' id='word_1_174' title='bbox 1146 2399 1249 2438; x_wconf 93' lang='lat' dir='ltr'><strong>non</strong></span> <span class='ocrx_word' id='word_1_175' title='bbox 1296 2385 1605 2454; x_wconf 87' lang='lat' dir='ltr'><strong>loquentes,</strong></span> <span class='ocrx_word' id='word_1_176' title='bbox 1636 2384 1728 2439; x_wconf 87' lang='lat' dir='ltr'><strong>sed</strong></span> <span class='ocrx_word' id='word_1_177' title='bbox 1756 2385 1841 2439; x_wconf 91' lang='lat' dir='ltr'><strong>vel</strong></span> 
     </span>
    </p>
   </div>
   <div class='ocr_carea' id='block_1_24' title="bbox 250 2475 1843 2547">
    <p class='ocr_par' dir='ltr' id='par_1_24' title="bbox 250 2475 1843 2547">
     <span class='ocr_line' id='line_1_24' title="bbox 250 2475 1843 2547; baseline -0.003 -14"><span class='ocrx_word' id='word_1_178' title='bbox 250 2489 496 2533; x_wconf 88' lang='lat' dir='ltr'><strong>tacentes</strong></span> <span class='ocrx_word' id='word_1_179' title='bbox 525 2493 618 2547; x_wconf 91' lang='lat' dir='ltr'><strong>per</strong></span> <span class='ocrx_word' id='word_1_180' title='bbox 642 2478 774 2530; x_wconf 82' lang='lat' dir='ltr'><strong>alios</strong></span> <span class='ocrx_word' id='word_1_181' title='bbox 806 2477 970 2530; x_wconf 89' lang='lat' dir='ltr'><strong>Deum</strong></span> <span class='ocrx_word' id='word_1_182' title='bbox 1011 2475 1309 2545; x_wconf 84' lang='lat' dir='ltr'><strong>gloriﬁcant</strong></span> <span class='ocrx_word' id='word_1_183' title='bbox 1334 2492 1349 2535; x_wconf 85' lang='lat'><strong>;</strong></span> <span class='ocrx_word' id='word_1_184' title='bbox 1382 2476 1605 2544; x_wconf 90' lang='lat' dir='ltr'><strong>ideoque</strong></span> <span class='ocrx_word' id='word_1_185' title='bbox 1635 2475 1843 2530; x_wconf 85' lang='lat' dir='ltr'><strong>dicebat</strong></span> 
     </span>
    </p>
   </div>
   <div class='ocr_carea' id='block_1_25' title="bbox 250 2566 1841 2628">
    <p class='ocr_par' dir='ltr' id='par_1_25' title="bbox 250 2566 1841 2628">
     <span class='ocr_line' id='line_1_25' title="bbox 250 2566 1841 2628; baseline -0.005 -4"><span class='ocrx_word' id='word_1_186' title='bbox 250 2571 498 2625; x_wconf 83' lang='lat' dir='ltr'><strong>Christus</strong></span> <span class='ocrx_word' id='word_1_187' title='bbox 528 2586 541 2623; x_wconf 89' lang='lat'>:</span> <span class='ocrx_word' id='word_1_188' title='bbox 575 2566 764 2621; x_wconf 86' lang='lat' dir='ltr'><strong>Luceat</strong></span> <span class='ocrx_word' id='word_1_189' title='bbox 811 2568 900 2620; x_wconf 77' lang='lat' dir='ltr'><strong>lux</strong></span> <span class='ocrx_word' id='word_1_190' title='bbox 935 2578 1098 2619; x_wconf 84' lang='lat' dir='ltr'><strong>vestra</strong></span> <span class='ocrx_word' id='word_1_191' title='bbox 1136 2582 1306 2619; x_wconf 87' lang='lat' dir='ltr'><strong>coram</strong></span> <span class='ocrx_word' id='word_1_192' title='bbox 1338 2566 1650 2628; x_wconf 79' lang='lat' dir='ltr'><strong>hominibus,</strong></span> <span class='ocrx_word' id='word_1_193' title='bbox 1684 2575 1737 2618; x_wconf 87' lang='lat' dir='ltr'><strong>ut</strong></span> <span class='ocrx_word' id='word_1_194' title='bbox 1766 2566 1841 2617; x_wconf 86' lang='lat' dir='ltr'><strong>vi-</strong></span> 
     </span>
    </p>
   </div>
   <div class='ocr_carea' id='block_1_26' title="bbox 251 2655 1840 2727">
    <p class='ocr_par' dir='ltr' id='par_1_26' title="bbox 251 2655 1840 2727">
     <span class='ocr_line' id='line_1_26' title="bbox 251 2655 1840 2727; baseline -0.006 -12"><span class='ocrx_word' id='word_1_195' title='bbox 251 2662 406 2715; x_wconf 83' lang='lat' dir='ltr'><strong>deant</strong></span> <span class='ocrx_word' id='word_1_196' title='bbox 435 2676 590 2727; x_wconf 88' lang='lat' dir='ltr'><strong>opera</strong></span> <span class='ocrx_word' id='word_1_197' title='bbox 613 2667 774 2712; x_wconf 83' lang='lat' dir='ltr'><strong>vestra</strong></span> <span class='ocrx_word' id='word_1_198' title='bbox 801 2658 948 2723; x_wconf 86' lang='lat' dir='ltr'><strong>bona,</strong></span> <span class='ocrx_word' id='word_1_199' title='bbox 983 2667 1029 2709; x_wconf 86' lang='lat' dir='ltr'><strong>et</strong></span> <span class='ocrx_word' id='word_1_200' title='bbox 1057 2658 1335 2726; x_wconf 79' lang='lat' dir='ltr'><strong>gloriﬁcent</strong></span> <span class='ocrx_word' id='word_1_201' title='bbox 1380 2655 1581 2709; x_wconf 83' lang='lat' dir='ltr'><strong>Patrem</strong></span> <span class='ocrx_word' id='word_1_202' title='bbox 1608 2666 1840 2721; x_wconf 86' lang='lat' dir='ltr'><strong>vestrum,</strong></span> 
     </span>
    </p>
   </div>
   <div class='ocr_carea' id='block_1_27' title="bbox 251 2749 1846 2823">
    <p class='ocr_par' dir='ltr' id='par_1_27' title="bbox 251 2749 1846 2823">
     <span class='ocr_line' id='line_1_27' title="bbox 251 2749 1846 2823; baseline -0.002 -18"><span class='ocrx_word' id='word_1_203' title='bbox 251 2755 338 2823; x_wconf 83' lang='lat' dir='ltr'><strong>qui</strong></span> <span class='ocrx_word' id='word_1_204' title='bbox 366 2754 419 2805; x_wconf 84' lang='lat' dir='ltr'><strong>in</strong></span> <span class='ocrx_word' id='word_1_205' title='bbox 446 2752 582 2805; x_wconf 73' lang='lat' dir='ltr'><strong>cwlis</strong></span> <span class='ocrx_word' id='word_1_206' title='bbox 608 2761 677 2803; x_wconf 84' lang='lat' dir='ltr'><strong>est</strong></span> <span class='ocrx_word' id='word_1_207' title='bbox 708 2749 920 2819; x_wconf 83' lang='lat' dir='ltr'><strong>(Matth.</strong></span> <span class='ocrx_word' id='word_1_208' title='bbox 951 2750 1003 2803; x_wconf 83' lang='lat'><strong>5.</strong></span> <span class='ocrx_word' id='word_1_209' title='bbox 1034 2750 1146 2816; x_wconf 76' lang='grc'><strong>16).</strong></span> <span class='ocrx_word' id='word_1_210' title='bbox 1188 2749 1257 2805; x_wconf 89' lang='lat' dir='ltr'><strong>Ut</strong></span> <span class='ocrx_word' id='word_1_211' title='bbox 1288 2749 1447 2819; x_wconf 91' lang='lat' dir='ltr'><strong>igitur</strong></span> <span class='ocrx_word' id='word_1_212' title='bbox 1474 2764 1593 2803; x_wconf 93' lang='lat' dir='ltr'><strong>cum</strong></span> <span class='ocrx_word' id='word_1_213' title='bbox 1625 2750 1743 2818; x_wconf 90' lang='lat' dir='ltr'><strong>quis</strong></span> <span class='ocrx_word' id='word_1_214' title='bbox 1770 2750 1846 2802; x_wconf 85' lang='lat' dir='ltr'><strong>vi-</strong></span> 
     </span>
    </p>
   </div>
   <div class='ocr_carea' id='block_1_28' title="bbox 256 2840 1847 2911">
    <p class='ocr_par' dir='ltr' id='par_1_28' title="bbox 256 2840 1847 2911">
     <span class='ocr_line' id='line_1_28' title="bbox 256 2840 1847 2911; baseline -0.004 -13"><span class='ocrx_word' id='word_1_215' title='bbox 256 2856 365 2898; x_wconf 82' lang='lat' dir='ltr'><strong>tam</strong></span> <span class='ocrx_word' id='word_1_216' title='bbox 402 2845 666 2897; x_wconf 88' lang='lat' dir='ltr'><strong>lucentem</strong></span> <span class='ocrx_word' id='word_1_217' title='bbox 697 2841 860 2906; x_wconf 88' lang='lat' dir='ltr'><strong>videt,</strong></span> <span class='ocrx_word' id='word_1_218' title='bbox 892 2842 1050 2896; x_wconf 90' lang='lat' dir='ltr'><strong>etiam</strong></span> <span class='ocrx_word' id='word_1_219' title='bbox 1083 2840 1175 2895; x_wconf 89' lang='lat' dir='ltr'><strong>illo</strong></span> <span class='ocrx_word' id='word_1_220' title='bbox 1206 2849 1412 2895; x_wconf 89' lang='lat' dir='ltr'><strong>tacente</strong></span> <span class='ocrx_word' id='word_1_221' title='bbox 1438 2842 1526 2911; x_wconf 89' lang='lat' dir='ltr'><strong>qui</strong></span> <span class='ocrx_word' id='word_1_222' title='bbox 1559 2841 1704 2900; x_wconf 88' lang='lat' dir='ltr'><strong>vivit.</strong></span> <span class='ocrx_word' id='word_1_223' title='bbox 1733 2840 1847 2911; x_wconf 89' lang='lat' dir='ltr'><strong>glo-</strong></span> 
     </span>
    </p>
   </div>
   <div class='ocr_carea' id='block_1_29' title="bbox 253 2931 1845 3000">
    <p class='ocr_par' dir='ltr' id='par_1_29' title="bbox 253 2931 1845 3000">
     <span class='ocr_line' id='line_1_29' title="bbox 253 2931 1845 3000; baseline -0.003 -12"><span class='ocrx_word' id='word_1_224' title='bbox 253 2935 391 2989; x_wconf 84' lang='lat' dir='ltr'><strong>riam</strong></span> <span class='ocrx_word' id='word_1_225' title='bbox 417 2943 470 2988; x_wconf 93' lang='lat' dir='ltr'><strong>et</strong></span> <span class='ocrx_word' id='word_1_226' title='bbox 498 2932 706 2987; x_wconf 88' lang='lat' dir='ltr'><strong>laudem</strong></span> <span class='ocrx_word' id='word_1_227' title='bbox 733 2931 887 2985; x_wconf 82' lang='lat' dir='ltr'><strong>oﬂ‘ert</strong></span> <span class='ocrx_word' id='word_1_228' title='bbox 914 2932 1022 2985; x_wconf 90' lang='lat' dir='ltr'><strong>Deo</strong></span> <span class='ocrx_word' id='word_1_229' title='bbox 1048 2948 1058 2982; x_wconf 92' lang='lat'>:</span> <span class='ocrx_word' id='word_1_230' title='bbox 1085 2931 1163 2985; x_wconf 90' lang='lat' dir='ltr'><strong>sic</strong></span> <span class='ocrx_word' id='word_1_231' title='bbox 1190 2931 1440 2984; x_wconf 92' lang='lat' dir='ltr'><strong>nimirum</strong></span> <span class='ocrx_word' id='word_1_232' title='bbox 1468 2939 1521 2985; x_wconf 89' lang='lat' dir='ltr'><strong>et</strong></span> <span class='ocrx_word' id='word_1_233' title='bbox 1549 2931 1595 2985; x_wconf 92' lang='lat' dir='ltr'><strong>is</strong></span> <span class='ocrx_word' id='word_1_234' title='bbox 1620 2932 1708 3000; x_wconf 90' lang='lat' dir='ltr'><strong>qui</strong></span> <span class='ocrx_word' id='word_1_235' title='bbox 1731 2931 1845 2985; x_wconf 67' lang='lat' dir='ltr'><strong>creli</strong></span> 
     </span>
    </p>
   </div>
   <div class='ocr_carea' id='block_1_30' title="bbox 253 3019 1848 3095">
    <p class='ocr_par' dir='ltr' id='par_1_30' title="bbox 253 3019 1848 3095">
     <span class='ocr_line' id='line_1_30' title="bbox 253 3019 1848 3095; baseline -0.003 -17"><span class='ocrx_word' id='word_1_236' title='bbox 253 3022 707 3095; x_wconf 82' lang='lat' dir='ltr'><strong>pulchritudinem</strong></span> <span class='ocrx_word' id='word_1_237' title='bbox 741 3022 1003 3082; x_wconf 91' lang='lat' dir='ltr'><strong>intuetur,</strong></span> <span class='ocrx_word' id='word_1_238' title='bbox 1032 3019 1290 3089; x_wconf 86' lang='lat' dir='ltr'><strong>glorificat</strong></span> <span class='ocrx_word' id='word_1_239' title='bbox 1316 3019 1679 3091; x_wconf 83' lang='lat' dir='ltr'><strong>Conditorem.</strong></span> <span class='ocrx_word' id='word_1_240' title='bbox 1722 3020 1848 3074; x_wconf 77' lang='lat' dir='ltr'><strong>Pro-</strong></span> 
     </span>
    </p>
   </div>
   <div class='ocr_carea' id='block_1_31' title="bbox 253 3110 1846 3184">
    <p class='ocr_par' dir='ltr' id='par_1_31' title="bbox 253 3110 1846 3184">
     <span class='ocr_line' id='line_1_31' title="bbox 253 3110 1846 3184; baseline -0.001 -17"><span class='ocrx_word' id='word_1_241' title='bbox 253 3123 441 3184; x_wconf 81' lang='lat' dir='ltr'><strong>pterea</strong></span> <span class='ocrx_word' id='word_1_242' title='bbox 472 3112 684 3167; x_wconf 88' lang='lat' dir='ltr'><strong>dicebat</strong></span> <span class='ocrx_word' id='word_1_243' title='bbox 713 3130 727 3168; x_wconf 89' lang='lat'><strong>:</strong></span> <span class='ocrx_word' id='word_1_244' title='bbox 752 3111 875 3165; x_wconf 67' lang='grc' dir='ltr'><strong>(Σωιὶ</strong></span> <span class='ocrx_word' id='word_1_245' title='bbox 900 3120 1139 3165; x_wconf 85' lang='lat' dir='ltr'><strong>enarrant</strong></span> <span class='ocrx_word' id='word_1_246' title='bbox 1176 3112 1389 3181; x_wconf 80' lang='lat' dir='ltr'><strong>gloriam</strong></span> <span class='ocrx_word' id='word_1_247' title='bbox 1434 3110 1555 3177; x_wconf 88' lang='lat' dir='ltr'><strong>Dei,</strong></span> <span class='ocrx_word' id='word_1_248' title='bbox 1599 3126 1693 3180; x_wconf 89' lang='lat' dir='ltr'><strong>per</strong></span> <span class='ocrx_word' id='word_1_249' title='bbox 1720 3125 1846 3180; x_wconf 91' lang='lat' dir='ltr'><strong>spe-</strong></span> 
     </span>
    </p>
   </div>
   <div class='ocr_carea' id='block_1_32' title="bbox 250 3202 1847 3269">
    <p class='ocr_par' dir='ltr' id='par_1_32' title="bbox 250 3202 1847 3269">
     <span class='ocr_line' id='line_1_32' title="bbox 250 3202 1847 3269; baseline -0.004 -9"><span class='ocrx_word' id='word_1_250' title='bbox 250 3213 523 3269; x_wconf 85' lang='lat' dir='ltr'><strong>ctatores;</strong></span> <span class='ocrx_word' id='word_1_251' title='bbox 555 3202 678 3257; x_wconf 87' lang='lat' dir='ltr'><strong>Dies</strong></span> <span class='ocrx_word' id='word_1_252' title='bbox 707 3204 807 3256; x_wconf 85' lang='lat' dir='ltr'><strong>diei</strong></span> <span class='ocrx_word' id='word_1_253' title='bbox 840 3212 1029 3256; x_wconf 83' lang='lat' dir='ltr'><strong>eructat</strong></span> <span class='ocrx_word' id='word_1_254' title='bbox 1061 3202 1276 3268; x_wconf 79' lang='lat' dir='ltr'><strong>verbum,</strong></span> <span class='ocrx_word' id='word_1_255' title='bbox 1306 3212 1352 3256; x_wconf 89' lang='lat' dir='ltr'><strong>et</strong></span> <span class='ocrx_word' id='word_1_256' title='bbox 1378 3218 1479 3255; x_wconf 75' lang='lat' dir='ltr'><strong>nox</strong></span> <span class='ocrx_word' id='word_1_257' title='bbox 1504 3202 1637 3255; x_wconf 85' lang='lat' dir='ltr'><strong>nocti</strong></span> <span class='ocrx_word' id='word_1_258' title='bbox 1660 3202 1847 3255; x_wconf 88' lang='lat' dir='ltr'><strong>indicat</strong></span> 
     </span>
    </p>
   </div>
   <div class='ocr_carea' id='block_1_33' title="bbox 252 3294 1846 3367">
    <p class='ocr_par' dir='ltr' id='par_1_33' title="bbox 252 3294 1846 3367">
     <span class='ocr_line' id='line_1_33' title="bbox 252 3294 1846 3367; baseline -0.003 -15"><span class='ocrx_word' id='word_1_259' title='bbox 252 3298 519 3353; x_wconf 70' lang='lat' dir='ltr'><strong>scientiam</strong></span> <span class='ocrx_word' id='word_1_260' title='bbox 552 3294 725 3367; x_wconf 80' lang='lat' dir='ltr'><strong>(Psal.</strong></span> <span class='ocrx_word' id='word_1_261' title='bbox 761 3295 847 3349; x_wconf 79' lang='lat'><strong>18.</strong></span> <span class='ocrx_word' id='word_1_262' title='bbox 877 3295 952 3363; x_wconf 78' lang='grc'><strong>2).</strong></span> <span class='ocrx_word' id='word_1_263' title='bbox 989 3294 1265 3349; x_wconf 86' lang='lat' dir='ltr'><strong>Scientiam</strong></span> <span class='ocrx_word' id='word_1_264' title='bbox 1288 3311 1306 3358; x_wconf 89' lang='lat'><strong><em>;</em></strong></span> <span class='ocrx_word' id='word_1_265' title='bbox 1333 3295 1657 3364; x_wconf 70' lang='lat' dir='ltr'><strong>quemnam?</strong></span> <span class='ocrx_word' id='word_1_266' title='bbox 1696 3294 1846 3349; x_wconf 86' lang='lat' dir='ltr'><strong>Illam</strong></span> 
     </span>
    </p>
   </div>
   <div class='ocr_carea' id='block_1_34' title="bbox 255 3384 1846 3453">
    <p class='ocr_par' dir='ltr' id='par_1_34' title="bbox 255 3384 1846 3453">
     <span class='ocr_line' id='line_1_34' title="bbox 255 3384 1846 3453; baseline -0.003 -9"><span class='ocrx_word' id='word_1_267' title='bbox 255 3390 513 3444; x_wconf 84' lang='lat' dir='ltr'><strong>nimirum</strong></span> <span class='ocrx_word' id='word_1_268' title='bbox 541 3388 607 3442; x_wconf 89' lang='lat' dir='ltr'><strong>de</strong></span> <span class='ocrx_word' id='word_1_269' title='bbox 634 3386 937 3441; x_wconf 82' lang='lat' dir='ltr'><strong>COndilore.</strong></span> <span class='ocrx_word' id='word_1_270' title='bbox 970 3385 1039 3441; x_wconf 87' lang='lat' dir='ltr'><strong>Ut</strong></span> <span class='ocrx_word' id='word_1_271' title='bbox 1071 3385 1211 3439; x_wconf 91' lang='lat' dir='ltr'><strong>enim</strong></span> <span class='ocrx_word' id='word_1_272' title='bbox 1239 3384 1353 3439; x_wconf 90' lang='lat' dir='ltr'><strong>dies</strong></span> <span class='ocrx_word' id='word_1_273' title='bbox 1388 3384 1453 3438; x_wconf 86' lang='lat' dir='ltr'><strong>ad</strong></span> <span class='ocrx_word' id='word_1_274' title='bbox 1484 3385 1846 3453; x_wconf 84' lang='lat' dir='ltr'><strong>Operationem</strong></span> 
     </span>
    </p>
   </div>
   <div class='ocr_carea' id='block_1_35' title="bbox 258 3474 1848 3543">
    <p class='ocr_par' dir='ltr' id='par_1_35' title="bbox 258 3474 1848 3543">
     <span class='ocr_line' id='line_1_35' title="bbox 258 3474 1848 3543; baseline -0.003 -10"><span class='ocrx_word' id='word_1_275' title='bbox 258 3480 536 3534; x_wconf 91' lang='lat' dir='ltr'><strong>hominem</strong></span> <span class='ocrx_word' id='word_1_276' title='bbox 568 3478 766 3543; x_wconf 90' lang='lat' dir='ltr'><strong>educit,</strong></span> <span class='ocrx_word' id='word_1_277' title='bbox 800 3478 871 3531; x_wconf 88' lang='lat' dir='ltr'><strong>ita</strong></span> <span class='ocrx_word' id='word_1_278' title='bbox 905 3474 1198 3531; x_wconf 88' lang='lat' dir='ltr'><strong>succedens</strong></span> <span class='ocrx_word' id='word_1_279' title='bbox 1229 3491 1331 3529; x_wconf 84' lang='lat' dir='ltr'><strong>nox</strong></span> <span class='ocrx_word' id='word_1_280' title='bbox 1362 3475 1429 3529; x_wconf 89' lang='lat' dir='ltr'><strong>ab</strong></span> <span class='ocrx_word' id='word_1_281' title='bbox 1459 3475 1747 3530; x_wconf 88' lang='lat' dir='ltr'><strong>innumeris</strong></span> <span class='ocrx_word' id='word_1_282' title='bbox 1774 3475 1848 3529; x_wconf 92' lang='lat' dir='ltr'><strong>illi</strong></span> 
     </span>
    </p>
   </div>
   <div class='ocr_carea' id='block_1_36' title="bbox 256 3566 1849 3639">
    <p class='ocr_par' dir='ltr' id='par_1_36' title="bbox 256 3566 1849 3639">
     <span class='ocr_line' id='line_1_36' title="bbox 256 3566 1849 3639; baseline -0.004 -13"><span class='ocrx_word' id='word_1_283' title='bbox 256 3571 504 3639; x_wconf 90' lang='lat' dir='ltr'><strong>requiem</strong></span> <span class='ocrx_word' id='word_1_284' title='bbox 544 3569 633 3624; x_wconf 90' lang='lat' dir='ltr'><strong>dat</strong></span> <span class='ocrx_word' id='word_1_285' title='bbox 675 3568 975 3635; x_wconf 85' lang='lat' dir='ltr'><strong>laboribus,</strong></span> <span class='ocrx_word' id='word_1_286' title='bbox 1014 3573 1162 3627; x_wconf 90' lang='lat' dir='ltr'><strong>curis</strong></span> <span class='ocrx_word' id='word_1_287' title='bbox 1181 3585 1307 3625; x_wconf 92' lang='lat' dir='ltr'><strong>eum</strong></span> <span class='ocrx_word' id='word_1_288' title='bbox 1328 3570 1491 3635; x_wconf 88' lang='lat' dir='ltr'><strong>levat,</strong></span> <span class='ocrx_word' id='word_1_289' title='bbox 1520 3568 1704 3622; x_wconf 90' lang='lat' dir='ltr'><strong>oculos</strong></span> <span class='ocrx_word' id='word_1_290' title='bbox 1731 3566 1849 3620; x_wconf 89' lang='lat' dir='ltr'><strong>fati-</strong></span> 
     </span>
    </p>
   </div>
   <div class='ocr_carea' id='block_1_37' title="bbox 257 3659 1851 3728">
    <p class='ocr_par' dir='ltr' id='par_1_37' title="bbox 257 3659 1851 3728">
     <span class='ocr_line' id='line_1_37' title="bbox 257 3659 1851 3728; baseline -0.003 -12"><span class='ocrx_word' id='word_1_291' title='bbox 257 3671 476 3716; x_wconf 89' lang='lat' dir='ltr'><strong>scentes</strong></span> <span class='ocrx_word' id='word_1_292' title='bbox 505 3660 748 3728; x_wconf 85' lang='lat' dir='ltr'><strong>consepit</strong></span> <span class='ocrx_word' id='word_1_293' title='bbox 771 3702 785 3724; x_wconf 92' lang='lat'><strong>,</strong></span> <span class='ocrx_word' id='word_1_294' title='bbox 818 3660 1097 3728; x_wconf 75' lang='lat' dir='ltr'><strong>palpebras</strong></span> <span class='ocrx_word' id='word_1_295' title='bbox 1127 3659 1461 3727; x_wconf 89' lang='lat' dir='ltr'><strong>comprimit,</strong></span> <span class='ocrx_word' id='word_1_296' title='bbox 1496 3659 1761 3726; x_wconf 80' lang='lat' dir='ltr'><strong>efficitque</strong></span> <span class='ocrx_word' id='word_1_297' title='bbox 1795 3667 1851 3712; x_wconf 90' lang='lat' dir='ltr'><strong>ut</strong></span> 
     </span>
    </p>
   </div>
   <div class='ocr_carea' id='block_1_38' title="bbox 257 3748 1851 3819">
    <p class='ocr_par' dir='ltr' id='par_1_38' title="bbox 257 3748 1851 3819">
     <span class='ocr_line' id='line_1_38' title="bbox 257 3748 1851 3819; baseline -0.002 -14"><span class='ocrx_word' id='word_1_298' title='bbox 257 3751 571 3805; x_wconf 87' lang='lat' dir='ltr'><strong>instauratis</strong></span> <span class='ocrx_word' id='word_1_299' title='bbox 597 3750 798 3803; x_wconf 84' lang='lat' dir='ltr'><strong>viribus</strong></span> <span class='ocrx_word' id='word_1_300' title='bbox 825 3750 1002 3803; x_wconf 88' lang='lat' dir='ltr'><strong>radios</strong></span> <span class='ocrx_word' id='word_1_301' title='bbox 1029 3749 1161 3802; x_wconf 89' lang='lat' dir='ltr'><strong>solis</strong></span> <span class='ocrx_word' id='word_1_302' title='bbox 1187 3763 1370 3802; x_wconf 85' lang='lat' dir='ltr'><strong>rursus</strong></span> <span class='ocrx_word' id='word_1_303' title='bbox 1395 3748 1647 3817; x_wconf 87' lang='lat' dir='ltr'><strong>excipiat.</strong></span> <span class='ocrx_word' id='word_1_304' title='bbox 1674 3750 1851 3819; x_wconf 86' lang='lat' dir='ltr'><strong>Itaque</strong></span> 
     </span>
    </p>
   </div>
   <div class='ocr_carea' id='block_1_39' title="bbox 258 3838 1847 3910">
    <p class='ocr_par' dir='ltr' id='par_1_39' title="bbox 258 3838 1847 3910">
     <span class='ocr_line' id='line_1_39' title="bbox 258 3838 1847 3910; baseline -0.003 -15"><span class='ocrx_word' id='word_1_305' title='bbox 258 3856 370 3895; x_wconf 88' lang='lat' dir='ltr'><strong>non</strong></span> <span class='ocrx_word' id='word_1_306' title='bbox 397 3840 582 3909; x_wconf 86' lang='lat' dir='ltr'><strong>exigua</strong></span> <span class='ocrx_word' id='word_1_307' title='bbox 615 3840 769 3909; x_wconf 86' lang='lat' dir='ltr'><strong>hujus</strong></span> <span class='ocrx_word' id='word_1_308' title='bbox 796 3855 1007 3910; x_wconf 86' lang='lat' dir='ltr'><strong>quoque</strong></span> <span class='ocrx_word' id='word_1_309' title='bbox 1034 3848 1115 3895; x_wconf 90' lang='lat' dir='ltr'><strong>est</strong></span> <span class='ocrx_word' id='word_1_310' title='bbox 1143 3839 1339 3893; x_wconf 91' lang='lat' dir='ltr'><strong>utilitas</strong></span> <span class='ocrx_word' id='word_1_311' title='bbox 1363 3879 1378 3905; x_wconf 96' lang='lat'><strong>,</strong></span> <span class='ocrx_word' id='word_1_312' title='bbox 1410 3838 1518 3893; x_wconf 90' lang='lat' dir='ltr'><strong>imo</strong></span> <span class='ocrx_word' id='word_1_313' title='bbox 1546 3839 1706 3893; x_wconf 88' lang='lat' dir='ltr'><strong>etiam</strong></span> <span class='ocrx_word' id='word_1_314' title='bbox 1736 3854 1847 3894; x_wconf 89' lang='lat' dir='ltr'><strong>ma-</strong></span> 
     </span>
    </p>
   </div>
   <div class='ocr_carea' id='block_1_40' title="bbox 258 3929 1852 4002">
    <p class='ocr_par' dir='ltr' id='par_1_40' title="bbox 258 3929 1852 4002">
     <span class='ocr_line' id='line_1_40' title="bbox 258 3929 1852 4002; baseline 0 -18"><span class='ocrx_word' id='word_1_315' title='bbox 258 3946 388 4002; x_wconf 84' lang='lat' dir='ltr'><strong>gna.</strong></span> <span class='ocrx_word' id='word_1_316' title='bbox 422 3931 531 3985; x_wconf 82' lang='lat' dir='ltr'><strong>Nisi</strong></span> <span class='ocrx_word' id='word_1_317' title='bbox 558 3933 699 3985; x_wconf 92' lang='lat' dir='ltr'><strong>enim</strong></span> <span class='ocrx_word' id='word_1_318' title='bbox 740 3930 1036 3985; x_wconf 89' lang='lat' dir='ltr'><strong>succedens</strong></span> <span class='ocrx_word' id='word_1_319' title='bbox 1077 3930 1370 3985; x_wconf 90' lang='lat' dir='ltr'><strong>innumeris</strong></span> <span class='ocrx_word' id='word_1_320' title='bbox 1396 3944 1425 3983; x_wconf 90' lang='lat' dir='ltr'><strong>a</strong></span> <span class='ocrx_word' id='word_1_321' title='bbox 1452 3929 1722 3985; x_wconf 89' lang='lat' dir='ltr'><strong>laboribus</strong></span> <span class='ocrx_word' id='word_1_322' title='bbox 1752 3931 1852 3984; x_wconf 88' lang='lat' dir='ltr'><strong>ho-</strong></span> 
     </span>
    </p>
   </div>
   <div class='ocr_carea' id='block_1_41' title="bbox 260 4021 1850 4093">
    <p class='ocr_par' dir='ltr' id='par_1_41' title="bbox 260 4021 1850 4093">
     <span class='ocr_line' id='line_1_41' title="bbox 260 4021 1850 4093; baseline -0.002 -14"><span class='ocrx_word' id='word_1_323' title='bbox 260 4024 401 4079; x_wconf 87' lang='lat' dir='ltr'><strong>mini</strong></span> <span class='ocrx_word' id='word_1_324' title='bbox 429 4024 665 4093; x_wconf 91' lang='lat' dir='ltr'><strong>requiem</strong></span> <span class='ocrx_word' id='word_1_325' title='bbox 693 4023 921 4092; x_wconf 89' lang='lat' dir='ltr'><strong>aliquam</strong></span> <span class='ocrx_word' id='word_1_326' title='bbox 949 4022 1118 4087; x_wconf 90' lang='lat' dir='ltr'><strong>daret,</strong></span> <span class='ocrx_word' id='word_1_327' title='bbox 1148 4022 1277 4077; x_wconf 91' lang='lat' dir='ltr'><strong>nihil</strong></span> <span class='ocrx_word' id='word_1_328' title='bbox 1308 4022 1422 4077; x_wconf 90' lang='lat' dir='ltr'><strong>dies</strong></span> <span class='ocrx_word' id='word_1_329' title='bbox 1449 4022 1522 4076; x_wconf 91' lang='lat' dir='ltr'><strong>illi</strong></span> <span class='ocrx_word' id='word_1_330' title='bbox 1553 4021 1850 4092; x_wconf 84' lang='lat' dir='ltr'><strong>prodesset,</strong></span> 
     </span>
    </p>
   </div>
   <div class='ocr_carea' id='block_1_42' title="bbox 260 4113 1853 4183">
    <p class='ocr_par' dir='ltr' id='par_1_42' title="bbox 260 4113 1853 4183">
     <span class='ocr_line' id='line_1_42' title="bbox 260 4113 1853 4183; baseline 0 -16"><span class='ocrx_word' id='word_1_331' title='bbox 260 4129 388 4183; x_wconf 67' lang='lat' dir='ltr'><strong>qua:</strong></span> <span class='ocrx_word' id='word_1_332' title='bbox 413 4113 479 4167; x_wconf 90' lang='lat' dir='ltr'><strong>ad</strong></span> <span class='ocrx_word' id='word_1_333' title='bbox 506 4114 866 4183; x_wconf 88' lang='lat' dir='ltr'><strong>operationem</strong></span> <span class='ocrx_word' id='word_1_334' title='bbox 900 4113 1048 4167; x_wconf 88' lang='lat' dir='ltr'><strong>illum</strong></span> <span class='ocrx_word' id='word_1_335' title='bbox 1080 4113 1263 4167; x_wconf 85' lang='lat' dir='ltr'><strong>eduxit</strong></span> <span class='ocrx_word' id='word_1_336' title='bbox 1291 4131 1303 4166; x_wconf 90' lang='lat'><strong>:</strong></span> <span class='ocrx_word' id='word_1_337' title='bbox 1329 4114 1526 4183; x_wconf 93' lang='lat' dir='ltr'><strong>quippe</strong></span> <span class='ocrx_word' id='word_1_338' title='bbox 1554 4122 1740 4168; x_wconf 88' lang='lat' dir='ltr'><strong>natura</strong></span> <span class='ocrx_word' id='word_1_339' title='bbox 1768 4113 1853 4167; x_wconf 87' lang='lat' dir='ltr'><strong>dc-</strong></span> 
     </span>
    </p>
   </div>
   <div class='ocr_carea' id='block_1_43' title="bbox 265 4203 1854 4269">
    <p class='ocr_par' dir='ltr' id='par_1_43' title="bbox 265 4203 1854 4269">
     <span class='ocr_line' id='line_1_43' title="bbox 265 4203 1854 4269; baseline 0 -12"><span class='ocrx_word' id='word_1_340' title='bbox 265 4204 501 4269; x_wconf 83' lang='lat' dir='ltr'><strong>ftciente,</strong></span> <span class='ocrx_word' id='word_1_341' title='bbox 533 4204 771 4258; x_wconf 87' lang='lat' dir='ltr'><strong>laborum</strong></span> <span class='ocrx_word' id='word_1_342' title='bbox 797 4203 1145 4257; x_wconf 90' lang='lat' dir='ltr'><strong>continuitate</strong></span> <span class='ocrx_word' id='word_1_343' title='bbox 1171 4203 1471 4257; x_wconf 88' lang='lat' dir='ltr'><strong>confectum</strong></span> <span class='ocrx_word' id='word_1_344' title='bbox 1498 4204 1690 4257; x_wconf 89' lang='lat' dir='ltr'><strong>animal</strong></span> <span class='ocrx_word' id='word_1_345' title='bbox 1716 4204 1854 4258; x_wconf 91' lang='lat' dir='ltr'><strong>istud</strong></span> 
     </span>
    </p>
   </div>
   <div class='ocr_carea' id='block_1_44' title="bbox 263 4294 1858 4366">
    <p class='ocr_par' dir='ltr' id='par_1_44' title="bbox 263 4294 1858 4366">
     <span class='ocr_line' id='line_1_44' title="bbox 263 4294 1858 4366; baseline 0.001 -18"><span class='ocrx_word' id='word_1_346' title='bbox 263 4295 492 4366; x_wconf 85' lang='lat' dir='ltr'><strong>periret,</strong></span> <span class='ocrx_word' id='word_1_347' title='bbox 525 4309 623 4349; x_wconf 92' lang='lat' dir='ltr'><strong>nec</strong></span> <span class='ocrx_word' id='word_1_348' title='bbox 649 4294 806 4348; x_wconf 90' lang='lat' dir='ltr'><strong>ullam</strong></span> <span class='ocrx_word' id='word_1_349' title='bbox 832 4294 878 4349; x_wconf 94' lang='lat' dir='ltr'><strong>ei</strong></span> <span class='ocrx_word' id='word_1_350' title='bbox 907 4294 1040 4349; x_wconf 92' lang='lat' dir='ltr'><strong>lucis</strong></span> <span class='ocrx_word' id='word_1_351' title='bbox 1066 4309 1223 4349; x_wconf 91' lang='lat' dir='ltr'><strong>usura</strong></span> <span class='ocrx_word' id='word_1_352' title='bbox 1249 4294 1682 4350; x_wconf 88' lang='lat' dir='ltr'><strong>commoditatem</strong></span> <span class='ocrx_word' id='word_1_353' title='bbox 1702 4294 1858 4350; x_wconf 70' lang='lat' dir='ltr'><strong>affer-</strong></span> 
     </span>
    </p>
   </div>
   <div class='ocr_carea' id='block_1_45' title="bbox 265 4383 1856 4456">
    <p class='ocr_par' dir='ltr' id='par_1_45' title="bbox 265 4383 1856 4456">
     <span class='ocr_line' id='line_1_45' title="bbox 265 4383 1856 4456; baseline -0.001 -14"><span class='ocrx_word' id='word_1_354' title='bbox 265 4395 376 4442; x_wconf 87' lang='lat' dir='ltr'><strong>ret.</strong></span> <span class='ocrx_word' id='word_1_355' title='bbox 408 4385 483 4440; x_wconf 88' lang='lat' dir='ltr'><strong>Ea</strong></span> <span class='ocrx_word' id='word_1_356' title='bbox 508 4386 666 4456; x_wconf 78' lang='lat' dir='ltr'><strong>igitur</strong></span> <span class='ocrx_word' id='word_1_357' title='bbox 693 4393 776 4440; x_wconf 87' lang='lat' dir='ltr'><strong>est</strong></span> <span class='ocrx_word' id='word_1_358' title='bbox 802 4388 1118 4454; x_wconf 65' lang='lat' dir='ltr'><strong>praesertim,</strong></span> <span class='ocrx_word' id='word_1_359' title='bbox 1142 4400 1260 4453; x_wconf 85' lang='lat' dir='ltr'><strong>quae</strong></span> <span class='ocrx_word' id='word_1_360' title='bbox 1286 4383 1425 4439; x_wconf 89' lang='lat' dir='ltr'><strong>diem</strong></span> <span class='ocrx_word' id='word_1_361' title='bbox 1451 4384 1649 4439; x_wconf 89' lang='lat' dir='ltr'><strong>homini</strong></span> <span class='ocrx_word' id='word_1_362' title='bbox 1674 4384 1856 4440; x_wconf 90' lang='lat' dir='ltr'><strong>utilem</strong></span> 
     </span>
    </p>
   </div>
   <div class='ocr_carea' id='block_1_46' title="bbox 266 4476 1857 4549">
    <p class='ocr_par' dir='ltr' id='par_1_46' title="bbox 266 4476 1857 4549">
     <span class='ocr_line' id='line_1_46' title="bbox 266 4476 1857 4549; baseline 0 -16"><span class='ocrx_word' id='word_1_363' title='bbox 266 4476 477 4540; x_wconf 89' lang='lat' dir='ltr'><strong>reddit,</strong></span> <span class='ocrx_word' id='word_1_364' title='bbox 509 4492 627 4546; x_wconf 70' lang='lat' dir='ltr'><strong>qua:</strong></span> <span class='ocrx_word' id='word_1_365' title='bbox 657 4476 953 4531; x_wconf 90' lang='lat' dir='ltr'><strong>ministerio</strong></span> <span class='ocrx_word' id='word_1_366' title='bbox 988 4491 1086 4532; x_wconf 89' lang='lat' dir='ltr'><strong>suo</strong></span> <span class='ocrx_word' id='word_1_367' title='bbox 1114 4476 1181 4531; x_wconf 89' lang='lat' dir='ltr'><strong>ad</strong></span> <span class='ocrx_word' id='word_1_368' title='bbox 1211 4477 1567 4547; x_wconf 79' lang='lat' dir='ltr'><strong>cognitionem</strong></span> <span class='ocrx_word' id='word_1_369' title='bbox 1599 4479 1693 4535; x_wconf 91' lang='lat' dir='ltr'><strong>Dei</strong></span> <span class='ocrx_word' id='word_1_370' title='bbox 1732 4493 1857 4549; x_wconf 91' lang='lat' dir='ltr'><strong>pro-</strong></span> 
     </span>
    </p>
   </div>
   <div class='ocr_carea' id='block_1_47' title="bbox 267 4567 1857 4639">
    <p class='ocr_par' dir='ltr' id='par_1_47' title="bbox 267 4567 1857 4639">
     <span class='ocr_line' id='line_1_47' title="bbox 267 4567 1857 4639; baseline 0.003 -19"><span class='ocrx_word' id='word_1_371' title='bbox 267 4567 421 4621; x_wconf 78' lang='lat' dir='ltr'><strong>vehit</strong></span> <span class='ocrx_word' id='word_1_372' title='bbox 455 4583 578 4623; x_wconf 92' lang='lat' dir='ltr'><strong>eum</strong></span> <span class='ocrx_word' id='word_1_373' title='bbox 602 4609 617 4633; x_wconf 96' lang='lat'><strong>,</strong></span> <span class='ocrx_word' id='word_1_374' title='bbox 646 4567 737 4637; x_wconf 92' lang='lat' dir='ltr'><strong>qui</strong></span> <span class='ocrx_word' id='word_1_375' title='bbox 776 4568 971 4623; x_wconf 87' lang='lat' dir='ltr'><strong>chorea</strong></span> <span class='ocrx_word' id='word_1_376' title='bbox 1011 4568 1174 4637; x_wconf 88' lang='lat' dir='ltr'><strong>ipsius</strong></span> <span class='ocrx_word' id='word_1_377' title='bbox 1215 4569 1522 4639; x_wconf 90' lang='lat' dir='ltr'><strong>perfruitur.</strong></span> <span class='ocrx_word' id='word_1_378' title='bbox 1554 4570 1685 4625; x_wconf 91' lang='lat' dir='ltr'><strong>Cum</strong></span> <span class='ocrx_word' id='word_1_379' title='bbox 1716 4572 1857 4626; x_wconf 93' lang='lat' dir='ltr'><strong>enim</strong></span> 
     </span>
    </p>
   </div>
   <div class='ocr_carea' id='block_1_48' title="bbox 267 4658 1858 4728">
    <p class='ocr_par' dir='ltr' id='par_1_48' title="bbox 267 4658 1858 4728">
     <span class='ocr_line' id='line_1_48' title="bbox 267 4658 1858 4728; baseline 0.001 -15"><span class='ocrx_word' id='word_1_380' title='bbox 267 4658 413 4727; x_wconf 89' lang='lat' dir='ltr'><strong>apud</strong></span> <span class='ocrx_word' id='word_1_381' title='bbox 437 4672 494 4711; x_wconf 88' lang='lat' dir='ltr'><strong>sc</strong></span> <span class='ocrx_word' id='word_1_382' title='bbox 522 4658 865 4728; x_wconf 86' lang='lat' dir='ltr'><strong>perpenderit</strong></span> <span class='ocrx_word' id='word_1_383' title='bbox 891 4659 1172 4727; x_wconf 89' lang='lat' dir='ltr'><strong>quispiam,</strong></span> <span class='ocrx_word' id='word_1_384' title='bbox 1199 4670 1394 4727; x_wconf 90' lang='lat' dir='ltr'><strong>quanta</strong></span> <span class='ocrx_word' id='word_1_385' title='bbox 1416 4660 1519 4715; x_wconf 93' lang='lat' dir='ltr'><strong>diei</strong></span> <span class='ocrx_word' id='word_1_386' title='bbox 1548 4661 1615 4714; x_wconf 90' lang='lat' dir='ltr'><strong>sit</strong></span> <span class='ocrx_word' id='word_1_387' title='bbox 1640 4661 1858 4725; x_wconf 89' lang='lat' dir='ltr'><strong>utilitas,</strong></span> 
     </span>
    </p>
   </div>
   <div class='ocr_carea' id='block_1_49' title="bbox 268 4749 1860 4819">
    <p class='ocr_par' dir='ltr' id='par_1_49' title="bbox 268 4749 1860 4819">
     <span class='ocr_line' id='line_1_49' title="bbox 268 4749 1860 4819; baseline 0.001 -15"><span class='ocrx_word' id='word_1_388' title='bbox 268 4759 471 4819; x_wconf 89' lang='lat' dir='ltr'><strong>quanta</strong></span> <span class='ocrx_word' id='word_1_389' title='bbox 500 4751 672 4804; x_wconf 91' lang='lat' dir='ltr'><strong>noctis</strong></span> <span class='ocrx_word' id='word_1_390' title='bbox 694 4791 709 4815; x_wconf 91' lang='lat'><strong>,</strong></span> <span class='ocrx_word' id='word_1_391' title='bbox 740 4758 794 4804; x_wconf 91' lang='lat' dir='ltr'><strong>et</strong></span> <span class='ocrx_word' id='word_1_392' title='bbox 823 4766 929 4817; x_wconf 90' lang='lat' dir='ltr'><strong>quo</strong></span> <span class='ocrx_word' id='word_1_393' title='bbox 961 4760 1114 4817; x_wconf 90' lang='lat' dir='ltr'><strong>pacto</strong></span> <span class='ocrx_word' id='word_1_394' title='bbox 1143 4749 1254 4803; x_wconf 72' lang='lat' dir='ltr'><strong>haec</strong></span> <span class='ocrx_word' id='word_1_395' title='bbox 1286 4752 1359 4805; x_wconf 93' lang='lat' dir='ltr'><strong>illi</strong></span> <span class='ocrx_word' id='word_1_396' title='bbox 1390 4753 1658 4817; x_wconf 88' lang='lat' dir='ltr'><strong>succedit,</strong></span> <span class='ocrx_word' id='word_1_397' title='bbox 1690 4764 1742 4806; x_wconf 91' lang='lat' dir='ltr'><strong>et</strong></span> <span class='ocrx_word' id='word_1_398' title='bbox 1767 4768 1860 4805; x_wconf 82' lang='lat' dir='ltr'><strong>va-</strong></span> 
     </span>
    </p>
   </div>
   <div class='ocr_carea' id='block_1_50' title="bbox 269 4842 1861 4912">
    <p class='ocr_par' dir='ltr' id='par_1_50' title="bbox 269 4842 1861 4912">
     <span class='ocr_line' id='line_1_50' title="bbox 269 4842 1861 4912; baseline -0.001 -12"><span class='ocrx_word' id='word_1_399' title='bbox 269 4845 427 4900; x_wconf 86' lang='lat' dir='ltr'><strong>riatis</strong></span> <span class='ocrx_word' id='word_1_400' title='bbox 450 4843 673 4906; x_wconf 80' lang='lat' dir='ltr'><strong>vicibus,</strong></span> <span class='ocrx_word' id='word_1_401' title='bbox 698 4843 842 4897; x_wconf 81' lang='lat' dir='ltr'><strong>velut</strong></span> <span class='ocrx_word' id='word_1_402' title='bbox 868 4843 919 4896; x_wconf 92' lang='lat' dir='ltr'><strong>in</strong></span> <span class='ocrx_word' id='word_1_403' title='bbox 950 4842 1116 4897; x_wconf 92' lang='lat' dir='ltr'><strong>choro</strong></span> <span class='ocrx_word' id='word_1_404' title='bbox 1142 4845 1411 4912; x_wconf 90' lang='lat' dir='ltr'><strong>qu0piam,</strong></span> <span class='ocrx_word' id='word_1_405' title='bbox 1443 4844 1739 4898; x_wconf 90' lang='lat' dir='ltr'><strong>alternatim</strong></span> <span class='ocrx_word' id='word_1_406' title='bbox 1763 4845 1861 4899; x_wconf 92' lang='lat' dir='ltr'><strong>sibi</strong></span> 
     </span>
    </p>
   </div>
   <div class='ocr_carea' id='block_1_51' title="bbox 272 4934 1863 5003">
    <p class='ocr_par' dir='ltr' id='par_1_51' title="bbox 272 4934 1863 5003">
     <span class='ocr_line' id='line_1_51' title="bbox 272 4934 1863 5003; baseline 0 -14"><span class='ocrx_word' id='word_1_407' title='bbox 272 4934 623 4990; x_wconf 87' lang='lat' dir='ltr'><strong>succedentes</strong></span> <span class='ocrx_word' id='word_1_408' title='bbox 652 4942 891 4987; x_wconf 91' lang='lat' dir='ltr'><strong>nostrum</strong></span> <span class='ocrx_word' id='word_1_409' title='bbox 920 4948 1088 5003; x_wconf 88' lang='lat' dir='ltr'><strong>genus</strong></span> <span class='ocrx_word' id='word_1_410' title='bbox 1114 4944 1453 4997; x_wconf 84' lang='lat' dir='ltr'><strong>conservant,</strong></span> <span class='ocrx_word' id='word_1_411' title='bbox 1485 4936 1725 5003; x_wconf 81' lang='lat' dir='ltr'><strong>quamvis</strong></span> <span class='ocrx_word' id='word_1_412' title='bbox 1752 4952 1863 4989; x_wconf 87' lang='lat' dir='ltr'><strong>om-</strong></span> 
     </span>
    </p>
   </div>
   <div class='ocr_carea' id='block_1_52' title="bbox 275 5024 1868 5093">
    <p class='ocr_par' dir='ltr' id='par_1_52' title="bbox 275 5024 1868 5093">
     <span class='ocr_line' id='line_1_52' title="bbox 275 5024 1868 5093; baseline 0.001 -13"><span class='ocrx_word' id='word_1_413' title='bbox 275 5028 426 5081; x_wconf 92' lang='lat' dir='ltr'><strong>nium</strong></span> <span class='ocrx_word' id='word_1_414' title='bbox 459 5025 731 5079; x_wconf 90' lang='lat' dir='ltr'><strong>hominum</strong></span> <span class='ocrx_word' id='word_1_415' title='bbox 762 5025 1157 5093; x_wconf 90' lang='lat' dir='ltr'><strong>stupidissimus</strong></span> <span class='ocrx_word' id='word_1_416' title='bbox 1194 5024 1373 5091; x_wconf 90' lang='lat' dir='ltr'><strong>fuerit,</strong></span> <span class='ocrx_word' id='word_1_417' title='bbox 1404 5030 1636 5080; x_wconf 86' lang='lat' dir='ltr'><strong>excitata</strong></span> <span class='ocrx_word' id='word_1_418' title='bbox 1667 5041 1758 5080; x_wconf 91' lang='lat' dir='ltr'><strong>sua</strong></span> <span class='ocrx_word' id='word_1_419' title='bbox 1788 5042 1868 5081; x_wconf 85' lang='lat' dir='ltr'><strong>ra-</strong></span> 
     </span>
    </p>
   </div>
   <div class='ocr_carea' id='block_1_53' title="bbox 277 5115 1863 5187">
    <p class='ocr_par' dir='ltr' id='par_1_53' title="bbox 277 5115 1863 5187">
     <span class='ocr_line' id='line_1_53' title="bbox 277 5115 1863 5187; baseline -0.001 -16"><span class='ocrx_word' id='word_1_420' title='bbox 277 5118 430 5171; x_wconf 79' lang='lat' dir='ltr'><strong>tione</strong></span> <span class='ocrx_word' id='word_1_421' title='bbox 467 5116 656 5170; x_wconf 91' lang='lat' dir='ltr'><strong>summi</strong></span> <span class='ocrx_word' id='word_1_422' title='bbox 698 5115 902 5184; x_wconf 86' lang='lat' dir='ltr'><strong>opiﬁcis</strong></span> <span class='ocrx_word' id='word_1_423' title='bbox 942 5115 1035 5169; x_wconf 91' lang='lat' dir='ltr'><strong>Dei</strong></span> <span class='ocrx_word' id='word_1_424' title='bbox 1081 5116 1393 5187; x_wconf 88' lang='lat' dir='ltr'><strong>sapientiam</strong></span> <span class='ocrx_word' id='word_1_425' title='bbox 1439 5131 1598 5171; x_wconf 92' lang='lat' dir='ltr'><strong>nosse</strong></span> <span class='ocrx_word' id='word_1_426' title='bbox 1637 5118 1863 5184; x_wconf 87' lang='lat' dir='ltr'><strong>poterit,</strong></span> 
     </span>
    </p>
   </div>
   <div class='ocr_carea' id='block_1_54' title="bbox 276 5208 1868 5280">
    <p class='ocr_par' dir='ltr' id='par_1_54' title="bbox 276 5208 1868 5280">
     <span class='ocr_line' id='line_1_54' title="bbox 276 5208 1868 5280; baseline -0.003 -14"><span class='ocrx_word' id='word_1_427' title='bbox 276 5225 443 5280; x_wconf 84' lang='lat' dir='ltr'><strong>quam</strong></span> <span class='ocrx_word' id='word_1_428' title='bbox 473 5224 565 5278; x_wconf 92' lang='lat' dir='ltr'><strong>per</strong></span> <span class='ocrx_word' id='word_1_429' title='bbox 589 5208 728 5263; x_wconf 92' lang='lat' dir='ltr'><strong>diem</strong></span> <span class='ocrx_word' id='word_1_430' title='bbox 758 5223 821 5261; x_wconf 90' lang='lat' dir='ltr'><strong>ac</strong></span> <span class='ocrx_word' id='word_1_431' title='bbox 851 5216 1059 5261; x_wconf 91' lang='lat' dir='ltr'><strong>noctem</strong></span> <span class='ocrx_word' id='word_1_432' title='bbox 1089 5208 1355 5273; x_wconf 89' lang='lat' dir='ltr'><strong>ostendit,</strong></span> <span class='ocrx_word' id='word_1_433' title='bbox 1388 5210 1511 5261; x_wconf 92' lang='lat' dir='ltr'><strong>dum</strong></span> <span class='ocrx_word' id='word_1_434' title='bbox 1544 5209 1684 5262; x_wconf 91' lang='lat' dir='ltr'><strong>illam</strong></span> <span class='ocrx_word' id='word_1_435' title='bbox 1716 5208 1868 5263; x_wconf 90' lang='lat' dir='ltr'><strong>nobis</strong></span> 
     </span>
    </p>
   </div>
   <div class='ocr_carea' id='block_1_55' title="bbox 277 5299 1868 5371">
    <p class='ocr_par' dir='ltr' id='par_1_55' title="bbox 277 5299 1868 5371">
     <span class='ocr_line' id='line_1_55' title="bbox 277 5299 1868 5371; baseline -0.004 -13"><span class='ocrx_word' id='word_1_436' title='bbox 277 5303 351 5358; x_wconf 78' lang='lat' dir='ltr'><strong>ad</strong></span> <span class='ocrx_word' id='word_1_437' title='bbox 379 5302 774 5371; x_wconf 88' lang='lat' dir='ltr'><strong>operationem,</strong></span> <span class='ocrx_word' id='word_1_438' title='bbox 806 5300 941 5353; x_wconf 91' lang='lat' dir='ltr'><strong>hanc</strong></span> <span class='ocrx_word' id='word_1_439' title='bbox 980 5300 1045 5353; x_wconf 86' lang='lat' dir='ltr'><strong>ad</strong></span> <span class='ocrx_word' id='word_1_440' title='bbox 1086 5299 1325 5355; x_wconf 88' lang='lat' dir='ltr'><strong>laborum</strong></span> <span class='ocrx_word' id='word_1_441' title='bbox 1366 5300 1744 5355; x_wconf 82' lang='lat' dir='ltr'><strong>relaxationem</strong></span> <span class='ocrx_word' id='word_1_442' title='bbox 1786 5309 1868 5353; x_wconf 89' lang='lat' dir='ltr'><strong>at-</strong></span> 
     </span>
    </p>
   </div>
   <div class='ocr_carea' id='block_1_56' title="bbox 282 5394 490 5450">
    <p class='ocr_par' dir='ltr' id='par_1_56' title="bbox 282 5394 490 5450">
     <span class='ocr_line' id='line_1_56' title="bbox 282 5394 490 5450; baseline -0.024 0"><span class='ocrx_word' id='word_1_443' title='bbox 282 5394 490 5450; x_wconf 86' lang='lat' dir='ltr'><strong>tribuit.</strong></span> 
     </span>
    </p>
   </div>
   <div class='ocr_carea' id='block_1_57' title="bbox 360 5480 1871 5552">
    <p class='ocr_par' dir='ltr' id='par_1_57' title="bbox 360 5480 1871 5552">
     <span class='ocr_line' id='line_1_57' title="bbox 360 5480 1871 5552; baseline -0.001 -14"><span class='ocrx_word' id='word_1_444' title='bbox 360 5484 416 5538; x_wconf 76' lang='lat'><strong>5.</strong></span> <span class='ocrx_word' id='word_1_445' title='bbox 450 5482 644 5537; x_wconf 81' lang='lat' dir='ltr'><strong>Verum</strong></span> <span class='ocrx_word' id='word_1_446' title='bbox 672 5482 737 5536; x_wconf 88' lang='lat' dir='ltr'><strong>ad</strong></span> <span class='ocrx_word' id='word_1_447' title='bbox 765 5482 876 5536; x_wconf 82' lang='lat' dir='ltr'><strong>haec</strong></span> <span class='ocrx_word' id='word_1_448' title='bbox 908 5481 1083 5534; x_wconf 89' lang='lat' dir='ltr'><strong>omnia</strong></span> <span class='ocrx_word' id='word_1_449' title='bbox 1122 5480 1343 5536; x_wconf 89' lang='lat' dir='ltr'><strong>dicenda</strong></span> <span class='ocrx_word' id='word_1_450' title='bbox 1369 5483 1479 5552; x_wconf 88' lang='lat' dir='ltr'><strong>jam</strong></span> <span class='ocrx_word' id='word_1_451' title='bbox 1511 5482 1633 5537; x_wconf 89' lang='lat' dir='ltr'><strong>inde</strong></span> <span class='ocrx_word' id='word_1_452' title='bbox 1663 5483 1730 5536; x_wconf 89' lang='lat' dir='ltr'><strong>ab</strong></span> <span class='ocrx_word' id='word_1_453' title='bbox 1751 5498 1871 5536; x_wconf 85' lang='lat' dir='ltr'><strong>ora-</strong></span> 
     </span>
    </p>
   </div>
   <div class='ocr_carea' id='block_1_58' title="bbox 284 5576 1867 5647">
    <p class='ocr_par' dir='ltr' id='par_1_58' title="bbox 284 5576 1867 5647">
     <span class='ocr_line' id='line_1_58' title="bbox 284 5576 1867 5647; baseline -0.002 -14"><span class='ocrx_word' id='word_1_454' title='bbox 284 5578 450 5633; x_wconf 86' lang='lat' dir='ltr'><strong>tionis</strong></span> <span class='ocrx_word' id='word_1_455' title='bbox 494 5578 713 5632; x_wconf 85' lang='lat' dir='ltr'><strong>exordio</strong></span> <span class='ocrx_word' id='word_1_456' title='bbox 760 5576 977 5647; x_wconf 88' lang='lat' dir='ltr'><strong>digressi</strong></span> <span class='ocrx_word' id='word_1_457' title='bbox 1029 5590 1212 5629; x_wconf 89' lang='lat' dir='ltr'><strong>sumus</strong></span> <span class='ocrx_word' id='word_1_458' title='bbox 1244 5595 1255 5628; x_wconf 89' lang='lat'><strong>:</strong></span> <span class='ocrx_word' id='word_1_459' title='bbox 1290 5578 1539 5647; x_wconf 89' lang='lat' dir='ltr'><strong>quoniam</strong></span> <span class='ocrx_word' id='word_1_460' title='bbox 1590 5586 1764 5630; x_wconf 87' lang='lat' dir='ltr'><strong>autem</strong></span> <span class='ocrx_word' id='word_1_461' title='bbox 1806 5593 1867 5631; x_wconf 88' lang='lat' dir='ltr'><strong>ex</strong></span> 
     </span>
    </p>
   </div>
   <div class='ocr_carea' id='block_1_59' title="bbox 288 5669 1870 5740">
    <p class='ocr_par' dir='ltr' id='par_1_59' title="bbox 288 5669 1870 5740">
     <span class='ocr_line' id='line_1_59' title="bbox 288 5669 1870 5740; baseline 0 -15"><span class='ocrx_word' id='word_1_462' title='bbox 288 5670 377 5726; x_wconf 82' lang='lat' dir='ltr'><strong>his</strong></span> <span class='ocrx_word' id='word_1_463' title='bbox 403 5686 520 5740; x_wconf 69' lang='lat' dir='ltr'><strong>qua:</strong></span> <span class='ocrx_word' id='word_1_464' title='bbox 550 5669 810 5724; x_wconf 89' lang='lat' dir='ltr'><strong>hodierno</strong></span> <span class='ocrx_word' id='word_1_465' title='bbox 838 5669 923 5723; x_wconf 87' lang='lat' dir='ltr'><strong>die</strong></span> <span class='ocrx_word' id='word_1_466' title='bbox 950 5670 1083 5723; x_wconf 88' lang='lat' dir='ltr'><strong>lecta</strong></span> <span class='ocrx_word' id='word_1_467' title='bbox 1113 5678 1254 5733; x_wconf 90' lang='lat' dir='ltr'><strong>sunt,</strong></span> <span class='ocrx_word' id='word_1_468' title='bbox 1290 5672 1541 5724; x_wconf 87' lang='lat' dir='ltr'><strong>nonnulla</strong></span> <span class='ocrx_word' id='word_1_469' title='bbox 1584 5671 1779 5726; x_wconf 89' lang='lat' dir='ltr'><strong>multos</strong></span> <span class='ocrx_word' id='word_1_470' title='bbox 1805 5685 1870 5725; x_wconf 81' lang='lat' dir='ltr'><strong>ex</strong></span> 
     </span>
    </p>
   </div>
   <div class='ocr_carea' id='block_1_60' title="bbox 287 5759 1867 5831">
    <p class='ocr_par' dir='ltr' id='par_1_60' title="bbox 287 5759 1867 5831">
     <span class='ocr_line' id='line_1_60' title="bbox 287 5759 1867 5831; baseline -0.001 -15"><span class='ocrx_word' id='word_1_471' title='bbox 287 5761 355 5817; x_wconf 84' lang='lat' dir='ltr'><strong>iis</strong></span> <span class='ocrx_word' id='word_1_472' title='bbox 387 5768 474 5830; x_wconf 85' lang='lat' dir='ltr'><strong>qui</strong></span> <span class='ocrx_word' id='word_1_473' title='bbox 502 5761 675 5816; x_wconf 86' lang='lat' dir='ltr'><strong>minus</strong></span> <span class='ocrx_word' id='word_1_474' title='bbox 703 5760 936 5815; x_wconf 85' lang='lat' dir='ltr'><strong>animum</strong></span> <span class='ocrx_word' id='word_1_475' title='bbox 962 5759 1237 5815; x_wconf 87' lang='lat' dir='ltr'><strong>attendunt</strong></span> <span class='ocrx_word' id='word_1_476' title='bbox 1257 5760 1387 5815; x_wconf 86' lang='lat' dir='ltr'><strong>forte</strong></span> <span class='ocrx_word' id='word_1_477' title='bbox 1410 5761 1867 5831; x_wconf 79' lang='lat' dir='ltr'><strong>perturbaverunt,</strong></span> 
     </span>
    </p>
   </div>
   <div class='ocr_carea' id='block_1_61' title="bbox 892 376 2863 449">
    <p class='ocr_par' dir='ltr' id='par_1_61' title="bbox 892 376 2863 449">
     <span class='ocr_line' id='line_1_61' title="bbox 892 376 2863 449; baseline -0.003 -12"><span class='ocrx_word' id='word_1_478' title='bbox 892 382 954 438; x_wconf 77' lang='lat' dir='ltr'><strong>IN</strong></span> <span class='ocrx_word' id='word_1_479' title='bbox 996 381 1198 439; x_wconf 84' lang='lat' dir='ltr'><strong>ILLUD</strong></span> <span class='ocrx_word' id='word_1_480' title='bbox 1238 380 1455 449; x_wconf 70' lang='lat' dir='ltr'><strong>lSAl/E,</strong></span> <span class='ocrx_word' id='word_1_481' title='bbox 1500 381 1632 437; x_wconf 83' lang='lat' dir='ltr'><strong>EGO</strong></span> <span class='ocrx_word' id='word_1_482' title='bbox 1678 376 1972 434; x_wconf 73' lang='lat' dir='ltr'><strong>DOMINUS</strong></span> <span class='ocrx_word' id='word_1_483' title='bbox 2012 377 2188 435; x_wconf 80' lang='lat' dir='ltr'><strong>DEUS</strong></span> <span class='ocrx_word' id='word_1_484' title='bbox 2229 378 2379 433; x_wconf 86' lang='lat' dir='ltr'><strong>FECI</strong></span> <span class='ocrx_word' id='word_1_485' title='bbox 2418 377 2678 449; x_wconf 79' lang='lat' dir='ltr'><strong>LUMEN,</strong></span> <span class='ocrx_word' id='word_1_486' title='bbox 2710 376 2863 434; x_wconf 83' lang='lat' dir='ltr'><strong>ETC.</strong></span> 
     </span>
    </p>
   </div>
   <div class='ocr_carea' id='block_1_62' title="bbox 3408 377 3521 433">
    <p class='ocr_par' dir='ltr' id='par_1_62' title="bbox 3408 377 3521 433">
     <span class='ocr_line' id='line_1_62' title="bbox 3408 377 3521 433; baseline 0.018 -2"><span class='ocrx_word' id='word_1_487' title='bbox 3408 377 3521 433; x_wconf 86' lang='grc'><strong>146</strong></span> 
     </span>
    </p>
   </div>
   <div class='ocr_carea' id='block_1_63' title="bbox 1944 471 3530 543">
    <p class='ocr_par' dir='ltr' id='par_1_63' title="bbox 1944 471 3530 543">
     <span class='ocr_line' id='line_1_63' title="bbox 1944 471 3530 543; baseline -0.002 -17"><span class='ocrx_word' id='word_1_488' title='bbox 1944 486 2140 540; x_wconf 89' lang='lat' dir='ltr'><strong>eosque</strong></span> <span class='ocrx_word' id='word_1_489' title='bbox 2159 473 2247 542; x_wconf 90' lang='lat' dir='ltr'><strong>qui</strong></span> <span class='ocrx_word' id='word_1_490' title='bbox 2271 473 2323 526; x_wconf 92' lang='lat' dir='ltr'><strong>in</strong></span> <span class='ocrx_word' id='word_1_491' title='bbox 2337 471 2619 542; x_wconf 89' lang='lat' dir='ltr'><strong>Scripturis</strong></span> <span class='ocrx_word' id='word_1_492' title='bbox 2638 490 2821 543; x_wconf 88' lang='lat' dir='ltr'><strong>parum</strong></span> <span class='ocrx_word' id='word_1_493' title='bbox 2841 491 2863 526; x_wconf 72' lang='grc' dir='ltr'><strong>τ</strong></span> <span class='ocrx_word' id='word_1_494' title='bbox 2876 473 3032 530; x_wconf 86' lang='lat' dir='ltr'><strong>ersati</strong></span> <span class='ocrx_word' id='word_1_495' title='bbox 3050 482 3203 527; x_wconf 88' lang='lat' dir='ltr'><strong>sunt:</strong></span> <span class='ocrx_word' id='word_1_496' title='bbox 3223 484 3321 541; x_wconf 74' lang='lat' dir='ltr'><strong>age</strong></span> <span class='ocrx_word' id='word_1_497' title='bbox 3339 485 3530 540; x_wconf 82' lang='lat' dir='ltr'><strong>magna</strong></span> 
     </span>
    </p>
   </div>
   <div class='ocr_carea' id='block_1_64' title="bbox 1942 562 3527 636">
    <p class='ocr_par' dir='ltr' id='par_1_64' title="bbox 1942 562 3527 636">
     <span class='ocr_line' id='line_1_64' title="bbox 1942 562 3527 636; baseline -0.002 -19"><span class='ocrx_word' id='word_1_498' title='bbox 1942 563 2100 617; x_wconf 88' lang='lat' dir='ltr'><strong>animi</strong></span> <span class='ocrx_word' id='word_1_499' title='bbox 2132 567 2484 633; x_wconf 89' lang='lat' dir='ltr'><strong>propensione</strong></span> <span class='ocrx_word' id='word_1_500' title='bbox 2507 581 2569 621; x_wconf 89' lang='lat' dir='ltr'><strong>ac</strong></span> <span class='ocrx_word' id='word_1_501' title='bbox 2589 568 2763 620; x_wconf 86' lang='lat' dir='ltr'><strong>studio</strong></span> <span class='ocrx_word' id='word_1_502' title='bbox 2785 566 3007 636; x_wconf 87' lang='lat' dir='ltr'><strong>gradum</strong></span> <span class='ocrx_word' id='word_1_503' title='bbox 3031 565 3097 619; x_wconf 84' lang='lat' dir='ltr'><strong>ad</strong></span> <span class='ocrx_word' id='word_1_504' title='bbox 3119 567 3218 618; x_wconf 89' lang='lat' dir='ltr'><strong>ista</strong></span> <span class='ocrx_word' id='word_1_505' title='bbox 3248 562 3527 617; x_wconf 87' lang='lat' dir='ltr'><strong>faciamus.</strong></span> 
     </span>
    </p>
   </div>
   <div class='ocr_carea' id='block_1_65' title="bbox 1943 652 3528 723">
    <p class='ocr_par' dir='ltr' id='par_1_65' title="bbox 1943 652 3528 723">
     <span class='ocr_line' id='line_1_65' title="bbox 1943 652 3528 723; baseline -0.002 -16"><span class='ocrx_word' id='word_1_506' title='bbox 1943 652 2101 708; x_wconf 88' lang='lat' dir='ltr'><strong>Lecta</strong></span> <span class='ocrx_word' id='word_1_507' title='bbox 2141 654 2282 707; x_wconf 91' lang='lat' dir='ltr'><strong>enim</strong></span> <span class='ocrx_word' id='word_1_508' title='bbox 2315 666 2395 708; x_wconf 90' lang='lat' dir='ltr'><strong>est</strong></span> <span class='ocrx_word' id='word_1_509' title='bbox 2434 658 2589 710; x_wconf 83' lang='lat' dir='ltr'><strong>etiam</strong></span> <span class='ocrx_word' id='word_1_510' title='bbox 2620 659 2853 711; x_wconf 85' lang='lat' dir='ltr'><strong>narratio</strong></span> <span class='ocrx_word' id='word_1_511' title='bbox 2870 657 2937 711; x_wconf 94' lang='lat' dir='ltr'><strong>de</strong></span> <span class='ocrx_word' id='word_1_512' title='bbox 2966 656 3209 716; x_wconf 88' lang='lat' dir='ltr'><strong>muliere,</strong></span> <span class='ocrx_word' id='word_1_513' title='bbox 3252 668 3369 723; x_wconf 70' lang='lat' dir='ltr'><strong>quae</strong></span> <span class='ocrx_word' id='word_1_514' title='bbox 3408 668 3528 706; x_wconf 57' lang='lat' dir='ltr'><strong>san.</strong></span> 
     </span>
    </p>
   </div>
   <div class='ocr_carea' id='block_1_66' title="bbox 1943 743 3520 816">
    <p class='ocr_par' dir='ltr' id='par_1_66' title="bbox 1943 743 3520 816">
     <span class='ocr_line' id='line_1_66' title="bbox 1943 743 3520 816; baseline -0.001 -19"><span class='ocrx_word' id='word_1_515' title='bbox 1943 745 2113 813; x_wconf 85' lang='lat' dir='ltr'><strong>guinis</strong></span> <span class='ocrx_word' id='word_1_516' title='bbox 2143 744 2343 798; x_wconf 81' lang='lat' dir='ltr'><strong>ﬂuxum</strong></span> <span class='ocrx_word' id='word_1_517' title='bbox 2388 746 2706 816; x_wconf 88' lang='lat' dir='ltr'><strong>patiebatur,</strong></span> <span class='ocrx_word' id='word_1_518' title='bbox 2736 762 2960 816; x_wconf 72' lang='lat' dir='ltr'><strong>qumque</strong></span> <span class='ocrx_word' id='word_1_519' title='bbox 3006 744 3206 799; x_wconf 89' lang='lat' dir='ltr'><strong>fontem</strong></span> <span class='ocrx_word' id='word_1_520' title='bbox 3246 743 3520 812; x_wconf 85' lang='lat' dir='ltr'><strong>sanguinis</strong></span> 
     </span>
    </p>
   </div>
   <div class='ocr_carea' id='block_1_67' title="bbox 1943 837 3525 906">
    <p class='ocr_par' dir='ltr' id='par_1_67' title="bbox 1943 837 3525 906">
     <span class='ocr_line' id='line_1_67' title="bbox 1943 837 3525 906; baseline -0.003 -16"><span class='ocrx_word' id='word_1_521' title='bbox 1943 846 2087 891; x_wconf 81' lang='lat' dir='ltr'><strong>tactu</strong></span> <span class='ocrx_word' id='word_1_522' title='bbox 2134 839 2407 906; x_wconf 88' lang='lat' dir='ltr'><strong>repressit,</strong></span> <span class='ocrx_word' id='word_1_523' title='bbox 2453 854 2517 893; x_wconf 90' lang='lat' dir='ltr'><strong>ac</strong></span> <span class='ocrx_word' id='word_1_524' title='bbox 2560 839 2679 892; x_wconf 87' lang='lat' dir='ltr'><strong>fidei</strong></span> <span class='ocrx_word' id='word_1_525' title='bbox 2727 840 2918 892; x_wconf 91' lang='lat' dir='ltr'><strong>virtute</strong></span> <span class='ocrx_word' id='word_1_526' title='bbox 2960 847 3164 891; x_wconf 86' lang='lat' dir='ltr'><strong>tantum</strong></span> <span class='ocrx_word' id='word_1_527' title='bbox 3218 837 3525 889; x_wconf 87' lang='lat' dir='ltr'><strong>thesaurum</strong></span> 
     </span>
    </p>
   </div>
   <div class='ocr_carea' id='block_1_68' title="bbox 1942 925 3526 1001">
    <p class='ocr_par' dir='ltr' id='par_1_68' title="bbox 1942 925 3526 1001">
     <span class='ocr_line' id='line_1_68' title="bbox 1942 925 3526 1001; baseline -0.003 -18"><span class='ocrx_word' id='word_1_528' title='bbox 1942 929 2241 997; x_wconf 69' lang='lat' dir='ltr'><strong>deprardata</strong></span> <span class='ocrx_word' id='word_1_529' title='bbox 2284 941 2363 984; x_wconf 92' lang='lat' dir='ltr'><strong>est</strong></span> <span class='ocrx_word' id='word_1_530' title='bbox 2391 930 2600 1001; x_wconf 81' lang='lat' dir='ltr'><strong>(Matth.</strong></span> <span class='ocrx_word' id='word_1_531' title='bbox 2633 931 2684 985; x_wconf 89' lang='lat'><strong>9.</strong></span> <span class='ocrx_word' id='word_1_532' title='bbox 2712 929 2932 1000; x_wconf 70' lang='grc' dir='ltr'><strong>’ΞΟ-22)</strong></span> <span class='ocrx_word' id='word_1_533' title='bbox 2955 948 2968 983; x_wconf 91' lang='lat'>:</span> <span class='ocrx_word' id='word_1_534' title='bbox 2993 929 3193 982; x_wconf 90' lang='lat' dir='ltr'><strong>furtum</strong></span> <span class='ocrx_word' id='word_1_535' title='bbox 3242 928 3382 980; x_wconf 91' lang='lat' dir='ltr'><strong>enim</strong></span> <span class='ocrx_word' id='word_1_536' title='bbox 3432 925 3526 979; x_wconf 90' lang='lat' dir='ltr'><strong>fuit</strong></span> 
     </span>
    </p>
   </div>
   <div class='ocr_carea' id='block_1_69' title="bbox 1942 1015 3525 1089">
    <p class='ocr_par' dir='ltr' id='par_1_69' title="bbox 1942 1015 3525 1089">
     <span class='ocr_line' id='line_1_69' title="bbox 1942 1015 3525 1089; baseline -0.004 -16"><span class='ocrx_word' id='word_1_537' title='bbox 1942 1020 2070 1073; x_wconf 90' lang='lat' dir='ltr'><strong>illud</strong></span> <span class='ocrx_word' id='word_1_538' title='bbox 2111 1020 2327 1086; x_wconf 84' lang='lat' dir='ltr'><strong>factum,</strong></span> <span class='ocrx_word' id='word_1_539' title='bbox 2364 1022 2456 1075; x_wconf 90' lang='lat' dir='ltr'><strong>sed</strong></span> <span class='ocrx_word' id='word_1_540' title='bbox 2497 1022 2652 1075; x_wconf 87' lang='lat' dir='ltr'><strong>laude</strong></span> <span class='ocrx_word' id='word_1_541' title='bbox 2698 1022 2936 1089; x_wconf 82' lang='lat' dir='ltr'><strong>dignum,</strong></span> <span class='ocrx_word' id='word_1_542' title='bbox 2979 1028 3034 1075; x_wconf 92' lang='lat' dir='ltr'><strong>et</strong></span> <span class='ocrx_word' id='word_1_543' title='bbox 3058 1019 3146 1073; x_wconf 90' lang='lat' dir='ltr'><strong>ubi</strong></span> <span class='ocrx_word' id='word_1_544' title='bbox 3189 1015 3525 1085; x_wconf 86' lang='lat' dir='ltr'><strong>deprehensa</strong></span> 
     </span>
    </p>
   </div>
   <div class='ocr_carea' id='block_1_70' title="bbox 1942 1106 3534 1179">
    <p class='ocr_par' dir='ltr' id='par_1_70' title="bbox 1942 1106 3534 1179">
     <span class='ocr_line' id='line_1_70' title="bbox 1942 1106 3534 1179; baseline -0.004 -15"><span class='ocrx_word' id='word_1_545' title='bbox 1942 1120 2022 1164; x_wconf 84' lang='lat' dir='ltr'><strong>est</strong></span> <span class='ocrx_word' id='word_1_546' title='bbox 2042 1126 2159 1179; x_wconf 65' lang='lat' dir='ltr'><strong>quas</strong></span> <span class='ocrx_word' id='word_1_547' title='bbox 2183 1121 2446 1178; x_wconf 88' lang='lat' dir='ltr'><strong>rapuerat,</strong></span> <span class='ocrx_word' id='word_1_548' title='bbox 2464 1112 2834 1166; x_wconf 90' lang='lat' dir='ltr'><strong>commendata</strong></span> <span class='ocrx_word' id='word_1_549' title='bbox 2854 1119 2937 1165; x_wconf 89' lang='lat' dir='ltr'><strong>est</strong></span> <span class='ocrx_word' id='word_1_550' title='bbox 2963 1127 2975 1161; x_wconf 89' lang='lat'><strong>:</strong></span> <span class='ocrx_word' id='word_1_551' title='bbox 3003 1110 3199 1178; x_wconf 90' lang='lat' dir='ltr'><strong>quippe</strong></span> <span class='ocrx_word' id='word_1_552' title='bbox 3222 1107 3378 1161; x_wconf 86' lang='lat' dir='ltr'><strong>Jesus</strong></span> <span class='ocrx_word' id='word_1_553' title='bbox 3396 1106 3534 1172; x_wconf 89' lang='lat' dir='ltr'><strong>ipse,</strong></span> 
     </span>
    </p>
   </div>
   <div class='ocr_carea' id='block_1_71' title="bbox 1941 1198 3525 1271">
    <p class='ocr_par' dir='ltr' id='par_1_71' title="bbox 1941 1198 3525 1271">
     <span class='ocr_line' id='line_1_71' title="bbox 1941 1198 3525 1271; baseline -0.004 -17"><span class='ocrx_word' id='word_1_554' title='bbox 1941 1202 2029 1270; x_wconf 90' lang='lat' dir='ltr'><strong>qui</strong></span> <span class='ocrx_word' id='word_1_555' title='bbox 2062 1200 2254 1255; x_wconf 92' lang='lat' dir='ltr'><strong>furtum</strong></span> <span class='ocrx_word' id='word_1_556' title='bbox 2280 1212 2608 1271; x_wconf 87' lang='lat' dir='ltr'><strong>passuserat,</strong></span> <span class='ocrx_word' id='word_1_557' title='bbox 2627 1203 2987 1256; x_wconf 87' lang='lat' dir='ltr'><strong>mulierculam</strong></span> <span class='ocrx_word' id='word_1_558' title='bbox 3005 1200 3341 1255; x_wconf 89' lang='lat' dir='ltr'><strong>collaudavit.</strong></span> <span class='ocrx_word' id='word_1_559' title='bbox 3367 1198 3525 1251; x_wconf 86' lang='lat' dir='ltr'><strong>Lecta</strong></span> 
     </span>
    </p>
   </div>
   <div class='ocr_carea' id='block_1_72' title="bbox 1940 1287 3522 1361">
    <p class='ocr_par' dir='ltr' id='par_1_72' title="bbox 1940 1287 3522 1361">
     <span class='ocr_line' id='line_1_72' title="bbox 1940 1287 3522 1361; baseline -0.003 -17"><span class='ocrx_word' id='word_1_560' title='bbox 1940 1300 2065 1345; x_wconf 85' lang='lat' dir='ltr'><strong>sunt</strong></span> <span class='ocrx_word' id='word_1_561' title='bbox 2104 1292 2261 1345; x_wconf 86' lang='lat' dir='ltr'><strong>etiam</strong></span> <span class='ocrx_word' id='word_1_562' title='bbox 2307 1293 2549 1361; x_wconf 86' lang='lat' dir='ltr'><strong>stigmata</strong></span> <span class='ocrx_word' id='word_1_563' title='bbox 2587 1293 2755 1358; x_wconf 86' lang='lat' dir='ltr'><strong>Pauli,</strong></span> <span class='ocrx_word' id='word_1_564' title='bbox 2797 1292 3051 1357; x_wconf 89' lang='lat' dir='ltr'><strong>vulnera,</strong></span> <span class='ocrx_word' id='word_1_565' title='bbox 3100 1304 3376 1350; x_wconf 86' lang='lat' dir='ltr'><strong>carceres,</strong></span> <span class='ocrx_word' id='word_1_566' title='bbox 3425 1287 3522 1340; x_wconf 88' lang='lat' dir='ltr'><strong>ab-</strong></span> 
     </span>
    </p>
   </div>
   <div class='ocr_carea' id='block_1_73' title="bbox 1942 1377 3526 1455">
    <p class='ocr_par' dir='ltr' id='par_1_73' title="bbox 1942 1377 3526 1455">
     <span class='ocr_line' id='line_1_73' title="bbox 1942 1377 3526 1455; baseline -0.003 -16"><span class='ocrx_word' id='word_1_567' title='bbox 1942 1384 2220 1441; x_wconf 89' lang='lat' dir='ltr'><strong>ductiones</strong></span> <span class='ocrx_word' id='word_1_568' title='bbox 2250 1386 2549 1454; x_wconf 81' lang='lat' dir='ltr'><strong>adjudieia,</strong></span> <span class='ocrx_word' id='word_1_569' title='bbox 2579 1386 2871 1455; x_wconf 84' lang='lat' dir='ltr'><strong>naufragia,</strong></span> <span class='ocrx_word' id='word_1_570' title='bbox 2914 1384 3145 1447; x_wconf 80' lang='lat' dir='ltr'><strong>vincula,</strong></span> <span class='ocrx_word' id='word_1_571' title='bbox 3188 1391 3413 1446; x_wconf 70' lang='lat' dir='ltr'><strong>calente,</strong></span> <span class='ocrx_word' id='word_1_572' title='bbox 3448 1377 3526 1431; x_wconf 84' lang='lat' dir='ltr'><strong>iu-</strong></span> 
     </span>
    </p>
   </div>
   <div class='ocr_carea' id='block_1_74' title="bbox 1943 1474 3527 1546">
    <p class='ocr_par' dir='ltr' id='par_1_74' title="bbox 1943 1474 3527 1546">
     <span class='ocr_line' id='line_1_74' title="bbox 1943 1474 3527 1546; baseline -0.004 -16"><span class='ocrx_word' id='word_1_573' title='bbox 1943 1477 2089 1531; x_wconf 81' lang='lat' dir='ltr'><strong>sidiae</strong></span> <span class='ocrx_word' id='word_1_574' title='bbox 2124 1477 2346 1532; x_wconf 81' lang='lat' dir='ltr'><strong>diversa:</strong></span> <span class='ocrx_word' id='word_1_575' title='bbox 2375 1493 2437 1532; x_wconf 89' lang='lat' dir='ltr'><strong>ac</strong></span> <span class='ocrx_word' id='word_1_576' title='bbox 2459 1478 2722 1531; x_wconf 74' lang='lat' dir='ltr'><strong>continua:</strong></span> <span class='ocrx_word' id='word_1_577' title='bbox 2747 1518 2761 1540; x_wconf 91' lang='lat'><strong>,</strong></span> <span class='ocrx_word' id='word_1_578' title='bbox 2795 1476 3115 1546; x_wconf 71' lang='lat' dir='ltr'><strong>quotidiana:</strong></span> <span class='ocrx_word' id='word_1_579' title='bbox 3173 1482 3397 1535; x_wconf 89' lang='lat' dir='ltr'><strong>mortes,</strong></span> <span class='ocrx_word' id='word_1_580' title='bbox 3446 1474 3527 1525; x_wconf 85' lang='lat' dir='ltr'><strong>ta-</strong></span> 
     </span>
    </p>
   </div>
   <div class='ocr_carea' id='block_1_75' title="bbox 1943 1561 3526 1637">
    <p class='ocr_par' dir='ltr' id='par_1_75' title="bbox 1943 1561 3526 1637">
     <span class='ocr_line' id='line_1_75' title="bbox 1943 1561 3526 1637; baseline -0.005 -15"><span class='ocrx_word' id='word_1_581' title='bbox 1943 1584 2090 1633; x_wconf 89' lang='lat' dir='ltr'><strong>mes,</strong></span> <span class='ocrx_word' id='word_1_582' title='bbox 2138 1570 2520 1634; x_wconf 87' lang='lat' dir='ltr'><strong>sitis,nuditas,</strong></span> <span class='ocrx_word' id='word_1_583' title='bbox 2562 1569 2812 1623; x_wconf 91' lang='lat' dir='ltr'><strong>instantia</strong></span> <span class='ocrx_word' id='word_1_584' title='bbox 2869 1566 3192 1637; x_wconf 88' lang='lat' dir='ltr'><strong>quotidiana.</strong></span> <span class='ocrx_word' id='word_1_585' title='bbox 3234 1562 3339 1619; x_wconf 90' lang='lat' dir='ltr'><strong>Sed</strong></span> <span class='ocrx_word' id='word_1_586' title='bbox 3400 1561 3526 1631; x_wconf 83' lang='lat' dir='ltr'><strong>quid</strong></span> 
     </span>
    </p>
   </div>
   <div class='ocr_carea' id='block_1_76' title="bbox 1943 1653 3529 1730">
    <p class='ocr_par' dir='ltr' id='par_1_76' title="bbox 1943 1653 3529 1730">
     <span class='ocr_line' id='line_1_76' title="bbox 1943 1653 3529 1730; baseline -0.006 -18"><span class='ocrx_word' id='word_1_587' title='bbox 1943 1658 2167 1713; x_wconf 81' lang='lat' dir='ltr'><strong>faciam?</strong></span> <span class='ocrx_word' id='word_1_588' title='bbox 2192 1660 2379 1730; x_wconf 86' lang='lat' dir='ltr'><strong>Magno</strong></span> <span class='ocrx_word' id='word_1_589' title='bbox 2415 1675 2534 1714; x_wconf 91' lang='lat' dir='ltr'><strong>cum</strong></span> <span class='ocrx_word' id='word_1_590' title='bbox 2559 1660 2759 1728; x_wconf 91' lang='lat' dir='ltr'><strong>impetu</strong></span> <span class='ocrx_word' id='word_1_591' title='bbox 2786 1673 2872 1712; x_wconf 93' lang='lat' dir='ltr'><strong>me</strong></span> <span class='ocrx_word' id='word_1_592' title='bbox 2900 1657 3199 1726; x_wconf 90' lang='lat' dir='ltr'><strong>proripiens</strong></span> <span class='ocrx_word' id='word_1_593' title='bbox 3227 1653 3353 1707; x_wconf 92' lang='lat' dir='ltr'><strong>hinc</strong></span> <span class='ocrx_word' id='word_1_594' title='bbox 3377 1655 3529 1704; x_wconf 86' lang='lat' dir='ltr'><strong>aulu-</strong></span> 
     </span>
    </p>
   </div>
   <div class='ocr_carea' id='block_1_77' title="bbox 1942 1746 3527 1823">
    <p class='ocr_par' dir='ltr' id='par_1_77' title="bbox 1942 1746 3527 1823">
     <span class='ocr_line' id='line_1_77' title="bbox 1942 1746 3527 1823; baseline -0.005 -19"><span class='ocrx_word' id='word_1_595' title='bbox 1942 1754 2081 1823; x_wconf 86' lang='lat' dir='ltr'><strong>giam</strong></span> <span class='ocrx_word' id='word_1_596' title='bbox 2105 1767 2323 1807; x_wconf 88' lang='lat' dir='ltr'><strong>necesse</strong></span> <span class='ocrx_word' id='word_1_597' title='bbox 2343 1762 2444 1817; x_wconf 86' lang='lat' dir='ltr'><strong>est,</strong></span> <span class='ocrx_word' id='word_1_598' title='bbox 2470 1767 2535 1805; x_wconf 89' lang='lat' dir='ltr'><strong>ne</strong></span> <span class='ocrx_word' id='word_1_599' title='bbox 2549 1766 2733 1805; x_wconf 88' lang='lat' dir='ltr'><strong>rursus</strong></span> <span class='ocrx_word' id='word_1_600' title='bbox 2756 1765 2853 1803; x_wconf 87' lang='lat' dir='ltr'><strong>nos</strong></span> <span class='ocrx_word' id='word_1_601' title='bbox 2875 1749 3118 1803; x_wconf 88' lang='lat' dir='ltr'><strong>detinens</strong></span> <span class='ocrx_word' id='word_1_602' title='bbox 3140 1746 3333 1801; x_wconf 87' lang='lat' dir='ltr'><strong>Paulus</strong></span> <span class='ocrx_word' id='word_1_603' title='bbox 3350 1759 3379 1798; x_wconf 90' lang='lat' dir='ltr'><strong>a</strong></span> <span class='ocrx_word' id='word_1_604' title='bbox 3400 1759 3527 1812; x_wconf 83' lang='lat' dir='ltr'><strong>pro-</strong></span> 
     </span>
    </p>
   </div>
   <div class='ocr_carea' id='block_1_78' title="bbox 1942 1838 3527 1915">
    <p class='ocr_par' dir='ltr' id='par_1_78' title="bbox 1942 1838 3527 1915">
     <span class='ocr_line' id='line_1_78' title="bbox 1942 1838 3527 1915; baseline -0.005 -22"><span class='ocrx_word' id='word_1_605' title='bbox 1942 1844 2117 1915; x_wconf 84' lang='lat' dir='ltr'><strong>posito</strong></span> <span class='ocrx_word' id='word_1_606' title='bbox 2139 1851 2451 1911; x_wconf 88' lang='lat' dir='ltr'><strong>argumento</strong></span> <span class='ocrx_word' id='word_1_607' title='bbox 2471 1841 2717 1895; x_wconf 90' lang='lat' dir='ltr'><strong>abducat.</strong></span> <span class='ocrx_word' id='word_1_608' title='bbox 2740 1839 2869 1894; x_wconf 85' lang='lat' dir='ltr'><strong>Nam</strong></span> <span class='ocrx_word' id='word_1_609' title='bbox 2889 1850 2945 1892; x_wconf 93' lang='lat' dir='ltr'><strong>ut</strong></span> <span class='ocrx_word' id='word_1_610' title='bbox 2964 1838 3131 1901; x_wconf 86' lang='lat' dir='ltr'><strong>scitis,</strong></span> <span class='ocrx_word' id='word_1_611' title='bbox 3153 1847 3527 1905; x_wconf 68' lang='lat' dir='ltr'><strong>smpenumero</strong></span> 
     </span>
    </p>
   </div>
   <div class='ocr_carea' id='block_1_79' title="bbox 1943 1923 3529 1988">
    <p class='ocr_par' dir='ltr' id='par_1_79' title="bbox 1943 1923 3529 1988">
     <span class='ocr_line' id='line_1_79' title="bbox 1943 1923 3529 1988; baseline -0.007 -1"><span class='ocrx_word' id='word_1_612' title='bbox 1943 1934 2069 1988; x_wconf 89' lang='lat' dir='ltr'><strong>alibi</strong></span> <span class='ocrx_word' id='word_1_613' title='bbox 2101 1948 2186 1987; x_wconf 91' lang='lat' dir='ltr'><strong>me</strong></span> <span class='ocrx_word' id='word_1_614' title='bbox 2206 1932 2538 1988; x_wconf 89' lang='lat' dir='ltr'><strong>incedentem</strong></span> <span class='ocrx_word' id='word_1_615' title='bbox 2560 1942 2614 1986; x_wconf 92' lang='lat' dir='ltr'><strong>et</strong></span> <span class='ocrx_word' id='word_1_616' title='bbox 2634 1946 2946 1986; x_wconf 92' lang='lat' dir='ltr'><strong>conversum</strong></span> <span class='ocrx_word' id='word_1_617' title='bbox 2969 1942 3257 1983; x_wconf 89' lang='lat' dir='ltr'><strong>occurrens</strong></span> <span class='ocrx_word' id='word_1_618' title='bbox 3277 1927 3328 1980; x_wconf 92' lang='lat' dir='ltr'><strong>in</strong></span> <span class='ocrx_word' id='word_1_619' title='bbox 3352 1923 3529 1979; x_wconf 91' lang='lat' dir='ltr'><strong>medio</strong></span> 
     </span>
    </p>
   </div>
   <div class='ocr_carea' id='block_1_80' title="bbox 1944 2016 3529 2090">
    <p class='ocr_par' dir='ltr' id='par_1_80' title="bbox 1944 2016 3529 2090">
     <span class='ocr_line' id='line_1_80' title="bbox 1944 2016 3529 2090; baseline -0.008 -12"><span class='ocrx_word' id='word_1_620' title='bbox 1944 2037 2191 2078; x_wconf 91' lang='lat' dir='ltr'><strong>sermone</strong></span> <span class='ocrx_word' id='word_1_621' title='bbox 2223 2022 2470 2087; x_wconf 89' lang='lat' dir='ltr'><strong>detinuit,</strong></span> <span class='ocrx_word' id='word_1_622' title='bbox 2489 2032 2542 2076; x_wconf 92' lang='lat' dir='ltr'><strong>et</strong></span> <span class='ocrx_word' id='word_1_623' title='bbox 2568 2021 2638 2075; x_wconf 88' lang='lat' dir='ltr'><strong>ita</strong></span> <span class='ocrx_word' id='word_1_624' title='bbox 2670 2021 2829 2090; x_wconf 92' lang='lat' dir='ltr'><strong>cepit,</strong></span> <span class='ocrx_word' id='word_1_625' title='bbox 2848 2019 2978 2073; x_wconf 90' lang='lat' dir='ltr'><strong>utin</strong></span> <span class='ocrx_word' id='word_1_626' title='bbox 3001 2019 3116 2086; x_wconf 88' lang='lat' dir='ltr'><strong>ipso</strong></span> <span class='ocrx_word' id='word_1_627' title='bbox 3145 2016 3296 2069; x_wconf 89' lang='lat' dir='ltr'><strong>linire</strong></span> <span class='ocrx_word' id='word_1_628' title='bbox 3322 2026 3529 2067; x_wconf 82' lang='lat' dir='ltr'><strong>sermo-</strong></span> 
     </span>
    </p>
   </div>
   <div class='ocr_carea' id='block_1_81' title="bbox 1944 2104 3530 2183">
    <p class='ocr_par' dir='ltr' id='par_1_81' title="bbox 1944 2104 3530 2183">
     <span class='ocr_line' id='line_1_81' title="bbox 1944 2104 3530 2183; baseline -0.008 -13"><span class='ocrx_word' id='word_1_629' title='bbox 1944 2133 2064 2171; x_wconf 89' lang='lat' dir='ltr'><strong>nem</strong></span> <span class='ocrx_word' id='word_1_630' title='bbox 2096 2116 2362 2170; x_wconf 90' lang='lat' dir='ltr'><strong>suaderet.</strong></span> <span class='ocrx_word' id='word_1_631' title='bbox 2390 2114 2466 2169; x_wconf 80' lang='lat' dir='ltr'><strong>Ne</strong></span> <span class='ocrx_word' id='word_1_632' title='bbox 2492 2112 2650 2183; x_wconf 89' lang='lat' dir='ltr'><strong>igitur</strong></span> <span class='ocrx_word' id='word_1_633' title='bbox 2680 2112 2731 2167; x_wconf 91' lang='lat' dir='ltr'><strong>id</strong></span> <span class='ocrx_word' id='word_1_634' title='bbox 2762 2112 2920 2166; x_wconf 91' lang='lat' dir='ltr'><strong>hodie</strong></span> <span class='ocrx_word' id='word_1_635' title='bbox 2953 2124 3164 2180; x_wconf 90' lang='lat' dir='ltr'><strong>quoque</strong></span> <span class='ocrx_word' id='word_1_636' title='bbox 3208 2106 3363 2161; x_wconf 87' lang='lat' dir='ltr'><strong>nobis</strong></span> <span class='ocrx_word' id='word_1_637' title='bbox 3391 2104 3530 2159; x_wconf 85' lang='lat' dir='ltr'><strong>acci-</strong></span> 
     </span>
    </p>
   </div>
   <div class='ocr_carea' id='block_1_82' title="bbox 1944 2193 3529 2278">
    <p class='ocr_par' dir='ltr' id='par_1_82' title="bbox 1944 2193 3529 2278">
     <span class='ocr_line' id='line_1_82' title="bbox 1944 2193 3529 2278; baseline -0.011 -15"><span class='ocrx_word' id='word_1_638' title='bbox 1944 2209 2055 2275; x_wconf 84' lang='lat' dir='ltr'><strong>dat,</strong></span> <span class='ocrx_word' id='word_1_639' title='bbox 2088 2216 2355 2278; x_wconf 88' lang='lat' dir='ltr'><strong>tamquam</strong></span> <span class='ocrx_word' id='word_1_640' title='bbox 2387 2205 2647 2260; x_wconf 88' lang='lat' dir='ltr'><strong>violenter</strong></span> <span class='ocrx_word' id='word_1_641' title='bbox 2690 2204 2886 2272; x_wconf 81' lang='lat' dir='ltr'><strong>injecto</strong></span> <span class='ocrx_word' id='word_1_642' title='bbox 2931 2200 3082 2255; x_wconf 91' lang='lat' dir='ltr'><strong>freno</strong></span> <span class='ocrx_word' id='word_1_643' title='bbox 3127 2199 3248 2252; x_wconf 91' lang='lat' dir='ltr'><strong>illuc</strong></span> <span class='ocrx_word' id='word_1_644' title='bbox 3294 2193 3529 2250; x_wconf 87' lang='lat' dir='ltr'><strong>tendenti</strong></span> 
     </span>
    </p>
   </div>
   <div class='ocr_carea' id='block_1_83' title="bbox 1945 2286 3527 2364">
    <p class='ocr_par' dir='ltr' id='par_1_83' title="bbox 1945 2286 3527 2364">
     <span class='ocr_line' id='line_1_83' title="bbox 1945 2286 3527 2364; baseline -0.012 -9"><span class='ocrx_word' id='word_1_645' title='bbox 1945 2299 2194 2364; x_wconf 91' lang='lat' dir='ltr'><strong>orationi,</strong></span> <span class='ocrx_word' id='word_1_646' title='bbox 2228 2298 2304 2351; x_wconf 93' lang='lat' dir='ltr'><strong>sic</strong></span> <span class='ocrx_word' id='word_1_647' title='bbox 2354 2296 2496 2350; x_wconf 90' lang='lat' dir='ltr'><strong>illam</strong></span> <span class='ocrx_word' id='word_1_648' title='bbox 2537 2294 2809 2349; x_wconf 90' lang='lat' dir='ltr'><strong>trahamus</strong></span> <span class='ocrx_word' id='word_1_649' title='bbox 2839 2301 2892 2345; x_wconf 89' lang='lat' dir='ltr'><strong>et</strong></span> <span class='ocrx_word' id='word_1_650' title='bbox 2918 2290 2985 2345; x_wconf 86' lang='lat' dir='ltr'><strong>ad</strong></span> <span class='ocrx_word' id='word_1_651' title='bbox 3009 2290 3112 2343; x_wconf 87' lang='lat' dir='ltr'><strong>hoc</strong></span> <span class='ocrx_word' id='word_1_652' title='bbox 3150 2286 3350 2342; x_wconf 91' lang='lat' dir='ltr'><strong>dictum</strong></span> <span class='ocrx_word' id='word_1_653' title='bbox 3401 2299 3527 2354; x_wconf 88' lang='lat' dir='ltr'><strong>pro—</strong></span> 
     </span>
    </p>
   </div>
   <div class='ocr_carea' id='block_1_84' title="bbox 1946 2374 3531 2461">
    <p class='ocr_par' dir='ltr' id='par_1_84' title="bbox 1946 2374 3531 2461">
     <span class='ocr_line' id='line_1_84' title="bbox 1946 2374 3531 2461; baseline -0.01 -18"><span class='ocrx_word' id='word_1_654' title='bbox 1946 2391 2214 2461; x_wconf 90' lang='lat' dir='ltr'><strong>pheticum</strong></span> <span class='ocrx_word' id='word_1_655' title='bbox 2244 2388 2579 2443; x_wconf 89' lang='lat' dir='ltr'><strong>reducamus.</strong></span> <span class='ocrx_word' id='word_1_656' title='bbox 2611 2384 2887 2453; x_wconf 88' lang='lat' dir='ltr'><strong>Quodnam</strong></span> <span class='ocrx_word' id='word_1_657' title='bbox 2924 2382 3083 2451; x_wconf 87' lang='lat' dir='ltr'><strong>igitur</strong></span> <span class='ocrx_word' id='word_1_658' title='bbox 3108 2378 3234 2432; x_wconf 92' lang='lat' dir='ltr'><strong>illud</strong></span> <span class='ocrx_word' id='word_1_659' title='bbox 3268 2378 3389 2431; x_wconf 90' lang='lat' dir='ltr'><strong>est?</strong></span> <span class='ocrx_word' id='word_1_660' title='bbox 3418 2374 3531 2445; x_wconf 88' lang='lat' dir='ltr'><strong>Ego</strong></span> 
     </span>
    </p>
   </div>
   <div class='ocr_carea' id='block_1_85' title="bbox 1949 2474 3534 2551">
    <p class='ocr_par' dir='ltr' id='par_1_85' title="bbox 1949 2474 3534 2551">
     <span class='ocr_line' id='line_1_85' title="bbox 1949 2474 3534 2551; baseline -0.011 -15"><span class='ocrx_word' id='word_1_661' title='bbox 1949 2482 2215 2542; x_wconf 84' lang='lat' dir='ltr'><strong>Dominus,</strong></span> <span class='ocrx_word' id='word_1_662' title='bbox 2244 2482 2429 2551; x_wconf 87' lang='lat' dir='ltr'><strong>inquit,</strong></span> <span class='ocrx_word' id='word_1_663' title='bbox 2460 2478 2548 2548; x_wconf 85' lang='lat' dir='ltr'><strong>qui</strong></span> <span class='ocrx_word' id='word_1_664' title='bbox 2571 2478 2669 2548; x_wconf 76' lang='lat' dir='ltr'><strong>feci</strong></span> <span class='ocrx_word' id='word_1_665' title='bbox 2690 2476 2852 2530; x_wconf 86' lang='lat' dir='ltr'><strong>lucem</strong></span> <span class='ocrx_word' id='word_1_666' title='bbox 2877 2487 2923 2528; x_wconf 90' lang='lat' dir='ltr'><strong>et</strong></span> <span class='ocrx_word' id='word_1_667' title='bbox 2951 2474 3195 2537; x_wconf 76' lang='lat' dir='ltr'><strong>tenebras,</strong></span> <span class='ocrx_word' id='word_1_668' title='bbox 3230 2474 3420 2540; x_wconf 77' lang='lat' dir='ltr'><strong>faciens</strong></span> <span class='ocrx_word' id='word_1_669' title='bbox 3441 2486 3534 2537; x_wconf 83' lang='lat' dir='ltr'><strong>pa-</strong></span> 
     </span>
    </p>
   </div>
   <div class='ocr_carea' id='block_1_86' title="bbox 1947 2564 3533 2639">
    <p class='ocr_par' dir='ltr' id='par_1_86' title="bbox 1947 2564 3533 2639">
     <span class='ocr_line' id='line_1_86' title="bbox 1947 2564 3533 2639; baseline -0.008 -12"><span class='ocrx_word' id='word_1_670' title='bbox 1947 2590 2071 2638; x_wconf 87' lang='lat' dir='ltr'><strong>cem,</strong></span> <span class='ocrx_word' id='word_1_671' title='bbox 2101 2582 2150 2627; x_wconf 88' lang='lat' dir='ltr'><strong>et</strong></span> <span class='ocrx_word' id='word_1_672' title='bbox 2179 2588 2353 2626; x_wconf 84' lang='lat' dir='ltr'><strong>creans</strong></span> <span class='ocrx_word' id='word_1_673' title='bbox 2382 2571 2518 2624; x_wconf 85' lang='lat' dir='ltr'><strong>mala</strong></span> <span class='ocrx_word' id='word_1_674' title='bbox 2547 2568 2700 2639; x_wconf 82' lang='lat' dir='ltr'><strong>(Isai.</strong></span> <span class='ocrx_word' id='word_1_675' title='bbox 2732 2569 2822 2622; x_wconf 70' lang='grc'><strong>45.</strong></span> <span class='ocrx_word' id='word_1_676' title='bbox 2852 2567 2932 2637; x_wconf 85' lang='lat'><strong>7).</strong></span> <span class='ocrx_word' id='word_1_677' title='bbox 2970 2564 3169 2619; x_wconf 81' lang='lat' dir='ltr'><strong>Videtis</strong></span> <span class='ocrx_word' id='word_1_678' title='bbox 3195 2577 3300 2617; x_wconf 91' lang='lat' dir='ltr'><strong>non</strong></span> <span class='ocrx_word' id='word_1_679' title='bbox 3331 2572 3533 2615; x_wconf 89' lang='lat' dir='ltr'><strong>temere</strong></span> 
     </span>
    </p>
   </div>
   <div class='ocr_carea' id='block_1_87' title="bbox 1948 2656 3538 2734">
    <p class='ocr_par' dir='ltr' id='par_1_87' title="bbox 1948 2656 3538 2734">
     <span class='ocr_line' id='line_1_87' title="bbox 1948 2656 3538 2734; baseline -0.009 -15"><span class='ocrx_word' id='word_1_680' title='bbox 1948 2680 2117 2734; x_wconf 87' lang='lat' dir='ltr'><strong>neque</strong></span> <span class='ocrx_word' id='word_1_681' title='bbox 2135 2664 2326 2717; x_wconf 88' lang='lat' dir='ltr'><strong>frustra</strong></span> <span class='ocrx_word' id='word_1_682' title='bbox 2344 2676 2442 2716; x_wconf 90' lang='lat' dir='ltr'><strong>nos</strong></span> <span class='ocrx_word' id='word_1_683' title='bbox 2457 2661 2524 2715; x_wconf 91' lang='lat' dir='ltr'><strong>ad</strong></span> <span class='ocrx_word' id='word_1_684' title='bbox 2541 2661 2679 2714; x_wconf 90' lang='lat' dir='ltr'><strong>hunc</strong></span> <span class='ocrx_word' id='word_1_685' title='bbox 2699 2661 2873 2713; x_wconf 82' lang='lat' dir='ltr'><strong>locum</strong></span> <span class='ocrx_word' id='word_1_686' title='bbox 2893 2656 3185 2710; x_wconf 82' lang='lat' dir='ltr'><strong>inStituisse</strong></span> <span class='ocrx_word' id='word_1_687' title='bbox 3196 2668 3433 2715; x_wconf 88' lang='lat' dir='ltr'><strong>cursum,</strong></span> <span class='ocrx_word' id='word_1_688' title='bbox 3450 2667 3538 2705; x_wconf 87' lang='lat' dir='ltr'><strong>ve-</strong></span> 
     </span>
    </p>
   </div>
   <div class='ocr_carea' id='block_1_88' title="bbox 1948 2740 3533 2821">
    <p class='ocr_par' dir='ltr' id='par_1_88' title="bbox 1948 2740 3533 2821">
     <span class='ocr_line' id='line_1_88' title="bbox 1948 2740 3533 2821; baseline -0.011 -12"><span class='ocrx_word' id='word_1_689' title='bbox 1948 2771 2067 2809; x_wconf 90' lang='lat' dir='ltr'><strong>rum</strong></span> <span class='ocrx_word' id='word_1_690' title='bbox 2111 2754 2356 2809; x_wconf 88' lang='lat' dir='ltr'><strong>omnibus</strong></span> <span class='ocrx_word' id='word_1_691' title='bbox 2396 2749 2767 2821; x_wconf 61' lang='lat' dir='ltr'><strong>praitermissis</strong></span> <span class='ocrx_word' id='word_1_692' title='bbox 2796 2746 2902 2800; x_wconf 90' lang='lat' dir='ltr'><strong>huc</strong></span> <span class='ocrx_word' id='word_1_693' title='bbox 2930 2742 3209 2815; x_wconf 87' lang='lat' dir='ltr'><strong>pervenire</strong></span> <span class='ocrx_word' id='word_1_694' title='bbox 3228 2740 3533 2796; x_wconf 86' lang='lat' dir='ltr'><strong>studuisse?</strong></span> 
     </span>
    </p>
   </div>
   <div class='ocr_carea' id='block_1_89' title="bbox 1950 2831 3531 2915">
    <p class='ocr_par' dir='ltr' id='par_1_89' title="bbox 1950 2831 3531 2915">
     <span class='ocr_line' id='line_1_89' title="bbox 1950 2831 3531 2915; baseline -0.009 -16"><span class='ocrx_word' id='word_1_695' title='bbox 1950 2846 2133 2915; x_wconf 76' lang='lat' dir='ltr'><strong>Neque</strong></span> <span class='ocrx_word' id='word_1_696' title='bbox 2156 2844 2299 2899; x_wconf 91' lang='lat' dir='ltr'><strong>enim</strong></span> <span class='ocrx_word' id='word_1_697' title='bbox 2329 2842 2651 2898; x_wconf 90' lang='lat' dir='ltr'><strong>mediocrem</strong></span> <span class='ocrx_word' id='word_1_698' title='bbox 2682 2840 2731 2894; x_wconf 91' lang='lat' dir='ltr'><strong>ei</strong></span> <span class='ocrx_word' id='word_1_699' title='bbox 2755 2838 2846 2907; x_wconf 90' lang='lat' dir='ltr'><strong>qui</strong></span> <span class='ocrx_word' id='word_1_700' title='bbox 2868 2838 3047 2891; x_wconf 87' lang='lat' dir='ltr'><strong>minus</strong></span> <span class='ocrx_word' id='word_1_701' title='bbox 3081 2841 3317 2890; x_wconf 88' lang='lat' dir='ltr'><strong>attentus</strong></span> <span class='ocrx_word' id='word_1_702' title='bbox 3352 2831 3531 2897; x_wconf 90' lang='lat' dir='ltr'><strong>fuerit,</strong></span> 
     </span>
    </p>
   </div>
   <div class='ocr_carea' id='block_1_90' title="bbox 1951 2920 3531 3008">
    <p class='ocr_par' dir='ltr' id='par_1_90' title="bbox 1951 2920 3531 3008">
     <span class='ocr_line' id='line_1_90' title="bbox 1951 2920 3531 3008; baseline -0.011 -15"><span class='ocrx_word' id='word_1_703' title='bbox 1951 2937 2399 3008; x_wconf 89' lang='lat' dir='ltr'><strong>perturbationem</strong></span> <span class='ocrx_word' id='word_1_704' title='bbox 2441 2934 2670 2988; x_wconf 82' lang='lat' dir='ltr'><strong>afferunt</strong></span> <span class='ocrx_word' id='word_1_705' title='bbox 2708 2932 2827 2985; x_wconf 88' lang='lat' dir='ltr'><strong>ista.</strong></span> <span class='ocrx_word' id='word_1_706' title='bbox 2859 2926 3215 2996; x_wconf 86' lang='lat' dir='ltr'><strong>Quamobrem</strong></span> <span class='ocrx_word' id='word_1_707' title='bbox 3253 2920 3531 2988; x_wconf 85' lang='lat' dir='ltr'><strong>attendite,</strong></span> 
     </span>
    </p>
   </div>
   <div class='ocr_carea' id='block_1_91' title="bbox 1950 3011 3532 3098">
    <p class='ocr_par' dir='ltr' id='par_1_91' title="bbox 1950 3011 3532 3098">
     <span class='ocr_line' id='line_1_91' title="bbox 1950 3011 3532 3098; baseline -0.011 -17"><span class='ocrx_word' id='word_1_708' title='bbox 1950 3041 2151 3098; x_wconf 63' lang='lat' dir='ltr'><strong>quaeso,</strong></span> <span class='ocrx_word' id='word_1_709' title='bbox 2193 3024 2449 3087; x_wconf 88' lang='lat' dir='ltr'><strong>animum,</strong></span> <span class='ocrx_word' id='word_1_710' title='bbox 2493 3032 2547 3077; x_wconf 92' lang='lat' dir='ltr'><strong>et</strong></span> <span class='ocrx_word' id='word_1_711' title='bbox 2575 3035 2732 3075; x_wconf 88' lang='lat' dir='ltr'><strong>aures</strong></span> <span class='ocrx_word' id='word_1_712' title='bbox 2776 3019 2986 3089; x_wconf 90' lang='lat' dir='ltr'><strong>erigite,</strong></span> <span class='ocrx_word' id='word_1_713' title='bbox 3017 3031 3081 3071; x_wconf 87' lang='lat' dir='ltr'><strong>ac</strong></span> <span class='ocrx_word' id='word_1_714' title='bbox 3117 3012 3359 3070; x_wconf 82' lang='lat' dir='ltr'><strong>saeculari</strong></span> <span class='ocrx_word' id='word_1_715' title='bbox 3388 3011 3532 3065; x_wconf 89' lang='lat' dir='ltr'><strong>omni</strong></span> 
     </span>
    </p>
   </div>
   <div class='ocr_carea' id='block_1_92' title="bbox 1952 3106 3535 3190">
    <p class='ocr_par' dir='ltr' id='par_1_92' title="bbox 1952 3106 3535 3190">
     <span class='ocr_line' id='line_1_92' title="bbox 1952 3106 3535 3190; baseline -0.012 -14"><span class='ocrx_word' id='word_1_716' title='bbox 1952 3122 2147 3190; x_wconf 78' lang='lat' dir='ltr'><strong>rejects</strong></span> <span class='ocrx_word' id='word_1_717' title='bbox 2188 3116 2576 3183; x_wconf 89' lang='lat' dir='ltr'><strong>sollicitudine,</strong></span> <span class='ocrx_word' id='word_1_718' title='bbox 2611 3130 2729 3183; x_wconf 71' lang='lat' dir='ltr'><strong>qua:</strong></span> <span class='ocrx_word' id='word_1_719' title='bbox 2775 3113 3023 3167; x_wconf 87' lang='lat' dir='ltr'><strong>dicuntur</strong></span> <span class='ocrx_word' id='word_1_720' title='bbox 3061 3109 3344 3164; x_wconf 87' lang='lat' dir='ltr'><strong>advertite.</strong></span> <span class='ocrx_word' id='word_1_721' title='bbox 3387 3106 3535 3160; x_wconf 81' lang='lat' dir='ltr'><strong>Hanc</strong></span> 
     </span>
    </p>
   </div>
   <div class='ocr_carea' id='block_1_93' title="bbox 1952 3198 3536 3282">
    <p class='ocr_par' dir='ltr' id='par_1_93' title="bbox 1952 3198 3536 3282">
     <span class='ocr_line' id='line_1_93' title="bbox 1952 3198 3536 3282; baseline -0.011 -14"><span class='ocrx_word' id='word_1_722' title='bbox 1952 3214 2090 3269; x_wconf 86' lang='lat' dir='ltr'><strong>enim</strong></span> <span class='ocrx_word' id='word_1_723' title='bbox 2113 3212 2223 3282; x_wconf 89' lang='lat' dir='ltr'><strong>jam</strong></span> <span class='ocrx_word' id='word_1_724' title='bbox 2242 3207 2399 3261; x_wconf 82' lang='lat' dir='ltr'><strong>vobis</strong></span> <span class='ocrx_word' id='word_1_725' title='bbox 2415 3206 2579 3276; x_wconf 88' lang='lat' dir='ltr'><strong>cupio</strong></span> <span class='ocrx_word' id='word_1_726' title='bbox 2613 3204 2915 3261; x_wconf 90' lang='lat' dir='ltr'><strong>mercedem</strong></span> <span class='ocrx_word' id='word_1_727' title='bbox 2944 3203 3110 3257; x_wconf 87' lang='lat' dir='ltr'><strong>vestri</strong></span> <span class='ocrx_word' id='word_1_728' title='bbox 3148 3201 3252 3254; x_wconf 92' lang='lat' dir='ltr'><strong>huc</strong></span> <span class='ocrx_word' id='word_1_729' title='bbox 3276 3198 3536 3252; x_wconf 87' lang='lat' dir='ltr'><strong>adventus</strong></span> 
     </span>
    </p>
   </div>
   <div class='ocr_carea' id='block_1_94' title="bbox 1953 3288 3534 3371">
    <p class='ocr_par' dir='ltr' id='par_1_94' title="bbox 1953 3288 3534 3371">
     <span class='ocr_line' id='line_1_94' title="bbox 1953 3288 3534 3371; baseline -0.012 -13"><span class='ocrx_word' id='word_1_730' title='bbox 1953 3304 2289 3371; x_wconf 89' lang='lat' dir='ltr'><strong>persolvere,</strong></span> <span class='ocrx_word' id='word_1_731' title='bbox 2329 3314 2394 3354; x_wconf 87' lang='lat' dir='ltr'><strong>ac</strong></span> <span class='ocrx_word' id='word_1_732' title='bbox 2437 3297 2796 3367; x_wconf 89' lang='lat' dir='ltr'><strong>spiritualibus</strong></span> <span class='ocrx_word' id='word_1_733' title='bbox 2851 3301 3191 3349; x_wconf 86' lang='lat' dir='ltr'><strong>exsaturatos</strong></span> <span class='ocrx_word' id='word_1_734' title='bbox 3237 3288 3431 3345; x_wconf 91' lang='lat' dir='ltr'><strong>eduliis</strong></span> <span class='ocrx_word' id='word_1_735' title='bbox 3464 3288 3534 3341; x_wconf 88' lang='lat' dir='ltr'><strong>ita</strong></span> 
     </span>
    </p>
   </div>
   <div class='ocr_carea' id='block_1_95' title="bbox 1953 3378 3532 3455">
    <p class='ocr_par' dir='ltr' id='par_1_95' title="bbox 1953 3378 3532 3455">
     <span class='ocr_line' id='line_1_95' title="bbox 1953 3378 3532 3455; baseline -0.011 -8"><span class='ocrx_word' id='word_1_736' title='bbox 1953 3393 2169 3447; x_wconf 91' lang='lat' dir='ltr'><strong>domum</strong></span> <span class='ocrx_word' id='word_1_737' title='bbox 2210 3405 2303 3445; x_wconf 90' lang='lat' dir='ltr'><strong>vos</strong></span> <span class='ocrx_word' id='word_1_738' title='bbox 2332 3390 2621 3451; x_wconf 89' lang='lat' dir='ltr'><strong>remittere,</strong></span> <span class='ocrx_word' id='word_1_739' title='bbox 2653 3397 2706 3440; x_wconf 89' lang='lat' dir='ltr'><strong>ut</strong></span> <span class='ocrx_word' id='word_1_740' title='bbox 2734 3385 2821 3455; x_wconf 91' lang='lat' dir='ltr'><strong>qui</strong></span> <span class='ocrx_word' id='word_1_741' title='bbox 2849 3383 3150 3449; x_wconf 89' lang='lat' dir='ltr'><strong>abfuerunt,</strong></span> <span class='ocrx_word' id='word_1_742' title='bbox 3180 3388 3429 3450; x_wconf 88' lang='lat' dir='ltr'><strong>quantam</strong></span> <span class='ocrx_word' id='word_1_743' title='bbox 3446 3378 3532 3447; x_wconf 86' lang='lat' dir='ltr'><strong>ja-</strong></span> 
     </span>
    </p>
   </div>
   <div class='ocr_carea' id='block_1_96' title="bbox 1955 3471 3535 3546">
    <p class='ocr_par' dir='ltr' id='par_1_96' title="bbox 1955 3471 3535 3546">
     <span class='ocr_line' id='line_1_96' title="bbox 1955 3471 3535 3546; baseline -0.01 -9"><span class='ocrx_word' id='word_1_744' title='bbox 1955 3494 2158 3537; x_wconf 88' lang='lat' dir='ltr'><strong>cturam</strong></span> <span class='ocrx_word' id='word_1_745' title='bbox 2200 3479 2438 3542; x_wconf 80' lang='lat' dir='ltr'><strong>fecerint,</strong></span> <span class='ocrx_word' id='word_1_746' title='bbox 2468 3478 2641 3546; x_wconf 86' lang='lat' dir='ltr'><strong>reipsa</strong></span> <span class='ocrx_word' id='word_1_747' title='bbox 2668 3476 2874 3530; x_wconf 89' lang='lat' dir='ltr'><strong>discant</strong></span> <span class='ocrx_word' id='word_1_748' title='bbox 2902 3491 2915 3527; x_wconf 88' lang='lat'><strong>:</strong></span> <span class='ocrx_word' id='word_1_749' title='bbox 2940 3474 3109 3528; x_wconf 81' lang='lat' dir='ltr'><strong>scient</strong></span> <span class='ocrx_word' id='word_1_750' title='bbox 3136 3481 3313 3525; x_wconf 90' lang='lat' dir='ltr'><strong>autem</strong></span> <span class='ocrx_word' id='word_1_751' title='bbox 3340 3471 3383 3523; x_wconf 85' lang='lat' dir='ltr'><strong>si</strong></span> <span class='ocrx_word' id='word_1_752' title='bbox 3414 3484 3535 3521; x_wconf 88' lang='lat' dir='ltr'><strong>cum</strong></span> 
     </span>
    </p>
   </div>
   <div class='ocr_carea' id='block_1_97' title="bbox 1956 3559 3539 3640">
    <p class='ocr_par' dir='ltr' id='par_1_97' title="bbox 1956 3559 3539 3640">
     <span class='ocr_line' id='line_1_97' title="bbox 1956 3559 3539 3640; baseline -0.01 -13"><span class='ocrx_word' id='word_1_753' title='bbox 1956 3576 2246 3628; x_wconf 90' lang='lat' dir='ltr'><strong>attentione</strong></span> <span class='ocrx_word' id='word_1_754' title='bbox 2287 3586 2407 3640; x_wconf 70' lang='lat' dir='ltr'><strong>qua:</strong></span> <span class='ocrx_word' id='word_1_755' title='bbox 2444 3570 2681 3624; x_wconf 88' lang='lat' dir='ltr'><strong>dicemus</strong></span> <span class='ocrx_word' id='word_1_756' title='bbox 2724 3566 3072 3633; x_wconf 84' lang='lat' dir='ltr'><strong>exceperitis,</strong></span> <span class='ocrx_word' id='word_1_757' title='bbox 3117 3573 3275 3631; x_wconf 89' lang='lat' dir='ltr'><strong>atque</strong></span> <span class='ocrx_word' id='word_1_758' title='bbox 3312 3560 3378 3614; x_wconf 85' lang='lat' dir='ltr'><strong>ad</strong></span> <span class='ocrx_word' id='word_1_759' title='bbox 3417 3559 3539 3613; x_wconf 89' lang='lat' dir='ltr'><strong>illos</strong></span> 
     </span>
    </p>
   </div>
   <div class='ocr_carea' id='block_1_98' title="bbox 1957 3649 3541 3729">
    <p class='ocr_par' dir='ltr' id='par_1_98' title="bbox 1957 3649 3541 3729">
     <span class='ocr_line' id='line_1_98' title="bbox 1957 3649 3541 3729; baseline -0.01 -12"><span class='ocrx_word' id='word_1_760' title='bbox 1957 3662 2314 3717; x_wconf 86' lang='lat' dir='ltr'><strong>transmittere</strong></span> <span class='ocrx_word' id='word_1_761' title='bbox 2355 3658 2650 3729; x_wconf 90' lang='lat' dir='ltr'><strong>potueritis.</strong></span> <span class='ocrx_word' id='word_1_762' title='bbox 2702 3656 2811 3727; x_wconf 89' lang='lat' dir='ltr'><strong>Ego</strong></span> <span class='ocrx_word' id='word_1_763' title='bbox 2853 3654 3101 3708; x_wconf 87' lang='lat' dir='ltr'><strong>Dominus</strong></span> <span class='ocrx_word' id='word_1_764' title='bbox 3141 3652 3298 3716; x_wconf 79' lang='lat' dir='ltr'><strong>Deus,</strong></span> <span class='ocrx_word' id='word_1_765' title='bbox 3327 3650 3415 3720; x_wconf 84' lang='lat' dir='ltr'><strong>qui</strong></span> <span class='ocrx_word' id='word_1_766' title='bbox 3444 3649 3541 3719; x_wconf 79' lang='lat' dir='ltr'><strong>feci</strong></span> 
     </span>
    </p>
   </div>
   <div class='ocr_carea' id='block_1_99' title="bbox 1957 3742 3538 3820">
    <p class='ocr_par' dir='ltr' id='par_1_99' title="bbox 1957 3742 3538 3820">
     <span class='ocr_line' id='line_1_99' title="bbox 1957 3742 3538 3820; baseline -0.009 -12"><span class='ocrx_word' id='word_1_767' title='bbox 1957 3757 2118 3809; x_wconf 86' lang='lat' dir='ltr'><strong>lucem</strong></span> <span class='ocrx_word' id='word_1_768' title='bbox 2145 3764 2191 3807; x_wconf 87' lang='lat' dir='ltr'><strong>et</strong></span> <span class='ocrx_word' id='word_1_769' title='bbox 2216 3752 2461 3815; x_wconf 78' lang='lat' dir='ltr'><strong>tenebras,</strong></span> <span class='ocrx_word' id='word_1_770' title='bbox 2492 3751 2680 3820; x_wconf 76' lang='lat' dir='ltr'><strong>faciens</strong></span> <span class='ocrx_word' id='word_1_771' title='bbox 2708 3764 2904 3819; x_wconf 87' lang='lat' dir='ltr'><strong>pacem,</strong></span> <span class='ocrx_word' id='word_1_772' title='bbox 2927 3757 2973 3800; x_wconf 91' lang='lat' dir='ltr'><strong>et</strong></span> <span class='ocrx_word' id='word_1_773' title='bbox 3000 3763 3177 3800; x_wconf 85' lang='lat' dir='ltr'><strong>creans</strong></span> <span class='ocrx_word' id='word_1_774' title='bbox 3198 3745 3353 3798; x_wconf 85' lang='lat' dir='ltr'><strong>mala.</strong></span> <span class='ocrx_word' id='word_1_775' title='bbox 3386 3742 3538 3797; x_wconf 86' lang='lat' dir='ltr'><strong>Assi-</strong></span> 
     </span>
    </p>
   </div>
   <div class='ocr_carea' id='block_1_100' title="bbox 1956 3833 3540 3909">
    <p class='ocr_par' dir='ltr' id='par_1_100' title="bbox 1956 3833 3540 3909">
     <span class='ocr_line' id='line_1_100' title="bbox 1956 3833 3540 3909; baseline -0.008 -10"><span class='ocrx_word' id='word_1_776' title='bbox 1956 3845 2061 3899; x_wconf 91' lang='lat' dir='ltr'><strong>due</strong></span> <span class='ocrx_word' id='word_1_777' title='bbox 2102 3844 2300 3898; x_wconf 91' lang='lat' dir='ltr'><strong>dictum</strong></span> <span class='ocrx_word' id='word_1_778' title='bbox 2346 3841 2483 3896; x_wconf 91' lang='lat' dir='ltr'><strong>istud</strong></span> <span class='ocrx_word' id='word_1_779' title='bbox 2521 3848 2724 3909; x_wconf 84' lang='lat' dir='ltr'><strong>repeto,</strong></span> <span class='ocrx_word' id='word_1_780' title='bbox 2755 3848 2812 3893; x_wconf 94' lang='lat' dir='ltr'><strong>ut</strong></span> <span class='ocrx_word' id='word_1_781' title='bbox 2836 3838 2889 3892; x_wconf 92' lang='lat' dir='ltr'><strong>in</strong></span> <span class='ocrx_word' id='word_1_782' title='bbox 2918 3839 3107 3892; x_wconf 88' lang='lat' dir='ltr'><strong>vestris</strong></span> <span class='ocrx_word' id='word_1_783' title='bbox 3129 3835 3320 3890; x_wconf 90' lang='lat' dir='ltr'><strong>animis</strong></span> <span class='ocrx_word' id='word_1_784' title='bbox 3342 3833 3540 3902; x_wconf 83' lang='lat' dir='ltr'><strong>deﬁga-</strong></span> 
     </span>
    </p>
   </div>
   <div class='ocr_carea' id='block_1_101' title="bbox 1960 3922 3541 4001">
    <p class='ocr_par' dir='ltr' id='par_1_101' title="bbox 1960 3922 3541 4001">
     <span class='ocr_line' id='line_1_101' title="bbox 1960 3922 3541 4001; baseline -0.009 -13"><span class='ocrx_word' id='word_1_785' title='bbox 1960 3943 2065 4001; x_wconf 87' lang='lat' dir='ltr'><strong>tur,</strong></span> <span class='ocrx_word' id='word_1_786' title='bbox 2093 3949 2155 3987; x_wconf 87' lang='lat' dir='ltr'><strong>ac</strong></span> <span class='ocrx_word' id='word_1_787' title='bbox 2180 3932 2371 3988; x_wconf 90' lang='lat' dir='ltr'><strong>deinde</strong></span> <span class='ocrx_word' id='word_1_788' title='bbox 2405 3932 2599 3985; x_wconf 88' lang='lat' dir='ltr'><strong>solutio</strong></span> <span class='ocrx_word' id='word_1_789' title='bbox 2639 3929 2972 3982; x_wconf 88' lang='lat' dir='ltr'><strong>adhibeatur.</strong></span> <span class='ocrx_word' id='word_1_790' title='bbox 3021 3925 3203 3995; x_wconf 87' lang='lat' dir='ltr'><strong>Neque</strong></span> <span class='ocrx_word' id='word_1_791' title='bbox 3240 3939 3366 3977; x_wconf 93' lang='lat' dir='ltr'><strong>vero</strong></span> <span class='ocrx_word' id='word_1_792' title='bbox 3392 3922 3541 3977; x_wconf 85' lang='lat' dir='ltr'><strong>solus</strong></span> 
     </span>
    </p>
   </div>
   <div class='ocr_carea' id='block_1_102' title="bbox 1961 4014 3540 4090">
    <p class='ocr_par' dir='ltr' id='par_1_102' title="bbox 1961 4014 3540 4090">
     <span class='ocr_line' id='line_1_102' title="bbox 1961 4014 3540 4090; baseline -0.009 -6"><span class='ocrx_word' id='word_1_793' title='bbox 1961 4029 2063 4084; x_wconf 91' lang='lat' dir='ltr'><strong>hoc</strong></span> <span class='ocrx_word' id='word_1_794' title='bbox 2088 4029 2186 4082; x_wconf 89' lang='lat' dir='ltr'><strong>iste</strong></span> <span class='ocrx_word' id='word_1_795' title='bbox 2232 4028 2378 4090; x_wconf 92' lang='lat' dir='ltr'><strong>dicit,</strong></span> <span class='ocrx_word' id='word_1_796' title='bbox 2410 4025 2503 4079; x_wconf 92' lang='lat' dir='ltr'><strong>sed</strong></span> <span class='ocrx_word' id='word_1_797' title='bbox 2539 4036 2591 4078; x_wconf 88' lang='lat' dir='ltr'><strong>et</strong></span> <span class='ocrx_word' id='word_1_798' title='bbox 2615 4022 2749 4075; x_wconf 90' lang='lat' dir='ltr'><strong>alius</strong></span> <span class='ocrx_word' id='word_1_799' title='bbox 2786 4020 3074 4075; x_wconf 90' lang='lat' dir='ltr'><strong>concinens</strong></span> <span class='ocrx_word' id='word_1_800' title='bbox 3114 4018 3239 4072; x_wconf 93' lang='lat' dir='ltr'><strong>huic</strong></span> <span class='ocrx_word' id='word_1_801' title='bbox 3282 4014 3540 4087; x_wconf 86' lang='lat' dir='ltr'><strong>propheta</strong></span> 
     </span>
    </p>
   </div>
   <div class='ocr_carea' id='block_1_103' title="bbox 1959 4107 3544 4179">
    <p class='ocr_par' dir='ltr' id='par_1_103' title="bbox 1959 4107 3544 4179">
     <span class='ocr_line' id='line_1_103' title="bbox 1959 4107 3544 4179; baseline -0.009 -5"><span class='ocrx_word' id='word_1_802' title='bbox 1959 4120 2164 4174; x_wconf 85' lang='lat' dir='ltr'><strong>dicebat</strong></span> <span class='ocrx_word' id='word_1_803' title='bbox 2186 4136 2199 4172; x_wconf 92' lang='lat'>:</span> <span class='ocrx_word' id='word_1_804' title='bbox 2225 4118 2286 4172; x_wconf 86' lang='lat' dir='ltr'><strong>Si</strong></span> <span class='ocrx_word' id='word_1_805' title='bbox 2306 4127 2374 4172; x_wconf 84' lang='lat' dir='ltr'><strong>est</strong></span> <span class='ocrx_word' id='word_1_806' title='bbox 2400 4117 2593 4170; x_wconf 86' lang='lat' dir='ltr'><strong>malitia</strong></span> <span class='ocrx_word' id='word_1_807' title='bbox 2618 4116 2667 4167; x_wconf 88' lang='lat' dir='ltr'><strong>in</strong></span> <span class='ocrx_word' id='word_1_808' title='bbox 2690 4114 2905 4178; x_wconf 88' lang='lat' dir='ltr'><strong>civitate,</strong></span> <span class='ocrx_word' id='word_1_809' title='bbox 2920 4128 3071 4179; x_wconf 87' lang='lat' dir='ltr'><strong>quam</strong></span> <span class='ocrx_word' id='word_1_810' title='bbox 3093 4127 3192 4164; x_wconf 83' lang='lat' dir='ltr'><strong>non</strong></span> <span class='ocrx_word' id='word_1_811' title='bbox 3221 4110 3338 4179; x_wconf 84' lang='lat' dir='ltr'><strong>fecit</strong></span> <span class='ocrx_word' id='word_1_812' title='bbox 3368 4107 3544 4161; x_wconf 85' lang='lat' dir='ltr'><strong>Domi-</strong></span> 
     </span>
    </p>
   </div>
   <div class='ocr_carea' id='block_1_104' title="bbox 1962 4200 3540 4280">
    <p class='ocr_par' dir='ltr' id='par_1_104' title="bbox 1962 4200 3540 4280">
     <span class='ocr_line' id='line_1_104' title="bbox 1962 4200 3540 4280; baseline -0.008 -15"><span class='ocrx_word' id='word_1_813' title='bbox 1962 4228 2052 4265; x_wconf 89' lang='lat' dir='ltr'><strong>nus</strong></span> <span class='ocrx_word' id='word_1_814' title='bbox 2083 4211 2277 4280; x_wconf 83' lang='lat' dir='ltr'><strong>(Amos</strong></span> <span class='ocrx_word' id='word_1_815' title='bbox 2304 4211 2355 4265; x_wconf 77' lang='lat'><strong>3.</strong></span> <span class='ocrx_word' id='word_1_816' title='bbox 2389 4207 2633 4280; x_wconf 85' lang='lat' dir='ltr'><strong>6)?Quid</strong></span> <span class='ocrx_word' id='word_1_817' title='bbox 2686 4220 2816 4277; x_wconf 89' lang='lat' dir='ltr'><strong>ergo</strong></span> <span class='ocrx_word' id='word_1_818' title='bbox 2862 4205 2961 4259; x_wconf 92' lang='lat' dir='ltr'><strong>sibi</strong></span> <span class='ocrx_word' id='word_1_819' title='bbox 3003 4203 3117 4258; x_wconf 85' lang='lat' dir='ltr'><strong>vult</strong></span> <span class='ocrx_word' id='word_1_820' title='bbox 3158 4201 3299 4272; x_wconf 92' lang='lat' dir='ltr'><strong>quod</strong></span> <span class='ocrx_word' id='word_1_821' title='bbox 3342 4200 3540 4255; x_wconf 90' lang='lat' dir='ltr'><strong>dictum</strong></span> 
     </span>
    </p>
   </div>
   <div class='ocr_carea' id='block_1_105' title="bbox 1962 4291 3541 4365">
    <p class='ocr_par' dir='ltr' id='par_1_105' title="bbox 1962 4291 3541 4365">
     <span class='ocr_line' id='line_1_105' title="bbox 1962 4291 3541 4365; baseline -0.008 -10"><span class='ocrx_word' id='word_1_822' title='bbox 1962 4302 2078 4355; x_wconf 76' lang='lat' dir='ltr'><strong>est?</strong></span> <span class='ocrx_word' id='word_1_823' title='bbox 2108 4300 2275 4357; x_wconf 90' lang='lat' dir='ltr'><strong>Unam</strong></span> <span class='ocrx_word' id='word_1_824' title='bbox 2319 4299 2461 4354; x_wconf 92' lang='lat' dir='ltr'><strong>enim</strong></span> <span class='ocrx_word' id='word_1_825' title='bbox 2504 4298 2749 4352; x_wconf 89' lang='lat' dir='ltr'><strong>omnibus</strong></span> <span class='ocrx_word' id='word_1_826' title='bbox 2793 4304 3005 4365; x_wconf 91' lang='lat' dir='ltr'><strong>oportet</strong></span> <span class='ocrx_word' id='word_1_827' title='bbox 3042 4293 3359 4347; x_wconf 91' lang='lat' dir='ltr'><strong>solutionem</strong></span> <span class='ocrx_word' id='word_1_828' title='bbox 3389 4291 3541 4343; x_wconf 89' lang='lat' dir='ltr'><strong>adhi-</strong></span> 
     </span>
    </p>
   </div>
   <div class='ocr_carea' id='block_1_106' title="bbox 1962 4384 3542 4462">
    <p class='ocr_par' dir='ltr' id='par_1_106' title="bbox 1962 4384 3542 4462">
     <span class='ocr_line' id='line_1_106' title="bbox 1962 4384 3542 4462; baseline -0.009 -14"><span class='ocrx_word' id='word_1_829' title='bbox 1962 4395 2108 4450; x_wconf 89' lang='lat' dir='ltr'><strong>bere.</strong></span> <span class='ocrx_word' id='word_1_830' title='bbox 2155 4393 2408 4460; x_wconf 59' lang='lat' dir='ltr'><strong>Qua&#39;nam</strong></span> <span class='ocrx_word' id='word_1_831' title='bbox 2447 4391 2603 4462; x_wconf 89' lang='lat' dir='ltr'><strong>igitur</strong></span> <span class='ocrx_word' id='word_1_832' title='bbox 2628 4398 2709 4444; x_wconf 88' lang='lat' dir='ltr'><strong>est</strong></span> <span class='ocrx_word' id='word_1_833' title='bbox 2738 4386 2967 4442; x_wconf 79' lang='lat' dir='ltr'><strong>solutio?</strong></span> <span class='ocrx_word' id='word_1_834' title='bbox 3011 4386 3066 4441; x_wconf 91' lang='lat' dir='ltr'><strong>Si</strong></span> <span class='ocrx_word' id='word_1_835' title='bbox 3097 4386 3201 4439; x_wconf 88' lang='lat' dir='ltr'><strong>vim</strong></span> <span class='ocrx_word' id='word_1_836' title='bbox 3250 4384 3542 4439; x_wconf 89' lang='lat' dir='ltr'><strong>dictionum</strong></span> 
     </span>
    </p>
   </div>
   <div class='ocr_carea' id='block_1_107' title="bbox 1966 4477 3543 4545">
    <p class='ocr_par' dir='ltr' id='par_1_107' title="bbox 1966 4477 3543 4545">
     <span class='ocr_line' id='line_1_107' title="bbox 1966 4477 3543 4545; baseline -0.008 -5"><span class='ocrx_word' id='word_1_837' title='bbox 1966 4487 2169 4540; x_wconf 89' lang='lat' dir='ltr'><strong>illarum</strong></span> <span class='ocrx_word' id='word_1_838' title='bbox 2197 4484 2557 4539; x_wconf 89' lang='lat' dir='ltr'><strong>didicerimus.</strong></span> <span class='ocrx_word' id='word_1_839' title='bbox 2575 4480 2771 4536; x_wconf 76' lang='lat' dir='ltr'><strong>Verum</strong></span> <span class='ocrx_word' id='word_1_840' title='bbox 2797 4477 3053 4533; x_wconf 88' lang='lat' dir='ltr'><strong>attendite</strong></span> <span class='ocrx_word' id='word_1_841' title='bbox 3081 4477 3360 4545; x_wconf 77' lang='lat' dir='ltr'><strong>diligenter</strong></span> <span class='ocrx_word' id='word_1_842' title='bbox 3392 4493 3404 4527; x_wconf 93' lang='lat'><strong>:</strong></span> <span class='ocrx_word' id='word_1_843' title='bbox 3439 4490 3543 4528; x_wconf 89' lang='lat' dir='ltr'><strong>non</strong></span> 
     </span>
    </p>
   </div>
   <div class='ocr_carea' id='block_1_108' title="bbox 1966 4564 3545 4631">
    <p class='ocr_par' dir='ltr' id='par_1_108' title="bbox 1966 4564 3545 4631">
     <span class='ocr_line' id='line_1_108' title="bbox 1966 4564 3545 4631; baseline -0.009 0"><span class='ocrx_word' id='word_1_844' title='bbox 1966 4578 2105 4631; x_wconf 90' lang='lat' dir='ltr'><strong>enim</strong></span> <span class='ocrx_word' id='word_1_845' title='bbox 2140 4586 2338 4629; x_wconf 91' lang='lat' dir='ltr'><strong>temere</strong></span> <span class='ocrx_word' id='word_1_846' title='bbox 2365 4588 2463 4627; x_wconf 88' lang='lat' dir='ltr'><strong>nec</strong></span> <span class='ocrx_word' id='word_1_847' title='bbox 2491 4571 2681 4626; x_wconf 88' lang='lat' dir='ltr'><strong>frustra</strong></span> <span class='ocrx_word' id='word_1_848' title='bbox 2707 4584 2801 4623; x_wconf 92' lang='lat' dir='ltr'><strong>vos</strong></span> <span class='ocrx_word' id='word_1_849' title='bbox 2831 4568 2896 4622; x_wconf 86' lang='lat' dir='ltr'><strong>ad</strong></span> <span class='ocrx_word' id='word_1_850' title='bbox 2924 4568 3025 4621; x_wconf 92' lang='lat' dir='ltr'><strong>hoc</strong></span> <span class='ocrx_word' id='word_1_851' title='bbox 3065 4565 3278 4620; x_wconf 89' lang='lat' dir='ltr'><strong>assidue</strong></span> <span class='ocrx_word' id='word_1_852' title='bbox 3302 4564 3545 4619; x_wconf 81' lang='lat' dir='ltr'><strong>cohorta~</strong></span> 
     </span>
    </p>
   </div>
   <div class='ocr_carea' id='block_1_109' title="bbox 1967 4659 3542 4733">
    <p class='ocr_par' dir='ltr' id='par_1_109' title="bbox 1967 4659 3542 4733">
     <span class='ocr_line' id='line_1_109' title="bbox 1967 4659 3542 4733; baseline -0.008 -13"><span class='ocrx_word' id='word_1_853' title='bbox 1967 4683 2107 4733; x_wconf 91' lang='lat' dir='ltr'><strong>mur,</strong></span> <span class='ocrx_word' id='word_1_854' title='bbox 2133 4665 2225 4720; x_wconf 90' lang='lat' dir='ltr'><strong>sed</strong></span> <span class='ocrx_word' id='word_1_855' title='bbox 2252 4664 2501 4733; x_wconf 88' lang='lat' dir='ltr'><strong>quoniam</strong></span> <span class='ocrx_word' id='word_1_856' title='bbox 2534 4662 2643 4730; x_wconf 86' lang='lat' dir='ltr'><strong>jam</strong></span> <span class='ocrx_word' id='word_1_857' title='bbox 2669 4659 2734 4714; x_wconf 91' lang='lat' dir='ltr'><strong>ad</strong></span> <span class='ocrx_word' id='word_1_858' title='bbox 2771 4659 3042 4712; x_wconf 89' lang='lat' dir='ltr'><strong>abstrusas</strong></span> <span class='ocrx_word' id='word_1_859' title='bbox 3088 4671 3386 4727; x_wconf 86' lang='lat' dir='ltr'><strong>gravesque</strong></span> <span class='ocrx_word' id='word_1_860' title='bbox 3416 4672 3542 4710; x_wconf 89' lang='lat' dir='ltr'><strong>sen-</strong></span> 
     </span>
    </p>
   </div>
   <div class='ocr_carea' id='block_1_110' title="bbox 1972 4747 3547 4825">
    <p class='ocr_par' dir='ltr' id='par_1_110' title="bbox 1972 4747 3547 4825">
     <span class='ocr_line' id='line_1_110' title="bbox 1972 4747 3547 4825; baseline -0.006 -14"><span class='ocrx_word' id='word_1_861' title='bbox 1972 4758 2158 4813; x_wconf 85' lang='lat' dir='ltr'><strong>tentias</strong></span> <span class='ocrx_word' id='word_1_862' title='bbox 2190 4756 2407 4825; x_wconf 89' lang='lat' dir='ltr'><strong>gradum</strong></span> <span class='ocrx_word' id='word_1_863' title='bbox 2454 4753 2696 4808; x_wconf 88' lang='lat' dir='ltr'><strong>facimus.</strong></span> <span class='ocrx_word' id='word_1_864' title='bbox 2728 4751 2926 4806; x_wconf 86' lang='lat' dir='ltr'><strong>Rerum</strong></span> <span class='ocrx_word' id='word_1_865' title='bbox 2972 4750 3091 4803; x_wconf 70' lang='lat' dir='ltr'><strong>alite</strong></span> <span class='ocrx_word' id='word_1_866' title='bbox 3130 4748 3343 4819; x_wconf 91' lang='lat' dir='ltr'><strong>quidem</strong></span> <span class='ocrx_word' id='word_1_867' title='bbox 3392 4747 3547 4802; x_wconf 68' lang='lat' dir='ltr'><strong>bona:</strong></span> 
     </span>
    </p>
   </div>
   <div class='ocr_carea' id='block_1_111' title="bbox 1969 4839 3546 4912">
    <p class='ocr_par' dir='ltr' id='par_1_111' title="bbox 1969 4839 3546 4912">
     <span class='ocr_line' id='line_1_111' title="bbox 1969 4839 3546 4912; baseline -0.006 -10"><span class='ocrx_word' id='word_1_868' title='bbox 1969 4857 2109 4912; x_wconf 90' lang='lat' dir='ltr'><strong>sunt,</strong></span> <span class='ocrx_word' id='word_1_869' title='bbox 2133 4848 2249 4902; x_wconf 70' lang='lat' dir='ltr'><strong>alia:</strong></span> <span class='ocrx_word' id='word_1_870' title='bbox 2279 4847 2456 4911; x_wconf 72' lang='lat' dir='ltr'><strong>malae,</strong></span> <span class='ocrx_word' id='word_1_871' title='bbox 2488 4844 2605 4898; x_wconf 71' lang='lat' dir='ltr'><strong>alia:</strong></span> <span class='ocrx_word' id='word_1_872' title='bbox 2625 4842 2836 4909; x_wconf 61' lang='lat' dir='ltr'><strong>mediae,</strong></span> <span class='ocrx_word' id='word_1_873' title='bbox 2866 4856 3085 4911; x_wconf 92' lang='lat' dir='ltr'><strong>quarum</strong></span> <span class='ocrx_word' id='word_1_874' title='bbox 3117 4840 3381 4894; x_wconf 73' lang='lat' dir='ltr'><strong>nonnulla:</strong></span> <span class='ocrx_word' id='word_1_875' title='bbox 3408 4839 3546 4893; x_wconf 89' lang='lat' dir='ltr'><strong>mul-</strong></span> 
     </span>
    </p>
   </div>
   <div class='ocr_carea' id='block_1_112' title="bbox 1973 4932 3550 5000">
    <p class='ocr_par' dir='ltr' id='par_1_112' title="bbox 1973 4932 3550 5000">
     <span class='ocr_line' id='line_1_112' title="bbox 1973 4932 3550 5000; baseline -0.006 -7"><span class='ocrx_word' id='word_1_876' title='bbox 1973 4940 2038 4993; x_wconf 92' lang='lat' dir='ltr'><strong>tis</strong></span> <span class='ocrx_word' id='word_1_877' title='bbox 2074 4939 2226 4993; x_wconf 77' lang='lat' dir='ltr'><strong>malze</strong></span> <span class='ocrx_word' id='word_1_878' title='bbox 2252 4937 2517 5000; x_wconf 90' lang='lat' dir='ltr'><strong>videntur,</strong></span> <span class='ocrx_word' id='word_1_879' title='bbox 2541 4936 2665 4991; x_wconf 90' lang='lat' dir='ltr'><strong>licet</strong></span> <span class='ocrx_word' id='word_1_880' title='bbox 2705 4950 2811 4989; x_wconf 90' lang='lat' dir='ltr'><strong>non</strong></span> <span class='ocrx_word' id='word_1_881' title='bbox 2859 4937 2986 4999; x_wconf 91' lang='lat' dir='ltr'><strong>sint,</strong></span> <span class='ocrx_word' id='word_1_882' title='bbox 3013 4933 3108 4987; x_wconf 87' lang='lat' dir='ltr'><strong>sed</strong></span> <span class='ocrx_word' id='word_1_883' title='bbox 3150 4932 3394 4985; x_wconf 81' lang='lat' dir='ltr'><strong>dicuntur</strong></span> <span class='ocrx_word' id='word_1_884' title='bbox 3436 4940 3550 4984; x_wconf 83' lang='lat' dir='ltr'><strong>tan-</strong></span> 
     </span>
    </p>
   </div>
   <div class='ocr_carea' id='block_1_113' title="bbox 1972 5030 2565 5086">
    <p class='ocr_par' dir='ltr' id='par_1_113' title="bbox 1972 5030 2565 5086">
     <span class='ocr_line' id='line_1_113' title="bbox 1972 5030 2565 5086; baseline -0.007 -1"><span class='ocrx_word' id='word_1_885' title='bbox 1972 5040 2081 5085; x_wconf 90' lang='lat' dir='ltr'><strong>tum</strong></span> <span class='ocrx_word' id='word_1_886' title='bbox 2104 5039 2157 5086; x_wconf 89' lang='lat' dir='ltr'><strong>et</strong></span> <span class='ocrx_word' id='word_1_887' title='bbox 2181 5030 2565 5085; x_wconf 85' lang='lat' dir='ltr'><strong>existimantur.</strong></span> 
     </span>
    </p>
   </div>
   <div class='ocr_carea' id='block_1_114' title="bbox 2047 5114 3555 5190">
    <p class='ocr_par' dir='ltr' id='par_1_114' title="bbox 2047 5114 3555 5190">
     <span class='ocr_line' id='line_1_114' title="bbox 2047 5114 3555 5190; baseline -0.003 -14"><span class='ocrx_word' id='word_1_888' title='bbox 2047 5121 2327 5190; x_wconf 85' lang='lat' dir='ltr'><strong>Paupertas</strong></span> <span class='ocrx_word' id='word_1_889' title='bbox 2370 5137 2470 5174; x_wconf 88' lang='lat' dir='ltr'><strong>non</strong></span> <span class='ocrx_word' id='word_1_890' title='bbox 2506 5119 2660 5183; x_wconf 86' lang='lat' dir='ltr'><strong>mala,</strong></span> <span class='ocrx_word' id='word_1_891' title='bbox 2702 5116 2889 5169; x_wconf 73' lang='lat' dir='ltr'><strong>divitia:</strong></span> <span class='ocrx_word' id='word_1_892' title='bbox 2924 5132 3025 5169; x_wconf 86' lang='lat' dir='ltr'><strong>non</strong></span> <span class='ocrx_word' id='word_1_893' title='bbox 3070 5114 3230 5169; x_wconf 63' lang='lat' dir='ltr'><strong>bonae.</strong></span> <span class='ocrx_word' id='word_1_894' title='bbox 3269 5114 3468 5171; x_wconf 83' lang='lat' dir='ltr'><strong>—-Sed</strong></span> <span class='ocrx_word' id='word_1_895' title='bbox 3499 5128 3555 5172; x_wconf 86' lang='lat' dir='ltr'><strong>ut</strong></span> 
     </span>
    </p>
   </div>
   <div class='ocr_carea' id='block_1_115' title="bbox 1973 5208 3551 5283">
    <p class='ocr_par' dir='ltr' id='par_1_115' title="bbox 1973 5208 3551 5283">
     <span class='ocr_line' id='line_1_115' title="bbox 1973 5208 3551 5283; baseline -0.003 -15"><span class='ocrx_word' id='word_1_896' title='bbox 1973 5214 2113 5283; x_wconf 94' lang='lat' dir='ltr'><strong>quod</strong></span> <span class='ocrx_word' id='word_1_897' title='bbox 2134 5230 2161 5266; x_wconf 91' lang='lat' dir='ltr'><strong>a</strong></span> <span class='ocrx_word' id='word_1_898' title='bbox 2179 5229 2262 5267; x_wconf 90' lang='lat' dir='ltr'><strong>me</strong></span> <span class='ocrx_word' id='word_1_899' title='bbox 2289 5212 2479 5266; x_wconf 89' lang='lat' dir='ltr'><strong>dicitur</strong></span> <span class='ocrx_word' id='word_1_900' title='bbox 2506 5208 2784 5263; x_wconf 89' lang='lat' dir='ltr'><strong>dilucidius</strong></span> <span class='ocrx_word' id='word_1_901' title='bbox 2815 5209 2924 5275; x_wconf 86' lang='lat' dir='ltr'><strong>fiat,</strong></span> <span class='ocrx_word' id='word_1_902' title='bbox 2951 5224 3046 5278; x_wconf 86' lang='lat' dir='ltr'><strong>age</strong></span> <span class='ocrx_word' id='word_1_903' title='bbox 3075 5208 3340 5263; x_wconf 88' lang='lat' dir='ltr'><strong>firmatum</strong></span> <span class='ocrx_word' id='word_1_904' title='bbox 3368 5226 3551 5266; x_wconf 86' lang='lat' dir='ltr'><strong>exem-</strong></span> 
     </span>
    </p>
   </div>
   <div class='ocr_carea' id='block_1_116' title="bbox 1976 5300 3552 5373">
    <p class='ocr_par' dir='ltr' id='par_1_116' title="bbox 1976 5300 3552 5373">
     <span class='ocr_line' id='line_1_116' title="bbox 1976 5300 3552 5373; baseline -0.001 -16"><span class='ocrx_word' id='word_1_905' title='bbox 1976 5306 2078 5373; x_wconf 87' lang='lat' dir='ltr'><strong>plis</strong></span> <span class='ocrx_word' id='word_1_906' title='bbox 2103 5320 2401 5359; x_wconf 89' lang='lat' dir='ltr'><strong>sermonem</strong></span> <span class='ocrx_word' id='word_1_907' title='bbox 2434 5303 2788 5357; x_wconf 90' lang='lat' dir='ltr'><strong>instituamus.</strong></span> <span class='ocrx_word' id='word_1_908' title='bbox 2824 5300 3111 5369; x_wconf 87' lang='lat' dir='ltr'><strong>Paupertas</strong></span> <span class='ocrx_word' id='word_1_909' title='bbox 3140 5302 3320 5355; x_wconf 88' lang='lat' dir='ltr'><strong>multis</strong></span> <span class='ocrx_word' id='word_1_910' title='bbox 3341 5302 3552 5371; x_wconf 88' lang='lat' dir='ltr'><strong>quidem</strong></span> 
     </span>
    </p>
   </div>
   <div class='ocr_carea' id='block_1_117' title="bbox 1978 5393 3557 5463">
    <p class='ocr_par' dir='ltr' id='par_1_117' title="bbox 1978 5393 3557 5463">
     <span class='ocr_line' id='line_1_117' title="bbox 1978 5393 3557 5463; baseline -0.004 -10"><span class='ocrx_word' id='word_1_911' title='bbox 1978 5400 2171 5453; x_wconf 88' lang='lat' dir='ltr'><strong>tnalum</strong></span> <span class='ocrx_word' id='word_1_912' title='bbox 2215 5397 2442 5463; x_wconf 84' lang='lat' dir='ltr'><strong>videtur,</strong></span> <span class='ocrx_word' id='word_1_913' title='bbox 2488 5408 2670 5447; x_wconf 91' lang='lat' dir='ltr'><strong>verum</strong></span> <span class='ocrx_word' id='word_1_914' title='bbox 2723 5408 2828 5447; x_wconf 92' lang='lat' dir='ltr'><strong>non</strong></span> <span class='ocrx_word' id='word_1_915' title='bbox 2859 5400 2978 5447; x_wconf 91' lang='lat' dir='ltr'><strong>est:</strong></span> <span class='ocrx_word' id='word_1_916' title='bbox 3008 5393 3133 5462; x_wconf 91' lang='lat' dir='ltr'><strong>quin</strong></span> <span class='ocrx_word' id='word_1_917' title='bbox 3180 5394 3337 5446; x_wconf 89' lang='lat' dir='ltr'><strong>etiam</strong></span> <span class='ocrx_word' id='word_1_918' title='bbox 3362 5396 3405 5445; x_wconf 90' lang='lat' dir='ltr'><strong>si</strong></span> <span class='ocrx_word' id='word_1_919' title='bbox 3437 5395 3557 5461; x_wconf 91' lang='lat' dir='ltr'><strong>quis</strong></span> 
     </span>
    </p>
   </div>
   <div class='ocr_carea' id='block_1_118' title="bbox 1980 5482 3555 5558">
    <p class='ocr_par' dir='ltr' id='par_1_118' title="bbox 1980 5482 3555 5558">
     <span class='ocr_line' id='line_1_118' title="bbox 1980 5482 3555 5558; baseline -0.003 -16"><span class='ocrx_word' id='word_1_920' title='bbox 1980 5489 2230 5558; x_wconf 90' lang='lat' dir='ltr'><strong>providus</strong></span> <span class='ocrx_word' id='word_1_921' title='bbox 2253 5487 2322 5540; x_wconf 92' lang='lat' dir='ltr'><strong>sit</strong></span> <span class='ocrx_word' id='word_1_922' title='bbox 2346 5496 2398 5539; x_wconf 84' lang='lat' dir='ltr'><strong>et</strong></span> <span class='ocrx_word' id='word_1_923' title='bbox 2422 5485 2519 5539; x_wconf 92' lang='lat' dir='ltr'><strong>sibi</strong></span> <span class='ocrx_word' id='word_1_924' title='bbox 2547 5492 2798 5548; x_wconf 86' lang='lat' dir='ltr'><strong>attentus,</strong></span> <span class='ocrx_word' id='word_1_925' title='bbox 2831 5483 2967 5536; x_wconf 89' lang='lat' dir='ltr'><strong>mala</strong></span> <span class='ocrx_word' id='word_1_926' title='bbox 2997 5482 3211 5537; x_wconf 90' lang='lat' dir='ltr'><strong>tollendi</strong></span> <span class='ocrx_word' id='word_1_927' title='bbox 3238 5483 3342 5535; x_wconf 91' lang='lat' dir='ltr'><strong>vim</strong></span> <span class='ocrx_word' id='word_1_928' title='bbox 3373 5483 3555 5539; x_wconf 84' lang='lat' dir='ltr'><strong>habet.</strong></span> 
     </span>
    </p>
   </div>
   <div class='ocr_carea' id='block_1_119' title="bbox 1982 5574 3546 5642">
    <p class='ocr_par' dir='ltr' id='par_1_119' title="bbox 1982 5574 3546 5642">
     <span class='ocr_line' id='line_1_119' title="bbox 1982 5574 3546 5642; baseline -0.005 -8"><span class='ocrx_word' id='word_1_929' title='bbox 1982 5580 2184 5634; x_wconf 66' lang='lat' dir='ltr'><strong>Divitiae</strong></span> <span class='ocrx_word' id='word_1_930' title='bbox 2233 5590 2414 5630; x_wconf 90' lang='lat' dir='ltr'><strong>rursus</strong></span> <span class='ocrx_word' id='word_1_931' title='bbox 2458 5576 2650 5628; x_wconf 90' lang='lat' dir='ltr'><strong>bonum</strong></span> <span class='ocrx_word' id='word_1_932' title='bbox 2680 5574 2892 5642; x_wconf 90' lang='lat' dir='ltr'><strong>quidem</strong></span> <span class='ocrx_word' id='word_1_933' title='bbox 2925 5574 3169 5627; x_wconf 85' lang='lat' dir='ltr'><strong>videntur</strong></span> <span class='ocrx_word' id='word_1_934' title='bbox 3196 5587 3336 5637; x_wconf 88' lang='lat' dir='ltr'><strong>esse,</strong></span> <span class='ocrx_word' id='word_1_935' title='bbox 3372 5581 3546 5627; x_wconf 85' lang='lat' dir='ltr'><strong>tamen</strong></span> 
     </span>
    </p>
   </div>
   <div class='ocr_carea' id='block_1_120' title="bbox 1982 5664 3555 5733">
    <p class='ocr_par' dir='ltr' id='par_1_120' title="bbox 1982 5664 3555 5733">
     <span class='ocr_line' id='line_1_120' title="bbox 1982 5664 3555 5733; baseline -0.003 -8"><span class='ocrx_word' id='word_1_936' title='bbox 1982 5671 2221 5725; x_wconf 88' lang='lat' dir='ltr'><strong>absolute</strong></span> <span class='ocrx_word' id='word_1_937' title='bbox 2267 5668 2462 5723; x_wconf 91' lang='lat' dir='ltr'><strong>bonum</strong></span> <span class='ocrx_word' id='word_1_938' title='bbox 2506 5666 2725 5720; x_wconf 89' lang='lat' dir='ltr'><strong>minime</strong></span> <span class='ocrx_word' id='word_1_939' title='bbox 2769 5673 2913 5730; x_wconf 92' lang='lat' dir='ltr'><strong>sunt,</strong></span> <span class='ocrx_word' id='word_1_940' title='bbox 2961 5664 3059 5717; x_wconf 92' lang='lat' dir='ltr'><strong>nisi</strong></span> <span class='ocrx_word' id='word_1_941' title='bbox 3107 5664 3227 5732; x_wconf 91' lang='lat' dir='ltr'><strong>quis</strong></span> <span class='ocrx_word' id='word_1_942' title='bbox 3265 5675 3320 5717; x_wconf 93' lang='lat' dir='ltr'><strong>ut</strong></span> <span class='ocrx_word' id='word_1_943' title='bbox 3346 5674 3555 5733; x_wconf 74' lang='lat' dir='ltr'><strong>Oportet</strong></span> 
     </span>
    </p>
   </div>
   <div class='ocr_carea' id='block_1_121' title="bbox 1988 5755 3554 5821">
    <p class='ocr_par' dir='ltr' id='par_1_121' title="bbox 1988 5755 3554 5821">
     <span class='ocr_line' id='line_1_121' title="bbox 1988 5755 3554 5821; baseline -0.003 -5"><span class='ocrx_word' id='word_1_944' title='bbox 1988 5762 2048 5817; x_wconf 91' lang='lat' dir='ltr'><strong>iis</strong></span> <span class='ocrx_word' id='word_1_945' title='bbox 2077 5766 2271 5814; x_wconf 78' lang='lat' dir='ltr'><strong>utatur.</strong></span> <span class='ocrx_word' id='word_1_946' title='bbox 2295 5758 2427 5813; x_wconf 78' lang='lat' dir='ltr'><strong>Nam</strong></span> <span class='ocrx_word' id='word_1_947' title='bbox 2456 5758 2497 5811; x_wconf 73' lang='lat' dir='ltr'><strong>si</strong></span> <span class='ocrx_word' id='word_1_948' title='bbox 2526 5756 2767 5810; x_wconf 87' lang='lat' dir='ltr'><strong>absolute</strong></span> <span class='ocrx_word' id='word_1_949' title='bbox 2793 5756 2986 5810; x_wconf 89' lang='lat' dir='ltr'><strong>bonum</strong></span> <span class='ocrx_word' id='word_1_950' title='bbox 3013 5763 3190 5809; x_wconf 84' lang='lat' dir='ltr'><strong>essent</strong></span> <span class='ocrx_word' id='word_1_951' title='bbox 3219 5755 3437 5821; x_wconf 62' lang='lat' dir='ltr'><strong>divitia},</strong></span> <span class='ocrx_word' id='word_1_952' title='bbox 3457 5755 3554 5811; x_wconf 66' lang='grc' dir='ltr'><strong>δυο</strong></span> 
     </span>
    </p>
   </div>
  </div>
