4048 6482
592 441 704 498 147

570 561 670 602 nos
695 561 819 604 esse
859 555 1135 618 Oporteret
1160 549 1249 620 qui
1278 563 1369 605 eas
1399 545 1674 619 possident
1702 561 1714 597 :
1745 543 1826 599 sin
1852 549 2027 597 autem
2053 552 2162 595 non

569 653 763 694 omnes
817 638 1013 695 divites
1053 641 1248 696 virtute
1293 648 1418 696 sunt
1458 637 1663 709 przediti
1690 676 1705 701 ,
1747 636 1914 706 liquet
1950 631 2163 688 divitias

572 730 889 800 simpliciter
925 747 988 787 ac
1015 747 1117 803 per
1149 746 1209 789 se
1235 731 1404 788 bonas
1445 748 1550 786 non
1574 745 1711 796 esse,
1753 743 1938 784 verum
1965 726 2016 781 in
2041 739 2160 781 me-

570 823 661 875 dio
704 823 931 894 positam
979 824 1256 879 materiam
1304 823 1590 895 quamdam
1639 835 1759 877 esse
1802 819 2035 874 virtutis.
2075 818 2163 873 Sic

572 922 750 970 autem
781 930 895 970 rem
917 915 1178 984 expende.
1209 913 1344 971 Sunt
1362 914 1418 968 in
1444 927 1670 984 corpore
1694 911 2000 983 qualitates,
2029 923 2161 980 quas

573 1003 662 1074 qui
691 1003 895 1060 habent
934 1006 1067 1061 tales
1091 1007 1158 1061 ab
1182 1006 1246 1060 iis
1274 1006 1627 1076 appellantur.
1659 1003 1902 1074 Exempli
1951 1016 2111 1057 causa
2143 1018 2157 1055 :

568 1096 776 1150 candor
820 1097 1116 1152 substantia
1159 1113 1263 1152 non
1289 1106 1391 1161 est,
1422 1096 1516 1151 sed
1555 1095 1801 1165 qualitas,
1831 1101 1885 1146 et
1913 1091 2160 1146 accidens

569 1185 712 1256 quod
755 1185 972 1242 advenit
995 1187 1334 1251 substantiae;
1363 1199 1492 1257 ergo
1512 1185 1559 1242 si
1583 1185 1667 1240 cui
1698 1182 2016 1238 adnascatur
2035 1181 2156 1246 hoc,

573 1275 857 1331 candidum
902 1277 1162 1347 ejusmodi
1202 1277 1472 1333 hominem
1513 1277 1861 1347 appellamus.
1900 1273 1993 1329 Est
2018 1288 2158 1343 prai-

568 1378 718 1422 terea
749 1368 1007 1438 a-gritudo
1035 1378 1089 1423 et
1119 1371 1230 1439 ipsa
1257 1370 1486 1441 qualitas
1527 1367 1768 1438 quaedam
1807 1375 1861 1422 et
1885 1365 2156 1432 accidens,

569 1475 633 1515 ac
657 1461 702 1514 si
729 1460 812 1516 eui
857 1461 1125 1528 adveniat,
1156 1463 1314 1517 talem
1343 1471 1598 1533 aegrotum
1641 1475 1916 1516 vocamus.
1945 1459 2002 1515 Si
2033 1474 2160 1530 ergo

568 1546 767 1604 divitia:
798 1552 965 1606 virtus
991 1563 1192 1620 essent,
1224 1568 1346 1608 eum
1379 1554 1467 1623 qui
1507 1553 1723 1608 divitias
1767 1549 2004 1622 possidet
2049 1553 2158 1607 vir-

572 1652 685 1701 tute
729 1648 1007 1716 prteditutn
1059 1665 1180 1705 esse
1221 1659 1494 1720 oporteret
1520 1667 1583 1705 ac.
1626 1650 1728 1705 dici
1763 1667 1777 1705 :
1810 1649 1949 1722 quod
1979 1650 2021 1704 si
2053 1664 2156 1704 non

569 1738 791 1792 omnino
833 1739 1030 1795 virtute
1075 1741 1328 1812 prauiiltts
1370 1751 1452 1796 est
1482 1740 1655 1809 dives,
1693 1757 1800 1796 non
1842 1739 2161 1810 simpliciter

572 1837 662 1881 aut
693 1829 861 1885 virtus
887 1841 978 1886 aut
1007 1830 1202 1884 bonum
1232 1839 1356 1887 sunt
1383 1831 1608 1900 divititn,
1638 1832 1731 1887 sed
1763 1831 1814 1886 id
1848 1831 1979 1887 iiunt
2005 1842 2161 1902 prout

567 1918 791 1974 allectus
839 1921 994 1976 fuerit
1037 1922 1153 1991 ejus
1200 1923 1411 1978 animus
1455 1924 1544 1994 qui
1592 1923 1672 1980 eis
1710 1923 1909 1978 utitur.
1957 1923 2160 1978 Rursus

569 2023 852 2082 paupertas
893 2015 938 2069 si
977 2016 1172 2070 malum
1215 2024 1376 2082 esset,
1417 2031 1603 2072 omnes
1651 2015 1739 2086 qui
1767 2015 1820 2070 in
1851 2024 2161 2086 paupertate

568 2104 787 2174 degunt,
832 2116 1104 2175 oporteret
1149 2123 1268 2164 esse
1295 2109 1466 2165 malos
1495 2131 1507 2164 :
1537 2109 1619 2164 sin
1646 2118 1821 2163 autem
1854 2107 2006 2164 multi
2032 2123 2160 2177 pau-

568 2208 728 2263 peres
781 2197 973 2252 eazlum
1023 2209 1391 2270 occuparunt,
1442 2215 1548 2254 non
1602 2209 1684 2256 est
1728 2199 1906 2270 utique
1960 2199 2156 2255 malum

567 2297 875 2356 paupertas.

638 2379 689 2433 4.
723 2377 860 2446 Quid
890 2384 1029 2449 quod
1065 2379 1216 2435 ntulti
1246 2389 1465 2451 propter
1501 2385 1866 2450 paupertatem
1903 2379 2156 2449 blasphe-

567 2480 712 2523 mant
734 2473 758 2522 Υ
793 2468 938 2525 dicet
979 2471 1190 2542 aliquis.
1231 2470 1346 2527 Non
1377 2479 1595 2541 propter
1625 2479 1991 2540 paupertatem
2012 2511 2029 2537 ,
2061 2469 2156 2525 sed

568 2573 789 2633 propter
823 2562 1082 2618 insaniam
1111 2579 1261 2618 suam
1290 2573 1345 2619 et
1368 2563 1856 2635 pusillanimitatetn
1887 2561 1939 2617 id
1971 2571 2156 2633 agunt.

567 2651 744 2723 Atque
785 2653 889 2709 hoc
923 2669 988 2710 ex
1034 2655 1172 2710 beati
1204 2654 1305 2710 .lnb
1328 2654 1574 2724 exemplo
1601 2662 1744 2723 patet
1771 2667 1785 2718 ;
1819 2653 1907 2724 qui
1939 2667 2061 2709 cum
2091 2653 2158 2708 ad

568 2751 863 2796 extremam
899 2752 1266 2813 paupertatem
1299 2741 1544 2798 redactus
1569 2753 1751 2806 esset,
1788 2751 1842 2797 et
1871 2742 1937 2796 ad
1985 2741 2156 2812 ipsum

568 2832 897 2900 paupertatis
946 2833 1251 2887 barathrum
1303 2832 1583 2889 devolutus
1611 2873 1626 2899 ,
1673 2846 1779 2885 non
1825 2831 1997 2886 solum
2052 2846 2157 2886 non

569 2922 978 2992 blasphctnavit,
1006 2920 1099 2978 sed
1132 2922 1297 2977 Deum
1328 2923 1641 2979 benedicere
1669 2935 1772 2976 non
1804 2920 2051 2988 cessavit,
2076 2920 2159 2974 his

570 3015 779 3070 verbis:
807 3013 1052 3070 Dominus
1067 3014 1222 3081 dedit,
1247 3010 1490 3070 Dominus
1517 3013 1720 3068 abstulit
1744 3029 1764 3077 ;
1786 3013 1913 3067 sicut
1942 3010 2159 3066 Domino

553 3107 782 3179 .placuit,
801 3108 872 3161 ita
892 3111 1084 3179 factum
1109 3114 1180 3161 est
1206 3122 1225 3161 :
1249 3107 1313 3161 sit
1338 3122 1517 3161 nomen
1546 3105 1749 3159 Domini
1775 3103 2084 3158 benedictum
2107 3105 2159 3157 in

569 3195 759 3252 sarcula
789 3195 911 3265 (Job
943 3199 992 3255 l.
1013 3196 1132 3267 2i).
1159 3197 1227 3252 At
1250 3198 1390 3252 enim
1416 3197 1485 3252 ob
1504 3196 1713 3253 divitias
1730 3195 1887 3251 etiam
1911 3195 2059 3250 multi
2084 3211 2156 3250 ra-

571 3290 724 3360 piunt
744 3298 797 3346 et
827 3289 997 3346 aliena
1032 3289 1306 3353 invadunt,
1336 3287 1480 3344 dicet
1504 3285 1715 3358 aliquis.
1743 3287 1940 3343 Verum
1969 3287 2020 3342 id
2051 3303 2158 3344 non

568 3380 640 3436 ob
665 3378 876 3436 divitias
908 3381 964 3433 iit
986 3421 1003 3446 ,
1033 3379 1126 3434 sed
1157 3380 1226 3433 ob
1256 3379 1494 3449 ipsorum
1524 3379 1834 3442 stultitiam;
1868 3385 2028 3448 atque
2055 3377 2156 3434 litt-

567 3472 655 3544 jus
683 3471 758 3528 rei
791 3473 942 3527 testis
968 3471 1122 3526 nobis
1147 3471 1249 3527 erit
1289 3471 1374 3526 hic
1402 3471 1516 3543 ipse
1538 3471 1638 3536 vir,
1667 3471 1755 3540 qui
1786 3483 1904 3525 cum
1939 3478 2014 3524 tot
2045 3469 2160 3540 opi-

567 3564 671 3619 bus
692 3563 1009 3628 abundaret,
1032 3579 1134 3618 non
1164 3563 1322 3618 modo
1349 3578 1434 3618 res
1463 3562 1687 3618 aliorum
1710 3575 1814 3616 nun
1843 3562 2035 3632 rapuit,
2064 3561 2160 3618 sed

567 3656 726 3709 etiam
751 3654 961 3725 propria
984 3654 1255 3725 erogabat,
1279 3660 1331 3708 et
1357 3652 1655 3723 peregrinis
1677 3661 1884 3721 portum
1915 3648 2155 3720 parabat,

567 3747 644 3801 sic
674 3746 892 3801 dicens:
917 3744 1108 3800 Damus
1139 3761 1248 3798 mea
1275 3745 1414 3798 omni
1440 3743 1704 3816 peregrina
1729 3742 1889 3812 patuit
1921 3741 2038 3817 (Job
2066 3740 2154 3798 3|.

566 3838 679 3910 32).
697 3838 962 3894 Abraham
985 3852 1197 3908 quoque
1216 3852 1335 3892 eum
1360 3845 1431 3891 tot
1454 3851 1584 3906 opes
1617 3836 1929 3905 possideret,
1947 3836 2001 3889 in
2025 3851 2156 3904 pne-

567 3939 839 3986 tereuntes
875 3929 1053 3985 omnia
1080 3927 1449 3999 expcndebat;
1487 3937 1542 3982 et
1590 3941 1758 3996 neque
1802 3928 1942 3982 hunc
1985 3943 2157 3997 neque

566 4024 718 4078 illum
739 4022 1098 4079 fraudatorem
1128 4029 1220 4077 aut
1246 4036 1467 4077 avarum
1495 4018 1691 4075 divitiae
1714 4019 2076 4086 reddiderunt,
2098 4029 2158 4075 ut

567 4131 740 4185 neque
765 4115 1131 4184 blaspltemutn
1156 4122 1436 4184 paupertas
1461 4120 1554 4166 aut
1575 4111 1718 4165 illum
1748 4121 1838 4166 aut
1859 4111 2151 4167 Lazarum:

566 4206 661 4262 sed
701 4220 824 4261 cum
864 4220 1036 4275 neque
1081 4205 1377 4260 necessaria
1418 4205 1628 4274 utrique
1673 4210 2018 4273 suppeterent
2055 4202 2157 4257 ali-

567 4306 771 4362 menta,
802 4298 881 4352 sic
908 4295 1142 4351 illustres
1174 4294 1408 4361 fuerunt,
1435 4303 1493 4348 ut
1521 4293 1656 4348 alter
1681 4294 1772 4348 Dei
1799 4334 1813 4358 ,
1848 4295 1936 4364 qui
1962 4309 2152 4349 arcana

566 4391 712 4445 clare
747 4387 1237 4450 novit,testimonio
1273 4384 1774 4441 commendaretur:
1808 4383 1939 4439 alter
1977 4393 2152 4439 autem

569 4483 638 4537 ab
664 4481 868 4552 angelis
907 4477 1343 4536 antecedentibus
1373 4477 1497 4530 hinc
1534 4474 1853 4541 auferretur,
1885 4485 1938 4529 et
1967 4483 2154 4529 contu-

569 4572 800 4629 bernalis
841 4571 993 4626 ﬁeret
1033 4568 1347 4640 patriarcha:
1379 4609 1393 4634 ,
1432 4563 1726 4635 iisdemque
1767 4565 1920 4620 bonis
1961 4565 2152 4634 quibus

568 4663 658 4717 ille
685 4660 969 4716 frueretur.
997 4659 1179 4728 Itaque
1209 4659 1396 4713 media:
1424 4671 1510 4712 res
1538 4665 1661 4711 sunt
1690 4657 1803 4710 ista:
1829 4694 1843 4722 ,
1872 4665 2152 4726 paupertas

569 4763 617 4808 et
648 4754 877 4815 divitiae,
903 4753 1104 4807 sanitas
1131 4761 1185 4807 et
1207 4751 1424 4805 morbus
1449 4791 1464 4816 ,
1491 4749 1599 4805 vlta
1629 4758 1682 4804 et
1711 4763 1875 4812 mors,
1903 4747 2067 4818 gloria
2101 4756 2154 4803 et

568 4844 760 4910 honor,
789 4843 1020 4898 servitus
1047 4851 1100 4896 et
1125 4841 1340 4895 libertas
1363 4881 1376 4902 .
1403 4849 1456 4896 et
1485 4853 1836 4910 qurecumque
1860 4847 1984 4893 sunt
2007 4838 2152 4908 ejus-

568 4935 714 4989 modi
740 4951 754 5000 ;
787 4949 892 4990 non
921 4933 1062 4987 enim
1089 4931 1265 4988 omnia
1295 4940 1420 4986 sunt
1449 4931 1804 5000 percurrenda
1825 4973 1841 4997 ,
1886 4946 1951 4985 ne
1993 4932 2155 5001 proii-

569 5030 688 5083 xiur
720 5028 810 5081 flat
837 5025 1039 5088 oratio,
1073 5024 1166 5079 sed
1196 5023 1347 5077 vobis
1373 5038 1442 5077 ex
1482 5023 1562 5076 his
1589 5023 1709 5076 data
1743 5023 2054 5088 occasione,
2086 5024 2152 5078 ad

567 5135 628 5172 ea
657 5135 777 5189 qua:
805 5132 905 5173 nos
931 5126 1118 5186 urgent
1142 5114 1360 5171 dicenda
1387 5113 1711 5184 pergendum
1742 5123 1824 5167 est
1875 5111 1958 5167 Da
1987 5115 2150 5180 enim,

568 5212 761 5280 inquit,
793 5211 1010 5280 sapienti
1035 5209 1367 5274 occasionem,
1399 5217 1444 5260 et
1470 5206 1744 5276 sapientior
1769 5207 1860 5258 erit
1888 5205 2065 5276 (Prov.
2096 5207 2149 5262 9.

569 5299 660 5372 9).
693 5300 856 5370 Igitur
887 5315 971 5354 res
1003 5300 1191 5355 medite
1225 5305 1348 5352 sunt
1385 5297 1497 5351 hzec
1534 5295 1710 5351 omnia
1740 5313 1752 5349 :
1782 5295 1860 5349 sic
1898 5304 1955 5349 ut
1986 5295 2069 5350 his
2101 5297 2152 5351 in

569 5391 769 5446 bonum
801 5401 854 5446 et
883 5391 934 5444 in
968 5391 1163 5444 malum
1195 5390 1437 5444 homines
1469 5389 1545 5444 uti
1583 5387 1806 5457 possint.
1831 5386 1980 5453 Quod
2010 5387 2151 5442 enim

570 5482 655 5538 ha:
684 5499 770 5538 res
795 5486 902 5537 sint
927 5482 1136 5547 medim,
1163 5492 1220 5534 ut
1245 5480 1462 5544 divitiae,
1491 5477 1724 5533 ostendit
1748 5477 2035 5541 Abraham,
2064 5479 2154 5546 qui

570 5582 630 5627 ut
651 5588 786 5644 opus
816 5579 936 5624 erat
955 5569 1087 5639 ipsis
1102 5576 1358 5622 estusus:
1395 5570 1626 5626 ostendit
1652 5579 1704 5625 et
1735 5569 1822 5625 ille
1851 5569 1938 5630 qui
1969 5568 2155 5622 Lazari

569 5664 701 5719 vixit
721 5673 876 5718 aetate
904 5664 1072 5728 dives,
1097 5661 1184 5730 qui
1216 5663 1266 5713 in
1298 5662 1487 5729 capitis
1514 5662 1594 5714 sui
1625 5660 1910 5730 perniciem
1934 5658 2154 5713 faculta-

570 5765 651 5811 tes
677 5755 954 5826 impendit.
983 5753 1162 5823 Neque
1193 5753 1385 5806 bonunt
1417 5753 1575 5822 igitur
1598 5752 1837 5807 absolute
1867 5761 1987 5804 sunt
2015 5750 2152 5805 divi-

572 5849 866 5924 titr,ncqnc
897 5847 1117 5900 malum.
1157 5844 1210 5900 Si
1238 5844 1476 5898 absolute
1507 5844 1700 5899 bonum
1731 5851 1910 5899 essent
1933 5884 1947 5910 ,
1982 5857 2154 5912 neque

1352 433 1418 489 S.
1458 427 1738 489 JOANNIS
1775 426 2252 488 CHRYSOSTOMI
2288 427 2606 486 ABCHIEP.
2646 431 3182 491 CONSTANTINOP.

3765 458 3878 513 148

2266 554 2358 596 res
2383 539 2592 610 mediae,
2611 542 2759 599 dives
2786 544 2876 600 ille
2896 545 2984 616 qui
3015 555 3170 603 etate
3195 546 3379 605 Lazari
3403 550 3554 618 vixit,
3579 561 3688 610 tam
3714 559 3867 627 gravi

2267 629 2530 700 supplicio
2556 633 2775 703 punitus
2800 649 2906 690 non
2929 647 3073 693 esset
3100 655 3114 690 :
3144 637 3189 694 si
3217 640 3417 696 malum
3449 653 3667 711 essent,
3692 649 3866 701 Abra-

2267 719 2391 776 ham
2416 762 2431 788 ,
2456 722 2544 793 qui
2590 722 2738 778 dives
2776 724 2914 794 fuit,
2941 741 3045 782 non
3091 737 3198 784 tam
3229 731 3456 788 celebris
3497 733 3705 790 fuisset.
3734 736 3868 792 Tale

2266 811 2392 882 quid
2423 822 2505 868 est
2527 814 2687 868 etiam
2716 815 2954 872 morbus.
2986 817 3119 873 Nam
3142 819 3188 874 si
3211 821 3410 877 malum
3436 834 3580 879 esset
3615 826 3863 890 morbus.

2265 914 2540 973 oporteret
2563 915 2615 961 et
2642 909 2842 964 malum
2867 925 2987 966 esse
3014 922 3295 983 aegrotum.
3329 916 3511 987 Itaque
3542 918 3868 976 Timotheus

2265 1009 2480 1066 quoque
2508 998 2677 1054 malus
2705 1014 2826 1055 esse
2854 1000 3130 1059 debuisset
3152 1046 3166 1070 ,
3197 1006 3287 1075 qui
3323 1008 3515 1064 morbo
3541 1012 3866 1080 gravissimo

2265 1085 2836 1146 cont]ictsbatur.Vino
2863 1094 3004 1146 enim
3034 1094 3232 1149 modico
3258 1106 3416 1162 utere,
3435 1098 3628 1169 inquit,
3656 1111 3866 1171 prepter

2265 1178 2615 1246 stomachum,
2641 1191 2688 1235 et
2714 1182 2994 1252 frequentes
3020 1195 3132 1240 tuas
3158 1187 3480 1255 inﬁrmitates
3509 1192 3597 1260 (l.
3637 1188 3774 1246 Tim.
3805 1194 3860 1246 5.

2263 1268 2393 1339 25).
2421 1269 2574 1338 Quod
2600 1272 2644 1325 si
2672 1287 2775 1326 non
2804 1274 2962 1330 modo
2987 1277 3161 1331 malus
3187 1279 3385 1335 idcirco
3406 1297 3511 1335 non
3541 1281 3658 1347 fuit,
3685 1284 3780 1339 sed
3809 1297 3865 1340 et

2266 1362 2529 1418 mercedis
2559 1364 2741 1418 multa:
2766 1369 3124 1424 accessionem
3152 1373 3378 1441 accepit,
3411 1384 3466 1428 ut
3492 1378 3761 1446 patienter
3783 1381 3866 1432 iu-

2266 1451 2569 1510 iirtnitatem
2612 1455 2755 1510 illam
2797 1459 2957 1525 tulit,
2999 1461 3243 1516 mutbum
3285 1465 3466 1535 utique
3506 1469 3705 1524 malum
3750 1487 3862 1524 non

2264 1558 2382 1598 esse
2411 1547 2750 1604 manifestum
2791 1561 2892 1605 est.
2935 1553 3085 1608 Alius
3124 1571 3335 1627 quoque
3381 1561 3640 1630 pr0pheta
3687 1566 3867 1618 oculis

2263 1649 2521 1708 perpetuo
2566 1641 2886 1700 laborabat:
2922 1661 3021 1701 nec
3061 1656 3235 1703 tamen
3279 1663 3495 1721 promer
3541 1654 3645 1710 hoc
3685 1658 3864 1712 maius

2263 1737 2380 1785 erat
2403 1770 2418 1793 ,
2449 1730 2542 1786 sed
2573 1742 2626 1788 et
2655 1733 3008 1804 prophetabat
3029 1779 3043 1802 ,
3073 1747 3128 1792 et
3158 1737 3332 1794 futura
3365 1743 3694 1812 prtevidebat
3718 1789 3732 1812 ,
3765 1764 3865 1802 ne-

2263 1833 2367 1890 que
2397 1821 2618 1878 morbus
2654 1823 2728 1878 illi
2766 1822 2979 1896 aliquod
3017 1827 3084 1883 ad
3131 1829 3378 1886 virtutem
3414 1833 3862 1902 impedimentum

2263 1911 2535 1968 afferebat.
2579 1918 2647 1970 At
2677 1931 2848 1986 neque
2872 1922 3070 1975 sanitas
3097 1922 3342 1980 absolute
3373 1925 3570 1981 bonum
3603 1939 3687 1984 est
3709 1971 3723 1993 ,
3755 1932 3864 1986 nisi

2263 2002 2381 2071 quis
2415 2018 2476 2059 ea
2507 2013 2564 2059 ut
2586 2016 2796 2075 oportet
2817 2048 2830 2072 ,
2865 2025 2969 2064 non
3000 2009 3065 2065 ad
3097 2011 3401 2082 improbum
3433 2015 3640 2073 facinus
3670 2021 3756 2076 vel
3791 2023 3859 2075 ad

2264 2092 2448 2149 inutile
2473 2095 2638 2149 otium
2667 2105 2846 2153 utatur
2877 2115 2890 2153 :
2924 2114 3097 2170 neque
3122 2102 3265 2157 enim
3294 2107 3517 2162 crimine
3549 2107 3651 2164 hoc
3682 2111 3860 2179 ipsum

2265 2194 2435 2240 vacat.
2465 2186 2722 2254 Quocirca
2759 2190 2956 2247 Paulus
2997 2194 3160 2250 etiam
3195 2191 3407 2251 dicebat
3441 2216 3454 2252 :
3499 2199 3564 2253 Si
3600 2201 3712 2270 quis
3755 2218 3860 2256 non

2263 2276 2366 2328 t'ult
2395 2278 2630 2347 operari,
2661 2295 2752 2333 nec
2781 2282 3051 2337 manducet
3082 2282 3173 2353 (2.
3200 2284 3378 2341 Thess.
3410 2288 3463 2340 5.
3493 2289 3560 2344 10
3583 2291 3624 2358 ).
3658 2290 3860 2346 Verum

2262 2363 2377 2420 luuc
2406 2366 2577 2421 media
2603 2378 2726 2423 sunt
2751 2378 2805 2424 et
2826 2369 3197 2439 indifferentia,
3221 2385 3273 2430 et
3303 2392 3401 2446 pro
3431 2382 3636 2433 ratione
3663 2393 3858 2436 eorum

2262 2459 2349 2529 qui
2371 2459 2452 2515 eis
2479 2469 2698 2516 utuntur
2731 2462 3019 2533 aliquando
3048 2463 3152 2520 hoc
3172 2507 3188 2532 ,
3216 2469 3501 2537 aliquando
3533 2470 3660 2525 illud
3697 2471 3856 2527 fiunt.

2262 2550 2399 2618 Quid
2435 2567 2562 2608 vero
2599 2555 2791 2609 attinet
2833 2557 3115 2612 sanitatem
3156 2573 3585 2618 commemorare
3614 2580 3678 2618 ac
3707 2578 3855 2620 mor-

2263 2640 2410 2708 bum,
2434 2641 2646 2698 divitias
2666 2653 2720 2700 et
2741 2653 3104 2714 paupertatem
3127 2645 3150 2700 ‘t
3179 2646 3290 2703 Hoc
3317 2648 3464 2703 enim
3485 2651 3690 2718 ipsum,
3712 2658 3857 2726 quod

2263 2733 2422 2801 vulgo
2453 2733 2711 2788 bonorum
2739 2735 2977 2790 onmium
3013 2747 3173 2806 caput
3201 2746 3473 2806 censetur,
3502 2750 3556 2795 et
3586 2744 3858 2799 malorum

2262 2823 2526 2893 eolophon
2551 2834 2754 2890 ,mors,
2783 2827 3038 2896 inquam,
3068 2837 3122 2883 et
3164 2829 3269 2884 vita
3291 2871 3307 2896 ,
3355 2848 3528 2902 neque
3569 2847 3698 2890 sunt
3739 2839 3857 2891 tum:

2262 2913 2525 2978 absolute,
2558 2915 2652 2970 sed
2677 2928 2730 2972 et
2757 2918 2871 2988 ipsa
2896 2920 3068 2975 media
3101 2931 3246 2991 sunt,
3276 2931 3332 2979 et
3358 2937 3515 2994 prout
3539 2945 3727 2982 eorum
3749 2929 3857 2985 fert

2261 3006 2471 3062 animus
2502 3048 2516 3073 ,
2547 3009 2637 3079 qui
2679 3010 2759 3065 eis
2803 3021 3058 3080 utuntur,
3105 3013 3362 3070 alterutra
3409 3017 3562 3072 ﬁunt.
3605 3020 3855 3093 Exempii

2261 3109 2421 3153 causa
2441 3101 2648 3156 bonum
2666 3109 2752 3156 est
2766 3099 2972 3168 vivere,
3011 3104 3056 3157 si
3083 3103 3202 3174 quis
3225 3120 3290 3160 eo
3315 3116 3374 3161 ut
3398 3117 3612 3178 Oportet
3638 3121 3856 3168 utatur:

2261 3203 2384 3246 cum
2410 3205 2541 3246 vero
2572 3187 2638 3246 ad
2666 3199 2882 3260 peccata
2910 3193 2996 3248 vel
3025 3192 3354 3265 iniquitates,
3385 3214 3491 3254 non
3517 3200 3626 3269 jam
3657 3203 3854 3258 bonum

2263 3289 2366 3350 est,
2392 3281 2489 3338 sed
2519 3282 2688 3337 multo
2717 3283 2908 3339 melius
2935 3281 3129 3352 fuerit,
3159 3295 3218 3342 ut
3242 3289 3329 3359 qui
3353 3289 3615 3360 ejusmodi
3638 3304 3720 3348 est
3740 3311 3851 3349 mo-

2263 3373 2450 3427 riatur.
2481 3371 2688 3429 Rursus
2717 3373 2846 3429 illud
2869 3415 2884 3441 ,
2916 3375 3056 3444 quod
3083 3375 3393 3448 fugiendum
3421 3383 3571 3437 multi
3602 3399 3850 3451 censent,

2261 3467 2536 3524 innumera
2585 3468 2746 3524 nobis
2778 3469 2917 3524 bona
2955 3471 3240 3538 conciliat,
3275 3473 3401 3528 dum
3441 3479 3854 3532 convenientem

2259 3571 2474 3614 causam
2502 3554 2693 3615 habeat
2717 3559 3039 3630 adjunctam.
3066 3565 3398 3633 Argumento
3419 3575 3544 3619 sunt
3563 3575 3853 3638 martyres,

2260 3652 2348 3721 qui
2371 3662 2588 3724 propter
2611 3663 2837 3709 mortem
2861 3657 3096 3711 omnium
3124 3665 3250 3712 sunt
3277 3655 3591 3712 felicissimi.
3623 3658 3854 3728 Propter

2261 3743 2363 3800 hoc
2389 3745 2638 3800 nimirum
2664 3745 2856 3801 Paulus
2879 3760 2982 3800 non
3005 3747 3322 3817 simpliciter
3350 3749 3528 3802 vivere
3555 3750 3609 3803 in
3635 3749 3855 3806 Cbristn

2260 3833 2539 3902 cupiebat,
2587 3834 2681 3890 sed
2719 3836 2967 3906 quoniam
2997 3834 3100 3891 hoc
3143 3837 3215 3891 illi
3255 3837 3433 3907 operis
3471 3836 3675 3894 fructus
3714 3851 3850 3894 erai.

2266 3924 2509 3979 «Etenim
2538 3922 2662 3994 quid
2687 3928 2899 3997 eligam,
2926 3943 2944 3980 ι
2975 3929 3163 3998 inquit,
3193 3947 3212 3980 ε
3242 3928 3463 3999 ignoro:
3493 3944 3739 3987 coaretor
3760 3948 3852 3986 au-

2261 4023 2365 4070 tem
2398 4029 2430 4069 θ
2456 4013 2664 4069 duobus
2697 4033 2710 4068 :
2742 4015 3068 4070 desiderium
3108 4020 3249 4072 enim
3297 4019 3499 4074 habens
3540 4020 3761 4076 dissolvi
3801 4036 3855 4077 et

2259 4120 2377 4162 esse
2416 4119 2538 4161 cum
2573 4100 2828 4173 Christo;
2877 4108 3029 4163 valde
3070 4110 3211 4164 enim
3256 4110 3424 4164 multo
3450 4111 3678 4176 melius;
3729 4129 3849 4182 pcr-

2260 4211 2478 4253 utanere
2523 4208 2699 4252 autem
2742 4196 2795 4252 in
2839 4212 2999 4255 carne
3040 4202 3208 4270 magis
3247 4201 3605 4257 necessarium
3637 4217 3854 4274 prepter

2259 4303 2354 4345 vos
2383 4309 2401 4345 ι
2430 4288 2652 4362 (Philip.
2677 4290 2728 4346 1.
2751 4287 2953 4362 22-24).
2983 4289 3061 4347 Ob
3086 4289 3188 4347 hoc
3212 4293 3383 4363 ipsum
3406 4308 3618 4364 quoque
3640 4295 3851 4351 dicebat

2258 4382 2517 4452 propheta
2543 4424 2561 4449 ,
2603 4380 2835 4436 Pretiosa
2862 4383 2913 4436 in
2939 4393 3209 4453 conspectu
3247 4382 3454 4438 Domini
3485 4402 3618 4438 mors
3649 4397 3851 4440 sancto-

2257 4483 2370 4525 rum
2395 4473 2503 4542 ejus
2527 4470 2696 4541 (Psat.
2730 4472 2852 4526 iis.
2890 4471 2993 4542 15)
3027 4488 3038 4524 :
3071 4489 3175 4527 non
3207 4474 3521 4543 simpliciter
3548 4489 3725 4540 mors,
3755 4479 3852 4531 sed

2258 4577 2405 4617 mors
2433 4562 2713 4632 ejusmodi.
2747 4561 2814 4617 Et
2851 4578 3036 4616 rursus
3075 4564 3305 4628 alicubi,
3352 4564 3496 4619 Mors
3527 4577 3852 4634 peccatorum

2259 4654 2476 4724 pessima
2503 4652 2522 4726 (
2551 4651 2691 4706 Paul.
2723 4652 2812 4708 55.
2839 4651 2973 4723 22).
3009 4653 3167 4708 Vides
3216 4654 3316 4709 hoc
3359 4669 3568 4725 quoque
3616 4657 3852 4711 medium

2259 4761 2377 4800 esse
2397 4788 2412 4811 ,
2443 4761 2542 4800 nec
2572 4745 2814 4800 absolute
2857 4745 3056 4800 bonum
3086 4786 3101 4810 ,
3148 4760 3247 4801 nec
3289 4747 3412 4802 item
3454 4744 3701 4804 absolute
3733 4765 3852 4802 ma-

2259 4837 2388 4902 lum,
2414 4838 2506 4893 sed
2535 4852 2634 4908 pro
2661 4839 2863 4893 ratione
2890 4838 3052 4892 animi
3076 4848 3128 4893 et
3153 4837 3374 4893 ail‘eclus
3400 4855 3584 4894 eorum
3607 4856 3636 4894 a
3658 4843 3853 4911 quibus

2260 4929 2388 4984 illud
2419 4930 2720 4999 excipitur?
2760 4929 2962 4983 Idcirco
2994 4937 3050 4983 et
3090 4930 3516 4998 sapientissimus
3545 4930 3800 4986 Salomon
3835 4974 3848 4994 ,

2261 5021 2386 5075 dum
2415 5021 2695 5076 utilitatem
2727 5029 3111 5074 commemorat
3135 5057 3154 5085 ,
3186 5035 3305 5090 qua:
3334 5021 3387 5074 in
3417 5021 3594 5074 medio
3623 5021 3851 5076 istarum

2261 5122 2341 5167 est
2371 5112 2536 5180 posita
2563 5151 2578 5176 ,
2621 5114 2675 5164 et
2704 5109 2769 5164 de
2801 5109 2882 5163 his
2912 5109 3338 5179 philosophatur,
3372 5109 3711 5180 ostenditque
3744 5125 3852 5164 nou

2263 5203 2363 5258 hoc
2391 5203 2634 5257 absolute
2665 5201 2861 5255 bonum
2889 5216 3009 5256 esse
3035 5244 3047 5266 ,
3079 5211 3134 5255 et
3163 5201 3290 5255 illud
3323 5202 3522 5256 malum
3549 5242 3563 5267 ,
3595 5203 3688 5257 sed
3721 5217 3853 5257 C(lll-

2259 5293 2491 5349 venienti
2531 5307 2653 5348 eum
2685 5300 2924 5363 tempore
2955 5291 3073 5346 ﬁeri
3105 5292 3242 5346 bona
3269 5333 3283 5355 ,
3321 5293 3447 5348 licet
3475 5295 3700 5348 molesta
3732 5309 3851 5348 esse

2261 5387 2557 5451 videantur,
2586 5383 2660 5455 (a)
2681 5383 2756 5457 [et
2777 5384 2932 5448 maia,
2962 5384 3086 5439 licet
3110 5384 3344 5454 jucunda
3370 5399 3488 5440 esse
3510 5385 3794 5440 videantur
3822 5385 3850 5457 ι]

2261 5493 2381 5532 cum
2411 5491 2514 5531 non
2540 5475 2873 5530 eonvenienti
2904 5476 3035 5530 tiunt
3063 5487 3320 5546 tempore,
3352 5475 3565 5530 dicebat
3595 5476 3851 5546 :Temptzs

2261 5569 2418 5640 ﬂendi
2444 5579 2489 5622 et
2517 5578 2709 5636 tempus
2736 5567 2934 5622 ridendi
2955 5589 2972 5622 .-
2993 5578 3186 5639 tempus
3214 5569 3428 5635 vivendi,
3455 5576 3502 5621 et
3530 5577 3724 5638 tempus
3746 5585 3850 5621 mn-

2326 5726 2398 5788 (a)
2430 5733 2541 5784 Qute
2558 5725 2748 5788 uncinis
2771 5724 3059 5774 clauduntur
3081 5724 3262 5773 desunt
3285 5723 3334 5772 in
3381 5729 3544 5771 Greco
3559 5735 3574 5782 ;
3591 5783 3600 5788 _
3615 5721 3702 5788 sed
3727 5720 3807 5768 de:
3822 5720 3849 5768 i-

2262 5783 2494 5838 derantur
2516 5787 2573 5835 ad
2597 5788 2797 5851 seriem,
2825 5800 2983 5851 eaque
3006 5793 3178 5836 Fronto
3217 5793 3434 5845 Ducazus,
3454 5797 3550 5832 non
3573 5783 3721 5832 dubia
3737 5794 3807 5830 co:
3822 5805 3848 5828 ιο

2261 5853 2468 5911 jectura,
2493 5847 2754 5911 supplevit.
