4048 6464
249 408 364 463 147

872 392 939 447 IN
979 392 1187 449 ILLUD
1225 392 1455 461 ISAIE.
1498 396 1634 455 EGO
1664 390 1979 449 DOMINUS
2024 390 2205 448 DEUS
2244 391 2396 449 FECI
2430 393 2690 459 LUMEN,
2724 394 2877 450 ETC.

3403 407 3514 467 148

242 512 467 574 πλοῦτος
496 509 656 563 πάλιν
680 510 825 563 δοκεῖ
848 510 947 581 μὲν
968 511 1183 573 πολλοῖς
1204 506 1342 565 εἶναι
1367 512 1552 573 καλὸν,
1578 509 1677 563 οὐκ
1700 507 1817 560 ἐστι
1924 506 2072 577 αύτῷ
2099 507 2460 577 χρησάμενος.
2501 510 2709 577 Ἔδειξε
2730 510 2785 563 δὲ
2818 512 2909 564 καὶ
2938 510 3030 564 ἐπὶ
3068 509 3160 563 τοῦ
3191 511 3445 584 Λαζάρου
3473 521 3502 571 6

239 596 294 647 δὲ
329 594 517 656 ἀπλῶς
556 593 739 655 καλὸν,
770 596 819 647 εἰ
865 597 938 664 μή
967 612 1051 658 τις
1080 596 1159 658 εἰς
1192 595 1309 648 δέον
1348 593 1496 663 αὑτῷ
1538 593 1816 663 χρώμενος

1926 592 2196 659 πλούσιος,
2235 596 2327 648 ἐπὶ
2361 596 2603 667 ἀπωλείᾳ
2649 599 2750 666 τῆς
2785 598 2980 652 ἑαυτοῦ
3014 600 3257 670 κεφαλῆς
3279 604 3349 654 τὰ
3372 603 3502 657 ὄντα

238 678 345 747 εἴη.
370 678 433 730 Εἰ
460 677 567 747 γὰρ
600 676 784 740 ἁπλῶς
814 677 977 730 καλὸν
998 673 1065 748 ἦν
1094 680 1122 730 ὁ
1148 676 1395 739 πλοῦτος.
1427 676 1531 730 ἔδει
1567 676 1662 729 καὶ
1692 676 1818 739 τυὺς
1920 682 2257 753 δαπανήσας.
2299 683 2437 737 Οὔτε
2473 682 2566 738 οὖν
2592 686 2756 739 καλὸν
2796 688 2984 751 ἁπλῶς
3014 690 3043 742 ό
3082 688 3331 754 πλοῦτος,
3374 690 3500 744 οὔτε

238 764 461 832 ἔχοντας
488 762 648 814 αὑτὸν
676 758 812 815 εἶναι
834 762 1051 823 καλούς·
1096 764 1144 814 εἰ
1173 762 1230 815 δὲ
1261 762 1322 814 ού
1364 762 1562 823 πάντες
1589 763 1639 813 οἱ
1660 760 1819 813 πλου-

1925 770 2117 824 κακόν.
2147 771 2210 823 Εἰ
2241 770 2405 824 καλὸν
2435 767 2505 843 ἦν
2542 773 2747 837 ἁπλῶς,
2782 775 2897 828 ἀλλ’
2937 776 3059 846 οὐχὶ
3095 776 3281 847 μέσον,
3312 779 3409 831 οὐκ
3434 779 3501 832 ἀν

236 845 455 932 τοβντες
475 847 764 932 ξνᾴρεῖφιν
805 846 930 932 ἀξλλί
956 846 1005 932 OF
1031 845 1234 932 3mm}?
1256 844 1331 913 τῷ
1359 843 1577 932 πλ-ούτίθξ
1613 861 1820 932 κεχρνλ·
1926 860 1954 911 6
1981 860 2071 911 ἐπὶ
2100 858 2193 912 τοῦ
2224 860 2473 932 Λαζάρου
2518 862 2772 927 πλούσιος
2811 843 3036 919 τοιαῦτα
3076 843 3364 930 ἐκολάζετο
3385 882 3400 897 ’
3450 870 3501 921 εἰ

237 930 413 997 μένοι,
441 926 662 997 εῦδηλον
680 930 759 980 ὅτι
791 929 888 998 οὐχ
910 928 1094 991 ἁπλῶς
1117 928 1249 982 αὐτὸ
1280 928 1399 980 καθ’
1427 926 1585 979 tau-.6
1604 929 1631 979 6
1660 927 1817 979 πλοῦ-

234 1030 326 1075 τος
376 1012 558 1075 καλὸν,
610 1012 722 1063 ἀλλ’
757 1010 853 1078 ὕλη
898 1012 979 1067 τίς
1028 1013 1175 1064 ἐστιν
1219 1011 1419 1081 ἀρετῆς
1463 1012 1519 1062 ὲν
1552 1008 1627 1079 τῷ
1669 1012 1816 1080 μέσῳ

235 1096 485 1167 κειμένη,
518 1096 715 1149 Σκόπει
747 1094 820 1148 δέ.
865 1095 1014 1147 Εἰσὶν
1049 1097 1105 1146 ὲν
1146 1093 1224 1164 τῷ
1265 1095 1475 1161 σώματι
1511 1094 1813 1162 ποιότητες,

232 1181 295 1242 ἃς
331 1182 378 1231 οἱ
408 1180 621 1248 ἔχοντες
664 1178 755 1230 ἀπ’
782 1178 960 1231 αὐτῶν
990 1176 1299 1231 καλοῦνται.
1330 1173 1453 1230 Οἷόν
1477 1195 1528 1229 τι
1554 1176 1722 1243 λέγωο
1755 1175 1809 1228 τὲ

232 1265 427 1317 λευκὸν
456 1266 555 1317 οὐκ
595 1264 741 1316 ἐστιν
777 1263 954 1320 ούσία,
981 1262 1114 1315 ἀλλά
1138 1263 1377 1331 ποιότης,
1415 1263 1506 1315 καὶ
1536 1260 1805 1331 συμϐεϐη-

232 1350 330 1410 κὸς
363 1348 739 1417 ὲπιγινόμενον
776 1350 839 1417 τῇ
877 1347 1057 1416 οὐσία·
1100 1347 1166 1398 ἂν
1201 1341 1293 1399 οὖν
1314 1363 1418 1397 τινι
1446 1345 1813 1417 προσγένηται

229 1433 411 1492 τοῦτο,
435 1430 625 1484 λευκὸν
642 1433 733 1483 τὸν
752 1430 992 1482 τοιοῦτον
1015 1428 1504 1497 καλοῦμεν.’”Εστιν
1533 1427 1813 1498 ἀρρωστία

232 1518 395 1569 πάλιν
430 1518 524 1569 καὶ
567 1516 703 1585 αύτὴ
740 1515 959 1585 ποιότης
1001 1532 1086 1575 τις
1119 1510 1257 1567 οὖσα
1289 1514 1381 1566 καὶ
1432 1511 1811 1583 συμϐεϐηκός·

229 1602 333 1651 κάν
364 1618 469 1652 τινι
510 1600 913 1670 προσγένηται,
960 1599 1240 1669 ἄρρωστον
1288 1598 1378 1651 τὸν
1427 1596 1667 1650 τοιοῦτον
1714 1613 1813 1649 κα-

227 1684 451 1753 λοῦμεν.
486 1685 547 1736 Εἰ
586 1684 763 1736 τοίνυν
798 1683 890 1735 καὶ
924 1681 952 1732 6
987 1681 1214 1744 πλοῦτος
1246 1676 1314 1751 ἦν
1350 1680 1539 1751 ἀρετὴ.
1580 1680 1685 1733 ἔδει
1723 1679 1813 1732 τὸν

228 1768 423 1836 ἔχοντα
463 1767 551 1820 τὸν
582 1766 808 1819 πλοῦτον
842 1766 1093 1836 ἐνάρετον
1125 1759 1265 1818 εἶναι
1307 1765 1397 1816 καί
1435 1762 1721 1831 λέγεσθαι·
1764 1762 1812 1814 εἰ

225 1854 282 1905 δὲ
318 1852 380 1903 ού
413 1851 629 1913 πάντως
659 1853 686 1903 6
724 1849 974 1913 πλούσιος
1022 1849 1297 1920 ἐνάρετος,
1328 1848 1428 1901 οὐκ
1466 1846 1654 1917 ἀρετὴ,
1690 1844 1812 1899 οὐδὲ

228 1936 397 1987 καλὸν
423 1939 450 1988 ὁ
485 1934 716 1997 πλοῦτος
756 1933 961 1997 ἁπλῶς,
1002 1932 1135 1987 ἀλλά
1160 1933 1308 2004 παρά
1332 1931 1428 2000 τὴν
1453 1930 1677 1999 γνώμην
1715 1927 1810 1981 τοῦ

227 2017 514 2087 χρωμένου
545 2017 701 2071 τοῦτο
729 2018 958 2087 γίνεται.
985 2016 1153 2070 Πάλιν
1183 2018 1215 2087 ἡ
1254 2014 1413 2068 πενία
1445 2021 1491 2067 εἰ
1532 2012 1697 2067 κακὸν
1720 2007 1807 2083 ἦν,

226 2104 339 2155 ἔδει
373 2103 499 2164 τοὺς
523 2105 580 2156 ὲν
600 2102 761 2172 πενία
795 2101 1040 2165 ἅπαντας
1071 2098 1208 2154 εἶναι
1235 2099 1467 2161 κακούςο
1509 2100 1556 2150 εἰ
1594 2097 1650 2149 δὲ
1678 2096 1809 2148 πολ-

224 2186 309 2237 λοι
330 2186 439 2237 τῶν
465 2188 521 2237 ὲν
546 2186 707 2255 πενίᾳ
741 2186 909 2238 ὄντων
944 2185 1050 2238 τῶν
1074 2185 1131 2237 ού
1142 2183 1318 2255 ρανῶν
1342 2180 1683 2239 ἐπελάϐοντο,
1710 2179 1811 2233 ούκ

224 2271 335 2339 ἄρα
372 2271 404 2337 ἡ
443 2268 600 2321 πενία
637 2272 825 2322 κακόν.

294 2370 356 2423 δ’.
396 2371 460 2421 Τί
484 2366 598 2435 οὖν,
621 2371 703 2423 ὅτι
728 2369 913 2422 πολλοὶ
935 2367 1313 2438 βλασφημοῦσι
1334 2366 1422 2421 διὰ
1451 2366 1547 2436 τὴν
1578 2366 1807 2431 πενίαν;

224 2460 409 2526 φησίν.
446 2457 521 2513 Οὐ
546 2458 633 2511 διὰ
655 2459 754 2528 τὴν
778 2458 988 2522 πενίαν,
1022 2456 1157 2509 ἀλλὰ
1180 2456 1265 2509 διὰ
1294 2456 1390 2527 τὴν
1413 2455 1619 2508 οἰκείαν
1650 2456 1811 2522 ἀφρο-

223 2546 391 2614 σύνην
415 2563 471 2596 τε
509 2547 601 2599 καὶ
628 2546 993 2615 μικροψυχίαν
1018 2545 1177 2599 τοῦτο
1201 2545 1431 2598 ποιοῦσι.
1467 2544 1576 2596 Καὶ
1605 2541 1808 2594 τούτων

220 2634 495 2700 ἀπόδειξις
519 2637 545 2687 6
571 2635 838 2703 μακάριος
865 2634 1005 2696 Ἰὼϐ,
1024 2634 1081 2698 ὃς
1106 2638 1165 2689 ὲν
1198 2636 1401 2704 ἐσχάτῃ
1424 2632 1581 2701 πενία
1595 2630 1689 2695 ὢν,
1713 2629 1807 2682 καὶ

221 2723 359 2796 πρός
388 2725 521 2777 αὐτὸ
556 2726 653 2792 τῆς
696 2726 883 2786 πενίας
916 2725 1258 2794 κατενεχθεες
1308 2722 1370 2775 1'6
1404 2722 1697 2792 βάραθρον.
1743 2723 1804 2773 06

224 2813 386 2882 μόνον
412 2814 512 2865 οὐκ
544 2814 990 2884 ἐϐλασφήμησεν,
1016 2814 1125 2866 ἀλλ’
1164 2811 1400 2879 εὐλογῶν
1438 2811 1527 2863 τὸν
1557 2809 1687 2862 Θεὸν
1706 2809 1809 2861 διε-

217 2902 386 2967 τέλει,
423 2902 629 2969 λέγων*
691 2902 753 2955 '0
798 2904 1010 2967 Κύριος
1045 2900 1287 2962 ἔδωκεν,
1314 2904 1345 2953 ό
1382 2900 1592 2967 Κύριος
1639 2898 1805 2966 ἀφεί-

215 2995 385 3043 λετο·
423 2992 504 3055 ὡς
537 2988 615 3055 τῷ
638 2991 833 3056 Κυρίῳ
852 2990 1085 3054 ἔδοξεν,
1114 2989 1267 3043 οὕτω
1301 2988 1397 3042 καὶ
1422 2986 1659 3055 ἐγένετο
1680 3003 1691 3014 ·
1713 2986 1805 3053 εἴη

218 3080 285 3130 τὸ
332 3080 517 3145 ὄνομα
565 3080 785 3146 Κυρίου
818 3079 1229 3148 εὐλογημένον
1266 3078 1353 3143 εἰς
1388 3075 1530 3141 τοὺς
1564 3073 1802 3139 αἰῶνας.

230 3168 394 3220 ’Λλλά
425 3168 520 3220 καὶ
548 3169 637 3220 διὰ
667 3170 759 3221 τὸν
784 3168 1012 3222 πλοῦτον
1043 3166 1251 3230 πολλοὶ,
1288 3166 1472 3234 φησιν,
1500 3162 1805 3233 ἁρπάζουσι

217 3261 315 3307 καὶ
362 3256 803 3308 πλεονεκτοῦσιν.
854 3256 992 3307 Ἀλλ’
1018 3255 1077 3307 ού
1115 3254 1201 3305 διὰ
1255 3252 1346 3305 τὸν
1383 3251 1631 3314 πλοῦτον,
1671 3248 1804 3301 ἀλλά

214 3344 308 3397 διὰ
334 3350 432 3413 την
461 3345 669 3396 οἰκείαν
702 3343 1047 3415 ἀφροσύνηψ
1077 3342 1172 3395 καὶ
1188 3339 1377 3394 τούτου
1413 3340 1623 3410 μάρτυς
1645 3337 1806 3390 πάλιν

214 3436 243 3484 ὁ
279 3433 441 3495 αὐτὸς
493 3431 778 3499 ἄνθρωπος
822 3423 996 3493 οὗτος,
1032 3429 1088 3493 ὃς
1125 3431 1181 3482 ὲν
1225 3428 1463 3497 τοσούτῳ
1495 3424 1709 3494 πλούτῳ
1743 3423 1804 3476 ού

220 3522 387 3589 μόνον
421 3522 517 3590 οὐχ
548 3520 763 3591 ἥρπασε
803 3519 870 3573 τὰ
896 3518 1119 3589 ἑτέρων,
1165 3516 1303 3570 ἀλλά
1339 3515 1431 3569 καὶ
1463 3516 1531 3568 τά
1561 3516 1735 3568 οἰκεῖα
1778 3525 1804 3553 ι

215 3608 463 3681 [ὲδίδου],
496 3612 591 3661 καὶ
633 3608 828 3677 λιμένα
868 3610 981 3669 τοῖς
1009 3607 1180 3673 ξένοις
1211 3605 1629 3668 κατεσκεύαζεν,
1666 3602 1807 3656 οὓτω

212 3697 422 3763 λέγων·
469 3697 529 3751 Ἡ
572 3697 730 3749 οἰκία
774 3712 893 3762 μου
930 3694 1111 3748 παντὶ
1154 3693 1306 3757 ξένῳ
1364 3691 1513 3764 [151]
1567 3692 1807 3745 ἐλθόντι

212 3786 503 3848 ᾐνέῳκτο.
548 3785 657 3835 Καὶ
706 3787 732 3836 6
774 3782 1027 3852 Ἀϐραὰμ
1074 3780 1303 3835 πλοῦτον
1346 3780 1601 3833 τοσοῦτον
1644 3778 1802 3848 ἔχων,

213 3878 329 3935 τοῖς
367 3873 624 3943 παριοῦσι
652 3874 828 3925 πάντα
852 3872 1093 3925 ἐδαπάνα
1116 3887 1127 3899 ·
1163 3871 1257 3924 καὶ
1286 3869 1407 3923 οὔτε
1443 3868 1652 3932 τοῦτον,
1681 3867 1804 3922 οῦτε

214 3964 425 4015 ἐκεῖνον
468 3962 797 4029 πλεονέκτην
834 3963 861 4013 6
896 3959 1123 4023 πλοῦτος
1154 3959 1425 4028 ἐποίησεν,
1460 3958 1650 4029 ῶσπερ
1686 3957 1805 4010 οὐδὲ

227 4051 551 4119 βλάσφημον
585 4047 709 4100 οῦτε
739 4050 969 4109 ἐκεῖνον,
998 4047 1123 4100 οὒτε
1151 4048 1241 4100 τὸν
1270 4046 1519 4115 Λάζαρον
1548 4049 1579 4116 ἡ
1612 4047 1801 4100 πενία·

215 4140 332 4191 ἀλλ’
376 4139 519 4189 οὕτω
554 4135 854 4205 διέλαμψαν
899 4136 1171 4204 ἑκάτεροι,
1208 4134 1343 4205 μηδὲ
1378 4137 1475 4205 τῆς
1503 4134 1804 4200 ἀναγκαίας

220 4224 586 4294 εὐποροῦντες
611 4227 842 4295 τροφῆς,
868 4226 945 4285 ὡς
976 4223 1067 4275 τὸν
1100 4224 1197 4291 μὲν
1246 4222 1395 4291 παρὰ
1423 4220 1513 4273 τοῦ
1550 4220 1682 4273 Θεοῦ
1720 4220 1804 4272 δέ·

218 4312 415 4378 ξασθαι
444 4311 541 4381 τὴ·Ι
576 4311 899 4382 μαρτυρίαν,
930 4309 1022 4362 τοῦ
1051 4310 1115 4362 τὰ
1146 4309 1433 4380 ἀπόρρητα
1460 4308 1646 4376 σαφῶς
1676 4306 1807 4359 εἰδό-

214 4418 307 4462 τος
330 4418 341 4430 ⁸
380 4400 469 4451 τὸν
504 4400 559 4451 δὲ
588 4400 694 4451 ὑπὸ
722 4399 829 4451 τῶν
878 4398 1124 4466 ἀγγέλων
1160 4396 1584 4467 προηγουμένων
1632 4394 1804 4459 οὕτως

217 4486 473 4540 ἐντεῦθεν
508 4486 897 4554 ἀπενεχθῆναι,
931 4485 1024 4537 καὶ
1058 4484 1359 4554 ὁμόσκηνον
1386 4483 1463 4553 τῷ
1492 4484 1805 4554 πατριάρχῃ

219 4576 495 4644 γενέσθαι,
550 4577 643 4628 καὶ
687 4575 794 4628 τῶν
844 4574 1064 4641 ἀγαθῶν
1094 4573 1410 4639 ἀπολαύειν,
1450 4566 1523 4626 ὧν
1578 4576 1801 4635 ἐκεῖνος.

223 4667 363 4732 Ἄρα
419 4662 527 4714 τῶν
580 4663 759 4731 μέσων
798 4662 973 4715 ταῦτά
1018 4664 1153 4722 ἐστι,
1214 4661 1369 4714 πενία
1415 4662 1507 4714 καὶ
1555 4660 1803 4725 πλοῦτος,

223 4752 406 4815 ὑγίεια
426 4751 517 4800 καί
539 4749 713 4809 νόσος,
750 4749 844 4800 καὶ
878 4747 991 4816 ζωὴ
1019 4749 1112 4800 καὶ
1139 4746 1533 4810 θάνατος,δόξα
1546 4748 1803 4817 καὶτιμὴ,

218 4836 433 4889 δουλεία
464 4835 557 4887 καὶ
608 4834 907 4903 ἐλευθερία,
955 4833 1049 4885 καὶ
1088 4834 1185 4885 ὅσα
1210 4833 1435 4885 τοιαῦτα
1456 4852 1469 4864 ·
1502 4835 1562 4884 ού
1596 4832 1703 4903 γὰρ
1728 4835 1806 4885 δεῖ

220 4926 399 4977 πάντα
434 4923 665 4979 ἐπιέναι,
698 4919 838 4971 ὥστε
871 4920 943 4989 μὴ
976 4919 1237 4989 μηκύνειν
1264 4920 1352 4971 τὸν
1381 4921 1556 4986 λόγον,
1588 4920 1722 4972 ἀλλά
1746 4922 1804 4972 ἐν

218 5012 427 5071 τούτοις
480 5009 788 5076 παρέχοντα
823 5008 951 5075 ὑμῖν
986 5008 1260 5075 ἀφορμὰς,
1312 5008 1403 5059 ἑ.πί
1436 5009 1505 5059 τὰ
1554 5007 1804 5059 κατεπεί-

218 5114 392 5163 γοντα
426 5094 681 5161 βαδίζειν.
726 5093 902 5147 Δίὸου
944 5096 1073 5163 γὰρ,
1107 5095 1257 5163 φησί,
1305 5094 1476 5162 σοφῷ
1502 5095 1800 5163 ἀφορμὴν,

220 5184 319 5237 καί
351 5182 691 5251 σοφώτερος
716 5181 909 5235 ἔσται.
951 5182 1091 5252 ’Ἀρα
1121 5181 1227 5233 τῶν
1265 5183 1444 5251 μέσων
1488 5182 1661 5235 ταῦτά
1690 5185 1803 5235 ἐστι

220 5273 422 5334 πάντα,
456 5272 531 5333 ὼς
578 5271 785 5333 τούτοις
817 5269 911 5321 καὶ
940 5272 1017 5332 εἰς
1062 5270 1245 5334 καλὸν,
1284 5272 1375 5323 καὶ
1418 5274 1493 5333 εἰς
1535 5272 1721 5335 κακὸν,
1757 5273 1803 5323 οἰ

220 5359 498 5428 χρώμενοι
528 5358 757 5411 δύναιντ’
802 5358 863 5410 ἄν
915 5359 964 5409 b.
1006 5359 1123 5410 Ὅτι
1162 5358 1269 5429 γὰρ
1316 5358 1423 5411 τῶν
1476 5361 1653 5429 μέσων
1690 5362 1804 5412 έστί

216 5449 419 5510 ταῦτα,
466 5442 541 5501 ῶν
579 5451 606 5499 6
654 5448 901 5510 πλοῦτος,
939 5446 1136 5510 ἔδειξεν
1180 5450 1207 5499 ό
1263 5448 1530 5518 Ἀϐραὰμ,
1568 5450 1645 5509 εἰς
1688 5448 1803 5499 δέον

280 5640 305 5665 ⁸
329 5633 549 5681 Verbum
578 5634 730 5681 ἐδίδου
767 5632 897 5681 inter
920 5632 1043 5678 duos
1080 5632 1284 5679 uncinos
1322 5633 1588 5693 posuimus,
1614 5637 1669 5680 υι
1689 5644 1805 5679 con-

211 5698 403 5758 jectura
426 5698 636 5757 positum
656 5698 1035 5758 declararemus.

277 5760 307 5797 δ
330 5753 543 5805 Βανὶιίιιε
567 5763 704 5825 ριιιει
729 5756 994 5825 ιεςςηόυῐῐι
1015 5753 1095 5800 καὶ
1110 5756 1193 5825 ἐἰς
1214 5755 1365 5825 κακόν
1380 5755 1803 5825 χρῆσθαιξύναινγ

210 5819 288 5877 ἄν,
316 5826 369 5867 ει
397 5832 513 5866 vere
556 5814 735 5867 melius
758 5814 987 5866 b‘abcret:
1033 5814 1121 5863 sed
1162 5827 1275 5864 mss.
1302 5814 1525 5867 σεειὶιυιί
1550 5818 1670 5865 nihil
1698 5830 1804 5866 mu-

213 5889 320 5930 tare
347 5881 597 5930 audemus.

1922 947 2093 1000 κακὸν
2118 944 2207 1016 ἦν,
2239 948 2339 1001 οὐκ
2370 949 2435 1001 ἂν
2485 950 2736 1020 Ἀϐραὰμ
2771 951 2939 1016 οῦτως
2985 952 3309 1024 εὐδοκίμησε
3344 953 3501 1007 πλού-

1922 1050 2032 1097 σιος
2058 1034 2153 1089 ὥν.
2183 1035 2436 1090 Τοιοῦτόν
2466 1054 2517 1088 τι
2542 1040 2691 1107 καὶὴ
2722 1038 2875 1103 νόσος
2900 1039 3063 1092 ἐστίν.
3099 1041 3163 1093 Εἰ
3194 1041 3301 1111 γὰρ
3330 1045 3500 1094 κακὸν

1916 1117 1985 1193 ἦν
2020 1125 2053 1194 ἡ
2080 1125 2261 1193 νόσος,
2287 1124 2392 1178 ἔδει
2418 1126 2512 1180 καὶ
2532 1127 2721 1181 τοῦτον
2749 1138 2771 1165 ο
2797 1128 2966 1181 κακόν
2992 1124 3131 1182 εῖναι
3163 1130 3254 1183 τὸν
3283 1130 3496 1200 έχοντα.

1922 1211 2066 1282 ’Ἄρα
2096 1212 2189 1265 καὶ
2220 1212 2483 1283 ’Τιμόθεος
2510 1213 2735 1285 ἔμελλεν
2764 1211 2902 1269 εἶναι
2930 1216 3070 1269 κατά
3102 1217 3260 1270 τοῦτο
3305 1219 3495 1281 κακὸς,

1918 1298 2119 1371 ἐσχάτῃ
2153 1300 2292 1369 νόσῳ
2328 1299 2590 1353 παλαίων.
2639 1303 2793 1368 Οἵνῳ
2825 1302 2932 1371 γὰρ
2964 1304 3146 1373 ὀλίγῳ
3167 1303 3308 1373 χρῶ,
3341 1306 3495 1376 φησὶ,

1916 1384 2012 1438 διὰ
2033 1386 2141 1439 τὸν
2169 1388 2477 1457 στόμαχόν
2506 1404 2643 1453 σου,
2668 1390 2764 1442 καὶ
2794 1390 2900 1456 τὰς
2928 1390 3163 1457 πυκνάς
3187 1410 3302 1448 σου
3321 1394 3499 1447 ἀσθε-

1916 1473 2101 1538 νείας.
2137 1474 2199 1527 Εἰ
2236 1475 2292 1527 δὲ
2322 1474 2380 1526 ού
2414 1474 2573 1544 μόνον
2624 1476 2793 1539 κακὸς
2825 1477 2923 1530 ούκ
2951 1473 3017 1549 ἦν
3046 1478 3325 1541 ἐντεῦθεν,
3364 1479 3498 1534 ἀλλά

1917 1560 2009 1613 καὶ
2035 1560 2230 1613 πολλοῦ
2257 1560 2449 1631 μισθοῦ
2466 1562 2783 1634 προσθήκην
2802 1563 3095 1634 ἐλάμϐανε,
3118 1569 3378 1633 γενναίως
3400 1569 3499 1639 τὴν

1915 1647 2225 1717 ἀρρωστίαν
2264 1646 2510 1716 ἐνέγκας,
2553 1648 2773 1717 εῦδηλον
2813 1650 2894 1703 ὅτι
2928 1651 2989 1703 οὑ
3034 1652 3203 1705 κακὸν
3250 1654 3282 1723 ἡ
3322 1654 3495 1717 νόσος.

1915 1733 2027 1786 Καὶ
2048 1734 2233 1806 ἔτερος
2254 1734 2311 1788 δὲ
2336 1736 2621 1805 προφήτης
2646 1736 2771 1799 τοὺς
2794 1736 3107 1807 ὀφθαλμοὺς
3131 1740 3301 1793 νοσῶν
3325 1740 3498 1793 διετέ-

1915 1820 1997 1875 λει
2020 1839 2033 1852 ·
2062 1822 2177 1875 ἀλλ’
2199 1824 2259 1875 οὐ
2290 1822 2430 1876 κατά
2459 1822 2616 1875 τοῦτο
2635 1822 2825 1888 κακὸς,
2849 1823 2987 1876 ἀλλά
3008 1823 3101 1877 καὶ
3130 1828 3493 1896 προεφήτευε,

1920 1911 2017 1963 καὶ
2047 1911 2114 1965 τά
2137 1910 2399 1982 μέλλοντα
2424 1910 2696 1983 προεώρα,
2728 1914 2823 1965 καὶ¹
2852 1912 3004 1965 οὐδὲν
3035 1913 3068 1980 ἡ
3095 1912 3248 1975 νόσος
3281 1914 3361 1975 εἰς
3394 1915 3496 1982 τὴν

1919 1998 2121 2069 ἀρετὴν
2158 2000 2372 2067 ἐγένετο
2405 1998 2652 2069 κώλυμα.
2699 1998 2837 2051 Ἀλλ’
2864 1999 2985 2051 οὐδὲ
3025 2001 3058 2069 ἠ
3089 1999 3271 2067 ὑγίεια
3310 2000 3497 2064 ἀπλῶς

1918 2088 2105 2149 καλὸν,
2141 2088 2207 2142 ἂν
2239 2090 2312 2159 μή
2347 2106 2427 2152 τις
2461 2090 2541 2152 εἰς
2562 2088 2681 2143 δέον
2710 2090 3052 2158 κεχρημένος
3083 2088 3221 2160 αὐτῇ
3245 2090 3353 2158 εἰη.
3377 2090 3494 2143 ἀλλ’

1914 2176 1995 2238 εἰς
2020 2176 2281 2247 ἐργασίαν
2310 2176 2573 2249 πονηρὰν,
2591 2176 2623 2247 ἢ
2644 2179 2723 2240 εἰς
2746 2177 2944 2247 ἀργίαν
2969 2176 3223 2245 ἀνόητον
3245 2176 3366 2229 οὐδὲ
3388 2176 3497 2247 γάρ

1912 2263 2071 2316 τοῦτο
2114 2263 2426 2317 ἀνεύθυνον.
2458 2266 2549 2317 Διὸ
2573 2264 2668 2317 καί
2691 2266 2719 2317 ό
2759 2263 2970 2326 Παῦλος
3003 2263 3189 2331 ἔλεγεν
3215 2277 3229 2293 ·
3296 2264 3369 2318 El
3407 2282 3498 2329 nc

1912 2351 1984 2403 οὐ
2023 2350 2183 2406 θέλει
2223 2350 2585 2421 εργπάζεσθαι,
2627 2350 2780 2421 μηδὲ
2807 2352 3073 2407 ἐσθιέτω.
3129 2343 3291 2403 Ἀλλά
3321 2350 3497 2403 ταῦτα

1911 2436 2019 2489 τῶν
2056 2438 2237 2507 μέσων
2270 2439 2418 2503 ἐστὶ,
2473 2442 2623 2510 παρὰ
2673 2439 2800 2501 τοὺς
2860 2438 3179 2507 χρωμένους
3228 2438 3358 2490 ποτὶ
3398 2437 3498 2507 μὲν

1918 2524 2098 2589 τοῦτο,
2141 2526 2271 2578 ποτὲ
2300 2527 2358 2579 δὲ
2395 2529 2570 2579 έκεῖνο
2606 2527 2866 2594 γινόμενα
2888 2526 2936 2577 ἀ.
2971 2526 3081 2580 Καὶ
3110 2524 3166 2577 τί
3196 2524 3277 2577 δεῖ
3318 2524 3497 2591 λέγειν

1911 2609 2141 2677 ὑγίειαν,
2185 2612 2279 2662 καί¹
2314 2611 2486 2675 νόσον,
2525 2613 2619 2663 καὶ
2657 2611 2906 2673 πλοῦτον,
2958 2612 3054 2664 καὶ
3094 2610 3321 2675 πενίαν;
3354 2611 3497 2664 Αὐτὸ

1908 2696 2018 2767 γὰρ
2047 2698 2224 2763 τοῦτο,
2258 2698 2285 2751 6
2307 2698 2454 2751 δοκεῖ
2474 2702 2584 2762 τοῖς
2612 2700 2823 2762 πολλοῖς
2854 2694 2992 2753 εἶναι
3018 2700 3128 2752 τῶν
3154 2698 3375 2767 ἀγαθῶν
3402 2716 3495 2752 κε-

1916 2785 2165 2851 φάλαιον,
2194 2786 2415 2838 καὶτῶν
2440 2785 2625 2839 κακῶν
2648 2788 2675 2839 6
2707 2786 2969 2855 κολοφὼν,
3002 2789 3030 2840 6
3054 2786 3300 2849 θάνατος,
3330 2786 3495 2855 λέγω,

1911 2874 2006 2925 καὶ
2038 2875 2069 2943 ἡ
2104 2873 2239 2944 ζωὴ,
2268 2874 2388 2927 οὐδὲ
2412 2874 2582 2927 ταῦτα
2616 2874 2802 2937 ἁπλῶς
2829 2876 3003 2934 ἔσται,
3036 2872 3173 2926 ἀλλά
3202 2873 3297 2927 καὶ
3324 2873 3498 2927 ταῦτα

1912 2959 2066 3039 [1
2097 2961 2205 3014 τῶν
2250 2962 2451 3031 μέσων,
2490 2962 2639 3033 παρά
2666 2962 2765 3031 τὴν
2796 2961 3023 3033 γνώμην
3061 2960 3170 3014 τῶν
3199 2960 3498 3031 χρωμένων

1910 3050 2145 3119 ἑκάτερα
2169 3050 2341 3102 ταῦτα
2362 3051 2641 3119 γινόμενα.
2666 3046 2790 3102 Οἷόν
2817 3067 2868 3101 τι
2899 3050 3072 3118 λέγω·
3104 3048 3164 3101 τὸ
3184 3048 3284 3119 ζῇν
3308 3046 3495 3109 καλὸν,

1910 3136 2036 3187 ὅταν
2070 3138 2151 3197 εἰς
2181 3135 2297 3188 δέον
2339 3135 2623 3205 χρώμενος
2664 3136 2813 3203 αὒτῷ
2852 3154 2934 3199 τις
2985 3137 3101 3203 εἴη’
3138 3137 3267 3189 ὅταν
3304 3135 3361 3187 δὲ
3414 3136 3497 3196 είς

1908 3223 2285 3291 ἁμαρτήματα
2324 3222 2418 3274 καὶ
2450 3223 2817 3291 παρανομίας,
2858 3223 3043 3274 ούκέτι
3071 3222 3137 3275 ἂν
3180 3221 3263 3291 εἴη
3307 3221 3495 3287 καλὸν,

1910 3308 2044 3362 ἀλλά
2075 3308 2284 3377 βέλτιον
2302 3308 2392 3362 τὸν
2415 3310 2656 3362 τοιοῦτον
2676 3309 3015 3378 τελευτῆσαι.
3042 3309 3215 3363 Πάλιν
3234 3307 3264 3361 6
3283 3308 3497 3372 πολλοῖς

1911 3398 2145 3466 φευκτὸν
2166 3392 2303 3449 εἶναι
2332 3397 2497 3460 δοκεῖ,
2530 3398 2740 3466 μυρίων
2755 3396 2975 3463 ἀγαθῶν
2996 3394 3193 3463 γένοιτ’
3211 3395 3276 3449 ἂν
3302 3395 3494 3454 αἴτιον,

1911 3486 2038 3540 ὅταν
2083 3486 2263 3538 αἰτίαν
2296 3484 2395 3555 ἔχῃ
2435 3486 2531 3554 τὴν
2565 3486 2969 3553 προσήκουσαν.
3004 3484 3113 3536 Καὶ
3157 3482 3408 3554 δηλοῦσιν
3448 3482 3498 3535 οἰ

1914 3573 2206 3644 μάρτυρες,
2246 3573 2295 3625 οἳ
2320 3573 2537 3626 πάντων
2566 3573 2669 3623 εἰσί
2692 3572 2776 3624 διὰ
2806 3570 2903 3641 τὴν
2924 3570 3181 3641 τελευτὴν
3216 3569 3500 3641 μακαριώ-

1910 3677 2079 3731 τεροι.
2127 3660 2223 3712 Διὶ
2256 3660 2319 3730 δὴ
2356 3659 2513 3712 τοῦτο
2550 3662 2577 3711 6
2625 3658 2835 3721 Παῦλος
2875 3657 2972 3728 ούχ
3004 3658 3189 3720 ἁπλῶς
3232 3657 3496 3725 ἐπεθύμει

1916 3746 2015 3819 ζῇν
2036 3750 2092 3800 ὲν
2118 3747 2362 3818 Χριστῷ,
2382 3746 2497 3800 ἀλλ’
2520 3748 2707 3814 ἐπειδὴ
2726 3744 2883 3798 τοῦτο
2912 3744 3062 3815 αὐτῷ
3084 3742 3293 3811 καρπὸς
3308 3742 3493 3812 ἔργον.

1910 3834 2019 3889 Καὶ
2056 3837 2113 3888 τί
2136 3835 2453 3903 αἱρήσομαι
2504 3834 2632 3903 γὰρ,
2682 3834 2865 3902 φησὶν,
2912 3834 2982 3885 οὺ
3022 3830 3311 3900 γνωρίζωο
3349 3844 3499 3883 συν-

1910 3922 2118 3991 έχομαι
2152 3922 2220 3975 δὲ
2260 3924 2329 3976 ἐκ
2360 3921 2480 3975 τῶν
2522 3922 2631 3975 δύο
2655 3961 2668 3984 ,
2702 3922 2818 3985 τὴν
2848 3918 3170 3986 ἐπιθυμίαν
3205 3918 3361 3985 ἔχων
3389 3916 3498 3969 τοῦ

1910 4009 2213 4064 ἀναλῦσαι
2236 4009 2331 4063 καί
2353 4009 2475 4062 σὺν
2508 4006 2736 4075 Χριστῷ
2764 4000 2917 4058 εἶναι
2934 4023 2945 4033 ·
2967 4002 3178 4067 πολλῷ
3208 4004 3319 4070 γὰρ
3336 4002 3495 4072 μᾶλ-

1907 4099 2022 4149 λον
2048 4096 2363 4164 κρεῖσσον·
2398 4095 2464 4148 τὸ
2487 4094 2555 4146 δὲ
2576 4092 2871 4161 ἐπιμεῖναι
2898 4089 2972 4157 τῇ
3001 4088 3179 4158 σαρκί
3213 4090 3498 4159 ἀναγκαι-

1909 4185 2120 4252 ότερον
2149 4184 2223 4237 δι’
2262 4181 2439 4252 ὑμᾶς.
2482 4183 2581 4235 Διὰ
2606 4182 2671 4249 δὴ
2702 4181 2861 4233 τοῦτο
2896 4180 2991 4231 καὶ
3016 4181 3045 4231 ό
3069 4174 3380 4249 Προφήτης,
3420 4176 3501 4231 Τί-

1902 4290 2040 4341 μιος
2087 4272 2366 4327 ἐναντίον
2396 4271 2619 4338 Κυρίου
2655 4272 2687 4323 ό
2716 4268 2973 4333 θάνατος
3016 4266 3136 4319 τῶν
3167 4266 3353 4318 ὁσίων
3392 4266 3499 4317 αὑ·

1912 4360 2018 4412 τοῦ
2042 4376 2054 4388 ’
2084 4360 2181 4428 οὐχ
2221 4358 2407 4421 ἁπλῶς
2436 4360 2463 4410 6
2494 4357 2745 4419 θάνατος,
2778 4356 2891 4407 ἀλλ’
2924 4356 2952 4406 6
2998 4351 3202 4405 τοιόσδε
3245 4351 3496 4411 θάνατος.

1914 4446 2027 4499 Καὶ
2063 4446 2223 4500 πάλιν
2252 4443 2509 4514 ἀλλαχοῦ,
2537 4443 2802 4506 Θάνατος
2826 4437 3190 4509 ἁμαρτωλῶν
3209 4438 3495 4503 πονηρός.

1928 4534 2090 4605 Ὁρᾷς
2120 4536 2215 4587 καὶ
2244 4533 2401 4585 τοῦτο
2434 4531 2540 4584 τῶν
2571 4530 2771 4599 μέσων,
2807 4530 2905 4596 οὐχ
2942 4526 3125 4587 ἁπλῶς
3150 4523 3336 4588 καλὸν,
3377 4524 3499 4575 οὐδὲ

1913 4622 2098 4685 ἁπλῶς
2132 4620 2320 4683 κακὸν,
2358 4620 2472 4672 ἀλλ’
2504 4617 2613 4670 ἀπὸ
2646 4618 2743 4685 τῆς
2777 4614 3001 4684 γνώμης
3025 4614 3130 4665 τῶν
3159 4611 3497 4681 ὑποδεχομέ-

1912 4728 2018 4763 νων
2047 4711 2177 4761 αύτό
2203 4724 2215 4770 ;
2260 4707 2357 4759 Διά
2392 4706 2453 4775 δὴ
2484 4704 2644 4756 τοῦτο
2672 4705 2765 4755 καὶ
2803 4706 2830 4755 ὁ
2878 4701 3190 4769 σοφώτατος
3221 4699 3497 4770 Σολομὼν,

1913 4796 1972 4847 τὺ
2005 4797 2166 4865 μέσον
2200 4795 2406 4847 τούτων
2440 4794 2500 4845 τὸ
2533 4794 2805 4863 χρήσιμον
2848 4791 3185 4858 καταλέγων,
3216 4790 3312 4842 καὶ
3344 4790 3498 4858 φιλο-

1915 4882 2097 4949 σοφῶν
2124 4882 2264 4951 ὑπὲρ
2288 4882 2487 4942 αύτῶν,
2519 4880 2613 4932 καὶ
2633 4881 2845 4941 δεικνὺς
2872 4880 2953 4930 ὅτι
2980 4877 3077 4946 οὐχ
3114 4876 3297 4938 ἀπλῶς
3340 4875 3498 4927 τοῦτο

1911 4968 2094 5030 καλὸν,
2131 4970 2349 5022 κάκεῖνο
2386 4968 2576 5029 κακὸν,
2606 4966 2743 5021 ἀλλά
2780 4967 2914 5036 μετὰ
2948 4964 3142 5033 καιροῦ
3172 4962 3267 5014 τοῦ
3329 4978 3497 5031 προσ-

1911 5060 2135 5130 ήκοντος
2161 5059 2370 5126 γίνεται
2406 5058 2564 5121 καλὰ,
2597 5058 2698 5111 κᾶν
2719 5054 2952 5125 φορτικά
2978 5049 3116 5105 εἶναι
3134 5052 3264 5120 δοκῇ
3296 5062 3342 5115 ε,
3362 5050 3491 5102 ὅταν

1912 5147 2002 5200 τὸν
2039 5147 2229 5218 καιρὸν
2280 5148 2353 5219 μὴ
2394 5150 2490 5217 ῑχῃ
2539 5146 2628 5199 τὸν
2684 5143 3063 5214 προσήκοντα,
3124 5138 3339 5205 Καιρός
3389 5136 3495 5189 τοῦ

1910 5235 2194 5297 κλαῦσαι,
2216 5237 2311 5289 καί
2332 5235 2537 5301 καιρὸς
2559 5232 2666 5284 τοῦ
2692 5228 2961 5298 γελάσαι,
2977 5226 3151 5293 ἔλεγε,
3172 5224 3376 5293 καιρός
3389 5225 3495 5277 τοῦ

1911 5320 2107 5389 ζῆσαι,
2138 5322 2237 5374 καί
2264 5320 2466 5387 καιρὸς
2490 5317 2591 5370 τοῦ
2622 5314 2967 5368 ἀποθανεῖν.
3004 5313 3138 5364 Οὐδὲ
3157 5312 3265 5384 γὰρ
3288 5329 3496 5365 παντα-

1894 5410 2003 5478 ¹χοῦ
2041 5412 2100 5463 τὸ
2130 5410 2349 5480 χαίρειν
2376 5408 2559 5471 καλὸν,
2590 5406 2703 5457 ἀλλ’
2735 5404 2881 5459 ἔστιν
2910 5404 3043 5457 ὅπου
3079 5402 3171 5455 καί
3195 5401 3455 5472 βλαϐερόν
3481 5418 3493 5429 ·

1974 5572 2001 5641 ε.
2026 5567 2310 5629 Legendum
2336 5573 2467 5615 esset
2492 5566 2573 5612 καὶ
2600 5564 2793 5625 ταύτην,
2834 5564 3102 5612 secundum
3138 5559 3499 5623 glammalicam

1906 5642 2257 5750 δεῖῗᾶόμενα.
2288 5688 2337 5736 ln
2364 5688 2531 5737 Graeco
2558 5688 2826 5749 exemplari
2846 5681 3372 5750 γινόμενονίεεεζδαιυιυ.

1974 5754 1996 5783 θ
2047 5744 2164 5799 Post
2187 5751 2302 5810 δοκῇ
2330 5751 2604 5799 addendum
2651 5744 2863 5798 videlnr'
2886 5744 2964 5796 καί
2996 5744 3272 5812 κακὰᾲηκάν
3314 5746 3501 5812 χρῇστα

1907 5816 2022 5863 εἶναι
2047 5815 2182 5883 δοκῇ.
2208 5803 2579 5874 γριῖίδὶωἱῐείιυο
2602 5818 2673 5861 est
2700 5814 2791 5861 hoc
2813 5812 3083 5860 membrum
3110 5805 3171 5853 δι’
3201 5803 3503 5863 ὁμοιοτέλω⁶

1905 5894 1985 5924 τον
2010 5886 2270 5925 θιςιαιδςε.
