4048 6466
574 458 690 514 149

579 560 706 615 οὗτε
735 558 1012 630 πανταχοῦ
1046 558 1106 612 16
1136 558 1322 628 ἀλγεῖν
1345 560 1528 625 καλὸν,
1563 560 1677 613 ἀλλ’
1708 558 1854 610 ἐστιν
1883 557 2016 610 ὅπου
2056 554 2149 608 καὶ

580 643 880 712 θανάσιμον
923 643 1019 699 καὶ
1051 641 1315 711 ὀλέθριον.
1357 644 1466 696 Καὶ
1504 641 1659 696 τοῦτο
1695 640 1825 694 αὐτὸ
1855 639 2014 692 πάλιν
2042 637 2149 689 δει⁹

580 728 714 788 κνὺς
741 727 771 779 6
797 724 1010 787 Παῦλος
1045 724 1267 793 ἔλεγεν
1308 725 1371 779 Ἠ
1397 725 1547 779 κατὰ
1595 723 1742 777 Θεὸν
1778 723 1941 788 λύπη
1980 720 2157 789 μετὰ·

577 825 752 864 νοιαν
781 810 870 872 εἰς
903 809 1205 873 σωτηρίαν
1232 808 1682 876 ἀμεταμέλητον
1716 803 2154 872 κατεργάζεται·

580 893 618 959 ἠ
643 889 712 942 δὲ
734 889 841 943 τοῦ
863 890 1096 957 κόσμου
1120 890 1282 956 λύπη
1307 889 1564 943 θάνατον
1590 885 2012 954 κατεργάζεται.

649 979 707 1024 ε’.
763 973 929 1042 Ὁρᾷς
957 971 1054 1024 καὶ
1077 970 1238 1025 τοῦτο
1260 972 1368 1025 τῶν
1400 971 1580 1041 μέσων
1607 971 1699 1033 δν;
1730 965 1938 1021 Οὐκοῦν
1976 967 2067 1020 καὶ
2097 967 2158 1019 τὸ

578 1054 820 1108 ἐναντίον
848 1054 1012 1108 αὐτοῦ
1043 1053 1151 1106 τῶν
1186 1054 1384 1124 μέσων,
1415 1053 1472 1106 16
1513 1052 1722 1122 χαίρειν
1754 1050 1918 1118 λέγω.
1956 1049 2157 1118 Διόπερ

576 1139 676 1208 οὐχ
701 1137 889 1200 ἁπλῶς
919 1137 1128 1208 χαίρειν
1149 1137 1452 1200 ἐκέλευσεν,
1473 1135 1607 1187 ἀλλὰ
1628 1135 1840 1203 χαίρειν
1869 1134 1926 1186 ἐν
1948 1130 2156 1200 Κυρίῳ.

591 1219 731 1273 Ἀλλ’
760 1222 789 1272 6
813 1219 912 1290 μὲν
940 1218 1048 1271 τῶν
1082 1218 1261 1288 μέσων
1289 1218 1444 1285 λόγος
1468 1217 1667 1279 ἱκανῶς
1698 1218 1828 1286 ἡμῖν
1849 1213 2154 1284 διευκρινη-

575 1320 689 1364 ται,
720 1304 832 1370 είγε
857 1303 1134 1371 ἀκροατὰς
1158 1301 1269 1372 ἔχει
1302 1301 1693 1372 προσέχοντας·
1728 1298 1865 1351 ἰτέον
1884 1298 1941 1350 66
1973 1297 2157 1349 λοιπὸν

578 1386 671 1439 ἐπὶ
697 1386 767 1438 τὰ
811 1385 885 1455 μὴ
915 1384 1076 1455 μέσα,
1111 1383 1245 1436 ἀλλὰ
1276 1384 1368 1435 ἐπὶ
1393 1383 1462 1435 τὰ
1489 1383 1649 1447 καλὰ,
1680 1381 1716 1436 ἀ
1739 1381 1836 1434 οὐκ
1860 1379 1926 1433 ἂν
1947 1378 2156 1447 γένοιτο

575 1468 746 1531 κακὰ,
776 1469 869 1520 καὶ
889 1468 980 1520 ἐπὶ
1000 1466 1068 1519 τὰ
1090 1467 1253 1528 κακά,
1286 1468 1320 1519 ἃ
1346 1468 1445 1518 οὐκ
1471 1467 1536 1519 ἂν
1555 1467 1763 1534 γένοιτο
1784 1463 1943 1516 καλά.
1973 1461 2155 1514 Ταῦτα

580 1553 678 1620 μὲν
713 1549 821 1621 γὰρ
845 1550 912 1603 τά
945 1549 1212 1619 εἰρημένα
1245 1550 1375 1602 ποτὲ
1412 1550 1512 1620 μέν
1533 1549 1708 1609 τοῦτο,
1749 1547 1877 1602 ποτέ
1898 1546 1953 1596 66
1980 1547 2154 1597 ἐκεῖνο

577 1633 815 1700 γίνεται·
860 1628 973 1686 οἷον
1015 1635 1044 1686 6
1088 1633 1316 1696 πλοῦτος
1364 1633 1495 1685 ποτέ
1543 1633 1638 1702 μὲν
1671 1631 1862 1686 κακὸν.
1896 1631 2023 1682 ὅταν
2073 1630 2153 1692 εἰς

575 1715 889 1780 πλεονεξίαν
919 1717 1245 1780 δαπανᾶται,
1275 1718 1404 1769 ποτέ
1430 1717 1486 1770 66
1523 1717 1705 1780 καλὸν,
1737 1717 1864 1768 ὃταν
1890 1715 1968 1776 εἰς
2001 1712 2151 1782 ἐλεη-

579 1800 816 1870 μοσύνην
850 1800 1205 1869 ἀναλίσκηται
1225 1818 1237 1830 ·
1270 1801 1363 1852 καὶ
1391 1800 1457 1852 τὰ
1485 1801 1617 1853 ἀλλα
1645 1796 1869 1850 τοιαῦτα
1893 1795 2032 1848 κατά
2063 1795 2154 1848 16v

575 1885 777 1936 κανόνα
803 1883 1014 1937 τοῦτον.
1050 1885 1203 1936 Ἔστι
1231 1885 1287 1936 δέ
1317 1900 1463 1947 τινα,
1497 1883 1532 1935 ἀ
1562 1884 1661 1935 οὐκ
1694 1883 1757 1936 ἀν
1789 1899 1918 1933 ποτε
1941 1881 2154 1948 γένοιτο

576 1967 754 2017 κακά·
787 1965 856 2017 τά
883 1966 960 2029 δέ,
998 1966 1216 2018 ἐναντία
1251 1966 1481 2026 τούτοις,
1512 1966 1598 2016 ἀεὶ
1630 1963 1794 2026 κακὰ,
1825 1964 1918 2015 καὶ
1949 1963 2049 2015 οὐκ
2089 1963 2153 2016 ἄν

576 2066 705 2100 ποτε
738 2048 951 2115 γένοιτο
979 2048 1153 2101 καλά·
1201 2042 1310 2100 οἷον
1343 2048 1586 2109 ἀσέϐεια,
1619 2045 1955 2117 βλασφημία,
1992 2045 2154 2098 ἀσέλ-

575 2128 891 2201 γεια,ί155]
919 2130 1161 2200 ὠμότης,
1193 2129 1580 2200 ἀπανθρωπία,
1604 2130 2032 2200 γαστριμαργία,
2059 2129 2151 2181 καί¹

573 2230 675 2265 οσα
697 2230 939 2266 τοιαῦτα.

647 2298 720 2348 Οὐ
754 2297 898 2363 λέγω
926 2299 1008 2350 ὅτι
1039 2298 1323 2368 ἄνθρωπος
1357 2297 1526 2360 κακὸς
1552 2297 1650 2350 οὐκ
1684 2297 1750 2351 ἄν
1779 2313 1909 2348 ποτε
1943 2297 2151 2364 γένοιτο

573 2379 760 2442 καλὸς,
792 2379 914 2432 οὕτε
956 2380 1120 2442 καλὸς
1148 2382 1247 2432 οὐκ
1285 2382 1348 2433 ἀν
1382 2396 1510 2432 ποτε
1539 2380 1753 2446 γένοιτο
1787 2380 1988 2441 κακόςο
2033 2379 2148 2431 ἀλλ’

573 2463 654 2514 ὅτι
686 2462 827 2514 αὐτὰ
864 2463 934 2514 τὰ
961 2463 1260 2533 πράγματα
1289 2464 1388 2514 οὐκ
1419 2463 1483 2514 ἂν
1523 2478 1649 2513 ποτε
1693 2462 1921 2530 γένοιτο.
1968 2461 2151 2514 Ταῦτα

578 2545 676 2614 μὲν
704 2545 812 2614 γὰρ
857 2545 940 2615 είη
973 2555 999 2583 α
1029 2546 1120 2597 ἐπὶ
1147 2546 1246 2614 τῆς
1286 2545 1490 2607 οἰκείας
1521 2546 1757 2608 τάξεως,
1793 2546 1862 2598 τά
1889 2562 1946 2596 τε
1986 2546 2146 2606 καλὰ,

575 2627 669 2679 καί
699 2629 768 2682 τὰ
799 2629 945 2681 κακά
969 2644 981 2656 ·
1018 2630 1046 2680 6
1077 2628 1133 2680 66
1171 2626 1477 2696 ἄνθρωπος,
1509 2629 1635 2680 ὃταν
1672 2627 1768 2697 μὲν
1812 2629 1995 2680 ἐκεῖνα
2033 2628 2151 2696 ἐλη-

572 2728 684 2771 ται,
740 2711 923 2774 καλὸς,
972 2712 1100 2764 ὅταν
1135 2711 1191 2763 66
1229 2711 1463 2769 ἐναντία,
1518 2714 1703 2774 κακός.
1749 2710 1954 2764 Οὐκοῦν
2001 2713 2150 2778 τρεῖς

572 2786 734 2845 αὗται
770 2797 954 2863 μοῖραι
974 2811 986 2823 ·
1021 2793 1088 2846 τά
1114 2795 1209 2862 μὲν
1232 2794 1340 2863 γὰρ
1361 2793 1502 2846 καλά
1529 2794 1628 2846 οὐκ
1653 2794 1717 2846 ἂν
1749 2794 1955 2860 γένοιτο
1982 2795 2145 2857 κακὰ,

571 2876 686 2934 οἷον
719 2880 1064 2951 σωφροσύνη,
1095 2880 1455 2950 ἐλεημοσύνη,
1488 2880 1582 2932 καί⁵
1604 2881 1701 2932 ὅσα
1725 2879 1945 2930 τοιαῦτα
1963 2896 1974 2907 ·
2000 2881 2066 2930 τά
2093 2880 2148 2932 δὲ

574 2965 721 3016 κακά
747 2964 846 3016 οὐκ
868 2964 931 3016 ἀν
954 2980 1083 3015 ποτε
1111 2963 1318 3029 γένοιτο
1346 2963 1506 3021 καλὰ,
1532 2959 1642 3014 οἷον
1672 2963 1950 3029 ἀσέλγεια,
1975 2963 2147 3014 ἀπανο

575 3045 813 3116 θρωπία,
871 3045 1121 3116 ὠμότης⁸
1171 3046 1236 3098 τὰ
1269 3046 1324 3098 66
1369 3046 1499 3098 ποτέ
1558 3045 1654 3115 μὲν
1683 3044 1860 3109 τοῦτο,
1914 3045 2043 3097 ποτέ
2093 3045 2149 3098 δέ

574 3131 754 3181 ἐκεῖνο
782 3129 1044 3199 γινόμενα
1072 3130 1122 3193 ι’,
1152 3129 1301 3199 παρὰ
1328 3130 1424 3196 τὴν
1452 3127 1676 3198 γνώμην
1699 3129 1807 3180 τῶν
1829 3128 2145 3199 χρωμένων.

587 3215 645 3264 '0
664 3213 892 3276 πλοῦτος
918 3212 1048 3265 ποτέ
1079 3215 1174 3282 μὲν
1205 3215 1312 3283 γὰρ
1341 3216 1419 3277 εἰς
1450 3213 1758 3278 πλεονεξίαν
1778 3213 2146 3281 ὑπηρετεῖται.

574 3296 706 3346 ποτέ
733 3296 788 3347 66
814 3297 893 3359 εἰς
921 3296 1290 3365 ἐλεημοσύνην
1311 3315 1322 3325 ·
1347 3296 1480 3348 ἀλλὰ
1512 3295 1661 3365 παρά
1686 3296 1784 3365 τὴν
1808 3295 2032 3364 γνώμην
2056 3293 2148 3346 τοῦ

573 3376 880 3446 χρωμένου.
912 3377 1078 3428 Πενία
1112 3379 1239 3429 ποτέ
1280 3379 1376 3446 μὲν
1416 3381 1495 3440 εἰς
1532 3378 1902 3447 βλασφημίαν,
1933 3379 2060 3430 ποτέ
2094 3378 2151 3429 66

575 3463 654 3522 εἰς
682 3459 958 3529 εὐφημίαν
985 3459 1080 3511 καὶ
1107 3460 1420 3526 φιλοσοφίαν
1462 3462 1835 3530 ὑπηρετεῖται.
1880 3461 2028 3511 Ἐπεὶ
2058 3457 2150 3513 οῦν

576 3542 763 3595 πολλοί
791 3543 899 3594 τῶν
922 3544 1278 3611 ἀλογωτέρων
1314 3545 1428 3606 (ἐπὶ
1450 3543 1558 3612 γὰρ
1583 3543 1677 3612 τὴν
1701 3542 1852 3594 λύσιν
1889 3543 2024 3594 ἰτέον
2047 3543 2151 3595 λοι-

577 3625 702 3690 πὸν)
732 3627 793 3678 οὐ
820 3625 886 3678 τὰ
914 3627 1059 3679 κακά
1092 3626 1270 3696 μόνον,
1297 3626 1332 3678 ἀ
1357 3627 1456 3678 οὑκ
1496 3627 1559 3679 ἀν
1591 3643 1719 3677 ποτε
1747 3627 1955 3692 γένοιτο
1988 3628 2146 3690 καλά,

574 3709 710 3761 ἀλλά
752 3711 842 3762 καὶ
870 3710 977 3763 τῶν
1004 3711 1182 3778 μέσων
1199 3709 1314 3761 ἔνια
1331 3710 1478 3761 κακὰ
1501 3707 1772 3772 καλοῦσιν,
1802 3703 1910 3761 οἷον
1939 3709 2146 3771 πενίαν,

573 3793 971 3862 αἰχμαλωσίαν,
1003 3793 1267 3850 δουλείαν.
1305 3793 1450 3861 ἆπερ
1494 3791 1771 3861 ἐδείξαμεν
1800 3792 1859 3843 οὐ
1909 3792 2016 3844 τῶν
2055 3809 2151 3846 κα-

574 3874 708 3938 κῶν,
748 3875 884 3928 ἀλλά
925 3875 1032 3927 τῶν
1069 3876 1250 3943 μέσων
1287 3875 1442 3926 ὄντα·
1481 3874 1663 3926 πολλοὶ
1705 3874 1782 3936 δέ,
1809 3875 1947 3944 ὅπερ
1982 3875 2150 3946 ἔφθην

573 3959 767 4020 εἰπὼν,
800 3957 971 4011 ταῦτα
1016 3957 1157 4010 κακά
1196 3957 1468 4018 καλοῦσιν,
1497 3961 1596 4008 οὐκ
1628 3956 1757 4010 ὅντα
1798 3959 1942 4010 κακά
1968 3975 1980 3988 ·
2025 3961 2152 4029 περὶ

571 4033 648 4091 ῶν
681 4052 703 4078 ο
748 4042 776 4092 6
805 4041 1088 4110 προφήτης
1132 4040 1282 4110 φησί,
1325 4039 1434 4091 τῶν
1473 4038 1615 4092 κατὰ
1647 4040 1745 4109 τὴν
1782 4039 1889 4093 τῶν
1940 4041 2150 4093 πολλῶν

574 4125 834 4176 ὑπόνοιαν
883 4123 1254 4192 καλουμένων,
1292 4124 1352 4175 οὑ
1394 4121 1503 4174 τῶν
1555 4122 1719 4186 ὅντως
1754 4123 1938 4176 κακῶν
1963 4142 1976 4156 ο
2023 4127 2150 4194 περί

574 4207 975 4277 αἰχμαλωσίας,
1014 4207 1140 4274 περὶ
1193 4207 1452 4268 δουλείας,
1507 4206 1635 4275 περί
1673 4205 1853 4274 λιμοῦ,
1907 4206 2000 4259 καὶ
2051 4209 2151 4269 ὅσα,

573 4286 820 4338 τοιαῦτα.
861 4287 983 4337 Ὅτι
1007 4284 1115 4353 γὰρ
1150 4284 1320 4335 ταῦτα
1352 4286 1412 4336 οὐ
1455 4283 1619 4345 κακά,
1656 4285 1790 4336 ἀλλά
1824 4286 1916 4337 καὶ
1965 4287 2150 4338 κακῶν

576 4369 915 4440 ἀναιρετικά,
939 4368 1033 4420 τὸν
1055 4367 1210 4436 λιμὸν
1234 4369 1495 4436 πρότερον
1530 4370 1607 4426 εἰς
1635 4367 1795 4436 μέσον
1829 4369 2146 4438 ἀγάγωμεν,

574 4451 666 4504 τὸν
696 4454 829 4503 πᾶσι
877 4451 1104 4519 φρικτὸν
1146 4451 1237 4502 καὶ
1277 4449 1506 4518 φοϐερὸν
1541 4444 1678 4501 εἶναι
1714 4450 1987 4504 δοκοῦντα.
2025 4453 2148 4515 Πῶς

571 4531 666 4587 οὖν
713 4536 772 4586 οὐ
806 4535 993 4594 κακὸν,
1053 4533 1312 4602 μάνθανε,
1363 4535 1456 4585 καὶ
1514 4532 1762 4585 παιδεύου
1820 4533 2142 4602 φιλοσοφεῖν.

587 4619 780 4670 Ἦνίκα
822 4618 930 4669 τῶν
974 4617 1239 4688 Ἐϐραίων
1263 4620 1288 4669 6
1313 4617 1484 4685 δῆμος
1522 4618 1598 4678 είς
1638 4615 1861 4685 ἔσχατον
1895 4617 2144 4679 ἐξώκειλε

578 4701 944 4770 παρανομίας,
978 4703 1099 4754 τότε
1131 4701 1194 4770 δὴ
1215 4704 1242 4753 6
1273 4701 1446 4770 μέγας
1485 4700 1689 4761 Ἠλίας.
1729 4700 1952 4751 καὶτῶν
1980 4702 2144 4769 ούρα-

575 4781 680 4833 νῶν
717 4781 885 4845 ἄξιος,
921 4784 948 4834 ό
986 4784 1304 4851 βουλόμενος
1335 4783 1432 4852 τὴν
1471 4785 1534 4834 ἐκ
1567 4783 1664 4850 τῆς
1699 4781 1966 4851 ῥᾳθυμίας
1996 4784 2145 4834 νόσον

575 4864 807 4926 ἀνελεῖν,
856 4865 947 4916 καὶ⁹
985 4863 1272 4931 διορθῶσαι
1303 4865 1522 4926 ταύτην,
1559 4864 1802 4932 ἐπήγαγε
1831 4865 2028 4931 λέγων·
2060 4865 2146 4934 Ζῇ

575 4948 816 5012 Κύριος,
863 4939 908 5010 ᾧ
960 4946 1265 5012 παρέστην
1313 4945 1567 4998 ἐνώπιον
1620 4948 1824 5011 αὐτοῦ,
1876 4953 1927 5001 εἰ
1975 4952 2144 5004 ἔσται

580 5028 770 5093 ὑετὸς,
806 5030 856 5081 εἰ
877 5027 960 5095 μὴ
983 5026 1080 5078 διὰ
1104 5028 1400 5094 στόματός
1417 5044 1536 5093 μου
1555 5045 1568 5057 ·
1603 5030 1692 5079 καὶ
1722 5031 1748 5079 6
1776 5031 2025 5101 μηλωτὴν
2051 5033 2144 5099 μό-

573 5131 670 5181 νην
710 5113 1074 5181 κεκτημένος,
1119 5111 1206 5162 τὸν
1255 5111 1479 5178 οὐρανὸν
1538 5111 1859 5163 ἀπέκλεισε·
1909 5115 2142 5183 τοσαύτη

572 5198 855 5266 παρρησία
906 5195 1053 5263 αὐτῷ
1091 5195 1226 5263 1:96;
1256 5194 1344 5244 τὸν
1383 5193 1532 5244 Θεόν.
1577 5193 1737 5261 Ὁρᾷς
1778 5195 1859 5246 ὃτι
1888 5198 1944 5247 οὺ
1979 5197 2144 5248 κακὸν

568 5282 601 5349 ἡ
658 5279 852 5344 πενία;
893 5279 1008 5331 Οὐκ
1053 5279 1116 5330 ἂν
1154 5282 1180 5330 6
1222 5279 1438 5329 πάντων
1488 5276 1788 5346 ἀνθρώπων
1824 5280 2143 5348 πενέστερος

569 5359 837 5427 τοσαύτης
876 5361 1152 5412 ἀπέλαυσε
1199 5361 1529 5429 παρρησίας,
1565 5359 1640 5421 ώς
1687 5361 1858 5428 χαμαὶ
1893 5361 2137 5429 βαδίζων,

571 5445 652 5496 ἐν).
704 5443 850 5513 μόνῳ
883 5443 1026 5512 λόγῳ
1054 5443 1322 5512 τοσαύτην
1361 5444 1511 5512 ἰσχὺν
1544 5442 1926 5508 ἐπιδείξασθαι.
1961 5444 2142 5499 Εἰπὼν

633 5637 649 5659 ⁸
679 5638 728 5685 In
775 5650 862 5684 ms.
906 5635 945 5682 εἰ
973 5635 1175 5695 legitur;
1211 5635 1298 5681 sed
1341 5633 1488 5684 Savil.
1517 5633 1564 5681 in
1609 5646 1759 5696 marg.
1803 5635 1873 5692 εἴη
1897 5635 2055 5697 posuit
2078 5651 2140 5685 ex

567 5700 864 5759 conjpctura,
885 5709 1028 5757 quam
1049 5702 1246 5759 secutus
1266 5705 1344 5742 est
1371 5698 1593 5759 Ducaeys.

631 5757 667 5799 Β
685 5760 770 5807 Ms.
803 5757 1229 5819 habeyywépsvov,
1257 5762 1309 5804 ut
1329 5770 1490 5818 supra.
1516 5757 1626 5806 Mox
1647 5757 1914 5819 legendum
1949 5759 2142 5807 videtur

571 5819 779 5874 τοιοῦτος
801 5821 826 5867 6
852 5821 907 5866 π)
917 5817 1067 5874 οὗτος.

630 5886 652 5913 ⁸
677 5879 827 5929 82γὶἰ.
855 5887 994 5942 putat
1021 5880 1281 5942 legendum
1301 5881 1402 5940 περὶ
1425 5880 1619 5929 τούτων.

1244 445 1302 501 S.
1342 441 1621 501 JOANNIS
1657 439 2145 499 CIIBYSOSTOMI
2184 438 2505 498 ARCHIEP.
2545 440 3090 501 (:ONSTANTINOP.

3736 460 3846 516 150

2256 558 2436 611 τοίνυν
2473 557 2648 623 τοῦτο,
2690 557 2934 628 ἐπήγαγε
2976 557 3156 628 λιμὸν,
3202 556 3455 629 καθάπερ
3493 558 3840 629 παιδαγωγὸν

2259 648 2500 716 ἄριστον,
2541 647 2634 700 καὶ
2681 647 2976 718 διορθωτὴν
3002 646 3111 699 τῶν
3140 645 3443 718 γινομένων
3483 647 3676 701 κακῶν
3702 663 3716 676 '
3742 649 3841 705 καὶ

2257 732 2508 803 καθάπερ
2550 734 2789 803 πυρετοῦ
2815 734 3019 804 λάϐρου
3044 735 3125 797 εἰς
3163 733 3326 803 σῶμα
3359 735 3715 804 ἐμπεσόντος.
3742 735 3842 788 καὶ

2257 820 2418 872 αὑταὶ
2444 820 2543 888 τῆς
2571 820 2676 888 γῆς
2691 823 2746 874 αί
2777 821 2970 890 φλέϐες
2996 818 3460 892 ἀνεξηράνθησαν,
3484 821 3582 875 καὶ
3607 823 3840 892 χείμαρ-

2260 909 2342 977 ροι
2392 907 2668 971 ἐπέλιπον,
2709 911 2804 962 καὶ
2835 909 3078 978 βοτάναι,
3115 911 3210 962 κα)⁵
3242 911 3341 979 τῆς
3379 912 3482 981 γῆς
3520 911 3577 962 αἰ
3613 909 3838 975 λαγόνες

2257 993 2440 1061 ἄγονοι
2467 994 2653 1048 λοιπὸν
2680 991 2839 1065 ἦσαν.
2869 997 2978 1050 Καὶ
3005 996 3064 1048 οὑ
3089 996 3259 1066 μικρά
3280 995 3402 1048 τότε
3422 998 3450 1050 6
3476 996 3652 1066 δῆμος
3677 998 3843 1066 ἐκαρ-

2258 1080 2501 1145 πώσατο,
2526 1085 2625 1152 τῆς
2652 1083 2832 1155 ῥύμης
2858 1085 2956 1154 τῆς
2979 1086 3069 1137 ἐπὶ
3092 1084 3192 1155 τὴν
3227 1083 3574 1155 παρανομίαν
3602 1084 3843 1137 ἀπαλλαι

2257 1170 2394 1236 γείς,
2416 1170 2510 1223 καὶ
2535 1171 2840 1234 συσταλεὶς,
2863 1172 2957 1223 καὶ
2980 1172 3270 1242 γενόμενος
3291 1172 3724 1242 ἐπιεικέστερος,
3749 1172 3844 1224 καὶ

2255 1257 2332 1326 τῷ
2359 1259 2608 1332 προφήτῃ
2633 1260 2940 1331 χειροήθης.
2975 1260 3130 1332 [154]
3162 1262 3225 1313 OE
3248 1259 3356 1332 γὰρ
3389 1260 3523 1330 πρὸς
3549 1260 3620 1313 τὰ
3647 1259 3846 1312 εἴδωλα

2255 1343 2560 1416 τρέχοντες,
2583 1347 2677 1398 καὶ
2705 1347 2829 1410 τοὺς
2853 1347 3003 1410 υἱοὺς
3023 1347 3201 1401 αὐτῶν
3219 1347 3696 1414 κατασφάττοντες
3727 1349 3845 1409 τοῖς

2255 1431 2570 1502 δαιμονίοις,
2589 1425 2735 1486 οὗτοι
2767 1433 3035 1486 τοσούτων
3068 1435 3260 1505 ἱερέων
3285 1435 3382 1504 τῆς
3408 1434 3558 1488 Βάαλ
3580 1435 3843 1504 ἀναιρου-

2260 1522 2465 1591 μένων,
2510 1521 2612 1575 ούκ
2657 1522 3044 1592 ἐδυσχέραναν,
3098 1524 3197 1575 οὐκ
3249 1523 3664 1592 ἠγανάκτησαν,
3721 1522 3841 1576 ἀλλ’

2255 1609 2492 1678 ἤνεγκαν
2531 1613 2657 1680 σιγῇ
2687 1611 2779 1663 καὶ
2805 1609 2954 1681 φόϐῳ
2979 1610 3041 1664 16
3079 1609 3382 1680 γινόμενον,
3409 1610 3518 1664 ἀπὸ
3550 1609 3646 1663 τοῦ
3677 1608 3843 1680 λιμοῦ

2258 1695 2499 1766 βελτίους
2524 1697 2830 1768 γενόμενοι.

2328 1826 2401 1884 ς’.
2441 1821 2600 1892 Ὁρᾷς
2623 1823 2698 1884 ῶς
2719 1821 2779 1873 οὐ
2807 1820 2966 1891 μόνον
2987 1819 3096 1893 [οὐ]
3121 1822 3287 1873 κακὸν
3311 1820 3340 1872 6
3369 1819 3546 1890 λιμὸς.
3572 1818 3714 1872 ἀλλὰ
3745 1820 3842 1873 καὶ

2255 1906 2440 1960 κακῶν
2480 1907 2841 1977 ἀναιρετικδς,
2872 1908 2930 1958 ἐν
2955 1905 3106 1973 τάξει
3138 1906 3428 1977 φαρμάκου
3449 1906 3518 1960 τὰ
3550 1908 3839 1976 νοσήματα

2253 1992 2686 2063 διορθωσάμενος
2710 2011 2725 2058 ;
2752 1993 2814 2046 Εἰ
2848 1994 2942 2048 καλ⁹
2970 1993 3066 2065 τὴν
3108 1993 3483 2064 αἰχμαλωσίαν
3512 1994 3684 2065 αὐτὴν
3719 1994 3838 2063 βού-

2253 2078 2334 2132 λει
2363 2079 2389 2118 ἀ
2428 2080 2554 2132 ἰδεῖν
2590 2081 2649 2133 οὑ
2678 2081 2784 2133 τῶν
2821 2080 3007 2134 κακῶν
3052 2077 3236 2143 οὖσαν,
3268 2081 3521 2150 ἐννόησον
3554 2081 3698 2144 τίνες
3737 2081 3839 2150 μὲν

2252 2162 2390 2237 ἦσαν
2429 2167 2477 2220 οἰ
2530 2167 2768 2222 Ἰουδαῖοι
2800 2168 2905 2236 πρὸ
2943 2169 3039 2235 τῆς
3067 2168 3464 2238 αἰχμαλωσίας,
3505 2169 3649 2231 τίνες
3693 2170 3750 2221 δὲ
3776 2171 3840 2221 ἐν

2250 2255 2316 2323 τῇ
2353 2253 2720 2323 αἰχμαλωσίᾳ,
2777 2253 2865 2306 ἵνα
2915 2254 3090 2328 μάθῃς
3141 2255 3220 2307 ὅτι
3268 2253 3391 2308 οὔτε
3458 2256 3491 2326 ἡ
3548 2256 3838 2326 ἐλευθερία

2252 2340 2438 2403 ἁπλῶς
2470 2341 2654 2401 καλὸν,
2690 2339 2814 2394 οὔτε
2846 2343 2878 2411 ἡ
2923 2342 3269 2412 αἰχμαλωσία
3304 2343 3494 2397 κακόν.
3530 2343 3699 2396 Ὅταν
3734 2343 3838 2412 μὲν

2249 2429 2358 2498 γὰρ
2389 2424 2530 2496 ἦσαν
2575 2429 2633 2480 ἐν
2668 2427 2970 2498 ἐλευθερίᾳ,
3022 2429 3116 2482 καὶ
3150 2429 3246 2500 τὴν
3283 2431 3516 2501 πατρίδα
3555 2427 3700 2500 εἰχον
3734 2429 3837 2499 τὴν

2249 2515 2479 2576 ἑαυτῶν,
2511 2514 2734 2568 τοιαῦτα
2765 2515 3051 2585 ἔπραττον,
3081 2515 3155 2577 ῶς
3183 2515 3305 2569 καθ’
3336 2517 3574 2587 ἑκάστην
3617 2517 3837 2587 ἡμέραν

2248 2603 2374 2664 τοὺς
2403 2602 2685 2672 προφήτας
2707 2601 2885 2655 αὐτῶν
2900 2601 3196 2673 καταϐοᾷν,
3225 2603 3332 2655 τῶν
3352 2604 3532 2673 νόμων
3556 2605 3838 2672 πατουμέ-

2249 2707 2376 2758 νων,
2413 2692 2509 2744 καί
2538 2690 2644 2744 τῶν
2675 2690 2907 2744 εἰδώλων
2939 2691 3450 2762 προσκυνουμένων,
3485 2693 3578 2744 καὶ
3615 2693 3725 2745 τῶν
3748 2695 3834 2744 ἐν·

2247 2778 2419 2831 τολῶν
2451 2777 2544 2830 τοῦ
2579 2778 2714 2831 Θεοῦ
2766 2779 3185 2850 παραϐαθεισῶν
3219 2790 3241 2817 ε
3265 2796 3276 2806 ·
3307 2779 3495 2847 ἐπειδὴ
3527 2780 3585 2832 66
3619 2781 3829 2845 ἀπηνές

2248 2867 2454 2936 χθησαν
2481 2869 2560 2929 εἰς
2587 2867 2688 2936 γῆν
2728 2867 3034 2938 ἀλλοτρίαν,
3071 2869 3162 2920 καὶ
3194 2869 3251 2918 ἐν
3300 2869 3365 2938 τῇ
3399 2867 3508 2920 τῶν
3538 2867 3828 2939 βαρϐάρων

2248 2954 2401 3023 χώρᾳ
2449 2953 2740 3022 διέτριϐον,
2779 2954 2920 3006 οὕτω
2966 2955 3391 3025 συνεστάλησαν,
3438 2956 3534 3008 καὶ
3587 2955 3832 3024 βελτίους

2249 3041 2518 3108 ἐγένοντο,
2568 3040 2664 3092 καὶ
2700 3039 2795 3092 τοῦ
2826 3041 2991 3110 νόμου
3037 3041 3297 3108 φύλακες,
3344 3042 3420 3107 ῶς
3459 3042 3604 3096 ἐστιν
3641 3046 3705 3098 ἐκ
3738 3044 3834 3097 τοῦ

2246 3126 2461 3196 ψαλμοῦ
2490 3125 2648 3179 τοῦτο
2667 3125 2874 3196 μαθεῖν,
2901 3127 2960 3179 δν
2991 3127 3288 3196 ἀναγκαῖον
3314 3131 3395 3192 εἰς
3425 3131 3586 3200 μέσον
3602 3131 3836 3198 ἀγαγεῖν

2250 3215 2509 3284 σήμερον.
2559 3215 2646 3266 ἵνα
2684 3213 2888 3283 μάθητε
2919 3214 3018 3283 τῆς
3060 3215 3440 3286 αἰχμαλωσίας
3469 3216 3562 3269 τὸν
3593 3219 3830 3288 καρπόν.

2249 3303 2344 3364 Τίς
2379 3301 2438 3354 δέ
2469 3303 2617 3355 ἐστιν
2647 3303 2675 3353 6
2720 3303 2968 3371 ψαλμός;
3021 3304 3147 3356 Ἐπί
3177 3304 3294 3356 τῶν
3330 3304 3612 3374 ποταμῶν
3639 3307 3836 3360 Βαϐυ-

2247 3389 2444 3453 λῶνος
2469 3388 2601 3442 ἐκεῖ
2623 3389 3018 3458 ἐκαθίσαμεν,
3061 3391 3162 3444 καί
3203 3393 3592 3461 ἐκλαύσαμεν
3635 3394 3706 3446 ἐν
3755 3390 3837 3458 τῷ

2243 3473 2594 3542 μνησθῆναι
2642 3474 2800 3541 ἡμᾶς
2845 3475 2956 3540 τῆς
2989 3477 3159 3529 Σιών.
3206 3479 3328 3530 Ἐπί
3374 3479 3503 3537 ταῖς·
3538 3479 3722 3544 ίτέαις
3765 3481 3839 3533 ἐν

2242 3562 2411 3629 μέσῳ
2447 3560 2639 3626 αὐτῆς
2684 3559 3098 3629 ἐκρεμάσαμεν
3121 3563 3193 3616 τὰ
3217 3564 3441 3630 ὄργανα
3477 3565 3668 3632 ἡμῶν.
3696 3566 3834 3619 Ὀτι

2247 3647 2374 3700 ἐκεῖ
2386 3647 2948 3716 ἐπηρώτησανήμᾶς
2972 3653 3025 3703 οἱ
3052 3653 3652 3718 αίχιαιλωτεύσαντες
3673 3655 3835 3721 ἡμᾶς

2248 3737 2467 3802 λόγους
2489 3731 2678 3798 ᾠδῶν,
2694 3733 2978 3802 λέγοντες
2998 3751 3011 3764 ο
3038 3737 3259 3803 ’ᾼσατε
3277 3735 3419 3804 ἡμῖν
3435 3737 3504 3789 ἐκ
3520 3736 3640 3790 τῶν
3660 3739 3833 3803 ᾠδῶν

2252 3823 2421 3876 Σιὼν.
2444 3819 2576 3887 Πῶς
2602 3820 2844 3890 ᾇσωμεν
2875 3821 2990 3888 τὴν
3011 3821 3176 3890 ᾠδὴν
3196 3824 3420 3890 Κυρίου
3441 3824 3539 3876 ἐπὶ
3574 3826 3690 3893 γῆς
3721 3827 3832 3880 ἀλ-

2249 3911 2529 3976 λοτρίας;
2557 3905 2706 3972 Εἶδες
2730 3910 2846 3972 πῶς
2877 3911 3072 3971 αὐτοὺς
3110 3911 3446 3964 συνέστειλεν
3481 3913 3513 3982 ἡ
3547 3914 3831 3983 αἰχμαλω-

2253 3996 2378 4060 σία;
2414 3997 2525 4066 [196
2573 3997 2670 4064 μὲν
2698 3997 2805 4068 γὰρ
2851 3997 3054 4068 ταύτης
3106 4000 3198 4050 καὶ
3239 3999 3347 4051 τῶν
3409 4001 3708 4070 προφητῶν
3743 4003 3832 4052 ἐν-

2257 4083 2533 4154 ηχούντων
2569 4083 2642 4153 μὴ
2670 4083 3027 4154 παραϐαίνειν
3061 4087 3150 4138 16v
3173 4087 3356 4157 νόμον,
3385 4087 3482 4139 οὐκ
3509 4088 3800 4155 ἠνέσχοντο
3818 4104 3830 4118 ’

2255 4172 2392 4243 μετά
2413 4171 2469 4224 δὲ
2487 4172 2712 4240 ταύτην,
2738 4171 2832 4223 καὶ
2861 4171 2967 4224 τῶν
3007 4172 3295 4244 βαρϐάρων
3321 4173 3703 4240 ἐπικειμένων,
3737 4174 3832 4225 καί

2250 4259 2356 4312 τῶν
2392 4259 2753 4330 κυριευόντων
2784 4259 3306 4326 καταναγκαξόντων
3342 4260 3434 4310 καὶ
3464 4261 3826 4324 κατεπειγόν-

2250 4365 2355 4400 των
2401 4347 2774 4416 παραϐαίνειν,
2824 4348 2920 4416 οὐχ
2953 4349 3261 4414 ὑπήκουον,
3300 4345 3414 4397 ἀλλ’
3462 4345 3645 4413 ἔλεγον
3673 4362 3684 4375 '
3709 4348 3824 4401 Οὐκ

2251 4434 2453 4504 ᾄσομεν
2480 4436 2579 4501 τὴν
2608 4435 2748 4503 ᾠδὴν
2775 4434 2978 4503 Κυρίου
3011 4433 3102 4484 ἐπὶ
3137 4434 3242 4501 γῆς
3273 4432 3582 4502 ἀλλοτρίας,
3634 4433 3824 4503 ἐπειδὴ

2249 4523 2276 4573 6
2305 4522 2467 4589 νόμος
2501 4521 2657 4573 τοῦτο
2686 4523 2783 4572 οὐκ
2818 4521 3137 4590 ἐπέτρεπεν.
3176 4519 3315 4590 Ὅρα
3343 4520 3399 4573 δὲ
3429 4522 3523 4573 καί
3550 4522 3677 4583 τοὺς
3710 4524 3828 4573 παῖ-

2249 4607 2343 4670 δας
2371 4610 2494 4670 τοὺς
2517 4611 2665 4678 τρεῖς
2694 4609 2754 4659 ού
2786 4607 2944 4677 μόνον
2969 4608 3122 4659 οὐδὲν
3164 4607 3568 4676 βλαπτομένους
3598 4610 3705 4661 ἀπὸ
3729 4609 3828 4677 τῆς

2250 4695 2639 4763 αἰχμαλωσίας,
2672 4694 2805 4746 ἀλλὰ
2826 4695 2918 4746 καὶ
2947 4694 3358 4764 λαμπροτέρους
3391 4695 3484 4746 ἀπ’
3517 4696 3692 4764 αὐτῆς
3729 4713 3822 4762 γεο

2249 4785 2503 4854 νομένους
2523 4799 2536 4814 °
2567 4785 2661 4837 καὶ
2687 4784 2776 4835 τὸν
2804 4783 3000 4853 Δανιὴλ
3021 4782 3241 4852 ὁμοίως.
3267 4784 3411 4836 Τίδέ
3438 4786 3464 4836 6
3504 4786 3708 4855 Ἰωσήφ
3732 4802 3750 4848 ζ
3777 4786 3825 4837 τί

2250 4873 2414 4924 κακὸν
2448 4872 2632 4932 ἔπαθε,
2673 4873 2766 4925 καὶ
2798 4870 2965 4934 ξένος,
2998 4871 3090 4923 καὶ
3131 4872 3334 4933 δοῦλος,
3367 4874 3457 4923 καί
3483 4871 3708 4942 δέσμιος
3737 4890 3830 4939 γεο

2249 4961 2498 5030 νόμενος;
2533 4960 2653 5027 οὐχί¹
2676 4959 2762 5010 διὰ
2791 4958 2946 5010 τοῦτο
2974 4958 3132 5023 μόνον
3158 4957 3430 5027 εὐδοκίμει
3453 4959 3546 5011 καὶ
3575 4959 3784 5028 ἔλαμπε
3809 4976 3825 5017 ς

2249 5048 2312 5097 Τί
2340 5047 2396 5097 δέ
2427 5048 2458 5115 ὴ
2495 5047 2767 5115 βάρϐαρος
2813 5047 2992 5112 ἐκείνη
3025 5044 3182 5113 γυνὴ,
3225 5046 3316 5096 καὶ
3361 5047 3416 5097 ἐν
3466 5046 3681 5113 πλούτῳ
3731 5047 3828 5099 καὶ

2249 5133 2592 5200 ὑπερηφανία
2638 5131 2729 5182 καί
2756 5133 2813 5181 ἐν
2845 5130 3125 5200 ἐλευθερία
3161 5131 3528 5202 διατρίϐουσα,
3575 5131 3832 5185 ἐντεῦθεν

2247 5219 2499 5271 ἀπώνατο
2523 5235 2535 5280 ;
2565 5219 2685 5288 οὐχί
2725 5220 2938 5272 πάντων
2961 5215 3028 5288 ἦν
3053 5220 3375 5289 ἀθλιωτέρα,
3402 5219 3584 5288 ἐπειδὴ
3614 5219 3828 5284 τούτοις

2247 5309 2326 5370 εἰς
2348 5307 2464 5358 δέον
2492 5306 2798 5374 χρήσασθαι
2827 5309 2925 5359 οὐκ
2955 5307 3248 5374 ἡθέλησεν;
3283 5308 3490 5359 Οὐκοῦν
3517 5305 3689 5359 ταῦτα
3723 5310 3826 5377 μὶν

2248 5399 2376 5466 ἡμῖν
2415 5396 2790 5448 ἀποδέδεικται
2837 5397 3040 5462 σαφῶς,
3091 5397 3212 5447 τίνα
3260 5395 3356 5463 μὲν
3395 5395 3560 5457 κακά,
3603 5397 3722 5448 τίνα
3766 5399 3825 5451 δὲ

2249 5483 2403 5543 καλὰ,
2438 5483 2558 5535 τίνα
2589 5483 2645 5534 66
2678 5483 2834 5551 μέσα·
2852 5482 3035 5535 καίὃτι
3063 5484 3189 5552 περὶ
3218 5483 3323 5534 τῶν
3356 5481 3534 5547 μέσων
3557 5483 3586 5533 6
3610 5488 3827 5554 προφή-

2245 5588 2342 5640 της
2367 5571 2551 5640 φησὶν,
2586 5571 2644 5622 οὐ
2673 5571 2780 5623 τῶν
2810 5571 2976 5633 ὅντως
3000 5571 3200 5634 κακῶν,
3225 5570 3357 5622 ἀλλά
3387 5570 3492 5622 τῶν
3521 5569 3824 5626 δοκούντων

2309 5750 2334 5789 d
2365 5750 2417 5797 In
2447 5763 2536 5796 ms.
2571 5749 2726 5810 βούλει
2769 5750 2957 5796 deerat.
3005 5748 3101 5796 Sed
3125 5746 3274 5794 Savil.
3299 5751 3347 5794 in
3390 5760 3541 5807 marg.
3572 5750 3736 5808 posuit
3759 5762 3823 5798 ex

2247 5815 2542 5871 conjectura,
2577 5823 2719 5870 quam
2747 5810 2955 5859 Ducaeus
2983 5811 3031 5857 in
3063 5814 3200 5871 {exul
3233 5814 3432 5854 secutus
3459 5818 3548 5871 est.

2312 5869 2741 5933 θ’ῐῐαραϐαθεισῶν.
2773 5871 2821 5919 In
2841 5885 2928 5920 ms.
2952 5869 3205 5932 legebatur
3223 5870 3626 5931 παραϐαινόντων.
