4048 6486
314 402 433 460 149

306 510 475 564 riendi
505 509 702 581 (Eccle.
734 512 787 567 3.
818 506 897 580 ι).
925 511 1107 581 Neque
1137 514 1278 567 enim
1308 528 1517 583 semper
1544 514 1775 584 gaudere
1806 514 1897 565 bo-

304 618 437 658 num
467 612 587 668 est,
620 602 712 657 sed
739 602 1027 672 aliquando
1052 606 1213 659 etiam
1248 605 1463 658 noxium
1499 622 1513 663 :
1548 620 1719 672 neque
1748 604 1893 657 enim

307 706 525 747 Semper
552 693 734 749 dolere
758 694 955 748 bonum
983 735 996 756 ,
1029 694 1126 749 sed
1155 695 1441 764 aliquando
1466 696 1625 749 etiam
1655 696 1808 748 letale
1833 708 1896 747 ac

297 784 686 850 perniciosum.
710 785 884 853 Atque
908 784 1009 839 hoc
1030 786 1201 855 ipsum
1226 800 1410 840 rursus
1435 786 1674 839 indicans
1703 785 1895 837 Paulus

295 868 553 927 dicebat:
592 891 611 925 ι
645 872 772 940 Quae
799 874 1095 929 secundum
1126 875 1291 931 Deum
1322 876 1531 929 tristitia
1559 885 1641 929 est
1667 915 1683 939 ,
1726 875 1894 943 poeni-

296 964 527 1017 tentiam
559 964 611 1017 in
641 965 868 1019 salutem
898 966 1145 1020 stabilem
1176 974 1428 1036 operatur
1458 984 1471 1019 :
1503 966 1681 1019 δευουιί
1712 976 1888 1019 autem

298 1054 518 1108 tristitia
552 1063 776 1109 mortem
800 1067 1053 1125 cperatur
1078 1076 1096 1110 ›
1134 1056 1226 1126 (2.
1254 1056 1370 1111 Cor.
1399 1058 1448 1110 7.
1479 1056 1547 1111 10
1567 1057 1605 1125 ).

372 1146 429 1199 5.
483 1143 644 1199 Vides
685 1144 786 1201 hoc
828 1162 1038 1216 quoque
1087 1147 1319 1201 medium
1371 1158 1531 1217 atque
1579 1148 1889 1202 indifferens

292 1235 464 1287 esse?
492 1235 654 1304 lgitur
680 1245 734 1291 et
772 1238 1099 1291 contrarium
1147 1238 1262 1306 ejus
1304 1250 1388 1292 est
1427 1239 1657 1293 medium
1684 1280 1696 1301 ,
1728 1242 1886 1293 nimi-

291 1337 413 1377 rum
449 1325 702 1393 gaudere.
751 1327 875 1380 Ideo
916 1342 1021 1381 non
1053 1327 1365 1398 simpliciter
1402 1331 1636 1398 gaudere
1683 1332 1883 1400 jussit,

294 1415 391 1465 sed
419 1414 471 1467 iu
502 1414 725 1469 Domino
748 1417 983 1484 gaudere
1005 1416 1240 1489 (Philip.
1275 1420 1327 1473 4.
1358 1420 1392 1474 4
1412 1419 1452 1491 ).
1484 1420 1588 1475 Sed
1621 1423 1748 1474 satis
1773 1421 1883 1489 jam

293 1518 604 1560 sermonem
640 1506 781 1560 hunc
822 1506 890 1562 de
940 1510 1103 1563 rebus
1139 1511 1327 1566 mediis
1373 1512 1805 1576 enucleavimus,
1839 1512 1883 1565 si

291 1595 509 1663 quidem
531 1606 761 1652 attentos
786 1600 922 1653 nacti
947 1600 1203 1657 fuerimus
1225 1603 1496 1657 auditores
1520 1621 1533 1667 ;
1563 1612 1727 1656 restat
1745 1613 1799 1657 ut
1816 1602 1882 1656 ad

291 1702 359 1742 ea
382 1690 799 1757 progrediamur,
823 1707 941 1759 quae
967 1707 1074 1747 non
1097 1704 1223 1748 sunt
1247 1695 1440 1759 media,
1468 1697 1536 1751 ad
1581 1695 1738 1759 bona,
1766 1710 1883 1763 qum

292 1780 408 1833 fieri
438 1781 574 1835 mala
605 1798 708 1836 non
742 1792 965 1851 possunt
988 1822 1002 1847 ,
1032 1793 1087 1839 et
1116 1784 1183 1839 ad
1221 1784 1357 1838 mala
1384 1824 1398 1848 ,
1429 1799 1547 1853 quae
1591 1800 1882 1854 numquam

292 1868 405 1924 ﬁeri
432 1885 651 1941 possunt
673 1875 828 1927 bona.
852 1874 987 1929 Nam
1007 1890 1071 1929 ea
1093 1876 1305 1944 quidem
1324 1891 1441 1945 quae
1465 1876 1697 1931 diximus
1722 1876 1880 1930 modo

289 1963 413 2025 hoc,
446 1965 604 2017 modo
641 1965 766 2018 illud
814 1965 946 2019 fiunt
968 2008 983 2033 ,
1016 1967 1461 2036 quemadmodum
1491 1969 1688 2024 divitiae
1720 1970 1880 2023 modo

288 2053 489 2106 malum
517 2064 659 2117 sunt,
682 2070 803 2109 cum
824 2056 889 2110 ad
912 2057 1084 2112 aliena
1111 2059 1246 2113 bona
1275 2061 1574 2130 usurpanda
1605 2063 1881 2115 insumun-

288 2152 377 2197 tur
408 2162 422 2210 ;
452 2145 610 2198 modo
639 2145 833 2200 bonum
862 2190 876 2213 ,
910 2163 1030 2202 cum
1062 2150 1112 2205 in
1139 2152 1532 2223 eleemosynam
1560 2153 1876 2221 expendun-

287 2245 394 2300 tur,
426 2244 479 2291 et
506 2237 604 2292 alia
634 2238 933 2308 bujusmodi
962 2243 1259 2298 secundum
1286 2245 1423 2298 hanc
1450 2246 1705 2314 regulam.
1739 2244 1877 2297 Sunt

282 2338 467 2383 autem
500 2332 749 2384 nonnulla
772 2376 785 2399 ,
815 2350 933 2400 qum
973 2350 1259 2406 numquam
1295 2337 1407 2391 fieri
1438 2348 1660 2407 possunt
1690 2338 1826 2392 mala
1860 2356 1873 2391 :

280 2436 406 2489 quae
435 2437 560 2477 vero
588 2432 710 2477 sunt
740 2424 820 2478 bis
847 2428 1147 2494 contraria,
1175 2444 1391 2498 semper
1418 2431 1557 2484 mala
1587 2441 1711 2484 sunt
1730 2473 1742 2493 ,
1777 2447 1876 2487 nec

284 2528 537 2581 umquam
562 2513 675 2569 fieri
703 2516 840 2570 bona
866 2528 1120 2586 possunt:
1142 2519 1439 2589 cujusmodi
1464 2531 1589 2575 sunt
1610 2525 1871 2591 impietas,

282 2604 635 2673 blasphemia,
666 2608 899 2671 lascivia,
932 2611 1245 2676 crudelitas,
1280 2613 1662 2679 inhumanitas,
1695 2615 1870 2683 inglu-

282 2696 395 2749 vies
410 2736 425 2755 ,
458 2706 510 2749 et
535 2698 634 2751 alia
661 2698 941 2767 ejusmodi.

358 2785 478 2838 Tria
497 2804 678 2857 genera
697 2806 863 2843 rerum
888 2808 905 2845 :
925 2792 1090 2856 bona,
1118 2796 1284 2861 malw,
1314 2797 1507 2849 media}.
1525 2826 1598 2835 —
1611 2794 1725 2849 Non
1752 2794 1873 2848 dico

280 2876 487 2931 malum
509 2878 773 2935 hominem
798 2898 1090 2952 numquam
1119 2885 1229 2939 fleri
1260 2902 1418 2954 posse
1444 2887 1663 2950 bonttm,
1697 2901 1873 2955 neque

278 2970 483 3024 bonum
528 2969 640 3025 ﬁeri
685 2973 880 3027 malum
930 2975 1073 3029 haud
1118 2992 1368 3046 umquam
1412 2992 1606 3046 posse:
1643 2977 1737 3031 scd
1784 2993 1870 3032 res

278 3063 425 3132 ipsas
457 3064 568 3119 fieri
597 3067 728 3120 tales
763 3081 867 3120 non
912 3082 1089 3136 posse.
1120 3067 1407 3123 Enimvero
1437 3068 1517 3123 ha:
1549 3070 1601 3124 in
1630 3084 1726 3124 suo
1754 3085 1869 3123 ma-

279 3165 473 3212 nentes
509 3156 717 3223 ordine,
764 3158 882 3211 alia:
923 3159 1076 3213 bonae
1119 3169 1244 3213 sunt
1268 3201 1280 3220 .
1312 3162 1430 3215 alia:
1475 3162 1628 3215 mala:
1662 3179 1673 3214 :
1707 3161 1867 3214 homo

275 3262 411 3301 vero
434 3287 449 3308 ,
494 3248 704 3316 quando
745 3249 832 3303 illa
863 3249 1080 3317 quidem
1107 3250 1368 3319 elegerit,
1414 3250 1585 3305 bonus
1610 3293 1624 3316 ,
1656 3251 1868 3320 quando

274 3352 410 3392 vero
435 3340 722 3405 contraria,
750 3342 919 3394 malus
941 3341 1065 3395 erit.
1090 3340 1252 3411 Igitur
1279 3351 1388 3396 tres
1418 3353 1542 3396 sunt
1572 3344 1660 3396 isti
1687 3359 1868 3397 rerum

274 3427 494 3483 ordines
528 3446 540 3482 :
576 3428 711 3483 bona
739 3431 953 3499 quidem
988 3446 1275 3500 numquam
1305 3432 1417 3485 fieri
1452 3441 1677 3500 possunt
1705 3433 1865 3496 mala,

270 3518 575 3588 cujusmodi
602 3529 727 3575 sunt
755 3523 1124 3589 temperantia,
1160 3524 1523 3592 eleemosyna,
1554 3532 1608 3576 et
1635 3523 1865 3576 similia:

273 3609 416 3662 mala
446 3625 571 3662 vero
600 3625 887 3678 numquam
922 3610 1035 3663 fieri
1069 3620 1292 3679 possunt
1322 3613 1458 3665 bona
1481 3654 1495 3673 ,
1526 3621 1581 3665 ut
1610 3613 1820 3665 lascivia
1849 3653 1863 3675 ,

273 3698 637 3755 inhumanitas
664 3710 716 3755 et
739 3701 1033 3756 crudelitas
1062 3719 1075 3754 :
1107 3702 1350 3772 quoniam
1377 3714 1553 3758 autem
1580 3706 1865 3773 aliquando

271 3791 381 3844 hoc
403 3830 418 3855 ,
451 3792 735 3859 aliquando
767 3792 894 3846 illud
930 3794 1062 3847 fiunt
1092 3810 1187 3862 pro
1217 3795 1428 3849 ratione
1458 3796 1622 3849 animi
1653 3806 1706 3849 et
1735 3796 1860 3850 afl‘e-

269 3894 393 3938 ctus
418 3900 599 3939 eorum
630 3926 643 3947 ,
689 3886 777 3955 qui
824 3886 902 3940 eis
931 3895 1170 3941 utuntur.
1219 3888 1421 3941 Divitia:
1463 3904 1861 3957 nonnumquam

270 3977 341 4030 ad
370 3979 539 4031 aliena
572 3978 708 4031 bona
747 3978 1048 4033 invadenda
1093 3981 1382 4033 inserviunt
1406 4022 1419 4045 ,
1462 3996 1861 4049 nonnumquam

269 4068 341 4121 ad
365 4068 758 4139 eleemosynam
784 4070 1188 4139 impertiendam
1208 4089 1220 4123 :
1240 4087 1423 4125 verum
1450 4072 1499 4126 id
1521 4073 1576 4125 fit
1594 4089 1655 4127 ex
1684 4075 1863 4127 animo

267 4169 330 4215 et
346 4158 533 4214 all‘cctn
561 4161 696 4229 ejus,
715 4163 803 4230 qui
833 4161 910 4215 eis
939 4163 1122 4217 utitur.
1147 4164 1436 4232 Paupertas
1462 4180 1857 4233 nonnumquam

267 4251 339 4304 ad
371 4252 785 4321 blasphemiam,
813 4269 1210 4323 nonnumquam
1242 4255 1305 4307 ad
1338 4256 1765 4309 benedictionem
1798 4270 1860 4309 ac

268 4343 662 4411 philosophiam
698 4346 936 4398 inservit.
970 4346 1097 4413 Quia
1130 4346 1289 4414 igitur
1316 4347 1711 4415 insipientiores
1755 4362 1856 4401 non

269 4437 422 4505 pauci
453 4436 591 4507 (jam
630 4436 773 4489 enim
802 4436 868 4487 ad
900 4436 1225 4489 solutionem
1252 4438 1569 4490 veniendum
1598 4446 1679 4491 est
1707 4438 1724 4505 )
1750 4453 1856 4490 non

266 4526 441 4579 solum
471 4526 641 4590 mala,
672 4542 789 4590 quae
818 4540 1109 4594 numquam
1152 4525 1289 4579 bona
1326 4526 1438 4579 fieti
1468 4535 1693 4594 possunt
1720 4568 1733 4587 ,
1765 4528 1857 4581 sed

265 4618 431 4670 etiam
458 4631 521 4669 ex
551 4617 614 4670 iis
642 4632 759 4684 quae
788 4616 960 4669 media
990 4627 1151 4683 sunt,
1183 4618 1434 4671 nonnulla
1466 4630 1656 4671 vocant
1684 4619 1818 4671 mala
1840 4660 1854 4684 ,

265 4715 329 4761 nt
356 4715 719 4776 paupertatem
741 4747 755 4769 ,
788 4707 1151 4774 captivitatem
1179 4749 1193 4771 ,
1226 4712 1573 4773 servitutem,
1605 4725 1722 4777 qua:
1750 4726 1854 4763 non

265 4800 410 4854 inter
436 4800 569 4852 mala
590 4841 603 4863 ,
633 4798 725 4852 sed
754 4800 891 4853 inter
921 4799 1109 4861 media.
1124 4815 1245 4854 esse
1278 4802 1599 4854 numeranda
1629 4803 1855 4855 demon-

263 4889 550 4945 stravimus
582 4908 593 4944 :
626 4890 774 4943 multi
809 4904 937 4944 vero
958 4932 971 4953 ,
1007 4901 1063 4943 ut
1093 4900 1215 4945 ante
1244 4892 1349 4944 dixi
1380 4932 1395 4953 ,
1443 4891 1556 4945 h:1'c
1587 4895 1856 4962 appellant

267 4983 404 5035 mala
432 4997 551 5050 quae
579 4981 713 5034 mala
745 4997 847 5034 non
880 4989 1006 5033 sunt
1036 5002 1048 5035 :
1077 4982 1143 5035 de
1172 4982 1285 5035 iSIis
1314 4984 1547 5051 loquitur
1572 4985 1852 5053 propheta,

264 5088 385 5142 qua:
422 5073 712 5128 secundum
743 5074 879 5142 vulgi
908 5074 1356 5127 existimationem
1402 5077 1538 5127 mala
1573 5087 1851 5144 vocantur,

267 5179 372 5217 non
406 5178 588 5217 revera
619 5175 743 5216 sunt
775 5166 910 5216 mala
945 5182 956 5217 :
992 5164 1061 5218 de
1086 5166 1393 5233 captivitate
1419 5207 1432 5229 ,
1464 5165 1531 5220 de
1561 5168 1814 5221 servitute
1837 5211 1851 5235 ,

259 5254 333 5310 de
358 5254 498 5309 fame
525 5264 579 5308 et
602 5256 716 5308 aliis
748 5256 1031 5323 ejusmodi.
1067 5255 1217 5325 Quod
1248 5258 1388 5311 enim
1418 5258 1532 5313 haec
1563 5276 1666 5313 non
1696 5262 1854 5315 modo

265 5347 405 5399 mala
444 5361 547 5399 non
577 5346 683 5399 sint
711 5387 724 5409 ,
772 5348 863 5400 sed
906 5349 1066 5400 etiam
1108 5350 1174 5401 ad
1217 5349 1352 5401 mala
1397 5349 1710 5417 depellenda
1749 5352 1855 5405 sint

264 5438 426 5502 usui,
473 5438 700 5506 primum
742 5438 791 5491 in
832 5439 1064 5493 medium
1108 5441 1307 5507 prolata
1355 5439 1491 5493 fame
1519 5441 1807 5495 doceamus
1834 5483 1849 5507 ,

264 5544 383 5599 quae
432 5528 705 5584 tremenda
757 5531 1003 5583 omnibus
1057 5544 1119 5583 ac
1162 5530 1416 5584 terribilis
1460 5530 1668 5584 videtur
1709 5546 1849 5584 esse.

266 5620 417 5674 Disce
444 5620 621 5689 igitur,
650 5635 756 5690 quo
784 5632 936 5688 pacto
964 5621 1099 5674 mala
1127 5638 1232 5675 non
1275 5624 1343 5675 sit
1370 5662 1384 5685 ,
1427 5630 1481 5675 et
1522 5621 1589 5675 ad
1622 5621 1853 5689 philoso—

264 5710 535 5781 phandum
585 5710 868 5765 instruere.
922 5708 1055 5765 Cum
1110 5712 1333 5781 populus
1387 5712 1733 5765 Hebraeorum
1788 5714 1852 5766 ad

260 5817 523 5860 summam
546 5803 934 5873 improbitatem
958 5804 1279 5873 devenisset,
1308 5816 1416 5860 tum
1440 5821 1659 5875 magnus
1684 5805 1848 5873 Elias,

942 398 1007 453 ΙΝ
1047 398 1248 455 ILLUD
1287 399 1511 461 ISAIE.
1555 403 1692 458 EGU
1734 402 2031 458 DOMINUS
2073 405 2248 461 DEUS
2286 405 2439 461 FECI
2477 406 2734 475 LUMEN,
2776 408 2930 465 ETC.

3468 425 3581 480 150

2003 522 2056 565 et
2077 515 2205 567 caelo
2228 515 2441 584 dignus,
2466 532 2587 572 cum
2612 518 2773 574 vellet
2798 519 3057 574 socordia:
3080 521 3321 577 morbum
3346 527 3579 593 auferre,

2001 620 2227 674 eumque
2254 608 2519 676 corrigere
2538 651 2552 675 ,
2577 610 2771 679 adjecit
2796 611 2981 666 dicens
3006 630 3018 665 :
3054 611 3181 667 Vivit
3212 616 3475 685 Dominus,
3500 623 3586 676 cui

2000 700 2170 751 adstiti
2197 718 2365 753 coram
2391 718 2448 756 eo
2469 742 2484 767 ,
2520 707 2563 754 si
2603 705 2695 757 erit
2724 706 2893 771 pluvia
2916 745 2932 772 ,
2972 706 3068 759 nisi
3095 722 3186 775 per
3214 724 3268 761 os
3302 726 3464 763 meum
3486 712 3579 784 (5.

2000 789 2125 859 Reg.
2161 792 2243 843 l7.
2278 793 2295 844 l
2328 792 2345 861 )
2380 810 2394 845 :
2425 804 2478 845 et
2517 793 2603 859 qui
2637 794 2867 848 meloten
2910 795 3074 849 solam
3111 798 3443 866 possidebat,
3473 817 3579 855 c.12-

1999 879 2108 934 lum
2143 882 2371 945 clausit,
2413 892 2555 936 tanta
2596 883 2736 952 apud
2783 886 2945 939 Deum
2986 888 3155 956 gratia
3202 888 3386 943 valuit.
3416 890 3581 947 Vides

1998 982 2358 1038 paupertatem
2387 974 2583 1027 malum
2612 989 2715 1027 non
2743 976 2904 1029 esse?
2934 976 3045 1030 Non
3073 979 3214 1031 enim
3242 989 3385 1033 tanta
3409 983 3577 1050 gratia

1995 1062 2248 1115 valuisset
2278 1064 2579 1117 mortalium
2612 1074 2923 1119 cunctorum
2958 1069 3343 1137 pauperrimus,
3375 1078 3432 1123 ut
3455 1086 3576 1125 cum

1995 1153 2047 1205 in
2078 1154 2234 1207 terris
2264 1165 2587 1219 versaretur,
2622 1165 2823 1211 tantam
2856 1158 3104 1213 virtutem
3134 1176 3239 1213 uno
3268 1161 3383 1216 solo
3410 1162 3578 1216 verba

1996 1260 2103 1313 pra:
2129 1262 2187 1299 se
2212 1246 2391 1302 ferret.
2414 1247 2525 1303 Hoc
2543 1264 2669 1319 ergo
2689 1248 2834 1304 dicto
2854 1249 3046 1304 famem
3069 1251 3288 1306 immisit
3310 1264 3573 1322 tamquam

1993 1337 2250 1403 optimum
2296 1337 2639 1409 paedagogum
2665 1381 2680 1405 ,
2713 1351 2767 1393 et
2802 1340 3063 1394 malorum
3108 1356 3226 1409 qu:e
3270 1343 3577 1399 acciderant

1992 1428 2389 1483 emendatorem
2422 1447 2434 1480 :
2468 1439 2629 1499 atque
2656 1438 2714 1483 ut
2744 1432 2802 1483 fit
2837 1445 2957 1484 cum
2999 1430 3289 1487 vehemens
3328 1434 3572 1501 quaedam

1992 1516 2152 1570 febris
2178 1533 2371 1587 corpus
2401 1521 2613 1585 invasit,
2648 1537 2798 1575 vente
2830 1523 2957 1589 ipsa:
2988 1532 3144 1576 terra:
3167 1526 3570 1592 exarescebant,

1992 1614 2253 1661 torrentes
2282 1607 2623 1674 deficiebant,
2652 1621 2704 1664 et
2735 1611 2934 1674 herbae,
2962 1621 3016 1666 et
3042 1620 3198 1666 terrae
3228 1615 3429 1667 viscera
3458 1624 3570 1669 ste-

1989 1696 2104 1749 rilia
2138 1699 2345 1765 penitus
2374 1700 2625 1769 deinceps
2652 1710 2825 1755 erant.
2859 1700 3043 1768 Neque
3075 1718 3201 1754 vero
3233 1703 3574 1759 mediocriter

1988 1786 2038 1840 id
2073 1789 2264 1855 populo
2304 1790 2400 1844 fuit
2443 1791 2569 1844 utile
2594 1830 2608 1855 ,
2645 1805 2767 1844 cum
2797 1805 3074 1860 repressus
3116 1792 3340 1860 impetus
3370 1792 3527 1847 fuerit
3551 1832 3567 1856 ,

1986 1893 2092 1948 quo
2117 1881 2182 1934 ad
2210 1881 2539 1951 iniquitatem
2563 1882 2852 1950 ferebatur,
2875 1891 2929 1938 et
2948 1885 3233 1953 castigatus
3255 1885 3569 1941 modestior-

1983 1986 2090 2040 que
2120 1972 2188 2026 sit
2220 1973 2404 2035 factus,
2437 1980 2491 2027 et
2518 1972 2583 2027 ad
2610 1973 3083 2042 obtemperantium
3115 1975 3382 2044 prophetae
3414 1991 3563 2030 man-

1983 2065 2204 2118 suetior.
2253 2064 2385 2119 Nam
2426 2065 2517 2134 qui
2561 2065 2627 2121 ad
2674 2064 2812 2119 idola
2851 2065 3174 2127 currebant,
3204 2075 3259 2119 et
3285 2064 3565 2121 daemoniis

1983 2154 2120 2209 ﬁlios
2150 2170 2276 2209 suos
2298 2156 2620 2218 mactabaut,
2647 2154 2700 2208 hi
2725 2163 2801 2209 tot
2820 2155 3011 2208 occisis
3028 2154 3392 2209 sacerdotibus
3417 2154 3564 2219 Baal,

1984 2262 2088 2299 non
2120 2247 2371 2315 indignati
2404 2255 2547 2311 sunt,
2576 2261 2681 2299 non
2711 2245 3076 2311 indoluerunt,
3107 2245 3201 2299 sed
3224 2244 3379 2299 famis
3404 2260 3568 2314 opera

1981 2338 2173 2392 redditi
2205 2339 2453 2391 meliores
2476 2378 2491 2404 ,
2532 2347 2769 2392 tacentes
2801 2350 2864 2390 ac
2888 2343 3031 2390 metu
3061 2335 3292 2405 correpti
3328 2350 3440 2391 rem
3470 2350 3566 2406 pa-

1985 2430 2176 2482 tienter
2207 2429 2461 2482 tulerunt.

2053 2521 2103 2574 6.
2153 2520 2310 2574 Vides
2361 2536 2465 2573 non
2512 2519 2669 2573 modo
2698 2520 2892 2574 malum
2938 2536 3041 2573 non
3070 2534 3189 2575 esse
3224 2518 3437 2587 famem,
3460 2521 3555 2577 sed

1977 2611 2042 2664 ad
2075 2611 2210 2663 mala
2238 2612 2395 2663 etiam
2429 2610 2658 2663 tollenda
2684 2610 3019 2679 prodesse,et
3042 2611 3105 2663 ad
3128 2610 3387 2665 sanandas
3404 2612 3563 2682 εδει-ια

1981 2703 2188 2756 tudines
2221 2701 2441 2755 remedii
2470 2700 2646 2755 locum
2664 2700 2941 2754 obtinere?
2966 2700 3115 2767 Quod
3136 2701 3179 2755 si
3202 2702 3561 2769 captivitatem

1978 2793 2145 2859 ipsam
2176 2792 2334 2845 etiam
2368 2791 2546 2844 videre
2567 2791 2699 2845 velis
2721 2791 3050 2843 malum-non
3081 2805 3218 2853 esse,
3246 2790 3416 2859 cogita
3432 2805 3564 2860 qua-

1978 2883 2053 2935 les
2074 2894 2196 2936 ante
2216 2884 2573 2951 captivitatem
2596 2890 2777 2935 essent
2796 2881 2985 2944 Judaei,
3013 2891 3067 2934 et
3095 2881 3275 2949 quales
3306 2882 3356 2935 in
3388 2883 3560 2953 capti-

1976 2973 2157 3033 vitate,
2186 2982 2241 3025 nt
2269 2972 2533 3040 intelligas
2565 2985 2736 3039 neque
2756 2970 3050 3023 libertatem
3071 2970 3316 3025 absolute
3336 2970 3557 3038 bonum,

1977 3077 2148 3130 neque
2179 3062 2534 3130 captivitatem
2561 3061 2755 3113 malum
2785 3074 2922 3114 esse.
2944 3059 3166 3126 Quando
3182 3060 3322 3114 enim
3346 3060 3560 3116 liberta-

1978 3164 2028 3208 te
2055 3155 2367 3207 fruebantur
2386 3194 2401 3216 ,
2424 3162 2478 3206 et
2508 3153 2557 3205 in
2590 3153 2755 3221 patria
2782 3167 2876 3206 sua
2902 3152 3188 3221 degebant,
3214 3153 3283 3205 ita
3316 3168 3376 3206 se
3399 3167 3556 3222 gere-

1974 3245 2119 3309 bant,
2153 3254 2206 3297 ut
2233 3244 2454 3313 singulis
2480 3243 2666 3297 diebus
2705 3243 2963 3297 adversus
2992 3243 3110 3297 illos
3136 3242 3558 3299 vociferarentur

1974 3336 2277 3403 prophetae,
2328 3335 2451 3389 dum
2499 3336 2647 3403 leges
2689 3335 3148 3399 conculcarentur,
3203 3334 3557 3390 adorarentur

1973 3428 2132 3490 idola,
2165 3436 2220 3481 et
2250 3428 2335 3480 Dei
2376 3427 2624 3481 mandata
2649 3427 2975 3479 violarentur
3002 3444 3014 3479 :
3050 3436 3326 3495 postquam
3375 3436 3553 3483 autem

1973 3520 2024 3572 in
2045 3520 2269 3573 alienam
2299 3518 2462 3573 delati
2494 3529 2615 3572 sunt
2647 3528 2840 3572 terram
2868 3560 2881 3583 ,
2914 3527 2967 3573 ct
3005 3518 3056 3572 in
3086 3519 3432 3574 barbarorum
3468 3536 3555 3576 re-

1971 3611 2129 3678 gione
2160 3610 2390 3675 versati,
2423 3610 2499 3664 sic
2528 3611 2767 3680 depressi
2795 3620 2955 3674 sunt,
2979 3625 3041 3664 ac
3077 3612 3325 3665 meliores
3361 3627 3552 3667 evase-

1970 3711 2112 3764 runt,
2144 3701 2420 3770 legemque
2446 3710 2759 3764 servarunt,
2791 3710 2849 3755 ut
2888 3717 2951 3756 ex
2996 3702 3111 3770 ipSo
3139 3704 3347 3768 psalmo
3374 3705 3551 3775 colligi

1972 3800 2164 3859 potest,
2195 3807 2351 3861 quem
2396 3807 2574 3862 operte
2604 3793 2829 3860 pretium
2860 3801 2941 3845 est
2968 3792 3224 3846 hodierno
3244 3793 3328 3847 dic
3358 3795 3409 3848 in
3432 3810 3549 3849 me-

1969 3885 2112 3938 dium
2136 3886 2346 3948 afferre,
2377 3894 2434 3938 ut
2458 3900 2523 3939 ex
2551 3900 2614 3937 eo
2630 3883 2949 3952 captivitatis
2974 3881 3201 3937 fructum
3224 3887 3546 3951 agnoscatis.

1968 3977 2095 4044 Quis
2136 3977 2219 4029 ille
2250 3990 2406 4044 porro
2439 3975 2674 4038 psalmus
2700 3975 2816 4028 est?
2838 3973 3007 4042 Super
3033 3975 3245 4042 ﬂumina
3274 3974 3547 4045 Babyloni:

1967 4068 2069 4119 illic
2094 4067 2331 4130 sedimus,
2361 4076 2405 4118 et
2443 4065 2691 4134 ﬂeuimus,
2724 4064 2844 4116 dum
2886 4065 3260 4117 recordaremur
3287 4064 3434 4118 Sion.
3478 4064 3548 4118 In

1966 4158 2198 4210 salicibus
2225 4158 2275 4208 in
2302 4155 2464 4207 medio
2486 4157 2595 4223 ejus
2613 4154 2960 4223 suspendimns
2977 4170 3164 4222 organa
3186 4163 3375 4207 nostra.
3402 4153 3547 4220 Quo-

1966 4250 2098 4301 niam
2145 4249 2247 4300 illic
2275 4248 2705 4315 interrogaverunt
2753 4261 2862 4305 nos,
2895 4244 2979 4312 qui
3027 4246 3248 4311 captivos
3296 4246 3546 4299 duxerunt

1966 4358 2073 4401 nos,
2104 4340 2249 4391 verba
2265 4338 2575 4397 cantionum,
2609 4337 2828 4388 dicentes
2856 4334 3097 4388 :Cantale
3126 4335 3263 4388 nobis
3290 4337 3352 4388 de
3377 4338 3540 4389 canti-

1962 4433 2031 4483 cis
2065 4431 2209 4483 Sion.
2239 4428 2501 4492 Quomodo
2526 4427 2835 4480 cantabimus
2857 4427 3104 4478 canticum
3122 4426 3389 4479 Dominiin
3410 4437 3543 4481 terra

1964 4521 2128 4573 aliena
2176 4518 2342 4591 (Psal.
2375 4519 2495 4573 156.
2528 4517 2701 4588 1-4).
2751 4516 2911 4570 Vides
2938 4526 2995 4569 ut
3038 4516 3181 4583 ipsos
3219 4518 3543 4586 depresserit

1963 4612 2257 4679 captivitas.
2287 4609 2417 4662 Nam
2440 4617 2563 4662 ante
2596 4608 2735 4661 illam
2777 4606 2986 4674 quidem
3019 4606 3302 4673 prophetas
3330 4622 3434 4660 non
3469 4608 3542 4661 fe-

1963 4706 2181 4768 rebant,
2211 4720 2238 4756 a
2274 4703 2462 4771 quibus
2488 4700 2927 4761 admonebantur,
2963 4707 3019 4750 ut
3058 4713 3123 4751 ne
3156 4699 3322 4764 legem
3368 4708 3541 4751 trans-

1960 4796 2307 4865 gredcrentur
2354 4810 2365 4846 :
2414 4801 2533 4861 post
2593 4792 2733 4843 illam
2792 4798 2965 4842 autem
3015 4788 3172 4840 etiam
3224 4787 3540 4842 instantibus

1960 4887 2221 4947 barbaris,
2256 4894 2307 4937 ct
2332 4883 2562 4937 dominis
2592 4880 2901 4949 cogentibus
2927 4889 3083 4946 atque
3114 4879 3454 4947 urgentibus,
3484 4889 3541 4933 ut

1960 4996 2075 5031 eam
2128 4975 2646 5044 transgrederentur,
2697 4971 2911 5022 minime
2964 4969 3245 5036 parebant,
3276 4968 3367 5021 sed
3396 4968 3540 5021 dice-

1960 5073 2086 5126 bant
2114 5089 2126 5123 ε
2160 5070 2275 5123 Non
2294 5066 2623 5120 cantabimus
2651 5062 2910 5116 canticum
2940 5060 3140 5113 Domini
3174 5060 3222 5111 in
3248 5068 3383 5112 terra
3410 5059 3539 5112 alie-

1962 5180 2047 5227 na,
2076 5162 2321 5231 quoniam
2354 5158 2401 5211 id
2434 5159 2513 5209 lex
2549 5171 2651 5208 non
2686 5151 3043 5221 permittebat.
3101 5150 3231 5203 Vide
3268 5159 3443 5203 autem
3488 5158 3540 5203 et

1961 5266 2067 5309 tres
2092 5268 2317 5323 pueros,
2347 5250 2434 5319 qui
2470 5264 2572 5301 non
2618 5246 2788 5299 solum
2834 5261 2859 5296 a
2911 5244 3211 5310 captivitate
3268 5241 3377 5293 laesi
3434 5256 3536 5293 non

1959 5358 2115 5411 sunt,
2144 5344 2237 5400 sed
2265 5346 2421 5398 etiam
2440 5342 2553 5409 ejus
2574 5353 2731 5407 opera
2763 5337 3077 5389 illustriores
3106 5342 3419 5396 evaserunt;
3448 5346 3535 5385 eo-

1960 5440 2185 5507 demque
2206 5437 2361 5489 modo
2390 5433 2683 5487 Danielem.
2708 5429 2843 5495 Quid
2870 5441 2994 5480 vero
3015 5425 3208 5495 Ioseph
3226 5424 3248 5477 ?
3269 5423 3392 5493 quid
3415 5420 3537 5475 mali

1956 5546 2144 5601 passus
2173 5538 2272 5593 est,
2302 5542 2420 5580 cum
2456 5533 2508 5579 et
2535 5522 2873 5592 peregrinus,
2898 5529 2951 5573 et
2979 5532 3164 5572 servus
3188 5558 3202 5583 ,
3223 5526 3275 5570 et
3298 5512 3544 5581 captivus

1958 5632 2036 5675 est
2068 5620 2265 5675 factus?
2291 5632 2465 5673 nonne
2489 5614 2592 5669 hoc
2619 5628 2777 5666 unum
2810 5611 2885 5665 illi
2908 5609 3243 5680 splendorem
3266 5621 3532 5674 compara-

1957 5712 2072 5764 vit?
2103 5710 2237 5777 Quid
2272 5722 2397 5763 vero
2436 5704 2629 5759 mulier
2664 5701 2751 5755 illa
2779 5700 2998 5753 barbara
3021 5739 3035 5763 ,
3065 5714 3179 5767 quae
3230 5698 3278 5750 in
3327 5694 3533 5763 Opibus,

1966 5804 2237 5876 superbia,
2269 5811 2323 5857 et
2351 5798 2595 5855 libertate
2625 5794 2866 5866 degebat,
2898 5792 3016 5847 inde
3046 5792 3239 5845 lucrata
3260 5788 3377 5843 est?
3411 5804 3540 5840 nom
