4016 6440
509 403 616 461 151

497 516 565 556 ne
594 498 832 554 omnium
855 498 950 554 fuit
980 498 1299 562 miserrima,
1325 505 1606 568 postquam
1629 493 1763 558 istis,
1798 499 1856 547 ut
1874 501 2088 562 oporte-

499 593 614 658 bat,
641 591 715 646 uti
743 590 950 646 noluit?
979 589 1104 645 llaec
1130 589 1288 660 igitur
1312 586 1592 645 evidenter
1609 600 1638 639 a
1666 585 1821 640 nobis
1848 591 1972 638 sunt
1991 580 2086 637 de-

495 689 813 747 monstrata,
831 695 1075 752 quaenam
1094 680 1202 735 sint
1220 679 1379 744 mala,
1401 692 1646 748 quasnam
1662 677 1821 740 bona,
1844 687 2089 744 qurenam

497 772 694 840 media,
718 781 774 829 et
805 772 873 829 de
896 772 1088 828 mediis
1108 770 1252 842 loqui
1279 770 1617 841 prophetam,
1633 783 1752 838 qua:
1776 767 1949 837 reipsa
1977 779 2092 817 ma-

493 861 542 918 la
573 877 678 917 non
703 871 848 930 sunt,
881 861 977 918 sed
1003 861 1159 932 vulgo
1189 860 1328 915 mala
1355 859 1626 925 videntur,
1665 855 1732 912 de
1759 855 2087 927 captivitate,

492 958 786 1018 servitute,
835 951 1178 1007 abductione.
1227 951 1399 1020 Quam
1441 963 1571 1004 vero
1609 947 1679 1002 ob
1716 961 1934 1002 causam
1973 944 2089 1000 bare

498 1045 640 1100 dicta
668 1043 795 1108 sint,
828 1057 1006 1113 Operae
1039 1042 1268 1113 pretium
1299 1039 1459 1096 fuerit
1485 1052 1628 1093 nunc
1655 1036 1872 1092 docere.

575 1133 848 1207 Propheta:
895 1149 986 1188 cur
1032 1135 1192 1188 missi.
1229 1162 1304 1174 --
1340 1131 1608 1198 Benignus
1635 1143 1756 1182 cum
1805 1128 1874 1182 sit
1923 1126 2085 1194 Deus,

493 1234 549 1280 et
574 1225 640 1280 ad
671 1224 1031 1281 miserandum
1063 1235 1362 1296 promptus,
1392 1223 1458 1276 ad
1503 1219 1865 1291 castigandum
1897 1234 1960 1274 ac
1987 1234 2087 1287 pu-

495 1320 747 1374 niendum
777 1328 1058 1374 cunctator
1099 1326 1155 1373 et
1194 1316 1412 1382 tardus,
1461 1330 1527 1368 ne
1557 1313 1770 1368 Judueos
1815 1311 2088 1382 suppliciis

495 1412 777 1469 mulctaret
803 1456 816 1477 ,
849 1411 1135 1481 prophetas
1175 1411 1339 1472 misit,
1383 1419 1440 1463 ut
1478 1409 1656 1463 verbis
1693 1422 1786 1462 eos
1839 1414 2084 1471 terreret,

492 1521 666 1576 neque
706 1505 870 1562 rebus
918 1505 1046 1574 ipsis
1084 1503 1345 1574 puniret:
1391 1501 1535 1572 quod
1561 1510 1614 1556 et
1661 1514 1785 1570 erga
1828 1498 2087 1553 Ninivitas

494 1600 757 1668 prmstitit.
791 1599 923 1655 Nam
953 1607 1007 1654 et
1032 1598 1138 1652 illic
1168 1597 1296 1651 olim
1326 1595 1510 1650 urbem
1548 1609 1607 1650 se
1635 1607 1949 1649 eversurum
1985 1590 2088 1645 mi-

492 1703 648 1746 natus
674 1699 793 1757 est,
823 1706 930 1745 non
962 1700 1020 1744 ut
1048 1696 1346 1753 everteret,
1377 1687 1472 1741 sed
1524 1695 1581 1740 ut
1637 1700 1741 1739 non
1795 1691 2084 1751 everteret,

491 1780 634 1849 quod
664 1784 843 1850 utique
872 1780 1114 1849 contigit.
1171 1779 1280 1833 Hoc
1329 1778 1578 1833 nimirum
1615 1784 1668 1830 et
1712 1783 1836 1830 tunc
1875 1774 2085 1844 agebat,

493 1872 781 1941 prophetas
809 1872 1074 1937 mittebat,
1091 1887 1152 1926 ac
1169 1871 1514 1926 barbarorum
1547 1869 1900 1934 incursiones,
1923 1865 2085 1932 bella,

491 1963 828 2030 captivitates
848 2004 866 2030 ,
896 1962 1270 2017 abductionem
1293 2000 1307 2025 ,
1342 1971 1397 2016 et
1421 1962 1474 2014 in
1499 1961 1670 2014 aliena
1697 1959 1916 2029 regione
1934 1969 2087 2012 com-

493 2060 844 2109 morationem
885 2053 1209 2107 minabatur.
1251 2051 1320 2106 Et
1343 2050 1791 2121 quemadmodum
1823 2058 1974 2120 pater
2002 2049 2088 2103 in-

492 2146 737 2216 dulgens,
766 2146 852 2201 cui
877 2146 1016 2200 filius
1041 2155 1124 2201 est
1149 2145 1462 2199 libidinosus
1492 2159 1556 2199 ac
1579 2143 1871 2213 negligens,
1900 2143 1966 2197 ad
1994 2157 2086 2196 sa-

493 2251 614 2289 nam
641 2247 875 2291 mentem
900 2237 1087 2291 volens
1112 2251 1236 2292 emn
1273 2237 1562 2301 reducere,
1607 2235 1809 2305 ﬂagella
1841 2235 2082 2304 requirit,

493 2324 646 2380 funes
677 2327 906 2381 minatur
934 2327 1118 2382 dicens
1151 2344 1164 2379 :
1200 2326 1469 2392 Vineiam,
1503 2326 1727 2395 ﬂagellis
1753 2325 1975 2391 caedam,
2004 2326 2086 2378 in-

494 2417 774 2481 terliciam,
809 2418 971 2488 fitque
997 2418 1178 2474 verbis
1207 2419 1544 2484 terribilis,ut
1571 2419 1670 2472 hac
1706 2419 1909 2472 ratione
1932 2418 2085 2484 juve-

492 2509 576 2563 nis
605 2509 994 2579 improbitatem
1023 2517 1329 2578 compescat
1361 2527 1375 2562 :
1404 2510 1472 2561 ita
1507 2509 1756 2561 nimirum
1785 2507 1924 2562 Deus
1956 2521 2087 2561 con-

499 2601 644 2655 tinue
673 2599 1006 2666 minabatur,
1033 2617 1153 2654 cum
1182 2614 1276 2655 eos
1306 2598 1500 2668 injecto
1545 2606 1688 2653 metu
1715 2597 1941 2652 reddere
1972 2611 2088 2652 me-

495 2693 657 2748 liores
684 2693 862 2749 vellet.
894 2693 1019 2748 Htec
1042 2706 1274 2748 cernens
1299 2691 1560 2755 diabolus,
1581 2692 1866 2760 volensque
1895 2704 2085 2744 emen-

490 2786 765 2841 dationem
790 2827 807 2851 ,
833 2801 950 2853 quae
979 2784 1406 2854 consequebatur
1427 2781 1522 2836 has
1549 2782 1718 2836 minas
1745 2823 1761 2848 ,
1790 2779 2082 2849 impedire,

495 2877 983 2948 pseudoprophetas
1011 2877 1250 2943 immisit,
1296 2885 1351 2930 et
1374 2875 1647 2945 prophetis
1683 2873 2040 2942 captivitatem
2066 2912 2081 2937 ,

491 2970 827 3036 servitutem,
853 2969 1152 3038 famemque
1180 2967 1526 3032 minantibus,
1562 2967 1634 3019 illi
1671 2965 1956 3031 contraria,
1987 2978 2085 3034 pa-

490 3076 640 3128 cem,
670 3070 826 3115 terna
858 3061 1182 3114 fertilitatem
1206 3101 1221 3124 ,
1255 3059 1655 3113 innumerorum
1696 3058 1956 3112 bonorum
1989 3072 2086 3112 co-

493 3152 633 3219 piam
688 3149 1062 3218 prtedicebant.
1127 3149 1332 3203 idcirco
1379 3151 1767 3216 exprobrantes
1811 3148 1914 3201 illis
1963 3162 2086 3216 pro-

496 3243 670 3312 pheta:
693 3242 981 3297 dicebant:
1004 3240 1143 3308 Pax,
1177 3251 1374 3310 pax;et
1399 3242 1484 3295 ubi
1508 3251 1580 3296 est
1598 3258 1703 3311 pax
1728 3239 1860 3309 (Jer.
1885 3241 1938 3296 6.
1973 3239 2087 3310 li)?

493 3335 559 3389 Et
579 3335 756 3390 sciunt
776 3349 981 3400 omnes,
1014 3334 1102 3402 qni
1132 3348 1404 3388 sacrarum
1430 3333 1704 3389 literarum
1727 3343 1848 3388 sunt
1880 3332 2087 3387 studio-

491 3424 559 3492 si,
586 3433 776 3481 cuncta
802 3426 1066 3490 evenisse,
1085 3441 1204 3495 quae
1230 3424 1502 3494 prophetae
1520 3424 1879 3493 prmdixerant
1898 3423 2088 3479 adver-

493 3531 584 3570 sus
609 3515 1122 3587 pseudoprophetas,
1151 3516 1242 3587 qui
1273 3517 1450 3587 pepuli
1477 3517 1708 3572 studium
1740 3517 2088 3572 debilitabant

491 3624 556 3663 ac
583 3607 912 3679 frangebant.
944 3608 1383 3679 Quoniamigilur
1404 3609 1655 3679 populum
1678 3610 1745 3663 ita
1769 3609 2082 3664 dissolutum

493 3703 925 3769 corrumpebant,
986 3716 1080 3770 per
1125 3700 1416 3771 prophetas
1459 3701 1533 3754 ait
1573 3701 1711 3756 Deus
1751 3718 1761 3752 :
1795 3699 1906 3771 Ego
1950 3700 2088 3755 Deus

499 3790 687 3859 faciens
709 3807 904 3860 pacem,
934 3803 982 3844 et
1000 3809 1177 3846 creans
1204 3792 1340 3845 mala
1363 3791 1516 3862 (Isai.
1546 3793 1633 3847 45.
1653 3792 1727 3863 7).
1752 3792 1814 3848 Et
1842 3808 2086 3864 quaenam

501 3879 831 3935 mala?H:ec
883 3897 1000 3951 qum
1035 3895 1453 3938 commemorata
1509 3895 1653 3952 sunt,
1703 3887 2085 3954 captivitatem,

497 3970 802 4025 servitutem
830 3980 880 4026 et
906 3973 1008 4026 alia
1035 3972 1295 4042 ejusmodi
1321 3991 1336 4028 :
1365 3989 1467 4028 non
1497 3973 1903 4030 fornicationem
1935 3988 1988 4032 et
2014 3978 2089 4031 la-

495 4062 734 4126 sciviam,
759 4073 814 4118 et
840 4065 1136 4130 avaritiam,
1166 4080 1338 4136 neque
1364 4063 1506 4119 aliud
1536 4065 1821 4136 quidquam
1851 4067 2086 4135 ejusmo-

495 4153 568 4207 di.
611 4152 812 4210 Idcirco
842 4157 1000 4210 etiam
1027 4157 1243 4226 quando
1287 4159 1426 4212 alius
1450 4159 1707 4227 propheta
1737 4159 1902 4224 dixit,
1937 4161 1997 4216 Si
2020 4171 2090 4215 est

496 4244 691 4298 malitia
719 4247 771 4299 in
796 4248 991 4301 civitate
1015 4288 1028 4310 ,
1061 4265 1210 4314 quam
1245 4265 1344 4302 non
1373 4250 1490 4318 fecit
1517 4248 1766 4303 Dominus
1797 4249 1814 4318 (
1847 4251 1999 4304 Amos
2032 4253 2086 4305 5.

497 4336 578 4408 6),
604 4335 740 4390 hanc
777 4337 910 4390 dixit
936 4337 1212 4402 malitiam,
1238 4339 1427 4392 famem
1448 4379 1462 4402 ,
1494 4340 1772 4405 morbum,
1806 4339 2031 4395 inﬂictas
2060 4356 2088 4394 a

501 4430 610 4484 Deo
631 4431 846 4501 plagas:
875 4431 952 4485 sic
980 4441 1034 4485 et
1061 4432 1304 4485 Christus
1331 4449 1452 4486 cum
1478 4433 1625 4498 dicit,
1655 4432 1965 4502 Suﬂ‘icitdiei
1983 4451 2092 4486 ma-

501 4525 609 4577 litia
628 4541 720 4578 sua
744 4525 954 4597 (Matth.
986 4526 1038 4579 6.
1064 4524 1173 4593 34),
1205 4525 1429 4579 sudores
1455 4526 1616 4591 dicit,
1640 4527 1876 4581 laborem
1904 4568 1918 4591 ,
1951 4525 2090 4580 afﬂi-

499 4617 754 4670 ctionem.

572 4709 624 4763 7.
675 4708 787 4763 Hoc
811 4709 970 4778 igitur
998 4709 1125 4764 dicit
1151 4709 1406 4780 propheta
1433 4727 1445 4762 :
1469 4708 1546 4764 Ne
1579 4709 1778 4764 debiles
1808 4723 1870 4764 ac
1900 4709 2085 4764 remis-

503 4817 591 4856 sos
631 4817 726 4855 vos
770 4802 997 4856 reddant
1040 4803 1555 4872 pseudoprophetae;
1604 4802 1741 4855 Dens
1767 4801 1909 4856 enim
1940 4801 2090 4855 vobis

505 4908 688 4959 pacem
728 4893 904 4962 largiri
937 4904 1146 4962 potest,
1185 4905 1238 4947 et
1268 4894 1556 4963 captivitati
1588 4908 1679 4946 vos
1713 4892 1923 4945 tradere
1953 4908 1964 4943 :
1996 4892 2096 4946 hoc

503 4993 606 5049 est,
641 4982 858 5038 Faciens
885 5002 1056 5053 pacem
1078 5027 1092 5048 ,
1121 4997 1166 5038 et
1203 5003 1376 5039 creans
1406 4987 1558 5037 mala.
1590 4986 1763 5054 Atque
1792 4992 1846 5035 ut
1874 4982 1972 5036 hoc
2002 4997 2094 5036 vc-

505 5093 621 5130 rnm
651 5092 772 5131 esse
802 5077 1086 5146 intelligas,
1113 5079 1253 5144 ipsas
1279 5077 1536 5131 dictiones
1565 5075 1861 5129 accuratius
1890 5074 2094 5128 exami-

507 5183 714 5223 nemns.
766 5167 898 5223 Cum
931 5168 1072 5222 enim
1117 5177 1240 5222 ante
1280 5167 1544 5232 dixisset,
1589 5164 1702 5235 Ego
1743 5183 1850 5219 sum
1888 5166 1968 5234 qui
2002 5165 2097 5231 feci

507 5260 666 5313 lucem
683 5271 728 5312 et
745 5261 990 5326 tenebras,
1011 5271 1134 5314 tunc
1150 5260 1371 5325 addidit,
1395 5259 1605 5312 Faciens
1630 5275 1832 5326 pacem,
1858 5268 1903 5310 ct
1922 5273 2098 5310 creans

509 5351 663 5404 male.
697 5351 810 5405 Duo
835 5354 1098 5406 contraria
1122 5368 1280 5422 supra
1310 5353 1504 5421 posuit,
1529 5366 1588 5403 ac.
1618 5351 1813 5405 deinde
1838 5350 1944 5403 duo
1971 5366 2100 5403 con-

511 5447 703 5512 traria,
736 5456 791 5500 ut
822 5446 1083 5517 intelligas
1113 5461 1233 5501 eum
1261 5460 1364 5500 non
1397 5446 1462 5499 de
1495 5444 1842 5498 fornicatione
1862 5483 1876 5509 ,
1910 5443 2002 5496 sed
2033 5443 2100 5497 de

513 5538 896 5593 calamitatibus
924 5538 1087 5608 loqui.
1119 5537 1254 5605 Quid
1286 5538 1427 5592 enim
1455 5544 1537 5590 est
1561 5533 1700 5604 quod
1733 5535 1845 5603 paci
1873 5533 2099 5601 opponi-

516 5629 644 5686 tur?
677 5626 891 5687 Clarum
931 5629 1185 5700 estquod
1224 5629 1291 5685 sit
1330 5627 1604 5698 captivitas
1628 5667 1644 5694 ,
1692 5642 1797 5682 non
1841 5624 2094 5692 lascivia,

1211 390 1268 442 ὃ.
1309 382 1589 442 ιοΑΝΝιδ
1626 374 2088 437 CIIRYSOSTOMJ

2195 373 2460 429 RCBIEP.
2487 370 3029 428 CONSTANTINOP.

3681 389 3794 445 152

2197 502 2370 557 neque
2399 484 2678 542 fornicatio
2699 527 2714 552 ,
2748 501 2923 557 neque
2957 483 3203 540 avaritia.
3249 483 3316 540 Ut
3359 482 3522 554 igitur
3543 488 3791 555 superius

2194 578 2304 633 duo
2330 577 2597 632 contraria
2626 579 2823 647 posuit,
2855 579 2934 634 sic
2961 577 3212 634 nimirum
3236 587 3290 632 et
3320 576 3422 633 hoc
3455 575 3580 634 loco
3607 594 3624 632 :
3653 591 3793 634 con-

2194 670 2356 724 traria
2387 684 2515 725 vero
2547 670 2665 740 paci
2691 685 2778 726 res
2805 677 2887 726 est
2913 684 3022 726 non
3051 670 3354 737 fornicatio,
3385 685 3562 742 neque
3585 670 3794 728 adulte-

2193 763 2330 816 rium
2353 802 2367 825 ,
2395 777 2568 831 neque
2597 761 2813 816 lascivia
2833 802 2847 824 .
2877 775 3052 833 neque
3081 761 3284 832 reliqua
3309 761 3474 829 vitia;
3499 758 3599 817 sed
3623 761 3794 834 capti-

2193 855 2330 909 vitas
2355 863 2411 909 et
2453 855 2703 910 servitus.
2750 853 2855 911 Sed
2884 855 3023 910 sicut
3055 870 3182 926 erga
3219 855 3485 911 elementa
3511 896 3525 921 ,
3557 853 3640 911 sic
3667 871 3792 928 erga

2194 962 2282 1003 res
2309 949 2450 1018 ipsas
2478 947 2722 1003 homines
2749 947 3074 1002 afficiuntur.
3108 947 3350 1018 Exempli
3377 961 3539 1003 causa
3564 964 3579 1002 :
3606 961 3792 1016 quem-

2194 1039 2480 1094 admodum
2508 1039 2634 1094 fecit
2667 1040 2838 1096 lucem
2866 1048 2922 1095 et
2954 1039 3224 1105 tenebras,
3256 1051 3310 1095 et
3338 1041 3519 1096 multis
3546 1054 3672 1096 esse
3700 1039 3795 1111 ju-

2193 1128 2366 1183 cunda
2393 1130 2480 1185 lux
2515 1130 2742 1198 videtur,
2769 1129 3005 1186 tenebrze
3031 1145 3160 1187 vero
3189 1130 3459 1198 molestae,
3484 1145 3547 1186 ac
3577 1140 3794 1188 noctem

2192 1223 2406 1290 quidam
2431 1232 2702 1295 tamquam
2730 1224 2921 1278 malam
2949 1233 3205 1279 accusant
3230 1241 3243 1277 :
3272 1224 3352 1280 sic
3379 1225 3632 1280 nimirum
3658 1236 3713 1281 et
3735 1226 3796 1281 in

2192 1316 2356 1370 rebus
2383 1316 2532 1386 ipsis.
2559 1318 2628 1370 At
2658 1332 2830 1387 neque
2857 1331 2961 1370 nox
2987 1325 3070 1371 est
3089 1315 3409 1383 accusanda,
3436 1331 3613 1386 neque
3638 1325 3794 1373 tene-

2193 1408 2324 1474 brae,
2350 1423 2523 1478 neque
2548 1409 2764 1464 omnino
2791 1409 3021 1463 servitus
3046 1417 3100 1462 et
3125 1407 3430 1474 captivitas.
3455 1407 3594 1476 Quid
3620 1408 3792 1475 enim,

2191 1514 2397 1570 qumso,
2426 1499 2549 1552 mali
2580 1498 2776 1554 habent
2802 1498 3079 1554 tenebrae?
3105 1513 3281 1554 nonne
3305 1508 3430 1555 sunt
3459 1513 3488 1552 a
3515 1499 3797 1556 labori-bus

2193 1591 2493 1646 relaxatio?
2524 1605 2702 1646 nonne
2749 1590 2998 1646 remissio
3041 1592 3332 1646 curarum?
3362 1606 3538 1647 nonne
3583 1591 3793 1648 doloris

2189 1683 2604 1738 exterminatio?
2632 1699 2807 1738 nonne
2833 1684 3024 1738 virium
3056 1685 3334 1739 accessio?
3360 1685 3512 1751 Quod
3551 1685 3599 1739 si
3635 1693 3792 1741 tene-

2193 1775 2302 1831 bra:
2344 1791 2451 1831 non
2498 1777 2718 1831 fuissent
2757 1785 2814 1832 et
2852 1792 2958 1831 nox
2983 1817 2996 1838 .
3041 1775 3251 1846 quando
3279 1775 3398 1831 luce
3444 1776 3596 1846 potiti
3636 1791 3788 1832 esse-

2192 1869 2352 1923 mus?
2396 1885 2572 1924 nonne
2615 1877 2922 1938 corruptum
2971 1868 3159 1924 fuisset
3198 1877 3357 1938 atque
3401 1868 3789 1938 interemptum

2193 1960 2294 2016 hoc
2332 1961 2529 2015 animal
2570 1961 2776 2014 homo?
2818 1961 2882 2016 Ut
2908 1968 3086 2016 autem
3115 1959 3365 2015 videntur
3402 1958 3618 2030 quidem
3659 1959 3790 2015 insi-

2193 2051 2458 2121 pientibus
2495 2052 2728 2106 tenebrae
2755 2051 2950 2105 malum
2977 2065 3098 2106 esse
3124 2050 3372 2121 quiddam
3396 2091 3411 2118 ,
3443 2050 3654 2106 tametsi
3681 2064 3788 2106 non

2191 2152 2348 2209 sunt,
2381 2158 2562 2198 verum
2610 2142 2674 2196 ad
2707 2142 2874 2211 ipsam
2904 2141 3046 2196 diem
3078 2142 3231 2196 nobis
3271 2149 3394 2197 sunt
3431 2143 3592 2209 usui,
3635 2151 3691 2199 et
3719 2144 3787 2198 ad

2191 2248 2374 2304 opera,
2399 2249 2516 2303 qua:
2545 2235 2598 2287 in
2626 2235 2735 2301 ipsa
2757 2233 3096 2302 suscipimus,
3120 2234 3296 2303 quiete
3316 2242 3585 2289 recreatos
3606 2233 3790 2289 reddit

2190 2328 2424 2397 aptiores
2450 2343 2464 2379 :
2490 2327 2559 2380 ita
2585 2341 2756 2395 neque
2785 2327 2980 2380 malum
3006 2325 3134 2395 quid
3161 2334 3243 2381 est
3267 2326 3562 2395 captivitas,
3587 2326 3657 2381 de
3683 2339 3788 2395 qua

2188 2417 2489 2473 disserebat
2515 2418 2772 2488 propheta
2803 2433 2922 2472 cum
2958 2418 3201 2484 diceret,
3236 2417 3451 2472 Faciem
3491 2433 3671 2487 pacem
3693 2458 3709 2483 ,
3738 2427 3791 2471 et

2189 2523 2364 2561 ereum
2394 2509 2531 2561 mala
2564 2523 2584 2561 :
2617 2508 2711 2564 sed
2751 2523 2838 2563 res
2867 2509 3045 2564 utilior
3069 2518 3154 2564 est
3181 2510 3244 2565 iis
3272 2509 3362 2579 qui
3391 2517 3450 2564 ut
3478 2517 3693 2579 oportet
3718 2523 3783 2565 ea

2190 2600 2390 2656 fuerint
2413 2602 2526 2655 usi:
2550 2602 2992 2671 temperantiores
3017 2611 3196 2656 autem
3221 2617 3286 2656 ac
3306 2600 3668 2658 modestiores
3687 2615 3788 2658 eos

2189 2690 2386 2754 efﬁcit,
2414 2690 2540 2745 dum
2572 2691 2926 2761 arrogantiam
2956 2689 3216 2746 retundit.

2273 2783 2443 2839 Virtus
2474 2801 2574 2838 non
2601 2795 2763 2854 potest
2792 2786 2845 2838 in
2880 2786 3165 2839 servitutem
3192 2785 3373 2856 redigi.
3405 2815 3477 2826 —
3498 2783 3614 2840 Non
3641 2786 3786 2840 enim

2191 2878 2242 2931 in
2273 2880 2582 2932 servitutem
2613 2877 2780 2947 redigi
2821 2885 2996 2945 potest
3020 2878 3190 2933 virtus
3215 2919 3229 2944 ,
3261 2893 3435 2947 neque
3462 2877 3530 2934 ab
3555 2878 3667 2933 ullo
3691 2893 3786 2933 su-

2191 2969 2388 3038 perari,
2418 2983 2523 3023 non
2552 2984 2580 3022 a
2611 2971 2887 3034 servitute,
2915 2985 3020 3024 non
3048 2985 3079 3024 a
3108 2970 3433 3039 captivitate,
3464 2985 3568 3025 non
3600 2987 3631 3026 a
3656 2986 3788 3041 pau-

2191 3070 2397 3130 pertate
2417 3103 2433 3128 ,
2466 3076 2570 3115 non
2602 3061 2669 3114 ab
2700 3063 2812 3128 ipsa
2842 3069 3048 3127 morte,
3080 3077 3199 3132 quas
3222 3063 3461 3117 omnium
3489 3071 3572 3118 est
3601 3071 3790 3130 poten-

2191 3153 2414 3207 tissima.
2460 3152 2760 3208 Ostendunt
2797 3153 2850 3207 id
2888 3167 3078 3208 omnes
3104 3194 3118 3218 ,
3154 3153 3244 3222 qui
3285 3152 3404 3207 haec
3441 3153 3622 3208 omnia
3662 3163 3790 3209 sunt

2191 3244 2467 3314 perpessi,
2515 3253 2566 3298 et
2595 3259 2781 3298 eorum
2819 3259 2978 3314 opera
3007 3244 3266 3300 clariores
3293 3255 3601 3299 evaserunt.
3648 3245 3787 3317 Quid

2190 3335 2332 3389 enim
2361 3333 2596 3405 Iosepho
2621 3336 2851 3391 servitus
2880 3336 3099 3391 nocuit?
3131 3335 3284 3407 (nihil
3309 3337 3452 3393 enim
3479 3344 3621 3392 vetat
3649 3352 3788 3409 quo-

2191 3426 2368 3480 minus
2398 3426 2645 3481 eumdem
2671 3429 2842 3481 virum
2871 3427 3062 3482 iterum
3093 3427 3144 3481 in
3171 3428 3404 3483 medium
3433 3429 3789 3500 adducamus)

2190 3516 2315 3585 quid
2365 3525 2540 3569 autem
2587 3516 2838 3571 vincula?
2879 3515 3004 3586 quid
3046 3516 3287 3572 catenae?
3314 3517 3440 3588 quid
3477 3519 3787 3576 calumnia?

2191 3607 2317 3677 quid
2357 3608 2602 3663 insidiae?
2644 3609 2768 3679 quid
2813 3610 2864 3663 in
2910 3610 3083 3665 aliena
3131 3613 3351 3682 regione
3392 3612 3789 3670 commoratio?

2192 3699 2326 3765 Quid
2355 3699 2550 3753 Jobum
2588 3701 2724 3754 laesit
2752 3708 3115 3755 armentorum
3146 3716 3210 3756 ac
3236 3716 3454 3772 gregum
3497 3703 3748 3760 interitus
3769 3747 3787 3774 ,

2193 3790 2429 3843 violenta
2454 3798 2509 3845 et
2529 3789 2808 3844 immatura
2837 3806 2983 3845 mors
3010 3791 3322 3859 liberorum,
3348 3794 3498 3864 plaga
3520 3797 3786 3865 corporis,

2193 3882 2455 3935 vermium
2500 3881 2671 3936 fontes
2693 3923 2707 3946 ,
2740 3881 2894 3936 dolor
2924 3881 3305 3951 intolerabilis,
3339 3884 3394 3938 in
3423 3883 3549 3939 limo
3575 3888 3748 3946 sessio
3770 3929 3786 3953 ,

2194 3973 2377 4028 uxoris
2407 3973 2634 4039 insidite,
2662 3974 2956 4028 amicorum
2980 3975 3290 4045 opprobria,
3314 3974 3639 4032 famulorum
3662 3992 3788 4033 con-

2193 4064 2372 4118 vicia?
2413 4063 2552 4132 Quid
2590 4077 2719 4118 vero
2747 4063 2950 4118 Lazaro
2993 4066 3208 4132 nocuit,
3250 4066 3391 4137 quod
3431 4067 3485 4122 in
3526 4067 3790 4123 vestibulo

2191 4157 2395 4226 jaceret
2440 4165 2493 4211 et
2539 4171 2728 4210 canum
2775 4157 2966 4226 linguis
3014 4157 3349 4227 lingeretur?
3391 4159 3516 4229 quid
3563 4159 3790 4216 laedebat

2195 4249 2444 4303 continua
2476 4247 2681 4304 fames?
2728 4249 2855 4320 quid
2883 4249 3063 4306 divitis
3104 4261 3436 4320 contemptus
3463 4293 3476 4318 ,
3517 4253 3740 4308 vulnera
3769 4295 3788 4320 ,

2196 4341 2560 4397 intolerandus
2585 4343 2840 4398 morbus?
2865 4343 2989 4413 quid
3017 4343 3158 4414 quod
3185 4343 3429 4402 desertus
3449 4346 3516 4400 ab
3541 4348 3788 4403 omnibus

2196 4442 2338 4487 esset
2366 4433 2454 4502 qui
2498 4434 2690 4502 juvare
2719 4441 2971 4502 possent,
3005 4433 3149 4504 quod
3186 4435 3253 4490 ab
3283 4436 3347 4490 iis
3369 4477 3384 4500 ,
3416 4436 3505 4506 qui
3545 4439 3790 4494 auxiliari

2199 4533 2453 4593 possent,
2481 4524 2957 4579 contemneretur?
2993 4524 3128 4593 Quid
3177 4525 3340 4580 Paulo
3371 4537 3670 4582 nocuerunt
3701 4530 3790 4585 illa

2198 4615 2457 4668 malorum
2499 4615 2741 4668 examina
2769 4655 2783 4676 ,
2810 4629 3055 4670 carceres
3078 4655 3093 4678 ,
3127 4614 3475 4672 abductiones
3499 4659 3512 4681 ,
3547 4627 3747 4672 mortes
3770 4660 3787 4684 ,

2198 4705 2594 4759 submersiones
2635 4719 2698 4758 ac
2732 4705 2949 4774 reliquae
2973 4703 3286 4759 afflictiones
3311 4747 3324 4768 ,
3355 4721 3488 4773 quas
3511 4722 3669 4761 nemo
3697 4723 3792 4777 po-

2201 4800 2326 4852 terit
2374 4799 2613 4850 oratione
2660 4795 2992 4851 numerando
3036 4797 3395 4866 percensere?
3441 4799 3564 4853 “me
3611 4801 3791 4854 omnia

2200 4889 2616 4954 considerantes,
2642 4889 2893 4943 malitiam
2919 4887 3198 4959 fugiamus,
3223 4890 3474 4945 virtutem
3491 4901 3791 4954 sectemur;

2202 4990 2256 5037 et
2279 4995 2512 5044 oremus,
2539 4996 2604 5033 ne
2628 4979 2679 5032 iu
2703 4979 3048 5033 tentationem
3075 4979 3332 5034 intremus
3357 4997 3372 5035 ε
3397 4981 3534 5051 quod
3559 4981 3603 5036 si
3626 4999 3794 5051 quan-

2203 5072 2274 5127 do
2299 5070 2638 5123 inciderimus
2662 5109 2677 5134 ,
2707 5084 2774 5124 ne
2799 5085 2938 5138 aegre
2967 5069 3219 5134 feranms,
3253 5085 3388 5126 neve
3414 5071 3786 5141 indignemur:

2203 5160 2466 5232 siquidem
2495 5174 2646 5214 arma
2673 5161 2880 5216 virtutis
2923 5159 3038 5216 inec
3068 5171 3190 5215 sunt
3215 5162 3317 5226 iis,
3362 5164 3450 5231 qui
3489 5171 3545 5216 nt
3583 5175 3792 5232 Oportet

2203 5254 2288 5310 nsi
2332 5252 2567 5318 fuerint,
2609 5262 2666 5307 et
2704 5251 2895 5307 horum
2939 5252 3179 5307 omnium
3224 5268 3385 5323 opera
3427 5245 3830 5310 celebritatem?

2207 5350 2359 5405 nobis
2389 5350 2678 5418 poterimus
2705 5363 3019 5418 comparare
3044 5389 3056 5412 ,
3101 5349 3142 5401 si
3172 5348 3351 5417 vigiles
3381 5358 3433 5402 et
3459 5349 3648 5402 attenti
3676 5346 3795 5402 fue-

2208 5445 2374 5496 rimus
2396 5483 2410 5508 ,
2444 5457 2505 5496 ac
2535 5441 2686 5496 bonis
2715 5440 2909 5511 perfrui
2939 5442 3279 5510 sempiternis
3307 5459 3320 5496 :
3352 5457 3470 5512 quae
3501 5441 3657 5496 nobis
3687 5442 3795 5496 uti-

2211 5548 2330 5587 nam
2371 5534 2678 5602 eontingant
2716 5532 3013 5592 universis.
3058 5533 3109 5587 in
3150 5532 3362 5589 Christo
3401 5533 3527 5589 Jesu
3568 5534 3797 5588 Domino

2209 5635 2412 5691 nostro,
2441 5625 2522 5678 cui
2550 5624 2715 5694 gloria
2749 5625 2798 5678 in
2830 5623 3023 5679 saecula
3051 5624 3386 5680 sreeulorum.
3420 5628 3612 5681 Amen.
