4016 6456
215 403 328 458 151

202 515 470 577 εἶναιτοῖς
488 517 718 580 πολλοις,
742 517 1133 585 αἰχμαλωσίας,
1157 515 1421 577 δουλείας,
1442 513 1761 582 ἀπαγωγῆς.

202 599 360 659 Τίνος
382 597 440 649 δὲ
469 597 654 650 ἕνεκεν
684 598 853 650 ταῦτα
885 600 1118 668 εἴρηται,
1153 599 1445 664 ἀναγκαῖον
1477 597 1647 647 εἰπεῖν

275 679 658 749 Φιλάνθρωπος
688 679 763 732 ὢν
793 683 820 733 6
848 679 998 742 Θεὸς,
1034 679 1128 731 καὶ
1159 680 1287 746 περὶ¹
1314 679 1373 730 τὸ
1407 677 1573 730 ἐλεεῖν
1619 675 1763 738 ὀξὺς,

204 762 344 829 πρὸς
380 762 436 813 δὲ
474 761 534 812 τὸ
575 761 927 830 τιμωρεῖσθαι
972 760 1062 812 καὶ
1106 760 1352 822 κολάζειν
1386 759 1763 826 ἀναδυόμενος,

208 836 521 912 [1551ῶστε
546 843 616 912 μὴ
639 843 763 904 τοὺς
798 842 1075 904 Ἰουδαίους
1102 841 1434 910 παραδοῦναι
1457 839 1763 908 τιμωρίαις,

209 926 494 993 προφήτας
526 922 759 990 έπεμψε,
791 923 968 988 φοϐῶν
994 922 1188 983 αὐτοὺς
1219 920 1305 973 διά
1337 921 1444 974 τῶν
1485 921 1764 990 ῥημάτων,

207 1004 348 1056 ὥστε
389 1005 462 1072 μὴ
491 1002 714 1055 κολάσαι
744 1003 830 1056 διὰ
856 1003 963 1055 τῶν
991 1001 1350 1072 πραγμάτων,
1386 1003 1522 1072 ὅπερ
1549 1001 1642 1054 καὶ
1674 1001 1767 1052 ἐπὶ

206 1085 318 1136 τῶν
347 1083 640 1136 Νινευιτῶν
675 1085 866 1139 ἐποίει.
901 1086 1008 1137 Καὶ
1045 1084 1153 1154 γὰρ
1183 1087 1297 1136 ἐκεῖ
1327 1084 1447 1136 τότε
1474 1084 1572 1153 τὴν
1616 1082 1766 1135 πόλιν

208 1167 580 1234 καταστρέψαι
606 1166 1028 1235 ἠπείλησεν,ούχ
1045 1166 1129 1218 ἵνα
1150 1166 1520 1235 καταστρέψῃ,
1546 1164 1658 1216 ἀλλ’
1681 1165 1768 1216 ἵνα

211 1248 286 1315 μὴ
317 1248 699 1318 καταστρέψῃ·
728 1249 866 1317 ὅπερ
904 1243 996 1301 οὖν
1023 1249 1115 1301 καὶ
1139 1247 1558 1314 ἐγένετο.Τοῦτο
1582 1247 1644 1315 δὴ
1676 1247 1769 1299 καὶ

205 1330 328 1380 τότε
360 1329 614 1399 ἔπραττε,
650 1330 744 1382 καὶ
775 1331 1052 1399 προφήτας
1078 1329 1342 1398 ἔπεμπεν,
1366 1328 1602 1382 ἀπειλῶν
1636 1328 1766 1396 βαρ-

208 1409 392 1478 ϐάρων
440 1410 644 1476 ἔφοδον,
697 1410 1001 1478 πολέμους,
1059 1411 1454 1480 αἰχμαλωσίας,
1505 1410 1764 1473 δουλείας,

210 1490 536 1560 ἀπαγωγὴν,
573 1491 668 1559 τὴν
690 1493 745 1543 ἐν
774 1492 1027 1562 ἀλλοτρίᾳ
1055 1491 1351 1562 διατριϐήν.
1390 1491 1499 1543 Καὶ
1519 1491 1766 1560 καθάπερ

209 1574 395 1641 πατὴρ
424 1574 767 1643 φιλόστοργος
799 1576 962 1628 παῖδα
991 1576 1287 1628 ἀκόλαστον
1305 1573 1444 1643 ἔχων
1475 1575 1568 1627 καὶ
1603 1574 1766 1643 ῥᾴθυ-

213 1672 334 1724 μον,
384 1657 709 1724 σωφρονίσαι
741 1657 925 1719 θέλων,
965 1659 1188 1726 ἱμάντας
1226 1657 1488 1724 ἐπιζητεῖ.
1527 1656 1767 1725 σχοίνους

211 1736 446 1798 ἀπειλεῖ,
475 1737 643 1804 λέγων
665 1751 679 1764 '
702 1740 855 1808 Δήσω
874 1776 887 1800 ,
931 1735 1190 1806 μαστίξω,
1237 1738 1535 1807 ἀναιρήσω,
1572 1739 1663 1788 καὶ
1692 1737 1769 1804 γί-

211 1836 363 1870 νεται
393 1822 449 1870 ἐν
466 1821 575 1879 τοῖς
601 1821 802 1889 ῥήμασι
833 1817 1078 1888 φοϐερὸς,
1101 1819 1240 1870 ὥστε
1260 1817 1428 1888 ταύτῃ
1452 1819 1548 1884 τὴν
1573 1818 1768 1870 κακίαν

211 1901 626 1952 ἀναστεῖλαιτού
643 1901 758 1952 νέου
781 1917 792 1928 ·
820 1899 960 1951 οὕτω
983 1899 1043 1968 δὴ
1074 1899 1165 1952 καὶ
1197 1903 1224 1953 6
1253 1899 1380 1961 Θεὸς
1408 1900 1616 1968 ἠπείλει
1643 1917 1769 1950 συν.

211 1980 374 2048 εχῶς,
404 1981 481 2048 τῷ
531 1977 678 2048 φόϐῳ
704 1981 922 2049 ποιῆσαι
952 1980 1188 2048 βελτίους
1215 1981 1552 2050 βουλόμενος.
1585 1981 1769 2032 Ταῦτα

209 2062 355 2129 ὁρῶν
389 2063 417 2112 6
442 2059 701 2123 διάϐολος,
744 2061 833 2113 καὶ
867 2061 1181 2131 βουλόμενος
1207 2062 1431 2114 ἐκλῦσαι
1459 2062 1554 2130 τὴν
1583 2064 1644 2112 ἐκ
1672 2061 1770 2129 τῆς

209 2144 465 2213 τοιαύτης
498 2143 722 2212 ἀπειλῆς
755 2144 1035 2213 διόρθωσιν
1066 2144 1372 2212 γινομένην,
1404 2144 1611 2212 καθῆκε
1641 2142 1771 2209 ψευ-

208 2224 572 2293 δοπροφήτας,
607 2226 697 2276 καὶ
726 2225 831 2276 τῶν
865 2225 1156 2294 προφητῶν
1177 2224 1536 2276 ἀπειλούντων
1569 2224 1768 2290 αἰχμα-

210 2303 435 2369 λωσίαν,
471 2304 560 2356 καὶ
584 2303 844 2369 δουλείαν,
875 2307 969 2358 καὶ
997 2306 1205 2374 λιμοὺς,
1234 2307 1427 2358 ἐκεῖνοι
1455 2305 1521 2357 τά
1555 2304 1772 2356 ἐναντία

212 2387 414 2453 ἔλεγον,
450 2387 688 2456 εἰρήνην,
714 2387 1015 2457 εὐετηρίαν,
1040 2389 1132 2440 καὶ
1166 2388 1373 2458 μυρίων
1400 2385 1615 2454 ἀγαθῶν
1640 2386 1774 2437 ἁπό-

210 2467 420 2521 λαυσιν.
455 2468 544 2519 Διὸ
569 2469 660 2520 καὶ
696 2469 1036 2534 ὀνειδίζοντες
1065 2470 1242 2531 αὐτοῖς
1271 2470 1320 2521 οί
1349 2471 1622 2538 προφῆται
1651 2468 1769 2520 ἕλε-

210 2564 306 2612 γον
331 2566 344 2578 ·
375 2550 618 2617 Εἰρήνη,
654 2549 890 2617 εἰρήνηο
918 2551 1014 2603 καί
1039 2552 1154 2604 ποῦ
1185 2551 1359 2603 ἔστιν
1382 2552 1631 2618 εἰρήνης
1664 2550 1772 2601 Καὶ

208 2631 324 2682 ὅσοι
354 2630 459 2682 τῶν
491 2630 805 2699 φιλολόγων,
852 2632 1004 2684 τοῦτο
1043 2635 1240 2696 ἴσασιν,
1275 2633 1348 2694 ὡς
1383 2634 1596 2686 ᾶπαντα
1635 2648 1771 2700 κρα-

207 2715 322 2762 τείν
355 2714 397 2776 ι’,
429 2714 463 2764 ἀ
494 2715 601 2774 τοῖς
645 2717 946 2783 προφήταις
991 2715 1125 2784 πρὸς
1155 2717 1280 2777 τοὺς
1325 2715 1773 2783 ψευδοπροφήτας

209 2792 477 2857 ἐγένοντο,
510 2793 796 2856 ἐκλύοντας
826 2796 914 2846 τοῦ
943 2796 1068 2848 λαοῦ
1093 2799 1188 2865 τὴν
1217 2796 1471 2866 σπουδήν.
1512 2796 1662 2847 Ἐπεὶ
1681 2791 1774 2846 οὖν

206 2869 384 2930 οὕτως
415 2868 695 2933 ἐκλύοντες
738 2871 1042 2941 διέφθειραν
1071 2875 1160 2924 τὸν
1189 2873 1334 2936 λαὸν,
1371 2873 1534 2941 φησὶν
1576 2873 1604 2922 6
1644 2871 1774 2934 Θεὸς

205 2951 295 3004 διὰ
320 2951 426 3003 τῶν
448 2952 735 3020 προφητῶν
753 2969 764 2981 ο
800 2952 943 3019 Ἐγὼ
963 2956 994 3004 ό
1013 2955 1152 3018 Θεὸς
1174 2953 1357 3006 ποιῶν
1375 2954 1640 3021 εἰρήνην,
1673 2953 1772 3005 καί

208 3032 420 3091 κτίζων
438 3032 610 3086 κακά.
650 3035 757 3085 Καὶ
793 3037 916 3085 ποῖα
948 3035 1119 3099 κακὰς
1153 3033 1339 3086 Ταῦτα
1385 3036 1452 3087 τά
1487 3033 1768 3104 εἰρημένα,

205 3114 605 3183 αἰχμαλωσίαν,
627 3115 883 3178 δουλείαν,
909 3118 1000 3168 καὶ
1019 3119 1116 3170 ὅσα
1138 3117 1358 3170 τοιαῦτα
1382 3135 1392 3146 ·
1414 3119 1473 3169 ού
1494 3119 1768 3188 πορνείαν,

210 3197 306 3247 καὶ
344 3195 651 3263 ἀσέλγειαν,
689 3199 782 3249 καὶ
813 3197 1143 3263 πλεονεξίαν,
1174 3199 1292 3252 οὐδὲ
1313 3198 1439 3251 ἀλλο
1468 3198 1574 3251 τῶν
1598 3199 1770 3252 τοιού-

211 3295 319 3328 των
340 3278 512 3332 ούδέν.
554 3279 650 3331 Διά
691 3279 845 3332 τοῦτο
875 3282 968 3332 καὶ
997 3283 1024 3334 6
1060 3282 1244 3349 ἕτερος
1269 3282 1552 3351 προφήτης
1578 3280 1766 3345 είπὼν,

213 3360 284 3410 Εἰ
319 3358 449 3410 ἐστι
483 3361 657 3411 κακία
693 3361 762 3412 ἐν
789 3363 978 3426 πόλει,
1008 3361 1087 3428 ἢν
1114 3363 1328 3428 Κύριος
1357 3365 1466 3414 οὐκ
1499 3362 1769 3428 ἐποίησε,

206 3439 412 3509 ταύτην
444 3440 590 3508 λέγει
623 3441 718 3512 τὴν
753 3444 967 3504 κακίαν,
1021 3445 1145 3505 τοὺς
1170 3444 1378 3512 λιμοὺς,
1428 3445 1525 3506 τάς
1561 3445 1768 3506 νόσους,

208 3519 309 3583 τὰς
341 3521 632 3590 θεηλάτους
681 3523 911 3592 πληγάς.
954 3524 1108 3576 Οὕτω
1158 3526 1249 3578 καὶ
1280 3527 1308 3577 6
1355 3526 1604 3596 Χριστὸς,
1642 3527 1768 3579 ὅταν

209 3603 364 3672 λέγῃ.
419 3604 682 3670 Ἀρκετὸν
722 3605 796 3672 τῇ
848 3606 1032 3674 ἡμέρᾳ
1082 3608 1120 3674 ἡ
1162 3608 1339 3660 κακία
1395 3606 1599 3675 αὐτῆς,
1644 3608 1771 3670 τοὺς

209 3684 459 3754 ίδρῶτας,
492 3690 580 3738 τὸν
611 3687 825 3756 μόχθον,
855 3689 951 3758 τὴν
982 3688 1352 3758 ταλαιπωρίαν
1381 3689 1530 3758 φησί.

280 3765 346 3829 ζ’.
380 3766 546 3818 Τοῦτο
568 3765 658 3821 οὖν
681 3787 842 3836 φησιν
863 3771 890 3821 6
912 3773 1192 3840 προφήτης
1213 3789 1224 3801 ο
1244 3770 1334 3839 Μὴ
1354 3772 1495 3839 ὑμᾶς
1513 3771 1770 3823 ὲκλυέτω-

209 3865 310 3900 σαν
342 3849 391 3899 οί
411 3850 852 3920 ψευδοπροφῆται
873 3867 886 3882 ο
909 3853 936 3902 6
959 3852 1064 3920 γάρ
1083 3851 1214 3914 Θεὸς
1238 3854 1365 3920 ὑμῖν
1395 3854 1617 3921 είρήνην
1646 3851 1768 3904 δοῦ-

209 3948 293 4016 ναι
359 3931 611 4016 δύναται,
640 3936 760 4011 ,καὶ
809 3934 1150 4016 αἰχμαλωσίῆ
1191 3933 1557 4016 παραδοῦναι·
1586 3950 1771 4016 .1691.-

206 4001 376 4057 ἐστιν,
428 4001 482 4051 ’0
526 4000 711 4054 ποιῶν
754 4000 1018 4069 εἰρήνην,
1056 4000 1154 4054 καὶ
1201 4000 1406 4062 κτίζων
1448 4004 1621 4056 κακά.
1661 4004 1771 4057 Καὶ

207 4081 294 4133 ἵνα
327 4081 503 4153 μάθῃς
531 4085 610 4135 ὅτι
638 4083 794 4135 τοῦτό
827 4087 969 4137 ἐστιν
1005 4085 1221 4155 ἀληθὲς.
1256 4085 1424 4148 αὑτὰς
1455 4085 1552 4148 τὰς
1597 4086 1770 4151 λέξεις

209 4162 590 4232 βασανίσωμεν
618 4165 753 4232 μετά
794 4166 1093 4236 ἀκριϐείας.
1138 4166 1319 4220 Εἰπὼν
1349 4166 1458 4238 γὰρ
1481 4166 1770 4235 ἀνω,Ὲγώ

206 4247 322 4311 εἰμι
363 4247 396 4296 ό
427 4245 684 4311 ποιήσας
731 4246 854 4313 φῶς
906 4248 1001 4300 καί
1040 4250 1279 4314 σκότος,
1320 4251 1441 4301 τότε
1496 4251 1767 4319 ἐπήγαγε,

209 4325 402 4377 Ποιῶν
422 4326 689 4393 εἰρήνην,
721 4327 822 4380 καὶ
848 4328 1053 4387 κτίζων
1083 4331 1257 4383 κακά.
1293 4330 1396 4382 Δύο
1422 4331 1637 4382 ἐναντία
1656 4331 1770 4382 ἀνω

207 4407 436 4469 τέθεικε,
477 4407 570 4460 καὶ
600 4407 692 4462 δύο
716 4411 931 4462 ἐναντία
976 4413 1111 4479 μετά
1140 4411 1330 4477 ταῦτα,
1358 4412 1444 4463 ἵνα
1479 4411 1657 4482 μάθῃς
1687 4413 1768 4463 ὅτι

205 4493 266 4543 οὐ
291 4491 418 4561 περὶ
438 4492 693 4560 πορνείας
718 4493 885 4560 λέγει,
915 4494 1049 4547 ἀλλά
1073 4495 1200 4564 περὶ
1231 4512 1294 4546 συ
1304 4494 1546 4565 μφορῶν.
1573 4496 1635 4546 Τί
1661 4495 1771 4564 γὰρ

207 4573 693 4627 ἀντιδιαστέλλεται
709 4579 773 4645 τῇ
800 4578 988 4648 εἰρήνῃ
1010 4596 1023 4642 ;
1043 4577 1274 4647 Εὔδηλον
1301 4578 1380 4630 ὅτι
1401 4576 1766 4646 αίχμαλωσία,

205 4657 307 4708 ούκ
342 4653 619 4724 ἀσέλγεια,
653 4657 775 4709 οὐδὲ
803 4659 1047 4728 πορνεία,
1077 4659 1196 4712 οὐδὲ
1222 4659 1521 4723 πλεονεξία.
1559 4660 1769 4729 Ὥσπερ

203 4735 298 4792 οὖν
331 4739 585 4810 ἀνωτέρω
619 4741 833 4794 ἐναντία
865 4740 957 4793 δύο
987 4742 1250 4806 τέθεικεν,
1280 4741 1422 4795 οὕτω
1469 4740 1533 4810 δὴ
1558 4743 1650 4795 καὶ
1680 4745 1768 4795 ὲν-

267 4890 399 4955 (Ὠς
421 4892 604 4955 ἅπαντα
640 4892 840 4955 κρατεῖν.
877 4892 990 4939 Hac
1009 4892 1123 4955 jure
1157 4894 1322 4955 yillala
1364 4894 1594 4942 videnlur
1616 4894 1764 4943 Savil.

204 4950 302 4997 Sed
326 4953 426 4998 tale
451 4953 617 5022 vili_q_m
641 4950 745 5022 εει.
761 4950 1090 5022 upincaesinm
1113 4953 1302 5003 laboret
1330 4957 1413 5014 qui
1437 4967 1502 5002 ex
1523 4956 1768 5015 conjectu-

204 5026 255 5059 ra
276 5024 432 5059 iocum
451 5017 710 5062 restituere
735 5017 1013 5062 tenlaveril.

521 5847 789 5904 Ρηιιοι..
836 5846 950 5904 Gn.
1005 5848 1151 5905 LVI.

835 402 900 456 IN
935 398 1137 455 ILLUD
1169 397 1396 464 lSAl/E,
1431 393 1565 452 EGO
1607 393 1912 453 DOMINUS
1949 392 2127 450 DEUS
2158 390 2311 448 FECI
2349 389 2609 458 LUMEN,
2644 386 2796 444 E'I'C.

3318 400 3429 455 152

1866 508 2039 563 ταύθα
2064 527 2076 541 ·
2106 510 2344 563 ἐναντίον
2375 507 2431 559 δὲ
2456 510 2522 577 τῇ
2550 508 2738 576 εἰρήνῃ
2773 504 2834 556 οὐ
2881 500 3125 572 πορνεία,
3156 498 3276 551 οὐδὲ
3318 514 3434 568 μοι-

1869 593 2008 661 χεία,
2039 591 2158 644 οὐδὲ
2180 590 2454 659 ἀσέλγεια,
2484 586 2630 657 [156]
2658 587 2777 639 ούδέ
2801 586 2855 638 αί
2875 583 3060 635 λοιπαὶ
3081 579 3290 643 κακίαι,
3319 581 3433 632 ἀλλ’

1866 670 2209 742 αἰχμαλωσία
2252 672 2346 723 καὶ
2390 669 2621 722 δουλεία.
2670 667 2810 719 Ἀλλ’
2847 666 2984 734 ὅπερ
3017 665 3107 715 ἐπὶ
3146 661 3254 713 τῶν
3293 677 3437 713 στοι-

1867 753 2027 822 χείων
2089 754 2378 821 πάσχουσι,
2430 750 2587 804 τοῦτο
2633 749 2728 802 καὶ
2772 749 2864 801 ἐπί
2904 746 3012 798 τῶν
3073 743 3433 813 πραγμάτων.

1867 831 1992 888 υἷόν
2027 852 2081 886 τι
2113 834 2282 901 λέγωο
2311 832 2498 903 ῶσπερ
2537 833 2761 901 ἐποίησε
2803 829 2916 897 φῶς
2955 829 3049 880 καὶ
3084 826 3296 886 σκότος,
3341 825 3436 876 καὶ

1869 916 2081 978 πολλοῖς
2123 916 2183 969 τὸ
2212 917 2311 986 μὲν
2354 914 2469 983 φῶς
2512 915 2612 984 ήδὺ
2652 913 2798 966 δοκεῖ
2836 908 2996 972 εἶναι,
3041 909 3102 961 τὸ
3143 907 3200 961 δὲ
3245 907 3436 968 σκότος

1868 999 2120 1068 ἐπαχθὲς,
2176 999 2268 1051 καὶ
2313 996 2656 1050 διαϐάλλουσι
2696 993 2797 1063 τὴν
2849 993 3015 1045 νύκτα
3061 990 3136 1054 ὡς
3191 988 3434 1058 πονηράν

1867 1097 1990 1134 τινα
2023 1076 2186 1134 οὖσαν
2205 1096 2218 1108 ’
2254 1078 2395 1132 οὕτω
2424 1078 2481 1130 δέ
2505 1079 2598 1130 καὶ
2629 1075 2854 1129 ἐπὶτῶν
2885 1073 3250 1145 πραγμάτων.
3294 1070 3433 1122 Ἀλλ’

1867 1169 1990 1224 οὔτε
2030 1169 2129 1238 τὴν
2186 1167 2354 1222 νύκτα
2391 1167 2724 1236 διαϐλητέον,
2780 1165 2897 1219 οὐδὲ
2955 1163 3016 1216 τὸ
3065 1162 3273 1223 σκότος,
3315 1161 3436 1213 οὐδὲ

1867 1252 2053 1317 ἁπλῶς
2078 1252 2178 1321 τὴν
2207 1251 2467 1314 δουλείαν,
2495 1249 2588 1302 καὶ
2635 1247 2733 1318 τὴν
2759 1245 3155 1317 αἰχμαλωσίαν.
3202 1242 3267 1294 Τί
3304 1242 3433 1310 γάρ,

1868 1334 1987 1387 είπέ
2035 1351 2142 1404 μοι,
2176 1334 2376 1403 φαῦλον
2415 1333 2524 1402 έχει
2564 1331 2626 1384 τὸ
2667 1330 2889 1394 σκότος-ς
2921 1330 3042 1398 οὐχ).
3084 1325 3260 1380 πόιων
3290 1325 3436 1377 ἐστὶν

1867 1417 2202 1479 ἀνάπαυσις;
2233 1417 2352 1487 οὐχὶ
2387 1415 2680 1485 φροντίδων
2699 1412 2911 1477 ἀνεσις;
2947 1412 3064 1479 οὐχὶ
3083 1410 3258 1478 λύπης
3287 1405 3438 1487 ἀναί-

1871 1514 2050 1568 ρεσις;
2079 1498 2198 1567 οὐχὶ
2247 1485 2426 1568 ίσχύος
2462 1496 2778 1566 προσθήκης
2821 1494 2883 1546 Εἰ
2925 1493 2980 1545 δὲ
3038 1492 3111 1560 μὴ
3145 1491 3335 1552 σκότος
3369 1485 3436 1558 ῆν

1868 1580 1962 1632 καὶ
1992 1579 2107 1643 νὺξ,
2144 1581 2271 1632 πότε
2318 1580 2384 1633 ἀν
2420 1578 2802 1647 ἀπελαύσαμεν
2839 1575 2931 1628 τοῦ
2981 1573 3195 1641 φωτόςς
3249 1573 3349 1623 οὐκ
3373 1571 3439 1622 ἂν

1869 1660 2128 1730 διεφθάρη
2163 1662 2257 1713 καὶ
2307 1661 2556 1714 ἀπώλετο
2588 1658 2744 1711 τοῦτο
2772 1659 2831 1710 τὸ
2866 1657 3002 1719 ζῶον
3047 1657 3075 1706 6
3121 1653 3438 1730 ἀνθρωποςζ

1871 1728 2083 1810 Ὥσπερ
2113 1728 2171 1795 δὲ
2194 1743 2256 1795 τὸ
2289 1741 2477 1801 σκότος
2514 1739 2659 1792 δοκεῖ
2705 1741 2801 1809 μὲν
2842 1741 2952 1800 τοῖς
2999 1738 3243 1807 ἀνοήτοις
3300 1728 3438 1785 εἶναι

1870 1824 2060 1886 κακὸν,
2085 1824 2185 1875 οὐκ
2208 1823 2322 1876 ἐστι
2353 1823 2429 1884 δὲ,
2453 1821 2586 1875 ἀλλά
2624 1821 2758 1891 πρὸς
2784 1821 2880 1891 τὴν
2916 1820 3124 1889 ἡμέραν
3155 1819 3187 1885 ἡ
3197 1819 3287 1886 μίν
3313 1832 3438 1868 συν-

1868 1905 2032 1964 τελεῖ.
2067 1905 2158 1957 καὶ
2185 1906 2319 1975 πρὸς
2358 1906 2454 1967 τὰς
2484 1905 2740 1974 ἐργασίας
2771 1905 2828 1957 ἐν
2865 1903 3000 1972 αὐτῇ
3040 1901 3166 1961 τοὺς
3199 1900 3441 1950 ἀναπαυ-

1871 1986 2136 2054 σαμένους
2164 1987 2628 2056 ἐπιτηδειοτέρους
2671 1984 3104 2044 κατασκευάζειο
3142 1979 3284 2031 οὕτω
3322 1977 3442 2028 οὐδὲ

1871 2068 2213 2136 αίχμαλωσία
2247 2068 2477 2136 φαῦλον·
2527 2069 2655 2134 περὶ
2691 2062 2758 2135 ἦς
2789 2069 2814 2117 6
2852 2066 3138 2134 προφήτης
3176 2060 3443 2125 διελέγετο

1869 2148 2062 2215 λέγων,
2109 2150 2164 2200 Ὀ
2200 2148 2385 2202 ποιῶν
2409 2147 2680 2214 εἰρήνην,
2711 2144 2809 2198 καὶ
2858 2145 3066 2205 κτίζων
3093 2141 3249 2196 κακά
3275 2161 3285 2173 ·
3311 2140 3444 2194 ἀλλά

1873 2229 2287 2299 χρησιμώτερον
2312 2233 2423 2291 τοῖς
2449 2231 2527 2290 είς
2554 2228 2671 2280 δέον
2700 2227 3003 2297 χρωμένοις
3027 2242 3039 2255 ο
3076 2221 3445 2294 σωφρονεστέ-

1876 2327 2002 2380 ρους
2026 2310 2080 2362 δὲ
2109 2312 2202 2365 καὶ
2246 2309 2682 2379 ἐπιεικεστέρους
2709 2311 2850 2362 ποιεῖ
2889 2308 3293 2378 περικόπτουσα
3314 2303 3445 2358 ἀπό·

1875 2410 2042 2446 νοιαν.

1957 2474 2278 2528 Ἀδούλωτον
2309 2475 2417 2547 γάρ
2447 2477 2480 2546 ή
2517 2477 2707 2546 ἀρετή,
2753 2475 2846 2527 καὶ
2880 2473 3031 2526 οὐδὲν
3073 2471 3244 2541 αὐτῆς
3288 2486 3444 2540 περι-

1873 2556 2120 2623 γενέσθαι
2143 2555 2342 2609 δύναιτ’
2383 2558 2468 2621 ἂν,
2497 2559 2556 2610 οὐ
2584 2557 2815 2620 δουλεία,
2839 2557 2941 2608 ούκ
2975 2551 3345 2625 αἰχμαλωσία,
3380 2551 3443 2603 ού

1874 2637 2052 2699 πενία,
2087 2638 2144 2689 οὐ
2175 2638 2344 2701 νόσος,
2375 2639 2472 2689 οὐκ
2528 2639 2681 2702 αὐτὸ,
2726 2638 2753 2690 ὃ
2793 2637 3009 2690 πάντων
3049 2633 3443 2706 τυραννικώτεο

1877 2736 1988 2789 ρον,
2021 2720 2048 2769 6
2068 2719 2314 2780 θάνατος.
2351 2721 2460 2772 Καὶ
2487 2720 2735 2788 δηλοῦσιν
2764 2720 3003 2780 ἅπαντες
3035 2719 3083 2770 οί
3103 2717 3277 2771 ταῦτα
3310 2717 3444 2768 ὑπο-

1879 2799 2154 2868 μείναντες
2181 2799 2416 2862 ἀπαντα,
2451 2802 2544 2853 καὶ
2568 2799 2634 2853 δι’
2659 2800 2837 2853 αὐτῶν
2876 2799 3139 2869 μειζόνως
3184 2796 3445 2867 λάμψαν-

1877 2899 1986 2943 τες.
2013 2879 2075 2933 Τί
2114 2879 2221 2951 γὰρ
2252 2879 2342 2932 τὸν
2387 2880 2584 2952 Ἰωσὴφ
2631 2881 2864 2950 ἔϐλαψεν
2910 2882 2942 2951 ή
2985 2879 3230 2940 δουλείας
3274 2878 3447 2947 (οὐδὲν

1876 2966 1984 3031 γὰρ
2015 2962 2212 3015 κωλύει
2242 2963 2401 3015 πάλιν
2436 2964 2528 3016 τὸν
2580 2965 2742 3018 αὐτὸν
2773 2963 2940 3035 ἄνδρα
2977 2966 3055 3026 είς
3101 2964 3265 3033 μέσον
3305 2963 3442 3027 ἀγα-

1875 3048 1992 3112 γεῖν
2016 3045 2054 3114 ·)
2087 3045 2140 3096 τί
2171 3044 2280 3114 γὰρ
2311 3045 2378 3097 τὰ
2422 3045 2631 3115 δεσμά;
2675 3048 2725 3099 τί
2763 3046 2820 3099 δὲ
2865 3049 2920 3099 αί
2957 3047 3172 3109 ἁλύσεις
3197 3062 3212 3109 ;
3241 3044 3292 3096 τί
3328 3045 3384 3096 δὲ
3411 3045 3444 3111 ή

1879 3129 2244 3196 συκοφαντίας
2268 3128 2321 3179 τί
2344 3128 2397 3180 δὲ
2430 3130 2462 3197 ή
2487 3129 2745 3197 ἐπιϐουλή
2769 3146 2782 3191 ;
2818 3129 2870 3181 τί
2899 3129 2955 3182 δὲ
2979 3132 3011 3199 ἡ
3037 3130 3128 3182 ἐπὶ
3160 3128 3260 3197 τῆς
3287 3126 3444 3179 ἀλλο-

1877 3210 2029 3278 τρίας
2047 3209 2296 3280 διατριϐή
2318 3226 2330 3270 ;
2360 3211 2424 3261 Τί
2453 3210 2542 3262 τὸν
2581 3210 2700 3261 Ἰὼϐ
2719 3212 2752 3279 ή
2782 3211 2888 3262 τῶν
2913 3210 3204 3278 βουκολίων
3231 3206 3448 3260 καὶτῶν

1879 3291 2139 3360 ποιμνίων
2168 3290 2466 3359 ἀναίρεσις,
2496 3292 2526 3342 6
2550 3289 2722 3359 βίαιος
2752 3292 2846 3343 καὶ
2871 3291 3047 3360 ἀωρος
3085 3288 3195 3342 τῶν
3238 3288 3445 3340 παίδων

1876 3371 2122 3434 θάνατος,
2161 3372 2194 3438 ὴ
2222 3371 2402 3442 πληγὴ
2428 3371 2522 3424 τοῦ
2554 3372 2821 3442 σώματος,
2849 3374 2904 3426 αἱ
2944 3372 3118 3441 πηγαὶ
3156 3371 3265 3424 τῶν
3301 3387 3448 3422 σκω-

1875 3453 2133 3524 λήκων,ή
2165 3451 2321 3522 ὀδύνη
2348 3455 2381 3522 ἡ
2407 3453 2799 3525 ἀκαρτέρητος,
2841 3455 2874 3524 ή
2919 3455 3012 3506 ἐπὶ
3061 3453 3160 3522 τῆς
3213 3451 3446 3521 κοπρίας

1875 3534 2130 3604 καθέδρα,
2161 3535 2194 3603 ή
2226 3535 2481 3605 ἐπιϐουλὴ
2526 3535 2624 3604 τῆς
2672 3536 2947 3604 γυναικὸς,
2999 3537 3067 3590 τὰ
3117 3535 3295 3604 ὀνείδη
3337 3533 3446 3585 τῶν

1875 3617 2065 3683 φίλων,
2099 3618 2152 3668 αί
2180 3616 2438 3686 λοιδορίαι
2471 3616 2582 3670 τῶν
2619 3617 2878 3682 οίκετῶν;
2909 3618 2973 3669 Τί
2991 3618 3048 3670 δὲ
3083 3618 3172 3669 τὸν
3198 3617 3447 3683 Λάζαρον

1875 3698 1935 3751 τὸ
1964 3701 2021 3752 ἐν
2052 3699 2130 3768 τῷ
2157 3699 2363 3752 πυλῶνι
2396 3699 2630 3762 κεῖσθαι,
2655 3702 2750 3753 καί⁵
2770 3703 2889 3762 ταῖς
2921 3699 3189 3767 γλώσσαις
3227 3697 3334 3751 τῶν
3356 3715 3450 3750 xu-

1876 3780 1982 3834 νῶν
2042 3780 2463 3850 περιλείχεσθαι,
2523 3783 2618 3834 καὶ
2658 3781 2688 3834 6
2721 3775 2874 3852 λιμὸς
2918 3783 2946 3834 6
2974 3781 3245 3850 διηνεκὴς,
3282 3782 3373 3833 καὶ
3413 3781 3446 3840 ἡ

1878 3862 2147 3933 ὑπεροψία
2194 3864 2289 3916 τοῦ
2334 3863 2608 3928 πλουσίου,
2656 3867 2747 3918 καὶ
2793 3863 2864 3917 τά
2908 3864 3217 3934 τραύματα,
3275 3864 3367 3917 καὶ
3411 3866 3443 3933 ή

1878 3945 2029 4007 νόσος
2060 3947 2092 4015 ή
2124 3946 2415 4016 ἀφόρητος,
2451 3948 2544 4000 καὶ
2571 3948 2601 4016 ἡ
2635 3947 2838 4018 ἐρημία
2869 3947 2978 4000 τῶν
3009 3948 3443 4019 προϊσταμένων.

1877 4028 1970 4079 καὶ
2001 4029 2033 4096 ή
2067 4027 2334 4096 ὑπεροψία
2374 4030 2481 4082 τῶν
2517 4027 2885 4098 βοηθούντωνς
2913 4029 2978 4082 Τί
3010 4030 3067 4082 δὲ
3098 4030 3188 4082 τὸν
3235 4029 3444 4082 Παῦλον

1876 4111 1930 4162 αἱ
1956 4109 2170 4173 νιφάδες
2195 4109 2415 4163 ἐκείνων
2431 4111 2538 4162 τῶν
2561 4110 2968 4179 δεσμωτηρίων,
2989 4111 3095 4162 τῶν
3110 4111 3442 4178 ἀπαγωγῶν,

1876 4189 1984 4242 τῶν
2016 4191 2281 4254 θανάτων,
2317 4191 2426 4242 τῶν
2458 4191 2933 4259 καταποντισμῶν,
2952 4193 3060 4245 τῶν
3087 4192 3284 4247 λοιπῶν
3328 4211 3446 4245 πει‹

1879 4272 2122 4340 ρασμῶν,
2167 4271 2234 4334 ἀς
2287 4272 2408 4324 οὐδὲ
2449 4272 2593 4343 λόγῳ
2654 4274 3015 4344 ἐξαριθμῆσαι
3081 4276 3192 4342 Evn;
3259 4277 3446 4329 Ταῦτα

1877 4350 2091 4404 ἅπαντα
2135 4351 2602 4423 ἀναλογισάμενοι,
2648 4357 2844 4409 κακίαν
2885 4357 3194 4427 φεύγωμεν,
3244 4358 3444 4430 ἀρετὴν

1874 4431 2184 4503 διώκωμεν·
2216 4435 2309 4487 καὶ
2342 4435 2626 4505 εὐχώμεθα
2670 4438 2767 4506 μὲν
2803 4438 2877 4508 μὴ
2907 4440 3163 4492 είσελθεῖν
3197 4441 3275 4502 είς
3322 4457 3444 4492 πειο

1880 4517 2118 4584 ρασμόν·
2159 4517 2207 4568 εί
2243 4517 2299 4570 δέ
2330 4535 2458 4570 ποτε
2495 4518 2845 4588 ἐμπέσωμεν,
2881 4522 2956 4590 μὴ
2991 4522 3260 4592 ἀλύωμεν,
3308 4523 3444 4592 μηδι

1874 4596 2312 4666 δυσχεραίνωμεν
2327 4613 2340 4626 °
2365 4599 2580 4667 καὶγὰρ
2607 4599 2748 4652 ὅπλα
2783 4602 2900 4653 ἐστὶ
2921 4602 3095 4656 ταῦτα
3116 4603 3316 4673 ἀρετῆς
3332 4606 3445 4667 τοῖς

1874 4677 1952 4739 είς
1975 4677 2092 4730 δέον
2124 4679 2447 4747 χρωμένοις,
2480 4681 2575 4732 καὶ
2599 4681 2937 4752 δυνησόμεθα
2965 4684 3053 4737 διὰ
3095 4686 3310 4738 πάντων
3351 4687 3444 4740 εὑ-

1873 4757 2113 4828 δοκιμεῖν
2134 4759 2226 4835 ἐὰν
2253 4761 2531 4831 νήφωμεν,
2553 4763 2646 4814 καί⁵
2673 4765 2780 4817 τῶν
2807 4765 3039 4820 αἰωνίων
3064 4767 3283 4835 ἀγαθῶν
3303 4769 3442 4822 ἀπο-

1873 4839 2098 4894 λαῦσαι·
2136 4834 2210 4895 ὧν
2239 4843 2448 4908 γένοιτο
2479 4844 2684 4908 πάντας
2721 4848 2868 4916 ἡμᾶς
2896 4834 3173 4920 ἐπιτυχεῖν
3205 4852 3263 4904 ἐν
3304 4852 3442 4921 Χρι-

1876 4923 1986 4992 στῷ
2034 4923 2208 4993 Ἰησοῦ
2263 4923 2343 4993 τῷ
2392 4924 2580 4995 Κυρίῳ
2635 4929 2809 4997 ήμῶν,
2841 4924 2886 4999 ᾧ
2936 4933 2968 5002 ή
3020 4933 3144 4998 δόξα
3195 4935 3275 4996 είς
3317 4935 3443 4999 τοὺς

1875 5005 2078 5068 αἰῶνας
2099 5006 2206 5060 τῶν
2233 5006 2464 5063 αίώνων.
2516 5011 2706 5081 Ἀμήν.

3018 5841 3090 5899 10
