4016 6492
585 476 697 531 153

983 673 1258 684 α--κσ-

1275 456 1332 513 S.
1371 455 1659 513 JOANNIS
1697 456 2184 514 CHRYSOSTOMI
2229 457 2544 516 ARCHIEP.
2585 456 3123 515 CONSTANTINOP.

3733 468 3844 523 154

597 671 2338 704 xWWw—‘m
1945 689 1996 697 ___
2011 690 2050 697 ._
2061 689 2338 697 __

1107 995 1484 1057 MONITUM
1530 997 1637 1055 AD
1694 993 2104 1056 HOMILIAM
2167 994 2248 1055 IN
2305 993 2578 1055 LOCUM
2629 992 2878 1054 ILLUM
2922 991 3296 1063 JEREML‘E,

665 1237 814 1316 [I57]
844 1239 1188 1297 Testiﬁcatur
1215 1237 1448 1294 Savilius
1481 1251 1542 1292 se
1568 1236 1824 1292 incidisse
1845 1237 1902 1290 in
1925 1234 2214 1306 quamdam
2242 1231 2752 1302 lnterpretationem
2784 1235 2900 1286 sive
2923 1229 3330 1300 Expositionem
3369 1230 3741 1299 Chrysostomi
3778 1231 3834 1283 in

591 1384 880 1440 Jeremiam
907 1382 1248 1452 prophetam.
1285 1379 1401 1445 Qua
1430 1377 1498 1432 de
1535 1392 1596 1432 re
1623 1377 1728 1432 hoc
1762 1377 1851 1431 ille
1878 1375 2146 1431 monitum
2194 1373 2341 1428 dedit
2366 1373 2422 1427 in
2449 1373 2557 1428 (ine
2601 1383 2850 1427 notarum
2886 1374 2941 1426 in
2962 1373 3111 1428 Isaiae
3158 1373 3332 1442 capita
3355 1383 3496 1438 octo,
3530 1388 3653 1444 pag.
3683 1374 3788 1428 156
3819 1391 3830 1403 ·

669 1541 687 1574 ι
722 1523 921 1576 Praeter
959 1521 1123 1576 hosce
1143 1518 1199 1574 in
1227 1519 1396 1574 libros
1417 1515 1631 1572 Veteris
1661 1513 1996 1570 Tcstamenti
2031 1510 2461 1569 Commentarios
2490 1516 2666 1565 exstat
2695 1509 2895 1576 passim
2928 1509 2982 1561 in
3023 1507 3369 1562 Bibliothecis
3399 1507 3585 1562 Graece
3627 1522 3830 1561 manu-

595 1657 797 1728 scripta
846 1654 1108 1726 ἑρμηνεία
1147 1655 1226 1717 είς
1274 1653 1368 1706 τὸν
1396 1653 1686 1723 προφήτην
1726 1647 2018 1720 Ἰερεμίαν,
2052 1645 2193 1715 Chry

2300 1653 2438 1698 Lomo
2470 1641 2738 1710 adscripta
2772 1660 2784 1694 :
2817 1641 2974 1710 cujus
3005 1639 3368 1710 apographum
3399 1655 3464 1692 ex
3495 1639 3833 1694 Bibliotheca

595 1791 851 1844 Bavarica
884 1791 1215 1859 descriptum
1272 1789 1327 1841 in
1357 1787 1608 1842 manibus
1652 1785 1937 1850 habemus,
1971 1798 2041 1838 ne
2091 1782 2212 1837 luce
2249 1780 2488 1850 quidem,
2525 1781 2725 1834 nedum
2762 1788 2914 1834 tanto
2951 1786 3172 1832 auctore
3224 1777 3443 1847 dignum
3469 1788 3794 1845 opusculum
3817 1819 3831 1840 ,

594 1919 689 1973 sed
719 1933 892 1990 nugas
920 1933 1095 1973 meras
1115 1929 1169 1972 et
1195 1918 1533 1987 quisquilias.
1564 1917 1643 1971 Ne
1673 1917 1795 1986 quis
1824 1926 2004 1970 tamen
2030 1915 2084 1968 in
2111 1928 2204 1968 eas
2256 1911 2522 1973 incidens,
2555 1909 2756 1979 aliquid
2800 1925 2858 1964 se
2889 1925 3164 1981 magnum,
3198 1919 3290 1964 aut
3322 1910 3480 1965 nobis
3510 1927 3618 1965 non
3652 1913 3833 1967 visum

593 2051 863 2122 reperisse
895 2057 1070 2120 putet,
1100 2065 1226 2106 ecce
1251 2049 1346 2103 tibi
1370 2048 1532 2118 hujus
1552 2049 1823 2118 praeclara:
1851 2046 2216 2117 Expositionis
2239 2045 2453 2101 initium
2478 2063 2490 2098 :

663 2184 768 2239 Τὸν
798 2185 898 2256 μὲν
929 2190 1135 2255 χρόνον,
1174 2184 1296 2236 καθ’
1324 2185 1384 2235 ὃν
1433 2184 1808 2252 προεφήτευεν
1833 2181 1861 2232 ὁ
1897 2183 2165 2252 μακάριος
2223 2181 2508 2252 Ἱερεμίας,
2562 2180 2657 2234 καὶ
2701 2179 2808 2232 ἀπὸ
2855 2179 3008 2233 ποίου
3044 2178 3306 2248 βασιλέως
3353 2180 3567 2250 ἤρξατο,
3603 2184 3698 2236 καὶ
3748 2185 3832 2245 εἰς

599 2329 751 2380 ποῖον
781 2326 1144 2396 προφητεύειν
1174 2323 1440 2395 (fortassis
1473 2321 1791 2392 ἐπαύσατο),
1819 2322 2065 2376 ἐντεῦθεν
2091 2323 2205 2376 ἔστι
2241 2324 2452 2393 μαθεῖν.
2489 2324 2675 2377 Πᾶσαν
2698 2324 2754 2376 δὲ
2791 2325 3128 2396 προφητείαν
3170 2324 3308 2378 κατὰ
3334 2323 3440 2375 τῶν
3470 2323 3562 2376 δύο
3593 2325 3830 2376 ποιεῖται

597 2480 802 2550 φυλῶν,
834 2480 936 2549 ήδη
970 2480 1078 2532 τῶν
1106 2479 1237 2533 δέκα
1267 2478 1628 2549 αἰχμαλώτων
1674 2480 1982 2548 γενομένων
2016 2480 2121 2532 ὑπὸ
2152 2479 2243 2533 τοῦ
2285 2479 2590 2549 Ἀσσυρίου.
2626 2479 2883 2549 Ποικίλην
2923 2479 2978 2532 δέ
3015 2497 3135 2531 τινα
3163 2479 3258 2548 τὴν
3303 2479 3638 2547 προφητείαν
3669 2477 3818 2528 ἔστιν

681 2923 783 2986 Εις
815 2922 883 2976 τὸ
947 2915 1139 2985 ῥητὸν
1163 2917 1270 2970 τοῦ
1293 2912 1599 2986 προφήτου
1633 2916 1923 2986 Ἰερεμίου,
1952 2932 1972 2965 ι
2011 2917 2204 2986 Κύριε,
2235 2914 2370 2986 οὐχί
2392 2912 2497 2967 τοῦ
2525 2913 2834 2986 ἀνθρώπου
2860 2913 2895 2978 ἡ
2923 2913 3060 2986 acac
3105 2912 3310 2976 αὐτοῦ,
3331 2912 3469 2966 οὐδὲ
3519 2911 3833 2978 ἄνθρωπος

1321 2985 1695 3051 πορεύσεται,
1760 2982 1856 3035 καὶ
1896 2982 2250 3051 κατορθώσει
2305 2982 2419 3050 τὴν
2465 2984 2714 3050 πορείαν
2771 2983 3010 3036 αὑτοῦι.
3049 3001 3067 3034 ι

687 3384 757 3432 α’.
780 3375 893 3445 Τῆς
915 3373 1034 3428 ὁδοῦ
1057 3372 1257 3445 ταύτης
1288 3373 1386 3442 τῆς
1414 3371 1676 3441 αἰσθητῆς
1705 3374 1795 3426 καὶ
1819 3371 2092 3444 λεωφόρου
2110 3375 2180 3426 τά

625 3463 723 3530 μέν
754 3462 898 3511 ἐστιν
928 3457 1089 3509 ὕπτια
1112 3458 1207 3508 καὶ
1235 3457 1373 3518 λεῖα,
1412 3452 1482 3506 τὰ
1505 3453 1562 3505 δὲ
1594 3455 1867 3522 προσάντη
1902 3459 1993 3506 καὶ
2046 3470 2181 3523 τρα-

631 3541 855 3610 χύτερα·
912 3539 1052 3590 οὕτω
1093 3538 1148 3589 δὲ
1182 3538 1273 3589 καὶ
1310 3536 1418 3588 τῶν
1473 3535 1636 3587 θείων
1691 3536 1920 3604 Γραφῶν
1964 3535 2030 3589 τά
2084 3533 2182 3604 μέν

635 3627 772 3675 ἐστιν
801 3621 1021 3673 αὐτόθεν
1055 3621 1218 3670 πᾶσιν
1239 3617 1559 3676 εὑσύνοπτα.
1589 3617 1656 3668 τὰ
1691 3616 1747 3668 δὲ
1778 3616 2016 3677 πλείονος
2036 3615 2186 3684 ἐξερ-

633 3704 820 3772 γασίας
849 3701 944 3754 καὶ
983 3701 1142 3753 πόνου
1178 3698 1420 3767 δεόμενα.
1463 3695 1598 3748 Ἀλλ’
1647 3696 1772 3749 ὅταν
1804 3695 1902 3765 μὲν
1947 3695 2186 3748 ἰσόπεδον

629 3785 722 3838 καὶ
751 3784 899 3835 λείαν
920 3781 1190 3850 ὀδεύωμεν
1229 3779 1365 3841 ὁδὸν,
1407 3778 1466 3830 οὑ
1511 3776 1707 3846 πολλῆς
1742 3778 1873 3845 ἡμῖν
1915 3775 1995 3828 δεῖ
2025 3775 2184 3845 ἀκρι-

631 3866 782 3928 ϐείας
809 3881 822 3895 ο
856 3865 981 3916 ὅταν
1011 3864 1066 3916 δὲ
1101 3862 1295 3914 ὑπτίαν
1333 3861 1426 3913 καὶ
1484 3857 1672 3927 στενὴν
1713 3859 1806 3910 καὶ
1838 3857 1972 3928 πρὸς
2019 3855 2185 3924 αὑτὴν

630 3945 1046 4013 ἀνατεινομένην
1065 3943 1161 4012 τὴν
1194 3939 1522 4011 ἀκρώρειαν,
1547 3939 1639 3990 καὶ
1668 3938 1770 3990 ὑπὸ
1788 3937 2045 4008 κρημνῶν
2063 3937 2190 3988 ἑκα-

631 4026 863 4098 τέρωθεν
877 4027 981 4078 ἀπε
990 4025 1070 4093 ιλη
1081 4023 1290 4094 μμένην
1300 4061 1312 4084 ,
1327 4021 1372 4091 [t
1385 4020 1473 4091 58]
1488 4019 1758 4089 νηφούσης
1777 4022 1906 4087 ἡμῖν
1920 4019 2000 4070 δεῖ
2011 4017 2190 4087 ψυχῆς

634 4110 728 4162 καὶ
747 4105 1190 4176 διεγηγερμένης,
1213 4103 1311 4172 τῆς
1332 4101 1633 4170 δυσχωρίας
1663 4100 1921 4168 ῥᾳθυμεῖν
1952 4100 2051 4151 οὑκ
2069 4099 2188 4150 ἐπι-

632 4189 954 4263 τρεπούσης.
995 4188 1113 4240 Κᾶν
1144 4186 1250 4255 γάρ
1291 4184 1483 4254 μικρόν
1527 4199 1610 4244 τις
1646 4180 1988 4252 παραϐλέψῃ,
2022 4180 2186 4263 μόνου

634 4261 727 4327 τοῦ
755 4271 909 4333 ποδὸς
934 4269 1330 4337 όλισθήσαντος.
1358 4265 1500 4319 ἅπαν
1531 4266 1592 4317 τὺ
1623 4263 1780 4333 σῶμα
1810 4261 2180 4333 κατακρημνί-

637 4353 807 4416 ζεται,
847 4350 951 4404 κᾶν
1002 4352 1081 4411 εις
1128 4349 1414 4418 φάραγγας
1451 4345 1734 4415 κατακόψῃ
1783 4346 1952 4410 κάτω,
2005 4359 2190 4396 6x010-

636 4431 807 4503 δίνῳδ
839 4431 1198 4501 κατεχόμενος
1245 4428 1630 4496 καταφέρεται.
1677 4426 1832 4479 Οὗτω
1866 4426 1929 4493 δὴ
1975 4425 2068 4477 καὶ
2099 4423 2191 4476 ἐπὶ

637 4517 746 4569 τῶν
794 4514 949 4567 θείων
982 4509 1209 4582 Γραφῶν
1240 4508 1308 4561 τὰ
1345 4509 1440 4577 μὲν
1494 4507 1689 4560 εὔκολα
1731 4508 1824 4559 καὶ
1877 4507 2034 4576 ῥᾴδια
2085 4504 2191 4556 τῶν

641 4596 947 4667 νοημάτων,
1003 4595 1096 4646 καὶ
1134 4592 1362 4659 ἀπονητὶ
1393 4587 1656 4642 διοδεῦσαι
1687 4589 1783 4651 ένι,
1815 4586 1883 4639 τὰ
1909 4588 1963 4639 δὲ
1993 4585 2194 4657 τραχύ-

641 4695 779 4749 τερα
808 4678 898 4730 καὶ⁵
949 4675 1224 4744 προσάντη
1269 4671 1366 4740 οὐχ
1420 4669 1615 4739 ὁμοίως
1653 4667 1880 4738 εὑπορον
1926 4668 2190 4737 διαϐῆναι.

641 4760 731 4812 Διδ
785 4760 970 4827 νήφειν
1028 4758 1271 4815 ἃπαντας
1341 4751 1422 4803 δεῖ
1474 4751 1566 4803 καὶ⁵
1626 4750 2004 4820 ἐγρηγορέναι,
2073 4751 2196 4802 ὅταν

640 4841 860 4894 τοιαῦτα
910 4837 1271 4903 διαϐαίνωμεν
1327 4832 1522 4902 χωρία,
1577 4831 1716 4883 ῶστε
1778 4830 1852 4900 μὴ
1911 4831 2038 4897 περὶ
2093 4830 2199 4882 τῶν

645 4922 889 4991 ὲσχάτων
917 4921 1046 4988 ἡμῖν
1077 4914 1324 4984 γενέσθαι
1354 4913 1444 4965 τὸν
1481 4912 1744 4965 κίνδυνον.
1771 4911 1869 4962 Διὰ
1913 4911 2022 4977 γὰρ
2049 4910 2202 4963 τοῦτο

646 5008 741 5058 καὶ
768 5004 928 5073 ἡμεῖς
980 5000 1110 5052 ποτὲ
1155 4998 1249 5067 μὲν
1284 5000 1338 5048 ὲν
1375 4998 1484 5057 τοῖς
1519 4993 1901 5060 εύκολωτέροις
1930 4994 2069 5061 ὑμᾶς
2114 4994 2205 5059 ὲγ-

643 5085 988 5156 γυμνάζομεν
1009 5093 1056 5144 ε,
1095 5081 1220 5132 ποτὲ
1252 5079 1307 5131 δὲ
1337 5078 1428 5129 ἐπὶ
1462 5077 1531 5128 τὰ
1575 5075 1950 5144 δυσκολώτερα
1981 5073 2202 5156 ἄγομεν,

646 5173 731 5224 ῖνα
758 5169 849 5218 καὶ
901 5166 990 5216 τὸν
1030 5164 1186 5215 πόνον
1217 5162 1341 5230 ὑμῖν
1378 5156 1917 5228 παραμυθησώμεθα,
1973 5158 2066 5208 καὶ
2109 5155 2206 5224 τὴν

648 5250 911 5324 ρᾳθυμίαν
946 5245 1276 5313 ἐκϐάλωμεν.
1335 5243 1540 5324 Ὥσπερ
1574 5239 1752 5324 γὰρΑοῐ
1783 5238 2076 5324 διαπαντὸς
2119 5238 2207 5289 εὑ-

646 5318 832 5394 κολίας
855 5329 1234 5388 ἀπολαύοντες,
1287 5323 1600 5392 χαυνότεροι
1645 5321 1918 5386 γίνονται·
1951 5318 2120 5379 οὕτως
2163 5318 2210 5370 ot

645 5413 904 5485 διηνεκῶς
938 5413 1072 5481 πρὸς
1094 5406 1405 5478 τραχύτερα
1446 5404 1742 5472 ἑλκόμενοι,
1769 5401 1904 5472 πρὸς
1937 5401 2026 5452 τὸν
2056 5401 2212 5451 πόνον

711 5589 736 5616 ⁸
768 5587 818 5635 In
843 5585 985 5633 titulo
1007 5588 1113 5643 post
1135 5579 1326 5642 πορείαν
1350 5575 1494 5624 αὑτοῦ
1520 5573 1670 5624 Savil.
1699 5573 1831 5622 addit
1854 5574 1931 5620 καὶ
1954 5571 2215 5619 κατευθυνεῖ

647 5649 731 5706 τὴν
751 5648 856 5695 ὁδὸν
873 5643 1032 5692 αὑτοῦ.

713 5711 740 5748 b
769 5707 917 5755 Iidem
940 5715 1051 5750 mss.
1078 5701 1236 5749 σκότει
1260 5701 1352 5746 δειν

2285 3374 2736 3444 ἀπογινώσκουσι.
2786 3375 2878 3428 Δεῖ
2915 3374 3090 3427 τοίνυν
3130 3371 3493 3443 ἀναμεμίχθαι
3525 3371 3586 3424 τὸ
3617 3371 3715 3441 τῆς
3749 3371 3837 3426 δι-

2283 3457 2575 3520 δασκαλίας
2599 3453 2753 3521 εἶδος,
2785 3458 2879 3510 καὶ
2935 3457 3019 3509 νῦν
3069 3456 3166 3526 μὲν
3213 3454 3387 3516 τοῦτο,
3423 3453 3516 3506 νῦν
3552 3454 3608 3505 δὲ
3658 3457 3839 3507 ἐκεῖνο

2288 3539 2699 3609 μεταχειρίζειν,
2755 3537 2894 3590 ὥστε
2931 3539 3065 3607 μήτε
3111 3536 3371 3605 χαλᾶσθαι
3421 3537 3559 3604 πέρα
3596 3536 3689 3588 τοῦ
3742 3536 3842 3605 μέ·

2285 3636 2410 3689 τρου
2438 3622 2534 3688 τὴν
2567 3620 2802 3673 διάνοιαν
2833 3622 2983 3688 ἡμῖν,
3019 3621 3153 3687 μήτε
3189 3617 3586 3685 διατεινομένην
3610 3616 3750 3686 ὑπὲρ
3775 3618 3841 3668 τὸ

2287 3700 2403 3752 δέον
2427 3700 2850 3770 διαρῤήγνυσθαι
2871 3701 3030 3751 πάλιν
3054 3698 3187 3767 πρὸς
3217 3698 3308 3749 τδν
3340 3699 3494 3748 πόνον
3527 3697 3842 3766 ἀπαγορεύ-

2288 3797 2476 3832 ουσαν.
2504 3780 2602 3832 Διά
2634 3780 2790 3832 τοῦτο
2820 3779 3007 3850 πρώην
3042 3781 3166 3847 ὑμῖν
3213 3779 3336 3846 περὶ
3365 3776 3574 3829 Παύλου
3607 3778 3700 3829 καὶ
3739 3778 3846 3828 [Ιέ-

2292 3879 2420 3933 τρου
2462 3861 2848 3931 διαλεχθέντες,
2870 3863 2962 3913 καὶ
2997 3860 3095 3928 τῆς
3121 3861 3177 3911 ὲν
3227 3859 3518 3928 Ἀντιοχείᾳ
3545 3857 3846 3926 γενομένης

2291 3945 2471 4006 αὐτοῖς
2496 3944 2629 4013 πρὸς
2665 3943 2921 4013 ἀλλήλους
2950 3941 3424 4012 άμφισὸητήσεως,
3474 3939 3565 3991 καὶ
3613 3939 3712 4008 τὴν
3762 3937 3848 3989 δο-

2292 4025 2491 4078 κοῦσαν
2525 4026 2745 4077 ἐκείνων
2801 4021 2936 4078 εἶναι
2969 4025 3144 4092 μάχην
3179 4024 3354 4092 πάσης
3385 4022 3604 4092 είρῄνης
3651 4034 3848 4089 χρησι-

2297 4106 2542 4177 μωτέραν
2595 4109 2721 4176 ὑμῖν
2778 4088 3170 4171 ἀποδείξαντες,
3228 4088 3322 4155 καί
3366 4088 3593 4171 ὲπΥτὴν
3647 4102 3849 4153 ὑπτίαν

2294 4190 2508 4258 ἐκείνην
2538 4189 2629 4241 καὶ
2660 4189 2913 4258 τραχείαν
2949 4185 3240 4253 ἀγαγόντες
3278 4183 3413 4244 ὁδὸν,
3451 4183 3634 4251 ἐπειδὴ
3678 4197 3853 4233 πεπο-

2294 4271 2523 4340 νηκότας
2553 4269 2784 4338 εἴδομεν,
2812 4271 2874 4338 τῇ
2910 4269 3021 4338 μετ’
3048 4266 3256 4334 ἐκείνην
3287 4264 3464 4334 ήμέρᾳ
3491 4265 3623 4333 πρὸς
3653 4263 3848 4329 ἑτέραν

2295 4351 2662 4422 εὑκολωτέραν
2692 4347 3162 4422 ἐχειραγωγοῦμεν
3208 4345 3475 4410 ὑπόθεσιν,
3529 4343 3622 4396 τοῦ
3674 4360 3855 4412 μακα-

2298 4435 2412 4504 ρίου
2449 4431 2741 4487 Εὑσταθίου
2802 4430 2869 4482 τὰ
2903 4429 3146 4498 ἐγκώμια
3200 4426 3557 4496 διηγούμενοι,
3600 4424 3694 4477 καὶ
3733 4425 3854 4492 μετ’

2299 4517 2498 4568 έκεῖνον
2521 4513 2609 4566 τοῦ
2631 4512 2876 4580 γενναίου
2910 4511 3178 4580 μάρτυρος
3215 4506 3491 4576 Ῥωμανοῦ
3522 4506 3648 4567 τοὺς
3686 4505 3849 4557 ἐπαί-

2300 4614 2420 4659 νους
2448 4595 2750 4660 διεξιόντες,
2789 4593 2875 4644 ὅτε
2897 4592 2959 4660 δὴ
2982 4592 3074 4642 καὶ⁵
3097 4589 3466 4658 λαμπρότερον
3487 4589 3614 4656 ήμῖν
3641 4587 3698 4638 τὸ
3728 4587 3856 4639 θέα-

2301 4693 2424 4746 τρον
2455 4675 2664 4743 γέγονε,
2691 4673 2782 4725 καὶ
2827 4671 3028 4723 πλείων
3052 4674 3078 4723 ό
3107 4671 3314 4739 κρότος,
3352 4669 3442 4746 καὶ
3477 4666 3673 4736 μείζων
3702 4669 3729 4718 ό
3762 4667 3856 4718 θό-

2307 4745 2483 4826 ρυϐος.
2533 4755 2792 4823 Καθάπερ
2824 4755 2930 4822 γάρ
2969 4769 3052 4814 τις
3096 4749 3306 4820 καμὼν,
3347 4745 3461 4800 εἶτα
3487 4750 3566 4810 είς
3616 4747 3858 4816 λειμῶνα

2307 4838 2576 4902 είσελθὼν,
2611 4839 2866 4905 γάννυται
2921 4835 3012 4887 καὶ
3055 4834 3332 4902 διαχεῖται,
3367 4832 3534 4900 τραχὺ
3579 4830 3674 4894 μὲν
3717 4829 3862 4898 ὁρῶν

2307 4922 2455 4974 οὐδὲν
2504 4919 2622 4972 οὑδὲ
2672 4918 2944 4978 ἐπίπονον,
2980 4917 3158 4970 ἀνεσιν
3180 4915 3235 4966 δὲ
3269 4914 3362 4966 καὶ
3386 4913 3574 4982 τέρψιν
3599 4911 3694 4964 καὶ
3720 4911 3861 4979 ψυχ-

2310 5002 2549 5072 αγωγίαν
2579 5000 2778 5068 πολλήν
2799 5015 2814 5031 ο
2841 4999 2980 5051 οὓτω
2996 4998 3088 5050 καὶ
3109 4997 3264 5065 ὑμεῖς
3283 5012 3370 5064 μοι
3393 4994 3651 5046 διέκεισθε
3671 4993 3785 5045 τότε
3803 4991 3857 5030 ἀ·

2313 5085 2418 5138 ἀπὸ
2448 5084 2554 5152 γὰρ
2588 5082 2694 5134 τῶν
2734 5081 2908 5133 πόνων
2940 5078 3163 5132 καὶτῶν
3193 5077 3482 5130 δυσκολιῶν
3518 5076 3618 5142 τῆς
3663 5075 3864 5144 ἀκροά-

2316 5183 2450 5228 σεως
2476 5165 2708 5232 ἐκείνης,
2752 5161 2936 5232 ῶσπερ
2981 5163 3059 5222 είς
3107 5158 3344 5228 λειμῶνα
3399 5157 3722 5217 εἰσελθόντες
3755 5154 3866 5206 τῶν

2320 5245 2607 5319 μαρτύρων
2629 5243 2696 5295 τά
2741 5241 3008 5311 ἐγκώμια,
3049 5239 3182 5310 μετὰ
3213 5239 3407 5307 πολλῆς
3442 5237 3540 5306 τῆς
3565 5236 3746 5319 ἀδείας
3769 5235 3869 5302 τῆς

2317 5316 2554 5398 τέρψεως
2613 5322 2949 5394 ινεφορεῖσθε
2996 5323 3227 5389 ἐκείνης.
3269 5319 3402 5372 Οὐδὲ
3435 5319 3542 5388 γάρ
3577 5316 3738 5398 λαϐαὶ
3778 5318 3874 5398 καὶ

2321 5395 2594 5463 ἀντιλαδαὶ
2628 5403 2764 5474 ἦσαν
2809 5403 2950 5464 τότε,
3005 5401 3121 5453 οὑδὲ
3167 5400 3511 5468 παλαίσματα
3564 5397 3656 5449 καὶ
3696 5395 3869 5446 διαδύ-

2324 5501 2496 5555 σειςο,
2539 5488 2652 5541 ἀλλ’
2691 5486 2895 5546 οὐδενὸς
2925 5481 3350 5553 ἀντικρούοντος,
3381 5481 3571 5548 ἄφετος
3601 5478 3719 5530 καθ’
3752 5477 3878 5528 ἑαυ-

2387 5680 2414 5720 ἀ
2456 5681 2588 5728 Unus
2613 5695 2690 5740 μοι
2715 5675 2946 5740 έδοκεῖσθε
2981 5671 3235 5721 διακεῖσθαι
3274 5667 3396 5724 τότε,
3436 5676 3534 5712 non
3559 5661 3711 5713 male;
3752 5658 3876 5708 aitet

716 5714 740 5748 δ
769 5714 917 5755 Iidem
940 5715 1051 5750 mss.
1078 5716 1236 5749 σκοτει
1260 5714 1352 5746 οειν
1403 5731 1412 5742 .

716 5771 739 5800 °
763 5769 859 5816 Alli
884 5765 1195 5826 γυμνάζομεν,
1212 5765 1338 5809 teste
1355 5714 1514 5808 ιξιινίι.
1547 5755 1702 5807 Paulo
1734 5759 1844 5816 post
1867 5767 1956 5803 ms.
1977 5754 2056 5803 τὸν
2077 5751 2193 5801 πόνο

2327 5759 2416 5826 μοι
2430 5714 2660 5826 ξξοκεῖσέε

649 5832 709 5890 ὒν
719 5830 781 5876 ῶν
800 5823 1251 5888 παραμυθησώμεθα.

2396 5807 2416 5834 ⁶
2445 5802 2575 5850 Unus
2600 5797 2847 5851 διαλύσεις.
