4016 6456
1084 453 1152 509 ΙΝ
1192 452 1416 524 lLLUD,
1454 454 1730 521 DOMINE,
1773 454 1911 510 NON
1949 454 2077 511 EST
2116 455 2182 510 IN
2224 454 2501 523 HOMINE,
2555 455 2703 513 ETC.
3399 480 3507 534 154

294 666 3471 704 Μ

1026 995 1369 1068 DOMINE,
1406 996 1565 1056 NON
1598 997 1741 1055 EST
1767 998 1849 1057 ΙΝ
1880 996 2198 1057 ΗΟΜΙΝΕ
2232 995 2369 1055 VIA
2400 996 2606 1071 EJUS,
2638 1012 2773 1055 ETC.

291 1244 443 1297 ἰδεῖν.
482 1243 653 1297 Τοῦτο
690 1246 788 1315 μὲν
818 1244 926 1316 γὰρ
964 1244 1073 1298 ἀπὸ
1099 1247 1208 1298 τῶν
1261 1246 1504 1300 παλαιῶν
1533 1248 1991 1317 παραδειγμάτων
2041 1246 2205 1301 αὐτοῦ
2233 1248 2499 1313 (fortassis
2544 1245 2763 1317 αὐτοὺς)
2794 1245 3027 1316 ἐλέγχει,
3066 1243 3139 1307 ὼς
3187 1244 3316 1296 ὅταν
3348 1242 3504 1313 λέγη,

302 1355 433 1408 Ἰδοὺ
461 1354 560 1417 τὰς
587 1356 736 1418 ὁδούς
772 1373 863 1409 σου
892 1358 949 1409 ἐν
973 1356 1051 1427 τῷ
1083 1356 1438 1427 πολυανδρίῳ,
1469 1356 1562 1409 καὶ
1590 1357 1656 1408 τὰ
1686 1356 1830 1427 ἑξῆς.
1865 1376 1884 1408 ι

363 1485 489 1540 Hzec
514 1486 581 1541 de
608 1487 916 1557 hujusmodi
944 1487 1382 1555 Commentariis,
1424 1488 1514 1556 qui
1542 1489 1789 1543 consulto
1824 1489 2167 1558 praetermissi
2192 1498 2336 1543 sunt.
2380 1488 2505 1543 Haec
2530 1497 2711 1542 autem
2734 1487 2953 1541 homilia
2984 1487 3037 1542 in
3068 1488 3244 1541 locum
3265 1485 3507 1542 Ieremia

290 1618 509 1689 optima:
528 1629 671 1676 notae
693 1629 795 1687 est,
819 1622 1037 1693 suisque
1058 1637 1116 1678 se
1143 1623 1352 1679 indiciis
1377 1623 1557 1693 prodit
1582 1639 1703 1679 esse
1748 1624 2137 1696 Cbrysostomi.
2170 1627 2306 1680 Nam
2348 1627 2449 1681 sub
2501 1626 2713 1679 initium
2760 1625 2836 1678 ait
2872 1637 2931 1677 se
2962 1636 3135 1692 nuper
3168 1621 3236 1676 de
3267 1618 3411 1675 Petri
3457 1630 3507 1676 et

289 1756 443 1813 Pauli
466 1760 831 1817 controversia
866 1762 1058 1833 egisse,
1106 1770 1396 1832 posteaque
1421 1778 1479 1819 se
1509 1764 1649 1819 beati
1679 1764 1947 1819 Eustathii
1993 1766 2262 1834 praeconia
2292 1781 2543 1821 sermone
2578 1766 2915 1836 complexum
2942 1780 3083 1833 esse,
3135 1776 3297 1838 atque
3320 1765 3510 1823 deinde

292 1891 353 1945 S.
395 1891 623 1947 Romani
672 1894 920 1963 martyris
959 1894 1145 1949 laudes
1173 1896 1538 1964 percurrisse:
1574 1894 1727 1966 queis
1760 1895 2027 1949 indicatur
2055 1897 2195 1951 hanc
2223 1897 2538 1951 concionem
2562 1897 2858 1952 secundum
2912 1898 3028 1954 illas
3059 1914 3246 1954 omnes
3274 1900 3510 1956 habitam

289 2026 479 2083 fuisse.
528 2029 589 2084 In
609 2032 754 2087 nulla
778 2048 939 2103 porro
961 2047 1147 2088 earum
1183 2033 1309 2087 anni
1335 2041 1461 2087 nota
1494 2033 1577 2087 vel
1607 2032 1827 2087 minima
1857 2042 2155 2103 comparet.
2185 2033 2351 2104 quue
2374 2037 2550 2093 solum
2581 2036 2850 2103 novimus,
2876 2051 2969 2093 eas
2993 2052 3182 2093 omnes
3217 2037 3510 2093 Antiochia:

290 2162 503 2218 habitas
532 2164 720 2221 fuisse.
756 2167 948 2237 Agitur
978 2168 1065 2223 hic
1092 2168 1159 2223 de
1186 2168 1277 2222 illo
1303 2167 1565 2222 versiculo
1595 2166 1859 2231 Jeremiaa,
1890 2166 2130 2231 Domine,
2176 2184 2279 2221 non
2307 2170 2458 2223 estin
2504 2169 2706 2223 homine
2735 2170 2819 2223 via
2848 2170 2981 2238 ejus,
3014 2187 3175 2239 neque
3211 2171 3361 2224 homo
3398 2170 3509 2235 ibit,

291 2308 341 2353 et
371 2300 558 2370 diriget
586 2318 817 2372 gressum
839 2319 1011 2356 suum.
1053 2302 1126 2356 Ex
1154 2302 1351 2371 quibus
1396 2303 1575 2356 verbis
1614 2304 1829 2371 quidam
1877 2303 2216 2358 occasionem
2247 2304 2538 2374 captabant
2565 2305 2719 2359 liberi
2761 2306 2979 2363 tollendi
3023 2308 3249 2363 arbitrii.
3275 2308 3383 2364 Hos
3413 2324 3511 2378 pro

290 2443 432 2498 virili
462 2442 705 2497 confutat
744 2441 800 2495 S.
835 2442 1041 2496 doctor.

364 2575 740 2647 interpretatio
774 2575 962 2630 Latina
998 2585 1082 2630 est
1119 2575 1405 2629 Frontonis
1435 2575 1632 2629 Dueaei.

3353 2835 3499 2850 -ο

316 3044 382 3088 ιι(
424 3040 633 3085 ιοαωί
676 3036 869 3081 ιιιῠΜ
910 3033 1254 3077 PROPHETB
1296 3032 1609 3087 JEREMIB,
1654 3031 1921 3086 DOMINE,
1968 3030 2091 3074 NON
2136 3030 2246 3074 EST
2288 3031 2352 3073 IN
2397 3032 2643 3076 BUMINE
2688 3033 2790 3077 VIA
2836 3032 2982 3075 EJUS
3009 3059 3025 3088 ,
3079 3032 3286 3085 NEQUE
3333 3033 3511 3077 HOMO

1037 3141 1188 3196 IBIT,
1232 3139 1311 3181 ET
1351 3137 1610 3180 DIBIGET
1655 3134 1937 3179 GBESSUM
1965 3133 2133 3177 suum
2179 3114 2263 3193 (a)
2311 3112 2466 3193 (Jer.
2516 3117 2609 3175 10.
2655 3115 2780 3195 23).

1998 3296 2276 3308 ——-—

1833 3277 1990 3331 ΘΜ

1558 3300 1828 3315 ———————-—

358 3458 412 3510 l.
438 3454 605 3523 Hujus
643 3450 903 3506 sensibilis
930 3447 1253 3517 publiczeque
1283 3449 1381 3499 viae
1410 3452 1580 3513 partes
1608 3441 1845 3510 quaedam

288 3546 460 3615 plana:
485 3541 695 3611 quidem
728 3546 849 3593 sunt
872 3552 933 3590 ac
957 3537 1132 3600 laeves,
1161 3534 1397 3603 quaedam
1418 3546 1545 3586 vero
1569 3540 1847 3600 praerupta:

286 3646 446 3704 atque
486 3646 723 3701 asperae;
772 3629 848 3683 sic
886 3638 939 3682 et
981 3626 1264 3694 Scriptum
1308 3638 1472 3677 sacrae
1511 3631 1687 3692 partes
1732 3621 1849 3674 alia:

288 3732 417 3780 sunt
440 3739 503 3779 ex
529 3737 589 3777 se
615 3721 856 3776 omnibus
882 3718 1149 3773 intellectu
1182 3715 1394 3781 faciles,
1438 3714 1556 3767 alia:
1595 3713 1847 3779 majorem

288 3816 612 3884 diligentiam
654 3826 716 3865 ac
743 3811 974 3864 laborem
1015 3808 1307 3875 requirunt.
1352 3808 1429 3859 Ac
1466 3818 1563 3857 nos
1600 3802 1841 3871 quidem,

288 3921 409 3961 cum
446 3919 540 3973 per
568 3901 835 3971 planitiem
875 3899 1164 3965 lmvemque
1206 3896 1345 3949 viam
1389 3893 1712 3957 incedimus,
1755 3907 1848 3946 ne-

289 4009 440 4049 cesse
469 4007 571 4046 non
600 3999 697 4055 est,
731 3999 787 4043 ut
813 3986 1092 4042 admodum
1119 3986 1299 4039 attenti
1330 3985 1532 4041 simus;
1572 3998 1690 4036 cum
1722 3997 1847 4036 vero

289 4100 385 4155 per
404 4097 643 4151 asperam
665 4088 718 4134 et
741 4086 1034 4148 angustam,
1059 4091 1277 4145 quaeque
1297 4088 1353 4129 se
1378 4074 1443 4128 ad
1465 4073 1631 4141 ipsum
1653 4072 1846 4126 montis

288 4187 541 4227 cacumen
566 4168 833 4232 extendat,
862 4175 915 4222 et
940 4165 1238 4235 praecipitiis
1256 4164 1480 4234 undique
1500 4161 1844 4217 circumclusa

291 4264 393 4327 sit,
444 4275 551 4316 tum
579 4260 719 4329 vigili
745 4266 921 4313 mente
949 4257 1098 4311 nobis
1125 4270 1255 4324 opus
1277 4264 1392 4321 est,
1427 4269 1545 4309 cum
1577 4254 1676 4307 loci
1704 4252 1845 4306 diffi-

288 4355 458 4407 cultas
483 4362 690 4419 torpere
719 4365 822 4402 non
868 4348 1026 4401 sinat.
1072 4346 1417 4412 Quantumvis
1454 4344 1594 4398 enim
1639 4342 1845 4397 modice

288 4443 406 4511 quis
433 4442 753 4511 negligenter
773 4438 1009 4506 aspiciat,
1037 4436 1081 4489 si
1110 4435 1279 4489 solum
1304 4449 1393 4502 pes
1413 4433 1734 4502 prolabatur,
1761 4441 1843 4486 to-

292 4544 399 4586 tum
429 4545 620 4600 corpus
646 4530 696 4583 in
724 4542 961 4597 prmccps
988 4527 1131 4591 ruit,
1181 4535 1234 4580 et
1274 4526 1317 4580 si
1346 4526 1396 4578 in
1435 4525 1623 4578 vallem
1674 4525 1846 4593 capite

289 4626 538 4679 inclinato
567 4620 897 4690 despexerit,
936 4618 1260 4672 tenebricosa
1286 4624 1561 4685 correptus
1592 4616 1844 4685 vertigine

286 4714 615 4768 deturbatur.
642 4711 731 4765 Sic
756 4719 809 4763 et
834 4710 885 4762 in
917 4707 1184 4776 Scriptura
1210 4706 1380 4760 divina
1401 4706 1638 4775 quaedam
1665 4705 1844 4760 faciles

286 4810 410 4856 sunt
436 4816 498 4854 ac
526 4801 696 4867 planae
720 4798 993 4851 sententiae
1013 4836 1027 4859 ,
1058 4809 1186 4863 quas
1216 4796 1329 4848 sine
1353 4795 1531 4848 labore
1561 4794 1683 4848 licet
1724 4811 1844 4862 per-

286 4904 499 4945 currere
532 4906 546 4943 :
575 4886 813 4956 quaedam
839 4883 1130 4951 asperiores
1158 4890 1209 4935 et
1237 4892 1511 4950 praerupta:
1528 4922 1541 4943 ,
1586 4898 1713 4951 quas
1738 4899 1842 4937 non

287 4983 356 5035 ita
386 4980 533 5034 facile
559 4978 712 5033 fuerit
752 4988 1041 5045 permeare.
1072 4973 1353 5042 Propterea
1384 4974 1565 5041 vigiles
1590 4982 1643 5027 et
1670 4983 1842 5028 atten-

288 5082 369 5128 tos
391 5086 509 5125 esse
533 5078 751 5123 cunctos
776 5074 1015 5133 oportet,
1045 5064 1167 5118 dum
1196 5064 1454 5132 ejusmodi
1486 5064 1596 5119 loca
1625 5080 1843 5134 percur-

288 5166 452 5217 rimus
476 5201 490 5227 ,
532 5174 598 5212 ne
641 5158 694 5210 in
737 5170 998 5210 summum
1025 5155 1207 5208 salutis
1239 5155 1522 5209 discrimen
1552 5156 1840 5210 veniamus.

290 5252 488 5307 Idcirco
520 5261 615 5302 nos
640 5245 901 5300 interdum
929 5244 979 5296 in
1022 5243 1345 5299 facilioribus
1383 5258 1475 5298 vos
1512 5260 1840 5312 exercemus,

288 5352 676 5407 nonnumquam
700 5336 765 5388 ad
794 5332 1083 5387 difficiliora
1104 5332 1433 5400 deducimus,
1458 5343 1514 5387 ut
1534 5346 1587 5389 et
1612 5334 1841 5391 laborem

285 5435 521 5488 levemus
545 5472 559 5494 ,
596 5439 649 5486 et
672 5428 1042 5498 negligentiam
1081 5432 1420 5485 excutiamus.
1463 5430 1530 5485 Ut
1572 5432 1710 5484 enim
1753 5433 1840 5499 qui

285 5538 495 5592 semper
521 5521 817 5575 facilitatem
847 5519 1203 5586 experiuntur,
1231 5520 1558 5575 remissiores
1582 5521 1709 5573 fiunt
1734 5539 1745 5571 ε
1771 5522 1838 5573 ita

346 5674 419 5785 (ἐι.)
452 5673 631 5745 (pilata
653 5686 759 5726 cum
784 5670 898 5722 Cod.
923 5677 1038 5755 Reg.
1061 5669 1198 5729 2⁸545,
1218 5683 1267 5720 et
1283 5684 1389 5720 cum
1412 5674 1699 5723 Colbertinis
1722 5673 1841 5722 εοδο

424 5737 496 5785 15.
524 5734 577 5783 In
602 5734 735 5783 titulo
760 5742 866 5785 post
889 5732 974 5780 has
998 5744 1157 5785 voces.
1181 5744 1393 5785 qressmu
1410 5746 1563 5785 suum.
1590 5734 1690 5783 haec
1712 5734 1841 5783 addit

285 5743 337 5786 et
355 5732 496 5785 2715.
524 5734 577 5783 In
602 5734 735 5783 titulo
760 5742 866 5794 post
889 5732 980 5799 has.
998 5732 1157 5791 voces,
1181 5744 1393 5795 gressum
1410 5746 1563 5794 suum,
1590 5734 1690 5783 haec
1712 5734 1841 5783 addit

285 5797 496 5855 Samius,
524 5802 567 5844 et
590 5794 761 5855 diriget
789 5793 912 5842 riam
934 5805 1051 5852 ejus.
1132 5856 1135 5871 ί

1952 3438 2041 3505 qui
2072 3447 2327 3506 perpetuo
2354 3437 2417 3490 ad
2446 3436 2712 3503 aSperiora
2742 3433 3145 3503 pertrahuntur,
3178 3431 3410 3485 animum
3439 3430 3517 3484 la-

1952 3527 2081 3581 bore
2121 3526 2390 3597 defatigati
2440 3524 2788 3595 despondent.
2838 3523 3091 3590 Quocirca
3134 3521 3354 3575 mixtum
3401 3535 3520 3576 esse

1953 3626 2162 3686 Oportet
2190 3617 2445 3671 doctrinm
2471 3630 2635 3685 genus
2654 3655 2668 3679 ,
2716 3623 2771 3669 et
2812 3628 2952 3667 nunc
2982 3611 3190 3681 quidem
3220 3611 3348 3677 hoc,
3376 3625 3520 3665 nunc

1952 3714 2131 3759 autem
2170 3704 2297 3758 illud
2324 3713 2552 3758 tractare
2576 3743 2591 3767 ,
2633 3712 2689 3756 ut
2730 3716 2899 3771 neque
2929 3714 3079 3755 mens
3122 3701 3258 3755 ultra
3302 3700 3513 3754 modum

1952 3796 2253 3861 relaxetur,
2304 3810 2475 3865 neque
2514 3808 2696 3849 rursus
2735 3794 2854 3862 plus
2878 3807 3035 3862 quam
3064 3806 3161 3862 par
3197 3800 3276 3847 est
3319 3791 3513 3845 intenta

1953 3885 2223 3956 frangatur
2242 3928 2256 3949 ,
2282 3895 2337 3941 et
2370 3885 2637 3939 laboribus
2664 3883 2945 3953 defatigata
2973 3881 3200 3937 deﬁciat.
3230 3881 3514 3946 PrOpterea

1953 3990 2120 4043 nuper
2144 3990 2266 4029 cum
2290 3975 2357 4029 de
2393 3974 2552 4029 Petro
2575 3983 2630 4028 et
2655 3973 2817 4028 Paulo
2851 3971 3281 4026 disseruissemus
3319 3970 3337 4039 (
3361 3968 3515 4023 Tomo

1951 4061 2071 4128 III,
2097 4064 2196 4116 col.
2214 4064 2310 4116 571
2338 4060 2493 4132 sqq.),
2521 4070 2573 4115 et
2593 4060 2661 4114 de
2686 4069 2864 4113 exorta
2892 4059 3030 4112 inter
3056 4058 3197 4127 ipsos
3223 4056 3515 4111 Antiochia:

1951 4151 2309 4205 controversia
2334 4191 2347 4214 ,
2391 4161 2722 4219 pugnamque
2753 4148 2896 4202 illam
2920 4187 2934 4211 ,
2968 4162 3085 4217 qua:
3106 4148 3245 4201 inter
3276 4160 3369 4201 eos
3396 4160 3515 4201 esse

1950 4240 2263 4303 videbatur,
2314 4255 2443 4309 pace
2484 4240 2670 4306 quavis
2699 4239 2961 4293 utiliorem
3004 4236 3154 4291 vobis
3195 4235 3515 4291 ostendisse-

1951 4346 2068 4385 mus
2092 4373 2107 4397 ,
2148 4346 2376 4401 cumque
2415 4331 2479 4385 ad
2516 4340 2829 4400 praeruptam
2868 4338 2919 4384 et
2947 4343 3186 4396 asperam
3229 4342 3324 4382 vos
3370 4328 3512 4381 illam

1951 4421 2088 4475 viam
2130 4422 2528 4477 deduxissemus
2557 4437 2575 4473 :
2611 4422 2857 4490 quoniam
2900 4419 3206 4487 defatigatos
3254 4416 3508 4477 vidimus,

1950 4512 2190 4580 sequenti
2232 4512 2317 4565 die
2357 4511 2422 4564 ad
2449 4511 2590 4564 aliud
2617 4517 2980 4577 argumentum
3025 4521 3116 4559 vos
3156 4504 3508 4568 traduximus,

1950 4600 2076 4654 dum
2118 4601 2257 4656 beati
2303 4600 2559 4654 Eustathii
2597 4598 2857 4668 prmconia
2902 4595 3265 4661 narravimus,
3313 4605 3367 4650 et
3393 4605 3512 4664 post

1951 4689 2096 4741 illum
2148 4691 2394 4757 generosi
2450 4687 2694 4756 martyris
2737 4685 2958 4739 Romani
3015 4685 3194 4740 laudes
3242 4687 3510 4753 percurri-

1948 4792 2065 4831 mus
2093 4774 2163 4847 (a
2185 4778 2201 4845 )
2221 4816 2235 4840 ,
2271 4790 2389 4830 cum
2429 4775 2679 4830 illustrius
2709 4775 2860 4829 nobis
2887 4775 3075 4829 factum
3107 4783 3187 4830 est
3212 4774 3508 4841 theatrum,

1951 4867 2171 4933 amplior
2197 4866 2498 4935 applausus,
2528 4879 2591 4919 ac
2619 4864 2787 4935 major
2815 4866 3063 4934 strepitus
3084 4865 3505 4921 acclamantium.

1950 4955 2018 5011 Ut
2044 4957 2184 5010 enim
2215 4957 2257 5010 si
2288 4958 2405 5025 quis
2432 4957 2516 5009 ubi
2542 4954 2781 5010 defessus
2809 4954 2983 5021 fuerit,
3015 4954 3206 5010 deinde
3230 4956 3281 5007 in
3305 4960 3508 5021 pratum

1950 5045 2305 5112 ingrediatur,
2335 5045 2561 5114 gaudet,
2593 5060 2654 5099 ac
2688 5044 2999 5108 delectatur,
3032 5043 3154 5096 dum
3192 5040 3321 5095 nihil
3356 5056 3509 5110 aspe-

1948 5148 2086 5197 rum,
2115 5134 2242 5187 nihil
2274 5135 2549 5188 molestum
2576 5133 2836 5197 intuetur,
2868 5130 2958 5185 sed
2986 5129 3381 5195 recreationem,
3409 5144 3509 5184 vo-

1948 5224 2223 5293 luptatem,
2248 5239 2308 5278 ac
2329 5224 2542 5280 delicias
2570 5223 2759 5276 multas
2785 5238 2797 5274 :
2826 5220 2902 5273 sic
2930 5227 2981 5272 et
3004 5232 3096 5272 vos
3120 5227 3229 5272 tum
3257 5219 3513 5287 temporis

1949 5316 2119 5369 affecti
2151 5316 2313 5368 eratis
2337 5354 2351 5377 ,
2382 5314 2505 5367 dum
2535 5319 2648 5379 post
2688 5309 2895 5363 labores
2938 5307 3058 5361 illos
3086 5321 3147 5361 ac
3167 5306 3513 5364 difficultates

1950 5404 2218 5457 concionis
2265 5404 2441 5465 illius,
2488 5410 2753 5467 tamquam
2803 5399 2856 5451 in
2903 5406 3108 5467 pratum
3149 5396 3427 5467 quoddam
3449 5409 3507 5447 in

1952 5502 2236 5563 martyrum
2267 5492 2447 5545 laudes
2486 5492 2737 5559 ingressi,
2782 5489 2942 5543 multa
2970 5504 3089 5543 cum
3117 5490 3506 5559 tranquillitate

1949 5584 2053 5637 illis
2072 5598 2166 5637 vos
2193 5584 2398 5637 deliciis
2422 5583 2743 5652 explevistis.
2774 5581 2887 5639 Non
2914 5584 3052 5636 enim
3082 5590 3191 5636 tum
3216 5590 3366 5636 erant
3388 5596 3508 5649 prc—

2296 5736 2469 5845 rigicde
2492 5743 2535 5785 s.
2577 5736 2816 5788 Eustathio
2856 5741 2906 5788 et
2932 5736 2995 5786 de
3018 5743 3059 5785 s.
3092 5743 3292 5786 Romano
3319 5740 3507 5779 sermo-

2296 5811 2319 5843 ν
2412 5834 2420 5843 .

2006 5735 2079 5794 (a)
2111 5742 2200 5782 Pan

1945 5808 2035 5844 nes
2058 5802 2200 5844 ’l'omo
