4016 6492
475 498 587 554 155

470 603 754 657 hensiones
782 614 845 654 ac
871 597 1036 652 mutui
1064 610 1230 649 nexus
1250 637 1264 659 ,
1299 609 1470 664 neque
1495 594 1650 649 luctte
1696 607 1760 646 ac
1803 590 2030 645 declina-

469 693 642 746 tiones
671 687 914 758 (a),scd,
943 687 1152 741 nemine
1173 685 1498 748 obluctante,
1527 684 1636 737 sola
1663 681 1922 750 expedita,
1952 693 2037 733 so-

467 781 578 835 luta
622 789 675 834 et
721 778 881 831 libera
931 776 1101 829 oratio
1139 773 1462 829 decertabat.
1527 771 1729 826 ldcirco
1771 781 1940 823 autem
1984 777 2037 822 et

467 867 723 923 illustrior
750 875 880 930 erat,
906 874 959 919 et
985 866 1148 919 sacris
1174 862 1518 918 conventibus
1542 861 1732 928 aptior,
1759 859 2034 926 majorem-

468 972 573 1028 que
601 957 806 1011 laudem
837 954 1159 1024 rcportabat.
1189 954 1319 1007 Cum
1341 952 1482 1006 enim
1510 966 1590 1015 ea,
1622 966 1739 1019 qua:
1770 949 2032 1012 dicuntur,

471 1064 591 1103 cum
619 1047 866 1102 facilitate
893 1059 1042 1100 mens
1069 1044 1368 1098 auditorum
1401 1042 1716 1110 assequitur,
1749 1038 1912 1092 multa
1937 1052 2034 1091 vo-

470 1138 669 1206 luptate
697 1137 929 1206 perfusa,
959 1133 1022 1188 ad
1053 1133 1482 1187 acclamationem
1510 1137 1562 1184 et
1583 1128 1789 1184 laudem
1812 1127 2036 1182 oratoris

474 1228 757 1282 excitatur.
796 1224 1016 1292 Quando
1058 1223 1214 1292 igitur
1237 1220 1445 1276 abunde
1473 1234 1566 1274 vos
1601 1218 1684 1273 his
1725 1217 1913 1272 diebus
1952 1232 2034 1271 re-

469 1317 791 1379 creavimus,
825 1329 992 1384 neque
1018 1314 1296 1367 molestum
1325 1319 1417 1365 aut
1443 1325 1602 1380 grave
1630 1308 1912 1378 quidquam
1943 1323 2034 1361 ve-

469 1418 598 1461 strae
641 1407 930 1475 objecimus
982 1406 1224 1469 caritati,
1266 1418 1364 1473 age
1414 1417 1596 1457 rursus
1641 1401 1797 1456 hodie
1835 1415 1931 1454 vos
1968 1400 2033 1454 ad

471 1497 704 1568 priorem
732 1496 1160 1551 exercitationem
1190 1494 1542 1559 traducamus,
1570 1501 1623 1548 et
1665 1491 1731 1547 ad
1760 1491 1845 1546 illa
1887 1491 2033 1546 Scri-

471 1596 642 1658 ptura:
671 1586 900 1642 difficilia
930 1588 1062 1654 loca,
1093 1601 1209 1656 qua}
1238 1585 1396 1640 multa
1424 1583 1659 1655 indigent
1702 1581 2034 1638 animadver-

471 1679 652 1744 sione,
686 1679 1057 1732 transferamus
1079 1719 1094 1744 ,
1137 1692 1241 1731 non
1285 1685 1342 1731 ut
1374 1675 1552 1730 labore
1577 1689 1670 1729 vos
1703 1673 1996 1744 afﬂigamus
2018 1715 2032 1738 ,

473 1766 567 1823 sed
597 1776 651 1821 ut
679 1781 1046 1829 exerceamus,
1076 1781 1179 1837 quo
1208 1766 1414 1836 possitis
1447 1765 1559 1819 haec
1586 1765 1743 1819 etiam
1775 1765 1888 1818 loca
1915 1779 2034 1818 cum

473 1856 754 1912 securitate
793 1870 1117 1924 percurrere.
1167 1855 1234 1909 Ut
1273 1870 1398 1924 ergo
1437 1863 1545 1909 tum
1595 1854 1846 1923 temporis
1888 1853 2035 1907 initio

472 1945 684 2016 quidem
728 1960 896 2015 pugna
927 1947 1163 2014 qumdam
1202 1959 1317 1999 esse
1355 1959 1416 1998 ac
1458 1949 1726 1998 contentio
1757 1943 2032 1998 videbatur

471 2036 851 2106 apostolorum,
870 2044 1141 2104 postquam
1164 2043 1338 2089 autem
1361 2034 1605 2103 scopulos
1627 2034 1743 2088 illos
1773 2047 2032 2088 conscen-

471 2127 678 2189 dimus,
711 2139 919 2180 sursum
949 2125 1139 2180 deinde
1162 2124 1390 2194 Spiritus
1423 2124 1649 2179 fructum
1694 2124 1994 2193 aspeximus
2018 2163 2032 2186 ,

469 2216 740 2272 caritatem
766 2258 779 2280 ,
809 2215 1053 2285 gaudium
1073 2254 1091 2282 ,
1130 2230 1312 2286 pacem
1344 2213 1492 2284 (Gal.
1526 2216 1580 2270 5.
1612 2211 1741 2286 22),
1774 2223 1828 2270 et
1866 2229 2034 2283 neque

469 2306 663 2372 inanis,
696 2321 866 2377 neque
892 2322 1316 2376 supervacaneos
1347 2307 1442 2360 fuit
1462 2307 1609 2362 labor
1630 2317 1830 2373 noster,
1863 2308 1952 2362 sed
1981 2307 2032 2361 in

475 2397 712 2452 la-titiam
735 2397 888 2452 desiit
912 2415 925 2451 :
947 2398 1024 2452 sic
1049 2408 1100 2451 et
1123 2398 1280 2451 hodie
1304 2407 1594 2452 vestrarum
1625 2412 1838 2466 precum
1863 2398 2032 2452 subsi-

469 2485 558 2541 dio
587 2487 752 2540 fretus
783 2485 1014 2540 futurum
1041 2486 1251 2540 conlido
1273 2529 1287 2550 ,
1327 2495 1405 2552 ut,
1437 2485 1482 2539 si
1511 2486 1768 2554 patienter
1789 2493 1841 2540 ct
1870 2486 2029 2539 multa

467 2593 584 2632 cum
613 2577 884 2632 tolerantia
915 2577 1235 2647 propositum
1265 2577 1415 2630 nobis
1438 2577 1534 2631 iter
1557 2576 1921 2643 conficiamus,
1953 2585 2030 2631 at-

466 2681 568 2736 que
593 2666 658 2721 ad
687 2669 854 2736 ipsum
882 2681 1134 2722 cacumen
1157 2665 1446 2720 ascendere
1474 2666 1754 2735 possimus,
1785 2665 1891 2720 illic
1919 2680 2030 2719 om-

465 2758 551 2810 nia
579 2759 732 2826 plana
756 2796 771 2822 ,
800 2757 950 2811 laevia
975 2797 990 2822 ,
1039 2771 1307 2826 pronaque
1335 2757 1681 2827 reperiamus.
1716 2756 1851 2824 Quid
1877 2757 2032 2826 igitur

461 2849 568 2918 jam
599 2848 753 2902 nobis
781 2858 860 2902 est
902 2847 1267 2917 propositum?
1301 2846 1449 2915 Quod
1479 2847 1639 2902 hodie
1681 2863 1746 2902 ex
1774 2849 2029 2916 propheta

464 2937 660 2993 lectum
687 2946 768 2992 est
799 2956 811 2991 :
837 2936 1067 3002 Domine,
1101 2952 1201 2990 non
1226 2947 1296 2990 est
1316 2938 1370 2990 in
1399 2937 1597 2990 homine
1614 2937 1692 2989 via
1721 2939 1848 3008 ejus,
1877 2953 2030 3004 neque

463 3031 553 3084 ibit
582 3029 763 3097 homo,
811 3039 856 3082 et
905 3029 1086 3099 diriget
1127 3045 1351 3099 gressum
1393 3045 1534 3083 suum
1581 3027 1724 3101 (Jer.
1777 3030 1860 3085 10.
1900 3029 2024 3100 25).

472 3122 710 3189 Quaestio
740 3120 949 3190 quidem
981 3121 1094 3175 haec
1118 3131 1198 3176 est
1227 3138 1239 3175 :
1271 3136 1363 3175 vos
1388 3135 1513 3176 vero
1532 3162 1547 3188 ,
1577 3130 1632 3175 ut
1656 3119 1885 3176 studium
1907 3129 2030 3175 tunc

462 3214 795 3281 adhibuistis,
821 3215 890 3268 ita
909 3229 1048 3269 nunc
1068 3215 1346 3284 diligenter
1372 3213 1626 3268 attendite
1656 3231 1666 3266 :
1702 3228 1870 3283 neque
1889 3214 2028 3269 enim

461 3303 552 3357 illa
581 3303 754 3357 minor
778 3313 861 3358 est
892 3304 1006 3358 haec
1033 3306 1290 3373 qua-stio,
1323 3303 1415 3358 sed
1447 3305 1700 3372 majorem
1731 3319 1910 3358 curam
1942 3321 2029 3358 re-

460 3392 642 3461 quirit.
674 3392 805 3459 Quid
839 3393 907 3446 ita
931 3393 953 3445 ἲ
975 3394 1232 3460 Quoniam
1265 3394 1352 3448 illa
1374 3393 1584 3463 quidem
1615 3394 1757 3448 Petri
1785 3403 1839 3448 et
1863 3394 2028 3461 Pauli,

461 3500 578 3554 qua:
611 3483 884 3540 videbatur
922 3499 1041 3540 esse
1083 3486 1442 3538 controversia
1465 3525 1479 3548 ,
1531 3500 1631 3540 nec
1665 3496 1839 3541 tamen
1881 3496 2028 3549 erat,

462 3592 567 3633 non
597 3578 668 3631 ita
695 3578 871 3632 multis
904 3585 1024 3633 nota
1047 3587 1180 3644 erat,
1210 3577 1350 3632 unde
1380 3593 1480 3632 nec
1510 3578 1648 3632 illam
1683 3579 2028 3648 ignorantiam

465 3671 755 3727 verisimile
805 3669 902 3725 fuit
960 3669 1179 3724 multum
1236 3670 1562 3726 invecturam
1606 3669 2027 3724 detrimentum:

464 3763 578 3816 haec
597 3771 768 3818 autem
786 3762 1046 3817 sententia
1067 3759 1442 3816 circumfertur
1460 3760 1672 3829 ubique,
1697 3760 1750 3814 in
1770 3760 2029 3826 domibus,

464 3852 518 3906 in
540 3851 685 3919 foris,
718 3851 771 3906 in
799 3853 964 3921 pagis,
995 3852 1047 3906 in
1076 3851 1314 3915 urbibus,
1338 3850 1390 3904 in
1415 3860 1572 3917 terra,
1607 3852 1657 3904 in
1687 3851 1838 3917 mari,
1871 3851 1921 3904 in
1955 3851 2033 3904 in.-

465 3943 596 3998 sulis
625 3959 638 3995 :
665 3950 720 3998 et
745 3956 1076 4012 quocumque
1106 3949 1158 3995 te
1183 3940 1471 3995 contuleris
1492 3941 1684 3994 multos
1711 3941 1914 4006 audies,
1945 3941 2030 4009 qui

468 4038 582 4093 haec
600 4037 782 4093 dicunt
802 4054 815 4090 :
837 4036 1102 4105 Scriptum
1133 4043 1235 4098 est,
1260 4032 1383 4087 Non
1403 4042 1474 4088 est
1498 4031 1551 4086 in
1576 4032 1774 4086 homine
1792 4033 1872 4086 via
1891 4035 2032 4103 ejus:

467 4144 640 4199 neque
667 4124 837 4183 solum
886 4128 1021 4182 hanc
1061 4126 1378 4180 sententiam
1407 4123 1735 4185 didicerunt,
1783 4123 1874 4178 sed
1904 4124 2035 4178 alias

467 4222 626 4276 etiam
650 4219 850 4274 similes
877 4218 1000 4272 huic
1022 4225 1341 4282 annectunt,
1374 4213 1496 4269 Non
1523 4224 1593 4268 est
1618 4214 1852 4279 volentis,
1884 4229 2038 4282 neque

469 4309 714 4365 currentis
757 4307 941 4377 (Rom.
965 4307 1017 4361 9.
1050 4307 1190 4374 l6);
1234 4314 1287 4360 et
1333 4312 1450 4373 post
1477 4303 1607 4359 illud
1654 4318 1872 4370 rursus,
1920 4301 2038 4356 Nisi

473 4401 720 4457 Dominus
748 4397 1068 4466 aedificaverit
1093 4396 1296 4448 domum
1319 4434 1335 4460 ,
1379 4395 1431 4448 in
1467 4409 1649 4448 uanum
1688 4394 2039 4446 laboraverunt

470 4493 554 4562 qui
574 4490 824 4559 wdiﬁcant
857 4503 966 4542 eam
1001 4485 1180 4556 (Psal.
1209 4481 1333 4538 126.
1363 4484 1385 4538 1
1412 4483 1429 4552 )
1463 4501 1475 4537 :
1505 4483 1558 4538 id
1606 4497 1765 4552 porro
1805 4481 2034 4546 faciunt,

471 4584 610 4653 quod
658 4597 721 4638 ex
762 4580 1032 4651 Scriptura
1071 4578 1248 4633 divina
1289 4576 1658 4646 depromptum
1710 4575 2039 4643 negligentia:

473 4689 582 4728 sua:
607 4673 842 4726 velamen
863 4669 1169 4736 obtendant,
1195 4676 1251 4723 et
1275 4667 1497 4723 salutem
1529 4681 1784 4736 spemque
1806 4676 2040 4720 nostram

477 4762 559 4816 bis
588 4761 760 4814 verbis
785 4767 1043 4814 conentur
1077 4757 1383 4827 infringere.
1427 4756 1568 4812 Nihil
1613 4757 1756 4812 enim
1785 4757 1924 4810 aliud
1951 4771 2042 4826 per

473 4851 594 4909 haec
619 4848 1046 4911 volunteffieere,
1077 4850 1198 4913 nisi,
1225 4849 1278 4903 in
1309 4856 1570 4917 potestate
1599 4857 1780 4902 nostra
1808 4846 1938 4901 nihil
1966 4847 2040 4901 si-

476 4940 590 4995 lum
620 4955 755 4994 esse.
793 4941 976 4991 Actum
1009 4945 1090 4990 est
1113 4938 1181 4990 de
1209 4936 1372 4991 rebus
1404 4938 1600 4993 nostris
1629 4954 1642 4990 :
1674 4937 1864 4991 frustra
1897 4936 2043 5006 regni

476 5032 728 5083 caelorum
760 5027 1038 5094 promissio
1062 5065 1075 5088 ,
1114 5023 1306 5080 frustra
1337 5027 1492 5080 minze
1515 5027 1808 5096 gehennae,
1849 5025 2043 5081 frustra

467 5117 641 5188 leges,
674 5131 857 5186 poenae.
893 5114 1167 5184 supplicia,
1196 5123 1249 5169 et
1276 5114 1517 5169 consilia.

545 5210 601 5263 2,
638 5207 786 5261 Omni
825 5207 1003 5259 aaendi
1045 5213 1284 5275 potestate
1315 5204 1511 5259 sublata
1553 5206 1749 5259 nullum
1785 5207 2042 5274 meritum,

480 5298 678 5351 nultum
704 5298 1020 5352 demeritum.
1049 5327 1118 5337 —
1143 5295 1277 5364 Quid
1306 5296 1445 5350 enim
1464 5296 1648 5349 attinet
1674 5296 1827 5350 alicui
1855 5310 2047 5350 consu-

477 5393 591 5447 lere
613 5431 629 5459 ,
659 5404 778 5445 cum
805 5391 931 5444 nihil
959 5390 1009 5444 in
1040 5390 1155 5460 ejus
1180 5389 1338 5443 situm
1370 5389 1437 5444 sit
1465 5388 1770 5459 potestate?
1808 5396 1897 5441 aut
1921 5387 2046 5456 quid

483 5494 617 5550 opus
644 5487 725 5533 est
753 5478 800 5533 ei
829 5481 1137 5548 promittere
1161 5519 1174 5543 ,
1203 5479 1290 5548 qui
1320 5480 1462 5533 omni
1495 5479 1556 5532 sit
1592 5491 1766 5531 rerum
1794 5476 2050 5545 gerenda-

483 5586 600 5625 rum
627 5568 873 5624 facultate
901 5567 1175 5638 privatus?
1218 5569 1394 5638 Neque
1421 5569 1465 5624 is
1494 5569 1581 5638 qui
1604 5576 1745 5622 recte
1785 5582 1842 5622 se
1869 5581 2048 5636 gesse-

479 5664 583 5725 rit,
614 5661 803 5732 dignus
839 5672 918 5716 est
959 5660 1112 5714 laude
1135 5703 1150 5728 ,
1199 5677 1367 5729 neque
1412 5662 1500 5732 qui
1539 5659 1849 5730 deliquerit,
1879 5672 2050 5728 paenae

553 5794 932 5862 (a)_Allud_it_bic
954 5795 1317 5862 Chrysostonms
1353 5797 1412 5862 ad
1449 5800 1588 5851 ludos
1624 5798 1858 5862 publicos,
1881 5800 2054 5862 quibus

485 5855 736 5906 admodum
755 5855 926 5907 addicti
950 5855 1086 5906 erant
1108 5856 1411 5908 Antiocheui.

1141 486 1195 542 S.
1235 484 1510 541 JOANNIS
1546 477 2019 539 CllRYSOSTOMl
2057 476 2370 535 ARCHIEP.
2411 478 2935 536 CONSTANTINOP.

3618 499 3728 554 156

2150 591 2409 644 obnoxius
2437 605 2498 645 ac
2526 592 2801 660 supplicio,
2834 593 2935 648 nisi
2964 593 3164 649 arbitrii
3189 597 3350 651 nostri
3380 596 3575 653 fuerint
3597 613 3718 667 quze

2147 687 2267 730 sunt
2295 679 2516 746 agenda.
2541 680 2688 747 Quod
2720 681 2761 734 si
2803 681 2960 736 fuerit
3005 683 3104 738 hoc
3146 683 3450 740 hominibus
3492 702 3717 754 persua-

2145 782 2283 831 sum,
2315 784 2470 822 nemo
2490 769 2598 838 jam
2621 772 2842 839 amplius
2864 773 3107 825 virtutem
3140 775 3523 843 amplectetur,
3554 791 3718 830 nemo

2145 872 2173 910 a
2203 859 2327 912 vitio
2353 859 2652 912 declinabit.
2683 861 2810 914 Nam
2832 863 2896 926 si,
2923 863 3046 916 dum
3069 864 3288 931 singulis
3312 866 3498 921 diebus
3522 882 3713 934 perso-

2143 957 2270 1002 nant
2307 964 2460 1003 aures
2502 951 2772 1005 hominum
2813 953 3030 1007 vocibus
3073 956 3271 1011 nostris
3315 957 3380 1011 de
3426 958 3664 1026 gehenna
3693 1001 3714 1020 ,

2142 1040 2266 1090 dum
2291 1040 2446 1092 verba
2475 1039 2693 1094 facimus
2719 1041 2785 1095 de
2812 1057 2980 1112 regno
3008 1046 3278 1110 caelorum,
3306 1045 3429 1100 dum
3460 1048 3715 1102 intolera-

2142 1125 2274 1181 biles
2308 1143 2492 1198 paanas
2519 1138 2570 1183 ct
2600 1132 2809 1198 praemia
2831 1172 2846 1198 ,
2883 1148 3000 1201 qua:
3028 1135 3312 1188 humanum
3339 1137 3601 1191 excedunt
3631 1138 3714 1190 in-

2142 1216 2432 1285 tellectum,
2462 1221 2821 1289 proponimus,
2849 1222 2977 1276 dum
2995 1224 3339 1288 consulimus,
3365 1226 3487 1279 dum
3515 1229 3714 1282 cohor-

2144 1314 2335 1372 tamur,
2359 1308 2482 1362 dum
2507 1323 2718 1364 omnem
2745 1313 3038 1365 orationem
3068 1312 3430 1378 admovemus,
3459 1330 3600 1385 aegre
3626 1327 3709 1370 ta-

2144 1410 2262 1450 men
2309 1396 2638 1453 adducuntur
2693 1399 2904 1469 quidam
2934 1441 2948 1465 ,
3006 1410 3061 1456 ut
3113 1402 3332 1457 sudores
3374 1419 3467 1472 pro
3513 1406 3708 1460 virtute

2141 1487 2465 1555 suscipiant,
2505 1503 2642 1558 a‘gre
2671 1504 2700 1541 a
2727 1499 3058 1558 peccatorum
3087 1491 3439 1561 voluptatibus
3472 1508 3709 1549 avocan-

2142 1585 2226 1629 tur
2256 1595 2267 1630 :
2295 1577 2340 1631 si
2366 1577 2499 1632 hanc
2527 1579 2682 1633 etiam
2711 1594 2914 1634 sacram
2935 1580 3210 1651 abruperis
3237 1598 3501 1647 ancoram,
3527 1600 3708 1639 nonne

2140 1668 2342 1738 integra
2377 1671 2520 1724 navis
2549 1672 2914 1742 submergetur
2934 1715 2949 1741 ,
3006 1682 3059 1729 et
3088 1689 3270 1730 omnes
3298 1676 3506 1744 penitus
3535 1676 3709 1734 flucti-

2140 1759 2237 1814 bus
2265 1761 2499 1829 absorpti
2532 1761 2816 1831 peribunt,
2857 1764 3122 1834 multaque
3149 1766 3382 1834 quotidie
3420 1766 3547 1820 ﬁent
3576 1782 3709 1820 nau-

2143 1849 2340 1921 fragia?
2366 1850 2500 1904 Nihil
2522 1854 2660 1906 enim
2684 1853 2854 1922 plane,
2883 1854 3010 1908 nihil
3041 1856 3112 1909 ita
3140 1856 3408 1909 contendit
3434 1856 3706 1922 diabolus,

2142 1953 2197 1998 ut
2219 1945 2407 1998 anima:
2434 1944 2672 2000 humana:
2695 1946 3029 2015 persuadere,
3057 1963 3227 2016 neque
3255 1948 3306 2001 in
3329 1949 3558 2017 peccatis
3584 1963 3703 2002 eam

2140 2037 2408 2105 suppliciis
2436 2038 2714 2092 obnoxiam
2741 2079 2755 2104 ,
2795 2053 2964 2102 neque
2995 2039 3235 2094 laudibus
3263 2049 3317 2093 et
3343 2041 3554 2094 coronis
3583 2054 3704 2096 esse

2139 2129 2346 2199 dignam
2369 2131 2419 2184 in
2446 2140 2589 2187 recte
2618 2133 2764 2187 factis
2785 2175 2800 2200 ,
2828 2143 2885 2186 ut
2912 2143 2964 2187 et
2995 2133 3352 2188 studiosorum
3385 2150 3571 2189 manus
3593 2135 3704 2189 dis-

2139 2221 2330 2288 solvat,
2359 2231 2407 2277 ct
2439 2225 2596 2278 animi
2625 2225 2943 2281 alacritatem
2976 2226 3295 2294 restinguat,
3327 2234 3380 2279 et
3404 2239 3584 2279 eorum
3611 2230 3701 2294 qui

2137 2312 2370 2366 animum
2398 2314 2724 2383 despondent
2751 2316 3004 2369 incuriam
3032 2315 3224 2380 foveat,
3248 2330 3309 2374 ac
3331 2316 3701 2385 negiigentiatn

2138 2415 2341 2471 augeat.

2205 2494 2429 2548 Libertas
2456 2496 2703 2548 actionum
2731 2498 3082 2548 humanarum.
3112 2526 3181 2536 —
3207 2497 3462 2563 Quocirca
3486 2495 3701 2564 diligen-

2137 2592 2216 2638 ter
2243 2585 2328 2650 iis,
2355 2601 2471 2654 qua:
2503 2586 2745 2639 dicuntur
2769 2628 2782 2651 ,
2814 2586 3186 2641 attendendum
3217 2594 3319 2640 est.
3346 2586 3700 2653 Praacipitium

2135 2683 2218 2728 est
2245 2677 2490 2744 utrinque
2515 2691 2576 2729 ac
2603 2675 2749 2730 fovea
2788 2676 2932 2730 locus
2958 2677 3056 2730 istc
3081 2717 3095 2740 ,
3135 2677 3234 2730 nisi
3275 2686 3427 2731 caute
3476 2677 3697 2745 legatur.

2135 2764 2269 2830 Quid
2299 2765 2436 2818 enim
2475 2764 2753 2819 dicemus?
2798 2781 2862 2818 an
2891 2765 3194 2835 prophetam
3221 2779 3338 2819 esse
3379 2766 3702 2820 mentitum!

2135 2857 2573 2925 Atpericulosum
2620 2857 2742 2911 εειῖ
2791 2871 2894 2911 non
2936 2858 3076 2911 enim
3123 2857 3376 2910 mentitur
3405 2855 3698 2926 prepheta,

2134 2959 2316 3018 utpote
2341 2951 2428 3019 qui
2455 2951 2550 3004 Dei
2581 2965 2736 3004 voces
2766 2952 3123 3020 proloquatur.
3155 2950 3267 3004 Non
3294 2964 3418 3018 ergo
3451 2949 3699 3000 mentitus

2133 3049 2215 3094 est
2239 3038 2535 3108 propheta?
2565 3039 2783 3108 proinde
2810 3054 2914 3093 non
2946 3047 3070 3092 sunt
3115 3041 3165 3091 in
3205 3047 3383 3091 nostra
3416 3046 3699 3104 potestate,

2134 3146 2250 3198 qua:
2277 3145 2432 3199 agere
2453 3129 2750 3184 debemus?
2791 3128 2898 3182 lmo
2924 3138 2974 3182 et
3000 3130 3049 3182 in
3077 3138 3252 3181 nostra
3296 3137 3554 3196 potestate
3597 3127 3698 3180 sita

2133 3232 2255 3276 sunt
2281 3236 2396 3291 qua:
2428 3235 2583 3290 agere
2603 3220 2855 3274 debemus
2875 3261 2890 3285 ,
2936 3228 2988 3272 et
3019 3219 3272 3288 pr0pheta
3310 3218 3562 3272 mentitus
3593 3233 3701 3272 non

2133 3321 2214 3366 cst
2244 3330 2255 3363 :
2286 3323 2338 3365 et
2361 3311 2545 3365 horum
2574 3318 2852 3379 utrumque
2879 3309 3235 3378 probabimus,
3263 3309 3306 3362 si
3335 3318 3567 3364 attentas
3604 3323 3701 3360 au-

2135 3417 2219 3457 res
2242 3400 2590 3470 praabueritis.
2621 3399 2898 3469 Propterea
2924 3413 3147 3468 namque
3169 3398 3511 3466 praecipitium
3534 3399 3701 3451 utrin-

2134 3507 2234 3560 que
2260 3492 2518 3558 objectum
2547 3491 2790 3556 ostendi,
2835 3498 2892 3543 ut
2934 3490 3119 3558 vigiles
3154 3497 3207 3542 et
3235 3489 3418 3541 attenti
3458 3489 3701 3556 proposi-

2137 3593 2242 3636 tum
2284 3582 2435 3636 nobis
2470 3582 2569 3635 iter
2597 3581 2958 3634 conliciamus.
3007 3580 3119 3632 Non
3168 3581 3308 3632 enim
3352 3578 3491 3631 hunc
3526 3579 3703 3630 locum

2137 3684 2333 3728 tantum
2365 3673 2690 3728 excutiemus
2714 3713 2728 3736 ,
2763 3670 2880 3724 Non
2908 3680 2978 3723 est
3003 3671 3054 3722 in
3083 3670 3280 3722 homine
3307 3669 3383 3721 via
3416 3669 3562 3735 ejus;
3605 3667 3700 3721 sed

2135 3775 2186 3819 ct
2210 3773 2486 3819 contextus
2514 3776 2723 3816 omnem
2753 3761 2943 3815 seriem
2967 3801 2980 3824 ,
3014 3769 3066 3813 et
3095 3773 3188 3828 pro
3213 3758 3402 3826 quibus
3426 3756 3564 3810 dicta
3594 3756 3702 3809 sint

2137 3857 2246 3922 illa,
2272 3871 2299 3907 a
2327 3869 2462 3923 quo,
2493 3855 2558 3908 ad
2589 3868 2767 3923 quem,
2796 3867 2953 3920 quam
2988 3851 3056 3905 ob
3083 3865 3293 3904 causam
3319 3891 3334 3914 ,
3377 3847 3617 3917 quando,
3648 3856 3702 3901 et

2135 3945 2420 4016 quomodo.
2462 3944 2575 3998 Non
2622 3943 2760 3997 enim
2789 3942 2960 3996 dicere
2991 3940 3183 3996 sufficit
3221 3937 3415 4009 aliquid
3464 3939 3514 3991 in
3556 3937 3702 3992 Scri-

2139 4048 2288 4104 ptura
2313 4037 2562 4104 scriptum
2590 4033 2836 4102 reperiri,
2866 4047 3035 4099 neque
3059 4042 3259 4084 temere
3294 4028 3473 4082 avulsa
3499 4042 3561 4080 ac
3589 4027 3701 4080 dis-

2138 4137 2316 4194 cerpta
2359 4123 2608 4178 divinitus
2652 4122 2918 4189 inspiratzn
2948 4119 3233 4187 Scriptum
3283 4116 3519 4170 membra
3562 4115 3701 4168 nuda

2140 4225 2195 4270 et
2220 4229 2250 4267 a
2273 4215 2476 4282 reliquo
2509 4221 2649 4266 textu
2673 4212 2912 4278 serieque
2931 4209 3192 4264 sermonis
3213 4207 3449 4276 seiuncta
3469 4220 3702 4270 sumere,

2140 4321 2202 4362 ac
2233 4304 2391 4359 nimia
2438 4304 2646 4359 licentia
2695 4300 3119 4369 confidentiaque
3161 4299 3288 4368 ipsis
3338 4297 3577 4354 illudere.
3617 4294 3707 4349 Sic

2141 4399 2280 4452 enim
2313 4410 2469 4466 prava
2495 4394 2734 4464 dogmata
2776 4393 2940 4448 multa
2983 4397 3034 4446 in
3068 4403 3299 4446 nostram
3332 4388 3468 4442 hanc
3495 4395 3706 4443 aetatem

2141 4489 2345 4543 invecta
2375 4493 2517 4545 sunt.
2543 4486 2667 4539 dum
2716 4482 3182 4553 negligentioribus
3217 4482 3474 4550 persuasit
3519 4479 3702 4533 diabo-

2143 4580 2246 4642 lus,
2275 4587 2333 4631 ut
2356 4577 2568 4644 oblique
2592 4577 2808 4629 distorta
2846 4574 3142 4628 testimonia
3183 4572 3468 4640 Scriptura:
3498 4571 3676 4636 profer

2144 4677 2282 4733 rent,
2309 4667 2390 4720 vel
2415 4665 2606 4719 additis
2631 4665 3012 4732 subtractisque
3043 4662 3307 4716 nonnullis
3341 4661 3581 4715 tenebras
3613 4675 3703 4712 ve-

2144 4759 2282 4814 ritati
2309 4756 2654 4812 offunderent.
2686 4755 2798 4810 Non
2837 4770 2966 4825 ergo
2991 4753 3382 4808 sufﬁcitdicere
3403 4794 3417 4816 ,
3457 4753 3709 4820 scriptum

2145 4864 2264 4905 esse
2302 4850 2354 4904 in
2401 4848 2669 4917 Scriptura
2695 4888 2709 4912 ,
2761 4848 2851 4901 sed
2899 4855 3058 4899 totam
3091 4847 3280 4899 seriem
3314 4845 3408 4911 legi
3457 4850 3697 4910 oportet:

2145 4939 2569 5010 quandoquidem
2609 4939 2651 4992 si
2682 4938 3078 4993 continuitatem
3112 4947 3164 4988 et
3194 4934 3580 5004 cognationem,
3607 4947 3708 5000 qua

2150 5031 2285 5086 inter
2311 5046 2370 5086 se
2397 5045 2630 5085 connexa
2664 5037 2788 5083 sunt
2812 5070 2826 5094 ,
2877 5028 3260 5092 interrumpere
3296 5024 3550 5078 vellemus
3573 5063 3588 5078 .
3642 5023 3712 5074 ita

2148 5122 2311 5175 multa
2352 5135 2510 5188 prava
2551 5119 2790 5187 dogmata
2823 5118 3105 5170 orirentur.
3155 5115 3436 5168 Enimvero
3474 5113 3523 5166 in
3567 5111 3713 5166 Scriv

2151 5220 2302 5280 ptura
2328 5210 2580 5278 scriptum
2609 5217 2690 5262 est
2724 5227 2736 5261 :
2768 5207 2884 5260 Non
2913 5217 2982 5259 est
3013 5206 3152 5261 Deus
3179 5206 3344 5274 (Psal.
3377 5206 3461 5259 15.
3488 5203 3578 5271 l);
3624 5212 3675 5255 et
3698 5241 3714 5265 ,

2149 5302 2334 5356 Avertit
2359 5300 2533 5371 faciem
2561 5315 2702 5352 suam
2721 5339 2736 5363 ,
2769 5315 2827 5351 ne
2856 5298 3017 5350 videat
3041 5299 3093 5350 in
3123 5299 3305 5365 ﬁnem:
3333 5303 3385 5350 et
3405 5336 3419 5360 ,
3453 5293 3584 5346 Deus
3614 5309 3716 5345 non

2149 5393 2362 5461 requiret
2405 5389 2590 5462 (Psal.
2634 5387 2717 5455 10,
2747 5389 3017 5443 secundum
3065 5386 3215 5439 Hebr.
3238 5402 3284 5437 υ.
3309 5386 3394 5438 11.
3437 5383 3554 5453 13).
3583 5383 3718 5436 Num
3758 5421 3764 5425 -

2153 5485 2312 5556 igitur
2335 5526 2350 5551 ,
2381 5484 2496 5547 die,
2528 5498 2726 5551 quaeso,
2761 5497 2862 5535 non
2890 5490 2971 5535 est
3000 5479 3173 5533 Deus?
3206 5491 3378 5543 neque
3416 5473 3632 5542 respicit
3659 5487 3720 5525 ea

2153 5593 2268 5648 quae
2295 5577 2344 5630 in
2379 5577 2532 5630 terris
2555 5573 2726 5627 fiunt?
2753 5575 2868 5643 quis
2897 5574 2995 5627 hoc
3017 5571 3152 5624 ausit
3178 5569 3361 5623 dicere
3387 5567 3470 5619 vel
3496 5564 3722 5618 audire?

2157 5667 2422 5735 Scriptum
2468 5676 2641 5717 tamen
2683 5673 2761 5717 est
2800 5665 2850 5717 in
2904 5662 3212 5728 Scriptura:
3247 5656 3339 5711 sed
3383 5655 3527 5710 disce
3552 5695 3566 5718 ,
3617 5669 3724 5723 quo

2161 5767 2311 5831 pacto
2337 5759 2404 5811 sit
2430 5756 2698 5824 scriptum.
2753 5754 2888 5807 Dixit
2932 5751 3188 5819 insipiens,
3238 5748 3446 5815 inquit,
3493 5747 3543 5798 in
3577 5745 3726 5798 corde

2164 5866 2269 5913 suo,
2311 5846 2425 5901 Non
2463 5854 2533 5898 est
2563 5843 2718 5897 Deus.
2750 5843 2862 5896 Non
2889 5840 3170 5907 Scriptnrrc
3201 5835 3510 5909 suffragium
3553 5843 3632 5889 cst
3672 5843 3728 5889 et
