4016 6454
247 394 359 448 155

238 509 331 560 τὸν
360 505 388 559 ό
423 505 580 574 λόγος
612 505 901 575 ἠγωνίζετο
934 546 946 569 ,
980 506 1372 578 ἀπολελυμένος
1406 506 1496 559 καὶ
1517 503 1793 572 ἐλεύθερος

241 589 335 643 ῶν.
373 590 469 642 Διά
509 589 663 643 τοῦτο
697 590 751 641 δὲ
787 591 877 641 καί¹
906 589 1279 660 λαμπρότερος
1328 586 1394 659 ἦν
1436 589 1529 641 καὶ
1561 602 1799 655 πανηγυ-

247 672 566 741 ρικώτερος,
620 672 713 724 καὶ
779 670 1035 723 πλειόνων
1086 672 1349 723 ἀπέλαυεν
1404 669 1653 721 ἐπαίνων.
1737 664 1801 716 Ἡ

248 754 358 823 γὰρ
387 754 591 805 διάνοια
622 753 725 805 τῶν
756 753 1056 821 ἀκροατῶν,
1093 755 1216 807 ὅταν
1267 756 1382 823 μετ’
1421 749 1666 811 εὐκολίας
1694 749 1804 809 τοῖς

249 834 563 904 λεγομένοις
602 835 999 905 παρακολουθῇ,
1056 835 1252 904 πολλῆς
1294 835 1525 896 ἀνέσεως
1572 828 1805 885 ἀπολαύ-

248 933 407 977 ουσα,
450 916 850 986 προθυμότερον
891 918 1025 986 πρὸς
1058 918 1145 968 τὸν
1176 917 1391 969 ἔπαινον
1422 914 1515 967 τοῦ
1560 913 1807 981 λέγοντος

248 998 597 1067 διεγείρεται.
665 999 815 1051 Ἐπεὶ
857 996 947 1052 06v
982 999 1179 1061 ἰκανῶς
1221 1000 1363 1067 ὑμᾶς
1398 992 1808 1065 ἀνεκτησάμεθα

253 1081 313 1133 ἐν
341 1084 463 1141 ταῖς
497 1081 729 1150 ἡμέραις
755 1081 995 1145 ταύταις,
1025 1081 1175 1134 οὐδὲν
1210 1082 1462 1133 ἐπίπονον
1504 1080 1596 1131 καὶ
1638 1077 1808 1147 τραχὺ

254 1163 393 1232 πρὸς
418 1164 513 1231 τὴν
529 1162 795 1231 ὑμετέραν
817 1164 1127 1232 κινήσαντες
1147 1164 1384 1231 ἀγάπην,
1406 1163 1536 1231 φέρε
1557 1160 1619 1229 δὴ
1642 1161 1810 1228 τήμε-

259 1262 351 1313 ρον
388 1246 531 1312 ὑμᾶς
560 1244 716 1297 πάλιν
746 1246 834 1297 ἐπὶ
866 1247 964 1313 τὴν
990 1246 1254 1315 προτέραν
1285 1246 1578 1313 ἀγάγωμεν
1606 1257 1813 1311 γυμνα-

260 1325 398 1389 σίαν,
418 1324 561 1395 [159]
584 1325 715 1393 πρὸς
730 1328 797 1378 τά
814 1326 1183 1397 ἐπιπονώτερα
1202 1326 1306 1379 τῶν
1332 1324 1561 1396 Γραφῶν
1582 1323 1672 1375 καὶ
1690 1321 1814 1374 πολ-

259 1408 358 1476 λῆς
391 1408 617 1474 δεόμενα
645 1406 910 1468 συνέσεως
929 1407 1389 1476 χειραγωγοῦντες
1423 1407 1586 1475 ὑμᾶς,
1613 1406 1709 1473 οὐχ
1731 1402 1816 1455 ἵνα

263 1497 637 1557 συντριφωμεν
670 1488 746 1557 τῷ
774 1488 1023 1557 καμάτῳ,
1064 1489 1176 1541 ἀλλ’
1216 1488 1301 1540 ἴνα
1343 1489 1706 1556 γυμνάσωμεν
1736 1485 1813 1545 εἰς

260 1571 321 1623 τὸ
340 1569 592 1622 δύνασθαι
628 1569 902 1622 καὶταῦτα
934 1569 1069 1637 μετὰ
1103 1568 1401 1637 ἀσφαλείας
1425 1567 1714 1621 διαϐαίνειν
1746 1565 1814 1617 τὰ

264 1652 459 1721 χωρία.
492 1652 697 1720 Ὠσπερ
727 1646 820 1703 06v
862 1650 975 1703 τότε
1002 1650 1150 1720 παρά
1184 1651 1281 1720 μὲν
1311 1650 1405 1719 τήν
1445 1648 1615 1720 ἀρχὴν
1646 1647 1815 1700 ἐδόκει

269 1734 414 1800 μάχη
437 1750 517 1795 τις
556 1729 689 1782 εἶναι
717 1732 810 1784 καὶ
838 1732 1132 1799 φιλονεικία
1168 1732 1274 1784 τῶν
1306 1731 1634 1794 ἀποστόλων,
1665 1731 1815 1782 ἐπει-

266 1815 328 1885 δὴ
372 1814 428 1866 δέ
468 1813 735 1881 ἀνέϐημεν
783 1814 908 1876 τοὺς
954 1813 1247 1873 σκοπέλους
1294 1813 1551 1875 ἐκείνους,
1608 1812 1818 1880 εἴδομεν

266 1895 378 1948 ἀνω
429 1894 609 1946 λοιπον
651 1895 741 1945 τὸν
786 1895 991 1963 καρπὸν
1040 1894 1129 1947 106
1192 1895 1520 1964 Πνεύματος,
1579 1892 1814 1961 ἀγάπην,

267 1975 462 2047 χαρὰν,
489 1977 727 2045 εἰρήνην,
759 1978 849 2030 καὶ
877 1978 936 2028 οὐ
984 1977 1207 2047 μάταιος
1234 1980 1361 2046 ἡμῖν
1384 1976 1501 2029 οὐδέ
1527 1974 1774 2045 περιττὸς
1793 1975 1819 2027 ό

268 2058 432 2120 πόνος
457 2059 691 2124 ἐγένετο,
724 2058 834 2111 ἀλλ’
860 2060 938 2121 εἰς
964 2059 1293 2128 εὐφροσύνην
1324 2058 1613 2127 κατέληξεν
1632 2075 1644 2087 ο
1680 2055 1821 2108 οὕτω

269 2139 365 2191 καὶ
396 2140 633 2208 σήμερον
680 2138 963 2207 προσδοκῶ
992 2142 1110 2202 ταῖς
1155 2140 1336 2208 εὐχαῖς
1368 2142 1485 2201 ταῖς
1509 2138 1817 2209 ὑμετέραις,

269 2221 336 2274 ἂν
370 2221 505 2290 μετά
525 2221 815 2290 καρτερίας
832 2221 925 2272 καὶ
942 2220 1138 2289 πολλῆς
1164 2224 1260 2291 τῆς
1285 2222 1558 2290 ὑπομονῆς
1576 2221 1671 2291 τὴν
1690 2236 1821 2289 προ-

271 2303 531 2371 κειμένην
564 2303 690 2370 ἡμῖν
738 2301 1069 2371 διανύσωμεν
1101 2303 1235 2364 ὁδὸν,
1288 2304 1380 2355 καὶ
1424 2304 1513 2354 ἐπὶ
1544 2302 1640 2372 τὴν
1668 2319 1825 2371 κορυ-

271 2384 377 2451 φὴν
406 2384 575 2451 αὐτὴν
604 2383 866 2451 ἀναϐῆναι
883 2382 1216 2453 δυνηθῶμεν,
1249 2385 1462 2437 ίσόπεδα
1484 2385 1575 2437 κοιλ¹
1597 2384 1712 2436 λεῖα
1732 2382 1825 2435 καὶ

272 2464 441 2518 ὕπτια
481 2465 654 2517 πάντα
678 2465 926 2534 εὑρήσειν
950 2468 1081 2519 ἐκεῖ,
1115 2466 1179 2518 Τί
1218 2467 1331 2518 ποτ’
1366 2463 1456 2519 06v
1477 2468 1589 2518 ἐστι
1610 2467 1671 2518 τὸ
1691 2482 1825 2535 προ-

271 2547 521 2613 κείμενον
553 2546 680 2612 ἡμῖν
707 2545 833 2612 νῦν;
865 2546 938 2599 Τὸ
980 2546 1130 2615 παρὰ
1156 2546 1248 2599 106
1285 2548 1560 2617 προφήτου
1593 2551 1826 2616 σήμερον

272 2625 649 2692 ἀναγνωσθέν·
696 2626 889 2693 Κύριε,
929 2630 1039 2680 οὐκ
1075 2628 1146 2679 ἐν
1191 2627 1269 2691 τῷ
1305 2629 1585 2695 ἀνθρώπῳ
1612 2630 1649 2695 ὴ
1692 2628 1828 2693 ὁδὸς

276 2706 484 2769 αὐτοῦ,
520 2706 660 2760 οὐδὲ
710 2707 1016 2775 ἄνθρωπος
1067 2711 1438 2776 πορεύσεται,
1484 2712 1582 2763 καί
1634 2726 1831 2777 κατορ-

276 2792 453 2845 θώσει
479 2789 591 2858 τὴν
639 2792 881 2857 πορείαν
915 2791 1117 2845 αὐτοῦ.
1152 2794 1222 2844 Τὸ
1255 2792 1351 2862 μὲν
1402 2793 1618 2861 ζήτημα
1641 2790 1826 2844 τοῦτο·

274 2874 431 2940 ὑμεῖς
470 2871 545 2933 δὲ,
590 2870 774 2940 ῶσπερ
812 2872 931 2924 τότε
959 2872 1256 2943 παρέσχετε
1308 2874 1402 2943 τήν
1447 2873 1704 2943 σπουδὴν,
1740 2873 1832 2926 καὶ

274 2955 371 3007 νῦν
411 2953 713 3005 συντείνατε
738 2953 962 3017 ἑαυτούς
983 2972 995 2983 ο
1014 2955 1131 3007 οὐδέ
1153 2955 1259 3025 γάρ
1286 2956 1441 3008 τοῦτο
1462 2955 1673 3009 ἔλαττον
1702 2955 1835 3007 ἐκεί-

274 3054 368 3087 νου
394 3035 455 3087 τὸ
483 3036 723 3103 ζήτημα,
763 3034 897 3088 ἀλλά
935 3037 1029 3089 καὶ
1058 3037 1294 3099 πλείονος
1331 3036 1496 3089 δεῖται
1541 3036 1834 3106 φροντίδος.

278 3118 342 3173 Τί
371 3118 740 3184 δήποτεςὊτι
791 3118 822 3185 ή
859 3118 955 3187 μὲν
984 3117 1192 3170 Παύλου
1242 3118 1333 3170 καὶ
1364 3119 1563 3188 Πέτρου
1613 3117 1837 3171 δοκοῦσα

281 3199 381 3267 μὲν
407 3192 545 3250 εἶναι
576 3198 821 3268 διαφορὰ,
858 3200 956 3251 οὐκ
984 3195 1113 3252 οὖσα
1138 3200 1213 3262 δέ,
1246 3201 1304 3252 οὐ
1328 3201 1537 3263 πολλοῖς
1570 3201 1839 3271 γνώριμος

278 3276 367 3349 ἦν,
411 3279 530 3330 ὅθεν
556 3279 675 3331 οὐδὲ
708 3279 903 3349 πολλὴν
930 3282 991 3334 ἐκ
1021 3282 1117 3350 τῆς
1152 3282 1368 3349 ἀγνοίας
1398 3283 1542 3345 εἰκὸς
1572 3280 1639 3354 ἦν
1684 3282 1837 3349 γενέ-

282 3362 406 3415 σθαι
436 3361 533 3429 τὴν
566 3360 795 3429 βλάϐην·
818 3361 952 3431 αὕτη
978 3362 1033 3414 δὲ
1058 3366 1089 3433 ἡ
1120 3364 1273 3433 ῥῆσις
1307 3365 1580 3434 πανταχοῦ
1614 3364 1840 3434 περιφέ-

285 3459 457 3512 ρεται,
491 3443 546 3493 ἐν
570 3440 785 3506 οἰκίαις,
824 3444 881 3494 ἐν
908 3444 1147 3515 ἀγοραῖς,
1176 3447 1231 3498 ἐν
1256 3445 1479 3516 χώραις,
1510 3450 1567 3499 ἐν
1604 3446 1839 3508 πόλεσιν,

285 3527 343 3576 ἐν
373 3525 441 3591 γῇ
469 3524 560 3575 καὶ
591 3522 827 3595 θαλάττῃ
862 3526 955 3577 καὶ
980 3526 1177 3595 νήσοις·
1204 3529 1296 3579 καὶ
1317 3529 1558 3596 ὅπουπερ
1588 3527 1653 3579 ἂν
1676 3527 1839 3579 ἀπέλ-

287 3605 405 3677 θῃς,
464 3605 668 3675 ἀκούσῃ
714 3605 883 3658 ταῦτα
929 3607 1190 3675 λεγόντων
1231 3609 1465 3663 πολλῶνο
1515 3608 1839 3678 Γέγραπται,

291 3691 410 3739 Οὐκ
446 3687 514 3738 ὲν
542 3686 620 3750 τῷ
656 3688 939 3754 ἀνθρώπῳ
975 3692 1012 3756 ἠ
1048 3691 1185 3756 ὁδὸς
1228 3693 1431 3745 αὑτοῦ.
1464 3694 1537 3743 Οὐ
1565 3692 1759 3751 ταύτην
1787 3692 1844 3743 δέ

292 3768 449 3837 μόνον
474 3766 866 3837 μεμελετήκασι
890 3770 986 3839 τὴν
1026 3771 1202 3839 ῥῆσιν,
1227 3772 1358 3824 ἀλλά
1386 3774 1477 3825 καὶ
1498 3773 1688 3840 ἐτέρας
1707 3773 1847 3842 πρὸς

287 3848 492 3916 ταύτην
520 3850 815 3918 συνείρουσι
839 3858 862 3885 ⁸
897 3851 1168 3917 τοιαύτας,
1194 3854 1274 3905 ὅτι
1307 3855 1387 3906 Οὐ
1418 3853 1523 3906 τοῦ
1546 3854 1844 3919 θέλοντος,

290 3930 433 3984 οὐδὲ
480 3931 584 3983 τοῦ
634 3930 981 3999 τρέχοντοςτ
1013 3935 1105 3986 καὶ
1154 3935 1266 4004 μετ’
1297 3937 1469 3987 ἐκεῖνο
1498 3935 1675 4002 πάλιν,
1710 3936 1849 3990 Ἐὰν

286 4013 374 4083 μὴ
414 4014 624 4080 Κύριος
666 4014 1026 4083 οίκοδομήσῃ
1074 4014 1258 4079 οἷκον,
1288 4020 1372 4083 είς
1402 4017 1594 4085 μάτην
1615 4019 1851 4072 ἐκοπία·-

294 4110 416 4148 dar
435 4097 488 4147 οἱ
513 4094 957 4161 οἰκοδομοῦντες
995 4099 1195 4151 αὐτόν.
1223 4099 1387 4151 Τοῦτο
1416 4100 1472 4151 δὲ
1497 4099 1722 4163 ποιοῦσι,
1754 4101 1849 4169 τῆς

294 4176 499 4237 οἰκείας
528 4176 794 4245 ῥᾳθυμίας
820 4178 1251 4249 προκαλύμματα
1274 4182 1299 4219 δ
1324 4179 1419 4241 τάς
1451 4180 1599 4242 θείας
1631 4180 1849 4251 Γραφάς

298 4257 742 4326 προϐαλλόμενοι,
765 4260 858 4310 καὶ
878 4258 975 4326 τὴν
1004 4261 1270 4331 σωτηρίαν
1301 4261 1454 4331 ήμῶν
1476 4263 1568 4315 καὶ
1589 4264 1684 4333 τήν
1707 4263 1851 4314 ἐλπί-

295 4338 359 4389 δα
379 4338 464 4389 διὰ
485 4337 683 4389 τούτων
706 4338 999 4409 διορύττειν
1027 4342 1421 4411 ἐπιχειροῦντες
1441 4344 1546 4395 τῶν
1572 4344 1845 4413 ῥημάτων.

296 4421 460 4473 Οὐδὲν
480 4422 584 4491 γάρ
600 4422 783 4488 ἕτερον
806 4424 1202 4477 κατασκευάσαι
1230 4425 1502 4494 βούλονται
1522 4427 1605 4479 διὰ
1627 4427 1847 4491 τούτων,

297 4504 409 4555 ἀλλ’
444 4505 580 4572 ἢὸτι
626 4505 833 4565 οὐδενός
885 4505 1049 4573 ἐσμεν
1094 4505 1287 4575 κύριοι.
1332 4508 1510 4560 Πάντα
1545 4509 1747 4577 οίχεται
1784 4511 1849 4561 τά

297 4586 417 4637 καθ’
457 4588 601 4655 ήμᾶς
625 4605 637 4617 ο
684 4587 801 4655 εἰκῆ
839 4586 1109 4656 βασιλείας
1141 4590 1445 4658 ὑπόσχεσις.
1477 4592 1597 4660 είκῆ
1631 4593 1850 4662 γεέννης

295 4666 509 4735 ἀπειλὴ,
539 4668 658 4736 είκῆ
708 4668 859 4736 νόμοι
914 4669 1006 4721 καὶ
1054 4671 1309 4739 τιμωρίαι
1360 4672 1451 4723 καὶ
1493 4674 1736 4737 κολάσεις
1760 4677 1852 4727 καὶ

299 4764 360 4798 συ
369 4746 610 4815 μϐουλαί.

370 4827 431 4895 β’.
449 4828 511 4879 Τί
524 4829 628 4897 γάρ
644 4830 705 4881 ἄν
720 4848 801 4891 τις
814 4832 1157 4899 παραινέσειε
1172 4834 1245 4901 τῷ
1268 4835 1487 4904 μηδενὸς
1505 4837 1615 4889 ὄντι
1647 4838 1815 4907 κυρίῳ
1835 4857 1849 4903 ;

292 4910 417 4962 τίδὲ
442 4910 504 4962 ἄν
530 4927 609 4970 τις
638 4912 915 4979 ὑπόσχοιτο
957 4916 1031 4983 τῷ
1062 4918 1233 4983 πάσης
1264 4918 1505 4982 ἐξουσίας
1548 4921 1850 4989 ἀπεστερη-

300 4993 444 5059 μένῳ
472 5006 483 5053 ;
520 4989 651 5040 Οὔτε
674 4993 700 5041 ό
726 4994 1072 5060 κατορθώσας
1102 4996 1249 5059 ἄξιός
1275 5000 1417 5049 ἐστιν
1444 5001 1661 5052 ἐπαίνου
1682 5041 1696 5063 ,
1732 5001 1853 5053 οὐτε

1459 5084 1738 5152 τιμωρίας,
1757 5144 1768 5155 ο
1789 5084 1853 5137 ἂν

302 5156 374 5223 μὴ
407 5155 489 5223 ἐφ’
534 5151 724 5227 ήμῖνῇ
774 5156 837 5207 τὰ
869 5161 1136 5225 πρακτέα.
1190 5162 1251 5212 Εἰ
1284 5162 1338 5213 δὲ
1382 5164 1535 5215 τοῦτο
1589 5151 1854 5219 πεισθεῖεν

298 5238 590 5305 ἀνθρωττοι,
610 5238 779 5298 οὐδεὶς
806 5237 982 5288 οὐκέτι
1011 5238 1188 5291 λοιπὸν
1215 5244 1311 5294 οὐκ
1338 5245 1531 5313 ἀρετῆς
1556 5247 1852 5311 ἀνθέξεται,

298 5320 358 5369 οὑ
393 5320 584 5369 κακίαν
611 5319 983 5386 φεύξεταιο.Εἰ
1007 5321 1109 5388 γὰρ
1134 5322 1225 5375 νῦν
1253 5326 1369 5376 καθ’
1388 5328 1618 5395 ἑκάστην
1646 5330 1853 5398 ἡμέραν

301 5418 361 5449 πε
376 5400 426 5466 0‘.
466 5400 682 5467 γεέννης
713 5400 1040 5469 ἐνηχούντων
1065 5404 1235 5471 ήμῶν,
1272 5409 1397 5475 περί
1441 5408 1708 5476 βασιλείοις
1740 5412 1853 5466 δια-

1045 5118 1289 5140 υνυνινη-υυ,
1327 5118 1415 5132 ’.Ὧν

364 5593 386 5619 ⁸
426 5593 518 5639 Alii
544 5592 660 5638 ἀλλὰ
683 5593 759 5639 καὶ
780 5592 1038 5653 έτέραςταύ

362 5652 386 5689 b
422 5653 551 5697 linus
570 5652 899 5713 προκάλυμμα.
924 5652 1020 5699 Sed

297 5714 501 5775 προκαλύ
509 5730 679 5770 μματα.

362 5776 383 5803 ⁸
420 5776 565 5822 Savil.
593 5775 645 5820 οὐ
668 5775 833 5829 κακίας
860 5774 1082 5835 φεύξεται.
1107 5777 1201 5825 Sed
1222 5779 1385 5826 κακίαν
1419 5783 1609 5831 melius.

1118 5595 1394 5655 συνείρουσι.

1098 5657 1209 5702 avil.
1254 5657 1421 5705 Morel.
1448 5666 1498 5709 et
1542 5674 1709 5711 omnes
1740 5678 1851 5713 mss.

1252 383 1318 441 IN
1358 384 1577 449 ILLUD,
1610 380 1744 438 NON
1778 379 1908 435 EST
1943 380 2009 436 IN
2049 382 2326 449 HOMINE,
2369 384 2521 440 ETC.

3350 390 3458 446 156

1902 502 2221 571 λεγομένων.
2249 505 2465 566 καὶτὰς
2503 505 2747 566 κολάσεις
2787 504 2883 566 τὰς
2925 504 3223 572 ἀφορήτους
3262 503 3353 551 καὶ¹
3394 498 3459 551 τὰ

1905 588 2107 640 ἔπαθλα
2128 588 2194 640 τὰ
2226 590 2612 659 ὑπερϐαίνοντα
2640 590 2875 643 διάνοιαν
2897 588 3239 656 ἀνθρωπίνην
3276 601 3459 653 προτι·

1901 673 2115 736 θέντων,
2133 673 2275 744 [160]
2294 674 2780 744 συμϐουλευόντων,
2801 673 3272 744 παρακαλούντων,
3288 670 3464 721 πάντα

1902 761 2188 814 κινούντων
2203 760 2375 828 λόγον,
2400 762 2547 831 μόλις
2563 762 2705 823 τινὲς
2725 761 3050 830 ὑπομένουσι
3066 760 3189 820 τοὺς
3208 757 3345 826 ὑπὲρ
3364 754 3461 821 τῆς

1904 847 2100 916 ἀρετῆς
2128 847 2371 917 ἱδρῶτας,
2412 847 2560 915 μόλις
2587 848 2904 913 ἀφίστανται
2933 847 3030 915 τῆς
3060 846 3114 896 ἐν
3141 846 3249 905 τοῖς
3279 843 3457 911 ἀμαρο

1906 934 1969 1002 τή
1980 949 2139 1001 μασιν
2158 933 2348 1002 ήδονῆς
2370 950 2381 963 ·
2408 933 2471 985 ἀν
2492 934 2584 986 καὶ
2606 932 2804 1002 ταύτην
2830 932 3065 1001 ἐκκόψῃς
3096 930 3190 999 τὴν
3220 929 3464 998 ἄγκυραν

1906 1019 2004 1088 τὴν
2032 1020 2197 1090 ἱερὰν,
2226 1020 2322 1088 οὐχ
2346 1019 2633 1089 ὁλόκληρον
2668 1018 3091 1089 βαπτισθήσεται
3132 1016 3193 1068 τὸ
3234 1014 3466 1082 σκάφος,

1910 1106 2002 1158 καὶ
2022 1106 2217 1168 πάντες
2256 1107 2558 1175 οἰχήσονται
2606 1104 2884 1174 γενόμενοι
2920 1104 3097 1155 τέλεον
3128 1101 3463 1173 ὑποϐρύχιοι,

1911 1193 2003 1243 καὶ
2028 1190 2193 1243 πολλά
2224 1191 2373 1243 ἔσται
2399 1190 2517 1243 καθ’
2543 1192 2753 1260 ἡμέραν
2772 1191 2838 1243 τά
2859 1190 3120 1257 νανάγιας
3153 1188 3313 1241 Οὐδὲν
3336 1187 3462 1257 γάρ,

1911 1278 2058 1329 οὐδὲν
2087 1276 2255 1339 οὑτως
2288 1278 2614 1330 ἐσπούδακεν
2642 1279 2670 1329 ό
2710 1277 2949 1339 διάϐολος
2967 1319 2978 1335 ,
3002 1276 3075 1337 ὡς
3103 1273 3258 1327 10610
3287 1276 3467 1328 πεῖσαι

1912 1362 2007 1431 τὴν
2035 1362 2373 1433 ἀνθρωπίνην
2397 1363 2591 1433 ψυχὴν,
2625 1364 2705 1416 ὅτι
2724 1364 2844 1416 οὐτε
2868 1365 2924 1415 ἐν
2948 1366 3057 1425 τοῖς
3087 1359 3469 1431 ἀμαρτήμασίν

1914 1449 2056 1499 ἐστιν
2085 1446 2376 1512 ὑπεύθυνος
2392 1450 2681 1514 κολάσεως,
2705 1449 2825 1501 οὐτε
2850 1452 2904 1501 ἐν
2936 1452 3044 1509 τοῖς
3062 1446 3470 1517 κατορθώμασιν

1914 1536 2147 1587 ἐπαίνων
2169 1535 2311 1600 ἄξιος
2343 1536 2437 1589 καὶ
2476 1538 2769 1605 στεφάνων,
2804 1537 2888 1588 ἵνα
2918 1538 3012 1588 καὶ
3042 1535 3147 1587 τῶν
3177 1532 3473 1587 σπουδαίων

1916 1620 2115 1691 ἐκλύσῃ
2156 1622 2252 1685 τὰς
2302 1624 2506 1692 χεῖρας,
2554 1623 2647 1674 καὶ
2698 1621 2862 1692 σϐέσῃ
2892 1622 2987 1690 τήν
3030 1618 3350 1689 προθυμίαν,
3382 1617 3475 1669 καὶ⁵

1916 1706 2023 1758 τῶν
2068 1707 2528 1760 ἀναπεπτωκότων
2569 1708 2806 1777 ἐπιτείνῃ
2866 1706 2963 1775 τὴν
3019 1704 3270 1772 όλιγι-ιηίρ
3315 1750 3325 1766 ,
3382 1704 3476 1755 καὶ

1919 1790 2127 1862 αὐξήσῃ
2157 1792 2253 1863 τήν
2281 1792 2569 1864 ῥαθυμίαν.

1990 1934 2080 1986 Διὸ
2100 1935 2202 2004 χρὴ
2232 1936 2515 2005 προσέχειν
2547 1936 2681 2006 μετὰ
2710 1937 2992 2007 ἀκριϐείας
3015 1938 3126 1998 τοῖς
3148 1932 3475 2004 λεγομένοις.

1922 2020 2179 2091 Κρημνὸς
2207 2023 2542 2093 ἑκατέρωθέν
2572 2025 2686 2076 ἐστι
2724 2025 2816 2077 καὶ
2872 2023 3077 2093 βόθρος,
3101 2023 3165 2075 ἂν
3192 2021 3263 2092 μὴ
3294 2019 3481 2089 νηφόν·

1923 2124 2030 2169 τως
2048 2108 2366 2178 ἀναγνῶμεν
2389 2110 2449 2162 τὸ
2479 2111 2658 2181 ῥητόν.
2689 2110 2753 2161 Τί
2776 2108 2882 2179 γὰρ
2907 2112 3174 2178 είπωμεν;
3202 2109 3281 2161 ὅτι
3326 2104 3481 2174 ἐψεύ-

1925 2210 2054 2245 σατο
2077 2196 2104 2246 ό
2131 2197 2409 2265 προφήτης
2434 2214 2446 2257 ;
2491 2196 2627 2248 Ἀλλ’
2660 2196 2987 2249 ἐπικίνδυνον
3013 2212 3026 2225 ·
3068 2195 3347 2264 προφήτης
3374 2191 3483 2263 γὰρ

1923 2280 1983 2333 οὐ
2009 2280 2291 2348 ψεύδεται·
2335 2282 2402 2335 τά
2443 2282 2551 2353 γὰρ
2600 2280 2692 2334 τοῦ
2744 2281 2877 2335 Θεοῦ
2911 2282 3201 2350 φθέγγεται
3242 2279 3480 2349 ῥήματα.

1938 2368 2073 2421 Ἀλλ’
2100 2370 2197 2422 οὐκ
2222 2369 2481 2438 ἐψεύσατο
2508 2372 2535 2422 ό
2574 2371 2883 2442 προφήτης;
2906 2370 3094 2422 οὐκοῦν
3115 2370 3211 2421 οὐκ
3238 2368 3321 2435 ἐφ’
3354 2368 3385 2435 ή
3396 2366 3485 2435 μίν

1925 2455 1992 2507 τά
2018 2454 2296 2524 πρακτέα;
2343 2456 2500 2508 ’Λλλά
2530 2456 2622 2509 καὶ
2648 2457 2730 2524 ἐφ’
2757 2458 2886 2526 ἡμῖν
2929 2458 2998 2509 τά
3023 2453 3287 2525 πρακτέα,
3319 2453 3411 2504 καὶ
3456 2451 3485 2503 ό

1927 2542 2208 2611 προφήτης
2243 2542 2341 2594 οὑκ
2371 2541 2630 2610 ἐψεύσατο
2649 2558 2663 2572 ·
2699 2542 2790 2595 καὶ
2815 2542 3095 2611 ἀμφότερα
3115 2538 3283 2592 ταῦτα
3311 2553 3487 2607 παρα-

1931 2628 2217 2696 στήσομεν,
2247 2628 2340 2681 ἐὰν
2372 2628 2690 2699 προσέχητε.
2709 2629 2805 2681 Διά
2833 2629 2939 2698 γάρ
2969 2628 3122 2681 10610
3147 2620 3483 2695 ἑκατέρωθεν

1932 2712 2104 2778 ἔδειξα
2143 2713 2232 2765 τὸν
2276 2714 2536 2784 κρημνὸν,
2582 2714 2666 2767 ἵνα
2719 2717 2976 2785 νήφοντες
3017 2713 3348 2780 διανύσωμεν
3391 2710 3488 2779 τὴν

1933 2798 2295 2869 προκειμένην
2324 2802 2454 2869 ἡμῖν
2481 2800 2619 2854 όδόν.
2656 2799 2745 2869 Μὴ
2788 2801 2892 2871 γάρ
2915 2799 2975 2869 δὴ
3006 2797 3158 2851 τοῦτο
3187 2798 3343 2867 μόνον
3372 2796 3490 2860 tia—

1931 2886 2200 2955 τάσωμεν,
2224 2885 2305 2947 τὸ,
2353 2888 2470 2939 Οὐκ
2508 2886 2577 2937 ἐν
2611 2885 2689 2951 τῷ
2723 2887 3006 2954 ἀνθρώπῳ
3032 2886 3069 2951 ἠ
3102 2884 3239 2949 ὁδὸς
3268 2881 3449 2937 αὐτοῦ
3472 2897 3488 2913 ο

1935 2970 2068 3024 ἀλλὰ
2110 2972 2201 3024 καλ¹
2234 2972 2330 3041 τὴν
2376 2971 2690 3026 ἀκολουθίαν
2738 2973 2971 3035 ἃπασαν,
3022 2971 3115 3024 καὶ
3165 2971 3301 3039 ὑπὲρ
3336 2968 3493 3020 τίνων

1936 3059 2162 3128 εἴρηται,
2196 3058 2288 3111 κα)⁴
2323 3057 2473 3127 παρὰ
2506 3059 2646 3121 τίνος
2667 3098 2680 3119 .
2709 3058 2802 3111 καὶ
2835 3057 2967 3129 πρὸς
3001 3058 3140 3123 τίνα,
3176 3057 3265 3108 καὶ
3304 3055 3390 3107 διὰ
3417 3055 3491 3115 τί,

1937 3144 2029 3195 καὶ
2056 3143 2204 3205 πότε,
2241 3144 2333 3195 καὶ
2355 3144 2490 3206 πῶς.
2535 3142 2609 3197 Οὑ
2658 3144 2762 3214 γάρ
2794 3145 2955 3213 ἀρκεῖ
2992 3143 3050 3195 τὸ
3086 3143 3282 3209 λέγειν,
3316 3144 3396 3195 ὅτι
3437 3143 3494 3192 ἐν

1938 3231 2053 3290 ταῖς
2094 3229 2132 3280 Γ
2140 3230 2334 3298 ραφαῖς
2366 3229 2692 3299 γέγραπται,
2714 3229 2831 3281 οὑδέ
2870 3228 3054 3291 ἀπλῶς
3094 3226 3495 3297 παρασπῶντας

1942 3316 2157 3385 ῥήματα
2183 3315 2273 3367 καὶ
2304 3316 2712 3385 σπαράσσοντας
2735 3316 2803 3368 τά
2835 3314 2969 3385 μέλη
2993 3315 3084 3367 τοῦ
3118 3313 3363 3383 σώματος
3389 3312 3497 3364 τῶν

1941 3402 2307 3454 θεοπνεύστων
2335 3402 2583 3471 Γραφῶν,
2614 3403 2792 3471 ἔρημα
2830 3400 2921 3453 καὶ
2959 3400 3138 3469 γυμνά
3168 3401 3263 3469 τῆς
3298 3399 3499 3451 οἰκείας

1942 3487 2118 3541 αὐτῶν
2161 3487 2451 3554 συναφείας
2491 3486 2767 3550 λαϐόντας,
2798 3487 2880 3538 ἐπ’
2901 3485 3145 3551 ἐξουσίας
3182 3487 3272 3537 καὶ
3316 3485 3499 3547 ἀδείας

1943 3574 2263 3642 ἐπηρεάζειν
2300 3574 2498 3635 αὐτοῖς.
2530 3572 2683 3626 Οὕτω
2723 3572 2826 3641 γάρ
2884 3572 3055 3626 πολλά
3110 3571 3354 3641 δόγματα
3392 3571 3501 3624 διε-

1945 3658 2227 3727 φθαρμένα
2248 3659 2325 3719 εἰς
2350 3657 2439 3710 τὸν
2467 3657 2577 3727 βίον
2593 3658 2957 3727 εἰσενήνεκται
2986 3658 3075 3710 τὸν
3098 3659 3130 3725 ή
3140 3657 3262 3727 μέτε
3273 3674 3379 3727 ρον,
3407 3656 3499 3710 τοῦ

1944 3744 2183 3797 διαϐόλου
2236 3744 2510 3807 πείθοντος
2551 3746 2676 3806 τοὺς
2709 3743 3107 3815 ῥᾳθυμοτέρους
3143 3744 3502 3815 διεστραμμέ-

1946 3827 2097 3891 νωςά
2133 3828 2488 3896 ἀπαγγέλλειν
2512 3829 2576 3882 τὰ
2624 3831 2679 3881 ἐν
2723 3831 2841 3892 ταῖς
2890 3829 3127 3899 Γραφατς
3172 3831 3423 3895 κείμενα,
3466 3830 3499 3897 ἢ

1948 3913 2352 3985 προστιθέντας,
2369 3914 2401 3983 ἢ
2421 3914 2776 3985 ὑφαιροῦντας
2799 3915 3083 3983 ἐπιζοφοῦν
3108 3916 3204 3985 τὴν
3227 3916 3498 3985 ἀλήθειαν.

1950 4004 2023 4055 Οὐ
2049 4001 2222 4053 τοίνυν
2255 4002 2414 4069 ἀρκεῖ
2454 4002 2513 4052 τὸ
2537 4002 2729 4062 εἰπεῖν,
2760 4003 2839 4053 ὅτι
2872 4005 2927 4053 ἐν
2977 4004 3041 4072 τῇ
3091 4003 3276 4071 Γραφῇ
3309 4003 3503 4072 γέγριι⁹

1951 4104 2098 4148 πται,
2119 4087 2250 4138 ἀλλά
2270 4086 2372 4157 χρὴ
2394 4087 2484 4139 καὶ⁹
2505 4087 2601 4157 τὴν
2619 4086 2931 4140 ἀκολουθίαν
2965 4088 3262 4156 ἀναγνῶναι
3286 4090 3459 4141 πᾶσαν
3486 4104 3500 4119 ο

1951 4175 2069 4227 ἐπεὶ
2093 4176 2141 4227 εἰ
2179 4174 2461 4244 μέλλοιμεν
2493 4173 2798 4228 διακόπτειν
2838 4175 2934 4245 τὴν
2973 4176 3106 4245 πρὸς
3153 4176 3354 4245 ἄλληλα
3385 4193 3505 4229 συν-

1953 4262 2129 4330 έχειαν
2157 4259 2329 4311 αὐτῶν
2364 4260 2454 4313 καὶ
2481 4260 2812 4327 συγγένειαν,
2842 4261 3008 4313 πολλά
3033 4262 3170 4314 οὕτω
3188 4264 3503 4332 τεχθήσεται

1953 4346 2161 4417 πονηρά
2196 4346 2457 4415 δόγματα.
2498 4347 2605 4397 Καὶ
2634 4347 2739 4414 γάρ
2776 4349 2833 4398 ἐν
2866 4349 2929 4415 τῇ
2957 4346 3143 4417 Γραφῇ
3175 4349 3501 4417 γέγραπται,

1952 4434 2031 4484 ὅτι
2065 4435 2183 4485 Οὐκ
2213 4432 2340 4485 ἔστι
2368 4432 2528 4495 Θεὸς,
2572 4432 2663 4482 καὶ
2705 4432 2784 4483 ὅτι
2824 4433 3185 4502 Ἀπέστρεψε
3225 4437 3289 4487 τὸ
3316 4437 3502 4503 πρέσ·

1953 4533 2113 4573 ωπον
2143 4518 2344 4578 αὑτοῦ,
2405 4518 2511 4571 τοῦ
2538 4519 2622 4587 μὴ
2660 4520 2914 4582 βλέπειν
2950 4524 3034 4585 είς
3071 4523 3261 4587 τέλος,
3298 4526 3388 4576 καὶ
3425 4524 3504 4575 ὅτι

1958 4609 2077 4659 Οὐκ
2105 4604 2409 4670 ἐκζητήσει
2440 4607 2471 4658 ό
2500 4608 2658 4671 Θεός.
2697 4607 2759 4657 Τί
2788 4603 2911 4671 06v;
2945 4608 3063 4661 εἰπέ
3107 4626 3227 4678 μοι’
3261 4611 3358 4662 οὐκ
3394 4610 3505 4662 ἔστι

1953 4692 2113 4755 Θεός;
2147 4690 2276 4743 Οὐδὲ
2311 4692 2478 4759 ἐφορᾷ
2524 4691 2591 4744 τά
2624 4692 2760 4745 κατά
2793 4694 2893 4762 γῆν
2920 4695 3246 4763 πράγματα;
3284 4696 3389 4749 Καὶ
3426 4697 3505 4757 τίς

1954 4778 2105 4828 10610
2134 4778 2411 4846 ἀνάσχοιτο
2442 4780 2688 4847 εἰπεῖν,ἢ
2725 4779 2981 4843 ἀκούσαι;
3029 4782 3215 4833 Καίτοι
3250 4799 3310 4849 γε
3345 4784 3401 4835 ἐν
3440 4786 3504 4852 τῇ

1955 4864 2139 4932 Γραφῇ
2174 4864 2507 4931 γέγραπται·
2543 4864 2675 4915 ἀλλά
2705 4866 2838 4933 μάθε
2864 4865 2978 4927 πῶς
3001 4864 3503 4935 γέγραπται.Εἷπε,

1956 4950 2134 5019 φησὶν,
2166 4949 2366 5016 ἀερρων
2400 4950 2467 5001 ὲν
2514 4949 2722 5016 καρδίᾳ
2758 4951 2961 5009 αὑτοῦ,
3012 4955 3127 5003 Οὐκ
3168 4953 3297 5003 ἔστι
3346 4954 3505 5018 Θεός.

1956 5036 2027 5087 Οὐ
2051 5036 2143 5104 τῆς
2175 5036 2395 5105 Γραφῆς
2421 5040 2564 5087 ἐστιν
2589 5038 2620 5104 ἡ
2645 5036 2834 5105 γνώμη
2860 5037 2949 5088 καὶ
2978 5039 3008 5105 ή
3034 5037 3229 5104 ψῆφος,
3264 5037 3396 5090 ἀλλά
3413 5040 3510 5107 τῆς

1955 5121 2045 5173 106
2076 5122 2299 5192 ἄφρονος
2328 5122 2559 5182 διανοίας
2582 5134 2595 5147 ⁶
2619 5122 2677 5171 οὐ
2704 5122 2767 5171 τὰ
2794 5123 2987 5191 ἐαυτῆς
3032 5120 3181 5175 εἶπεν
3212 5127 3242 5193 ή
3284 5125 3473 5195 Γραφή
3495 5164 3509 5187 ,

1958 5206 2103 5277 [161]
2133 5207 2264 5258 ἀλλὰ
2293 5208 2359 5257 τά
2388 5208 2569 5275 ἐτέρου
2614 5207 2928 5274 ἀπήγγειλε.
2975 5210 3082 5260 Καὶ
3119 5210 3309 5265 πάλιν*
3361 5214 3511 5276 Ἕως

1956 5295 2116 5360 τινος
2164 5294 2510 5361 παρώξυνεν
2564 5297 2594 5346 ὀ
2637 5295 2861 5361 ἀσεϐὴς
2881 5297 2983 5348 τὸν
3012 5301 3183 5360 Θεόη
3212 5296 3357 5351 Ehe
3403 5299 3513 5365 γὰρ

1956 5383 2023 5432 ἐν
2049 5380 2257 5445 καρδίᾳ
2285 5380 2487 5441 αὑτοῦ,
2536 5383 2655 5432 Οὐκ
2686 5381 3009 5449 ἐκζητήσει.
3052 5386 3414 5453 Ἀπέοντρεψε
3445 5386 3511 5437 τὸ

1958 5470 2274 5533 πρόσωπον
2318 5468 2521 5531 αὑτοῦ,
2581 5468 2685 5520 τοῦ
2734 5470 2817 5535 μὴ
2875 5470 3127 5531 βλέπειν
3184 5475 3269 5537 είς
3320 5474 3509 5539 τέλος.

2019 5662 2043 5701 ά
2066 5663 2169 5711 Duo
2195 5677 2303 5710 τηεν.
2350 5665 2701 5725 διεσταλμένως,
2728 5672 2778 5714 et
2813 5670 2881 5715 sic
2924 5670 3067 5716 etiam
3108 5669 3249 5717 habet
3293 5671 3435 5719 Savil.
3464 5674 3509 5719 in

1957 5728 2481 5847 315:;g.qA;ea1a).p.évw;
2501 5728 2799 5786 ἀπαγγέλλειν
2820 5728 3257 5793 esscldislinguere
3269 5733 3345 5781 vel
3367 5735 3510 5781 eliam

1998 5799 2033 5835 ιδ
2054 5798 2107 5833 0r
2141 5798 2169 5831 ι(
2201 5798 2267 5833 re.

1998 5798 2267 5835 morquere.
3534 5814 3535 5817 η
