  <div class='ocr_page' id='page_1' title='image "/cluster/home/n/w/nwhite01/storage/ocr_20150623/56/ien.35556001660836/163.png"; bbox 0 0 4016 6500; ppageno 0'>
   <div class='ocr_carea' id='block_1_1' title="bbox 488 418 2961 494">
    <p class='ocr_par' dir='ltr' id='par_1_1' title="bbox 488 418 2961 494">
     <span class='ocr_line' id='line_1_1' title="bbox 488 418 2961 494; baseline 0.01 -25"><span class='ocrx_word' id='word_1_1' title='bbox 488 424 601 482; x_wconf 86' lang='lat'>157</span> <span class='ocrx_word' id='word_1_2' title='bbox 1122 418 1181 476; x_wconf 90' lang='lat' dir='ltr'>S.</span> <span class='ocrx_word' id='word_1_3' title='bbox 1219 418 1503 477; x_wconf 79' lang='lat' dir='ltr'>JOANNIS</span> <span class='ocrx_word' id='word_1_4' title='bbox 1538 420 2031 483; x_wconf 74' lang='lat' dir='ltr'>CHRYSOSTOMI</span> <span class='ocrx_word' id='word_1_5' title='bbox 2071 428 2386 490; x_wconf 76' lang='lat' dir='ltr'>ARCHIEP.</span> <span class='ocrx_word' id='word_1_6' title='bbox 2423 434 2961 494; x_wconf 79' lang='lat' dir='ltr'>CONSTANTINOP.</span> 
     </span>
    </p>
   </div>
   <div class='ocr_carea' id='block_1_2' title="bbox 488 525 3700 617">
    <p class='ocr_par' dir='ltr' id='par_1_2' title="bbox 488 525 3700 617">
     <span class='ocr_line' id='line_1_2' title="bbox 488 525 3700 617; baseline 0.001 -24"><span class='ocrx_word' id='word_1_7' title='bbox 488 525 598 617; x_wconf 59' lang='grc' dir='ltr'>Κξιῖ</span> <span class='ocrx_word' id='word_1_8' title='bbox 619 525 845 617; x_wconf 59' lang='grc' dir='ltr'>ἔνταξῖθα</span> <span class='ocrx_word' id='word_1_9' title='bbox 877 527 1059 617; x_wconf 56' lang='grc' dir='ltr'>πάςλιγ-</span> <span class='ocrx_word' id='word_1_10' title='bbox 1075 529 1315 617; x_wconf 36' lang='grc' dir='ltr'>ἀσεϐοῦς,</span> <span class='ocrx_word' id='word_1_11' title='bbox 1324 531 1611 617; x_wconf 51' lang='grc' dir='ltr'>ᾲνθρῶπξψ</span> <span class='ocrx_word' id='word_1_12' title='bbox 1661 537 1755 589; x_wconf 70' lang='grc' dir='ltr'>καὶ</span> <span class='ocrx_word' id='word_1_13' title='bbox 1785 538 2038 610; x_wconf 83' lang='grc' dir='ltr'>διεφθαρ-</span> <span class='ocrx_word' id='word_1_14' title='bbox 2210 545 2376 598; x_wconf 85' lang='grc' dir='ltr'>Πάλιν</span> <span class='ocrx_word' id='word_1_15' title='bbox 2391 546 2576 617; x_wconf 79' lang='grc' dir='ltr'>ἑτέραν</span> <span class='ocrx_word' id='word_1_16' title='bbox 2594 546 2938 617; x_wconf 77' lang='grc' dir='ltr'>περιφέρουσι</span> <span class='ocrx_word' id='word_1_17' title='bbox 2962 544 3141 616; x_wconf 77' lang='grc' dir='ltr'>ῥῆσιν,</span> <span class='ocrx_word' id='word_1_18' title='bbox 3157 544 3278 615; x_wconf 77' lang='grc' dir='ltr'>οὐχὶ</span> <span class='ocrx_word' id='word_1_19' title='bbox 3292 542 3700 613; x_wconf 81' lang='grc' dir='ltr'>διαστρέφοντες</span> 
     </span>
    </p>
   </div>
   <div class='ocr_carea' id='block_1_3' title="bbox 492 603 3698 699">
    <p class='ocr_par' dir='ltr' id='par_1_3' title="bbox 492 603 3698 699">
     <span class='ocr_line' id='line_1_3' title="bbox 492 603 3698 699; baseline 0.007 -42"><span class='ocrx_word' id='word_1_20' title='bbox 492 603 845 699; x_wconf 37' lang='grc' dir='ltr'>μένουικρίσιν</span> <span class='ocrx_word' id='word_1_21' title='bbox 873 607 965 699; x_wconf 73' lang='grc' dir='ltr'>καὶ</span> <span class='ocrx_word' id='word_1_22' title='bbox 991 607 1165 699; x_wconf 48' lang='grc' dir='ltr'>ψῆφον</span> <span class='ocrx_word' id='word_1_23' title='bbox 1200 610 1486 699; x_wconf 64' lang='grc' dir='ltr'>ἐκτίθεται.</span> <span class='ocrx_word' id='word_1_24' title='bbox 1526 615 1680 699; x_wconf 80' lang='grc' dir='ltr'>Οὕτω</span> <span class='ocrx_word' id='word_1_25' title='bbox 1718 618 1810 670; x_wconf 78' lang='grc' dir='ltr'>καὶ</span> <span class='ocrx_word' id='word_1_26' title='bbox 1841 603 2041 691; x_wconf 78' lang='grc' dir='ltr'>ἰατροῖς</span> <span class='ocrx_word' id='word_1_27' title='bbox 2145 626 2312 695; x_wconf 82' lang='grc' dir='ltr'>αὐτῆς</span> <span class='ocrx_word' id='word_1_28' title='bbox 2338 627 2433 696; x_wconf 76' lang='grc' dir='ltr'>τὴν</span> <span class='ocrx_word' id='word_1_29' title='bbox 2460 603 2745 699; x_wconf 58' lang='grc' dir='ltr'>ξυνθήκηνξ</span> <span class='ocrx_word' id='word_1_30' title='bbox 2778 603 2890 681; x_wconf 70' lang='grc' dir='ltr'>ἀλλ’</span> <span class='ocrx_word' id='word_1_31' title='bbox 2911 603 3097 699; x_wconf 68' lang='grc' dir='ltr'>ἐτερον</span> <span class='ocrx_word' id='word_1_32' title='bbox 3129 603 3698 695; x_wconf 56' lang='grc' dir='ltr'>οὐκέγγεγραμίμένον</span> 
     </span>
    </p>
   </div>
   <div class='ocr_carea' id='block_1_4' title="bbox 3601 437 3710 493">
    <p class='ocr_par' dir='ltr' id='par_1_4' title="bbox 3601 437 3710 493">
     <span class='ocr_line' id='line_1_4' title="bbox 3601 437 3710 493; baseline 0.009 -1"><span class='ocrx_word' id='word_1_33' title='bbox 3601 437 3710 493; x_wconf 89' lang='grc'>158</span> 
     </span>
    </p>
   </div>
   <div class='ocr_carea' id='block_1_5' title="bbox 489 685 2044 765">
    <p class='ocr_par' dir='ltr' id='par_1_5' title="bbox 489 685 2044 765">
     <span class='ocr_line' id='line_1_5' title="bbox 489 685 2044 765; baseline 0.011 -28"><span class='ocrx_word' id='word_1_34' title='bbox 489 685 608 749; x_wconf 75' lang='grc' dir='ltr'>ιθος</span> <span class='ocrx_word' id='word_1_35' title='bbox 645 687 799 750; x_wconf 83' lang='grc' dir='ltr'>ἐστὶ,</span> <span class='ocrx_word' id='word_1_36' title='bbox 849 690 962 751; x_wconf 86' lang='grc' dir='ltr'>τοῖς</span> <span class='ocrx_word' id='word_1_37' title='bbox 1016 690 1312 755; x_wconf 90' lang='grc' dir='ltr'>ὑγιαίνουσι</span> <span class='ocrx_word' id='word_1_38' title='bbox 1366 694 1760 765; x_wconf 82' lang='grc' dir='ltr'>διαλεγομένοις</span> <span class='ocrx_word' id='word_1_39' title='bbox 1826 699 1894 752; x_wconf 85' lang='grc' dir='ltr'>τὰ</span> <span class='ocrx_word' id='word_1_40' title='bbox 1931 685 2044 754; x_wconf 70' lang='grc' dir='ltr'>τῶν</span> 
     </span>
    </p>
   </div>
   <div class='ocr_carea' id='block_1_6' title="bbox 489 769 2040 850">
    <p class='ocr_par' dir='ltr' id='par_1_6' title="bbox 489 769 2040 850">
     <span class='ocr_line' id='line_1_6' title="bbox 489 769 2040 850; baseline 0.012 -32"><span class='ocrx_word' id='word_1_41' title='bbox 489 769 902 850; x_wconf 66' lang='grc' dir='ltr'>παραπαιόντων</span> <span class='ocrx_word' id='word_1_42' title='bbox 925 771 1017 824; x_wconf 77' lang='grc' dir='ltr'>καὶ</span> <span class='ocrx_word' id='word_1_43' title='bbox 1041 772 1401 842; x_wconf 75' lang='grc' dir='ltr'>ἐξεστηκότων</span> <span class='ocrx_word' id='word_1_44' title='bbox 1441 777 1807 848; x_wconf 80' lang='grc' dir='ltr'>ἁμαρτήματα</span> <span class='ocrx_word' id='word_1_45' title='bbox 1844 782 2040 850; x_wconf 87' lang='grc' dir='ltr'>λέγειν,</span> 
     </span>
    </p>
   </div>
   <div class='ocr_carea' id='block_1_7' title="bbox 488 844 2042 927">
    <p class='ocr_par' dir='ltr' id='par_1_7' title="bbox 488 844 2042 927">
     <span class='ocr_line' id='line_1_7' title="bbox 488 844 2042 927; baseline 0.014 -30"><span class='ocrx_word' id='word_1_46' title='bbox 488 844 574 899; x_wconf 81' lang='grc' dir='ltr'>ῖνα</span> <span class='ocrx_word' id='word_1_47' title='bbox 624 848 840 913; x_wconf 81' lang='grc' dir='ltr'>τούτους</span> <span class='ocrx_word' id='word_1_48' title='bbox 884 852 1311 924; x_wconf 85' lang='grc' dir='ltr'>ἀσφαλεστέρους</span> <span class='ocrx_word' id='word_1_49' title='bbox 1358 844 1713 927; x_wconf 73' lang='grc' dir='ltr'>ἐργάσωνται.</span> <span class='ocrx_word' id='word_1_50' title='bbox 1767 844 1927 915; x_wconf 68' lang='grc' dir='ltr'>Ἐπεὶ⁷</span> <span class='ocrx_word' id='word_1_51' title='bbox 1950 844 2042 918; x_wconf 78' lang='grc' dir='ltr'>οὖν</span> 
     </span>
    </p>
   </div>
   <div class='ocr_carea' id='block_1_8' title="bbox 488 928 2041 1015">
    <p class='ocr_par' dir='ltr' id='par_1_8' title="bbox 488 928 2041 1015">
     <span class='ocr_line' id='line_1_8' title="bbox 488 928 2041 1015; baseline 0.012 -35"><span class='ocrx_word' id='word_1_52' title='bbox 488 928 643 1015; x_wconf 76' lang='grc' dir='ltr'>ὑγεία</span> <span class='ocrx_word' id='word_1_53' title='bbox 697 931 795 1015; x_wconf 83' lang='grc' dir='ltr'>μέν</span> <span class='ocrx_word' id='word_1_54' title='bbox 833 933 1007 1015; x_wconf 66' lang='grc' dir='ltr'>ψυχῆς</span> <span class='ocrx_word' id='word_1_55' title='bbox 1072 935 1336 1002; x_wconf 90' lang='grc' dir='ltr'>εὐσέϐεια,</span> <span class='ocrx_word' id='word_1_56' title='bbox 1389 940 1540 1002; x_wconf 85' lang='grc' dir='ltr'>νόσος</span> <span class='ocrx_word' id='word_1_57' title='bbox 1597 941 1654 993; x_wconf 82' lang='grc' dir='ltr'>δὲ</span> <span class='ocrx_word' id='word_1_58' title='bbox 1708 943 1907 1015; x_wconf 86' lang='grc' dir='ltr'>ἐσχάτη</span> <span class='ocrx_word' id='word_1_59' title='bbox 1950 947 2041 999; x_wconf 77' lang='grc' dir='ltr'>καὶ</span> 
     </span>
    </p>
   </div>
   <div class='ocr_carea' id='block_1_9' title="bbox 484 1010 2041 1095">
    <p class='ocr_par' dir='ltr' id='par_1_9' title="bbox 484 1010 2041 1095">
     <span class='ocr_line' id='line_1_9' title="bbox 484 1010 2041 1095; baseline 0.012 -33"><span class='ocrx_word' id='word_1_60' title='bbox 484 1010 763 1095; x_wconf 68' lang='grc' dir='ltr'>ἀρρωστία</span> <span class='ocrx_word' id='word_1_61' title='bbox 800 1014 868 1095; x_wconf 87' lang='grc' dir='ltr'>τὸ</span> <span class='ocrx_word' id='word_1_62' title='bbox 915 1015 1004 1068; x_wconf 92' lang='grc' dir='ltr'>τὸν</span> <span class='ocrx_word' id='word_1_63' title='bbox 1046 1016 1174 1070; x_wconf 85' lang='grc' dir='ltr'>Θεὸν</span> <span class='ocrx_word' id='word_1_64' title='bbox 1202 1017 1275 1088; x_wconf 83' lang='grc' dir='ltr'>μὴ</span> <span class='ocrx_word' id='word_1_65' title='bbox 1299 1019 1516 1085; x_wconf 83' lang='grc' dir='ltr'>εἰδέναι,</span> <span class='ocrx_word' id='word_1_66' title='bbox 1545 1022 1689 1089; x_wconf 81' lang='grc' dir='ltr'>λέγει</span> <span class='ocrx_word' id='word_1_67' title='bbox 1722 1010 1801 1078; x_wconf 12' lang='grc' dir='ltr'>τάή</span> <span class='ocrx_word' id='word_1_68' title='bbox 1818 1010 2041 1095; x_wconf 84' lang='grc' dir='ltr'>ῥήματα</span> 
     </span>
    </p>
   </div>
   <div class='ocr_carea' id='block_1_10' title="bbox 484 1092 2038 1171">
    <p class='ocr_par' dir='ltr' id='par_1_10' title="bbox 484 1092 2038 1171">
     <span class='ocr_line' id='line_1_10' title="bbox 484 1092 2038 1171; baseline 0.012 -27"><span class='ocrx_word' id='word_1_69' title='bbox 484 1092 593 1146; x_wconf 84' lang='grc' dir='ltr'>τῶν</span> <span class='ocrx_word' id='word_1_70' title='bbox 618 1093 970 1160; x_wconf 87' lang='grc' dir='ltr'>ἀσεϐούντων,</span> <span class='ocrx_word' id='word_1_71' title='bbox 1006 1099 1101 1168; x_wconf 89' lang='grc' dir='ltr'>οὐχ</span> <span class='ocrx_word' id='word_1_72' title='bbox 1126 1100 1209 1152; x_wconf 83' lang='grc' dir='ltr'>ἵνα</span> <span class='ocrx_word' id='word_1_73' title='bbox 1241 1102 1525 1171; x_wconf 77' lang='grc' dir='ltr'>ἀκούωμεν</span> <span class='ocrx_word' id='word_1_74' title='bbox 1557 1105 1760 1170; x_wconf 81' lang='grc' dir='ltr'>ἁπλῶς.</span> <span class='ocrx_word' id='word_1_75' title='bbox 1800 1092 1914 1161; x_wconf 56' lang='grc' dir='ltr'>ἀλλἱ</span> <span class='ocrx_word' id='word_1_76' title='bbox 1948 1110 2038 1163; x_wconf 88' lang='grc' dir='ltr'>ῖνα</span> 
     </span>
    </p>
   </div>
   <div class='ocr_carea' id='block_1_11' title="bbox 487 1172 2037 1261">
    <p class='ocr_par' dir='ltr' id='par_1_11' title="bbox 487 1172 2037 1261">
     <span class='ocr_line' id='line_1_11' title="bbox 487 1172 2037 1261; baseline 0.012 -35"><span class='ocrx_word' id='word_1_77' title='bbox 487 1172 1150 1261; x_wconf 29' lang='grc' dir='ltr'>φυλαξώμεθαιΛέγειτί</span> <span class='ocrx_word' id='word_1_78' title='bbox 1193 1177 1345 1234; x_wconf 72' lang='grc' dir='ltr'>εἶπεν</span> <span class='ocrx_word' id='word_1_79' title='bbox 1376 1185 1404 1234; x_wconf 87' lang='grc' dir='ltr'><strong>ὁ</strong></span> <span class='ocrx_word' id='word_1_80' title='bbox 1444 1184 1651 1254; x_wconf 76' lang='grc' dir='ltr'>ἄφρων,</span> <span class='ocrx_word' id='word_1_81' title='bbox 1684 1189 1772 1242; x_wconf 90' lang='grc' dir='ltr'>ῖνα</span> <span class='ocrx_word' id='word_1_82' title='bbox 1800 1192 1863 1243; x_wconf 86' lang='grc' dir='ltr'>σὺ</span> <span class='ocrx_word' id='word_1_83' title='bbox 1909 1190 2037 1261; x_wconf 77' lang='grc' dir='ltr'>γένῃ</span> 
     </span>
    </p>
   </div>
   <div class='ocr_carea' id='block_1_12' title="bbox 487 1254 2037 1337">
    <p class='ocr_par' dir='ltr' id='par_1_12' title="bbox 487 1254 2037 1337">
     <span class='ocr_line' id='line_1_12' title="bbox 487 1254 2037 1337; baseline 0.012 -31"><span class='ocrx_word' id='word_1_84' title='bbox 487 1254 762 1337; x_wconf 79' lang='grc' dir='ltr'>φρόνιμος,</span> <span class='ocrx_word' id='word_1_85' title='bbox 805 1260 895 1311; x_wconf 78' lang='grc' dir='ltr'>καί</span> <span class='ocrx_word' id='word_1_86' title='bbox 946 1260 1017 1329; x_wconf 82' lang='grc' dir='ltr'>μὴ</span> <span class='ocrx_word' id='word_1_87' title='bbox 1065 1260 1191 1333; x_wconf 81' lang='grc' dir='ltr'>δέξῃ</span> <span class='ocrx_word' id='word_1_88' title='bbox 1234 1263 1295 1315; x_wconf 87' lang='grc' dir='ltr'>τὸ</span> <span class='ocrx_word' id='word_1_89' title='bbox 1343 1265 1526 1334; x_wconf 78' lang='grc' dir='ltr'>ῥῆμα·</span> <span class='ocrx_word' id='word_1_90' title='bbox 1581 1267 1725 1337; x_wconf 88' lang='grc' dir='ltr'>λέγει</span> <span class='ocrx_word' id='word_1_91' title='bbox 1746 1270 1799 1323; x_wconf 93' lang='grc' dir='ltr'>τί</span> <span class='ocrx_word' id='word_1_92' title='bbox 1830 1254 2037 1324; x_wconf 66' lang='grc' dir='ltr'>εἶπενδ</span> 
     </span>
    </p>
   </div>
   <div class='ocr_carea' id='block_1_13' title="bbox 486 1336 2037 1421">
    <p class='ocr_par' dir='ltr' id='par_1_13' title="bbox 486 1336 2037 1421">
     <span class='ocr_line' id='line_1_13' title="bbox 486 1336 2037 1421; baseline 0.012 -34"><span class='ocrx_word' id='word_1_93' title='bbox 486 1336 704 1421; x_wconf 74' lang='grc' dir='ltr'>ἀσεϐὴς,</span> <span class='ocrx_word' id='word_1_94' title='bbox 724 1339 808 1421; x_wconf 83' lang='grc' dir='ltr'>ῖνα</span> <span class='ocrx_word' id='word_1_95' title='bbox 831 1342 894 1392; x_wconf 88' lang='grc' dir='ltr'>σὺ</span> <span class='ocrx_word' id='word_1_96' title='bbox 935 1341 1109 1412; x_wconf 79' lang='grc' dir='ltr'>φύγῃς</span> <span class='ocrx_word' id='word_1_97' title='bbox 1128 1344 1227 1412; x_wconf 75' lang='grc' dir='ltr'>τὴν</span> <span class='ocrx_word' id='word_1_98' title='bbox 1259 1345 1530 1399; x_wconf 86' lang='grc' dir='ltr'>ἀσέϐειαν.</span> <span class='ocrx_word' id='word_1_99' title='bbox 1560 1349 1634 1401; x_wconf 87' lang='grc' dir='ltr'>Οὐ</span> <span class='ocrx_word' id='word_1_100' title='bbox 1656 1336 1821 1418; x_wconf 84' lang='grc' dir='ltr'>μόνον</span> <span class='ocrx_word' id='word_1_101' title='bbox 1848 1351 1904 1403; x_wconf 82' lang='grc' dir='ltr'>δὲ</span> <span class='ocrx_word' id='word_1_102' title='bbox 1939 1352 2037 1421; x_wconf 84' lang='grc' dir='ltr'>τῆς</span> 
     </span>
    </p>
   </div>
   <div class='ocr_carea' id='block_1_14' title="bbox 484 1416 2037 1502">
    <p class='ocr_par' dir='ltr' id='par_1_14' title="bbox 484 1416 2037 1502">
     <span class='ocr_line' id='line_1_14' title="bbox 484 1416 2037 1502; baseline 0.012 -34"><span class='ocrx_word' id='word_1_103' title='bbox 484 1416 798 1502; x_wconf 78' lang='grc' dir='ltr'>ἀκολουθίας</span> <span class='ocrx_word' id='word_1_104' title='bbox 843 1422 1124 1476; x_wconf 71' lang='grc' dir='ltr'>ἐκκόπτειν</span> <span class='ocrx_word' id='word_1_105' title='bbox 1151 1425 1210 1476; x_wconf 89' lang='grc' dir='ltr'>οὐ</span> <span class='ocrx_word' id='word_1_106' title='bbox 1233 1426 1359 1495; x_wconf 84' lang='grc' dir='ltr'>χρὴ,</span> <span class='ocrx_word' id='word_1_107' title='bbox 1384 1428 1517 1482; x_wconf 87' lang='grc' dir='ltr'>ἀλλά</span> <span class='ocrx_word' id='word_1_108' title='bbox 1548 1431 1639 1483; x_wconf 77' lang='grc' dir='ltr'>καὶ</span> <span class='ocrx_word' id='word_1_109' title='bbox 1670 1416 1797 1502; x_wconf 82' lang='grc' dir='ltr'>ὑγιῆ</span> <span class='ocrx_word' id='word_1_110' title='bbox 1844 1416 2037 1501; x_wconf 80' lang='grc' dir='ltr'>προφέ-</span> 
     </span>
    </p>
   </div>
   <div class='ocr_carea' id='block_1_15' title="bbox 485 1499 1479 1575">
    <p class='ocr_par' dir='ltr' id='par_1_15' title="bbox 485 1499 1479 1575">
     <span class='ocr_line' id='line_1_15' title="bbox 485 1499 1479 1575; baseline 0.013 -26"><span class='ocrx_word' id='word_1_111' title='bbox 485 1513 601 1567; x_wconf 84' lang='grc' dir='ltr'>ρειν</span> <span class='ocrx_word' id='word_1_112' title='bbox 631 1499 780 1564; x_wconf 79' lang='grc' dir='ltr'>αὐτὰ,</span> <span class='ocrx_word' id='word_1_113' title='bbox 803 1503 896 1556; x_wconf 78' lang='grc' dir='ltr'>καὶ</span> <span class='ocrx_word' id='word_1_114' title='bbox 926 1504 1088 1574; x_wconf 81' lang='grc' dir='ltr'>μηδὲν</span> <span class='ocrx_word' id='word_1_115' title='bbox 1117 1508 1479 1575; x_wconf 86' lang='grc' dir='ltr'>προστιθέναι.</span> 
     </span>
    </p>
   </div>
   <div class='ocr_carea' id='block_1_16' title="bbox 552 1587 2036 1671">
    <p class='ocr_par' dir='ltr' id='par_1_16' title="bbox 552 1587 2036 1671">
     <span class='ocr_line' id='line_1_16' title="bbox 552 1587 2036 1671; baseline 0.009 -33"><span class='ocrx_word' id='word_1_116' title='bbox 552 1587 742 1640; x_wconf 81' lang='grc' dir='ltr'>Πολλοὶ</span> <span class='ocrx_word' id='word_1_117' title='bbox 755 1589 882 1656; x_wconf 81' lang='grc' dir='ltr'>γοῦν</span> <span class='ocrx_word' id='word_1_118' title='bbox 912 1592 1004 1643; x_wconf 75' lang='grc' dir='ltr'>καὶ</span> <span class='ocrx_word' id='word_1_119' title='bbox 1041 1591 1200 1662; x_wconf 75' lang='grc' dir='ltr'>ἕτερά</span> <span class='ocrx_word' id='word_1_120' title='bbox 1218 1609 1335 1645; x_wconf 89' lang='grc' dir='ltr'>τινα</span> <span class='ocrx_word' id='word_1_121' title='bbox 1369 1594 1474 1646; x_wconf 88' lang='grc' dir='ltr'>ἀπὸ</span> <span class='ocrx_word' id='word_1_122' title='bbox 1501 1594 1606 1648; x_wconf 87' lang='grc' dir='ltr'>τῶν</span> <span class='ocrx_word' id='word_1_123' title='bbox 1626 1596 1852 1666; x_wconf 87' lang='grc' dir='ltr'>Γραφῶν</span> <span class='ocrx_word' id='word_1_124' title='bbox 1881 1616 2036 1671; x_wconf 91' lang='grc' dir='ltr'>περι-</span> 
     </span>
    </p>
   </div>
   <div class='ocr_carea' id='block_1_17' title="bbox 482 1672 2033 1751">
    <p class='ocr_par' dir='ltr' id='par_1_17' title="bbox 482 1672 2033 1751">
     <span class='ocr_line' id='line_1_17' title="bbox 482 1672 2033 1751; baseline 0.006 -25"><span class='ocrx_word' id='word_1_125' title='bbox 482 1672 735 1744; x_wconf 79' lang='grc' dir='ltr'>φέρουσι,</span> <span class='ocrx_word' id='word_1_126' title='bbox 767 1675 1203 1747; x_wconf 84' lang='grc' dir='ltr'>διεστραμμένως</span> <span class='ocrx_word' id='word_1_127' title='bbox 1240 1678 1673 1747; x_wconf 79' lang='grc' dir='ltr'>ἀναγγέλλοντες.</span> <span class='ocrx_word' id='word_1_128' title='bbox 1725 1681 2033 1751; x_wconf 82' lang='grc' dir='ltr'>Γέγραπται</span> 
     </span>
    </p>
   </div>
   <div class='ocr_carea' id='block_1_18' title="bbox 478 1759 2034 1832">
    <p class='ocr_par' dir='ltr' id='par_1_18' title="bbox 478 1759 2034 1832">
     <span class='ocr_line' id='line_1_18' title="bbox 478 1759 2034 1832; baseline 0.004 -21"><span class='ocrx_word' id='word_1_129' title='bbox 478 1759 609 1829; x_wconf 73' lang='grc' dir='ltr'>γὰρ,</span> <span class='ocrx_word' id='word_1_130' title='bbox 642 1759 822 1828; x_wconf 76' lang='grc' dir='ltr'>φησὶν,</span> <span class='ocrx_word' id='word_1_131' title='bbox 842 1760 1200 1830; x_wconf 84' lang='grc' dir='ltr'>Εἰπυροῦσαι,</span> <span class='ocrx_word' id='word_1_132' title='bbox 1234 1760 1478 1831; x_wconf 90' lang='grc' dir='ltr'>γάμησον</span> <span class='ocrx_word' id='word_1_133' title='bbox 1501 1778 1515 1791; x_wconf 77' lang='grc'><strong>⁸</strong></span> <span class='ocrx_word' id='word_1_134' title='bbox 1545 1762 1777 1832; x_wconf 82' lang='grc' dir='ltr'>οὐδαμοῦ</span> <span class='ocrx_word' id='word_1_135' title='bbox 1801 1763 1857 1815; x_wconf 88' lang='grc' dir='ltr'>δὲ</span> <span class='ocrx_word' id='word_1_136' title='bbox 1879 1765 2034 1818; x_wconf 81' lang='grc' dir='ltr'>τοῦτο</span> 
     </span>
    </p>
   </div>
   <div class='ocr_carea' id='block_1_19' title="bbox 482 1840 2032 1913">
    <p class='ocr_par' dir='ltr' id='par_1_19' title="bbox 482 1840 2032 1913">
     <span class='ocr_line' id='line_1_19' title="bbox 482 1840 2032 1913; baseline 0.004 -22"><span class='ocrx_word' id='word_1_137' title='bbox 482 1840 652 1903; x_wconf 72' lang='grc' dir='ltr'>οὕτως</span> <span class='ocrx_word' id='word_1_138' title='bbox 701 1841 817 1893; x_wconf 76' lang='grc' dir='ltr'>ἐστὶ</span> <span class='ocrx_word' id='word_1_139' title='bbox 867 1841 1279 1912; x_wconf 88' lang='grc' dir='ltr'>γεγραμμένον·</span> <span class='ocrx_word' id='word_1_140' title='bbox 1326 1842 1459 1894; x_wconf 90' lang='grc' dir='ltr'>ἀλλά</span> <span class='ocrx_word' id='word_1_141' title='bbox 1496 1844 1611 1905; x_wconf 90' lang='grc' dir='ltr'>πῶς</span> <span class='ocrx_word' id='word_1_142' title='bbox 1652 1844 1884 1913; x_wconf 72' lang='grc' dir='ltr'>εἴρηται,</span> <span class='ocrx_word' id='word_1_143' title='bbox 1911 1847 2032 1897; x_wconf 84' lang='grc' dir='ltr'>σκό-</span> 
     </span>
    </p>
   </div>
   <div class='ocr_carea' id='block_1_20' title="bbox 482 1920 2026 1992">
    <p class='ocr_par' dir='ltr' id='par_1_20' title="bbox 482 1920 2026 1992">
     <span class='ocr_line' id='line_1_20' title="bbox 482 1920 2026 1992; baseline 0.002 -19"><span class='ocrx_word' id='word_1_144' title='bbox 482 1937 685 1990; x_wconf 88' lang='grc' dir='ltr'>πησον·</span> <span class='ocrx_word' id='word_1_145' title='bbox 740 1920 901 1989; x_wconf 72' lang='grc' dir='ltr'>Λέγω</span> <span class='ocrx_word' id='word_1_146' title='bbox 947 1922 1014 1975; x_wconf 80' lang='grc' dir='ltr'>δὲ</span> <span class='ocrx_word' id='word_1_147' title='bbox 1054 1922 1176 1987; x_wconf 81' lang='grc' dir='ltr'>τοῖς</span> <span class='ocrx_word' id='word_1_148' title='bbox 1203 1923 1446 1992; x_wconf 77' lang='grc' dir='ltr'>ἀγάμοις</span> <span class='ocrx_word' id='word_1_149' title='bbox 1468 1936 1494 1963; x_wconf 79' lang='grc' dir='ltr'>ει</span> <span class='ocrx_word' id='word_1_150' title='bbox 1531 1925 1625 1976; x_wconf 81' lang='grc' dir='ltr'>καὶ</span> <span class='ocrx_word' id='word_1_151' title='bbox 1649 1924 1775 1989; x_wconf 86' lang='grc' dir='ltr'>ταῖς</span> <span class='ocrx_word' id='word_1_152' title='bbox 1800 1924 2026 1991; x_wconf 79' lang='grc' dir='ltr'>χήραις,</span> 
     </span>
    </p>
   </div>
   <div class='ocr_carea' id='block_1_21' title="bbox 480 2001 2031 2073">
    <p class='ocr_par' dir='ltr' id='par_1_21' title="bbox 480 2001 2031 2073">
     <span class='ocr_line' id='line_1_21' title="bbox 480 2001 2031 2073; baseline 0.003 -20"><span class='ocrx_word' id='word_1_153' title='bbox 480 2001 670 2053; x_wconf 69' lang='grc' dir='ltr'>καλὸν</span> <span class='ocrx_word' id='word_1_154' title='bbox 695 2001 895 2067; x_wconf 85' lang='grc' dir='ltr'>αὐτοῖς</span> <span class='ocrx_word' id='word_1_155' title='bbox 920 2002 1108 2067; x_wconf 81' lang='grc' dir='ltr'>ἐστιν,</span> <span class='ocrx_word' id='word_1_156' title='bbox 1130 2004 1236 2056; x_wconf 83' lang='grc' dir='ltr'>ἐὰν</span> <span class='ocrx_word' id='word_1_157' title='bbox 1268 2005 1555 2070; x_wconf 77' lang='grc' dir='ltr'>μείνωσιν</span> <span class='ocrx_word' id='word_1_158' title='bbox 1573 2005 1653 2069; x_wconf 85' lang='grc' dir='ltr'>ὡς</span> <span class='ocrx_word' id='word_1_159' title='bbox 1682 2004 1867 2073; x_wconf 78' lang='grc' dir='ltr'>κάγώ’</span> <span class='ocrx_word' id='word_1_160' title='bbox 1890 2009 1941 2058; x_wconf 84' lang='grc' dir='ltr'>εἰ</span> <span class='ocrx_word' id='word_1_161' title='bbox 1964 2006 2031 2058; x_wconf 66' lang='grc' dir='ltr'>δὲ</span> 
     </span>
    </p>
   </div>
   <div class='ocr_carea' id='block_1_22' title="bbox 480 2082 2031 2154">
    <p class='ocr_par' dir='ltr' id='par_1_22' title="bbox 480 2082 2031 2154">
     <span class='ocr_line' id='line_1_22' title="bbox 480 2082 2031 2154; baseline 0.003 -21"><span class='ocrx_word' id='word_1_162' title='bbox 480 2084 592 2134; x_wconf 78' lang='grc' dir='ltr'>οὐκ</span> <span class='ocrx_word' id='word_1_163' title='bbox 625 2082 1091 2150; x_wconf 69' lang='grc' dir='ltr'>ἐγκρατεύονται,</span> <span class='ocrx_word' id='word_1_164' title='bbox 1155 2085 1522 2153; x_wconf 69' lang='grc' dir='ltr'>γαμείτωσαν</span> <span class='ocrx_word' id='word_1_165' title='bbox 1540 2101 1554 2115; x_wconf 72' lang='grc' dir='ltr'>ο</span> <span class='ocrx_word' id='word_1_166' title='bbox 1607 2086 1888 2153; x_wconf 83' lang='grc' dir='ltr'>κρεῖσσον</span> <span class='ocrx_word' id='word_1_167' title='bbox 1922 2087 2031 2154; x_wconf 81' lang='grc' dir='ltr'>γάρ</span> 
     </span>
    </p>
   </div>
   <div class='ocr_carea' id='block_1_23' title="bbox 479 2162 2028 2232">
    <p class='ocr_par' dir='ltr' id='par_1_23' title="bbox 479 2162 2028 2232">
     <span class='ocr_line' id='line_1_23' title="bbox 479 2162 2028 2232; baseline 0.003 -17"><span class='ocrx_word' id='word_1_168' title='bbox 479 2162 611 2217; x_wconf 81' lang='grc' dir='ltr'>ἐστι</span> <span class='ocrx_word' id='word_1_169' title='bbox 644 2162 924 2232; x_wconf 71' lang='grc' dir='ltr'>⁴Γαμῆσαι,</span> <span class='ocrx_word' id='word_1_170' title='bbox 956 2164 995 2231; x_wconf 80' lang='grc' dir='ltr'>ἢ</span> <span class='ocrx_word' id='word_1_171' title='bbox 1019 2165 1365 2231; x_wconf 82' lang='grc' dir='ltr'>πυροῦσθαι.</span> <span class='ocrx_word' id='word_1_172' title='bbox 1390 2166 1499 2217; x_wconf 88' lang='grc' dir='ltr'>Οὐκ</span> <span class='ocrx_word' id='word_1_173' title='bbox 1522 2165 1663 2218; x_wconf 79' lang='grc' dir='ltr'>ἐστιν</span> <span class='ocrx_word' id='word_1_174' title='bbox 1694 2163 1784 2219; x_wconf 78' lang='grc' dir='ltr'>οὖν</span> <span class='ocrx_word' id='word_1_175' title='bbox 1816 2168 2028 2228; x_wconf 85' lang='grc' dir='ltr'>ταύτὸν,</span> 
     </span>
    </p>
   </div>
   <div class='ocr_carea' id='block_1_24' title="bbox 482 2243 2030 2317">
    <p class='ocr_par' dir='ltr' id='par_1_24' title="bbox 482 2243 2030 2317">
     <span class='ocr_line' id='line_1_24' title="bbox 482 2243 2030 2317; baseline 0.004 -23"><span class='ocrx_word' id='word_1_176' title='bbox 482 2244 633 2311; x_wconf 69' lang='grc' dir='ltr'>φησὶ,</span> <span class='ocrx_word' id='word_1_177' title='bbox 656 2243 735 2304; x_wconf 89' lang='grc' dir='ltr'>τὸ,</span> <span class='ocrx_word' id='word_1_178' title='bbox 759 2245 806 2294; x_wconf 89' lang='grc' dir='ltr'>εἰ</span> <span class='ocrx_word' id='word_1_179' title='bbox 835 2243 1097 2313; x_wconf 86' lang='grc' dir='ltr'>πυροῠσαι</span> <span class='ocrx_word' id='word_1_180' title='bbox 1122 2284 1134 2306; x_wconf 86' lang='grc'>,</span> <span class='ocrx_word' id='word_1_181' title='bbox 1166 2245 1436 2315; x_wconf 88' lang='grc' dir='ltr'>γάμησον;</span> <span class='ocrx_word' id='word_1_182' title='bbox 1459 2248 1703 2300; x_wconf 79' lang='grc' dir='ltr'>Μάλιστα</span> <span class='ocrx_word' id='word_1_183' title='bbox 1726 2250 1842 2317; x_wconf 81' lang='grc' dir='ltr'>μὲν,</span> <span class='ocrx_word' id='word_1_184' title='bbox 1865 2250 1913 2300; x_wconf 84' lang='grc' dir='ltr'>εἰ</span> <span class='ocrx_word' id='word_1_185' title='bbox 1940 2251 2030 2301; x_wconf 75' lang='grc' dir='ltr'>καὶ</span> 
     </span>
    </p>
   </div>
   <div class='ocr_carea' id='block_1_25' title="bbox 480 2322 2029 2400">
    <p class='ocr_par' dir='ltr' id='par_1_25' title="bbox 480 2322 2029 2400">
     <span class='ocr_line' id='line_1_25' title="bbox 480 2322 2029 2400; baseline 0.003 -24"><span class='ocrx_word' id='word_1_186' title='bbox 480 2324 672 2377; x_wconf 82' lang='grc' dir='ltr'>ταύτὸν</span> <span class='ocrx_word' id='word_1_187' title='bbox 718 2322 787 2395; x_wconf 81' lang='grc' dir='ltr'>ἦν</span> <span class='ocrx_word' id='word_1_188' title='bbox 833 2326 928 2388; x_wconf 90' lang='grc' dir='ltr'>τὸ,</span> <span class='ocrx_word' id='word_1_189' title='bbox 969 2327 1015 2377; x_wconf 81' lang='grc' dir='ltr'>εἰ</span> <span class='ocrx_word' id='word_1_190' title='bbox 1066 2326 1326 2396; x_wconf 82' lang='grc' dir='ltr'>πυροῦσαι</span> <span class='ocrx_word' id='word_1_191' title='bbox 1353 2368 1367 2391; x_wconf 88' lang='grc'>,</span> <span class='ocrx_word' id='word_1_192' title='bbox 1411 2327 1677 2397; x_wconf 85' lang='grc' dir='ltr'>γάμησον,</span> <span class='ocrx_word' id='word_1_193' title='bbox 1729 2329 1826 2381; x_wconf 89' lang='grc' dir='ltr'>οὐκ</span> <span class='ocrx_word' id='word_1_194' title='bbox 1865 2330 2029 2400; x_wconf 80' lang='grc' dir='ltr'>ἐχρῆν</span> 
     </span>
    </p>
   </div>
   <div class='ocr_carea' id='block_1_26' title="bbox 479 2404 2024 2477">
    <p class='ocr_par' dir='ltr' id='par_1_26' title="bbox 479 2404 2024 2477">
     <span class='ocr_line' id='line_1_26' title="bbox 479 2404 2024 2477; baseline 0.005 -21"><span class='ocrx_word' id='word_1_195' title='bbox 479 2404 711 2473; x_wconf 77' lang='grc' dir='ltr'>ἀφέντας</span> <span class='ocrx_word' id='word_1_196' title='bbox 742 2406 935 2468; x_wconf 85' lang='grc' dir='ltr'>αὐτοὺς</span> <span class='ocrx_word' id='word_1_197' title='bbox 982 2408 1079 2475; x_wconf 78' lang='grc' dir='ltr'>τὴν</span> <span class='ocrx_word' id='word_1_198' title='bbox 1116 2408 1238 2474; x_wconf 84' lang='grc' dir='ltr'>ὑγιῆ</span> <span class='ocrx_word' id='word_1_199' title='bbox 1276 2408 1371 2477; x_wconf 85' lang='grc' dir='ltr'>τῆς</span> <span class='ocrx_word' id='word_1_200' title='bbox 1401 2409 1619 2477; x_wconf 78' lang='grc' dir='ltr'>Γραφῆς</span> <span class='ocrx_word' id='word_1_201' title='bbox 1657 2411 1988 2476; x_wconf 79' lang='grc' dir='ltr'>ἀπαγγελίαν</span> <span class='ocrx_word' id='word_1_202' title='bbox 2011 2451 2024 2473; x_wconf 88' lang='grc'>,</span> 
     </span>
    </p>
   </div>
   <div class='ocr_carea' id='block_1_27' title="bbox 479 2486 2030 2562">
    <p class='ocr_par' dir='ltr' id='par_1_27' title="bbox 479 2486 2030 2562">
     <span class='ocr_line' id='line_1_27' title="bbox 479 2486 2030 2562; baseline 0.003 -23"><span class='ocrx_word' id='word_1_203' title='bbox 479 2486 841 2557; x_wconf 79' lang='grc' dir='ltr'>διαστρέφειν,</span> <span class='ocrx_word' id='word_1_204' title='bbox 860 2489 950 2540; x_wconf 76' lang='grc' dir='ltr'>καὶ</span> <span class='ocrx_word' id='word_1_205' title='bbox 965 2488 1179 2550; x_wconf 83' lang='grc' dir='ltr'>οἰκείοις</span> <span class='ocrx_word' id='word_1_206' title='bbox 1194 2491 1395 2558; x_wconf 73' lang='grc' dir='ltr'>ῥήμασι</span> <span class='ocrx_word' id='word_1_207' title='bbox 1409 2491 1772 2559; x_wconf 78' lang='grc' dir='ltr'>προφέρειντὰ</span> <span class='ocrx_word' id='word_1_208' title='bbox 1786 2493 1879 2560; x_wconf 81' lang='grc' dir='ltr'>τῆς</span> <span class='ocrx_word' id='word_1_209' title='bbox 1894 2494 2030 2562; x_wconf 87' lang='grc' dir='ltr'>Γρα-</span> 
     </span>
    </p>
   </div>
   <div class='ocr_carea' id='block_1_28' title="bbox 481 2568 2024 2643">
    <p class='ocr_par' dir='ltr' id='par_1_28' title="bbox 481 2568 2024 2643">
     <span class='ocr_line' id='line_1_28' title="bbox 481 2568 2024 2643; baseline 0.003 -22"><span class='ocrx_word' id='word_1_210' title='bbox 481 2568 587 2636; x_wconf 84' lang='grc' dir='ltr'>φῆς</span> <span class='ocrx_word' id='word_1_211' title='bbox 603 2571 868 2638; x_wconf 85' lang='grc' dir='ltr'>νοήματα·</span> <span class='ocrx_word' id='word_1_212' title='bbox 889 2570 1003 2621; x_wconf 83' lang='grc' dir='ltr'>νυνί</span> <span class='ocrx_word' id='word_1_213' title='bbox 1035 2570 1090 2621; x_wconf 86' lang='grc' dir='ltr'>δέ</span> <span class='ocrx_word' id='word_1_214' title='bbox 1127 2571 1220 2621; x_wconf 74' lang='grc' dir='ltr'>καὶ</span> <span class='ocrx_word' id='word_1_215' title='bbox 1264 2569 1394 2624; x_wconf 87' lang='grc' dir='ltr'>πολὺ</span> <span class='ocrx_word' id='word_1_216' title='bbox 1432 2571 1492 2623; x_wconf 87' lang='grc' dir='ltr'>τὸ</span> <span class='ocrx_word' id='word_1_217' title='bbox 1517 2572 1678 2641; x_wconf 88' lang='grc' dir='ltr'>μέσον</span> <span class='ocrx_word' id='word_1_218' title='bbox 1704 2574 2024 2643; x_wconf 87' lang='grc' dir='ltr'>εὑρήσομεν.</span> 
     </span>
    </p>
   </div>
   <div class='ocr_carea' id='block_1_29' title="bbox 480 2650 2026 2725">
    <p class='ocr_par' dir='ltr' id='par_1_29' title="bbox 480 2650 2026 2725">
     <span class='ocr_line' id='line_1_29' title="bbox 480 2650 2026 2725; baseline 0.005 -26"><span class='ocrx_word' id='word_1_219' title='bbox 480 2650 576 2700; x_wconf 69' lang='lat' dir='ltr'>“Av</span> <span class='ocrx_word' id='word_1_220' title='bbox 626 2650 723 2718; x_wconf 80' lang='grc' dir='ltr'>μὲν</span> <span class='ocrx_word' id='word_1_221' title='bbox 757 2650 862 2719; x_wconf 79' lang='grc' dir='ltr'>γὰρ</span> <span class='ocrx_word' id='word_1_222' title='bbox 903 2650 1084 2710; x_wconf 82' lang='grc' dir='ltr'>ἁπλῶς</span> <span class='ocrx_word' id='word_1_223' title='bbox 1129 2650 1284 2719; x_wconf 80' lang='grc' dir='ltr'>εἴπῃς</span> <span class='ocrx_word' id='word_1_224' title='bbox 1307 2690 1319 2713; x_wconf 71' lang='grc' dir='ltr'><strong>ν</strong></span> <span class='ocrx_word' id='word_1_225' title='bbox 1346 2654 1409 2709; x_wconf 80' lang='grc' dir='ltr'>Εἰ</span> <span class='ocrx_word' id='word_1_226' title='bbox 1446 2651 1731 2723; x_wconf 80' lang='grc' dir='ltr'>πυροῦσαι,</span> <span class='ocrx_word' id='word_1_227' title='bbox 1764 2654 2026 2725; x_wconf 89' lang='grc' dir='ltr'>γάμησον,</span> 
     </span>
    </p>
   </div>
   <div class='ocr_carea' id='block_1_30' title="bbox 479 2730 2025 2805">
    <p class='ocr_par' dir='ltr' id='par_1_30' title="bbox 479 2730 2025 2805">
     <span class='ocr_line' id='line_1_30' title="bbox 479 2730 2025 2805; baseline 0.005 -24"><span class='ocrx_word' id='word_1_228' title='bbox 479 2731 642 2782; x_wconf 70' lang='grc' dir='ltr'>πᾶσιν</span> <span class='ocrx_word' id='word_1_229' title='bbox 671 2730 874 2794; x_wconf 81' lang='grc' dir='ltr'>ἔδωκας</span> <span class='ocrx_word' id='word_1_230' title='bbox 897 2730 1137 2794; x_wconf 81' lang='grc' dir='ltr'>ἐξουσίαν</span> <span class='ocrx_word' id='word_1_231' title='bbox 1175 2734 1285 2793; x_wconf 91' lang='grc' dir='ltr'>τοῖς</span> <span class='ocrx_word' id='word_1_232' title='bbox 1325 2732 1672 2802; x_wconf 85' lang='grc' dir='ltr'>παρθενεύειν</span> <span class='ocrx_word' id='word_1_233' title='bbox 1713 2739 2025 2805; x_wconf 77' lang='grc' dir='ltr'>προῃρημέο</span> 
     </span>
    </p>
   </div>
   <div class='ocr_carea' id='block_1_31' title="bbox 475 2811 2026 2885">
    <p class='ocr_par' dir='ltr' id='par_1_31' title="bbox 475 2811 2026 2885">
     <span class='ocr_line' id='line_1_31' title="bbox 475 2811 2026 2885; baseline 0.005 -22"><span class='ocrx_word' id='word_1_234' title='bbox 475 2828 606 2874; x_wconf 88' lang='grc' dir='ltr'>νοις,</span> <span class='ocrx_word' id='word_1_235' title='bbox 634 2811 791 2882; x_wconf 82' lang='grc' dir='ltr'>ἡνίκα</span> <span class='ocrx_word' id='word_1_236' title='bbox 824 2812 889 2864; x_wconf 85' lang='grc' dir='ltr'>ἀν</span> <span class='ocrx_word' id='word_1_237' title='bbox 918 2813 1019 2865; x_wconf 89' lang='grc' dir='ltr'>ὑπὸ</span> <span class='ocrx_word' id='word_1_238' title='bbox 1051 2811 1339 2881; x_wconf 76' lang='grc' dir='ltr'>ἐπιθυμίας</span> <span class='ocrx_word' id='word_1_239' title='bbox 1354 2814 1647 2884; x_wconf 87' lang='grc' dir='ltr'>ὀχληθεῖεν,</span> <span class='ocrx_word' id='word_1_240' title='bbox 1668 2816 1765 2879; x_wconf 87' lang='grc' dir='ltr'>τὰς</span> <span class='ocrx_word' id='word_1_241' title='bbox 1787 2818 1917 2885; x_wconf 83' lang='grc' dir='ltr'>πρὸς</span> <span class='ocrx_word' id='word_1_242' title='bbox 1937 2818 2026 2871; x_wconf 91' lang='grc' dir='ltr'>τὸν</span> 
     </span>
    </p>
   </div>
   <div class='ocr_carea' id='block_1_32' title="bbox 476 2890 2028 2968">
    <p class='ocr_par' dir='ltr' id='par_1_32' title="bbox 476 2890 2028 2968">
     <span class='ocr_line' id='line_1_32' title="bbox 476 2890 2028 2968; baseline 0.005 -25"><span class='ocrx_word' id='word_1_243' title='bbox 476 2890 608 2944; x_wconf 82' lang='grc' dir='ltr'>Θεὸν</span> <span class='ocrx_word' id='word_1_244' title='bbox 633 2891 873 2945; x_wconf 83' lang='grc' dir='ltr'>διαλῦσαι</span> <span class='ocrx_word' id='word_1_245' title='bbox 893 2893 1179 2963; x_wconf 83' lang='grc' dir='ltr'>συνθήκας,</span> <span class='ocrx_word' id='word_1_246' title='bbox 1203 2894 1293 2946; x_wconf 74' lang='grc' dir='ltr'>καὶ</span> <span class='ocrx_word' id='word_1_247' title='bbox 1320 2896 1453 2962; x_wconf 85' lang='grc' dir='ltr'>πρὸς</span> <span class='ocrx_word' id='word_1_248' title='bbox 1473 2896 1564 2948; x_wconf 91' lang='grc' dir='ltr'>τὸν</span> <span class='ocrx_word' id='word_1_249' title='bbox 1596 2897 1772 2965; x_wconf 85' lang='grc' dir='ltr'>γάμον</span> <span class='ocrx_word' id='word_1_250' title='bbox 1800 2899 2028 2968; x_wconf 89' lang='grc' dir='ltr'>αὐτομο-</span> 
     </span>
    </p>
   </div>
   <div class='ocr_carea' id='block_1_33' title="bbox 475 2974 1959 3046">
    <p class='ocr_par' dir='ltr' id='par_1_33' title="bbox 475 2974 1959 3046">
     <span class='ocr_line' id='line_1_33' title="bbox 475 2974 1959 3046; baseline 0.006 -21"><span class='ocrx_word' id='word_1_251' title='bbox 475 2974 655 3044; x_wconf 77' lang='grc' dir='ltr'>λῆσαι,</span> <span class='ocrx_word' id='word_1_252' title='bbox 692 2976 785 3028; x_wconf 69' lang='grc' dir='ltr'>καὶ</span> <span class='ocrx_word' id='word_1_253' title='bbox 821 2975 918 3044; x_wconf 84' lang='grc' dir='ltr'>τῆς</span> <span class='ocrx_word' id='word_1_254' title='bbox 936 2976 1201 3046; x_wconf 85' lang='grc' dir='ltr'>προτέρας</span> <span class='ocrx_word' id='word_1_255' title='bbox 1233 2978 1570 3046; x_wconf 82' lang='grc' dir='ltr'>ὑποσχέσεως</span> <span class='ocrx_word' id='word_1_256' title='bbox 1599 2980 1959 3034; x_wconf 89' lang='grc' dir='ltr'>ἐπιλαθέσθαι.</span> 
     </span>
    </p>
   </div>
   <div class='ocr_carea' id='block_1_34' title="bbox 545 3061 2026 3137">
    <p class='ocr_par' dir='ltr' id='par_1_34' title="bbox 545 3061 2026 3137">
     <span class='ocr_line' id='line_1_34' title="bbox 545 3061 2026 3137; baseline 0.003 -23"><span class='ocrx_word' id='word_1_257' title='bbox 545 3062 613 3128; x_wconf 83' lang='grc' dir='ltr'>γ’.</span> <span class='ocrx_word' id='word_1_258' title='bbox 648 3063 707 3113; x_wconf 77' lang='grc' dir='ltr'>Εἰ</span> <span class='ocrx_word' id='word_1_259' title='bbox 742 3061 797 3113; x_wconf 85' lang='grc' dir='ltr'>δὲ</span> <span class='ocrx_word' id='word_1_260' title='bbox 823 3062 1031 3131; x_wconf 86' lang='grc' dir='ltr'>μάθοις.</span> <span class='ocrx_word' id='word_1_261' title='bbox 1060 3062 1198 3115; x_wconf 86' lang='grc' dir='ltr'>τίσιν</span> <span class='ocrx_word' id='word_1_262' title='bbox 1218 3065 1245 3115; x_wconf 90' lang='grc' dir='ltr'>ὁ</span> <span class='ocrx_word' id='word_1_263' title='bbox 1266 3063 1471 3127; x_wconf 78' lang='grc' dir='ltr'>Παῦλος</span> <span class='ocrx_word' id='word_1_264' title='bbox 1489 3064 1806 3131; x_wconf 86' lang='grc' dir='ltr'>διαλέγεται,</span> <span class='ocrx_word' id='word_1_265' title='bbox 1828 3067 1906 3118; x_wconf 84' lang='grc' dir='ltr'>ὅτι</span> <span class='ocrx_word' id='word_1_266' title='bbox 1931 3068 2026 3137; x_wconf 87' lang='grc' dir='ltr'>οὐχ</span> 
     </span>
    </p>
   </div>
   <div class='ocr_carea' id='block_1_35' title="bbox 476 3142 2025 3216">
    <p class='ocr_par' dir='ltr' id='par_1_35' title="bbox 476 3142 2025 3216">
     <span class='ocr_line' id='line_1_35' title="bbox 476 3142 2025 3216; baseline 0.005 -23"><span class='ocrx_word' id='word_1_267' title='bbox 476 3142 678 3196; x_wconf 77' lang='grc' dir='ltr'>ἅπασιν</span> <span class='ocrx_word' id='word_1_268' title='bbox 723 3143 924 3207; x_wconf 83' lang='grc' dir='ltr'>ἁπλῶς,</span> <span class='ocrx_word' id='word_1_269' title='bbox 964 3142 1097 3196; x_wconf 90' lang='grc' dir='ltr'>ἀλλά</span> <span class='ocrx_word' id='word_1_270' title='bbox 1144 3146 1253 3206; x_wconf 87' lang='grc' dir='ltr'>τοῖς</span> <span class='ocrx_word' id='word_1_271' title='bbox 1292 3145 1502 3198; x_wconf 84' lang='grc' dir='ltr'>οὐδέπω</span> <span class='ocrx_word' id='word_1_272' title='bbox 1556 3147 1935 3216; x_wconf 86' lang='grc' dir='ltr'>γεγενημένοις</span> <span class='ocrx_word' id='word_1_273' title='bbox 1969 3150 2025 3200; x_wconf 89' lang='grc' dir='ltr'>ἐν</span> 
     </span>
    </p>
   </div>
   <div class='ocr_carea' id='block_1_36' title="bbox 474 3224 2027 3298">
    <p class='ocr_par' dir='ltr' id='par_1_36' title="bbox 474 3224 2027 3298">
     <span class='ocr_line' id='line_1_36' title="bbox 474 3224 2027 3298; baseline 0.003 -23"><span class='ocrx_word' id='word_1_274' title='bbox 474 3224 793 3293; x_wconf 86' lang='grc' dir='ltr'>ὑποσχέσεσι</span> <span class='ocrx_word' id='word_1_275' title='bbox 826 3226 873 3289; x_wconf 67' lang='grc' dir='ltr'>δ,</span> <span class='ocrx_word' id='word_1_276' title='bbox 914 3227 1113 3297; x_wconf 82' lang='grc' dir='ltr'>δυνήσῃ</span> <span class='ocrx_word' id='word_1_277' title='bbox 1146 3225 1348 3296; x_wconf 80' lang='grc' dir='ltr'>ταύτην</span> <span class='ocrx_word' id='word_1_278' title='bbox 1386 3226 1482 3296; x_wconf 83' lang='grc' dir='ltr'>τὴν</span> <span class='ocrx_word' id='word_1_279' title='bbox 1512 3228 1774 3298; x_wconf 86' lang='grc' dir='ltr'>ἐπιϐλαϐῆ</span> <span class='ocrx_word' id='word_1_280' title='bbox 1800 3229 1891 3281; x_wconf 75' lang='grc' dir='ltr'>καὶ</span> <span class='ocrx_word' id='word_1_281' title='bbox 1910 3228 2027 3280; x_wconf 83' lang='grc' dir='ltr'>ὀλέ-</span> 
     </span>
    </p>
   </div>
   <div class='ocr_carea' id='block_1_37' title="bbox 474 3304 2027 3378">
    <p class='ocr_par' dir='ltr' id='par_1_37' title="bbox 474 3304 2027 3378">
     <span class='ocr_line' id='line_1_37' title="bbox 474 3304 2027 3378; baseline 0.003 -21"><span class='ocrx_word' id='word_1_282' title='bbox 474 3304 620 3375; x_wconf 88' lang='grc' dir='ltr'>θριον</span> <span class='ocrx_word' id='word_1_283' title='bbox 652 3305 853 3358; x_wconf 85' lang='grc' dir='ltr'>ἀνελεῖν</span> <span class='ocrx_word' id='word_1_284' title='bbox 896 3306 1156 3370; x_wconf 80' lang='grc' dir='ltr'>ἐξουσίαν.</span> <span class='ocrx_word' id='word_1_285' title='bbox 1199 3308 1360 3375; x_wconf 75' lang='grc' dir='ltr'>Λέγω</span> <span class='ocrx_word' id='word_1_286' title='bbox 1392 3308 1518 3378; x_wconf 87' lang='grc' dir='ltr'>γὰρ,</span> <span class='ocrx_word' id='word_1_287' title='bbox 1564 3310 1713 3378; x_wconf 75' lang='grc' dir='ltr'>φησὶ,</span> <span class='ocrx_word' id='word_1_288' title='bbox 1744 3310 1867 3374; x_wconf 82' lang='grc' dir='ltr'>τοῖς</span> <span class='ocrx_word' id='word_1_289' title='bbox 1893 3310 2027 3377; x_wconf 71' lang='grc' dir='ltr'>ἀγά-</span> 
     </span>
    </p>
   </div>
   <div class='ocr_carea' id='block_1_38' title="bbox 467 3386 2022 3459">
    <p class='ocr_par' dir='ltr' id='par_1_38' title="bbox 467 3386 2022 3459">
     <span class='ocr_line' id='line_1_38' title="bbox 467 3386 2022 3459; baseline 0.002 -20"><span class='ocrx_word' id='word_1_290' title='bbox 467 3403 602 3454; x_wconf 81' lang='grc' dir='ltr'>μοις</span> <span class='ocrx_word' id='word_1_291' title='bbox 631 3386 727 3439; x_wconf 77' lang='grc' dir='ltr'>καὶ</span> <span class='ocrx_word' id='word_1_292' title='bbox 755 3386 879 3453; x_wconf 81' lang='grc' dir='ltr'>ταῖς</span> <span class='ocrx_word' id='word_1_293' title='bbox 908 3386 1133 3455; x_wconf 81' lang='grc' dir='ltr'>χήραις,</span> <span class='ocrx_word' id='word_1_294' title='bbox 1156 3389 1215 3440; x_wconf 89' lang='grc' dir='ltr'>οὑ</span> <span class='ocrx_word' id='word_1_295' title='bbox 1238 3391 1353 3451; x_wconf 83' lang='grc' dir='ltr'>ταῖς</span> <span class='ocrx_word' id='word_1_296' title='bbox 1374 3391 1762 3459; x_wconf 87' lang='grc' dir='ltr'>ὐποσχομέναις</span> <span class='ocrx_word' id='word_1_297' title='bbox 1782 3391 2022 3458; x_wconf 76' lang='grc' dir='ltr'>χηρείαν,</span> 
     </span>
    </p>
   </div>
   <div class='ocr_carea' id='block_1_39' title="bbox 472 3468 2024 3541">
    <p class='ocr_par' dir='ltr' id='par_1_39' title="bbox 472 3468 2024 3541">
     <span class='ocr_line' id='line_1_39' title="bbox 472 3468 2024 3541; baseline 0.004 -22"><span class='ocrx_word' id='word_1_298' title='bbox 472 3468 608 3521; x_wconf 89' lang='grc' dir='ltr'>ἀλλά</span> <span class='ocrx_word' id='word_1_299' title='bbox 650 3470 766 3531; x_wconf 85' lang='grc' dir='ltr'>ταῖς</span> <span class='ocrx_word' id='word_1_300' title='bbox 800 3470 933 3538; x_wconf 85' lang='grc' dir='ltr'>μήτε</span> <span class='ocrx_word' id='word_1_301' title='bbox 969 3470 1141 3533; x_wconf 78' lang='grc' dir='ltr'>τοῦτο,</span> <span class='ocrx_word' id='word_1_302' title='bbox 1164 3472 1297 3540; x_wconf 86' lang='grc' dir='ltr'>μήτε</span> <span class='ocrx_word' id='word_1_303' title='bbox 1334 3474 1503 3525; x_wconf 87' lang='grc' dir='ltr'>ἐκεῖνο</span> <span class='ocrx_word' id='word_1_304' title='bbox 1533 3473 1754 3541; x_wconf 88' lang='grc' dir='ltr'>μηδέπω</span> <span class='ocrx_word' id='word_1_305' title='bbox 1788 3473 2024 3541; x_wconf 77' lang='grc' dir='ltr'>ψηφισα-</span> 
     </span>
    </p>
   </div>
   <div class='ocr_carea' id='block_1_40' title="bbox 476 3549 2020 3624">
    <p class='ocr_par' dir='ltr' id='par_1_40' title="bbox 476 3549 2020 3624">
     <span class='ocr_line' id='line_1_40' title="bbox 476 3549 2020 3624; baseline 0.005 -24"><span class='ocrx_word' id='word_1_306' title='bbox 476 3549 680 3619; x_wconf 85' lang='grc' dir='ltr'>μέναις.</span> <span class='ocrx_word' id='word_1_307' title='bbox 706 3550 818 3603; x_wconf 85' lang='grc' dir='ltr'>ἀλλ’</span> <span class='ocrx_word' id='word_1_308' title='bbox 843 3554 899 3603; x_wconf 89' lang='grc' dir='ltr'>ἐν</span> <span class='ocrx_word' id='word_1_309' title='bbox 936 3553 1236 3621; x_wconf 84' lang='grc' dir='ltr'>μεταιχμίῳ</span> <span class='ocrx_word' id='word_1_310' title='bbox 1255 3554 1359 3605; x_wconf 80' lang='grc' dir='ltr'>τινὶ</span> <span class='ocrx_word' id='word_1_311' title='bbox 1378 3555 1475 3621; x_wconf 83' lang='grc' dir='ltr'>τῆς</span> <span class='ocrx_word' id='word_1_312' title='bbox 1502 3553 1725 3624; x_wconf 86' lang='grc' dir='ltr'>γνώμης</span> <span class='ocrx_word' id='word_1_313' title='bbox 1760 3555 2020 3624; x_wconf 81' lang='grc' dir='ltr'>ἑκατέρας</span> 
     </span>
    </p>
   </div>
   <div class='ocr_carea' id='block_1_41' title="bbox 472 3630 2023 3703">
    <p class='ocr_par' dir='ltr' id='par_1_41' title="bbox 472 3630 2023 3703">
     <span class='ocr_line' id='line_1_41' title="bbox 472 3630 2023 3703; baseline 0.004 -21"><span class='ocrx_word' id='word_1_314' title='bbox 472 3630 723 3692; x_wconf 72' lang='grc' dir='ltr'>οὐσαιςο.</span> <span class='ocrx_word' id='word_1_315' title='bbox 764 3630 921 3684; x_wconf 73' lang='grc' dir='ltr'>Οἷον·</span> <span class='ocrx_word' id='word_1_316' title='bbox 993 3634 1228 3686; x_wconf 85' lang='grc' dir='ltr'>ἀπέϐαλέ</span> <span class='ocrx_word' id='word_1_317' title='bbox 1281 3651 1362 3696; x_wconf 91' lang='grc' dir='ltr'>τις</span> <span class='ocrx_word' id='word_1_318' title='bbox 1405 3634 1590 3701; x_wconf 85' lang='grc' dir='ltr'>ἄνδρα,</span> <span class='ocrx_word' id='word_1_319' title='bbox 1632 3636 1825 3703; x_wconf 86' lang='grc' dir='ltr'>φησίν·</span> <span class='ocrx_word' id='word_1_320' title='bbox 1876 3635 2023 3689; x_wconf 76' lang='grc' dir='ltr'>οὔπω</span> 
     </span>
    </p>
   </div>
   <div class='ocr_carea' id='block_1_42' title="bbox 472 3712 2023 3787">
    <p class='ocr_par' dir='ltr' id='par_1_42' title="bbox 472 3712 2023 3787">
     <span class='ocr_line' id='line_1_42' title="bbox 472 3712 2023 3787; baseline 0.003 -21"><span class='ocrx_word' id='word_1_321' title='bbox 472 3712 693 3783; x_wconf 83' lang='grc' dir='ltr'>κέκρικε</span> <span class='ocrx_word' id='word_1_322' title='bbox 737 3713 864 3781; x_wconf 79' lang='grc' dir='ltr'>παρ’</span> <span class='ocrx_word' id='word_1_323' title='bbox 910 3715 1072 3783; x_wconf 84' lang='grc' dir='ltr'>ἐαυτῇ</span> <span class='ocrx_word' id='word_1_324' title='bbox 1100 3754 1114 3777; x_wconf 92' lang='grc'>,</span> <span class='ocrx_word' id='word_1_325' title='bbox 1163 3714 1283 3767; x_wconf 77' lang='grc' dir='ltr'>οὔτε</span> <span class='ocrx_word' id='word_1_326' title='bbox 1331 3716 1620 3783; x_wconf 81' lang='grc' dir='ltr'>ἐκύρωσεν,</span> <span class='ocrx_word' id='word_1_327' title='bbox 1665 3717 1773 3768; x_wconf 82' lang='grc' dir='ltr'>εἴτε</span> <span class='ocrx_word' id='word_1_328' title='bbox 1800 3719 2023 3787; x_wconf 82' lang='grc' dir='ltr'>χηρείαν</span> 
     </span>
    </p>
   </div>
   <div class='ocr_carea' id='block_1_43' title="bbox 472 3793 2021 3866">
    <p class='ocr_par' dir='ltr' id='par_1_43' title="bbox 472 3793 2021 3866">
     <span class='ocr_line' id='line_1_43' title="bbox 472 3793 2021 3866; baseline 0.003 -20"><span class='ocrx_word' id='word_1_329' title='bbox 472 3793 684 3865; x_wconf 45' lang='grc' dir='ltr'>ἐλέοσθαι</span> <span class='ocrx_word' id='word_1_330' title='bbox 734 3793 861 3859; x_wconf 81' lang='grc' dir='ltr'>δέοι,</span> <span class='ocrx_word' id='word_1_331' title='bbox 903 3794 1008 3846; x_wconf 75' lang='grc' dir='ltr'>εἴτε</span> <span class='ocrx_word' id='word_1_332' title='bbox 1054 3794 1298 3865; x_wconf 87' lang='grc' dir='ltr'>δεύτερον</span> <span class='ocrx_word' id='word_1_333' title='bbox 1346 3798 1725 3863; x_wconf 84' lang='grc' dir='ltr'>ἐπεισαγαγεῖν</span> <span class='ocrx_word' id='word_1_334' title='bbox 1755 3799 1981 3866; x_wconf 83' lang='grc' dir='ltr'>νυμφίον</span> <span class='ocrx_word' id='word_1_335' title='bbox 2007 3817 2021 3832; x_wconf 89' lang='grc'><strong>·</strong></span> 
     </span>
    </p>
   </div>
   <div class='ocr_carea' id='block_1_44' title="bbox 472 3875 2019 3948">
    <p class='ocr_par' dir='ltr' id='par_1_44' title="bbox 472 3875 2019 3948">
     <span class='ocr_line' id='line_1_44' title="bbox 472 3875 2019 3948; baseline 0.003 -20"><span class='ocrx_word' id='word_1_336' title='bbox 472 3875 645 3948; x_wconf 84' lang='grc' dir='ltr'>ταύτῃ</span> <span class='ocrx_word' id='word_1_337' title='bbox 691 3875 981 3945; x_wconf 80' lang='grc' dir='ltr'>παραινῶ,</span> <span class='ocrx_word' id='word_1_338' title='bbox 1006 3877 1185 3945; x_wconf 77' lang='grc' dir='ltr'>φησὶν,</span> <span class='ocrx_word' id='word_1_339' title='bbox 1231 3877 1310 3928; x_wconf 84' lang='grc' dir='ltr'>ὅτι</span> <span class='ocrx_word' id='word_1_340' title='bbox 1360 3877 1519 3929; x_wconf 87' lang='grc' dir='ltr'>καλὸν</span> <span class='ocrx_word' id='word_1_341' title='bbox 1561 3880 1620 3932; x_wconf 87' lang='grc' dir='ltr'>τὸ</span> <span class='ocrx_word' id='word_1_342' title='bbox 1647 3878 1816 3942; x_wconf 78' lang='grc' dir='ltr'>οὕτως</span> <span class='ocrx_word' id='word_1_343' title='bbox 1854 3877 2019 3933; x_wconf 76' lang='grc' dir='ltr'>εἶναι’</span> 
     </span>
    </p>
   </div>
   <div class='ocr_carea' id='block_1_45' title="bbox 471 3956 2022 4030">
    <p class='ocr_par' dir='ltr' id='par_1_45' title="bbox 471 3956 2022 4030">
     <span class='ocr_line' id='line_1_45' title="bbox 471 3956 2022 4030; baseline 0.004 -20"><span class='ocrx_word' id='word_1_344' title='bbox 471 3957 603 4011; x_wconf 80' lang='grc' dir='ltr'>εἰδὲ</span> <span class='ocrx_word' id='word_1_345' title='bbox 638 3956 709 4028; x_wconf 80' lang='grc' dir='ltr'>μὴ</span> <span class='ocrx_word' id='word_1_346' title='bbox 739 3957 950 4010; x_wconf 87' lang='grc' dir='ltr'>δύναιτο</span> <span class='ocrx_word' id='word_1_347' title='bbox 1002 3957 1184 4027; x_wconf 85' lang='grc' dir='ltr'>φέρειν</span> <span class='ocrx_word' id='word_1_348' title='bbox 1231 3959 1289 4012; x_wconf 89' lang='grc' dir='ltr'>τὸ</span> <span class='ocrx_word' id='word_1_349' title='bbox 1337 3959 1572 4029; x_wconf 88' lang='grc' dir='ltr'>φορτίον,</span> <span class='ocrx_word' id='word_1_350' title='bbox 1624 3962 1896 4030; x_wconf 87' lang='grc' dir='ltr'>γαμείτω·</span> <span class='ocrx_word' id='word_1_351' title='bbox 1925 3965 2022 4027; x_wconf 87' lang='grc' dir='ltr'>τὰς</span> 
     </span>
    </p>
   </div>
   <div class='ocr_carea' id='block_1_46' title="bbox 474 4037 2021 4111">
    <p class='ocr_par' dir='ltr' id='par_1_46' title="bbox 474 4037 2021 4111">
     <span class='ocr_line' id='line_1_46' title="bbox 474 4037 2021 4111; baseline 0.004 -22"><span class='ocrx_word' id='word_1_352' title='bbox 474 4038 657 4105; x_wconf 83' lang='grc' dir='ltr'>μέντοι</span> <span class='ocrx_word' id='word_1_353' title='bbox 692 4037 1113 4106; x_wconf 87' lang='grc' dir='ltr'>ἐπιϐαλλομένας</span> <span class='ocrx_word' id='word_1_354' title='bbox 1166 4039 1264 4109; x_wconf 77' lang='grc' dir='ltr'>ήδη</span> <span class='ocrx_word' id='word_1_355' title='bbox 1323 4041 1415 4092; x_wconf 73' lang='grc' dir='ltr'>καὶ</span> <span class='ocrx_word' id='word_1_356' title='bbox 1453 4042 1910 4111; x_wconf 74' lang='grc' dir='ltr'>ἀπογραψαμένας</span> <span class='ocrx_word' id='word_1_357' title='bbox 1944 4047 2021 4108; x_wconf 86' lang='grc' dir='ltr'>είς</span> 
     </span>
    </p>
   </div>
   <div class='ocr_carea' id='block_1_47' title="bbox 468 4118 2022 4194">
    <p class='ocr_par' dir='ltr' id='par_1_47' title="bbox 468 4118 2022 4194">
     <span class='ocr_line' id='line_1_47' title="bbox 468 4118 2022 4194; baseline 0.005 -25"><span class='ocrx_word' id='word_1_358' title='bbox 468 4119 568 4187; x_wconf 83' lang='grc' dir='ltr'>τὴν</span> <span class='ocrx_word' id='word_1_359' title='bbox 582 4118 680 4186; x_wconf 85' lang='grc' dir='ltr'>τῆς</span> <span class='ocrx_word' id='word_1_360' title='bbox 699 4118 920 4186; x_wconf 89' lang='grc' dir='ltr'>χηρείας</span> <span class='ocrx_word' id='word_1_361' title='bbox 938 4120 1228 4187; x_wconf 80' lang='grc' dir='ltr'>ὑπομονὴν,</span> <span class='ocrx_word' id='word_1_362' title='bbox 1245 4121 1337 4172; x_wconf 76' lang='grc' dir='ltr'>καὶ</span> <span class='ocrx_word' id='word_1_363' title='bbox 1363 4122 1494 4190; x_wconf 88' lang='grc' dir='ltr'>πρὸς</span> <span class='ocrx_word' id='word_1_364' title='bbox 1524 4123 1612 4175; x_wconf 87' lang='grc' dir='ltr'>τὸν</span> <span class='ocrx_word' id='word_1_365' title='bbox 1643 4123 1772 4175; x_wconf 83' lang='grc' dir='ltr'>Θεὸν</span> <span class='ocrx_word' id='word_1_366' title='bbox 1796 4123 2022 4194; x_wconf 89' lang='grc' dir='ltr'>θεμένας</span> 
     </span>
    </p>
   </div>
   <div class='ocr_carea' id='block_1_48' title="bbox 472 4196 2022 4274">
    <p class='ocr_par' dir='ltr' id='par_1_48' title="bbox 472 4196 2022 4274">
     <span class='ocr_line' id='line_1_48' title="bbox 472 4196 2022 4274; baseline 0.005 -25"><span class='ocrx_word' id='word_1_367' title='bbox 472 4198 759 4267; x_wconf 84' lang='grc' dir='ltr'>συνθήκας,</span> <span class='ocrx_word' id='word_1_368' title='bbox 795 4196 855 4251; x_wconf 79' lang='grc' dir='ltr'>οὐ</span> <span class='ocrx_word' id='word_1_369' title='bbox 893 4215 1022 4268; x_wconf 85' lang='grc' dir='ltr'>φησι</span> <span class='ocrx_word' id='word_1_370' title='bbox 1069 4199 1247 4251; x_wconf 90' lang='grc' dir='ltr'>λοιπὸν</span> <span class='ocrx_word' id='word_1_371' title='bbox 1302 4196 1436 4253; x_wconf 77' lang='grc' dir='ltr'>εἶναι</span> <span class='ocrx_word' id='word_1_372' title='bbox 1488 4203 1677 4272; x_wconf 81' lang='grc' dir='ltr'>κυρίας</span> <span class='ocrx_word' id='word_1_373' title='bbox 1738 4204 1828 4255; x_wconf 82' lang='grc' dir='ltr'>τοῦ</span> <span class='ocrx_word' id='word_1_374' title='bbox 1889 4206 2022 4274; x_wconf 86' lang='grc' dir='ltr'>πρὸς</span> 
     </span>
    </p>
   </div>
   <div class='ocr_carea' id='block_1_49' title="bbox 470 4278 2022 4355">
    <p class='ocr_par' dir='ltr' id='par_1_49' title="bbox 470 4278 2022 4355">
     <span class='ocr_line' id='line_1_49' title="bbox 470 4278 2022 4355; baseline 0.003 -23"><span class='ocrx_word' id='word_1_375' title='bbox 470 4278 716 4351; x_wconf 83' lang='grc' dir='ltr'>δεύτερον</span> <span class='ocrx_word' id='word_1_376' title='bbox 748 4281 918 4349; x_wconf 84' lang='grc' dir='ltr'>γάμον</span> <span class='ocrx_word' id='word_1_377' title='bbox 935 4279 1263 4335; x_wconf 85' lang='grc' dir='ltr'>ἐπανελθεῖν.</span> <span class='ocrx_word' id='word_1_378' title='bbox 1289 4282 1382 4333; x_wconf 86' lang='grc' dir='ltr'>Διά</span> <span class='ocrx_word' id='word_1_379' title='bbox 1414 4283 1568 4335; x_wconf 75' lang='grc' dir='ltr'>τοῦτο</span> <span class='ocrx_word' id='word_1_380' title='bbox 1619 4286 1862 4355; x_wconf 83' lang='grc' dir='ltr'>Τιμοθέῳ</span> <span class='ocrx_word' id='word_1_381' title='bbox 1892 4289 2022 4355; x_wconf 74' lang='grc' dir='ltr'>γρά-</span> 
     </span>
    </p>
   </div>
   <div class='ocr_carea' id='block_1_50' title="bbox 474 4360 2022 4434">
    <p class='ocr_par' dir='ltr' id='par_1_50' title="bbox 474 4360 2022 4434">
     <span class='ocr_line' id='line_1_50' title="bbox 474 4360 2022 4434; baseline 0.005 -21"><span class='ocrx_word' id='word_1_382' title='bbox 474 4379 587 4428; x_wconf 82' lang='grc' dir='ltr'>φων</span> <span class='ocrx_word' id='word_1_383' title='bbox 643 4362 769 4432; x_wconf 80' lang='grc' dir='ltr'>περὶ</span> <span class='ocrx_word' id='word_1_384' title='bbox 800 4361 994 4424; x_wconf 88' lang='grc' dir='ltr'>αὐτῶν,</span> <span class='ocrx_word' id='word_1_385' title='bbox 1042 4360 1181 4414; x_wconf 71' lang='grc' dir='ltr'>οὕτω</span> <span class='ocrx_word' id='word_1_386' title='bbox 1244 4379 1358 4424; x_wconf 83' lang='grc' dir='ltr'>πως</span> <span class='ocrx_word' id='word_1_387' title='bbox 1414 4364 1578 4434; x_wconf 81' lang='grc' dir='ltr'>φησί’</span> <span class='ocrx_word' id='word_1_388' title='bbox 1620 4365 1915 4433; x_wconf 83' lang='grc' dir='ltr'>Νεωτέριις</span> <span class='ocrx_word' id='word_1_389' title='bbox 1955 4369 2022 4420; x_wconf 80' lang='grc' dir='ltr'>δὲ</span> 
     </span>
    </p>
   </div>
   <div class='ocr_carea' id='block_1_51' title="bbox 473 4442 2021 4513">
    <p class='ocr_par' dir='ltr' id='par_1_51' title="bbox 473 4442 2021 4513">
     <span class='ocr_line' id='line_1_51' title="bbox 473 4442 2021 4513; baseline 0.005 -20"><span class='ocrx_word' id='word_1_390' title='bbox 473 4442 662 4511; x_wconf 72' lang='grc' dir='ltr'>χήρας</span> <span class='ocrx_word' id='word_1_391' title='bbox 707 4443 1010 4510; x_wconf 81' lang='grc' dir='ltr'>παραιτοῦ.</span> <span class='ocrx_word' id='word_1_392' title='bbox 1073 4444 1257 4496; x_wconf 83' lang='grc' dir='ltr'>Ὅταν</span> <span class='ocrx_word' id='word_1_393' title='bbox 1306 4444 1414 4512; x_wconf 79' lang='grc' dir='ltr'>γὰρ</span> <span class='ocrx_word' id='word_1_394' title='bbox 1473 4448 2021 4513; x_wconf 78' lang='grc' dir='ltr'>καταστρηνιάσωσι</span> 
     </span>
    </p>
   </div>
   <div class='ocr_carea' id='block_1_52' title="bbox 473 4524 2016 4601">
    <p class='ocr_par' dir='ltr' id='par_1_52' title="bbox 473 4524 2016 4601">
     <span class='ocr_line' id='line_1_52' title="bbox 473 4524 2016 4601; baseline 0.003 -24"><span class='ocrx_word' id='word_1_395' title='bbox 473 4524 579 4577; x_wconf 83' lang='grc' dir='ltr'>τοῦ</span> <span class='ocrx_word' id='word_1_396' title='bbox 632 4525 918 4591; x_wconf 80' lang='grc' dir='ltr'>Χριστοῦ,</span> <span class='ocrx_word' id='word_1_397' title='bbox 964 4525 1172 4592; x_wconf 78' lang='grc' dir='ltr'>γαμεῖν</span> <span class='ocrx_word' id='word_1_398' title='bbox 1222 4525 1521 4590; x_wconf 73' lang='grc' dir='ltr'>θέλουσιν,</span> <span class='ocrx_word' id='word_1_399' title='bbox 1582 4527 1827 4594; x_wconf 76' lang='grc' dir='ltr'>ἔχουσαι</span> <span class='ocrx_word' id='word_1_400' title='bbox 1872 4528 2016 4601; x_wconf 70' lang='grc'>[162]</span> 
     </span>
    </p>
   </div>
   <div class='ocr_carea' id='block_1_53' title="bbox 475 4605 2022 4679">
    <p class='ocr_par' dir='ltr' id='par_1_53' title="bbox 475 4605 2022 4679">
     <span class='ocr_line' id='line_1_53' title="bbox 475 4605 2022 4679; baseline 0.002 -20"><span class='ocrx_word' id='word_1_401' title='bbox 475 4606 669 4673; x_wconf 83' lang='grc' dir='ltr'>κρίμα,</span> <span class='ocrx_word' id='word_1_402' title='bbox 706 4606 793 4659; x_wconf 87' lang='grc' dir='ltr'>ὅτι</span> <span class='ocrx_word' id='word_1_403' title='bbox 841 4605 955 4673; x_wconf 83' lang='grc' dir='ltr'>τὴν</span> <span class='ocrx_word' id='word_1_404' title='bbox 999 4606 1235 4673; x_wconf 81' lang='grc' dir='ltr'>πρώτην</span> <span class='ocrx_word' id='word_1_405' title='bbox 1280 4609 1485 4660; x_wconf 80' lang='grc' dir='ltr'>πίστιν</span> <span class='ocrx_word' id='word_1_406' title='bbox 1506 4608 1820 4675; x_wconf 80' lang='grc' dir='ltr'>ἠθέτησαν.</span> <span class='ocrx_word' id='word_1_407' title='bbox 1862 4610 2022 4679; x_wconf 79' lang='grc' dir='ltr'>Ὁρᾷς</span> 
     </span>
    </p>
   </div>
   <div class='ocr_carea' id='block_1_54' title="bbox 477 4685 2021 4758">
    <p class='ocr_par' dir='ltr' id='par_1_54' title="bbox 477 4685 2021 4758">
     <span class='ocr_line' id='line_1_54' title="bbox 477 4685 2021 4758; baseline 0.001 -19"><span class='ocrx_word' id='word_1_408' title='bbox 477 4687 592 4748; x_wconf 84' lang='grc' dir='ltr'>πῶς</span> <span class='ocrx_word' id='word_1_409' title='bbox 623 4685 789 4747; x_wconf 83' lang='grc' dir='ltr'>αὐτὰς</span> <span class='ocrx_word' id='word_1_410' title='bbox 842 4686 1072 4740; x_wconf 80' lang='grc' dir='ltr'>ἐνταῦθα</span> <span class='ocrx_word' id='word_1_411' title='bbox 1124 4687 1333 4751; x_wconf 79' lang='grc' dir='ltr'>κολάζει</span> <span class='ocrx_word' id='word_1_412' title='bbox 1379 4689 1470 4740; x_wconf 76' lang='grc' dir='ltr'>καὶ</span> <span class='ocrx_word' id='word_1_413' title='bbox 1536 4692 1873 4758; x_wconf 82' lang='grc' dir='ltr'>τιμωρεῖται,</span> <span class='ocrx_word' id='word_1_414' title='bbox 1931 4691 2021 4744; x_wconf 89' lang='grc' dir='ltr'>καί</span> 
     </span>
    </p>
   </div>
   <div class='ocr_carea' id='block_1_55' title="bbox 475 4762 2022 4837">
    <p class='ocr_par' dir='ltr' id='par_1_55' title="bbox 475 4762 2022 4837">
     <span class='ocr_line' id='line_1_55' title="bbox 475 4762 2022 4837; baseline 0.001 -17"><span class='ocrx_word' id='word_1_415' title='bbox 475 4785 636 4837; x_wconf 85' lang='grc' dir='ltr'>φησιν</span> <span class='ocrx_word' id='word_1_416' title='bbox 667 4766 991 4828; x_wconf 86' lang='grc' dir='ltr'>ὑπευθύνους</span> <span class='ocrx_word' id='word_1_417' title='bbox 1031 4762 1166 4819; x_wconf 81' lang='grc' dir='ltr'>εἶναι</span> <span class='ocrx_word' id='word_1_418' title='bbox 1199 4768 1341 4837; x_wconf 87' lang='grc' dir='ltr'>δίκῃ,</span> <span class='ocrx_word' id='word_1_419' title='bbox 1399 4768 1492 4820; x_wconf 79' lang='grc' dir='ltr'>καὶ</span> <span class='ocrx_word' id='word_1_420' title='bbox 1532 4769 1776 4837; x_wconf 87' lang='grc' dir='ltr'>κρίματι,</span> <span class='ocrx_word' id='word_1_421' title='bbox 1810 4772 1887 4821; x_wconf 78' lang='grc' dir='ltr'>ὅτι</span> <span class='ocrx_word' id='word_1_422' title='bbox 1928 4772 2022 4833; x_wconf 85' lang='grc' dir='ltr'>τὰς</span> 
     </span>
    </p>
   </div>
   <div class='ocr_carea' id='block_1_56' title="bbox 475 4847 2023 4920">
    <p class='ocr_par' dir='ltr' id='par_1_56' title="bbox 475 4847 2023 4920">
     <span class='ocr_line' id='line_1_56' title="bbox 475 4847 2023 4920; baseline 0.001 -19"><span class='ocrx_word' id='word_1_423' title='bbox 475 4849 609 4920; x_wconf 86' lang='grc' dir='ltr'>πρὸς</span> <span class='ocrx_word' id='word_1_424' title='bbox 647 4848 736 4900; x_wconf 87' lang='grc' dir='ltr'>τὸν</span> <span class='ocrx_word' id='word_1_425' title='bbox 777 4847 905 4900; x_wconf 85' lang='grc' dir='ltr'>Θεὸν</span> <span class='ocrx_word' id='word_1_426' title='bbox 944 4847 1214 4916; x_wconf 82' lang='grc' dir='ltr'>συνθήκας</span> <span class='ocrx_word' id='word_1_427' title='bbox 1251 4849 1518 4916; x_wconf 75' lang='grc' dir='ltr'>ἠθέτησαν</span> <span class='ocrx_word' id='word_1_428' title='bbox 1547 4848 1595 4910; x_wconf 70' lang='grc' dir='ltr'>ἀ,</span> <span class='ocrx_word' id='word_1_429' title='bbox 1652 4851 1742 4901; x_wconf 73' lang='grc' dir='ltr'>καὶ</span> <span class='ocrx_word' id='word_1_430' title='bbox 1770 4852 1864 4918; x_wconf 83' lang='grc' dir='ltr'>τὴν</span> <span class='ocrx_word' id='word_1_431' title='bbox 1892 4853 2023 4903; x_wconf 90' lang='grc' dir='ltr'>ὑπό-</span> 
     </span>
    </p>
   </div>
   <div class='ocr_carea' id='block_1_57' title="bbox 475 4928 2022 4999">
    <p class='ocr_par' dir='ltr' id='par_1_57' title="bbox 475 4928 2022 4999">
     <span class='ocr_line' id='line_1_57' title="bbox 475 4928 2022 4999; baseline 0.003 -18"><span class='ocrx_word' id='word_1_432' title='bbox 475 4946 655 4999; x_wconf 86' lang='grc' dir='ltr'>σχεσιν</span> <span class='ocrx_word' id='word_1_433' title='bbox 718 4928 1090 4995; x_wconf 73' lang='grc' dir='ltr'>διεψεύσαντος</span> <span class='ocrx_word' id='word_1_434' title='bbox 1151 4928 1311 4979; x_wconf 85' lang='grc' dir='ltr'>’Ὡστε</span> <span class='ocrx_word' id='word_1_435' title='bbox 1359 4932 1421 4981; x_wconf 91' lang='grc' dir='ltr'>ἐκ</span> <span class='ocrx_word' id='word_1_436' title='bbox 1472 4931 1659 4982; x_wconf 87' lang='grc' dir='ltr'>τούτου</span> <span class='ocrx_word' id='word_1_437' title='bbox 1716 4931 1891 4999; x_wconf 85' lang='grc' dir='ltr'>δῆλον,</span> <span class='ocrx_word' id='word_1_438' title='bbox 1944 4935 2022 4986; x_wconf 85' lang='grc' dir='ltr'>ὅτι</span> 
     </span>
    </p>
   </div>
   <div class='ocr_carea' id='block_1_58' title="bbox 474 5008 2021 5083">
    <p class='ocr_par' dir='ltr' id='par_1_58' title="bbox 474 5008 2021 5083">
     <span class='ocr_line' id='line_1_58' title="bbox 474 5008 2021 5083; baseline 0.004 -23"><span class='ocrx_word' id='word_1_439' title='bbox 474 5012 647 5061; x_wconf 87' lang='grc' dir='ltr'>ἐκεῖνο</span> <span class='ocrx_word' id='word_1_440' title='bbox 677 5008 735 5062; x_wconf 86' lang='grc' dir='ltr'>τὸ</span> <span class='ocrx_word' id='word_1_441' title='bbox 780 5010 936 5078; x_wconf 77' lang='grc' dir='ltr'>ῥητὸν</span> <span class='ocrx_word' id='word_1_442' title='bbox 970 5011 1030 5060; x_wconf 91' lang='grc' dir='ltr'>οὑ</span> <span class='ocrx_word' id='word_1_443' title='bbox 1064 5009 1195 5077; x_wconf 83' lang='grc' dir='ltr'>πρὸς</span> <span class='ocrx_word' id='word_1_444' title='bbox 1246 5010 1340 5071; x_wconf 83' lang='grc' dir='ltr'>τὰς</span> <span class='ocrx_word' id='word_1_445' title='bbox 1381 5012 1751 5080; x_wconf 82' lang='grc' dir='ltr'>ὑποσχομένας</span> <span class='ocrx_word' id='word_1_446' title='bbox 1792 5012 2021 5083; x_wconf 73' lang='grc' dir='ltr'>εἴρηται.</span> 
     </span>
    </p>
   </div>
   <div class='ocr_carea' id='block_1_59' title="bbox 475 5089 2025 5161">
    <p class='ocr_par' dir='ltr' id='par_1_59' title="bbox 475 5089 2025 5161">
     <span class='ocr_line' id='line_1_59' title="bbox 475 5089 2025 5161; baseline 0.004 -20"><span class='ocrx_word' id='word_1_447' title='bbox 475 5089 571 5141; x_wconf 88' lang='grc' dir='ltr'>Διά</span> <span class='ocrx_word' id='word_1_448' title='bbox 590 5090 743 5142; x_wconf 80' lang='grc' dir='ltr'>τοῦτο</span> <span class='ocrx_word' id='word_1_449' title='bbox 762 5090 858 5158; x_wconf 85' lang='grc' dir='ltr'>οὐχ</span> <span class='ocrx_word' id='word_1_450' title='bbox 884 5091 1065 5152; x_wconf 84' lang='grc' dir='ltr'>ἁπλῶς</span> <span class='ocrx_word' id='word_1_451' title='bbox 1088 5091 1216 5142; x_wconf 85' lang='grc' dir='ltr'>αὐτὸ</span> <span class='ocrx_word' id='word_1_452' title='bbox 1236 5091 1339 5161; x_wconf 81' lang='grc' dir='ltr'>χρὴ</span> <span class='ocrx_word' id='word_1_453' title='bbox 1362 5093 1667 5160; x_wconf 74' lang='grc' dir='ltr'>προφέρειν,</span> <span class='ocrx_word' id='word_1_454' title='bbox 1698 5094 1810 5145; x_wconf 89' lang='grc' dir='ltr'>ἀλλ’</span> <span class='ocrx_word' id='word_1_455' title='bbox 1834 5095 2025 5147; x_wconf 85' lang='grc' dir='ltr'>εἰδέναι</span> 
     </span>
    </p>
   </div>
   <div class='ocr_carea' id='block_1_60' title="bbox 477 5170 2021 5244">
    <p class='ocr_par' dir='ltr' id='par_1_60' title="bbox 477 5170 2021 5244">
     <span class='ocr_line' id='line_1_60' title="bbox 477 5170 2021 5244; baseline 0.003 -21"><span class='ocrx_word' id='word_1_456' title='bbox 477 5170 570 5223; x_wconf 78' lang='grc' dir='ltr'>καὶ</span> <span class='ocrx_word' id='word_1_457' title='bbox 611 5171 678 5223; x_wconf 86' lang='grc' dir='ltr'>τά</span> <span class='ocrx_word' id='word_1_458' title='bbox 726 5171 1004 5240; x_wconf 83' lang='grc' dir='ltr'>πρόσωπα,</span> <span class='ocrx_word' id='word_1_459' title='bbox 1064 5172 1196 5241; x_wconf 85' lang='grc' dir='ltr'>πρὸς</span> <span class='ocrx_word' id='word_1_460' title='bbox 1242 5172 1277 5225; x_wconf 81' lang='grc' dir='ltr'>ἃ</span> <span class='ocrx_word' id='word_1_461' title='bbox 1333 5172 1658 5240; x_wconf 85' lang='grc' dir='ltr'>διαλέγονται</span> <span class='ocrx_word' id='word_1_462' title='bbox 1694 5177 1750 5227; x_wconf 87' lang='grc' dir='ltr'>αί</span> <span class='ocrx_word' id='word_1_463' title='bbox 1786 5176 2021 5244; x_wconf 86' lang='grc' dir='ltr'>Γραφαί.</span> 
     </span>
    </p>
   </div>
   <div class='ocr_carea' id='block_1_61' title="bbox 484 5315 2025 5386">
    <p class='ocr_par' dir='ltr' id='par_1_61' title="bbox 484 5315 2025 5386">
     <span class='ocr_line' id='line_1_61' title="bbox 484 5315 2025 5386; baseline 0.006 -21"><span class='ocrx_word' id='word_1_464' title='bbox 484 5374 509 5386; x_wconf 86' lang='lat'>__</span> <span class='ocrx_word' id='word_1_465' title='bbox 549 5315 574 5386; x_wconf 56' lang='grc' dir='ltr'>ἦ</span> <span class='ocrx_word' id='word_1_466' title='bbox 589 5318 722 5386; x_wconf 59' lang='lat' dir='ltr'>Unus</span> <span class='ocrx_word' id='word_1_467' title='bbox 748 5319 1077 5386; x_wconf 47' lang='lat' dir='ltr'>gaigﬁya’ngzc.</span> <span class='ocrx_word' id='word_1_468' title='bbox 1107 5322 1202 5370; x_wconf 75' lang='lat' dir='ltr'>Sed</span> <span class='ocrx_word' id='word_1_469' title='bbox 1227 5324 1307 5371; x_wconf 80' lang='lat' dir='ltr'><strong>alii</strong></span> <span class='ocrx_word' id='word_1_470' title='bbox 1331 5335 1501 5386; x_wconf 74' lang='lat' dir='ltr'>omnes</span> <span class='ocrx_word' id='word_1_471' title='bbox 1522 5325 1619 5379; x_wconf 82' lang='grc' dir='ltr'>τοῖς</span> <span class='ocrx_word' id='word_1_472' title='bbox 1648 5326 1858 5385; x_wconf 73' lang='grc' dir='ltr'>ἀγάμοις,</span> <span class='ocrx_word' id='word_1_473' title='bbox 1880 5331 2025 5386; x_wconf 79' lang='lat' dir='ltr'>atque</span> 
     </span>
    </p>
   </div>
   <div class='ocr_carea' id='block_1_62' title="bbox 480 5378 1501 5433">
    <p class='ocr_par' dir='ltr' id='par_1_62' title="bbox 480 5378 1501 5433">
     <span class='ocr_line' id='line_1_62' title="bbox 480 5378 1501 5433; baseline 0.008 -9"><span class='ocrx_word' id='word_1_474' title='bbox 480 5378 541 5426; x_wconf 70' lang='lat' dir='ltr'>ita</span> <span class='ocrx_word' id='word_1_475' title='bbox 564 5379 739 5433; x_wconf 72' lang='lat' dir='ltr'>legitur</span> <span class='ocrx_word' id='word_1_476' title='bbox 760 5380 808 5425; x_wconf 85' lang='lat' dir='ltr'><strong>in</strong></span> <span class='ocrx_word' id='word_1_477' title='bbox 832 5378 970 5427; x_wconf 60' lang='lat' dir='ltr'>Nam</span> <span class='ocrx_word' id='word_1_478' title='bbox 983 5382 1295 5432; x_wconf 73' lang='lat' dir='ltr'>Testamento</span> <span class='ocrx_word' id='word_1_479' title='bbox 1321 5385 1501 5433; x_wconf 71' lang='lat' dir='ltr'>Graeco.</span> 
     </span>
    </p>
   </div>
   <div class='ocr_carea' id='block_1_63' title="bbox 537 5438 1077 5500">
    <p class='ocr_par' dir='ltr' id='par_1_63' title="bbox 537 5438 1077 5500">
     <span class='ocr_line' id='line_1_63' title="bbox 537 5438 1077 5500; baseline -0.004 -11"><span class='ocrx_word' id='word_1_480' title='bbox 537 5438 566 5477; x_wconf 68' lang='grc' dir='ltr'>δ</span> <span class='ocrx_word' id='word_1_481' title='bbox 597 5439 726 5489; x_wconf 80' lang='lat' dir='ltr'><strong>Unus</strong></span> <span class='ocrx_word' id='word_1_482' title='bbox 745 5440 789 5485; x_wconf 83' lang='grc' dir='ltr'>ἐν</span> <span class='ocrx_word' id='word_1_483' title='bbox 811 5441 1077 5500; x_wconf 80' lang='grc' dir='ltr'>ὑποσχέσει.</span> 
     </span>
    </p>
   </div>
   <div class='ocr_carea' id='block_1_64' title="bbox 542 5500 2024 5565">
    <p class='ocr_par' dir='ltr' id='par_1_64' title="bbox 542 5500 2024 5565">
     <span class='ocr_line' id='line_1_64' title="bbox 542 5500 2024 5565; baseline 0.006 -19"><span class='ocrx_word' id='word_1_484' title='bbox 542 5501 563 5565; x_wconf 78' lang='lat'>_°</span> <span class='ocrx_word' id='word_1_485' title='bbox 590 5500 741 5565; x_wconf 63' lang='grc' dir='ltr'>ειινὶιἶ</span> <span class='ocrx_word' id='word_1_486' title='bbox 762 5500 974 5565; x_wconf 78' lang='grc' dir='ltr'>ἑκατέρας</span> <span class='ocrx_word' id='word_1_487' title='bbox 996 5502 1154 5558; x_wconf 78' lang='grc' dir='ltr'>οὔσης,</span> <span class='ocrx_word' id='word_1_488' title='bbox 1172 5516 1470 5565; x_wconf 22' lang='lat' dir='ltr'>&quot;perperam,</span> <span class='ocrx_word' id='word_1_489' title='bbox 1499 5510 1552 5552; x_wconf 78' lang='lat' dir='ltr'><strong>ut</strong></span> <span class='ocrx_word' id='word_1_490' title='bbox 1592 5506 1697 5564; x_wconf 82' lang='lat' dir='ltr'>ipse</span> <span class='ocrx_word' id='word_1_491' title='bbox 1728 5518 1921 5565; x_wconf 86' lang='lat' dir='ltr'><strong>quoque</strong></span> <span class='ocrx_word' id='word_1_492' title='bbox 1944 5520 2024 5554; x_wconf 75' lang='lat' dir='ltr'>su—</span> 
     </span>
    </p>
   </div>
   <div class='ocr_carea' id='block_1_65' title="bbox 476 5558 1962 5621">
    <p class='ocr_par' dir='ltr' id='par_1_65' title="bbox 476 5558 1962 5621">
     <span class='ocr_line' id='line_1_65' title="bbox 476 5558 1962 5621; baseline 0.005 -16"><span class='ocrx_word' id='word_1_493' title='bbox 476 5558 704 5621; x_wconf 61' lang='grc' dir='ltr'>ορίιιλιιιιτ,</span> <span class='ocrx_word' id='word_1_494' title='bbox 729 5560 775 5606; x_wconf 86' lang='lat' dir='ltr'><strong>in</strong></span> <span class='ocrx_word' id='word_1_495' title='bbox 798 5558 1110 5621; x_wconf 67' lang='lat' dir='ltr'>mar&#39;gineque</span> <span class='ocrx_word' id='word_1_496' title='bbox 1136 5558 1301 5619; x_wconf 64' lang='grc' dir='ltr'>οὔσαις</span> <span class='ocrx_word' id='word_1_497' title='bbox 1314 5558 1652 5621; x_wconf 70' lang='grc' dir='ltr'>εοιτὶιξεηόυὶη</span> <span class='ocrx_word' id='word_1_498' title='bbox 1681 5558 1787 5613; x_wconf 53' lang='lat' dir='ltr'>esse</span> <span class='ocrx_word' id='word_1_499' title='bbox 1812 5558 1962 5613; x_wconf 68' lang='grc' dir='ltr'>ροισι.</span> 
     </span>
    </p>
   </div>
   <div class='ocr_carea' id='block_1_66' title="bbox 534 5619 2024 5687">
    <p class='ocr_par' dir='ltr' id='par_1_66' title="bbox 534 5619 2024 5687">
     <span class='ocr_line' id='line_1_66' title="bbox 534 5619 2024 5687; baseline 0.003 -20"><span class='ocrx_word' id='word_1_500' title='bbox 534 5619 728 5687; x_wconf 26' lang='grc' dir='ltr'>ζῑάυηιιις</span> <span class='ocrx_word' id='word_1_501' title='bbox 746 5620 857 5687; x_wconf 62' lang='lat' dir='ltr'>qod_._</span> <span class='ocrx_word' id='word_1_502' title='bbox 876 5619 1098 5687; x_wconf 65' lang='grc' dir='ltr'>συνθήκας</span> <span class='ocrx_word' id='word_1_503' title='bbox 1118 5622 1367 5687; x_wconf 75' lang='grc' dir='ltr'>ἐπάτῃσαν.</span> <span class='ocrx_word' id='word_1_504' title='bbox 1397 5619 1514 5672; x_wconf 52' lang='lat' dir='ltr'>Infra</span> <span class='ocrx_word' id='word_1_505' title='bbox 1536 5639 1656 5687; x_wconf 84' lang='lat' dir='ltr'>unus</span> <span class='ocrx_word' id='word_1_506' title='bbox 1685 5626 1759 5671; x_wconf 83' lang='grc' dir='ltr'>διὰ</span> <span class='ocrx_word' id='word_1_507' title='bbox 1781 5625 1919 5672; x_wconf 76' lang='grc' dir='ltr'>τοῦτο</span> <span class='ocrx_word' id='word_1_508' title='bbox 1939 5626 2024 5687; x_wconf 79' lang='grc' dir='ltr'>οὐχ</span> 
     </span>
    </p>
   </div>
   <div class='ocr_carea' id='block_1_67' title="bbox 475 5679 2021 5757">
    <p class='ocr_par' dir='ltr' id='par_1_67' title="bbox 475 5679 2021 5757">
     <span class='ocr_line' id='line_1_67' title="bbox 475 5679 2021 5757; baseline 0.005 -32"><span class='ocrx_word' id='word_1_509' title='bbox 475 5681 635 5755; x_wconf 61' lang='grc' dir='ltr'>ἀπλῶς</span> <span class='ocrx_word' id='word_1_510' title='bbox 660 5679 815 5757; x_wconf 50' lang='grc' dir='ltr'>οιύτέ.Δ</span> <span class='ocrx_word' id='word_1_511' title='bbox 826 5680 988 5755; x_wconf 38' lang='grc' dir='ltr'>ιἐιυιυ,</span> <span class='ocrx_word' id='word_1_512' title='bbox 1014 5688 1121 5751; x_wconf 77' lang='grc' dir='ltr'>ρρει</span> <span class='ocrx_word' id='word_1_513' title='bbox 1143 5683 1362 5757; x_wconf 42' lang='lat' dir='ltr'>‘quidmp’</span> <span class='ocrx_word' id='word_1_514' title='bbox 1387 5686 1699 5757; x_wconf 47' lang='grc' dir='ltr'>πάλινυξῖερρχ</span> <span class='ocrx_word' id='word_1_515' title='bbox 1728 5679 2021 5757; x_wconf 61' lang='grc' dir='ltr'>περιφέρουᾴί</span> 
     </span>
    </p>
   </div>
   <div class='ocr_carea' id='block_1_68' title="bbox 477 5738 2021 5805">
    <p class='ocr_par' dir='ltr' id='par_1_68' title="bbox 477 5738 2021 5805">
     <span class='ocr_line' id='line_1_68' title="bbox 477 5738 2021 5805; baseline 0.003 -20"><span class='ocrx_word' id='word_1_516' title='bbox 477 5742 618 5805; x_wconf 73' lang='grc' dir='ltr'>ῥῆμα,</span> <span class='ocrx_word' id='word_1_517' title='bbox 643 5744 695 5805; x_wconf 66' lang='lat' dir='ltr'>et.</span> <span class='ocrx_word' id='word_1_518' title='bbox 720 5738 898 5805; x_wconf 64' lang='lat' dir='ltr'>ibicjem</span> <span class='ocrx_word' id='word_1_519' title='bbox 938 5738 1080 5805; x_wconf 62' lang='grc' dir='ltr'>αὑτοῦ</span> <span class='ocrx_word' id='word_1_520' title='bbox 1104 5738 1187 5797; x_wconf 69' lang='grc' dir='ltr'>τὴν</span> <span class='ocrx_word' id='word_1_521' title='bbox 1229 5746 1473 5805; x_wconf 75' lang='grc' dir='ltr'>συνθήκῃν.</span> <span class='ocrx_word' id='word_1_522' title='bbox 1524 5738 1655 5791; x_wconf 81' lang='grc' dir='ltr'>Ἀλλ’</span> <span class='ocrx_word' id='word_1_523' title='bbox 1680 5738 1936 5805; x_wconf 75' lang='grc' dir='ltr'>ἕτερονὀὖκ</span> <span class='ocrx_word' id='word_1_524' title='bbox 1976 5746 2021 5793; x_wconf 81' lang='grc' dir='ltr'>ἐν</span> 
     </span>
    </p>
   </div>
   <div class='ocr_carea' id='block_1_69' title="bbox 478 5799 1815 5866">
    <p class='ocr_par' dir='ltr' id='par_1_69' title="bbox 478 5799 1815 5866">
     <span class='ocr_line' id='line_1_69' title="bbox 478 5799 1815 5866; baseline 0.007 -22"><span class='ocrx_word' id='word_1_525' title='bbox 478 5799 532 5860; x_wconf 72' lang='grc' dir='ltr'>⁵ιῄ</span> <span class='ocrx_word' id='word_1_526' title='bbox 555 5804 701 5862; x_wconf 82' lang='grc' dir='ltr'>γραφῇ</span> <span class='ocrx_word' id='word_1_527' title='bbox 742 5799 967 5861; x_wconf 81' lang='grc' dir='ltr'>κείμενον,</span> <span class='ocrx_word' id='word_1_528' title='bbox 991 5800 1259 5866; x_wconf 84' lang='lat' dir='ltr'>ibidemque</span> <span class='ocrx_word' id='word_1_529' title='bbox 1292 5803 1501 5853; x_wconf 68' lang='grc' dir='ltr'>τοιαῦται</span> <span class='ocrx_word' id='word_1_530' title='bbox 1528 5799 1815 5865; x_wconf 72' lang='grc' dir='ltr'>κακουργίαι.</span> 
     </span>
    </p>
   </div>
   <div class='ocr_carea' id='block_1_70' title="bbox 2143 706 3695 778">
    <p class='ocr_par' dir='ltr' id='par_1_70' title="bbox 2143 706 3695 778">
     <span class='ocr_line' id='line_1_70' title="bbox 2143 706 3695 778; baseline -0.001 -20"><span class='ocrx_word' id='word_1_531' title='bbox 2143 708 2535 775; x_wconf 84' lang='grc' dir='ltr'>προστιθέντες.</span> <span class='ocrx_word' id='word_1_532' title='bbox 2567 708 2796 778; x_wconf 89' lang='grc' dir='ltr'>Τοιαύτη</span> <span class='ocrx_word' id='word_1_533' title='bbox 2827 708 2936 778; x_wconf 89' lang='grc' dir='ltr'>γάρ</span> <span class='ocrx_word' id='word_1_534' title='bbox 2976 711 3009 777; x_wconf 79' lang='grc' dir='ltr'><strong>ἡ</strong></span> <span class='ocrx_word' id='word_1_535' title='bbox 3066 706 3154 758; x_wconf 81' lang='grc' dir='ltr'>τοῦ</span> <span class='ocrx_word' id='word_1_536' title='bbox 3193 706 3435 759; x_wconf 91' lang='grc' dir='ltr'>διαϐόλου</span> <span class='ocrx_word' id='word_1_537' title='bbox 3460 720 3695 773; x_wconf 88' lang='grc' dir='ltr'>κακουρ-</span> 
     </span>
    </p>
   </div>
   <div class='ocr_carea' id='block_1_71' title="bbox 2140 784 3693 860">
    <p class='ocr_par' dir='ltr' id='par_1_71' title="bbox 2140 784 3693 860">
     <span class='ocr_line' id='line_1_71' title="bbox 2140 784 3693 860; baseline 0.003 -21"><span class='ocrx_word' id='word_1_538' title='bbox 2140 788 2252 853; x_wconf 87' lang='grc' dir='ltr'>γία,</span> <span class='ocrx_word' id='word_1_539' title='bbox 2284 788 2318 857; x_wconf 82' lang='grc' dir='ltr'>ἢ</span> <span class='ocrx_word' id='word_1_540' title='bbox 2376 789 2709 859; x_wconf 84' lang='grc' dir='ltr'>πλεονασμῷ,</span> <span class='ocrx_word' id='word_1_541' title='bbox 2752 789 2786 860; x_wconf 80' lang='grc' dir='ltr'>ἢ</span> <span class='ocrx_word' id='word_1_542' title='bbox 2833 789 3153 859; x_wconf 82' lang='grc' dir='ltr'>ὑφαιρέσει.</span> <span class='ocrx_word' id='word_1_543' title='bbox 3204 787 3232 858; x_wconf 66' lang='grc' dir='ltr'>ἢ</span> <span class='ocrx_word' id='word_1_544' title='bbox 3284 786 3609 855; x_wconf 46' lang='grc' dir='ltr'>ιδιαστροφῇ.</span> <span class='ocrx_word' id='word_1_545' title='bbox 3659 784 3693 852; x_wconf 82' lang='grc' dir='ltr'>ἢ</span> 
     </span>
    </p>
   </div>
   <div class='ocr_carea' id='block_1_72' title="bbox 2143 866 3692 939">
    <p class='ocr_par' dir='ltr' id='par_1_72' title="bbox 2143 866 3692 939">
     <span class='ocr_line' id='line_1_72' title="bbox 2143 866 3692 939; baseline -0.002 -19"><span class='ocrx_word' id='word_1_546' title='bbox 2143 869 2404 939; x_wconf 80' lang='grc' dir='ltr'>μεταϐολῇ</span> <span class='ocrx_word' id='word_1_547' title='bbox 2430 870 2537 922; x_wconf 89' lang='grc' dir='ltr'>τῶν</span> <span class='ocrx_word' id='word_1_548' title='bbox 2564 870 2827 939; x_wconf 84' lang='grc' dir='ltr'>κειμένων</span> <span class='ocrx_word' id='word_1_549' title='bbox 2847 870 2915 924; x_wconf 81' lang='grc' dir='ltr'>τὰ</span> <span class='ocrx_word' id='word_1_550' title='bbox 2939 869 3155 939; x_wconf 79' lang='grc' dir='ltr'>ὀλέθρια</span> <span class='ocrx_word' id='word_1_551' title='bbox 3175 866 3413 935; x_wconf 76' lang='grc' dir='ltr'>εἰσάγειν</span> <span class='ocrx_word' id='word_1_552' title='bbox 3428 866 3692 934; x_wconf 85' lang='grc' dir='ltr'>δόγματα.</span> 
     </span>
    </p>
   </div>
   <div class='ocr_carea' id='block_1_73' title="bbox 2140 944 3691 1021">
    <p class='ocr_par' dir='ltr' id='par_1_73' title="bbox 2140 944 3691 1021">
     <span class='ocr_line' id='line_1_73' title="bbox 2140 944 3691 1021; baseline -0.002 -21"><span class='ocrx_word' id='word_1_553' title='bbox 2140 948 2204 1000; x_wconf 88' lang='grc' dir='ltr'>Τί</span> <span class='ocrx_word' id='word_1_554' title='bbox 2230 949 2285 1002; x_wconf 85' lang='grc' dir='ltr'>δέ</span> <span class='ocrx_word' id='word_1_555' title='bbox 2309 950 2461 1004; x_wconf 82' lang='grc' dir='ltr'>τοῦτό</span> <span class='ocrx_word' id='word_1_556' title='bbox 2487 952 2603 1003; x_wconf 86' lang='grc' dir='ltr'>ἐστι</span> <span class='ocrx_word' id='word_1_557' title='bbox 2620 952 2680 1003; x_wconf 89' lang='grc' dir='ltr'>τὸ</span> <span class='ocrx_word' id='word_1_558' title='bbox 2711 952 2888 1021; x_wconf 80' lang='grc' dir='ltr'>ρῆμα;</span> <span class='ocrx_word' id='word_1_559' title='bbox 2906 950 3064 1020; x_wconf 84' lang='grc' dir='ltr'>Ἐμόν</span> <span class='ocrx_word' id='word_1_560' title='bbox 3091 952 3224 1013; x_wconf 87' lang='grc' dir='ltr'>ἐστι,</span> <span class='ocrx_word' id='word_1_561' title='bbox 3255 949 3406 1017; x_wconf 76' lang='grc' dir='ltr'>φησὶ,</span> <span class='ocrx_word' id='word_1_562' title='bbox 3436 947 3496 999; x_wconf 91' lang='grc' dir='ltr'>τὸ</span> <span class='ocrx_word' id='word_1_563' title='bbox 3520 944 3691 1014; x_wconf 87' lang='grc' dir='ltr'>ἀργύ-</span> 
     </span>
    </p>
   </div>
   <div class='ocr_carea' id='block_1_74' title="bbox 2142 1024 3693 1101">
    <p class='ocr_par' dir='ltr' id='par_1_74' title="bbox 2142 1024 3693 1101">
     <span class='ocr_line' id='line_1_74' title="bbox 2142 1024 3693 1101; baseline -0.003 -18"><span class='ocrx_word' id='word_1_564' title='bbox 2142 1045 2272 1100; x_wconf 90' lang='grc' dir='ltr'>ριον,</span> <span class='ocrx_word' id='word_1_565' title='bbox 2307 1032 2398 1083; x_wconf 78' lang='grc' dir='ltr'>καὶ</span> <span class='ocrx_word' id='word_1_566' title='bbox 2439 1032 2566 1101; x_wconf 89' lang='grc' dir='ltr'>ἐμὸν</span> <span class='ocrx_word' id='word_1_567' title='bbox 2611 1033 2671 1085; x_wconf 89' lang='grc' dir='ltr'>τὸ</span> <span class='ocrx_word' id='word_1_568' title='bbox 2719 1033 2967 1101; x_wconf 86' lang='grc' dir='ltr'>χρυσίον·</span> <span class='ocrx_word' id='word_1_569' title='bbox 3006 1032 3099 1085; x_wconf 81' lang='grc' dir='ltr'>καὶ</span> <span class='ocrx_word' id='word_1_570' title='bbox 3128 1024 3170 1098; x_wconf 83' lang='grc' dir='ltr'><strong>ᾧ</strong></span> <span class='ocrx_word' id='word_1_571' title='bbox 3223 1029 3319 1083; x_wconf 83' lang='grc' dir='ltr'>ἐὰν</span> <span class='ocrx_word' id='word_1_572' title='bbox 3350 1025 3693 1089; x_wconf 83' lang='grc' dir='ltr'>θέλω,δώσω</span> 
     </span>
    </p>
   </div>
   <div class='ocr_carea' id='block_1_75' title="bbox 2137 1108 3687 1184">
    <p class='ocr_par' dir='ltr' id='par_1_75' title="bbox 2137 1108 3687 1184">
     <span class='ocr_line' id='line_1_75' title="bbox 2137 1108 3687 1184; baseline -0.003 -22"><span class='ocrx_word' id='word_1_573' title='bbox 2137 1110 2336 1163; x_wconf 76' lang='grc' dir='ltr'>αὐτάο.</span> <span class='ocrx_word' id='word_1_574' title='bbox 2397 1112 2594 1166; x_wconf 88' lang='grc' dir='ltr'>Τούτου</span> <span class='ocrx_word' id='word_1_575' title='bbox 2643 1114 2703 1165; x_wconf 88' lang='grc' dir='ltr'>τὸ</span> <span class='ocrx_word' id='word_1_576' title='bbox 2737 1113 2834 1181; x_wconf 91' lang='grc' dir='ltr'>μέν</span> <span class='ocrx_word' id='word_1_577' title='bbox 2881 1114 3112 1184; x_wconf 76' lang='grc' dir='ltr'>εἴρηται,</span> <span class='ocrx_word' id='word_1_578' title='bbox 3138 1112 3197 1164; x_wconf 89' lang='grc' dir='ltr'>τὸ</span> <span class='ocrx_word' id='word_1_579' title='bbox 3239 1111 3297 1164; x_wconf 89' lang='grc' dir='ltr'>δέ</span> <span class='ocrx_word' id='word_1_580' title='bbox 3336 1111 3434 1164; x_wconf 91' lang='grc' dir='ltr'>οὐκ</span> <span class='ocrx_word' id='word_1_581' title='bbox 3454 1108 3687 1179; x_wconf 72' lang='grc' dir='ltr'>εἴρηται,</span> 
     </span>
    </p>
   </div>
   <div class='ocr_carea' id='block_1_76' title="bbox 2136 1188 3691 1264">
    <p class='ocr_par' dir='ltr' id='par_1_76' title="bbox 2136 1188 3691 1264">
     <span class='ocr_line' id='line_1_76' title="bbox 2136 1188 3691 1264; baseline -0.002 -21"><span class='ocrx_word' id='word_1_582' title='bbox 2136 1189 2250 1244; x_wconf 88' lang='grc' dir='ltr'>ἀλλ’</span> <span class='ocrx_word' id='word_1_583' title='bbox 2286 1191 2480 1257; x_wconf 78' lang='grc' dir='ltr'>ἔξωθέν</span> <span class='ocrx_word' id='word_1_584' title='bbox 2508 1192 2666 1245; x_wconf 90' lang='grc' dir='ltr'>ποθεν</span> <span class='ocrx_word' id='word_1_585' title='bbox 2692 1194 3100 1264; x_wconf 80' lang='grc' dir='ltr'>προσέρριπται.</span> <span class='ocrx_word' id='word_1_586' title='bbox 3129 1192 3201 1244; x_wconf 85' lang='grc' dir='ltr'>Τὸ</span> <span class='ocrx_word' id='word_1_587' title='bbox 3232 1192 3327 1263; x_wconf 77' lang='grc' dir='ltr'>μὲν</span> <span class='ocrx_word' id='word_1_588' title='bbox 3355 1191 3481 1259; x_wconf 81' lang='grc' dir='ltr'>γὰρ,</span> <span class='ocrx_word' id='word_1_589' title='bbox 3513 1188 3691 1257; x_wconf 69' lang='grc' dir='ltr'>Ἐμὸν</span> 
     </span>
    </p>
   </div>
   <div class='ocr_carea' id='block_1_77' title="bbox 2135 1268 3688 1342">
    <p class='ocr_par' dir='ltr' id='par_1_77' title="bbox 2135 1268 3688 1342">
     <span class='ocr_line' id='line_1_77' title="bbox 2135 1268 3688 1342; baseline -0.001 -18"><span class='ocrx_word' id='word_1_590' title='bbox 2135 1272 2202 1325; x_wconf 82' lang='grc' dir='ltr'>τὸ</span> <span class='ocrx_word' id='word_1_591' title='bbox 2230 1272 2526 1342; x_wconf 79' lang='grc' dir='ltr'>ἀργύριον,</span> <span class='ocrx_word' id='word_1_592' title='bbox 2559 1275 2652 1327; x_wconf 77' lang='grc' dir='ltr'>καί</span> <span class='ocrx_word' id='word_1_593' title='bbox 2688 1274 2831 1342; x_wconf 84' lang='grc' dir='ltr'>ἐμόν</span> <span class='ocrx_word' id='word_1_594' title='bbox 2856 1274 2921 1327; x_wconf 85' lang='grc' dir='ltr'>τὸ</span> <span class='ocrx_word' id='word_1_595' title='bbox 2947 1275 3221 1342; x_wconf 83' lang='grc' dir='ltr'>χρυσίον,</span> <span class='ocrx_word' id='word_1_596' title='bbox 3244 1269 3393 1324; x_wconf 82' lang='grc' dir='ltr'>εἶπεν</span> <span class='ocrx_word' id='word_1_597' title='bbox 3420 1271 3449 1323; x_wconf 84' lang='grc' dir='ltr'>ό</span> <span class='ocrx_word' id='word_1_598' title='bbox 3473 1268 3688 1339; x_wconf 81' lang='grc' dir='ltr'>προφή-</span> 
     </span>
    </p>
   </div>
   <div class='ocr_carea' id='block_1_78' title="bbox 2134 1347 3686 1425">
    <p class='ocr_par' dir='ltr' id='par_1_78' title="bbox 2134 1347 3686 1425">
     <span class='ocr_line' id='line_1_78' title="bbox 2134 1347 3686 1425; baseline -0.003 -21"><span class='ocrx_word' id='word_1_599' title='bbox 2134 1368 2262 1421; x_wconf 66' lang='grc' dir='ltr'>της*</span> <span class='ocrx_word' id='word_1_600' title='bbox 2293 1357 2353 1406; x_wconf 84' lang='grc' dir='ltr'>τὸ</span> <span class='ocrx_word' id='word_1_601' title='bbox 2378 1354 2452 1416; x_wconf 85' lang='grc' dir='ltr'>δὲ,</span> <span class='ocrx_word' id='word_1_602' title='bbox 2551 1355 2645 1406; x_wconf 84' lang='grc' dir='ltr'>ἐὰν</span> <span class='ocrx_word' id='word_1_603' title='bbox 2674 1354 2829 1417; x_wconf 87' lang='grc' dir='ltr'>θέλω,</span> <span class='ocrx_word' id='word_1_604' title='bbox 2869 1354 3058 1425; x_wconf 87' lang='grc' dir='ltr'>δίδωμι</span> <span class='ocrx_word' id='word_1_605' title='bbox 3082 1353 3221 1406; x_wconf 90' lang='grc' dir='ltr'>αὐτά</span> <span class='ocrx_word' id='word_1_606' title='bbox 3242 1352 3284 1412; x_wconf 73' lang='grc' dir='ltr'>ί,</span> <span class='ocrx_word' id='word_1_607' title='bbox 3306 1351 3483 1404; x_wconf 86' lang='grc' dir='ltr'>οὐκέτι</span> <span class='ocrx_word' id='word_1_608' title='bbox 3516 1350 3686 1412; x_wconf 88' lang='grc' dir='ltr'>πρόσ-</span> 
     </span>
    </p>
   </div>
   <div class='ocr_carea' id='block_1_79' title="bbox 2134 1431 3682 1505">
    <p class='ocr_par' dir='ltr' id='par_1_79' title="bbox 2134 1431 3682 1505">
     <span class='ocr_line' id='line_1_79' title="bbox 2134 1431 3682 1505; baseline -0.001 -20"><span class='ocrx_word' id='word_1_609' title='bbox 2134 1450 2329 1497; x_wconf 86' lang='grc' dir='ltr'>κειται,</span> <span class='ocrx_word' id='word_1_610' title='bbox 2355 1436 2465 1487; x_wconf 86' lang='grc' dir='ltr'>ἀλλ’</span> <span class='ocrx_word' id='word_1_611' title='bbox 2495 1438 2557 1489; x_wconf 86' lang='grc' dir='ltr'>ἐκ</span> <span class='ocrx_word' id='word_1_612' title='bbox 2585 1436 2681 1505; x_wconf 85' lang='grc' dir='ltr'>τῆς</span> <span class='ocrx_word' id='word_1_613' title='bbox 2705 1436 2809 1488; x_wconf 86' lang='grc' dir='ltr'>τῶν</span> <span class='ocrx_word' id='word_1_614' title='bbox 2829 1435 3033 1488; x_wconf 85' lang='grc' dir='ltr'>πολλῶν</span> <span class='ocrx_word' id='word_1_615' title='bbox 3055 1434 3292 1504; x_wconf 84' lang='grc' dir='ltr'>ἀμαθίας</span> <span class='ocrx_word' id='word_1_616' title='bbox 3313 1431 3682 1501; x_wconf 82' lang='grc' dir='ltr'>περιφέρεται.</span> 
     </span>
    </p>
   </div>
   <div class='ocr_carea' id='block_1_80' title="bbox 2135 1512 3686 1587">
    <p class='ocr_par' dir='ltr' id='par_1_80' title="bbox 2135 1512 3686 1587">
     <span class='ocr_line' id='line_1_80' title="bbox 2135 1512 3686 1587; baseline -0.003 -20"><span class='ocrx_word' id='word_1_617' title='bbox 2135 1514 2228 1576; x_wconf 83' lang='grc' dir='ltr'>Τίς</span> <span class='ocrx_word' id='word_1_618' title='bbox 2254 1516 2311 1567; x_wconf 89' lang='grc' dir='ltr'>δέ</span> <span class='ocrx_word' id='word_1_619' title='bbox 2342 1518 2431 1571; x_wconf 75' lang='grc' dir='ltr'>καὶ</span> <span class='ocrx_word' id='word_1_620' title='bbox 2484 1520 2546 1570; x_wconf 90' lang='grc' dir='ltr'>ἐκ</span> <span class='ocrx_word' id='word_1_621' title='bbox 2576 1517 2761 1571; x_wconf 91' lang='grc' dir='ltr'>τούτου</span> <span class='ocrx_word' id='word_1_622' title='bbox 2790 1518 2991 1584; x_wconf 89' lang='grc' dir='ltr'>γίνεται</span> <span class='ocrx_word' id='word_1_623' title='bbox 3019 1516 3186 1587; x_wconf 90' lang='grc' dir='ltr'>βλάϐη</span> <span class='ocrx_word' id='word_1_624' title='bbox 3210 1532 3225 1579; x_wconf 88' lang='grc'><strong>;</strong></span> <span class='ocrx_word' id='word_1_625' title='bbox 3265 1514 3450 1567; x_wconf 77' lang='grc' dir='ltr'>Πολλοὶ</span> <span class='ocrx_word' id='word_1_626' title='bbox 3495 1512 3686 1582; x_wconf 77' lang='grc' dir='ltr'>μιαροὶ</span> 
     </span>
    </p>
   </div>
   <div class='ocr_carea' id='block_1_81' title="bbox 2134 1593 3683 1667">
    <p class='ocr_par' dir='ltr' id='par_1_81' title="bbox 2134 1593 3683 1667">
     <span class='ocr_line' id='line_1_81' title="bbox 2134 1593 3683 1667; baseline -0.004 -18"><span class='ocrx_word' id='word_1_627' title='bbox 2134 1596 2227 1649; x_wconf 72' lang='grc' dir='ltr'>καὶ</span> <span class='ocrx_word' id='word_1_628' title='bbox 2256 1597 2446 1667; x_wconf 85' lang='grc' dir='ltr'>γόητες</span> <span class='ocrx_word' id='word_1_629' title='bbox 2494 1599 2586 1650; x_wconf 77' lang='grc' dir='ltr'>καὶ</span> <span class='ocrx_word' id='word_1_630' title='bbox 2622 1597 2920 1662; x_wconf 79' lang='grc' dir='ltr'>ἀκόλαστοι,</span> <span class='ocrx_word' id='word_1_631' title='bbox 2950 1598 3042 1650; x_wconf 74' lang='grc' dir='ltr'>καὶ</span> <span class='ocrx_word' id='word_1_632' title='bbox 3064 1597 3182 1649; x_wconf 81' lang='grc' dir='ltr'>οὐδὲ</span> <span class='ocrx_word' id='word_1_633' title='bbox 3212 1595 3301 1647; x_wconf 83' lang='grc' dir='ltr'>τὸν</span> <span class='ocrx_word' id='word_1_634' title='bbox 3324 1595 3471 1664; x_wconf 71' lang='grc' dir='ltr'>ἥλιον</span> <span class='ocrx_word' id='word_1_635' title='bbox 3493 1593 3683 1645; x_wconf 80' lang='grc' dir='ltr'>τοῦτον</span> 
     </span>
    </p>
   </div>
   <div class='ocr_carea' id='block_1_82' title="bbox 2132 1674 3683 1750">
    <p class='ocr_par' dir='ltr' id='par_1_82' title="bbox 2132 1674 3683 1750">
     <span class='ocr_line' id='line_1_82' title="bbox 2132 1674 3683 1750; baseline -0.016 -2"><span class='ocrx_word' id='word_1_636' title='bbox 2132 1679 2262 1748; x_wconf 67' lang='grc' dir='ltr'>δρᾷν</span> <span class='ocrx_word' id='word_1_637' title='bbox 2288 1679 2442 1743; x_wconf 69' lang='grc' dir='ltr'>ἄξιοι,</span> <span class='ocrx_word' id='word_1_638' title='bbox 2471 1677 2592 1731; x_wconf 66' lang='grc' dir='ltr'>οὔτε</span> <span class='ocrx_word' id='word_1_639' title='bbox 2646 1679 2771 1750; x_wconf 78' lang='grc' dir='ltr'>ζῇν,</span> <span class='ocrx_word' id='word_1_640' title='bbox 2800 1679 2922 1732; x_wconf 78' lang='grc' dir='ltr'>οὔτε</span> <span class='ocrx_word' id='word_1_641' title='bbox 2966 1680 3240 1742; x_wconf 83' lang='grc' dir='ltr'>ἀναπνεῖν,</span> <span class='ocrx_word' id='word_1_642' title='bbox 3297 1674 3495 1743; x_wconf 84' lang='grc' dir='ltr'>πολλῆς</span> <span class='ocrx_word' id='word_1_643' title='bbox 3543 1674 3683 1726; x_wconf 81' lang='grc' dir='ltr'>ἀπο-</span> 
     </span>
    </p>
   </div>
   <div class='ocr_carea' id='block_1_83' title="bbox 2132 1752 3681 1831">
    <p class='ocr_par' dir='ltr' id='par_1_83' title="bbox 2132 1752 3681 1831">
     <span class='ocr_line' id='line_1_83' title="bbox 2132 1752 3681 1831; baseline -0.005 -19"><span class='ocrx_word' id='word_1_644' title='bbox 2132 1760 2378 1813; x_wconf 90' lang='grc' dir='ltr'>λαύουσιν</span> <span class='ocrx_word' id='word_1_645' title='bbox 2417 1762 2671 1831; x_wconf 82' lang='grc' dir='ltr'>εὐπορίας</span> <span class='ocrx_word' id='word_1_646' title='bbox 2701 1798 2718 1825; x_wconf 92' lang='grc'>,</span> <span class='ocrx_word' id='word_1_647' title='bbox 2770 1760 3156 1829; x_wconf 87' lang='grc' dir='ltr'>ἀνατρέποντες</span> <span class='ocrx_word' id='word_1_648' title='bbox 3214 1758 3387 1811; x_wconf 86' lang='grc' dir='ltr'>πάντα</span> <span class='ocrx_word' id='word_1_649' title='bbox 3424 1795 3440 1820; x_wconf 91' lang='grc'>,</span> <span class='ocrx_word' id='word_1_650' title='bbox 3504 1752 3681 1817; x_wconf 83' lang='grc' dir='ltr'>οἰκίας</span> 
     </span>
    </p>
   </div>
   <div class='ocr_carea' id='block_1_84' title="bbox 2134 1835 3683 1912">
    <p class='ocr_par' dir='ltr' id='par_1_84' title="bbox 2134 1835 3683 1912">
     <span class='ocr_line' id='line_1_84' title="bbox 2134 1835 3683 1912; baseline -0.006 -16"><span class='ocrx_word' id='word_1_651' title='bbox 2134 1842 2312 1912; x_wconf 86' lang='grc' dir='ltr'>χηρῶν</span> <span class='ocrx_word' id='word_1_652' title='bbox 2372 1843 2730 1912; x_wconf 78' lang='grc' dir='ltr'>ἁρπάζοντες,</span> <span class='ocrx_word' id='word_1_653' title='bbox 2780 1842 3042 1911; x_wconf 84' lang='grc' dir='ltr'>ὀρφανοὺς</span> <span class='ocrx_word' id='word_1_654' title='bbox 3104 1837 3517 1908; x_wconf 87' lang='grc' dir='ltr'>λυμαινόμενοι,</span> <span class='ocrx_word' id='word_1_655' title='bbox 3573 1835 3683 1887; x_wconf 84' lang='grc' dir='ltr'>τῶν</span> 
     </span>
    </p>
   </div>
   <div class='ocr_carea' id='block_1_85' title="bbox 2133 1917 3683 1994">
    <p class='ocr_par' dir='ltr' id='par_1_85' title="bbox 2133 1917 3683 1994">
     <span class='ocr_line' id='line_1_85' title="bbox 2133 1917 3683 1994; baseline -0.005 -19"><span class='ocrx_word' id='word_1_656' title='bbox 2133 1924 2557 1994; x_wconf 86' lang='grc' dir='ltr'>καταδεεστέρων</span> <span class='ocrx_word' id='word_1_657' title='bbox 2620 1922 2979 1993; x_wconf 83' lang='grc' dir='ltr'>ἐπαιρόμενοι.</span> <span class='ocrx_word' id='word_1_658' title='bbox 3035 1920 3361 1989; x_wconf 84' lang='grc' dir='ltr'>Βουλόμενος</span> <span class='ocrx_word' id='word_1_659' title='bbox 3414 1917 3591 1969; x_wconf 89' lang='grc' dir='ltr'>τοίνυν</span> <span class='ocrx_word' id='word_1_660' title='bbox 3653 1917 3683 1967; x_wconf 84' lang='grc' dir='ltr'>ό</span> 
     </span>
    </p>
   </div>
   <div class='ocr_carea' id='block_1_86' title="bbox 2131 1996 3681 2072">
    <p class='ocr_par' dir='ltr' id='par_1_86' title="bbox 2131 1996 3681 2072">
     <span class='ocr_line' id='line_1_86' title="bbox 2131 1996 3681 2072; baseline -0.006 -16"><span class='ocrx_word' id='word_1_661' title='bbox 2131 2004 2369 2066; x_wconf 88' lang='grc' dir='ltr'>διάϐολος</span> <span class='ocrx_word' id='word_1_662' title='bbox 2417 2007 2595 2056; x_wconf 89' lang='grc' dir='ltr'>πεῖσαι</span> <span class='ocrx_word' id='word_1_663' title='bbox 2645 2005 2767 2066; x_wconf 81' lang='grc' dir='ltr'>τοὺς</span> <span class='ocrx_word' id='word_1_664' title='bbox 2807 2002 3140 2072; x_wconf 83' lang='grc' dir='ltr'>ἀνθρώπους,</span> <span class='ocrx_word' id='word_1_665' title='bbox 3168 2000 3248 2052; x_wconf 78' lang='grc' dir='ltr'>ὅτι</span> <span class='ocrx_word' id='word_1_666' title='bbox 3292 2000 3397 2059; x_wconf 84' lang='grc' dir='ltr'>πᾶς</span> <span class='ocrx_word' id='word_1_667' title='bbox 3453 1996 3681 2055; x_wconf 82' lang='grc' dir='ltr'>πλοῦτος</span> 
     </span>
    </p>
   </div>
   <div class='ocr_carea' id='block_1_87' title="bbox 2131 2075 3681 2153">
    <p class='ocr_par' dir='ltr' id='par_1_87' title="bbox 2131 2075 3681 2153">
     <span class='ocr_line' id='line_1_87' title="bbox 2131 2075 3681 2153; baseline -0.008 -15"><span class='ocrx_word' id='word_1_668' title='bbox 2131 2085 2332 2138; x_wconf 85' lang='grc' dir='ltr'>ἀνωθέν</span> <span class='ocrx_word' id='word_1_669' title='bbox 2353 2087 2467 2137; x_wconf 85' lang='grc' dir='ltr'>ἐστι</span> <span class='ocrx_word' id='word_1_670' title='bbox 2508 2086 2599 2138; x_wconf 75' lang='grc' dir='ltr'>καὶ</span> <span class='ocrx_word' id='word_1_671' title='bbox 2623 2087 2687 2137; x_wconf 85' lang='grc' dir='ltr'>ἐκ</span> <span class='ocrx_word' id='word_1_672' title='bbox 2711 2085 2810 2153; x_wconf 85' lang='grc' dir='ltr'>τῆς</span> <span class='ocrx_word' id='word_1_673' title='bbox 2828 2082 2919 2136; x_wconf 79' lang='grc' dir='ltr'>τοῦ</span> <span class='ocrx_word' id='word_1_674' title='bbox 2945 2081 3076 2137; x_wconf 87' lang='grc' dir='ltr'>Θεοῦ</span> <span class='ocrx_word' id='word_1_675' title='bbox 3115 2082 3341 2150; x_wconf 84' lang='grc' dir='ltr'>δωρεᾶς,</span> <span class='ocrx_word' id='word_1_676' title='bbox 3372 2079 3437 2131; x_wconf 81' lang='grc' dir='ltr'>ἵν’</span> <span class='ocrx_word' id='word_1_677' title='bbox 3467 2080 3531 2129; x_wconf 87' lang='grc' dir='ltr'>ἐκ</span> <span class='ocrx_word' id='word_1_678' title='bbox 3558 2075 3681 2127; x_wconf 91' lang='grc' dir='ltr'>τού-</span> 
     </span>
    </p>
   </div>
   <div class='ocr_carea' id='block_1_88' title="bbox 2131 2163 3677 2241">
    <p class='ocr_par' dir='ltr' id='par_1_88' title="bbox 2131 2163 3677 2241">
     <span class='ocr_line' id='line_1_88' title="bbox 2131 2163 3677 2241; baseline -0.008 -17"><span class='ocrx_word' id='word_1_679' title='bbox 2131 2188 2223 2224; x_wconf 91' lang='grc' dir='ltr'>του</span> <span class='ocrx_word' id='word_1_680' title='bbox 2251 2171 2447 2241; x_wconf 80' lang='grc' dir='ltr'>πολλὴν</span> <span class='ocrx_word' id='word_1_681' title='bbox 2494 2169 2833 2240; x_wconf 80' lang='grc' dir='ltr'>βλασφημίαν</span> <span class='ocrx_word' id='word_1_682' title='bbox 2862 2166 3253 2238; x_wconf 77' lang='grc' dir='ltr'>προστρίψηται</span> <span class='ocrx_word' id='word_1_683' title='bbox 3293 2163 3369 2233; x_wconf 84' lang='grc' dir='ltr'>τῷ</span> <span class='ocrx_word' id='word_1_684' title='bbox 3413 2163 3677 2241; x_wconf 70' lang='grc' dir='ltr'>Δεσπότῃ,</span> 
     </span>
    </p>
   </div>
   <div class='ocr_carea' id='block_1_89' title="bbox 2133 2238 3683 2318">
    <p class='ocr_par' dir='ltr' id='par_1_89' title="bbox 2133 2238 3683 2318">
     <span class='ocr_line' id='line_1_89' title="bbox 2133 2238 3683 2318; baseline -0.023 3"><span class='ocrx_word' id='word_1_685' title='bbox 2133 2250 2286 2318; x_wconf 67' lang='grc' dir='ltr'>ῥῆσιν</span> <span class='ocrx_word' id='word_1_686' title='bbox 2307 2238 2416 2301; x_wconf 64' lang='grc' dir='ltr'>ἀπδ</span> <span class='ocrx_word' id='word_1_687' title='bbox 2458 2238 2555 2317; x_wconf 72' lang='grc' dir='ltr'>τῆς</span> <span class='ocrx_word' id='word_1_688' title='bbox 2583 2238 2800 2317; x_wconf 67' lang='grc' dir='ltr'>Γράφῆς</span> <span class='ocrx_word' id='word_1_689' title='bbox 2836 2244 3013 2296; x_wconf 88' lang='grc' dir='ltr'>λαϐὼν</span> <span class='ocrx_word' id='word_1_690' title='bbox 3043 2244 3138 2313; x_wconf 83' lang='grc' dir='ltr'>τὴν</span> <span class='ocrx_word' id='word_1_691' title='bbox 3177 2244 3457 2309; x_wconf 89' lang='grc' dir='ltr'>λέγουσαν,</span> <span class='ocrx_word' id='word_1_692' title='bbox 3498 2238 3683 2304; x_wconf 79' lang='grc' dir='ltr'>Ἐμὸν</span> 
     </span>
    </p>
   </div>
   <div class='ocr_carea' id='block_1_90' title="bbox 2127 2319 3680 2397">
    <p class='ocr_par' dir='ltr' id='par_1_90' title="bbox 2127 2319 3680 2397">
     <span class='ocr_line' id='line_1_90' title="bbox 2127 2319 3680 2397; baseline -0.008 -16"><span class='ocrx_word' id='word_1_693' title='bbox 2127 2330 2193 2381; x_wconf 83' lang='grc' dir='ltr'>τὸ</span> <span class='ocrx_word' id='word_1_694' title='bbox 2220 2330 2513 2397; x_wconf 76' lang='grc' dir='ltr'>ἀργύριον,</span> <span class='ocrx_word' id='word_1_695' title='bbox 2552 2328 2647 2380; x_wconf 81' lang='grc' dir='ltr'>καί</span> <span class='ocrx_word' id='word_1_696' title='bbox 2674 2326 2817 2394; x_wconf 85' lang='grc' dir='ltr'>ἐμὸν</span> <span class='ocrx_word' id='word_1_697' title='bbox 2838 2326 2901 2377; x_wconf 86' lang='grc' dir='ltr'>τὸ</span> <span class='ocrx_word' id='word_1_698' title='bbox 2939 2325 3209 2392; x_wconf 79' lang='grc' dir='ltr'>χρυσίον,</span> <span class='ocrx_word' id='word_1_699' title='bbox 3239 2322 3429 2391; x_wconf 79' lang='grc' dir='ltr'>ἑτέραν</span> <span class='ocrx_word' id='word_1_700' title='bbox 3456 2320 3553 2397; x_wconf 61' lang='grc' dir='ltr'>τήν</span> <span class='ocrx_word' id='word_1_701' title='bbox 3579 2319 3680 2370; x_wconf 86' lang='grc' dir='ltr'>οὐκ</span> 
     </span>
    </p>
   </div>
   <div class='ocr_carea' id='block_1_91' title="bbox 2127 2396 3679 2479">
    <p class='ocr_par' dir='ltr' id='par_1_91' title="bbox 2127 2396 3679 2479">
     <span class='ocr_line' id='line_1_91' title="bbox 2127 2396 3679 2479; baseline -0.006 -17"><span class='ocrx_word' id='word_1_702' title='bbox 2127 2396 2307 2464; x_wconf 70' lang='grc' dir='ltr'>οὖσαν</span> <span class='ocrx_word' id='word_1_703' title='bbox 2337 2412 2392 2462; x_wconf 93' lang='grc' dir='ltr'>ἐν</span> <span class='ocrx_word' id='word_1_704' title='bbox 2432 2412 2496 2479; x_wconf 76' lang='grc' dir='ltr'>τῇ</span> <span class='ocrx_word' id='word_1_705' title='bbox 2543 2410 2729 2476; x_wconf 86' lang='grc' dir='ltr'>Γραφῇ</span> <span class='ocrx_word' id='word_1_706' title='bbox 2776 2406 3119 2477; x_wconf 86' lang='grc' dir='ltr'>προστέθεικε</span> <span class='ocrx_word' id='word_1_707' title='bbox 3154 2404 3471 2471; x_wconf 64' lang='grc' dir='ltr'>λέγωνἹτὶαλ⁸</span> <span class='ocrx_word' id='word_1_708' title='bbox 3501 2396 3546 2467; x_wconf 78' lang='grc' dir='ltr'>ᾧ</span> <span class='ocrx_word' id='word_1_709' title='bbox 3584 2398 3679 2452; x_wconf 86' lang='grc' dir='ltr'>ἐὰν</span> 
     </span>
    </p>
   </div>
   <div class='ocr_carea' id='block_1_92' title="bbox 2128 2481 3678 2557">
    <p class='ocr_par' dir='ltr' id='par_1_92' title="bbox 2128 2481 3678 2557">
     <span class='ocr_line' id='line_1_92' title="bbox 2128 2481 3678 2557; baseline -0.009 -12"><span class='ocrx_word' id='word_1_710' title='bbox 2128 2493 2281 2553; x_wconf 84' lang='grc' dir='ltr'>θέλω,</span> <span class='ocrx_word' id='word_1_711' title='bbox 2302 2492 2452 2544; x_wconf 86' lang='grc' dir='ltr'>δώσω</span> <span class='ocrx_word' id='word_1_712' title='bbox 2478 2490 2631 2543; x_wconf 87' lang='grc' dir='ltr'>αὑτά.</span> <span class='ocrx_word' id='word_1_713' title='bbox 2662 2490 2719 2541; x_wconf 83' lang='grc' dir='ltr'>Ὀ</span> <span class='ocrx_word' id='word_1_714' title='bbox 2746 2489 2799 2541; x_wconf 80' lang='grc' dir='ltr'>δὲ</span> <span class='ocrx_word' id='word_1_715' title='bbox 2833 2489 3108 2557; x_wconf 80' lang='grc' dir='ltr'>προφήτης</span> <span class='ocrx_word' id='word_1_716' title='bbox 3138 2486 3385 2550; x_wconf 82' lang='grc' dir='ltr'>Ἀγγαῖος</span> <span class='ocrx_word' id='word_1_717' title='bbox 3413 2483 3509 2550; x_wconf 87' lang='grc' dir='ltr'>οὐχ</span> <span class='ocrx_word' id='word_1_718' title='bbox 3535 2481 3678 2531; x_wconf 63' lang='grc' dir='ltr'>οὕτω</span> 
     </span>
    </p>
   </div>
   <div class='ocr_carea' id='block_1_93' title="bbox 2128 2560 3677 2643">
    <p class='ocr_par' dir='ltr' id='par_1_93' title="bbox 2128 2560 3677 2643">
     <span class='ocr_line' id='line_1_93' title="bbox 2128 2560 3677 2643; baseline -0.01 -17"><span class='ocrx_word' id='word_1_719' title='bbox 2128 2575 2285 2643; x_wconf 82' lang='grc' dir='ltr'>φησίν</span> <span class='ocrx_word' id='word_1_720' title='bbox 2303 2592 2315 2603; x_wconf 90' lang='grc'><strong>·</strong></span> <span class='ocrx_word' id='word_1_721' title='bbox 2345 2573 2453 2625; x_wconf 79' lang='grc' dir='ltr'>ἀλλ’</span> <span class='ocrx_word' id='word_1_722' title='bbox 2478 2572 2634 2641; x_wconf 74' lang='grc' dir='ltr'>ἡνίκα</span> <span class='ocrx_word' id='word_1_723' title='bbox 2665 2568 2959 2634; x_wconf 72' lang='grc' dir='ltr'>ἐπανῆλθον</span> <span class='ocrx_word' id='word_1_724' title='bbox 2986 2569 3047 2618; x_wconf 88' lang='grc' dir='ltr'>ἐκ</span> <span class='ocrx_word' id='word_1_725' title='bbox 3070 2567 3166 2635; x_wconf 85' lang='grc' dir='ltr'>τῆς</span> <span class='ocrx_word' id='word_1_726' title='bbox 3195 2564 3465 2635; x_wconf 86' lang='grc' dir='ltr'>βαρϐάρου</span> <span class='ocrx_word' id='word_1_727' title='bbox 3494 2562 3594 2628; x_wconf 86' lang='grc' dir='ltr'>γῆς</span> <span class='ocrx_word' id='word_1_728' title='bbox 3616 2560 3677 2643; x_wconf 10' lang='grc' dir='ltr'>,οἰ</span> 
     </span>
    </p>
   </div>
   <div class='ocr_carea' id='block_1_94' title="bbox 2139 2641 3678 2719">
    <p class='ocr_par' dir='ltr' id='par_1_94' title="bbox 2139 2641 3678 2719">
     <span class='ocr_line' id='line_1_94' title="bbox 2139 2641 3678 2719; baseline -0.01 -12"><span class='ocrx_word' id='word_1_729' title='bbox 2139 2641 2392 2713; x_wconf 82' lang='grc' dir='ltr'>Ἰουδαῖοι,</span> <span class='ocrx_word' id='word_1_730' title='bbox 2426 2655 2516 2706; x_wconf 74' lang='grc' dir='ltr'>καὶ</span> <span class='ocrx_word' id='word_1_731' title='bbox 2542 2653 2630 2705; x_wconf 87' lang='grc' dir='ltr'>τὸν</span> <span class='ocrx_word' id='word_1_732' title='bbox 2658 2652 2780 2705; x_wconf 86' lang='grc' dir='ltr'>ναὸν</span> <span class='ocrx_word' id='word_1_733' title='bbox 2809 2649 3026 2719; x_wconf 77' lang='grc' dir='ltr'>ἔμελλον</span> <span class='ocrx_word' id='word_1_734' title='bbox 3063 2649 3299 2717; x_wconf 86' lang='grc' dir='ltr'>ἀνιστᾷν,</span> <span class='ocrx_word' id='word_1_735' title='bbox 3337 2646 3426 2697; x_wconf 75' lang='grc' dir='ltr'>καὶ</span> <span class='ocrx_word' id='word_1_736' title='bbox 3472 2646 3550 2706; x_wconf 88' lang='grc' dir='ltr'>εἰς</span> <span class='ocrx_word' id='word_1_737' title='bbox 3580 2641 3678 2707; x_wconf 77' lang='grc' dir='ltr'>τὴν</span> 
     </span>
    </p>
   </div>
   <div class='ocr_carea' id='block_1_95' title="bbox 2127 2724 3674 2806">
    <p class='ocr_par' dir='ltr' id='par_1_95' title="bbox 2127 2724 3674 2806">
     <span class='ocr_line' id='line_1_95' title="bbox 2127 2724 3674 2806; baseline -0.009 -19"><span class='ocrx_word' id='word_1_738' title='bbox 2127 2737 2392 2806; x_wconf 83' lang='grc' dir='ltr'>προτέραν</span> <span class='ocrx_word' id='word_1_739' title='bbox 2446 2738 2594 2803; x_wconf 83' lang='grc' dir='ltr'>ἄγειν</span> <span class='ocrx_word' id='word_1_740' title='bbox 2664 2732 3026 2802; x_wconf 83' lang='grc' dir='ltr'>εὐπρέπειαν,</span> <span class='ocrx_word' id='word_1_741' title='bbox 3098 2729 3282 2797; x_wconf 82' lang='grc' dir='ltr'>ἐπειδὴ</span> <span class='ocrx_word' id='word_1_742' title='bbox 3344 2724 3674 2806; x_wconf 81' lang='grc' dir='ltr'>διηπόρουν,</span> 
     </span>
    </p>
   </div>
   <div class='ocr_carea' id='block_1_96' title="bbox 2126 2804 3676 2885">
    <p class='ocr_par' dir='ltr' id='par_1_96' title="bbox 2126 2804 3676 2885">
     <span class='ocr_line' id='line_1_96' title="bbox 2126 2804 3676 2885; baseline -0.01 -16"><span class='ocrx_word' id='word_1_743' title='bbox 2126 2804 2392 2885; x_wconf 84' lang='grc' dir='ltr'>πολεμίων</span> <span class='ocrx_word' id='word_1_744' title='bbox 2429 2812 2816 2885; x_wconf 82' lang='grc' dir='ltr'>περιεστώτων,</span> <span class='ocrx_word' id='word_1_745' title='bbox 2861 2812 3046 2872; x_wconf 87' lang='grc' dir='ltr'>πενίας</span> <span class='ocrx_word' id='word_1_746' title='bbox 3085 2810 3248 2879; x_wconf 74' lang='grc' dir='ltr'>οὔσης</span> <span class='ocrx_word' id='word_1_747' title='bbox 3282 2806 3498 2873; x_wconf 87' lang='grc' dir='ltr'>πολλῆς,</span> <span class='ocrx_word' id='word_1_748' title='bbox 3525 2804 3676 2885; x_wconf 82' lang='grc' dir='ltr'>οὐδε-</span> 
     </span>
    </p>
   </div>
   <div class='ocr_carea' id='block_1_97' title="bbox 2128 2883 3676 2966">
    <p class='ocr_par' dir='ltr' id='par_1_97' title="bbox 2128 2883 3676 2966">
     <span class='ocr_line' id='line_1_97' title="bbox 2128 2883 3676 2966; baseline -0.01 -17"><span class='ocrx_word' id='word_1_749' title='bbox 2128 2883 2556 2966; x_wconf 24' lang='grc' dir='ltr'>μιᾶς-οὐδαμόθεν</span> <span class='ocrx_word' id='word_1_750' title='bbox 2584 2892 2837 2963; x_wconf 75' lang='grc' dir='ltr'>εὐπορίας</span> <span class='ocrx_word' id='word_1_751' title='bbox 2865 2891 3206 2959; x_wconf 84' lang='grc' dir='ltr'>φαινομένης,</span> <span class='ocrx_word' id='word_1_752' title='bbox 3228 2887 3568 2956; x_wconf 81' lang='grc' dir='ltr'>βουλομένοις</span> <span class='ocrx_word' id='word_1_753' title='bbox 3595 2883 3676 2942; x_wconf 81' lang='grc' dir='ltr'>εἰς</span> 
     </span>
    </p>
   </div>
   <div class='ocr_carea' id='block_1_98' title="bbox 2124 2966 3678 3055">
    <p class='ocr_par' dir='ltr' id='par_1_98' title="bbox 2124 2966 3678 3055">
     <span class='ocr_line' id='line_1_98' title="bbox 2124 2966 3678 3055; baseline -0.012 -24"><span class='ocrx_word' id='word_1_754' title='bbox 2124 2979 2360 3048; x_wconf 74' lang='grc' dir='ltr'>χρηστὰς</span> <span class='ocrx_word' id='word_1_755' title='bbox 2390 2979 2611 3044; x_wconf 87' lang='grc' dir='ltr'>ἀγαγεῖν</span> <span class='ocrx_word' id='word_1_756' title='bbox 2637 2976 2829 3036; x_wconf 85' lang='grc' dir='ltr'>αὐτοὺς</span> <span class='ocrx_word' id='word_1_757' title='bbox 2866 2972 3082 3033; x_wconf 78' lang='grc' dir='ltr'>ἐλπίδας</span> <span class='ocrx_word' id='word_1_758' title='bbox 3129 2971 3221 3055; x_wconf 73' lang='grc' dir='ltr'>καὶ</span> <span class='ocrx_word' id='word_1_759' title='bbox 3250 2971 3441 3055; x_wconf 56' lang='grc' dir='ltr'>πεῖσαι</span> <span class='ocrx_word' id='word_1_760' title='bbox 3456 2966 3678 3055; x_wconf 61' lang='grc' dir='ltr'>θαρρεῖν</span> 
     </span>
    </p>
   </div>
   <div class='ocr_carea' id='block_1_99' title="bbox 2124 3046 3675 3127">
    <p class='ocr_par' dir='ltr' id='par_1_99' title="bbox 2124 3046 3675 3127">
     <span class='ocr_line' id='line_1_99' title="bbox 2124 3046 3675 3127; baseline -0.01 -16"><span class='ocrx_word' id='word_1_761' title='bbox 2124 3046 2253 3127; x_wconf 77' lang='grc' dir='ltr'>περὶ</span> <span class='ocrx_word' id='word_1_762' title='bbox 2295 3058 2385 3111; x_wconf 82' lang='grc' dir='ltr'>τοῦ</span> <span class='ocrx_word' id='word_1_763' title='bbox 2414 3057 2666 3123; x_wconf 54' lang='grc' dir='ltr'>τέλουςβ,</span> <span class='ocrx_word' id='word_1_764' title='bbox 2696 3057 2861 3125; x_wconf 76' lang='grc' dir='ltr'>φησὶν</span> <span class='ocrx_word' id='word_1_765' title='bbox 2905 3056 2966 3106; x_wconf 84' lang='grc' dir='ltr'>ἐκ</span> <span class='ocrx_word' id='word_1_766' title='bbox 3018 3048 3304 3123; x_wconf 86' lang='grc' dir='ltr'>προσώπου</span> <span class='ocrx_word' id='word_1_767' title='bbox 3352 3047 3444 3099; x_wconf 81' lang='grc' dir='ltr'>τοῦ</span> <span class='ocrx_word' id='word_1_768' title='bbox 3504 3046 3675 3096; x_wconf 77' lang='grc' dir='ltr'>Θεοῦο</span> 
     </span>
    </p>
   </div>
   <div class='ocr_carea' id='block_1_100' title="bbox 2138 3129 3675 3208">
    <p class='ocr_par' dir='ltr' id='par_1_100' title="bbox 2138 3129 3675 3208">
     <span class='ocr_line' id='line_1_100' title="bbox 2138 3129 3675 3208; baseline -0.01 -14"><span class='ocrx_word' id='word_1_769' title='bbox 2138 3142 2311 3208; x_wconf 84' lang='grc' dir='ltr'>Ἐμόν</span> <span class='ocrx_word' id='word_1_770' title='bbox 2336 3142 2465 3193; x_wconf 82' lang='grc' dir='ltr'>ἐστι</span> <span class='ocrx_word' id='word_1_771' title='bbox 2513 3144 2577 3193; x_wconf 82' lang='grc' dir='ltr'>τὸ</span> <span class='ocrx_word' id='word_1_772' title='bbox 2611 3139 2907 3206; x_wconf 81' lang='grc' dir='ltr'>ἀργύριον,</span> <span class='ocrx_word' id='word_1_773' title='bbox 2950 3134 3047 3188; x_wconf 81' lang='grc' dir='ltr'>καὶ</span> <span class='ocrx_word' id='word_1_774' title='bbox 3096 3132 3242 3200; x_wconf 82' lang='grc' dir='ltr'>ἐμὸν</span> <span class='ocrx_word' id='word_1_775' title='bbox 3294 3131 3358 3183; x_wconf 86' lang='grc' dir='ltr'>τὸ</span> <span class='ocrx_word' id='word_1_776' title='bbox 3403 3129 3675 3208; x_wconf 81' lang='grc' dir='ltr'>χρυσίον,</span> 
     </span>
    </p>
   </div>
   <div class='ocr_carea' id='block_1_101' title="bbox 2124 3207 3676 3287">
    <p class='ocr_par' dir='ltr' id='par_1_101' title="bbox 2124 3207 3676 3287">
     <span class='ocr_line' id='line_1_101' title="bbox 2124 3207 3676 3287; baseline -0.01 -13"><span class='ocrx_word' id='word_1_777' title='bbox 2124 3207 2223 3275; x_wconf 81' lang='grc' dir='ltr'>καὶ</span> <span class='ocrx_word' id='word_1_778' title='bbox 2271 3222 2436 3275; x_wconf 77' lang='grc' dir='ltr'>ἔσται</span> <span class='ocrx_word' id='word_1_779' title='bbox 2478 3222 2516 3287; x_wconf 79' lang='grc' dir='ltr'>ἡ</span> <span class='ocrx_word' id='word_1_780' title='bbox 2565 3220 2713 3282; x_wconf 81' lang='grc' dir='ltr'>δόξα</span> <span class='ocrx_word' id='word_1_781' title='bbox 2752 3216 2855 3270; x_wconf 84' lang='grc' dir='ltr'>τοῦ</span> <span class='ocrx_word' id='word_1_782' title='bbox 2899 3216 3066 3269; x_wconf 79' lang='grc' dir='ltr'>οἴκου</span> <span class='ocrx_word' id='word_1_783' title='bbox 3112 3213 3325 3266; x_wconf 83' lang='grc' dir='ltr'>τούτου</span> <span class='ocrx_word' id='word_1_784' title='bbox 3356 3211 3395 3277; x_wconf 84' lang='grc' dir='ltr'><strong><em>ἡ</em></strong></span> <span class='ocrx_word' id='word_1_785' title='bbox 3447 3207 3676 3275; x_wconf 77' lang='grc' dir='ltr'>ἐσχάτη</span> 
     </span>
    </p>
   </div>
   <div class='ocr_carea' id='block_1_102' title="bbox 2122 3302 2689 3371">
    <p class='ocr_par' dir='ltr' id='par_1_102' title="bbox 2122 3302 2689 3371">
     <span class='ocr_line' id='line_1_102' title="bbox 2122 3302 2689 3371; baseline -0.005 -16"><span class='ocrx_word' id='word_1_786' title='bbox 2122 3303 2272 3370; x_wconf 82' lang='grc' dir='ltr'>ὑπὲρ</span> <span class='ocrx_word' id='word_1_787' title='bbox 2296 3304 2408 3371; x_wconf 78' lang='grc' dir='ltr'>τὴν</span> <span class='ocrx_word' id='word_1_788' title='bbox 2436 3302 2689 3369; x_wconf 81' lang='grc' dir='ltr'>πρώτην.</span> 
     </span>
    </p>
   </div>
   <div class='ocr_carea' id='block_1_103' title="bbox 2192 3372 3679 3453">
    <p class='ocr_par' dir='ltr' id='par_1_103' title="bbox 2192 3372 3679 3453">
     <span class='ocr_line' id='line_1_103' title="bbox 2192 3372 3679 3453; baseline -0.014 -11"><span class='ocrx_word' id='word_1_789' title='bbox 2192 3390 2300 3441; x_wconf 76' lang='grc' dir='ltr'>Καὶ</span> <span class='ocrx_word' id='word_1_790' title='bbox 2327 3390 2378 3441; x_wconf 91' lang='grc' dir='ltr'>τί</span> <span class='ocrx_word' id='word_1_791' title='bbox 2433 3387 2586 3440; x_wconf 84' lang='grc' dir='ltr'>τοῦτο</span> <span class='ocrx_word' id='word_1_792' title='bbox 2614 3384 2747 3453; x_wconf 87' lang='grc' dir='ltr'>πρὸς</span> <span class='ocrx_word' id='word_1_793' title='bbox 2790 3384 2849 3435; x_wconf 87' lang='grc' dir='ltr'>τὸ</span> <span class='ocrx_word' id='word_1_794' title='bbox 2895 3381 3281 3452; x_wconf 85' lang='grc' dir='ltr'>προκείμενον;</span> <span class='ocrx_word' id='word_1_795' title='bbox 3325 3377 3447 3427; x_wconf 83' lang='grc' dir='ltr'>Ὅτι</span> <span class='ocrx_word' id='word_1_796' title='bbox 3491 3373 3550 3425; x_wconf 92' lang='grc' dir='ltr'>οὐ</span> <span class='ocrx_word' id='word_1_797' title='bbox 3597 3372 3679 3423; x_wconf 84' lang='grc' dir='ltr'>δεῖ</span> 
     </span>
    </p>
   </div>
   <div class='ocr_carea' id='block_1_104' title="bbox 2123 3457 3677 3540">
    <p class='ocr_par' dir='ltr' id='par_1_104' title="bbox 2123 3457 3677 3540">
     <span class='ocr_line' id='line_1_104' title="bbox 2123 3457 3677 3540; baseline -0.014 -13"><span class='ocrx_word' id='word_1_798' title='bbox 2123 3475 2305 3536; x_wconf 83' lang='grc' dir='ltr'>ἁπλῶς</span> <span class='ocrx_word' id='word_1_799' title='bbox 2359 3474 2456 3535; x_wconf 84' lang='grc' dir='ltr'>τὰς</span> <span class='ocrx_word' id='word_1_800' title='bbox 2490 3473 2598 3525; x_wconf 90' lang='grc' dir='ltr'>τῶν</span> <span class='ocrx_word' id='word_1_801' title='bbox 2625 3468 2852 3540; x_wconf 86' lang='grc' dir='ltr'>Γραφῶν</span> <span class='ocrx_word' id='word_1_802' title='bbox 2882 3471 3065 3537; x_wconf 78' lang='grc' dir='ltr'>ῥήσεις</span> <span class='ocrx_word' id='word_1_803' title='bbox 3108 3463 3446 3532; x_wconf 83' lang='grc' dir='ltr'>παραφέρειν</span> <span class='ocrx_word' id='word_1_804' title='bbox 3462 3459 3511 3522; x_wconf 76' lang='grc' dir='ltr'>ιι,</span> <span class='ocrx_word' id='word_1_805' title='bbox 3556 3457 3677 3508; x_wconf 81' lang='grc' dir='ltr'>οὐδὲ</span> 
     </span>
    </p>
   </div>
   <div class='ocr_carea' id='block_1_105' title="bbox 2122 3542 3678 3625">
    <p class='ocr_par' dir='ltr' id='par_1_105' title="bbox 2122 3542 3678 3625">
     <span class='ocr_line' id='line_1_105' title="bbox 2122 3542 3678 3625; baseline -0.014 -11"><span class='ocrx_word' id='word_1_806' title='bbox 2122 3561 2478 3620; x_wconf 76' lang='grc' dir='ltr'>ἐκκόπτοντας</span> <span class='ocrx_word' id='word_1_807' title='bbox 2532 3557 2629 3625; x_wconf 84' lang='grc' dir='ltr'>τῆς</span> <span class='ocrx_word' id='word_1_808' title='bbox 2686 3553 3019 3614; x_wconf 89' lang='grc' dir='ltr'>ἀκολουθίας,</span> <span class='ocrx_word' id='word_1_809' title='bbox 3063 3550 3182 3602; x_wconf 85' lang='grc' dir='ltr'>οὐδὲ</span> <span class='ocrx_word' id='word_1_810' title='bbox 3222 3548 3323 3615; x_wconf 83' lang='grc' dir='ltr'>τῆς</span> <span class='ocrx_word' id='word_1_811' title='bbox 3359 3542 3678 3611; x_wconf 88' lang='grc' dir='ltr'>συγγενείας</span> 
     </span>
    </p>
   </div>
   <div class='ocr_carea' id='block_1_106' title="bbox 2122 3630 3677 3711">
    <p class='ocr_par' dir='ltr' id='par_1_106' title="bbox 2122 3630 3677 3711">
     <span class='ocr_line' id='line_1_106' title="bbox 2122 3630 3677 3711; baseline -0.012 -12"><span class='ocrx_word' id='word_1_812' title='bbox 2122 3646 2494 3708; x_wconf 85' lang='grc' dir='ltr'>ἀποσπῶντας,</span> <span class='ocrx_word' id='word_1_813' title='bbox 2521 3642 2640 3696; x_wconf 82' lang='grc' dir='ltr'>οὑδὲ</span> <span class='ocrx_word' id='word_1_814' title='bbox 2684 3642 2861 3711; x_wconf 77' lang='grc' dir='ltr'>ἔρημα</span> <span class='ocrx_word' id='word_1_815' title='bbox 2890 3641 2980 3692; x_wconf 75' lang='grc' dir='ltr'>καὶ</span> <span class='ocrx_word' id='word_1_816' title='bbox 3006 3636 3185 3706; x_wconf 90' lang='grc' dir='ltr'>γυμνά</span> <span class='ocrx_word' id='word_1_817' title='bbox 3231 3635 3298 3685; x_wconf 86' lang='grc' dir='ltr'>τὰ</span> <span class='ocrx_word' id='word_1_818' title='bbox 3332 3632 3549 3702; x_wconf 76' lang='grc' dir='ltr'>ῥήματα</span> <span class='ocrx_word' id='word_1_819' title='bbox 3576 3630 3677 3697; x_wconf 82' lang='grc' dir='ltr'>τῆς</span> 
     </span>
    </p>
   </div>
   <div class='ocr_carea' id='block_1_107' title="bbox 2120 3716 3674 3800">
    <p class='ocr_par' dir='ltr' id='par_1_107' title="bbox 2120 3716 3674 3800">
     <span class='ocr_line' id='line_1_107' title="bbox 2120 3716 3674 3800; baseline -0.012 -15"><span class='ocrx_word' id='word_1_820' title='bbox 2120 3732 2227 3786; x_wconf 88' lang='grc' dir='ltr'>τῶν</span> <span class='ocrx_word' id='word_1_821' title='bbox 2253 3732 2525 3800; x_wconf 79' lang='grc' dir='ltr'>ἑπομένων</span> <span class='ocrx_word' id='word_1_822' title='bbox 2552 3729 2585 3799; x_wconf 81' lang='grc' dir='ltr'>ἢ</span> <span class='ocrx_word' id='word_1_823' title='bbox 2625 3727 2996 3797; x_wconf 86' lang='grc' dir='ltr'>προλαϐόντων</span> <span class='ocrx_word' id='word_1_824' title='bbox 3029 3721 3276 3793; x_wconf 84' lang='grc' dir='ltr'>βοηθείας</span> <span class='ocrx_word' id='word_1_825' title='bbox 3304 3716 3674 3800; x_wconf 84' lang='grc' dir='ltr'>λαμϐάνοντας</span> 
     </span>
    </p>
   </div>
   <div class='ocr_carea' id='block_1_108' title="bbox 2124 3799 3677 3884">
    <p class='ocr_par' dir='ltr' id='par_1_108' title="bbox 2124 3799 3677 3884">
     <span class='ocr_line' id='line_1_108' title="bbox 2124 3799 3677 3884; baseline -0.012 -14"><span class='ocrx_word' id='word_1_826' title='bbox 2124 3799 2473 3884; x_wconf 84' lang='grc' dir='ltr'>συκοφαντεῖν</span> <span class='ocrx_word' id='word_1_827' title='bbox 2493 3813 2673 3875; x_wconf 88' lang='grc' dir='ltr'>ἁπλῶς</span> <span class='ocrx_word' id='word_1_828' title='bbox 2689 3812 2781 3864; x_wconf 77' lang='grc' dir='ltr'>καὶ</span> <span class='ocrx_word' id='word_1_829' title='bbox 2796 3808 3135 3879; x_wconf 82' lang='grc' dir='ltr'>ἐπηρεάζειν.</span> <span class='ocrx_word' id='word_1_830' title='bbox 3154 3803 3296 3877; x_wconf 78' lang='grc'>[165]</span> <span class='ocrx_word' id='word_1_831' title='bbox 3321 3802 3440 3865; x_wconf 88' lang='grc' dir='ltr'>Πῶς</span> <span class='ocrx_word' id='word_1_832' title='bbox 3455 3801 3561 3869; x_wconf 88' lang='grc' dir='ltr'>γάρ</span> <span class='ocrx_word' id='word_1_833' title='bbox 3575 3799 3677 3851; x_wconf 86' lang='grc' dir='ltr'>οὐκ</span> 
     </span>
    </p>
   </div>
   <div class='ocr_carea' id='block_1_109' title="bbox 2120 3884 3676 3967">
    <p class='ocr_par' dir='ltr' id='par_1_109' title="bbox 2120 3884 3676 3967">
     <span class='ocr_line' id='line_1_109' title="bbox 2120 3884 3676 3967; baseline -0.013 -12"><span class='ocrx_word' id='word_1_834' title='bbox 2120 3904 2335 3965; x_wconf 83' lang='grc' dir='ltr'>ἄτοπον,</span> <span class='ocrx_word' id='word_1_835' title='bbox 2368 3903 2424 3952; x_wconf 92' lang='grc' dir='ltr'>ἐν</span> <span class='ocrx_word' id='word_1_836' title='bbox 2454 3899 2780 3967; x_wconf 83' lang='grc' dir='ltr'>δικαστηρίῳ</span> <span class='ocrx_word' id='word_1_837' title='bbox 2808 3899 2902 3965; x_wconf 84' lang='grc' dir='ltr'>μὲν</span> <span class='ocrx_word' id='word_1_838' title='bbox 2934 3894 3057 3963; x_wconf 73' lang='grc' dir='ltr'>περὶ</span> <span class='ocrx_word' id='word_1_839' title='bbox 3091 3891 3355 3962; x_wconf 87' lang='grc' dir='ltr'>βιωτικῶν</span> <span class='ocrx_word' id='word_1_840' title='bbox 3393 3884 3676 3954; x_wconf 78' lang='grc' dir='ltr'>δικαζομέ-</span> 
     </span>
    </p>
   </div>
   <div class='ocr_carea' id='block_1_110' title="bbox 2121 3970 3675 4057">
    <p class='ocr_par' dir='ltr' id='par_1_110' title="bbox 2121 3970 3675 4057">
     <span class='ocr_line' id='line_1_110' title="bbox 2121 3970 3675 4057; baseline -0.012 -17"><span class='ocrx_word' id='word_1_841' title='bbox 2121 4005 2241 4051; x_wconf 86' lang='grc' dir='ltr'>νους</span> <span class='ocrx_word' id='word_1_842' title='bbox 2270 3992 2286 4030; x_wconf 82' lang='lat' dir='ltr'><strong>i</strong></span> <span class='ocrx_word' id='word_1_843' title='bbox 2336 3984 2692 4057; x_wconf 86' lang='grc' dir='ltr'>πραγμάτων,</span> <span class='ocrx_word' id='word_1_844' title='bbox 2722 3982 2932 4035; x_wconf 72' lang='grc' dir='ltr'>ἅπαντα</span> <span class='ocrx_word' id='word_1_845' title='bbox 2959 3983 3034 4042; x_wconf 84' lang='grc' dir='ltr'>εἰς</span> <span class='ocrx_word' id='word_1_846' title='bbox 3070 3980 3228 4048; x_wconf 86' lang='grc' dir='ltr'>μέσον</span> <span class='ocrx_word' id='word_1_847' title='bbox 3261 3973 3569 4045; x_wconf 88' lang='grc' dir='ltr'>προτιθέναι</span> <span class='ocrx_word' id='word_1_848' title='bbox 3605 3970 3675 4023; x_wconf 86' lang='grc' dir='ltr'>τά</span> 
     </span>
    </p>
   </div>
   <div class='ocr_carea' id='block_1_111' title="bbox 2120 4057 3673 4142">
    <p class='ocr_par' dir='ltr' id='par_1_111' title="bbox 2120 4057 3673 4142">
     <span class='ocr_line' id='line_1_111' title="bbox 2120 4057 3673 4142; baseline -0.012 -15"><span class='ocrx_word' id='word_1_849' title='bbox 2120 4076 2472 4142; x_wconf 83' lang='grc' dir='ltr'>δικαιώματα,</span> <span class='ocrx_word' id='word_1_850' title='bbox 2504 4072 2593 4123; x_wconf 74' lang='grc' dir='ltr'>καὶ</span> <span class='ocrx_word' id='word_1_851' title='bbox 2642 4070 2833 4131; x_wconf 90' lang='grc' dir='ltr'>τόπους</span> <span class='ocrx_word' id='word_1_852' title='bbox 2864 4068 2957 4120; x_wconf 81' lang='grc' dir='ltr'>καὶ</span> <span class='ocrx_word' id='word_1_853' title='bbox 2998 4065 3216 4135; x_wconf 78' lang='grc' dir='ltr'>καιροὺς</span> <span class='ocrx_word' id='word_1_854' title='bbox 3246 4062 3339 4115; x_wconf 75' lang='grc' dir='ltr'>καὶ</span> <span class='ocrx_word' id='word_1_855' title='bbox 3365 4059 3542 4120; x_wconf 80' lang='grc' dir='ltr'>αἰτίας</span> <span class='ocrx_word' id='word_1_856' title='bbox 3577 4057 3673 4142; x_wconf 83' lang='grc' dir='ltr'>καὶ</span> 
     </span>
    </p>
   </div>
   <div class='ocr_carea' id='block_1_112' title="bbox 2124 4141 3671 4226">
    <p class='ocr_par' dir='ltr' id='par_1_112' title="bbox 2124 4141 3671 4226">
     <span class='ocr_line' id='line_1_112' title="bbox 2124 4141 3671 4226; baseline -0.013 -14"><span class='ocrx_word' id='word_1_857' title='bbox 2124 4141 2389 4226; x_wconf 84' lang='grc' dir='ltr'>πρόσωπα</span> <span class='ocrx_word' id='word_1_858' title='bbox 2417 4156 2509 4209; x_wconf 71' lang='grc' dir='ltr'>καὶ</span> <span class='ocrx_word' id='word_1_859' title='bbox 2556 4154 2722 4225; x_wconf 87' lang='grc' dir='ltr'>μυρία</span> <span class='ocrx_word' id='word_1_860' title='bbox 2759 4152 3022 4221; x_wconf 86' lang='grc' dir='ltr'>παράγειν</span> <span class='ocrx_word' id='word_1_861' title='bbox 3058 4149 3239 4217; x_wconf 82' lang='grc' dir='ltr'>ἐτερα,</span> <span class='ocrx_word' id='word_1_862' title='bbox 3272 4145 3399 4214; x_wconf 70' lang='grc' dir='ltr'>περὶ</span> <span class='ocrx_word' id='word_1_863' title='bbox 3426 4143 3483 4196; x_wconf 86' lang='grc' dir='ltr'>δὲ</span> <span class='ocrx_word' id='word_1_864' title='bbox 3529 4141 3671 4210; x_wconf 77' lang='grc' dir='ltr'>ζωῆς</span> 
     </span>
    </p>
   </div>
   <div class='ocr_carea' id='block_1_113' title="bbox 2122 4226 3672 4313">
    <p class='ocr_par' dir='ltr' id='par_1_113' title="bbox 2122 4226 3672 4313">
     <span class='ocr_line' id='line_1_113' title="bbox 2122 4226 3672 4313; baseline -0.012 -16"><span class='ocrx_word' id='word_1_865' title='bbox 2122 4246 2334 4297; x_wconf 88' lang='grc' dir='ltr'>αἰωνίου</span> <span class='ocrx_word' id='word_1_866' title='bbox 2378 4241 2745 4313; x_wconf 89' lang='grc' dir='ltr'>προκειμένων</span> <span class='ocrx_word' id='word_1_867' title='bbox 2793 4241 2921 4309; x_wconf 77' lang='grc' dir='ltr'>ἡμῖν</span> <span class='ocrx_word' id='word_1_868' title='bbox 2969 4235 3218 4303; x_wconf 87' lang='grc' dir='ltr'>ἀγώνων,</span> <span class='ocrx_word' id='word_1_869' title='bbox 3248 4230 3430 4291; x_wconf 90' lang='grc' dir='ltr'>ἀπλῶς</span> <span class='ocrx_word' id='word_1_870' title='bbox 3472 4229 3565 4281; x_wconf 81' lang='grc' dir='ltr'>καὶ</span> <span class='ocrx_word' id='word_1_871' title='bbox 3595 4226 3672 4287; x_wconf 85' lang='grc' dir='ltr'>ὡς</span> 
     </span>
    </p>
   </div>
   <div class='ocr_carea' id='block_1_114' title="bbox 2121 4314 3673 4401">
    <p class='ocr_par' dir='ltr' id='par_1_114' title="bbox 2121 4314 3673 4401">
     <span class='ocr_line' id='line_1_114' title="bbox 2121 4314 3673 4401; baseline -0.013 -18"><span class='ocrx_word' id='word_1_872' title='bbox 2121 4331 2273 4401; x_wconf 77' lang='grc' dir='ltr'>ἔτυχε</span> <span class='ocrx_word' id='word_1_873' title='bbox 2314 4331 2381 4383; x_wconf 88' lang='grc' dir='ltr'>τά</span> <span class='ocrx_word' id='word_1_874' title='bbox 2425 4330 2529 4382; x_wconf 88' lang='grc' dir='ltr'>ἀπὸ</span> <span class='ocrx_word' id='word_1_875' title='bbox 2553 4329 2659 4381; x_wconf 90' lang='grc' dir='ltr'>τῶν</span> <span class='ocrx_word' id='word_1_876' title='bbox 2707 4324 2935 4396; x_wconf 89' lang='grc' dir='ltr'>Γραφῶν</span> <span class='ocrx_word' id='word_1_877' title='bbox 2963 4321 3327 4393; x_wconf 86' lang='grc' dir='ltr'>παραφέρειν;</span> <span class='ocrx_word' id='word_1_878' title='bbox 3363 4316 3472 4368; x_wconf 72' lang='grc' dir='ltr'>Καὶ</span> <span class='ocrx_word' id='word_1_879' title='bbox 3509 4314 3673 4382; x_wconf 87' lang='grc' dir='ltr'>νόμον</span> 
     </span>
    </p>
   </div>
   <div class='ocr_carea' id='block_1_115' title="bbox 2120 4403 3670 4489">
    <p class='ocr_par' dir='ltr' id='par_1_115' title="bbox 2120 4403 3670 4489">
     <span class='ocr_line' id='line_1_115' title="bbox 2120 4403 3670 4489; baseline -0.012 -17"><span class='ocrx_word' id='word_1_880' title='bbox 2120 4420 2226 4489; x_wconf 76' lang='grc' dir='ltr'>γὰρ</span> <span class='ocrx_word' id='word_1_881' title='bbox 2261 4419 2429 4481; x_wconf 76' lang='grc' dir='ltr'>οὐδεὶς</span> <span class='ocrx_word' id='word_1_882' title='bbox 2481 4415 2844 4484; x_wconf 88' lang='grc' dir='ltr'>ἀναγνώσεται</span> <span class='ocrx_word' id='word_1_883' title='bbox 2900 4410 3169 4481; x_wconf 85' lang='grc' dir='ltr'>βασιλικὸν</span> <span class='ocrx_word' id='word_1_884' title='bbox 3221 4408 3402 4467; x_wconf 84' lang='grc' dir='ltr'>ἁπλῶς</span> <span class='ocrx_word' id='word_1_885' title='bbox 3454 4406 3547 4457; x_wconf 75' lang='grc' dir='ltr'>καὶ</span> <span class='ocrx_word' id='word_1_886' title='bbox 3596 4403 3670 4465; x_wconf 86' lang='grc' dir='ltr'>ὡς</span> 
     </span>
    </p>
   </div>
   <div class='ocr_carea' id='block_1_116' title="bbox 2122 4489 3673 4572">
    <p class='ocr_par' dir='ltr' id='par_1_116' title="bbox 2122 4489 3673 4572">
     <span class='ocr_line' id='line_1_116' title="bbox 2122 4489 3673 4572; baseline -0.011 -16"><span class='ocrx_word' id='word_1_887' title='bbox 2122 4506 2325 4572; x_wconf 75' lang='grc' dir='ltr'>ἔτυχεν,</span> <span class='ocrx_word' id='word_1_888' title='bbox 2353 4503 2464 4555; x_wconf 83' lang='grc' dir='ltr'>ἀλλ’</span> <span class='ocrx_word' id='word_1_889' title='bbox 2491 4502 2554 4554; x_wconf 84' lang='grc' dir='ltr'>ἂν</span> <span class='ocrx_word' id='word_1_890' title='bbox 2585 4501 2657 4570; x_wconf 82' lang='grc' dir='ltr'>μὴ</span> <span class='ocrx_word' id='word_1_891' title='bbox 2698 4499 2787 4552; x_wconf 90' lang='grc' dir='ltr'>τὸν</span> <span class='ocrx_word' id='word_1_892' title='bbox 2833 4498 3018 4566; x_wconf 85' lang='grc' dir='ltr'>χρόνον</span> <span class='ocrx_word' id='word_1_893' title='bbox 3063 4495 3208 4565; x_wconf 79' lang='grc' dir='ltr'>εἴπῃ.</span> <span class='ocrx_word' id='word_1_894' title='bbox 3237 4492 3329 4545; x_wconf 71' lang='grc' dir='ltr'>καὶ</span> <span class='ocrx_word' id='word_1_895' title='bbox 3376 4492 3468 4542; x_wconf 80' lang='grc' dir='ltr'>τὸν</span> <span class='ocrx_word' id='word_1_896' title='bbox 3513 4489 3673 4541; x_wconf 89' lang='grc' dir='ltr'>θέντα</span> 
     </span>
    </p>
   </div>
   <div class='ocr_carea' id='block_1_117' title="bbox 2122 4575 3669 4659">
    <p class='ocr_par' dir='ltr' id='par_1_117' title="bbox 2122 4575 3669 4659">
     <span class='ocr_line' id='line_1_117' title="bbox 2122 4575 3669 4659; baseline -0.012 -17"><span class='ocrx_word' id='word_1_897' title='bbox 2122 4590 2377 4659; x_wconf 84' lang='grc' dir='ltr'>ἐπιδείξῃ.</span> <span class='ocrx_word' id='word_1_898' title='bbox 2404 4588 2494 4639; x_wconf 73' lang='grc' dir='ltr'>καὶ</span> <span class='ocrx_word' id='word_1_899' title='bbox 2532 4586 2658 4654; x_wconf 79' lang='grc' dir='ltr'>ὑγιῆ</span> <span class='ocrx_word' id='word_1_900' title='bbox 2677 4584 2768 4637; x_wconf 77' lang='grc' dir='ltr'>καὶ</span> <span class='ocrx_word' id='word_1_901' title='bbox 2797 4581 3082 4650; x_wconf 86' lang='grc' dir='ltr'>ὀλόκληρον</span> <span class='ocrx_word' id='word_1_902' title='bbox 3111 4578 3269 4631; x_wconf 89' lang='grc' dir='ltr'>αὐτὸν</span> <span class='ocrx_word' id='word_1_903' title='bbox 3304 4575 3669 4659; x_wconf 71' lang='grc' dir='ltr'>παράσχηται,</span> 
     </span>
    </p>
   </div>
   <div class='ocr_carea' id='block_1_118' title="bbox 2124 4657 3674 4739">
    <p class='ocr_par' dir='ltr' id='par_1_118' title="bbox 2124 4657 3674 4739">
     <span class='ocr_line' id='line_1_118' title="bbox 2124 4657 3674 4739; baseline -0.011 -12"><span class='ocrx_word' id='word_1_904' title='bbox 2124 4657 2401 4737; x_wconf 80' lang='grc' dir='ltr'>κολάζεται</span> <span class='ocrx_word' id='word_1_905' title='bbox 2452 4673 2542 4725; x_wconf 76' lang='grc' dir='ltr'>καὶ</span> <span class='ocrx_word' id='word_1_906' title='bbox 2578 4671 2729 4739; x_wconf 89' lang='grc' dir='ltr'>δίκην</span> <span class='ocrx_word' id='word_1_907' title='bbox 2776 4669 2953 4721; x_wconf 83' lang='grc' dir='ltr'>δίδωσι</span> <span class='ocrx_word' id='word_1_908' title='bbox 2984 4666 3080 4735; x_wconf 81' lang='grc' dir='ltr'>τὴν</span> <span class='ocrx_word' id='word_1_909' title='bbox 3106 4662 3337 4732; x_wconf 83' lang='grc' dir='ltr'>ἐσχάτην</span> <span class='ocrx_word' id='word_1_910' title='bbox 3362 4676 3375 4688; x_wconf 77' lang='grc'><strong><em>⁸</em></strong></span> <span class='ocrx_word' id='word_1_911' title='bbox 3411 4662 3572 4729; x_wconf 77' lang='grc' dir='ltr'>ἡμεῖς</span> <span class='ocrx_word' id='word_1_912' title='bbox 3613 4657 3674 4712; x_wconf 65' lang='grc' dir='ltr'>δὲ</span> 
     </span>
    </p>
   </div>
   <div class='ocr_carea' id='block_1_119' title="bbox 2124 4747 3674 4829">
    <p class='ocr_par' dir='ltr' id='par_1_119' title="bbox 2124 4747 3674 4829">
     <span class='ocr_line' id='line_1_119' title="bbox 2124 4747 3674 4829; baseline -0.012 -15"><span class='ocrx_word' id='word_1_913' title='bbox 2124 4763 2220 4813; x_wconf 89' lang='grc' dir='ltr'>οὑκ</span> <span class='ocrx_word' id='word_1_914' title='bbox 2244 4758 2537 4829; x_wconf 85' lang='grc' dir='ltr'>ἀνθρώπων</span> <span class='ocrx_word' id='word_1_915' title='bbox 2564 4758 2744 4826; x_wconf 89' lang='grc' dir='ltr'>νόμον,</span> <span class='ocrx_word' id='word_1_916' title='bbox 2783 4755 2916 4807; x_wconf 87' lang='grc' dir='ltr'>ἀλλά</span> <span class='ocrx_word' id='word_1_917' title='bbox 2943 4754 3029 4805; x_wconf 91' lang='grc' dir='ltr'>τὸν</span> <span class='ocrx_word' id='word_1_918' title='bbox 3054 4751 3252 4804; x_wconf 81' lang='grc' dir='ltr'>ἀνωθεν</span> <span class='ocrx_word' id='word_1_919' title='bbox 3278 4752 3341 4800; x_wconf 87' lang='grc' dir='ltr'>ἐκ</span> <span class='ocrx_word' id='word_1_920' title='bbox 3373 4748 3480 4799; x_wconf 82' lang='grc' dir='ltr'>τῶν</span> <span class='ocrx_word' id='word_1_921' title='bbox 3509 4747 3674 4813; x_wconf 84' lang='grc' dir='ltr'>οὐρα-</span> 
     </span>
    </p>
   </div>
   <div class='ocr_carea' id='block_1_120' title="bbox 2125 4829 3674 4911">
    <p class='ocr_par' dir='ltr' id='par_1_120' title="bbox 2125 4829 3674 4911">
     <span class='ocr_line' id='line_1_120' title="bbox 2125 4829 3674 4911; baseline -0.011 -15"><span class='ocrx_word' id='word_1_922' title='bbox 2125 4844 2226 4896; x_wconf 90' lang='grc' dir='ltr'>νῶν</span> <span class='ocrx_word' id='word_1_923' title='bbox 2274 4843 2549 4911; x_wconf 87' lang='grc' dir='ltr'>ἐνεχθέντα</span> <span class='ocrx_word' id='word_1_924' title='bbox 2603 4840 3052 4906; x_wconf 86' lang='grc' dir='ltr'>ἀναγινώσκοντες</span> <span class='ocrx_word' id='word_1_925' title='bbox 3079 4876 3092 4897; x_wconf 91' lang='grc'>,</span> <span class='ocrx_word' id='word_1_926' title='bbox 3149 4834 3381 4904; x_wconf 82' lang='grc' dir='ltr'>τοσαύτῃ</span> <span class='ocrx_word' id='word_1_927' title='bbox 3437 4829 3674 4901; x_wconf 76' lang='grc' dir='ltr'>ῥᾳθυμίᾳ</span> 
     </span>
    </p>
   </div>
   <div class='ocr_carea' id='block_1_121' title="bbox 2124 4913 3671 4999">
    <p class='ocr_par' dir='ltr' id='par_1_121' title="bbox 2124 4913 3671 4999">
     <span class='ocr_line' id='line_1_121' title="bbox 2124 4913 3671 4999; baseline -0.01 -17"><span class='ocrx_word' id='word_1_928' title='bbox 2124 4929 2450 4999; x_wconf 86' lang='grc' dir='ltr'>χρησόμεθα,</span> <span class='ocrx_word' id='word_1_929' title='bbox 2482 4928 2556 4987; x_wconf 87' lang='grc' dir='ltr'>ώς</span> <span class='ocrx_word' id='word_1_930' title='bbox 2606 4925 2739 4993; x_wconf 88' lang='grc' dir='ltr'>μέλη</span> <span class='ocrx_word' id='word_1_931' title='bbox 2776 4924 2866 4976; x_wconf 74' lang='grc' dir='ltr'>καὶ</span> <span class='ocrx_word' id='word_1_932' title='bbox 2901 4923 3039 4991; x_wconf 89' lang='grc' dir='ltr'>μέρη</span> <span class='ocrx_word' id='word_1_933' title='bbox 3066 4921 3389 4988; x_wconf 79' lang='grc' dir='ltr'>παρασπᾷν;</span> <span class='ocrx_word' id='word_1_934' title='bbox 3426 4918 3535 4968; x_wconf 77' lang='grc' dir='ltr'>Καὶ</span> <span class='ocrx_word' id='word_1_935' title='bbox 3568 4913 3671 4967; x_wconf 83' lang='grc' dir='ltr'>ποῦ</span> 
     </span>
    </p>
   </div>
   <div class='ocr_carea' id='block_1_122' title="bbox 2126 5002 3675 5077">
    <p class='ocr_par' dir='ltr' id='par_1_122' title="bbox 2126 5002 3675 5077">
     <span class='ocr_line' id='line_1_122' title="bbox 2126 5002 3675 5077; baseline -0.009 -11"><span class='ocrx_word' id='word_1_936' title='bbox 2126 5014 2293 5066; x_wconf 80' lang='grc' dir='ltr'>ταῦτα</span> <span class='ocrx_word' id='word_1_937' title='bbox 2342 5011 2623 5077; x_wconf 83' lang='grc' dir='ltr'>ἀπολογίας</span> <span class='ocrx_word' id='word_1_938' title='bbox 2666 5010 2786 5073; x_wconf 77' lang='grc' dir='ltr'>ἀξια</span> <span class='ocrx_word' id='word_1_939' title='bbox 2834 5008 2927 5060; x_wconf 74' lang='grc' dir='ltr'>καὶ</span> <span class='ocrx_word' id='word_1_940' title='bbox 2973 5006 3324 5074; x_wconf 86' lang='grc' dir='ltr'>συγγνώμης;</span> <span class='ocrx_word' id='word_1_941' title='bbox 3359 5003 3509 5072; x_wconf 81' lang='grc' dir='ltr'>Τάχα</span> <span class='ocrx_word' id='word_1_942' title='bbox 3535 5002 3675 5071; x_wconf 88' lang='grc' dir='ltr'>πέρα</span> 
     </span>
    </p>
   </div>
   <div class='ocr_carea' id='block_1_123' title="bbox 2126 5089 3671 5172">
    <p class='ocr_par' dir='ltr' id='par_1_123' title="bbox 2126 5089 3671 5172">
     <span class='ocr_line' id='line_1_123' title="bbox 2126 5089 3671 5172; baseline -0.009 -18"><span class='ocrx_word' id='word_1_943' title='bbox 2126 5101 2217 5153; x_wconf 83' lang='grc' dir='ltr'>τοῦ</span> <span class='ocrx_word' id='word_1_944' title='bbox 2250 5102 2441 5172; x_wconf 83' lang='grc' dir='ltr'>μέτρου</span> <span class='ocrx_word' id='word_1_945' title='bbox 2473 5098 2707 5163; x_wconf 74' lang='grc' dir='ltr'>ἐξέτεινα</span> <span class='ocrx_word' id='word_1_946' title='bbox 2739 5097 2826 5148; x_wconf 87' lang='grc' dir='ltr'>τὸν</span> <span class='ocrx_word' id='word_1_947' title='bbox 2852 5096 3024 5160; x_wconf 82' lang='grc' dir='ltr'>λόγον,</span> <span class='ocrx_word' id='word_1_948' title='bbox 3056 5094 3165 5146; x_wconf 82' lang='grc' dir='ltr'>ἀλλ’</span> <span class='ocrx_word' id='word_1_949' title='bbox 3196 5093 3291 5159; x_wconf 88' lang='grc' dir='ltr'>οὐχ</span> <span class='ocrx_word' id='word_1_950' title='bbox 3317 5091 3500 5152; x_wconf 86' lang='grc' dir='ltr'>ἁπλῶς</span> <span class='ocrx_word' id='word_1_951' title='bbox 3522 5130 3536 5153; x_wconf 90' lang='grc'>,</span> <span class='ocrx_word' id='word_1_952' title='bbox 3559 5089 3671 5142; x_wconf 82' lang='grc' dir='ltr'>ἀλλ’</span> 
     </span>
    </p>
   </div>
   <div class='ocr_carea' id='block_1_124' title="bbox 2129 5172 3670 5253">
    <p class='ocr_par' dir='ltr' id='par_1_124' title="bbox 2129 5172 3670 5253">
     <span class='ocr_line' id='line_1_124' title="bbox 2129 5172 3670 5253; baseline -0.011 -15"><span class='ocrx_word' id='word_1_953' title='bbox 2129 5188 2211 5239; x_wconf 84' lang='grc' dir='ltr'>ἵνα</span> <span class='ocrx_word' id='word_1_954' title='bbox 2240 5187 2336 5253; x_wconf 79' lang='grc' dir='ltr'>τῆς</span> <span class='ocrx_word' id='word_1_955' title='bbox 2374 5184 2606 5252; x_wconf 83' lang='grc' dir='ltr'>πονηρᾶς</span> <span class='ocrx_word' id='word_1_956' title='bbox 2638 5183 2779 5252; x_wconf 83' lang='grc' dir='ltr'>ὑμᾶς</span> <span class='ocrx_word' id='word_1_957' title='bbox 2812 5180 3077 5246; x_wconf 86' lang='grc' dir='ltr'>ἀπαγάγω</span> <span class='ocrx_word' id='word_1_958' title='bbox 3108 5176 3408 5245; x_wconf 83' lang='grc' dir='ltr'>συνηθείας.</span> <span class='ocrx_word' id='word_1_959' title='bbox 3445 5174 3534 5242; x_wconf 82' lang='grc' dir='ltr'>Μὴ</span> <span class='ocrx_word' id='word_1_960' title='bbox 3559 5172 3670 5223; x_wconf 88' lang='grc' dir='ltr'>τοί-</span> 
     </span>
    </p>
   </div>
   <div class='ocr_carea' id='block_1_125' title="bbox 2125 5257 3674 5339">
    <p class='ocr_par' dir='ltr' id='par_1_125' title="bbox 2125 5257 3674 5339">
     <span class='ocr_line' id='line_1_125' title="bbox 2125 5257 3674 5339; baseline -0.01 -16"><span class='ocrx_word' id='word_1_961' title='bbox 2125 5290 2217 5323; x_wconf 86' lang='grc' dir='ltr'>νυν</span> <span class='ocrx_word' id='word_1_962' title='bbox 2243 5270 2629 5339; x_wconf 84' lang='grc' dir='ltr'>ἁποκάμωμεν,</span> <span class='ocrx_word' id='word_1_963' title='bbox 2660 5267 2760 5328; x_wconf 76' lang='grc' dir='ltr'>ἕως</span> <span class='ocrx_word' id='word_1_964' title='bbox 2792 5266 2857 5318; x_wconf 84' lang='grc' dir='ltr'>ἂν</span> <span class='ocrx_word' id='word_1_965' title='bbox 2884 5265 2941 5317; x_wconf 91' lang='grc' dir='ltr'>τὸ</span> <span class='ocrx_word' id='word_1_966' title='bbox 2960 5264 3105 5323; x_wconf 81' lang='grc' dir='ltr'>τέλος</span> <span class='ocrx_word' id='word_1_967' title='bbox 3142 5261 3385 5331; x_wconf 71' lang='grc' dir='ltr'>εὕρωμεν</span> <span class='ocrx_word' id='word_1_968' title='bbox 3406 5275 3418 5287; x_wconf 69' lang='grc'><strong><em>⁸</em></strong></span> <span class='ocrx_word' id='word_1_969' title='bbox 3448 5259 3534 5310; x_wconf 82' lang='grc' dir='ltr'>διὰ</span> <span class='ocrx_word' id='word_1_970' title='bbox 3566 5257 3674 5325; x_wconf 66' lang='grc' dir='ltr'>γὰρ</span> 
     </span>
    </p>
   </div>
   <div class='ocr_carea' id='block_1_126' title="bbox 2192 5440 3637 5505">
    <p class='ocr_par' dir='ltr' id='par_1_126' title="bbox 2192 5440 3637 5505">
     <span class='ocr_line' id='line_1_126' title="bbox 2192 5440 3637 5505; baseline -0.009 -12"><span class='ocrx_word' id='word_1_971' title='bbox 2192 5448 2214 5505; x_wconf 58' lang='grc' dir='ltr'>τ’</span> <span class='ocrx_word' id='word_1_972' title='bbox 2237 5445 2338 5493; x_wconf 86' lang='lat' dir='ltr'>Duo</span> <span class='ocrx_word' id='word_1_973' title='bbox 2362 5458 2456 5491; x_wconf 91' lang='lat' dir='ltr'>mss</span> <span class='ocrx_word' id='word_1_974' title='bbox 2497 5443 2574 5490; x_wconf 79' lang='lat' dir='ltr'>hic</span> <span class='ocrx_word' id='word_1_975' title='bbox 2595 5449 2645 5491; x_wconf 81' lang='lat' dir='ltr'>el</span> <span class='ocrx_word' id='word_1_976' title='bbox 2668 5441 2785 5505; x_wconf 12' lang='lat' dir='ltr'>iAnfrra</span> <span class='ocrx_word' id='word_1_977' title='bbox 2814 5444 2954 5505; x_wconf 63' lang='grc' dir='ltr'>δώσω</span> <span class='ocrx_word' id='word_1_978' title='bbox 2976 5440 3105 5505; x_wconf 30' lang='grc' dir='ltr'>αὐτὸ..</span> <span class='ocrx_word' id='word_1_979' title='bbox 3312 5498 3341 5505; x_wconf 47' lang='grc' dir='ltr'>η</span> <span class='ocrx_word' id='word_1_980' title='bbox 3574 5498 3585 5505; x_wconf 83' lang='lat'>_</span> <span class='ocrx_word' id='word_1_981' title='bbox 3629 5497 3637 5505; x_wconf 26' lang='grc' dir='ltr'><em>Π</em></span> 
     </span>
    </p>
   </div>
   <div class='ocr_carea' id='block_1_127' title="bbox 2191 5498 3675 5559">
    <p class='ocr_par' dir='ltr' id='par_1_127' title="bbox 2191 5498 3675 5559">
     <span class='ocr_line' id='line_1_127' title="bbox 2191 5498 3675 5559; baseline -0.007 -7"><span class='ocrx_word' id='word_1_982' title='bbox 2191 5504 2313 5552; x_wconf 67' lang='lat' dir='ltr'>fAlii</span> <span class='ocrx_word' id='word_1_983' title='bbox 2336 5508 2475 5551; x_wconf 81' lang='grc' dir='ltr'>δώσω</span> <span class='ocrx_word' id='word_1_984' title='bbox 2498 5505 2633 5550; x_wconf 80' lang='grc' dir='ltr'>αὐτά.</span> <span class='ocrx_word' id='word_1_985' title='bbox 2660 5502 2776 5550; x_wconf 83' lang='lat' dir='ltr'>Ibid.</span> <span class='ocrx_word' id='word_1_986' title='bbox 2818 5502 2967 5548; x_wconf 83' lang='lat' dir='ltr'>Savil.</span> <span class='ocrx_word' id='word_1_987' title='bbox 2988 5501 3141 5546; x_wconf 79' lang='grc' dir='ltr'>οὐκέτι</span> <span class='ocrx_word' id='word_1_988' title='bbox 3174 5498 3478 5559; x_wconf 70' lang='grc' dir='ltr'>προσέθηκεν,</span> <span class='ocrx_word' id='word_1_989' title='bbox 3501 5498 3587 5543; x_wconf 79' lang='lat' dir='ltr'>sed</span> <span class='ocrx_word' id='word_1_990' title='bbox 3626 5498 3675 5542; x_wconf 84' lang='lat' dir='ltr'>in</span> 
     </span>
    </p>
   </div>
   <div class='ocr_carea' id='block_1_128' title="bbox 2124 5557 3672 5626">
    <p class='ocr_par' dir='ltr' id='par_1_128' title="bbox 2124 5557 3672 5626">
     <span class='ocr_line' id='line_1_128' title="bbox 2124 5557 3672 5626; baseline -0.01 -12"><span class='ocrx_word' id='word_1_991' title='bbox 2124 5579 2270 5624; x_wconf 77' lang='lat' dir='ltr'>marg.</span> <span class='ocrx_word' id='word_1_992' title='bbox 2293 5566 2564 5626; x_wconf 77' lang='grc' dir='ltr'>πρόσκειται</span> <span class='ocrx_word' id='word_1_993' title='bbox 2587 5569 2735 5611; x_wconf 73' lang='lat' dir='ltr'>notat.</span> <span class='ocrx_word' id='word_1_994' title='bbox 2780 5562 2897 5609; x_wconf 83' lang='lat' dir='ltr'>Ibid.</span> <span class='ocrx_word' id='word_1_995' title='bbox 2933 5561 3081 5609; x_wconf 75' lang='lat' dir='ltr'>Savil.</span> <span class='ocrx_word' id='word_1_996' title='bbox 3106 5560 3156 5607; x_wconf 77' lang='lat' dir='ltr'>in</span> <span class='ocrx_word' id='word_1_997' title='bbox 3197 5557 3347 5619; x_wconf 77' lang='lat' dir='ltr'>marg.</span> <span class='ocrx_word' id='word_1_998' title='bbox 3372 5562 3426 5604; x_wconf 77' lang='lat' dir='ltr'>et</span> <span class='ocrx_word' id='word_1_999' title='bbox 3444 5557 3538 5604; x_wconf 82' lang='lat' dir='ltr'>duo</span> <span class='ocrx_word' id='word_1_1000' title='bbox 3558 5567 3672 5603; x_wconf 63' lang='lat' dir='ltr'><strong>mss.</strong></span> 
     </span>
    </p>
   </div>
   <div class='ocr_carea' id='block_1_129' title="bbox 2123 5625 2626 5685">
    <p class='ocr_par' dir='ltr' id='par_1_129' title="bbox 2123 5625 2626 5685">
     <span class='ocr_line' id='line_1_129' title="bbox 2123 5625 2626 5685; baseline -0.01 -11"><span class='ocrx_word' id='word_1_1001' title='bbox 2123 5627 2316 5685; x_wconf 79' lang='grc' dir='ltr'>ἀμαθίας</span> <span class='ocrx_word' id='word_1_1002' title='bbox 2334 5625 2626 5685; x_wconf 68' lang='grc' dir='ltr'>προφέρεται.</span> 
     </span>
    </p>
   </div>
   <div class='ocr_carea' id='block_1_130' title="bbox 2186 5682 2755 5745">
    <p class='ocr_par' dir='ltr' id='par_1_130' title="bbox 2186 5682 2755 5745">
     <span class='ocr_line' id='line_1_130' title="bbox 2186 5682 2755 5745; baseline -0.009 -13"><span class='ocrx_word' id='word_1_1003' title='bbox 2186 5686 2207 5721; x_wconf 57' lang='grc' dir='ltr'>κ</span> <span class='ocrx_word' id='word_1_1004' title='bbox 2237 5686 2325 5732; x_wconf 65' lang='lat' dir='ltr'><strong>Atii</strong></span> <span class='ocrx_word' id='word_1_1005' title='bbox 2480 5682 2562 5729; x_wconf 75' lang='grc' dir='ltr'>τοῦ</span> <span class='ocrx_word' id='word_1_1006' title='bbox 2584 5684 2755 5735; x_wconf 82' lang='grc' dir='ltr'>τέλους.</span> 
     </span>
    </p>
   </div>
   <div class='ocr_carea' id='block_1_131' title="bbox 2185 5742 2970 5801">
    <p class='ocr_par' dir='ltr' id='par_1_131' title="bbox 2185 5742 2970 5801">
     <span class='ocr_line' id='line_1_131' title="bbox 2185 5742 2970 5801; baseline 0 -12"><span class='ocrx_word' id='word_1_1007' title='bbox 2185 5746 2209 5781; x_wconf 76' lang='lat' dir='ltr'><strong>h</strong></span> <span class='ocrx_word' id='word_1_1008' title='bbox 2230 5744 2372 5791; x_wconf 69' lang='lat' dir='ltr'>Savil.</span> <span class='ocrx_word' id='word_1_1009' title='bbox 2397 5742 2445 5790; x_wconf 77' lang='grc' dir='ltr'>ίιι</span> <span class='ocrx_word' id='word_1_1010' title='bbox 2464 5755 2613 5801; x_wconf 78' lang='lat' dir='ltr'>marg.</span> <span class='ocrx_word' id='word_1_1011' title='bbox 2636 5742 2970 5801; x_wconf 73' lang='grc' dir='ltr'>παρεισφέρειν.</span> 
     </span>
    </p>
   </div>
   <div class='ocr_carea' id='block_1_132' title="bbox 2186 5802 2887 5859">
    <p class='ocr_par' dir='ltr' id='par_1_132' title="bbox 2186 5802 2887 5859">
     <span class='ocr_line' id='line_1_132' title="bbox 2186 5802 2887 5859; baseline -0.006 -6"><span class='ocrx_word' id='word_1_1012' title='bbox 2186 5806 2203 5845; x_wconf 69' lang='lat' dir='ltr'>i</span> <span class='ocrx_word' id='word_1_1013' title='bbox 2243 5805 2371 5854; x_wconf 78' lang='lat' dir='ltr'>Unus</span> <span class='ocrx_word' id='word_1_1014' title='bbox 2390 5803 2531 5852; x_wconf 76' lang='lat' dir='ltr'>habet</span> <span class='ocrx_word' id='word_1_1015' title='bbox 2563 5802 2887 5859; x_wconf 75' lang='grc' dir='ltr'>δικαζομένων.</span> 
     </span>
    </p>
   </div>
  </div>
