4016 6458
126 422 232 477 157

136 520 383 578 sententia
404 562 418 582 ,
460 520 551 574 sed
596 517 755 572 animi
786 514 1082 583 insipientis
1111 532 1125 567 :
1161 527 1265 567 non
1296 512 1431 567 dixit
1454 527 1571 581 qua:
1598 525 1690 566 sua

133 621 251 665 sunt
276 610 570 676 Scriptura,
598 606 689 661 sed
718 619 834 673 quae
863 610 985 657 sunt
1014 602 1233 655 alterius
1258 598 1602 654 denuntiavit.
1629 598 1694 651 Et

134 718 313 755 rursus
345 720 359 753 :
397 700 660 771 Usquequo
700 695 909 748 irritavit
941 692 1125 761 impius
1149 691 1352 744 Deum?
1396 689 1537 742 Dixit
1565 688 1695 742 enim

132 796 181 845 in
211 790 361 844 corde
384 806 473 842 suo
498 830 511 852 ,
556 788 673 839 Non
711 785 941 853 requiret.
988 782 1174 835 Avertit
1218 780 1396 848 {aciem
1432 794 1606 843 suam,
1636 794 1695 831 ne

132 886 291 935 rideat
333 883 383 933 in
428 882 575 947 ﬁnem
602 877 779 947 (Psal.
815 876 898 930 10.
932 874 999 929 15
1024 884 1069 925 et
1094 874 1153 927 11
1181 874 1219 938 ).
1271 872 1337 924 Et
1378 870 1461 924 hic
1512 882 1695 923 rursus

135 969 361 1023 hominis
388 970 531 1034 impii
560 984 620 1022 ac
646 966 852 1021 scelesti
881 964 1133 1033 judicium
1156 970 1209 1015 et
1235 961 1546 1015 sententiam
1569 973 1692 1027 pro-

134 1061 300 1129 ponit.
334 1062 407 1113 lta
436 1074 645 1125 quoque
672 1056 857 1110 medici
884 1054 1053 1108 facere
1083 1051 1282 1116 solent,
1315 1052 1616 1103 insanorum
1643 1057 1696 1103 et

132 1148 421 1201 amentium
454 1155 665 1214 peccata
704 1144 845 1199 sanis
892 1158 954 1196 ac
996 1141 1292 1195 valentibus
1339 1148 1591 1203 narrant,
1639 1146 1695 1191 ut

131 1239 399 1291 cautiores
427 1238 556 1290 istos
581 1236 823 1289 reddant.
855 1234 985 1287 Cum
1014 1233 1170 1301 igitur
1191 1232 1389 1285 sanitas
1413 1231 1603 1283 anima:
1628 1230 1695 1283 sit

134 1330 322 1396 pietas,
352 1327 564 1380 morbus
590 1336 763 1380 autem
793 1334 844 1378 et
874 1324 1148 1377 inﬁrmitas
1174 1337 1377 1376 summa
1402 1322 1564 1376 Deum
1592 1321 1692 1374 mi-

132 1418 278 1470 nime
307 1431 463 1470 nosse
486 1456 500 1479 ,
550 1416 829 1485 impiorum
858 1414 1016 1469 verba
1045 1419 1448 1476 commemorat,
1488 1424 1595 1464 non
1640 1419 1696 1464 ut

129 1522 192 1559 ea
221 1517 420 1560 temere
448 1506 743 1570 audiamus,
772 1505 863 1559 sed
890 1513 945 1556 ut
970 1502 1035 1555 ab
1060 1503 1124 1556 iis
1150 1502 1526 1557 abstineamus.
1560 1500 1694 1567 Quid

132 1597 392 1665 insipiens
417 1596 625 1660 dixerit,
655 1604 849 1657 narrat,
884 1601 938 1647 ut
964 1601 1017 1647 tu
1041 1593 1250 1661 sapiens
1278 1591 1390 1656 ﬁas,
1418 1600 1471 1646 et
1498 1590 1694 1645 dictum

132 1687 249 1753 ejus
274 1688 488 1740 minime
520 1687 710 1755 probes
737 1702 751 1736 :
779 1683 903 1753 quid
929 1682 1119 1751 impius
1142 1681 1361 1743 dixerit,
1390 1689 1600 1746 narrat,
1643 1687 1699 1733 ut

133 1790 187 1830 tu
217 1779 541 1847 impietatem
590 1778 776 1845 fugias.
823 1775 1002 1844 Neque
1030 1787 1157 1828 vero
1194 1773 1365 1827 solum
1395 1788 1425 1826 a
1451 1779 1697 1825 contextu

133 1868 380 1936 serieque
406 1866 664 1920 sermonis
690 1864 961 1918 evellenda
985 1863 1097 1916 loca
1126 1876 1231 1915 non
1261 1870 1402 1926 sunt,
1426 1860 1517 1914 sed
1539 1860 1697 1914 etiam

132 1972 261 2009 sana
291 1966 343 2009 et
372 1956 569 2023 integra
596 1965 717 2007 sunt
745 1952 1078 2021 proferenda,
1110 1951 1348 2019 nihilque
1374 1949 1696 2004 addendum.

206 2046 403 2098 Abusus
441 2046 536 2098 loci
566 2044 719 2097 Pauli
762 2060 822 2096 ea:
856 2042 1020 2111 Epist.
1044 2042 1110 2093 ad
1139 2040 1364 2094 Corinth.
1391 2042 1442 2094 i.
1463 2066 1533 2083 -υ
1552 2038 1699 2093 Multi

132 2146 279 2189 eet-te
309 2135 549 2203 quaedam
580 2135 737 2189 etiam
769 2134 870 2185 alia
900 2130 1275 2185 circumferunt
1300 2146 1363 2184 ex
1395 2130 1694 2199 Scripturis,

133 2242 254 2291 quae
276 2224 558 2291 depravate
584 2224 827 2292 allegant.
851 2221 1112 2289 Scriptum
1138 2230 1211 2273 est
1236 2220 1397 2285 enim,
1422 2218 1697 2287 inquiunt:

133 2314 190 2366 Si
226 2313 399 2366 uraris
423 2353 437 2376 ,
467 2327 685 2365 uxorem
713 2311 889 2363 ducito
925 2326 939 2363 :
974 2324 1230 2377 nusquam
1264 2317 1435 2361 tamen
1484 2305 1586 2360 hoc
1630 2307 1700 2360 ita

134 2405 391 2472 scriptum
418 2412 528 2464 est;
560 2401 652 2455 sed
682 2415 785 2469 quo
815 2408 964 2467 pacto
995 2400 1060 2453 sit
1098 2399 1347 2466 scriptum
1382 2394 1654 2452 considera
1683 2413 1698 2449 :

136 2492 267 2545 Dico
295 2502 460 2543 autem
481 2507 579 2543 non
608 2491 774 2557 nuptis
798 2498 846 2543 et
871 2488 1049 2552 viduis,
1074 2490 1254 2541 bonum
1280 2485 1382 2539 illis
1406 2496 1495 2551 est,
1522 2487 1565 2540 si
1588 2498 1701 2538 ma-

136 2593 288 2635 neant
311 2624 325 2647 ,
355 2584 478 2634 sicut
502 2590 547 2633 et
571 2597 659 2649 ego
692 2596 709 2633 :
737 2580 868 2647 quod
896 2581 938 2631 si
964 2596 1060 2631 non
1089 2596 1140 2631 se
1174 2580 1449 2643 continent,
1479 2578 1702 2643 nubant;

135 2674 317 2723 melius
342 2673 472 2723 enim
496 2680 563 2722 est
587 2670 767 2722 nubere
787 2686 935 2738 quam
964 2670 1043 2720 uri
1071 2670 1142 2736 (1.
1173 2666 1289 2721 Cor.
1316 2669 1366 2719 7.
1395 2666 1447 2721 8.
1481 2664 1555 2734 9).
1589 2668 1702 2719 Λη-

138 2780 246 2816 uou
278 2764 433 2830 igitur
458 2762 594 2814 idem
620 2770 718 2822 est,
746 2762 931 2827 inquit,
956 2759 1011 2813 Si
1033 2759 1223 2823 uraris,
1241 2770 1463 2812 uxorem
1489 2755 1703 2811 ducito?

138 2855 425 2907 Enimvero
476 2852 596 2905 licet
634 2852 769 2904 idem
814 2860 983 2913 esset,
1016 2863 1120 2901 non
1165 2847 1440 2916 oportebat
1486 2857 1700 2912 tamen,

136 2943 338 2997 omissa
366 2950 504 2995 recta
532 2942 814 3008 Scripturae
853 2940 1164 3007 allegatione
1183 2979 1197 3003 ,
1221 2953 1336 2992 eam
1380 2946 1702 3006 pervertere,

138 3040 355 3101 suisque
397 3033 574 3085 verbis
619 3032 901 3098 Scriptura:
944 3042 1095 3083 sensa
1123 3026 1357 3096 proferre
1389 3044 1401 3078 :
1429 3026 1537 3095 jam
1579 3041 1706 3080 vero

139 3127 365 3179 multum
406 3122 718 3177 offendimus
758 3122 930 3173 inesse
969 3118 1274 3172 discrimen.
1304 3116 1357 3171 Si
1383 3116 1524 3171 enim
1552 3116 1705 3170 abso-

140 3219 251 3270 lute
279 3215 476 3268 dixeris
496 3254 510 3277 ,
540 3212 594 3267 Si
624 3211 791 3265 uraris
814 3252 829 3274 ,
861 3223 1077 3263 uxorem
1123 3207 1301 3262 ducito
1325 3248 1339 3272 ,
1370 3206 1575 3262 cunctis
1617 3206 1706 3275 qui

139 3308 496 3376 virginitatem
527 3317 737 3357 servare
771 3302 907 3353 ultro
934 3307 1226 3353 statuerunt
1279 3302 1594 3364 potestatem
1630 3297 1708 3350 fa-

140 3400 240 3459 cis,
268 3413 386 3451 cum
426 3397 648 3463 primum
678 3392 836 3446 libido
866 3392 966 3444 illis
996 3390 1261 3459 negotium
1291 3389 1512 3443 facesset
1533 3428 1548 3452 ,
1582 3388 1707 3441 inita

140 3502 264 3539 cum
290 3486 400 3539 Deo
431 3492 581 3552 pacta
624 3480 872 3542 violandi,
900 3488 1055 3548 atque
1080 3478 1145 3532 ad
1177 3478 1381 3545 nuptias
1427 3475 1709 3545 transfugae

143 3590 297 3629 more
330 3573 653 3636 transeundi,
683 3586 742 3624 ac
769 3572 1011 3639 promissi
1039 3569 1228 3637 prioris
1254 3567 1614 3623 obliviscendi.

215 3668 268 3719 5.
308 3664 458 3728 Quod
486 3665 525 3715 si
568 3661 825 3729 intelligas
852 3702 865 3726 ,
890 3674 1022 3728 quos
1050 3660 1344 3727 alloquatur
1369 3657 1579 3719 Paulus,
1610 3656 1709 3711 hoc

145 3761 254 3807 est.
275 3766 383 3802 non
418 3766 604 3805 omnes
629 3754 844 3819 passim,
869 3769 1053 3806 verum
1073 3769 1185 3818 eos,
1212 3753 1300 3821 qui
1319 3754 1557 3807 nondum
1578 3768 1706 3820 pro-

144 3831 406 3884 missione
444 3848 502 3885 se
528 3833 932 3896 obstrinxerim,
964 3836 1160 3903 poteris
1204 3835 1417 3889 noxiam
1466 3836 1605 3888 hanc.
1644 3850 1708 3889 ac

141 3920 502 3987 perniciosam
529 3924 711 3977 tollere
739 3924 1061 3978 facultatem.
1084 3925 1209 3977 Dico
1225 3924 1584 3992 enim,inquit,
1606 3940 1708 3976 non

139 4011 318 4079 nuptis
341 4020 387 4063 et
409 4013 593 4076 viduis,
618 4029 723 4067 non
744 4014 938 4081 iisquae
962 4014 1271 4068 viduitatem
1291 4017 1586 4085 promisere
1612 4017 1703 4070 sed

138 4105 205 4157 iis
226 4122 346 4173 quae
372 4120 543 4169 neque
566 4104 685 4165 hoc,
704 4119 877 4170 neque
896 4103 1023 4156 illud
1049 4103 1431 4159 decreverunt:
1459 4107 1552 4160 sed
1570 4114 1704 4161 tam-

142 4211 302 4265 quam
334 4196 387 4248 in
418 4194 589 4248 medio
632 4194 855 4262 quodam
884 4194 1163 4246 interstitio
1191 4195 1398 4247 consilii
1440 4194 1711 4263 utriusque

140 4293 442 4337 versantur.
488 4283 723 4350 Exempli
779 4296 934 4335 causa
966 4299 979 4333 :
1020 4282 1207 4335 mulier
1244 4284 1501 4351 quaepiam
1541 4284 1710 4336 virum

142 4389 297 4426 suum
326 4374 498 4426 amisit
519 4414 532 4435 ,
565 4372 859 4441 nequedum
891 4372 1024 4440 apud
1073 4387 1130 4425 se
1159 4375 1374 4440 statuit,
1405 4388 1574 4443 neque
1620 4373 1710 4427 de-

141 4462 333 4524 crevit,
365 4478 429 4514 an
460 4476 489 4513 a
516 4478 572 4516 se
599 4472 836 4529 oporteat
862 4463 979 4532 eligi
1014 4464 1316 4517 viduitatem
1342 4505 1357 4529 ,
1388 4479 1454 4517 an
1480 4479 1605 4518 vero
1629 4464 1709 4518 al-

142 4565 317 4609 terum
350 4555 590 4607 maritum
628 4556 799 4608 induci
827 4574 837 4608 :
874 4554 1007 4609 hanc
1043 4571 1139 4623 ego
1179 4556 1469 4614 admoneo.
1501 4557 1706 4626 inquit,

141 4645 341 4697 bonum
366 4658 481 4696 esse
503 4652 559 4696 ut
585 4644 652 4695 ita
677 4652 981 4711 permaneat
1008 4661 1018 4695 :
1048 4644 1185 4711 quod
1213 4645 1255 4697 si
1282 4660 1416 4699 onus
1438 4645 1578 4700 ferre
1605 4661 1708 4699 non

141 4736 334 4804 possit,
363 4735 525 4788 nubat
551 4755 564 4790 :
596 4749 687 4788 eas
702 4748 827 4788 vero
855 4750 970 4802 qute
989 4734 1095 4801 jam
1129 4750 1389 4803 aggressa:
1414 4745 1554 4799 sunt,
1576 4745 1631 4789 et
1658 4738 1707 4789 in

142 4840 329 4878 earum
359 4824 531 4878 album
562 4832 685 4877 sunt
713 4824 891 4877 relatm
916 4864 929 4888 ,
958 4839 1073 4892 quae
1114 4825 1415 4877 viduitatem
1443 4825 1706 4890 tolerant,

142 4926 195 4970 et
223 4929 343 4968 cum
372 4914 478 4966 Deo
505 4923 710 4981 paetum
730 4913 977 4976 inierunt,
1005 4928 1108 4965 non
1136 4913 1239 4980 jam
1265 4914 1371 4965 vult
1395 4913 1458 4966 ad
1485 4915 1707 4969 alterum

144 5019 305 5073 posse
328 5003 713 5056 matrimonium
743 5003 955 5056 reverti.
986 5002 1267 5071 Propterea
1292 5002 1358 5057 de
1385 5004 1485 5057 illis
1524 5005 1589 5056 ad
1618 5004 1708 5058 Ti-

144 5093 416 5148 motheum
450 5092 686 5144 scribens
722 5092 797 5145 sic
827 5093 898 5145 ait
928 5109 938 5143 :
967 5091 1389 5146 Adolescentiores
1425 5104 1586 5145 autem
1632 5096 1709 5147 vi—

147 5187 273 5238 duas
312 5183 494 5235 devita.
526 5182 646 5233 Cum
689 5182 818 5233 enim
861 5183 1128 5235 luxuriata:
1156 5184 1341 5252 fuerint
1388 5186 1441 5235 in
1489 5184 1705 5246 Christo,

143 5274 327 5325 nubere
367 5272 535 5323 volunt
564 5271 795 5322 habentes
839 5271 1233 5334 damationem,
1262 5275 1377 5340 quia
1405 5274 1618 5341 primam
1648 5276 1709 5341 ﬁ-

143 5365 257 5414 dem
282 5362 476 5414 irritam
504 5362 720 5429 fecerunt
744 5360 762 5429 (
788 5362 833 5413 ἔ.
855 5360 984 5414 Tim.
1010 5364 1061 5417 5.
1100 5365 1180 5416 ii.
1214 5363 1489 5433 19.).Vides
1520 5375 1577 5418 ut
1619 5381 1706 5419 eas

144 5452 229 5505 hic
258 5451 479 5517 castiget
518 5466 578 5503 ac
616 5451 812 5519 puniat,
844 5461 895 5503 et
934 5452 1185 5505 obnoxias
1217 5468 1384 5521 paena:
1414 5470 1474 5509 ac
1509 5456 1706 5523 judicio

141 5558 261 5596 eSse
288 5541 467 5604 dicat,
494 5542 630 5609 quod
675 5543 795 5595 inita
836 5557 952 5593 cum
998 5543 1106 5595 Deo
1139 5553 1285 5611 pacta
1316 5546 1624 5608 violarint‘,
1656 5558 1706 5601 et

206 5672 384 5779 'lt‘nus
409 5668 552 5727 Cod.,
592 5676 731 5730 pacta
766 5669 1128 5727 conculcet-tan,
1168 5674 1338 5722 eadem
1366 5688 1558 5731 prorsus
1591 5691 1704 5726 scu-

210 5746 222 5777 l
250 5745 291 5779 ta

142 5738 291 5781 leulta

959 402 1023 456 lN
1061 401 1279 467 ILLUD,
1310 400 1583 459 DOMINE.
1624 399 1757 455 NON
1797 401 1923 457 EST
1961 405 2025 460 ΙΝ
2055 406 2332 472 ilOMlNE.
2359 410 2510 469 ETC.

3247 436 3356 492 158

1799 520 2075 585 promissis
2109 538 2213 577 non
2252 526 2536 579 steterint?
2562 525 2740 596 Itaque
2773 543 2838 583 ex
2871 530 2971 585 hoc
2997 528 3115 586 loco
3145 534 3365 591 manife-

1798 620 1935 663 stum
1961 620 2059 676 est,
2091 613 2287 668 dictum
2319 616 2444 671 illud
2488 633 2591 671 non
2636 620 2700 673 ad
2740 635 2829 675 eas
2865 638 2982 691 qua;
3006 623 3367 687 promiserant

1799 715 1917 754 esse
1943 702 2198 756 directum
2228 721 2240 755 :
2276 706 2473 761 idcirco
2512 724 2616 763 non
2657 725 2775 765 esse
2806 712 2931 767 illud
2963 722 3159 770 temere
3188 716 3366 785 profe-

1799 789 2019 843 t'cttdum
2044 830 2059 855 ,
2091 792 2184 846 sed
2237 797 2527 850 noscendas
2570 814 2688 853 esse
2732 816 3017 870 personas,
3050 820 3179 874 quas
3217 806 3360 861 Scri-

1801 887 1966 945 ptura:
1996 881 2167 935 verbis
2198 883 2299 936 illis
2325 885 2677 952 alloquuntur.

1870 967 2061 1021 Abusus
2081 971 2287 1025 alterius
2304 974 2400 1025 loci
2418 974 2988 1042 Scriptura—Rursus
3011 984 3168 1037 alium
3193 986 3364 1041 locum

1799 1057 2212 1127 circumferunt,
2242 1063 2388 1130 cujus
2419 1079 2522 1117 non
2562 1065 2632 1117 illi
2660 1067 2871 1135 quidem
2902 1079 3215 1129 structuram
3248 1091 3365 1143 per-

1800 1157 2028 1212 vertunt,
2048 1150 2139 1203 sed
2164 1151 2305 1204 aliud
2325 1154 2418 1216 illi,
2438 1154 2573 1221 quod
2597 1157 2647 1208 in
2669 1155 2933 1226 Scriptura
2958 1175 3060 1215 non
3084 1166 3362 1232 reperitur,

1798 1235 2067 1302 adjiciunt.
2102 1238 2244 1293 Talis
2270 1241 2410 1293 enim
2440 1251 2520 1295 est
2544 1242 2737 1297 diaboli
2768 1246 2983 1312 malitia,
3016 1258 3073 1303 ut
3103 1251 3181 1305 vel
3213 1253 3363 1307 addi-

1800 1326 1960 1391 tione,
1992 1328 2071 1381 vel
2112 1329 2468 1383 subtractione
2491 1372 2504 1393 ,
2527 1333 2611 1386 vel
2641 1333 3034 1403 depravatione,
3064 1350 3149 1393 aut
3173 1341 3367 1396 immu-

1802 1416 1997 1471 latione
2017 1426 2291 1473 contextus
2318 1422 2613 1487 perniciosa
2639 1424 2883 1493 dogmata
2910 1425 3225 1484 introducat.
3241 1433 3367 1497 Quis

1802 1503 1887 1556 ille
1916 1519 2071 1573 porro
2101 1506 2252 1561 locus
2294 1509 2415 1561 est?
2445 1508 2612 1563 Meum
2648 1522 2749 1577 est,
2778 1514 2979 1583 inquit,
3024 1528 3369 1587 argentum,“

1800 1610 1963 1647 meum
1989 1613 2168 1650 aurum
2195 1598 2364 1669 (Agg.
2392 1599 2446 1652 2.
2478 1600 2586 1670 9);
2618 1611 2670 1657 et
2694 1604 2776 1658 cui
2806 1606 3025 1662 voluero
3052 1608 3189 1663 dabo
3220 1611 3365 1665 illud.

1800 1686 1964 1755 llujus
1982 1687 2078 1741 loci
2102 1704 2219 1756 pars
2234 1690 2445 1758 quidem
2463 1700 2545 1745 est
2567 1693 2634 1745 ita
2652 1693 2809 1759 dicta,
2826 1711 2948 1764 pars
2966 1713 3093 1753 vero
3109 1700 3242 1754 dicta
3264 1718 3366 1756 non

1801 1784 1902 1841 est,
1949 1776 2043 1831 sed
2083 1777 2326 1833 alicunde
2363 1780 2587 1849 adjecta.
2610 1782 2741 1836 Nam
2777 1784 2901 1838 illud
2928 1787 3169 1855 quidem,
3200 1791 3373 1844 Meum

1801 1874 1872 1917 est
1900 1876 2159 1935 argentum
2179 1908 2192 1933 ,
2224 1876 2267 1921 et
2296 1885 2457 1921 meum
2485 1880 2555 1924 est
2580 1886 2760 1924 aurum
2780 1914 2794 1937 ,
2824 1873 2955 1927 dixit
2986 1877 3237 1944 propheta
3265 1896 3279 1932 :
3310 1880 3373 1932 il-

1803 1953 1893 2005 lud
1917 1962 2111 2019 autem,
2140 1955 2233 2007 Cui
2263 1957 2480 2011 voluero
2507 1958 2645 2012 dabo
2672 1960 2821 2026 illud,
2848 1976 2953 2016 non
2985 1964 3108 2018 item
3134 1966 3373 2033 sequitur

1803 2043 1854 2096 in
1893 2043 2183 2112 Scriptura,
2214 2046 2306 2099 sed
2333 2061 2397 2099 ex
2438 2047 2642 2101 inscitia
2674 2046 2811 2118 vulgi
2848 2058 3024 2104 uatum
3062 2054 3370 2108 circumfer-

1805 2142 1907 2185 tur.
1960 2132 2235 2200 Quodnam
2285 2151 2442 2204 porro
2496 2138 2619 2192 inde
2665 2140 2900 2194 exuritur
2950 2142 3372 2199 detrimentum?

1804 2222 1947 2275 Multi
1975 2223 2244 2288 scelerati,
2274 2234 2323 2277 et
2361 2226 2771 2294 praestigiatorcs
2796 2269 2809 2293 ,
2834 2238 2989 2298 atque
3016 2233 3371 2301 intemperan-

1807 2321 1906 2375 tes,
1935 2314 2024 2381 qui
2050 2328 2117 2367 ne
2143 2314 2284 2382 digni
2306 2314 2519 2383 quidem
2543 2326 2684 2383 sunt,
2708 2319 2794 2387 qui
2817 2320 2943 2373 solis
2970 2320 3121 2389 hujus
3149 2336 3363 2391 conspe-

1804 2411 1889 2455 ctu
1920 2402 2176 2467 fruantur,
2209 2416 2298 2458 aut
2334 2406 2542 2472 vivant,
2572 2418 2661 2460 aut
2691 2407 2845 2477 hujus
2874 2411 2987 2463 caeli
3011 2412 3247 2479 spiritum
3280 2414 3360 2467 du

1804 2501 1947 2557 cant,
1976 2493 2153 2546 multis
2172 2494 2360 2562 Opibus
2389 2495 2674 2562 abundant,
2697 2497 2821 2550 dum
2843 2500 3014 2551 omnia
3042 2502 3365 2566 subvertunt,

1803 2580 2079 2634 viduarum
2109 2582 2295 2636 domos
2321 2583 2594 2651 diripiunt,
2618 2585 2884 2652 orpltanos
2909 2588 3151 2655 spoliant,
3185 2591 3369 2644 adver-

1806 2681 1896 2722 sus
1924 2667 2202 2724 inferiores
2224 2671 2537 2725 efferuntur.
2570 2672 2764 2727 Volens
2792 2689 2918 2743 ergo
2940 2675 3178 2731 diabolus
3206 2679 3374 2732 homi-

1809 2757 1961 2813 nibus
2011 2758 2330 2827 persuadere
2382 2760 2589 2816 divitias
2660 2765 2893 2831 desuper
2956 2773 3114 2833 atque
3163 2782 3226 2821 ex
3284 2768 3375 2821 Dei

1808 2845 2080 2916 largitione
2124 2862 2359 2916 manare,
2390 2859 2449 2904 ut
2485 2866 2550 2904 ex
2594 2852 2695 2905 hoc
2727 2867 2967 2921 magnam
2995 2853 3375 2923 blasphemiam

1808 2940 2031 2994 Domino
2073 2939 2362 3011 impingat,
2392 2951 2596 3011 sumpta
2629 2943 2728 2997 hac
2776 2943 3062 3011 Scriptura:
3117 2950 3375 3001 sententia

1810 3044 1927 3096 qua:
1958 3030 2035 3083 sic
2063 3030 2258 3084 habet:
2288 3030 2460 3085 Meum
2488 3041 2560 3085 est
2584 3043 2863 3102 argentum,
2893 3044 2938 3087 et
2984 3053 3143 3089 meum
3173 3048 3241 3091 est
3288 3054 3381 3091 au-

1809 3136 1936 3183 rum,
1970 3120 2125 3173 aliam
2153 3136 2268 3189 qum
2297 3121 2348 3174 in
2369 3121 2644 3190 Scriptura
2672 3139 2776 3178 non
2805 3133 2902 3189 est,
2938 3126 3128 3191 adjecit
3152 3128 3330 3182 dicens
3360 3146 3375 3182 :

1811 3207 1879 3261 Et
1926 3209 2009 3261 cui
2039 3208 2257 3263 voluero
2301 3210 2440 3264 dabo
2484 3211 2631 3265 illud.
2668 3213 2733 3266 At
2762 3228 2863 3267 non
2906 3214 2974 3267 ita
3003 3216 3127 3270 dicit
3155 3219 3379 3285 Aggreus

1813 3298 2066 3365 prepheta
2094 3317 2105 3350 :
2136 3299 2227 3353 sed
2256 3314 2373 3354 cum
2401 3316 2463 3355 ex
2489 3301 2831 3358 barbarorum
2860 3307 3072 3375 regione
3100 3308 3383 3362 rediissent

1810 3389 1996 3455 Judaei,
2027 3399 2079 3444 et
2108 3391 2446 3445 iustauraturi
2479 3395 2732 3461 templum
2763 3405 2959 3461 essent,
2992 3406 3149 3466 atque
3175 3398 3237 3450 ad
3269 3399 3378 3466 pri-

1812 3480 2005 3532 stinum
2037 3480 2374 3550 splendorem
2404 3485 2636 3537 evecturi
2664 3525 2679 3548 ,
2707 3499 2826 3538 cum
2858 3490 3006 3554 egeni
3033 3496 3210 3541 essent
3239 3498 3290 3542 et
3316 3490 3384 3544 ab

1815 3567 2050 3623 hostibus
2094 3570 2426 3624 circumfusis
2473 3572 2675 3627 obsessi
2702 3614 2715 3636 ,
2747 3576 2906 3627 multa
2939 3585 3208 3642 premente
3250 3593 3384 3644 pau-

1815 3668 2014 3725 pertate
2038 3698 2051 3723 ,
2081 3672 2178 3712 nec
2218 3660 2334 3712 ulla:
2368 3659 2642 3714 facultates
2668 3662 2907 3715 alicunde
2937 3674 3253 3732 apparerent
3280 3706 3293 3729 ,
3328 3669 3379 3721 in

1814 3749 2086 3802 meliorem
2130 3764 2277 3817 spem
2324 3750 2439 3804 illos
2468 3751 2650 3805 volens
2695 3752 2929 3821 erigere,
2966 3768 3027 3807 ac
3068 3757 3386 3823 persuadere

1814 3847 1869 3889 ut
1897 3837 1962 3890 de
1990 3838 2093 3892 ﬁne
2119 3838 2465 3905 confiderent,
2489 3854 2552 3894 ex
2580 3856 2803 3909 persona
2834 3843 2923 3896 Dei
2954 3844 3101 3909 dicit,
3120 3845 3285 3898 Meum
3310 3855 3381 3901 est

1813 3936 2093 3995 argentum,
2124 3938 2169 3980 et
2219 3945 2381 3982 meum
2427 3939 2499 3983 est
2538 3947 2753 3993 aurum;
2779 3941 2825 3984 et
2870 3935 2960 3985 erit
3003 3936 3163 4001 gloria
3209 3936 3386 3989 domus

1813 4016 1957 4068 istius
1983 4018 2246 4070 novissima
2282 4034 2430 4085 super
2454 4020 2667 4082 primam
2696 4018 2854 4088 (Ibid.
2883 4036 2929 4072 υ.
2962 4022 3067 4090 10).

1885 4107 2164 4173 Scriptura:
2190 4108 2334 4160 verba
2359 4110 2604 4177 quontodo
2632 4112 2910 4164 tractanda.
2928 4114 3112 4167 -Sed
3137 4114 3259 4182 quid
3287 4115 3388 4170 hoc

1816 4197 1877 4250 ad
1904 4199 2267 4267 propositum?
2288 4199 2425 4253 dicet
2448 4201 2655 4270 aliquis.
2682 4202 2831 4269 Quod
2860 4218 2962 4257 non
2984 4214 3223 4272 oporteat
3243 4205 3387 4259 Scri-

1814 4300 1979 4357 ptura:
2008 4291 2295 4345 sententias
2330 4301 2529 4347 temere
2558 4294 2792 4362 arripere
2814 4334 2827 4357 ,
2861 4303 3016 4361 atque
3053 4309 3080 4345 a
3110 4295 3246 4347 serie
3274 4309 3378 4348 ser-

1816 4380 1984 4432 monis
2013 4388 2065 4433 et
2103 4382 2395 4449 argmnenti
2436 4383 2687 4435 afﬁnitate
2716 4382 2971 4436 divellere
3002 4400 3014 4435 :
3042 4397 3211 4451 neque
3249 4383 3388 4437 nuda

1814 4475 1971 4526 verba
1994 4473 2246 4526 sumenda
2268 4474 2388 4535 sint,
2422 4488 2710 4541 eorumque
2735 4473 2969 4527 subsidio
2996 4473 3244 4527 destituta
3272 4489 3389 4539 qua:

1814 4575 2103 4632 sequuntur
2123 4572 2211 4616 aut
2233 4564 2556 4632 praecedunt,
2580 4573 2637 4617 ut
2656 4580 2749 4634 per
2769 4580 2828 4618 ea
2854 4573 3049 4619 temere
3069 4565 3386 4618 calumniam

1815 4666 2078 4707 struamus
2104 4662 2156 4707 et
2184 4654 2509 4708 cavillemur.
2542 4656 2736 4709 Annon
2780 4656 2920 4710 enim
2948 4654 3230 4710 absurdum
3271 4665 3350 4709 est
3370 4696 3385 4717 ,

1817 4756 1871 4796 ut
1902 4745 1948 4795 in
1978 4743 2186 4811 judiciis
2207 4745 2441 4812 quidem,
2474 4746 2558 4800 ubi
2581 4746 2646 4800 de
2670 4745 2827 4801 rebus
2848 4746 3189 4801 saecularibus
3216 4747 3382 4799 (iiSCc-

1817 4843 2043 4900 ptumus,
2070 4834 2245 4887 omnia
2270 4834 2388 4903 jura
2417 4845 2594 4888 nostra
2623 4836 2675 4889 in
2704 4837 2931 4890 medium
2958 4837 3302 4905 proferamus,
3336 4846 3387 4890 et

1816 4924 1923 4975 loca
1946 4964 1959 4987 ,
1994 4933 2258 4990 tempora,
2295 4937 2499 4987 causas,
2538 4938 2793 4993 personas
2818 4966 2833 4990 ,
2866 4926 3071 4994 aliaque
3110 4926 3386 4978 innumera

1816 5009 2165 5079 producamus
2186 5051 2201 5077 ,
2233 5026 2351 5066 cum
2383 5028 2508 5067 vero
2553 5016 2704 5068 nobis
2740 5014 2806 5068 de
2833 5015 2935 5067 vita
2962 5024 3155 5067 aeterna
3196 5028 3387 5082 propo-

1813 5103 1968 5154 situm
1990 5103 2053 5155 sit
2076 5111 2362 5168 certamen,
2398 5113 2592 5158 temere
2618 5114 2671 5159 et
2699 5104 3079 5159 inconsiderate
3101 5103 3386 5173 Scriptura:

1813 5190 1923 5245 loca
1953 5191 2322 5261 proferamus?
2351 5194 2425 5246 Ac
2457 5194 2623 5261 legem
2653 5193 2865 5261 quidem
2893 5195 3087 5262 regiam
3118 5210 3274 5249 nemo
3303 5202 3383 5248 te-

1814 5296 1957 5335 mere.
1979 5292 2027 5334 et
2052 5281 2437 5335 inconsiderate
2464 5282 2721 5346 recitabit,
2754 5282 2843 5336 sed
2869 5283 2965 5337 nisi
2992 5293 3196 5353 tempus
3219 5292 3383 5349 notet,

1812 5386 1871 5422 ac
1903 5372 2251 5439 legislatorem
2283 5371 2553 5439 designet,
2597 5381 2648 5425 et
2675 5374 2930 5442 integram
2963 5374 3101 5425 illam
3134 5382 3288 5442 atque
3319 5374 3387 5426 il-

1813 5463 2025 5515 libatam
2090 5472 2343 5530 preponat
2373 5504 2384 5525 ,
2435 5464 2718 5533 castigatur
2772 5467 3183 5533 gravissimeque
3233 5480 3385 5533 pmua

1812 5552 2089 5602 tnulctatur
2120 5570 2130 5603 ε
2164 5565 2259 5603 nos
2290 5566 2413 5603 vero
2440 5552 2562 5604 dum
2594 5568 2694 5604 non
2730 5553 2895 5621 legem
2929 5554 3207 5605 humanam
3234 5593 3249 5617 ,
3290 5554 3382 5607 scd

1811 5657 2089 5715 Stiperuam
2118 5656 2177 5692 ac
2200 5641 2264 5693 de
2288 5642 2416 5694 cmlo
2439 5641 2705 5710 delapsam
2728 5643 3029 5702 recitamus,
3059 5652 3251 5695 tantam
3277 5659 3384 5709 [ιι-(η

1815 5736 1959 5785 nobis
1984 5731 2357 5799 negligentiam
2386 5734 2632 5797 feremus,
2660 5742 2711 5785 ut
2736 5730 2849 5799 ejus
2876 5741 3044 5800 partes
3068 5748 3125 5786 ac
3152 5733 3380 5788 membra
