4016 6436
593 356 708 412 159

577 459 973 529 ἀίδεετμιιιηυεῖ
1001 457 1128 524 Quis
1166 457 1266 510 hoc
1296 459 1443 510 venia
1485 455 1698 522 dignum
1735 453 1986 508 censeat?
2017 450 2148 505 For-

581 561 727 604 tasse
752 548 887 600 ultra
935 546 1151 600 modum
1191 545 1482 599 orationem
1511 543 1773 614 produxi,
1822 552 1873 594 at
1903 556 2006 595 non
2039 541 2153 593 sine

574 655 755 703 inlusa,
787 653 968 692 verum
1001 646 1056 691 ut
1083 652 1113 692 ιι
1147 651 1303 705 prava
1335 634 1721 689 consuetudine
1752 649 1845 688 vos
1872 632 2151 686 abducam.

573 730 650 784 Ne
676 731 831 798 igitur
855 727 1220 798 defatigemur,
1241 727 1412 781 donec
1439 727 1503 780 ad
1527 726 1687 782 finem
1719 724 2112 794 pervenerimus
2135 744 2148 778 :

575 827 852 890 propterea
884 834 1112 888 namque
1139 819 1246 872 nati
1277 833 1482 879 sumus,
1511 832 1614 870 non
1646 826 1704 870 ut
1730 816 1950 870 edamus
1979 830 2042 869 ac
2068 814 2150 868 bt-

575 911 766 964 hamus
788 951 801 973 ,
825 917 877 964 et
900 909 1180 962 indnamur
1198 949 1213 974 ,
1243 907 1335 961 sed
1361 917 1417 961 ut
1442 907 1628 960 vitium
1653 906 1915 976 fugiamus
1935 946 1950 971 ,
1982 919 2044 958 ac
2071 904 2152 958 di-

571 1001 750 1059 vinam
769 997 995 1066 amplexi
1014 995 1401 1065 philosophiam
1422 995 1666 1049 virtutem
1687 1004 1969 1050 sectemur.
1989 993 2150 1048 Natos

572 1089 712 1142 enim
735 1101 855 1142 esse
883 1101 983 1141 nos
1008 1100 1110 1139 non
1139 1094 1194 1139 ut
1219 1085 1440 1140 edamus
1467 1099 1528 1141 ac
1553 1085 1814 1151 bibamus,
1845 1085 1938 1139 sed
1959 1084 2024 1138 ad
2050 1085 2150 1138 alia

571 1179 812 1250 quaedam
856 1180 1021 1233 multo
1066 1177 1269 1246 majora
1311 1177 1638 1246 melioraque
1680 1177 1975 1245 praestanda
2000 1215 2015 1238 ,
2047 1190 2151 1245 quo

571 1282 728 1341 pacto
755 1271 893 1326 Deus
915 1270 1124 1332 doceat,
1147 1267 1289 1331 audi,
1313 1278 1365 1322 et
1391 1282 1546 1337 quam
1576 1266 1760 1322 aderat
1790 1281 2002 1320 causam
2027 1281 2152 1334 pro-

573 1376 690 1433 pter
715 1379 870 1433 quam
896 1362 1162 1416 hominem
1188 1361 1498 1429 procrearit.
1531 1359 1663 1414 Cum
1693 1358 1836 1413 enim
1869 1359 2016 1412 illum
2041 1357 2149 1410 for-

572 1463 774 1516 maret,
811 1453 894 1507 his
934 1451 1108 1506 verbis
1153 1465 1278 1505 usus
1321 1460 1440 1504 est:
1479 1448 1751 1503 Faciamus
1789 1449 2040 1501 hominem
2083 1447 2150 1498 ad

569 1545 834 1614 imaginem
876 1552 1097 1597 nostram
1164 1552 1209 1596 et
1245 1544 1310 1594 ad
1339 1539 1715 1594 similitudinem
1740 1538 1900 1610 (Gen.
1935 1540 1984 1592 1.
2017 1536 2085 1591 26
2105 1536 2146 1608 ).

641 1637 695 1688 4.
742 1633 847 1687 Deo
908 1635 1156 1702 quomodo
1197 1633 1384 1686 similes
1426 1631 1716 1700 efﬁciamur.
1743 1659 1812 1669 —
1834 1629 1998 1683 Porro
2037 1628 2148 1682 Deo

570 1724 772 1778 similes
799 1724 1068 1778 reddimur
1089 1737 1194 1776 non
1224 1721 1349 1775 dum
1394 1720 1724 1776 comedimus
1744 1760 1758 1783 ,
1787 1719 2037 1782 bibimus,
2059 1724 2148 1770 aut

573 1813 838 1868 induimur
864 1829 878 1875 ;
907 1814 1046 1869 Deus
1088 1814 1227 1867 enim
1262 1828 1433 1882 neque
1473 1813 1743 1877 comedit,
1773 1824 1947 1880 neque
1973 1809 2144 1873 bibit,

570 1919 740 1974 neque
771 1904 1002 1957 induitur
1033 1921 1046 1956 :
1079 1903 1172 1958 sed
1198 1903 1321 1956 dum
1347 1903 1607 1971 justitiam
1633 1915 1967 1962 exercemus,
1997 1899 2146 1953 beni-

567 2000 818 2064 gnitatem
840 1994 1172 2058 exhibemus,
1197 1994 1353 2047 mites
1372 2002 1425 2048 et
1445 1992 1668 2046 modesti
1689 2007 1752 2045 ac
1774 1989 2146 2046 misericordes

571 2088 621 2138 in
653 2086 892 2153 proximo
912 2099 1117 2151 sumus,
1146 2086 1394 2139 virtutem
1418 2099 1631 2139 omnem
1655 2093 1919 2140 sectamur
1943 2101 1955 2135 :
1989 2082 2143 2152 siqui-

565 2178 687 2232 dem
715 2192 996 2232 commune
1022 2177 1175 2232 nobis
1199 2187 1280 2232 est
1310 2178 1436 2231 illud
1461 2194 1580 2232 cum
1610 2177 1905 2231 helluarum
1933 2184 2140 2240 natura,

565 2270 706 2338 quod
749 2269 1075 2323 comedimus
1113 2277 1168 2322 et
1195 2269 1422 2322 bibimus
1447 2307 1463 2329 ,
1510 2283 1684 2336 neque
1724 2267 2012 2336 quidquam
2041 2266 2142 2318 illis

565 2360 664 2412 hac
691 2359 742 2411 in
775 2373 830 2410 re
858 2367 1191 2426 pra-stamus.
1229 2355 1381 2411 Unde
1417 2371 1545 2426 ergo
1568 2356 1626 2410 lit
1647 2396 1661 2417 ,
1693 2367 1747 2408 ut
1775 2356 1872 2409 illis
1902 2354 2140 2408 antecel-

565 2448 734 2502 lamns
757 2448 780 2501 Ἰ
808 2447 956 2515 Quod
984 2448 1229 2501 nimirum
1261 2448 1327 2501 ad
1354 2449 1632 2517 imaginem
1655 2456 1710 2501 et
1744 2445 2139 2500 similitudinem

566 2538 655 2593 Dei
684 2539 877 2593 conditi
907 2540 1093 2592 simus.
1125 2537 1202 2593 Ne
1232 2538 1390 2606 igitur
1415 2537 1763 2606 defatigetnur
1783 2536 1908 2589 dum
1937 2549 2139 2589 sermo-

565 2644 685 2684 nem
713 2629 780 2682 de
825 2629 1017 2682 virtute
1049 2629 1370 2682 instituimus
1399 2669 1412 2691 ,
1456 2629 1547 2681 sed
1579 2627 1792 2680 allatam
1825 2626 1876 2679 in
1905 2624 2136 2679 medium

562 2720 924 2788 prephetieam
951 2719 1085 2773 hanc
1109 2719 1426 2774 sententiain
1449 2717 1729 2786 diligenter
1755 2715 2134 2784 expendamus,

559 2812 676 2879 quis
701 2825 818 2864 eam
836 2809 1703 2879 protulerit,etquorumeausa,et
1726 2822 1832 2876 quo
1863 2816 2100 2874 tempore
2121 2845 2135 2870 ,

555 2911 612 2957 et
639 2916 794 2968 quem
827 2901 1134 2969 alloquens,
1162 2906 1217 2954 et
1250 2913 1354 2967 quo
1390 2899 1441 2952 in
1469 2907 1609 2952 statu
1638 2913 1724 2953 res
1767 2907 1876 2952 tum
1917 2907 2134 2962 essent,

555 2993 736 3048 onmia
767 2990 980 3045 demum
1014 2989 1427 3059 pervestigetnus
1452 3029 1467 3056 ,
1511 3004 1630 3057 qua:
1669 2987 1735 3042 ad
1763 2986 2136 3041 inveniendum

554 3087 669 3139 usui
702 3096 824 3139 esse
851 3089 1092 3151 possunt.
1121 3080 1171 3134 Is
1199 3080 1434 3150 quidem.
1466 3079 1553 3148 qui
1587 3078 1843 3148 protulit,
1874 3076 2136 3131 Jercmias

551 3185 633 3230 est
660 3175 942 3244 propheta,
965 3171 1090 3224 (lum
1111 3186 1215 3224 non
1241 3169 1453 3240 quidem
1480 3184 1574 3239 pro
1596 3183 1674 3235 se,
1693 3183 1876 3223 verum
1904 3180 1999 3236 pro
2019 3167 2137 3220 aliis

553 3283 740 3339 preces
759 3269 993 3333 olierret,
1020 3281 1114 3333 pro
1134 3263 1329 3318 ludatis
1353 3264 1589 3333 ingratis,
1613 3261 1853 3329 stupidis,
1883 3261 1970 3330 qui
1993 3259 2136 3314 nullo

550 3360 711 3413 modo
723 3359 912 3427 corrigi
932 3363 1191 3426 poterant,
1211 3357 1295 3423 qui
1317 3354 1488 3422 puniri
1505 3353 1796 3416 debebant,
1821 3359 1876 3406 et
1897 3361 2136 3406 extremo

549 3449 807 3518 supplicio
824 3448 1086 3511 mulctari,
1109 3447 1174 3502 de
1195 3445 1387 3518 quibus
1407 3445 1533 3498 dicit
1555 3444 1629 3497 illi
1657 3443 1795 3497 Deus
1817 3461 1830 3497 :
1851 3441 1976 3496 Noli
1994 3457 2137 3496 orare

550 3557 642 3610 pro
682 3539 867 3610 papula
898 3539 990 3592 hoc
1015 3580 1031 3605 ,
1061 3539 1179 3608 quia
1214 3555 1314 3590 non
1355 3535 1628 3591 eaaudiam
1666 3541 1714 3584 te
1739 3531 1883 3602 (Jer.
1925 3532 1976 3583 7.
2006 3528 2132 3601 l6).

550 3634 628 3685 Ae
668 3631 908 3684 nonnulli
947 3629 1162 3698 quidem
1221 3628 1320 3681 hoc
1363 3627 1431 3680 de
1471 3620 1993 3680 Nabuchodonosore
2030 3619 2132 3674 diei

550 3729 830 3773 autumant
863 3734 876 3768 :
913 3734 1031 3771 nam
1059 3719 1307 3786 quoniam
1352 3716 1552 3770 bellum
1585 3715 1690 3769 illis
1720 3719 1838 3768 erat
1880 3710 2134 3765 barbarus

548 3812 810 3873 illaturus,
835 3810 1124 3876 urbemque
1149 3808 1438 3872 deleturus,
1463 3815 1620 3875 atque
1647 3806 1888 3862 abductis
1910 3803 2133 3872 captivis

547 3902 787 3956 abiturus
808 3942 822 3958 .
852 3917 972 3955 cum
1003 3900 1322 3968 persuadere
1349 3899 1595 3953 omnibus
1625 3899 1821 3961 vellet,
1868 3914 1970 3950 non
2008 3911 2131 3950 eum

551 3995 760 4062 propria
792 3994 984 4046 virtute
1009 3992 1088 4045 vel
1120 3993 1352 4062 potentia
1383 3991 1648 4045 civitatem
1677 3999 2127 4059 expugnaturum,

548 4087 640 4141 sed
668 4087 737 4139 ob
775 4087 992 4139 istorum
1024 4094 1234 4153 peccata
1263 4126 1277 4148 ,
1320 4085 1430 4138 Deo
1459 4083 1656 4138 bellum
1695 4082 1823 4136 illud
1869 4091 2087 4150 gerente
2113 4121 2127 4144 ,

549 4192 709 4249 atque
734 4180 990 4232 adversus
1017 4167 1200 4229 urbem
1228 4192 1379 4230 suam
1419 4177 1566 4230 illum
1607 4175 1905 4229 deducente
1927 4215 1940 4233 .
1972 4174 2090 4228 Scio
2112 4215 2126 4237 ,

550 4274 782 4334 Domine,
807 4271 996 4340 inquit,
1020 4271 1139 4338 quia
1165 4283 1264 4322 non
1295 4277 1365 4321 est
1409 4269 1460 4320 in
1487 4267 1686 4320 homine
1712 4268 1789 4319 via
1809 4269 1939 4335 ejus,
1971 4282 2129 4334 neque

547 4367 695 4416 homo
724 4363 833 4428 ibit,
865 4373 909 4415 et
932 4363 1110 4430 diriget
1140 4377 1360 4432 gressum
1385 4377 1547 4414 suum.
1577 4362 1812 4427 Quorum
1842 4360 2124 4413 verborum

551 4459 633 4509 hic
662 4469 849 4510 sensus
877 4464 957 4508 est
990 4471 1002 4505 :
1039 4454 1161 4506 ﬂare
1191 4453 1274 4504 via
1299 4492 1312 4515 ,
1342 4453 1544 4520 inquit,
1573 4465 1674 4519 qua
1703 4465 1842 4504 nunc
1871 4449 2128 4502 barbarus

547 4547 762 4611 incedit,
786 4547 907 4600 dum
937 4547 1088 4598 nobis
1120 4545 1221 4598 hoc
1241 4545 1436 4599 bellum
1461 4546 1635 4608 infert,
1671 4560 1773 4597 non
1796 4543 1863 4596 ab
1883 4545 1998 4611 ipso
2021 4553 2124 4608 est,

547 4653 717 4706 neque
744 4637 963 4690 feliciter
993 4637 1186 4689 bellum
1217 4635 1354 4689 istud
1382 4634 1627 4700 coniecit,
1655 4649 1716 4687 ae
1743 4635 2009 4688 victoriam
2039 4650 2125 4687 re-

546 4731 772 4798 portavit
801 4747 813 4782 :
849 4744 910 4780 ac
939 4728 1038 4781 nisi
1086 4738 1137 4780 tu
1167 4743 1264 4780 nos
1310 4727 1361 4780 in
1406 4727 1521 4795 ejus
1564 4740 1748 4778 manus
1779 4725 2084 4779 tradidisses
2109 4768 2123 4789 ,

545 4835 830 4888 numquam
859 4827 1231 4887 expugnasset,
1267 4827 1356 4870 aut
1387 4819 1617 4870 vicisset.
1662 4817 1862 4870 Idcirco
1900 4831 2119 4884 precor,

544 4913 732 4981 inquit,
764 4927 826 4966 ac
847 4914 1067 4980 supplex
1099 4927 1213 4973 oro,
1245 4910 1457 4979 quando
1488 4912 1554 4963 ita
1586 4911 1675 4962 tibi
1705 4910 1805 4963 hoc
1831 4910 2000 4962 visum
2024 4919 2123 4973 est,

545 5015 600 5054 ut
631 5003 889 5070 supplicio
922 5003 1109 5058 modus
1139 5003 1475 5057 adhibeatur.
1514 5002 1720 5070 Corripe
1749 5018 1978 5071 namque
2007 5018 2123 5065 nos,

545 5094 747 5162 inquit,
773 5106 1108 5147 verumtamen
1138 5095 1189 5147 in
1209 5095 1407 5163 judicio
1428 5136 1440 5159 ,
1476 5103 1520 5146 et
1551 5111 1648 5145 non
1677 5095 1726 5145 in
1756 5097 1926 5162 furore
1973 5092 2122 5160 (Jer.

545 5187 631 5239 10.
660 5186 728 5238 24
752 5186 790 5251 ).
821 5186 924 5240 Sed
955 5188 1200 5254 quoniam
1235 5187 1356 5240 huic
1397 5186 1714 5253 expositioni
1755 5187 2127 5239 contradicunt

545 5277 807 5342 nonnulli,
832 5294 1004 5346 neque
1027 5278 1234 5331 barbari
1257 5292 1415 5331 causa
1439 5278 1635 5331 dictum
1661 5278 1761 5331 hoc
1783 5293 1901 5332 esse
1925 5279 2123 5342 volunt,

543 5367 635 5420 sed
664 5367 728 5420 de
751 5368 1016 5420 communi
1047 5367 1315 5420 hominum
1340 5379 1547 5434 natura,
1569 5370 1924 5422 necessarium
1949 5378 2027 5421 est
2071 5368 2129 5421 'ut

544 5473 663 5510 cum
694 5456 810 5509 istis
835 5456 1191 5511 deccrtemus.
1221 5459 1352 5521 Quid
1381 5474 1505 5526 ergo
1547 5474 1824 5526 possumus
1854 5460 1932 5511 his
1963 5473 2127 5525 0;:p0—

549 5545 716 5600 nere?
744 5545 999 5611 Quoaiam
1030 5563 1125 5616 pro
1155 5547 1457 5600 hominibus
1489 5549 1708 5612 orabat,
1756 5549 1841 5617 qui
1872 5562 2125 5618 peccave-

543 5647 660 5690 rant
686 5679 699 5703 ,
734 5653 830 5707 pro
875 5641 1063 5707 quibus
1107 5656 1258 5693 orare
1305 5655 1446 5709 saepe
1491 5640 1783 5707 prohibitus
1823 5651 1938 5695 erat
1967 5660 1978 5694 :
2010 5655 2129 5709 pro-

543 5739 724 5796 pterea
755 5741 899 5784 curat
931 5773 940 5792 ,
977 5741 1030 5784 ut
1074 5733 1256 5785 cit-itas
1299 5732 1440 5801 prior
1467 5733 1638 5800 lugeat
1669 5749 1679 5783 :
1712 5748 1833 5786 nam
1879 5732 2127 5801 queniam

1307 343 1363 398 S.
1406 339 1682 398 JOANNIS
1718 333 2187 395 CllRYSObTOMI
2231 335 2540 392 ARCHIEP.
2582 337 3105 398 CONSTANTINOP.

3718 361 3829 415 160

2259 451 2470 505 assidue
2514 452 2740 518 dicebat,
2770 456 2882 508 Noli
2911 473 3061 511 orare
3085 473 3180 527 pro
3207 459 3305 512 illis
3325 500 3339 522 ,
3367 475 3484 516 eam
3511 459 3680 527 ipsam
3707 476 3825 528 qua

2257 539 2577 610 benignitate
2599 544 2860 612 indigebat
2882 548 3106 615 priorem
3128 549 3405 612 submittit,
3430 559 3485 604 nt
3502 565 3684 604 ansam
3708 552 3831 606 inde

2255 633 2482 702 aliquam
2500 643 2554 689 et
2569 635 2858 702 speciosam
2877 640 3205 693 occasionem
3225 641 3439 708 arripiat
3462 656 3561 710 pro
3593 641 3696 695 illis
3721 643 3829 695 Deo

2256 740 2444 793 preces
2495 726 2767 792 ofierendi,
2801 739 2959 797 atque
2987 730 3052 784 ad
3082 733 3244 800 ipsam
3291 731 3470 801 dirigit
3494 733 3828 797 orationem,

2255 816 2450 884 aitque,
2493 815 2580 870 Vc
2602 819 2888 871 contritioni
2915 828 3013 872 tuae
3039 835 3058 871 :
3082 820 3270 873 doloris
3294 821 3441 888 plena
3471 831 3545 874 est
3569 823 3719 889 plaga
3745 831 3831 872 tua

2254 907 2384 975 (Jer.
2412 908 2501 962 10.
2524 908 2695 962 19-22
2716 908 2756 978 ).
2785 909 2917 962 Ttun
2941 911 3054 963 inlit
3075 910 3160 964 illa
3187 928 3200 962 :
3227 909 3388 964 Plane
3409 913 3501 964 hoc
3537 923 3607 964 est
3647 911 3831 965 vulnus

2254 1013 2436 1062 meum,
2460 998 2836 1052 tabernaculum
2863 1016 3025 1052 meum
3052 1001 3215 1068 periit,
3241 1001 3394 1070 pelles
3421 1017 3542 1055 mea!
3564 1003 3829 1054 conscissa:

2251 1098 2386 1154 sunt,
2414 1089 2510 1156 ﬁlii
2535 1091 2630 1142 mei
2659 1098 2704 1142 et
2730 1106 2841 1144 oves
2869 1106 2991 1144 mea:
3014 1092 3239 1144 exierunt
3264 1109 3295 1144 rt
3331 1110 3438 1158 me,
3471 1104 3516 1146 et
3553 1111 3656 1146 non
3681 1103 3828 1146 sunt.

2256 1176 2490 1232 Pastores
2521 1181 2615 1234 mei
2641 1181 2789 1234 stulte
2815 1191 3055 1251 egerunt,
3083 1191 3129 1234 et
3162 1181 3430 1236 Dominum
3457 1201 3555 1237 non
3582 1186 3830 1254 exquisie-

2252 1279 2392 1320 runt.
2432 1269 2542 1322 Vox
2570 1272 2849 1324 auditionis
2888 1273 3052 1334 venit,
3083 1281 3127 1324 et
3156 1274 3496 1327 commotionis
3533 1291 3729 1343 magna:
3766 1275 3829 1326 ab

2251 1359 2481 1426 aquilone
2498 1399 2512 1422 ,
2536 1370 2587 1411 ut
2615 1371 2767 1429 ponat
2785 1361 3003 1413 civitates
3034 1361 3066 1412 J
3075 1362 3172 1413 uda
3185 1362 3235 1413 in
3257 1362 3607 1415 desolationem
3629 1403 3644 1426 ,
3669 1373 3712 1416 et
3731 1381 3829 1415 cn-

2252 1447 2348 1502 bile
2375 1467 2650 1517 passerum.
2675 1451 2871 1506 Deinde
2899 1461 3169 1520 postquam
3191 1452 3274 1505 illa
3302 1468 3448 1506 suam
3470 1454 3826 1507 calamitatem

2251 1538 2558 1605 deploravit,
2606 1536 2786 1609 adjicit
2819 1558 2830 1592 :
2865 1539 3106 1606 Domine,
3131 1558 3228 1594 non
3253 1552 3322 1594 est
3355 1543 3569 1595 hominis
3590 1545 3670 1594 via
3695 1545 3826 1605 eius.

2248 1629 2382 1695 Quid
2413 1630 2609 1696 igitur?
2634 1633 2756 1698 quia
2783 1633 3122 1699 lamentatur,
3150 1634 3291 1688 dicet
3317 1635 3524 1703 aliquis,
3559 1637 3831 1703 pernicio-

2249 1736 2364 1774 sum
2405 1723 2592 1791 dogma
2640 1725 2690 1777 in
2739 1724 2992 1783 mundum
3048 1725 3286 1792 invexit,
3335 1735 3510 1779 nostra
3563 1735 3830 1795 potestate

2249 1827 2346 1865 nos
2374 1813 2605 1879 privans,
2632 1823 2683 1866 et
2711 1814 3002 1878 affirmans,
3035 1831 3137 1869 non
3169 1830 3287 1870 esse
3309 1816 3510 1870 arbitrii
3542 1819 3707 1871 nostri
3737 1835 3830 1872 res

2247 1902 2504 1970 gerendas
2527 1902 2550 1953 ?
2574 1902 2914 1973 Nequaquam
2942 1945 2956 1968 ,
2993 1905 3086 1959 sed
3127 1913 3181 1959 et
3211 1905 3333 1958 dum
3381 1906 3698 1960 lamentatur
3721 1949 3734 1970 ,
3773 1908 3827 1961 id

2246 1994 2545 2048 confirmat.
2580 1994 2713 2048 Cum
2739 1996 2880 2049 enim
2922 1996 3176 2059 dixisset,
3228 1995 3346 2050 Non
3375 2007 3445 2049 est
3489 2000 3704 2052 hominis
3745 1999 3828 2051 eia

2245 2088 2353 2154 ejus
2383 2128 2397 2151 ,
2428 2087 2644 2141 minime
2677 2089 2858 2151 tacuit,
2892 2087 2982 2142 sed
3015 2088 3228 2157 adjecit,
3259 2087 3435 2158 Neque
3460 2090 3607 2143 homo
3633 2091 3741 2151 ibit,
3774 2100 3824 2143 et

2243 2177 2423 2246 diriget
2451 2193 2673 2247 gressum
2701 2194 2868 2231 suum.
2913 2178 3060 2243 Quod
3092 2187 3267 2232 autem
3292 2178 3414 2232 dicit
3443 2179 3577 2233 hanc
3605 2189 3829 2233 senten-

2245 2267 2367 2320 tiam
2401 2266 2555 2320 habet
2589 2266 2742 2320 :Non
2777 2276 2942 2320 totum
2973 2267 3130 2321 estin
3175 2277 3353 2321 nostra
3396 2278 3654 2337 potestate
3677 2310 3690 2331 ,
3726 2269 3824 2322 sed

2242 2359 2380 2412 aliud
2412 2359 2624 2429 quidem
2673 2359 2724 2412 in
2763 2369 2938 2412 nostra
2967 2398 2980 2420 ,
3003 2357 3143 2411 aliud
3175 2373 3301 2413 vero
3339 2360 3389 2412 in
3436 2359 3524 2412 Dei
3553 2361 3711 2412 situm
3739 2371 3828 2412 est

2244 2439 2519 2517 petestate.
2555 2449 2685 2502 Nam
2720 2459 2775 2502 ut
2801 2449 2996 2516 optima
3026 2463 3247 2518 qurcque
3269 2450 3545 2519 eligamus,
3574 2450 3823 2513 velimus,

2242 2546 2296 2590 et
2318 2551 2478 2605 agere
2511 2537 2892 2591 contendamus
2918 2579 2932 2602 ,
2964 2552 3284 2607 omnemque
3321 2538 3552 2592 laborem
3584 2539 3827 2594 exantle—

2241 2641 2378 2690 mus,
2411 2627 2575 2680 nostri
2605 2635 2686 2680 est
2714 2627 2920 2680 arbitrii
2953 2644 2966 2682 :
3001 2635 3057 2680 ut
3080 2637 3256 2680 autem
3284 2628 3348 2680 ad
3377 2628 3576 2681 exitum
3612 2643 3674 2681 ea
3703 2644 3828 2695 per-

2241 2717 2513 2777 dncantus,
2547 2731 2716 2785 neque
2744 2718 3060 2771 intercidere
3081 2718 3342 2781 sinamus,
3378 2728 3539 2786 utque
3566 2719 3629 2770 ad
3659 2718 3822 2771 linem

2241 2817 2383 2862 recte
2414 2807 2666 2861 factorum
2691 2809 3082 2877 perveniamus,
3106 2808 3158 2861 id
3182 2823 3309 2861 vero
3334 2808 3560 2862 caelestis
3590 2817 3670 2861 est
3693 2823 3822 2876 gra-

2241 2897 2345 2950 tirc.
2377 2896 2609 2950 Partitus
2633 2897 2775 2951 enim
2823 2907 2906 2952 est
2950 2897 3222 2951 nobiscum
3266 2897 3514 2950 virtutem
3559 2897 3731 2957 Deus,
3767 2906 3827 2950 et

2239 3003 2411 3058 neque
2432 3003 2542 3042 rem
2567 2997 2726 3040 totam
2755 2987 2804 3040 in
2825 2997 3000 3042 nostra
3029 2991 3181 3042 sitam
3207 3003 3325 3043 esse
3349 2988 3512 3040 voluit
3532 2997 3822 3055 potestate,

2241 3097 2307 3135 ne
2336 3083 2387 3134 in
2436 3080 2742 3150 superbiam
2773 3079 3054 3134 efferamur
3079 3122 3093 3146 ,
3142 3096 3312 3150 neque
3361 3087 3525 3134 totum
3557 3079 3653 3132 sibi
3705 3080 3824 3148 ipse

2238 3170 2482 3238 sumpsit,
2515 3185 2585 3223 ne
2615 3184 2711 3224 nos
2738 3169 2944 3224 inertiae
2973 3169 3231 3224 dedamus
3260 3187 3273 3222 :
3302 3169 3394 3223 sed
3422 3169 3671 3237 exiguum
3693 3169 3824 3236 quid

2238 3263 2506 3317 laboribus
2549 3262 2743 3317 nostris
2785 3262 3408 3332 relinquens,majorcm
3455 3272 3660 3329 partem
3704 3262 3822 3330 ipse

2237 3355 2467 3408 conficit.
2515 3355 2581 3411 Ut
2607 3356 2747 3410 enim
2776 3355 3006 3410 sciamus
3029 3394 3043 3418 ,
3073 3369 3178 3423 quo
3218 3363 3370 3422 pacto
3400 3354 3445 3407 si
3493 3369 3579 3406 res
3609 3362 3717 3405 tota
3768 3353 3822 3406 in

2237 3455 2498 3514 potestate
2528 3455 2706 3499 nostra
2739 3445 2946 3509 fuisset,
2979 3445 3174 3498 multos
3197 3444 3246 3497 id
3279 3445 3329 3497 in
3355 3443 3659 3512 superbiam
3681 3443 3826 3510 egiso

2235 3545 2336 3600 set,
2366 3545 2420 3590 et
2444 3535 2740 3598 extulisset,
2767 3534 3042 3587 audiamus
3068 3532 3192 3603 qttid
3225 3533 3524 3587 Phariszeus
3546 3531 3688 3584 dicat
3711 3572 3727 3596 ,
3764 3532 3817 3584 in

2235 3636 2485 3694 quautam
2516 3625 2850 3680 insolentiam
2881 3623 3048 3678 elatus
3082 3632 3256 3689 esset,
3286 3639 3389 3691 quo
3432 3630 3587 3690 pacto
3619 3623 3826 3691 magni-

2237 3718 2334 3772 fice
2353 3719 2676 3787 loqueretur,
2701 3732 2864 3786 seque
2889 3717 2981 3771 toti
3009 3716 3124 3770 orbi
3151 3725 3413 3770 terrarum
3437 3715 3669 3768 iasmose
3693 3729 3825 3781 prre-

2235 3813 2395 3867 ferret
2438 3811 2774 3879 (Luc.18).
2800 3810 3085 3878 Propterea
3129 3825 3232 3863 non
3279 3817 3336 3861 ut
3360 3815 3527 3861 totum
3587 3822 3615 3859 a
3664 3806 3824 3860 nobis

2235 3882 2520 3970 penderel,
2554 3901 2749 3965 effecit,
2780 3901 3017 3970 quinimo
3058 3899 3317 3968 permisit.
3347 3898 3475 3951 utin
3508 3912 3688 3949 nostra
3725 3913 3820 3965 po-

2235 4005 2424 4050 testate
2449 3993 2644 4062 aliquid
2669 4000 2806 4048 esset
2831 4035 2843 4058 ,
2877 4001 2932 4045 ut
2964 4007 3060 4045 nos
3080 3991 3198 4058 jure
3222 4005 3284 4043 ac
3311 3990 3498 4041 merito
3523 3989 3817 4042 coronandi

2232 4088 2527 4156 speciosmn
2548 4085 2880 4138 occasionem
2914 4083 3192 4151 arriperet.
3223 4082 3393 4149 Atque
3419 4078 3519 4131 hoc
3549 4079 3636 4132 illa
3664 4095 3820 4147 para-

2232 4179 2350 4232 bola
2382 4175 2744 4235 deelaravit,in
2767 4189 2866 4244 qua
2890 4172 3286 4235 dicit,hontines
3312 4171 3450 4224 circa
3478 4169 3818 4224 undecimam

2232 4268 2415 4322 horam
2449 4267 2690 4320 inventos
2730 4280 2786 4318 se
2814 4265 2864 4317 in
2895 4264 3101 4316 vineam
3143 4262 3205 4315 ad
3237 4259 3560 4329 operandum
3607 4262 3819 4314 misisse

2237 4358 2442 4425 (Matth.
2471 4357 2559 4410 20.
2593 4357 2644 4408 G.
2672 4371 2777 4423 sqq.
2799 4353 2840 4423 ).
2872 4353 3103 4406 Tametsi
3142 4351 3263 4420 quid
3297 4351 3502 4417 operari
3535 4351 3816 4403 undecima

2235 4449 2365 4502 hora
2418 4446 2741 4513 potuerunt?
2785 4447 2851 4496 Λι
2897 4443 3239 4495 nihilominus
3285 4441 3349 4494 ad
3393 4442 3652 4510 integram
3709 4441 3817 4493 illis

2230 4540 2456 4593 dandam
2486 4536 2782 4590 mercedem
2811 4534 2971 4587 breve
3003 4541 3323 4586 momentum
3353 4533 3459 4584 Deo
3484 4532 3714 4586 suffecit.

2308 4629 2402 4682 llic
2433 4630 2689 4698 propheta:
2716 4629 2852 4679 locus
2883 4625 3152 4677 libertatem
3190 4623 3383 4675 arbitrii
3410 4640 3508 4675 non
3538 4624 3707 4690 eripit.
3737 4651 3810 4662 -ο

2231 4724 2403 4789 Atque
2451 4728 2507 4772 ut
2552 4718 2811 4784 intelligas
2843 4716 2940 4767 hoc
2972 4713 3280 4782 prOphetam
3319 4727 3442 4765 vere
3473 4713 3674 4776 dicere,
3723 4728 3816 4764 nc-

2230 4829 2330 4880 que
2365 4827 2459 4864 nos
2489 4809 2697 4864 arbitrii
2730 4809 2968 4860 libertate
3001 4807 3226 4874 privare,
3247 4802 3337 4857 sed
3367 4803 3433 4856 de
3457 4817 3637 4856 rerum
3666 4804 3813 4855 exitu

2233 4904 2615 4975 philosophari,
2643 4902 2761 4954 audi
2796 4899 2919 4968 quid
2957 4898 3189 4966 adjiciat.
3240 4895 3367 4949 Nam
3396 4910 3515 4948 eum
3549 4894 3768 4947 dixisset
3796 4933 3812 4954 ,

2233 4997 2354 5049 Non
2381 5004 2450 5048 est
2476 4995 2525 5046 in
2557 4992 2755 5045 homine
2780 4991 2858 5042 via
2881 4990 3007 5055 ejus,
3050 4988 3222 5041 statim
3252 4984 3487 5054 adjungit
3535 5002 3549 5036 :
3605 4983 3814 5050 Corripe

2230 5106 2339 5150 nos,
2372 5087 2602 5149 Domine,
2649 5090 2988 5134 verumtamen
3015 5077 3298 5146 injudicio,
3338 5084 3384 5126 et
3417 5091 3516 5126 non
3546 5074 3597 5126 in
3642 5073 3816 5138 furore

2235 5181 2442 5250 (Jerem.
2483 5177 2568 5230 10.
2603 5175 2720 5243 24).
2759 5172 2814 5226 Si
2857 5171 2998 5225 enim
3033 5167 3234 5220 arbitrii
3276 5166 3440 5218 nostri
3468 5165 3594 5216 nihil
3627 5171 3809 5226 esset,

2231 5273 2420 5326 frustra
2450 5271 2671 5331 diceret,
2715 5265 2924 5332 Corripe
2965 5277 3074 5325 no's,
3106 5260 3339 5324 Domine,
3388 5266 3724 5310 verumtamen
3758 5254 3814 5304 in

2222 5366 2439 5436 judicio.

2302 5456 2354 5509 5.
2403 5453 2482 5505 Ea:
2521 5451 2707 5502 indicto
2748 5444 2995 5513 supplicio
3023 5442 3223 5496 libertas
3253 5439 3446 5492 arbitrii
3473 5437 3706 5504 infertur.
3741 5463 3812 5474 -—

2233 5545 2368 5611 Quid
2395 5544 2532 5598 enim
2562 5540 2672 5592 ﬁeri
2706 5545 2877 5606 potest
2904 5535 3166 5602 injustius,
3198 5545 3353 5601 quim
3383 5539 3435 5579 ut
3468 5526 3538 5578 illi
3570 5526 3808 5594 plectan-

2233 5649 2336 5700 tur,
2379 5649 2599 5703 quortnn
2646 5647 2708 5682 ex
2753 5627 2970 5681 arbitrio
3019 5641 3121 5677 non
3153 5624 3380 5692 pendent
3410 5634 3493 5671 res
3533 5617 3807 5684 gerendm,

2237 5737 2323 5780 aut
2363 5735 2419 5779 ut
2461 5724 2698 5776 homines
2745 5721 2815 5772 illi
2865 5733 3043 5785 pinnas
3092 5714 3403 5775 sustineant,
3459 5724 3680 5776 quarunt
3727 5708 3805 5757 via
