4016 6458
252 390 369 445 159

246 502 404 554 τοῦτο
434 501 748 570 ἐγενόμεθα,
783 502 878 570 οὐχ
919 501 1005 555 ἵνα
1043 504 1305 573 φάγωμεν
1340 507 1433 557 καὶ
1468 506 1699 574 πίωμεν,
1731 504 1824 556 καὶ

249 583 686 654 περιϐαλώμεθα,
722 585 835 638 ἀλλ’
867 586 952 638 ἵνα
1006 586 1265 656 φύγωμεν
1311 588 1529 649 κακίαν,
1573 586 1822 656 ἑλώμεθα

245 664 304 717 δὲ
330 665 530 734 ἀρετὴν
552 706 566 726 ,
596 667 694 734 τῆς
743 667 889 730 θείας
924 667 1306 737 ἐπιλαϐόμενοι
1341 669 1674 738 φιλοσοφίας.
1701 669 1824 721 Ὅτι

247 746 356 816 γάρ
383 749 480 816 οὐχ
520 747 606 803 ἴνα
640 750 897 818 φάγωμεν
940 751 1034 803 καὶ
1090 751 1307 820 πίωμεν
1357 751 1677 820 ἐγενόμεθα.
1710 751 1822 804 ἀλλ’

248 829 334 896 ἐφ’
365 829 569 898 ἐτέροις
598 831 771 900 πολλῷ
804 831 1011 900 μείζοσι
1039 833 1134 884 καὶ⁵
1169 833 1451 900 βελτίοσιν,
1477 834 1706 886 ἄκουσον
1728 833 1824 884 τοῦ

249 910 386 962 Θεοῦ
436 914 529 964 καὶ
569 913 666 982 τὴν
717 915 893 966 αἰτίαν
944 914 1213 982 λέγοντος,
1244 910 1388 985 ἐφ’ᾖ
1429 917 1520 968 τὸν
1545 915 1826 984 ἄνθρωπον

251 993 492 1060 ἐποίησε.
546 997 891 1049 Διαπλάττων
929 997 1038 1066 γὰρ
1087 998 1270 1060 αύτὸν,
1317 997 1458 1050 οὓτω
1496 997 1612 1058 πώς
1654 1015 1822 1066 φησι⁹

251 1075 601 1142 Ποιήσωμεν
635 1077 946 1144 ἄνθρωπον
977 1081 1104 1133 κατ’
1160 1080 1362 1132 εἰκόνα
1403 1079 1693 1147 ἡμετέραν
1728 1080 1826 1132 καί

250 1159 380 1209 καθ’
423 1159 724 1224 ὁμοίωσιν.

319 1239 380 1292 δ’.
409 1239 622 1309 ’Όμοιοι
638 1242 691 1293 δὲ
709 1241 840 1293 Θεοῦ
860 1242 1121 1311 γινόμεθα
1141 1243 1239 1295 οὐκ
1257 1243 1522 1305 ἐσθίοντες
1539 1246 1631 1296 καὶ
1648 1243 1826 1294 πίνον-

246 1338 339 1384 τες
369 1323 462 1374 καὶ
494 1324 931 1394 περιϐαλλόμενοι
955 1341 967 1355 '
1002 1325 1133 1388 Θεὸς
1177 1326 1284 1396 γὰρ
1312 1326 1432 1378 οῦτε
1468 1325 1664 1386 ἐσθίει,
1705 1323 1826 1376 οῦτε

250 1405 416 1468 πίνει,
441 1403 562 1456 οὔτε
593 1406 972 1474 περιϐάλλεται
998 1422 1009 1434 '
1045 1406 1182 1458 ἀλλὰ
1209 1406 1552 1476 δικαιοσύνην
1590 1405 1825 1457 ἀσκοῦν-

246 1503 374 1548 τες,
444 1487 850 1556 φιλανθρωπίαν
918 1488 1392 1557 ἐπιδεικνύμενοι,
1455 1487 1680 1555 χρηστοὶ
1734 1487 1827 1538 καὶ

250 1570 511 1630 ἐπιεικεῖς
551 1564 704 1630 ὄντες
723 1610 737 1632 ,
772 1572 896 1632 τοὺς
919 1570 1145 1639 πλησίον
1179 1570 1474 1631 ἐλεοῦντες.
1501 1570 1677 1620 πᾶσαν
1707 1567 1830 1637 ἀρε-

247 1653 348 1718 τὴν
398 1649 683 1714 διώκοντες
708 1666 720 1679 ⁶
756 1654 877 1704 ἐπεὶ
907 1653 967 1703 τὸ
1021 1655 1215 1720 φαγεῖν
1246 1655 1338 1705 καὶ
1365 1652 1425 1704 τὸ
1464 1654 1606 1704 πιεῖν
1653 1651 1828 1703 κοινὸν

251 1732 387 1800 πρὸς
430 1733 528 1800 τὴν
573 1734 679 1784 τῶν
726 1733 935 1800 ἀλόγων
970 1734 1132 1802 φύσιν
1177 1736 1308 1805 ἡμῖν
1353 1737 1488 1796 ἐστι,
1547 1733 1640 1786 καὶ
1677 1733 1828 1785 οὐδὲν

247 1813 471 1865 ἐκείνων
526 1815 666 1866 κατά
709 1815 865 1868 τοῦτο
909 1818 1164 1885 ἀμείνους
1207 1819 1392 1886 ἐσμέν.
1455 1815 1612 1869 Ἀλλὰ
1663 1815 1829 1867 πόθεν

247 1895 404 1963 ἡμῶν
431 1898 462 1963 ὴ
497 1897 767 1966 ὑπεροχῆς
801 1899 894 1950 Ἐκ
919 1898 1011 1950 τοῦ
1036 1900 1156 1950 κατ’
1195 1900 1380 1951 εἰκόνα
1410 1897 1544 1950 Θεοῦ
1575 1897 1828 1964 γενέσθαι

247 1977 340 2027 καὶ
387 1979 660 2046 ὁμοίωσιν.
720 1980 808 2050 Μὴ
867 1981 1046 2032 τοίνυν
1098 1981 1472 2049 ἀποκάμωμεν
1512 1982 1636 2042 τοὺς
1687 1980 1828 2047 ὑπὲρ

245 2061 448 2127 ἀρετῆς
471 2060 741 2124 κινοῦντες
778 2063 985 2129 λόγους,
1012 2062 1125 2114 ἀλλ’
1159 2063 1454 2130 ἀγαγόντες
1491 2061 1587 2132 τὴν
1611 2077 1826 2132 προφη-

245 2142 401 2209 τλκὴν
448 2143 650 2210 ταύτην
680 2145 832 2213 ῥῆσιν
863 2147 939 2207 εἰς
969 2147 1152 2213 μέσον,
1183 2145 1320 2213 μετὰ
1345 2145 1625 2214 ἀκριϐείας
1660 2145 1828 2213 αὐτὴν

245 2224 742 2295 διερευνησώμεθα,
793 2228 887 2278 καὶ
919 2226 1182 2295 μάθωμεν
1207 2240 1230 2267 ³
1262 2227 1342 2288 τίς
1372 2230 1398 2280 6
1438 2227 1671 2296 εἰρηκὼς
1693 2268 1704 2286 ,
1735 2226 1828 2278 καὶ

247 2307 386 2375 ὑπὲρ
413 2308 594 2370 τίνων,
641 2309 731 2361 καὶ
777 2310 924 2369 πότε,
956 2311 1052 2363 καὶ
1094 2311 1233 2380 πρὸς
1261 2312 1398 2373 τίνα,
1433 2311 1525 2363 καὶ
1569 2309 1684 2372 πῶς
1720 2310 1828 2363 τῶν

249 2389 592 2458 πραγμάτων
642 2391 1024 2460 διακειμένων,
1072 2393 1166 2444 καὶ
1214 2394 1390 2445 πάντα
1423 2391 1609 2454 ἀπλῶς
1644 2391 1829 2456 ἐξετά-

247 2469 432 2532 ζοντες
463 2472 530 2522 τὰ
558 2473 693 2541 πρὸς
723 2473 818 2541 τὴν
851 2473 1066 2542 εὕρεσιν
1100 2473 1468 2530 συντελοῦντα.
1516 2474 1573 2526 '0
1607 2474 1707 2543 μὲν
1736 2470 1828 2527 οῦν

243 2553 482 2621 εἰρηκὼς
529 2555 793 2623 Ἱερεμίας
836 2557 981 2607 ἐστὶν
1028 2558 1056 2608 ό
1113 2558 1421 2626 προφήτης,
1451 2557 1509 2608 ού
1541 2557 1645 2624 μὴν
1689 2557 1827 2627 ὑπὲρ

247 2637 272 2688 ἐ
291 2635 464 2696 λυτοῦ,
500 2637 611 2689 ἀλλ’
651 2639 786 2706 ὑπὲρ
822 2639 1022 2706 ἐτέρων
1047 2639 1147 2708 τὴν
1178 2638 1456 2707 ἱκετηρίαν
1486 2639 1827 2706 ποιούμενος,

249 2719 388 2787 ὑπὲρ
419 2718 682 2771 Ἰουδαίων
704 2719 809 2770 τῶν
840 2720 1192 2788 ἀγνωμόνων,
1210 2719 1317 2771 τῶν
1341 2719 1704 2790 ἀναισθήτων,
1720 2719 1829 2772 τῶν

245 2799 584 2868 ἀδιορθώτως
612 2801 861 2868 ἐχόντων,
893 2801 1000 2852 τῶν
1032 2801 1354 2869 ὀφειλόντων
1389 2802 1716 2870 κολασθῆναι
1734 2803 1830 2853 καὶ

243 2883 344 2952 τὴν
367 2883 600 2954 ἐσχάτην
635 2885 916 2953 ὑπομεῖναι
940 2885 1231 2955 τιμωρίαν,
1255 2885 1380 2954 περί
1407 2878 1480 2936 ὼν
1509 2901 1670 2953 φησιν
1683 2883 1831 2952 αύτῷ

243 2969 273 3019 6
300 2965 428 3027 Θεός
451 2982 462 2994 ’
489 2965 582 3031 Μὴ
613 2969 952 3035 προσεύχου
993 2969 1125 3036 περί
1162 2969 1266 3021 τοῦ
1300 2969 1452 3020 λαοῦ
1478 2969 1714 3028 τούτου,
1743 2966 1832 3020 ὅτι

243 3052 358 3102 ούκ
387 3050 819 3117 εἱσακούσομαί
865 3065 980 3102 σου
1002 3065 1014 3078 ’
1049 3051 1142 3103 καί
1187 3067 1334 3112 τινες
1380 3050 1478 3119 μέν
1516 3067 1648 3118 φασι
1676 3049 1833 3102 τοῦτο

245 3133 376 3201 περὶ
435 3130 529 3182 τοῦ
581 3131 1047 3202 Ναϐουχοδονόσορ
1108 3132 1363 3200 λέγεσθαι
1403 3149 1414 3159 '
1466 3132 1652 3200 ἐπειδὴ
1725 3131 1833 3200 γάρ

245 3213 473 3282 ἔμελλεν
503 3214 911 3285 ἐπιστρατεύειν
940 3217 1123 3278 αὐτοῖς
1169 3217 1198 3267 6
1248 3215 1542 3284 βάρϐαρος,
1594 3214 1686 3264 καὶ
1736 3214 1833 3280 τὴν

245 3296 402 3348 πόλιν
438 3295 737 3365 ἀφανίζειν,
767 3296 914 3368 [164]
943 3298 1037 3350 καὶ
1065 3297 1244 3349 λαϐὼν
1267 3297 1650 3366 αἰχμαλώτους
1676 3296 1836 3347 ἀπιέ-

245 3397 357 3438 ναι,
392 3379 706 3447 βουλόμενος
759 3381 941 3430 πεῖσαι
1006 3379 1248 3442 πάντας,
1300 3380 1381 3432 ὅτι
1433 3381 1493 3431 ού
1551 3378 1704 3448 παρά
1737 3379 1834 3448 τὴν

244 3462 454 3516 οἰκείαν
518 3463 670 3530 ἰσχὺν
711 3463 802 3514 καὶ
827 3461 1055 3531 δύναμιν
1104 3464 1203 3533 τῆς
1233 3463 1437 3524 πόλεως
1474 3463 1832 3538 περιγίνεται,

247 3545 388 3596 ἀλλὰ
421 3543 570 3613 παρὰ
594 3545 660 3596 τά
679 3543 883 3597 τούτων
902 3547 1292 3614 ἁμαρτήματα,
1323 3546 1417 3598 τοῦ
1439 3545 1573 3598 Θεοῦ
1602 3562 1837 3614 στρατηο

247 3626 476 3694 γοῦντος
518 3627 609 3679 τὸν
652 3627 904 3696 πόλεμον,
933 3629 1025 3680 καὶ
1053 3629 1518 3698 χειραγωγοῦντος
1549 3628 1710 3680 αὐτὸν
1745 3627 1835 3678 ἐπὶ

246 3711 350 3778 τὴν
399 3709 603 3762 οἰκείαν
663 3711 835 3774 πόλιν,
867 3712 1065 3778 φησίν’
1111 3707 1275 3772 Οἶδα,
1328 3711 1524 3776 Κύριε,
1574 3709 1663 3761 ὅτι
1699 3708 1836 3776 οὐχι

248 3792 359 3844 τοῦ
417 3791 728 3858 ἀνθρώπου
769 3793 806 3859 ἠ
866 3793 1004 3858 ὁδὸς
1056 3794 1262 3852 αὑτοῦ,
1319 3792 1460 3845 οὐδὲ
1528 3789 1838 3858 ἄνθρωπος

250 3875 631 3940 πορεύσεται,
655 3873 753 3926 καὶ
795 3874 1158 3942 κατορθώσει
1189 3875 1304 3941 τὴν
1339 3873 1586 3940 πορείαν
1626 3873 1832 3925 αὐτοῦ.

257 3959 324 4008 Ὃ
346 3957 402 4008 δέ
435 3955 582 4024 λέγει
621 3957 860 4009 τοιοῦτόν
900 3958 1047 4010 ἐστιν
1067 3976 1079 3988 ·
1108 3961 1140 4027 ἡ
1173 3958 1288 4021 ὁδὸς
1319 3957 1476 4027 αῦτη,
1513 3956 1693 4024 φησὶν,
1720 3955 1783 4024 ἢν
1809 3956 1836 4006 6

252 4039 532 4110 βάρϐαρος
564 4040 766 4108 βαδίζει
797 4040 891 4092 νῦν
923 4041 1332 4111 ἐπιστρατεύων
1365 4043 1514 4110 ἡμῖν,
1554 4039 1673 4109 οὐχὶ
1708 4038 1838 4108 παρ’

249 4121 449 4175 ἑαυτοῦ
486 4124 651 4183 ἐστιν,
693 4123 811 4175 οὐδὲ
856 4125 1062 4185 ἐκεῖνος
1118 4123 1444 4193 κατώρθωσε
1485 4123 1573 4174 τὸν
1603 4122 1837 4190 πόλεμον

248 4204 441 4257 τοῦτον
470 4206 562 4256 καὶ
599 4205 697 4273 τὴν
730 4206 905 4274 νίκην,
941 4206 1123 4257 ἀλλἐἰ
1155 4205 1226 4274 μὴ
1251 4207 1312 4256 σὺ
1343 4204 1663 4272 παρέδωκας
1692 4204 1839 4271 ἡμᾶς

248 4288 373 4348 ταῖς
412 4287 619 4338 ἐκείνου
674 4288 880 4356 χερσὶν,
923 4288 1021 4338 οὑκ
1069 4285 1136 4339 ἂν
1178 4287 1500 4356 ἐκράτησεν.
1531 4285 1651 4336 ούδέ
1684 4302 1838 4354 περι-

251 4369 486 4435 ἐγένετο.
509 4369 606 4420 Διὰ
631 4369 806 4429 τοῦτο,
835 4371 984 4436 φησι,
1002 4368 1189 4438 δέομαι
1223 4371 1314 4420 καὶ
1340 4367 1620 4428 ἀντιϐολῶ,
1650 4367 1837 4436 ἐπειδὴ

251 4452 411 4505 τοῦτο
455 4451 620 4514 ἔδοξε,
681 4452 818 4520 μετά
861 4452 1058 4521 μέτρου
1120 4452 1370 4518 γενέσθαι
1414 4451 1510 4520 τὴν
1544 4449 1834 4520 τιμωρίαν.

252 4533 591 4588 Παίόευσον
641 4534 816 4602 ἡμᾶς,
857 4534 1023 4601 πλὴν
1073 4534 1142 4586 ἐν
1189 4536 1422 4603 κρίματι
1441 4535 1486 4597 ἶ),
1512 4534 1605 4586 καί
1635 4533 1720 4600 μὴ
1771 4532 1841 4585 ἐν

253 4617 438 4684 θυμῷ.
467 4617 603 4670 Ἀλλ’
629 4617 813 4685 ἐπειδὴ
848 4634 989 4678 τινες
1018 4617 1155 4686 πρὸς
1179 4617 1336 4668 τοῦτο
1365 4617 1727 4683 ἀντιλέγουσι,
1747 4617 1841 4668 καὶ

251 4701 523 4768 ούχὶπερὶ
565 4700 657 4751 τοῦ
691 4699 967 4766 βαρϐάρου
1007 4701 1171 4765 φασὶν
1222 4699 1494 4770 εἰρῆσθαι,
1548 4698 1684 4750 ἀλλὰ
1714 4698 1842 4766 περὶ

253 4784 352 4851 τῆς
385 4782 564 4850 κοινῆς
599 4780 809 4848 φύσεως
843 4779 950 4831 τῶν
984 4779 1305 4848 ἀνθρώπων,
1334 4783 1546 4848 ἀνάγκη
1579 4781 1672 4832 καὶ
1705 4779 1842 4848 πρὸς

253 4863 477 4926 τούτους
508 4862 987 4931 ἀπομαχήσασθαι.
1035 4862 1097 4913 Τί
1148 4858 1241 4914 οῦν
1274 4864 1388 4915 ἐστι
1441 4863 1575 4933 πρὸς
1622 4862 1844 4924 τούτους

254 4949 452 5009 εἰπεῖν;
477 4948 556 4999 ὅτι
577 4947 715 5016 ὑπὲρ
741 4945 1041 5014 ἀνθρώπων
1073 4946 1472 5015 ἡμαρτηκότων
1507 4946 1680 5014 ἠξίου,
1703 4945 1844 5015 ὑπὲρ

257 5023 332 5082 ὧν
349 5027 592 5098 ἐκωλύθη
614 5027 871 5089 πολλάκις
884 5027 1087 5092 ἀξιοῦν·
1103 5027 1188 5080 διὰ
1206 5029 1362 5080 τοῦτο
1379 5029 1476 5097 τὴν
1494 5029 1645 5080 πόλιν
1668 5045 1844 5096 παρα-

258 5111 510 5174 σκευάζει
536 5112 801 5182 θρηνῆσαι
826 5110 1061 5178 πρῶτον·
1083 5111 1269 5180 ἐπειδὴ
1284 5112 1390 5181 γάρ
1409 5111 1646 5179 συνεχῶς
1668 5111 1842 5178 ἐλεγε,

252 5189 344 5256 Μὴ
373 5191 523 5254 ἀξίου
541 5193 679 5262 ὑπὲρ
703 5193 900 5251 αὐτῶν,
929 5192 1025 5260 τὴν
1051 5193 1313 5262 δεομένην
1336 5195 1504 5262 αὐτὴν
1533 5195 1632 5262 τῆς
1654 5193 1842 5260 φιλαν-

256 5276 503 5347 θρωπίας
535 5275 754 5344 καθίησι
793 5274 1039 5345 πρώτην,
1080 5276 1166 5327 ἵνα
1196 5278 1405 5329 ἐκεῖθεν
1440 5279 1695 5345 ἀφορμήν
1725 5293 1847 5328 τινα

258 5363 352 5415 καὶ
383 5361 656 5428 πρόφασιν
682 5361 904 5426 εῦλογον
939 5359 1080 5429 λάϐῃ
1109 5360 1206 5427 τῆς
1242 5363 1378 5429 προς
1406 5362 1494 5411 τὸν
1537 5361 1668 5411 Θεὸν
1707 5360 1848 5429 ὑπὲρ

255 5441 435 5495 αὐτῶν
463 5443 759 5512 ἱκετηρίας,
784 5444 876 5494 καὶ
907 5442 1040 5510 πρὸς
1071 5442 1240 5506 αὐτὴν
1263 5443 1530 5494 ἀποτείνει
1555 5443 1644 5493 τὸν
1669 5442 1845 5508 λόγον,

255 5526 351 5579 καί
384 5543 576 5594 φησιν·
606 5526 751 5579 Ούαὶ
797 5524 876 5589 τῷ
915 5527 1316 5593 συντρίμματί
1345 5545 1494 5579 σου’
1527 5527 1758 5594 ἀλγηρὰ
1810 5527 1849 5592 ὴ

322 5716 346 5740 ⁸
375 5717 471 5812 Καέ
490 5716 705 5822 μάξωμεν
744 5717 891 5765 deest
913 5719 961 5765 in
1003 5714 1193 5765 duobus
1216 5730 1349 5775 mss.,
1393 5718 1574 5778 legitur
1609 5722 1771 5766 autem
1802 5721 1847 5768 in

322 5791 408 5822 ΙΓιί.
441 5789 548 5822 ..ενι
577 5813 588 5822 .

255 5789 408 5828 πίστις.
441 5789 588 5823 δἌΥΙΙ.

322 5834 348 5873 δ
383 5837 515 5886 Unus
539 5840 586 5886 ἐν
604 5838 767 5899 κρίσει.

1077 387 1146 448 ΙΝ
1184 388 1412 455 ILLUD,
1453 389 1736 456 DOMINE,
1777 389 1916 444 NON
1962 391 2086 445 EST
2126 392 2192 445 IN
2234 391 2518 455 HOMINE.
2551 391 2700 446 ETC.

3385 389 3498 446 160

1933 506 2131 574 πληγή
2157 521 2291 558 σου.
2325 502 2456 558 Εἶτα
2483 505 2664 573 ἐκείνη
2695 501 2857 573 φησίν
2876 516 2892 532 ⁸
2927 503 3149 565 Ὄντως
3183 501 3357 554 τοῦτό
3375 519 3493 568 μου

1927 591 1988 642 τὸ
2022 590 2251 659 τραῦμά
2293 591 2483 655 ἐστιν;
2543 592 2580 657 ἡ
2627 589 2829 657 σκηνή
2875 605 2991 656 μου
3039 585 3242 646 ὤλετο,
3270 590 3328 639 αλ
3371 587 3494 654 δέρο

1917 678 2043 744 ρεις
2087 695 2204 745 μου
2248 677 2746 742 διεσπάσθησαν,
2806 679 2858 728 οί
2913 674 3029 728 vlo!
3087 691 3204 742 μου
3263 673 3359 727 καὶ
3423 673 3494 725 τὰ

1924 763 2184 831 πρόϐατά
2204 782 2322 832 μου
2351 761 2606 828 ἐξῆλθεν
2637 765 2735 816 ἀπ’
2766 762 2930 828 ἐμοῦ,
2968 759 3064 812 καὶ
3096 762 3205 812 οὐκ
3231 759 3408 812 εἰσίν.
3432 761 3497 812 Οἱ

1924 849 2195 918 ποιμένες
2223 866 2339 916 μου
2372 851 2838 917 ἡφρονεύσαντο,
2879 849 2974 899 καί
3007 847 3111 899 τὸν
3136 848 3352 913 Κύριον
3384 847 3494 897 οὐκ

1926 935 2306 1002 ἐξεζήτησαν.
2341 936 2510 1002 Φωνὴ
2550 934 2739 1000 ἀκοῆς
2781 946 2800 972 ο
2840 935 3070 1001 ἔρχεται
3113 933 3209 985 καί
3241 930 3492 996 σεισμοῦ

1919 1022 2185 1090 μεγάλου
2213 1022 2329 1075 ἀπὸ
2354 1020 2565 1090 βορρᾶ,
2602 1021 2708 1073 τοῦ
2737 1021 2905 1082 τάξαι
2941 1020 3047 1084 τὰς
3084 1020 3288 1082 πόλεις
3313 1017 3496 1069 Ἰούδα

1925 1111 2012 1173 εἰς
2047 1109 2387 1176 ἀφανισμὸν
2423 1110 2519 1160 καὶ
2550 1107 2757 1173 κοίτην
2793 1105 3116 1171 στρουθῶν.
3151 1102 3280 1156 Εἶτα
3314 1102 3496 1171 ἐπειδὴ

1927 1194 2266 1264 ἐτραγῴδησε
2297 1194 2394 1263 τὴν
2422 1193 2624 1246 οἰκείαν
2654 1193 2934 1261 συμφορὰν
2965 1191 3164 1259 ἐκείνη,
3200 1189 3350 1258 φησί,
3377 1190 3497 1242 Κύ-

1924 1298 2044 1348 ριε,
2084 1282 2218 1348 οὐχὶ
2265 1279 2370 1332 τοῦ
2409 1277 2719 1346 ἀνθρώπου
2761 1280 2798 1344 ἡ
2839 1278 2975 1342 ὁδὸς
3018 1275 3221 1329 αὑτοῦ.
3264 1275 3327 1326 Τί
3372 1270 3496 1340 οῦν;

1927 1367 2112 1436 ἐπειδὴ
2136 1367 2338 1438 θρηνεῖ,
2366 1366 2704 1436 φησὶ,δόγμα
2729 1365 2965 1433 ὀλέθριον
2995 1365 3279 1431 εισήγαγεν
3302 1362 3380 1424 είς
3401 1361 3498 1428 τὴν

1926 1455 2275 1524 οἰκουμένην,
2311 1457 2408 1522 τὴν
2450 1453 2693 1515 ἐξουσίαν
2739 1451 2892 1518 ἡμῶν
2935 1447 3360 1518 ἀφαιρούμενος,
3407 1447 3502 1500 καὶ

1927 1542 2099 1608 λέγων
2127 1544 2226 1594 ούκ
2256 1543 2338 1608 ἐφ’
2364 1543 2494 1610 ἡμῖν
2514 1537 2649 1591 εἶναι
2674 1540 2739 1591 τὰ
2763 1537 3035 1607 πρακτέα;
3064 1536 3343 1604 Οὐδαμῶς,
3367 1535 3501 1588 ἀλλά

1929 1630 2020 1680 καὶ
2058 1628 2269 1697 θρηνῶν
2304 1627 2676 1696 ἀσφαλίζεται.
2717 1623 2898 1677 Εἰπὼν
2933 1623 3060 1693 γὰρ,
3102 1624 3182 1680 ὃτι
3217 1621 3361 1690 Οὐχὶ
3396 1622 3500 1676 τοῦ

1929 1714 2237 1783 ἀνθρώπου
2266 1716 2303 1782 ἡ
2333 1716 2470 1780 ὁδὸς
2507 1714 2692 1768 αὑτοῦ
2711 1754 2726 1778 ,
2758 1713 2855 1764 οὐκ
2877 1709 3200 1780 ἐσιώπησεν,
3226 1711 3339 1764 ἀλλ’
3369 1712 3504 1780 ἐπή-

1929 1817 2115 1869 γαγεν,
2144 1801 2293 1854 Οὐδὲ
2313 1801 2620 1869 ἅνθρωπος
2650 1800 3020 1864 πορεύσεται,
3035 1797 3130 1850 καί
3151 1797 3504 1863 κατορθώσει

1929 1887 2043 1954 τὴν
2062 1902 2305 1954 πορείαν
2331 1887 2536 1940 αὐτοῦ.
2559 1889 2622 1938 Ὃ
2653 1887 2708 1937 δέ
2740 1885 2907 1950 λέγει,
2933 1881 3171 1935 τοιοῦτόν
3200 1883 3344 1936 ἐστιν
3363 1900 3375 1913 ·
3406 1883 3505 1935 ούκ

1929 1976 2012 2042 ἐφ’
2037 1978 2163 2045 ἡμῖν
2189 1979 2303 2026 ἐστι
2327 1975 2384 2026 τὸ
2410 1976 2536 2032 πᾶν,
2571 1972 2707 2023 ἀλλά
2733 1972 2792 2023 τὸ
2821 1973 2919 2040 μὲν
2952 1970 3036 2038 ἐφ’
3063 1972 3216 2039 ἡμῖν,
3248 1969 3307 2020 τὸ
3331 1969 3387 2020 δὲ
3415 1971 3506 2021 ἐπὶ

1928 2060 2006 2128 τῷ
2027 2060 2161 2128 Θεῷ.
2190 2061 2262 2112 Τὸ
2286 2060 2381 2128 μὲν
2409 2060 2513 2128 γάρ
2545 2057 2756 2109 ἑλέσθαι
2787 2058 2852 2109 τὰ
2880 2056 3157 2118 κάλλιστα,
3191 2057 3284 2108 καὶ⁵
3314 2055 3504 2124 βουλη-

1932 2147 2108 2216 θῆναι,
2142 2147 2235 2198 καὶ
2259 2145 2571 2207 σπουδάσαι,
2603 2145 2694 2194 καὶ
2713 2143 2888 2194 πάντα
2905 2142 3191 2209 ὑπομεῖναι
3209 2141 3383 2201 πόνον,
3409 2141 3507 2209 τῆς

1929 2235 2202 2302 ἡμετέρας
2249 2232 2367 2284 ἐστὶ
2411 2231 2714 2300 προθέσεως
2749 2247 2759 2257 ’
2794 2230 2852 2280 τὸ
2888 2229 2943 2280 δέ
2983 2230 3062 2289 εἰς
3096 2227 3244 2288 τέλος
3284 2229 3508 2294 ἀγαγεῖν

1931 2322 2097 2378 αὐτὰ,
2132 2323 2224 2373 καὶ
2257 2321 2329 2388 μὴ
2363 2321 2709 2389 συγχωρῆσαι
2737 2318 3028 2378 διαπεσεῖν,
3067 2315 3162 2368 καὶ
3203 2314 3338 2386 πρὸς
3377 2313 3509 2368 αὐτὸ

1934 2408 1990 2460 τὸ
2025 2407 2196 2476 πέρας
2225 2406 2396 2458 ἐλθεῖν
2422 2406 2529 2458 τῶν
2554 2404 3008 2473 κατορθωμάτων,
3036 2402 3134 2470 τῆς
3159 2401 3361 2454 ἄνωθέν
3391 2402 3510 2452 ἐστι

1930 2494 2165 2563 χάριτος.
2218 2493 2537 2562 Ἐμερίσατο
2583 2491 2689 2561 γὰρ
2735 2490 2868 2560 πρὸς
2907 2491 3051 2560 ἡμᾶς
3097 2489 3193 2557 τὴν
3239 2488 3436 2558 ἀρετὴν
3482 2487 3512 2538 6

1929 2581 2079 2644 Θεὸς,
2110 2580 2202 2632 καὶ
2225 2579 2345 2632 οὔτε
2377 2581 2458 2646 ἐφ’
2484 2581 2613 2646 ἡμῖν
2641 2576 2818 2644 ἀφῆκε
2844 2576 2903 2628 τὸ
2930 2578 3038 2627 πᾶν
3060 2573 3216 2638 εἶναι,
3235 2575 3319 2627 ἵνα
3341 2576 3413 2644 μὴ
3435 2576 3512 2636 εἰς

1930 2665 2184 2718 ἀπόνοιαν
2205 2663 2578 2733 ἐπαιρώμεθα,
2608 2661 2753 2733 [165]
2775 2661 2896 2713 οὔτε
2918 2662 3074 2724 αὐτὸς
3095 2662 3154 2713 τὸ
3179 2663 3283 2713 πᾶν
3301 2660 3510 2724 ἐλαϐεν,

1933 2760 2018 2811 ἵνα
2052 2759 2124 2829 μὴ
2155 2759 2232 2819 εἰς
2272 2756 2538 2827 ρᾳθυμίαν
2562 2755 2939 2824 ἀποκλίνωμεν
2966 2769 2979 2783 ·
3008 2753 3119 2805 ἀλλ’
3150 2753 3326 2819 ὀλίγον
3355 2753 3515 2818 ἀφεὶς

1931 2847 2022 2898 ἐπὶ
2052 2849 2164 2909 τοῖς
2195 2846 2482 2914 ἡμετέροις
2515 2844 2723 2906 πόνοις,
2763 2842 2822 2894 τὸ
2858 2840 3015 2893 πλέον
3047 2839 3207 2902 αὐτὸς
3237 2839 3510 2908 κατορθοῖ.

1934 2935 2053 2986 Ὅτι
2088 2933 2194 3002 γάρ
2220 2933 2265 2983 εἰ
2292 2931 2351 2982 τὸ
2381 2932 2486 2982 πᾶν
2519 2926 2584 2999 ἦν
2614 2930 2696 2996 ἐφ’
2729 2931 2878 2998 ἡμῖν,
2905 2927 3128 2986 πολλοὺς
3158 2927 3220 2978 ἄν
3246 2925 3404 2978 τοῦτο
3433 2927 3514 2988 εἰς

1933 3020 2185 3072 ἀπόνοιαν
2233 3019 2406 3086 ἐπῆρε
2453 3017 2546 3068 καὶ
2595 3014 3026 3084 ἐξετραχήλισεν,
3079 3011 3364 3079 ἀκούωμεν
3419 3009 3513 3061 τοῦ

1931 3107 2239 3176 Φαρισαίου,
2263 3105 2314 3156 τί
2333 3121 2512 3172 φησιν,
2537 3104 2615 3163 εἰς
2639 3103 2765 3168 ὅσην
2787 3099 3100 3162 ἀλαζονείαν
3124 3100 3373 3167 ἐπήρετο,
3399 3097 3515 3159 πῶς

1933 3194 2349 3264 ἐμεγαληγόρει,
2385 3193 2475 3243 καὶ
2511 3191 2606 3258 τῆς
2642 3188 2964 3256 οἰκουμένης
2999 3186 3214 3253 ἁπάσης
3248 3185 3516 3264 ἐφρόνησε

1937 3283 2171 3351 μείζονα.
2215 3282 2312 3332 Διὰ
2349 3280 2506 3331 τοῦτο
2547 3277 2607 3328 οὐ
2654 3276 2714 3328 τὸ
2754 3275 2861 3326 πᾶν
2905 3273 3058 3343 ἡμῶν
3097 3272 3370 3342 ἐποίησεν,
3404 3257 3517 3324 ἀλλ⁹

1936 3370 2112 3438 ἀφῆκέ
2139 3386 2189 3420 τι
2227 3368 2310 3436 ἐφ’
2349 3369 2478 3436 ἡμῖν
2509 3361 2670 3426 εἶναι,
2704 3364 2789 3415 ἵνα
2817 3361 3171 3431 εὐπρόσωπον
3211 3359 3350 3431 λάϐῃ
3389 3359 3520 3429 1:96-

1937 3473 2096 3524 φασιν
2114 3455 2206 3508 τοῦ
2235 3455 2455 3515 δικαίως
2479 3455 2622 3521 ἡμᾶς
2642 3449 2958 3519 στεφανοῦν.
2979 3450 3088 3501 Καὶ
3115 3447 3271 3499 τοῦτο
3288 3447 3518 3515 ἐδήλωσε

1934 3544 2022 3596 διὰ
2049 3544 2146 3612 τῆς
2177 3541 2486 3611 παραϐολῆς
2506 3539 2735 3607 ἐκείνης,
2752 3537 2869 3588 καθ’
2887 3536 2952 3604 ἦν
2971 3551 3150 3604 φησιν,
3179 3534 3258 3585 ὅτι
3278 3534 3401 3601 περί
3423 3531 3518 3601 τὴν

1935 3630 2224 3698 ἑνδεκάτην
2262 3626 2410 3697 ὥραν
2443 3625 2616 3694 εὑρὼν
2656 3622 2997 3691 ἀνθρώπους,
3037 3618 3278 3688 ἐπεμψεν
3317 3622 3395 3680 εἰς
3428 3618 3520 3670 τὸν

1936 3714 2230 3786 ἀμπελῶνα
2259 3712 2600 3782 ἐργάζεσθαι.
2635 3709 2824 3762 Καίτοι
2852 3708 2904 3760 τί
2931 3709 2987 3759 ἐν
3015 3710 3081 3776 τῇ
3110 3705 3369 3777 ἑνδεκάτῃ
3402 3704 3521 3776 ὥρᾳ

1936 3804 2286 3873 είργάσαντος
2321 3799 2457 3851 Ἀλλ’
2485 3799 2631 3866 ὅμως
2658 3796 2856 3866 ἤρκεσε
2879 3794 2954 3863 τῷ
2978 3793 3092 3861 Θεῷ
3115 3794 3208 3845 καὶ⁵
3232 3795 3264 3860 ἡ
3297 3792 3521 3861 βραχεῖα

1936 3891 2028 3944 τοῦ
2073 3887 2259 3957 καιροῦ
2301 3881 2440 3956 ῥοπὴ
2482 3884 2614 3953 πρὸς
2658 3883 2716 3934 τὸ
2753 3881 2933 3934 δοῦναι
2976 3881 3065 3933 τὸν
3113 3879 3300 3949 μισθὸν
3339 3881 3521 3944 αὐτοῖς

1937 3973 2360 4047 ἀπηρτισμένον.

2008 4065 2115 4115 Καὶ
2140 4062 2226 4114 ἵνα
2262 4058 2436 4128 μάθῃς
2463 4057 2542 4108 ὅτι
2570 4054 2722 4107 τοῦτο
2748 4052 2962 4124 ἀληθῶς
2991 4056 3018 4107 ὁ
3045 4053 3327 4124 προφήτης
3364 4054 3518 4122 φησί,

1938 4153 2031 4203 καὶ
2059 4150 2156 4200 οὐκ
2183 4147 2491 4215 ἀφαιρεῖται
2514 4142 2612 4211 τὴν
2639 4141 2883 4207 ἐξουσίαν
2913 4142 3076 4210 ἡμᾶς,
3107 4141 3241 4194 ἀλλά
3276 4141 3403 4210 περὶ
3429 4139 3522 4192 τοῦ

1939 4237 2122 4294 τέλους
2159 4232 2264 4284 τῶν
2304 4230 2640 4301 πραγμάτων
2679 4227 2911 4280 ἐνταῦθα
2953 4227 3249 4296 φιλοσοφεῖ,
3293 4226 3524 4278 ἄκουσον

1939 4326 2034 4394 τῆς
2069 4320 2380 4389 ἐπαγωγῆς.
2409 4317 2590 4371 Εἰπὼν
2614 4318 2740 4388 γὰρ,
2773 4319 2894 4368 Οὐκ
2922 4316 2990 4368 ἐν
3013 4315 3297 4379 ἀνθρώπῳ
3321 4315 3357 4377 1':
3387 4312 3524 4377 ὁδὸς

1939 4413 2142 4473 αὑτοῦ,
2185 4411 2343 4470 εὐθὺς
2385 4409 2664 4478 ἐπιφέρει,
2712 4405 3046 4457 Παίδευσον
3088 4402 3272 4470 ἡμᾶς,
3327 4403 3522 4468 Κύριε,

1941 4500 2106 4566 πλὴν
2145 4499 2214 4549 ἐν
2253 4498 2462 4562 κρίσει,
2509 4493 2605 4545 καὶ
2645 4493 2728 4560 μὴ
2777 4491 2844 4542 ἐν
2879 4489 3061 4558 θυμῷ.
3104 4491 3164 4541 Εἰ
3205 4489 3311 4556 γὰρ
3361 4489 3531 4558 μηδὲν

1941 4590 2073 4649 ὅλως
2098 4589 2178 4654 ἐφ’
2204 4589 2338 4656 ἡμῖν
2363 4579 2450 4653 ἦν,
2484 4580 2751 4652 περιττῶς
2781 4578 2950 4646 ἔλεγε,
2980 4577 3319 4632 Παίδευσον
3347 4576 3524 4646 ἡμᾶς,

1942 4677 2108 4742 πλὴν
2139 4676 2206 4728 ἐν
2238 4675 2449 4740 κρίσει.

2011 4773 2072 4816 ε’.
2087 4765 2150 4816 Τί
2171 4763 2276 4833 γὰρ
2292 4761 2355 4814 ἂν
2375 4761 2701 4828 ἀδικώτερον
2723 4756 2816 4808 τοῦ
2844 4753 3165 4817 κολάζεσθαι
3185 4756 3308 4816 τοὺς
3327 4755 3422 4806 ούκ
3443 4755 3527 4806 δν-

1942 4871 2037 4914 τας
2061 4850 2277 4920 κυρίους
2301 4849 2409 4899 τῶν
2444 4846 2749 4916 πρακτέων,
2778 4845 2868 4895 καὶ
2888 4842 3150 4913 τιμωρίαν
3181 4843 3400 4909 ὑπέχειν
3432 4843 3526 4894 ἀνα

1943 4941 2210 5011 θρώπους,
2231 4930 2352 5004 ὦνή
2377 4937 2493 4997 ὁδὸς
2517 4935 2608 4986 καὶ
2626 4934 2653 4984 6
2677 4933 2785 5001 βίος
2806 4932 2905 4984 οὐκ
2921 4932 3012 4983 ἐπὶ
3027 4933 3091 5000 τῇ
3115 4930 3291 4982 αὐτῶν
3314 4929 3528 4998 ἐξουσίᾳ

1943 5033 2145 5090 κεῖται;
2169 5028 2326 5078 Ὥστε
2350 5027 2476 5077 ὅταν
2498 5024 2752 5092 φαίνηται
2775 5023 2865 5074 τὸν
2886 5020 3016 5072 Θεὸν
3039 5018 3366 5086 παρακαλῶν
3391 5019 3526 5088 ὑπὲρ

1943 5118 2033 5170 τοῦ
2074 5118 2146 5186 μὴ
2183 5115 2543 5184 σφοδροτέραν
2576 5110 2824 5180 γενέσθαι
2851 5109 2948 5176 τὴν
2975 5108 3242 5177 τιμωρίαν
3275 5107 3388 5160 κατ’
3429 5108 3526 5159 αῦ-

1943 5205 2069 5268 τῶν,
2102 5205 2250 5254 οὐδὲν
2277 5203 2459 5271 ἕτερον
2487 5202 2519 5270 ἣ
2556 5199 2711 5251 τοῦτο
2738 5197 3010 5266 ἐμφαίνει,
3042 5196 3121 5246 ὅτι
3146 5194 3284 5259 ἄξιοι
3314 5194 3404 5245 τοῦ
3442 5210 3525 5244 κο-

1944 5293 2196 5353 λάζεσθαι
2237 5291 2327 5342 καὶ
2364 5288 2630 5356 τιμωρίαν
2667 5284 2886 5352 ὑπέχειν
2925 5283 3029 5334 εἰσί
3063 5300 3075 5312 ο
3112 5281 3268 5333 τοῦτο
3294 5282 3348 5332 δέ
3378 5281 3529 5332 οὐδὲν

1946 5383 2128 5450 ἕτερον
2153 5380 2184 5448 ἢ
2214 5379 2272 5430 τὸ
2299 5374 2639 5438 αὐτεξούσιον
2677 5369 3053 5442 συνίστησινά.
3087 5371 3148 5422 Εἰ
3184 5371 3290 5440 γὰρ
3320 5370 3392 5438 μὴ
3429 5366 3524 5418 κύ-

2012 5536 2033 5563 θ
2063 5533 2208 5580 δργιι.
2238 5532 2287 5578 in
2310 5535 2446 5576 lexlu
2490 5533 2644 5587 φωνῆς
2661 5524 3046 5587 ἀκοῇ-,Ῠὶῐιᾉῐηπῇ
3075 5522 3528 5587 φωνῇ-ἀκοῆςηίιιιξη

1947 5607 2062 5642 vera
2093 5595 2237 5639 lectio
2260 5596 2353 5644 est,
2381 5601 2429 5635 et
2454 5581 2664 5635 héhctur
2687 5588 2734 5633 in
2764 5581 2848 5633 Ed.
2873 5581 3022 5633 Rom:
3039 5581 3133 5629 τῶν
3158 5586 3198 5629 Ο
3215 5583 3240 5626 ’.
3266 5581 3432 5644 Morel.
3461 5581 3526 5624 si-

1948 5656 2133 5702 militer
2155 5654 2282 5714 φωνή
2311 5643 2655 5714 ἀκοῆςηΡαυΙο
2687 5652 2796 5714 μοδε
2815 5659 2944 5714 μορε
2968 5646 3030 5698 εἰς
3051 5643 3326 5704 ἀφορισμόν,
3356 5652 3527 5686 verum

1949 5720 2013 5771 εἰς
2033 5708 2290 5776 ἀξιανίσμρν
2313 5712 2663 5776 Ιρειξηόιιιιι,ει
2683 5710 2755 5757 sic
2774 5708 2912 5776 LXX:

2010 5761 2394 5834 δ-ἒέινὶιῖρυιαῖ
2420 5761 2684 5834 legendum
2725 5773 2965 5834 συνιστᾷν,
3014 5769 3230 5834 ctJvcre’
3250 5761 3526 5834 mﬂiuia‘d

1956 5841 2136 5888 seriem
2161 5824 2401 5897 quidrarc
2414 5824 2610 5882 videtur
2627 5832 2737 5891 ;scd
2751 5824 3021 5884 συνίστησιν
3041 5829 3187 5875 etiam
3210 5824 3322 5871 ferri
3343 5827 3524 5883 potest.
