4016 6432
600 371 711 426 ]63
1327 360 1380 414 S.
1409 355 1688 416 JOANNIS
1716 352 2191 408 CHRYSOSTOHI
2220 355 2531 412 ARCIIIEP.
2565 359 2779 414 CONST
2791 358 3100 422 ANTINOP.

3725 379 3839 434 164

600 639 1866 662 πῃρ-ῂ--κω--.ῂη--α-η-

738 655 1866 662 -——.—._—._____.—___.___.____.

738 650 3567 665 .—*_~__ﬂ—*mWO—_—o_m

1108 1039 1182 1098 IN
1239 1038 1444 1098 DUAS
1493 1033 1885 1096 HOMILIAS
1942 1035 2049 1094 DE
2095 1033 2720 1095 PROPHET’IARUM
2772 1035 3324 1096 OBSCUIUTATE

670 1325 971 1380 Admodum
1002 1325 1220 1381 difficile
1246 1335 1330 1380 est
1360 1336 1572 1394 tempus
1599 1325 1856 1390 indicare,
1877 1339 1986 1394 quo
2016 1325 2100 1378 hae
2118 1325 2239 1379 dua:
2260 1323 2493 1380 homilia
2518 1326 2718 1381 habitae
2751 1326 2922 1380 fuere.
2954 1326 3173 1381 Certum
3210 1325 3427 1396 quidem
3468 1334 3553 1380 est
3580 1325 3826 1395 priorem

604 1462 806 1531 aliquot
841 1463 1035 1518 diebus
1083 1464 1308 1520 alteram
1341 1465 1701 1534 praecessisse,
1728 1465 2085 1535 posteriorem
2129 1480 2256 1520 vero
2285 1467 2372 1521 die
2410 1465 2684 1522 Dominica
2716 1466 2915 1522 dictam
2947 1466 3134 1521 fuisse.
3168 1466 3220 1521 Id
3249 1467 3391 1520 enim
3421 1473 3639 1520 constat
3663 1480 3732 1519 ex
3762 1462 3832 1518 iis

595 1607 716 1663 qua:
744 1594 1003 1650 dicuntur
1036 1595 1091 1649 in
1116 1595 1346 1651 Homilia
1368 1597 1453 1651 cui
1481 1597 1692 1662 titulus,
1727 1596 2000 1652 Damone:
2028 1614 2128 1651 non
2151 1599 2440 1668 gubernare
2485 1600 2758 1654 mundum.
2786 1599 2865 1654 lbi
2903 1599 3072 1664 enim,
3115 1598 3268 1654 Tom.
3307 1599 3367 1662 II,
3402 1615 3453 1669 p.
3491 1600 3617 1665 247,
3652 1600 3713 1665 Β,
3745 1599 3832 1654 sic

596 1732 706 1787 ait:
741 1733 909 1803 Atque
941 1734 1036 1786 hoc
1077 1735 1284 1803 quidem
1317 1736 1381 1788 ab
1417 1737 1559 1789 omni
1593 1747 1823 1806 tempore
1851 1742 1970 1805 jam
2008 1738 2256 1802 innotuit,
2301 1740 2590 1808 prwsertim
2627 1756 2660 1793 a
2714 1739 2986 1793 Dominica
3026 1738 3310 1802 superiore.
3346 1735 3652 1804 Numquam
3689 1738 3834 1791 enim

595 1869 774 1924 divina
797 1871 935 1924 vobis
964 1870 1169 1940 eloquia
1201 1873 1472 1942 fastidium
1503 1889 1686 1941 parere
1714 1873 1821 1926 dies
1842 1873 1930 1927 ille
1965 1877 2256 1941 praesertim
2277 1876 2545 1930 indicavit.
2571 1875 2777 1930 Ibidem
2800 1882 3003 1940 autem,
3033 1875 3087 1929 in
3121 1873 3398 1930 concionis
3431 1872 3639 1926 scilicet
3675 1869 3834 1939 prin-

597 2003 762 2074 cipio,
798 2005 886 2059 illa
914 2006 1094 2061 omnia
1117 2007 1306 2063 ordine
1331 2010 1527 2078 repetit
1552 2025 1671 2079 quae
1701 2009 1755 2063 in
1787 2009 1950 2079 hujus
1973 2009 2253 2065 concionis
2276 2010 2382 2063 fine
2409 2008 2640 2073 dixerat,
2673 2007 2819 2077 quod
2848 2008 2902 2062 in
2932 2023 3082 2062 more
3109 2022 3229 2061 esse
3257 2005 3646 2075 Chrysostomo
3666 2015 3834 2054 nemo

597 2139 807 2203 nescit;
840 2139 1094 2195 nimirum
1127 2143 1236 2213 agit
1259 2143 1326 2197 de
1358 2144 1558 2198 sanctis
1580 2145 1849 2215 justisque
1875 2145 2025 2211 viris,
2071 2145 2162 2216 qui
2206 2160 2300 2200 sua
2330 2146 2569 2216 ipsorum
2611 2155 2852 2215 peccata,
2877 2161 2984 2200 non
3024 2152 3204 2199 autem
3243 2143 3438 2209 aliena,
3470 2157 3596 2198 cum
3627 2141 3835 2196 doloris

600 2271 988 2342 significatione
1039 2276 1557 2338 commemorabant,
1620 2277 1796 2332 allatis
1839 2278 2003 2332 etiam
2059 2278 2352 2348 Scriptura:
2407 2281 2539 2334 locis
2577 2281 2717 2334 bene
2761 2280 2944 2334 multis
2990 2289 3152 2348 atque
3189 2277 3446 2347 exemplis
3484 2287 3827 2338 sanctorum,

599 2401 787 2456 eadem
815 2402 956 2457 serie
985 2412 1040 2458 et
1062 2405 1482 2460 accuratissime.
1505 2405 1638 2460 Nam
1669 2407 1812 2475 quod
1838 2408 2140 2476 exemplum
2180 2407 2473 2462 desiderari
2502 2408 2556 2462 in
2605 2409 2707 2463 hac
2737 2409 2975 2464 secunda
3014 2410 3276 2464 concione
3308 2408 3640 2478 querebatur
3665 2407 3837 2462 Tille-

600 2541 860 2604 montius,
911 2542 995 2597 vir
1040 2543 1331 2614 diligentiae
1377 2554 1431 2599 et
1459 2546 1820 2600 accurationis
1860 2547 2318 2618 singularissimaa,
2356 2563 2554 2617 nempe
2600 2547 2730 2603 illud
2758 2548 2924 2614 Petri,
2968 2547 3072 2602 Exi
3115 2565 3148 2601 a
3184 2565 3282 2613 me,
3313 2549 3435 2618 quia
3468 2549 3549 2601 vir
3589 2558 3839 2615 peccator

598 2693 735 2738 sum,
765 2676 875 2744 jam
902 2691 966 2729 ex
995 2675 1193 2732 Codice
1220 2676 1529 2732 Colbertino
1553 2680 1856 2733 restitutum
1892 2681 2078 2735 habes.
2115 2681 2294 2752 Itaque
2318 2691 2526 2736 certum
2561 2682 3005 2753 exploratumque
3043 2691 3126 2737 est
3159 2683 3432 2738 homiliam
3466 2684 3609 2739 hanc
3633 2701 3834 2740 secun-

600 2804 724 2859 dam
757 2805 825 2860 de
849 2805 1260 2876 Prophetiarum
1298 2809 1626 2864 obscuritate
1645 2811 1840 2864 dictam
1867 2810 2032 2866 fuisse
2078 2812 2352 2867 Dominica
2385 2815 2724 2883 praecedente
2747 2814 3062 2869 concionem
3087 2814 3231 2868 illam
3257 2831 3416 2884 supra
3450 2827 3832 2870 memoratam.

600 2940 821 2996 Certum
859 2942 1081 3010 perinde
1118 2943 1334 2998 videtur
1383 2946 1545 3000 hasce
1567 2945 1700 3000 duas
1722 2946 2011 3000 conciones
2039 2945 2338 3001 Antiochiae
2365 2947 2575 3002 habitas
2599 2947 2794 3014 fuisse;
2828 2949 2954 3018 quia
2990 2963 3187 3018 nempe
3214 2948 3630 3020 Chrysostomus
3659 2951 3737 3006 sic
3768 2951 3840 3004 de

601 3075 858 3146 episcopo
889 3076 1126 3145 loquitur
1156 3076 1211 3129 in
1235 3078 1455 3132 homilia
1487 3080 1743 3144 secunda,
1774 3095 1924 3133 num.
1953 3081 2006 3144 5,
2047 3089 2104 3134 ut
2132 3097 2242 3136 non
2275 3097 2353 3147 se,
2400 3084 2492 3139 sed
2516 3084 2679 3138 alium
2703 3084 3019 3155 episcopum
3055 3097 3174 3140 esse
3209 3085 3537 3143 subindicet.
3565 3089 3641 3144 De
3691 3108 3842 3147 anno

601 3214 782 3260 autem
815 3207 950 3260 nihil
979 3210 1319 3277 exploratum
1358 3212 1604 3265 habetur.
1634 3211 1766 3266 Vide
1786 3211 1955 3268 Tomo
1978 3213 2039 3281 ll,
2071 3231 2124 3284 p.
2152 3216 2279 3271 245.

675 3340 792 3397 Erit
823 3343 963 3401 forte
984 3345 1254 3417 quispiam
1282 3348 1371 3416 qui
1400 3362 1601 3402 annum
1640 3362 1697 3402 se
1728 3348 1856 3402 hinc
1885 3348 2148 3418 expiscari
2189 3367 2348 3421 posse
2381 3362 2548 3424 putet,
2572 3355 2717 3424 quod
2766 3357 2822 3410 in
2853 3355 3092 3412 Homilia
3120 3358 3292 3428 prima
3323 3358 3391 3416 de
3418 3358 3838 3432 Pr0phctiarum

581 4286 877 4332 UTILITBB
907 4289 986 4330 ET
1014 4287 1442 4331 PERCOMMODE
1476 4287 1750 4341 FACTUM,
1799 4288 1880 4328 UT
1923 4289 2293 4332 PROPHETIB
2335 4291 2414 4333 DE
2445 4292 2712 4337 CIIRISTO
2750 4296 2828 4337 ET
2871 4297 3177 4341 GENTKBUS
3220 4300 3431 4353 DEQUE
3485 4309 3844 4356 JUD‘EORUM

1333 4385 1806 4428 REPROBATIONE
1849 4384 2140 4428 osseum:
2185 4387 2430 4442 ESSENT,
2481 4390 2964 4436 nemousrnano
3010 4378 3118 4457 (α).

2303 4558 2598 4575 ---ι

1852 4532 2294 4586 “cum

656 4678 706 4728 i.
740 4675 1014 4729 Sententia:
1034 4674 1188 4728 Isaia:
1212 4691 1324 4727 cum
1347 4674 1609 4728 altitudine
1632 4674 1783 4728 maris
1811 4679 2149 4746 conferuntur.
2264 4679 2531 4748 navigium
2565 4682 2614 4734 in
2657 4681 2837 4735 orbem
2868 4681 3173 4737 existimant
3211 4683 3560 4738 circumferri.
3611 4683 3727 4738 Non
3761 4693 3841 4737 ta-

591 4767 923 4835 lc'xperientia:
943 4774 987 4817 et
1009 4766 1373 4819 exercitationis
1395 4766 1676 4818 commoda.
1699 4795 1769 4805 ——
1790 4765 2154 4835 Propheticain

579 4861 732 4915 vobis
761 4858 920 4912 hodie
944 4859 1065 4912 volo
1094 4872 1329 4911 mensam
1362 4857 1644 4923 instruere,
1674 4866 1832 4926 atque
1860 4860 1911 4911 in
1943 4859 2156 4927 pelagus

581 4950 858 5018 sapientiae
905 4947 1053 5002 lsaiae
1095 4947 1320 5002 meditor
1361 4949 1651 5001 orationem
1701 4949 2004 5003 immittere.
2055 4950 2156 5003 Sed

585 5038 710 5105 quid
733 5037 964 5092 faciam?
991 5038 1180 5092 Dubito
1203 5053 1263 5091 ac
1285 5048 1480 5102 metuo,
1506 5053 1572 5091 ne
1592 5052 1710 5092 cum
1735 5053 1765 5091 e
1786 5050 1939 5106 portu
1959 5044 2157 5109 egressi

585 5127 865 5190 fuerimus,
896 5137 1056 5196 atque
1081 5127 1145 5181 ad
1185 5127 1495 5195 profundum
1525 5130 1899 5181 sententiarum
1927 5132 2157 5198 prophe-

587 5227 655 5270 tce
683 5220 1111 5287 pervenerimus,
1144 5219 1283 5288 quod
1315 5222 1483 5272 nautis
1512 5219 1799 5287 contingit,
1830 5221 1916 5287 qui
1945 5222 2158 5288 naviga-

586 5308 716 5360 tioni
746 5316 941 5361 assueti
983 5324 1088 5361 non
1115 5319 1274 5373 sunt,
1313 5310 1567 5376 vertigine
1605 5310 1922 5364 laboremus.
1950 5311 2078 5364 Nam
2109 5322 2161 5366 ct

589 5399 663 5454 illi
692 5414 809 5452 cum
838 5400 1014 5452 relicta
1050 5409 1186 5452 terra
1227 5414 1291 5452 ex
1332 5411 1550 5468 utraque
1582 5410 1728 5468 parte
1758 5403 1905 5455 navis
1947 5403 2159 5470 pelagus

591 5490 839 5555 viderint,
873 5507 968 5544 nec
995 5491 1134 5544 aliud
1163 5490 1444 5559 quidquam
1478 5501 1669 5558 praeter
1697 5508 1840 5545 mare
1865 5507 1925 5545 ac
1950 5495 2156 5556 caelum,

591 5583 926 5638 tenebriciisa
953 5583 1207 5651 vertigine
1235 5583 1592 5650 corripiuntur
1615 5625 1627 5647 ,
1659 5591 1712 5637 et
1752 5599 1850 5638 una
1881 5599 1998 5638 cum
2029 5587 2158 5638 mari

585 5725 717 5842 10gb)
751 5723 933 5775 Cullala
962 5731 1072 5767 eum
1104 5715 1274 5767 Codice
1295 5717 1444 5776 Regio
1477 5714 1627 5776 9.543,
1671 5725 1721 5767 et
1750 5730 1857 5766 cum
1882 5716 2156 5768 Colbertino

2265 4785 2384 4822 men
2416 4786 2479 4823 ex
2514 4779 2697 4823 natura
2745 4773 2937 4835 maris,
2983 4773 3072 4826 sed
3119 4773 3254 4841 quod
3302 4774 3560 4841 inexperti
3603 4776 3710 4828 sint
3752 4777 3840 4843 qui

2265 4861 2532 4929 navigant,
2558 4859 2867 4913 oboriuntur
2891 4863 3174 4929 vertigines
3204 4879 3214 4912 :
3248 4864 3424 4916 caeteri
3453 4864 3667 4932 quidem
3692 4874 3842 4918 certe

2265 4961 2437 5004 nauta:
2463 4951 2615 5004 nudis
2638 4952 2946 5017 corporibus
2971 4960 3023 5004 et
3045 4953 3094 5003 iu
3123 4953 3309 5006 mediis
3333 4953 3578 5007 ﬂuctibus
3605 4955 3654 5007 in
3679 4965 3842 5023 caput

2268 5060 2328 5099 se
2351 5044 2623 5112 dejiciunt,
2653 5059 2823 5112 neque
2852 5044 2956 5098 tale
2981 5045 3260 5113 quidquam
3285 5047 3572 5113 patiuntur,
3603 5046 3696 5101 sed
3719 5062 3840 5100 cum

2267 5137 2331 5188 ad
2361 5136 2528 5203 ipsum
2558 5134 2870 5202 profundum
2900 5135 3298 5200 descenderint,
3333 5138 3493 5190 tutius
3513 5177 3528 5202 ,
3561 5152 3720 5206 quam
3751 5139 3841 5206 qui

2269 5227 2319 5278 in
2344 5225 2641 5291 pavimento
2663 5225 2876 5293 degunt,
2905 5227 3008 5278 illic
3030 5235 3323 5290 versantur,
3349 5236 3401 5279 et
3431 5226 3688 5292 Hectore,
3716 5244 3842 5279 ocu-

2269 5317 2364 5380 lis,
2392 5329 2454 5368 ac
2495 5324 2603 5367 toto
2631 5329 2851 5381 corpore
2882 5316 3198 5383 salsuginem
3238 5316 3529 5382 excipiant,
3562 5331 3670 5368 nun
3700 5331 3842 5383 aegre

2270 5407 2463 5460 ferunt.
2491 5407 2715 5460 Tantum
2746 5406 2940 5459 bonum
2964 5416 3042 5460 est
3067 5408 3391 5468 exercitatio,
3418 5416 3617 5458 tantum
3644 5408 3836 5458 malum

2268 5508 2347 5552 est
2379 5498 2636 5566 imperitia
2669 5514 2680 5550 :
2710 5498 2785 5550 sic
2827 5498 2922 5550 ista
2953 5497 3264 5565 persuadet,
3299 5506 3352 5548 ut
3393 5496 3551 5549 etiam
3584 5510 3699 5563 qam
3729 5495 3838 5547 fur-

2269 5588 2533 5642 midabilia
2557 5597 2677 5641 sunt
2698 5599 3115 5650 contemnamus,
3141 5589 3224 5639 illa
3250 5603 3374 5641 vero
3397 5588 3576 5651 efficit,
3606 5597 3663 5641 ut
3682 5589 3836 5642 etiam

2269 5689 2374 5731 tuta
2406 5690 2645 5748 suspecta
2683 5681 2787 5734 sint
2818 5681 2968 5734 nobis
2989 5721 3001 5737 .
3031 5694 3095 5733 ac
3121 5679 3506 5732 reformidanda
3539 5679 3840 5732 vidcantur.

2269 5768 2399 5824 Nam
2428 5770 2479 5826 hi
2508 5772 2714 5842 quidem
2748 5774 2796 5825 iu
2841 5771 3154 5828 sublimibus
3185 5770 3427 5827 sedentes
3456 5771 3612 5827 navis
3635 5770 3832 5826 tabula-
