4016 6450
198 410 312 463 163
1180 403 1264 461 DE
1303 403 1839 461 PROPHETIARUM
1878 405 2371 464 OBSCURITATE.
2416 410 2454 465 Ι.

1621 1086 1678 1145 Μ
1689 1084 2015 1147 ONITUM.

192 1386 554 1450 obscuritate,
582 1401 809 1439 numero
840 1387 894 1450 '5,
926 1384 1069 1438 dicat
1098 1399 1156 1437 se
1179 1397 1485 1438 sermonem
1518 1382 1584 1436 de
1610 1382 1970 1437 Melchisedec
2000 1382 2054 1435 in
2099 1383 2326 1436 alterum
2370 1383 2511 1436 diem
2547 1384 2793 1452 rejicere.
2824 1382 2898 1436 De
2928 1382 3283 1437 Melcliisedec
3308 1397 3439 1434 vero

190 1525 441 1593 pluribus
462 1525 569 1594 egit
600 1524 1020 1593 Chrysostomus
1058 1522 1113 1575 in
1142 1520 1368 1575 liomilia
1396 1521 1625 1589 septima
1655 1528 1841 1572 contra
1877 1518 2114 1584 Judazos,
2139 1518 2307 1573 Tomo
2340 1519 2362 1571 l
2394 1540 2404 1572 :
2434 1518 2577 1572 unde
2604 1518 2753 1586 sequi
2780 1518 3052 1570 videretur
3079 1517 3218 1569 hanc
3252 1517 3421 1571 homi-

190 1658 341 1721 liam,
364 1657 648 1725 septimam
684 1666 869 1711 contra
895 1654 1111 1709 Judeos
1152 1652 1517 1723 prmeessisse,
1542 1661 1703 1721 atque
1741 1651 1796 1706 in
1828 1668 2031 1706 annum
2060 1653 2163 1707 587
2197 1653 2616 1723 consignandam
2669 1667 2810 1709 esse.
2846 1652 3047 1706 Verum
3076 1663 3434 1723 praeterquam

189 1796 338 1864 quod
368 1793 567 1864 saepius
594 1794 660 1847 de
691 1788 1050 1845 Melchisedec
1078 1803 1385 1844 sermonem
1418 1787 1607 1843 habuit
1634 1788 2075 1859 Cbrysostomus,
2108 1789 2225 1844 haec
2247 1804 2369 1858 qua:
2396 1790 2450 1843 in
2478 1790 2623 1843 aliud
2665 1798 2875 1857 tempus
2906 1803 2964 1843 se
3000 1790 3275 1847 remittere
3309 1790 3443 1845 dicit

188 1930 634 1999 Chrysostomus,
681 1926 1047 1997 genealogiam
1103 1925 1247 1979 illius
1282 1924 1399 1979 sine
1452 1934 1603 1995 patre
1644 1935 1699 1980 et
1720 1926 1836 1980 sine
1867 1936 2040 1979 matre
2070 1927 2409 1995 spectabant,
2439 1936 2497 1980 ut
2530 1944 2593 1980 ex
2628 1926 2767 1981 serie
2794 1928 3037 1997 arguitur
3068 1947 3081 1983 :
3120 1929 3174 1983 in
3202 1929 3438 1984 Homilia

187 2070 373 2115 autem
405 2060 493 2113 illa
521 2059 752 2130 septima
778 2067 968 2113 contra
996 2056 1232 2121 Judteos,
1266 2059 1317 2111 id
1342 2074 1509 2111 unum
1547 2059 1740 2127 probat
1767 2059 1823 2113 S.
1853 2060 2062 2124 doctor,
2095 2059 2459 2113 sacerdotium
2497 2060 2625 2113 illud
2666 2060 3024 2119 Melchisedec
3072 2069 3428 2123 excellentius

190 2204 359 2259 fuisse
390 2203 695 2256 sacerdotio
722 2201 1054 2256 Judaeorum.
1096 2198 1458 2265 Quamobrem
1491 2199 1627 2252 nihil
1658 2200 1782 2254 hinc
1807 2200 1990 2254 indicii
2019 2199 2283 2269 expiscari
2335 2216 2641 2269 possumus,
2679 2216 2785 2269 quo
2825 2202 2891 2256 de
2925 2219 3071 2258 anno
3096 2205 3295 2275 aliquid
3324 2220 3425 2263 sta-

191 2352 431 2398 tuamus.

264 2478 373 2531 llas
406 2476 544 2531 duas
574 2475 866 2529 conciones
894 2475 1038 2527 inter
1071 2473 1438 2529 nobilissimas
1458 2487 1948 2527 commemoramus
1986 2492 1999 2527 :
2026 2472 2114 2527 hic
2144 2474 2311 2527 multa
2355 2474 2421 2526 ad
2444 2490 2655 2527 morum
2703 2475 3098 2528 institutionem
3131 2478 3384 2544 prmclara
3421 2496 3432 2529 :

188 2616 280 2673 hic
305 2618 523 2671 modum
552 2617 879 2687 precationis
908 2616 963 2670 in
989 2625 1132 2672 caatu
1161 2616 1403 2669 ecclesiae
1430 2630 1527 2682 pro
1554 2613 1807 2682 episcopo
1837 2614 2007 2666 emitti
2034 2614 2207 2667 solita:
2240 2614 2593 2681 perspicimus
2629 2614 2682 2665 in
2713 2614 2973 2667 concione
3005 2615 3063 2676 2,
3089 2629 3239 2668 num.
3281 2616 3333 2669 5.
3371 2616 3427 2669 In

188 2764 457 2819 concione
488 2763 541 2827 1,
577 2776 730 2814 num.
772 2761 824 2826 5,
855 2760 1049 2815 Persas
1078 2760 1360 2815 obsedisse
1393 2758 1779 2830 Jerosolymam
1814 2759 1966 2823 dicit,
1998 2760 2065 2814 de
2099 2758 2380 2812 obsidione
2432 2758 2661 2825 loquens
2717 2774 2876 2825 quam
2909 2757 3159 2812 Jeremiaa
3192 2769 3437 2829 tempore

189 2899 538 2971 Babylonios,
577 2914 687 2953 non
718 2898 931 2963 Persas,
963 2898 1212 2968 posuisse
1241 2906 1450 2952 certum
1482 2907 1585 2953 est.
1632 2898 1701 2951 Et
1726 2906 1905 2952 tamen
1950 2898 2094 2951 inter
2120 2898 2399 2952 dubitandi
2430 2914 2622 2953 causas
2654 2915 2683 2952 a
2724 2899 2855 2953 viris
2885 2898 3059 2954 doctis
3088 2900 3277 2955 allatas
3309 2898 3435 2971 περὶ

190 3032 552 3102 γνησιότητος
598 3030 924 3085 Sermonum
954 3030 1022 3085 de
1048 3031 1380 3100 precatione,
1430 3030 1602 3084 Tomo
1635 3030 1698 3096 ll,
1734 3046 1788 3100 p.
1844 3033 1968 3098 778,
2001 3033 2116 3086 haec
2141 3033 2364 3086 all'ertur
2392 3033 2535 3101 quod
2581 3040 2771 3085 auctor
2816 3033 3078 3086 horumce
3124 3047 3438 3087 sermonum

192 3167 667 3224 Sennacheribum
694 3166 898 3221 vocarit
928 3181 1108 3238 regem
1143 3166 1459 3229 Persarum;
1496 3165 1573 3219 illi
1602 3180 1728 3219 vero
1760 3165 1927 3233 probe
1970 3173 2198 3234 possunt
2241 3179 2306 3217 ex
2343 3165 2447 3217 hoc
2489 3163 2609 3216 loco
2639 3161 2930 3226 confutari,
2959 3177 3174 3217 necnon
3221 3178 3287 3217 ex
3317 3164 3441 3217 aliis

188 3304 331 3359 bene
352 3304 537 3357 multis
562 3304 651 3356 ubi
684 3302 1003 3371 Babylonios
1028 3312 1083 3354 et
1104 3302 1349 3371 Assyrios
1372 3301 1791 3371 Cbrysostomus
1812 3302 2003 3354 Persas
2028 3310 2202 3355 vocat.

265 3437 465 3492 [larum
489 3436 809 3491 concionum
838 3435 1212 3505 interpretatio
1234 3434 1422 3489 Latina
1446 3444 1526 3489 est
1551 3434 1841 3491 Frontonis
1864 3436 2065 3499 Duczei,
2098 3451 2257 3505 quam
2281 3437 2485 3506 aliquot
2516 3436 2568 3490 in
2594 3435 2725 3491 locis
2756 3435 3156 3507 castigavimus.

210 4188 531 4256 Ἀπόδειξις
578 4191 679 4245 τοῦ
722 4193 1028 4262 χρησίμως
1057 4196 1163 4260 τὰς
1194 4195 1323 4263 περὶ
1359 4197 1613 4263 Χριστοῦ
1650 4196 1748 4247 καὶ
1820 4196 2008 4249 ἐθνῶν
2038 4198 2132 4251 καὶ
2179 4198 2287 4267 τῆς
2307 4198 2654 4263 ἐκπτώσεως
2722 4199 3015 4252 Ἰουδαίων
3060 4195 3425 4265 προφητείας

1621 4282 1873 4351 ἀσαφεῖς
1895 4281 2068 4337 εἶναι.

259 4669 330 4716 α’.
355 4664 703 4735 Προφητικὴν
730 4667 965 4736 σήμερον
993 4668 1120 4736 ὑμῖν
1153 4668 1472 4739 παραθεῖναι
1497 4672 1756 4744 βούλομαι

186 4746 466 4814 τράπεζαν
502 4749 596 4798 καὶ
629 4748 765 4817 πρὸς
793 4747 856 4799 τὸ
896 4750 1129 4816 πέλαγος
1154 4755 1253 4821 τῆς
1294 4755 1512 4809 Ἡσαΐου
1568 4758 1757 4823 σοφίας

187 4830 477 4895 ἐπαφεῖναι
491 4828 582 4879 τὸν
605 4828 762 4896 λόγον
776 4831 1285 4900 παρασκευάζομαι.
1317 4836 1475 4888 Ἀλλά
1490 4839 1543 4889 τί
1565 4838 1720 4891 πάθω
1739 4857 1754 4903 5

199 4909 376 4963 Ὀκνῶ
399 4910 491 4961 καλ⁹
518 4908 761 4973 δέδοικα,
794 4912 867 4980 μή
901 4928 1030 4963 ποτε
1072 4912 1163 4965 τὸν
1196 4914 1386 4983 λιμένα
1422 4917 1751 4983 ἐξελθόντες,

188 4991 286 5046 καὶ
319 4990 455 5061 πρὸς
495 4990 555 5043 τὺ
590 4989 749 5057 βάθος
778 4993 1211 5061 καταντήσαντες
1246 4996 1357 5049 τῶν
1402 5002 1755 5069 προφητικῶν

189 5073 508 5143 νοημάτων,
553 5072 938 5142 ίλιγγιάσωμεν
966 5092 979 5104 ⁸
1027 5076 1162 5145 ὅπερ
1206 5077 1505 5147 πάσχουσιν
1556 5084 1604 5133 οἱ
1649 5082 1755 5135 τῶν

189 5156 493 5226 πλωτήρων
523 5155 727 5225 ἀήθεις.
756 5156 863 5207 Καὶ
888 5156 997 5228 γὰρ
1034 5158 1250 5223 ἐκεῖνοι,
1284 5162 1500 5214 ἐπειδάν
1531 5163 1627 5233 τὴν
1656 5168 1759 5235 γῆν

188 5238 417 5306 ἀφέντες
440 5237 497 5301 ἐξ
531 5237 784 5305 ἑκατέρου
822 5237 1019 5306 μέρους
1046 5241 1143 5309 τῆς
1169 5242 1294 5309 νηὸς
1322 5244 1555 5311 πέλαγος
1584 5246 1755 5311 ἴδωσι,

188 5321 287 5372 καὶ
331 5319 479 5370 οὐδὲν
538 5318 756 5388 ἕτερον,
804 5319 921 5370 ἀλλ’
976 5322 1008 5389 ἢ
1051 5320 1316 5375 θάλατταν
1362 5326 1456 5377 καὶ
1496 5327 1755 5395 οὐρανὸν,

191 5400 485 5469 σκοτοδίνῳ
571 5400 911 5469 κατέχονται,
942 5400 1037 5451 καὶ
1076 5405 1463 5474 περιφέρεσθαι
1495 5408 1553 5457 τὸ
1578 5408 1756 5459 πλοῖον

188 5483 374 5546 αὐτοῖς
404 5482 587 5551 κύκλῳ
618 5482 891 5553 νομίζουσι
925 5484 1063 5551 μετά
1092 5486 1190 5555 τῆς
1216 5488 1502 5559 θαλάττης.
1531 5491 1667 5542 Ἀλλ’
1697 5493 1755 5543 οὐ

191 5564 343 5635 παρὰ
368 5565 467 5633 τὴν
499 5564 661 5632 φύσιν
690 5566 787 5634 τῆς
818 5564 1103 5634 θαλάττης,
1142 5568 1274 5621 ἀλλὰ
1305 5571 1451 5641 παρά
1482 5572 1577 5642 τὴν
1603 5574 1757 5625 ἀπει-

194 5649 318 5719 ρίαν
346 5646 456 5700 τῶν
489 5648 755 5700 πλεόντων
796 5650 843 5699 οἱ
881 5646 1076 5715 ῐλιγγοι
1113 5651 1381 5717 γίνονται·
1414 5655 1589 5725 ἕτεροι
1632 5656 1758 5723 γοῦν

248 5825 270 5852 ⁸³
288 5821 400 5871 uss.
417 5821 575 5884 σκότῳ
587 5821 799 5885 δεινῷ,οῑ
810 5822 879 5871 sle
889 5834 1048 5883 supra,
1061 5836 1105 5885 p.
1117 5822 1132 5865 l
1146 5824 1526 5891 58,A,separatis
1539 5826 1753 5879 vocibus.

1855 4675 1965 4727 τῶν
1992 4678 2205 4729 ναυτῶν
2229 4680 2449 4746 γυμνοῖς
2468 4678 2578 4739 τοῖς
2598 4676 3121 4746 σώμαστκυϐιστῶσι
3153 4678 3291 4732 κατὰ
3314 4678 3423 4731 τῶν

1857 4759 2131 4825 κυμάτων,
2163 4760 2255 4810 καὶ
2282 4759 2433 4811 οὐδὲν
2456 4761 2722 4828 πάσχουσι
2746 4760 3001 4821 τοιοῦτον,
3031 4760 3167 4812 ἀλλᾶ
3196 4761 3329 4831 πρὸς
3362 4763 3427 4812 τὸ

1859 4838 2017 4906 βάθος
2046 4839 2378 4902 καταϐάντες
2408 4840 2536 4892 αὐτὸ
2558 4879 2570 4902 ,
2601 4842 2709 4892 τῶν
2742 4844 2798 4893 ὲν
2832 4842 3017 4909 ἐδάφει
3054 4841 3423 4909 διαιτωμένων

1858 4919 2259 4988 ἀσφαλέστερον
2298 4921 2646 4991 διατρίϐουσι,
2682 4924 2774 4975 καὶ
2800 4922 2877 4991 τῷ
2917 4923 3160 4991 στόματι,
3192 4923 3284 4974 καὶ
3310 4924 3422 4981 τοῖς

1856 5000 2169 5069 ὀφθαλμοῖς,
2217 5003 2308 5054 καὶ
2334 5005 2495 5055 παντὶ
2520 5004 2596 5073 τῷ
2639 5004 2847 5073 σώματι
2894 5005 3162 5072 δεχόμενοι
3194 5002 3293 5069 τὴν
3324 5001 3421 5053 ἀλ-

1861 5100 1986 5153 μην,
2018 5084 2077 5135 οὐ
2103 5084 2523 5154 δυσχεραίνουσι.
2558 5086 2821 5138 Τοσοῦτον
2849 5086 2961 5135 ἐστι
2996 5083 3188 5151 μελέτη
3224 5083 3418 5143 καλὸν,

1856 5165 2093 5218 τοιοῦτόν
2114 5167 2259 5219 ἐστιν
2280 5168 2502 5237 ἀπειρία
2520 5168 2707 5220 κακόν·
2731 5166 2901 5227 οὕτως
2921 5164 3058 5232 αὕτη
3088 5164 3178 5215 καὶ
3197 5164 3303 5215 τῶν
3329 5183 3423 5231 φοι

1861 5247 2033 5317 δερῶν
2057 5253 2411 5320 καταφρονεῖν
2449 5248 2641 5310 πείθει,
2670 5247 2846 5315 εκείνη
2882 5246 2937 5298 δὲ
2971 5248 3065 5297 καὶ
3103 5246 3170 5297 τὰ
3205 5248 3420 5316 ἀσφαλῆ

1862 5330 2181 5383 ὑποπτεύειν
2206 5334 2297 5383 καὶ
2320 5332 2609 5382 δεδοικέναι
2636 5328 3064 5398 παρασκευάζει.
3100 5330 3161 5380 υἱ
3197 5330 3294 5397 μὲν
3314 5330 3421 5397 γὰρ

1858 5411 1943 5477 ἐφ’
1973 5411 2188 5480 ὑψηλῶν
2208 5412 2315 5465 τῶν
2334 5412 2522 5480 ἰκρίων
2550 5410 2848 5479 καθήμενοι
2882 5410 2983 5480 τῆς
3010 5412 3156 5480 νηὸς,
3176 5413 3423 5479 καὶπρὸς

1858 5492 1956 5560 τὴν
1998 5493 2123 5545 θέαν
2159 5491 2479 5559 ἰλιγγιῶσιν·
2508 5493 2557 5543 οἱ
2591 5492 2647 5545 δὲ
2674 5492 2794 5545 οὐδὲ
2825 5492 2882 5544 ὲν
2911 5494 3093 5562 μέσοις
3133 5491 3422 5560 θορυϐοῦν-

1862 5589 1950 5624 ται
1984 5576 2097 5633 τοῖς
2124 5573 2347 5641 κύμασι.
2383 5574 2551 5627 Τοῦτο
2577 5576 2671 5627 καὶ
2705 5575 2799 5627 ἐπὶ
2827 5574 2925 5643 τῆς
2952 5574 3183 5634 διανοίας
3215 5573 3423 5637 γίνεται

1858 5655 1953 5721 τῆς
1982 5654 2273 5723 ἡμετέρας·
2318 5656 2413 5709 καὶ
2458 5656 2565 5726 γὰρ
2600 5658 2693 5709 καὶ
2721 5657 2923 5725 ταύτην
2964 5655 3217 5714 πολλάκις
3249 5667 3418 5703 κατα-

1858 5735 2119 5805 λαμϐάνει
2149 5737 2367 5807 κύματα
2397 5742 2583 5793 παθῶν
2616 5742 2725 5793 τῶν
2750 5740 3043 5793 θαὶαττίων
3074 5734 3381 5804 ἀγριώτερα
3401 5773 3418 5798 ,

1860 5812 1967 5871 οῖον
2012 5818 2145 5889 ζάλη
2183 5821 2352 5893 θυμοῦ
2382 5823 2620 5877 κάτωθεν
2669 5823 2971 5894 στρέφουσα
3011 5818 3107 5887 τὴν
3157 5816 3415 5882 καρδίαν,
