4016 6472
619 521 729 576 165

619 622 903 691 πλεύματα
919 611 1203 682 ἐπιθυμίας
1228 609 1463 677 πονηρᾶς
1487 604 1681 673 πολλὴν
1710 596 2079 691 ἔμποιοῦνἛαΑι
2098 591 2164 657 τῇ

619 688 824 778 διανοίᾳ
849 708 946 775 τὴν
978 703 1249 770 σύγχυσιν.
1303 697 1438 750 Ἀλλ’
1475 697 1504 747 6
1533 695 1628 764 μὲν
1665 693 1884 760 ἄπειρος
1907 689 1999 742 καὶ
2025 688 2162 757 ἀμε-

619 802 859 866 λέτητος,
890 793 1186 865 ἀρχομένου
1210 790 1302 842 τοῦ
1332 786 1593 858 χειμῶνος
1619 784 1716 851 τῆς
1738 782 1924 850 ὀργῆς,
1969 779 2166 840 εὐθέως

568 869 573 874 Ξ
621 888 772 961 [169]
787 886 1110 956 θορυϐεῖται,
1128 881 1465 950 ταράττεται,
1487 877 1768 933 κλονεῖται,
1785 871 2012 961 περιορᾷ
2031 887 2168 961 γινοῗ

628 958 792 1048 μένην
826 972 1150 1044 ύποὸρύχιον
1181 969 1276 1038 τὴν
1314 968 1489 1036 ψυχὴν
1521 964 1622 1016 ὑπὸ
1660 961 1767 1014 τῶν
1815 959 2028 1020 παθῶν,
2075 958 2168 1009 καὶ

623 1071 877 1135 ναυάγιον
909 1065 1295 1133 ὑπομένουσανο
1323 1061 1350 1109 6
1381 1059 1436 1110 δέ
1465 1057 1720 1125 ἐμπειρος
1757 1051 1847 1105 καὶ
1878 1048 2168 1119 μεμελετη-

625 1159 736 1221 κὼς
765 1159 833 1210 τά
865 1155 1084 1209 τοιαῦτα
1109 1153 1289 1221 φέρειν
1322 1148 1598 1216 γενναίως,
1644 1144 1887 1212 καθάπερ
1917 1140 2170 1209 κυϐερνή-

623 1266 726 1318 την
765 1249 855 1302 ἐπὶ
888 1246 994 1297 τῶν
1020 1243 1234 1300 οίάκων,
1271 1239 1410 1292 οὕτω
1438 1237 1527 1289 τὸν
1554 1234 1805 1303 λογισμὸν
1848 1232 2025 1285 ἐπάνω
2060 1231 2168 1282 τῶν

624 1340 812 1393 παθῶν
829 1337 1075 1397 καθίσας,
1101 1335 1160 1384 οὺ
1187 1331 1445 1400 πρότερον
1472 1327 1758 1393 ἀφίσταται
1783 1324 1955 1376 πάντα
1981 1321 2166 1382 ποιῶν,

625 1434 730 1493 ἓως
761 1431 825 1483 ἀν
849 1425 1143 1494 κατευθύνῃ
1176 1424 1236 1476 τὸ
1270 1421 1471 1488 σκάφος
1503 1417 1637 1486 πρὸς
1664 1416 1752 1468 τδν
1773 1413 1940 1466 εὖδιον
1962 1413 2062 1480 τῆς
2085 1430 2172 1480 φιο

626 1520 878 1586 λοσοφίας
899 1516 1107 1585 λιμένα.
1141 1515 1316 1580 Ὅπερ
1360 1505 1450 1562 οὖν
1497 1509 1587 1560 ἐπὶ
1607 1507 1701 1575 τῆς
1730 1506 1989 1572 Θαλάττης
2025 1503 2170 1570 γίνε-

627 1628 740 1672 ται,
763 1610 855 1661 καὶ
883 1609 974 1659 ἐπὶ
999 1607 1096 1675 τῆς
1121 1603 1353 1663 διανοίας
1392 1598 1694 1668 συμϐαίνει.
1723 1595 1876 1648 τοῦτο
1895 1594 1986 1645 καὶ
2014 1594 2070 1644 ἐν
2105 1594 2169 1662 τῇ

631 1701 885 1769 ἐξηγήσει
921 1701 1026 1750 τῶν
1064 1693 1290 1764 Γραφῶν
1332 1689 1644 1758 συμπίπτεμ
1679 1687 1884 1754 ἀνάγκη
1927 1683 2173 1754 θορυϐεῖ-

634 1791 776 1854 σθαι,
810 1786 1192 1857 ταράττεσθαι,
1232 1782 1447 1836 ἐπειδάν
1477 1780 1776 1848 ἐξέλθωμεν
1805 1779 1881 1839 είς
1915 1775 1975 1826 τὸ
2011 1774 2174 1826 πέλα-

630 1899 743 1948 γος,
765 1879 862 1932 οὐκ
886 1876 1068 1944 ἐπειδὴ
1093 1875 1151 1928 τὸ
1171 1873 1400 1938 πέλαγος
1423 1871 1663 1940 φοϐερὸν,
1682 1870 1792 1921 ἀλλ’
1817 1867 1996 1934 ἐπειδὴ
2017 1868 2174 1935 ἡμεῖς

629 1974 678 2024 οί
723 1969 969 2030 πλέοντες
1014 1967 1243 2035 ἄπειροι.
1285 1960 1400 2015 Ὀτι
1431 1960 1538 2029 γὰρ
1567 1960 1728 2019 ἔστιν,
1776 1957 1990 2010 εὔκολον
2019 1956 2174 2025 φύσει

631 2061 786 2127 λόγον
835 2060 993 2119 ὄντα,
1033 2055 1282 2108 δύσκολον
1320 2051 1568 2119 γενέσθαι
1611 2049 1758 2117 παρὰ
1801 2050 1897 2117 τὴν
1925 2048 2175 2117 ἀπειρίαν

631 2149 738 2201 τῶν
766 2146 1083 2206 ἀκουόντων,
1103 2144 1307 2196 Παῦλον
1331 2144 1455 2210 ὑμῖν
1477 2141 1889 2209 παραστήσομαι
1907 2138 2173 2206 μάρτυρα.

634 2238 815 2292 Εἰπὼν
844 2237 945 2306 γάρ
972 2237 1052 2287 ὅτι
1081 2233 1308 2302 Χριστὸς
1353 2231 1563 2298 ἐγένετο
1594 2229 1873 2298 ἀρχιερεὺς
1917 2227 2052 2279 κατά
2080 2227 2176 2294 τὴν

631 2333 784 2397 τάξιν
808 2326 1166 2397 Μελχισεδὲκ,
1206 2326 1297 2378 καὶ
1331 2323 1505 2392 ζητῶν
1545 2322 1626 2385 τίς
1671 2324 1812 2372 ἐστιν
1846 2322 1873 2371 6
1914 2319 2176 2388 Μελχισε-

631 2422 746 2482 δέκ,
781 2422 1048 2486 ἐπήγαγε’
1084 2418 1218 2480 Περὶ
1264 2412 1334 2469 οὗ
1385 2414 1573 2477 πολὺς
1615 2412 1756 2478 ἡμῖν
1802 2414 1833 2463 ό
1869 2411 2046 2476 λόγος
2079 2409 2178 2462 καί

634 2509 1128 2576 δυσερμήνευτος.
1156 2505 1217 2556 Τί
1237 2505 1430 2570 λέγεις,
1450 2497 1493 2554 ὦ
1515 2503 1743 2569 μακάριε
1764 2499 1935 2551 Παῦλε
1955 2516 1968 2562 ;
1988 2499 2180 2567 Δυσερ-

638 2598 896 2668 μήνευτός
928 2613 1007 2647 σοι
1048 2594 1124 2663 τῷ
1168 2592 1532 2660 πνευματικὴν
1563 2591 1732 2658 ἔχοντι
1767 2589 1980 2656 σοφίαν,
2009 2587 2085 2656 τῷ
2111 2588 2178 2639 τά

634 2690 916 2758 ἀπόρρητα
944 2689 1158 2754 ῥήματα
1186 2683 1496 2738 ἀκούσαντι,
1523 2681 1596 2748 τῷ
1630 2680 1759 2748 πρὸς
1786 2679 1963 2748 τρίτον
2005 2679 2180 2746 ἁρπα-

634 2782 782 2848 γέντι
812 2778 1064 2847 οὐρανόν;
1128 2777 1187 2826 Εί
1246 2775 1326 2826 σοὶ
1374 2773 1828 2840 δυσερμήνευτος,
1864 2770 1964 2820 τίνι
2018 2786 2180 2821 κατα-

633 2868 866 2938 ληπτός;
907 2866 1075 2933 Ἐμοὶ,
1116 2863 1267 2932 φησὶ,
1299 2863 1744 2929 δυσερμήνευτος,
1801 2861 1860 2911 ού
1906 2859 2053 2927 παρὰ
2083 2859 2179 2928 τὴν

633 2959 838 3012 οίκείαν
889 2955 1201 3012 δυσκολίαν,
1240 2954 1373 3005 ἀλλά
1418 2951 1564 3019 παρά
1612 2950 1707 3019 τὴν
1748 2949 2023 3002 ἀσθένειαν
2073 2949 2180 3000 τῶν

635 3050 952 3102 ἀκουόντων.
997 3044 1174 3097 Είπὼν
1199 3045 1323 3112 γὰρ,
1349 3042 1843 3107 Δυσερμήνευτος,
1878 3041 2175 3107 ἐπήγαγεν

649 3137 886 3201 Ἐπειδὴ
904 3135 1108 3197 νωθροὶ
1128 3134 1401 3201 γεγόνατε
1420 3132 1541 3195 ταῖς
1560 3130 1781 3194 ἀκοαῖς.
1801 3131 1958 3197 Ὁρᾷς
1981 3130 2060 3180 ὅτι
2085 3130 2180 3197 οὐχ

638 3229 670 3293 ἡ
713 3225 870 3292 φύσις
900 3224 992 3276 τοῦ
1037 3223 1212 3289 λόγου,
1245 3223 1354 3275 ἀλλ’
1393 3225 1423 3291 ἡ
1473 3221 1691 3289 ἀπειρία
1734 3221 1839 3271 τῶν
1884 3220 2182 3272 ἀκουόντων

636 3315 888 3366 δύσκολον
934 3314 1025 3365 τὸν
1071 3315 1130 3365 οὐ
1175 3313 1424 3365 δύσκολον
1467 3312 1748 3377 ἐποίησενς
1805 3311 1876 3362 Οὐ
1929 3309 2083 3378 μόνον
2128 3309 2184 3361 δὲ

638 3403 909 3460 δύσκολον,
963 3403 1096 3454 ἀλλά
1133 3406 1224 3454 καὶ
1267 3403 1431 3453 πολὺν
1472 3405 1612 3452 ποιεῖ
1637 3401 1724 3452 τὸν
1755 3401 1955 3469 βραχὺν
1985 3403 2016 3469 ἡ
2049 3402 2184 3470 αὑτὴ

639 3495 805 3547 αίτία·
827 3494 1011 3563 διόπερ
1033 3493 1148 3561 ούχὶ
1177 3493 1600 3561 δυσερμήνευτον
1625 3493 1819 3560 ἔφησεν
1844 3490 1981 3543 εἶναι
2005 3493 2180 3560 μόνον,

637 3583 771 3635 ἀλλά
794 3583 885 3634 καί
917 3581 1100 3642 πολὺν,
1142 3583 1233 3634 καὶ
1264 3581 1354 3632 τοῦ
1391 3583 1592 3649 μήκους
1611 3623 1623 3640 ,
1663 3583 1751 3633 καὶ
1782 3582 1878 3648 τῆς
1907 3581 2184 3644 δυσκολίας

640 3673 855 3735 ἀναθεὶς
889 3674 986 3741 τὴν
1027 3674 1200 3724 αίτίαν
1239 3676 1301 3742 τῇ
1335 3673 1625 3742 νωθρότητι
1652 3673 1747 3740 τῆς
1781 3674 1966 3741 ἀκοῆς.
2003 3673 2185 3726 Καθά-

640 3779 746 3830 περ
777 3763 883 3832 γάρ
907 3762 997 3814 ἐπὶ
1028 3761 1134 3812 τῶν
1164 3762 1580 3830 ἀρρωστούντων
1611 3763 1707 3814 οὐκ
1741 3765 2028 3828 ἀναγκαῖον
2064 3764 2186 3815 σύν-

639 3868 802 3918 τομον
833 3852 923 3903 καὶ
948 3853 1360 3920 ἐσχεδιασμένην
1396 3853 1710 3922 παραθεῖναι
1741 3855 2032 3922 τράπεζαν,
2054 3855 2185 3907 ἀλλά

639 3940 721 3992 δεῖ
743 3941 1149 4012 παρασκευάσαι
1184 3942 1249 3994 τά
1284 3943 1424 3994 σιτία
1465 3941 1711 4008 διάφορα,
1747 3944 1829 3993 ἵνα
1874 3944 1939 3995 ἀν
1977 3945 2128 3995 τοῦτο
2160 3945 2187 3994 6

642 4031 863 4100 κάμνων
889 4032 962 4100 μή
990 4031 1216 4101 βουληθῇ
1256 4031 1588 4100 μεταλαϐεῖν,
1613 4033 1673 4083 τὸ
1701 4031 1881 4100 ἕτερον
1900 4032 2055 4103 λάϐῃ·
2088 4033 2188 4084 κάν

642 4123 816 4173 ἐκεῖνο
857 4123 930 4189 μὴ
985 4123 1288 4190 προσίηται,
1346 4121 1403 4172 τὸ
1448 4120 1572 4174 ἀλλο
1603 4121 1813 4188 δέξηται
1842 4137 1854 4149 '
1904 4120 2002 4172 κᾶν
2034 4121 2188 4174 τοῦτο

641 4212 1047 4280 διακρούσηται,
1083 4211 1400 4280 ἐπιλάϐηται
1432 4212 1676 4282 θατέρου,
1723 4214 1816 4265 καὶ
1858 4217 1923 4282 τῇ
1953 4213 2189 4283 ποικιλίᾳ

641 4299 749 4352 τῶν
801 4300 1099 4369 βρωμάτων
1133 4301 1229 4369 τὴν
1279 4301 1560 4353 δυσκολίαν
1604 4304 1936 4370 νικήσωμεν,
1985 4304 2075 4356 καὶ
2113 4304 2188 4374 τῷ

644 4389 962 4458 πολυτρόπῳ
992 4390 1090 4457 τῆς
1113 4389 1386 4458 τραπέζης
1409 4390 1468 4441 τὸ
1501 4391 1818 4461 δυσάρεστον
1846 4394 1941 4460 τῆς
1968 4394 2188 4463 γνώμης

642 4479 1080 4550 θεραπεύσωμεν·
1105 4478 1242 4530 οὕτω
1271 4479 1523 4540 πολλάκις
1563 4480 1650 4531 καὶ
1689 4481 1778 4531 ἐπὶ
1815 4482 1911 4549 τῆς
1951 4499 2189 4551 πνευμα-

641 4569 798 4638 τικῆς
841 4568 1129 4630 ἑστιάσεως
1167 4569 1270 4638 χρὴ
1302 4571 1490 4622 ποιεῖν.
1525 4569 1691 4622 Ὅταν
1734 4570 1972 4633 ἀσθενεῖς
2018 4565 2185 4640 ὦμεν,

643 4660 808 4711 πολὺν
844 4658 1354 4728 παρασκευάσασθαι
1386 4661 1489 4730 χρὴ
1513 4659 1601 4712 τὸν
1624 4660 1775 4726 λόγον
1805 4660 1895 4713 καὶ
1929 4662 2186 4726 ποικίλον,

643 4748 954 4815 παραϐολὰς
993 4750 1082 4800 καὶ
1105 4749 1515 4817 παραδείγματα
1563 4750 1777 4818 ἔχοντα,
1816 4750 2153 4813 κατασκευὰς
2172 4792 2187 4812 ,

641 4835 735 4887 καί
754 4837 1048 4904 περιόδους,
1069 4838 1162 4887 καὶ
1183 4838 1266 4888 ἐτε
1276 4855 1342 4906 ρα
1359 4837 1523 4890 πολλὰ
1542 4839 1777 4900 τοιαῦτα,
1795 4840 1876 4890 ἵνα
1897 4839 1959 4890 ἐκ
1977 4840 2188 4892 πάντων

648 4926 801 4996 ῥᾳδία
821 4926 1039 4992 γένηται
1059 4927 1187 4993 ἡμῖν
1216 4927 1321 4976 τῶν
1351 4931 1723 4996 συμφερόντων
1753 4931 1783 4996 ή
1805 4931 2029 4998 αἵρεσις.
2048 4931 2189 4999 Πλὴν

643 5016 753 5067 ἀλλ’
785 5018 831 5066 εί
865 5017 956 5067 καὶ
1000 5016 1162 5076 πολὺς
1214 5016 1240 5065 6
1287 5015 1440 5081 λόγος
1477 5019 1570 5069 καὶ
1612 5019 2060 5089 δυσερμήνευτος,
2095 5023 2191 5073 ούκ

643 5105 1008 5174 ἀπεστέρησεν
1038 5105 1228 5165 αὐτοὺς
1270 5105 1365 5171 τῆς
1409 5105 1746 5168 διδασκαλίας
1789 5109 1879 5160 τοῦ
1929 5111 2190 5178 Μελχισε-

641 5195 732 5244 δέκ
751 5211 763 5222 ο
797 5193 872 5262 τῷ
899 5193 994 5261 μὲν
1013 5197 1118 5263 γάρ
1149 5197 1334 5256 είπεῖν,
1356 5196 1550 5259 Πολὺς
1572 5195 1663 5250 καὶ
1691 5200 2186 5265 Δυσερμήνευτος,

641 5280 945 5349 ἀναστήσας
975 5283 1150 5335 αὐτῶν
1180 5285 1275 5350 τὴν
1301 5285 1546 5353 σπουδήν,
1582 5286 1665 5336 ἵνα
1690 5286 2076 5354 προθυμότεροι
2099 5290 2189 5352 γέ-

640 5384 834 5420 νωνται
888 5373 1012 5436 1:591
1064 5373 1160 5440 τὴν
1207 5375 1493 5442 ἀκρόασιν’
1541 5373 1616 5442 τῷ
1663 5374 1715 5424 δέ
1763 5379 2059 5444 παρασχεῖν
2090 5377 2187 5446 τὴν

638 5457 936 5526 τράπεζαν,
966 5462 1323 5529 χαρισάμενος
1355 5465 1530 5515 αὐτῶν
1559 5467 1622 5533 τῇ
1663 5465 1938 5534 ἐπιθυμίᾳ.

714 5546 776 5614 β’.
796 5544 944 5617 [170]
969 5547 1134 5598 Τοῦτο
1153 5549 1206 5599 δέ
1228 5552 1318 5600 καὶ
1340 5552 1497 5619 ἡμεῖς
1518 5557 1842 5621 ποιήσωμεν·
1863 5556 1908 5606 εἰ
1929 5557 2016 5606 καὶ
2035 5558 2188 5608 ἄπει-

639 5655 731 5705 ρον
747 5638 808 5689 τὸ
825 5639 1052 5706 πέλαγος
1067 5637 1173 5690 τῶν
1193 5641 1501 5710 προφητῶν,
1524 5645 1615 5697 καὶ
1633 5645 1797 5698 πολλά
1812 5646 1924 5699 ἐκεῖ
1939 5647 2004 5698 τὰ
2027 5646 2182 5714 βάθη,

698 5804 724 5832 ⁸
745 5803 825 5854 Sic
851 5819 975 5856 unus
992 5808 1119 5865 cod.,
1145 5806 1225 5857 alii
1250 5807 1488 5857 ποιοῦντα.

1376 489 1434 546 S.
1472 482 1749 544 JOANNIS
1784 472 2258 535 CHRYSOSTOMI
2295 471 2611 532 ARCIIIEP.
2653 477 3192 537 CONSTANTINOP.

3715 499 3831 553 166

2269 590 2757 662 κατατολμήσωμεν
2782 593 2880 662 τῆς
2924 593 3187 663 θαλάττης
3231 591 3369 645 κατὰ
3400 593 3497 662 τὴν
3541 589 3825 662 ἡμετέραν

2265 678 2490 749 δύναμιν
2514 697 2528 711 ·
2562 681 2754 750 μᾶλλον
2784 683 2840 735 δέ
2871 683 2946 753 μή
2981 683 3119 736 κατά
3144 684 3238 752 τὴν
3264 682 3535 752 ἡμετέραν
3564 681 3821 749 δύναμιν,

2262 770 2397 824 ἀλλά
2424 773 2559 824 κατά
2585 773 2681 841 τὴν
2701 772 2902 826 ἀνωθεν
2943 775 3227 843 δεδομένην
3257 775 3384 841 ἡμῖν
3422 773 3601 843 χάριν,
3641 771 3705 822 οὑ
3732 770 3826 823 διὰ

2261 861 2359 930 τὴν
2404 863 2672 932 ἡμετέραν
2708 864 3040 934 παρρησίαν,
3091 864 3223 916 ἀλλά
3269 863 3354 915 διὰ
3397 863 3495 931 τήν
3543 860 3826 930 ὑμετέραν

2263 952 2524 1018 ὠφέλειαν
2558 955 3047 1023 κατατολμήσωμεν
3072 956 3168 1024 τῆς
3195 954 3474 1022 θαλάττης,
3508 955 3608 1005 κάν
3642 951 3825 1019 τούτῳ

2265 1041 2471 1096 Παῦλον
2511 1043 2849 1112 μιμούμενοι.
2894 1045 3013 1097 Ὀτι
3038 1045 3144 1113 γάρ
3187 1045 3286 1095 οὐκ
3316 1043 3684 1111 ἀπεστέρησεν
3725 1043 3826 1093 αὺ-

2263 1133 2390 1196 τοὺς
2417 1131 2508 1187 τοῦ
2557 1133 2710 1199 λόγου
2742 1132 2833 1185 τοῦ
2874 1134 3012 1186 κατὰ
3051 1134 3140 1186 τὸν
3187 1134 3536 1201 Μελχισεδὲκ,
3589 1134 3828 1186 ἄκουσον

2264 1223 2372 1277 τῶν
2400 1224 2542 1293 ἐξῆς.
2571 1224 2749 1276 Εἰπὼν
2785 1224 2936 1291 γοῦν,
2964 1225 3102 1291 Περὶ
3129 1220 3199 1278 οὗ
3235 1223 3425 1288 πολὺς
3449 1226 3480 1276 ό
3511 1224 3694 1290 λόγος
3723 1222 3828 1273 καὶ

2267 1313 2759 1381 δυσερμήνευτος,
2796 1315 3089 1384 ἐπήγαγεν
3117 1311 3301 1379 Οὗτος
3327 1314 3434 1381 γὰρ
3471 1316 3502 1366 ό
3531 1315 3831 1379 Μελχισε-

2268 1403 2372 1456 δὲκ
2389 1443 2402 1465 ,
2429 1405 2723 1470 ,βασιλεὺς
2751 1404 3134 1470 δικαιοσύνης
3153 1420 3166 1434 ⁸
3201 1405 3401 1457 ἔπειτα
3428 1404 3493 1456 δὲ
3523 1405 3619 1457 καὶ
3637 1405 3831 1466 ,ϐασι-

2270 1495 2412 1559 λεὺς
2439 1495 2643 1561 Σαλὴμ
2668 1535 2682 1558 ,
2714 1495 2745 1545 ὅ
2776 1495 2902 1548 ἐστι
2943 1495 3237 1559 βασιλεὺς
3263 1493 3524 1562 εἰρήνης,
3558 1491 3829 1559 ἀπάτωρ,

2271 1583 2504 1650 ἀμήτωρ
2526 1622 2541 1645 ,
2589 1585 3051 1652 ἀγενεαλόγητος
3074 1624 3088 1648 ,
3117 1584 3266 1652 μήτε
3310 1585 3507 1652 ἀρχὴν
3547 1582 3787 1651 ἡμερῶν
3814 1620 3832 1642 ν

2267 1673 2414 1742 μήτε
2446 1671 2592 1739 ζωῆς
2621 1672 2792 1736 τέλος
2819 1671 2991 1740 ἔχων·
3030 1672 3473 1740 ἀφωμοιωμένος
3509 1672 3575 1724 δὲ
3604 1671 3683 1735 τῷ
3717 1670 3836 1734 Υἱῷ

2271 1763 2375 1814 τοῦ
2407 1763 2548 1815 Θεοῦ
2574 1765 2736 1829 μένει
2765 1763 2953 1829 ἱερεὺς
2990 1765 3075 1827 είς
3115 1761 3181 1814 τὸ
3224 1762 3510 1828 διηνεκές.
3540 1758 3686 1832 *Αρα
3727 1765 3836 1815 οὐκ

2272 1851 2526 1921 ἐτάραξεν
2557 1851 2706 1920 ὑμῶν
2728 1851 2824 1913 τὰς
2850 1851 3016 1913 ἀκοάς
3044 1853 3168 1922 περὶ
3201 1851 3483 1920 ἀνθρώπου
3513 1852 3839 1919 διαλεγόμε-

2273 1957 2360 2002 νος
2391 1942 2418 1992 6
2450 1940 2653 2002 Παῦλος
2681 1939 2774 1992 καὶ
2797 1939 2985 2006 λέγων,
3024 1939 3293 2007 Ἀπάτωρ,
3324 1941 3599 2007 ἀμήτωρ;
3636 1943 3750 1992 Καὶ
3776 1941 3834 1992 τί

2273 2028 2431 2096 λέγω,
2471 2029 2595 2099 1:591
2630 2028 2941 2098 ἀνθρώπους
2978 2031 3037 2081 El
3062 2030 3168 2100 γὰρ
3197 2032 3322 2098 1:591
3355 2030 3444 2082 τοῦ
3488 2029 3722 2098 Χριστοῦ
3749 2029 3840 2080 λέ-

2273 2137 2418 2188 γοιτο
2440 2119 2611 2182 τοῦτο,
2638 2119 2734 2171 οὐκ
2768 2120 2834 2172 ἂν
2865 2119 3056 2189 πολλὴν
3097 2120 3186 2171 καὶ
3224 2119 3392 2180 οὕτως
3441 2122 3567 2188 ἡμῖν
3599 2121 3838 2189 παρέχοι

2275 2210 2533 2282 ζὴτησινς
2585 2211 2646 2264 Εί
2684 2211 2790 2282 γὰρ
2832 2211 3076 2282 ἀπάτωρ,
3117 2211 3231 2272 πῶς
3280 2210 3436 2273 Υίός;
3472 2212 3520 2262 εί
3569 2212 3837 2281 ἀπάτωρ,

2277 2302 2390 2364 πῶς
2419 2304 2755 2370 Μονογενὴςς
2796 2303 2852 2354 ’0
2895 2301 3001 2372 γὰρ
3050 2303 3160 2364 υίὸς
3198 2302 3396 2371 ὀφείλει
3427 2303 3634 2373 πατέρα
3658 2304 3834 2372 ἐχειν,

2277 2391 2394 2440 ἐπεὶ
2420 2391 2518 2440 οὐκ
2539 2389 2603 2441 ἀν
2636 2389 2718 2456 εῐη
2754 2389 2886 2451 υίὸς.
2927 2387 3081 2439 Ἀλλὰ
3108 2389 3200 2440 καὶ
3222 2389 3446 2457 ἀπάτωρ
3469 2389 3613 2441 ἐστίν
3642 2392 3670 2442 6
3704 2389 3842 2452 Υίὺς

2275 2475 2366 2526 τοῦ
2393 2475 2543 2536 Θεοῦ,
2597 2476 2688 2527 καὶ
2735 2477 2984 2543 ἀμήτωρ.
3046 2475 3197 2539 Πῶς;
3246 2474 3494 2543 Ἀπάτωρ
3535 2475 3632 2544 τήν
3678 2476 3841 2528 κάτω

2276 2561 2543 2628 γέννησιν,
2571 2561 2799 2629 ἀμήτωρ
2835 2561 2927 2630 τὴν
2953 2562 3062 2614 ἀνω
3085 2578 3099 2591 ο
3143 2559 3264 2611 οὔτε
3297 2559 3402 2627 γὰρ
3435 2561 3525 2612 ἐπὶ
3566 2561 3667 2628 γῆς
3704 2561 3841 2629 ἔσχε

2277 2649 2508 2718 πατέρα,
2550 2648 2671 2700 οὔτε
2701 2651 2756 2700 ἐν
2787 2649 3000 2718 οὐρανῷ
3040 2649 3267 2719 μητέρα.
3310 2648 3839 2717 Ἀγενεαλότητος.

2291 2737 2656 2788 Ἀκουέτωσαν
2688 2738 2734 2788 οί
2778 2736 2875 2803 τὴν
2904 2736 3089 2788 οὐσίαν
3128 2735 3286 2788 αὑτοῦ
3322 2735 3844 2805 πολυπραγμονοῦν-

2277 2840 2387 2885 τεςο
2416 2823 2587 2874 καίτοι
2618 2823 2758 2884 τινὲς
2785 2823 3111 2892 νομίζουσιν,
3146 2823 3226 2874 ὅτι
3254 2822 3314 2872 τὺ
3348 2823 3843 2888 Ἀτενεαλόγητος

2277 2908 2434 2960 τοῦτο
2455 2909 2579 2977 1:591
2602 2909 2698 2977 τῆς
2729 2911 2838 2962 ἄνω
2880 2911 3178 2978 γεννήσεως
3218 2909 3448 2978 εἴρηται.
3493 2910 3554 2960 Οἱ
3596 2908 3691 2974 μέν
3723 2908 3841 2974 γάρ

2279 2996 2534 3063 αἱρετικοὶ
2571 2996 2685 3047 ούδέ
2715 2995 2867 3048 τοῦτο
2890 2996 3178 3064 βούλονταιο
3211 2997 3303 3048 καὶ
3342 2996 3447 3064 γάρ
3489 2996 3581 3046 καὶ
3620 2994 3844 3063 ἐκείνην

2280 3083 2786 3153 πολυπραγμονοῦσι
2819 3085 2913 3136 καὶ
2959 3083 3423 3153 περιεργάζονταν
3474 3083 3520 3133 οι
3567 3082 3622 3133 δέ
3662 3084 3844 3133 51:15:-

2280 3175 2528 3243 κέστεροι
2555 3173 2756 3226 τούτων
2798 3175 2976 3244 ἐκείνῃ
3025 3173 3121 3242 μέν
3162 3172 3594 3242 παραχωροῦσιν,
3650 3172 3844 3223 οὐκέτι

2280 3263 2336 3316 δέ
2388 3264 2482 3315 καὶ
2537 3263 2661 3332 περὶ
2691 3261 2889 3329 ταύτης
2927 3262 3022 3329 τῆς
3065 3263 3213 3314 κάτω
3249 3262 3554 3329 νομίζουσιν
3587 3258 3844 3329 εἰρῆσθαι

2283 3349 2361 3413 τὸ,
2395 3351 2900 3417 Ἀγενεαλόγητος.
2925 3348 3191 3416 Δείξωμεν
3211 3345 3301 3401 οὖν
3316 3351 3396 3400 ὅτι
3425 3349 3548 3416 1:591
3572 3348 3844 3417 ἑκατέρας

2284 3436 2589 3502 γεννήσεως
2609 3435 2763 3486 τοῦτο
2779 3436 2805 3485 6
2825 3433 3032 3495 Παῦλος
3051 3429 3188 3504 εἶπε,
3211 3435 3302 3486 καὶ
3323 3451 3386 3485 πε
3396 3435 3448 3503 91
3465 3434 3561 3499 τῆς
3586 3433 3716 3494 ἀνω,
3747 3434 3843 3483 καὶ

2284 3521 2409 3588 1:591
2436 3521 2532 3586 τῆς
2561 3519 2726 3570 κάτω·
2757 3519 2847 3570 καὶ
2871 3519 2976 3586 γὰρ
3006 3519 3097 3569 καὶ
3129 3519 3304 3585 ἐκείνη
3336 3519 3552 3586 φρικτὴ,
3580 3519 3672 3570 καὶ
3697 3518 3843 3586 αῦτη

2287 3604 2684 3672 μυστικωτάτη.
2733 3603 2829 3654 Διά
2875 3602 3028 3653 τοῦτο
3077 3603 3170 3654 καὶ⁵
3223 3603 3446 3662 Ἦσαῖας
3499 3605 3663 3670 φησὶ,
3720 3603 3846 3668 Τὴν

2285 3691 2493 3758 γενεὰν
2518 3689 2699 3742 αὑτοῦ
2722 3690 2811 3752 τίς
2839 3687 3175 3754 διηγήσεται
3199 3705 3216 3750 ;
3259 3687 3414 3739 Ἀλλά
3443 3705 3505 3738 πε
3517 3689 3566 3756 91
3594 3689 3842 3756 ἐκείνης,

2287 3778 2468 3843 φησὶν,
2513 3771 2629 3826 εἷπε
2659 3776 2752 3843 τῆς
2781 3775 2909 3827 ἀνω.
2942 3774 3004 3826 Τί
3024 3770 3114 3826 οῦν
3143 3773 3370 3842 ἐροῦμεν
3401 3775 3613 3844 Παύλῳ,
3657 3778 3840 3844 ἀμφο-

2286 3863 2446 3930 τέρας
2477 3862 2680 3914 είπόντι
2701 3860 2798 3923 τάς
2827 3861 3118 3928 γεννήσεις,
3148 3862 3239 3912 καὶ
3261 3861 3376 3912 τότε
3407 3863 3732 3928 ἐπαγαγόντι
3757 3862 3843 3924 τδ,

2299 3951 2814 4018 Ἀγενεαλόγητος;
2852 3951 3114 4019 Πρότερον
3163 3951 3267 4018 γὰρ
3311 3950 3510 4013 είπὼν,
3555 3951 3842 4016 Ἄπάτωρ,

2288 4036 2540 4103 ἀμήτωρ,
2573 4037 2689 4088 τότε
2719 4037 2960 4103 ἐπήγαγε
2993 4037 3072 4099 τὸ,
3110 4037 3617 4102 Ἀγεγέαλόγητος,
3645 4037 3728 4086 ἵνα
3767 4037 3844 4104 μὴ

2292 4122 2448 4192 μόνον
2480 4122 2597 4174 κατ’
2643 4122 2853 4188 ἐκείνην
2893 4121 2988 4191 τὴν
3026 4122 3305 4190 γέννησιν,
3343 4123 3462 4174 καθ’
3502 4123 3568 4191 ἢν
3609 4123 3845 4191 ἀμήτωρ

2288 4209 2453 4268 ἐστὶν,
2500 4207 2634 4260 ἀλλά
2676 4207 2766 4260 καὶ
2804 4208 2942 4260 κατά
2985 4207 3206 4276 ταύτην,
3238 4206 3357 4258 καθ’
3391 4207 3455 4275 ἢν
3488 4206 3711 4276 ἀπάτωρ
3749 4203 3842 4276 ἦν,

2290 4296 2387 4365 τὴν
2414 4295 2559 4346 κάτω
2587 4293 2749 4361 λέγω,
2783 4294 3204 4362 ἀγενεαλόγητον
3230 4289 3366 4346 εἶναι
3397 4293 3707 4365 πιστεύσῃς.
3738 4295 3844 4346 Διά

2290 4381 2446 4434 τοῦτο
2467 4382 2776 4452 ἀμφοτέρας
2796 4382 2924 4444 θεὶς,
2943 4383 3061 4434 τότε
3082 4379 3204 4434 εἷπε
3220 4382 3296 4440 τὸ,
3328 4382 3843 4449 Ἀγενεαλόγητος·

2293 4468 2385 4519 καί
2413 4468 2518 4537 γὰρ
2548 4469 2640 4520 καὶ
2669 4468 2803 4537 αῦτη
2837 4469 2868 4535 ή
2916 4469 3063 4520 κάτω
3105 4468 3514 4538 ἀκατάληπτος,
3569 4469 3652 4520 ἵνα
3706 4470 3847 4536 πρὸς

2293 4552 2500 4620 ἐκείνην
2554 4552 2683 4620 μηδὲ
2742 4552 3056 4620 παρακύψαι
3113 4554 3483 4624 τολμήσωμεν.
3537 4554 3600 4603 Εί
3635 4553 3740 4617 γάρ
3776 4552 3846 4603 τά

2292 4637 2596 4707 προπύλαια
2621 4638 2713 4690 τοῦ
2747 4638 2870 4689 ναοῦ
2896 4639 3034 4690 οὕτω
3068 4639 3269 4708 φοϐερὰ
3297 4639 3384 4691 καὶ
3411 4639 3698 4706 ἀπρόσιτα,
3727 4638 3847 4699 πῶς

2291 4723 2369 4784 είς
2395 4724 2461 4774 τὰ
2498 4723 2665 4775 ἀδυτά
2694 4740 2776 4786 τις
2807 4724 3059 4776 εἰσελθεῖν
3081 4726 3443 4794 ἐπιχειρήσει;
3477 4725 3597 4776 Ὀτι
3621 4726 3717 4793 μὲν
3737 4723 3848 4792 γὰρ

2291 4809 2547 4879 ἐγεννήθη
2585 4812 2647 4862 ἐκ
2676 4811 2767 4863 τοῦ
2802 4812 3031 4879 Πατρός,
3065 4807 3195 4864 οἷδα’
3222 4812 3280 4864 τὸ
3309 4812 3364 4864 δέ
3402 4812 3537 4877 πῶς,
3564 4813 3662 4864 οῦκ
3706 4807 3843 4865 οἴδα.

2295 4895 2413 4948 Ὀτι
2459 4896 2646 4964 ἐτέχθη
2694 4899 2754 4948 ἐκ
2801 4899 2894 4964 τῆς
2943 4897 3243 4966 παρθένου,
3296 4897 3626 4966 ἐπίσταμαι·
3663 4898 3753 4949 τὸν
3791 4897 3847 4949 δὲ

2291 4981 2484 5050 τρόπον
2533 4981 2648 5033 ούδέ
2698 4982 2924 5034 ἐνταῦθα
2958 4982 3369 5049 καταλαμϐάνω.
3419 4983 3714 5052 Ἐκατέρας
3739 4983 3847 5051 γὰρ

2295 5066 2444 5136 [171]
2476 5066 2688 5133 φύσεως
2711 5070 2744 5136 ἡ
2772 5069 3018 5134 γέννησις
3047 5067 3400 5135 ὁμολογεῖται,
3446 5071 3538 5122 καὶ
3583 5072 3844 5140 ἑκατέρας

2291 5153 2318 5202 ό
2339 5153 2532 5221 τρόπος
2558 5153 2854 5219 σεσίγηται.
2883 5153 2990 5205 Καὶ
3012 5154 3196 5223 ῶσπερ
3218 5155 3446 5207 ἐνταῦθα
3471 5156 3559 5207 ἐπὶ
3586 5157 3681 5224 τῆς
3705 5174 3845 5225 παρ-

2291 5239 2474 5297 θένου,
2507 5239 2604 5289 οὐκ
2650 5237 2802 5299 είδὼς
2842 5238 2949 5304 ἐγὼ
2996 5241 3112 5302 πῶς
3145 5243 3207 5293 ἐκ
3253 5243 3515 5312 παρθένου
3550 5243 3806 5312 ἐγεννήθη
3829 5286 3841 5306 ,

2289 5323 2532 5391 ὁμολογῶ
2563 5325 2642 5376 ὅτι
2678 5325 2934 5394 ἐγεννήθη
2961 5365 2974 5388 ,
3008 5327 3101 5378 καὶ
3147 5330 3245 5380 οὐκ
3285 5328 3487 5397 άναιρῶ
3523 5328 3581 5379 τὸ
3619 5332 3846 5399 πρᾶγμα

2289 5408 2375 5459 διά
2404 5409 2499 5476 τὴν
2529 5409 2745 5474 ἄγνοιαν
2775 5408 2867 5461 τοῦ
2895 5411 3112 5479 τρόπου·
3145 5413 3283 5465 οὕτω
3308 5415 3397 5464 καὶ
3429 5415 3489 5464 σὺ
3513 5414 3736 5481 ποίησον
3759 5418 3848 5467 ἐπὶ

2287 5493 2380 5545 τοῦ
2403 5495 2629 5562 Πατρόςο
2649 5495 2693 5545 εί
2715 5494 2804 5545 καὶ
2824 5496 2920 5547 οὐκ
2941 5493 3085 5560 οἶδας
3113 5499 3225 5560 πῶς
3245 5498 3525 5566 ἐγεννήθη,
3555 5499 3634 5560 τὸ,
3655 5500 3848 5566 Ἐγεν-

2289 5581 2461 5647 νήθη,
2496 5581 2820 5649 ὁμολόγησον
2851 5584 2900 5638 δ.
2934 5584 3048 5637 Κάν
3078 5586 3209 5656 λέγῃ
3238 5603 3316 5636 σοι
3347 5588 3372 5637 6
3398 5586 3661 5654 αἱρετικὸς
3682 5625 3696 5646 ,
3729 5587 3849 5649 Πῶς

2347 5749 2545 5798 bSavil.
2582 5754 2634 5797 et
2676 5750 2874 5798 Halesio
2915 5751 3174 5811 legendum
3205 5753 3392 5801 videtur
3436 5756 3474 5802 εί
3517 5756 3565 5803 δὲ
3606 5755 3691 5801 οὐκ
3724 5757 3853 5811 οἶδας

2291 5815 2388 5866 πῶς
2414 5812 2641 5869 ἐγέννησε,
2667 5812 2719 5857 τὸ
2740 5813 2950 5871 ἐγέννησε
2973 5815 3276 5872 ὁμολόγησον.
