4016 6450
287 424 399 482 165

272 529 343 583 tis
381 527 540 583 etiam
582 527 698 597 ipso
724 541 789 581 ex
818 537 1032 595 aspectu
1060 522 1316 594 vertigine
1345 524 1733 591 corripiuntur:
1766 522 1839 574 illi

273 629 402 669 vero
430 630 528 670 nec
555 616 606 669 in
645 615 835 670 mediis
874 615 1116 668 fluctibus
1143 612 1536 682 perturbantur.
1570 612 1680 665 Hoc
1706 620 1758 664 et
1788 617 1840 663 in

269 712 452 758 mente
481 712 659 759 nostra
683 706 863 759 evenit
890 721 903 757 :
934 702 1193 772 siquidem
1222 713 1273 757 et
1302 704 1467 769 ipsam
1491 715 1631 768 smpe
1652 701 1841 753 ﬂuetus

268 790 727 859 perturbationum
781 792 1038 845 invadunt.
1084 793 1249 845 multo
1302 789 1520 843 marinis
1562 788 1836 852 sawiores,

269 879 435 935 veluti
466 882 692 950 procella
727 881 1047 947 iracundias,
1076 897 1193 952 qua:
1218 883 1465 935 deorsum
1506 896 1599 935 cor
1639 882 1835 951 dejieit,

268 978 325 1024 et
356 986 529 1039 pravae
558 972 860 1040 cupiditatis
901 974 1078 1037 venti,
1126 973 1215 1042 qui
1258 974 1476 1027 multam
1516 976 1745 1029 excitant
1786 976 1836 1027 in

269 1072 452 1117 mente
482 1063 959 1118 conturbationem.
981 1065 1154 1132 Atque
1179 1065 1222 1117 is
1250 1064 1457 1133 quidem
1484 1067 1570 1134 qui
1597 1066 1835 1133 inexper-

266 1162 355 1206 tus
404 1162 486 1208 est
530 1163 583 1209 et
621 1156 1025 1218 inexercitatus,
1068 1154 1351 1222 incipiente
1393 1156 1484 1208 ira:
1505 1161 1836 1224 tempestate,

264 1244 524 1297 continuo
567 1246 803 1298 turbatur
823 1284 836 1306 ,
869 1253 1236 1297 commovetur
1258 1285 1271 1309 ,
1303 1244 1562 1313 agitatur,
1608 1245 1833 1297 animam

264 1333 390 1385 sinit
415 1334 481 1387 ab
505 1334 779 1387 affectibus
803 1334 1090 1401 submergi,
1116 1347 1180 1386 ac
1209 1333 1534 1401 naufragium
1563 1333 1666 1401 pati
1699 1350 1710 1385 :
1743 1333 1831 1401 qui

264 1437 393 1475 vero
415 1434 659 1490 expertus
684 1433 736 1476 et
756 1424 1078 1476 exercitatus
1100 1435 1180 1476 est
1203 1423 1265 1476 ad
1290 1424 1401 1476 haec
1426 1425 1599 1476 omnia
1633 1425 1830 1491 patien-

266 1521 347 1564 ter
393 1511 606 1565 ferenda
626 1553 641 1577 ,
689 1520 953 1579 tamquam
979 1512 1381 1581 gubernatorem
1410 1511 1476 1564 ad
1514 1510 1715 1564 clavum
1743 1526 1827 1565 se-

263 1602 501 1667 dentem,
537 1606 606 1657 ita
638 1606 894 1659 rationem
926 1621 1082 1675 supra
1116 1606 1533 1674 perturbationes
1564 1608 1688 1660 istas
1715 1609 1829 1662 col-

262 1692 441 1757 locat,
475 1709 643 1763 neque
686 1696 830 1764 prius
859 1696 1070 1750 absistit
1109 1697 1353 1749 onmibus
1398 1697 1605 1750 teutatis
1628 1738 1641 1759 ,
1673 1714 1827 1765 quam

262 1786 527 1852 navigium
555 1786 619 1838 ad
646 1788 976 1854 tranquillum
1003 1787 1343 1855 philosophiae.
1369 1799 1573 1857 portum
1598 1790 1826 1848 duxerit.

262 1871 412 1938 Quod
441 1874 595 1942 igitur
623 1874 679 1926 ﬁt
706 1875 756 1927 in
786 1877 939 1939 mari,
968 1884 1023 1928 et
1042 1875 1185 1944 quod
1212 1875 1265 1929 in
1292 1886 1465 1932 mente
1491 1879 1702 1941 accidit,
1729 1879 1827 1932 hoc

260 1973 316 2016 et
360 1966 410 2017 in
456 1967 783 2033 expositione
828 1965 1215 2035 Scripturarum
1256 1970 1477 2023 evenit:
1507 1973 1824 2024 commoveri

258 2068 481 2109 necesse
508 2065 588 2109 est
630 2071 691 2110 ac
722 2058 955 2125 turbari,
999 2068 1273 2128 postquam
1301 2060 1351 2113 in
1391 2060 1602 2130 pelagus
1630 2064 1825 2131 egressi

259 2142 535 2210 fuerimus,
564 2160 667 2199 non
687 2147 827 2215 quod
858 2148 1185 2202 formidabile
1214 2150 1281 2201 sit
1308 2150 1539 2218 pelagus,
1567 2149 1660 2204 sed
1685 2150 1824 2218 quod

258 2231 521 2300 inexperti
551 2234 714 2288 simus
753 2250 850 2288 nos
877 2239 968 2304 qui
1000 2238 1323 2305 navigamus.
1352 2237 1482 2291 Nam
1511 2238 1824 2302 orationem,

261 2335 380 2387 qua:
408 2336 501 2374 sua
531 2332 715 2377 natura
744 2324 813 2377 sit
849 2324 1048 2389 facilis,
1094 2325 1162 2379 ob
1192 2326 1500 2394 imperitiam
1528 2326 1823 2379 auditorum

258 2408 526 2463 difﬁcilem
554 2410 667 2466 ﬁeri
689 2453 704 2479 ,
740 2413 961 2467 Paulum
989 2415 1138 2468 vobis
1163 2420 1349 2466 testem
1380 2416 1660 2484 proferam.
1693 2417 1823 2471 Cum

255 2502 397 2554 enim
424 2502 690 2557 Christum
720 2504 940 2559 dixisset
985 2505 1293 2559 Pontiﬁcem
1337 2507 1499 2561 fuisse
1536 2508 1821 2562 secundum

255 2592 497 2647 ordinem
526 2594 893 2659 Melchisedec,
934 2596 1366 2666 qumsivissetque
1404 2599 1519 2666 quis
1548 2598 1822 2653 Melchise-

254 2681 356 2736 dee
382 2695 540 2750 esset,
564 2686 787 2753 adjecit:
813 2686 892 2739 De
919 2703 1017 2755 quo
1045 2688 1252 2757 grandis
1280 2690 1418 2743 nobis
1443 2707 1605 2743 sermo
1625 2732 1640 2755 ,
1669 2700 1713 2744 et
1740 2692 1821 2743 in-

256 2779 529 2837 terpretata
554 2774 767 2841 difﬁcilis
794 2775 977 2841 (Hebr.
1004 2778 1056 2831 5.
1088 2779 1199 2847 Η).
1233 2778 1367 2845 Quid
1396 2780 1489 2843 ais,
1521 2779 1670 2832 beate
1691 2780 1822 2834 Pau-

253 2859 348 2913 le?
392 2860 577 2916 Tibine
618 2864 848 2918 difﬁcilis
895 2876 975 2920 est
1021 2869 1405 2936 interpretatu,
1448 2871 1534 2937 qui
1565 2870 1827 2938 spirituali,

254 2949 423 3016 polles
451 2952 703 3018 sapientia
725 2992 740 3017 ,
772 2954 858 3021 qui
889 2969 1079 3008 arcana
1122 2957 1282 3010 verba
1327 2957 1605 3023 audivisti,
1640 2960 1727 3028 qui
1757 2960 1820 3013 ad

254 3042 464 3094 tertium
508 3052 685 3110 raptus
724 3059 783 3097 es
808 3044 1039 3098 ewlum?
1080 3045 1136 3099 Si
1170 3046 1259 3100 tibi
1288 3047 1516 3101 difﬁcilis
1547 3058 1628 3102 est
1658 3050 1821 3103 inter-

250 3139 495 3200 pretatu,
539 3148 566 3185 a
610 3149 714 3203 quo
760 3137 950 3203 poterit
999 3137 1414 3205 comprehendi?
1443 3138 1565 3192 Mihi
1594 3139 1821 3193 difﬁcilis

249 3230 332 3275 est
362 3220 703 3290 interpretatu
725 3266 738 3287 ,
779 3225 981 3293 inquit,
1012 3242 1116 3279 non
1147 3228 1216 3280 oh
1257 3243 1403 3280 suam
1435 3228 1817 3293 difﬁcultatem,

256 3309 352 3364 Sed
378 3310 447 3363 ob
466 3312 761 3365 auditorum
785 3315 1163 3370 inﬁrmitatem.
1195 3317 1478 3387 Postquam
1503 3321 1641 3373 enim
1669 3320 1817 3384 dixit,

250 3399 593 3468 Interpretatu
636 3405 882 3472 difﬁcilis,
930 3406 1166 3468 adiunxit
1208 3425 1221 3458 :
1260 3407 1510 3471 Quoniam
1552 3409 1820 3463 imbecilles

252 3491 376 3559 facti
396 3493 510 3544 estis
530 3492 597 3544 ad
618 3494 940 3547 audiendum.
970 3496 1128 3549 Vides
1151 3511 1253 3550 non
1278 3508 1514 3550 naturam
1540 3501 1817 3561 sermonis,

249 3580 347 3634 sed
391 3581 686 3636 auditorum
717 3584 1030 3652 imperitiam
1062 3585 1327 3641 difficilem
1359 3603 1476 3642 eum
1507 3589 1815 3651 reddidisse,

250 3668 342 3737 qui
372 3669 599 3724 difficilis
628 3674 845 3728 minime
874 3674 1018 3727 fuit?
1056 3676 1232 3745 Neque
1262 3692 1385 3731 vero
1418 3678 1679 3732 difficilem
1709 3690 1819 3732 tau-

252 3766 386 3822 tum,
412 3761 501 3813 sed
525 3769 580 3815 et
601 3763 853 3829 grandem
878 3764 1040 3817 efﬁcit
1065 3780 1204 3827 eum,
1231 3769 1315 3834 qui
1346 3767 1517 3821 brevis
1542 3768 1609 3820 sit
1635 3769 1817 3823 eadem

250 3859 410 3900 causa
442 3866 455 3901 :
482 3861 804 3918 quapropter
833 3868 938 3905 non
985 3854 1143 3906 modo
1180 3854 1444 3908 difﬁcilem
1478 3856 1817 3923 interpretato

249 3950 373 3989 eum
402 3952 520 3991 esse
547 3940 695 4003 dixit,
725 3956 907 3993 verum
938 3943 1095 3993 etiam
1124 3943 1380 4007 grandem
1404 3985 1416 4005 ,
1446 3954 1497 3995 et
1538 3945 1819 4013 longitudi-

251 4026 337 4079 nis
357 4066 371 4088 ,
401 4035 455 4079 et
480 4025 802 4082 difficultatis
831 4044 1043 4083 causam
1085 4032 1391 4085 adscribens
1417 4034 1621 4085 aurimn
1656 4035 1821 4088 imbe-

250 4114 477 4167 cillitati.
507 4115 636 4169 Nam
668 4118 801 4171 sient
835 4118 959 4171 dum
988 4135 1159 4187 aegros
1186 4136 1432 4173 curamus
1472 4138 1575 4173 non
1615 4132 1821 4191 oportet

251 4207 584 4261 subitaneam
612 4217 665 4262 et
692 4218 872 4277 paratu
904 4210 1110 4264 facilem
1140 4228 1374 4265 mensam
1407 4213 1509 4265 illis
1532 4227 1817 4281 apponere,

252 4295 347 4350 sed
378 4297 518 4349 varia
547 4306 669 4351 sunt
700 4299 802 4351 illis
827 4299 1004 4353 edulia
1031 4301 1281 4368 paranda,
1312 4310 1368 4354 ut
1396 4302 1438 4354 si
1467 4310 1693 4370 mgrotus
1723 4302 1823 4355 hoc

250 4393 466 4455 gustare
492 4386 753 4450 noluerit,
786 4388 1011 4442 alterum
1037 4397 1211 4441 sumat
1244 4402 1256 4439 :
1286 4388 1423 4456 quod
1464 4389 1507 4440 si
1548 4387 1672 4441 illud
1718 4403 1822 4442 non

251 4473 529 4537 admittat,
560 4474 701 4528 aliud
729 4484 969 4544 acceptet
997 4493 1012 4528 :
1045 4485 1135 4530 aut
1163 4477 1207 4529 si
1238 4476 1338 4529 hoc
1367 4476 1638 4544 repudiet,
1671 4477 1820 4529 alteri

252 4577 467 4616 manum
499 4563 732 4631 injiciat,
762 4572 816 4617 et
852 4565 1088 4619 ciborum
1120 4565 1370 4619 varietate
1412 4565 1673 4618 fastidium
1702 4566 1819 4618 vin-

254 4666 456 4713 camus,
488 4667 550 4705 ac
578 4652 882 4706 diversitate
911 4668 1109 4707 mensae
1135 4653 1297 4706 animi
1325 4655 1437 4721 ejus
1463 4652 1819 4707 morositatem

252 4740 554 4810 mitigemus
580 4759 594 4796 :
620 4743 691 4795 ita
713 4758 1080 4810 saepenumero
1109 4744 1160 4795 in
1188 4744 1544 4812 spiritualibus
1564 4744 1821 4797 conviviis

250 4842 334 4886 est
361 4831 640 4899 agendum.
670 4832 799 4885 Cum
829 4831 1023 4885 inﬁrmi
1054 4833 1237 4897 simus,
1284 4833 1444 4885 multa
1484 4839 1539 4886 et
1565 4833 1709 4885 varia
1738 4832 1817 4885 in-

251 4921 515 4976 stituenda
530 4931 613 4975 est
630 4923 821 4987 oratio,
841 4936 959 4991 quae
977 4924 1399 4991 comparationes
1419 4921 1627 4987 habeat,
1651 4936 1823 4975 exem-

251 5011 337 5079 pla
362 5051 377 5075 ,
417 5009 893 5065 demonstrationes
914 5050 931 5076 ,
960 5012 1241 5064 verborum
1283 5011 1534 5063 circuitus
1558 5050 1573 5074 ,
1616 5010 1821 5078 aliaque

252 5101 417 5154 multa
455 5102 747 5168 ejusmodi,
780 5111 837 5154 ut
865 5116 928 5154 ex
970 5100 1217 5154 omnibus
1246 5100 1416 5153 facilis
1452 5099 1519 5151 sit
1546 5098 1696 5151 nobis
1724 5113 1821 5152 eo-

251 5204 372 5245 rum
395 5230 409 5255 ,
442 5204 558 5257 quae
588 5189 693 5242 sint
734 5189 1005 5257 profutura
1028 5230 1043 5255 ,
1090 5188 1344 5242 delectus.
1393 5186 1674 5243 Enimvero
1704 5186 1825 5240 licet

249 5277 467 5347 grandis
497 5288 638 5331 esset
662 5288 816 5347 atque
858 5279 1201 5347 interpretata
1231 5276 1459 5330 difﬁcilis
1504 5275 1591 5328 ille
1624 5288 1821 5340 sermo,

252 5381 579 5435 nequaquam
608 5367 723 5421 illos
748 5367 987 5420 doctrina
1014 5366 1082 5420 de
1103 5365 1450 5419 Melchisedec
1480 5364 1703 5431 privavit
1723 5362 1819 5432 (a),

251 5470 373 5509 cum
408 5463 461 5508 et
498 5454 720 5509 dicendo
747 5455 1000 5525 grandem
1042 5455 1186 5509 illum
1218 5468 1335 5509 esse
1362 5463 1517 5522 atque
1557 5452 1822 5519 interpre-

252 5553 367 5600 tatu
392 5544 662 5599 difﬁcilem
688 5548 895 5600 illorum
921 5545 1151 5601 studium
1176 5545 1434 5609 excitarit,
1461 5555 1516 5597 ut
1540 5542 1824 5597 alacriores

314 5696 393 5759 (ο)
425 5701 506 5750 ilic
530 5710 577 5751 et
601 5701 721 5751 infra
745 5701 1052 5753 Colbertinus
1082 5703 1131 5751 in
1154 5701 1313 5751 multis
1336 5700 1514 5751 deficit.

1251 413 1341 468 DE
1382 408 1907 468 PROPHETIARUM
1947 408 2438 472 OBSCURITATE.
2476 416 2514 473 1.

3401 446 3512 499 166

1953 521 2137 577 ﬁerent
2159 526 2222 577 ad
2244 527 2556 581 audiendum
2584 546 2597 582 :
2621 537 2672 584 et
2700 530 2820 583 dmn
2852 529 2953 587 illis
2974 548 3207 588 mensam
3235 536 3502 600 instruxit,

1948 626 2129 666 eorum
2158 617 2424 681 cupiditati
2458 620 2609 672 fuerit
2638 622 2977 690 obsequutus.

2015 724 2068 776 2.
2103 726 2365 793 Scriptura
2392 745 2535 781 sacra
2560 734 2804 798 quomodo
2834 738 3113 788 tractanda.
3141 738 3401 792 Anomaros
3421 757 3503 794 re-

1946 815 2165 883 darguit.
2195 818 2443 871 Adversus
2472 822 2726 874 hereticos
2755 825 2815 876 de
2860 836 3045 878 attema
3074 826 3254 881 Christi
3292 850 3500 900 genera-

1944 904 2095 957 tione.
2122 904 2381 961 Generatio
2402 911 2548 962 etiam
2570 922 2762 965 terrena
2784 914 2967 968 Christi
2990 934 3088 971 non
3110 921 3495 991 intelligitur.—

1944 997 2053 1051 lloc
2082 1014 2176 1052 nos
2205 1016 2412 1070 quoque
2438 1002 2687 1059 faciamus
2713 1023 2723 1057 :
2760 1011 2961 1062 tametsi
2993 1013 3360 1079 prophetarum
3404 1017 3501 1070 int-

1943 1101 2182 1139 mcnsmu
2219 1099 2299 1143 est
2325 1092 2555 1160 pelagus,
2579 1095 2859 1163 multa'que
2882 1098 3054 1151 insunt
3079 1101 3184 1155 illic
3202 1106 3498 1172 voragines,

1939 1174 2189 1230 audacter
2233 1195 2326 1246 pro
2366 1191 2543 1235 nostra
2571 1185 2704 1237 virili
2734 1195 2879 1251 parte
2920 1203 3062 1241 mare
3107 1190 3496 1259 ingrediamnr;

1939 1265 2045 1317 imo
2068 1282 2213 1329 vero,
2238 1285 2341 1323 non
2372 1287 2467 1339 pro
2494 1285 2667 1327 nosua
2692 1276 2825 1329 virili
2860 1291 3025 1344 parte,
3056 1281 3146 1333 sed
3173 1293 3322 1345 prout
3348 1287 3499 1340 nobis

1937 1369 2163 1422 superna
2203 1362 2364 1427 gratia
2405 1377 2711 1417 concessum
2756 1366 2944 1431 fuerit,
2993 1386 3093 1423 non
3147 1373 3331 1428 fiducia
3380 1378 3493 1431 freti

1936 1454 2115 1496 nostra
2136 1486 2149 1506 ,
2182 1448 2271 1499 sed
2319 1452 2662 1516 procuranda:
2690 1454 2927 1509 utilitatis
2952 1469 3137 1511 vestrm
3166 1476 3318 1516 eausa
3351 1481 3495 1521 mare

1937 1531 2186 1587 audacter
2212 1536 2583 1603 ingrediamur,
2616 1552 2669 1595 et
2700 1543 2749 1594 in
2780 1542 2877 1595 hoc
2902 1560 3106 1613 quoque
3135 1549 3349 1604 Paulum
3378 1554 3494 1607 imi-

1938 1630 2125 1676 temur.
2157 1624 2303 1690 Quod
2337 1629 2473 1681 enim
2507 1632 2743 1685 oratione
2771 1633 2837 1685 de
2868 1632 3214 1690 Melchisech
3253 1638 3366 1693 illos
3392 1646 3491 1694 mi-

1934 1712 2074 1766 nime
2100 1718 2339 1783 privarit,
2368 1733 2429 1770 ex
2461 1720 2542 1782 iis,
2576 1736 2690 1785 quae,
2720 1734 3023 1789 sequuntur,
3054 1725 3327 1795 intelliges.
3355 1730 3492 1786 Sane

1934 1815 2051 1853 cum
2081 1803 2330 1867 dixisset,
2383 1806 2453 1858 De
2489 1823 2585 1871 quo
2624 1812 2827 1877 grandis
2871 1828 3063 1873 sermo,
3096 1825 3141 1867 et
3170 1818 3491 1886 interpretatis

1933 1890 2146 1958 di/ﬁcih's
2166 1932 2177 1953 ,
2222 1893 2411 1960 adjecit
2440 1913 2450 1947 :
2478 1895 2575 1948 Hic
2604 1899 2732 1949 enim
2761 1898 3089 1953 Melchisedec
3107 1944 3125 1965 ,
3152 1920 3240 1957 rex
3256 1907 3486 1973 jnstitiw,

1931 1980 2109 2032 deinde
2136 1992 2299 2034 autem
2342 1994 2385 2035 et
2427 2001 2516 2038 rea:
2542 1985 2710 2039 Salen:
2733 2029 2747 2053 ,
2789 1991 2922 2058 quod
2959 2002 3027 2043 est
3065 2009 3153 2045 rex
3186 1996 3322 2062 pacis
3344 2035 3359 2059 ,
3385 1999 3491 2050 sine

1930 2079 2103 2139 patre,
2150 2073 2256 2124 sine
2280 2084 2465 2137 matre,
2496 2077 2601 2127 sine
2628 2080 2914 2146 genealogia
2932 2119 2946 2141 ,
2987 2097 3140 2147 neque
3164 2082 3354 2135 initium
3378 2086 3488 2139 die-

1929 2176 2063 2226 rum,
2094 2178 2247 2230 neque
2272 2166 2385 2217 vita:
2409 2167 2559 2229 ﬁnem
2589 2167 2771 2219 habens
2795 2182 2813 2220 :
2837 2171 3136 2224 assimilatus
3169 2183 3332 2226 autem
3355 2174 3491 2228 Filio

1929 2242 2025 2295 Dei
2051 2256 2214 2297 manet
2242 2248 2474 2300 sacerdos
2502 2251 2551 2300 in
2582 2262 2868 2318 perpetuum
2896 2256 2912 2321 (
2937 2253 3088 2306 Hebr.
3122 2257 3170 2308 7.
3203 2258 3355 2325 1-5).
3384 2262 3490 2315 An-

1932 2350 2033 2388 non
2056 2344 2255 2390 vestras
2276 2352 2431 2393 aures
2454 2341 2776 2407 perturbavit
2797 2344 2861 2395 de
2885 2345 3093 2399 homine
3111 2348 3266 2400 verba
3292 2350 3487 2404 faciens

1929 2424 2143 2489 Paulus,
2172 2441 2234 2481 ac
2260 2427 2461 2493 dicens,
2494 2431 2619 2484 Sine
2643 2443 2800 2499 patre,
2830 2435 2934 2487 sine
2958 2437 3156 2489 matre?
3185 2438 3315 2503 Quid
3343 2441 3482 2503 dion,

1928 2513 1996 2569 de
2026 2516 2282 2571 homine?
2322 2518 2450 2572 Nam
2477 2520 2521 2572 si
2567 2521 2665 2574 hoe
2692 2521 2757 2575 de
2783 2522 2989 2575 Christo
3016 2526 3171 2578 etiam
3201 2528 3484 2588 diceretur.

1928 2620 2104 2661 nonne
2132 2608 2208 2662 sic
2235 2609 2393 2662 etiam
2433 2611 2649 2664 multam
2681 2615 2946 2681 quam-udi
2989 2618 3315 2672 occasionem
3349 2636 3485 2688 prm-

1928 2696 2117 2752 beret?
2159 2698 2212 2754 Si
2242 2701 2382 2754 enim
2412 2710 2494 2755 est
2537 2704 2649 2756 sine
2694 2716 2859 2771 patre,
2906 2709 3167 2771 quomodo
3198 2710 3395 2764 Filius?
3440 2714 3484 2767 si

1928 2788 2043 2841 sine
2070 2788 2245 2854 Patre,
2273 2792 2535 2858 quomodo
2559 2793 2902 2862 Unigenitus?
2934 2797 3091 2851 Filius
3119 2801 3255 2852 enim
3284 2812 3484 2871 patrem

1928 2876 2124 2931 habere
2149 2878 2326 2943 debet,
2356 2881 2545 2950 alioqui
2577 2884 2713 2936 filius
2744 2900 2847 2937 non
2876 2887 2993 2939 erit.
3026 2889 3265 2943 Attamen
3292 2904 3346 2946 et
3372 2897 3486 2949 sine

1927 2977 2075 3035 patre
2104 2968 2270 3025 Filius
2298 2971 2386 3026 Dei
2416 2982 2516 3037 est,
2548 2984 2601 3027 et
2628 2976 2742 3028 sine
2771 2987 2964 3033 matre.
2994 2978 3108 3046 Quo
3137 2982 3343 3037 tandem
3373 3002 3486 3038 mo-

1927 3056 2038 3111 do?
2082 3058 2209 3113 Sine
2252 3069 2399 3128 patre
2442 3062 2726 3116 secundum
2773 3074 3033 3120 terrenam
3070 3073 3481 3137 generationem,

1925 3147 2039 3199 sine
2068 3157 2235 3202 matre
2260 3150 2545 3203 secundum
2573 3154 2837 3208 czclestem
2870 3173 2882 3208 :
2911 3171 3029 3209 nam
3057 3174 3224 3227 neque
3252 3162 3300 3213 in
3334 3165 3487 3218 terris

1927 3238 2105 3292 habuit
2146 3252 2346 3309 patrem
2370 3282 2383 3306 ,
2418 3258 2585 3311 neque
2615 3254 2837 3300 matrem
2877 3248 2927 3300 in
2960 3249 3121 3301 cadis.
3154 3250 3274 3304 Sine
3303 3269 3484 3319 genea-

1925 3329 2079 3397 logia.
2113 3329 2371 3392 Audiam,
2404 3336 2490 3399 qui
2536 3334 2651 3399 ejus
2692 3336 2971 3387 essentiam
3001 3339 3206 3392 cnriose
3244 3352 3485 3396 scrutan-

1927 3426 2051 3470 tur:
2083 3419 2289 3470 tametsi
2336 3420 2658 3474 arbitrantur
2703 3423 2952 3491 quidam,
2997 3426 3135 3492 quod
3178 3428 3258 3481 hic
3299 3430 3489 3484 dicitur

1928 3506 2052 3560 Sine
2073 3508 2387 3579 genealogia,
2413 3511 2479 3564 ad
2506 3512 2767 3565 celestem
2787 3516 3173 3582 generationem
3202 3520 3483 3586 pertinere.

1925 3597 2052 3650 Nam
2096 3598 2329 3653 hanetici
2372 3616 2437 3654 ne
2485 3601 2585 3655 hoc
2627 3604 2837 3671 quidem
2869 3608 3050 3659 volunt
3080 3624 3090 3657 :
3124 3611 3312 3660 etenim
3340 3611 3486 3662 illam

1926 3704 2133 3757 quoque
2155 3691 2363 3743 curiose
2384 3700 2684 3745 scrutantur
2707 3703 2759 3746 ct
2780 3695 3046 3761 inquirunt
3069 3715 3081 3747 :
3106 3699 3190 3764 qui
3216 3714 3336 3751 vero
3363 3710 3487 3754 sunt

1925 3778 2062 3830 inter
2104 3778 2221 3831 illos
2265 3778 2634 3845 modestiores,
2678 3782 2749 3834 illi
2789 3785 3110 3851 generationi
3160 3787 3257 3840 hoc
3293 3804 3483 3842 conce-

1924 3868 2057 3921 dunt
2086 3886 2099 3921 :
2129 3867 2196 3922 de
2227 3876 2439 3923 terrena
2470 3885 2572 3924 non
2603 3871 2726 3925 item
2767 3873 2962 3927 dictum
3004 3878 3302 3932 existimant
3338 3881 3484 3947 illud,

1927 3958 2052 4011 Sine
2079 3960 2389 4029 genealoyia.
2439 3959 2792 4016 Ostendamus
2837 3964 2995 4033 igitur
3038 3966 3136 4020 hoc
3177 3967 3241 4020 de
3272 3979 3487 4038 utraque

1928 4046 2145 4101 Paulum
2186 4051 2530 4118 generatione
2568 4051 2760 4107 dixisse
2781 4094 2795 4118 ,
2828 4054 2894 4109 de
2933 4057 3126 4110 ca‘lesti
3157 4059 3310 4112 simul
3340 4072 3392 4114 et
3419 4062 3487 4116 de

1927 4149 2133 4194 terrena
2166 4158 2180 4194 :
2214 4156 2332 4194 nam
2365 4151 2416 4195 et
2443 4142 2525 4194 illa
2556 4143 2828 4197 tremenda
2858 4155 2967 4210 est,
3013 4156 3066 4200 et
3109 4146 3222 4201 haec
3265 4152 3483 4220 mystica

1924 4233 2172 4285 maxime.
2198 4232 2480 4300 Propterea
2504 4233 2709 4287 dicebat
2729 4234 2887 4287 etiam
2912 4236 3087 4301 Isaias,
3112 4236 3485 4294 Generationein

1926 4322 2035 4388 ejus
2057 4323 2164 4389 quis
2190 4321 2438 4374 enarrabit
2467 4320 2614 4392 (ἔδαε.
2638 4323 2724 4377 55.
2748 4323 2813 4393 8)
2834 4325 2857 4375 7
2881 4326 3035 4394 Atqui
3060 4326 3125 4381 de
3152 4328 3239 4381 illa
3264 4332 3481 4392 caelesti,

1929 4411 2129 4480 inquit,
2179 4411 2279 4465 hoc
2319 4411 2469 4466 dixit.
2517 4413 2652 4479 Quid
2701 4428 2827 4481 ergo
2874 4413 3035 4467 Paulo
3083 4416 3350 4479 dicemus,
3394 4421 3481 4488 qui

1928 4510 2203 4567 utramque
2244 4502 2634 4569 generationem
2682 4506 3147 4568 commemoravit,
3190 4522 3251 4560 ac
3295 4506 3487 4563 deinde

1927 4591 2074 4653 illud,
2103 4591 2223 4644 Sine
2248 4592 2556 4660 genealogia,
2585 4592 2894 4659 subiunxit?
2924 4592 3054 4646 Cum
3086 4596 3224 4648 enim
3255 4608 3374 4651 ante
3400 4598 3485 4651 di-

1926 4668 2121 4745 xisset,
2151 4681 2275 4734 Sine
2314 4691 2487 4749 patre,
2533 4682 2640 4733 sine
2678 4690 2869 4747 matre,
2912 4692 3028 4749 post
3063 4683 3299 4752 adjuuxit
3323 4730 3336 4750 ,
3368 4687 3491 4741 Sins

1927 4771 2217 4839 genealogia
2236 4810 2251 4835 ,
2282 4779 2341 4823 ut
2369 4785 2475 4823 non
2505 4769 2663 4823 modo
2689 4770 2976 4823 secundum
3014 4772 3151 4824 illam
3190 4780 3488 4841 generatio-

1927 4874 2071 4925 nem,
2113 4860 2399 4914 seeundum
2428 4873 2584 4927 quam
2614 4868 2694 4911 est
2721 4860 2833 4911 sine
2862 4868 3034 4914 matre
3055 4903 3069 4925 ,
3099 4864 3187 4914 sed
3217 4865 3370 4916 etiam
3401 4881 3488 4919 se-

1928 4948 2156 5003 cundum
2181 4950 2334 5010 hanc,
2359 4947 2649 5002 secundum
2674 4962 2829 5014 quam
2859 4959 2972 5001 erat
2999 4949 3112 5003 sine
3138 4958 3303 5017 patre,
3329 4962 3489 5008 terre-

1928 5054 2048 5092 nam
2075 5038 2213 5105 dico,
2244 5040 2358 5092 sine
2385 5038 2688 5107 genealogia
2719 5039 2886 5106 ipsum
2914 5053 3029 5093 esse
3056 5041 3257 5093 credas.
3294 5042 3490 5097 Idcirco

1928 5138 2145 5199 utraque
2170 5129 2340 5199 posita
2386 5128 2548 5192 dixit,
2582 5129 2703 5181 Sine
2730 5129 3018 5199 genealogia
3042 5171 3057 5196 ,
3088 5146 3206 5183 nam
3238 5131 3353 5188 base
3381 5141 3489 5187 ter-

1930 5237 2058 5275 rena
2088 5220 2462 5289 comprehendi
2494 5236 2595 5273 non
2629 5229 2838 5288 potest,
2873 5230 2929 5273 ut
2958 5221 3009 5273 in
3054 5221 3199 5275 illam
3228 5238 3293 5277 ne
3319 5226 3488 5291 respi«

1930 5329 2052 5368 cere
2076 5313 2289 5381 quidem
2316 5313 2623 5366 audeamus.
2656 5311 2783 5363 Nam
2814 5312 2858 5364 si
2888 5311 3063 5378 templi
3087 5313 3338 5366 veStibula
3369 5327 3491 5368 sunt

1930 5402 2062 5455 adeo
2092 5400 2346 5456 terribilia
2377 5410 2430 5455 et
2469 5402 2736 5454 inaccessa
2758 5442 2770 5463 ,
2801 5415 2905 5468 quo
2931 5408 3081 5469 pacto
3115 5402 3165 5454 in
3196 5402 3305 5470 ipsa
3336 5404 3489 5473 adyta

1930 5500 2206 5562 penetrare
2256 5492 2374 5561 quis
2433 5489 2696 5546 audebit?
2742 5490 2988 5546 Genitum
3036 5492 3173 5546 enim
3221 5506 3283 5546 ex
3336 5492 3491 5547 Patre

1930 5582 2093 5638 fuisse
2138 5585 2245 5638 scio
2288 5601 2303 5638 :
2344 5597 2448 5655 quo
2494 5589 2681 5652 pacto,
2732 5582 2934 5636 nescio.
2984 5581 3063 5636 Ex
3099 5581 3297 5651 virgine
3344 5581 3489 5636 illum

1933 5676 2096 5739 fuisse
2135 5687 2311 5734 natum
2342 5677 2495 5740 novi;
2542 5672 2758 5728 modum
2800 5680 2972 5726 autem
3040 5685 3109 5726 ne
3152 5669 3238 5726 hic
3278 5670 3489 5738 quidem
