  <div class='ocr_page' id='page_1' title='image "/cluster/home/n/w/nwhite01/storage/ocr_20150623/56/ien.35556001660836/173.png"; bbox 0 0 4016 6496; ppageno 0'>
   <div class='ocr_carea' id='block_1_1' title="bbox 527 455 2982 535">
    <p class='ocr_par' dir='ltr' id='par_1_1' title="bbox 527 455 2982 535">
     <span class='ocr_line' id='line_1_1' title="bbox 527 455 2982 535; baseline 0.004 -25"><span class='ocrx_word' id='word_1_1' title='bbox 527 480 637 535; x_wconf 74' lang='grc'><strong>167</strong></span> <span class='ocrx_word' id='word_1_2' title='bbox 1193 458 1248 516; x_wconf 84' lang='lat' dir='ltr'><strong>S.</strong></span> <span class='ocrx_word' id='word_1_3' title='bbox 1287 457 1562 515; x_wconf 77' lang='lat' dir='ltr'><strong>JOANNIS</strong></span> <span class='ocrx_word' id='word_1_4' title='bbox 1597 455 2066 513; x_wconf 74' lang='lat' dir='ltr'><strong>CIIRYSOSTOMI</strong></span> <span class='ocrx_word' id='word_1_5' title='bbox 2105 455 2415 512; x_wconf 76' lang='lat' dir='ltr'><strong>ARCIIIEP.</strong></span> <span class='ocrx_word' id='word_1_6' title='bbox 2456 458 2982 520; x_wconf 75' lang='lat' dir='ltr'><strong>CONSTANTINOP.</strong></span> 
     </span>
    </p>
   </div>
   <div class='ocr_carea' id='block_1_2' title="bbox 2183 551 3756 653">
    <p class='ocr_par' dir='ltr' id='par_1_2' title="bbox 2183 551 3756 653">
     <span class='ocr_line' id='line_1_2' title="bbox 2183 551 3756 653; baseline 0.01 -31"><span class='ocrx_word' id='word_1_7' title='bbox 2183 571 2406 627; x_wconf 89' lang='lat' dir='ltr'><strong>alterum</strong></span> <span class='ocrx_word' id='word_1_8' title='bbox 2435 573 2575 628; x_wconf 88' lang='lat' dir='ltr'><strong>diem</strong></span> <span class='ocrx_word' id='word_1_9' title='bbox 2607 575 2906 644; x_wconf 88' lang='lat' dir='ltr'><strong>rejecimus,</strong></span> <span class='ocrx_word' id='word_1_10' title='bbox 2934 592 2996 632; x_wconf 90' lang='lat' dir='ltr'><strong>ac</strong></span> <span class='ocrx_word' id='word_1_11' title='bbox 3025 579 3330 649; x_wconf 83' lang='lat' dir='ltr'><strong>prophetica</strong></span> <span class='ocrx_word' id='word_1_12' title='bbox 3365 551 3642 653; x_wconf 60' lang='lat' dir='ltr'><strong>aenigmata</strong></span> <span class='ocrx_word' id='word_1_13' title='bbox 3665 551 3756 638; x_wconf 33' lang='lat' dir='ltr'><strong>an;</strong></span> 
     </span>
    </p>
   </div>
   <div class='ocr_carea' id='block_1_3' title="bbox 506 574 2065 645">
    <p class='ocr_par' dir='ltr' id='par_1_3' title="bbox 506 574 2065 645">
     <span class='ocr_line' id='line_1_3' title="bbox 506 574 2065 645; baseline -0.003 -17"><span class='ocrx_word' id='word_1_14' title='bbox 506 589 775 644; x_wconf 89' lang='lat' dir='ltr'><strong>assequor.</strong></span> <span class='ocrx_word' id='word_1_15' title='bbox 811 575 938 629; x_wconf 86' lang='lat' dir='ltr'><strong>Nam</strong></span> <span class='ocrx_word' id='word_1_16' title='bbox 970 575 1240 645; x_wconf 90' lang='lat' dir='ltr'><strong>utriusque</strong></span> <span class='ocrx_word' id='word_1_17' title='bbox 1267 585 1467 629; x_wconf 70' lang='lat' dir='ltr'><strong>natura:</strong></span> <span class='ocrx_word' id='word_1_18' title='bbox 1511 574 1908 644; x_wconf 87' lang='lat' dir='ltr'><strong>generationem</strong></span> <span class='ocrx_word' id='word_1_19' title='bbox 1938 585 2065 625; x_wconf 86' lang='lat' dir='ltr'><strong>eon-</strong></span> 
     </span>
    </p>
   </div>
   <div class='ocr_carea' id='block_1_4' title="bbox 508 663 2068 735">
    <p class='ocr_par' dir='ltr' id='par_1_4' title="bbox 508 663 2068 735">
     <span class='ocr_line' id='line_1_4' title="bbox 508 663 2068 735; baseline -0.002 -19"><span class='ocrx_word' id='word_1_20' title='bbox 508 665 748 728; x_wconf 86' lang='lat' dir='ltr'><strong>ﬁtemur,</strong></span> <span class='ocrx_word' id='word_1_21' title='bbox 778 674 832 719; x_wconf 90' lang='lat' dir='ltr'><strong>et</strong></span> <span class='ocrx_word' id='word_1_22' title='bbox 857 665 1126 735; x_wconf 88' lang='lat' dir='ltr'><strong>utriusque</strong></span> <span class='ocrx_word' id='word_1_23' title='bbox 1154 665 1366 718; x_wconf 90' lang='lat' dir='ltr'><strong>modum</strong></span> <span class='ocrx_word' id='word_1_24' title='bbox 1400 675 1653 718; x_wconf 89' lang='lat' dir='ltr'><strong>tacemus.</strong></span> <span class='ocrx_word' id='word_1_25' title='bbox 1698 664 1761 716; x_wconf 85' lang='lat' dir='ltr'><strong>Et</strong></span> <span class='ocrx_word' id='word_1_26' title='bbox 1787 663 1922 715; x_wconf 92' lang='lat' dir='ltr'><strong>sicut</strong></span> <span class='ocrx_word' id='word_1_27' title='bbox 1950 676 2068 714; x_wconf 91' lang='lat' dir='ltr'><strong>cum</strong></span> 
     </span>
    </p>
   </div>
   <div class='ocr_carea' id='block_1_5' title="bbox 504 753 2070 826">
    <p class='ocr_par' dir='ltr' id='par_1_5' title="bbox 504 753 2070 826">
     <span class='ocr_line' id='line_1_5' title="bbox 504 753 2070 826; baseline -0.001 -18"><span class='ocrx_word' id='word_1_28' title='bbox 504 755 571 810; x_wconf 88' lang='lat' dir='ltr'><strong>de</strong></span> <span class='ocrx_word' id='word_1_29' title='bbox 602 756 800 826; x_wconf 91' lang='lat' dir='ltr'><strong>virgine</strong></span> <span class='ocrx_word' id='word_1_30' title='bbox 829 757 1020 826; x_wconf 84' lang='lat' dir='ltr'><strong>agitur,</strong></span> <span class='ocrx_word' id='word_1_31' title='bbox 1050 756 1146 810; x_wconf 92' lang='lat' dir='ltr'><strong>etsi</strong></span> <span class='ocrx_word' id='word_1_32' title='bbox 1173 756 1351 810; x_wconf 89' lang='lat' dir='ltr'><strong>nescio</strong></span> <span class='ocrx_word' id='word_1_33' title='bbox 1379 770 1484 824; x_wconf 93' lang='lat' dir='ltr'><strong>quo</strong></span> <span class='ocrx_word' id='word_1_34' title='bbox 1511 766 1662 824; x_wconf 87' lang='lat' dir='ltr'><strong>pacto</strong></span> <span class='ocrx_word' id='word_1_35' title='bbox 1687 755 1754 807; x_wconf 92' lang='lat' dir='ltr'><strong>sit</strong></span> <span class='ocrx_word' id='word_1_36' title='bbox 1780 768 1844 806; x_wconf 81' lang='lat' dir='ltr'><strong>ex</strong></span> <span class='ocrx_word' id='word_1_37' title='bbox 1871 753 2070 820; x_wconf 80' lang='lat' dir='ltr'><strong>virgine</strong></span> 
     </span>
    </p>
   </div>
   <div class='ocr_carea' id='block_1_6' title="bbox 503 840 2066 914">
    <p class='ocr_par' dir='ltr' id='par_1_6' title="bbox 503 840 2066 914">
     <span class='ocr_line' id='line_1_6' title="bbox 503 840 2066 914; baseline -0.004 -14"><span class='ocrx_word' id='word_1_38' title='bbox 503 857 813 914; x_wconf 88' lang='lat' dir='ltr'><strong>generatus,</strong></span> <span class='ocrx_word' id='word_1_39' title='bbox 860 854 1034 899; x_wconf 89' lang='lat' dir='ltr'><strong>tamen</strong></span> <span class='ocrx_word' id='word_1_40' title='bbox 1077 860 1194 899; x_wconf 89' lang='lat' dir='ltr'><strong>eum</strong></span> <span class='ocrx_word' id='word_1_41' title='bbox 1237 853 1543 914; x_wconf 88' lang='lat' dir='ltr'><strong>generatum</strong></span> <span class='ocrx_word' id='word_1_42' title='bbox 1591 844 1748 896; x_wconf 81' lang='lat' dir='ltr'><strong>fuisse</strong></span> <span class='ocrx_word' id='word_1_43' title='bbox 1793 840 2066 906; x_wconf 87' lang='lat' dir='ltr'><strong>conﬁteor,</strong></span> 
     </span>
    </p>
   </div>
   <div class='ocr_carea' id='block_1_7' title="bbox 506 928 2067 1003">
    <p class='ocr_par' dir='ltr' id='par_1_7' title="bbox 506 928 2067 1003">
     <span class='ocr_line' id='line_1_7' title="bbox 506 928 2067 1003; baseline -0.003 -17"><span class='ocrx_word' id='word_1_44' title='bbox 506 951 602 989; x_wconf 93' lang='lat' dir='ltr'><strong>nec</strong></span> <span class='ocrx_word' id='word_1_45' title='bbox 644 952 751 989; x_wconf 89' lang='lat' dir='ltr'><strong>rem</strong></span> <span class='ocrx_word' id='word_1_46' title='bbox 797 936 923 989; x_wconf 87' lang='lat' dir='ltr'><strong>tollo</strong></span> <span class='ocrx_word' id='word_1_47' title='bbox 953 943 1168 1003; x_wconf 87' lang='lat' dir='ltr'><strong>pr0pter</strong></span> <span class='ocrx_word' id='word_1_48' title='bbox 1206 934 1554 1003; x_wconf 76' lang='lat' dir='ltr'><strong>ignorantiam</strong></span> <span class='ocrx_word' id='word_1_49' title='bbox 1587 931 1725 985; x_wconf 90' lang='lat' dir='ltr'><strong>modi</strong></span> <span class='ocrx_word' id='word_1_50' title='bbox 1757 947 1769 982; x_wconf 89' lang='lat'>:</span> <span class='ocrx_word' id='word_1_51' title='bbox 1803 932 1869 983; x_wconf 80' lang='lat' dir='ltr'><strong>ita</strong></span> <span class='ocrx_word' id='word_1_52' title='bbox 1901 928 1983 980; x_wconf 80' lang='lat' dir='ltr'><strong>fac</strong></span> <span class='ocrx_word' id='word_1_53' title='bbox 2016 938 2067 981; x_wconf 92' lang='lat' dir='ltr'><strong>tu</strong></span> 
     </span>
    </p>
   </div>
   <div class='ocr_carea' id='block_1_8' title="bbox 503 1019 2067 1093">
    <p class='ocr_par' dir='ltr' id='par_1_8' title="bbox 503 1019 2067 1093">
     <span class='ocr_line' id='line_1_8' title="bbox 503 1019 2067 1093; baseline -0.003 -17"><span class='ocrx_word' id='word_1_54' title='bbox 503 1040 732 1093; x_wconf 89' lang='lat' dir='ltr'><strong>quoque,</strong></span> <span class='ocrx_word' id='word_1_55' title='bbox 762 1040 880 1078; x_wconf 93' lang='lat' dir='ltr'><strong>cum</strong></span> <span class='ocrx_word' id='word_1_56' title='bbox 907 1026 972 1078; x_wconf 89' lang='lat' dir='ltr'><strong>de</strong></span> <span class='ocrx_word' id='word_1_57' title='bbox 1003 1025 1156 1078; x_wconf 83' lang='lat' dir='ltr'><strong>Patre</strong></span> <span class='ocrx_word' id='word_1_58' title='bbox 1181 1027 1350 1093; x_wconf 88' lang='lat' dir='ltr'><strong>agitur</strong></span> <span class='ocrx_word' id='word_1_59' title='bbox 1380 1043 1392 1076; x_wconf 88' lang='lat'>:</span> <span class='ocrx_word' id='word_1_60' title='bbox 1426 1025 1547 1078; x_wconf 88' lang='lat' dir='ltr'><strong>licet</strong></span> <span class='ocrx_word' id='word_1_61' title='bbox 1575 1021 1776 1075; x_wconf 90' lang='lat' dir='ltr'><strong>nescias</strong></span> <span class='ocrx_word' id='word_1_62' title='bbox 1804 1019 2067 1088; x_wconf 89' lang='lat' dir='ltr'><strong>quomodo</strong></span> 
     </span>
    </p>
   </div>
   <div class='ocr_carea' id='block_1_9' title="bbox 506 1109 2062 1184">
    <p class='ocr_par' dir='ltr' id='par_1_9' title="bbox 506 1109 2062 1184">
     <span class='ocr_line' id='line_1_9' title="bbox 506 1109 2062 1184; baseline -0.005 -16"><span class='ocrx_word' id='word_1_63' title='bbox 506 1116 669 1168; x_wconf 79' lang='lat' dir='ltr'><strong>Filius</strong></span> <span class='ocrx_word' id='word_1_64' title='bbox 715 1116 781 1167; x_wconf 90' lang='lat' dir='ltr'><strong>sit</strong></span> <span class='ocrx_word' id='word_1_65' title='bbox 817 1115 1059 1184; x_wconf 85' lang='lat' dir='ltr'><strong>genitus,</strong></span> <span class='ocrx_word' id='word_1_66' title='bbox 1106 1130 1225 1169; x_wconf 91' lang='lat' dir='ltr'><strong>eum</strong></span> <span class='ocrx_word' id='word_1_67' title='bbox 1269 1115 1430 1167; x_wconf 81' lang='lat' dir='ltr'><strong>fuisse</strong></span> <span class='ocrx_word' id='word_1_68' title='bbox 1468 1112 1699 1182; x_wconf 90' lang='lat' dir='ltr'><strong>genitum</strong></span> <span class='ocrx_word' id='word_1_69' title='bbox 1746 1109 1996 1164; x_wconf 89' lang='lat' dir='ltr'><strong>conﬁtere</strong></span> <span class='ocrx_word' id='word_1_70' title='bbox 2025 1110 2062 1160; x_wconf 74' lang='grc' dir='ltr'>ί.</span> 
     </span>
    </p>
   </div>
   <div class='ocr_carea' id='block_1_10' title="bbox 503 1200 2068 1268">
    <p class='ocr_par' dir='ltr' id='par_1_10' title="bbox 503 1200 2068 1268">
     <span class='ocr_line' id='line_1_10' title="bbox 503 1200 2068 1268; baseline -0.004 -12"><span class='ocrx_word' id='word_1_71' title='bbox 503 1205 650 1268; x_wconf 83' lang='lat' dir='ltr'><strong>Quod</strong></span> <span class='ocrx_word' id='word_1_72' title='bbox 679 1205 720 1256; x_wconf 90' lang='lat' dir='ltr'><strong>si</strong></span> <span class='ocrx_word' id='word_1_73' title='bbox 749 1205 942 1257; x_wconf 80' lang='lat' dir='ltr'><strong>dixerit</strong></span> <span class='ocrx_word' id='word_1_74' title='bbox 970 1205 1060 1258; x_wconf 89' lang='lat' dir='ltr'><strong>tibi</strong></span> <span class='ocrx_word' id='word_1_75' title='bbox 1093 1204 1370 1257; x_wconf 72' lang='lat' dir='ltr'><strong>hmreticus</strong></span> <span class='ocrx_word' id='word_1_76' title='bbox 1391 1245 1405 1268; x_wconf 93' lang='lat'><strong>,</strong></span> <span class='ocrx_word' id='word_1_77' title='bbox 1435 1201 1710 1266; x_wconf 86' lang='lat' dir='ltr'><strong>Quomodo</strong></span> <span class='ocrx_word' id='word_1_78' title='bbox 1747 1200 1954 1268; x_wconf 88' lang='lat' dir='ltr'><strong>genitus</strong></span> <span class='ocrx_word' id='word_1_79' title='bbox 1987 1207 2068 1251; x_wconf 89' lang='lat' dir='ltr'><strong>est</strong></span> 
     </span>
    </p>
   </div>
   <div class='ocr_carea' id='block_1_11' title="bbox 501 1288 2061 1358">
    <p class='ocr_par' dir='ltr' id='par_1_11' title="bbox 501 1288 2061 1358">
     <span class='ocr_line' id='line_1_11' title="bbox 501 1288 2061 1358; baseline -0.006 -11"><span class='ocrx_word' id='word_1_80' title='bbox 501 1309 563 1347; x_wconf 84' lang='lat' dir='ltr'><strong>cx</strong></span> <span class='ocrx_word' id='word_1_81' title='bbox 593 1295 745 1346; x_wconf 82' lang='lat' dir='ltr'><strong>Patre</strong></span> <span class='ocrx_word' id='word_1_82' title='bbox 786 1294 989 1347; x_wconf 82' lang='lat' dir='ltr'><strong>Filius?</strong></span> <span class='ocrx_word' id='word_1_83' title='bbox 1035 1303 1264 1346; x_wconf 89' lang='lat' dir='ltr'><strong>mentem</strong></span> <span class='ocrx_word' id='word_1_84' title='bbox 1311 1291 1426 1358; x_wconf 82' lang='lat' dir='ltr'><strong>ejus</strong></span> <span class='ocrx_word' id='word_1_85' title='bbox 1471 1292 1522 1344; x_wconf 88' lang='lat' dir='ltr'><strong>itt</strong></span> <span class='ocrx_word' id='word_1_86' title='bbox 1572 1300 1762 1343; x_wconf 89' lang='lat' dir='ltr'><strong>terram</strong></span> <span class='ocrx_word' id='word_1_87' title='bbox 1809 1288 2061 1355; x_wconf 89' lang='lat' dir='ltr'><strong>deprime,</strong></span> 
     </span>
    </p>
   </div>
   <div class='ocr_carea' id='block_1_12' title="bbox 499 1379 2065 1452">
    <p class='ocr_par' dir='ltr' id='par_1_12' title="bbox 499 1379 2065 1452">
     <span class='ocr_line' id='line_1_12' title="bbox 499 1379 2065 1452; baseline -0.004 -16"><span class='ocrx_word' id='word_1_88' title='bbox 499 1394 656 1452; x_wconf 85' lang='lat' dir='ltr'><strong>atque</strong></span> <span class='ocrx_word' id='word_1_89' title='bbox 685 1384 755 1436; x_wconf 90' lang='lat' dir='ltr'><strong>illi</strong></span> <span class='ocrx_word' id='word_1_90' title='bbox 780 1384 941 1437; x_wconf 87' lang='lat' dir='ltr'><strong>dicito</strong></span> <span class='ocrx_word' id='word_1_91' title='bbox 970 1403 982 1438; x_wconf 91' lang='lat'><strong>:</strong></span> <span class='ocrx_word' id='word_1_92' title='bbox 1014 1381 1283 1435; x_wconf 85' lang='lat' dir='ltr'><strong>Descende</strong></span> <span class='ocrx_word' id='word_1_93' title='bbox 1313 1381 1378 1434; x_wconf 93' lang='lat' dir='ltr'><strong>de</strong></span> <span class='ocrx_word' id='word_1_94' title='bbox 1404 1381 1568 1444; x_wconf 55' lang='lat' dir='ltr'><strong>caelis,</strong></span> <span class='ocrx_word' id='word_1_95' title='bbox 1601 1395 1662 1433; x_wconf 89' lang='lat' dir='ltr'><strong>ac</strong></span> <span class='ocrx_word' id='word_1_96' title='bbox 1693 1380 1816 1432; x_wconf 91' lang='lat' dir='ltr'><strong>mihi</strong></span> <span class='ocrx_word' id='word_1_97' title='bbox 1846 1379 2065 1431; x_wconf 90' lang='lat' dir='ltr'><strong>demon-</strong></span> 
     </span>
    </p>
   </div>
   <div class='ocr_carea' id='block_1_13' title="bbox 497 1467 2064 1541">
    <p class='ocr_par' dir='ltr' id='par_1_13' title="bbox 497 1467 2064 1541">
     <span class='ocr_line' id='line_1_13' title="bbox 497 1467 2064 1541; baseline -0.003 -16"><span class='ocrx_word' id='word_1_98' title='bbox 497 1485 605 1526; x_wconf 88' lang='lat' dir='ltr'><strong>stra</strong></span> <span class='ocrx_word' id='word_1_99' title='bbox 627 1515 640 1538; x_wconf 91' lang='lat'><strong>,</strong></span> <span class='ocrx_word' id='word_1_100' title='bbox 668 1471 933 1541; x_wconf 87' lang='lat' dir='ltr'><strong>quomodo</strong></span> <span class='ocrx_word' id='word_1_101' title='bbox 963 1486 1028 1525; x_wconf 79' lang='lat' dir='ltr'><strong>ex</strong></span> <span class='ocrx_word' id='word_1_102' title='bbox 1053 1472 1256 1540; x_wconf 87' lang='lat' dir='ltr'><strong>virgine</strong></span> <span class='ocrx_word' id='word_1_103' title='bbox 1296 1471 1364 1524; x_wconf 91' lang='lat' dir='ltr'><strong>sit</strong></span> <span class='ocrx_word' id='word_1_104' title='bbox 1402 1480 1580 1535; x_wconf 88' lang='lat' dir='ltr'><strong>natus,</strong></span> <span class='ocrx_word' id='word_1_105' title='bbox 1613 1477 1827 1535; x_wconf 89' lang='lat' dir='ltr'><strong>tumque</strong></span> <span class='ocrx_word' id='word_1_106' title='bbox 1864 1467 1950 1520; x_wconf 89' lang='lat' dir='ltr'><strong>illa</strong></span> <span class='ocrx_word' id='word_1_107' title='bbox 1978 1480 2064 1520; x_wconf 89' lang='lat' dir='ltr'><strong>me</strong></span> 
     </span>
    </p>
   </div>
   <div class='ocr_carea' id='block_1_14' title="bbox 497 1556 2063 1631">
    <p class='ocr_par' dir='ltr' id='par_1_14' title="bbox 497 1556 2063 1631">
     <span class='ocr_line' id='line_1_14' title="bbox 497 1556 2063 1631; baseline -0.002 -18"><span class='ocrx_word' id='word_1_108' title='bbox 497 1577 641 1631; x_wconf 91' lang='lat' dir='ltr'><strong>roga.</strong></span> <span class='ocrx_word' id='word_1_109' title='bbox 667 1562 857 1617; x_wconf 83' lang='lat' dir='ltr'><strong>Retine</strong></span> <span class='ocrx_word' id='word_1_110' title='bbox 886 1562 1054 1624; x_wconf 92' lang='lat' dir='ltr'><strong>illum,</strong></span> <span class='ocrx_word' id='word_1_111' title='bbox 1086 1569 1143 1615; x_wconf 87' lang='lat' dir='ltr'><strong>ct</strong></span> <span class='ocrx_word' id='word_1_112' title='bbox 1167 1561 1441 1615; x_wconf 89' lang='lat' dir='ltr'><strong>obsessum</strong></span> <span class='ocrx_word' id='word_1_113' title='bbox 1472 1575 1621 1628; x_wconf 89' lang='lat' dir='ltr'><strong>urge,</strong></span> <span class='ocrx_word' id='word_1_114' title='bbox 1650 1571 1824 1626; x_wconf 90' lang='lat' dir='ltr'><strong>neque</strong></span> <span class='ocrx_word' id='word_1_115' title='bbox 1859 1556 2063 1610; x_wconf 87' lang='lat' dir='ltr'><strong>resilire</strong></span> 
     </span>
    </p>
   </div>
   <div class='ocr_carea' id='block_1_15' title="bbox 496 1645 2061 1722">
    <p class='ocr_par' dir='ltr' id='par_1_15' title="bbox 496 1645 2061 1722">
     <span class='ocr_line' id='line_1_15' title="bbox 496 1645 2061 1722; baseline -0.006 -17"><span class='ocrx_word' id='word_1_116' title='bbox 496 1652 656 1706; x_wconf 87' lang='lat' dir='ltr'><strong>sinito</strong></span> <span class='ocrx_word' id='word_1_117' title='bbox 685 1661 774 1705; x_wconf 88' lang='lat' dir='ltr'><strong>aut</strong></span> <span class='ocrx_word' id='word_1_118' title='bbox 815 1651 865 1705; x_wconf 91' lang='lat' dir='ltr'><strong>in</strong></span> <span class='ocrx_word' id='word_1_119' title='bbox 898 1650 1254 1722; x_wconf 84' lang='lat' dir='ltr'><strong>labyrinthum</strong></span> <span class='ocrx_word' id='word_1_120' title='bbox 1286 1649 1744 1702; x_wconf 84' lang='lat' dir='ltr'><strong>ratiocinationum</strong></span> <span class='ocrx_word' id='word_1_121' title='bbox 1788 1661 1846 1699; x_wconf 92' lang='lat' dir='ltr'><strong>se</strong></span> <span class='ocrx_word' id='word_1_122' title='bbox 1890 1645 2061 1712; x_wconf 84' lang='lat' dir='ltr'><strong>prori-</strong></span> 
     </span>
    </p>
   </div>
   <div class='ocr_carea' id='block_1_16' title="bbox 498 1734 2062 1809">
    <p class='ocr_par' dir='ltr' id='par_1_16' title="bbox 498 1734 2062 1809">
     <span class='ocr_line' id='line_1_16' title="bbox 498 1734 2062 1809; baseline -0.005 -15"><span class='ocrx_word' id='word_1_123' title='bbox 498 1755 625 1808; x_wconf 89' lang='lat' dir='ltr'><strong>pere</strong></span> <span class='ocrx_word' id='word_1_124' title='bbox 653 1757 665 1792; x_wconf 78' lang='grc' dir='ltr'>ε</span> <span class='ocrx_word' id='word_1_125' title='bbox 691 1755 873 1794; x_wconf 90' lang='lat' dir='ltr'><strong>verum</strong></span> <span class='ocrx_word' id='word_1_126' title='bbox 900 1741 1089 1803; x_wconf 87' lang='lat' dir='ltr'><strong>retine,</strong></span> <span class='ocrx_word' id='word_1_127' title='bbox 1107 1752 1160 1796; x_wconf 89' lang='lat' dir='ltr'><strong>et</strong></span> <span class='ocrx_word' id='word_1_128' title='bbox 1179 1741 1466 1809; x_wconf 87' lang='lat' dir='ltr'><strong>strangula,</strong></span> <span class='ocrx_word' id='word_1_129' title='bbox 1491 1751 1594 1790; x_wconf 91' lang='lat' dir='ltr'><strong>non</strong></span> <span class='ocrx_word' id='word_1_130' title='bbox 1619 1750 1797 1800; x_wconf 92' lang='lat' dir='ltr'><strong>manu,</strong></span> <span class='ocrx_word' id='word_1_131' title='bbox 1825 1734 1915 1788; x_wconf 90' lang='lat' dir='ltr'><strong>sed</strong></span> <span class='ocrx_word' id='word_1_132' title='bbox 1943 1747 2062 1787; x_wconf 84' lang='lat' dir='ltr'><strong>ora-</strong></span> 
     </span>
    </p>
   </div>
   <div class='ocr_carea' id='block_1_17' title="bbox 498 1824 2061 1896">
    <p class='ocr_par' dir='ltr' id='par_1_17' title="bbox 498 1824 2061 1896">
     <span class='ocr_line' id='line_1_17' title="bbox 498 1824 2061 1896; baseline -0.004 -13"><span class='ocrx_word' id='word_1_133' title='bbox 498 1833 671 1896; x_wconf 90' lang='lat' dir='ltr'><strong>tione;</strong></span> <span class='ocrx_word' id='word_1_134' title='bbox 704 1847 771 1885; x_wconf 87' lang='lat' dir='ltr'><strong>ne</strong></span> <span class='ocrx_word' id='word_1_135' title='bbox 798 1829 1163 1882; x_wconf 91' lang='lat' dir='ltr'><strong>distinctiones</strong></span> <span class='ocrx_word' id='word_1_136' title='bbox 1207 1828 1279 1881; x_wconf 89' lang='lat' dir='ltr'><strong>illi</strong></span> <span class='ocrx_word' id='word_1_137' title='bbox 1309 1838 1360 1880; x_wconf 90' lang='lat' dir='ltr'><strong>et</strong></span> <span class='ocrx_word' id='word_1_138' title='bbox 1398 1826 1586 1894; x_wconf 83' lang='lat' dir='ltr'><strong>eﬁugia</strong></span> <span class='ocrx_word' id='word_1_139' title='bbox 1624 1824 1917 1888; x_wconf 88' lang='lat' dir='ltr'><strong>concedas,</strong></span> <span class='ocrx_word' id='word_1_140' title='bbox 1945 1838 2061 1891; x_wconf 72' lang='lat' dir='ltr'><strong>qua:</strong></span> 
     </span>
    </p>
   </div>
   <div class='ocr_carea' id='block_1_18' title="bbox 494 1913 2062 1988">
    <p class='ocr_par' dir='ltr' id='par_1_18' title="bbox 494 1913 2062 1988">
     <span class='ocr_line' id='line_1_18' title="bbox 494 1913 2062 1988; baseline -0.006 -15"><span class='ocrx_word' id='word_1_141' title='bbox 494 1921 660 1988; x_wconf 87' lang='lat' dir='ltr'><strong>cupit.</strong></span> <span class='ocrx_word' id='word_1_142' title='bbox 690 1919 822 1973; x_wconf 83' lang='lat' dir='ltr'><strong>Hinc</strong></span> <span class='ocrx_word' id='word_1_143' title='bbox 850 1921 907 1971; x_wconf 83' lang='lat' dir='ltr'><strong>ﬁt</strong></span> <span class='ocrx_word' id='word_1_144' title='bbox 931 1927 986 1972; x_wconf 91' lang='lat' dir='ltr'><strong>ut</strong></span> <span class='ocrx_word' id='word_1_145' title='bbox 1011 1933 1102 1972; x_wconf 88' lang='lat' dir='ltr'><strong>eos</strong></span> <span class='ocrx_word' id='word_1_146' title='bbox 1126 1917 1433 1987; x_wconf 84' lang='lat' dir='ltr'><strong>perturbent</strong></span> <span class='ocrx_word' id='word_1_147' title='bbox 1462 1928 1515 1970; x_wconf 91' lang='lat' dir='ltr'><strong>et</strong></span> <span class='ocrx_word' id='word_1_148' title='bbox 1534 1922 1919 1978; x_wconf 84' lang='lat' dir='ltr'><strong>commoveant,</strong></span> <span class='ocrx_word' id='word_1_149' title='bbox 1948 1913 2062 1981; x_wconf 83' lang='lat' dir='ltr'><strong>qui-</strong></span> 
     </span>
    </p>
   </div>
   <div class='ocr_carea' id='block_1_19' title="bbox 496 2007 2061 2078">
    <p class='ocr_par' dir='ltr' id='par_1_19' title="bbox 496 2007 2061 2078">
     <span class='ocr_line' id='line_1_19' title="bbox 496 2007 2061 2078; baseline -0.005 -14"><span class='ocrx_word' id='word_1_150' title='bbox 496 2012 714 2064; x_wconf 90' lang='lat' dir='ltr'><strong>buscum</strong></span> <span class='ocrx_word' id='word_1_151' title='bbox 745 2010 1034 2078; x_wconf 81' lang='lat' dir='ltr'><strong>disputant,</strong></span> <span class='ocrx_word' id='word_1_152' title='bbox 1066 2007 1202 2076; x_wconf 92' lang='lat' dir='ltr'><strong>quod</strong></span> <span class='ocrx_word' id='word_1_153' title='bbox 1235 2022 1330 2060; x_wconf 90' lang='lat' dir='ltr'><strong>nos</strong></span> <span class='ocrx_word' id='word_1_154' title='bbox 1356 2007 1460 2060; x_wconf 90' lang='lat' dir='ltr'><strong>illis</strong></span> <span class='ocrx_word' id='word_1_155' title='bbox 1488 2008 1859 2075; x_wconf 70' lang='lat' dir='ltr'><strong>obsequantur,</strong></span> <span class='ocrx_word' id='word_1_156' title='bbox 1891 2016 2061 2071; x_wconf 90' lang='lat' dir='ltr'><strong>neque</strong></span> 
     </span>
    </p>
   </div>
   <div class='ocr_carea' id='block_1_20' title="bbox 494 2092 2063 2168">
    <p class='ocr_par' dir='ltr' id='par_1_20' title="bbox 494 2092 2063 2168">
     <span class='ocr_line' id='line_1_20' title="bbox 494 2092 2063 2168; baseline -0.006 -15"><span class='ocrx_word' id='word_1_157' title='bbox 494 2117 586 2155; x_wconf 92' lang='lat' dir='ltr'><strong>eos</strong></span> <span class='ocrx_word' id='word_1_158' title='bbox 609 2101 673 2155; x_wconf 91' lang='lat' dir='ltr'><strong>ad</strong></span> <span class='ocrx_word' id='word_1_159' title='bbox 703 2116 972 2155; x_wconf 88' lang='lat' dir='ltr'><strong>sacrarum</strong></span> <span class='ocrx_word' id='word_1_160' title='bbox 994 2099 1387 2168; x_wconf 87' lang='lat' dir='ltr'><strong>Scripturarum</strong></span> <span class='ocrx_word' id='word_1_161' title='bbox 1416 2097 1555 2165; x_wconf 86' lang='lat' dir='ltr'><strong>leges</strong></span> <span class='ocrx_word' id='word_1_162' title='bbox 1581 2095 1870 2163; x_wconf 88' lang='lat' dir='ltr'><strong>adigamus.</strong></span> <span class='ocrx_word' id='word_1_163' title='bbox 1897 2092 2063 2147; x_wconf 89' lang='lat' dir='ltr'><strong>Undi-</strong></span> 
     </span>
    </p>
   </div>
   <div class='ocr_carea' id='block_1_21' title="bbox 490 2183 2057 2260">
    <p class='ocr_par' dir='ltr' id='par_1_21' title="bbox 490 2183 2057 2260">
     <span class='ocr_line' id='line_1_21' title="bbox 490 2183 2057 2260; baseline -0.008 -15"><span class='ocrx_word' id='word_1_164' title='bbox 490 2206 594 2260; x_wconf 89' lang='lat' dir='ltr'><strong>que</strong></span> <span class='ocrx_word' id='word_1_165' title='bbox 640 2190 796 2260; x_wconf 79' lang='lat' dir='ltr'><strong>igitur</strong></span> <span class='ocrx_word' id='word_1_166' title='bbox 843 2190 918 2243; x_wconf 84' lang='lat' dir='ltr'><strong>illi</strong></span> <span class='ocrx_word' id='word_1_167' title='bbox 963 2203 1173 2243; x_wconf 91' lang='lat' dir='ltr'><strong>murum</strong></span> <span class='ocrx_word' id='word_1_168' title='bbox 1216 2203 1279 2241; x_wconf 86' lang='lat' dir='ltr'><strong>ex</strong></span> <span class='ocrx_word' id='word_1_169' title='bbox 1322 2186 1634 2240; x_wconf 89' lang='lat' dir='ltr'><strong>testimoniis</strong></span> <span class='ocrx_word' id='word_1_170' title='bbox 1668 2183 2057 2252; x_wconf 89' lang='lat' dir='ltr'><strong>Scripturarum</strong></span> 
     </span>
    </p>
   </div>
   <div class='ocr_carea' id='block_1_22' title="bbox 491 2270 2057 2348">
    <p class='ocr_par' dir='ltr' id='par_1_22' title="bbox 491 2270 2057 2348">
     <span class='ocr_line' id='line_1_22' title="bbox 491 2270 2057 2348; baseline -0.006 -17"><span class='ocrx_word' id='word_1_171' title='bbox 491 2294 733 2348; x_wconf 86' lang='lat' dir='ltr'><strong>oppone,</strong></span> <span class='ocrx_word' id='word_1_172' title='bbox 764 2293 825 2331; x_wconf 90' lang='lat' dir='ltr'><strong>ac</strong></span> <span class='ocrx_word' id='word_1_173' title='bbox 861 2293 927 2332; x_wconf 91' lang='lat' dir='ltr'><strong>ne</strong></span> <span class='ocrx_word' id='word_1_174' title='bbox 959 2278 1160 2331; x_wconf 89' lang='lat' dir='ltr'><strong>hiscere</strong></span> <span class='ocrx_word' id='word_1_175' title='bbox 1189 2275 1402 2346; x_wconf 86' lang='lat' dir='ltr'><strong>quidem</strong></span> <span class='ocrx_word' id='word_1_176' title='bbox 1437 2275 1646 2343; x_wconf 88' lang='lat' dir='ltr'><strong>poterit.</strong></span> <span class='ocrx_word' id='word_1_177' title='bbox 1681 2274 1771 2326; x_wconf 86' lang='lat' dir='ltr'><strong>Dic.</strong></span> <span class='ocrx_word' id='word_1_178' title='bbox 1803 2271 1912 2338; x_wconf 89' lang='lat' dir='ltr'><strong>illi,</strong></span> <span class='ocrx_word' id='word_1_179' title='bbox 1943 2270 2057 2337; x_wconf 88' lang='lat' dir='ltr'><strong>Quo</strong></span> 
     </span>
    </p>
   </div>
   <div class='ocr_carea' id='block_1_23' title="bbox 491 2367 2057 2439">
    <p class='ocr_par' dir='ltr' id='par_1_23' title="bbox 491 2367 2057 2439">
     <span class='ocr_line' id='line_1_23' title="bbox 491 2367 2057 2439; baseline -0.005 -16"><span class='ocrx_word' id='word_1_180' title='bbox 491 2381 646 2438; x_wconf 84' lang='lat' dir='ltr'><strong>pacto</strong></span> <span class='ocrx_word' id='word_1_181' title='bbox 688 2386 752 2424; x_wconf 86' lang='lat' dir='ltr'><strong>ex</strong></span> <span class='ocrx_word' id='word_1_182' title='bbox 800 2371 999 2439; x_wconf 81' lang='lat' dir='ltr'><strong>virgine</strong></span> <span class='ocrx_word' id='word_1_183' title='bbox 1043 2379 1196 2422; x_wconf 89' lang='lat' dir='ltr'><strong>natus</strong></span> <span class='ocrx_word' id='word_1_184' title='bbox 1234 2369 1356 2421; x_wconf 83' lang='lat' dir='ltr'><strong>est?</strong></span> <span class='ocrx_word' id='word_1_185' title='bbox 1405 2383 1510 2420; x_wconf 92' lang='lat' dir='ltr'><strong>non</strong></span> <span class='ocrx_word' id='word_1_186' title='bbox 1555 2367 1842 2430; x_wconf 88' lang='lat' dir='ltr'><strong>absistam,</strong></span> <span class='ocrx_word' id='word_1_187' title='bbox 1888 2377 2057 2432; x_wconf 91' lang='lat' dir='ltr'><strong>neque</strong></span> 
     </span>
    </p>
   </div>
   <div class='ocr_carea' id='block_1_24' title="bbox 491 2453 2056 2527">
    <p class='ocr_par' dir='ltr' id='par_1_24' title="bbox 491 2453 2056 2527">
     <span class='ocr_line' id='line_1_24' title="bbox 491 2453 2056 2527; baseline -0.005 -15"><span class='ocrx_word' id='word_1_188' title='bbox 491 2459 757 2513; x_wconf 88' lang='lat' dir='ltr'><strong>recedam.</strong></span> <span class='ocrx_word' id='word_1_189' title='bbox 804 2461 958 2527; x_wconf 91' lang='lat' dir='ltr'><strong>Atqui</strong></span> <span class='ocrx_word' id='word_1_190' title='bbox 1006 2460 1220 2512; x_wconf 90' lang='lat' dir='ltr'><strong>modum</strong></span> <span class='ocrx_word' id='word_1_191' title='bbox 1262 2457 1406 2510; x_wconf 67' lang='lat' dir='ltr'><strong>eil‘ari</strong></span> <span class='ocrx_word' id='word_1_192' title='bbox 1449 2472 1550 2510; x_wconf 93' lang='lat' dir='ltr'><strong>non</strong></span> <span class='ocrx_word' id='word_1_193' title='bbox 1595 2456 1809 2525; x_wconf 89' lang='lat' dir='ltr'><strong>poterit,</strong></span> <span class='ocrx_word' id='word_1_194' title='bbox 1853 2453 2056 2506; x_wconf 85' lang='lat' dir='ltr'><strong>tametsi</strong></span> 
     </span>
    </p>
   </div>
   <div class='ocr_carea' id='block_1_25' title="bbox 491 2545 2057 2618">
    <p class='ocr_par' dir='ltr' id='par_1_25' title="bbox 491 2545 2057 2618">
     <span class='ocr_line' id='line_1_25' title="bbox 491 2545 2057 2618; baseline -0.004 -16"><span class='ocrx_word' id='word_1_195' title='bbox 491 2550 636 2603; x_wconf 90' lang='lat' dir='ltr'><strong>omni</strong></span> <span class='ocrx_word' id='word_1_196' title='bbox 675 2565 772 2618; x_wconf 88' lang='lat' dir='ltr'><strong>ope</strong></span> <span class='ocrx_word' id='word_1_197' title='bbox 799 2560 1094 2617; x_wconf 84' lang='lat' dir='ltr'><strong>conataque</strong></span> <span class='ocrx_word' id='word_1_198' title='bbox 1122 2548 1423 2602; x_wconf 89' lang='lat' dir='ltr'><strong>contendat.</strong></span> <span class='ocrx_word' id='word_1_199' title='bbox 1450 2547 1582 2600; x_wconf 90' lang='lat' dir='ltr'><strong>Cum</strong></span> <span class='ocrx_word' id='word_1_200' title='bbox 1611 2547 1750 2598; x_wconf 88' lang='lat' dir='ltr'><strong>enim</strong></span> <span class='ocrx_word' id='word_1_201' title='bbox 1783 2545 1919 2596; x_wconf 88' lang='lat' dir='ltr'><strong>Deus</strong></span> <span class='ocrx_word' id='word_1_202' title='bbox 1961 2557 2057 2595; x_wconf 86' lang='lat' dir='ltr'><strong>oc-</strong></span> 
     </span>
    </p>
   </div>
   <div class='ocr_carea' id='block_1_26' title="bbox 490 2633 2058 2704">
    <p class='ocr_par' dir='ltr' id='par_1_26' title="bbox 490 2633 2058 2704">
     <span class='ocr_line' id='line_1_26' title="bbox 490 2633 2058 2704; baseline -0.004 -14"><span class='ocrx_word' id='word_1_203' title='bbox 490 2638 728 2702; x_wconf 80' lang='lat' dir='ltr'><strong>cluserit,</strong></span> <span class='ocrx_word' id='word_1_204' title='bbox 754 2638 873 2704; x_wconf 88' lang='lat' dir='ltr'><strong>quis</strong></span> <span class='ocrx_word' id='word_1_205' title='bbox 890 2637 996 2704; x_wconf 86' lang='lat' dir='ltr'><strong>jam</strong></span> <span class='ocrx_word' id='word_1_206' title='bbox 1023 2637 1321 2690; x_wconf 87' lang='lat' dir='ltr'><strong>reserabit?</strong></span> <span class='ocrx_word' id='word_1_207' title='bbox 1348 2635 1472 2688; x_wconf 89' lang='lat' dir='ltr'><strong>Sola</strong></span> <span class='ocrx_word' id='word_1_208' title='bbox 1498 2634 1599 2687; x_wconf 89' lang='lat' dir='ltr'><strong>lide</strong></span> <span class='ocrx_word' id='word_1_209' title='bbox 1622 2633 1816 2700; x_wconf 83' lang='lat' dir='ltr'><strong>percipi</strong></span> <span class='ocrx_word' id='word_1_210' title='bbox 1840 2639 2058 2700; x_wconf 88' lang='lat' dir='ltr'><strong>possunt</strong></span> 
     </span>
    </p>
   </div>
   <div class='ocr_carea' id='block_1_27' title="bbox 489 2720 2055 2793">
    <p class='ocr_par' dir='ltr' id='par_1_27' title="bbox 489 2720 2055 2793">
     <span class='ocr_line' id='line_1_27' title="bbox 489 2720 2055 2793; baseline -0.004 -15"><span class='ocrx_word' id='word_1_211' title='bbox 489 2728 636 2780; x_wconf 86' lang='lat' dir='ltr'><strong>talia.</strong></span> <span class='ocrx_word' id='word_1_212' title='bbox 666 2726 816 2793; x_wconf 85' lang='lat' dir='ltr'><strong>Quod</strong></span> <span class='ocrx_word' id='word_1_213' title='bbox 841 2727 884 2779; x_wconf 89' lang='lat' dir='ltr'><strong>si</strong></span> <span class='ocrx_word' id='word_1_214' title='bbox 916 2741 1020 2779; x_wconf 91' lang='lat' dir='ltr'><strong>non</strong></span> <span class='ocrx_word' id='word_1_215' title='bbox 1049 2726 1376 2792; x_wconf 87' lang='lat' dir='ltr'><strong>acquiescas,</strong></span> <span class='ocrx_word' id='word_1_216' title='bbox 1400 2723 1491 2777; x_wconf 88' lang='lat' dir='ltr'><strong>sed</strong></span> <span class='ocrx_word' id='word_1_217' title='bbox 1521 2723 1750 2775; x_wconf 83' lang='lat' dir='ltr'><strong>rationes</strong></span> <span class='ocrx_word' id='word_1_218' title='bbox 1774 2720 2055 2789; x_wconf 86' lang='lat' dir='ltr'><strong>disquiras,</strong></span> 
     </span>
    </p>
   </div>
   <div class='ocr_carea' id='block_1_28' title="bbox 489 2807 2054 2882">
    <p class='ocr_par' dir='ltr' id='par_1_28' title="bbox 489 2807 2054 2882">
     <span class='ocr_line' id='line_1_28' title="bbox 489 2807 2054 2882; baseline -0.006 -13"><span class='ocrx_word' id='word_1_219' title='bbox 489 2818 676 2870; x_wconf 89' lang='lat' dir='ltr'><strong>iisdem</strong></span> <span class='ocrx_word' id='word_1_220' title='bbox 718 2824 768 2869; x_wconf 90' lang='lat' dir='ltr'><strong>te</strong></span> <span class='ocrx_word' id='word_1_221' title='bbox 796 2815 998 2878; x_wconf 85' lang='lat' dir='ltr'><strong>verbis,</strong></span> <span class='ocrx_word' id='word_1_222' title='bbox 1040 2815 1230 2882; x_wconf 88' lang='lat' dir='ltr'><strong>quibus</strong></span> <span class='ocrx_word' id='word_1_223' title='bbox 1264 2812 1604 2867; x_wconf 88' lang='lat' dir='ltr'><strong>Nicodemum</strong></span> <span class='ocrx_word' id='word_1_224' title='bbox 1631 2810 1892 2876; x_wconf 89' lang='lat' dir='ltr'><strong>Christus,</strong></span> <span class='ocrx_word' id='word_1_225' title='bbox 1925 2807 2054 2860; x_wconf 79' lang='lat' dir='ltr'><strong>aﬂ’a-</strong></span> 
     </span>
    </p>
   </div>
   <div class='ocr_carea' id='block_1_29' title="bbox 489 2900 2058 2972">
    <p class='ocr_par' dir='ltr' id='par_1_29' title="bbox 489 2900 2058 2972">
     <span class='ocr_line' id='line_1_29' title="bbox 489 2900 2058 2972; baseline -0.005 -12"><span class='ocrx_word' id='word_1_226' title='bbox 489 2909 587 2960; x_wconf 90' lang='lat' dir='ltr'><strong>bor</strong></span> <span class='ocrx_word' id='word_1_227' title='bbox 611 2924 623 2956; x_wconf 84' lang='lat'><strong>:</strong></span> <span class='ocrx_word' id='word_1_228' title='bbox 658 2907 717 2960; x_wconf 91' lang='lat' dir='ltr'><strong>Si</strong></span> <span class='ocrx_word' id='word_1_229' title='bbox 745 2917 938 2959; x_wconf 85' lang='lat' dir='ltr'><strong>terrena</strong></span> <span class='ocrx_word' id='word_1_230' title='bbox 966 2905 1072 2958; x_wconf 76' lang='lat' dir='ltr'><strong>dixi</strong></span> <span class='ocrx_word' id='word_1_231' title='bbox 1103 2905 1235 2958; x_wconf 80' lang='lat' dir='ltr'><strong>vobis</strong></span> <span class='ocrx_word' id='word_1_232' title='bbox 1253 2945 1268 2971; x_wconf 91' lang='lat'><strong>,</strong></span> <span class='ocrx_word' id='word_1_233' title='bbox 1297 2915 1343 2958; x_wconf 88' lang='lat' dir='ltr'><strong>et</strong></span> <span class='ocrx_word' id='word_1_234' title='bbox 1373 2921 1471 2958; x_wconf 88' lang='lat' dir='ltr'><strong>non</strong></span> <span class='ocrx_word' id='word_1_235' title='bbox 1497 2905 1713 2966; x_wconf 78' lang='lat' dir='ltr'><strong>creditis,</strong></span> <span class='ocrx_word' id='word_1_236' title='bbox 1741 2903 1988 2972; x_wconf 87' lang='lat' dir='ltr'><strong>quomodo</strong></span> <span class='ocrx_word' id='word_1_237' title='bbox 2013 2900 2058 2954; x_wconf 87' lang='lat' dir='ltr'><strong>si</strong></span> 
     </span>
    </p>
   </div>
   <div class='ocr_carea' id='block_1_30' title="bbox 489 2992 2052 3062">
    <p class='ocr_par' dir='ltr' id='par_1_30' title="bbox 489 2992 2052 3062">
     <span class='ocr_line' id='line_1_30' title="bbox 489 2992 2052 3062; baseline -0.002 -16"><span class='ocrx_word' id='word_1_238' title='bbox 489 2996 664 3048; x_wconf 79' lang='lat' dir='ltr'><strong>dixero</strong></span> <span class='ocrx_word' id='word_1_239' title='bbox 691 2996 826 3048; x_wconf 81' lang='lat' dir='ltr'><strong>vobis</strong></span> <span class='ocrx_word' id='word_1_240' title='bbox 855 2995 1097 3057; x_wconf 74' lang='lat' dir='ltr'><strong>cmlestia,</strong></span> <span class='ocrx_word' id='word_1_241' title='bbox 1124 2995 1333 3048; x_wconf 83' lang='lat' dir='ltr'><strong>credetis</strong></span> <span class='ocrx_word' id='word_1_242' title='bbox 1362 2995 1534 3062; x_wconf 84' lang='lat' dir='ltr'><strong>(Joan.</strong></span> <span class='ocrx_word' id='word_1_243' title='bbox 1567 2995 1616 3048; x_wconf 80' lang='grc'><strong>5.</strong></span> <span class='ocrx_word' id='word_1_244' title='bbox 1651 2993 1787 3062; x_wconf 69' lang='grc'><strong>19.)2</strong></span> <span class='ocrx_word' id='word_1_245' title='bbox 1817 2993 1889 3045; x_wconf 91' lang='lat' dir='ltr'><strong>De</strong></span> <span class='ocrx_word' id='word_1_246' title='bbox 1915 2992 2052 3044; x_wconf 88' lang='lat' dir='ltr'><strong>nati-</strong></span> 
     </span>
    </p>
   </div>
   <div class='ocr_carea' id='block_1_31' title="bbox 488 3083 2055 3152">
    <p class='ocr_par' dir='ltr' id='par_1_31' title="bbox 488 3083 2055 3152">
     <span class='ocr_line' id='line_1_31' title="bbox 488 3083 2055 3152; baseline 0 -19"><span class='ocrx_word' id='word_1_247' title='bbox 488 3084 650 3136; x_wconf 80' lang='lat' dir='ltr'><strong>vitate</strong></span> <span class='ocrx_word' id='word_1_248' title='bbox 677 3084 784 3135; x_wconf 72' lang='lat' dir='ltr'><strong>dixi</strong></span> <span class='ocrx_word' id='word_1_249' title='bbox 813 3098 878 3136; x_wconf 81' lang='lat' dir='ltr'><strong>cx</strong></span> <span class='ocrx_word' id='word_1_250' title='bbox 903 3084 1126 3150; x_wconf 81' lang='lat' dir='ltr'><strong>virgine,</strong></span> <span class='ocrx_word' id='word_1_251' title='bbox 1153 3099 1322 3152; x_wconf 90' lang='lat' dir='ltr'><strong>neque</strong></span> <span class='ocrx_word' id='word_1_252' title='bbox 1353 3083 1511 3148; x_wconf 91' lang='lat' dir='ltr'><strong>nosti,</strong></span> <span class='ocrx_word' id='word_1_253' title='bbox 1534 3097 1699 3150; x_wconf 88' lang='lat' dir='ltr'><strong>neque</strong></span> <span class='ocrx_word' id='word_1_254' title='bbox 1727 3083 1931 3136; x_wconf 84' lang='lat' dir='ltr'><strong>hiscere</strong></span> <span class='ocrx_word' id='word_1_255' title='bbox 1958 3096 2055 3133; x_wconf 80' lang='lat' dir='ltr'><strong>au-</strong></span> 
     </span>
    </p>
   </div>
   <div class='ocr_carea' id='block_1_32' title="bbox 487 3171 2053 3239">
    <p class='ocr_par' dir='ltr' id='par_1_32' title="bbox 487 3171 2053 3239">
     <span class='ocr_line' id='line_1_32' title="bbox 487 3171 2053 3239; baseline -0.004 -13"><span class='ocrx_word' id='word_1_256' title='bbox 487 3175 618 3238; x_wconf 90' lang='lat' dir='ltr'><strong>des,</strong></span> <span class='ocrx_word' id='word_1_257' title='bbox 663 3182 715 3226; x_wconf 86' lang='lat' dir='ltr'><strong>et</strong></span> <span class='ocrx_word' id='word_1_258' title='bbox 754 3174 940 3226; x_wconf 71' lang='lat' dir='ltr'><strong>czelum</strong></span> <span class='ocrx_word' id='word_1_259' title='bbox 970 3175 1178 3226; x_wconf 90' lang='lat' dir='ltr'><strong>curiose</strong></span> <span class='ocrx_word' id='word_1_260' title='bbox 1222 3173 1517 3226; x_wconf 87' lang='lat' dir='ltr'><strong>scrutaris?</strong></span> <span class='ocrx_word' id='word_1_261' title='bbox 1558 3174 1732 3239; x_wconf 84' lang='lat' dir='ltr'><strong>Atque</strong></span> <span class='ocrx_word' id='word_1_262' title='bbox 1776 3171 1972 3222; x_wconf 87' lang='lat' dir='ltr'><strong>utinam</strong></span> <span class='ocrx_word' id='word_1_263' title='bbox 2003 3171 2053 3221; x_wconf 92' lang='lat' dir='ltr'><strong>in</strong></span> 
     </span>
    </p>
   </div>
   <div class='ocr_carea' id='block_1_33' title="bbox 487 3261 2052 3329">
    <p class='ocr_par' dir='ltr' id='par_1_33' title="bbox 487 3261 2052 3329">
     <span class='ocr_line' id='line_1_33' title="bbox 487 3261 2052 3329; baseline -0.001 -14"><span class='ocrx_word' id='word_1_264' title='bbox 487 3263 675 3315; x_wconf 75' lang='lat' dir='ltr'><strong>cadum</strong></span> <span class='ocrx_word' id='word_1_265' title='bbox 699 3303 714 3326; x_wconf 93' lang='lat'><strong>,</strong></span> <span class='ocrx_word' id='word_1_266' title='bbox 741 3272 794 3316; x_wconf 90' lang='lat' dir='ltr'><strong>et</strong></span> <span class='ocrx_word' id='word_1_267' title='bbox 821 3279 925 3316; x_wconf 92' lang='lat' dir='ltr'><strong>non</strong></span> <span class='ocrx_word' id='word_1_268' title='bbox 957 3265 1006 3316; x_wconf 90' lang='lat' dir='ltr'><strong>in</strong></span> <span class='ocrx_word' id='word_1_269' title='bbox 1048 3264 1322 3316; x_wconf 91' lang='lat' dir='ltr'><strong>Dominum</strong></span> <span class='ocrx_word' id='word_1_270' title='bbox 1350 3262 1464 3316; x_wconf 62' lang='lat' dir='ltr'><strong>caeli</strong></span> <span class='ocrx_word' id='word_1_271' title='bbox 1505 3264 1711 3315; x_wconf 87' lang='lat' dir='ltr'><strong>curiose</strong></span> <span class='ocrx_word' id='word_1_272' title='bbox 1741 3261 2052 3329; x_wconf 86' lang='lat' dir='ltr'><strong>inquirercs.</strong></span> 
     </span>
    </p>
   </div>
   <div class='ocr_carea' id='block_1_34' title="bbox 490 3349 2058 3417">
    <p class='ocr_par' dir='ltr' id='par_1_34' title="bbox 490 3349 2058 3417">
     <span class='ocr_line' id='line_1_34' title="bbox 490 3349 2058 3417; baseline -0.004 -10"><span class='ocrx_word' id='word_1_273' title='bbox 490 3353 551 3407; x_wconf 90' lang='lat' dir='ltr'><strong>Si</strong></span> <span class='ocrx_word' id='word_1_274' title='bbox 578 3363 770 3406; x_wconf 83' lang='lat' dir='ltr'><strong>terrena</strong></span> <span class='ocrx_word' id='word_1_275' title='bbox 799 3353 906 3405; x_wconf 75' lang='lat' dir='ltr'><strong>dixi</strong></span> <span class='ocrx_word' id='word_1_276' title='bbox 948 3353 1114 3417; x_wconf 83' lang='lat' dir='ltr'><strong>vobis,</strong></span> <span class='ocrx_word' id='word_1_277' title='bbox 1152 3361 1196 3404; x_wconf 84' lang='lat' dir='ltr'><strong>et</strong></span> <span class='ocrx_word' id='word_1_278' title='bbox 1234 3369 1335 3403; x_wconf 87' lang='lat' dir='ltr'><strong>non</strong></span> <span class='ocrx_word' id='word_1_279' title='bbox 1365 3351 1586 3405; x_wconf 79' lang='lat' dir='ltr'><strong>creditis.</strong></span> <span class='ocrx_word' id='word_1_280' title='bbox 1634 3350 1748 3404; x_wconf 89' lang='lat' dir='ltr'><strong>Non</strong></span> <span class='ocrx_word' id='word_1_281' title='bbox 1779 3349 1948 3414; x_wconf 81' lang='lat' dir='ltr'><strong>dixit,</strong></span> <span class='ocrx_word' id='word_1_282' title='bbox 1994 3349 2058 3403; x_wconf 84' lang='lat' dir='ltr'><strong>Et</strong></span> 
     </span>
    </p>
   </div>
   <div class='ocr_carea' id='block_1_35' title="bbox 489 3438 2054 3509">
    <p class='ocr_par' dir='ltr' id='par_1_35' title="bbox 489 3438 2054 3509">
     <span class='ocr_line' id='line_1_35' title="bbox 489 3438 2054 3509; baseline -0.002 -15"><span class='ocrx_word' id='word_1_283' title='bbox 489 3457 592 3494; x_wconf 93' lang='lat' dir='ltr'><strong>non</strong></span> <span class='ocrx_word' id='word_1_284' title='bbox 624 3439 1013 3509; x_wconf 88' lang='lat' dir='ltr'><strong>persnademini</strong></span> <span class='ocrx_word' id='word_1_285' title='bbox 1037 3483 1051 3506; x_wconf 92' lang='lat'><strong>,</strong></span> <span class='ocrx_word' id='word_1_286' title='bbox 1089 3441 1182 3494; x_wconf 91' lang='lat' dir='ltr'><strong>sed</strong></span> <span class='ocrx_word' id='word_1_287' title='bbox 1202 3480 1217 3505; x_wconf 92' lang='lat'><strong>,</strong></span> <span class='ocrx_word' id='word_1_288' title='bbox 1253 3441 1372 3493; x_wconf 87' lang='lat' dir='ltr'><strong>Non</strong></span> <span class='ocrx_word' id='word_1_289' title='bbox 1397 3441 1595 3492; x_wconf 85' lang='lat' dir='ltr'><strong>creditis</strong></span> <span class='ocrx_word' id='word_1_290' title='bbox 1615 3480 1628 3501; x_wconf 94' lang='lat'><strong>,</strong></span> <span class='ocrx_word' id='word_1_291' title='bbox 1657 3455 1760 3508; x_wconf 90' lang='lat' dir='ltr'><strong>quo</strong></span> <span class='ocrx_word' id='word_1_292' title='bbox 1788 3439 1952 3493; x_wconf 85' lang='lat' dir='ltr'><strong>verbo</strong></span> <span class='ocrx_word' id='word_1_293' title='bbox 1981 3438 2054 3492; x_wconf 87' lang='lat' dir='ltr'><strong>si-</strong></span> 
     </span>
    </p>
   </div>
   <div class='ocr_carea' id='block_1_36' title="bbox 487 3529 2054 3599">
    <p class='ocr_par' dir='ltr' id='par_1_36' title="bbox 487 3529 2054 3599">
     <span class='ocr_line' id='line_1_36' title="bbox 487 3529 2054 3599; baseline -0.001 -19"><span class='ocrx_word' id='word_1_294' title='bbox 487 3529 699 3596; x_wconf 84' lang='lat' dir='ltr'><strong>gniﬁcat</strong></span> <span class='ocrx_word' id='word_1_295' title='bbox 729 3538 936 3582; x_wconf 85' lang='lat' dir='ltr'><strong>terrena</strong></span> <span class='ocrx_word' id='word_1_296' title='bbox 965 3531 1124 3583; x_wconf 85' lang='lat' dir='ltr'><strong>etiam</strong></span> <span class='ocrx_word' id='word_1_297' title='bbox 1161 3531 1263 3584; x_wconf 85' lang='lat' dir='ltr'><strong>ﬁde</strong></span> <span class='ocrx_word' id='word_1_298' title='bbox 1300 3529 1552 3599; x_wconf 81' lang='lat' dir='ltr'><strong>indigere.</strong></span> <span class='ocrx_word' id='word_1_299' title='bbox 1596 3529 1744 3593; x_wconf 85' lang='lat' dir='ltr'><strong>Quod</strong></span> <span class='ocrx_word' id='word_1_300' title='bbox 1775 3529 1816 3581; x_wconf 90' lang='lat' dir='ltr'><strong>si</strong></span> <span class='ocrx_word' id='word_1_301' title='bbox 1847 3540 2054 3582; x_wconf 87' lang='lat' dir='ltr'><strong>terrena</strong></span> 
     </span>
    </p>
   </div>
   <div class='ocr_carea' id='block_1_37' title="bbox 489 3618 2054 3687">
    <p class='ocr_par' dir='ltr' id='par_1_37' title="bbox 489 3618 2054 3687">
     <span class='ocr_line' id='line_1_37' title="bbox 489 3618 2054 3687; baseline -0.003 -15"><span class='ocrx_word' id='word_1_302' title='bbox 489 3618 855 3687; x_wconf 75' lang='lat' dir='ltr'><strong>ﬁde‘indigent</strong></span> <span class='ocrx_word' id='word_1_303' title='bbox 877 3658 892 3682; x_wconf 93' lang='lat'><strong>,</strong></span> <span class='ocrx_word' id='word_1_304' title='bbox 925 3621 1092 3672; x_wconf 92' lang='lat' dir='ltr'><strong>multo</strong></span> <span class='ocrx_word' id='word_1_305' title='bbox 1119 3621 1283 3686; x_wconf 89' lang='lat' dir='ltr'><strong>magis</strong></span> <span class='ocrx_word' id='word_1_306' title='bbox 1307 3619 1558 3672; x_wconf 76' lang='lat' dir='ltr'><strong>caelestia.</strong></span> <span class='ocrx_word' id='word_1_307' title='bbox 1586 3618 1910 3684; x_wconf 84' lang='lat' dir='ltr'><strong>Quamquam</strong></span> <span class='ocrx_word' id='word_1_308' title='bbox 1944 3625 2054 3669; x_wconf 91' lang='lat' dir='ltr'><strong>tum</strong></span> 
     </span>
    </p>
   </div>
   <div class='ocr_carea' id='block_1_38' title="bbox 487 3706 2053 3777">
    <p class='ocr_par' dir='ltr' id='par_1_38' title="bbox 487 3706 2053 3777">
     <span class='ocr_line' id='line_1_38' title="bbox 487 3706 2053 3777; baseline -0.004 -14"><span class='ocrx_word' id='word_1_309' title='bbox 487 3709 776 3764; x_wconf 83' lang='lat' dir='ltr'><strong>Nicodemo</strong></span> <span class='ocrx_word' id='word_1_310' title='bbox 801 3710 867 3762; x_wconf 93' lang='lat' dir='ltr'><strong>de</strong></span> <span class='ocrx_word' id='word_1_311' title='bbox 897 3718 1048 3777; x_wconf 87' lang='lat' dir='ltr'><strong>partu</strong></span> <span class='ocrx_word' id='word_1_312' title='bbox 1077 3709 1242 3762; x_wconf 92' lang='lat' dir='ltr'><strong>multo</strong></span> <span class='ocrx_word' id='word_1_313' title='bbox 1285 3708 1477 3764; x_wconf 87' lang='lat' dir='ltr'><strong>minori</strong></span> <span class='ocrx_word' id='word_1_314' title='bbox 1508 3707 1815 3776; x_wconf 85' lang='lat' dir='ltr'><strong>loquebatur</strong></span> <span class='ocrx_word' id='word_1_315' title='bbox 1848 3723 1860 3757; x_wconf 90' lang='lat'><strong>:</strong></span> <span class='ocrx_word' id='word_1_316' title='bbox 1889 3706 2053 3774; x_wconf 82' lang='lat' dir='ltr'><strong>siqui-</strong></span> 
     </span>
    </p>
   </div>
   <div class='ocr_carea' id='block_1_39' title="bbox 489 3799 2058 3870">
    <p class='ocr_par' dir='ltr' id='par_1_39' title="bbox 489 3799 2058 3870">
     <span class='ocr_line' id='line_1_39' title="bbox 489 3799 2058 3870; baseline -0.004 -14"><span class='ocrx_word' id='word_1_317' title='bbox 489 3801 610 3856; x_wconf 90' lang='lat' dir='ltr'><strong>dem</strong></span> <span class='ocrx_word' id='word_1_318' title='bbox 638 3801 705 3855; x_wconf 90' lang='lat' dir='ltr'><strong>de</strong></span> <span class='ocrx_word' id='word_1_319' title='bbox 733 3801 994 3870; x_wconf 88' lang='lat' dir='ltr'><strong>baptismo</strong></span> <span class='ocrx_word' id='word_1_320' title='bbox 1020 3815 1196 3856; x_wconf 90' lang='lat' dir='ltr'><strong>sermo</strong></span> <span class='ocrx_word' id='word_1_321' title='bbox 1224 3809 1358 3865; x_wconf 89' lang='lat' dir='ltr'><strong>erat,</strong></span> <span class='ocrx_word' id='word_1_322' title='bbox 1386 3809 1438 3853; x_wconf 91' lang='lat' dir='ltr'><strong>ct</strong></span> <span class='ocrx_word' id='word_1_323' title='bbox 1463 3800 1530 3853; x_wconf 91' lang='lat' dir='ltr'><strong>de</strong></span> <span class='ocrx_word' id='word_1_324' title='bbox 1556 3799 1812 3867; x_wconf 88' lang='lat' dir='ltr'><strong>spirituali</strong></span> <span class='ocrx_word' id='word_1_325' title='bbox 1839 3812 2058 3866; x_wconf 84' lang='lat' dir='ltr'><strong>regene-</strong></span> 
     </span>
    </p>
   </div>
   <div class='ocr_carea' id='block_1_40' title="bbox 489 3889 2057 3962">
    <p class='ocr_par' dir='ltr' id='par_1_40' title="bbox 489 3889 2057 3962">
     <span class='ocr_line' id='line_1_40' title="bbox 489 3889 2057 3962; baseline -0.004 -16"><span class='ocrx_word' id='word_1_326' title='bbox 489 3893 698 3946; x_wconf 87' lang='lat' dir='ltr'><strong>ratione</strong></span> <span class='ocrx_word' id='word_1_327' title='bbox 727 3909 738 3944; x_wconf 92' lang='lat'><strong><em>:</em></strong></span> <span class='ocrx_word' id='word_1_328' title='bbox 768 3894 862 3947; x_wconf 83' lang='lat' dir='ltr'><strong>sed</strong></span> <span class='ocrx_word' id='word_1_329' title='bbox 889 3893 1002 3946; x_wconf 68' lang='lat' dir='ltr'><strong>haec</strong></span> <span class='ocrx_word' id='word_1_330' title='bbox 1027 3909 1236 3962; x_wconf 87' lang='lat' dir='ltr'><strong>quoque</strong></span> <span class='ocrx_word' id='word_1_331' title='bbox 1267 3892 1366 3946; x_wconf 86' lang='lat' dir='ltr'><strong>lide</strong></span> <span class='ocrx_word' id='word_1_332' title='bbox 1393 3890 1890 3960; x_wconf 87' lang='lat' dir='ltr'><strong>comprehendenda</strong></span> <span class='ocrx_word' id='word_1_333' title='bbox 1916 3889 2057 3942; x_wconf 84' lang='lat' dir='ltr'><strong>dice-</strong></span> 
     </span>
    </p>
   </div>
   <div class='ocr_carea' id='block_1_41' title="bbox 489 3981 2053 4050">
    <p class='ocr_par' dir='ltr' id='par_1_41' title="bbox 489 3981 2053 4050">
     <span class='ocr_line' id='line_1_41' title="bbox 489 3981 2053 4050; baseline -0.003 -14"><span class='ocrx_word' id='word_1_334' title='bbox 489 3983 597 4036; x_wconf 89' lang='lat' dir='ltr'><strong>bat.</strong></span> <span class='ocrx_word' id='word_1_335' title='bbox 638 3982 901 4036; x_wconf 74' lang='lat' dir='ltr'><strong>Cteterum</strong></span> <span class='ocrx_word' id='word_1_336' title='bbox 934 3993 1139 4036; x_wconf 85' lang='lat' dir='ltr'><strong>terrena</strong></span> <span class='ocrx_word' id='word_1_337' title='bbox 1171 3984 1260 4036; x_wconf 90' lang='lat' dir='ltr'><strong>illa</strong></span> <span class='ocrx_word' id='word_1_338' title='bbox 1287 3984 1509 4046; x_wconf 86' lang='lat' dir='ltr'><strong>vocavit,</strong></span> <span class='ocrx_word' id='word_1_339' title='bbox 1540 3997 1643 4035; x_wconf 89' lang='lat' dir='ltr'><strong>non</strong></span> <span class='ocrx_word' id='word_1_340' title='bbox 1674 3981 1813 4050; x_wconf 89' lang='lat' dir='ltr'><strong>quod</strong></span> <span class='ocrx_word' id='word_1_341' title='bbox 1848 3989 2053 4033; x_wconf 90' lang='lat' dir='ltr'><strong>terrena</strong></span> 
     </span>
    </p>
   </div>
   <div class='ocr_carea' id='block_1_42' title="bbox 491 4071 2053 4141">
    <p class='ocr_par' dir='ltr' id='par_1_42' title="bbox 491 4071 2053 4141">
     <span class='ocr_line' id='line_1_42' title="bbox 491 4071 2053 4141; baseline -0.003 -15"><span class='ocrx_word' id='word_1_342' title='bbox 491 4073 617 4135; x_wconf 88' lang='lat' dir='ltr'><strong>sint,</strong></span> <span class='ocrx_word' id='word_1_343' title='bbox 649 4071 741 4126; x_wconf 90' lang='lat' dir='ltr'><strong>sed</strong></span> <span class='ocrx_word' id='word_1_344' title='bbox 780 4073 917 4141; x_wconf 91' lang='lat' dir='ltr'><strong>quod</strong></span> <span class='ocrx_word' id='word_1_345' title='bbox 948 4073 1285 4140; x_wconf 88' lang='lat' dir='ltr'><strong>perﬁciantur</strong></span> <span class='ocrx_word' id='word_1_346' title='bbox 1323 4073 1374 4126; x_wconf 90' lang='lat' dir='ltr'><strong>in</strong></span> <span class='ocrx_word' id='word_1_347' title='bbox 1403 4081 1558 4134; x_wconf 90' lang='lat' dir='ltr'><strong>terra,</strong></span> <span class='ocrx_word' id='word_1_348' title='bbox 1589 4071 1804 4140; x_wconf 88' lang='lat' dir='ltr'><strong>etquod</strong></span> <span class='ocrx_word' id='word_1_349' title='bbox 1834 4072 1876 4124; x_wconf 92' lang='lat' dir='ltr'><strong>si</strong></span> <span class='ocrx_word' id='word_1_350' title='bbox 1907 4086 2053 4123; x_wconf 90' lang='lat' dir='ltr'><strong>com-</strong></span> 
     </span>
    </p>
   </div>
   <div class='ocr_carea' id='block_1_43' title="bbox 494 4162 2056 4230">
    <p class='ocr_par' dir='ltr' id='par_1_43' title="bbox 494 4162 2056 4230">
     <span class='ocr_line' id='line_1_43' title="bbox 494 4162 2056 4230; baseline 0 -16"><span class='ocrx_word' id='word_1_351' title='bbox 494 4172 746 4230; x_wconf 81' lang='lat' dir='ltr'><strong>parentur</strong></span> <span class='ocrx_word' id='word_1_352' title='bbox 769 4178 887 4216; x_wconf 90' lang='lat' dir='ltr'><strong>cum</strong></span> <span class='ocrx_word' id='word_1_353' title='bbox 914 4177 1139 4230; x_wconf 88' lang='lat' dir='ltr'><strong>superna</strong></span> <span class='ocrx_word' id='word_1_354' title='bbox 1163 4163 1248 4215; x_wconf 91' lang='lat' dir='ltr'><strong>illa</strong></span> <span class='ocrx_word' id='word_1_355' title='bbox 1275 4172 1328 4216; x_wconf 91' lang='lat' dir='ltr'><strong>et</strong></span> <span class='ocrx_word' id='word_1_356' title='bbox 1354 4162 1599 4215; x_wconf 83' lang='lat' dir='ltr'><strong>ineﬂ&#39;abili</strong></span> <span class='ocrx_word' id='word_1_357' title='bbox 1624 4163 1910 4220; x_wconf 68' lang='lat' dir='ltr'><strong>nativitate,</strong></span> <span class='ocrx_word' id='word_1_358' title='bbox 1940 4176 2056 4229; x_wconf 74' lang='lat' dir='ltr'><strong>quae</strong></span> 
     </span>
    </p>
   </div>
   <div class='ocr_carea' id='block_1_44' title="bbox 493 4251 2056 4321">
    <p class='ocr_par' dir='ltr' id='par_1_44' title="bbox 493 4251 2056 4321">
     <span class='ocr_line' id='line_1_44' title="bbox 493 4251 2056 4321; baseline -0.004 -15"><span class='ocrx_word' id='word_1_359' title='bbox 493 4264 720 4307; x_wconf 87' lang='lat' dir='ltr'><strong>mentem</strong></span> <span class='ocrx_word' id='word_1_360' title='bbox 747 4267 956 4306; x_wconf 92' lang='lat' dir='ltr'><strong>omnem</strong></span> <span class='ocrx_word' id='word_1_361' title='bbox 987 4262 1288 4321; x_wconf 78' lang='lat' dir='ltr'><strong>exsuperat,</strong></span> <span class='ocrx_word' id='word_1_362' title='bbox 1320 4252 1434 4306; x_wconf 62' lang='lat' dir='ltr'><strong>haec</strong></span> <span class='ocrx_word' id='word_1_363' title='bbox 1464 4263 1671 4306; x_wconf 85' lang='lat' dir='ltr'><strong>terrena</strong></span> <span class='ocrx_word' id='word_1_364' title='bbox 1696 4253 1819 4304; x_wconf 93' lang='lat' dir='ltr'><strong>sint.</strong></span> <span class='ocrx_word' id='word_1_365' title='bbox 1847 4251 1898 4305; x_wconf 89' lang='lat' dir='ltr'><strong>Si</strong></span> <span class='ocrx_word' id='word_1_366' title='bbox 1930 4266 2056 4319; x_wconf 87' lang='lat' dir='ltr'><strong>ergo</strong></span> 
     </span>
    </p>
   </div>
   <div class='ocr_carea' id='block_1_45' title="bbox 496 4343 2055 4412">
    <p class='ocr_par' dir='ltr' id='par_1_45' title="bbox 496 4343 2055 4412">
     <span class='ocr_line' id='line_1_45' title="bbox 496 4343 2055 4412; baseline 0.001 -18"><span class='ocrx_word' id='word_1_367' title='bbox 496 4344 608 4396; x_wconf 84' lang='lat' dir='ltr'><strong>ﬁeri</strong></span> <span class='ocrx_word' id='word_1_368' title='bbox 647 4357 749 4395; x_wconf 88' lang='lat' dir='ltr'><strong>non</strong></span> <span class='ocrx_word' id='word_1_369' title='bbox 794 4351 1006 4410; x_wconf 88' lang='lat' dir='ltr'><strong>potest,</strong></span> <span class='ocrx_word' id='word_1_370' title='bbox 1056 4352 1112 4397; x_wconf 88' lang='lat' dir='ltr'><strong>ut</strong></span> <span class='ocrx_word' id='word_1_371' title='bbox 1155 4343 1316 4397; x_wconf 84' lang='lat' dir='ltr'><strong>sciam</strong></span> <span class='ocrx_word' id='word_1_372' title='bbox 1361 4359 1462 4412; x_wconf 90' lang='lat' dir='ltr'><strong>quo</strong></span> <span class='ocrx_word' id='word_1_373' title='bbox 1510 4351 1663 4410; x_wconf 88' lang='lat' dir='ltr'><strong>pacto</strong></span> <span class='ocrx_word' id='word_1_374' title='bbox 1704 4357 1948 4396; x_wconf 85' lang='lat' dir='ltr'><strong>reuascar</strong></span> <span class='ocrx_word' id='word_1_375' title='bbox 1989 4357 2055 4395; x_wconf 83' lang='lat' dir='ltr'><strong>ex</strong></span> 
     </span>
    </p>
   </div>
   <div class='ocr_carea' id='block_1_46' title="bbox 489 4429 2054 4501">
    <p class='ocr_par' dir='ltr' id='par_1_46' title="bbox 489 4429 2054 4501">
     <span class='ocr_line' id='line_1_46' title="bbox 489 4429 2054 4501; baseline 0 -18"><span class='ocrx_word' id='word_1_376' title='bbox 489 4432 663 4500; x_wconf 86' lang='lat' dir='ltr'><strong>aquis,</strong></span> <span class='ocrx_word' id='word_1_377' title='bbox 694 4429 787 4484; x_wconf 90' lang='lat' dir='ltr'><strong>sed</strong></span> <span class='ocrx_word' id='word_1_378' title='bbox 814 4431 915 4483; x_wconf 90' lang='lat' dir='ltr'><strong>ﬁde</strong></span> <span class='ocrx_word' id='word_1_379' title='bbox 941 4431 1051 4485; x_wconf 86' lang='lat' dir='ltr'><strong>sola</strong></span> <span class='ocrx_word' id='word_1_380' title='bbox 1089 4447 1176 4485; x_wconf 88' lang='lat' dir='ltr'><strong>res</strong></span> <span class='ocrx_word' id='word_1_381' title='bbox 1216 4433 1302 4484; x_wconf 91' lang='lat' dir='ltr'><strong>illa</strong></span> <span class='ocrx_word' id='word_1_382' title='bbox 1330 4433 1580 4501; x_wconf 87' lang='lat' dir='ltr'><strong>capienda</strong></span> <span class='ocrx_word' id='word_1_383' title='bbox 1609 4440 1706 4494; x_wconf 91' lang='lat' dir='ltr'><strong>est,</strong></span> <span class='ocrx_word' id='word_1_384' title='bbox 1741 4447 1908 4500; x_wconf 88' lang='lat' dir='ltr'><strong>neque</strong></span> <span class='ocrx_word' id='word_1_385' title='bbox 1939 4447 2054 4483; x_wconf 91' lang='lat' dir='ltr'><strong>mo-</strong></span> 
     </span>
    </p>
   </div>
   <div class='ocr_carea' id='block_1_47' title="bbox 491 4521 2055 4590">
    <p class='ocr_par' dir='ltr' id='par_1_47' title="bbox 491 4521 2055 4590">
     <span class='ocr_line' id='line_1_47' title="bbox 491 4521 2055 4590; baseline 0 -16"><span class='ocrx_word' id='word_1_386' title='bbox 491 4521 591 4574; x_wconf 83' lang='lat' dir='ltr'><strong>dus</strong></span> <span class='ocrx_word' id='word_1_387' title='bbox 624 4521 833 4574; x_wconf 88' lang='lat' dir='ltr'><strong>curiose</strong></span> <span class='ocrx_word' id='word_1_388' title='bbox 871 4521 1181 4575; x_wconf 87' lang='lat' dir='ltr'><strong>scrutandus</strong></span> <span class='ocrx_word' id='word_1_389' title='bbox 1211 4540 1224 4573; x_wconf 86' lang='lat'><strong>:</strong></span> <span class='ocrx_word' id='word_1_390' title='bbox 1252 4532 1461 4590; x_wconf 81' lang='lat' dir='ltr'><strong>quantae</strong></span> <span class='ocrx_word' id='word_1_391' title='bbox 1503 4523 1660 4574; x_wconf 78' lang='lat' dir='ltr'><strong>fuerit</strong></span> <span class='ocrx_word' id='word_1_392' title='bbox 1699 4521 1797 4575; x_wconf 91' lang='lat' dir='ltr'><strong>hoc</strong></span> <span class='ocrx_word' id='word_1_393' title='bbox 1839 4523 2055 4575; x_wconf 83' lang='lat' dir='ltr'><strong>insani-.e</strong></span> 
     </span>
    </p>
   </div>
   <div class='ocr_carea' id='block_1_48' title="bbox 495 4611 2057 4680">
    <p class='ocr_par' dir='ltr' id='par_1_48' title="bbox 495 4611 2057 4680">
     <span class='ocr_line' id='line_1_48' title="bbox 495 4611 2057 4680; baseline 0.003 -20"><span class='ocrx_word' id='word_1_394' title='bbox 495 4612 560 4663; x_wconf 82' lang='lat' dir='ltr'><strong>ad</strong></span> <span class='ocrx_word' id='word_1_395' title='bbox 589 4611 1002 4680; x_wconf 86' lang='lat' dir='ltr'><strong>investigandam</strong></span> <span class='ocrx_word' id='word_1_396' title='bbox 1031 4612 1293 4666; x_wconf 71' lang='lat' dir='ltr'><strong>cariestem</strong></span> <span class='ocrx_word' id='word_1_397' title='bbox 1337 4613 1585 4680; x_wconf 88' lang='lat' dir='ltr'><strong>unigeniti</strong></span> <span class='ocrx_word' id='word_1_398' title='bbox 1619 4612 1732 4664; x_wconf 88' lang='lat' dir='ltr'><strong>Filii</strong></span> <span class='ocrx_word' id='word_1_399' title='bbox 1763 4613 2057 4680; x_wconf 89' lang='lat' dir='ltr'><strong>generatio-</strong></span> 
     </span>
    </p>
   </div>
   <div class='ocr_carea' id='block_1_49' title="bbox 494 4700 2056 4769">
    <p class='ocr_par' dir='ltr' id='par_1_49' title="bbox 494 4700 2056 4769">
     <span class='ocr_line' id='line_1_49' title="bbox 494 4700 2056 4769; baseline 0 -15"><span class='ocrx_word' id='word_1_400' title='bbox 494 4717 612 4754; x_wconf 85' lang='lat' dir='ltr'><strong>nem</strong></span> <span class='ocrx_word' id='word_1_401' title='bbox 640 4702 984 4768; x_wconf 80' lang='lat' dir='ltr'><strong>cogitationes</strong></span> <span class='ocrx_word' id='word_1_402' title='bbox 1009 4700 1265 4754; x_wconf 89' lang='lat' dir='ltr'><strong>humanas</strong></span> <span class='ocrx_word' id='word_1_403' title='bbox 1302 4702 1613 4766; x_wconf 90' lang='lat' dir='ltr'><strong>admittere,</strong></span> <span class='ocrx_word' id='word_1_404' title='bbox 1659 4716 1720 4754; x_wconf 87' lang='lat' dir='ltr'><strong>ac</strong></span> <span class='ocrx_word' id='word_1_405' title='bbox 1748 4701 1922 4765; x_wconf 89' lang='lat' dir='ltr'><strong>modi,</strong></span> <span class='ocrx_word' id='word_1_406' title='bbox 1952 4717 2056 4769; x_wconf 89' lang='lat' dir='ltr'><strong>quo</strong></span> 
     </span>
    </p>
   </div>
   <div class='ocr_carea' id='block_1_50' title="bbox 490 4790 1317 4861">
    <p class='ocr_par' dir='ltr' id='par_1_50' title="bbox 490 4790 1317 4861">
     <span class='ocr_line' id='line_1_50' title="bbox 490 4790 1317 4861; baseline 0.002 -19"><span class='ocrx_word' id='word_1_407' title='bbox 490 4790 624 4844; x_wconf 82' lang='lat' dir='ltr'><strong>facta</strong></span> <span class='ocrx_word' id='word_1_408' title='bbox 655 4791 751 4852; x_wconf 88' lang='lat' dir='ltr'><strong>sit,</strong></span> <span class='ocrx_word' id='word_1_409' title='bbox 780 4792 1034 4844; x_wconf 86' lang='lat' dir='ltr'><strong>rationem</strong></span> <span class='ocrx_word' id='word_1_410' title='bbox 1066 4792 1317 4861; x_wconf 80' lang='lat' dir='ltr'><strong>exigere?</strong></span> 
     </span>
    </p>
   </div>
   <div class='ocr_carea' id='block_1_51' title="bbox 559 4878 2056 4934">
    <p class='ocr_par' dir='ltr' id='par_1_51' title="bbox 559 4878 2056 4934">
     <span class='ocr_line' id='line_1_51' title="bbox 559 4878 2056 4934; baseline 0 -2"><span class='ocrx_word' id='word_1_411' title='bbox 559 4879 612 4932; x_wconf 78' lang='lat'><strong>5.</strong></span> <span class='ocrx_word' id='word_1_412' title='bbox 665 4878 812 4932; x_wconf 86' lang='lat' dir='ltr'><strong>Vetus</strong></span> <span class='ocrx_word' id='word_1_413' title='bbox 843 4878 1210 4933; x_wconf 83' lang='lat' dir='ltr'><strong>Testamentum</strong></span> <span class='ocrx_word' id='word_1_414' title='bbox 1228 4881 1510 4934; x_wconf 82' lang='lat' dir='ltr'><strong>obscurant.</strong></span> <span class='ocrx_word' id='word_1_415' title='bbox 1540 4879 1640 4932; x_wconf 88' lang='lat' dir='ltr'><strong>Cur</strong></span> <span class='ocrx_word' id='word_1_416' title='bbox 1667 4879 1889 4934; x_wconf 62' lang='lat' dir='ltr'><strong>obscurat</strong></span> <span class='ocrx_word' id='word_1_417' title='bbox 1913 4891 2056 4933; x_wconf 85' lang='lat' dir='ltr'><strong>erant</strong></span> 
     </span>
    </p>
   </div>
   <div class='ocr_carea' id='block_1_52' title="bbox 491 4967 2055 5038">
    <p class='ocr_par' dir='ltr' id='par_1_52' title="bbox 491 4967 2055 5038">
     <span class='ocr_line' id='line_1_52' title="bbox 491 4967 2055 5038; baseline 0.003 -20"><span class='ocrx_word' id='word_1_418' title='bbox 491 4967 1009 5035; x_wconf 53' lang='lat' dir='ltr'><strong>proﬁtente—Satis</strong></span> <span class='ocrx_word' id='word_1_419' title='bbox 1038 4970 1192 5037; x_wconf 89' lang='lat' dir='ltr'><strong>igitur</strong></span> <span class='ocrx_word' id='word_1_420' title='bbox 1218 4970 1634 5023; x_wconf 86' lang='lat' dir='ltr'><strong>demonstratum</strong></span> <span class='ocrx_word' id='word_1_421' title='bbox 1662 4980 1743 5022; x_wconf 86' lang='lat' dir='ltr'><strong>est</strong></span> <span class='ocrx_word' id='word_1_422' title='bbox 1767 4985 1870 5038; x_wconf 85' lang='lat' dir='ltr'><strong>quo</strong></span> <span class='ocrx_word' id='word_1_423' title='bbox 1903 4978 2055 5037; x_wconf 90' lang='lat' dir='ltr'><strong>pacto</strong></span> 
     </span>
    </p>
   </div>
   <div class='ocr_carea' id='block_1_53' title="bbox 487 5057 2056 5127">
    <p class='ocr_par' dir='ltr' id='par_1_53' title="bbox 487 5057 2056 5127">
     <span class='ocr_line' id='line_1_53' title="bbox 487 5057 2056 5127; baseline 0.003 -20"><span class='ocrx_word' id='word_1_424' title='bbox 487 5058 602 5108; x_wconf 87' lang='lat' dir='ltr'><strong>sine</strong></span> <span class='ocrx_word' id='word_1_425' title='bbox 627 5065 774 5124; x_wconf 85' lang='lat' dir='ltr'><strong>patre</strong></span> <span class='ocrx_word' id='word_1_426' title='bbox 795 5072 855 5109; x_wconf 89' lang='lat' dir='ltr'><strong>ac</strong></span> <span class='ocrx_word' id='word_1_427' title='bbox 882 5058 996 5110; x_wconf 92' lang='lat' dir='ltr'><strong>sine</strong></span> <span class='ocrx_word' id='word_1_428' title='bbox 1022 5068 1188 5112; x_wconf 87' lang='lat' dir='ltr'><strong>matre</strong></span> <span class='ocrx_word' id='word_1_429' title='bbox 1227 5059 1296 5111; x_wconf 88' lang='lat' dir='ltr'><strong>sit</strong></span> <span class='ocrx_word' id='word_1_430' title='bbox 1339 5060 1638 5127; x_wconf 89' lang='lat' dir='ltr'><strong>unigenitus</strong></span> <span class='ocrx_word' id='word_1_431' title='bbox 1667 5059 1757 5112; x_wconf 88' lang='lat' dir='ltr'><strong>Dei</strong></span> <span class='ocrx_word' id='word_1_432' title='bbox 1788 5057 1972 5120; x_wconf 88' lang='lat' dir='ltr'><strong>Filius,</strong></span> <span class='ocrx_word' id='word_1_433' title='bbox 2002 5068 2056 5112; x_wconf 90' lang='lat' dir='ltr'><strong>et</strong></span> 
     </span>
    </p>
   </div>
   <div class='ocr_carea' id='block_1_54' title="bbox 487 5146 2056 5215">
    <p class='ocr_par' dir='ltr' id='par_1_54' title="bbox 487 5146 2056 5215">
     <span class='ocr_line' id='line_1_54' title="bbox 487 5146 2056 5215; baseline 0.003 -20"><span class='ocrx_word' id='word_1_434' title='bbox 487 5160 591 5210; x_wconf 81' lang='lat' dir='ltr'><strong>quo</strong></span> <span class='ocrx_word' id='word_1_435' title='bbox 635 5157 784 5212; x_wconf 80' lang='lat' dir='ltr'><strong>pacto</strong></span> <span class='ocrx_word' id='word_1_436' title='bbox 831 5147 946 5198; x_wconf 91' lang='lat' dir='ltr'><strong>sine</strong></span> <span class='ocrx_word' id='word_1_437' title='bbox 989 5147 1293 5215; x_wconf 88' lang='lat' dir='ltr'><strong>genealogia</strong></span> <span class='ocrx_word' id='word_1_438' title='bbox 1339 5146 1629 5200; x_wconf 90' lang='lat' dir='ltr'><strong>secundum</strong></span> <span class='ocrx_word' id='word_1_439' title='bbox 1668 5157 1941 5214; x_wconf 89' lang='lat' dir='ltr'><strong>utramque</strong></span> <span class='ocrx_word' id='word_1_440' title='bbox 1965 5161 2056 5215; x_wconf 89' lang='lat' dir='ltr'><strong>ge-</strong></span> 
     </span>
    </p>
   </div>
   <div class='ocr_carea' id='block_1_55' title="bbox 489 5235 2056 5305">
    <p class='ocr_par' dir='ltr' id='par_1_55' title="bbox 489 5235 2056 5305">
     <span class='ocr_line' id='line_1_55' title="bbox 489 5235 2056 5305; baseline 0.002 -20"><span class='ocrx_word' id='word_1_441' title='bbox 489 5236 814 5290; x_wconf 89' lang='lat' dir='ltr'><strong>nerationem</strong></span> <span class='ocrx_word' id='word_1_442' title='bbox 847 5252 860 5287; x_wconf 88' lang='lat'><strong>:</strong></span> <span class='ocrx_word' id='word_1_443' title='bbox 894 5237 1158 5305; x_wconf 90' lang='lat' dir='ltr'><strong>reliquum</strong></span> <span class='ocrx_word' id='word_1_444' title='bbox 1197 5245 1278 5290; x_wconf 90' lang='lat' dir='ltr'><strong>est</strong></span> <span class='ocrx_word' id='word_1_445' title='bbox 1307 5247 1361 5288; x_wconf 92' lang='lat' dir='ltr'><strong>ut</strong></span> <span class='ocrx_word' id='word_1_446' title='bbox 1409 5236 1474 5289; x_wconf 92' lang='lat' dir='ltr'><strong>ad</strong></span> <span class='ocrx_word' id='word_1_447' title='bbox 1518 5236 1567 5288; x_wconf 94' lang='lat' dir='ltr'><strong>id</strong></span> <span class='ocrx_word' id='word_1_448' title='bbox 1604 5241 1743 5303; x_wconf 88' lang='lat' dir='ltr'><strong>quod</strong></span> <span class='ocrx_word' id='word_1_449' title='bbox 1785 5235 1949 5288; x_wconf 81' lang='lat' dir='ltr'><strong>instat</strong></span> <span class='ocrx_word' id='word_1_450' title='bbox 1971 5250 2056 5288; x_wconf 86' lang='lat' dir='ltr'><strong>re-</strong></span> 
     </span>
    </p>
   </div>
   <div class='ocr_carea' id='block_1_56' title="bbox 485 5322 2055 5395">
    <p class='ocr_par' dir='ltr' id='par_1_56' title="bbox 485 5322 2055 5395">
     <span class='ocr_line' id='line_1_56' title="bbox 485 5322 2055 5395; baseline 0.003 -20"><span class='ocrx_word' id='word_1_451' title='bbox 485 5322 725 5392; x_wconf 86' lang='lat' dir='ltr'><strong>deamus,</strong></span> <span class='ocrx_word' id='word_1_452' title='bbox 775 5335 1051 5395; x_wconf 84' lang='lat' dir='ltr'><strong>postquam</strong></span> <span class='ocrx_word' id='word_1_453' title='bbox 1100 5341 1400 5381; x_wconf 88' lang='lat' dir='ltr'><strong>sermonem</strong></span> <span class='ocrx_word' id='word_1_454' title='bbox 1445 5326 1511 5379; x_wconf 89' lang='lat' dir='ltr'><strong>de</strong></span> <span class='ocrx_word' id='word_1_455' title='bbox 1564 5324 1916 5379; x_wconf 86' lang='lat' dir='ltr'><strong>Melchisedcc</strong></span> <span class='ocrx_word' id='word_1_456' title='bbox 1998 5326 2055 5379; x_wconf 90' lang='lat' dir='ltr'><strong>in</strong></span> 
     </span>
    </p>
   </div>
   <div class='ocr_carea' id='block_1_57' title="bbox 548 5475 2053 5539">
    <p class='ocr_par' dir='ltr' id='par_1_57' title="bbox 548 5475 2053 5539">
     <span class='ocr_line' id='line_1_57' title="bbox 548 5475 2053 5539; baseline 0.002 -17"><span class='ocrx_word' id='word_1_457' title='bbox 548 5477 565 5505; x_wconf 82' lang='grc'>¹</span> <span class='ocrx_word' id='word_1_458' title='bbox 606 5475 781 5539; x_wconf 81' lang='lat' dir='ltr'><strong>Melius,</strong></span> <span class='ocrx_word' id='word_1_459' title='bbox 808 5480 856 5526; x_wconf 88' lang='lat' dir='ltr'><strong>ni</strong></span> <span class='ocrx_word' id='word_1_460' title='bbox 880 5477 1032 5537; x_wconf 77' lang='lat' dir='ltr'><strong>fallor,</strong></span> <span class='ocrx_word' id='word_1_461' title='bbox 1060 5479 1328 5539; x_wconf 84' lang='lat' dir='ltr'><strong>legeretur,</strong></span> <span class='ocrx_word' id='word_1_462' title='bbox 1354 5477 1732 5539; x_wconf 76' lang='lat' dir='ltr'><strong>assentientibus</strong></span> <span class='ocrx_word' id='word_1_463' title='bbox 1755 5478 1899 5539; x_wconf 83' lang='lat' dir='ltr'><strong>etiam</strong></span> <span class='ocrx_word' id='word_1_464' title='bbox 1929 5479 2053 5525; x_wconf 81' lang='lat' dir='ltr'><strong>Savi-</strong></span> 
     </span>
    </p>
   </div>
   <div class='ocr_carea' id='block_1_58' title="bbox 488 5533 2052 5644">
    <p class='ocr_par' dir='ltr' id='par_1_58' title="bbox 488 5533 2052 5644">
     <span class='ocr_line' id='line_1_58' title="bbox 488 5533 2052 5644; baseline 0.003 -63"><span class='ocrx_word' id='word_1_465' title='bbox 488 5533 552 5582; x_wconf 92' lang='lat' dir='ltr'><strong>lio</strong></span> <span class='ocrx_word' id='word_1_466' title='bbox 577 5545 627 5584; x_wconf 91' lang='lat' dir='ltr'><strong>et</strong></span> <span class='ocrx_word' id='word_1_467' title='bbox 650 5533 854 5596; x_wconf 61' lang='lat' dir='ltr'><strong>Halesio,</strong></span> <span class='ocrx_word' id='word_1_468' title='bbox 891 5533 1214 5587; x_wconf 14' lang='lat' dir='ltr'><strong>liceto&#39;nes‘cias</strong></span> <span class='ocrx_word' id='word_1_469' title='bbox 1244 5539 1477 5644; x_wconf 57' lang='lat' dir='ltr'><strong>Suomario</strong></span> <span class='ocrx_word' id='word_1_470' title='bbox 1513 5536 1668 5598; x_wconf 81' lang='lat' dir='ltr'><strong>ﬁlium</strong></span> <span class='ocrx_word' id='word_1_471' title='bbox 1688 5537 1919 5599; x_wconf 75' lang='lat' dir='ltr'><strong>genuerit,</strong></span> <span class='ocrx_word' id='word_1_472' title='bbox 1943 5551 2052 5586; x_wconf 87' lang='lat' dir='ltr'><strong>eum</strong></span> 
     </span>
     <span class='ocr_line' id='line_1_59' title="bbox 488 5596 2050 5644; baseline 0 0"><span class='ocrx_word' id='word_1_473' title='bbox 488 5596 699 5644; x_wconf 81' lang='lat' dir='ltr'><strong>aenuisse</strong></span> <span class='ocrx_word' id='word_1_474' title='bbox 716 5598 954 5644; x_wconf 76' lang='lat' dir='ltr'><strong>confitere.</strong></span> <span class='ocrx_word' id='word_1_475' title='bbox 982 5608 1088 5644; x_wconf 75' lang='lat' dir='ltr'><strong>Nam</strong></span> <span class='ocrx_word' id='word_1_476' title='bbox 1128 5600 1204 5644; x_wconf 92' lang='lat' dir='ltr'><strong>hic</strong></span> <span class='ocrx_word' id='word_1_477' title='bbox 1279 5613 1306 5644; x_wconf 86' lang='lat' dir='ltr'><strong>e</strong></span> <span class='ocrx_word' id='word_1_478' title='bbox 1332 5605 1466 5644; x_wconf 85' lang='lat' dir='ltr'><strong>Patre</strong></span> <span class='ocrx_word' id='word_1_479' title='bbox 1501 5599 1675 5644; x_wconf 71' lang='lat' dir='ltr'><strong>suitur.</strong></span> <span class='ocrx_word' id='word_1_480' title='bbox 1700 5605 1752 5644; x_wconf 90' lang='lat' dir='ltr'><strong>ut</strong></span> <span class='ocrx_word' id='word_1_481' title='bbox 1773 5597 1915 5644; x_wconf 73' lang='lat' dir='ltr'><strong>paulo</strong></span> <span class='ocrx_word' id='word_1_482' title='bbox 1937 5606 2050 5644; x_wconf 89' lang='lat' dir='ltr'><strong>ante</strong></span> 
     </span>
    </p>
   </div>
   <div class='ocr_carea' id='block_1_59' title="bbox 482 5596 2050 5660">
    <p class='ocr_par' dir='ltr' id='par_1_59' title="bbox 482 5596 2050 5660">
     <span class='ocr_line' id='line_1_60' title="bbox 482 5596 2050 5660; baseline 0.003 -17"><span class='ocrx_word' id='word_1_483' title='bbox 482 5596 699 5660; x_wconf 70' lang='lat' dir='ltr'><strong>genuisse</strong></span> <span class='ocrx_word' id='word_1_484' title='bbox 716 5598 954 5660; x_wconf 83' lang='lat' dir='ltr'><strong>conﬁtere.</strong></span> <span class='ocrx_word' id='word_1_485' title='bbox 981 5608 1088 5648; x_wconf 71' lang='lat' dir='ltr'><strong>Nam</strong></span> <span class='ocrx_word' id='word_1_486' title='bbox 1128 5600 1204 5647; x_wconf 91' lang='lat' dir='ltr'><strong>hic</strong></span> <span class='ocrx_word' id='word_1_487' title='bbox 1244 5596 1306 5645; x_wconf 87' lang='lat' dir='ltr'><strong>de</strong></span> <span class='ocrx_word' id='word_1_488' title='bbox 1332 5605 1466 5660; x_wconf 73' lang='lat' dir='ltr'><strong>Patre</strong></span> <span class='ocrx_word' id='word_1_489' title='bbox 1501 5596 1675 5660; x_wconf 81' lang='lat' dir='ltr'><strong>agitur,</strong></span> <span class='ocrx_word' id='word_1_490' title='bbox 1690 5596 1752 5644; x_wconf 64' lang='lat' dir='ltr'><strong>&#39;ut</strong></span> <span class='ocrx_word' id='word_1_491' title='bbox 1773 5597 1915 5660; x_wconf 82' lang='lat' dir='ltr'><strong>paulo</strong></span> <span class='ocrx_word' id='word_1_492' title='bbox 1937 5606 2050 5647; x_wconf 89' lang='lat' dir='ltr'><strong>ante</strong></span> 
     </span>
    </p>
   </div>
   <div class='ocr_carea' id='block_1_60' title="bbox 487 5656 2048 5718">
    <p class='ocr_par' dir='ltr' id='par_1_60' title="bbox 487 5656 2048 5718">
     <span class='ocr_line' id='line_1_61' title="bbox 487 5656 2048 5718; baseline 0.003 -17"><span class='ocrx_word' id='word_1_493' title='bbox 487 5657 545 5702; x_wconf 71' lang='lat' dir='ltr'><strong>de</strong></span> <span class='ocrx_word' id='word_1_494' title='bbox 570 5656 770 5718; x_wconf 68' lang='lat' dir='ltr'><strong>Yirgine</strong></span> <span class='ocrx_word' id='word_1_495' title='bbox 794 5656 962 5706; x_wconf 84' lang='lat' dir='ltr'><strong>matre.</strong></span> <span class='ocrx_word' id='word_1_496' title='bbox 990 5662 1145 5708; x_wconf 87' lang='lat' dir='ltr'><strong>Lectio</strong></span> <span class='ocrx_word' id='word_1_497' title='bbox 1167 5668 1328 5705; x_wconf 85' lang='lat' dir='ltr'><strong>tamen</strong></span> <span class='ocrx_word' id='word_1_498' title='bbox 1367 5657 1517 5705; x_wconf 88' lang='lat' dir='ltr'><strong>altera</strong></span> <span class='ocrx_word' id='word_1_499' title='bbox 1539 5656 1656 5704; x_wconf 74' lang='lat' dir='ltr'><strong>ierri</strong></span> <span class='ocrx_word' id='word_1_500' title='bbox 1683 5656 1821 5717; x_wconf 61' lang='lat' dir='ltr'><strong>possit:</strong></span> <span class='ocrx_word' id='word_1_501' title='bbox 1841 5657 2048 5718; x_wconf 83' lang='lat' dir='ltr'><strong>videtur,</strong></span> 
     </span>
    </p>
   </div>
   <div class='ocr_carea' id='block_1_61' title="bbox 484 5715 2048 5780">
    <p class='ocr_par' dir='ltr' id='par_1_61' title="bbox 484 5715 2048 5780">
     <span class='ocr_line' id='line_1_62' title="bbox 484 5715 2048 5780; baseline 0.003 -19"><span class='ocrx_word' id='word_1_502' title='bbox 484 5722 534 5762; x_wconf 78' lang='lat' dir='ltr'><strong>et</strong></span> <span class='ocrx_word' id='word_1_503' title='bbox 558 5715 766 5777; x_wconf 72' lang='lat' dir='ltr'><strong>alioquin</strong></span> <span class='ocrx_word' id='word_1_504' title='bbox 785 5724 995 5766; x_wconf 88' lang='lat' dir='ltr'><strong>omnium</strong></span> <span class='ocrx_word' id='word_1_505' title='bbox 1021 5719 1368 5780; x_wconf 77' lang='lat' dir='ltr'><strong>exemplarium</strong></span> <span class='ocrx_word' id='word_1_506' title='bbox 1407 5715 1694 5780; x_wconf 79' lang='lat' dir='ltr'><strong>auctoritate</strong></span> <span class='ocrx_word' id='word_1_507' title='bbox 1715 5719 1963 5774; x_wconf 81' lang='lat' dir='ltr'><strong>asseritur,</strong></span> <span class='ocrx_word' id='word_1_508' title='bbox 1990 5715 2048 5766; x_wconf 48' lang='lat' dir='ltr'><strong>il-&#39;</strong></span> 
     </span>
    </p>
   </div>
   <div class='ocr_carea' id='block_1_62' title="bbox 481 5777 1970 5839">
    <p class='ocr_par' dir='ltr' id='par_1_62' title="bbox 481 5777 1970 5839">
     <span class='ocr_line' id='line_1_63' title="bbox 481 5777 1970 5839; baseline 0 -15"><span class='ocrx_word' id='word_1_509' title='bbox 481 5788 672 5838; x_wconf 78' lang='lat' dir='ltr'><strong>.amque</strong></span> <span class='ocrx_word' id='word_1_510' title='bbox 697 5781 864 5839; x_wconf 84' lang='lat' dir='ltr'><strong>probat</strong></span> <span class='ocrx_word' id='word_1_511' title='bbox 887 5787 1090 5828; x_wconf 78' lang='lat' dir='ltr'><strong>Joannes</strong></span> <span class='ocrx_word' id='word_1_512' title='bbox 1109 5777 1286 5826; x_wconf 73' lang='lat' dir='ltr'><strong>ttoisius</strong></span> <span class='ocrx_word' id='word_1_513' title='bbox 1312 5781 1355 5825; x_wconf 87' lang='lat' dir='ltr'><strong>in</strong></span> <span class='ocrx_word' id='word_1_514' title='bbox 1381 5783 1504 5826; x_wconf 84' lang='lat' dir='ltr'><strong>uotis</strong></span> <span class='ocrx_word' id='word_1_515' title='bbox 1532 5777 1773 5825; x_wconf 71' lang='lat' dir='ltr'><strong>savilianis</strong></span> <span class='ocrx_word' id='word_1_516' title='bbox 1792 5792 1837 5838; x_wconf 73' lang='grc' dir='ltr'><strong>ιτ.</strong></span> <span class='ocrx_word' id='word_1_517' title='bbox 1864 5780 1970 5825; x_wconf 78' lang='lat'><strong>857.</strong></span> 
     </span>
    </p>
   </div>
   <div class='ocr_carea' id='block_1_63' title="bbox 2181 659 3751 732">
    <p class='ocr_par' dir='ltr' id='par_1_63' title="bbox 2181 659 3751 732">
     <span class='ocr_line' id='line_1_64' title="bbox 2181 659 3751 732; baseline 0.009 -20"><span class='ocrx_word' id='word_1_518' title='bbox 2181 659 2339 713; x_wconf 89' lang='lat' dir='ltr'><strong>dituri</strong></span> <span class='ocrx_word' id='word_1_519' title='bbox 2383 671 2618 716; x_wconf 89' lang='lat' dir='ltr'><strong>nostram</strong></span> <span class='ocrx_word' id='word_1_520' title='bbox 2650 667 2992 719; x_wconf 88' lang='lat' dir='ltr'><strong>attentionem</strong></span> <span class='ocrx_word' id='word_1_521' title='bbox 3024 669 3332 723; x_wconf 83' lang='lat' dir='ltr'><strong>excitemus.</strong></span> <span class='ocrx_word' id='word_1_522' title='bbox 3374 669 3585 732; x_wconf 86' lang='lat' dir='ltr'><strong>Similes</strong></span> <span class='ocrx_word' id='word_1_523' title='bbox 3608 676 3751 728; x_wconf 86' lang='lat' dir='ltr'><strong>enim</strong></span> 
     </span>
    </p>
   </div>
   <div class='ocr_carea' id='block_1_64' title="bbox 2180 752 3753 831">
    <p class='ocr_par' dir='ltr' id='par_1_64' title="bbox 2180 752 3753 831">
     <span class='ocr_line' id='line_1_65' title="bbox 2180 752 3753 831; baseline 0.01 -29"><span class='ocrx_word' id='word_1_524' title='bbox 2180 757 2304 830; x_wconf 85' lang='lat' dir='ltr'><strong>sunt</strong></span> <span class='ocrx_word' id='word_1_525' title='bbox 2349 752 2714 820; x_wconf 68' lang='lat' dir='ltr'><strong>aznigmatibus</strong></span> <span class='ocrx_word' id='word_1_526' title='bbox 2770 769 3045 810; x_wconf 87' lang='lat' dir='ltr'><strong>sermones</strong></span> <span class='ocrx_word' id='word_1_527' title='bbox 3101 758 3418 827; x_wconf 87' lang='lat' dir='ltr'><strong>prophetici,</strong></span> <span class='ocrx_word' id='word_1_528' title='bbox 3468 762 3753 831; x_wconf 82' lang='lat' dir='ltr'><strong>multisque</strong></span> 
     </span>
    </p>
   </div>
   <div class='ocr_carea' id='block_1_65' title="bbox 2176 836 3750 911">
    <p class='ocr_par' dir='ltr' id='par_1_65' title="bbox 2176 836 3750 911">
     <span class='ocr_line' id='line_1_66' title="bbox 2176 836 3750 911; baseline 0.01 -20"><span class='ocrx_word' id='word_1_529' title='bbox 2176 836 2573 894; x_wconf 85' lang='lat' dir='ltr'><strong>difﬁcultatibus</strong></span> <span class='ocrx_word' id='word_1_530' title='bbox 2595 842 2872 909; x_wconf 88' lang='lat' dir='ltr'><strong>obseptum</strong></span> <span class='ocrx_word' id='word_1_531' title='bbox 2903 855 2984 898; x_wconf 86' lang='lat' dir='ltr'><strong>est</strong></span> <span class='ocrx_word' id='word_1_532' title='bbox 3011 844 3173 899; x_wconf 85' lang='lat' dir='ltr'><strong>Vetus</strong></span> <span class='ocrx_word' id='word_1_533' title='bbox 3196 845 3590 902; x_wconf 86' lang='lat' dir='ltr'><strong>Testamentum</strong></span> <span class='ocrx_word' id='word_1_534' title='bbox 3611 889 3626 911; x_wconf 90' lang='lat'><strong>,</strong></span> <span class='ocrx_word' id='word_1_535' title='bbox 3659 867 3750 906; x_wconf 82' lang='lat' dir='ltr'><strong>ne-</strong></span> 
     </span>
    </p>
   </div>
   <div class='ocr_carea' id='block_1_66' title="bbox 2176 927 3749 998">
    <p class='ocr_par' dir='ltr' id='par_1_66' title="bbox 2176 927 3749 998">
     <span class='ocr_line' id='line_1_67' title="bbox 2176 927 3749 998; baseline 0.009 -17"><span class='ocrx_word' id='word_1_536' title='bbox 2176 943 2278 998; x_wconf 90' lang='lat' dir='ltr'><strong>que</strong></span> <span class='ocrx_word' id='word_1_537' title='bbox 2313 927 2490 984; x_wconf 83' lang='lat' dir='ltr'><strong>faciles</strong></span> <span class='ocrx_word' id='word_1_538' title='bbox 2542 932 2815 988; x_wconf 89' lang='lat' dir='ltr'><strong>intellectu</strong></span> <span class='ocrx_word' id='word_1_539' title='bbox 2846 945 2965 988; x_wconf 89' lang='lat' dir='ltr'><strong>sunt</strong></span> <span class='ocrx_word' id='word_1_540' title='bbox 2997 936 3116 990; x_wconf 90' lang='lat' dir='ltr'><strong>libri</strong></span> <span class='ocrx_word' id='word_1_541' title='bbox 3142 955 3158 990; x_wconf 69' lang='grc' dir='ltr'>ε</span> <span class='ocrx_word' id='word_1_542' title='bbox 3187 937 3385 991; x_wconf 88' lang='lat' dir='ltr'><strong>Novum</strong></span> <span class='ocrx_word' id='word_1_543' title='bbox 3413 950 3588 994; x_wconf 87' lang='lat' dir='ltr'><strong>autem</strong></span> <span class='ocrx_word' id='word_1_544' title='bbox 3613 942 3749 997; x_wconf 80' lang='lat' dir='ltr'><strong>dilu-</strong></span> 
     </span>
    </p>
   </div>
   <div class='ocr_carea' id='block_1_67' title="bbox 2175 1019 3746 1096">
    <p class='ocr_par' dir='ltr' id='par_1_67' title="bbox 2175 1019 3746 1096">
     <span class='ocr_line' id='line_1_68' title="bbox 2175 1019 3746 1096; baseline 0.008 -24"><span class='ocrx_word' id='word_1_545' title='bbox 2175 1019 2345 1072; x_wconf 89' lang='lat' dir='ltr'><strong>cidius</strong></span> <span class='ocrx_word' id='word_1_546' title='bbox 2389 1031 2471 1073; x_wconf 91' lang='lat' dir='ltr'><strong>est</strong></span> <span class='ocrx_word' id='word_1_547' title='bbox 2515 1031 2567 1074; x_wconf 92' lang='lat' dir='ltr'><strong>et</strong></span> <span class='ocrx_word' id='word_1_548' title='bbox 2608 1021 2830 1076; x_wconf 81' lang='lat' dir='ltr'><strong>facilius.</strong></span> <span class='ocrx_word' id='word_1_549' title='bbox 2888 1024 3120 1092; x_wconf 83' lang='lat' dir='ltr'><strong>Ecquam</strong></span> <span class='ocrx_word' id='word_1_550' title='bbox 3152 1027 3362 1082; x_wconf 86' lang='lat' dir='ltr'><strong>tandem</strong></span> <span class='ocrx_word' id='word_1_551' title='bbox 3405 1028 3474 1083; x_wconf 92' lang='lat' dir='ltr'><strong>ob</strong></span> <span class='ocrx_word' id='word_1_552' title='bbox 3504 1044 3746 1096; x_wconf 84' lang='lat' dir='ltr'><strong>causam,</strong></span> 
     </span>
    </p>
   </div>
   <div class='ocr_carea' id='block_1_68' title="bbox 2173 1108 3750 1186">
    <p class='ocr_par' dir='ltr' id='par_1_68' title="bbox 2173 1108 3750 1186">
     <span class='ocr_line' id='line_1_69' title="bbox 2173 1108 3750 1186; baseline 0.011 -26"><span class='ocrx_word' id='word_1_553' title='bbox 2173 1108 2313 1162; x_wconf 89' lang='lat' dir='ltr'><strong>dicet</strong></span> <span class='ocrx_word' id='word_1_554' title='bbox 2337 1110 2543 1179; x_wconf 78' lang='lat' dir='ltr'><strong>aiiquis,</strong></span> <span class='ocrx_word' id='word_1_555' title='bbox 2583 1113 2694 1167; x_wconf 76' lang='lat' dir='ltr'><strong>lnrc</strong></span> <span class='ocrx_word' id='word_1_556' title='bbox 2722 1113 2791 1166; x_wconf 90' lang='lat' dir='ltr'><strong>ita</strong></span> <span class='ocrx_word' id='word_1_557' title='bbox 2821 1125 2944 1168; x_wconf 90' lang='lat' dir='ltr'><strong>sunt</strong></span> <span class='ocrx_word' id='word_1_558' title='bbox 2986 1119 3292 1186; x_wconf 81' lang='lat' dir='ltr'><strong>consﬁtnta,</strong></span> <span class='ocrx_word' id='word_1_559' title='bbox 3333 1119 3456 1174; x_wconf 90' lang='lat' dir='ltr'><strong>licet</strong></span> <span class='ocrx_word' id='word_1_560' title='bbox 3495 1121 3563 1174; x_wconf 92' lang='lat' dir='ltr'><strong>de</strong></span> <span class='ocrx_word' id='word_1_561' title='bbox 3585 1122 3750 1178; x_wconf 87' lang='lat' dir='ltr'><strong>rebus</strong></span> 
     </span>
    </p>
   </div>
   <div class='ocr_carea' id='block_1_69' title="bbox 2172 1199 3743 1278">
    <p class='ocr_par' dir='ltr' id='par_1_69' title="bbox 2172 1199 3743 1278">
     <span class='ocr_line' id='line_1_70' title="bbox 2172 1199 3743 1278; baseline 0.01 -28"><span class='ocrx_word' id='word_1_562' title='bbox 2172 1199 2388 1266; x_wconf 84' lang='lat' dir='ltr'><strong>majoris</strong></span> <span class='ocrx_word' id='word_1_563' title='bbox 2416 1205 2667 1255; x_wconf 88' lang='lat' dir='ltr'><strong>momenti</strong></span> <span class='ocrx_word' id='word_1_564' title='bbox 2697 1213 2879 1272; x_wconf 82' lang='lat' dir='ltr'><strong>agatur</strong></span> <span class='ocrx_word' id='word_1_565' title='bbox 2909 1206 2959 1258; x_wconf 93' lang='lat' dir='ltr'><strong>in</strong></span> <span class='ocrx_word' id='word_1_566' title='bbox 2988 1206 3154 1270; x_wconf 87' lang='lat' dir='ltr'><strong>Novo,</strong></span> <span class='ocrx_word' id='word_1_567' title='bbox 3187 1208 3253 1261; x_wconf 90' lang='lat' dir='ltr'><strong>de</strong></span> <span class='ocrx_word' id='word_1_568' title='bbox 3277 1224 3439 1278; x_wconf 89' lang='lat' dir='ltr'><strong>regno</strong></span> <span class='ocrx_word' id='word_1_569' title='bbox 3466 1213 3743 1278; x_wconf 65' lang='lat' dir='ltr'><strong>caelorum,</strong></span> 
     </span>
    </p>
   </div>
   <div class='ocr_carea' id='block_1_70' title="bbox 2171 1289 3742 1366">
    <p class='ocr_par' dir='ltr' id='par_1_70' title="bbox 2171 1289 3742 1366">
     <span class='ocr_line' id='line_1_71' title="bbox 2171 1289 3742 1366; baseline 0.01 -24"><span class='ocrx_word' id='word_1_570' title='bbox 2171 1289 2238 1343; x_wconf 90' lang='lat' dir='ltr'><strong>de</strong></span> <span class='ocrx_word' id='word_1_571' title='bbox 2260 1293 2646 1347; x_wconf 88' lang='lat' dir='ltr'><strong>resurrectione</strong></span> <span class='ocrx_word' id='word_1_572' title='bbox 2672 1310 2975 1363; x_wconf 88' lang='lat' dir='ltr'><strong>corporum,</strong></span> <span class='ocrx_word' id='word_1_573' title='bbox 2995 1309 3047 1350; x_wconf 82' lang='lat' dir='ltr'><strong>et</strong></span> <span class='ocrx_word' id='word_1_574' title='bbox 3071 1299 3419 1355; x_wconf 81' lang='lat' dir='ltr'><strong>ineﬁ‘abilibus</strong></span> <span class='ocrx_word' id='word_1_575' title='bbox 3443 1303 3541 1356; x_wconf 89' lang='lat' dir='ltr'><strong>illis</strong></span> <span class='ocrx_word' id='word_1_576' title='bbox 3564 1305 3742 1366; x_wconf 85' lang='lat' dir='ltr'><strong>bouis.</strong></span> 
     </span>
    </p>
   </div>
   <div class='ocr_carea' id='block_1_71' title="bbox 2171 1379 3742 1458">
    <p class='ocr_par' dir='ltr' id='par_1_71' title="bbox 2171 1379 3742 1458">
     <span class='ocr_line' id='line_1_72' title="bbox 2171 1379 3742 1458; baseline 0.01 -29"><span class='ocrx_word' id='word_1_577' title='bbox 2171 1395 2286 1446; x_wconf 75' lang='lat' dir='ltr'><strong>qum</strong></span> <span class='ocrx_word' id='word_1_578' title='bbox 2316 1390 2367 1432; x_wconf 92' lang='lat' dir='ltr'><strong>et</strong></span> <span class='ocrx_word' id='word_1_579' title='bbox 2387 1379 2666 1434; x_wconf 87' lang='lat' dir='ltr'><strong>humanam</strong></span> <span class='ocrx_word' id='word_1_580' title='bbox 2710 1395 2939 1439; x_wconf 88' lang='lat' dir='ltr'><strong>mentem</strong></span> <span class='ocrx_word' id='word_1_581' title='bbox 2963 1387 3227 1440; x_wconf 85' lang='lat' dir='ltr'><strong>excedunt</strong></span> <span class='ocrx_word' id='word_1_582' title='bbox 3256 1388 3277 1440; x_wconf 90' lang='lat'><strong>?</strong></span> <span class='ocrx_word' id='word_1_583' title='bbox 3303 1389 3438 1455; x_wconf 89' lang='lat' dir='ltr'><strong>Quid</strong></span> <span class='ocrx_word' id='word_1_584' title='bbox 3482 1390 3641 1458; x_wconf 84' lang='lat' dir='ltr'><strong>igitur</strong></span> <span class='ocrx_word' id='word_1_585' title='bbox 3688 1393 3742 1446; x_wconf 91' lang='lat' dir='ltr'><strong>in</strong></span> 
     </span>
    </p>
   </div>
   <div class='ocr_carea' id='block_1_72' title="bbox 2169 1471 3742 1542">
    <p class='ocr_par' dir='ltr' id='par_1_72' title="bbox 2169 1471 3742 1542">
     <span class='ocr_line' id='line_1_73' title="bbox 2169 1471 3742 1542; baseline 0.009 -23"><span class='ocrx_word' id='word_1_586' title='bbox 2169 1483 2347 1532; x_wconf 83' lang='lat' dir='ltr'><strong>causa,</strong></span> <span class='ocrx_word' id='word_1_587' title='bbox 2375 1481 2428 1523; x_wconf 89' lang='lat' dir='ltr'><strong>ut</strong></span> <span class='ocrx_word' id='word_1_588' title='bbox 2452 1471 2690 1524; x_wconf 68' lang='lat' dir='ltr'><strong>obscurae</strong></span> <span class='ocrx_word' id='word_1_589' title='bbox 2719 1473 2823 1525; x_wconf 90' lang='lat' dir='ltr'><strong>sint</strong></span> <span class='ocrx_word' id='word_1_590' title='bbox 2851 1477 3138 1542; x_wconf 77' lang='lat' dir='ltr'><strong>prephetize</strong></span> <span class='ocrx_word' id='word_1_591' title='bbox 3161 1477 3180 1528; x_wconf 87' lang='lat'><strong>?</strong></span> <span class='ocrx_word' id='word_1_592' title='bbox 3208 1477 3367 1530; x_wconf 81' lang='lat' dir='ltr'><strong>Multa</strong></span> <span class='ocrx_word' id='word_1_593' title='bbox 3392 1478 3590 1532; x_wconf 69' lang='lat' dir='ltr'><strong>Judaeis</strong></span> <span class='ocrx_word' id='word_1_594' title='bbox 3617 1481 3742 1534; x_wconf 76' lang='lat' dir='ltr'><strong>ista:</strong></span> 
     </span>
    </p>
   </div>
   <div class='ocr_carea' id='block_1_73' title="bbox 2169 1558 3740 1637">
    <p class='ocr_par' dir='ltr' id='par_1_73' title="bbox 2169 1558 3740 1637">
     <span class='ocr_line' id='line_1_74' title="bbox 2169 1558 3740 1637; baseline 0.009 -29"><span class='ocrx_word' id='word_1_595' title='bbox 2169 1558 2304 1610; x_wconf 88' lang='lat' dir='ltr'><strong>mala</strong></span> <span class='ocrx_word' id='word_1_596' title='bbox 2334 1560 2640 1627; x_wconf 63' lang='lat' dir='ltr'><strong>praedicunt,</strong></span> <span class='ocrx_word' id='word_1_597' title='bbox 2669 1576 2730 1615; x_wconf 90' lang='lat' dir='ltr'><strong>ac</strong></span> <span class='ocrx_word' id='word_1_598' title='bbox 2757 1561 2872 1616; x_wconf 79' lang='lat' dir='ltr'><strong>fore</strong></span> <span class='ocrx_word' id='word_1_599' title='bbox 2898 1573 2955 1615; x_wconf 92' lang='lat' dir='ltr'><strong>ut</strong></span> <span class='ocrx_word' id='word_1_600' title='bbox 2979 1567 3258 1632; x_wconf 85' lang='lat' dir='ltr'><strong>ejiciantnr</strong></span> <span class='ocrx_word' id='word_1_601' title='bbox 3283 1568 3372 1631; x_wconf 89' lang='lat' dir='ltr'><strong>illi,</strong></span> <span class='ocrx_word' id='word_1_602' title='bbox 3400 1585 3494 1622; x_wconf 91' lang='lat' dir='ltr'><strong>nos</strong></span> <span class='ocrx_word' id='word_1_603' title='bbox 3512 1571 3740 1637; x_wconf 82' lang='lat' dir='ltr'><strong>recipia-</strong></span> 
     </span>
    </p>
   </div>
   <div class='ocr_carea' id='block_1_74' title="bbox 2169 1646 3741 1716">
    <p class='ocr_par' dir='ltr' id='par_1_74' title="bbox 2169 1646 3741 1716">
     <span class='ocr_line' id='line_1_75' title="bbox 2169 1646 3741 1716; baseline 0.009 -21"><span class='ocrx_word' id='word_1_604' title='bbox 2169 1658 2307 1709; x_wconf 92' lang='lat' dir='ltr'><strong>mur,</strong></span> <span class='ocrx_word' id='word_1_605' title='bbox 2347 1656 2404 1700; x_wconf 92' lang='lat' dir='ltr'><strong>ut</strong></span> <span class='ocrx_word' id='word_1_606' title='bbox 2423 1646 2676 1715; x_wconf 84' lang='lat' dir='ltr'><strong>templum</strong></span> <span class='ocrx_word' id='word_1_607' title='bbox 2694 1655 2983 1712; x_wconf 83' lang='lat' dir='ltr'><strong>evertatur,</strong></span> <span class='ocrx_word' id='word_1_608' title='bbox 3003 1662 3100 1700; x_wconf 88' lang='lat' dir='ltr'><strong>nec</strong></span> <span class='ocrx_word' id='word_1_609' title='bbox 3116 1649 3638 1716; x_wconf 80' lang='lat' dir='ltr'><strong>ampliusexeitetur,</strong></span> <span class='ocrx_word' id='word_1_610' title='bbox 3683 1664 3741 1709; x_wconf 90' lang='lat' dir='ltr'><strong>ut</strong></span> 
     </span>
    </p>
   </div>
   <div class='ocr_carea' id='block_1_75' title="bbox 2167 1733 3737 1807">
    <p class='ocr_par' dir='ltr' id='par_1_75' title="bbox 2167 1733 3737 1807">
     <span class='ocr_line' id='line_1_76' title="bbox 2167 1733 3737 1807; baseline 0.006 -21"><span class='ocrx_word' id='word_1_611' title='bbox 2167 1733 2450 1787; x_wconf 86' lang='lat' dir='ltr'><strong>ceneidant</strong></span> <span class='ocrx_word' id='word_1_612' title='bbox 2491 1735 2855 1806; x_wconf 86' lang='lat' dir='ltr'><strong>Jerosolyma,</strong></span> <span class='ocrx_word' id='word_1_613' title='bbox 2881 1745 2936 1790; x_wconf 90' lang='lat' dir='ltr'><strong>et</strong></span> <span class='ocrx_word' id='word_1_614' title='bbox 2956 1737 3202 1792; x_wconf 89' lang='lat' dir='ltr'><strong>omnibus</strong></span> <span class='ocrx_word' id='word_1_615' title='bbox 3238 1740 3344 1792; x_wconf 89' lang='lat' dir='ltr'><strong>sint</strong></span> <span class='ocrx_word' id='word_1_616' title='bbox 3370 1742 3551 1807; x_wconf 85' lang='lat' dir='ltr'><strong>pervia</strong></span> <span class='ocrx_word' id='word_1_617' title='bbox 3583 1760 3596 1794; x_wconf 91' lang='lat'>:</span> <span class='ocrx_word' id='word_1_618' title='bbox 3626 1752 3737 1796; x_wconf 90' lang='lat' dir='ltr'><strong>tum</strong></span> 
     </span>
    </p>
   </div>
   <div class='ocr_carea' id='block_1_76' title="bbox 2169 1823 3738 1896">
    <p class='ocr_par' dir='ltr' id='par_1_76' title="bbox 2169 1823 3738 1896">
     <span class='ocr_line' id='line_1_77' title="bbox 2169 1823 3738 1896; baseline 0.006 -22"><span class='ocrx_word' id='word_1_619' title='bbox 2169 1838 2294 1877; x_wconf 80' lang='lat' dir='ltr'><strong>vero</strong></span> <span class='ocrx_word' id='word_1_620' title='bbox 2318 1823 2488 1877; x_wconf 64' lang='lat' dir='ltr'><strong>Judtci</strong></span> <span class='ocrx_word' id='word_1_621' title='bbox 2519 1826 2802 1880; x_wconf 85' lang='lat' dir='ltr'><strong>errabundi</strong></span> <span class='ocrx_word' id='word_1_622' title='bbox 2826 1867 2840 1890; x_wconf 92' lang='lat'><strong>,</strong></span> <span class='ocrx_word' id='word_1_623' title='bbox 2889 1842 2985 1896; x_wconf 90' lang='lat' dir='ltr'><strong>per</strong></span> <span class='ocrx_word' id='word_1_624' title='bbox 3013 1829 3310 1882; x_wconf 90' lang='lat' dir='ltr'><strong>universum</strong></span> <span class='ocrx_word' id='word_1_625' title='bbox 3355 1831 3535 1884; x_wconf 69' lang='lat' dir='ltr'><strong>orbem</strong></span> <span class='ocrx_word' id='word_1_626' title='bbox 3569 1840 3738 1885; x_wconf 81' lang='lat' dir='ltr'><strong>terra-</strong></span> 
     </span>
    </p>
   </div>
   <div class='ocr_carea' id='block_1_77' title="bbox 2169 1914 3738 1985">
    <p class='ocr_par' dir='ltr' id='par_1_77' title="bbox 2169 1914 3738 1985">
     <span class='ocr_line' id='line_1_78' title="bbox 2169 1914 3738 1985; baseline 0.008 -19"><span class='ocrx_word' id='word_1_627' title='bbox 2169 1930 2284 1966; x_wconf 89' lang='lat' dir='ltr'><strong>rum</strong></span> <span class='ocrx_word' id='word_1_628' title='bbox 2314 1914 2705 1984; x_wconf 74' lang='lat' dir='ltr'><strong>diSpergantur,</strong></span> <span class='ocrx_word' id='word_1_629' title='bbox 2756 1934 2819 1973; x_wconf 90' lang='lat' dir='ltr'><strong>ac</strong></span> <span class='ocrx_word' id='word_1_630' title='bbox 2865 1920 3082 1974; x_wconf 90' lang='lat' dir='ltr'><strong>civitate</strong></span> <span class='ocrx_word' id='word_1_631' title='bbox 3131 1921 3389 1985; x_wconf 80' lang='lat' dir='ltr'><strong>destituti,</strong></span> <span class='ocrx_word' id='word_1_632' title='bbox 3435 1939 3504 1976; x_wconf 89' lang='lat' dir='ltr'><strong>ne</strong></span> <span class='ocrx_word' id='word_1_633' title='bbox 3529 1933 3738 1978; x_wconf 79' lang='lat' dir='ltr'><strong>veteres</strong></span> 
     </span>
    </p>
   </div>
   <div class='ocr_carea' id='block_1_78' title="bbox 2167 2006 3736 2083">
    <p class='ocr_par' dir='ltr' id='par_1_78' title="bbox 2167 2006 3736 2083">
     <span class='ocr_line' id='line_1_79' title="bbox 2167 2006 3736 2083; baseline 0.008 -27"><span class='ocrx_word' id='word_1_634' title='bbox 2167 2006 2378 2072; x_wconf 89' lang='lat' dir='ltr'><strong>quidem</strong></span> <span class='ocrx_word' id='word_1_635' title='bbox 2405 2007 2539 2061; x_wconf 87' lang='lat' dir='ltr'><strong>ritus</strong></span> <span class='ocrx_word' id='word_1_636' title='bbox 2565 2009 2847 2075; x_wconf 86' lang='lat' dir='ltr'><strong>retineant,</strong></span> <span class='ocrx_word' id='word_1_637' title='bbox 2893 2012 2988 2065; x_wconf 83' lang='lat' dir='ltr'><strong>sed</strong></span> <span class='ocrx_word' id='word_1_638' title='bbox 3020 2026 3206 2066; x_wconf 90' lang='lat' dir='ltr'><strong>omnes</strong></span> <span class='ocrx_word' id='word_1_639' title='bbox 3252 2013 3353 2065; x_wconf 80' lang='lat' dir='ltr'><strong>illis</strong></span> <span class='ocrx_word' id='word_1_640' title='bbox 3383 2028 3467 2068; x_wconf 90' lang='lat' dir='ltr'><strong>res</strong></span> <span class='ocrx_word' id='word_1_641' title='bbox 3498 2013 3736 2083; x_wconf 82' lang='lat' dir='ltr'><strong>ipsorum</strong></span> 
     </span>
    </p>
   </div>
   <div class='ocr_carea' id='block_1_79' title="bbox 2168 2095 3738 2169">
    <p class='ocr_par' dir='ltr' id='par_1_79' title="bbox 2168 2095 3738 2169">
     <span class='ocr_line' id='line_1_80' title="bbox 2168 2095 3738 2169; baseline 0.006 -22"><span class='ocrx_word' id='word_1_642' title='bbox 2168 2095 2375 2163; x_wconf 90' lang='lat' dir='ltr'><strong>priores</strong></span> <span class='ocrx_word' id='word_1_643' title='bbox 2417 2097 2742 2160; x_wconf 84' lang='lat' dir='ltr'><strong>auferantur,</strong></span> <span class='ocrx_word' id='word_1_644' title='bbox 2799 2102 3114 2169; x_wconf 71' lang='lat' dir='ltr'><strong>pr0phetite,</strong></span> <span class='ocrx_word' id='word_1_645' title='bbox 3155 2105 3431 2169; x_wconf 88' lang='lat' dir='ltr'><strong>sacriﬁcia,</strong></span> <span class='ocrx_word' id='word_1_646' title='bbox 3489 2106 3738 2157; x_wconf 82' lang='lat' dir='ltr'><strong>sacerdo-</strong></span> 
     </span>
    </p>
   </div>
   <div class='ocr_carea' id='block_1_80' title="bbox 2166 2185 3735 2258">
    <p class='ocr_par' dir='ltr' id='par_1_80' title="bbox 2166 2185 3735 2258">
     <span class='ocr_line' id='line_1_81' title="bbox 2166 2185 3735 2258; baseline 0.007 -21"><span class='ocrx_word' id='word_1_647' title='bbox 2166 2185 2315 2250; x_wconf 91' lang='lat' dir='ltr'><strong>tium,</strong></span> <span class='ocrx_word' id='word_1_648' title='bbox 2346 2195 2397 2239; x_wconf 91' lang='lat' dir='ltr'><strong>et</strong></span> <span class='ocrx_word' id='word_1_649' title='bbox 2425 2202 2666 2255; x_wconf 81' lang='lat' dir='ltr'><strong>regnum.</strong></span> <span class='ocrx_word' id='word_1_650' title='bbox 2698 2187 2877 2256; x_wconf 86' lang='lat' dir='ltr'><strong>Neque</strong></span> <span class='ocrx_word' id='word_1_651' title='bbox 2906 2205 3031 2243; x_wconf 87' lang='lat' dir='ltr'><strong>vero</strong></span> <span class='ocrx_word' id='word_1_652' title='bbox 3051 2199 3249 2243; x_wconf 74' lang='lat' dir='ltr'><strong>mtuum</strong></span> <span class='ocrx_word' id='word_1_653' title='bbox 3281 2193 3398 2258; x_wconf 87' lang='lat' dir='ltr'><strong>ista,</strong></span> <span class='ocrx_word' id='word_1_654' title='bbox 3431 2193 3522 2246; x_wconf 89' lang='lat' dir='ltr'><strong>sed</strong></span> <span class='ocrx_word' id='word_1_655' title='bbox 3552 2204 3605 2247; x_wconf 89' lang='lat' dir='ltr'><strong>et</strong></span> <span class='ocrx_word' id='word_1_656' title='bbox 3633 2197 3735 2248; x_wconf 85' lang='lat' dir='ltr'><strong>alia</strong></span> 
     </span>
    </p>
   </div>
   <div class='ocr_carea' id='block_1_81' title="bbox 2163 2272 3733 2346">
    <p class='ocr_par' dir='ltr' id='par_1_81' title="bbox 2163 2272 3733 2346">
     <span class='ocr_line' id='line_1_82' title="bbox 2163 2272 3733 2346; baseline 0.006 -22"><span class='ocrx_word' id='word_1_657' title='bbox 2163 2272 2328 2325; x_wconf 88' lang='lat' dir='ltr'><strong>multa</strong></span> <span class='ocrx_word' id='word_1_658' title='bbox 2355 2275 2615 2341; x_wconf 81' lang='lat' dir='ltr'><strong>ejusmodi</strong></span> <span class='ocrx_word' id='word_1_659' title='bbox 2645 2276 2998 2343; x_wconf 58' lang='lat' dir='ltr'><strong>prtcdicebant</strong></span> <span class='ocrx_word' id='word_1_660' title='bbox 3018 2279 3309 2346; x_wconf 73' lang='lat' dir='ltr'><strong>prephetm,</strong></span> <span class='ocrx_word' id='word_1_661' title='bbox 3338 2279 3461 2336; x_wconf 90' lang='lat' dir='ltr'><strong>dum</strong></span> <span class='ocrx_word' id='word_1_662' title='bbox 3486 2280 3733 2334; x_wconf 83' lang='lat' dir='ltr'><strong>innume-</strong></span> 
     </span>
    </p>
   </div>
   <div class='ocr_carea' id='block_1_82' title="bbox 2163 2364 3736 2440">
    <p class='ocr_par' dir='ltr' id='par_1_82' title="bbox 2163 2364 3736 2440">
     <span class='ocr_line' id='line_1_83' title="bbox 2163 2364 3736 2440; baseline 0.008 -26"><span class='ocrx_word' id='word_1_663' title='bbox 2163 2376 2248 2416; x_wconf 89' lang='lat' dir='ltr'><strong>ras</strong></span> <span class='ocrx_word' id='word_1_664' title='bbox 2278 2364 2389 2417; x_wconf 91' lang='lat' dir='ltr'><strong>suis</strong></span> <span class='ocrx_word' id='word_1_665' title='bbox 2432 2365 2579 2418; x_wconf 89' lang='lat' dir='ltr'><strong>libris</strong></span> <span class='ocrx_word' id='word_1_666' title='bbox 2626 2366 2907 2434; x_wconf 74' lang='lat' dir='ltr'><strong>tragoedias</strong></span> <span class='ocrx_word' id='word_1_667' title='bbox 2955 2368 3333 2424; x_wconf 88' lang='lat' dir='ltr'><strong>immiscerent.</strong></span> <span class='ocrx_word' id='word_1_668' title='bbox 3385 2370 3460 2423; x_wconf 87' lang='lat' dir='ltr'><strong>Ne</strong></span> <span class='ocrx_word' id='word_1_669' title='bbox 3489 2372 3649 2440; x_wconf 90' lang='lat' dir='ltr'><strong>igitur</strong></span> <span class='ocrx_word' id='word_1_670' title='bbox 3668 2374 3736 2426; x_wconf 84' lang='lat' dir='ltr'><strong>ab</strong></span> 
     </span>
    </p>
   </div>
   <div class='ocr_carea' id='block_1_83' title="bbox 2163 2451 3737 2522">
    <p class='ocr_par' dir='ltr' id='par_1_83' title="bbox 2163 2451 3737 2522">
     <span class='ocr_line' id='line_1_84' title="bbox 2163 2451 3737 2522; baseline 0.006 -19"><span class='ocrx_word' id='word_1_671' title='bbox 2163 2451 2310 2505; x_wconf 91' lang='lat' dir='ltr'><strong>initio</strong></span> <span class='ocrx_word' id='word_1_672' title='bbox 2341 2452 2509 2506; x_wconf 70' lang='lat' dir='ltr'><strong>Judazi</strong></span> <span class='ocrx_word' id='word_1_673' title='bbox 2535 2454 2814 2508; x_wconf 82' lang='lat' dir='ltr'><strong>manifeste</strong></span> <span class='ocrx_word' id='word_1_674' title='bbox 2845 2456 2961 2510; x_wconf 79' lang='lat' dir='ltr'><strong>htec</strong></span> <span class='ocrx_word' id='word_1_675' title='bbox 2985 2457 3281 2522; x_wconf 86' lang='lat' dir='ltr'><strong>audientes,</strong></span> <span class='ocrx_word' id='word_1_676' title='bbox 3327 2473 3418 2512; x_wconf 89' lang='lat' dir='ltr'><strong>eos</strong></span> <span class='ocrx_word' id='word_1_677' title='bbox 3469 2461 3737 2513; x_wconf 85' lang='lat' dir='ltr'><strong>interﬁce-</strong></span> 
     </span>
    </p>
   </div>
   <div class='ocr_carea' id='block_1_84' title="bbox 2162 2543 3732 2613">
    <p class='ocr_par' dir='ltr' id='par_1_84' title="bbox 2162 2543 3732 2613">
     <span class='ocr_line' id='line_1_85' title="bbox 2162 2543 3732 2613; baseline 0.006 -21"><span class='ocrx_word' id='word_1_678' title='bbox 2162 2549 2281 2593; x_wconf 86' lang='lat' dir='ltr'><strong>rent</strong></span> <span class='ocrx_word' id='word_1_679' title='bbox 2305 2544 2392 2609; x_wconf 92' lang='lat' dir='ltr'><strong>qui</strong></span> <span class='ocrx_word' id='word_1_680' title='bbox 2438 2543 2552 2595; x_wconf 72' lang='lat' dir='ltr'><strong>hmc</strong></span> <span class='ocrx_word' id='word_1_681' title='bbox 2596 2543 2864 2608; x_wconf 86' lang='lat' dir='ltr'><strong>dicebant,</strong></span> <span class='ocrx_word' id='word_1_682' title='bbox 2917 2546 3368 2613; x_wconf 86' lang='lat' dir='ltr'><strong>interpretationis</strong></span> <span class='ocrx_word' id='word_1_683' title='bbox 3419 2547 3732 2602; x_wconf 80' lang='lat' dir='ltr'><strong>difﬁcultate</strong></span> 
     </span>
    </p>
   </div>
   <div class='ocr_carea' id='block_1_85' title="bbox 2165 2630 3731 2696">
    <p class='ocr_par' dir='ltr' id='par_1_85' title="bbox 2165 2630 3731 2696">
     <span class='ocr_line' id='line_1_86' title="bbox 2165 2630 3731 2696; baseline 0.008 -15"><span class='ocrx_word' id='word_1_684' title='bbox 2165 2630 2536 2696; x_wconf 69' lang='lat' dir='ltr'><strong>praedictiones</strong></span> <span class='ocrx_word' id='word_1_685' title='bbox 2566 2635 2918 2696; x_wconf 87' lang='lat' dir='ltr'><strong>occultarunt,</strong></span> <span class='ocrx_word' id='word_1_686' title='bbox 2945 2650 3008 2688; x_wconf 89' lang='lat' dir='ltr'><strong>ac</strong></span> <span class='ocrx_word' id='word_1_687' title='bbox 3034 2637 3196 2689; x_wconf 90' lang='lat' dir='ltr'><strong>multa</strong></span> <span class='ocrx_word' id='word_1_688' title='bbox 3224 2637 3547 2692; x_wconf 86' lang='lat' dir='ltr'><strong>obscuritate</strong></span> <span class='ocrx_word' id='word_1_689' title='bbox 3571 2639 3731 2693; x_wconf 87' lang='lat' dir='ltr'><strong>rebus</strong></span> 
     </span>
    </p>
   </div>
   <div class='ocr_carea' id='block_1_86' title="bbox 2162 2715 3719 2795">
    <p class='ocr_par' dir='ltr' id='par_1_86' title="bbox 2162 2715 3719 2795">
     <span class='ocr_line' id='line_1_87' title="bbox 2162 2715 3719 2795; baseline 0.008 -26"><span class='ocrx_word' id='word_1_690' title='bbox 2162 2715 2350 2782; x_wconf 71' lang='lat' dir='ltr'><strong>otiosa,</strong></span> <span class='ocrx_word' id='word_1_691' title='bbox 2383 2733 2476 2786; x_wconf 88' lang='lat' dir='ltr'><strong>per</strong></span> <span class='ocrx_word' id='word_1_692' title='bbox 2497 2733 2680 2773; x_wconf 90' lang='lat' dir='ltr'><strong>eorum</strong></span> <span class='ocrx_word' id='word_1_693' title='bbox 2708 2736 2822 2788; x_wconf 68' lang='lat' dir='ltr'><strong>quae</strong></span> <span class='ocrx_word' id='word_1_694' title='bbox 2855 2722 3171 2776; x_wconf 86' lang='lat' dir='ltr'><strong>dicebautur</strong></span> <span class='ocrx_word' id='word_1_695' title='bbox 3193 2725 3571 2780; x_wconf 85' lang='lat' dir='ltr'><strong>obscuritatem</strong></span> <span class='ocrx_word' id='word_1_696' title='bbox 3601 2744 3719 2795; x_wconf 55' lang='lat' dir='ltr'><strong>pro.</strong></span> 
     </span>
    </p>
   </div>
   <div class='ocr_carea' id='block_1_87' title="bbox 2163 2806 3728 2875">
    <p class='ocr_par' dir='ltr' id='par_1_87' title="bbox 2163 2806 3728 2875">
     <span class='ocr_line' id='line_1_88' title="bbox 2163 2806 3728 2875; baseline 0.009 -16"><span class='ocrx_word' id='word_1_697' title='bbox 2163 2806 2440 2875; x_wconf 90' lang='lat' dir='ltr'><strong>phetarum</strong></span> <span class='ocrx_word' id='word_1_698' title='bbox 2492 2810 2841 2865; x_wconf 84' lang='lat' dir='ltr'><strong>incolumitati</strong></span> <span class='ocrx_word' id='word_1_699' title='bbox 2894 2815 3292 2869; x_wconf 88' lang='lat' dir='ltr'><strong>consuluerunt.</strong></span> <span class='ocrx_word' id='word_1_700' title='bbox 3327 2816 3476 2872; x_wconf 88' lang='lat' dir='ltr'><strong>Unde</strong></span> <span class='ocrx_word' id='word_1_701' title='bbox 3508 2835 3633 2872; x_wconf 77' lang='lat' dir='ltr'><strong>vero</strong></span> <span class='ocrx_word' id='word_1_702' title='bbox 3679 2821 3728 2873; x_wconf 90' lang='lat' dir='ltr'><strong>id</strong></span> 
     </span>
    </p>
   </div>
   <div class='ocr_carea' id='block_1_88' title="bbox 2161 2899 3731 2972">
    <p class='ocr_par' dir='ltr' id='par_1_88' title="bbox 2161 2899 3731 2972">
     <span class='ocr_line' id='line_1_89' title="bbox 2161 2899 3731 2972; baseline 0.01 -25"><span class='ocrx_word' id='word_1_703' title='bbox 2161 2899 2411 2950; x_wconf 86' lang='lat' dir='ltr'><strong>constat?</strong></span> <span class='ocrx_word' id='word_1_704' title='bbox 2439 2899 2693 2954; x_wconf 82' lang='lat' dir='ltr'><strong>Rationes</strong></span> <span class='ocrx_word' id='word_1_705' title='bbox 2721 2903 2861 2955; x_wconf 90' lang='lat' dir='ltr'><strong>enim</strong></span> <span class='ocrx_word' id='word_1_706' title='bbox 2888 2918 2918 2955; x_wconf 87' lang='lat' dir='ltr'><strong>a</strong></span> <span class='ocrx_word' id='word_1_707' title='bbox 2945 2903 3098 2956; x_wconf 90' lang='lat' dir='ltr'><strong>nobis</strong></span> <span class='ocrx_word' id='word_1_708' title='bbox 3124 2904 3404 2960; x_wconf 78' lang='lat' dir='ltr'><strong>reddenda:</strong></span> <span class='ocrx_word' id='word_1_709' title='bbox 3426 2917 3568 2972; x_wconf 86' lang='lat' dir='ltr'><strong>sunt,</strong></span> <span class='ocrx_word' id='word_1_710' title='bbox 3599 2919 3731 2963; x_wconf 86' lang='lat' dir='ltr'><strong>tam-</strong></span> 
     </span>
    </p>
   </div>
   <div class='ocr_carea' id='block_1_89' title="bbox 2160 2986 3727 3063">
    <p class='ocr_par' dir='ltr' id='par_1_89' title="bbox 2160 2986 3727 3063">
     <span class='ocr_line' id='line_1_90' title="bbox 2160 2986 3727 3063; baseline 0.01 -26"><span class='ocrx_word' id='word_1_711' title='bbox 2160 2986 2259 3038; x_wconf 88' lang='lat' dir='ltr'><strong>etsi</strong></span> <span class='ocrx_word' id='word_1_712' title='bbox 2290 2988 2424 3040; x_wconf 91' lang='lat' dir='ltr'><strong>inter</strong></span> <span class='ocrx_word' id='word_1_713' title='bbox 2451 2991 2650 3043; x_wconf 89' lang='lat' dir='ltr'><strong>amicos</strong></span> <span class='ocrx_word' id='word_1_714' title='bbox 2677 2990 2837 3044; x_wconf 84' lang='lat' dir='ltr'><strong>verba</strong></span> <span class='ocrx_word' id='word_1_715' title='bbox 2869 2991 3091 3047; x_wconf 82' lang='lat' dir='ltr'><strong>iacimus</strong></span> <span class='ocrx_word' id='word_1_716' title='bbox 3123 3012 3135 3047; x_wconf 91' lang='lat'>:</span> <span class='ocrx_word' id='word_1_717' title='bbox 3161 2995 3418 3063; x_wconf 87' lang='lat' dir='ltr'><strong>siquidem</strong></span> <span class='ocrx_word' id='word_1_718' title='bbox 3448 2999 3594 3051; x_wconf 92' lang='lat' dir='ltr'><strong>multi</strong></span> <span class='ocrx_word' id='word_1_719' title='bbox 3619 3000 3727 3052; x_wconf 79' lang='lat' dir='ltr'><strong>for-</strong></span> 
     </span>
    </p>
   </div>
   <div class='ocr_carea' id='block_1_90' title="bbox 2163 3077 3729 3153">
    <p class='ocr_par' dir='ltr' id='par_1_90' title="bbox 2163 3077 3729 3153">
     <span class='ocr_line' id='line_1_91' title="bbox 2163 3077 3729 3153; baseline 0.01 -27"><span class='ocrx_word' id='word_1_720' title='bbox 2163 3077 2315 3129; x_wconf 89' lang='lat' dir='ltr'><strong>tassis</strong></span> <span class='ocrx_word' id='word_1_721' title='bbox 2352 3077 2542 3131; x_wconf 90' lang='lat' dir='ltr'><strong>adsunt</strong></span> <span class='ocrx_word' id='word_1_722' title='bbox 2613 3096 2715 3132; x_wconf 88' lang='lat' dir='ltr'><strong>non</strong></span> <span class='ocrx_word' id='word_1_723' title='bbox 2757 3081 2933 3134; x_wconf 90' lang='lat' dir='ltr'><strong>amici.</strong></span> <span class='ocrx_word' id='word_1_724' title='bbox 2989 3083 3202 3137; x_wconf 85' lang='lat' dir='ltr'><strong>Discant</strong></span> <span class='ocrx_word' id='word_1_725' title='bbox 3242 3086 3401 3153; x_wconf 89' lang='lat' dir='ltr'><strong>igitur</strong></span> <span class='ocrx_word' id='word_1_726' title='bbox 3430 3087 3542 3140; x_wconf 62' lang='lat' dir='ltr'><strong>haec</strong></span> <span class='ocrx_word' id='word_1_727' title='bbox 3568 3089 3729 3142; x_wconf 86' lang='lat' dir='ltr'><strong>etiam</strong></span> 
     </span>
    </p>
   </div>
   <div class='ocr_carea' id='block_1_91' title="bbox 2162 3162 3732 3235">
    <p class='ocr_par' dir='ltr' id='par_1_91' title="bbox 2162 3162 3732 3235">
     <span class='ocr_line' id='line_1_92' title="bbox 2162 3162 3732 3235; baseline 0.011 -22"><span class='ocrx_word' id='word_1_728' title='bbox 2162 3162 2256 3226; x_wconf 91' lang='lat' dir='ltr'><strong>illi,</strong></span> <span class='ocrx_word' id='word_1_729' title='bbox 2287 3173 2340 3215; x_wconf 91' lang='lat' dir='ltr'><strong>ut</strong></span> <span class='ocrx_word' id='word_1_730' title='bbox 2368 3175 2420 3217; x_wconf 93' lang='lat' dir='ltr'><strong>ct</strong></span> <span class='ocrx_word' id='word_1_731' title='bbox 2448 3166 2603 3218; x_wconf 90' lang='lat' dir='ltr'><strong>amici</strong></span> <span class='ocrx_word' id='word_1_732' title='bbox 2647 3167 2743 3235; x_wconf 89' lang='lat' dir='ltr'><strong>ipsi</strong></span> <span class='ocrx_word' id='word_1_733' title='bbox 2795 3169 2943 3222; x_wconf 87' lang='lat' dir='ltr'><strong>ﬁant.</strong></span> <span class='ocrx_word' id='word_1_734' title='bbox 2971 3170 3108 3234; x_wconf 81' lang='lat' dir='ltr'><strong>Dixi,</strong></span> <span class='ocrx_word' id='word_1_735' title='bbox 3129 3174 3171 3223; x_wconf 91' lang='lat' dir='ltr'><strong>si</strong></span> <span class='ocrx_word' id='word_1_736' title='bbox 3207 3172 3373 3226; x_wconf 70' lang='lat' dir='ltr'><strong>Judtci</strong></span> <span class='ocrx_word' id='word_1_737' title='bbox 3400 3175 3732 3231; x_wconf 88' lang='lat' dir='ltr'><strong>audivissent</strong></span> 
     </span>
    </p>
   </div>
   <div class='ocr_carea' id='block_1_92' title="bbox 2160 3251 3734 3328">
    <p class='ocr_par' dir='ltr' id='par_1_92' title="bbox 2160 3251 3734 3328">
     <span class='ocr_line' id='line_1_93' title="bbox 2160 3251 3734 3328; baseline 0.011 -27"><span class='ocrx_word' id='word_1_738' title='bbox 2160 3251 2319 3315; x_wconf 83' lang='lat' dir='ltr'><strong>mala,</strong></span> <span class='ocrx_word' id='word_1_739' title='bbox 2371 3269 2488 3321; x_wconf 79' lang='lat' dir='ltr'><strong>quae</strong></span> <span class='ocrx_word' id='word_1_740' title='bbox 2543 3257 2992 3324; x_wconf 79' lang='lat' dir='ltr'><strong>comprehensum</strong></span> <span class='ocrx_word' id='word_1_741' title='bbox 3036 3259 3156 3313; x_wconf 91' lang='lat' dir='ltr'><strong>illos</strong></span> <span class='ocrx_word' id='word_1_742' title='bbox 3187 3270 3366 3324; x_wconf 88' lang='lat' dir='ltr'><strong>erant,</strong></span> <span class='ocrx_word' id='word_1_743' title='bbox 3399 3277 3458 3316; x_wconf 88' lang='lat' dir='ltr'><strong>ac</strong></span> <span class='ocrx_word' id='word_1_744' title='bbox 3503 3263 3634 3328; x_wconf 78' lang='lat' dir='ltr'><strong>fore,</strong></span> <span class='ocrx_word' id='word_1_745' title='bbox 3676 3277 3734 3320; x_wconf 92' lang='lat' dir='ltr'><strong>ut</strong></span> 
     </span>
    </p>
   </div>
   <div class='ocr_carea' id='block_1_93' title="bbox 2162 3341 3730 3423">
    <p class='ocr_par' dir='ltr' id='par_1_93' title="bbox 2162 3341 3730 3423">
     <span class='ocr_line' id='line_1_94' title="bbox 2162 3341 3730 3423; baseline 0.011 -33"><span class='ocrx_word' id='word_1_746' title='bbox 2162 3348 2376 3408; x_wconf 85' lang='lat' dir='ltr'><strong>propter</strong></span> <span class='ocrx_word' id='word_1_747' title='bbox 2395 3341 2663 3398; x_wconf 88' lang='lat' dir='ltr'><strong>Christum</strong></span> <span class='ocrx_word' id='word_1_748' title='bbox 2689 3347 3070 3401; x_wconf 82' lang='lat' dir='ltr'><strong>exscindantur</strong></span> <span class='ocrx_word' id='word_1_749' title='bbox 3093 3349 3424 3422; x_wconf 85' lang='lat' dir='ltr'><strong>Jcrosolyma</strong></span> <span class='ocrx_word' id='word_1_750' title='bbox 3455 3354 3506 3406; x_wconf 92' lang='lat' dir='ltr'><strong>in</strong></span> <span class='ocrx_word' id='word_1_751' title='bbox 3539 3370 3730 3423; x_wconf 88' lang='lat' dir='ltr'><strong>perpe-</strong></span> 
     </span>
    </p>
   </div>
   <div class='ocr_carea' id='block_1_94' title="bbox 2163 3437 3729 3509">
    <p class='ocr_par' dir='ltr' id='par_1_94' title="bbox 2163 3437 3729 3509">
     <span class='ocr_line' id='line_1_95' title="bbox 2163 3437 3729 3509; baseline 0.013 -29"><span class='ocrx_word' id='word_1_752' title='bbox 2163 3437 2330 3495; x_wconf 91' lang='lat' dir='ltr'><strong>tuum,</strong></span> <span class='ocrx_word' id='word_1_753' title='bbox 2384 3446 2481 3486; x_wconf 91' lang='lat' dir='ltr'><strong>nec</strong></span> <span class='ocrx_word' id='word_1_754' title='bbox 2523 3449 2770 3503; x_wconf 88' lang='lat' dir='ltr'><strong>umquam</strong></span> <span class='ocrx_word' id='word_1_755' title='bbox 2821 3439 3051 3506; x_wconf 88' lang='lat' dir='ltr'><strong>amplius</strong></span> <span class='ocrx_word' id='word_1_756' title='bbox 3097 3441 3472 3509; x_wconf 88' lang='lat' dir='ltr'><strong>instaurentur,</strong></span> <span class='ocrx_word' id='word_1_757' title='bbox 3529 3445 3641 3499; x_wconf 77' lang='lat' dir='ltr'><strong>haec</strong></span> <span class='ocrx_word' id='word_1_758' title='bbox 3686 3447 3729 3501; x_wconf 89' lang='lat' dir='ltr'><strong>si</strong></span> 
     </span>
    </p>
   </div>
   <div class='ocr_carea' id='block_1_95' title="bbox 2161 3521 3730 3604">
    <p class='ocr_par' dir='ltr' id='par_1_95' title="bbox 2161 3521 3730 3604">
     <span class='ocr_line' id='line_1_96' title="bbox 2161 3521 3730 3604; baseline 0.011 -33"><span class='ocrx_word' id='word_1_759' title='bbox 2161 3521 2438 3588; x_wconf 89' lang='lat' dir='ltr'><strong>perspicue</strong></span> <span class='ocrx_word' id='word_1_760' title='bbox 2467 3538 2494 3574; x_wconf 86' lang='lat' dir='ltr'><strong>a</strong></span> <span class='ocrx_word' id='word_1_761' title='bbox 2518 3525 2792 3591; x_wconf 87' lang='lat' dir='ltr'><strong>prophetis</strong></span> <span class='ocrx_word' id='word_1_762' title='bbox 2821 3527 3166 3592; x_wconf 89' lang='lat' dir='ltr'><strong>audivissent,</strong></span> <span class='ocrx_word' id='word_1_763' title='bbox 3185 3531 3461 3586; x_wconf 79' lang='lat' dir='ltr'><strong>confestim</strong></span> <span class='ocrx_word' id='word_1_764' title='bbox 3492 3548 3606 3598; x_wconf 86' lang='lat' dir='ltr'><strong>eos,</strong></span> <span class='ocrx_word' id='word_1_765' title='bbox 3637 3537 3730 3604; x_wconf 90' lang='lat' dir='ltr'><strong>qui</strong></span> 
     </span>
    </p>
   </div>
   <div class='ocr_carea' id='block_1_96' title="bbox 2162 3609 3730 3692">
    <p class='ocr_par' dir='ltr' id='par_1_96' title="bbox 2162 3609 3730 3692">
     <span class='ocr_line' id='line_1_97' title="bbox 2162 3609 3730 3692; baseline 0.01 -31"><span class='ocrx_word' id='word_1_766' title='bbox 2162 3609 2275 3663; x_wconf 82' lang='lat' dir='ltr'><strong>haec</strong></span> <span class='ocrx_word' id='word_1_767' title='bbox 2295 3610 2663 3680; x_wconf 86' lang='lat' dir='ltr'><strong>loquebantur,</strong></span> <span class='ocrx_word' id='word_1_768' title='bbox 2696 3615 3036 3671; x_wconf 90' lang='lat' dir='ltr'><strong>occidissent.</strong></span> <span class='ocrx_word' id='word_1_769' title='bbox 3069 3617 3218 3673; x_wconf 89' lang='lat' dir='ltr'><strong>Unde</strong></span> <span class='ocrx_word' id='word_1_770' title='bbox 3247 3621 3405 3689; x_wconf 89' lang='lat' dir='ltr'><strong>igitur</strong></span> <span class='ocrx_word' id='word_1_771' title='bbox 3435 3621 3486 3675; x_wconf 90' lang='lat' dir='ltr'><strong>id</strong></span> <span class='ocrx_word' id='word_1_772' title='bbox 3517 3623 3681 3692; x_wconf 82' lang='lat' dir='ltr'><strong>liquet</strong></span> <span class='ocrx_word' id='word_1_773' title='bbox 3707 3623 3730 3676; x_wconf 84' lang='lat'><strong>?</strong></span> 
     </span>
    </p>
   </div>
   <div class='ocr_carea' id='block_1_97' title="bbox 2162 3699 3730 3774">
    <p class='ocr_par' dir='ltr' id='par_1_97' title="bbox 2162 3699 3730 3774">
     <span class='ocr_line' id='line_1_98' title="bbox 2162 3699 3730 3774; baseline 0.011 -23"><span class='ocrx_word' id='word_1_774' title='bbox 2162 3699 2394 3754; x_wconf 87' lang='lat' dir='ltr'><strong>Primum</strong></span> <span class='ocrx_word' id='word_1_775' title='bbox 2423 3703 2633 3770; x_wconf 89' lang='lat' dir='ltr'><strong>quidem</strong></span> <span class='ocrx_word' id='word_1_776' title='bbox 2678 3720 2741 3758; x_wconf 82' lang='lat' dir='ltr'><strong>ex</strong></span> <span class='ocrx_word' id='word_1_777' title='bbox 2791 3707 3025 3774; x_wconf 87' lang='lat' dir='ltr'><strong>ipsorum</strong></span> <span class='ocrx_word' id='word_1_778' title='bbox 3063 3711 3296 3763; x_wconf 84' lang='lat' dir='ltr'><strong>moribus</strong></span> <span class='ocrx_word' id='word_1_779' title='bbox 3325 3729 3338 3764; x_wconf 89' lang='lat'><strong>:</strong></span> <span class='ocrx_word' id='word_1_780' title='bbox 3368 3711 3552 3766; x_wconf 82' lang='lat' dir='ltr'><strong>furiosi</strong></span> <span class='ocrx_word' id='word_1_781' title='bbox 3587 3715 3730 3768; x_wconf 90' lang='lat' dir='ltr'><strong>enim</strong></span> 
     </span>
    </p>
   </div>
   <div class='ocr_carea' id='block_1_98' title="bbox 2161 3793 3731 3872">
    <p class='ocr_par' dir='ltr' id='par_1_98' title="bbox 2161 3793 3731 3872">
     <span class='ocr_line' id='line_1_99' title="bbox 2161 3793 3731 3872; baseline 0.009 -28"><span class='ocrx_word' id='word_1_782' title='bbox 2161 3799 2314 3844; x_wconf 87' lang='lat' dir='ltr'><strong>erant</strong></span> <span class='ocrx_word' id='word_1_783' title='bbox 2337 3807 2398 3845; x_wconf 90' lang='lat' dir='ltr'><strong>ac</strong></span> <span class='ocrx_word' id='word_1_784' title='bbox 2419 3793 2658 3847; x_wconf 87' lang='lat' dir='ltr'><strong>helluini.</strong></span> <span class='ocrx_word' id='word_1_785' title='bbox 2693 3795 2924 3865; x_wconf 86' lang='lat' dir='ltr'><strong>Populus</strong></span> <span class='ocrx_word' id='word_1_786' title='bbox 2959 3807 3041 3851; x_wconf 89' lang='lat' dir='ltr'><strong>est</strong></span> <span class='ocrx_word' id='word_1_787' title='bbox 3067 3813 3276 3868; x_wconf 89' lang='lat' dir='ltr'><strong>semper</strong></span> <span class='ocrx_word' id='word_1_788' title='bbox 3299 3802 3485 3857; x_wconf 89' lang='lat' dir='ltr'><strong>sitiens</strong></span> <span class='ocrx_word' id='word_1_789' title='bbox 3515 3804 3731 3872; x_wconf 75' lang='lat' dir='ltr'><strong>sangui-</strong></span> 
     </span>
    </p>
   </div>
   <div class='ocr_carea' id='block_1_99' title="bbox 2162 3883 3730 3949">
    <p class='ocr_par' dir='ltr' id='par_1_99' title="bbox 2162 3883 3730 3949">
     <span class='ocr_line' id='line_1_100' title="bbox 2162 3883 3730 3949; baseline 0.011 -19"><span class='ocrx_word' id='word_1_790' title='bbox 2162 3893 2282 3931; x_wconf 91' lang='lat' dir='ltr'><strong>nem</strong></span> <span class='ocrx_word' id='word_1_791' title='bbox 2309 3883 2704 3949; x_wconf 87' lang='lat' dir='ltr'><strong>prephetarum,</strong></span> <span class='ocrx_word' id='word_1_792' title='bbox 2734 3899 2922 3940; x_wconf 86' lang='lat' dir='ltr'><strong>manus</strong></span> <span class='ocrx_word' id='word_1_793' title='bbox 2957 3901 3144 3942; x_wconf 91' lang='lat' dir='ltr'><strong>eorum</strong></span> <span class='ocrx_word' id='word_1_794' title='bbox 3175 3891 3227 3942; x_wconf 92' lang='lat' dir='ltr'><strong>in</strong></span> <span class='ocrx_word' id='word_1_795' title='bbox 3257 3891 3492 3945; x_wconf 70' lang='lat' dir='ltr'><strong>emdibus</strong></span> <span class='ocrx_word' id='word_1_796' title='bbox 3520 3907 3578 3946; x_wconf 91' lang='lat' dir='ltr'><strong>se</strong></span> <span class='ocrx_word' id='word_1_797' title='bbox 3599 3910 3730 3949; x_wconf 86' lang='lat' dir='ltr'><strong>sau-</strong></span> 
     </span>
    </p>
   </div>
   <div class='ocr_carea' id='block_1_100' title="bbox 2161 3975 3731 4052">
    <p class='ocr_par' dir='ltr' id='par_1_100' title="bbox 2161 3975 3731 4052">
     <span class='ocr_line' id='line_1_101' title="bbox 2161 3975 3731 4052; baseline 0.013 -32"><span class='ocrx_word' id='word_1_798' title='bbox 2161 3977 2364 4022; x_wconf 91' lang='lat' dir='ltr'><strong>etorum</strong></span> <span class='ocrx_word' id='word_1_799' title='bbox 2395 3983 2761 4027; x_wconf 80' lang='lat' dir='ltr'><strong>exercuerant.</strong></span> <span class='ocrx_word' id='word_1_800' title='bbox 2790 3975 2915 4029; x_wconf 68' lang='lat' dir='ltr'><strong>Haec</strong></span> <span class='ocrx_word' id='word_1_801' title='bbox 2934 3977 3188 4033; x_wconf 87' lang='lat' dir='ltr'><strong>adversus</strong></span> <span class='ocrx_word' id='word_1_802' title='bbox 3209 3980 3328 4035; x_wconf 86' lang='lat' dir='ltr'><strong>illos</strong></span> <span class='ocrx_word' id='word_1_803' title='bbox 3349 3996 3567 4052; x_wconf 89' lang='lat' dir='ltr'><strong>magnus</strong></span> <span class='ocrx_word' id='word_1_804' title='bbox 3585 3983 3731 4040; x_wconf 86' lang='lat' dir='ltr'><strong>Elias</strong></span> 
     </span>
    </p>
   </div>
   <div class='ocr_carea' id='block_1_101' title="bbox 2163 4059 3730 4136">
    <p class='ocr_par' dir='ltr' id='par_1_101' title="bbox 2163 4059 3730 4136">
     <span class='ocr_line' id='line_1_102' title="bbox 2163 4059 3730 4136; baseline 0.01 -24"><span class='ocrx_word' id='word_1_805' title='bbox 2163 4059 2477 4114; x_wconf 72' lang='lat' dir='ltr'><strong>reciieratur</strong></span> <span class='ocrx_word' id='word_1_806' title='bbox 2514 4062 2698 4118; x_wconf 87' lang='lat' dir='ltr'><strong>dicens</strong></span> <span class='ocrx_word' id='word_1_807' title='bbox 2740 4083 2753 4116; x_wconf 92' lang='lat'>:</span> <span class='ocrx_word' id='word_1_808' title='bbox 2795 4064 3026 4130; x_wconf 88' lang='lat' dir='ltr'><strong>Domine,</strong></span> <span class='ocrx_word' id='word_1_809' title='bbox 3074 4068 3342 4136; x_wconf 80' lang='lat' dir='ltr'><strong>praphetas</strong></span> <span class='ocrx_word' id='word_1_810' title='bbox 3372 4080 3481 4124; x_wconf 85' lang='lat' dir='ltr'><strong>tuos</strong></span> <span class='ocrx_word' id='word_1_811' title='bbox 3533 4076 3730 4128; x_wconf 85' lang='lat' dir='ltr'><strong>occide-</strong></span> 
     </span>
    </p>
   </div>
   <div class='ocr_carea' id='block_1_102' title="bbox 2161 4151 3730 4230">
    <p class='ocr_par' dir='ltr' id='par_1_102' title="bbox 2161 4151 3730 4230">
     <span class='ocr_line' id='line_1_103' title="bbox 2161 4151 3730 4230; baseline 0.011 -31"><span class='ocrx_word' id='word_1_812' title='bbox 2161 4159 2296 4214; x_wconf 87' lang='lat' dir='ltr'><strong>runt,</strong></span> <span class='ocrx_word' id='word_1_813' title='bbox 2324 4151 2505 4202; x_wconf 84' lang='lat' dir='ltr'><strong>altaria</strong></span> <span class='ocrx_word' id='word_1_814' title='bbox 2527 4162 2611 4203; x_wconf 88' lang='lat' dir='ltr'><strong>tua</strong></span> <span class='ocrx_word' id='word_1_815' title='bbox 2636 4153 2895 4207; x_wconf 83' lang='lat' dir='ltr'><strong>diruerant</strong></span> <span class='ocrx_word' id='word_1_816' title='bbox 2925 4157 2943 4225; x_wconf 92' lang='lat'><strong>(</strong></span> <span class='ocrx_word' id='word_1_817' title='bbox 2970 4157 3022 4209; x_wconf 82' lang='grc'><strong>5.</strong></span> <span class='ocrx_word' id='word_1_818' title='bbox 3049 4157 3171 4225; x_wconf 83' lang='lat' dir='ltr'><strong>Reg.</strong></span> <span class='ocrx_word' id='word_1_819' title='bbox 3212 4157 3295 4213; x_wconf 75' lang='lat'><strong>19.</strong></span> <span class='ocrx_word' id='word_1_820' title='bbox 3321 4161 3389 4214; x_wconf 79' lang='grc'><strong>10</strong></span> <span class='ocrx_word' id='word_1_821' title='bbox 3418 4163 3458 4230; x_wconf 86' lang='grc'><strong>).</strong></span> <span class='ocrx_word' id='word_1_822' title='bbox 3489 4161 3730 4219; x_wconf 71' lang='lat' dir='ltr'><strong>Christus</strong></span> 
     </span>
    </p>
   </div>
   <div class='ocr_carea' id='block_1_103' title="bbox 2164 4239 3726 4322">
    <p class='ocr_par' dir='ltr' id='par_1_103' title="bbox 2164 4239 3726 4322">
     <span class='ocr_line' id='line_1_104' title="bbox 2164 4239 3726 4322; baseline 0.012 -31"><span class='ocrx_word' id='word_1_823' title='bbox 2164 4239 2373 4304; x_wconf 87' lang='lat' dir='ltr'><strong>iterum,</strong></span> <span class='ocrx_word' id='word_1_824' title='bbox 2404 4239 2704 4309; x_wconf 83' lang='lat' dir='ltr'><strong>Jerusalem,</strong></span> <span class='ocrx_word' id='word_1_825' title='bbox 2727 4243 3038 4311; x_wconf 78' lang='lat' dir='ltr'><strong>Jerusalem,</strong></span> <span class='ocrx_word' id='word_1_826' title='bbox 3073 4263 3182 4316; x_wconf 66' lang='lat' dir='ltr'><strong>quia</strong></span> <span class='ocrx_word' id='word_1_827' title='bbox 3210 4250 3390 4304; x_wconf 85' lang='lat' dir='ltr'><strong>occidit</strong></span> <span class='ocrx_word' id='word_1_828' title='bbox 3435 4256 3726 4322; x_wconf 81' lang='lat' dir='ltr'><strong>prop/tetas,</strong></span> 
     </span>
    </p>
   </div>
   <div class='ocr_carea' id='block_1_104' title="bbox 2161 4330 3728 4416">
    <p class='ocr_par' dir='ltr' id='par_1_104' title="bbox 2161 4330 3728 4416">
     <span class='ocr_line' id='line_1_105' title="bbox 2161 4330 3728 4416; baseline 0.011 -34"><span class='ocrx_word' id='word_1_829' title='bbox 2161 4339 2207 4382; x_wconf 85' lang='lat' dir='ltr'><strong>et</strong></span> <span class='ocrx_word' id='word_1_830' title='bbox 2236 4330 2426 4399; x_wconf 88' lang='lat' dir='ltr'><strong>lapidat</strong></span> <span class='ocrx_word' id='word_1_831' title='bbox 2446 4348 2546 4396; x_wconf 89' lang='lat' dir='ltr'><strong>eos,</strong></span> <span class='ocrx_word' id='word_1_832' title='bbox 2570 4335 2654 4403; x_wconf 89' lang='lat' dir='ltr'><strong>qui</strong></span> <span class='ocrx_word' id='word_1_833' title='bbox 2676 4334 2743 4386; x_wconf 90' lang='lat' dir='ltr'><strong>ad</strong></span> <span class='ocrx_word' id='word_1_834' title='bbox 2764 4336 2923 4404; x_wconf 78' lang='lat' dir='ltr'><strong>ipsam</strong></span> <span class='ocrx_word' id='word_1_835' title='bbox 2961 4339 3098 4390; x_wconf 87' lang='lat' dir='ltr'><strong>missi</strong></span> <span class='ocrx_word' id='word_1_836' title='bbox 3125 4349 3238 4392; x_wconf 82' lang='lat' dir='ltr'><strong>sunt</strong></span> <span class='ocrx_word' id='word_1_837' title='bbox 3266 4341 3474 4409; x_wconf 68' lang='lat' dir='ltr'><strong>(Matth.</strong></span> <span class='ocrx_word' id='word_1_838' title='bbox 3497 4343 3587 4399; x_wconf 73' lang='lat'><strong>9.3.</strong></span> <span class='ocrx_word' id='word_1_839' title='bbox 3615 4346 3728 4416; x_wconf 79' lang='lat'><strong>57).</strong></span> 
     </span>
    </p>
   </div>
   <div class='ocr_carea' id='block_1_105' title="bbox 2162 4419 3729 4492">
    <p class='ocr_par' dir='ltr' id='par_1_105' title="bbox 2162 4419 3729 4492">
     <span class='ocr_line' id='line_1_106' title="bbox 2162 4419 3729 4492; baseline 0.013 -21"><span class='ocrx_word' id='word_1_840' title='bbox 2162 4419 2231 4472; x_wconf 88' lang='lat' dir='ltr'><strong>Et</strong></span> <span class='ocrx_word' id='word_1_841' title='bbox 2254 4420 2412 4476; x_wconf 85' lang='lat' dir='ltr'><strong>Isaias</strong></span> <span class='ocrx_word' id='word_1_842' title='bbox 2434 4423 2650 4477; x_wconf 73' lang='lat' dir='ltr'><strong>eosdem</strong></span> <span class='ocrx_word' id='word_1_843' title='bbox 2690 4441 2948 4480; x_wconf 87' lang='lat' dir='ltr'><strong>accusans</strong></span> <span class='ocrx_word' id='word_1_844' title='bbox 2973 4427 3055 4482; x_wconf 91' lang='lat' dir='ltr'><strong>his</strong></span> <span class='ocrx_word' id='word_1_845' title='bbox 3084 4445 3369 4487; x_wconf 88' lang='lat' dir='ltr'><strong>consonam</strong></span> <span class='ocrx_word' id='word_1_846' title='bbox 3400 4451 3583 4490; x_wconf 73' lang='lat' dir='ltr'><strong>vocem</strong></span> <span class='ocrx_word' id='word_1_847' title='bbox 3609 4441 3729 4492; x_wconf 88' lang='lat' dir='ltr'><strong>mit-</strong></span> 
     </span>
    </p>
   </div>
   <div class='ocr_carea' id='block_1_106' title="bbox 2164 4512 3727 4592">
    <p class='ocr_par' dir='ltr' id='par_1_106' title="bbox 2164 4512 3727 4592">
     <span class='ocr_line' id='line_1_107' title="bbox 2164 4512 3727 4592; baseline 0.012 -29"><span class='ocrx_word' id='word_1_848' title='bbox 2164 4521 2279 4564; x_wconf 87' lang='lat' dir='ltr'><strong>tens</strong></span> <span class='ocrx_word' id='word_1_849' title='bbox 2315 4513 2419 4566; x_wconf 88' lang='lat' dir='ltr'><strong>ait:</strong></span> <span class='ocrx_word' id='word_1_850' title='bbox 2445 4512 2630 4566; x_wconf 76' lang='lat' dir='ltr'><strong>Manus</strong></span> <span class='ocrx_word' id='word_1_851' title='bbox 2653 4525 2823 4568; x_wconf 78' lang='lat' dir='ltr'><strong>vestra:</strong></span> <span class='ocrx_word' id='word_1_852' title='bbox 2861 4518 3022 4586; x_wconf 77' lang='lat' dir='ltr'><strong>plena:</strong></span> <span class='ocrx_word' id='word_1_853' title='bbox 3042 4530 3158 4572; x_wconf 84' lang='lat' dir='ltr'><strong>sunt</strong></span> <span class='ocrx_word' id='word_1_854' title='bbox 3184 4523 3426 4589; x_wconf 81' lang='lat' dir='ltr'><strong>sanguine</strong></span> <span class='ocrx_word' id='word_1_855' title='bbox 3463 4529 3480 4592; x_wconf 94' lang='lat'><strong>(</strong></span> <span class='ocrx_word' id='word_1_856' title='bbox 3505 4524 3632 4579; x_wconf 79' lang='grc' dir='ltr'><strong>1εαί.</strong></span> <span class='ocrx_word' id='word_1_857' title='bbox 3673 4530 3727 4581; x_wconf 84' lang='grc'><strong>1.</strong></span> 
     </span>
    </p>
   </div>
   <div class='ocr_carea' id='block_1_107' title="bbox 2162 4602 3729 4684">
    <p class='ocr_par' dir='ltr' id='par_1_107' title="bbox 2162 4602 3729 4684">
     <span class='ocr_line' id='line_1_108' title="bbox 2162 4602 3729 4684; baseline 0.009 -30"><span class='ocrx_word' id='word_1_858' title='bbox 2162 4602 2273 4671; x_wconf 83' lang='grc'><strong>15).</strong></span> <span class='ocrx_word' id='word_1_859' title='bbox 2305 4602 2372 4656; x_wconf 85' lang='grc' dir='ltr'><strong>Ει</strong></span> <span class='ocrx_word' id='word_1_860' title='bbox 2394 4618 2576 4657; x_wconf 90' lang='lat' dir='ltr'><strong>rursus</strong></span> <span class='ocrx_word' id='word_1_861' title='bbox 2599 4605 2839 4659; x_wconf 89' lang='lat' dir='ltr'><strong>Christus</strong></span> <span class='ocrx_word' id='word_1_862' title='bbox 2872 4623 2886 4658; x_wconf 90' lang='lat'><strong>:</strong></span> <span class='ocrx_word' id='word_1_863' title='bbox 2918 4605 3102 4661; x_wconf 85' lang='lat' dir='ltr'><strong>Patres</strong></span> <span class='ocrx_word' id='word_1_864' title='bbox 3130 4611 3277 4662; x_wconf 82' lang='lat' dir='ltr'><strong>vestri</strong></span> <span class='ocrx_word' id='word_1_865' title='bbox 3301 4613 3586 4667; x_wconf 85' lang='lat' dir='ltr'><strong>occiderunt</strong></span> <span class='ocrx_word' id='word_1_866' title='bbox 3604 4632 3729 4684; x_wconf 84' lang='lat' dir='ltr'><strong>pro-</strong></span> 
     </span>
    </p>
   </div>
   <div class='ocr_carea' id='block_1_108' title="bbox 2162 4691 3728 4764">
    <p class='ocr_par' dir='ltr' id='par_1_108' title="bbox 2162 4691 3728 4764">
     <span class='ocr_line' id='line_1_109' title="bbox 2162 4691 3728 4764; baseline 0.01 -22"><span class='ocrx_word' id='word_1_867' title='bbox 2162 4691 2354 4759; x_wconf 85' lang='lat' dir='ltr'><strong>phetas,</strong></span> <span class='ocrx_word' id='word_1_868' title='bbox 2380 4708 2464 4745; x_wconf 86' lang='lat' dir='ltr'><strong>vos</strong></span> <span class='ocrx_word' id='word_1_869' title='bbox 2493 4702 2656 4744; x_wconf 85' lang='lat' dir='ltr'><strong>autem</strong></span> <span class='ocrx_word' id='word_1_870' title='bbox 2693 4694 2915 4761; x_wconf 83' lang='lat' dir='ltr'><strong>ipsorum</strong></span> <span class='ocrx_word' id='word_1_871' title='bbox 2954 4697 3218 4764; x_wconf 82' lang='lat' dir='ltr'><strong>a’di/icatis</strong></span> <span class='ocrx_word' id='word_1_872' title='bbox 3247 4712 3568 4755; x_wconf 87' lang='lat' dir='ltr'><strong>monumenta</strong></span> <span class='ocrx_word' id='word_1_873' title='bbox 3597 4720 3616 4757; x_wconf 87' lang='lat'><strong><em>:</em></strong></span> <span class='ocrx_word' id='word_1_874' title='bbox 3641 4706 3728 4756; x_wconf 85' lang='lat' dir='ltr'><strong>im-</strong></span> 
     </span>
    </p>
   </div>
   <div class='ocr_carea' id='block_1_109' title="bbox 2162 4782 3726 4861">
    <p class='ocr_par' dir='ltr' id='par_1_109' title="bbox 2162 4782 3726 4861">
     <span class='ocr_line' id='line_1_110' title="bbox 2162 4782 3726 4861; baseline 0.008 -29"><span class='ocrx_word' id='word_1_875' title='bbox 2162 4782 2290 4847; x_wconf 83' lang='lat' dir='ltr'><strong>plete</strong></span> <span class='ocrx_word' id='word_1_876' title='bbox 2310 4796 2593 4841; x_wconf 73' lang='lat' dir='ltr'><strong>mensuram</strong></span> <span class='ocrx_word' id='word_1_877' title='bbox 2620 4792 2818 4848; x_wconf 84' lang='lat' dir='ltr'><strong>patrum</strong></span> <span class='ocrx_word' id='word_1_878' title='bbox 2838 4794 3110 4836; x_wconf 82' lang='lat' dir='ltr'><strong>vestrorum</strong></span> <span class='ocrx_word' id='word_1_879' title='bbox 3129 4785 3341 4854; x_wconf 74' lang='lat' dir='ltr'><strong>(Matth.</strong></span> <span class='ocrx_word' id='word_1_880' title='bbox 3371 4787 3459 4842; x_wconf 65' lang='lat'><strong>25.</strong></span> <span class='ocrx_word' id='word_1_881' title='bbox 3492 4791 3582 4844; x_wconf 76' lang='lat' dir='ltr'><strong>3i.</strong></span> <span class='ocrx_word' id='word_1_882' title='bbox 3615 4792 3726 4861; x_wconf 70' lang='lat'><strong>3‘2).</strong></span> 
     </span>
    </p>
   </div>
   <div class='ocr_carea' id='block_1_110' title="bbox 2161 4870 3730 4936">
    <p class='ocr_par' dir='ltr' id='par_1_110' title="bbox 2161 4870 3730 4936">
     <span class='ocr_line' id='line_1_111' title="bbox 2161 4870 3730 4936; baseline 0.008 -12"><span class='ocrx_word' id='word_1_883' title='bbox 2161 4870 2321 4925; x_wconf 81' lang='lat' dir='ltr'><strong>Vides</strong></span> <span class='ocrx_word' id='word_1_884' title='bbox 2369 4880 2427 4923; x_wconf 91' lang='lat' dir='ltr'><strong>ut</strong></span> <span class='ocrx_word' id='word_1_885' title='bbox 2471 4882 2524 4924; x_wconf 88' lang='lat' dir='ltr'><strong>et</strong></span> <span class='ocrx_word' id='word_1_886' title='bbox 2567 4871 2820 4925; x_wconf 90' lang='lat' dir='ltr'><strong>Dominus</strong></span> <span class='ocrx_word' id='word_1_887' title='bbox 2848 4883 2902 4926; x_wconf 92' lang='lat' dir='ltr'><strong>et</strong></span> <span class='ocrx_word' id='word_1_888' title='bbox 2930 4875 3067 4926; x_wconf 88' lang='lat' dir='ltr'><strong>servi</strong></span> <span class='ocrx_word' id='word_1_889' title='bbox 3117 4875 3406 4930; x_wconf 88' lang='lat' dir='ltr'><strong>homicidas</strong></span> <span class='ocrx_word' id='word_1_890' title='bbox 3447 4879 3568 4933; x_wconf 90' lang='lat' dir='ltr'><strong>illos</strong></span> <span class='ocrx_word' id='word_1_891' title='bbox 3611 4895 3730 4936; x_wconf 63' lang='lat' dir='ltr'><strong>esse</strong></span> 
     </span>
    </p>
   </div>
   <div class='ocr_carea' id='block_1_111' title="bbox 2163 4961 3730 5037">
    <p class='ocr_par' dir='ltr' id='par_1_111' title="bbox 2163 4961 3730 5037">
     <span class='ocr_line' id='line_1_112' title="bbox 2163 4961 3730 5037; baseline 0.007 -23"><span class='ocrx_word' id='word_1_892' title='bbox 2163 4962 2456 5014; x_wconf 85' lang='lat' dir='ltr'><strong>testentur?</strong></span> <span class='ocrx_word' id='word_1_893' title='bbox 2482 4961 2618 5026; x_wconf 84' lang='lat' dir='ltr'><strong>Quid</strong></span> <span class='ocrx_word' id='word_1_894' title='bbox 2641 4972 2723 5016; x_wconf 88' lang='lat' dir='ltr'><strong>est</strong></span> <span class='ocrx_word' id='word_1_895' title='bbox 2741 4971 2939 5029; x_wconf 88' lang='lat' dir='ltr'><strong>aulem,</strong></span> <span class='ocrx_word' id='word_1_896' title='bbox 2971 4963 3184 5033; x_wconf 83' lang='lat' dir='ltr'><strong>lmplete</strong></span> <span class='ocrx_word' id='word_1_897' title='bbox 3213 4983 3495 5020; x_wconf 81' lang='lat' dir='ltr'><strong>mensuram</strong></span> <span class='ocrx_word' id='word_1_898' title='bbox 3529 4980 3730 5037; x_wconf 81' lang='lat' dir='ltr'><strong>patrum</strong></span> 
     </span>
    </p>
   </div>
   <div class='ocr_carea' id='block_1_112' title="bbox 2159 5049 3730 5126">
    <p class='ocr_par' dir='ltr' id='par_1_112' title="bbox 2159 5049 3730 5126">
     <span class='ocr_line' id='line_1_113' title="bbox 2159 5049 3730 5126; baseline 0.008 -23"><span class='ocrx_word' id='word_1_899' title='bbox 2159 5052 2470 5103; x_wconf 83' lang='lat' dir='ltr'><strong>vestrorum?</strong></span> <span class='ocrx_word' id='word_1_900' title='bbox 2495 5049 2574 5103; x_wconf 80' lang='lat' dir='ltr'><strong>Me</strong></span> <span class='ocrx_word' id='word_1_901' title='bbox 2601 5065 2835 5118; x_wconf 89' lang='lat' dir='ltr'><strong>quoque,</strong></span> <span class='ocrx_word' id='word_1_902' title='bbox 2864 5053 3052 5121; x_wconf 90' lang='lat' dir='ltr'><strong>inquit,</strong></span> <span class='ocrx_word' id='word_1_903' title='bbox 3086 5055 3309 5110; x_wconf 89' lang='lat' dir='ltr'><strong>occidite</strong></span> <span class='ocrx_word' id='word_1_904' title='bbox 3339 5074 3353 5108; x_wconf 86' lang='lat'><strong>:</strong></span> <span class='ocrx_word' id='word_1_905' title='bbox 3380 5057 3592 5126; x_wconf 86' lang='lat' dir='ltr'><strong>adjicite</strong></span> <span class='ocrx_word' id='word_1_906' title='bbox 3616 5075 3730 5114; x_wconf 89' lang='lat' dir='ltr'><strong>ser-</strong></span> 
     </span>
    </p>
   </div>
   <div class='ocr_carea' id='block_1_113' title="bbox 2158 5140 3730 5206">
    <p class='ocr_par' dir='ltr' id='par_1_113' title="bbox 2158 5140 3730 5206">
     <span class='ocr_line' id='line_1_114' title="bbox 2158 5140 3730 5206; baseline 0.009 -14"><span class='ocrx_word' id='word_1_907' title='bbox 2158 5155 2344 5194; x_wconf 86' lang='lat' dir='ltr'><strong>verum</strong></span> <span class='ocrx_word' id='word_1_908' title='bbox 2373 5140 2604 5194; x_wconf 60' lang='lat' dir='ltr'><strong>caedibus</strong></span> <span class='ocrx_word' id='word_1_909' title='bbox 2632 5155 2812 5194; x_wconf 90' lang='lat' dir='ltr'><strong>necem</strong></span> <span class='ocrx_word' id='word_1_910' title='bbox 2846 5141 3076 5197; x_wconf 84' lang='lat' dir='ltr'><strong>Domini.</strong></span> <span class='ocrx_word' id='word_1_911' title='bbox 3103 5143 3248 5198; x_wconf 88' lang='lat' dir='ltr'><strong>Licet</strong></span> <span class='ocrx_word' id='word_1_912' title='bbox 3268 5146 3409 5200; x_wconf 86' lang='lat' dir='ltr'><strong>enim</strong></span> <span class='ocrx_word' id='word_1_913' title='bbox 3430 5149 3576 5203; x_wconf 90' lang='lat' dir='ltr'><strong>mille</strong></span> <span class='ocrx_word' id='word_1_914' title='bbox 3595 5152 3730 5206; x_wconf 87' lang='lat' dir='ltr'><strong>occi-</strong></span> 
     </span>
    </p>
   </div>
   <div class='ocr_carea' id='block_1_114' title="bbox 2158 5228 3725 5295">
    <p class='ocr_par' dir='ltr' id='par_1_114' title="bbox 2158 5228 3725 5295">
     <span class='ocr_line' id='line_1_115' title="bbox 2158 5228 3725 5295; baseline 0.008 -15"><span class='ocrx_word' id='word_1_915' title='bbox 2158 5228 2336 5281; x_wconf 89' lang='lat' dir='ltr'><strong>derint</strong></span> <span class='ocrx_word' id='word_1_916' title='bbox 2382 5228 2645 5292; x_wconf 83' lang='lat' dir='ltr'><strong>homines,</strong></span> <span class='ocrx_word' id='word_1_917' title='bbox 2697 5238 2752 5282; x_wconf 89' lang='lat' dir='ltr'><strong>at</strong></span> <span class='ocrx_word' id='word_1_918' title='bbox 2793 5242 3082 5284; x_wconf 84' lang='lat' dir='ltr'><strong>conservos</strong></span> <span class='ocrx_word' id='word_1_919' title='bbox 3124 5246 3310 5286; x_wconf 89' lang='lat' dir='ltr'><strong>omnes</strong></span> <span class='ocrx_word' id='word_1_920' title='bbox 3359 5250 3372 5284; x_wconf 94' lang='lat'><strong>:</strong></span> <span class='ocrx_word' id='word_1_921' title='bbox 3427 5249 3548 5288; x_wconf 86' lang='lat' dir='ltr'><strong>cum</strong></span> <span class='ocrx_word' id='word_1_922' title='bbox 3599 5255 3725 5295; x_wconf 89' lang='lat' dir='ltr'><strong>vero</strong></span> 
     </span>
    </p>
   </div>
   <div class='ocr_carea' id='block_1_115' title="bbox 2158 5306 3725 5395">
    <p class='ocr_par' dir='ltr' id='par_1_115' title="bbox 2158 5306 3725 5395">
     <span class='ocr_line' id='line_1_116' title="bbox 2158 5306 3725 5395; baseline 0.006 -23"><span class='ocrx_word' id='word_1_923' title='bbox 2158 5328 2341 5372; x_wconf 90' lang='lat' dir='ltr'><strong>contra</strong></span> <span class='ocrx_word' id='word_1_924' title='bbox 2371 5306 2649 5372; x_wconf 89' lang='lat' dir='ltr'><strong>Dominum</strong></span> <span class='ocrx_word' id='word_1_925' title='bbox 2691 5332 2882 5374; x_wconf 88' lang='lat' dir='ltr'><strong>manus</strong></span> <span class='ocrx_word' id='word_1_926' title='bbox 2931 5319 3316 5388; x_wconf 76' lang='lat' dir='ltr'><strong>extenderunt,</strong></span> <span class='ocrx_word' id='word_1_927' title='bbox 3345 5331 3469 5378; x_wconf 92' lang='lat' dir='ltr'><strong>tunc</strong></span> <span class='ocrx_word' id='word_1_928' title='bbox 3513 5325 3725 5395; x_wconf 87' lang='lat' dir='ltr'><strong>impleta</strong></span> 
     </span>
    </p>
   </div>
   <div class='ocr_carea' id='block_1_116' title="bbox 2157 5410 3726 5476">
    <p class='ocr_par' dir='ltr' id='par_1_116' title="bbox 2157 5410 3726 5476">
     <span class='ocr_line' id='line_1_117' title="bbox 2157 5410 3726 5476; baseline 0.007 -15"><span class='ocrx_word' id='word_1_929' title='bbox 2157 5423 2402 5462; x_wconf 88' lang='lat' dir='ltr'><strong>mensura</strong></span> <span class='ocrx_word' id='word_1_930' title='bbox 2429 5419 2550 5464; x_wconf 91' lang='lat' dir='ltr'><strong>est:</strong></span> <span class='ocrx_word' id='word_1_931' title='bbox 2582 5419 2635 5463; x_wconf 86' lang='lat' dir='ltr'><strong>et</strong></span> <span class='ocrx_word' id='word_1_932' title='bbox 2672 5410 2884 5464; x_wconf 88' lang='lat' dir='ltr'><strong>merito.</strong></span> <span class='ocrx_word' id='word_1_933' title='bbox 2936 5410 3197 5476; x_wconf 89' lang='lat' dir='ltr'><strong>Quamdiu</strong></span> <span class='ocrx_word' id='word_1_934' title='bbox 3253 5415 3394 5468; x_wconf 90' lang='lat' dir='ltr'><strong>enim</strong></span> <span class='ocrx_word' id='word_1_935' title='bbox 3445 5415 3726 5472; x_wconf 88' lang='lat' dir='ltr'><strong>Dominum</strong></span> 
     </span>
    </p>
   </div>
   <div class='ocr_carea' id='block_1_117' title="bbox 2157 5501 3727 5572">
    <p class='ocr_par' dir='ltr' id='par_1_117' title="bbox 2157 5501 3727 5572">
     <span class='ocr_line' id='line_1_118' title="bbox 2157 5501 3727 5572; baseline 0.004 -18"><span class='ocrx_word' id='word_1_936' title='bbox 2157 5516 2262 5555; x_wconf 89' lang='lat' dir='ltr'><strong>non</strong></span> <span class='ocrx_word' id='word_1_937' title='bbox 2285 5501 2614 5567; x_wconf 90' lang='lat' dir='ltr'><strong>occiderunt,</strong></span> <span class='ocrx_word' id='word_1_938' title='bbox 2644 5515 2794 5572; x_wconf 78' lang='lat' dir='ltr'><strong>Spem</strong></span> <span class='ocrx_word' id='word_1_939' title='bbox 2831 5501 3016 5554; x_wconf 87' lang='lat' dir='ltr'><strong>salutis</strong></span> <span class='ocrx_word' id='word_1_940' title='bbox 3044 5501 3356 5568; x_wconf 89' lang='lat' dir='ltr'><strong>habuerunt,</strong></span> <span class='ocrx_word' id='word_1_941' title='bbox 3401 5515 3455 5559; x_wconf 89' lang='lat' dir='ltr'><strong>et</strong></span> <span class='ocrx_word' id='word_1_942' title='bbox 3485 5515 3543 5559; x_wconf 90' lang='lat' dir='ltr'><strong>ut</strong></span> <span class='ocrx_word' id='word_1_943' title='bbox 3569 5508 3727 5561; x_wconf 84' lang='lat' dir='ltr'><strong>adve-</strong></span> 
     </span>
    </p>
   </div>
   <div class='ocr_carea' id='block_1_118' title="bbox 2158 5591 3727 5663">
    <p class='ocr_par' dir='ltr' id='par_1_118' title="bbox 2158 5591 3727 5663">
     <span class='ocr_line' id='line_1_119' title="bbox 2158 5591 3727 5663; baseline 0.003 -17"><span class='ocrx_word' id='word_1_944' title='bbox 2158 5593 2308 5647; x_wconf 86' lang='lat' dir='ltr'><strong>niens</strong></span> <span class='ocrx_word' id='word_1_945' title='bbox 2333 5607 2496 5662; x_wconf 88' lang='lat' dir='ltr'><strong>agnus</strong></span> <span class='ocrx_word' id='word_1_946' title='bbox 2527 5593 2618 5646; x_wconf 88' lang='lat' dir='ltr'><strong>Dei</strong></span> <span class='ocrx_word' id='word_1_947' title='bbox 2645 5600 2862 5660; x_wconf 86' lang='lat' dir='ltr'><strong>peccata</strong></span> <span class='ocrx_word' id='word_1_948' title='bbox 2891 5591 3073 5644; x_wconf 90' lang='lat' dir='ltr'><strong>mundi</strong></span> <span class='ocrx_word' id='word_1_949' title='bbox 3101 5593 3322 5658; x_wconf 81' lang='lat' dir='ltr'><strong>tolleret,</strong></span> <span class='ocrx_word' id='word_1_950' title='bbox 3355 5605 3727 5663; x_wconf 79' lang='lat' dir='ltr'><strong>exspectaram</strong></span> 
     </span>
    </p>
   </div>
   <div class='ocr_carea' id='block_1_119' title="bbox 2158 5680 3724 5752">
    <p class='ocr_par' dir='ltr' id='par_1_119' title="bbox 2158 5680 3724 5752">
     <span class='ocr_line' id='line_1_120' title="bbox 2158 5680 3724 5752; baseline 0.003 -18"><span class='ocrx_word' id='word_1_951' title='bbox 2158 5681 2336 5750; x_wconf 87' lang='lat' dir='ltr'><strong>(Joan.</strong></span> <span class='ocrx_word' id='word_1_952' title='bbox 2368 5685 2418 5736; x_wconf 77' lang='grc'><strong>1.</strong></span> <span class='ocrx_word' id='word_1_953' title='bbox 2441 5680 2534 5752; x_wconf 74' lang='grc'><strong>29)</strong></span> <span class='ocrx_word' id='word_1_954' title='bbox 2568 5699 2581 5736; x_wconf 91' lang='lat'><strong>:</strong></span> <span class='ocrx_word' id='word_1_955' title='bbox 2609 5690 2889 5750; x_wconf 81' lang='lat' dir='ltr'><strong>postquam</strong></span> <span class='ocrx_word' id='word_1_956' title='bbox 2917 5692 3094 5734; x_wconf 87' lang='lat' dir='ltr'><strong>autem</strong></span> <span class='ocrx_word' id='word_1_957' title='bbox 3140 5683 3401 5736; x_wconf 89' lang='lat' dir='ltr'><strong>medicum</strong></span> <span class='ocrx_word' id='word_1_958' title='bbox 3444 5686 3724 5739; x_wconf 79' lang='lat' dir='ltr'><strong>interiece-</strong></span> 
     </span>
    </p>
   </div>
   <div class='ocr_carea' id='block_1_120' title="bbox 2158 5771 3719 5840">
    <p class='ocr_par' dir='ltr' id='par_1_120' title="bbox 2158 5771 3719 5840">
     <span class='ocr_line' id='line_1_121' title="bbox 2158 5771 3719 5840; baseline 0.001 -16"><span class='ocrx_word' id='word_1_959' title='bbox 2158 5782 2298 5836; x_wconf 89' lang='lat' dir='ltr'><strong>runt,</strong></span> <span class='ocrx_word' id='word_1_960' title='bbox 2325 5780 2376 5826; x_wconf 91' lang='lat' dir='ltr'><strong>et</strong></span> <span class='ocrx_word' id='word_1_961' title='bbox 2402 5773 2449 5824; x_wconf 92' lang='lat' dir='ltr'><strong>in</strong></span> <span class='ocrx_word' id='word_1_962' title='bbox 2466 5771 2884 5840; x_wconf 87' lang='lat' dir='ltr'><strong>propitiatorium</strong></span> <span class='ocrx_word' id='word_1_963' title='bbox 2913 5771 3080 5840; x_wconf 87' lang='lat' dir='ltr'><strong>ipsum</strong></span> <span class='ocrx_word' id='word_1_964' title='bbox 3097 5772 3462 5825; x_wconf 90' lang='lat' dir='ltr'><strong>contumeliosi</strong></span> <span class='ocrx_word' id='word_1_965' title='bbox 3491 5772 3719 5840; x_wconf 76' lang='lat' dir='ltr'><strong>fuerunt,</strong></span> 
     </span>
    </p>
   </div>
   <div class='ocr_carea' id='block_1_121' title="bbox 3657 496 3767 552">
    <p class='ocr_par' dir='ltr' id='par_1_121' title="bbox 3657 496 3767 552">
     <span class='ocr_line' id='line_1_122' title="bbox 3657 496 3767 552; baseline 0.018 -2"><span class='ocrx_word' id='word_1_966' title='bbox 3657 496 3767 552; x_wconf 86' lang='lat'><strong>168</strong></span> 
     </span>
    </p>
   </div>
   <div class='ocr_carea' id='block_1_122' title="bbox 3981 6283 4007 6469">
    <p class='ocr_par' dir='ltr' id='par_1_122' title="bbox 3981 6283 4007 6469">
     <span class='ocr_line' id='line_1_123' title="bbox 3981 6283 4007 6469; baseline 0 -21"><span class='ocrx_word' id='word_1_967' title='bbox 3981 6283 4007 6469; x_wconf 77' lang='lat' dir='ltr'><strong>l</strong></span> 
     </span>
    </p>
   </div>
  </div>
