4016 6482
243 511 352 568 167

219 599 481 672 ἐγεννήθη
510 599 574 653 ἐκ
608 599 702 652 τοῦ
733 597 942 669 Πατρδς
973 598 1002 650 6
1039 595 1201 660 Υίόςς
1233 595 1578 648 κατάσπασον
1608 583 1772 643 αὐτοῦ

216 695 277 747 τὸ
305 693 557 762 φρόνημα
593 692 674 752 είς
695 691 794 759 τὴν
818 689 943 758 γῆν,
968 687 1059 740 καὶ
1085 686 1205 739 είπὲ
1231 685 1364 755 πρὸς
1393 682 1572 737 αὐτόν’
1590 679 1772 736 Κατά-

219 785 344 856 ϐηθι
377 785 442 837 ἐκ
476 783 585 836 τῶν
609 781 872 852 οὐρανῶν,
907 781 1000 832 καὶ
1047 778 1214 844 δεῖξον
1256 777 1374 840 πῶς
1416 773 1674 844 ἐγεννήθη
1709 775 1775 826 ἐκ

217 881 316 950 τῆς
340 877 629 949 παρθένου,
663 876 757 928 καὶ
787 873 906 926 τότε
935 872 1116 925 ἐκεῖνα
1150 870 1345 942 ἐρώτα.
1396 868 1649 936 Κάτασχε
1678 866 1776 917 αὐ-

218 969 328 1031 τὸν,
359 967 453 1020 καὶ
485 963 786 1036 περίστηθι,
819 963 912 1016 καὶ
955 962 1028 1031 μὴ
1072 962 1215 1031 ἀφῇς
1241 957 1606 1025 ἀποπηδῆσαι,
1643 955 1775 1025 μηδὲ

218 1058 568 1129 ἀναχωρῆσαι
597 1055 675 1118 είς
703 1053 793 1106 τὸν
819 1051 1135 1123 λαϐύρινθον
1162 1049 1269 1103 τῶν
1299 1046 1589 1118 λογισμῶν·
1640 1046 1774 1100 ἀλλά

221 1143 478 1212 κάτασχε,
497 1143 588 1195 καὶ
608 1139 916 1204 ἀπόπνιξον.
938 1139 1012 1210 μὴ
1030 1141 1094 1209 τῇ
1119 1138 1280 1209 χειρὶ,
1301 1137 1435 1190 ἀλλά
1453 1136 1529 1206 τῷ
1553 1137 1616 1206 ρή
1626 1151 1772 1204 ματν

222 1234 299 1305 μὴ
328 1234 433 1303 δῷς
476 1231 622 1302 αὐτῷ
652 1229 929 1292 διαστολάς
961 1228 1054 1281 καὶ
1089 1226 1374 1296 διαφυγάς,
1418 1226 1484 1288 ἀς
1512 1225 1772 1295 βούλεται.

235 1325 473 1378 Ἐκεῖθεν
529 1321 750 1394 θόρυϐον
813 1319 1094 1391 ἐμποιοῦσι
1167 1322 1277 1382 τοῖς
1345 1317 1773 1387 διαλεγομένοις,

221 1416 407 1484 ἐπειδὴ
435 1417 596 1485 ἡμεῖς
636 1414 814 1475 αὐτοῖς
845 1411 1256 1480 ἀκολουθοῦμέν,
1306 1409 1399 1462 καὶ
1431 1409 1528 1462 οὐκ
1571 1408 1777 1476 ἄγομεν

221 1506 328 1560 ὐπδ
351 1507 474 1568 τοὺς
508 1505 701 1572 νόμους
741 1501 848 1554 τῶν
881 1501 1038 1554 θείων
1067 1500 1315 1571 Γραφῶν.
1351 1498 1577 1569 Περίθες
1600 1499 1777 1550 τοίνυν

221 1594 369 1663 αὐτῷ
397 1593 593 1662 τειχίον
623 1591 900 1655 πάντοθεν,
931 1590 1028 1654 τὰς
1056 1591 1161 1644 ἀπὸ
1190 1591 1296 1644 τῶν
1319 1590 1549 1662 Γραφῶν
1577 1606 1779 1659 μαρτυ-

224 1686 367 1754 ρίας,
393 1685 486 1738 καὶ
527 1683 643 1737 οὐδέ
697 1687 854 1753 χᾶναι
886 1683 1190 1753 δυνήσεται.
1234 1683 1368 1735 Εἰπὲ
1412 1682 1546 1752 πρὸς
1595 1680 1773 1744 αὐτὸν,

214 1769 342 1834 Πῶς
371 1771 625 1841 ἐγεννήθη
653 1771 716 1823 ἐκ
743 1772 841 1842 τῆς
864 1770 1163 1840 παρθένους
1202 1769 1301 1822 οὐκ
1328 1769 1630 1837 ἀφίσταμαι
1657 1768 1776 1821 οὐδέ

220 1859 503 1928 ἀναχωρῶ.
547 1857 684 1911 Ἀλλ’
716 1859 812 1910 οὐκ
850 1856 916 1909 ἂν
953 1855 1063 1925 έχοι
1093 1854 1184 1907 τὸν
1209 1854 1407 1925 τρόπον
1444 1855 1633 1919 εἰπεῖν,
1672 1854 1776 1907 κᾶν

224 1950 396 2019 μυρία
438 1949 728 2018 φιλονεικῇ.
758 1948 924 2001 Ὅταν
951 1946 1056 2016 γὰρ
1103 1947 1131 1998 6
1169 1944 1298 2008 Θεὸς
1327 1945 1619 2016 ἀποκλείσῃ
1642 1984 1656 2008 ,
1692 1945 1777 2008 τίς

221 2037 421 2102 ἀνοίξει
448 2037 662 2100 λοιπόνς
695 2035 877 2088 Πίστει
921 2034 1234 2104 παραδεκτά
1269 2035 1338 2088 τὰ
1365 2034 1584 2088 τοιαῦτα
1617 2035 1773 2106 μόνῃ.

220 2128 287 2180 El
313 2127 368 2180 δέ
395 2128 493 2180 οὐκ
519 2126 703 2199 ἀνέχῃ.
729 2126 860 2179 ἀλλά
881 2126 1168 2196 λογισμοὺς
1190 2125 1482 2194 ἐπιζητεῖς,
1507 2125 1616 2193 ἐρῶ
1639 2125 1776 2195 πρὸς

223 2213 305 2278 σὲ,
339 2213 367 2265 ὃ
389 2212 523 2283 πρὸς
549 2212 639 2264 τὸν
671 2211 972 2281 Νικόδημον
1005 2213 1032 2264 6
1060 2212 1308 2280 Χριστός·
1346 2213 1414 2264 El
1452 2210 1524 2263 τὰ
1548 2211 1778 2278 ἐπίγεια

220 2299 395 2357 εἷπον
413 2302 573 2372 ὑμῖν,
602 2302 698 2356 καί
724 2305 796 2356 οὺ
831 2303 1157 2367 πιστεύετε,
1197 2301 1345 2367 πῶς,
1375 2301 1482 2354 ἐὰν
1513 2301 1583 2354 τὰ
1602 2301 1777 2354 ἐπου-

220 2391 398 2458 ράνια
440 2391 607 2454 εἴπω,
651 2392 1034 2455 πιστεύσετε;
1072 2392 1206 2461 Περὶ
1251 2391 1351 2459 τῆς
1401 2393 1464 2442 ἐκ
1508 2391 1775 2458 παρθένου

220 2483 523 2550 γεννήσεως
553 2477 700 2534 εἷπον
720 2519 735 2545 ,
786 2483 878 2534 καὶ
910 2481 1007 2533 οὐκ
1027 2479 1190 2543 οἶδας,
1227 2480 1346 2532 οὐδέ
1367 2481 1526 2549 χᾶναι
1553 2479 1772 2554 τολμᾷς,

220 2572 315 2624 καὶ
343 2571 433 2624 τὸν
453 2572 676 2640 οὐρανὸν
696 2570 1059 2642 περιεργάςῃ;
1091 2569 1215 2623 Είθε
1249 2571 1346 2641 μὲν
1383 2565 1474 2623 οὖν
1500 2569 1588 2621 τὸν
1617 2570 1777 2638 οὐρα-

220 2662 332 2724 νὸν,
357 2661 451 2714 καὶ
483 2661 555 2730 μὴ
581 2660 670 2713 τὸν
689 2662 960 2730 Δεσπότην
975 2660 1078 2713 τῶν
1099 2660 1340 2731 οὐρανῶν
1361 2659 1776 2730 ἐπολυπραγμόο

219 2770 352 2816 νεις.
385 2756 451 2806 El
489 2753 558 2806 τὰ
584 2753 811 2822 ἐπίγεια
830 2750 1000 2806 εἶπον
1023 2752 1182 2821 ὑμῖν,
1220 2753 1316 2805 καὶ
1346 2754 1416 2807 οὐ
1444 2752 1772 2806 πιστεύετε.

219 2842 336 2894 οὐκ
363 2839 534 2904 εἶπεν,
572 2843 632 2894 οὐ
665 2843 931 2908 πείθεσθε,
961 2843 1095 2906 ἀλλ’,
1119 2844 1199 2895 Οὐ
1222 2842 1549 2903 πιστεύετε,
1567 2841 1778 2902 δεικνὺς

218 2933 373 3000 ἡμῖν,
418 2931 498 2983 δτι
540 2931 729 2984 καὶτὰ
758 2933 971 3000 ἐπίγεια
1015 2933 1246 2993 πίστεως
1292 2931 1480 2983 δεῖται.
1523 2916 1676 2982 ΕΓδὲ
1709 2929 1776 2983 τὰ

218 3020 436 3087 ἐπίγεια
469 3019 700 3080 πίστεως
739 3019 928 3080 δεῖται,
961 3019 1136 3089 πολλῷ
1184 3017 1380 3088 μᾶλλον
1426 3020 1493 3071 τά
1528 3015 1773 3087 οὐράνια.

219 3109 412 3162 Καίτοι
439 3110 558 3164 τότε
582 3109 659 3180 τῷ
693 3109 982 3180 Νικοδήμῳ
1007 3110 1136 3180 περὶ
1158 3109 1316 3162 τόκου
1344 3107 1607 3175 διελέγετο
1641 3107 1775 3160 πολὺ

218 3201 518 3262 ἐλάττονος·
563 3200 690 3271 περὶ
733 3199 824 3252 τοῦ
859 3198 1229 3270 βαπτίσματος
1272 3198 1379 3270 γὰρ
1422 3200 1451 3252 6
1496 3197 1651 3265 λόγος
1685 3194 1774 3268 ἦν,

219 3291 316 3343 καὶ
342 3289 442 3359 τῆς
471 3290 876 3358 ἀναγεννήσεως
899 3289 998 3358 τῆς
1027 3289 1417 3358 πνευματικῆς·
1435 3289 1549 3342 ἀλλ’
1569 3289 1777 3356 ἔλεγεν,

217 3381 302 3435 δτι
335 3381 430 3432 καὶ
470 3379 640 3432 ταῦτα
680 3378 856 3432 πίστει
899 3380 1014 3432 ἐστὶ
1055 3381 1393 3451 καταληπτά.
1437 3380 1684 3449 Ἐπίγεια
1718 3380 1778 3433 δὲ

218 3469 360 3521 αὐτά
386 3468 661 3530 ἐκάλεσεν,
683 3467 780 3521 οὐκ
807 3467 992 3537 ἐπειδὴ
1013 3468 1226 3536 ἐπίγειά
1255 3469 1420 3532 ἐστιν,
1454 3467 1566 3521 ἀλλ’
1591 3468 1777 3540 ἐπειδὴ

216 3560 276 3612 ἐν
313 3561 380 3630 τῇ
417 3561 487 3629 γῇ
536 3559 785 3622 τελεῖται,
827 3559 921 3612 καὶ
964 3562 1030 3630 τῇ
1068 3559 1348 3628 συγκρίσει
1370 3559 1470 3628 τῆς
1501 3559 1611 3612 ἄνω
1653 3575 1775 3626 γεν-

215 3652 425 3720 νήσεως
474 3649 568 3719 τῆς
616 3651 923 3722 ἀπορρήτου
978 3649 1071 3702 καὶ¹
1123 3650 1298 3703 πάντα
1345 3649 1774 3720 ὐπερϐαινούσης

215 3741 360 3804 νοῦν,
392 3741 603 3809 ἐπίγεια
632 3741 798 3794 ταῦτά
829 3743 992 3794 ἐστιν.
1040 3741 1102 3794 El
1147 3741 1357 3801 τοίνυν,
1405 3740 1522 3803 πῶς
1550 3742 1776 3807 ἀναγεν-

211 3832 393 3901 νῶμαι
424 3833 487 3884 ἐκ
511 3832 618 3884 τῶν
646 3831 869 3892 ὑδάτων,
896 3832 957 3884 οὐ
994 3831 1212 3883 δυνατὸν
1241 3831 1437 3884 εἰδέναι
1455 3870 1470 3895 ,
1512 3831 1648 3884 ἀλλά
1685 3831 1773 3883 πί-

215 3940 330 3976 στει
368 3923 502 3994 μόνῃ
529 3923 923 3992 παραδέχεσθαι
976 3922 1056 3973 δεῖ
1101 3921 1162 3973 τὸ
1200 3921 1496 3990 γινόμενον,
1544 3921 1636 3972 καὶ
1684 3920 1775 3973 τὸν

211 4011 414 4082 τρόπον
441 4011 516 4080 μὴ
548 4010 1019 4080 περιεργάζεσθαιο
1049 4010 1220 4079 πόσης
1242 4010 1307 4062 ἂν
1331 4011 1414 4077 είη
1443 4009 1656 4078 μανίας,
1680 4011 1774 4064 ἐπὶ

211 4103 310 4170 τῆς
346 4103 456 4155 ἄνω
496 4103 796 4170 γεννήσεως
834 4100 925 4154 τοῦ
981 4100 1298 4171 μονογενοῦς
1327 4100 1457 4153 Υίοῦ
1483 4099 1772 4170 λογισμοὺς

211 4191 582 4260 ἀνθρωπίνους
615 4194 799 4257 κινεῖν,
851 4191 944 4245 καὶ
974 4192 1173 4264 τρόπου
1205 4192 1507 4262 γεννήσεως
1543 4191 1770 4254 εὐθύνας

212 4281 464 4333 ἀπαιτεῖν
486 4299 501 4346 ;

279 4378 347 4438 γ’.
384 4371 505 4434 Πῶς
532 4371 628 4441 μὲν
658 4367 749 4424 οῦν
770 4372 996 4442 ἀπάτωρ
1022 4373 1116 4426 καὶ
1143 4373 1374 4440 ἀμήτωρ
1402 4373 1431 4422 6
1463 4371 1766 4441 Μονογενὴς

209 4462 335 4525 Υἱὸς
365 4462 457 4514 τοῦ
491 4461 646 4525 Θεοῦ,
680 4463 876 4525 ἱκανῶς
921 4461 1308 4523 ἀποδέδεικται,
1352 4464 1446 4514 καὶ
1481 4460 1597 4520 πῶς
1643 4462 1771 4528 ἀγε-

207 4552 526 4620 νεαλόγητος
565 4553 826 4623 ἑκατέραν
867 4553 965 4621 τὴν
997 4552 1247 4621 γέννησιν
1269 4568 1282 4580 ·
1314 4550 1496 4603 λοιπὸν
1532 4551 1589 4603 δὲ
1634 4550 1768 4621 πρὸς

205 4642 267 4696 τὸ
301 4641 448 4713 [172]
477 4645 692 4710 ἐπεῖγον
725 4644 1095 4713 ἀπαγάγωμεν
1115 4655 1165 4708 α,
1198 4644 1289 4697 τὸν
1325 4643 1479 4710 λόγον
1510 4643 1600 4694 τὸν
1642 4643 1769 4712 περὶ

204 4731 298 4785 τοῦ
328 4733 652 4802 Μελχισεδὲκ
685 4734 762 4796 εἰς
812 4734 1000 4802 ἑτέραν
1047 4733 1258 4803 ἡμέραν
1311 4732 1765 4800 ἀναϐαλλόμενοι,

204 4822 301 4875 καὶ
354 4823 794 4892 διαναστήσωμεν
841 4824 940 4892 τὴν
989 4824 1178 4893 ἀκοὴν,
1237 4823 1586 4893 προφητικῶν
1637 4823 1764 4892 μέλη

204 4913 386 4976 λοντες
428 4915 641 4967 ἀκούειν
667 4916 1019 4983 αἰνιγμάτων.
1060 4916 1350 4983 Αίνίγμασι
1382 4915 1488 4984 γὰρ
1514 4915 1654 4966 ἔοικε
1698 4915 1763 4966 τά

204 5003 533 5073 προφητικά,
565 5005 655 5056 καὶ
701 5004 866 5073 πολλὴ
917 5005 1167 5055 δυσκολία
1208 5006 1266 5054 ἐν
1304 5007 1367 5073 τῇ
1401 5004 1602 5073 παλαιᾷ
1638 5007 1763 5056 Δια-

204 5090 364 5164 θήκῃ,
410 5093 502 5144 καὶ
541 5093 907 5162 δυσεπίληπτα
948 5095 1015 5144 τὰ
1051 5093 1252 5160 βιϐλία·
1298 5096 1329 5163 ἡ
1373 5095 1426 5145 δὲ
1465 5095 1637 5163 Καινὴ
1672 5110 1766 5145 σα-

203 5183 438 5251 φεστέρα
489 5182 581 5233 καὶ
632 5182 988 5251 εὐκολωτέρα.
1037 5183 1143 5234 Καὶ
1177 5183 1317 5243 τίνος
1364 5183 1565 5241 ἕνεκεν,
1608 5183 1761 5250 φησὶ,

199 5272 372 5326 ταῦτα
399 5272 540 5324 οῦτω
567 5272 976 5334 διατετύπωται,
1019 5273 1192 5324 καίτοι
1222 5274 1253 5342 ή
1289 5274 1462 5341 Καινη
1494 5271 1618 5341 περὶ
1650 5287 1764 5340 μει-

199 5363 368 5426 ζόνων
412 5362 712 5429 διαλέγεται
744 5364 1097 5433 πραγμάτων,
1129 5363 1255 5431 περὶ
1287 5361 1558 5430 βασιλείας
1599 5362 1760 5431 οὐρα-

197 5452 323 5515 νῶν,
359 5452 452 5504 καὶ
490 5452 754 5520 σωμάτων
782 5453 1144 5514 ἀναστάσεως,
1174 5451 1265 5503 καὶ
1298 5451 1406 5503 τῶν
1439 5453 1760 5523 ἀπορρήτων

196 5543 475 5612 ἀγαθῶν,ἀ
503 5545 596 5596 καὶ
637 5542 969 5614 ἀνθρώπινον
1004 5544 1315 5612 ὑπερϐαίνει
1358 5545 1508 5610 νοῦν;
1543 5545 1636 5606 Τίς
1669 5541 1761 5596 οὖν

196 5634 230 5701 ἡ
268 5635 418 5687 αίτία
457 5633 546 5685 τοῦ
585 5634 683 5696 τὰς
730 5635 1057 5704 προφητείας
1105 5636 1331 5700 ἀσαφεῖς
1370 5631 1545 5698 εἶναι;
1585 5635 1760 5686 Πολλὰ

195 5723 550 5794 προλέγουσιν
584 5723 851 5785 Ἰουδαίοις
872 5719 1025 5776 αὗται
1065 5725 1232 5776 κακά·
1255 5726 1348 5776 καὶ
1377 5726 1456 5776 ὅτι
1493 5725 1755 5794 ἐκϐληθή-

255 5829 280 5856 ⁴¹
308 5828 799 5891 ςηνὶιίοςλῐρςεηόιξηι
839 5830 1065 5888 opinatur
1106 5830 1484 5890 ἐπαναγάγωμεν,
1514 5832 1598 5879 εει]
1642 5838 1758 5891 pulo

187 5888 505 5950 άπατάγωμεν
528 5887 655 5934 bene
676 5887 872 5936 habere.

500 5973 769 6032 PATROL.
811 5974 924 6033 GR.
973 5976 1125 6035 LVI.

1198 480 1282 534 DE
1319 469 1863 536 PROPHETIARUM
1901 469 2401 530 OBSCURITATE.
2445 476 2460 528 Ι

3336 486 3446 541 168

1882 600 2062 639 σονται
2099 586 2199 656 μὲν
2245 588 2460 654 ἐκεῖνοι,
2509 589 2668 659 ἡμεῖς
2711 589 2767 643 δέ
2814 589 3307 660 είσδεχθησόμεθαο
3347 590 3441 645 καὶ

1877 673 1958 728 ὅτι
2003 676 2432 747 καταλυθήσεται
2483 677 2581 747 μὲν
2629 678 2658 730 6
2693 679 2847 742 ναὸς,
2897 682 2990 733 καὶ
3034 681 3214 733 οὐκέτι
3257 679 3442 733 λοιπὸν

1876 766 2255 837 ἀναστήσεται,
2288 769 2532 821 πεσεῖται
2559 769 2615 822 δὲ
2643 768 2713 822 τὰ
2749 770 3114 839 Ἱεροσόλυμα,
3148 772 3242 825 καὶ
3273 773 3439 826 πᾶσιν

1876 853 2026 909 ἔσται
2067 856 2233 926 βατά·
2276 857 2516 910 Ἰουδαῖοί
2563 875 2622 911 τε
2654 858 2917 930 πλανῆται
2963 861 3266 931 γενόμενοι,
3303 877 3440 915 παν-

1875 945 2040 1014 ταχοῦ
2072 948 2171 1017 τῆς
2203 949 2526 1019 οἰκουμένης
2571 951 3048 1021 διασπαρήσονται,
3089 955 3180 1006 καὶ
3210 952 3308 1022 τῆς
3342 953 3435 1004 πό-

1875 1034 2008 1098 λεως
2038 1037 2387 1103 ἐκπεσόντες,
2435 1039 2554 1092 οὐδέ
2602 1039 2700 1110 τήν
2738 1041 3007 1094 πολιτείαν
3045 1041 3223 1106 ἕξουσι
3261 1041 3439 1095 λοιπὸν

1875 1123 1972 1194 τὴν
2011 1126 2262 1195 ἀρχαίαν,
2307 1127 2442 1180 ἀλλά
2472 1130 2646 1182 πάντα
2694 1130 2872 1183 αὐτῶν
2920 1131 3341 1202 ἀφαιρεθήσεται
3373 1131 3440 1182 τά

1877 1216 2138 1287 πρότερα,
2180 1218 2274 1272 καὶ
2304 1224 2647 1290 προφητεῖαι,
2675 1221 2767 1275 καὶ
2799 1221 2996 1286 θυσίαι,
3026 1223 3121 1275 καὶ
3153 1223 3435 1295 ἱερωσύνη.

1878 1306 1972 1358 καὶ
2011 1306 2270 1374 βασιλεία.
2314 1311 2389 1364 Οὐ
2425 1311 2583 1381 μόνον
2626 1312 2682 1364 δὲ
2729 1313 2930 1377 ταῦτα,
2982 1313 3117 1367 ἀλλά
3166 1316 3259 1368 καὶ
3306 1314 3436 1370 ἀλλα

1878 1397 2048 1450 πολλὰ
2087 1399 2313 1454 τοιαῦτα
2355 1403 2645 1473 προέλεγον
2674 1405 2723 1456 οί
2758 1405 3052 1475 προφῆται,
3087 1407 3282 1477 μυρίας
3313 1424 3436 1476 τρα-

1879 1488 2076 1558 γῳδίας
2114 1493 2223 1554 τοῖς
2274 1493 2492 1557 οἰκείοις
2533 1496 3031 1564 ἐγκαταμιγνύντες
3063 1496 3304 1566 βιϐλίοις.
3345 1499 3436 1553 Ἰν*

1879 1575 1972 1631 οῦν
1997 1580 2048 1632 οἱ
2080 1581 2316 1635 Ἰουδαῖοι
2353 1585 2426 1654 μὴ
2458 1585 2642 1653 σαφῶς
2681 1585 3010 1652 ἀκούσαντες
3038 1588 3185 1657 παρὰ
3215 1588 3314 1658 τὴν
3344 1591 3438 1659 ἀρ-

1879 1671 2003 1740 χὴν,
2031 1671 2461 1741 διαχειρίσωνται
2488 1675 2613 1738 τούς
2639 1676 2897 1743 λέγοντας
2926 1677 3119 1742 ταῦτα,
3148 1683 3214 1751 τῇ
3249 1681 3439 1734 δυσκο-

1877 1760 1967 1831 λίᾳ
1993 1761 2090 1830 τῆς
2131 1762 2424 1831 ἑρμηνείας
2468 1765 2788 1835 ἀπέκρυψαν
2827 1769 2926 1828 τάς
2955 1771 3310 1841 προρρήσεις,
3347 1775 3440 1827 καὶ

1879 1851 2076 1921 πολλὴν
2124 1851 2390 1921 ἀσάφειαν
2442 1855 2705 1924 κατέχεαν
2743 1857 2771 1897 δ
2814 1858 2921 1911 τῶν
2972 1862 3326 1931 πραγμάτων,
3374 1867 3438 1934 τῇ

1878 1941 2111 2011 ἀσαφείᾳ
2134 1942 2241 1996 τῶν
2274 1942 2578 2011 λεγομένων
2609 1947 2720 2006 τοῖς
2750 1945 2962 2013 λέγουσι
3001 1952 3442 2018 παρασκευάζον-

1877 2046 1967 2092 τες
1999 2031 2315 2098 ἀσφάλειαν.
2358 2033 2466 2084 Καὶ
2497 2032 2658 2084 πόθεν
2685 2033 2842 2100 δῆλον
2874 2035 3061 2096 τοῦτος
3091 2040 3180 2090 Δεῖ
3207 2040 3313 2108 γάρ
3347 2039 3440 2092 καὶ

1878 2117 2101 2180 εὐθύνας
2124 2120 2269 2188 ἡμᾶς
2297 2119 2660 2182 ἀπαιτεῖσθαι,
2689 2123 2737 2172 εί
2771 2123 2862 2176 κει)⁸
2891 2125 2948 2175 ἐν
2983 2125 3154 2192 φίλοις
3182 2126 3406 2199 λέγομεν
3424 2147 3437 2161 ·

1878 2209 1972 2260 καὶ
2017 2208 2122 2278 γὰρ
2166 2208 2348 2262 πολλοὶ⁵
2401 2209 2530 2273 ἴσως
2587 2213 2681 2264 καὶ
2726 2213 2834 2264 τῶν
2873 2214 2934 2267 οὐ
2986 2216 3153 2284 φίλων
3200 2219 3438 2291 πάρεισι.

1878 2297 2308 2351 Μανθανέτωσαν
2332 2297 2511 2350 τοίνυν
2535 2298 2706 2352 ταῦτα
2749 2301 3006 2366 κάκεῖνοι,
3040 2305 3126 2356 ἴνα
3168 2306 3262 2358 καὶ
3290 2308 3440 2360 αὐτοὶ

1879 2388 2020 2457 φίλοι
2047 2389 2324 2457 γένωνται.
2351 2387 2532 2455 Εἶπον,
2560 2391 2641 2443 ὅτι
2678 2393 2726 2444 εί
2755 2389 2990 2462 ἤκουσαν
3013 2396 3061 2447 οί
3104 2397 3344 2451 Ἰουδαῖοι
3372 2401 3441 2454 τὰ

1881 2479 2139 2545 μέλλοντα
2189 2479 2384 2542 αὐτοὺς
2431 2480 2835 2550 καταλήψεσθαι
2884 2485 3059 2548 κακά,
3111 2487 3205 2538 καὶ
3249 2489 3330 2540 ὅτι
3371 2490 3441 2542 τά

1889 2567 2230 2638 Ἰεροσόλυμα
2275 2567 2537 2621 άλὼσεται
2584 2570 2670 2622 διά
2700 2571 2790 2622 τὸν
2836 2573 3068 2642 Χριστὸν
3108 2576 3206 2645 τὴν
3243 2576 3438 2630 ἅλωσιν

1877 2656 2074 2726 ταύτην
2100 2655 2198 2724 τὴν
2229 2656 2512 2720 ἀθάνατον,
2527 2659 2631 2730 ,καὶ
2662 2659 2760 2711 οὐκ
2793 2658 3019 2727 ἔχουσαν
3050 2662 3366 2733 μεταϐολὴν,
3393 2668 3440 2718 εί

1877 2745 2114 2813 ἤκουσαν
2158 2744 2405 2813 φανερῶς
2447 2736 2598 2813 παρὰ
2633 2746 2742 2796 τῶν
2779 2747 3068 2817 προφητῶν
3108 2748 3313 2814 ταῦτα,
3353 2754 3442 2805 efr-

1880 2831 2014 2894 θέως
2037 2832 2102 2884 ἂν
2133 2831 2259 2894 τοὺς
2298 2834 2471 2886 ταῦτα
2496 2829 2752 2901 λέγοντας
2777 2836 3119 2891 ἀπέκτειναν.
3153 2840 3320 2893 Πόθεν
3348 2837 3440 2894 οὖν

1877 2922 2032 2976 τοῦτο
2058 2922 2243 2994 δῆλονς
2278 2924 2498 2993 Πρῶτον
2547 2925 2645 2995 μιν
2681 2926 2791 2978 ἀπὸ
2827 2926 2936 2979 τῶν
2979 2928 3196 2997 τρόπων
3225 2931 3437 2984 αὐτῶν·

1881 3015 2094 3082 μανικοὶ
2117 3014 2224 3085 γὰρ
2253 3015 2347 3067 καὶ
2386 3014 2667 3087 θηριώδεις
2707 3011 2865 3087 ἦσαν.
2892 3017 3070 3088 Δῆμός
3100 3021 3244 3072 ἐστιν
3275 3021 3443 3090 αίμά-

1878 3117 1985 3154 των
2013 3103 2098 3155 ἀεὶ
2137 3102 2306 3172 διψῶν
2336 3103 2708 3175 προφητικῶν,
2741 3106 2796 3156 αί
2837 3107 3012 3175 χεῖρες
3039 3107 3217 3159 αὐτῶν
3248 3109 3442 3178 ἐμελέ-

1877 3210 2048 3262 τησαν
2086 3195 2143 3247 ἐν
2179 3199 2297 3258 ταῖς
2335 3199 2569 3265 σφαγαῖς
2605 3195 2711 3250 τῶν
2754 3197 2938 3264 ἁγίων.
2979 3197 3161 3252 Ταῦτα
3195 3201 3223 3251 6
3269 3203 3440 3271 μέγας

1891 3284 2075 3348 Ἦλίας
2106 3286 2282 3339 αὐτῶν
2327 3288 2567 3358 καταϐοᾷ
2599 3288 2800 3355 λέγων·
2824 3291 3016 3356 Κύριε,
3045 3291 3186 3356 τοὺς
3213 3294 3440 3362 προφή-

1878 3390 1984 3440 τας
2022 3389 2138 3430 σου
2185 3375 2561 3440 ἀπέκτειναν,
2601 3376 2674 3429 τὰ
2715 3378 3104 3447 θυσιαστήριὰ
3151 3395 3268 3437 σου
3303 3399 3440 3436 κατ-

1877 3463 2175 3533 έσκαψαν.
2217 3466 2272 3520 Ὀ
2315 3467 2544 3539 Χριστὸς
2577 3469 2758 3534 πάλιν,
2791 3471 3194 3540 Ἰερουσαλὴμ,
3232 3473 3438 3541 Ἰερου-

1878 3556 2103 3624 σαλὴμ,
2133 3558 2172 3624 ἡ
2203 3557 2609 3613 ἀποκτείνασα
2633 3561 2770 3626 τοὺς
2800 3562 3123 3630 προφήτας,
3157 3565 3254 3616 καί
3281 3568 3438 3619 λιθο-

1878 3645 2143 3698 ϐολοῦσα
2166 3646 2306 3710 τοὺς
2339 3647 2830 3716 ἀπεσταλμένους
2856 3651 3002 3717 πρὸς
3033 3651 3241 3717 αὐτήν.
3275 3654 3381 3704 Καὶ
3413 3654 3438 3703 6

1887 3734 2113 3798 Ἡσαΐας
2148 3737 2354 3806 συνῳδά
2383 3738 2589 3801 τούτοις
2618 3739 2796 3791 αὐτῶν
2825 3741 3162 3810 κατηγορῶν,
3191 3742 3346 3796 ἐϐόα·
3370 3747 3438 3798 Al

1877 3825 2069 3894 χεῖρες
2104 3826 2272 3894 ὑμῶν
2307 3828 2552 3894 αἵματος
2584 3827 2849 3894 πλήρεις.
2893 3832 3001 3883 Καὶ
3034 3831 3194 3885 πάλιν
3225 3834 3256 3885 6
3303 3835 3437 3902 Χριο

1879 3918 2001 3980 στός
2021 3931 2036 3948 ο
2075 3921 2137 3970 Ol
2176 3918 2422 3984 πατέρες
2459 3918 2624 3988 ὑμῶν
2657 3921 3009 3974 ἀπέκτειναν
3043 3922 3179 3987 τοὺς
3212 3923 3436 3991 προφή-

1876 4022 2004 4072 τας,
2042 4006 2208 4074 ὑμεῖς
2253 4005 2322 4058 δὲ
2366 4008 2723 4076 οἰκοδομεῖτε
2765 4011 2836 4063 τὰ
2880 4012 3157 4080 μνήματα
3204 4013 3401 4065 αὐτῶν
3424 4029 3436 4042 ·

1876 4097 2228 4163 πληρώσατε
2251 4097 2319 4151 τὸ
2347 4099 2566 4167 μέτρον
2603 4101 2718 4154 τῶν
2753 4103 3019 4168 πατέρων
3049 4101 3232 4170 ὑμῶν.
3276 4103 3434 4171 Ὁρᾷς

1876 4187 1990 4251 πῶς
2027 4189 2117 4239 καὶ
2143 4190 2171 4240 6
2198 4189 2468 4256 Δεσπότης
2501 4191 2592 4241 καὶ
2622 4192 2669 4241 οἱ
2699 4189 2870 4242 δοῦλοι
2913 4192 3218 4259 μιαιφονίαν
3258 4192 3436 4244 αὐτῶν

1879 4277 2240 4346 μαρτυροῦσι;
2288 4278 2352 4329 Τί
2405 4277 2461 4329 δέ
2503 4280 2651 4330 ἐστι·
2699 4278 3057 4345 Πληρὼσατε
3106 4282 3172 4334 τὸ
3216 4282 3436 4350 μέτρον

1874 4363 1992 4416 τῶν
2042 4366 2310 4432 πατέρων
2361 4367 2554 4435 ὑμῶ·ν;
2611 4367 2757 4439 [175]
2804 4371 3206 4434 Ἀποκτείνατε,
3265 4374 3431 4441 φησὶ,

1875 4457 2044 4525 κάμέ·
2088 4457 2345 4527 πρόσθετε
2388 4462 2499 4522 τοῖς
2527 4461 2787 4525 δουλικοῖς
2817 4462 3006 4531 αἵμασι
3047 4464 3144 4534 τὴν
3186 4465 3433 4517 δεσποτι-

1874 4548 1973 4615 κὴν
2018 4551 2250 4618 σφαγήν.
2289 4552 2349 4601 Εἰ
2392 4551 2498 4620 γὰρ
2530 4553 2754 4621 μυρίους
2802 4553 3038 4620 ἔσφαξαν
3079 4553 3424 4624 ἀνθρώπους,

1872 4636 2005 4689 ἀλλά
2034 4640 2342 4703 συνδούλους
2379 4642 2618 4704 πάντας’
2646 4645 2732 4695 ὅτε
2765 4642 2820 4693 δὲ
2859 4642 2998 4695 κατὰ
3034 4643 3127 4694 τοῦ
3166 4645 3435 4696 Δεσπότου

1870 4728 1967 4787 τὰς
1997 4732 2179 4798 χεῖρας
2207 4731 2492 4794 ἐξέτειναν,
2521 4733 2640 4785 τότε
2676 4732 2964 4802 ἐπληρώθη
2999 4733 3055 4786 τὸ
3083 4734 3276 4804 μέτρον
3297 4752 3311 4764 ·
3340 4737 3432 4788 καὶ

1871 4820 2109 4882 εἰκότως.
2138 4822 2278 4884 Ἕως
2324 4823 2421 4891 μὲν
2459 4823 2564 4892 γὰρ
2606 4824 2703 4874 οὐκ
2737 4822 3060 4874 ἀπέκτειναν
3107 4824 3195 4875 τὸν
3231 4827 3433 4878 Δεσπό-

1869 4927 1986 4978 την,
2036 4908 2179 4981 εἶχον
2211 4913 2399 4966 ἐλπίδα
2445 4914 2748 4984 σωτηρίας,
2799 4916 2890 4966 καὶ
2924 4915 3261 4984 προσεδόκων
3292 4918 3369 4969 ὅτι
3401 4920 3430 4969 6

1870 5001 2034 5068 ἀμνὸς
2073 5001 2167 5054 τοῦ
2215 5002 2346 5054 Θεοῦ
2382 5002 2549 5054 ἐλθὼν
2592 5005 2710 5073 ἀρεῖ
2755 5004 2853 5073 τὴν
2900 5004 3168 5074 ἁμαρτίαν
3213 5004 3305 5056 τοῦ
3338 5007 3428 5057 x6-

1871 5107 2039 5156 σμου·
2095 5093 2280 5162 ἐπειδὴ
2319 5093 2375 5145 δὲ
2411 5093 2500 5144 τὸν
2552 5095 2733 5164 ἰατρὸν
2779 5094 3181 5164 διεχειρίσαντο,
3219 5097 3313 5148 καὶ
3349 5098 3428 5157 εἰς

1869 5183 1996 5233 αὐτὸ
2025 5184 2081 5234 τὸ
2111 5184 2417 5253 ἱλαστήριον
2449 5182 2696 5253 ὕϐρισαν,
2729 5185 2820 5236 καὶ
2847 5185 2935 5238 τὸν
2964 5185 3182 5238 ἐλθόντα
3213 5185 3426 5254 ἀφεῖναι

1866 5274 1934 5325 τὰ
1964 5274 2328 5343 ἁμαρτήματα
2361 5275 2804 5346 ἀπεστράφησαν,
2840 5277 3015 5346 πάσης
3053 5277 3235 5328 λοιπὸν
3279 5276 3429 5328 ἐλπί-

1867 5363 1952 5424 δος
1984 5363 2257 5426 ἐξέπεσον.
2285 5363 2382 5415 Διά
2424 5364 2580 5415 τοῦτο
2614 5365 2793 5432 λέγει·
2822 5365 3182 5432 Πληρώσατε
3214 5366 3280 5418 τὸ
3319 5372 3427 5433 μέ·

1866 5469 2006 5518 τρον
2051 5451 2166 5503 τῶν
2211 5453 2479 5518 πατέρων
2527 5451 2712 5520 ὑμῶν.
2756 5451 2896 5512 Ναὶ,
2962 5451 3156 5520 φησιν’
3191 5451 3302 5504 ἀλλ’
3341 5453 3422 5502 ὃτι

1869 5544 1964 5611 μὲν
1999 5545 2266 5612 μιαιφόνοι
2311 5545 2403 5594 καὶ
2444 5545 2684 5609 ἐναγεῖς,
2720 5543 3086 5596 ἀποδέδεικται
3123 5543 3184 5595 ἐκ
3217 5541 3424 5594 πολλῶν

1868 5633 2208 5702 μαρτυριῶν·
2243 5632 2401 5684 πόθεν
2443 5633 2499 5684 δὲ
2536 5633 2708 5702 δῆλον,
2747 5635 2825 5686 ὅτι
2858 5633 2963 5685 τῶν
2997 5632 3285 5702 προφητῶν
3324 5632 3425 5684 οὐκ

1866 5727 1928 5776 ἂν
1964 5725 2266 5791 ἐφείσαντο,
2299 5726 2345 5776 εἰ
2381 5726 2619 5793 ἥκουσαν
2664 5725 2743 5777 ὅτι
2780 5724 2848 5776 τὰ
2880 5725 3220 5794 Ἱεροσόλυμα
3256 5739 3424 5776 κατα-

1923 5887 1950 5926 b
1978 5887 2087 5936 MSS.
2122 5891 2356 5951 κατέχεον.

3025 5976 3090 6032 11
