4016 6482
530 493 644 549 169

533 594 925 669 στραφήσεται,
949 593 1031 647 ὅτι
1055 594 1085 645 6
1115 593 1276 662 νόμος
1301 590 1660 661 παυθήσεται,
1701 588 1784 642 ὅτι
1819 589 1852 658 ή
1885 584 2096 638 Παλαιά

529 687 927 756 ἀλλαγήσετσις
975 681 1224 736 Μάλιστα
1259 679 1358 750 μὲν
1398 678 1495 732 καὶ
1537 678 1602 730 ἐκ
1651 676 1762 730 τῶν
1795 676 2097 746 εἰρημένων

531 776 686 848 δῆλον
703 793 716 806 ·
744 774 883 844 πλὴν
909 771 1026 825 ἀλλ’
1054 770 1114 835 ἐξ
1145 769 1324 824 αὐτῶν
1351 768 1460 821 τῶν
1491 765 1720 838 Γραφῶν
1760 764 1919 818 πάλιν
1943 763 2101 833 ποιή-

533 888 697 940 σομαι
725 867 820 938 τὴν
847 863 1118 928 ἀπόδειξιν
1143 861 1499 932 σαφεστέραν.
1530 861 1593 914 El
1617 860 1724 930 γάρ
1756 873 1886 911 ποτε
1930 857 2098 926 ήκουυ

534 979 635 1014 σαν
663 958 943 1029 προφήτου
989 955 1270 1022 λέγοντος,
1307 953 1388 1007 ὅτι
1427 951 1501 1005 τά
1542 948 1889 1022 Ἰεροσόλυμα
1925 963 2098 1000 κατα-

535 1053 903 1124 στραφήσεται
932 1045 1313 1118 καταστροφὴν
1347 1044 1697 1115 πρόσκαιρον,
1745 1040 1864 1093 δέον
1905 1040 2100 1101 αὐτοὺς

536 1141 964 1214 μεταϐάλλεσθαι
995 1139 1088 1194 καὶ
1132 1135 1532 1208 ἀποκρούεσθαι
1563 1133 1658 1186 τοῦ
1691 1131 1825 1185 Θεοῦ
1867 1131 1964 1203 τήν
2007 1131 2098 1200 6p-

533 1237 659 1306 γὴν,
698 1236 777 1297 είς
818 1233 907 1287 τδν
941 1230 1225 1302 προφήτην
1270 1228 1500 1297 ἠφίεσαν
1529 1227 1620 1280 τὸν
1661 1224 1848 1294 θυμόν.
1882 1223 1993 1277 Καὶ
2017 1223 2100 1276 ὅτι

531 1326 690 1380 τοῦτό
731 1327 876 1377 ἐστιν
915 1321 1132 1391 ἀληθὲς,
1165 1319 1344 1373 αὐτῶν
1375 1318 1640 1372 ἀκούσατε
1677 1314 1785 1368 τῶν
1832 1312 2100 1383 ίστοριιῖιν.

546 1416 923 1486 Ἐπολιόρκουν
957 1411 1056 1482 τὴν
1099 1407 1249 1465 πόλιν
1296 1410 1474 1464 αὐτῶν
1500 1407 1550 1462 οῑ
1592 1406 1798 1476 Πέρσαι
1828 1405 1978 1470 ποτέ,
2008 1403 2102 1456 καὶ

536 1505 866 1578 βαρϐαρικὸν
909 1501 1263 1573 στρατόπεδον
1317 1501 1422 1565 ἐξω
1469 1496 1859 1569 περιεκάθητοο
1901 1496 1994 1550 καὶ
2033 1491 2103 1546 τὰ

533 1598 642 1651 τῶν
674 1596 929 1651 κινδύνων
962 1596 1061 1650 οὐκ
1093 1588 1161 1664 ἦν
1201 1591 1388 1663 ἄδηλα,
1432 1589 1544 1643 ἀλλ’
1570 1591 1627 1643 ἐν
1675 1589 1813 1660 μέσῃ
1854 1586 2040 1656 παγίδι
2067 1586 2102 1655 ή

535 1689 688 1753 πόλις
714 1683 784 1758 ἦν
807 1687 928 1741 τότε
958 1683 1329 1756 Ἰερουσαλὴμ,
1349 1681 1702 1751 ὡπλισμένων
1731 1679 1982 1733 ἁπάντων
2010 1675 2105 1729 καὶ

535 1780 914 1852 περιεστώτων
941 1777 1164 1842 ἔξωθεν·
1192 1775 1307 1830 ἀλλ’
1328 1777 1477 1845 ὅμως
1503 1772 1646 1828 οῦτω
1665 1771 1921 1842 φανερῶν
1937 1771 2104 1824 ὅντων

535 1871 646 1926 τῶν
686 1870 893 1936 δεινῶν,
934 1866 1119 1939 ἐπειδὴ
1155 1865 1423 1940 Ἱερεμίας
1453 1861 1622 1919 ἐλθὼν
1654 1860 1775 1918 εἷπε
1822 1860 1961 1932 πρὸς
2004 1861 2104 1914 αύ-

536 1963 695 2027 τοὺς,
745 1962 824 2014 ὅτι
866 1959 900 2031 ή
933 1959 1086 2021 πόλις
1119 1954 1553 2028 παραδοθήσεται
1585 1955 1665 2016 είς
1718 1953 1905 2023 χεῖρας
1957 1949 2106 2003 Χαλ-

538 2053 702 2107 δαίων
720 2071 732 2082 ·
758 2051 930 2106 καίτοι
954 2044 1110 2104 τοῦτο
1130 2048 1252 2102 ούδέ
1275 2045 1577 2119 προφητεία
1599 2041 1694 2115 ἦν’
1717 2045 1766 2096 οῑ
1792 2042 1899 2112 γάρ
1919 2039 2108 2108 ὀφθαλ-

541 2145 635 2215 μοὶ
659 2144 832 2197 αὐτῶν
861 2141 1044 2213 ἐώρων
1067 2140 1135 2193 τὰ
1159 2138 1575 2209 συμϐησόμεναο
1610 2135 1722 2188 ἀλλ’
1745 2136 1892 2206 ὅμως
1921 2130 2106 2200 ἐπειδὴ

538 2238 609 2290 τὰ
654 2237 859 2306 φανερά
891 2237 986 2288 καὶ⁹
1017 2232 1122 2305 πρὸ
1160 2231 1270 2285 τῶν
1307 2229 1599 2300 ὀφθαλμῶν
1629 2224 1801 2291 εἶπεν,
1842 2226 1892 2278 οῖ
1925 2222 2109 2294 μιαροὶ

541 2329 638 2382 καὶ
663 2327 973 2396 ἀναίσθητοι
1009 2327 1104 2378 καὶ
1137 2323 1264 2394 περὶ
1306 2321 1433 2384 τοὺς
1477 2319 1766 2391 εὐεργέτας
1799 2314 2109 2385 ἀγνώμονες

542 2419 716 2482 οὕτως
759 2417 1058 2486 ἐμάνησαν,
1100 2414 1176 2477 ὡς
1217 2412 1480 2483 προδότην
1528 2411 1687 2464 αὐτὸν
1738 2409 1830 2462 καὶ
1859 2406 2110 2476 λυμεῶνα

543 2509 644 2578 τῆς
693 2507 900 2568 πόλεως
945 2504 1190 2574 νομίσαι,
1236 2502 1330 2556 καὶ
1369 2502 1562 2563 εἰπεῖν,
1605 2500 1687 2553 ὅτι
1735 2497 1965 2550 Ἐκλύει
2006 2493 2111 2560 τὰς

543 2601 746 2670 χεῖρας
781 2598 888 2652 τοῦ
924 2595 1078 2649 ,λαοῦ
1118 2595 1356 2649 τούτου.
1405 2593 1516 2645 Καὶ
1558 2592 1663 2661 μὴν
1711 2585 1984 2659 ἐστερέου,
2020 2587 2112 2639 καὶ

550 2693 654 2763 μὴν
685 2693 924 2761 διήγειρε
965 2689 1064 2759 τὴν
1098 2685 1406 2758 προθυμίαν
1444 2682 1644 2746 αὐτῶν,
1691 2680 1784 2734 καὶ
1817 2679 1950 2750 πρὸς
1980 2675 2114 2730 Θεὸν

543 2778 668 2851 ἦγε,
706 2781 770 2832 τὸ
805 2778 1043 2849 ἀρῤαγὲς
1084 2776 1180 2830 καὶ
1215 2774 1635 2844 ἀκαταμάχητον
1676 2772 1857 2833 αὐτοῖς
1901 2786 2114 2840 περιτι-

547 2871 662 2934 θεὶς
697 2874 900 2940 τεῖχος·
930 2869 1041 2923 ἀλλ’
1086 2869 1237 2922 οὐδὲν
1273 2867 1477 2920 τούτων
1512 2866 1858 2936 ὲννοήσαντες
1884 2866 2110 2929 ἐκεῖνοι,

547 2965 795 3018 ἐκέλευον
820 2962 980 3016 αὑτὸν
1006 2960 1361 3029 ἀναιρεῖσθαι.
1391 2959 1653 3022 Τοιαύτας
1683 2958 1791 3028 γὰρ
1818 2959 1931 3020 τοῖς
1957 2957 2115 3027 εὐερ-

546 3056 734 3123 γέταις
772 3055 857 3107 ἀεὶ
896 3053 994 3116 τὰς
1033 3052 1265 3122 ἀμοιϐάς
1318 3050 1658 3111 ἀπεδίδοσαν,
1701 3049 1795 3101 καὶ
1830 3047 1923 3101 τοῦ
1961 3047 2115 3116 βασι-

549 3142 687 3207 λέως
725 3142 1067 3212 συγγνόντος,
1103 3141 1222 3193 οὐδὲ
1251 3141 1422 3203 οὕτως
1464 3139 1750 3202 ἐνέδωκαν,
1788 3139 1900 3192 ἀλλ’
1936 3138 2117 3209 ἐπειδὴ

552 3236 757 3288 ἀνελεῖν
802 3234 902 3287 οὐκ
951 3233 1197 3302 ῖσχυσαν.
1240 3233 1318 3296 είς
1363 3231 1456 3286 τὸν
1501 3229 1598 3283 τοῦ
1628 3229 1888 3301 βορϐόρου
1920 3228 2120 3281 λάκκον

553 3325 822 3379 ἐνέϐαλον.

623 3413 685 3469 δ’.
722 3415 784 3468 El
808 3415 864 3468 δὲ
898 3411 1231 3486 προσκαίρου
1257 3411 1628 3483 αἰχμαλωσίας
1653 3411 1821 3479 ἀκοὴν
1845 3411 1943 3463 οὐκ
1964 3411 2124 3480 ῆνεγ-

555 3528 678 3574 καν,
693 3509 808 3572 πῶς
818 3511 916 3579 τὴν
928 3509 1226 3578 πρόρρησιν
1239 3509 1336 3576 τῆς
1351 3505 1630 3576 διηνεκοῦς
1647 3502 1886 3565 δουλείας
1902 3501 2123 3571 ἔμελλον

556 3601 888 3667 είσακούειν;
921 3602 984 3653 El
1018 3599 1280 3670 Ἱερεμίας
1310 3593 1483 3660 εἶπεν,
1514 3594 2000 3650 ὅτιἋπελεύσεσθε
2046 3594 2124 3655 είς

557 3693 874 3754 Βαϐυλῶνα,
908 3690 1005 3742 καὶ
1047 3690 1146 3759 οὐχ
1186 3690 1500 3759 ὑπήνεγκαν
1525 3696 1544 3717 ⁸
1589 3685 1839 3752 ἀκοῦσαι,
1873 3685 1986 3737 ἀλλ’
2015 3684 2126 3736 ἐτι-

561 3787 886 3856 μωρήσαντο
930 3781 1019 3834 τὸν
1064 3780 1313 3834 είπόνταο
1341 3781 1388 3832 εί
1422 3779 1658 3849 ἤκουσαν
1684 3776 1792 3829 τῶν
1834 3774 2128 3845 προφητῶν

559 3879 841 3940 εἰπόντων,
865 3877 946 3929 ὅτι
965 3875 1077 3928 υύκ
1102 3875 1181 3937 είς
1212 3871 1526 3936 Βαϐυλῶνα,
1561 3869 1697 3924 ἀλλά
1726 3866 2001 3938 πανταχοῦ
2031 3867 2130 3934 τῆς

563 3968 714 4040 [174]
744 3965 1064 4036 οἰκουμένης
1090 3961 1545 4032 διασπαρήσεσθε,
1575 3959 1669 4012 καὶ
1717 3958 1899 4011 οὐκέτι
1946 3955 2130 4009 λοιπὸν

562 4060 735 4128 ἐπανή
745 4059 877 4124 ξετε,
901 4056 999 4110 οὐκ
1025 4055 1091 4108 ἂν
1115 4054 1207 4106 καὶ
1229 4051 1291 4104 τὸ
1312 4048 1450 4119 αἷμα
1476 4051 1584 4102 τῶν
1607 4049 1869 4117 λεγόντων
1889 4046 2128 4112 ἐξέπιονς

562 4155 628 4207 Et
661 4152 715 4205 δὲ
744 4152 889 4203 δοκεῖ
914 4148 1070 4201 τοῦτο
1100 4144 1177 4197 έτι
1213 4140 1516 4212 στοχασμὸς
1550 4135 1709 4203 εἶναι,
1740 4138 1979 4208 φανερὰν
2007 4138 2133 4205 ύμῖν

562 4239 833 4304 ἀπόδειξιν
863 4236 1106 4308 παρέχω,
1134 4235 1216 4287 ὃτι
1247 4233 1347 4285 οὐκ
1372 4226 1440 4300 ἦν
1467 4228 1706 4298 ἀσφαλὲς
1741 4229 1921 4291 αὐτοῖς
1956 4227 2135 4295 λέγειν

562 4335 634 4390 τὰ
671 4331 948 4402 μέλλοντα,
985 4327 1084 4397 τὴν
1110 4322 1383 4394 ἡμετέραν
1412 4320 1575 4392 τιμὴν
1603 4320 1765 4388 λέγω,
1799 4319 1896 4386 τὴν
1926 4318 2138 4371 ἔκπτω-

569 4443 653 4479 σιν
683 4426 780 4495 τὴν
808 4420 1046 4474 ἐκείνων.
1087 4418 1352 4484 Στέφανον
1383 4414 1510 4483 γὰρ,
1541 4411 1659 4465 είπέ
1696 4429 1804 4482 μοι,
1833 4410 1932 4480 τὴν
1961 4411 2138 4479 ἀπαρο

565 4520 667 4590 χὴν
692 4517 799 4569 τῶν
835 4518 1144 4584 μαρτύρων,
1175 4506 1261 4559 διὰ
1288 4506 1341 4557 τί
1370 4505 1652 4568 ἐλίθασαν;
1683 4503 1742 4556 ού
1781 4502 1950 4557 ταῦτα
1975 4503 2138 4570 ἐγκα.

566 4588 784 4666 λοήῦντες
814 4599 959 4671 αὐτῷ
1004 4598 1096 4652 καὶ
1122 4596 1391 4664 λέγοντες,
1423 4593 1504 4645 ὅτι
1538 4593 1591 4644 '0
1635 4591 1788 4660 ἀνὴρ
1826 4588 2002 4655 οὗτος
2032 4595 2140 4646 λα-

569 4700 669 4755 λεῖ
699 4694 1036 4762 ,ϐλάσφημα
1072 4687 1334 4756 ρήματα;
1371 4681 1536 4747 Εἷπε,
1572 4683 1754 4753 φησιν,
1790 4681 1878 4736 ὅτι
1912 4683 2139 4749 Ἰησοῦς

571 4788 898 4843 καταλύσει
931 4781 1036 4834 τὸν
1066 4778 1215 4832 ναὸν
1251 4775 1482 4837 τοῦτον,
1515 4773 1611 4827 καί
1638 4773 1889 4837 ἀλλάξει
1917 4774 1987 4827 τὰ
2012 4773 2138 4839 ἔθη,

572 4881 611 4934 ἂ
650 4876 950 4945 παρέδωκε
988 4868 1267 4935 Μωϋσῆς,
1318 4867 1410 4920 καὶ
1447 4866 1532 4919 διὰ
1568 4864 1724 4918 τοῦτο
1755 4866 1914 4918 αὑτὸν
1960 4867 2141 4920 ἐλίθα-

576 4990 691 5025 σαν.
739 4971 799 5021 Εἰ
841 4969 895 5020 δὲ
944 4966 1058 5018 τότε
1108 4964 1206 5014 οὐκ
1241 4961 1512 5030 ἠνείχοντο
1546 4957 1717 5012 ταῦτα
1767 4958 2003 5023 ἀκούειν,
2050 4959 2142 5011 καὶ

572 5062 745 5114 ταῦτα
795 5059 901 5109 τῶν
953 5052 1288 5125 πραγμάτων
1342 5051 1537 5110 αὐτοὺς
1592 5049 1885 5102 πειθόντων
1935 5051 2138 5118 λοιπὸν,

575 5151 692 5211 πῶς
718 5150 781 5202 ἂν
814 5148 918 5200 τῶν
963 5142 1248 5214 προφητῶν
1275 5140 1559 5208 ἠνέσχοντο
1599 5139 1773 5191 ταῦτα
1819 5156 2142 5208 προαναφω-

576 5241 841 5301 νοι’ντων;
874 5237 1165 5296 Ἤκουσας,
1206 5231 1476 5298 ἀγαπητέ,
1507 5229 1588 5280 ὅτι
1619 5228 1707 5280 διά
1745 5228 1834 5280 τὸν
1880 5230 2004 5280 ναὸν
2049 5231 2142 5282 καὶ

575 5331 674 5400 τὴν
717 5328 1001 5398 μετάθεσιν
1030 5325 1124 5393 τῆς
1164 5321 1433 5382 πολιτείας
1463 5321 1624 5371 αὐτὸν
1665 5319 1919 5371 ἐλίθασαν
1938 5333 1954 5350 ⁶
1984 5319 2142 5372 ἄκου-

579 5440 669 5474 σον
697 5421 810 5481 πῶς
837 5420 926 5470 καὶ
953 5416 1028 5486 τῷ
1051 5414 1269 5485 Χριστῷ
1299 5413 1453 5464 τοῦτο
1480 5411 1842 5483 προφέρουσιν
1873 5411 2140 5482 ἔγκλημα.

579 5509 724 5563 Εἷπε
769 5510 891 5577 γὰρ,
928 5508 1107 5576 φησιν,
1159 5503 1363 5568 οὗτος·
1399 5504 1634 5556 Λύσατε
1670 5501 1777 5554 τὸν
1808 5503 1957 5554 ναὸν
2007 5504 2142 5556 τοῦ·

577 5620 700 5658 τον,
737 5601 831 5652 καὶ
879 5603 944 5652 ἑν
992 5599 1184 5666 τρισὶν
1223 5597 1467 5664 ἡμέραις
1505 5594 1684 5662 ἐγερῶ
1744 5596 1943 5647 αὐτόν.
1996 5595 2147 5658 Εἶδες

579 5693 695 5754 πῶς
742 5689 1013 5757 πανταχοῦ
1066 5691 1097 5740 ἡ
1138 5687 1428 5748 κατάλυσις
1461 5685 1554 5739 τοῦ
1587 5684 1736 5750 ναοῦ,
1775 5686 1865 5738 καὶ
1903 5687 1934 5754 ἡ
1979 5686 2133 5755 μετά-

678 5916 809 5968 Colb.
833 5917 919 5978 οὐχ
939 5917 1201 5976 ὑπέμειναν.

1198 474 1255 530 S.
1288 472 1572 535 JOANNIS
1605 466 2087 530 CHRYSOS'I‘OII
2123 467 2444 524 ARCHIEP.
2484 465 3026 525 CONSTANTINOP.

3668 456 3784 513 170

2201 583 2349 647 θεσις
2379 583 2480 652 τῆς
2512 583 2782 645 πολιτείας
2809 581 2907 651 τὴν
2937 575 3104 648 ὀργὴν
3136 573 3312 634 αὐτοῖς
3365 565 3638 628 ἐνεποίεις
3669 563 3771 616 Διά

2197 675 2356 728 τοῦτο
2381 675 2563 743 ελεγον
2605 675 2703 744 μὲν
2729 675 2778 726 οί
2809 671 3081 743 προφῆται
3121 663 3313 725 ταῦτα,
3345 661 3446 713 οὐκ
3477 658 3666 724 ελεγον
3709 652 3772 705 δὲ

2196 765 2464 835 φανερῶς.
2504 765 2602 818 Διά
2643 764 2800 818 τοῦτο
2832 763 2926 816 καὶ
2967 757 3178 812 Παῦλον
3217 753 3494 808 ἐϐούλοντο
3533 745 3771 807 ἀνελεῖν,

2194 859 2276 911 ὅτι
2316 857 2529 911 ἔπειθεν
2559 856 2755 917 αὐτοὺς
2800 847 3176 923 μετατίθεσθαι
3221 844 3330 898 ἀπὺ
3357 843 3455 910 τῆς
3493 837 3776 898 πολιτείας

2197 948 2371 1014 Πόθεν
2393 947 2552 1001 τοῦτο
2575 945 2768 1016 δῆλονς
2813 939 3074 1008 Θεωροῖς,
3098 938 3280 1008 φησὶν,
3310 930 3556 1000 ἀδελφέ,
3587 929 3778 982 ,πόσαι

2191 1038 2475 1107 μυριάδες
2494 1036 2652 1091 εισιν
2695 1033 2997 1091 Ἰουδαίων
3019 1028 3140 1084 τῶν
3149 1021 3657 1082 πεπιστευκότων,
3674 1017 3778 1070 καὶ

2196 1124 2361 1184 οὗτοι
2388 1127 2608 1193 πάντες
2648 1125 3016 1193 κατήχηνται
3045 1118 3179 1187 περὶ
3212 1115 3351 1178 σοῦ,
3377 1115 3466 1167 ὅτι
3501 1113 3781 1167 ἀποστα-

2198 1219 2344 1273 σίαν
2368 1218 2475 1272 τοῦ
2507 1219 2694 1287 νόμον
2727 1216 3054 1280 διδάσκεις.
3078 1213 3140 1265 οι
3172 1207 3351 1262 πιστοὶ
3372 1207 3476 1259 οὐκ
3497 1202 3779 1273 ἠνείχοντο

2198 1305 2541 1359 διδάσκεσθαι
2583 1303 2917 1357 ἀποστασίαν
2955 1300 3050 1354 τοῦ
3093 1298 3293 1367 νόμουο
3335 1293 3430 1346 καὶ
3461 1293 3513 1345 οι
3559 1289 3784 1343 οὒδέπω

2200 1396 2585 1456 πιστεύσαντες
2616 1393 2732 1456 πῶς
2777 1392 2843 1446 ἂν
2888 1391 3180 1460 ἠνέσχοντο
3211 1383 3462 1448 ἀκοῦσαι,
3508 1383 3597 1434 ὃτι
3630 1396 3779 1432 παυ-

2201 1486 2421 1556 θήσεται
2450 1486 2479 1537 6
2509 1484 2671 1553 νόμος
2715 1483 2878 1546 ποτέ;
2909 1482 3032 1534 Ὀτι
3073 1478 3172 1550 μὲν
3200 1468 3292 1530 οῦν
3323 1474 3448 1535 τοὺς
3482 1470 3781 1543 προφήτας

2201 1574 2524 1629 ἀπέκτειναν
2577 1570 2644 1625 ἂν
2679 1573 2728 1624 οἱ
2775 1569 3016 1624 Ἰουδαῖοι
3037 1607 3053 1632 ,
3098 1566 3153 1619 εῐ
3192 1582 3247 1618 τι
3297 1563 3538 1617 τοιοῦτον
3588 1559 3783 1628 σαφῶς

2201 1667 2480 1736 προεῖπον,
2509 1661 2790 1731 ἐδείξαμεν
2813 1658 2922 1714 ἀπὸ
2950 1657 3058 1712 τῶν
3093 1653 3427 1728 μαρτυριῶν,
3453 1651 3563 1705 ἀπό
3587 1667 3652 1704 τε
3682 1647 3784 1702 τοῦ

2206 1753 2471 1824 μακαρίου
2505 1751 2788 1823 Ἱερεμίου,
2816 1750 2909 1803 καὶ
2937 1745 3033 1801 τοῦ
3078 1744 3541 1818 πρωτομάρτυρος
3572 1743 3787 1810 Στεφά-

2203 1863 2317 1909 νου,
2344 1846 2436 1898 ἀπ’
2458 1842 2623 1899 αὐτοῦ
2650 1840 2743 1895 τοῦ
2775 1838 3032 1912 Χριστοῦ,
3062 1836 3156 1892 καὶ
3181 1835 3276 1889 τοῦ
3309 1833 3611 1889 ἀποστόλου
3637 1832 3788 1887 [lad-

2203 1935 2316 1989 λου.
2361 1937 2501 1989 Πᾶσι
2539 1935 2649 2005 γὰρ
2693 1933 2761 1986 τά
2790 1931 2929 1985 αὐτὰ
2959 1928 3334 1998 ἐγκαλοῦντες,
3365 1926 3540 1988 οὕτως
3579 1925 3788 1987 αὐτοὺς

2204 2027 2428 2081 ἀνεῖλον.
2459 2027 2580 2079 Ὀτι
2616 2027 2671 2078 δὲ
2705 2024 2800 2077 καὶ
2837 2021 2975 2076 αὐτὰ
3016 2020 3085 2074 τὰ
3117 2019 3296 2090 βιϐλία
3334 2016 3686 2071 κατέκαυσαν
3717 2015 3787 2068 ἂν

2204 2115 2273 2166 τά
2298 2112 2641 2183 πῳφητικά,
2687 2114 2738 2165 εί
2784 2110 3020 2164 συνεῖδον
3065 2108 3134 2161 τὰ
3168 2107 3454 2179 λεγομένα,
3494 2104 3788 2159 καὶτοῦτο

2206 2206 2550 2274 παραστῆσαι
2581 2200 2911 2272 πειράσομαι
2931 2198 3040 2252 ἀπό
3069 2214 3210 2260 τινος
3239 2197 3506 2268 ἱστορίας,
3531 2213 3787 2266 κεκρυμ-

2211 2296 2376 2367 μένης
2401 2298 2499 2366 μὲν
2526 2295 2674 2364 ύμῖν,
2703 2291 2868 2362 δήλης
2897 2291 2954 2343 δέ
2983 2289 3244 2360 ἐσομένης
3280 2287 3475 2342 αὐτίκα
3497 2286 3561 2356 δὴ
3599 2286 3751 2356 μάλα
3768 2303 3785 2318 ο

2207 2387 2347 2439 οὕτω
2387 2385 2496 2454 γὰρ
2531 2384 2700 2453 αὐτὴν
2743 2381 3068 2450 ἀπαγγεῖλαι
3113 2378 3464 2449 πειράσομαι.
3493 2376 3590 2438 Τίς
3617 2370 3718 2428 οῦν
3748 2375 3787 2444 ἠ

2212 2476 2418 2544 ἱστορία
2441 2516 2455 2538 ,
2492 2473 2778 2528 ἀκούσατε.

2281 2567 2389 2620 Καὶ
2443 2565 2678 2634 ἐγένετο
2712 2565 2780 2616 ἐν
2812 2562 2891 2627 τῷ
2928 2562 3180 2629 τετάρτῳ
3214 2561 3331 2614 ἐτει
3361 2557 3617 2626 Ἰωακεὶμ
3646 2557 3790 2611 υἱοῦ

2222 2655 2445 2710 Ἰωσίου
2479 2652 2785 2717 ,βασιλέως
2821 2649 3028 2711 Ἰούδα,
3069 2650 3198 2702 εἷπε
3244 2648 3456 2714 Κύριος
3493 2645 3645 2713 πρὸς
3678 2645 3790 2699 Ἰε-

2203 2739 2449 2815 ρεμίαν·
2482 2739 2732 2808 Γράψον
2764 2737 2994 2802 πάντας
3026 2737 3168 2800 τοὺς
3203 2737 3442 2803 λόγους,
3471 2733 3580 2798 οὓς
3607 2733 3794 2801 ἐχρη-

2207 2830 2433 2901 μάτισα
2461 2827 2609 2895 πρὸς
2635 2826 2710 2879 σὲ
2732 2823 2851 2880 ἀπὸ
2884 2822 2990 2889 τῆς
3018 2821 3238 2890 ἡμέρας
3272 2821 3515 2883 Ἰωσίου,
3538 2819 3651 2884 ἕως
3678 2816 3794 2885 τῆς

2213 2918 2428 2987 ἡμέρας
2472 2915 2689 2982 ταύτης
2710 2927 2725 2942 ⁸
2768 2911 3036 2973 τουτέστι,
3071 2911 3246 2963 πάντα
3277 2909 3345 2961 τὰ
3374 2908 3537 2972 κακὰ,
3567 2907 3604 2961 ἃ.
3640 2907 3796 2975 λογί-

2215 3007 2378 3074 ζομαι
2421 2999 2643 3071 ποιῆσαι
2677 2999 2881 3060 αὐτοῖς.
2917 2998 3058 3067 Ὅρα
3090 2995 3142 3048 τί
3173 2992 3549 3064 φιλάνθρωπος
3591 2994 3622 3045 6
3655 2991 3796 3054 Θεὸς

2215 3092 2311 3144 καὶ
2353 3086 2723 3160 κηδεμονικός.
2765 3083 2982 3154 Ἐπειδὴ
3014 3081 3123 3151 γὰρ
3162 3081 3301 3134 κατά
3350 3080 3514 3150 μέρος
3558 3075 3798 3132 ἀκοῦσαι

2216 3179 2316 3230 ούκ
2357 3175 2652 3245 ἠνείχοντο,
2695 3171 2992 3238 Συνάγαγε,
3034 3168 3217 3237 φησὶν,
3261 3166 3398 3220 αὐτὰ
3449 3167 3650 3229 πάντα,
3699 3166 3802 3218 καὶ

2219 3261 2452 3332 αὔξησον
2485 3257 2576 3311 τὸν
2626 3257 2809 3326 φόϐον,
2840 3257 2927 3309 ἵνα
2953 3257 3054 3308 κᾶν
3082 3252 3223 3307 οὕτω
3247 3252 3276 3293 δ
3308 3252 3548 3322 βελτίους
3592 3250 3802 3318 γένωνο

2219 3367 2327 3403 ται.
2373 3344 2752 3416 Μνημονεύετε
2799 3344 2896 3415 τῆς
2947 3340 3320 3412 ὑποσχέσεωςο
3353 3337 3411 3393 τδ
3461 3335 3800 3408 ζητούμενον

2220 3438 2351 3507 ἡμῖν
2379 3433 2568 3500 δείξαι,
2589 3433 2671 3485 ὅτι
2701 3429 2794 3485 καὶ
2817 3431 2885 3484 τὰ
2915 3424 3092 3498 βιϐλία
3121 3428 3186 3482 ἂν
3217 3425 3356 3479 αὐτὰ
3383 3421 3716 3492 κατέκοψαν,
3748 3425 3802 3478 εί

2222 3528 2449 3598 ἐνόησαν
2495 3524 2563 3577 τά
2605 3525 2842 3594 σήμερον
2890 3521 3122 3575 ἐκϐάντα
3164 3520 3358 3572 πάντα.
3401 3519 3571 3581 Ἴσως
3611 3515 3805 3569 ἀκού-

2223 3631 2434 3669 σονται
2459 3613 2613 3666 κακὰ
2640 3613 2739 3682 (δεῖ
2771 3610 2880 3682 γὰρ
2909 3609 3124 3679 ἔχεσθαι
3161 3609 3258 3677 τῆς
3293 3602 3576 3676 ἱστορίας),
3613 3602 3654 3658 d
3688 3608 3804 3658 .10-

2225 3701 2447 3770 rttoyac
2493 3697 2740 3764 ποιῆσαι
2790 3696 2992 3761 αὐτοῖς
3011 3735 3025 3760 ,
3073 3694 3173 3747 καὶ
3224 3689 3805 3759 άποστραςρήσονται

2226 3787 2342 3842 ἀπὸ
2381 3784 2491 3853 τῆς
2516 3783 2659 3838 ὀδοῦ
2683 3781 2881 3836 αὐτῶν
2919 3779 3024 3846 τῆς
3067 3777 3349 3845 πονηρᾶς.
3380 3778 3571 3840 Ἴσως,
3606 3777 3634 3827 6
3664 3773 3807 3836 Θεὸς

2227 3874 2407 3941 λέγεις
2436 3871 2638 3939 ἀγνοεῖ,
2672 3867 2822 3940 [175]
2853 3869 2973 3921 εἰπέ
3005 3884 3114 3935 μοι,
3143 3865 3212 3918 τὰ
3237 3863 3497 3933 ὲσόμενα;
3525 3862 3624 3915 οὐκ
3657 3856 3806 3915 οἶδεν

2229 3962 2277 4013 εί
2311 3957 2650 4021 ἀκούσονται,
2683 3958 2711 4008 6
2747 3952 2903 4016 εἰδὼς
2937 3953 3116 4006 πάντα
3145 3951 3271 4021 πρὶν
3307 3949 3588 4016 γενέσεως,
3615 3951 3644 4002 6
3678 3949 3808 4001 ἐτά-

2231 4047 2336 4110 ζων
2365 4044 2586 4115 καρδίας
2617 4043 2709 4095 καὶ
2734 4041 2982 4111 νεφροὺς,
3010 4042 3038 4092 6
3064 4036 3306 4107 κριτικὸς
3332 4036 3681 4104 ἐνθυμήσεων
3706 4035 3808 4088 καὶ

2232 4131 2477 4194 ἐννοιῶν;
2519 4123 2564 4197 ᾧ
2602 4128 2778 4181 πάντα
2810 4125 2990 4195 γυμνά
3037 4125 3130 4176 καὶ
3176 4121 3641 4192 τετραχηλισμένα
3686 4124 3807 4182 τοῖς

2232 4218 2527 4286 ὀφθαλμοῖς
2593 4211 2794 4276 αύτοῦ;
2850 4213 3006 4273 Τίνος
3050 4210 3107 4262 δέ
3150 4209 3333 4262 ἕνεκεν
3395 4207 3602 4275 ἔλεγεν,
3629 4206 3809 4273 ’τσως

2233 4307 2632 4365 ἀκούσονται;
2667 4301 2777 4354 Καὶ
2819 4299 2926 4370 γὰρ
2969 4298 3063 4351 καὶ
3107 4295 3277 4350 ταῦτα
3321 4297 3616 4362 ἀναγκαῖον
3656 4295 3809 4364 ὑμᾶς

2239 4393 2544 4463 μανθάνειν,
2579 4388 2666 4442 διὰ
2693 4387 2816 4449 τοὺς
2861 4384 3216 4453 ἐγκαλοῦντας
3245 4383 3462 4450 ἄγνοιαν
3504 4380 3585 4450 τῷ
3630 4383 3810 4434 Μονο-

2235 4480 2398 4546 γενεῖ.
2439 4476 2567 4529 Ἰδοὺ
2595 4475 2702 4542 γάρ
2745 4471 2838 4523 καὶ
2865 4471 2892 4521 6
2924 4469 3111 4540 Πατὴρ
3150 4467 3466 4536 ἀγνοοῦντος
3509 4465 3810 4534 φθέγγεται

2239 4567 2454 4636 ῥήματα
2473 4580 2485 4592 ο
2522 4561 2581 4613 τὸ
2616 4561 2744 4628 γὰρ,
2773 4560 2971 4622 ΙἼσως,
3003 4555 3318 4624 ἀγνοοῦντός
3351 4555 3495 4608 ἐστιν
3515 4570 3527 4583 ·
3564 4553 3679 4606 ἀλλ’
3703 4554 3812 4606 οὐκ

2237 4652 2438 4718 ἀγνοεῖ.
2478 4646 2705 4699 Ὀπόταν
2738 4639 2830 4696 οὖν
2867 4643 2961 4695 καὶ
2986 4640 3136 4710 παρά
3162 4640 3256 4692 τοῦ
3283 4638 3413 4692 Υίοῦ
3444 4650 3466 4678 ε
3486 4639 3724 4709 ἀκούσῃς
3754 4656 3812 4692 τι

2237 4736 2476 4790 τοιοῦτον
2505 4732 2774 4795 λέγοντος,
2805 4728 2902 4797 τὴν
2935 4726 3101 4795 αὐτὴν
3135 4724 3421 4789 κατάδεξαι
3453 4725 3649 4795 ψῆφον.
3681 4723 3814 4787 Υίδς

2240 4823 2347 4893 γὰρ
2371 4820 2463 4882 ὢν,
2495 4815 2767 4886 πανταχοῦ
2794 4815 2884 4867 τὸν
2911 4815 3129 4884 Πατέρα
3160 4816 3425 4882 μιμεῖται.

2323 4906 2459 4958 Ἀλλ’
2491 4906 2540 4956 οί
2573 4902 2670 4972 μέν
2699 4902 2806 4953 τῶν
2835 4899 3059 4967 ἀγώνων
3097 4900 3280 4967 καιροὶ
3311 4897 3516 4950 τούτων
3537 4896 3809 4965 ἀναμενέ-

2241 5009 2439 5057 τωσαν,
2472 4992 2558 5045 ἴνα
2593 4989 2666 5061 μὴ
2698 4990 2796 5057 τῆς
2832 4986 3195 5057 προκειμένης
3232 4985 3536 5046 ὑποθέσεως
3564 4984 3812 5036 ἐκπέσω-

2245 5097 2371 5151 μεν·
2424 5079 2665 5146 εἴπωμεν
2700 5076 2777 5138 δὲ,
2820 5076 2963 5134 τίνος
2992 5073 3172 5125 ἕνεκεν
3208 5072 3390 5139 λέγει,
3437 5072 3604 5136 Ἴσως
3631 5071 3816 5123 ἁκού-

2241 5183 2471 5220 σονται.
2506 5165 2570 5216 Εἰ
2610 5160 2782 5225 εἶπεν,
2819 5161 2901 5213 ὅτι
2939 5160 3279 5222 ἀκούσονται,
3309 5158 3474 5227 χωρὶς
3501 5157 3593 5209 τοῦ
3620 5159 3813 5222 Ἴσως,

2242 5253 2428 5321 ψευδὲς
2451 5247 2550 5320 ἦν’
2589 5250 2647 5302 οὐ
2690 5248 2797 5318 γὰρ
2840 5247 3059 5316 ἔμελλον
3107 5244 3453 5298 ἀκούσεσθαι.
3495 5245 3557 5296 EE
3588 5239 3706 5296 εἷπε
3749 5243 3817 5295 τὸ

2242 5339 2459 5407 ἀληθὲς,
2508 5338 2590 5390 ὃτι
2641 5335 2738 5388 οὐκ
2769 5334 3117 5395 ἀκούσονται,
3168 5330 3435 5402 περιττῶς
3481 5330 3693 5399 ἔπεμπε
3719 5330 3815 5384 τὸν

2245 5428 2528 5496 προφήτην
2561 5425 2670 5485 τοῖς
2703 5423 2802 5476 οὐκ
2840 5420 3242 5489 ἀκουσομένοις.
3278 5421 3387 5473 Καὶ
3428 5421 3487 5472 οὐ
3530 5419 3618 5474 διὰ
3657 5418 3817 5472 τοῦτο

2249 5514 2424 5582 μόνον,
2452 5511 2585 5564 ἀλλά
2609 5511 2702 5563 κα).
2734 5511 2818 5562 ἵνα
2843 5511 2914 5579 μὴ
2949 5510 2982 5579 ή
3015 5508 3320 5578 πρόγνωσις
3341 5505 3502 5559 αὑτοῦ
3533 5505 3812 5575 νομισθείη

2246 5600 2617 5667 ἀναγκαστική
2640 5615 2724 5660 τις
2753 5592 2890 5648 εἶναι
2914 5595 3012 5664 τῆς
3036 5595 3336 5665 παρακοῆς,
3363 5592 3450 5646 διὰ
3467 5591 3626 5646 τοῦτο
3643 5594 3816 5662 ἐπαμ-

2313 5792 2338 5829 h
2361 5789 2439 5853 Si;
2462 5790 2580 5849 Reg.
2610 5791 2784 5837 melius
2802 5804 2942 5853 quam
2979 5792 3080 5849 alii,
3127 5792 3209 5853 qui
3251 5793 3429 5840 habent
3447 5792 3522 5853 rga
3544 5793 3625 5839 καὶ
3647 5793 3815 5845 οὕτως.

2312 5853 2332 5878 ο
2363 5851 2457 5898 Alii
2479 5848 2646 5918 oniqu
2670 5848 2915 5918 ετᾳράῥοῦ.
2946 5848 3114 5901 Morel.
3139 5848 3241 5914 περὶ
3279 5853 3363 5901 τοῦ
3389 5848 3517 5902 Υίοῦ.
3552 5856 3616 5903 Al
3639 5853 3819 5901 Fronto

2254 5911 2454 5963 Duczeus
2475 5912 2600 5973 παρὰ
2617 5911 2699 5958 τοῦ
2725 5911 2840 5973 legit
2859 5947 2875 5962 .
