4016 6462
235 433 352 490 169

232 543 463 600 eumque
504 527 598 601 qui
632 536 869 592 venerat,
896 537 952 583 ut
992 537 1209 598 peccata
1238 526 1545 589 dimitteret,
1573 525 1803 581 aversati

230 630 378 689 sunt,
404 621 549 679 omni
579 635 672 691 spe
698 618 951 690 deinceps
970 619 1297 676 exciderunt.
1324 618 1609 688 Propterea
1636 616 1798 671 dicit:

231 714 451 786 lmplete
474 729 761 768 mensuram
785 722 986 783 patrum
1018 721 1311 768 uestrorum.
1358 712 1537 778 Certe,
1591 709 1758 779 inquit
1785 726 1799 762 :

229 814 287 860 et
308 805 486 859 multis
514 804 726 874 quidem
749 811 1017 859 ostensum
1038 812 1121 859 est
1146 803 1485 868 testimoniis,
1511 800 1804 856 homicidas

230 894 357 950 illos
375 909 437 950 ac
461 893 696 950 nefarios
723 892 890 949 fuisse
919 911 932 947 :
966 893 1103 948 unde
1132 908 1259 947 vero
1288 901 1499 947 constat
1527 892 1645 946 illos
1672 905 1800 960 pro-

229 985 409 1055 phetis
435 987 657 1042 minime
682 985 994 1057 parcituros,
1022 985 1066 1040 si
1108 985 1435 1055 Jerosolyma
1465 998 1709 1039 eversum
1738 980 1802 1036 iri

227 1077 596 1141 audivissent,
630 1086 683 1132 et
711 1084 1036 1132 cessaturam
1065 1076 1259 1145 legem,
1308 1090 1371 1129 ac
1415 1073 1531 1129 fore
1555 1082 1612 1127 ut
1637 1072 1803 1128 Vetus

227 1162 629 1220 Testamentum
652 1166 994 1221 immutetur?
1019 1166 1075 1220 Id
1102 1164 1315 1235 quidem
1340 1179 1402 1220 ex
1426 1165 1511 1229 iis,
1530 1178 1646 1232 quae
1660 1161 1801 1216 dicta

224 1265 374 1324 sunt,
403 1255 639 1313 maxime
674 1264 892 1328 apparet
922 1275 936 1311 :
968 1264 1331 1311 verumtamen
1387 1269 1453 1309 ex
1491 1253 1618 1322 ipsis
1659 1251 1803 1307 Scri-

226 1347 404 1416 pturis
452 1347 872 1402 manifestiorem
928 1345 1204 1416 subjiciam
1268 1343 1797 1399 demonstrationem.

224 1433 363 1491 Nam
387 1438 663 1507 siquando
689 1436 999 1507 pr0pbetam
1044 1436 1307 1492 dicentem
1346 1433 1645 1500 erudierunt,
1686 1433 1800 1489 fore

226 1534 288 1579 ut
301 1524 595 1581 Jerusalem
628 1527 951 1597 temporario
988 1524 1197 1580 excidio
1228 1524 1648 1589 exscinderetur,
1678 1537 1797 1577 cum

227 1614 349 1670 illos
367 1624 575 1670 mutare
590 1624 819 1671 mentem
835 1616 1154 1685 oportuisset
1182 1622 1235 1671 et
1255 1616 1384 1669 iram
1405 1615 1494 1669 Dei
1511 1614 1798 1685 depellere,

226 1704 283 1759 iu
310 1705 621 1775 prophetam
650 1705 885 1761 furorem
913 1706 1231 1761 effuderunt.
1268 1708 1441 1776 Atque
1482 1706 1584 1760 hoc
1617 1721 1797 1760 verum

225 1808 369 1859 esse,
412 1809 481 1849 ex
526 1795 761 1851 historiis
800 1795 929 1866 ipsis
982 1795 1303 1867 intelligetis.
1333 1795 1660 1852 Obsidebant
1702 1795 1798 1849 ali-

224 1885 440 1954 quando
464 1886 730 1942 civitatem
757 1888 991 1958 ipsorum
1023 1887 1221 1954 Persze,
1247 1897 1406 1959 atque
1453 1887 1621 1957 ipsam
1669 1887 1797 1942 foris

225 1976 537 2033 barbariem
565 1979 827 2035 exercitus
867 1979 1297 2035 circumvallabat
1328 1997 1344 2033 :
1376 1994 1475 2035 nec
1514 1979 1795 2035 obscurum

224 2076 342 2123 erat
366 2070 660 2139 periculum
690 2070 828 2141 quod
856 2070 1183 2136 imminebat,
1230 2069 1323 2126 sed
1369 2070 1422 2125 in
1470 2070 1658 2125 mediis
1684 2078 1794 2123 tum

225 2160 431 2230 laqueis
448 2160 571 2215 urbs
591 2160 910 2229 Jerusalem,
934 2162 1150 2218 armatis
1169 2163 1413 2218 omnibus
1432 2172 1487 2218 et
1505 2163 1646 2217 illam
1668 2161 1797 2217 foris

223 2251 745 2317 circumsidentibus,
799 2252 1111 2308 versabatur
1160 2270 1177 2308 :
1229 2262 1461 2309 attamen
1519 2268 1639 2310 cum
1687 2263 1794 2308 tam

223 2352 369 2398 certa
398 2342 538 2397 mala
587 2358 681 2398 eos
727 2354 1051 2414 premerent,
1106 2346 1356 2415 quoniam
1403 2360 1715 2416 progressus
1742 2345 1794 2400 in

222 2432 458 2487 medium
504 2432 641 2487 dixit
669 2433 774 2489 illis
801 2433 1080 2497 Jeremias,
1108 2433 1221 2490 fore
1260 2443 1319 2488 ut
1346 2434 1399 2489 in
1426 2450 1613 2489 manus
1633 2434 1793 2489 Chal-

221 2523 461 2579 dzeorum
482 2524 666 2579 civitas
699 2525 1027 2590 traderetur;
1054 2526 1261 2581 tametsi
1299 2540 1471 2596 neque
1520 2526 1793 2595 prophetia

222 2612 324 2668 fuit
352 2613 475 2681 hoc,
503 2629 621 2669 cum
643 2615 878 2684 ipsorum
904 2615 1039 2670 oculi
1072 2630 1191 2685 quae
1210 2625 1465 2671 eventura
1498 2626 1677 2670 essent
1706 2617 1791 2671 in-

222 2712 532 2769 tuerentur;
574 2706 696 2775 quia
725 2713 901 2760 tamcn
944 2720 1009 2759 ea
1047 2720 1168 2774 qua:
1217 2706 1492 2761 manifesta
1536 2716 1704 2771 erant,
1737 2715 1792 2761 et

220 2808 409 2849 eorum
437 2794 605 2849 oculis
651 2792 1066 2849 observabuntur
1106 2792 1337 2859 dicebat,
1386 2795 1599 2849 scelesti
1626 2796 1701 2849 illi
1729 2810 1792 2850 ac

220 2885 445 2955 stupidi,
474 2893 530 2940 et
548 2900 674 2956 erga
702 2884 1072 2941 benefactores
1098 2885 1288 2955 ingrati
1312 2886 1392 2940 sic
1420 2886 1789 2954 insanierunt,

222 2984 281 3030 ut
310 2974 634 3045 proditorem
663 2976 807 3029 illum
847 2984 901 3030 et
942 2990 1242 3031 eversorem
1271 2977 1687 3044 arbitrarentur,
1728 2994 1791 3034 ac

220 3065 462 3120 dicerent
492 3082 507 3120 :
542 3065 643 3119 Hic
671 3065 895 3121 diuoluit
940 3082 1117 3120 manus
1150 3067 1325 3135 populi
1345 3068 1494 3137 hujus
1524 3067 1671 3140 (Jer.
1699 3066 1789 3125 58.

220 3157 302 3227 ι).
331 3158 579 3212 Attamen
608 3157 954 3213 conﬁrmabat
974 3198 991 3225 ,
1031 3167 1262 3213 attamen
1285 3159 1519 3229 ipsorum
1550 3161 1791 3215 alacrita-

221 3257 331 3303 tem
361 3248 644 3314 excitabat,
673 3256 727 3303 et
752 3248 819 3302 ad
846 3247 1008 3302 Deum
1034 3247 1277 3314 ducebat,
1295 3263 1493 3317 eosque
1520 3250 1715 3303 invicto
1735 3258 1792 3305 et

219 3337 616 3408 inexpugnabili
642 3352 796 3393 muro
819 3338 1249 3393 circumvallabat
1276 3355 1290 3392 :
1329 3338 1420 3392 sed
1448 3339 1522 3392 illi
1546 3340 1675 3394 nihil
1692 3340 1789 3393 ho-

218 3443 340 3483 rum
366 3428 739 3499 intelligentes,
762 3427 987 3483 interﬁci
1002 3442 1123 3483 eum
1136 3427 1407 3497 jubebant.
1436 3428 1581 3482 Talia
1599 3429 1791 3501 quippe

218 3519 360 3575 bene
400 3517 470 3574 de
505 3534 566 3574 se
611 3518 815 3573 meritis
842 3518 1059 3588 praemia
1089 3532 1301 3587 semper
1327 3518 1706 3588 rependebant,
1738 3528 1791 3574 et

218 3625 344 3666 cum
381 3624 479 3665 rex
526 3609 832 3681 ignovisset.
873 3623 941 3665 ne
987 3609 1065 3664 sic
1106 3603 1318 3679 quidem
1358 3618 1651 3676 cesserunt,
1697 3609 1790 3663 sed

217 3701 471 3773 quoniam
499 3715 691 3758 necare
718 3715 825 3755 non
850 3707 1111 3771 poterant,
1140 3699 1194 3755 in
1228 3699 1324 3754 luti
1354 3699 1525 3755 lacum
1546 3700 1788 3770 projece-

216 3799 365 3847 runt.

289 3883 345 3938 ι.
372 3880 521 3949 Quod
549 3881 593 3936 si
617 3882 948 3952 temporaria:
965 3882 1286 3953 captivitatis
1321 3884 1645 3940 mentionem
1674 3885 1788 3941 ﬁeri

218 3990 328 4030 non
354 3974 610 4042 tulerunt,
636 3988 743 4045 quo
771 3973 980 4029 tandem
1026 3984 1181 4044 pacto
1210 3983 1478 4045 perpetuae.
1512 3977 1788 4032 servitutis

219 4064 620 4137 praedictionem
648 4063 878 4121 audituri
903 4064 1158 4121 fuissent?
1182 4064 1236 4121 Si
1258 4080 1377 4121 cum
1402 4066 1621 4123 dixisset
1637 4067 1791 4124 Jere-

220 4157 377 4219 mins,
410 4146 465 4209 In
486 4154 807 4228 Babylonem
827 4154 1059 4222 abibitis,
1087 4170 1257 4226 neque
1283 4165 1563 4226 potuerunt
1579 4158 1784 4225 audire,

219 4248 316 4303 sed
338 4263 460 4303 eum
487 4248 576 4317 qui
605 4247 808 4301 dixerat
842 4246 1124 4316 punierunt
1152 4263 1167 4300 :
1206 4246 1251 4302 si
1282 4247 1565 4317 prophetas
1586 4248 1787 4302 audiis-

220 4349 342 4395 sent
370 4339 606 4394 dicentes
629 4379 645 4403 ,
687 4335 803 4392 fore
829 4345 887 4392 ut
924 4352 1031 4392 non
1076 4336 1129 4391 in
1163 4336 1508 4409 Babylonem,
1536 4338 1630 4393 sed
1651 4354 1784 4408 quo-

222 4442 541 4501 quoversum
571 4443 666 4497 per
707 4428 890 4483 orbem
936 4437 1197 4482 terrarum
1246 4426 1655 4498 dispergamini,
1690 4444 1787 4483 nec

221 4520 449 4591 amplius
484 4516 821 4573 revertamiui
845 4556 860 4579 ,
905 4531 1081 4572 nonne
1108 4516 1231 4571 talia
1259 4516 1545 4572 dicentium
1574 4517 1788 4589 sangui-

222 4627 347 4667 nem
370 4611 661 4666 ebibissent
676 4606 861 4675 ?Quod
890 4608 934 4664 si
960 4608 1113 4663 vobis
1126 4607 1267 4664 istud
1288 4608 1460 4663 adhuc
1481 4609 1785 4679 conjectura

229 4703 433 4756 videtur
456 4715 596 4762 esse,
618 4698 1072 4755 demonstratione
1095 4699 1241 4752 clara
1280 4698 1535 4768 probabo,
1567 4715 1671 4754 non
1701 4710 1788 4753 tn-

226 4800 337 4847 tum
356 4790 520 4844 fuisse
548 4787 720 4843 futura
751 4787 854 4843 illis
876 4788 1211 4852 denuntiare,
1240 4794 1501 4853 nostrum,
1534 4790 1746 4859 inquam
1769 4829 1785 4855 ,

225 4885 483 4937 honorem
513 4886 566 4932 et
585 4878 1007 4947 reprobationem
1036 4878 1263 4931 illorum.
1281 4877 1387 4931 Cur
1401 4879 1564 4942 enim,
1588 4891 1787 4947 qumso,

223 4971 553 5043 Stephanum
595 4968 852 5037 primitias
887 4981 1181 5044 martyrum
1200 4964 1557 5038 lapidarnnt?
1613 4979 1791 5019 nonne

221 5061 364 5133 quod
396 5060 497 5114 hoc
525 5058 600 5114 illi
632 5059 843 5115 crimini
865 5062 1142 5113 verterent
1170 5049 1534 5122 dit-erentque,
1581 5053 1666 5106 Vir
1695 5056 1790 5133 ists

229 5132 456 5210 loquitur
480 5141 628 5195 verba
656 5138 1011 5207 blasphemia?
1049 5137 1210 5200 Dixit,
1242 5136 1407 5198 aiunt,
1434 5136 1670 5201 quoniam
1706 5132 1797 5189 Je-

229 5251 315 5287 sus
344 5234 566 5286 destruet
595 5230 832 5292 templum
862 5229 1025 5291 istud,
1053 5237 1101 5281 et
1130 5226 1339 5279 mutabit
1360 5227 1507 5291 ritus,
1541 5242 1665 5291 quos
1691 5235 1795 5276 tra-

228 5324 355 5374 didit
391 5322 592 5391 Hoyses
621 5321 753 5387 (Act.
784 5318 835 5372 6.
872 5318 957 5370 Η.
988 5315 1099 5383 Η),
1128 5324 1284 5383 atque
1313 5315 1509 5367 idcirco
1540 5313 1687 5366 illum
1720 5314 1793 5366 la-

228 5413 439 5483 pidibus
467 5414 773 5465 obruerunt.
796 5409 851 5462 Si
877 5416 985 5460 tum
1012 5406 1123 5458 hac
1147 5406 1331 5459 audire
1359 5420 1460 5457 non
1485 5413 1787 5470 potuerunt,

228 5504 388 5572 idque
424 5517 543 5556 cum
583 5516 669 5555 res
714 5500 839 5567 ipsa:
880 5496 1033 5550 fidem
1078 5494 1207 5562 ipsis
1250 5495 1501 5560 deinceps
1534 5495 1784 5555 facerent,

224 5594 493 5666 quomodo
516 5593 799 5661 prOphetas
820 5590 933 5642 haec
954 5586 1367 5655 prmnuntiantes
1390 5583 1665 5638 tulissent?
1690 5585 1791 5635 Au-

223 5683 420 5747 divisti,
470 5683 830 5745 dilectissime,
876 5685 1087 5747 propter
1133 5676 1385 5742 templum
1418 5715 1431 5737 ,
1475 5684 1525 5726 et
1573 5683 1788 5741 propter

222 5779 495 5848 religionis
524 5777 868 5833 mutationem
894 5772 961 5828 ab
992 5771 1095 5827 illis
1122 5784 1241 5827 eum
1276 5768 1435 5823 luisse
1466 5768 1783 5837 lapidatum:

1189 414 1277 471 DE
1314 411 1847 471 PROPHETIARUM
1883 412 2379 474 OBSCURITATE.
2418 418 2457 475 Ι.

3370 434 3482 492 170

1908 525 2192 597 audi,quo
2237 538 2393 599 pacto
2418 530 2630 588 Christo
2674 532 2835 589 etiam
2886 533 3028 591 istud
3076 534 3244 607 ipsum
3274 537 3476 593 crimen

1907 615 2177 686 objiciant.
2199 617 2345 674 Dixit
2388 620 2550 689 enim,
2580 622 2842 693 inquiunt,
2869 624 2961 679 iste
2981 641 3001 680 :
3027 624 3218 680 Solvite
3237 626 3476 696 templum

1907 706 2021 773 hoc,
2049 717 2095 761 et
2123 709 2176 761 in
2205 708 2360 763 tribus
2384 710 2557 765 diebus
2579 713 2803 767 excitabo
2835 714 2964 768 illud
2986 714 3005 784 (
3036 713 3217 768 Matth.
3248 714 3337 771 26.
3365 716 3427 771 6i
3456 732 3471 781 ;

1905 796 2058 851 Joan.
2080 796 2135 851 2.
2164 798 2231 855 l9
2254 800 2297 870 ).
2327 800 2486 857 Vides
2513 803 2708 872 ubique
2739 805 2919 875 templi
2940 805 3379 872 destructionem,
3410 822 3473 863 ac

1906 887 2178 958 religionis
2204 892 2551 947 mutationem
2576 892 2737 948 bilem
2762 894 2867 950 illis
2895 896 3166 952 movisse?
3190 895 3313 952 ideo
3332 897 3475 953 dice-

1907 975 2039 1032 bant
2068 978 2168 1033 hoc
2192 981 2406 1049 quidem
2436 983 2729 1052 prophetze,
2757 985 2851 1039 sed
2889 986 3163 1041 evidenter
3191 1002 3297 1042 non
3324 987 3472 1044 dice-

1904 1066 2050 1122 bant.
2081 1067 2205 1124 ldeo
2231 1070 2451 1126 Paulum
2488 1073 2651 1127 etiam
2690 1073 2988 1131 interficere
3008 1076 3305 1145 voluerunt,
3329 1077 3469 1148 quod

1905 1157 2008 1213 illis
2040 1161 2383 1228 persuaderet
2422 1171 2479 1217 ut
2523 1164 2829 1235 religionem
2878 1178 3161 1223 mutarent.
3191 1169 3341 1225 Unde
3368 1170 3471 1225 hoe

1907 1245 2118 1318 liquet?
2152 1249 2337 1317 Vides,
2361 1255 2541 1323 frater,
2588 1252 2776 1325 inquit,
2809 1266 2926 1326 quot
2954 1258 3112 1312 millia
3138 1270 3255 1313 sunt
3291 1261 3343 1314 in
3371 1258 3470 1313 Ju-

1903 1337 2043 1404 dcis,
2068 1343 2154 1411 qui
2181 1343 2518 1413 crediderunt,
2566 1356 2614 1400 et
2654 1364 2822 1403 omnes
2860 1351 2945 1404 isti
2972 1352 3237 1406 audierunt
3280 1355 3343 1407 de
3378 1362 3425 1408 te
3447 1394 3464 1421 ,

1902 1430 2037 1497 quod
2058 1430 2406 1489 discessionem
2432 1436 2610 1491 doceas
2635 1453 2667 1491 a
2693 1436 2798 1508 lege
2818 1440 2949 1509 (Act.
2979 1439 3069 1495 2i.
3091 1440 3160 1497 20
3184 1441 3226 1513 ).
3259 1442 3469 1499 Fideles

1901 1517 2084 1576 doceri
2120 1538 2179 1578 se
2218 1524 2599 1581 discessionem
2647 1543 2678 1582 a
2722 1530 2838 1600 lege
2886 1548 2989 1586 non
3017 1534 3383 1602 patiebantur;
3413 1545 3469 1591 et

1902 1610 1992 1679 qui
2022 1611 2253 1668 nondum
2283 1616 2617 1672 crediderant
2643 1659 2658 1684 ,
2680 1621 2947 1691 quomodo
2971 1623 3154 1679 audire
3176 1627 3469 1695 potuissent

1902 1698 2036 1764 fore,
2065 1710 2123 1756 ut
2146 1702 2233 1758 lex
2274 1705 2559 1774 aliquando
2587 1710 2860 1765 cessaret?
2903 1712 2979 1766 Ac
3017 1711 3229 1768 Judteos
3253 1715 3464 1785 quidem

1901 1786 2273 1848 interfecturos
2300 1794 2464 1851 fuisse
2494 1799 2798 1867 prophetas,
2824 1801 2868 1855 si
2898 1801 3021 1871 quid
3053 1803 3157 1859 tale
3184 1805 3463 1862 manifeste

1902 1881 2290 1949 praedixissent,
2316 1888 2631 1944 testimoniis
2663 1890 2836 1947 allatis
2861 1894 3209 1961 ostendimus,
3241 1912 3305 1952 ex
3349 1898 3465 1969 ipso

1899 1969 2057 2057 beato
2100 1971 2349 2042 Ieremia,
2394 1992 2458 2032 ac
2498 1987 2884 2052 protomartyre
2924 1982 3214 2054 Stephano,
3239 2000 3306 2041 ex
3351 1988 3464 2057 ipso

1897 2056 2131 2128 Christo,
2154 2071 2211 2119 et
2229 2067 2469 2135 apostolo
2496 2067 2679 2124 Paulo.
2701 2070 2958 2127 Omnibus
2983 2074 3125 2128 enim
3151 2074 3336 2130 eadem
3362 2056 3465 2131 cri-

1900 2151 2029 2206 mini
2059 2154 2265 2224 dantes,
2302 2172 2396 2213 eos
2423 2158 2490 2214 de
2517 2159 2694 2215 medio
2739 2162 3083 2219 sustulerunt.
3112 2164 3259 2235 Ipsos
3284 2175 3461 2222 autem

1901 2243 2236 2313 propheticus
2257 2250 2417 2305 etiam
2448 2249 2611 2307 libros
2634 2253 3011 2311 combusturos
3048 2270 3141 2311 eos
3181 2256 3343 2313 fuisse
3366 2300 3380 2324 ,
3415 2260 3459 2313 si

1897 2346 2016 2401 quae
2040 2333 2177 2390 dicta
2196 2336 2408 2394 fuerant
2433 2343 2842 2411 cognovissent,
2875 2344 2978 2400 hoc
3004 2361 3217 2417 quoque
3259 2362 3354 2418 per
3382 2349 3464 2403 hi-

1899 2427 2116 2481 storiam
2148 2431 2433 2499 quamdam
2464 2433 2691 2502 probare
2733 2444 2966 2507 satagam
2992 2438 3142 2493 vobis
3169 2440 3460 2505 occultam,

1896 2517 1990 2571 sed
2019 2533 2134 2587 quae
2178 2524 2457 2578 manifesta
2484 2528 2736 2581 continuo
2774 2528 2901 2583 ﬁet:
2934 2529 3005 2583 ita
3052 2531 3285 2585 conabor
3318 2533 3462 2587 illam

1896 2620 2185 2676 exponere.
2220 2612 2472 2677 Quzenam
2500 2615 2657 2685 igitur
2686 2617 2772 2671 illa
2797 2617 3015 2673 historia
3050 2620 3139 2687 sit,
3162 2620 3360 2677 audite.

1966 2697 2195 2753 Historia
2223 2702 2286 2756 de
2308 2701 2547 2759 Ieremia.
2566 2736 2638 2747 —
2654 2706 2720 2761 Et
2743 2712 2932 2779 factum
2962 2721 3033 2765 est
3056 2712 3107 2765 in
3129 2728 3262 2765 anno
3285 2724 3461 2783 quarto

1893 2784 2095 2842 Joacim
2116 2790 2211 2857 ﬁlii
2234 2791 2394 2847 Josite
2419 2796 2555 2865 regis
2594 2796 2754 2864 Iuda,
2787 2799 2915 2853 dixit
2955 2799 3204 2855 Dominus
3228 2804 3296 2856 ad
3317 2803 3463 2858 Jers-

1894 2878 2081 2933 miam:
2105 2880 2280 2936 Scribe
2298 2886 2465 2937 omnia
2490 2888 2655 2953 verba,
2685 2904 2795 2958 qua:
2824 2890 3055 2959 loquutus
3087 2908 3198 2945 sum
3220 2894 3288 2946 ad
3314 2903 3389 2957 te,
3430 2912 3464 2947 a

1894 2966 2068 3023 diebus
2094 2969 2253 3026 Josire
2274 2989 2432 3043 usque
2467 2976 2536 3028 ad
2570 2978 2701 3031 diem
2729 2980 2859 3032 hanc
2904 2980 2923 3051 (
2956 2981 3064 3034 Jer.
3097 2982 3181 3036 56.
3232 2982 3283 3036 1.
3326 2982 3407 3054 2)
3440 2998 3456 3033 :

1894 3056 1997 3113 hoc
2022 3068 2122 3125 est,
2155 3064 2331 3116 omnia
2384 3065 2523 3119 mala
2568 3082 2685 3135 qua:
2734 3069 2907 3138 cogito
2954 3069 3126 3126 facere
3168 3071 3265 3125 eis.
3296 3072 3448 3138 Vide,

1893 3148 2018 3219 quid
2047 3149 2305 3220 benignus
2332 3168 2395 3207 ac
2419 3155 2666 3223 providus
2694 3156 2834 3211 dicat
2860 3159 3015 3213 Deus.
3043 3159 3175 3215 Nam
3212 3162 3461 3231 quoniam

1893 3240 2096 3310 singula
2120 3243 2371 3298 nolebant
2400 3244 2603 3311 audire,
2637 3244 2859 3317 Collige,
2898 3249 3088 3320 inquit,
3123 3251 3208 3305 illa
3238 3253 3412 3307 omnia
3437 3294 3455 3320 ,

1892 3343 1955 3384 ac
1981 3339 2184 3385 metum
2209 3346 2364 3402 auge,
2397 3343 2460 3388 ut
2490 3336 2573 3389 vel
2600 3334 2699 3390 hac
2740 3339 2946 3392 ratione
2988 3341 3317 3410 resipiscam.
3355 3343 3462 3398 Re-

1892 3421 2183 3475 eordamini
2204 3423 2447 3492 promissi
2472 3428 2637 3480 nostri
2664 3445 2677 3481 :
2708 3427 2760 3481 in
2782 3432 3076 3497 qumstione
3097 3433 3322 3500 positum
3348 3444 3452 3499 est,

1895 3520 1952 3565 ut
1975 3512 2317 3569 ostendamus
2344 3530 2439 3571 eos
2466 3516 2630 3571 libros
2654 3520 2795 3587 ipsos
2824 3519 3147 3575 laceraturos
3174 3521 3335 3578 fuisse
3368 3564 3382 3587 .
3416 3526 3461 3579 si

1893 3613 2083 3657 cuncta
2120 3618 2238 3674 qua-
2262 3605 2421 3661 hodie
2445 3608 2798 3677 contigerunt,
2829 3610 2932 3663 illis
2962 3611 3014 3666 in
3039 3622 3267 3666 mentem
3288 3615 3464 3668 venis-

1893 3702 2030 3748 seut.
2060 3693 2217 3749 Forte
2242 3698 2443 3751 audient
2468 3700 3014 3768 mala(adha:rendum
3033 3703 3171 3755 enim
3195 3711 3277 3757 est
3296 3701 3463 3758 histo-

1892 3785 1987 3840 ria:
2013 3785 2051 3855 ),
2082 3803 2193 3856 qui:
2229 3789 2390 3858 cogita
2420 3794 2585 3859 facere
2618 3792 2687 3843 eis
2712 3832 2727 3857 ,
2769 3800 2815 3844 et
2865 3800 3146 3845 aucrtentur
3186 3809 3219 3846 a
3263 3794 3343 3847 via
3368 3810 3463 3848 sua

1894 3878 2091 3950 prava(
2119 3878 2254 3933 Ibid.
2283 3896 2331 3933 υ.
2363 3881 2396 3934 3
2421 3882 2461 3949 ).
2504 3878 2686 3948 Forte,
2720 3880 2846 3936 dicit
2886 3880 3066 3936 Deus?
3116 3898 3240 3937 num
3280 3884 3457 3953 igitur,

1896 3986 2097 4040 quasso,
2132 3971 2303 4026 futura
2336 3972 2542 4042 ignorat
2564 3973 2588 4026 ?
2610 3986 2712 4024 non
2739 3971 2883 4024 novit
2910 3986 2976 4024 an
3007 3972 3233 4026 audituri
3262 3975 3386 4037 sint,
3412 3974 3457 4027 is

1894 4063 1983 4132 qui
2015 4063 2161 4117 novit
2190 4063 2366 4117 omnia
2391 4072 2671 4132 antequam
2704 4061 2854 4128 liant,
2884 4063 2970 4131 qui
3002 4064 3161 4117 corda
3186 4074 3455 4119 scrutatur

1892 4160 1945 4206 et
1969 4166 2142 4217 renes,
2166 4153 2253 4221 qui
2281 4151 2545 4207 discretor
2569 4160 2651 4206 est
2678 4153 3055 4221 cogitationum
3079 4163 3131 4208 et
3158 4155 3410 4208 mentium
3435 4196 3451 4217 ,

1892 4244 2045 4313 cujus
2066 4243 2232 4298 oculis
2271 4243 2410 4299 nuda
2442 4253 2494 4297 et
2518 4254 2699 4311 aperta
2748 4252 2871 4297 sunt
2898 4244 3119 4297 omnia?
3144 4244 3253 4299 Cur
3277 4256 3454 4299 autem

1891 4334 2069 4398 dixit,
2104 4332 2257 4387 Forte
2300 4332 2706 4387 audient2Nam
2732 4342 2787 4388 et
2836 4332 2950 4387 bzec
3002 4348 3177 4401 operte
3227 4337 3455 4403 pretium

1892 4425 2050 4480 fuerit
2078 4440 2172 4479 vos
2192 4425 2458 4489 didicisse,
2490 4434 2705 4495 propter
2729 4441 2820 4480 eos
2840 4426 2929 4495 qui
2959 4425 3226 4494 unigenito
3250 4427 3339 4480 Dei
3368 4426 3456 4480 Fi-

1893 4517 1965 4571 lio
1991 4515 2339 4585 ignorantiam
2368 4516 2639 4585 objiciunt.
2672 4515 2811 4570 Ecce
2859 4515 3001 4569 enim
3040 4516 3197 4570 Pater
3242 4531 3453 4587 quoque

1892 4607 2183 4677 ignorantis
2229 4608 2403 4662 verbis
2452 4608 2659 4660 utitur:
2708 4606 2990 4675 siquidem,
3036 4604 3211 4672 Forte,
3242 4622 3340 4661 vox
3372 4618 3456 4661 est

1892 4700 2182 4769 ignorantis
2209 4720 2221 4753 :
2250 4706 2611 4753 verumtamen
2633 4712 2960 4768 nequaquam
2985 4699 3204 4769 ignorat.
3230 4700 3451 4767 Quando

1897 4790 2055 4860 igitur
2085 4800 2138 4844 et
2168 4790 2357 4843 Filium
2403 4790 2505 4844 tale
2545 4789 2671 4859 quid
2712 4789 2973 4845 dicentem
3004 4790 3285 4855 audiveris,
3309 4807 3454 4847 eamn

1891 4883 2012 4936 dem
2053 4882 2365 4937 sententiam
2398 4883 2627 4952 suscipe.
2662 4881 2792 4936 Nam
2837 4897 2955 4936 cum
3004 4882 3165 4936 Filius
3207 4885 3309 4949 sit,
3342 4884 3447 4938 uhi-

1893 4984 1995 5038 quc
2016 4970 2228 5023 Patrem
2260 4971 2513 5025 imitatur.

1966 5056 2292 5112 Prwientt'a
2314 5076 2414 5113 non
2439 5066 2509 5112 est
2532 5076 2683 5113 causa
2707 5060 2913 5131 peccati.
2930 5088 3000 5099 -—
3020 5057 3122 5113 Sed
3147 5058 3457 5120 dillcramus

1897 5135 2153 5200 tantisper
2197 5134 2292 5185 has
2340 5135 2788 5187 concertationum
2822 5139 3148 5206 occasiones,
3176 5158 3246 5199 ne
3268 5156 3299 5199 ι
3332 5158 3450 5210 pro.

1898 5226 2067 5290 posito
2097 5236 2407 5293 argumento
2454 5227 2787 5281 discedamus
2812 5246 2824 5281 :
2847 5245 3143 5297 qmeramus
3172 5248 3268 5287 cur
3292 5234 3453 5302 dicat,

1893 5314 2051 5368 Forte
2095 5320 2318 5371 audient.
2370 5318 2425 5372 Si
2476 5318 2714 5383 dixisset,
2750 5320 2993 5381 Audient.
3031 5324 3228 5393 absque
3274 5322 3453 5389 Forte,

1892 5404 2081 5458 falsum
2113 5407 2459 5460 fulcsetznon
2510 5406 2647 5459 enim
2694 5418 2845 5460 erant
2889 5411 3136 5465 audituri.
3182 5415 3235 5469 Si
3267 5432 3449 5469 verum

1889 5497 2129 5560 dixisset,
2152 5496 2266 5549 Non
2297 5499 2533 5559 audient,
2567 5499 2754 5553 frustra
2802 5516 2904 5554 non
2936 5503 3193 5556 audituris
3226 5504 3455 5571 prophe-

1889 5596 1996 5640 tam
2030 5590 2277 5641 misisset.
2311 5588 2491 5658 Neque
2534 5592 2729 5645 idcirco
2775 5602 3007 5656 tantum,
3041 5596 3129 5646 sed
3164 5610 3228 5648 ne
3256 5594 3360 5648 vim
3392 5612 3455 5650 ac

1890 5680 2255 5732 necessitatem
2280 5680 2509 5748 aliquam
2540 5683 2603 5735 ad
2627 5698 2728 5736 nou
2754 5684 3043 5742 parendum
3073 5685 3263 5739 all'erre
3286 5685 3451 5752 ipsius

1892 5772 2223 5839 prmscicntia
2272 5781 2581 5841 putaretur,
2631 5783 2907 5841 prapterea
2961 5789 3081 5829 cum
3126 5776 3453 5833 dubitatione
