4016 6462
242 464 348 519 171

236 574 469 644 φιϐόλως
500 575 707 629 τέθεικε
745 577 813 631 ti
863 576 1113 645 ῥήματα,
1154 577 1239 629 ἵνα
1272 576 1344 646 μὴ
1391 575 1589 652 λέγωσί
1624 590 1788 635 τινες,

234 667 319 721 ὅτι
356 667 617 737 προεῖπεν
659 668 688 718 6
723 664 874 728 Θεὸς,
908 668 1003 719 καὶ
1049 665 1263 729 πάντως
1298 666 1402 719 εδει
1439 665 1719 733 γενέσθαιο
1758 663 1789 716 6

238 759 333 810 καὶ
372 755 624 821 περὶτοῦ
674 756 841 810 Ἰούδα
887 757 1121 824 λέγουσι.
1165 758 1429 825 Προεῖπε,
1478 757 1669 825 φησὶν,
1710 755 1792 807 ὅτι

238 847 505 917 προδότης
536 844 707 910 ἐσται,
741 847 835 900 καὶ
862 845 950 898 διὰ
983 846 1138 898 τοῦτο
1168 845 1430 915 προδότης
1456 844 1685 913 ἐγένετο.
1729 843 1794 896 Ὠ

236 938 336 1007 τῆς
360 936 565 998 ἀνοίας,
590 935 636 988 ὣ
656 938 752 1005 τῆς
771 933 1171 1005 ἀναισχυντίας.
1193 934 1330 987 Οὑδέ
1352 932 1458 1003 γὰρ
1484 935 1517 1002 ή
1548 932 1793 1000 πρόγνω-

237 1044 345 1091 σις,
374 1027 646 1095 ἄνθρωπε,
679 1028 775 1096 τῆς
807 1022 1070 1095 πονηρίας
1119 1024 1298 1077 αἰτία·
1340 1023 1414 1093 μὴ
1445 1022 1669 1092 γένοιτο.
1716 1021 1793 1075 Οὐ

235 1116 346 1188 γάρ
376 1118 523 1170 ἐστιν
543 1116 913 1185 ἀναγκαστικὴ
940 1115 1048 1167 τῶν
1081 1114 1373 1184 μελλόντων
1402 1112 1635 1177 ἔσεσθαι,
1660 1113 1794 1167 illi

235 1208 621 1282 προγνωστικὴ
654 1207 828 1276 μόνον.
863 1206 977 1260 Οὐκ
1005 1205 1189 1275 ἐπειδὴ
1218 1204 1469 1275 προεῖπεν
1488 1206 1515 1258 6
1544 1205 1792 1275 Χριστὸς,

235 1299 326 1351 διά
357 1298 510 1352 τοῦτο
530 1297 743 1365 ἐγένετο
767 1297 971 1359 ἐκεῖνος
994 1294 1256 1366 προδότης
1276 1309 1291 1326 ο
1315 1295 1427 1349 ἀλλ’
1455 1295 1639 1365 ἐπειδὴ
1669 1312 1796 1366 προ-

230 1387 395 1455 δότης
422 1385 609 1456 ἔμελλε
640 1385 911 1453 γενέσθαι,
936 1384 1022 1438 διά
1043 1383 1197 1438 τοῦτο
1210 1388 1466 1456 προεῖπεν
1486 1387 1514 1439 6
1541 1386 1793 1455 Χριστός.

235 1479 357 1532 ἰνα
384 1473 475 1531 οὖν
508 1478 581 1547 μὴ
614 1478 709 1529 καὶ
748 1476 981 1531 ἐνταῦθα
1011 1476 1260 1545 λέγωσιν,
1284 1477 1364 1529 ὅτι
1396 1473 1546 1530 εἶπεν
1587 1478 1669 1530 ὅτι
1696 1478 1796 1530 οὐκ

232 1568 579 1632 ἀκούσονται,
603 1570 695 1621 καὶ
722 1568 1043 1622 ἀπέκλεισεν
1072 1568 1253 1631 αὐτοῖς
1275 1568 1375 1638 τῆς
1396 1568 1678 1638 μετανοίας
1698 1568 1795 1653 τὴν

232 1662 375 1723 ὁδὸν,
411 1659 696 1730 προλαϐὼν
730 1659 1033 1712 ἀνέσπασεν
1066 1658 1243 1730 αὐτῶν
1266 1659 1362 1728 τὴν
1403 1659 1693 1729 πρόφασιν,
1720 1660 1798 1712 εἰ·

233 1751 354 1806 πὼν
381 1751 457 1820 τῷ
487 1751 757 1823 προφήτῃ,
784 1752 961 1815 Ἴσως
982 1750 1362 1806 ἀκούσονται.

300 1849 365 1896 ε’.
402 1841 781 1912 Μνημονεύετε
820 1842 919 1912 τῆς
960 1829 1331 1912 ὑποσχέσεωςο
1382 1843 1470 1896 διά
1507 1843 1615 1913 γάρ
1644 1844 1798 1897 τοῦτο

240 1931 473 2001 συνεχῶς
521 1932 665 2001 ὑμᾶς
714 1933 1146 2003 ὑπομιμνῄσκω,
1196 1932 1263 1985 ἶν’
1290 1935 1415 1987 ὅταν
1448 1935 1708 2003 ἐπαγάγω
1734 1934 1796 1987 τὸ

230 2021 627 2091 συμπέρασμα,
674 2020 749 2092 μή
776 2021 1101 2092 ἐπιλάθησθε
1123 2022 1216 2076 τοῦ
1242 2021 1562 2094 ζητηθέντος
1583 2026 1712 2095 ήμῖν
1737 2027 1795 2078 ἐν

228 2112 376 2180 ἀρχῇ
406 2110 699 2177 κεφαλαίου
724 2123 772 2164 ι.
811 2110 876 2163 Τί
909 2111 963 2163 δὲ
992 2107 1060 2182 ἦν
1095 2110 1286 2177 τοῦτο;
1327 2110 1445 2166 Ὅτι
1487 2116 1534 2166 εἰ
1574 2110 1797 2183 ᾔσθοντο

225 2203 278 2254 οἰ
310 2202 571 2266 Ἰουδαῖοι,
608 2202 690 2255 δτι
725 2202 945 2272 ἔμελλεν
979 2204 1159 2267 αὐτοῖς
1190 2203 1563 2274 συμϐήσεσθαι
1601 2205 1669 2259 τά
1705 2224 1797 2258 κα-

224 2294 520 2364 τειληφότα
542 2294 739 2357 αὐτοὺς
765 2294 911 2346 δεινά
938 2292 1132 2363 (ταῦτα
1163 2295 1226 2365 δὴ
1271 2295 1411 2363 λέγω
1441 2295 1507 2348 τά
1532 2294 1626 2348 νῦν
1661 2313 1784 2349 κατ-

225 2385 423 2453 έχοντα
469 2385 865 2458 αύτοὺς),αὐτά
893 2386 962 2438 τά
1012 2385 1191 2455 βιϐλία
1234 2386 1300 2440 ἂν
1346 2387 1669 2455 κατέκοψαν,
1702 2389 1795 2440 καὶ

222 2476 329 2527 οὐκ
361 2475 428 2528 ἂν
459 2475 741 2543 ἐφείσαντο
767 2477 888 2529 οὐδέ
918 2475 1025 2529 τῶν
1071 2476 1230 2529 θείων
1256 2478 1613 2547 γραμμάτων.
1653 2480 1791 2533 Ἀλλ’

223 2564 325 2616 ἐπὶ
345 2566 443 2635 τὴν
479 2565 717 2634 ἱστορίαν
748 2564 1010 2637 ἔλθωμεν.
1047 2563 1236 2619 Ταῦτα
1262 2567 1530 2631 ἀκούσας
1563 2570 1597 2620 ὁ
1628 2568 1791 2633 Ἰερεο

218 2656 387 2724 μίας,
424 2654 599 2707 καλεῖ
617 2654 724 2708 τὸν
754 2655 1028 2722 μαθητὴν
1048 2655 1232 2708 αὑτοῦ
1258 2655 1493 2724 Βαροὺχ
1522 2656 1655 2710 υίὸν
1676 2660 1794 2725 Νη-

214 2746 380 2813 ρίου,
401 2744 498 2797 καί
540 2744 702 2814 λέγει
734 2744 883 2812 πρὸς
908 2748 1123 2799 αὐτόν’
1164 2747 1409 2814 Γράψον
1441 2750 1527 2813 εὶς
1556 2750 1795 2812 ,ϐιϐλίον

221 2837 425 2890 πάντα
446 2837 519 2890 τὰ
547 2835 852 2905 μέλλοντα
880 2837 1085 2903 αὐτοῖς
1122 2838 1367 2894 ἔσεσθαι
1394 2839 1577 2895 δεινά.
1609 2841 1675 2894 Τί
1701 2842 1794 2910 γέ·

221 2943 386 2995 γονες
416 2928 480 2979 σὺ
520 2928 793 2997 ἐπετάγης
822 2928 972 2998 παρά
1002 2926 1095 2980 τοῦ
1124 2928 1280 2992 Θεοῦ,
1312 2929 1405 2982 καὶ
1430 2930 1522 2983 τὸν
1552 2931 1794 3003 μαθητὴν

222 3018 499 3087 πέμπεις;
529 3013 637 3089 ἆρα
675 3017 749 3088 μὴ
770 3018 1003 3089 δειλιᾷς;
1029 3013 1136 3089 ipa
1174 3018 1247 3090 μὴ
1272 3020 1538 3091 ἀγωνιᾷς;
1574 3018 1683 3094 ἄρα
1720 3024 1794 3094 μὴ

218 3108 499 3173 δέδοικας;
528 3109 576 3161 εί
610 3110 674 3161 σὺ
713 3109 974 3173 δέδοικας,
1016 3110 1132 3172 πῶς
1164 3111 1191 3162 6
1222 3110 1465 3182 μαθητὴς
1501 3112 1792 3183 τολμήσει;

238 3199 382 3252 Ἀλλ’
405 3200 553 3252 οὐδὲν
583 3199 787 3253 τούτων
805 3216 818 3229 ’
867 3200 1183 3272 πρόσκειται
1212 3201 1319 3272 γάρ
1344 3205 1376 3273 ή
1416 3203 1593 3256 αίτία·
1624 3205 1795 3259 εἰπὼν

222 3289 354 3359 γάρ,
412 3289 625 3358 Γράψον
677 3291 770 3342 καὶ
816 3291 1107 3358 ἀνάγνωθι,
1138 3292 1447 3361 ἐπήγαγενο
1488 3296 1628 3365 Ἐγὼ
1686 3296 1794 3365 γὰρ

225 3379 547 3448 κατέχομαι
568 3380 637 3433 ἐν
660 3379 737 3447 τῇ
766 3380 1030 3450 φυλακῇ.
1058 3382 1122 3433 Ὠ
1145 3384 1557 3455 μεγαλοψυχίας.
1594 3388 1681 3441 Ἐν
1714 3388 1793 3459 τῷ

223 3468 581 3540 δεσμωτηρίῳ
608 3466 697 3541 ἦν,
732 3472 824 3525 καὶ
863 3472 964 3541 τῆς
1006 3475 1341 3545 προφητείας
1369 3477 1469 3531 οὐκ
1508 3478 1789 3546 ἀφίστατο.

224 3559 588 3629 Προσέχωμεν
609 3563 675 3631 τῇ
710 3562 928 3634 ἀνδρείᾳ
950 3564 1042 3617 τοῦ
1076 3565 1302 3631 δικαίου,
1337 3568 1430 3621 καὶ
1464 3572 1531 3639 τῇ
1559 3570 1655 3638 τῆς
1681 3570 1792 3623 δια-

220 3649 374 3712 νοίας
397 3650 699 3720 φιλοσοφία.
716 3652 829 3705 Οὐκ
846 3652 992 3724 [176]
1018 3652 1136 3707 εἷπε
1159 3656 1292 3725 πρὸς
1312 3657 1498 3711 ἑαυτόν
1517 3674 1532 3691 ο
1547 3659 1793 3713 Τοσαῦτά

224 3756 318 3808 μοι
348 3738 494 3791 δεινά
516 3739 828 3809 συμϐέϐηκε
860 3740 949 3793 διὰ
967 3742 1065 3811 τὴν
1094 3745 1401 3815 παρρησίαν
1433 3745 1664 3817 ταύτην·
1698 3765 1790 3817 μυ-

225 3830 376 3900 ρίους
398 3828 648 3898 ἀνήλωσα
676 3829 885 3897 λόγους,
904 3833 999 3885 καὶ
1022 3833 1172 3887 οὐδὲν
1200 3833 1398 3904 ῶνησα,
1429 3836 1548 3889 οὐδὲ
1580 3838 1791 3904 ἐγένετό

224 3918 319 3989 μοί
347 3935 399 3971 τι
423 3918 603 3984 πλέον,
639 3920 754 3973 ἀλλ’
782 3921 815 3992 ἢ
846 3922 906 3974 τὺ
930 3922 1170 3977 δεδέσθαι
1200 3924 1384 3994 μόνον’
1424 3927 1516 3980 καὶ
1540 3928 1691 3981 οὔπω
1724 3946 1790 3999 με

221 4009 336 4061 τῶν
364 4010 577 4079 δεσμῶν
606 4011 876 4065 ἀπέλυσεν
908 4015 938 4067 6
966 4013 1116 4077 Θεὸς,
1165 4017 1258 4069 καὶ
1303 4018 1460 4071 πάλιν
1486 4021 1685 4089 πέμπει
1721 4037 1789 4090 με

223 4099 367 4169 πρὸς
385 4100 510 4164 τοὺς
531 4101 703 4171 θῆρας
729 4103 1005 4169 ἐκείνους;
1047 4106 1212 4161 Ούδέν
1244 4108 1445 4163 τούτων
1478 4111 1577 4163 ούκ
1615 4105 1786 4177 εἶπεν,

220 4191 345 4243 οὐδὲ
373 4193 679 4263 ἐνενόησεν·
720 4195 835 4248 ἀλλ’
865 4196 923 4249 ἐν
964 4197 1125 4268 μόνον
1154 4200 1390 4264 ἐσκόπει,
1422 4202 1566 4265 ὅπως
1588 4204 1787 4276 ἀνυσθῇ

220 4279 285 4331 τὸ
314 4279 597 4351 ἐπίταγμα
629 4281 724 4335 τοῦ
758 4286 1026 4339 Δεσπότου
1048 4301 1061 4315 ·
1098 4287 1191 4340 καὶ
1221 4288 1341 4341 ἐπεὶ
1370 4288 1434 4343 δι’
1464 4291 1656 4347 ἐαυτοῦ
1688 4294 1789 4347 οὐκ

224 4370 435 4441 ῖσχυσε,
460 4373 548 4428 διά
584 4373 679 4427 τοῦ
723 4376 964 4447 μαθητοῦ
1009 4379 1407 4435 κατεσκεύασεν
1437 4382 1585 4438 αὐτό.
1632 4385 1789 4439 Ἀνά-

222 4466 406 4530 γνωθι
431 4462 561 4532 γάρ,
582 4464 764 4534 φησὶν,
787 4466 1009 4533 αὐτοῖς,
1034 4473 1131 4521 καὶ
1158 4471 1287 4522 εἰπὲ
1308 4471 1502 4526 πάντα
1520 4474 1591 4527 τὰ
1614 4475 1785 4529 κακά.

236 4548 388 4617 Ἐγὼ
416 4550 525 4618 τὰρ
582 4552 902 4621 κατέχομαι
952 4556 1021 4609 ἐν
1055 4555 1130 4625 τῇ
1168 4560 1428 4629 φυλακῇ.
1461 4562 1570 4615 Kal
1608 4562 1788 4632 ἔλεγεν

234 4636 525 4708 Ἱερεμίας,
545 4642 641 4695 καὶ
662 4641 901 4712 ἔγραφεν
926 4646 954 4698 6
983 4645 1195 4718 Βαροὺχ
1219 4649 1277 4699 ἐν
1303 4648 1787 4721 βιϐλίῳ.Νηστείας

225 4727 423 4796 καιρὸς
466 4723 572 4796 ἦν,
607 4730 697 4782 ὅτε
745 4732 915 4786 ταῦτα
951 4735 1197 4800 ἐγίνετο*
1242 4739 1403 4809 ἑορτή
1445 4743 1783 4813 ἐφειστήκει,

230 4817 445 4880 πάντας·
473 4816 708 4871 καλοῦσα
736 4822 871 4889 πρὸς
896 4822 992 4892 τὴν
1025 4827 1381 4895 μητρόπολινο
1410 4830 1515 4885 ἔδει
1543 4833 1650 4902 γάρ
1682 4851 1789 4890 κοισ

224 4902 315 4957 νὺν
352 4902 606 4969 γενέσθαι
650 4904 742 4957 τὸν
783 4906 1054 4976 σύλλογον,
1100 4912 1282 4982 ἐπειδὴ
1314 4917 1439 4985 περὶ
1479 4917 1787 4986 ἀναγκαίων

225 4994 565 5065 πραγμάτων
618 4994 840 5065 ἔμελλεν
878 5001 911 5068 ἡ
956 5000 1217 5071 ἐκκλησία
1248 5004 1479 5059 ἔσεσθαι.
1526 5010 1787 5080 Εἱσῆλθε

224 5084 377 5151 πρὸς
443 5084 585 5149 τοὺς
641 5085 939 5153 ἄρχοντας
990 5092 1024 5143 ό
1084 5092 1318 5161 Βαροὺχ
1344 5134 1359 5159 ,
1399 5097 1495 5150 καί
1559 5098 1788 5168 ἀνέγνω

223 5175 312 5239 είς
348 5173 420 5226 τὰ
450 5169 571 5228 ὦτα
611 5175 728 5228 τῶν
767 5176 1072 5243 ἀρχόντων
1118 5181 1345 5247 πάντας
1383 5185 1521 5251 τοὺς
1565 5189 1787 5255 λόγους

224 5264 477 5330 τούτους
499 5281 514 5297 ’
537 5265 629 5316 καὶ
657 5260 776 5319 εἶπε
802 5265 894 5319 καὶ
909 5266 1004 5336 τὴν
1035 5269 1211 5322 αἰτίαν
1231 5288 1245 5302 ο
1274 5275 1445 5341 Ἴσως
1473 5277 1599 5347 γὰρ,
1631 5281 1782 5349 φησὶ,

224 5354 495 5408 πεσεῖται
522 5356 590 5407 τὸ
623 5354 795 5422 ἕλεος
828 5356 993 5426 ὐμῶν
1023 5359 1277 5415 ἐνώπιον
1310 5368 1526 5432 Κυρίου
1546 5383 1561 5399 ⁶
1588 5369 1673 5422 [va
1708 5370 1782 5441 μὴ

224 5444 520 5513 νομίσωσιν
557 5447 639 5499 ὅτι
669 5446 743 5509 ὡς
777 5449 1077 5518 κατήγορος
1116 5451 1317 5519 ἔλεγεν,
1359 5457 1491 5510 illi
1527 5460 1782 5527 μαθόντες

223 5535 309 5587 ὅτι
332 5533 665 5602 θεραπεῦσαι
694 5537 889 5600 αὐτοὺς
914 5540 1156 5607 ἀφῖκται,
1178 5542 1563 5619 ἐπιεικέστεροι
1588 5551 1782 5619 γένωνσ

222 5639 334 5676 ται.
364 5624 430 5674 Τί
462 5619 553 5676 οὖν
586 5626 814 5692 ἐκεῖνοι;
850 5628 977 5681 Δέον
1010 5631 1236 5700 χάριτας
1277 5636 1622 5710 ὁμολογῆσαι,
1666 5642 1781 5697 δέον

221 5713 528 5779 ἐπαινέσαι,
575 5715 693 5768 δέον
735 5716 1039 5787 θαυμάσαι,
1089 5722 1237 5778 οὐδὲν
1286 5726 1489 5784 τούτων
1520 5733 1777 5802 ποιοῦσιν,

288 5836 316 5863 ⁸
342 5829 400 5881 In
418 5832 832 5899 (Σουλκεφαλαίου
852 5840 1009 5891 deest.

1180 459 1265 515 DE
1304 451 1845 515 PROPHETIARUM
1891 454 2386 519 OBSCURITATE.
2429 463 2468 519 Ι.

3336 483 3449 539 172

1892 570 2006 624 ἀλλ’
2035 574 2357 639 ἀπελθόντες
2394 578 2716 650 ἀνήγγειλάν
2742 582 2820 653 τῷ
2851 582 3056 652 βασιλεῖ
3091 582 3155 637 τά
3204 600 3443 655 γεγραμι·

1896 658 2032 727 μένα
2072 661 2129 713 ἐν
2155 662 2235 728 τῷ
2272 663 2487 735 βιϐλίῳ,
2514 669 2605 722 καὶ
2634 669 2694 721 τὸ
2739 668 2939 738 βιϐλίον
2968 670 3229 724 ἀπέθεντο
3272 673 3329 724 ἐν
3363 673 3444 740 τῲ

1889 745 2021 814 οἴκῳ
2055 746 2337 818 Ἐλισαμᾶ.
2382 751 2494 806 Kal
2537 753 2813 823 πέμψας,
2855 756 3039 826 φησὶν,
3073 760 3105 810 ὀ
3144 756 3441 821 βασιλεὺς

1891 832 1999 886 τὸν
2030 834 2266 904 Ἰουδὴν
2287 837 2316 878 δ
2337 876 2354 904 ,
2386 840 2480 893 Eva
2513 841 2633 894 τινά
2669 842 2777 895 τῶν
2814 844 3229 913 παρεστηκότων
3272 843 3437 912 αὐτῷ,

1892 917 2177 976 ἐκέλευσε
2208 925 2566 995 κομισθῆναι
2598 927 2663 980 τὸ
2697 930 2959 993 βιϐλίον.
2992 932 3098 984 Kal
3131 931 3383 998 ἐκάθητο
3407 930 3442 985 δ

1888 1005 2186 1073 ,βασιλεὺς
2205 1007 2274 1062 ἐν
2295 1009 2437 1082 οῖκῳ
2455 1013 2758 1081 χειμερινῷ
2773 1032 2788 1046 ’
2814 1016 2919 1086 μὴν
2935 1017 3039 1086 γάρ
3072 1015 3284 1080 ἔννατος
3306 1013 3372 1088 ἧν
3388 1027 3438 1077 ⁸.

1893 1094 2129 1147 τουτέστι
2153 1095 2486 1168 Νοέμϐριος·
2521 1099 2737 1155 ἔννατον
2776 1102 2884 1155 ἀπὸ
2911 1101 3003 1154 τοῦ
3034 1101 3291 1155 Ξανθικὸῦ
3321 1103 3442 1173 ἀρι-

1895 1178 2046 1248 θμῶν
2076 1180 2251 1249 λέγει·
2282 1184 2363 1236 δεῖ
2397 1184 2505 1256 γὰρ
2542 1187 2636 1239 καὶ
2662 1187 2830 1240 ταῦτα
2860 1188 3099 1259 ἀκριϐῶς
3127 1189 3338 1243 εἰδέναι.
3377 1190 3440 1242 Εἰ

1894 1264 2001 1335 γάρ
2036 1266 2143 1319 ἀπὸ
2172 1267 2265 1321 τοῦ
2290 1269 2411 1322 Δίου
2442 1271 2680 1341 ἠρίθμει,
2709 1275 2805 1326 οὐκ
2831 1274 3050 1344 ἔμελλεν
3085 1275 3299 1328 ἔσεσθαι
3322 1276 3443 1330 τότε

1893 1351 2115 1422 χειμών.
2143 1353 2296 1417 Τίνος
2321 1351 2413 1409 οὖν
2445 1357 2627 1412 ἕνεκεν
2655 1361 2748 1412 καὶ
2778 1362 2933 1414 τοῦτο
2956 1362 3304 1431 πρόσκειταις
3348 1362 3443 1415 Ἐκ

1894 1438 1998 1490 τῶν
2033 1439 2169 1509 μετά
2211 1441 2384 1497 ταῦτα
2428 1445 2546 1516 εῖσῃ
2591 1445 2793 1513 σαφῶς.
2841 1446 2949 1500 Kal
2988 1447 3216 1516 ἐσχάρα
3254 1447 3443 1515 πυρὸς

1892 1524 2229 1593 ἔμπροσθεν
2256 1531 2441 1584 αὐτοῦ
2460 1548 2475 1561 ·
2502 1533 2787 1603 ἀνθρακιά,
2818 1535 2968 1603 φησὶ,
2998 1535 3127 1588 διότι
3160 1534 3327 1605 ψῦχος
3352 1531 3439 1604 ἦν.

1906 1611 2099 1681 Ὀρᾶτε
2135 1614 2253 1678 πῶς
2287 1616 2437 1670 οὐδὲν
2469 1619 2940 1689 παραλιμπάνεται
2969 1623 3032 1691 τῇ
3063 1620 3182 1691 θείᾳ.
3220 1621 3441 1694 Γραφῇς

1896 1698 2004 1750 Καὶ
2046 1699 2309 1770 ἀνθρακιά
2355 1703 2523 1774 πυρὸς
2558 1704 2860 1775 ἔμπροσθεν
2904 1706 3098 1758 αὐτοῦ’
3148 1708 3239 1758 καὶ
3293 1725 3443 1777 περι-

1899 1786 2214 1854 εστήκεισαν
2237 1789 2285 1840 οῑ
2315 1792 2587 1860 σατράπαι
2610 1808 2622 1821 ο
2648 1791 2906 1862 ἐκομίσθη
2929 1792 2989 1844 τὸ
3012 1792 3209 1861 βιϐλίον
3238 1793 3443 1864 μυρίων

1897 1870 2063 1941 γέμον
2090 1872 2273 1927 καλῶν
2318 1876 2381 1944 (ή
2414 1874 2518 1945 γάρ
2555 1877 2660 1929 τῶν
2689 1876 2870 1931 κακῶν
2916 1880 3212 1948 προφητεία
3260 1880 3442 1931 κακῶν

1897 1958 2169 2032 ἀναίρεσις
2194 1955 2314 2031 ἦν),
2347 1963 2439 2015 καὶ
2477 1963 2884 2031 ἀνεγινώσκετο.
2922 1965 3291 2036 Μνημονεύετέ
3330 1983 3440 2037 μοι,

1897 2046 2228 2116 παρακαλῶ,
2265 2048 2364 2117 τῆς
2398 2049 2754 2119 ὑποσχέσεως.
2801 2051 2911 2105 Kal
2955 2052 3025 2105 ἐν
3060 2052 3138 2116 τῷ
3165 2051 3446 2120 ἀναγινώ-

1895 2150 2068 2186 σκειν
2109 2135 2295 2188 αὑτὸν
2324 2135 2476 2202 τρεῖς
2522 2137 2800 2201 σελίδας,
2842 2138 3041 2191 λαϐὼν
3067 2139 3179 2207 τὴν
3220 2142 3446 2209 σμίλην

1895 2220 2134 2289 ἔκοψεν,
2169 2223 2265 2275 καί
2297 2223 2513 2278 ἔϐαλεν
2532 2228 2617 2290 είς
2655 2225 2769 2290 τὴν
2805 2226 3072 2295 ἐσχάραν
3098 2228 3200 2281 τοῦ
3235 2228 3446 2296 πυρὸς.

1894 2306 2003 2370 ἕως
2027 2307 2263 2371 ἐξέλιπε
2288 2309 2353 2361 τὸ
2380 2310 2620 2374 ,βιϐλίον
2655 2311 2832 2365 ἅπαν.
2881 2310 3030 2376 Εἶδες
3071 2313 3184 2376 πῶς
3220 2315 3280 2367 ού
3325 2317 3442 2383 φεί-

1893 2392 2065 2445 δονται
2094 2395 2213 2446 οὐδὲ
2244 2395 2349 2447 τῶν
2387 2395 2637 2464 βιϐλίων;
2667 2398 2782 2460 πῶς
2818 2398 2937 2451 οὐδὲ
2971 2400 3078 2451 τῶν
3105 2399 3445 2471 γραμμάτων

1894 2480 1997 2532 τῶν
2019 2481 2175 2535 θείων
2202 2483 2518 2551 ἀπέχονταις
2556 2485 2769 2555 Ἐπειδὴ
2803 2486 3171 2556 αἰχμαλωσίαν
3214 2484 3323 2557 εἶχε
3346 2488 3446 2558 τῆς

1906 2566 2278 2637 Ἰερουσαλὴμ,
2304 2569 2569 2638 κατέκοψε
2590 2586 2603 2598 ·
2640 2572 2733 2623 καὶ
2773 2572 2871 2641 οὐχ
2901 2573 3075 2643 εὑρὼν
3110 2574 3199 2628 τὸν
3232 2578 3443 2646 προφή-

1893 2670 2010 2723 την,
2040 2656 2120 2716 εἰς
2142 2657 2209 2707 τὰ
2246 2656 2545 2726 γράμματα
2578 2658 2673 2729 τὴν
2714 2661 2879 2731 ὀργὴν
2907 2662 3136 2730 ἀφῆκεν.
3177 2663 3233 2716 '0
3268 2664 3444 2716 τοίνυν

1891 2744 2002 2804 τοῖς
2037 2741 2261 2813 ἀψύχοις
2313 2743 2454 2797 οὕτω
2484 2745 2767 2816 πολεμῶν,
2812 2750 2862 2801 εί
2902 2749 2991 2803 τὸν
3038 2750 3214 2820 ψυχήν
3255 2750 3446 2821 ἔχοντα

1892 2823 2036 2899 εὗρε,
2059 2828 2110 2881 τί
2139 2831 2240 2891 οὐκ
2269 2830 2333 2884 ἀν
2366 2832 2690 2902 είργάσατο;
2722 2835 2985 2907 Καθάπερ
3012 2838 3117 2907 γάρ
3140 2838 3207 2891 τά
3236 2838 3447 2909 χαλεπά

1890 2916 1999 2969 τῶν
2026 2917 2248 2990 θηρίων,
2277 2921 2491 2974 ἐπειδάν
2533 2923 2891 2978 ἐπιλάϐωνται
2927 2926 3035 2979 τῶν
3076 2929 3446 2981 πυκτευόντων

1891 3004 2092 3071 αὐτοῖς,
2123 3000 2241 3058 εἶτα
2259 3008 2453 3060 ἐκεῖνοι
2484 3009 2780 3079 διαφύγωσι
2801 3014 3186 3077 καταλιπόντες
3210 3013 3358 3085 [177]
3387 3016 3446 3067 ἐν

1890 3093 1968 3162 τῷ
1995 3096 2219 3165 στόματι
2250 3096 2357 3149 τῶν
2384 3097 2585 3168 θηρίων
2614 3100 2651 3153 ἀ
2684 3102 3021 3171 περίκεινται
3048 3104 3304 3174 δέρματα,
3333 3105 3443 3157 λοι-

1892 3183 1991 3233 πὸν
2022 3183 2159 3235 αύτά
2196 3183 2592 3253 περιτρώγουσι
2620 3188 3083 3259 παραμυθούμενα
3119 3191 3208 3244 τὸν
3240 3191 3441 3262 θυμόν

1890 3269 2029 3322 οὕτω
2047 3270 2110 3339 δὴ
2136 3272 2229 3323 καὶ
2249 3274 2276 3324 ὁ
2296 3272 2542 3341 βασιλεὺς
2564 3276 2832 3346 ἐποίησεν.
2855 3279 2965 3348 Οὐχ
2994 3271 3116 3351 εὗρε
3147 3279 3236 3333 τὸν
3256 3281 3444 3351 ἔχοντα

1892 3358 1952 3409 τὺ
1996 3358 2215 3427 βιϐλίον,
2259 3362 2353 3413 καὶ
2396 3363 2529 3416 αὐτὸ
2567 3364 2627 3417 τὸ
2662 3364 2860 3433 βιϐλίον
2901 3367 3202 3437 κατέκοψεο
3242 3369 3335 3422 καὶ
3382 3371 3443 3422 οὺ

1892 3446 2157 3514 κατέκοψε
2183 3447 2364 3517 μόνον,
2399 3450 2533 3503 ἀλλά
2566 3451 2660 3505 καὶ
2691 3452 2939 3507 ἐνέϐαλεν
2976 3456 3055 3515 εἰς
3080 3455 3177 3525 τὴν
3210 3455 3445 3526 ἐσχάραν

1890 3532 1982 3585 τοῦ
2005 3535 2193 3606 πυρὸς,
2230 3535 2314 3587 ἵνα
2351 3537 2483 3605 μηδὲ
2512 3536 2756 3606 λείψανον
2783 3540 2938 3612 μείνῃ
2969 3540 3076 3594 τῶν
3106 3542 3443 3613 γραμμάτων

1890 3614 2132 3666 ἐκείνων.
2164 3616 2296 3669 Ἀλλ’
2330 3616 2539 3670 οὐδέπω
2574 3620 2752 3672 πᾶσαν
2784 3623 2983 3689 ἔγνωτε
3017 3623 3177 3674 αὐτοῦ
3202 3626 3299 3694 τὴν
3338 3642 3443 3695 μαο

1888 3695 2006 3747 νίαν
2026 3710 2037 3721 ·
2068 3695 2275 3748 εῖσεσθε
2307 3696 2363 3749 δὲ
2401 3699 2605 3767 σαφῶς,
2629 3701 2724 3754 ἐὰν
2756 3702 2893 3772 μετὰ
2924 3704 3203 3774 ἀκριϐείας
3226 3706 3302 3776 τῷ
3328 3706 3445 3776 διη-

1888 3779 2092 3846 γήματι
2134 3779 2452 3848 προσέχητε.
2497 3783 2571 3833 Οὐ
2612 3783 2719 3853 γὰρ
2766 3781 2937 3848 εἶπεν,
2972 3788 3051 3839 ὅτι
3095 3788 3354 3857 ἀναγνοὺς
3384 3790 3446 3843 τδ

1890 3859 2090 3928 βιϐλίον
2123 3860 2287 3924 ἆπαν,
2318 3860 2491 3926 οὕτως
2535 3864 2798 3919 ἔκαυσεν*
2836 3868 2949 3921 ἀλλ’
2993 3870 3088 3922 Ἐν
3131 3871 3209 3935 τῷ
3239 3873 3441 3939 arar:-

1888 3944 2145 3997 νώσκειν
2193 3946 2379 4000 αὑτὸν
2415 3948 2570 4015 τρεῖς
2600 3951 2845 4016 σελίδας
2883 3953 2920 4019 ἢ
2969 3954 3296 4022 τέσσαρας,
3343 3956 3442 4019 ἐξ·

1887 4027 2095 4094 ἑτεμεν
2119 4029 2283 4082 αὑτό.
2319 4030 2431 4082 Οὐκ
2469 4032 2747 4102 ἀνέμεινεν
2774 4034 2893 4086 οὐδὲ
2923 4034 2983 4087 τὸ
3012 4035 3162 4099 τέλος
3186 4038 3285 4105 τῆς
3314 4038 3443 4091 ἀνα-

1887 4108 2157 4176 γνώσεως,
2208 4110 2323 4164 ἀλλ’
2363 4111 2423 4175 ἐξ
2448 4113 2624 4165 αὐτῶν
2659 4115 2764 4167 τῶν
2795 4117 3089 4187 προοιμίων
3117 4118 3314 4181 εὐθέως
3351 4118 3440 4182 ἐξ·

1885 4190 2151 4261 ηγριώθη.
2184 4193 2281 4246 Διά
2311 4193 2479 4247 ταῦτα
2509 4196 2607 4248 οὐκ
2637 4191 2702 4267 ἦν
2731 4198 2966 4267 ἀσφαλὲς
3002 4202 3113 4264 τοῖς
3140 4204 3443 4272 προφήταις

1900 4274 2172 4337 Ἰουδαίοις
2203 4274 2381 4343 λέγειν
2418 4278 2559 4352 μετὰ,
2588 4282 2879 4351 σαφηνείας
2913 4284 3089 4335 πάντα
3118 4284 3185 4335 τά
3212 4284 3441 4352 ἐσόμενα

1888 4354 2052 4411 δεινά.
2093 4357 2156 4409 Εἰ
2193 4358 2301 4428 γάρ
2335 4350 2662 4431 πρόσκαιρον
2694 4350 2792 4414 οὐκ
2820 4364 3047 4431 ἧνεγκεν
3073 4350 3440 4432 αἰχμαλωσίαν

1890 4437 2140 4501 ἀκοῦσαι,
2167 4440 2266 4510 τὴν
2301 4440 2520 4511 διηνεκῆ
2559 4444 2674 4501 πῶς
2706 4444 2771 4496 ἂν
2799 4444 3052 4513 ὑπέμεινε
3084 4445 3305 4514 μαθεῖν;
3332 4447 3441 4500 Kal

1888 4520 2006 4572 οὐδὲ
2048 4522 2205 4592 μέχρι
2241 4524 2429 4576 τούτου
2481 4525 2610 4593 ἔστη
2643 4526 2671 4576 6
2704 4525 2987 4594 βασιλεύςο
3035 4528 3148 4580 ἀλλ’
3195 4528 3439 4599 ἔπεμψε,

1887 4602 2039 4685 φησι,
2063 4603 2243 4672 ζητεῖν
2276 4604 2547 4676 πανταχοῦ
2576 4607 2666 4658 τὸν
2694 4610 2992 4681 προφήτην,
3018 4610 3131 4663 ἀλλ’
3158 4612 3255 4681 οὐχ
3284 4605 3439 4685 εὗρεν

1888 4684 2049 4765 αύτόν
2065 4702 2079 4716 ·
2108 4686 2309 4757 ἔκρυψε
2334 4688 2440 4758 γάρ
2478 4688 2637 4741 αὑτὸν
2664 4691 2692 4742 6
2715 4691 2865 4754 Θεός.
2903 4692 3135 4747 Ἐκεῖνον
3173 4694 3270 4763 μὲν
3293 4684 3441 4765 τόπῳ

1885 4764 2005 4847 τότε
2029 4764 2228 4847 έκρυψε
2248 4806 2264 4831 ,
2302 4770 2426 4831 τοὺς
2472 4768 2528 4822 δέ
2558 4769 2749 4835 ἀλλους
2777 4774 3058 4846 προφήτας
3094 4777 3161 4847 τῇ
3205 4764 3441 4847 ἀσαφείᾲ.

1883 4844 1995 4897 τῶν
2030 4846 2356 4918 λεγομένων.

1957 4933 2030 4990 ς’.
2048 4928 2160 4980 Οὐκ
2174 4930 2292 5009 ἀπὸ
2308 4930 2511 4984 τούτων
2524 4932 2579 4987 δέ
2598 4934 2755 5003 μόνον
2770 4936 2900 5006 ἡμῖν
2918 4936 3065 4993 ἔσται
3086 4939 3333 5009 φανερὸν,
3357 4939 3447 4992 ὅτι·

1884 5008 2151 5091 τολμηρὸν
2169 5006 2238 5081 ἦν
2266 5013 2417 5084 παρά
2443 5015 2711 5080 Ἰουδαίοις
2730 5020 2822 5073 καὶ
2848 5019 3022 5089 ψυχῆς
3052 5006 3435 5091 ῥιψοκινδύνου,

1883 5090 1991 5175 τὴν
2010 5091 2271 5175 ἐσομένην
2302 5098 2416 5158 τοῖς
2454 5096 2628 5150 ἔθνεσι
2652 5100 2813 5170 τιμὴν
2856 5103 2950 5154 καὶ
2988 5090 3175 5166 δόξαν,
3205 5106 3297 5157 καὶ
3341 5104 3453 5175 τὴν»

1884 5172 2261 5246 διαδεξομένην
2290 5178 2529 5243 ἐκείνους
2559 5183 2783 5251 ἀτιμίαν
2822 5184 3029 5253 λέγειν,
3066 5186 3198 5239 ἀλλὰ
3235 5186 3327 5240 καὶ
3372 5172 3443 5239 ἐκ

1882 5255 1992 5307 τῶν
2019 5257 2229 5312 Παύλου
2268 5262 2545 5331 ῥημάτων.
2575 5259 2739 5328 Οὗτος
2771 5267 2900 5334 γοῦν
2934 5267 3056 5321 ἰδών
3082 5286 3200 5321 τινα
3232 5269 3439 5339 προφή-

1881 5354 1980 5421 την
2009 5341 2202 5408 μικρὸν
2226 5344 2621 5421 παρανοίξαντά
2640 5364 2691 5400 τι
2716 5348 2815 5415 τῆς
2845 5351 3194 5421 προρρήσεως
3215 5352 3435 5418 ταύτης,

1883 5418 1977 5470 καὶ
2008 5422 2337 5495 σαφέστερον
2367 5425 2473 5478 τῶν
2502 5418 2678 5481 ⁷ἀλλων
2706 5418 3067 5496 είπόνταίκαλ
3092 5431 3162 5486 τά
3201 5433 3445 5503 ἡμέτερα

1943 5564 1970 5631 13
1998 5562 2137 5631 golb.
2165 5568 2244 5613 τὸν
2288 5567 2517 5631 Ἰονδιείμ.

1947 5624 2381 5699 ολΗιξιρητουτέοτι
2420 5624 2693 5699 Νοεμϐριος,
2725 5634 2905 5686 desunt
2940 5639 2987 5685 in
3021 5651 3108 5685 ms.
3147 5636 3268 5685 Ibid.
3312 5637 3437 5699 Reg.

1880 5683 2105 5759 ξανθξκὸς
2128 5688 2154 5733 6
2179 5683 2727 5759 blieftoaxal‘naéjtic,
3259 5683 3440 5759 ίνόεὲῖῄ

1882 5747 2369 5827 ἐμΙιηεςκῖηΔίος
2391 5747 2751 5827 δνξρκτῷϐριος.
2780 5747 2896 5827 Ιιξίιξ.
2920 5747 3054 5827 (tolli.
3080 5758 3228 5827 felyip
3254 5757 3442 5827 ἆπρτοξῖ

1871 5800 2147 5881 Ιξῗξιξέῖἢξςέν
2160 5800 2367 5881 ἠρίοιιεες
2408 5800 2600 5865 νὶίιεεὲἱ
2615 5800 3437 5881 ἶπὶὶιέἁᾶἶίιιέἓρἧἇιῖοἶῖειῖι”ἱ4ἰὶὶῖ

1880 5870 2157 5915 uamualala
2178 5875 2297 5919 sunt
2326 5871 2455 5923 Enn.
