4016 6450
204 397 314 452 173

208 523 395 565 norem
422 515 477 562 et
506 506 746 579 gloriam.
771 511 825 559 et
846 517 966 573 quae
989 499 1109 554 illos
1128 509 1413 569 exceptura
1440 503 1583 550 esset
1616 495 1765 565 igno-

204 598 425 653 miniam
442 612 679 661 narrare,
696 592 959 651 sedetiam
969 605 1034 646 ex
1046 584 1649 661 ipsisPauliverbis.llic
1666 584 1770 639 ita.

201 703 308 757 que
326 702 448 743 cum
466 686 781 755 prophetam
804 681 1092 750 quemdam
1111 679 1320 733 videret
1342 677 1616 747 paululum
1637 677 1765 744 quid

203 775 567 846 praedictionis
595 774 754 844 hujus
815 778 1165 833 reserantem,
1210 778 1266 824 et
1306 768 1561 838 apertius,
1602 783 1765 837 quam

201 871 314 935 alii,
347 880 459 925 tum
489 869 630 923 bona
668 876 871 930 nostra,
909 873 1023 919 tum
1051 864 1265 917 illorum
1300 861 1439 916 mala
1468 857 1761 926 dicentem,

205 962 501 1031 obstupuit,
536 968 591 1015 et
614 958 889 1014 audaciam
922 956 1062 1012 illius
1086 956 1312 1009 miratus
1338 961 1440 1019 est,
1469 953 1556 1008 his
1588 950 1764 1007 verbis

205 1063 398 1109 utens:
424 1053 599 1107 Isaias
634 1059 807 1103 autem
836 1048 1015 1109 audet,
1055 1055 1104 1100 et
1141 1046 1284 1109 dicit,
1313 1043 1561 1098 Inventus
1586 1058 1702 1095 sum
1728 1058 1764 1096 α

202 1146 303 1185 non
331 1129 661 1201 quarentibus
685 1143 764 1181 me
783 1141 803 1180 :
826 1124 997 1196 palam
1016 1123 1231 1193 apparui
1250 1122 1333 1187 iis,
1363 1122 1450 1191 qui
1478 1137 1554 1173 me
1573 1135 1671 1172 non
1690 1120 1771 1171 in-

203 1219 540 1289 terrogabant.
574 1216 695 1270 Dixi
713 1255 728 1280 ,
760 1214 891 1268 Ecce
915 1229 1005 1283 ego
1022 1253 1037 1279 ,
1061 1211 1194 1283 genti
1208 1251 1223 1277 ,
1250 1211 1335 1276 qui
1357 1226 1456 1263 non
1482 1218 1774 1262 vocaverunt

202 1325 383 1362 nomen
406 1323 571 1360 meum
596 1304 778 1375 (Rom.
800 1304 889 1357 10.
912 1302 1018 1368 2ος
1049 1301 1177 1355 lsai.
1205 1301 1292 1355 65.
1323 1301 1348 1354 l
1372 1298 1413 1369 ).
1444 1298 1772 1367 Quamquam

202 1400 249 1452 si
282 1400 485 1453 nullum
513 1413 578 1452 ex
604 1395 947 1466 praedictione
973 1393 1264 1462 periculum
1294 1390 1654 1461 impendebat,
1681 1404 1775 1444 cur

200 1489 337 1544 dixit
364 1487 574 1549 Paulus,
596 1484 763 1539 Isaias
784 1494 949 1537 autem
970 1483 1138 1545 audet,
1164 1491 1209 1534 et
1237 1482 1378 1546 dicit,
1407 1478 1644 1533 Inventus
1665 1494 1775 1532 sunt

198 1598 233 1632 a
256 1596 359 1633 non
386 1576 712 1648 quarentibus
736 1576 854 1629 me?
887 1574 1114 1629 Maxima
1140 1587 1322 1627 revera
1349 1571 1652 1627 Iudaeorum
1681 1584 1774 1624 ac-

198 1669 428 1725 cusatio.
462 1668 563 1734 Qui
592 1681 701 1722 non
726 1664 1034 1735 quaerebant
1057 1665 1406 1726 invenerunt,
1437 1671 1491 1716 et
1513 1662 1601 1730 qui
1625 1676 1773 1731 quat-

200 1763 412 1826 rebant,
442 1774 539 1829 spe
564 1756 801 1813 frustrati
822 1764 945 1810 sunt
975 1772 990 1809 :
1022 1754 1111 1824 qui
1135 1768 1241 1810 non
1270 1752 1575 1817 audierunt,
1602 1750 1777 1806 credi-

200 1851 435 1917 derunt,
481 1857 536 1903 et
576 1847 665 1919 qui
713 1846 1027 1910 audierunt,
1080 1844 1134 1898 in
1173 1856 1390 1898 crucem
1425 1840 1771 1897 sustulerunt.

201 1940 488 2012 Propterea
506 1940 761 1996 audacem
785 1935 1068 2008 appellavit
1094 1933 1301 1989 Isaiam.
1327 1932 1566 1987 Maxima;
1581 1931 1775 2000 quippe

200 2048 387 2089 revera
416 2032 511 2086 fuit
537 2031 770 2085 audacia:
791 2070 809 2096 ,
850 2029 902 2083 in
931 2026 1107 2082 medio
1129 2040 1312 2081 eorum
1338 2038 1472 2091 quos
1494 2023 1778 2077 accusabat

200 2130 454 2185 stantem,
481 2119 679 2175 nemini
704 2118 970 2189 parcendo
991 2116 1381 2171 accusationem
1409 2114 1669 2169 intentare
1688 2153 1701 2177 ,
1724 2121 1778 2167 et

201 2216 323 2271 illos
346 2213 556 2284 quidem
580 2227 676 2281 per
704 2210 1035 2282 prophetiam
1080 2218 1263 2278 aperte
1300 2206 1504 2260 honore
1531 2205 1739 2276 privare
1757 2245 1773 2271 ,

201 2303 337 2361 alios
365 2317 493 2357 vero
520 2300 587 2355 ad
605 2300 835 2355 debitam
860 2298 959 2352 illis
974 2298 1192 2367 gloriam
1222 2295 1579 2350 introducere.
1614 2296 1777 2348 Accu-

203 2400 415 2449 satores
450 2391 566 2461 ejus
593 2398 745 2444 erant
784 2402 970 2443 omnes
1012 2387 1101 2456 qui
1147 2386 1200 2440 in
1226 2385 1426 2454 judicio
1469 2383 1775 2438 audiebant.

202 2485 334 2553 Quis
353 2492 530 2538 autem
552 2482 677 2536 dum
695 2479 949 2550 judicium
970 2486 1223 2533 exercent
1240 2477 1458 2540 inimici,
1481 2475 1779 2545 periculum

203 2575 399 2646 poterit
418 2572 659 2629 evitare?
688 2571 994 2639 Propterea,
1021 2569 1209 2637 inquit,
1243 2568 1404 2621 Audet
1424 2576 1468 2620 et
1494 2567 1636 2620 dicit.

281 2665 366 2720 Ne
396 2674 514 2718 ante
541 2673 733 2733 tempus
759 2661 1089 2731 intelligerent
1117 2664 1293 2729 futura
1317 2658 1489 2713 Judwi
1509 2697 1525 2724 ,
1561 2658 1781 2712 obscura

206 2758 407 2827 {mutat
427 2753 720 2823 prophetiae.
747 2779 819 2792 —-
840 2749 1037 2805 Verum
1079 2750 1179 2804 hoc
1216 2750 1389 2819 ipsum
1424 2747 1545 2802 volo
1584 2747 1780 2802 clarius

204 2849 591 2904 demonstrare.
622 2843 823 2898 Idcirco
848 2841 917 2897 de
936 2840 1134 2896 Iudaeis
1157 2854 1220 2894 ac
1242 2840 1393 2895 nobis
1414 2838 1640 2893 obscure
1661 2853 1782 2906 pro-

206 2940 503 2997 nuntiatum
531 2945 610 2991 est
634 2936 685 2989 in
712 2934 1018 3004 Scripturis,
1060 2946 1129 2986 ne
1151 2941 1275 2985 ante
1296 2939 1503 3000 tempus
1527 2929 1783 3000 intellige-

206 3042 329 3088 rent
356 3046 477 3102 quae
504 3028 817 3084 dicebantur
846 3025 1033 3081 Judaei.
1065 3025 1238 3092 Atque
1262 3023 1422 3092 hujus
1447 3022 1521 3077 rei
1548 3020 1783 3090 produco

209 3132 403 3178 testem
429 3135 617 3191 magna
646 3133 780 3174 voce
804 3119 1123 3173 clamantem
1146 3114 1390 3180 Paulum,
1415 3130 1479 3169 ex
1505 3114 1612 3168 alto
1635 3113 1781 3167 voci-

211 3214 492 3277 ferantem,
520 3210 704 3266 tubam
718 3207 1006 3271 caelestem,
1029 3220 1121 3260 vas
1144 3204 1436 3268 electionis,
1466 3202 1661 3257 Christi
1687 3217 1783 3270 pa-

210 3299 583 3371 ranymphum.
608 3297 865 3368 Despondi
889 3296 1019 3348 enim
1047 3310 1153 3360 vos,
1192 3295 1380 3363 inquit,
1411 3294 1500 3347 uni
1528 3295 1656 3358 viro,
1681 3294 1783 3347 vir-

209 3393 380 3463 ginem
418 3398 605 3443 eastam
631 3388 859 3441 ethibere
890 3384 1086 3439 Christo
1121 3384 1213 3450 (2.
1245 3382 1363 3437 Cor.
1392 3384 1477 3437 il.
1504 3382 1595 3451 2).
1636 3382 1786 3437 Hunc

206 3482 366 3538 vobis
406 3489 593 3535 testem
640 3479 875 3547 produco
923 3476 1186 3530 dicentem
1236 3482 1422 3544 aperte
1443 3515 1458 3538 ,
1507 3484 1785 3545 propterea

211 3571 466 3628 nonnulla
494 3572 545 3624 in
576 3569 755 3625 Veteri
780 3568 1123 3623 Testamento
1158 3565 1323 3621 fuisse
1349 3565 1613 3621 occultata
1634 3606 1649 3631 ,
1677 3581 1786 3620 non

210 3663 411 3719 omnia.
439 3660 493 3717 Si
514 3660 657 3713 enim
684 3660 859 3713 omnia
890 3658 1110 3711 fuissent
1130 3656 1354 3711 obscura
1376 3698 1391 3722 ,
1423 3655 1619 3710 frustra
1647 3656 1786 3711 illius

216 3754 399 3810 seculi
430 3752 731 3806 hominibus
757 3749 980 3804 fuissent
1003 3748 1142 3801 dicta
1171 3764 1185 3800 :
1215 3746 1472 3816 siquidem
1498 3746 1786 3816 prophetiae

212 3844 352 3899 bella
384 3842 697 3907 continent,
746 3854 864 3907 quae
892 3836 959 3891 ad
986 3846 1194 3905 tempus
1224 3843 1335 3889 tum
1360 3844 1507 3905 gesta
1538 3844 1693 3902 sunt,
1734 3845 1788 3891 et

213 3936 381 3989 fames
406 3943 461 3988 et
486 3941 659 4002 pestes
688 3948 701 3983 :
731 3930 1003 3985 continent
1027 3936 1081 3982 et
1106 3943 1225 3998 quae
1251 3926 1407 3982 hodie
1430 3927 1783 3997 contigerunt,

210 4024 545 4080 vocationem
573 4020 843 4082 Ecclesiae,
875 4016 1296 4087 repudiationem
1322 4031 1624 4087 synagogas,
1658 4016 1788 4087 legis

212 4114 630 4183 abrogationem.
672 4110 799 4164 Haec
838 4117 1013 4162 autem
1049 4109 1193 4176 ipsos
1222 4121 1377 4161 nosse
1406 4107 1646 4172 nolebat,
1693 4107 1788 4161 sed

214 4206 308 4260 illa
334 4219 451 4274 quas
478 4204 715 4272 ipsorum
742 4199 1071 4268 temporibus
1099 4197 1429 4251 accidebant.
1458 4199 1630 4267 Atque
1650 4197 1789 4252 istud

216 4297 393 4367 ipsum
418 4293 653 4350 conabor
681 4289 988 4354 ostendere,
1023 4287 1138 4343 hinc
1165 4286 1277 4342 sola
1303 4287 1417 4342 fieri
1441 4286 1664 4342 obscura
1692 4302 1789 4342 vo-

216 4386 414 4451 luisse,
446 4383 515 4438 de
542 4382 697 4439 nobis
725 4388 780 4435 et
803 4379 871 4435 de
912 4392 1206 4450 synagoga,
1235 4392 1352 4447 qua:
1379 4392 1520 4432 nunc
1546 4378 1789 4448 contige-

213 4486 363 4543 runt,
388 4489 596 4531 necnon
618 4472 750 4543 legis
770 4469 1167 4541 abrogationem
1196 4486 1211 4524 :
1233 4469 1335 4524 hoc
1356 4483 1486 4524 vero
1505 4483 1612 4524 non
1632 4484 1792 4539 opor-

214 4569 319 4624 tuit
341 4583 411 4624 ex
454 4567 544 4621 illo
583 4575 822 4634 tempore
859 4562 1125 4631 cognitum
1152 4560 1256 4616 illis
1291 4560 1471 4617 fuisse.
1517 4561 1650 4617 Nam
1691 4562 1793 4617 sia

212 4659 479 4732 principio
504 4656 817 4711 didicissent
843 4654 1015 4723 legem
1034 4653 1099 4707 ad
1128 4662 1337 4721 tempus
1359 4654 1670 4707 duraturam
1686 4693 1702 4719 ,
1731 4652 1794 4707 il-

214 4752 324 4806 lam
354 4747 572 4802 omnino
595 4744 1040 4813 contempsissent
1068 4759 1081 4795 :
1109 4751 1327 4811 propter
1365 4742 1466 4797 hoc
1494 4743 1667 4813 ipsum
1695 4757 1792 4798 oc-

212 4840 415 4895 cultam
444 4837 585 4892 illam
611 4849 732 4891 esse
760 4834 944 4888 voluit.
975 4831 1091 4886 Non
1123 4835 1265 4887 enim
1310 4847 1523 4888 omnem
1568 4832 1794 4903 prophe-

212 4930 347 4983 tiam
390 4925 652 4981 occultam
695 4923 881 4989 fuisse,
930 4935 1111 4977 verum
1160 4920 1301 4976 hanc
1341 4929 1543 4976 tantum
1588 4930 1794 4991 partem

215 5017 385 5073 fuisse
412 5013 637 5069 velatam
658 5052 675 5078 ,
723 5013 846 5066 audi
875 5025 981 5080 quo
1007 5018 1161 5079 pacto
1192 5010 1343 5066 nobis
1373 5022 1653 5081 utrumque
1682 5028 1795 5066 ma-

218 5106 413 5161 nifeste
434 5103 631 5159 Paulus
650 5100 932 5167 ostendat,
970 5110 1024 5155 et
1052 5101 1363 5155 occultatam
1392 5100 1553 5157 fuisse
1583 5102 1752 5172 legem
1779 5142 1792 5165 ,

215 5207 273 5253 et
313 5197 415 5251 hac
442 5196 494 5250 in
523 5202 675 5264 parte
702 5201 925 5247 tantum.
953 5190 1083 5245 Cum
1110 5191 1252 5246 enim
1281 5191 1539 5246 scriberet
1574 5192 1641 5245 ad
1686 5193 1794 5246 Co-

216 5288 468 5351 rinthios,
500 5284 581 5339 his
603 5284 778 5339 verbis
803 5291 885 5337 est
914 5296 1039 5336 usus
1068 5300 1081 5337 :
1118 5301 1137 5334 ι
1168 5281 1429 5337 Habentes
1456 5282 1612 5351 igitur
1639 5283 1796 5337 talem

219 5395 394 5453 spem,
427 5379 591 5434 multa
617 5377 805 5431 fiducia
832 5374 1029 5429 utimur
1060 5392 1074 5428 ε
1101 5385 1155 5429 et
1184 5390 1287 5429 non
1314 5375 1449 5428 sicut
1472 5373 1680 5445 Moyses
1704 5389 1795 5443 po.

219 5470 383 5528 nebat
408 5468 647 5523 velamen
674 5481 832 5535 super
851 5464 1039 5519 faciem
1060 5479 1230 5529 suam,
1255 5473 1437 5519 utnon
1463 5463 1798 5518 intenderent

222 5564 319 5620 lilii
346 5561 509 5617 lsrael
538 5560 590 5614 in
620 5559 778 5615 linem
810 5560 923 5627 ejus
951 5556 1095 5626 quod
1135 5564 1421 5611 evacuatur
1442 5597 1460 5624 ,
1501 5556 1594 5611 sed
1623 5557 1797 5612 obtusi

222 5663 351 5709 sunt
376 5665 570 5706 sensus
589 5664 793 5705 eorum.
821 5648 1001 5717 Usque
1029 5648 1080 5700 in
1112 5645 1425 5702 hodiernum
1471 5645 1614 5701 enim
1657 5647 1803 5707 diem

226 5742 459 5813 tdipsnm
484 5740 723 5797 velamen
758 5739 810 5795 in
838 5738 1067 5795 lectione
1104 5736 1305 5794 Veteris
1324 5733 1649 5794 Testameuti
1676 5752 1795 5794 ma-

1142 383 1231 441 DE
1270 373 1799 439 PROPllETIARUM
1837 370 2326 435 οΒδουειιτΑτε.
2369 380 2411 435 1.

3330 407 3440 463 174

1877 499 1966 546 net
2002 507 2108 547 non
2147 493 2461 565 revelatum,
2492 498 2741 568 quoniam
2762 497 2819 554 in
2845 497 3058 556 Christo
3096 513 3382 559 evacuatur
3419 521 3439 555 ι

1873 583 1963 648 (2.
2009 584 2125 640 Cor.
2164 586 2217 640 5.
2265 585 2355 641 12.
2381 588 2510 659 it).
2552 587 2847 645 Obscurum
2881 600 2963 648 est
3004 589 3261 657 fortasse,
3301 593 3444 664 quod

1874 676 2131 745 legimus;
2178 678 2355 747 itaque
2396 678 2680 735 dilucidius
2727 681 2857 737 illud
2896 682 3181 738 reddamus
3223 698 3445 741 necesse

1874 777 1977 833 est,
2008 777 2062 823 et
2087 769 2255 837 ipsam
2284 769 2556 826 historiam
2583 773 2738 828 vobis
2777 774 2832 829 in
2877 776 3187 831 memoriam
3219 790 3443 831 revoce-

1874 872 2011 913 mus.
2038 858 2169 913 Nam
2198 874 2319 915 cum
2343 863 2575 930 acceptis
2591 863 2645 917 in
2666 872 2848 919 monte
2868 865 3060 921 tabulis
3084 866 3444 921 descensurus

1874 959 2016 1005 esset
2034 950 2260 1021 Moyses,
2288 952 2568 1009 ineﬂ'abil-is
2592 955 2610 986 ⁸
2631 956 2876 1025 quaedam
2898 965 2953 1012 et
2981 957 3239 1014 mirabilis
3267 973 3331 1013 ex
3356 959 3445 1013 illa

1874 1050 2054 1097 sancta
2080 1042 2215 1097 facie
2238 1044 2406 1114 gloria
2436 1044 2557 1099 talis
2575 1046 2871 1113 emicabat,
2913 1055 2975 1102 nt
3009 1048 3189 1103 nullus
3215 1064 3245 1104 e
3282 1049 3444 1119 vulgo

1875 1132 1943 1186 ad
1973 1133 2117 1187 illum
2141 1134 2397 1190 accedere
2439 1145 2493 1190 et
2528 1153 2649 1191 cum
2687 1138 2777 1192 illo
2810 1138 3038 1209 colloqui
3084 1139 3322 1195 auderet.
3369 1141 3448 1196 Ne

1878 1222 2034 1293 igitur
2058 1224 2256 1292 populo
2281 1239 2493 1293 semper
2513 1225 2814 1281 inaccessus
2834 1237 2996 1293 esset,
3025 1227 3273 1297 imposito
3294 1229 3448 1285 faciei

1875 1328 1986 1368 sua:
2015 1316 2277 1370 velamine
2299 1356 2315 1382 ,
2349 1316 2689 1385 permittebat
2714 1327 2770 1371 ut
2794 1332 2917 1372 cum
2944 1333 3008 1373 eo
3034 1320 3215 1374 venire
3250 1320 3302 1373 in
3331 1321 3447 1375 col-

1876 1406 2109 1474 loquium
2153 1405 2321 1460 Judaei
2350 1415 2569 1475 possent
2611 1406 2820 1477 (Exod.
2848 1409 2937 1463 54.
2960 1410 3053 1464 33.
3077 1410 3198 1479 54).
3225 1413 3294 1464 At
3327 1425 3451 1465 cum

1878 1494 2073 1564 populo
2100 1495 2230 1549 dum
2255 1504 2553 1550 versaretur
2576 1536 2591 1561 ,
2622 1496 2859 1553 velamen
2889 1498 3139 1568 gerebat;
3185 1498 3254 1553 ad
3283 1500 3449 1554 Deum

1876 1594 2053 1641 autem
2079 1601 2143 1643 se
2162 1602 2496 1653 convertens,
2524 1602 2709 1643 rursus
2734 1588 2861 1644 illud
2883 1590 3203 1659 deponebat.
3235 1590 3289 1646 ld
3322 1606 3450 1646 vero

1876 1676 2067 1743 fiebat,
2097 1686 2152 1731 ut
2190 1672 2357 1729 simul
2383 1677 2551 1748 major
2578 1678 2711 1734 fides
2752 1680 3037 1751 Iegislatori
3078 1681 3452 1737 conciliaretur

1876 1766 2015 1835 apud
2056 1781 2150 1823 eos
2192 1767 2283 1837 qui
2328 1782 2424 1837 per
2471 1770 2645 1837 ipsum
2694 1769 2908 1825 allatam
2958 1773 3229 1840 accepturi
3278 1772 3450 1841 legem

1877 1866 2051 1925 erant,
2083 1868 2137 1914 et
2163 1860 2319 1914 simul
2341 1860 2393 1913 in
2420 1859 2536 1928 ipso
2560 1860 2706 1931 prius
2735 1861 3147 1917 adumbraretur
3171 1863 3336 1933 ﬁgura
3360 1879 3453 1918 ve-

1878 1950 2070 2015 ritatis,
2100 1959 2153 2005 et
2174 1951 2550 2006 incarnationis
2569 1950 2769 2006 Christi
2803 1967 2960 2007 causa
2992 1954 3159 2007 multo
3179 1962 3303 2008 ante
3325 1968 3453 2022 prte-

1878 2042 2284 2112 siguiilcaretur.
2328 2042 2459 2095 Nam
2488 2044 2740 2112 quoniam
2771 2043 2960 2097 dicturi
2993 2054 3145 2098 erant
3169 2043 3405 2097 nonnulli
3432 2085 3448 2108 ,

1830 2166 1841 2175 ι
1878 2132 2056 2200 Quare
2086 2147 2189 2186 non
2222 2133 2275 2186 in
2302 2133 2440 2186 nuda
2470 2132 2746 2187 divinitate
2782 2132 3021 2188 Christus
3060 2133 3305 2199 advenit,
3357 2134 3455 2189 sed

1878 2239 2093 2279 carnem
2125 2222 2335 2278 induit?
2363 2223 2531 2278 multo
2556 2231 2680 2278 ante
2700 2237 2795 2293 per
2816 2222 3001 2278 faciem
3032 2226 3168 2278 servi
3194 2224 3454 2293 objectio~

1881 2315 2035 2371 nibus
2064 2316 2180 2370 istis
2205 2316 2458 2369 occurrit.
2504 2313 2560 2370 Si
2588 2315 2729 2369 enim
2762 2314 2901 2369 servi
2925 2315 3150 2384 gloriam
3173 2355 3189 2381 ,
3232 2330 3349 2384 quae
3379 2315 3454 2369 illi

1881 2415 2067 2474 postea
2088 2404 2322 2470 obvenit,
2348 2418 2571 2460 cernere
2592 2418 2698 2458 non
2727 2413 2947 2473 potuere
2961 2404 3150 2469 Judaei,
3173 2420 3278 2474 quo
3301 2416 3457 2478 pacto

1881 2496 2074 2552 nudam
2102 2504 2285 2566 postea
2312 2496 2641 2550 divinitatem
2668 2496 2849 2550 videre
2877 2496 3211 2564 potuissent?

1952 2588 2005 2639 7.
2035 2584 2217 2655 Neque
2241 2600 2371 2639 vero
2397 2593 2597 2639 tantum
2624 2585 2726 2639 hoc
2755 2585 2907 2639 nobis
2934 2585 3173 2640 velamen
3206 2584 3333 2640 illud
3358 2584 3457 2640 de~

1881 2677 2074 2747 signat,
2103 2675 2197 2730 sed
2217 2674 2403 2730 eadem
2433 2689 2573 2730 nunc
2599 2674 2799 2731 Judmis
2821 2675 2957 2731 lecta
2986 2676 3102 2746 lege
3129 2676 3456 2746 contingere,

1882 2783 2000 2838 quae
2028 2778 2135 2821 tum
2182 2767 2295 2821 visa
2341 2765 2535 2837 Moysis
2580 2765 2713 2821 facie
2754 2766 3151 2836 contingebant.
3202 2766 3271 2821 Ut
3315 2767 3459 2822 enim

1883 2858 2033 2913 faciei
2064 2857 2377 2928 legislatoris
2403 2857 2623 2927 gloriam
2672 2872 2777 2912 non
2814 2859 3142 2924 cernebant,
3181 2859 3320 2928 quod
3350 2874 3459 2913 me-

1884 2950 2027 3005 dium
2054 2950 2178 3004 illud
2208 2950 2384 3005 velum
2427 2949 2761 3017 interjectum
2795 2958 2938 3003 esset
2967 2965 2984 3005 :
3014 2950 3090 3004 sic
3118 2964 3290 3019 neque
3320 2965 3461 3004 nunc

1885 3042 2016 3112 legis
2042 3051 2262 3111 possunt
2289 3042 2510 3112 gloriam
2541 3041 2755 3095 intueri.
2802 3040 2913 3096 Hoc
2938 3056 3065 3095 vero
3084 3042 3243 3096 etiam
3266 3040 3460 3095 adver-

1885 3148 1977 3188 sus
2003 3134 2278 3188 haereticos
2308 3132 2424 3187 usui
2455 3132 2609 3187 nobis
2628 3141 2727 3186 est.
2767 3131 2899 3187 Nam
2926 3133 3046 3202 quia
3076 3141 3260 3202 putant
3284 3132 3461 3186 crimio

1886 3222 2154 3276 nationem
2190 3222 2322 3291 legis
2361 3236 2471 3290 pra:
2514 3236 2575 3276 sc
2612 3221 2749 3275 ferre
2794 3236 2912 3290 quae
2950 3220 3089 3275 dicta
3124 3228 3278 3285 sunt,
3322 3220 3463 3273 hunc

1886 3314 2062 3368 locum
2103 3312 2342 3382 epistola:
2380 3322 2693 3380 receperunt
2732 3328 2748 3369 :
2790 3319 2845 3366 et
2886 3327 3005 3365 cum
3046 3312 3213 3381 legem
3265 3310 3465 3365 habere

1884 3404 2127 3457 velamen
2147 3402 2495 3466 audivissent,
2524 3410 2578 3457 et
2603 3401 2867 3467 evacuari,
2896 3401 3036 3472 quod
3066 3402 3208 3455 illam
3235 3401 3463 3454 arbitra-

1886 3505 2069 3551 rentur
2095 3495 2363 3559 accusari,
2408 3494 2586 3549 literas
2624 3493 3006 3557 deseruerunt,
3036 3502 3094 3546 ut
3116 3492 3225 3547 suis
3250 3491 3463 3545 ratioci-

1890 3586 2189 3641 nationibus
2235 3594 2570 3655 caperentur.
2619 3585 2763 3639 lstud
2810 3584 2951 3638 enim
2998 3584 3169 3654 ipsum
3214 3597 3462 3654 magnam

1888 3694 2008 3734 esse
2058 3679 2226 3748 legem
2276 3677 2526 3731 ostendit.
2574 3675 2706 3730 Nam
2754 3676 2889 3730 sicut
2927 3683 3037 3729 tum
3079 3675 3287 3729 crimini
3330 3674 3465 3728 verti

1888 3769 2055 3840 Moysi
2098 3784 2201 3823 non
2236 3775 2478 3837 poterat,
2507 3766 2649 3835 quod
2678 3780 2839 3834 super
2875 3764 3061 3819 faciem
3089 3765 3332 3819 velamen
3369 3764 3466 3817 hac

1889 3862 2058 3925 heret,
2087 3860 2180 3916 sed
2210 3858 2337 3913 illud
2361 3866 2476 3914 erat
2518 3857 2766 3912 iudicium
2794 3856 3115 3911 infirmitatis
3139 3854 3459 3917 Judaeorum,

1891 3952 2083 4023 Moysis
2110 3966 2237 4006 vero
2267 3950 2381 4005 laus
2419 3949 2646 4002 maxima
2670 3988 2685 4013 ,
2731 3946 2871 4017 quod
2913 3948 3062 4001 tanta
3092 3944 3258 4013 gloria
3303 3942 3468 3996 facies

1892 4044 2034 4098 illius
2070 4041 2356 4110 refulgeret
2393 4048 2452 4092 ut
2478 4038 2617 4107 apud
2657 4050 2945 4091 conservos
2972 4035 3236 4089 velamine
3259 4032 3466 4102 indige-

1892 4143 2010 4189 ret:
2038 4134 2107 4187 ita
2138 4146 2348 4201 quoque
2387 4131 2487 4200 legi
2525 4129 2738 4184 accidit.
2785 4127 2898 4183 Nisi
2942 4128 3084 4182 enim
3127 4126 3213 4181 lex
3245 4124 3470 4195 gloriam

1895 4223 2165 4278 habuisset
2180 4224 2525 4287 inaccessam,
2539 4219 2919 4275 velaminenon
2940 4218 3270 4285 indiguisset.
3291 4214 3440 4281 Quan
3452 4241 3469 4253 -

1893 4314 1965 4370 do
2009 4313 2166 4384 igitur
2203 4327 2421 4368 manere
2447 4312 2689 4367 velamen
2718 4310 2847 4365 dicit
2888 4310 2940 4364 in
2990 4309 3221 4363 lectione
3259 4307 3472 4362 Veteris

1894 4403 2238 4469 Testamenti,
2261 4403 2635 4457 obscuritatem
2656 4401 2770 4469 ejus
2791 4398 2919 4454 dicit
2946 4417 2961 4454 :
2983 4398 3196 4468 quando
3215 4412 3342 4451 vero
3362 4410 3471 4451 non

1895 4496 2188 4552 revelatum
2236 4495 2364 4548 dicit
2402 4492 2543 4561 quod
2573 4493 2629 4546 in
2666 4492 2877 4546 Christo
2904 4500 3215 4556 evacuatur,
3262 4497 3470 4559 partem

1896 4601 2013 4641 eam
2045 4586 2178 4655 legis
2206 4584 2358 4638 nobis
2405 4582 2633 4648 indicat,
2677 4582 2886 4637 ratione
2931 4581 3081 4650 cujus
3125 4581 3350 4636 obscura
3381 4581 3469 4635 lea

1897 4686 1998 4732 est.
2048 4676 2162 4730 Non
2200 4674 2341 4729 enim
2372 4673 2597 4729 obscura
2625 4688 2749 4743 pars
2778 4687 2840 4727 ea
2866 4672 2997 4741 legis
3027 4670 3126 4725 fuit
3162 4687 3279 4741 qua:
3318 4670 3472 4725 nobis

1899 4769 1965 4823 ad
1995 4768 2154 4823 vitam
2184 4775 2236 4821 et
2255 4764 2719 4821 conversationem
2747 4763 3120 4819 instituendam
3141 4763 3470 4827 conferebat,

1899 4862 2096 4931 alioqui
2135 4858 2401 4928 superflue
2428 4857 2549 4912 data
2588 4856 2776 4912 fuisset
2808 4872 2821 4909 :
2851 4855 2947 4911 sed
2985 4871 3062 4911 ea:
3090 4856 3263 4910 solum
3292 4863 3471 4925 partes

1899 4955 2195 5009 obscuratae
2238 4959 2401 5015 sunt,
2447 4965 2516 5005 ex
2552 4949 2748 5022 quibus
2780 4962 2939 5003 nosse
2982 4956 3285 5016 poteramus
3324 4944 3475 5000 illam

1901 5044 2140 5099 evacuari
2165 5057 2257 5111 per
2278 5040 2566 5096 Christum.
2585 5038 2716 5096 Nam
2743 5045 2797 5091 et
2824 5036 2925 5091 hoc
2944 5050 3075 5106 Opus
3095 5044 3177 5089 est
3200 5035 3475 5104 sapientiai

1901 5134 2127 5199 divinae,
2160 5132 2329 5202 legem
2359 5130 2426 5185 ab
2472 5130 2587 5197 ipso
2629 5126 2920 5192 introduci,
2961 5126 3050 5194 qui
3076 5126 3143 5181 de
3171 5142 3233 5179 ea
3272 5125 3475 5180 diceret

1902 5225 2033 5291 fore,
2056 5233 2115 5278 ut
2137 5222 2398 5285 Christus,
2425 5233 2544 5273 cum
2568 5217 2793 5283 venerit,
2820 5216 2987 5285 legem
3017 5222 3259 5278 evacuet,
3280 5225 3333 5270 et
3359 5215 3475 5270 fore

1902 5318 2038 5371 utin
2077 5316 2192 5385 ipso
2230 5329 2348 5368 esse
2391 5311 2617 5365 desinat.
2658 5309 2783 5364 llaec
2822 5308 2981 5379 igitur
3016 5307 3128 5377 ipsa
3171 5323 3292 5377 pars
3320 5307 3473 5376 legis,

1904 5424 2026 5480 qua
2063 5407 2231 5480 legem
2281 5405 2334 5460 in
2362 5402 2577 5457 Christo
2604 5401 2732 5455 dicit
2756 5401 3034 5465 evacuari,
3087 5401 3195 5454 sola
3237 5400 3330 5452 fuit
3375 5399 3476 5451 ob.-

1904 5514 2057 5556 scura
2088 5513 2103 5552 :
2131 5507 2287 5565 atque
2311 5493 2413 5547 hoc
2436 5492 2611 5562 ipsum
2639 5490 2877 5545 indicans
2906 5505 3125 5561 magnus
3154 5488 3346 5544 Paulus
3375 5486 3475 5541 ad-

1900 5584 2075 5662 junxit
2095 5588 2295 5653 dicens,
2316 5584 2437 5638 Non
2451 5583 2740 5649 revelatum,
2762 5582 2963 5653 quodin
2975 5581 3172 5635 Christo
3186 5588 3475 5637 evacuatur.

1971 5747 1994 5782 ι
2024 5741 2159 5796 Colb.
2182 5738 2351 5800 habet.
2373 5737 2637 5801 baccam,
2661 5749 2768 5799 pro,
2785 5732 3060 5798 inerrabtlts.
