4016 6504
313 408 427 467 177

315 508 463 574 dam,
496 508 549 564 in
580 508 758 566 Veteri
783 511 1123 567 Testamento
1152 512 1381 580 reposita
1416 514 1609 581 erant),
1647 514 1882 569 velamen

316 598 568 663 habebat,
594 602 719 657 dum
750 603 852 657 illis
876 605 1089 674 quidem
1113 620 1171 660 se
1197 605 1602 674 attemperabat,
1626 606 1777 660 nobis
1796 621 1890 659 au-

315 699 425 744 tem
450 691 659 747 divitias
686 709 870 750 omnes
899 697 1221 762 reservabat,
1246 706 1298 751 ut
1325 712 1444 751 cum
1471 696 1711 752 Christus
1731 698 1862 753 adve

312 782 472 844 nerit,
503 791 557 835 et
575 782 640 835 ad
666 785 837 852 ipsum
858 800 956 838 nos
984 787 1422 851 converterimus,
1454 789 1692 843 velamen
1738 788 1887 841 tolla-

313 882 419 923 tur.
453 871 657 928 Videtis
704 890 830 945 ergo
877 876 929 930 in
972 888 1221 946 quamam
1266 893 1363 932 nos
1404 878 1659 932 adventus
1688 876 1882 934 Christi

310 965 614 1030 provexerit
658 966 985 1035 dignitatem,
1039 969 1125 1037 qui
1170 968 1363 1040 Moysis
1405 971 1458 1024 in
1505 971 1743 1025 ordinem
1788 987 1881 1025 nos

310 1054 573 1107 cvexerit.
619 1056 687 1107 At
730 1055 953 1111 fortasse
997 1057 1138 1113 dicet
1182 1060 1371 1128 aliquis
1404 1078 1417 1114 :
1452 1058 1559 1113 Cur
1586 1058 1742 1129 igitur
1771 1072 1877 1114 tum

311 1142 567 1209 temporis
591 1142 900 1197 dicebantur
926 1145 1035 1212 illa,
1080 1146 1124 1200 si
1171 1147 1447 1201 manifesta
1491 1163 1593 1201 non
1624 1159 1771 1202 eram
1802 1148 1881 1201 fu-

310 1241 425 1283 tura
453 1247 571 1299 qua:
608 1232 953 1289 dicebantur?
980 1235 1046 1291 Ut
1071 1238 1298 1306 posteris
1333 1239 1578 1292 nimirum
1610 1240 1752 1294 utilia
1786 1242 1878 1295 tie-

308 1331 447 1374 rent.
480 1321 602 1377 Iiaec
639 1325 781 1378 enim
812 1334 895 1381 est
938 1326 1162 1395 dignitas
1189 1329 1499 1397 prophetiae,
1543 1345 1646 1383 non
1689 1339 1745 1383 ut
1791 1346 1876 1385 res

306 1420 597 1478 praesentes
620 1412 917 1480 denuntiet,
949 1416 1043 1470 sed
1071 1426 1127 1470 ut
1153 1416 1353 1471 futuras
1382 1420 1716 1487 prmnuntiet.
1750 1419 1877 1474 Pro-

304 1502 486 1570 phetia
516 1518 674 1571 porro
702 1519 821 1558 cum
851 1506 1056 1561 occulte
1082 1507 1282 1576 prolata
1332 1506 1508 1574 fuerit,
1540 1516 1659 1578 post
1696 1523 1872 1563 rerum

304 1602 553 1649 eventum
584 1594 642 1648 fit
668 1595 1015 1661 manifestior,
1055 1606 1178 1652 ante
1206 1608 1455 1653 eventum
1481 1614 1607 1654 vero
1632 1599 1867 1654 minime.

303 1681 489 1753 Itaque
528 1687 651 1754 quia
697 1695 808 1740 tum
845 1687 1072 1744 obscure
1111 1688 1438 1755 dicebantur,
1468 1690 1656 1759 ignotae
1680 1700 1868 1745 erant:

299 1789 426 1829 cum
442 1787 616 1831 autem
634 1791 719 1833 res
734 1779 1081 1848 contigerant,
1101 1788 1375 1849 propterea
1392 1780 1667 1835 manifesta
1695 1791 1867 1847 erant,
1890 1857 1893 1860 ν

299 1880 422 1935 quae
461 1866 601 1920 dicta
627 1866 859 1921 fuerant.
900 1870 1071 1938 Atque
1100 1877 1157 1923 ut
1182 1868 1515 1939 prophetiam
1542 1870 1866 1940 intelligetis,

298 1955 426 2012 licet
455 1958 620 2013 multo
646 1969 769 2015 ante
797 1970 1033 2029 tempore
1057 1960 1195 2017 dicta
1222 1961 1311 2027 sit,
1338 1962 1432 2017 sed
1461 1971 1633 2017 tamen
1663 1964 1869 2019 occulte

296 2046 461 2113 dicta,
490 2048 771 2103 obscuram
804 2064 943 2115 esse,
966 2064 1029 2105 ac
1054 2065 1229 2105 rerum
1258 2060 1506 2106 eventum
1535 2062 1863 2121 exspectare,

295 2137 677 2207 discipulorum
714 2139 950 2209 ipsorum
987 2140 1038 2195 id
1068 2141 1312 2210 exemplo
1336 2142 1713 2211 comprobabo.
1749 2144 1869 2197 Sol-

293 2230 392 2283 uite
411 2231 652 2299 templum
676 2231 770 2285 hoc
791 2230 966 2296 (Joan.
988 2231 1175 2303 2.19),
1196 2234 1371 2289 aiebat
1390 2232 1632 2288 Christus
1647 2234 1862 2288 Judaeis.

293 2318 427 2374 Nam
460 2336 580 2375 cum
606 2336 700 2376 eos
728 2321 995 2391 eiecisset,
1026 2322 1115 2392 qui
1154 2325 1512 2392 negotiatione
1550 2341 1642 2379 sua
1686 2326 1864 2394 templi

290 2411 629 2466 sanctitatem
678 2413 957 2479 violarent,
1007 2413 1259 2468 dixerunt
1307 2415 1380 2469 illi
1419 2433 1433 2469 :
1480 2415 1626 2481 Quod
1666 2416 1865 2485 signum

289 2502 515 2555 ostendis
554 2503 714 2565 nobis,
761 2504 879 2572 quia
921 2505 1026 2557 hac
1063 2505 1189 2573 facis
1212 2503 1370 2571 (Ibid.
1401 2520 1450 2557 υ.
1482 2504 1611 2571 i8)?
1635 2506 1768 2559 Tum
1795 2506 1862 2559 ad

288 2589 394 2644 hoc
423 2590 743 2660 reapondet:
770 2592 962 2647 Solvite
981 2594 1220 2661 templum
1244 2594 1357 2658 hoc,
1380 2604 1425 2647 et
1448 2594 1501 2647 in
1519 2594 1671 2648 tribus
1691 2596 1861 2649 diebus

286 2684 517 2737 excitabo
544 2683 695 2737 illud.
722 2683 823 2737 Ille
846 2693 1012 2737 autem
1032 2685 1223 2738 dicebat
1244 2684 1306 2737 de
1334 2685 1519 2752 templo
1539 2686 1764 2755 corporis
1782 2687 1859 2740 sui

287 2772 451 2845 (Ibid.
481 2788 531 2827 ν.
553 2772 671 2843 21).
702 2774 814 2828 Hoc
831 2781 1007 2828 autem
1028 2774 1300 2844 prophetia
1326 2774 1567 2844 quaedam
1594 2784 1708 2830 est:
1730 2791 1862 2830 non-

283 2862 416 2917 dum
443 2863 638 2933 quippe
661 2877 790 2917 crux
820 2872 1089 2929 evenerat,
1119 2880 1290 2934 neque
1320 2864 1502 2934 templi
1528 2865 1744 2932 solutio,
1766 2881 1860 2921 ne-

283 2970 389 3023 que
415 2964 536 3024 post
560 2962 670 3009 tres
692 2956 807 3010 dies
834 2957 1169 3022 resurrectio,
1199 2972 1359 3027 quam
1387 2958 1499 3025 ipse
1527 2956 1668 3012 fecit.
1691 2959 1768 3012 Ac
1784 2958 1861 3012 vi-

283 3044 356 3099 de
384 3059 541 3113 quam
568 3053 756 3100 exacte
776 3056 997 3116 utraque
1023 3046 1329 3117 designarit,
1358 3056 1412 3102 et
1439 3048 1651 3102 illorum
1686 3048 1855 3103 audax

284 3134 515 3201 facinus,
542 3144 596 3190 et
620 3150 770 3191 suam
815 3138 978 3206 ipsius
1004 3138 1269 3193 virtutem.
1302 3138 1417 3194 Non
1448 3147 1621 3193 tamen
1647 3155 1710 3195 ea
1736 3156 1856 3210 quae

280 3224 598 3280 dicebantur
621 3236 966 3296 agnoverunt.
990 3229 1067 3283 Ac
1090 3228 1302 3284 Iudaeos
1322 3228 1538 3297 quidem
1562 3229 1851 3299 ignorasse,

281 3315 504 3370 minime
532 3316 723 3370 mirum
744 3335 756 3370 :
780 3326 833 3370 at
879 3332 948 3372 ne
988 3318 1277 3388 discipulos
1304 3319 1515 3388 quidem
1554 3320 1670 3388 ejus
1701 3320 1856 3375 intel-

281 3405 481 3459 lexisse
510 3405 657 3470 dicit,
687 3421 964 3477 quousque
989 3423 1019 3461 a
1049 3410 1272 3464 mortuis
1295 3410 1602 3474 resurrexit,
1638 3420 1853 3479 tumque

280 3495 612 3550 Crediderunt
655 3498 935 3569 Scriptura
971 3516 1032 3554 ac
1070 3502 1308 3569 sermoni,
1352 3518 1496 3572 quan
1538 3502 1665 3556 dixit
1702 3501 1854 3557 Iesus

279 3584 441 3652 ilbid.
465 3604 513 3641 υ.
541 3587 655 3656 22).

348 3676 403 3729 2.
447 3676 605 3731 Vides
643 3689 834 3733 eventu
874 3681 993 3735 illos
1032 3680 1318 3751 indiguisse
1348 3698 1547 3745 rerum,
1576 3691 1633 3735 ut
1660 3681 1846 3735 diluci-

276 3765 395 3821 dior
414 3766 567 3821 ﬂeret
601 3769 896 3839 prophetia,
920 3784 1091 3838 neque
1114 3771 1320 3824 crimini
1348 3771 1657 3825 vertendum
1687 3771 1850 3825 fuisse

274 3857 498 3921 Judzeis,
536 3859 676 3929 quod
714 3861 1019 3929 prophetias
1044 3862 1161 3915 illas
1180 3862 1247 3916 de
1270 3861 1482 3916 Christo
1508 3872 1629 3917 ante
1653 3862 1848 3917 Christi

273 3947 562 4003 adventum
587 3964 689 4003 non
717 3950 1069 4020 intelligerent
1084 3951 1107 4005 ἲ
1121 3951 1388 4020 Siquidem
1412 3967 1503 4020 per
1524 3952 1638 4021 ejus
1653 3951 1850 4008 adven-

274 4048 388 4091 tum
435 4040 592 4093 clarte
636 4040 921 4095 reddendae
958 4040 1165 4096 fuerant
1188 4052 1242 4096 et
1276 4052 1493 4112 apertae.
1525 4045 1660 4097 Audi
1695 4042 1849 4099 Chri-

273 4136 415 4181 stum
466 4129 568 4182 hoc
619 4128 925 4183 dicentem:
967 4130 1030 4184 Si
1075 4147 1174 4184 non
1213 4132 1485 4197 venissem,
1527 4141 1573 4184 et
1612 4132 1849 4195 loquutus

272 4214 481 4284 fuissem
532 4216 622 4281 eis,
669 4227 926 4283 peceatum
974 4234 1077 4272 non
1123 4219 1359 4274 haberent
1387 4219 1565 4289 (Joan.
1608 4220 1699 4276 15.
1728 4220 1848 4291 2i).

271 4304 449 4369 Quare
491 4315 765 4373 peccatum
805 4321 911 4360 non
940 4306 1223 4375 habebant,
1256 4308 1301 4363 si
1328 4309 1618 4379 prophetire
1652 4313 1846 4380 pradi-

271 4405 461 4449 xerant
480 4397 504 4449 ἲ
524 4396 655 4464 Quia
679 4398 1031 4466 praedixerant
1050 4399 1279 4468 quidem,
1305 4400 1397 4454 sed
1429 4401 1720 4456 manifesta:
1740 4418 1845 4457 non

269 4499 425 4544 erant
452 4504 625 4559 neque
650 4492 806 4545 clara:
830 4501 953 4546 ante
980 4492 1117 4546 illius
1141 4492 1426 4547 adventum
1450 4494 1537 4563 qui
1566 4493 1846 4561 pradictus

272 4577 465 4633 fuerat.
501 4580 632 4635 Nam
672 4582 715 4635 si
748 4591 858 4636 tum
900 4597 1110 4651 quoque
1149 4582 1441 4637 manifesta:
1480 4583 1582 4637 illis
1610 4584 1843 4639 etclam:

270 4666 516 4733 fuissent,
546 4668 683 4721 haud
712 4669 929 4724 dubium
957 4672 1082 4740 quin
1117 4673 1276 4726 etiam
1302 4682 1427 4727 ante
1454 4673 1617 4741 ipsius
1642 4673 1844 4729 adven-

272 4768 382 4813 tum
429 4769 701 4828 peccatum
757 4760 1111 4816 habuissent:
1163 4763 1303 4832 quod
1341 4764 1384 4816 si
1423 4773 1696 4832 peccatum
1738 4781 1842 4821 non

272 4850 607 4916 habuerunt,
634 4852 849 4907 dubium
878 4867 983 4908 non
1009 4861 1089 4907 est
1106 4893 1121 4917 ,
1151 4855 1274 4923 quin
1302 4862 1517 4923 propter
1541 4869 1721 4909 earum
1749 4857 1844 4911 ob-

270 4941 600 5004 scuritatem,
628 4950 682 4994 et
712 4941 960 5010 quoniam
982 4940 1190 4995 obtecta
1219 4940 1425 4996 fuerant
1449 4956 1567 5009 quae
1592 4941 1836 4997 diceban-

270 5040 376 5085 tur.
400 5029 582 5098 Neque
602 5030 743 5084 enim
768 5040 892 5086 ante
909 5031 1106 5086 Christi
1136 5032 1418 5086 adventum
1446 5030 1581 5085 fides
1606 5032 1658 5085 in
1690 5032 1843 5087 Chri-

269 5133 412 5176 stum
441 5121 509 5174 ab
534 5120 638 5175 illis
659 5121 987 5191 exigebatur.
1016 5122 1124 5177 Cur
1161 5123 1341 5191 itaque
1373 5130 1484 5176 tum
1517 5123 1840 5190 praediceba-

271 5221 357 5267 tur
383 5213 408 5266 2
433 5211 501 5268 Ut
527 5228 646 5267 cum
675 5213 1011 5279 advenisset,
1040 5214 1361 5269 domesticos
1402 5212 1647 5269 doctores
1678 5214 1841 5268 habe—

269 5313 392 5359 rent
412 5318 443 5358 a
466 5304 657 5373 quibus
679 5305 1042 5371 incitarentur,
1060 5314 1115 5359 et
1136 5305 1490 5374 intelligerent
1513 5319 1624 5359 rem
1652 5319 1838 5357 novam

268 5411 375 5449 non
409 5409 530 5450 esse
558 5410 677 5465 qum
710 5395 1047 5465 gerebantur,
1076 5411 1248 5466 neque
1276 5404 1544 5451 recentem
1570 5394 1841 5464 dispensa-

268 5484 490 5541 tionem.
519 5485 613 5539 sed
662 5485 777 5540 haec
813 5485 938 5539 olim
975 5493 1029 5539 et
1070 5495 1193 5540 ante
1234 5486 1427 5540 multos
1471 5500 1640 5539 annos
1678 5485 1839 5539 fuisse

267 5582 614 5642 praenuntiata
644 5591 659 5627 :
691 5575 741 5628 id
769 5574 906 5644 quod
936 5589 1038 5628 non
1080 5575 1415 5631 mediocriter
1440 5575 1604 5629 valuit
1626 5573 1691 5627 ad
1719 5572 1837 5628 illos

262 5665 331 5721 ad
349 5664 506 5720 ﬁdem
537 5665 865 5721 alliciendos.
890 5666 1014 5721 Haec
1030 5665 1187 5734 igitur
1216 5681 1318 5720 una
1345 5673 1430 5721 est
1454 5680 1614 5720 causa
1642 5663 1835 5719 obscu-

262 5758 436 5817 ritatis
460 5800 474 5827 ,
502 5774 658 5829 quam
686 5758 926 5829 pluribus
949 5758 1264 5815 testimoniis
1299 5759 1352 5814 in
1383 5757 1699 5829 praecedenti
1722 5772 1834 5814 ser-

1273 400 1361 456 DE
1399 400 1926 458 PROPHETIARUM
1966 402 2451 465 OBSCURITATE.
2496 409 2558 465 11.

3462 439 3573 493 178

1993 529 2151 571 mone
2176 517 2671 578 demonstravimus.
2716 523 2790 578 Ne
2818 540 2944 580 vero
2973 526 3235 584 fastidium
3260 532 3410 587 vobis
3436 549 3555 590 rur-

1991 620 2081 659 sus
2111 608 2392 674 pariamus,
2414 612 2461 663 si
2490 610 2673 665 eadem
2703 612 2961 679 dicamus,
2991 631 3167 687 operm
3196 631 3418 688 pretium
3444 622 3550 679 fue-

1989 695 2058 748 rit
2088 695 2156 750 ab
2184 713 2244 751 ea
2270 699 2558 766 discedere,
2590 712 2745 772 atque
2770 705 2985 760 alteram
3012 709 3268 776 proferre,
3297 729 3412 780 quae
3442 730 3549 772 non

1985 782 2091 849 jam
2119 786 2398 841 obscurum
2425 801 2479 843 et
2506 791 2736 858 ignotum
2762 833 2778 857 ,
2803 794 2901 848 sed
2940 795 3205 852 diflicilius
3232 799 3546 857 Testamen-

1990 884 2096 928 tum
2124 875 2285 931 Vetus
2313 878 2491 932 efﬁcit.
2520 881 2673 934 Aliud
2696 882 2834 935 enim
2856 895 2936 937 est
2960 886 3088 939 nihil
3115 889 3331 943 omnino
3359 906 3543 946 eorum

1985 980 2141 1020 nosse
2161 1007 2177 1031 ,
2217 983 2332 1037 qua:
2360 970 2566 1033 insunt,
2594 979 2647 1024 et
2671 973 2905 1027 velamen
2948 975 3248 1044 impositum
3277 995 3497 1035 cernere
3526 1001 3541 1035 :

1984 1055 2124 1108 aliud
2153 1066 2328 1111 autem
2355 1058 2593 1114 invenire
2628 1076 2746 1129 qua:
2774 1062 3018 1120 dicuntur
3039 1102 3057 1132 ,
3092 1068 3185 1121 sed
3212 1084 3334 1123 cum
3362 1070 3545 1128 labore

1982 1158 2237 1201 Invenire.

2051 1234 2283 1288 Secunda
2323 1253 2475 1290 causa
2520 1240 2830 1295 obscuritatis
2881 1240 3069 1297 Veteris
3105 1244 3428 1300 Testanienti.
3469 1276 3542 1289 —-

1978 1327 2226 1394 Quaenam
2256 1329 2414 1397 igitur
2438 1340 2519 1385 est
2544 1333 2772 1385 secunda
2801 1348 2981 1398 causa,
3016 1349 3226 1405 prepter
3252 1353 3405 1407 quam
3436 1338 3540 1392 dif-

1978 1418 2165 1473 [icilius
2210 1419 2369 1475 Vetus
2401 1431 2481 1475 est
2517 1422 2916 1477 Testamentum
2958 1441 3112 1494 quam
3154 1427 3390 1482 Novum?
3419 1430 3534 1484 Non

1977 1506 2231 1562 habemus
2265 1513 2442 1564 nativo
2484 1521 2666 1565 nostro
2704 1514 2951 1569 idiomate
2988 1518 3237 1585 scriptum
3269 1519 3407 1587 apud
3438 1535 3537 1574 nos

1976 1598 2137 1652 Vetus
2167 1600 2591 1656 Testamentum:
2620 1602 2713 1657 sed
2743 1604 2841 1658 alia
2867 1606 3078 1674 quidem
3107 1607 3283 1677 lingua
3319 1624 3534 1679 compo-

1973 1689 2130 1743 situm
2177 1700 2277 1757 est,
2322 1692 2425 1745 alia
2463 1708 2589 1747 vero
2620 1708 2715 1748 nos
2754 1694 2879 1748 illud
2922 1696 3196 1766 legendum
3238 1699 3532 1754 habemus:

1973 1794 2092 1833 nam
2129 1795 2159 1833 a
2192 1783 2447 1851 principio
2484 1784 2739 1839 Hebraico
2765 1789 3119 1857 conscriptum
3144 1798 3225 1843 est
3259 1790 3531 1858 idiomate,

1972 1885 2071 1925 nos
2093 1881 2267 1927 autem
2297 1873 2475 1930 Graeca
2508 1876 2682 1945 lingua
2709 1892 3015 1945 expressum
3037 1882 3335 1947 accepimus
3366 1899 3378 1933 :
3407 1896 3528 1935 cum

1969 1975 2099 2015 vero
2128 1962 2180 2015 in
2218 1963 2433 2017 alteram
2481 1966 2708 2035 linguam
2747 1967 3176 2034 interpretatione
3214 1972 3526 2025 translatum

1970 2049 2146 2117 fuerit,
2179 2054 2458 2108 maximam
2484 2055 2643 2110 habet
2672 2055 3052 2110 difficultatem.
3081 2060 3253 2127 Atque
3283 2060 3385 2115 hoc
3406 2075 3527 2129 pro-

1968 2140 2034 2197 be
2058 2144 2247 2208 sciunt,
2269 2147 2581 2217 quicumque
2597 2147 2787 2201 multas
2817 2149 3022 2218 linguas
3046 2152 3257 2215 callent,
3284 2150 3396 2206 ﬁeri
3421 2168 3527 2208 non

1968 2248 2123 2302 posse
2147 2245 2198 2290 ut
2229 2236 2340 2305 pari
2380 2239 2749 2308 perspicuitate
2782 2242 3070 2294 sententias
3102 2257 3286 2297 omnes
3326 2260 3390 2298 ex
3432 2260 3527 2298 na-

1970 2325 2073 2377 tiva
2114 2339 2204 2377 sua
2253 2326 2425 2395 lingua
2466 2328 2518 2381 in
2566 2328 2783 2382 alteram
2819 2329 3213 2398 interpretando
3242 2334 3527 2388 transfera-

1966 2428 2103 2467 mus.
2136 2415 2257 2470 llcec
2287 2416 2447 2486 igitur
2482 2432 2643 2472 causa
2679 2418 3000 2475 difficultatis
3036 2423 3237 2475 exstitit
3266 2424 3317 2475 in
3352 2424 3525 2478 Veteri

1965 2505 2321 2562 Testamento.
2369 2508 2500 2561 Nam
2543 2520 2663 2563 ante
2710 2510 2901 2562 Christi
2950 2511 3227 2563 adventum
3273 2515 3525 2569 trecentis

1961 2598 2146 2661 annis,
2170 2595 2533 2665 Egyptiorum
2565 2611 2688 2666 rege
2732 2597 3035 2662 Ptolemaeo,
3073 2599 3122 2651 in
3153 2598 3388 2654 Graecam
3422 2601 3523 2655 lin-

1960 2700 2113 2753 guam
2139 2686 2447 2739 translatum
2474 2696 2553 2740 est
2587 2686 2979 2740 Testamentum
3018 2687 3177 2741 Vetus
3206 2689 3355 2742 valde
3385 2691 3525 2744 utili-

1962 2782 2043 2828 ter
2070 2783 2124 2827 et
2147 2774 2693 2842 fruetuose.Quamdiu
2725 2775 2863 2830 enim
2886 2791 3004 2829 cum
3034 2791 3132 2828 una
3160 2788 3315 2845 gente
3342 2778 3523 2847 loque-

1960 2862 2131 2928 batur,
2182 2864 2233 2918 in
2275 2863 2526 2938 iiebraica
2570 2865 2741 2934 lingua
2785 2864 3047 2919 manebat.
3097 2864 3284 2920 Nullus
3327 2871 3522 2937 quippe

1960 2963 2086 3009 tunc
2113 2956 2343 3008 animum
2366 2956 2442 3009 illi
2469 2956 2796 3009 adhibiturus
2825 2967 2974 3018 erat,
3002 2972 3120 3009 cum
3142 2958 3400 3025 reliquum
3430 2975 3521 3028 ge-

1959 3061 2060 3100 nus
2089 3047 2371 3101 humanum
2394 3045 2458 3101 ad
2488 3061 2745 3100 summam
2770 3047 3146 3100 immanitatem
3170 3049 3515 3115 pervenisset.

1959 3135 2057 3192 Ubi
2100 3151 2227 3191 vero
2264 3135 2502 3190 Christus
2526 3145 2810 3189 eventurus
2859 3135 2980 3199 fuit,
3010 3146 3064 3188 et
3090 3136 3391 3190 universum
3424 3151 3517 3189 or-

1957 3226 2076 3282 bem
2130 3236 2388 3282 terrarum
2436 3226 2501 3280 ad
2543 3242 2601 3281 se
2644 3236 2949 3288 vocaturus,
2992 3241 3094 3280 non
3132 3242 3227 3294 per
3252 3228 3521 3295 apostolos

1957 3327 2193 3379 tantum,
2224 3317 2318 3372 sed
2354 3332 2447 3386 per
2488 3316 2771 3385 prophetas
2810 3332 3017 3386 quoque
3047 3315 3207 3388 (nam
3238 3328 3292 3371 et
3321 3318 3391 3371 illi
3424 3334 3519 3373 nos

1956 3408 2020 3461 ad
2050 3409 2202 3463 fidem
2233 3407 2543 3476 cognitionis
2567 3405 2762 3461 Christi
2788 3405 3095 3477 deducunt).
3131 3415 3237 3459 tum
3263 3409 3519 3475 temporis

1957 3506 2221 3567 tamquam
2261 3497 2433 3551 aditus
2464 3504 2518 3550 et
2563 3496 2674 3549 vias
2706 3495 2959 3563 quasdam
3003 3495 3324 3563 prophetias,
3361 3504 3517 3550 antea

1954 3589 2144 3658 lingua:
2187 3586 2505 3642 obscuritate
2542 3586 2749 3639 clausas
2799 3593 2853 3637 et
2896 3584 3219 3649 obstructas,
3260 3585 3406 3638 omni
3444 3601 3510 3639 ex

1954 3688 2101 3748 parte
2143 3677 2343 3733 curavit
2379 3676 2807 3743 interpretatione
2848 3673 3103 3740 reserari,
3145 3684 3201 3729 ut
3239 3690 3427 3731 omnes
3448 3691 3517 3731 ex

1951 3769 2193 3839 gentibus
2214 3766 2443 3836 undique
2466 3764 2812 3830 conﬂuentes,
2843 3773 2898 3819 et
2926 3766 3087 3818 multa
3116 3781 3236 3819 cum
3265 3766 3520 3823 facilitate

1953 3872 2048 3927 per
2096 3856 2190 3911 has
2230 3856 2342 3911 vias
2384 3854 2707 3919 incedentes,
2754 3864 2966 3924 possent
2998 3855 3064 3909 ad
3104 3856 3302 3924 Regem
3341 3859 3513 3925 ipsum

1954 3948 2327 4019 prophetarum
2372 3949 2572 4010 venire,
2621 3956 2777 4013 atque
2816 3945 3139 4015 unigenitum
3183 3947 3270 4000 Dei
3320 3948 3511 4001 Filium

1951 4040 2191 4093 adorare.
2219 4038 2300 4093 Ob
2327 4039 2462 4091 hanc
2488 4051 2701 4092 causam
2730 4037 2910 4105 utique
2934 4045 3057 4091 ante
3083 4036 3280 4091 Christi
3321 4039 3517 4094 adven-

1952 4138 2061 4183 tum
2090 4142 2273 4182 omnes
2305 4126 2733 4195 interpretatione
2778 4136 2902 4180 sunt
2927 4141 3191 4196 expressa:
3220 4145 3234 4181 :
3263 4130 3510 4198 quoniam

1950 4221 1995 4273 si
2014 4219 2064 4273 in
2092 4218 2352 4273 Hebraico
2381 4218 2629 4272 idiomate
2669 4216 2839 4271 solum
2878 4218 3074 4272 relicta:
3100 4229 3278 4273 essent
3301 4261 3316 4283 ,
3347 4220 3511 4273 David

1949 4316 2123 4361 autem
2151 4307 2388 4374 dixisset,
2411 4306 2619 4360 Postuia
2644 4323 2674 4358 a
2700 4322 2797 4369 me,
2830 4316 2876 4359 et
2905 4306 3032 4359 dabo
3060 4307 3145 4359 tibi
3172 4317 3343 4376 gentes
3372 4307 3515 4361 Ita-eo

1949 4398 2153 4450 ditatem
2195 4406 2351 4463 tuam,
2405 4406 2450 4451 et
2498 4397 2852 4468 possessionem
2902 4404 3038 4447 tuam
3085 4396 3320 4449 terminos
3370 4406 3517 4451 terra

1950 4490 2118 4559 (Psal.
2140 4491 2194 4544 2.
2219 4491 2297 4560 8),
2323 4490 2462 4544 unde
2488 4490 2745 4558 potuisset
2769 4500 2925 4540 nosse
2951 4487 3089 4555 quod
3116 4486 3313 4541 dictum
3340 4488 3514 4544 fuerat

1949 4581 2136 4652 Syrus,
2166 4582 2253 4636 vel
2277 4581 2478 4645 Calata,
2507 4579 2589 4632 vel
2614 4578 2851 4644 Macedo,
2882 4578 2966 4631 vel
2997 4578 3358 4645 Atheniensis,
3390 4596 3510 4635 cum

1947 4671 2273 4725 obscuritate
2328 4668 2557 4721 involuta
2608 4667 2877 4731 Scriptura
2926 4667 3255 4720 mansisset?
3304 4667 3513 4723 Rursus

1947 4759 2206 4815 clamabat
2230 4758 2391 4811 Isaias
2422 4774 2435 4809 :
2469 4757 2615 4811 Sicut
2644 4756 2746 4809 ovis
2773 4754 2839 4807 ad
2865 4756 3157 4810 occisionem
3199 4757 3376 4809 ductus
3420 4767 3511 4821 est,

1946 4860 1994 4904 et
2014 4852 2142 4903 sicut
2166 4866 2327 4919 agnus
2346 4864 2514 4902 coram
2538 4848 2769 4902 tondente
2803 4863 2857 4900 se
2884 4856 3050 4900 mutus
3076 4846 3244 4916 (Isai.
3272 4848 3359 4903 53.
3394 4848 3465 4913 7)
3494 4864 3510 4911 ;

1945 4950 1999 4997 et
2026 4956 2209 4996 rursus
2237 4962 2251 4996 ε
2296 4941 2407 4995 Erit
2433 4941 2582 4994 radio:
2605 4938 2790 5003 Iesse,
2820 4947 2869 4991 et
2889 4942 2976 5009 qui
2997 4943 3267 5010 consurgit
3293 4949 3346 4991 ut
3372 4938 3513 5009 prin-

1944 5050 2059 5103 ceps
2095 5036 2158 5088 sit
2198 5036 2416 5105 gentium
2446 5049 2465 5098 ,'
2503 5035 2554 5085 in
2588 5033 2697 5099 ipso
2725 5041 2891 5099 gentes
2915 5032 3184 5098 sperabunt
3213 5032 3230 5095 (
3264 5028 3391 5082 Isai.
3420 5031 3510 5083 11.

1946 5126 2056 5195 10);
2078 5135 2131 5181 et
2151 5141 2332 5180 rursus
2362 5144 2375 5179 :
2408 5125 2694 5187 Iieplebitur
2732 5130 2863 5172 terra
2899 5119 3178 5188 cognitione
3200 5117 3428 5181 Domini,
3460 5128 3514 5171 ut

1944 5219 2088 5285 quasi
2105 5233 2233 5284 aqua
2260 5214 2419 5267 multa
2444 5212 2693 5281 cooperiat
2719 5211 2880 5263 maria
2906 5209 2923 5273 (
2949 5208 3085 5261 Ibid.
3113 5224 3161 5260 υ.
3185 5208 3277 5277 9).
3304 5209 3372 5262 Et
3403 5209 3507 5261 Da-

1943 5306 2032 5360 vid
2057 5321 2241 5360 rursus
2264 5305 2473 5359 dicebat
2499 5316 2514 5355 :
2544 5302 2778 5355 Ascendit
2805 5299 2942 5353 Deus
2968 5300 3018 5351 in
3039 5299 3362 5368 jubitatione,
3402 5296 3511 5350 Do-

1943 5397 2109 5449 minus
2136 5396 2189 5448 in
2220 5410 2333 5447 uoce
2359 5392 2523 5460 tubte(
2556 5391 2699 5444 Psat.
2730 5390 2817 5444 46.
2851 5390 2883 5444 6
2906 5390 2958 5460 );
2991 5398 3045 5443 et
3089 5402 3272 5441 rursus
3308 5404 3320 5438 :
3372 5386 3514 5440 Dixit

1942 5484 2193 5539 Dominus
2234 5484 2449 5536 Domino
2496 5499 2623 5545 meo,
2672 5481 2809 5536 Sede
2846 5496 2878 5533 a
2924 5480 3112 5533 dextris
3161 5478 3301 5542 meis,
3354 5492 3513 5531 sones

1944 5591 2128 5645 ponam
2172 5574 2399 5627 inimicos
2442 5582 2551 5628 tuos
2582 5570 2856 5625 scabellum
2892 5569 3076 5640 pedum
3110 5577 3310 5619 tuorum
3338 5565 3511 5635 (P801.

1944 5663 2246 5813 iCum
2283 5754 2437 5826 igitur
2473 5754 2539 5810 de
2580 5752 2855 5825 passione,
2896 5750 2965 5807 de
3005 5750 3418 5818 resurrectione,
3446 5747 3516 5807 de
