4016 6444
521 418 636 473 179

528 508 863 572 ascensione,
885 506 955 560 de
978 505 1216 560 sessione
1235 503 1300 559 ad
1323 505 1617 570 dexteram,
1641 503 1709 558 de
1731 502 1962 557 secundo
1985 501 2099 571 ejus

528 599 778 664 adventu,
799 613 861 652 ac
899 597 967 652 de
1004 597 1248 651 omnibus
1286 598 1401 651 istis
1446 597 1497 650 in
1545 593 1871 660 universum,
1900 609 2017 664 qua:
2044 593 2096 648 in

528 685 676 742 Novo
716 697 858 753 sunt,
899 685 1296 741 Testamentum
1338 686 1499 740 Vetus
1544 685 1862 752 praedixerit,
1890 699 1957 738 ne
1999 684 2097 738 ista

525 776 770 845 gentibus
797 791 920 830 mox
945 775 1134 830 futuris
1160 777 1334 844 ignota
1355 784 1721 838 remanerent,
1750 788 1814 829 ac
1838 775 1944 828 vim
1969 789 2095 842 pro-

527 865 726 936 phetire
753 866 1089 935 ignorarent.
1117 877 1239 920 ante
1264 864 1457 919 Christi
1486 865 1765 919 adventum
1793 873 1849 918 ut
1871 879 2096 919 conver-

527 964 766 1011 terentur
785 955 1093 1025 Scripturae,
1112 955 1281 1025 gratia
1305 956 1480 1008 divina
1505 953 1749 1022 providit,
1775 968 1968 1022 easque
1988 967 2094 1008 non

526 1049 688 1102 modo
713 1047 984 1102 conversis
1015 1062 1080 1100 ex
1106 1047 1379 1115 gentibus,
1410 1045 1504 1099 sed
1532 1045 1691 1099 etiam
1721 1043 1918 1098 Judaeis
1941 1044 2095 1098 utiles

523 1136 788 1202 reddidit,
826 1135 915 1205 qui
955 1135 1148 1204 ubique
1184 1143 1444 1189 terrarum
1482 1133 1704 1201 dispersi
1743 1131 1967 1196 fuerant,
1996 1146 2096 1187 nec

524 1227 755 1297 amplius
797 1226 1106 1281 Hebraicam
1148 1225 1385 1294 linguam
1435 1224 1701 1278 tenebant.
1751 1222 1887 1276 Ecce
1927 1221 2090 1286 enim,

524 1318 749 1373 credidit
767 1318 855 1388 qui
877 1330 1165 1372 conversus
1185 1325 1264 1370 est
1283 1330 1346 1369 ex
1366 1315 1630 1384 gentibus,
1647 1312 1770 1367 dum
1793 1311 2091 1366 Judzeorum

524 1409 674 1479 signa
705 1409 869 1464 videt.
902 1407 1179 1476 Quomodo
1215 1406 1510 1476 potuissent
1545 1417 1727 1458 rursus
1755 1402 1976 1473 apostoli
2001 1401 2094 1457 Ju-

523 1499 696 1554 daeum
722 1499 984 1554 adducere
1008 1540 1024 1565 ,
1063 1498 1162 1552 nisi
1198 1487 1544 1552 domesticum
1572 1496 1645 1550 illi
1674 1495 1944 1549 doctorem
1969 1509 2091 1563 pro-

523 1587 737 1658 phetam
767 1587 1074 1643 dedissent?
1105 1587 1234 1641 Nam
1263 1587 1308 1641 si
1333 1587 1566 1641 Athenas
1603 1586 1867 1653 ingressus
1901 1584 2091 1640 Paulus

525 1678 869 1746 inscriptione
899 1677 1118 1747 indiguit
1142 1677 1294 1731 altari
1323 1677 1577 1746 insculpta
1601 1675 1750 1747 (Act.
1781 1678 1845 1731 17
1864 1674 1883 1748 )
1902 1717 1918 1741 ,
1945 1685 1998 1731 et
2024 1675 2089 1730 ad

522 1784 706 1824 eorum
733 1770 1134 1824 instructionem
1163 1769 1304 1822 illam
1346 1767 1600 1833 traduxit,
1633 1768 1771 1838 quod
1799 1783 1858 1822 se
1887 1767 2088 1822 facilius

522 1861 750 1930 propriis
775 1861 1007 1930 ipsorum
1048 1859 1210 1913 armis
1247 1874 1341 1913 eos
1377 1867 1792 1928 expugnaturum
1828 1866 2085 1928 speraret,

521 1949 661 2019 quod
700 1949 858 2003 etiam
899 1947 1126 2014 accidit;
1173 1948 1338 2002 multo
1367 1949 1534 2019 magis
1555 1963 1678 2003 cum
1703 1947 1898 2004 Judmis
1926 1963 2087 2019 agens

519 2041 718 2096 auxilio
750 2041 1129 2111 prophetarum
1155 2040 1424 2110 indigebat
1449 2081 1463 2103 ,
1495 2055 1562 2095 ne
1591 2040 1657 2094 ab
1682 2039 1787 2093 illis
1815 2040 1971 2094 etiam
1999 2054 2087 2094 ac-

519 2139 825 2196 cusaretur,
857 2129 996 2198 quod
1023 2143 1156 2183 nova
1180 2129 1420 2199 quaedam
1468 2144 1529 2183 ac
1566 2129 1840 2199 peregrina
1869 2128 2082 2184 illorum

517 2220 734 2273 auribus
760 2219 997 2274 inferret.
1029 2219 1095 2274 Et
1122 2234 1235 2285 cur,
1268 2219 1454 2289 inquit,
1479 2235 1579 2272 una
1611 2219 1782 2288 lingua
1817 2233 1920 2274 non
1951 2227 2082 2284 erat,

520 2318 579 2364 ut
605 2310 751 2364 omni
779 2308 1090 2363 difﬁcultate
1115 2308 1495 2363 liberaremur?
1523 2307 1636 2363 Una
1665 2308 1838 2378 lingua
1867 2315 1982 2363 erat
1999 2323 2086 2363 an~

518 2397 761 2469 tiquitus,
789 2399 859 2454 mi
888 2398 1068 2465 homo,
1096 2407 1150 2454 et
1175 2400 1310 2454 sicut
1337 2414 1438 2452 una
1467 2397 1739 2452 hominum
1769 2406 1851 2452 est
1875 2406 2080 2462 natura,

515 2491 593 2546 sic
613 2499 668 2545 et
693 2505 795 2544 una
823 2499 1135 2544 cunctorum
1175 2490 1347 2559 lingua
1383 2497 1516 2544 erat.
1558 2488 1671 2542 Non
1700 2496 1815 2543 erat
1841 2488 1906 2541 ab
1934 2488 2084 2543 initio

515 2582 596 2636 vir
617 2581 755 2637 ullus
774 2583 960 2636 alienae
981 2581 1190 2652 linguae,
1213 2597 1317 2635 non
1340 2590 1454 2636 erat
1475 2580 1690 2635 alterius
1709 2580 1952 2652 loquelae,
1977 2594 2083 2633 non

513 2684 632 2730 erat
654 2675 811 2729 Indus
831 2715 848 2742 ,
875 2689 1047 2744 neque
1075 2674 1247 2728 Thrax
1265 2714 1280 2738 ,
1311 2688 1480 2743 neque
1508 2672 1702 2743 Scytha
1726 2660 1866 2737 ,‘s’ed
1895 2685 2081 2726 omnes

516 2781 620 2820 una
660 2766 834 2836 lingua
873 2765 1241 2834 loquebantur.
1287 2763 1422 2831 Quid
1460 2762 1618 2832 igitur
1659 2762 1710 2816 in
1755 2774 1912 2816 causa
1948 2759 2083 2814 fuit?

515 2855 722 2925 lndigni
753 2855 854 2909 hac
884 2869 982 2908 una
1015 2855 1190 2922 lingua
1217 2855 1312 2907 visi
1341 2867 1524 2907 sumus
1559 2866 1654 2906 nos
1677 2891 1692 2916 ,
1725 2866 1936 2920 semper
1957 2866 2080 2919 erga

515 2945 902 3002 benefactorem
946 2945 1154 3014 ingrati.
1197 2941 1330 3010 Quid
1376 2943 1494 2996 ais?
1531 2942 1703 3011 lingua
1744 2955 1841 2995 nos
1883 2939 2080 3009 indigni

514 3037 613 3091 visi
641 3037 858 3092 sumus?
884 3051 947 3091 ac
972 3035 1139 3090 bruta;
1160 3035 1370 3104 quidem
1388 3037 1679 3088 animantes
1700 3033 1962 3103 propriam
1990 3046 2083 3087 vo—

513 3141 631 3183 cem
662 3126 858 3181 habent
879 3140 1096 3191 omnes;
1123 3125 1301 3180 balant
1325 3139 1452 3179 oves
1477 3134 1532 3178 et
1555 3138 1748 3192 capre,
1771 3123 1937 3192 mugit
1965 3130 2081 3176 tau-

512 3230 626 3283 rus,
642 3215 813 3270 hinnit
832 3231 1016 3287 equus,
1036 3217 1174 3286 rugit
1194 3216 1298 3282 leo,
1315 3216 1466 3285 lupus
1490 3215 1673 3278 ululat,
1695 3215 1869 3269 sibilat
1888 3213 2077 3268 draco:

511 3321 839 3376 unaquaeque
867 3307 1037 3362 bestia
1064 3309 1333 3375 proprium
1370 3320 1560 3360 sonum
1588 3305 1954 3371 conservavit,
1981 3319 2080 3374 ego

511 3411 641 3451 vere
667 3396 810 3450 solus
839 3396 1050 3465 propria
1076 3410 1191 3450 sum
1222 3409 1350 3449 voce
1381 3395 1651 3463 privatus?
1692 3395 1762 3448 Et
1802 3395 2078 3465 sylvestria

511 3497 568 3542 et
610 3497 903 3551 mansueta,
934 3495 988 3541 et
1027 3485 1258 3540 cicurata
1305 3493 1360 3538 et
1400 3498 1504 3537 non
1539 3483 1770 3538 cicurata
1805 3483 2076 3548 animalia,

512 3577 721 3647 singula
743 3577 990 3630 tribulam
1020 3576 1120 3629 sibi
1145 3591 1174 3629 a
1205 3575 1464 3644 principio
1489 3589 1671 3628 vocem
1701 3573 2030 3627 retinuerunt
2061 3589 2075 3627 :

513 3683 613 3738 ego
635 3683 759 3724 vero
779 3668 1021 3736 princeps
1043 3667 1252 3721 illorum
1277 3665 1557 3734 ignominia
1579 3679 1694 3718 sum
1716 3664 1953 3717 notatus?
1978 3662 2080 3717 illis

513 3758 745 3813 honores
774 3757 941 3826 erepti
961 3766 1053 3810 aut
1078 3756 1258 3810 mutati
1291 3769 1393 3808 non
1417 3764 1559 3819 sunt,
1588 3768 1686 3823 ego
1710 3769 1835 3808 vero
1857 3769 1973 3808 sum
2000 3753 2082 3808 di-

512 3849 650 3903 vinis
678 3849 985 3902 muneribus
1009 3844 1298 3914 spoliatus?
1327 3843 1474 3909 Quod
1517 3852 1717 3896 tantum
1761 3841 1856 3895 fuit
1897 3843 1950 3895 in
1993 3856 2079 3898 me

511 3937 722 3992 scelus?
762 3952 867 3992 non
903 3935 1234 3990 sufﬁciebant
1259 3934 1461 4002 priores
1488 3933 1590 3987 illa:
1617 3931 1823 4002 poenae?
1860 3931 2078 3987 Paradi-

511 4042 630 4082 sum
650 4027 778 4082 mihi
799 4034 1153 4089 concesserat,
1176 4033 1230 4081 et
1249 4041 1316 4080 ex
1339 4024 1579 4095 paradiso
1599 4041 1684 4079 me
1708 4024 1890 4094 ejecit;
1919 4025 2078 4078 vitam

512 4117 714 4173 doloris
739 4127 1012 4186 expertem
1035 4117 1380 4186 laborumque
1403 4115 1760 4181 traducebam,
1784 4115 1975 4170 sudore
1996 4129 2080 4170 me

511 4222 578 4262 ac
602 4208 782 4263 labore
809 4207 1109 4272 damnavit;
1138 4208 1268 4262 citra
1293 4217 1582 4262 sementem
1616 4216 1669 4263 et
1696 4207 1896 4262 inarata
1925 4206 2079 4262 tellus

512 4297 690 4355 omnia
714 4299 999 4370 prmbebat,
1028 4300 1308 4371 imperavit
1344 4299 1416 4353 illi
1463 4307 1520 4354 ut
1557 4298 1735 4368 spinas
1771 4309 1824 4353 et
1863 4298 2080 4353 tribulos

514 4389 708 4456 ferret,
747 4397 803 4445 et
841 4390 894 4445 in
937 4391 1104 4459 ipsam
1137 4403 1320 4445 rursus
1351 4404 1436 4444 me
1471 4389 1730 4444 convertit
1755 4406 1769 4442 :
1799 4397 1966 4442 morte
1995 4404 2079 4443 me

513 4480 819 4546 mulctavit;
848 4480 1131 4535 mulierum
1157 4496 1340 4534 sexum
1371 4479 1644 4534 mulctavit
1671 4486 1849 4547 partus
1877 4478 2074 4532 dolori-

512 4567 614 4622 bus
641 4569 1014 4638 laboribusque
1041 4569 1357 4636 subjectum.
1378 4567 1492 4622 Non
1517 4567 1843 4623 suﬁiciebant
1872 4566 1984 4621 haec
2011 4565 2079 4620 ad

514 4671 750 4728 panem,
776 4659 870 4713 sed
897 4674 1079 4713 vocem
1109 4673 1321 4728 quoque
1356 4657 1485 4711 mihi
1527 4657 1754 4726 eripuit,
1785 4664 1840 4712 et
1869 4657 1968 4710 hoc
1997 4669 2081 4709 me

517 4748 718 4801 honore
738 4746 981 4815 privavit,
1001 4757 1059 4801 ut
1081 4748 1296 4802 tribules
1317 4762 1380 4802 ac
1397 4748 1619 4817 gentiles
1643 4761 1790 4802 meos
1816 4754 2078 4814 tamquam

515 4839 715 4894 ferinos
738 4851 970 4902 averser,
998 4847 1119 4891 cum
1145 4853 1230 4892 me
1255 4839 1445 4908 lingua:
1474 4838 1752 4893 diversitas
1775 4849 1986 4907 separet
2013 4837 2081 4892 ab

516 4931 727 4986 illorum
739 4943 1043 4999 congressu.
1069 4927 1354 4997 Propterea
1375 4929 1726 4996 objectionem
1747 4928 2079 4997 ampliﬁcavi,

516 5033 576 5079 ιιι
614 5040 735 5079 cum
777 5023 1093 5080 solutionem
1135 5021 1378 5090 adjecero
1402 5062 1417 5088 ,
1449 5021 1703 5076 illustrior
1727 5021 1818 5075 ﬁat
1844 5021 2079 5075 victoria.

515 5115 574 5170 Si
605 5115 687 5169 his
709 5115 975 5180 omnibus,
1005 5113 1193 5184 inquit,
1223 5113 1482 5180 privatum
1510 5126 1595 5165 me
1624 5111 1853 5172 volebat,
1884 5127 1985 5180 qua
2016 5111 2084 5166 de

518 5219 679 5260 causa
711 5204 796 5260 illa
822 5203 950 5259 mihi
975 5206 1083 5273 jam
1109 5219 1141 5258 a
1165 5203 1423 5274 principio
1447 5202 1800 5258 concedebat?
1829 5201 1994 5256 Vultis
2019 5219 2084 5256 ex

516 5295 621 5350 hoc
643 5310 750 5350 uno
770 5294 1086 5350 solutionem
1112 5294 1376 5363 adjiciam,
1395 5293 1462 5349 ab
1487 5293 1585 5347 hac
1614 5293 1723 5362 ipsa
1747 5291 1970 5359 simplici
1992 5292 2087 5344 ob-

508 5384 790 5456 jections?
834 5383 1000 5439 Tanta
1049 5384 1245 5453 quippe
1286 5393 1408 5437 sunt
1450 5398 1622 5437 causa;
1662 5381 1854 5435 divina:
1902 5380 2084 5434 ﬁrma-

519 5485 717 5538 menta,
746 5483 803 5528 ut
821 5474 904 5529 vel
933 5475 1042 5543 ipsa
1065 5474 1477 5528 contradicentis
1498 5473 1721 5541 objectio
1741 5471 1882 5525 nullo
1905 5481 2086 5525 nostro

515 5569 855 5622 corroborata
881 5566 1116 5622 subsidio
1131 5567 1196 5619 ad
1209 5567 1430 5619 crimina
1460 5565 1682 5620 sufﬁciat
1703 5562 2005 5619 refellenda.
2029 5562 2086 5618 Si

514 5673 602 5713 me
631 5658 711 5712 his
737 5659 983 5713 omnibus
1011 5659 1217 5726 privare
1245 5657 1472 5721 volebat,
1492 5672 1586 5710 cur
1610 5672 1671 5712 ea
1697 5655 1822 5709 mihi
1841 5657 1945 5724 jam
1967 5654 2088 5710 inde

514 5765 544 5804 a
563 5749 823 5820 principio
834 5749 1159 5808 concedebat
1172 5749 1194 5803 ἲ
1206 5747 1335 5804 Nam
1357 5756 1410 5803 ct
1428 5761 1528 5817 rgo
1544 5747 1676 5803 istud
1696 5748 1868 5818 ipsum
1881 5745 2047 5800 dicam
2064 5760 2077 5798 :

1304 393 1363 450 S.
1401 391 1675 448 JOANNIS
1708 387 2179 450 CHRYSOSTOMI
2217 390 2533 449 ARClllEP.
2572 391 3104 451 CONSTANTINOP.

3669 416 3783 470 180

2205 499 2260 555 Si
2301 510 2350 556 te
2394 501 2475 556 his
2498 503 2743 558 omnibus
2774 505 2981 574 privare
3001 505 3244 573 volebat,
3276 521 3432 577 quam
3463 509 3535 561 ob
3560 522 3781 563 causam

2201 593 2559 650 concedebat?
2586 594 2764 667 Itaque
2792 599 3039 667 quoniam
3067 607 3118 653 te
3144 600 3354 669 privare
3379 601 3616 666 nolebat,
3643 616 3775 668 pro-

2201 691 2380 752 pterea
2419 683 2511 738 tibi
2546 685 2655 753 jam
2691 686 2813 743 inde
2836 703 2864 741 a
2896 689 3155 758 principio
3178 690 3278 745 ista
3308 692 3596 746 concessit.
3637 691 3781 758 Quid

2200 785 2325 840 ergo
2345 772 2568 828 accidit?
2593 773 2707 828 Non
2733 783 2785 831 te
2809 776 2946 830 Deus
2968 776 3050 832 his
3073 777 3227 833 bonis
3252 778 3424 848 ejecit,
3454 779 3549 834 sed
3574 788 3629 833 tu
3655 795 3780 850 qua

2198 863 2319 918 data
2348 865 2556 948 fuerant
2586 869 2831 925 amisisti.
2864 871 2941 926 Tu
2967 873 3116 928 illum
3148 885 3362 944 propter
3387 875 3777 947 benignitatem

2199 953 2373 1022 lauda,
2388 957 2526 1026 quod
2549 957 2764 1027 largitus
2783 960 2853 1014 sit
2881 977 2894 1013 :
2921 963 3142 1032 teipsum
3165 975 3378 1033 pr0pter
3398 967 3662 1037 ignaviam
3685 981 3778 1020 ac-

2197 1058 2342 1110 cusa,
2371 1045 2463 1115 qui
2483 1046 2678 1101 donum
2704 1049 2921 1106 minime
2939 1055 3357 1110 conservaveris.
3386 1057 3579 1126 Liquet
3611 1059 3778 1126 igitur

2197 1149 2300 1188 non
2323 1150 2444 1191 eum
2473 1137 2562 1207 qui
2583 1137 2826 1208 deposuit
2848 1155 2996 1197 reum
3024 1158 3162 1213 esse,
3188 1161 3372 1202 verum
3400 1162 3522 1202 eum
3553 1149 3646 1218 qui
3669 1148 3772 1203 dc-

2197 1226 2423 1293 positum
2452 1228 2676 1296 perdidit
2699 1230 2909 1286 crimini
2935 1232 3218 1289 obnoxium
3247 1249 3385 1291 esse.
3426 1237 3560 1291 Nam
3590 1252 3654 1292 se
3679 1237 3773 1291 di-

2195 1313 2356 1384 ligere
2374 1330 2437 1370 ac
2460 1316 2741 1388 benignum
2761 1334 2901 1386 esse,
2919 1330 2974 1376 et
2994 1323 3172 1392 largiri
3197 1325 3427 1381 voluisse
3446 1327 3770 1392 declaravit,

2193 1419 2314 1459 cum
2344 1421 2502 1462 nemo
2529 1421 2742 1479 cogeret
2767 1420 2859 1466 aut
2884 1413 2987 1468 vim
3014 1413 3228 1471 afferret
3246 1456 3263 1481 ,
3302 1432 3421 1472 cum
3459 1418 3605 1472 nulla
3633 1421 3686 1473 in
3717 1427 3773 1474 te

2194 1505 2337 1551 recte
2364 1495 2498 1552 facta
2527 1500 2747 1556 miratus
2770 1511 2910 1558 esset
2931 1545 2947 1568 ,
2978 1520 3149 1575 neque
3185 1507 3424 1563 laborum
3463 1511 3772 1565 retribuere

2194 1584 2491 1639 mercedem
2516 1587 2765 1655 deberet;
2794 1592 2886 1647 sed
2912 1594 3186 1649 confestim
3214 1596 3301 1650 ubi
3332 1596 3605 1663 formavit,
3633 1615 3770 1653 con-

2192 1670 2363 1725 festim
2384 1674 2448 1728 ad
2470 1674 2609 1730 hunc
2635 1679 2979 1749 principatum
3005 1684 3194 1747 evexit,
3215 1694 3272 1738 ut
3297 1685 3396 1740 hoc
3419 1687 3621 1742 donum
3655 1705 3770 1742 non

2192 1762 2592 1820 retributionem
2633 1771 2910 1838 mercedis,
2953 1773 3044 1828 sed
3087 1789 3290 1830 meram
3333 1779 3556 1847 gratiam
3598 1779 3769 1835 fuisse

2190 1853 2513 1910 ostenderet.
2535 1856 2683 1924 Quod
2703 1859 2748 1913 si
2769 1875 2886 1929 quae
2905 1862 3026 1917 data
3047 1863 3252 1920 fuerant
3271 1881 3376 1922 non
3397 1871 3764 1937 conservasti,

2191 1945 2418 2012 teipsum
2438 1961 2645 2014 accusa,
2675 1965 2776 2006 non
2801 1967 2922 2007 eum
2950 1954 3038 2024 qui
3067 1955 3265 2011 donum
3289 1960 3531 2012 contulit.

2259 2024 2445 2082 Christi
2481 2035 2719 2087 adventus
2756 2036 2939 2089 amissa
2980 2038 3121 2092 nobis
3159 2041 3380 2094 auctiora
3423 2043 3659 2095 restituit.
3685 2072 3762 2082 —

2189 2115 2324 2172 Num
2350 2118 2509 2190 igitur
2530 2120 2630 2176 hoc
2653 2138 2813 2179 unum
2851 2141 2946 2194 pro
2979 2126 3202 2183 Domino
3229 2129 3405 2184 dicere
3432 2145 3719 2199 possumus
3736 2133 3762 2185 ?

2187 2207 2394 2263 Sufﬁcit
2417 2209 2631 2278 quidem
2671 2211 2786 2267 haec
2821 2213 3060 2270 defensio
3091 2233 3106 2269 :
3135 2217 3227 2273 sed
3257 2219 3514 2274 immensa
3545 2220 3761 2274 bonitas

2187 2295 2302 2364 ejus
2351 2306 2406 2352 et
2445 2298 2738 2370 benignitas
2768 2302 3046 2359 inell'abilis
3074 2306 3175 2360 alia
3205 2307 3358 2363 nobis
3384 2309 3450 2362 ad
3479 2310 3598 2377 ejus
3621 2325 3760 2364 cau-

2185 2400 2297 2440 sam
2325 2387 2574 2442 tuendam
2604 2388 2929 2446 ﬁrmamenta
2957 2394 3170 2463 copiose
3208 2397 3525 2465 suppeditat.
3568 2398 3764 2468 Neque

2183 2477 2328 2532 enim
2358 2477 2460 2533 hoc
2488 2481 2657 2534 solum
2685 2480 2863 2538 dicere
2890 2483 3031 2550 licet,
3060 2485 3230 2551 ipsum
3256 2487 3468 2555 quidem
3495 2489 3711 2543 dedisse
3737 2531 3760 2555 ,

2187 2578 2238 2621 te
2261 2583 2387 2623 vero
2412 2569 2737 2638 perdidisse;
2783 2587 2902 2626 nam
2929 2581 2984 2628 et
3011 2573 3113 2630 hoc
3140 2584 3291 2644 pacto
3317 2577 3405 2645 qui
3435 2577 3614 2642 dedit,
3642 2580 3758 2632 cri-

2184 2657 2327 2713 mine
2354 2657 2622 2723 liberatur,
2654 2661 2738 2716 vel
2769 2662 2943 2732 potius
2971 2663 3198 2719 maxima
3225 2666 3382 2720 laude
3409 2667 3598 2736 dignus
3627 2682 3760 2721 cen—

2184 2757 2361 2817 setur,
2403 2750 2544 2820 quod
2579 2752 2737 2806 etiam
2779 2754 3073 2822 praevidens
3103 2765 3154 2811 te
3182 2755 3506 2822 perditurum
3534 2759 3760 2812 minime

2185 2847 2236 2894 le
2254 2839 2393 2894 dono
2413 2841 2632 2911 privarit
2652 2859 2668 2897 :
2691 2843 2784 2898 sed
2805 2843 2946 2899 aliud
2967 2845 3216 2914 quiddam
3235 2847 3403 2913 majus
3431 2847 3546 2900 istis
3570 2847 3759 2902 dicere

2184 2945 2480 2999 possumus.
2509 2932 2782 2999 Quodnam
2805 2945 2977 2990 autem
3000 2935 3125 2990 illud
3145 2935 3264 2990 est?
3291 2936 3438 3003 Quod
3470 2947 3762 3006 postquam

2181 3034 2247 3074 ex
2274 3020 2486 3090 propria
2514 3022 2826 3092 negligentia
2854 3025 3142 3094 perdidisti,
3171 3040 3355 3080 rursus
3394 3043 3456 3082 ea
3495 3028 3591 3082 tibi
3630 3045 3759 3097 qua:

2182 3110 2487 3180 perdideras
2524 3113 2816 3168 restituerit
2841 3132 2853 3169 :
2884 3115 2990 3169 imo
3017 3131 3122 3170 non
3153 3131 3216 3171 ea
3245 3126 3444 3172 tantum
3474 3134 3594 3188 qute
3624 3135 3757 3187 per-

2182 3201 2409 3266 dideras,
2433 3201 2526 3256 sed
2555 3202 2634 3257 his
2655 3204 2819 3258 multo
2837 3204 3058 3272 majora.
3089 3205 3219 3260 Nam
3244 3207 3545 3276 paradisum
3576 3207 3760 3275 pcrdi-

2182 3293 2354 3359 deras,
2375 3303 2430 3347 at
2445 3293 2531 3348 ille
2551 3293 2735 3348 ccc-lum
2755 3295 2845 3349 tibi
2869 3295 3034 3350 dedit.
3062 3295 3222 3351 Vides
3242 3311 3346 3366 quo
3369 3305 3520 3365 pacto
3545 3298 3756 3352 lucrum

2182 3383 2352 3450 majus
2370 3392 2452 3437 est
2474 3397 2631 3453 quam
2655 3383 2898 3452 jactura?
2921 3400 3025 3454 quo
3045 3395 3196 3454 pacto
3223 3388 3399 3454 plures
3425 3397 3547 3439 sunt
3575 3401 3704 3453 opes
3724 3387 3753 3439 ἒ

2182 3471 2377 3525 Caelum
2409 3472 2502 3526 tibi
2525 3472 2739 3540 largitus
2764 3481 2866 3540 est,
2894 3483 2950 3527 ut
2974 3474 3349 3544 benignitatem
3376 3489 3523 3528 suam
3557 3490 3668 3542 pra:
3689 3489 3756 3529 se

2182 3560 2362 3626 ferret,
2380 3559 2588 3615 diabolo
2607 3561 2842 3616 dolorem
2862 3563 3110 3629 inureret,
3124 3574 3176 3617 et
3191 3563 3513 3626 ostenderet,
3527 3564 3653 3618 licet
3669 3565 3758 3618 in-

2182 3665 2425 3707 numeras
2439 3652 2618 3721 generi
2636 3664 2815 3708 nostro
2833 3654 3013 3709 tendat
3029 3654 3264 3721 insidias,
3278 3655 3405 3709 nihil
3428 3656 3526 3710 hoc
3539 3655 3611 3709 illi
3629 3673 3758 3725 pro.

2182 3740 2436 3807 futurum,
2462 3756 2580 3796 cum
2601 3741 2667 3796 ad
2689 3742 2941 3808 majorem
2966 3743 3104 3798 Deus
3135 3745 3388 3800 honorem
3412 3758 3509 3799 nos
3533 3745 3749 3802 evehat.

2180 3833 2416 3887 Amisisti
2445 3847 2570 3903 ergo
2595 3834 2912 3903 paradisum,
2943 3844 2997 3890 et
3022 3837 3112 3890 tibi
3141 3836 3280 3891 Deus
3298 3839 3502 3906 aperuit
3520 3839 3752 3902 caelum;

2180 3923 2246 3976 ad
2278 3922 2648 3990 temporarium
2675 3922 2953 3978 damnatus
2976 3939 3035 3979 es
3060 3925 3314 3990 laborem,
3336 3935 3392 3980 et
3415 3928 3518 3980 vita
3549 3936 3752 3981 aeterna

2179 4012 2372 4066 ditatus
2397 4026 2488 4076 es;
2528 4012 2802 4081 imperavit
2831 4021 3001 4076 terrae,
3035 4022 3093 4066 ut
3117 4015 3296 4082 spinas
3323 4029 3386 4068 ac
3410 4015 3631 4068 tribulos
3654 4015 3756 4068 tibi

2183 4101 2512 4171 produceret,
2536 4111 2589 4155 et
2609 4101 2835 4155 fructum
2852 4101 2943 4155 tibi
2968 4100 3193 4171 Spiritus
3210 4103 3384 4158 anima
3411 4104 3752 4171 germinavit.

2251 4194 2304 4247 4.
2334 4194 2413 4246 Ac
2441 4191 2559 4245 vide
2587 4199 2780 4260 quanta
2809 4191 2880 4246 sit
2907 4191 3000 4246 Dei
3030 4191 3355 4261 benignitas,
3386 4206 3663 4261 quousque
3689 4206 3757 4248 se

2183 4279 2474 4336 demiserit.
2503 4278 2560 4336 Si
2586 4279 2799 4349 quando
2827 4280 3064 4333 nonnulli
3095 4279 3298 4348 aliquas
3323 4280 3596 4334 facultates
3616 4281 3756 4334 ami-

2182 4374 2348 4428 serint
2368 4413 2382 4437 ,
2427 4371 2553 4426 licet
2593 4371 2820 4440 majores
2844 4384 2908 4424 ac
2932 4371 3271 4438 pretiosiores
3295 4371 3630 4436 acceperint,
3663 4368 3754 4421 illa

2182 4462 2296 4531 ipsa
2336 4475 2453 4530 quae
2499 4459 2788 4513 amiserant
2823 4472 3061 4527 quaerere
3103 4457 3356 4526 cupiunt,
3398 4472 3571 4525 neque
3604 4457 3756 4525 prius

2183 4551 2548 4620 acquiescere,
2578 4563 2733 4618 quam
2761 4548 2872 4616 ipsa
2896 4547 3340 4616 recuperaverint.
3367 4546 3625 4612 Quoniam
3653 4547 3755 4617 igi-

2183 4650 2270 4697 tur
2313 4641 2608 4712 paradisum
2649 4640 2994 4710 perdideras,
3043 4654 3146 4694 non
3187 4639 3372 4695 caelum
3414 4637 3506 4690 tibi
3549 4647 3761 4693 tantum.

2185 4734 2405 4803 largitus
2441 4741 2555 4796 cst,
2592 4730 2685 4786 sed
2718 4739 2770 4784 et
2809 4729 3108 4799 paradisum
3138 4737 3192 4783 et
3215 4727 3431 4782 caelum.
3455 4725 3626 4781 Hodie
3651 4745 3761 4782 me-

2185 4843 2299 4880 cum
2344 4827 2441 4880 eris
2486 4825 2539 4878 in
2580 4823 2814 4893 paradiso
2855 4821 3003 4891 (Luc.
3032 4820 3120 4874 25.
3153 4819 3246 4888 45)
3266 4858 3282 4885 ,
3313 4818 3484 4887 inquit
3512 4838 3526 4873 :
3559 4828 3619 4872 ut
3647 4836 3757 4875 non

2186 4917 2345 4972 modo
2382 4915 2648 4970 additione
2687 4914 2978 4981 majorum,
3016 4911 3110 4967 sed
3145 4911 3302 4965 etiam
3329 4926 3507 4966 rerum
3536 4911 3762 4965 amissa-

2187 5024 2302 5062 rum
2333 5006 2731 5074 rccnperatione
2759 5005 3023 5058 dolentem
3048 5001 3276 5056 animam
3301 5002 3621 5058 consoletur.
3651 5001 3763 5056 Sed

2188 5099 2251 5152 ad
2296 5100 2396 5153 hoc
2436 5099 2606 5167 ipsum
2649 5097 3004 5165 propositum,
3037 5094 3081 5148 si
3122 5093 3330 5161 placet,
3357 5093 3630 5147 veniamus
3652 5131 3668 5156 ,
3697 5106 3761 5144 ac

2188 5192 2476 5254 videamus,
2507 5204 2609 5258 quo
2630 5197 2781 5257 pacto
2802 5187 3028 5254 linguam
3051 5184 3455 5254 perdiderimus.
3479 5182 3592 5236 Non
3615 5181 3763 5236 enim

2189 5281 2527 5335 mediocriter
2548 5280 2780 5333 conl‘eret
2800 5277 2864 5331 ad
2892 5276 3228 5332 securitatem
3255 5273 3493 5329 historia.
3518 5272 3647 5327 Nam
3671 5271 3767 5340 qui

2193 5375 2426 5442 pristinae
2455 5369 2750 5426 securitatis
2778 5368 2991 5422 modum
3017 5368 3289 5436 cognovit,
3320 5367 3372 5418 in
3394 5363 3613 5431 reliquis
3639 5377 3762 5415 can-

2195 5465 2295 5518 tior
2320 5467 2422 5518 erit
2446 5471 2497 5515 et
2521 5458 2773 5514 securior.
2805 5458 2992 5527 Opera:
3018 5457 3240 5527 pretium
3272 5465 3351 5508 est
3371 5462 3544 5506 autem
3568 5462 3625 5504 ut
3644 5467 3766 5504 nnt-

2194 5558 2280 5610 nia
2308 5555 2457 5610 vobis
2483 5553 2721 5606 dicantur
2751 5567 2763 5603 :
2795 5551 2953 5620 quale
2982 5561 3095 5616 est,
3123 5563 3278 5603 unam
3308 5545 3467 5600 fuisse
3495 5542 3764 5612 quondam

2195 5648 2429 5702 omnium
2456 5645 2725 5698 hominum
2753 5641 2982 5711 linguam
3008 5650 3165 5710 atque
3191 5640 3242 5693 in
3269 5636 3460 5690 multas
3482 5643 3665 5702 postea
3691 5633 3764 5686 di~

2196 5740 2362 5796 visam
2401 5751 2520 5794 esse
2570 5753 2584 5790 :
2635 5733 2700 5790 ad
2743 5733 2883 5806 quod
2925 5746 3135 5804 tempus
3162 5745 3327 5802 usque
3359 5743 3460 5783 una
3489 5726 3649 5782 luerit
3675 5734 3768 5794 ,οι
