4016 6460
268 443 383 496 179

1208 426 1296 485 DE
1334 394 1867 489 PBOPHETIARUM
1904 434 2403 491 onscumnm.
2443 436 2506 490 ιι.

3387 445 3497 499 180

256 552 430 619 Καινῇ
451 549 712 619 κειμένων
741 550 1052 619 προεῖπενή
1086 546 1295 604 Παλαιὰ
1321 553 1583 623 Διαθήκη,
1624 554 1711 606 ἵνα
1743 553 1816 624 μὴ
1923 554 2015 623 τὴν
2045 556 2216 625 ἀρχὴν
2251 556 2455 622 ἐδίδου;
2506 557 2615 608 Καὶ
2647 556 2754 627 γάρ
2787 560 2940 627 κάγὼ
2970 561 3032 613 τὸ
3060 561 3191 615 αὐτὸ
3237 561 3411 631 λέγωο
3438 567 3489 621 εἰ

250 635 504 700 ἄγνωστα
555 632 689 703 μένῃ
724 632 898 686 ταῦτα
944 635 1055 694 τοῖς
1089 633 1264 687 ἔθνεσι
1304 638 1414 697 τοῖς
1463 634 1599 703 μετά
1642 635 1813 688 ταῦτα

252 714 537 782 μέλλουσιν
566 712 799 775 ἔσεσθαι,
830 714 924 765 καὶ
950 713 1187 780 ἀγνοῶσι
1224 716 1321 783 τῆς
1348 716 1681 784 προφητείας
1714 717 1812 787 τὴν

253 795 426 863 ἰσχὺν,
450 794 795 863 ᾠκονόμησεν
826 795 859 863 ή
884 794 977 846 τοῦ
1007 794 1139 847 Θεοῦ
1168 796 1324 867 χάρις
1349 796 1451 864 πρὸ
1480 796 1581 864 τῆς
1604 814 1813 867 παρου⁶

248 878 370 937 σίας
400 875 495 927 τοῦ
521 873 753 943 Χριστοῦ
776 875 1170 946 ἐρμηνευθῆναι
1203 876 1300 938 τὰς
1330 876 1550 945 Γραφάς
1572 915 1587 940 ,
1618 877 1679 929 οὐ
1700 880 1811 939 τοῖς

246 959 306 1025 ἐξ
341 958 509 1011 ἐθνῶν
543 959 719 1026 μόνον,
760 955 898 1011 ἀλλά
944 957 1037 1010 καὶ
1081 957 1343 1009 Ἰουδαίων
1386 961 1497 1020 τοῖς
1540 958 1809 1027 πανταχοῦ

241 1042 345 1109 τῆς
380 1040 701 1108 οἰκουμένης
752 1038 1095 1109 διασπαρεῖσι
1128 1040 1220 1091 καὶ
1260 1038 1355 1108 τὴν
1401 1039 1654 1109 Ἐϐραῒδα
1702 1041 1811 1092 λοι-

243 1122 347 1173 πὸν
376 1120 708 1174 ἀποϐαλοῦσι
739 1120 985 1187 γλῶσσαν
1014 1120 1312 1191 χρησίμους
1356 1121 1523 1184 αὐτὰς
1571 1122 1737 1174 ποιῶν
1764 1131 1803 1176 ⁸.

255 1204 385 1256 Ἰδοὺ
418 1203 543 1272 γὰρ,
575 1202 888 1255 ἐπίστευσεν
912 1205 940 1254 6
969 1202 1026 1266 ἐξ
1056 1202 1243 1267 ἐθνῶν,
1276 1203 1484 1271 βλέπων
1508 1204 1575 1257 τά
1607 1208 1807 1276 σημεῖα

239 1287 350 1338 τῶν
403 1285 689 1338 Ἰουδαίων.
732 1284 855 1347 Πῶς
898 1279 1041 1353 εἶχον
1092 1285 1253 1338 πάλιν
1312 1287 1683 1355 ἐπαγαγέσθαι
1716 1288 1805 1342 τὸν

251 1366 500 1419 Ἰουδαῖον
524 1366 574 1417 οἰ
598 1365 901 1428 ἀπόστολοι,
938 1366 1089 1436 εί·μὴ
1125 1365 1342 1435 ἔμελλον
1372 1368 1524 1438 αὐτῷ
1554 1368 1806 1423 διδάσκα-

238 1448 329 1500 λον
348 1447 553 1500 οἴκοθεν
582 1446 840 1517 παρέχειν
868 1447 957 1499 τὸν
976 1448 1258 1518 προφήτην
1279 1464 1292 1511 ;
1314 1449 1374 1500 Εἰ
1401 1449 1507 1519 γὰρ
1538 1452 1616 1512 είς
1649 1450 1805 1520 Ἀθή-

236 1546 335 1591 νας
355 1528 605 1581 εἰσελθὼν
634 1530 661 1580 6
688 1527 898 1589 Παῦλος
919 1528 1332 1598 ἐπιγράμματος
1367 1530 1558 1600 ἐδεήθη
1590 1533 1804 1600 ἐγκεκο-

235 1612 511 1683 λαμμένου
541 1610 831 1681 βωμῷ,καὶ
849 1610 945 1679 τὴν
969 1609 1310 1664 διδασκαλίαν
1340 1612 1397 1676 ἐξ
1431 1613 1635 1665 ἐκείνου
1667 1614 1803 1683 πρὸς

236 1697 435 1757 αὐτοὺς
470 1695 782 1763 ἐποιήσατο,
820 1694 929 1755 τοῖς
970 1693 1189 1755 οἰκείοις
1219 1696 1395 1747 αὐτῶν
1437 1696 1618 1762 ὅπλοις
1647 1699 1800 1750 εὐκο-

232 1778 465 1847 λώτερον
484 1777 727 1845 αἱρήσειν
747 1773 1076 1845 προσδοκῶν,
1093 1775 1229 1845 ὅπερ
1247 1777 1338 1828 καὶ
1354 1779 1568 1844 ἐγένετο
1586 1795 1597 1809 ⁸
1623 1779 1799 1849 πολλῷ

236 1861 439 1931 μᾶλλον
473 1857 745 1918 Ἰουδαίοις
770 1855 1146 1926 διαλεγόμενος
1168 1858 1335 1911 ἐδεῖτο
1361 1861 1672 1930 συμμαχίας
1698 1861 1797 1930 τῆς

231 1942 345 1995 ἀπὸ
370 1939 478 1992 τῶν
508 1937 829 2009 προφητῶν,
862 1937 1001 1990 ὥστε
1030 1938 1103 2009 μὴ
1130 1940 1224 1992 καὶ
1265 1940 1502 2003 ἐκείνους
1527 1942 1792 2007 ἐγκαλεῖν,

228 2026 313 2077 ὃτι
344 2022 502 2076 καινά
525 2037 646 2073 τινα
678 2022 772 2073 καὶ
802 2019 1074 2085 ξενίζοντα
1108 2022 1347 2093 εἰσφέρει
1382 2025 1461 2086 εἰς
1503 2024 1600 2086 τὰς
1628 2025 1795 2086 ἀκοὰς

227 2106 429 2160 αὐτῶν.
467 2103 576 2156 Καὶ⁵
605 2101 691 2155 διὰ
710 2102 783 2164 τί,
809 2102 992 2170 φησὶν,
1025 2103 1124 2155 οὐκ
1151 2099 1219 2173 ἦν
1254 2104 1352 2173 μία
1376 2104 1543 2175 φωνὴ,
1581 2107 1671 2158 καὶ
1693 2106 1795 2159 πά-

230 2204 332 2256 σης
359 2182 501 2254 ἦμεν
522 2183 929 2253 ἀπηλλαγμένοι
958 2184 1055 2253 τῆς
1087 2184 1398 2249 δυσκολία;;
1421 2187 1534 2239 Μία
1563 2187 1712 2255 φωνὴ
1735 2188 1795 2241 τὸ

226 2268 454 2321 παλαιὸν
479 2261 566 2335 ῆν,
590 2259 632 2318 ὧ
657 2264 926 2334 ἄνθρωπε,
953 2267 1047 2318 καὶ
1076 2264 1259 2337 ὥσπερ
1280 2267 1374 2335 μία
1402 2266 1561 2335 φύσις
1585 2268 1681 2320 άνο
1693 2267 1795 2338 ρώ.

226 2368 368 2413 πων,
394 2349 489 2401 καὶ
515 2348 611 2417 μία
630 2346 782 2416 φωνὴ
805 2347 1019 2399 πάντων
1047 2341 1134 2417 ἦν.
1161 2349 1274 2401 Ούκ
1305 2343 1373 2418 ἦν
1400 2349 1795 2419 ἐτερόγλωσσος

224 2432 322 2484 ἀπ’
354 2430 551 2501 ἀρχῆς,
587 2430 684 2482 οὐκ
709 2424 776 2499 ἦν
810 2428 1173 2499 ἐτερόφωνος,
1210 2429 1308 2483 οὐκ
1339 2426 1407 2501 ἦν
1446 2432 1621 2494 Ἰνδὸς,
1668 2431 1789 2485 οὕτε

223 2514 412 2582 Θρᾲξ,
459 2510 581 2563 οὔτε
632 2510 879 2580 Σκύθης,
929 2511 1062 2563 ἀλλά
1111 2511 1310 2575 πάντες
1353 2515 1449 2583 μιᾷ
1494 2513 1792 2581 διελέγοντο

221 2595 461 2666 γλώσσῃ.
493 2594 557 2645 Τί
584 2589 672 2647 οὖν
696 2592 880 2660 γέγονε
910 2593 968 2645 τὺ
985 2593 1185 2657 αῖτιον;
1218 2595 1407 2663 φησίν.
1444 2595 1673 2659 Ἀνάξιοι
1691 2596 1790 2665 τῆς

224 2680 355 2747 μιᾶς
370 2676 573 2745 ταύτης
597 2677 780 2745 φωνῆς
801 2676 1077 2744 ἐφάνημεν
1096 2678 1275 2745 ἡμεῖς,
1300 2680 1347 2729 οἱ
1376 2678 1684 2745 ἀγνώμονες
1703 2682 1787 2733 ἀεὶ

222 2761 353 2828 περὶ
399 2760 490 2810 τὸν
523 2757 834 2826 εὐεργέτην.
868 2756 934 2808 Τί
967 2756 1172 2824 λέγεις;
1210 2760 1389 2828 φωνῆς
1420 2762 1623 2825 ἀνάξιοι
1658 2763 1788 2828 ἐφά-

219 2855 422 2910 νημεν;
479 2838 573 2891 καὶ
609 2837 677 2889 τὰ
716 2838 813 2902 μὲν
856 2838 1023 2904 ἄλογα
1066 2839 1161 2907 τὴν
1202 2841 1406 2893 οἰκείαν
1454 2844 1632 2913 φωνὴν
1675 2843 1786 2911 ἔχει

220 2925 400 2975 πάντα
423 2937 436 2950 ⁸
467 2920 728 2989 βληχᾶται
760 2919 1027 2987 πρόϐατα,
1071 2920 1347 2989 μηκῶνται
1375 2919 1547 2989 αἶγες,
1602 2927 1783 2991 μυκᾶ-

220 3019 309 3056 ται
336 3002 555 3073 ταῦρος,
584 3002 889 3071 χρεμετίζει
912 3003 1094 3064 ἵππος,
1140 3003 1394 3073 βρύχεται
1422 3005 1577 3066 λέων,
1614 3007 1786 3075 ὠρύε-

218 3104 310 3140 ται
346 3085 527 3148 λύκος,
554 3082 759 3151 συρίξει
790 3082 1031 3151 δράκων·
1066 3084 1290 3136 ἕκαστον
1315 3085 1423 3137 τῶν
1456 3087 1665 3154 ἀλόγων
1694 3090 1784 3144 τὸν

220 3170 417 3221 οίκεῖον
440 3166 669 3235 φθόγγον
693 3166 1027 3234 διετήρησεν,
1054 3165 1161 3232 ἐγὼ
1188 3166 1242 3217 δὲ
1276 3168 1433 3236 μόνος
1459 3170 1557 3238 τῆς
1582 3171 1785 3235 οἰκείας

216 3252 597 3317 ἀπεστέρημαι
627 3247 837 3315 φωνῆς;
890 3249 996 3299 Καὶ
1024 3247 1090 3300 τὰ
1124 3249 1287 3317 ἀγρια
1326 3253 1418 3304 καί⁵
1462 3251 1530 3304 τὰ
1565 3252 1778 3323 ἥμερα,

216 3334 314 3385 καὶ
359 3332 428 3385 τὰ
471 3329 722 3400 χειροήθη
776 3330 867 3381 καὶ
899 3329 966 3382 τά
1019 3330 1377 3384 ἀτιθάσσευτα
1419 3330 1533 3394 ζῶα
1573 3333 1782 3403 ἔμεινεν

218 3415 453 3467 ἕκαστον
481 3411 669 3479 ἔχοντα
692 3410 787 3478 τὴν
822 3409 880 3473 ἐξ
904 3411 1075 3481 ἀρχῆς
1106 3411 1575 3481 συγκληρωθεῖσαν
1601 3416 1782 3478 αὐτοῖς

216 3496 406 3563 φωνήν
426 3508 439 3521 ·
475 3492 582 3560 ἐγὼ
605 3492 660 3544 δὲ
685 3492 712 3543 6
732 3493 911 3561 ἄρχων
950 3492 1126 3543 αὐτῶν
1158 3492 1437 3563 ὴτίμωμαι
1460 3511 1475 3559 ;
1513 3494 1782 3558 κάκείνοις

220 3578 323 3647 μὲν
351 3578 377 3616 b
401 3576 643 3644 ἀκίνητοι
661 3574 715 3626 αἱ
740 3574 915 3643 τιμαὶ,
944 3572 1051 3641 ἐγὼ
1078 3573 1131 3625 δέ
1154 3574 1407 3638 ἐξέπεσον
1431 3576 1539 3629 τῶν
1566 3578 1782 3645 δωρεῶν

213 3659 311 3711 τοῦ
344 3656 510 3722 Θεοῦ;
558 3656 667 3708 Καὶ
706 3654 759 3707 τί
786 3654 1034 3708 τοσοῦτον
1064 3656 1369 3726 ήμάρτηταί
1402 3674 1519 3727 μοι;
1554 3658 1653 3710 οὐκ
1679 3659 1780 3728 ἦρ-

214 3754 349 3791 κουν
387 3740 441 3790 αἱ
474 3737 731 3805 πρότεραι
770 3736 1059 3805 τιμωρίαις
1104 3737 1307 3789 Ἔδωκέ
1344 3754 1429 3805 μοι
1461 3738 1551 3790 τὸν
1602 3741 1779 3809 παρά-

213 3823 412 3884 δεισον,
427 3820 517 3871 καὶ
534 3816 751 3882 ἐξέϐαλέ
770 3835 836 3886 με
852 3817 948 3869 τοῦ
976 3817 1317 3886 παραδείσου·
1346 3817 1480 3881 ἔζων
1500 3819 1611 3887 βίον
1629 3820 1778 3893 [185]

212 3900 592 3969 ἀταλαίπωρον
614 3899 705 3951 καί
727 3900 902 3951 πόνων
920 3898 1353 3968 ἀπηλλαγμένον,
1370 3902 1689 3955 κατεδίκασέ
1712 3922 1780 3974 με

216 3986 401 4056 ἱδρῶτι
431 3984 522 4037 καὶ
554 3981 736 4052 μόχθῳ
759 3998 773 4012 ο
802 3982 1057 4051 ἄσπαρτα
1087 3981 1180 4034 καὶ
1216 3982 1452 4051 ἀνήροτα
1491 3986 1666 4038 πάντα
1691 4004 1779 4056 μοι

213 4069 475 4137 παρεῖχεν
517 4066 550 4135 ή
592 4064 697 4131 γῆ,
740 4062 1022 4115 ἐκέλευσεν
1060 4064 1194 4133 αὐτῇ
1241 4065 1478 4127 ἀκάνθας
1528 4067 1620 4119 καὶ
1663 4086 1779 4138 τρια

213 4149 407 4209 ϐόλους
432 4146 758 4211 ἀνενεγκεῖν,
775 4145 865 4197 καὶ
893 4145 969 4205 εἰς
995 4144 1161 4214 αύτήν
1191 4163 1255 4214 με
1275 4146 1433 4200 πάλιν
1449 4148 1774 4219 ἀπέστρεψε·

215 4230 432 4297 θανάτῳ
469 4244 535 4297 με
564 4228 784 4279 ἐκόλασε
805 4244 816 4255 ·
843 4226 902 4278 τὸ
922 4227 1029 4279 τῶν
1061 4229 1333 4293 γυναικῶν
1353 4229 1505 4295 γένος
1526 4231 1777 4284 ἐκόλασεν

213 4311 505 4366 ὑποϐαλὼν
552 4310 703 4362 ὠδῖσι
746 4309 837 4361 καὶ
890 4308 1092 4371 πόνοις.
1136 4309 1247 4361 Ούκ
1291 4310 1449 4379 ἤρκει
1482 4310 1652 4364 ταῦτα
1699 4316 1777 4377 εἰς

210 4392 507 4465 τιμωρίαν,
532 4390 667 4445 ἀλλά
693 4392 899 4457 καὶτῆς
918 4392 1097 4459 φωνῆς
1122 4407 1186 4459 με
1208 4390 1447 4455 ἐξέϐαλε,
1471 4394 1561 4445 καὶ
1576 4394 1776 4463 ταύτης

213 4477 555 4547 ἀπεστέρησε
588 4473 685 4541 τῆς
732 4474 915 4540 τιμῆς,
954 4472 1038 4524 ἵνα
1058 4473 1181 4534 τοὺς
1205 4472 1505 4540 ὁμοφύλους
1536 4476 1627 4528 καὶ
1650 4478 1777 4544 ὁμο.

210 4560 388 4626 γενεῖς
413 4557 656 4625 καθάπερ
686 4554 963 4625 θηριώδεις
990 4555 1431 4623 ἀποστρέφωμαι,
1465 4557 1561 4626 τῆς
1594 4559 1777 4628 φωνῆς

208 4638 639 4707 διατειχιζούσης
672 4654 760 4706 μοι
781 4636 876 4705 τὴν
912 4636 1212 4689 συνουσίαν.
1244 4638 1339 4689 Διά
1385 4637 1539 4690 τοῦτο
1566 4638 1777 4709 ηὖξησα

210 4723 312 4790 τὴν
338 4721 605 4773 ἀντίθεσιν
624 4759 639 4782 ,
682 4720 749 4772 ἶν’
774 4720 900 4771 ὅταν
925 4718 1186 4785 ἐπαγάγω
1213 4717 1309 4787 τὴν
1332 4718 1499 4782 λύσιν,
1532 4719 1776 4791 λαμπροσ

208 4804 347 4872 τέρα
368 4802 588 4869 γένηται
618 4803 651 4870 ή
681 4800 823 4868 νίκη.
846 4801 907 4852 Et
937 4800 1180 4851 ἐϐούλετό
1211 4816 1298 4869 με,
1322 4800 1501 4869 φησὶν,
1525 4802 1774 4856 ἐκϐαλεῖν

210 4884 414 4936 τούτων
453 4884 733 4944 ἀπάντων,
771 4880 914 4942 τίνος
955 4880 1136 4933 ἐνεκέν
1181 4898 1269 4950 μοι
1313 4882 1451 4934 αύτά
1496 4884 1644 4952 παρὰ
1675 4885 1773 4953 τὴν

211 4967 387 5035 ἀρχὴν
421 4964 621 5026 ἐδίδου;
664 4963 923 5015 Βούλεσθε
960 4963 1052 5014 ἀπ’
1082 4962 1245 5015 αὑτοῦ
1290 4963 1477 5017 τούτου
1511 4966 1774 5033 ἐπαγάγω

208 5048 311 5116 τὴν
339 5045 508 5108 λύσιν,
543 5046 636 5097 ἀπ’
664 5044 833 5112 αὐτῆς
882 5044 979 5113 τῆς
1027 5045 1393 5114 ἀντιρρήσεως
1431 5048 1528 5115 τῆς
1571 5047 1770 5117 ψιλῆςς

210 5128 461 5196 Τοσαύτη
496 5127 603 5196 γάρ
653 5126 759 5177 τῶν
812 5126 950 5195 ὑπὲρ
991 5124 1083 5178 τοῦ
1138 5126 1270 5179 Θεοῦ
1323 5128 1700 5197 δικαιωμάτων
1738 5133 1772 5199 ή

210 5210 516 5280 περιουσία,
548 5208 619 5269 ὼς
658 5206 822 5275 αὐτὴν
855 5207 949 5257 τοῦ
997 5206 1359 5274 ἀντιλέγοντος
1385 5209 1482 5279 τὴν
1521 5211 1774 5282 ἀντίρῤη-

212 5310 318 5353 σιν,
356 5290 518 5360 μηδὲν
564 5288 695 5357 παρ’
735 5288 891 5355 ἡμῶν
942 5288 1492 5358 προσλαμϐάνουσαν,
1542 5293 1771 5362 ἀρκέσαι

213 5374 349 5443 πρὸς
398 5374 493 5440 τὴν
539 5370 643 5422 τῶν
689 5368 1043 5437 ἐγκλημάτων
1090 5370 1262 5423 λύσιν.
1319 5373 1379 5423 Εἰ
1424 5373 1669 5426 ἐϐούλετό
1706 5392 1770 5444 με

209 5455 457 5509 ἐκϐαλεῖν
491 5454 703 5505 πάντων
722 5451 942 5513 τούτων,
972 5451 1113 5513 τίνος
1139 5453 1317 5507 ἕνεκεν
1346 5454 1483 5507 αὑτά
1514 5473 1598 5525 μοι
1624 5457 1771 5527 παρά

272 5612 297 5639 ⁸
323 5609 589 5658 Dicendum
636 5606 888 5655 videbatur
929 5605 1147 5655 ποιοῦσαι
1172 5622 1279 5656 nam
1322 5609 1669 5660 subslanlivum
1696 5620 1772 5663 est

204 5683 351 5736 sup?
374 5673 402 5724 ἠ
423 5668 505 5715 τοῦ
528 5667 649 5715 Θεοῦ
676 5668 821 5729 χάρις.
847 5668 942 5716 Sed
966 5669 1040 5716 hic
1064 5681 1277 5727 sensum,
1304 5683 1394 5717 nou
1428 5674 1587 5731 verba,
1616 5681 1769 5736 respi-

206 5730 679 5795 cil_(2_1{1j)'spslomu$.
733 5788 776 5795 __
870 5789 881 5795 _
932 5788 957 5795 _
1012 5786 1060 5795 Η

270 5790 301 5850 ιθ
325 5790 419 5836 Μέν
441 5790 612 5837 deerat
644 5793 691 5835 tn
714 5788 903 5837 'Morel.
929 5788 1025 5837 Sed
1050 5788 1097 5835 in
1132 5789 1238 5836 aliis
1276 5790 1499 5850 habetur,
1524 5798 1573 5841 et
1596 5794 1672 5843 hic
1695 5808 1769 5844 re-

209 5849 421 5904 animus

418 5886 435 5922 ί

1928 646 2175 697 ἐϐούλετό
2209 663 2266 698 σε
2301 646 2546 700 ἐκϐαλεῖν
2587 650 2800 702 πάντων
2845 656 3066 716 τούτων,
3113 652 3258 715 τίνος
3299 654 3489 708 ἕνεκεν

1918 726 2119 791 ἐδίδου;
2169 727 2328 780 Ὥστε
2367 729 2551 797 ἐπειδὴ
2594 730 2692 782 οὐκ
2725 730 2971 783 ἐϐούλετό
3006 750 3064 784 σε
3100 734 3368 800 ἐκϐαλεῖν,
3399 738 3485 793 διά

1915 806 2070 859 τοῦτο
2096 808 2260 860 ἔδωκέ
2292 826 2372 860 σοι
2397 809 2569 863 ταῦτα
2598 812 2747 881 παρά
2770 812 2870 883 τὴν
2907 813 3100 882 ἀρχήν.
3148 814 3213 868 Τί
3244 812 3337 871 οῦν
3364 818 3485 886 ἐγέ⁴

1914 912 2065 959 νετο;
2102 897 2212 964 Οὐχ
2235 898 2263 949 6
2290 897 2420 960 Θεός
2451 914 2509 949 σε
2532 898 2801 963 ἐξέϐαλεν,
2828 900 2962 953 ἀλλά
3004 903 3067 954 σὺ
3093 903 3379 969 ἀπώλεσας
3414 907 3484 960 τά

1913 975 2152 1031 δοθέντα.
2207 976 2438 1030 Ἐκεῖνον
2488 978 2734 1049 θαύμαζε
2771 982 2869 1049 τῆς
2917 984 3347 1053 φιλανθρωπίας,
3399 986 3483 1040 ὅτι

1915 1059 2203 1130 ἐχαρίσατο
2223 1076 2235 1088 ·
2267 1060 2444 1129 σαυτῷ
2476 1062 2689 1129 μέμφου
2722 1062 2820 1130 τῆς
2849 1064 3140 1132 ῥᾳθυμίας,
3170 1066 3251 1118 ὅτι
3280 1067 3341 1119 τὸ
3378 1067 3480 1120 δῶ-

1914 1157 2007 1209 ρον
2027 1142 2126 1193 οὐκ
2149 1138 2437 1211 ἐφύλαξας.
2466 1143 2626 1195 Ὥστε
2653 1144 2830 1213 δῆλον,
2856 1146 2937 1197 ὅτι
2980 1150 3077 1216 οὐχ
3108 1150 3136 1201 6
3158 1166 3477 1220 παρακατα-

1913 1221 2136 1290 θέμενος
2183 1224 2371 1287 αἴτιος,
2405 1224 2517 1277 ἀλλ’
2548 1227 2575 1277 6
2605 1225 2702 1294 τὴν
2750 1230 3221 1300 παρακαταθήκην
3252 1232 3479 1302 προδοὺς

1910 1304 2263 1373 ἐγκλημάτων
2286 1305 2599 1370 ὑπεύθυνος.
2634 1308 2756 1360 Ὀτι
2786 1309 2893 1378 γὰρ
2922 1310 3117 1378 ἐφίλει,
3164 1313 3256 1365 καὶ
3287 1313 3475 1381 φιλάν-

1911 1383 2122 1455 θρωπος
2142 1383 2228 1456 ἦν,
2263 1389 2354 1440 καὶ
2383 1388 2628 1441 ἐϐούλετο
2652 1389 2993 1459 χαρίσασθαι,
3024 1392 3240 1459 ἔδειξεν,
3267 1396 3479 1461 οὐδενὸς

1908 1464 1970 1546 δέ
1989 1467 2399 1534 ἀναγκάζοντος,
2429 1470 2549 1521 ούδέ
2579 1470 2700 1539 βίαν
2727 1472 3080 1539 ἐπιτιθέντος,
3104 1476 3163 1527 οὑ
3187 1476 3253 1528 τὰ
3283 1494 3478 1546 κατορ-

1910 1544 2133 1617 θώματά
2168 1566 2257 1601 σου
2288 1550 2589 1620 θαυμάσας,
2627 1553 2726 1605 οὐκ
2763 1552 2901 1621 ἔχων
2933 1572 3014 1607 σοι
3037 1557 3211 1609 πόνων
3242 1544 3477 1627 ἀμοιϐήν

1906 1627 2223 1682 ἀποδοῦναι·
2281 1631 2395 1684 ἀλλ’
2446 1633 2646 1694 εὐθέως
2698 1632 2941 1699 πλάσας,
2996 1636 3192 1700 εὐθέως
3241 1640 3319 1701 είς
3375 1642 3475 1710 τὴν

1912 1708 2088 1779 ἀρχὴν
2115 1713 2389 1781 μετήγαγε
2414 1712 2635 1784 ταύτην,
2670 1715 2758 1768 ἴνα
2784 1716 2955 1787 δείξῃ,
2985 1718 3065 1769 ὅτι
3088 1717 3184 1770 ούκ
3211 1708 3475 1782 ἀντίδοσις

1904 1790 2138 1859 ἀμοιϐῆς
2169 1795 2200 1862 ἡ
2235 1794 2431 1864 δωρεὰ,
2459 1794 2593 1848 ἀλλά
2623 1798 2802 1866 γυμνὴ
2827 1798 2859 1866 ή
2896 1798 3055 1869 χάρις
3082 1794 3168 1869 ἦν.
3202 1799 3264 1853 Εἰ
3289 1801 3343 1853 δὲ
3372 1802 3472 1853 ούκ

1902 1870 2167 1939 ἐφύλαξας
2201 1875 2268 1930 τὰ
2300 1876 2536 1939 δοθέντα,
2567 1878 2759 1930 σαυτὸν
2788 1880 2966 1946 αἰτιῶ,
2994 1881 3069 1951 μὴ
3091 1881 3180 1934 τὸν
3206 1882 3472 1936 δεδωκότα

1905 1955 2003 2024 τὴν
2035 1956 2238 2025 δωρεάν
2270 1967 2317 2011 ε.

1970 2033 2094 2109 'Ap‘
2142 2035 2233 2092 οὖν
2284 2040 2439 2092 τοῦτο
2491 2041 2648 2111 μόνον
2697 2043 2890 2113 ἔχομεν
2962 2046 3134 2099 εἰπεῖν
3186 2046 3324 2116 ὺπέρ
3372 2046 3467 2100 τοῦ

1900 2120 2194 2185 Δεσπότου;
2254 2121 2430 2192 Ἰκανὴ
2486 2124 2582 2191 μὲν
2632 2120 2723 2176 οὖν
2765 2127 2857 2178 καὶ
2887 2126 3022 2195 αῦτη
3070 2129 3103 2196 ἡ
3155 2127 3419 2196 ἀπολογία
3451 2146 3465 2161 ⁸

1900 2201 2018 2253 ἀλλ’
2044 2202 2075 2272 ἡ
2105 2203 2326 2273 ἄπειρος
2352 2206 2513 2257 αὐτοῦ
2545 2206 2814 2276 ἀγαθότης
2840 2210 2930 2261 καὶ
2960 2210 2992 2279 ή
3020 2208 3256 2280 ἀρρητος
3290 2210 3471 2278 φιλαν⁸

1900 2282 2110 2352 θρωπία
2144 2287 2236 2337 καὶ
2284 2286 2476 2355 ἐτέραν
2521 2289 2652 2355 ἡμῖν
2708 2290 3024 2358 περιουσίαν
3081 2290 3462 2361 δικαιωμάτων

1898 2366 2144 2436 παρέχει.
2189 2368 2321 2419 υύδέ
2357 2369 2464 2439 γὰρ
2494 2369 2647 2422 τοῦτο
2671 2371 2828 2440 μόνον
2862 2372 3009 2424 ἐστιν
3044 2375 3236 2435 εἰπεῖν,
3269 2375 3349 2428 ὅτι
3372 2376 3471 2429 αὐ-

1895 2448 1987 2510 τὸς
2015 2450 2111 2517 μὲν
2142 2449 2327 2515 ἔδωκε,
2350 2454 2413 2503 σὺ
2441 2452 2496 2504 δέ
2514 2452 2798 2516 ἀπώλεσας
2818 2470 2833 2485 ο
2859 2454 3201 2523 ἀπήλλακται
3238 2457 3338 2527 μὲν
3360 2460 3468 2527 γὰρ

1897 2532 1993 2584 καὶ
2024 2532 2161 2584 οὕτω
2190 2533 2295 2585 τῶν
2324 2534 2683 2603 ἐγκλημάτων
2707 2538 2734 2588 6
2760 2536 2900 2599 δοὺς,
2932 2538 3128 2606 μᾶλλον
3156 2538 3212 2589 δὲ
3250 2541 3343 2591 καὶ
3374 2556 3471 2610 με·

1894 2615 2077 2680 γίστου
2112 2614 2381 2684 θαύματός
2419 2617 2564 2668 ἐστιν
2605 2616 2788 2680 ἄξιος,
2824 2619 2906 2671 ὅτι
2946 2620 3040 2672 καὶ
3085 2621 3349 2685 προειδὼς
3385 2624 3467 2675 ὅτι

1892 2696 2129 2763 ἀπολεῖς,
2154 2699 2251 2749 οὐκ
2284 2698 2621 2768 ἀπεστέρησέ
2656 2716 2715 2751 σε
2745 2700 2845 2769 τῆς
2872 2700 3080 2770 δωρεᾶς
3121 2718 3135 2734 ·
3170 2702 3309 2772 πλὴν
3334 2703 3469 2757 ἀλλά

1892 2778 1985 2830 καί⁵
2026 2778 2209 2849 ἕτερον
2247 2779 2425 2848 πολλῷ
2472 2780 2653 2848 μεῖζον
2701 2780 2807 2849 ἔχω
2846 2781 3046 2834 τούτων
3082 2784 3276 2841 εἰπεῖν.
3309 2785 3374 2837 Τί
3409 2787 3466 2838 δὲ

1890 2858 2047 2911 τοῦτό
2086 2862 2265 2923 ἐστιν;
2307 2862 2427 2915 Ὅτι
2458 2862 2549 2913 καὶ
2591 2862 2726 2931 μετά
2770 2861 2829 2914 τὸ
2873 2863 3133 2915 ἀπολέσαι
3173 2863 3231 2929 ἐξ
3263 2865 3468 2929 οἰκείας

1894 2940 2180 3008 ῥᾳθυμίας,
2214 2941 2374 2995 πάλιν
2408 2942 2711 2995 ἀποδέδωκέ
2737 2943 2907 2995 σοιτά
2938 2944 3250 2997 ἀπολωλότα
3276 2962 3292 2978 ο
3330 2948 3467 3016 μάλα

1890 3019 1979 3072 λον
2014 3021 2071 3073 δὲ
2107 3023 2166 3073 ού
2197 3023 2262 3074 τά
2292 3023 2603 3076 ἀπολωλότα
2640 3024 2814 3093 μόνον,
2848 3023 2982 3077 ἀλλά
3016 3026 3110 3078 καὶ
3142 3026 3318 3096 πολλῷ
3347 3027 3467 3095 μεί-

1894 3102 2021 3165 ζονα
2051 3103 2273 3157 τούτων.
2314 3105 2621 3168 Ἀπώλεσας
2661 3106 2758 3175 μὲν
2790 3105 2895 3175 γὰρ
2931 3107 3271 3177 παράδεισον,
3298 3108 3465 3161 ἔδωκε

1888 3184 1943 3235 δέ
1978 3202 2057 3237 σοι
2082 3186 2169 3237 τὸν
2195 3188 2434 3255 οὐρανόν.
2473 3189 2633 3257 Ὁρᾷς
2659 3188 2773 3249 πῶς
2805 3189 3005 3257 μείζων
3028 3191 3058 3258 ή
3097 3189 3335 3259 ἐμπορία
3363 3191 3465 3259 τῆς

1888 3263 2089 3333 ζημίας
2111 3306 2125 3329 ,
2158 3266 2304 3336 [186]
2340 3270 2455 3331 πῶς
2482 3269 2678 3321 πλείων
2702 3272 2727 3321 6
2750 3270 3005 3334 πλοῦτος;
3038 3272 3244 3323 Ἐδωκέ
3276 3288 3354 3323 σοι
3373 3273 3465 3324 τὸν

1886 3347 2128 3415 οὐρανὸν,
2146 3349 2231 3399 ἴνα
2256 3348 2348 3400 καλ⁵
2364 3350 2462 3417 τὴν
2474 3352 2677 3403 οἰκείαν
2695 3351 2882 3418 φιλανθ
2892 3352 3095 3420 ρωπίαν
3112 3351 3462 3421 ἐπιδείξηται,

1888 3427 1981 3479 καὶ
2005 3427 2093 3479 τὸν
2124 3427 2366 3481 διάϐολον
2394 3430 2549 3500 δάκῃ.
2582 3431 2791 3493 δεικνὺς
2818 3432 2899 3483 ὅτι
2930 3432 3034 3485 κᾶν
3066 3433 3233 3501 μυρία
3257 3433 3334 3502 τῷ
3355 3434 3463 3485 τῶν

1886 3506 2187 3577 ἀνθρώπων
2209 3510 2564 3582 ἐπιϐουλεύσῃ
2588 3514 2756 3580 γένει,
2778 3513 2927 3565 οὐδὲν
2947 3513 3096 3567 ἔσται
3114 3514 3271 3566 πλέον
3293 3514 3461 3583 αὐτῷ,

1886 3589 1979 3665 τοῦ
2023 3589 2154 3642 Θεοῦ
2190 3592 2325 3660 πρὸς
2372 3594 2591 3662 μείζονα
2631 3594 2716 3646 ἀεὶ
2759 3594 2922 3664 τιμὴν
2964 3597 3108 3665 ἡμᾶς
3151 3596 3459 3662 ἀνάγοντος.

1888 3659 2199 3735 Ἀπώλεσας
2228 3659 2407 3726 τοίνυν
2438 3676 2780 3745 παράδεισον,
2810 3659 2900 3730 καί
2923 3659 3122 3747 ἀντέῳξέ
3158 3694 3239 3730 σοι
3266 3659 3303 3731 ⁷ό
3330 3678 3460 3742 Θεὸς

1884 3751 1974 3802 τὸν
2000 3752 2221 3823 ούρανόν
2240 3772 2253 3785 ·
2281 3756 2672 3826 κατεδικάσθης
2696 3759 2841 3825 πόνῳ
2867 3760 3204 3829 προσκαίρῳ,
3235 3760 3327 3813 καὶ
3353 3761 3461 3812 ἐτι-

1889 3833 2064 3901 μήθης
2092 3835 2200 3906 ζωῇ
2231 3838 2428 3908 αἰωνίῳ
2446 3857 2457 3868 ·
2490 3840 2739 3892 ἐκέλευσε
2775 3844 2839 3911 τῇ
2867 3844 2936 3911 γῇ
2960 3842 3199 3904 ἀκάνθας
3228 3844 3319 3895 καὶ
3344 3861 3461 3914 τρι-

1886 3915 2069 3979 ϐόλους
2091 3919 2347 3985 ἐνεγκεῖν,
2366 3921 2457 3973 καὶ
2488 3921 2783 3992 ἐϐλάστησέ
2801 3940 2881 3976 σοι
2915 3924 3123 3993 καρπὸν
3147 3925 3285 3978 Πνεύ
3292 3941 3461 3993 ματος

1885 3997 1917 4065 ὴ
1947 3997 2091 4066 ψυχή
2121 3997 2169 4051 ει-

1953 4092 2013 4143 δ’.
2039 4093 2146 4144 Καὶ
2165 4093 2461 4180 σκόπειμοι
2485 4096 2581 4165 τὴν
2599 4098 2784 4165 φιλανθ
2794 4101 3001 4168 ρωπίαν
3013 4103 3103 4156 τοῦ
3121 4103 3273 4163 Θεοῦ.
3295 4108 3453 4180 μέχρι

1884 4171 2047 4224 πόσου
2081 4172 2304 4242 κατέϐη.
2349 4176 2435 4227 Ἐν
2460 4181 2570 4239 τοῖς
2604 4180 2928 4234 ἀπολλύουσί
2961 4200 3081 4236 τινα
3110 4186 3217 4238 τῶν
3244 4171 3455 4245 οἰκείων

1883 4255 2194 4322 κτημάτων,
2232 4258 2336 4308 κᾶν
2378 4257 2597 4325 μείζονα
2630 4260 2830 4314 λάϐωσι
2870 4265 2962 4316 καὶ
3004 4267 3450 4339 πολυτελέστερα.

1882 4340 2063 4424 ἐκεῖνα
2089 4340 2156 4392 τὰ
2176 4341 2487 4424 ἀπολωλότα
2506 4346 2685 4413 ζητεῖν
2704 4349 2961 4416 ἐφίενται,
2981 4353 3073 4403 καὶ
3100 4353 3173 4422 μὴ
3192 4354 3454 4424 πρότερον

1883 4420 2326 4491 πληροφορεῖθαι,
2361 4424 2463 4487 ἓως
2502 4426 2568 4478 ἂν
2606 4428 2742 4481 αύτά
2777 4420 3136 4486 ἀπολάϐωσιν.
3162 4420 3332 4489 ήἙνπεὶ
3361 4420 3455 4490 οὖν

1881 4502 2167 4565 ἀπώλεσας
2214 4506 2555 4575 παράδεισον,
2593 4509 2710 4577 οὐχὶ
2746 4510 2836 4562 τὸν
2874 4512 3096 4582 οὐρανόν
3136 4533 3216 4568 σοι
3259 4518 3453 4571 δέδωκε

1885 4582 2062 4667 μόνον,
2109 4585 2241 4637 ἀλλά
2286 4588 2377 4638 καὶ
2422 4588 2743 4658 παράδεισον
2784 4594 2876 4645 καὶ
2907 4595 3150 4664 οὐρανόν.
3188 4597 3455 4667 Σήμερον

1875 4666 1999 4751 μετ’
2012 4667 2157 4751 ἐμοῦ
2174 4668 2287 4751 ἔσῃ
2308 4669 2469 4734 ἐντῷ
2485 4672 2842 4737 παραδείσῳ,
2860 4677 3021 4745 φησίν
3040 4693 3053 4707 ·
3081 4678 3168 4731 ἵνα
3194 4681 3266 4751 μὴ
3296 4682 3454 4751 μόνον

1971 4746 2076 4798 τῶν
2105 4746 2365 4815 μειζόνων
2398 4752 2701 4823 προσθήκῃ,
2735 4756 2866 4808 ἀλλά
2896 4757 2989 4809 καὶ
3013 4761 3077 4829 τῇ
3108 4746 3215 4812 τῶν

1879 4826 2043 4914 λότων
2102 4830 2393 4914 ἀνακτήσει
2452 4836 2911 4907 παραμυθήσηται
2960 4826 3076 4910 τὴν
3114 4842 3452 4914 όδυνωμένην

1878 4908 2073 4995 ψυχήν.
2126 4910 2282 4995 ’ᾼλλζ
2323 4914 2371 4965 εἰ
2404 4914 2575 4979 δοκεῖ,
2608 4916 2701 4968 καὶ
2747 4920 2832 4971 ἐπ’
2864 4921 2994 4973 αὐτὸ
3016 4908 3181 4975 τοῦτο
3212 4908 3453 4995 ἔλθωμεν

1877 4991 1937 5041 τὸ
1984 4991 2369 5077 προκείμενον,
2419 4996 2513 5048 καὶ
2560 4998 2757 5066 ἴδωμεν
2809 5001 2925 5064 πῶς
2959 5004 3314 5075 ἀπωλέσαμεν
3352 4991 3452 5077 τὴν

1879 5073 2078 5157 φωνήνΙ
2112 5074 2246 5157 Ούδέ
2275 5075 2381 5145 γὰρ
2411 5078 2606 5146 μικρὸν
2639 5081 2716 5142 είς
2746 5082 3039 5150 ἀσφαλείας
3065 5073 3276 5157 λόγονή
3309 5073 3450 5139 ἱστο-

1880 5154 1987 5236 ρία.
2032 5154 2088 5205 Ὁ
2126 5155 2233 5223 γάρ
2272 5156 2454 5225 μαθὼν
2486 5160 2575 5211 τὸν
2612 5161 2806 5230 τρόπον
2842 5164 2939 5232 τῆς
2979 5166 3245 5235 προτέρας
3265 5154 3451 5236 ἀσφα-

1878 5233 2045 5315 λείας,
2074 5237 2207 5305 πρὸς
2236 5238 2300 5290 τὰ
2329 5239 2488 5291 λοιπά
2513 5241 2910 5312 ἀσφαλέστερος
2939 5245 3109 5299 ἔσται.
3135 5233 3449 5315 ’Ἀναγκαῖον

1877 5314 1930 5366 δέ
1971 5316 2145 5368 πάντα
2184 5320 2316 5387 πρὸς
2354 5321 2497 5388 ὑμᾶς
2532 5324 2705 5375 εἰπεῖν
2741 5340 2756 5355 ⁸
2796 5320 2924 5390 οἷον,
2960 5328 3039 5378 ὅτι
3076 5329 3171 5396 μία
3206 5314 3354 5400 φωνὴ
3388 5331 3449 5382 τὸ

1878 5398 2103 5450 παλαιόν
2133 5399 2344 5454 πάντων
2376 5402 2674 5472 ἀνθρώπων
2713 5402 2799 5475 ἦν,
2831 5409 2912 5459 ὅτι
2952 5412 3028 5473 εἰς
3064 5410 3258 5473 πολλάς
3292 5398 3445 5465 ὕστε-

1879 5496 1970 5548 ρον
1995 5482 2252 5549 μετέπεσε
2279 5500 2291 5513 ο
2318 5485 2476 5554 μέχρι
2503 5488 2630 5538 πότε
2658 5488 2753 5556 μία
2775 5485 2863 5558 ἦν,
2885 5491 2974 5541 καί⁵
2997 5493 3121 5544 πότε
3153 5495 3446 5562 μετέπεσεν

1877 5563 1955 5643 είς
1987 5564 2182 5625 πολλάς
2213 5580 2227 5594 ·
2264 5569 2355 5617 καὶ
2388 5568 2610 5633 πότερον
2645 5569 2777 5639 αύτὴ
2810 5572 2986 5640 ἐκείνη
3026 5574 3315 5643 ἠφανίσθη,
3352 5578 3443 5631 καὶ

1877 5642 2056 5713 ἕτεραι
2086 5647 2493 5716 εἰσηνέχθησαν,
2526 5652 2557 5721 ἢ
2586 5652 2849 5720 μενούσης
2878 5655 3088 5722 ἐκείνης
3118 5642 3443 5726 ἐπεισήγοη·

1940 5794 1960 5861 ﬁ
1983 5792 2111 5861 C0”).
2135 5798 2217 5853 τὴν
2239 5800 2387 5861 χάριν.

1938 5852 1960 5888 ⁸³
1991 5857 2121 5905 Call).
2152 5852 2327 5915 καρπον
2351 5865 2486 5915 ζωῆς·
2512 5861 2589 5905 καὶ
2611 5860 2795 5907 σκόπει.
