4016 6458
533 474 645 529 181

538 597 638 635 σαν
662 579 718 632 αἰ
747 576 928 630 λοιπαί
950 591 965 606 ο
989 572 1076 626 διά
1101 572 1152 624 τί
1181 567 1463 636 συνεχύθη,
1491 563 1585 617 καὶ
1611 563 1674 614 ἐκ
1697 556 1853 617 ποίας
1877 550 2048 611 αἰτίας
2064 559 2080 574 ⁸

538 661 658 718 εἶτα
695 664 822 733 ποίᾳ
848 659 1047 713 τούτων
1076 657 1182 709 τῶν
1211 653 1418 708 πολλῶν
1448 647 1637 718 φωνῶν
1671 646 1702 714 ἡ
1736 638 1944 733 Παλαιά
1971 653 2088 733 συν-

537 750 714 804 έκειτο
737 723 975 815 Διαθὴκη
997 762 1009 774 ·
1036 742 1121 795 διὰ
1141 740 1247 810 γὰρ
1272 740 1482 804 ἐκείνην
1515 733 1688 788 πάντα
1715 727 1886 781 ταῦτα
1913 723 2090 815 ἐκινή-

541 852 711 906 σαμεν
742 851 756 865 ο
791 811 1016 900 πότερον
1053 833 1117 899 τῇ
1158 827 1360 898 ἀρχαίᾳ
1398 824 1488 876 καὶ
1526 811 1946 906 πρεσϐυτέρῳ-ἢ
1974 811 2094 906 ταῖς

539 893 760 990 ὕστερον
787 893 1286 984 ἐπεισενεχθνείσαίς.
1315 893 1470 963 ’Ἀλλά
1495 907 1566 976 μὴ
1583 903 1790 971 δείσητε
1985 893 2091 990 γάρ

540 1010 617 1082 μὴ
641 985 876 1080 τήμερον
909 1007 1121 1060 ἅπαντα
1152 1001 1464 1070 δυνηθῶμεν
1481 992 1785 1082 ἀποδοῦναι,
1804 986 1940 1082 ἀλλά
1961 985 2095 1082 adv:

537 1069 646 1158 τως
835 1091 1180 1160 ἀποδώσομεν
1215 1089 1454 1155 ὕστερον.
1497 1081 1650 1142 Τίνος
1680 1072 1772 1165 οῦν
1804 1076 1983 1165 ἐνεκεν
2020 1069 2094 1165 μὴ

541 1157 823 1251 μέλλοντες
848 1179 1060 1232 ἅπαντα
1085 1157 1324 1244 τήμερον
1351 1166 1683 1229 ἀποδιδόναι,
1715 1161 1962 1251 ἁπάντων
1989 1157 2097 1209 τῶν

539 1250 864 1336 δφλημάτων
878 1263 975 1333 τὴν
992 1261 1242 1315 ὑπόθεσιν
1265 1259 1392 1328 ὑμῖν
1422 1253 1762 1321 ἀνέγνωμεν;
1791 1250 1907 1336 Ἶνᾲα
1933 1261 2097 1336 προσ-

541 1333 803 1415 δοκῶντες
840 1351 936 1422 τὴν
985 1350 1261 1410 ἀπόδοσιν,
1296 1342 1583 1403 διαπαντὸς
1622 1337 1758 1391 κατὰ
1796 1334 1917 1389 νοῦν
1953 1333 2099 1422 ἡμᾶς

541 1439 722 1510 ἔχητε.
751 1437 859 1491 Καὶ
886 1417 992 1507 γὰρ
1021 1437 1050 1486 ό
1076 1433 1298 1505 χρυσίον
1323 1430 1429 1484 τινὶ
1455 1426 1719 1487 δανείσας,
1747 1423 1838 1475 καὶ
1865 1417 2098 1473 ὑπεύθυ-

542 1508 636 1580 νον
650 1528 783 1596 ἔχων
804 1524 894 1578 τοῦ
919 1524 1051 1592 όφλή
1061 1539 1245 1592 ματος,
1267 1521 1360 1573 καὶ
1380 1519 1436 1570 ἐν
1457 1513 1719 1587 τραπέζῃ,
1738 1529 1828 1565 και
1849 1511 1906 1562 ὲν
1932 1508 2096 1596 οἰκίᾳ,

543 1615 639 1668 καὶ
666 1616 722 1665 ἐν
753 1613 944 1682 ἀγορᾷ,
977 1612 1071 1664 καὶ
1099 1611 1155 1661 ἐν
1183 1608 1365 1677 κλίνῃ,
1406 1604 1499 1658 καὶ
1532 1597 1802 1670 πανταχοῦ
1832 1598 1921 1650 τὸν
1960 1595 2103 1682 ὀφεί-

543 1698 702 1754 λοντα
738 1680 1245 1766 αὐτῶ-φαντάζεται
1285 1693 1376 1746 καὶ
1411 1687 1777 1757 ὀνειροπολεῖ·
1805 1683 1898 1737 καὶ
1934 1683 1961 1734 6
1994 1680 2101 1766 τῶν

543 1801 649 1857 χρη
659 1786 837 1856 μάτων
1022 1782 1156 1852 μετά
1181 1780 1285 1833 τῶν
1305 1795 1409 1849 χρη
1419 1775 1597 1845 μάτων
1622 1771 1870 1857 κάκεῖνον
1891 1768 1981 1857 ἐπὶ
2007 1765 2103 1857 ¹τῆς

543 1851 1032 1931 τοῦ-’δεδανεικότος
1048 1869 1188 1919 ποιεῖ
1206 1861 1488 1924 διαπαντὸς
1508 1854 1887 1928 περιφέρεσθαι
1909 1851 2102 1921 ψυχῆς.

549 1959 670 2010 Ἵνα
698 1951 790 2008 οῦν
819 1955 913 2008 καὶ
938 1956 1097 2025 ἡμεῖς
1117 1955 1182 2022 τῇ
1205 1949 1377 2004 ἐλπίδι
1405 1947 1503 2015 τῆς
1532 1943 1830 2003 ἀποδόσεως
1859 1937 2107 2025 ἐσώμεθα

548 2041 834 2104 διαπαντὸς
865 2043 922 2093 ἐν
953 2023 1073 2101 ταῖς
1105 2037 1393 2106 ὑμετέραις
1429 2031 1703 2092 διανοίαις,
1736 2027 1828 2079 καὶ
1858 2027 1914 2077 ἐν
1941 2023 2106 2093 οἰκίᾳ,

550 2129 647 2182 καὶ
674 2129 730 2178 ἐν
763 2127 965 2196 ἀγορᾷ,
1001 2123 1093 2178 καὶ
1119 2123 1249 2176 ὅπου
1276 2121 1320 2173 δ’
1356 2118 1421 2173 ἂν
1450 2113 1569 2188 ἦτε,
1601 2113 1686 2168 διά
1719 2112 1874 2167 τοῦτο
1905 2108 1974 2163 τὰ
2013 2109 2108 2178 μὲν

551 2215 840 2285 ὀφλήματα
860 2212 1305 2284 ὡμολογήσαμεν,
1327 2207 1424 2275 τὴν
1452 2205 1508 2258 δὲ
1535 2203 1786 2256 ἀπόδοσιν
1812 2199 2024 2285 ἀπασαν
2047 2196 2108 2250 οὐ

556 2283 854 2369 ποιούμεθα
875 2283 1129 2368 σήμερον,
1153 2295 1238 2348 ῐνα
1259 2295 1324 2363 τῇ
1350 2289 1639 2362 προσδοκίᾳ
1659 2287 1763 2340 τῶν
1785 2283 2112 2353 λειπομένων

554 2385 806 2439 ὑπόθεσιν
820 2384 917 2452 τῆς
941 2382 1065 2452 περὶ
1082 2379 1236 2450 ήμῶν
1257 2378 1470 2448 μνήμης
1490 2375 1618 2446 παρ’
1637 2375 1763 2443 ὑμῖν
1779 2369 2112 2437 καταλείψω-

558 2489 678 2542 μεν.
690 2469 912 2538 Μεγάλη
928 2468 1034 2537 7&9
1050 2468 1082 2537 ἡ
1089 2465 1203 2536 μῶν
1218 2464 1501 2533 ἀσφάλεια,
1511 2461 1607 2530 τῆς
1620 2458 1884 2530 ὑμετέρας
1898 2456 2114 2526 ἀγάπης

557 2556 843 2612 ἀπολαύειν
854 2553 1130 2625 διηνεκῶς.
1139 2551 1187 2622 [1
1197 2550 1285 2621 87]
1300 2552 1361 2620 δή
1370 2566 1469 2621 μου
1486 2547 1719 2600 τοιούτου
1733 2547 1824 2598 καὶ
1841 2543 2088 2597 τοσούτου
2096 2581 2111 2596 .

569 2644 630 2697 '0
652 2644 756 2714 7&9
770 2641 986 2710 ἀγάπης
999 2637 1299 2701 ἀπολαύων,
1317 2636 1408 2689 καὶ
1423 2635 1584 2704 εὐχῆς
1600 2632 1960 2686 ἀπολαύσεται
1985 2628 2118 2682 πάν-

557 2727 856 2793 τως.Τοῦτο
864 2727 919 2779 δὲ
931 2727 1109 2797 ήλίκον
1121 2725 1264 2777 ἐστὶν
1275 2721 1493 2790 ἀγαθὸν,
1506 2719 1660 2789 δῆλον
1675 2717 1878 2771 ἐκεῖθεν
1886 2733 1898 2746 ·
1911 2715 2115 2777 Παῦλος

559 2819 783 2880 ἐκεῖνος,
798 2816 827 2868 6
841 2817 919 2880 εἰς
938 2815 1116 2885 τρίτον
1132 2812 1397 2884 ἀρπαγεὶς
1417 2809 1660 2879 οὐρανὸν,
1674 2809 1702 2860 6
1719 2809 1934 2876 ῥήματα
1953 2805 2084 2857 ἀκού
2097 2832 2116 2844 -

561 2921 661 2966 σας
690 2904 920 2974 ἄρρητα,
947 2904 976 2954 6
1002 2900 1176 2961 πάσας
1209 2898 1601 2965 καπαπατήσας
1631 2894 1729 2954 τάς
1758 2892 1997 2959 ἀνάγκας
2023 2891 2118 2961 τῆς

562 2991 823 3058 φύσεως,ὁ
839 2991 894 3040 ἐν
909 2986 1170 3055 ἀσφαλείᾳ
1181 2984 1360 3054 τελείᾳ
1375 2982 1556 3034 λοιπὸν
1576 2979 1836 3044 ὣν,ἐδεῖτο
1854 2979 1947 3032 καὶ
1957 2978 2118 3047 εὐχῆς

561 3077 669 3130 τῶν
697 3075 970 3146 μαθητῶν,
988 3075 1080 3127 καὶ
1121 3073 1270 3140 ἔλεγε
1304 3088 1316 3102 ·
1337 3069 1746 3136 Προσεύχεσθε
1778 3065 1926 3133 ὑπὲρ
1952 3064 2115 3132 ἐμοῦ,

563 3162 665 3216 ινα
675 3161 880 3230 ῥυσθῶ
895 3161 1009 3215 ἀπὸ
1023 3157 1140 3212 τῶν
1167 3157 1564 3212 ἀπειθούντων
1584 3171 1598 3185 ο
1627 3153 1719 3206 καὶ
1737 3152 1914 3213 πάλιν,
1932 3154 2120 3216 Προσο

565 3252 836 3319 εύχεσθε,
857 3249 955 3302 ἵνα
979 3265 1078 3316 μοι
1102 3244 1245 3313 δοθῇ
1268 3245 1442 3313 λόγος
1459 3243 1527 3295 ἐν
1541 3239 1762 3303 ἀνοίξει
1783 3238 1887 3292 τοῦ
1906 3239 2123 3306 στόμα-

565 3337 669 3401 τός
703 3353 842 3405 μου.
876 3333 985 3386 Καὶ
1027 3329 1300 3402 πανταχοῦ
1344 3330 1503 3399 δρᾶτε
1545 3326 1701 3379 αὐτὸν
1746 3324 1836 3377 καί¹
1877 3322 2123 3375 αἰτοῦντα

567 3425 667 3485 τὰς
709 3420 870 3490 εὐχάς
908 3419 1016 3472 τῶν
1049 3418 1320 3488 μαθητῶν,
1361 3416 1456 3468 καὶ
1493 3409 1908 3482 εὐχαριστοῦντα
1944 3409 2124 3470 αὐτοῖς

573 3507 714 3578 μετά
742 3507 802 3560 τὸ
829 3505 1031 3560 λαϐεῖν.
1061 3505 1177 3557 Ἵνα
1200 3502 1306 3572 γὰρ
1338 3501 1410 3571 μὴ
1434 3500 1563 3569 λέγῃ
1598 3514 1695 3560 τις,
1724 3497 1803 3548 ὅτι
1830 3495 1915 3547 διά
1939 3511 2126 3546 ταπει-

570 3594 899 3665 νοφροσύνην
931 3591 1258 3660 καταφεύγει
1287 3591 1376 3641 ἐπὶ
1401 3586 1496 3650 τὰς
1523 3584 1682 3654 εὐχὰς
1713 3583 1820 3635 τῶν
1851 3579 2124 3650 μαθητῶν,

571 3681 840 3735 δείκνυσιν
876 3679 1052 3734 αὐτῶν
1082 3679 1174 3732 καὶ
1209 3675 1305 3745 τὴν
1333 3674 1578 3743 δύναμιν,
1611 3671 1750 3724 οὕτω
1777 3668 1946 3736 λέγων
1966 3683 1982 3699 ο
2024 3669 2127 3732 Ὃς

573 3769 643 3822 ἐκ
672 3767 1032 3834 τηλικούτων
1059 3763 1323 3818 θανάτων
1352 3761 1639 3828 ἐρρύσατο
1665 3752 1820 3824 ’ἡμᾶς
1842 3771 1856 3786 ο
1880 3753 2130 3820 ἠλπίκαμ-

569 3870 684 3925 μεν
725 3852 792 3906 δὲ
835 3852 923 3905 ὅτι
968 3849 1064 3903 καί
1099 3850 1376 3916 ῥύσεται,
1419 3841 1990 3909 συνυπουργούντων
2029 3838 2129 3891 καί

575 3923 742 4009 ύμῶν
761 3937 834 4007 τῇ
859 3938 1062 4005 δεήσει
1089 3934 1237 4001 ὑπὲρ
1264 3931 1449 4001 ἡμῶν,
1475 3931 1574 3983 ἵνα
1593 3929 1658 3981 τὸ
1684 3930 1769 3991 εἰς
1793 3925 1948 3994 ἡμᾶς
1971 3923 2132 3994 χάρι-

577 4040 702 4096 σμα
728 4025 824 4078 διὰ
849 4021 1091 4077 πολλῶν
1119 4014 1519 4087 εὐχαριστηθῇ
1554 4014 1705 4081 ὑπὲρ
1732 4010 1917 4096 ἡμῶν.

648 4111 711 4164 Εἰ
757 4109 812 4161 δὲ
852 4105 1060 4161 Παῦλον
1097 4103 1351 4157 κινδύνων
1388 4098 1685 4170 ἀπήλλαξεν
1721 4099 1755 4165 ἡ
1779 4095 1871 4149 τοῦ
1901 4094 2132 4166 πλήθους

579 4195 737 4265 εὐχή,
768 4193 885 4255 πῶς
920 4193 980 4245 οὐ
1028 4190 1234 4260 μεγάλα
1270 4187 1350 4240 δεῖ
1387 4184 1684 4256 προσδοκᾷν
1719 4181 1813 4235 καὶ
1849 4181 1995 4251 ἡμᾶς
2027 4179 2134 4233 ἀπὺ

578 4283 780 4351 ταύτης
819 4275 1201 4349 καρπώσεσθαι
1241 4274 1336 4341 τῆς
1372 4270 1727 4342 προστασίαςς
1778 4266 1992 4337 Ἐπειδὴ
2025 4266 2133 4337 γὰρ

583 4369 706 4424 καθ’
732 4368 954 4429 ἑαυτοὺς
983 4363 1259 4434 εὐχόμενοι
1288 4359 1529 4419 ἀσθενεῖς
1558 4358 1740 4426 ἐσμεν,
1769 4355 1897 4407 ὅταν
1923 4354 1979 4406 δὲ
2011 4352 2133 4405 συλ-

582 4455 846 4527 λεγῶμεν,
883 4451 1086 4521 ίσχυροὶ
1115 4445 1370 4517 γινόμεθα
1409 4439 2008 4527 μᾶλλον,δυσωποῦμεν
2043 4438 2134 4491 τὸν

583 4523 713 4596 Θεὺν
842 4537 1033 4609 πλήθει
1061 4535 1153 4589 καί
1170 4536 1233 4604 τῇ
1257 4529 1556 4601 συμμαχίᾳ.
1581 4526 1733 4580 Οῦτω
1766 4525 1860 4578 καὶ
1889 4523 2135 4593 βασιλεὺς

583 4628 841 4690 πολλάκις
877 4624 999 4677 τινὰ
1041 4618 1405 4692 παραπέμψας
1428 4615 1654 4682 θανάτῳ,
1688 4612 1766 4664 ἐνὶ
1796 4611 1890 4680 μὲν
1915 4610 2012 4662 οὐκ
2038 4611 2136 4660 ἐπ-

586 4714 766 4768 ένευσε
791 4711 1026 4781 δεομένῳ
1051 4708 1173 4778 περὶ
1209 4705 1300 4758 τοῦ
1343 4698 1838 4760 καταδικασθέντος,
1884 4695 2035 4748 πόλιν

585 4800 868 4868 ὁλόκληρον
886 4779 1321 4866 παρακαλοῦσαν
1356 4785 1694 4856 ἐδυσωπήθη,
1725 4782 1927 4837 καὶτὸν
1953 4782 2041 4833 ἐπὶ
2063 4779 2137 4868 -τδ

589 4866 852 4959 βάραθρον
874 4882 1213 4950 ἀπαγόμενον
1240 4879 1325 4931 διὰ
1346 4877 1406 4929 τὸ
1432 4873 1630 4945 πλῆθος
1646 4871 1751 4923 τῶν
1768 4866 2137 4959 παρακαλούν-

587 4954 696 5027 των
733 4954 1004 5041 ἐξήρπασε
1037 4967 1133 5036 τῆς
1171 4965 1483 5031 καταδίκης,
1510 4961 1602 5013 καὶ
1634 4958 1769 5029 πρὸς
1794 4954 1935 5025 ζωὴν
1972 4956 2136 5006 ἐπαν-

589 5063 781 5130 ήγαγε.
799 5057 1042 5123 Τοσαύτη
1071 5055 1104 5123 ἡ
1132 5051 1354 5121 δύναμις
1384 5049 1479 5117 τῆς
1498 5046 1589 5098 τοῦ
1612 5045 1841 5114 πλήθους
1865 5041 2138 5130 ἰκετηρίας

591 5127 724 5200 ἐστί.
748 5144 842 5194 Διά
872 5142 1028 5195 τοῦτο
1051 5139 1143 5192 καὶ
1167 5135 1395 5191 ἐνταῦθα
1417 5129 1778 5198 συλλεγόμεθα
1810 5128 2025 5190 πάντες,
2053 5127 2138 5178 ἵνα

594 5231 847 5304 μειζόνως
871 5233 948 5290 εἰς
973 5225 1147 5282 οἶκτον
1176 5220 1597 5290 ὲπισπασώμεθα
1627 5220 1713 5270 τὸν
1742 5217 1891 5268 Θεόν.
1925 5213 2138 5281 Ἐπειδὴ

591 5299 698 5388 γὰρ
714 5315 829 5369 καθ’
845 5315 1070 5375 ἑαυτοὺς
1085 5314 1380 5382 εὐχόμενοι,
1407 5306 1581 5367 καθὼς
1598 5305 1763 5373 ἔφθην
1779 5300 1966 5388 εἰπὼν,
1983 5299 2141 5350 ἀσθε-

593 5384 700 5466 νεῖς
717 5405 896 5470 ἐσμεν,
911 5400 1018 5452 ἀπὸ
1032 5399 1123 5450 τοῦ
1146 5399 1433 5463 συνδέσμου
1451 5394 1545 5461 τῆς
1565 5391 1778 5458 ἀγάπης
1793 5384 2034 5440 δυσωποῦ
2045 5401 2139 5453 μεν

597 5491 682 5544 τὸν
723 5489 849 5540 Θεὸν
893 5485 1071 5538 δοῦναι
1109 5486 1236 5552 ἡμῖν
1276 5484 1344 5534 τὰ
1386 5479 1693 5547 αἰτούμενα.
1731 5473 1910 5526 Ταῦτα
1955 5472 2010 5522 δὲ
2045 5472 2140 5538 οὐχ

595 5574 779 5636 ἁπλῶς
811 5572 979 5638 λέγω,
1019 5568 1135 5620 οὐδὲ
1174 5568 1238 5618 δι’
1280 5567 1508 5633 ἐμαυτὸν
1557 5565 1739 5632 μόνον,
1780 5561 1890 5612 ἀλλ’
1929 5559 2012 5609 ἵνα
2055 5558 2141 5608 ἀεὶ

597 5658 861 5726 σπεύδητε
897 5657 976 5717 εἰς
999 5654 1093 5715 τὰς
1127 5649 1389 5713 συνάξῖις,
1430 5651 1512 5700 ἵνα
1554 5650 1626 5717 μὴ
1663 5648 1874 5714 λέγητε·
1917 5645 1978 5694 Τί
2011 5641 2136 5708 γὰρ,

597 5749 655 5799 ἐν
684 5747 749 5813 τῇ
779 5743 920 5811 οἰκίᾳ
943 5743 1000 5793 οὐ
1023 5740 1248 5806 δύναμαι
1293 5735 1572 5798 εὐξασθαις
1600 5733 1828 5784 Λύνασαι
1864 5731 1959 5799 μὲν
1988 5729 2140 5792 εὐξα-

599 5832 744 5896 σθαι,
772 5830 833 5882 ού
865 5829 1126 5896 τοσαύτην
1158 5824 1213 5877 δὲ
1241 5823 1460 5892 δύναμιν
1500 5819 1607 5888 ἔχει
1646 5819 1677 5886 ἡ
1709 5818 1869 5886 εὐχὴ,
1911 5816 1981 5878 ὡς
2010 5816 2134 5866 ὅταν

1245 458 1304 513 S.
1342 447 1620 512 JOANNIS
1655 430 2128 502 CHRYSOSTOMI
2161 429 2477 490 ARCHIEP.
2513 427 3048 487 CONSTANTINOP.

3643 437 3760 493 182

2193 543 2332 613 μετά
2360 544 2468 598 τῶν
2507 542 2682 613 μελῶν
2707 541 2816 595 τῶν
2846 539 3059 594 οἰκείων
3093 535 3328 608 γίνηται,
3367 533 3442 596 ὡς
3476 534 3609 586 ὅταν
3635 532 3758 584 ὁλό-

2185 626 2382 697 κληρον
2422 627 2483 679 τὸ
2524 625 2681 695 σῶμα
2720 624 2818 693 τῆς
2871 620 3191 692 Ἐκκλησίας
3242 616 3583 688 ὁμοθυμαδὸν
3625 616 3758 697 ἀνατ

2187 694 2377 778 πέμπῃ
2407 708 2503 778 τὴν
2535 694 2716 775 δέησιν
2752 706 2850 774 μιᾷ
2881 704 3062 773 φωνῇ,
3097 700 3284 771 ἰερέων
3315 697 3615 768 παρόντων,
3658 694 3758 748 καὶ

2185 789 2284 851 τάς
2307 787 2470 858 εὐχὰς
2491 787 2584 841 τοῦ
2607 784 2786 840 κοινοῦ
2813 784 3048 856 πλήθους
3072 781 3468 852 ἀναφερόντων.

2260 929 2320 974 ε’.
2349 920 2536 974 Βούλει
2553 919 2740 991 μαθεῖν
2767 920 2906 990 πόση
2929 918 3073 972 ἐστὶν
3089 918 3122 988 ἡ
3137 914 3364 986 δύναμις
3381 913 3484 984 τῆς
3507 912 3675 982 εὐχῆς
3698 913 3760 964 ἐν

2193 1006 2257 1074 τῇ
2293 1003 2555 1074 ἐκκλησίᾳ
2585 1001 2911 1072 γινομένης;
2951 999 3188 1054 Ἐδέδετο
3218 999 3248 1051 6
3280 997 3485 1067 Πέτρος
3523 993 3656 1046 ποτὲ
3697 993 3761 1044 ἐν

2192 1086 2270 1206 ’ῧρ
2316 1085 2688 1206 δεσμωτηρίῳ,
2744 1084 2838 1136 καὶ
2889 1081 3103 1144 ἁλύσεις
3164 1079 3468 1170 περιέκειτο
3531 1075 3760 1137 πολλάς.

2246 1170 2506 1206 ουσευγη
2601 1154 2632 1206 ὲ
2677 1149 2756 1206 ἦν
2804 1150 3050 1206 ἐκτενὴς
3106 1149 3225 1204 ὑπὸ
3266 1166 3376 1206 της
3411 1147 3760 1206 Εκκλησίας

2195 1147 2506 1222 Προσεύχὴ
2553 1147 2652 1206 ’δὲ’
2677 1149 2756 1224 ἦν
2804 1150 3050 1217 ἐκτενὴς
3106 1147 3247 1204 ὐπά
3266 1147 3376 1214 τῆς
3394 1147 3765 1210 Ἐκκλησίας

2196 1236 2324 1303 περί
2370 1234 2554 1289 αὺτοῦ
2601 1232 2898 1304 τννομένη,
2935 1232 3034 1286 καί
3069 1230 3286 1295 εὐθέως
3327 1229 3513 1282 αὑτὸν
3563 1225 3765 1292 ἀπήλ-

2195 1316 2344 1380 λαξε
2367 1315 2473 1369 τοῦ
2501 1315 2919 1384 δεσμωτηρίου.
2948 1313 3014 1365 Τί
3035 1312 3210 1366 τοίνυν
3236 1308 3601 1378 δυνατώτερον
3628 1304 3767 1360 ταὺ-

2196 1415 2299 1468 της
2361 1398 2552 1466 γένοιτ’
2608 1397 2674 1450 ἀν
2722 1397 2822 1465 τῆς
2877 1395 3060 1466 εὐχῆς,
3111 1395 3146 1465 ἢ
3207 1394 3331 1455 τούς
3386 1391 3614 1452 στύλους
3668 1389 3767 1441 καὶ

2199 1481 2440 1549 πύργους
2473 1479 2572 1548 τῆς
2608 1477 2926 1547 Ἐκκλησίας
2954 1475 3235 1545 ώφέλησε;
3272 1472 3486 1535 Παῦλος
3526 1472 3636 1540 γὰρ
3670 1469 3770 1522 καὶ

2200 1563 2401 1630 Πέτρος
2444 1560 2641 1631 πύργοι
2679 1560 2772 1613 καὶ
2809 1557 2988 1611 στῦλοι
3017 1557 3115 1626 τῆς
3156 1554 3496 1623 Ἐκκλησίας·
3542 1553 3639 1606 καὶ
3667 1551 3768 1604 τοῦ

2204 1643 2301 1712 μὲν
2331 1643 2399 1695 τά
2428 1641 2601 1712 δεσμά
2630 1641 2804 1704 ἔλυσε,
2827 1639 2921 1692 τοῦ
2948 1639 3005 1693 δὲ
3025 1639 3084 1693 τὸ
3109 1639 3280 1708 στόμα
3307 1635 3541 1705 ἀνέῳξεν
3565 1647 3616 1688 ι.
3647 1635 3770 1686 Ἵνα

2200 1726 2256 1779 δέ
2288 1725 2363 1795 μὴ
2395 1724 2552 1793 μόνον
2586 1723 2694 1781 ἀπὸ
2719 1721 2825 1776 τῶν
2846 1722 2966 1775 τότε
2997 1721 3333 1792 συμϐάντων,
3371 1718 3508 1772 ἀλλά
3527 1717 3628 1770 καὶ
3656 1716 3770 1768 ἀπὸ

2201 1807 2307 1860 τῶν
2367 1805 2485 1858 καθ’
2529 1805 2762 1873 ἑκάστην
2808 1804 3139 1873 τελουμένων
3172 1802 3268 1872 τὴν
3309 1800 3540 1872 ἡμέραν,
3571 1797 3771 1864 διπλῆν

2203 1889 2300 1957 τὴν
2331 1888 2556 1957 δύναμιν
2598 1885 2949 1955 ἐπιδείξωμεν
2991 1883 3163 1957 [188],
3205 1885 3369 1954 αὐτῆς
3400 1884 3499 1953 τῆς
3530 1881 3634 1935 ὑπὸ
3671 1879 3772 1933 τοῦ

2204 1971 2372 2041 δήμου
2411 1969 2696 2040 γινομένης
2725 1969 2889 2038 εὐχῆς
2937 1968 3080 2039 ὑμᾶς
3123 1968 3542 2038 ἀναμνήσωμεν.
3573 1963 3774 2017 Καίτοι

2205 2070 2270 2121 γε
2311 2053 2366 2106 εί
2410 2069 2495 2115 τις
2535 2051 2641 2105 τῶν
2681 2049 2890 2104 πολλῶν
2929 2049 3082 2119 ὑμῶν
3116 2049 3146 2089 δ
3183 2048 3480 2112 ἐπιτάξειεν
3517 2045 3776 2115 εὐχεσθαι

2207 2133 2329 2188 καθ’
2359 2133 2547 2187 ἑαυτὸν
2575 2132 2716 2203 ὑπὲρ
2746 2132 2844 2201 τῆς
2866 2131 2959 2184 τοῦ
2987 2130 3282 2184 ἐπισκόπου
3316 2129 3612 2198 σωτηρίας,
3638 2127 3780 2179 ικα-

2211 2235 2334 2282 στος
2369 2219 2436 2271 ἂν
2460 2217 2874 2288 παραιτήσαιτο,
2900 2216 2976 2278 ὠς
3002 2215 3182 2285 μεῖζον
3209 2214 3269 2267 τὸ
3304 2212 3521 2283 φορτίον
3543 2211 3644 2280 τῆς
3672 2210 3778 2262 αὐ-

2207 2301 2301 2354 τοῦ
2334 2299 2611 2369 δυνάμεως
2637 2298 2715 2352 ὅνο
2740 2301 2890 2368 κοινῇ
2922 2297 2978 2350 δέ
3007 2298 3204 2359 πάντες
3222 2294 3507 2356 ἀκούοντες
3537 2291 3632 2345 τοῦ
3658 2292 3781 2344 δια-

2210 2383 2364 2436 κόνου
2422 2381 2578 2434 τοῦτο
2639 2379 2946 2442 κελεύοντος
3007 2377 3103 2431 καὶ
3151 2377 3424 2444 λέγοντος,
3469 2371 3780 2440 Δεηθῶμεν

2210 2465 2361 2532 ὑπὲρ
2407 2462 2514 2517 τοῦ
2563 2462 2919 2525 ἐπισκόπου,
2964 2459 3061 2514 καί
3105 2459 3210 2512 τοῦ
3260 2457 3472 2527 γήρως,
3520 2454 3622 2508 καί
3663 2453 3782 2519 τῆς

2213 2545 2584 2612 ἀναλήψεως
2611 2554 2658 2606 ο,
2712 2542 2809 2596 καί
2845 2543 2946 2596 ἵνα
2985 2539 3272 2609 ὀρθοτομῇ
3308 2539 3413 2592 τὸν
3442 2539 3630 2604 λόγον
3667 2534 3782 2600 τῆς

2213 2627 2513 2694 ἀληθείας,
2561 2625 2660 2679 καί
2700 2624 2851 2692 ὑπὲρ
2891 2622 3008 2676 τῶν
3043 2622 3318 2683 ἐνταῦθα,
3346 2619 3440 2672 καί
3475 2617 3630 2685 ὑπὲρ
3658 2615 3784 2669 τῶν

2214 2708 2580 2776 ἁπανταχοῦ,
2625 2707 2686 2760 οὐ
2746 2703 3094 2774 παραιτεῖσθε
3152 2705 3320 2756 ποιεῖν
3357 2701 3417 2754 τδ
3470 2700 3780 2768 ἐπίταγμα,

2217 2791 2350 2844 ἀλλά
2387 2793 2500 2861 μετ’
2526 2791 2795 2852 ἐκτενείας
2818 2787 3115 2857 ἀναφέρετε
3138 2785 3235 2853 τὴν
3259 2783 3439 2853 εὐχὴν,
3464 2781 3662 2842 εἰδότες
3679 2783 3784 2849 τῆς

2219 2875 2485 2946 ὑμετέρας
2513 2873 2727 2926 συνόδου
2763 2870 2862 2941 τήν
2897 2869 3139 2939 δύναμιν.
3168 2868 3371 2920 Ἴσασιν
3400 2866 3449 2917 οἰ
3489 2863 3784 2946 μεμυημέ-

2217 2973 2295 3010 νοι
2337 2945 2405 3008 τὰ
2454 2955 2736 3024 λεγόμεναι
2777 2956 2843 3023 τῇ
2891 2951 2998 3020 γὰρ
3039 2950 3170 3020 εὐχῇ
3214 2949 3322 3000 τῶν
3359 2945 3787 3024 κατηχουμένων

2217 3037 2424 3089 οὐδέπω
2450 3023 2606 3088 τοῦτο
2631 3033 3040 3104 ἐπιτέτραπται,
3063 3029 3249 3099 ἐπειδὴ
3275 3028 3483 3082 οὐδέπω
3513 3027 3652 3096 πρὸς
3678 3023 3785 3095 τὴν

2219 3118 2526 3189 παρρησίαν
2579 3117 2816 3185 ἔφθασαν
2861 3113 3080 3181 ταύτην·
3123 3112 3250 3181 ὑμῖν
3289 3109 3344 3162 δὲ
3387 3110 3480 3162 καὶ
3512 3109 3653 3179 ὑπὲρ
3679 3107 3789 3177 τῆς

2219 3202 2558 3270 οἰκουμένης,
2593 3198 2685 3252 καὶ
2711 3195 2850 3266 ὑπὲρ
2875 3197 2974 3266 τῆς
3006 3193 3325 3264 Ἐκκλησίας
3350 3193 3448 3262 τῆς
3484 3192 3645 3261 μέχρι
3677 3205 3787 3242 πε-

2225 3285 2397 3354 ράτων
2419 3282 2518 3350 τῆς
2549 3280 2651 3350 γῆς
2685 3278 3066 3348 ἐκτεταμένης,
3089 3275 3183 3330 καὶ
3212 3275 3351 3344 ὑπὲρ
3375 3275 3482 3328 τῶν
3518 3274 3791 3328 διοικούν-

2221 3382 2328 3418 των
2355 3362 2522 3432 αὐτὴν
2546 3361 2856 3414 ἐπισκόπων
2887 3359 3138 3413 ἀπάντων
3164 3356 3585 3428 παρακελεύεται
3610 3358 3788 3409 ποιεῖ-

2225 3448 2348 3501 σθαι
2379 3446 2488 3509 τὰς·
2506 3445 2714 3515 δεήσεις
2743 3446 2771 3497 6
2799 3443 3022 3506 ταύταις
3048 3441 3324 3505 διακονῶν,
3356 3441 3448 3494 καὶ
3481 3439 3789 3492 ὑπακούετε

2227 3531 2362 3600 μετά
2382 3529 2706 3600 προθυμίας,
2730 3527 2872 3597 ἔργῳ
2906 3527 3321 3598 μαρτυροῦντες,
3348 3524 3429 3576 ὅτι
3455 3522 3664 3592 μεγάλη
3684 3523 3791 3593 τῆς

2225 3610 2387 3680 εὐχῆς
2437 3611 2470 3678 ἡ
2514 3608 2740 3677 δύναμις
2778 3611 2876 3678 τῆς
2923 3608 2980 3659 ἐν
3029 3606 3290 3676 ἐκκλησίᾳ
3325 3605 3432 3658 ἀπὸ
3469 3604 3563 3657 τοῦ
3609 3604 3790 3674 δήμου

2227 3689 2523 3762 συμφώνως
2575 3689 2982 3759 ἀναφερομένης
3031 3687 3194 3742 ἐστίν.
3232 3685 3390 3739 Ἀλλά
3433 3683 3543 3756 γὰρ
3590 3685 3683 3737 ἐπὶ
3722 3685 3794 3737 τὸ

2228 3772 2579 3843 προκείμενον
2607 3771 2932 3839 ἐπανίωμεν,
2963 3771 3041 3822 ὃτι
3073 3768 3167 3840 μία
3192 3769 3340 3838 φωνὴ
3368 3763 3434 3838 ῆν
3455 3768 3514 3820 τὸ
3535 3766 3788 3820 παλαιόν.

2229 3854 2397 3908 Πόθεν
2424 3851 2514 3906 οὖν
2543 3853 2718 3922 δῆλον,
2745 3853 2827 3905 ὅτι
2867 3850 2964 3921 μία
2996 3851 3145 3921 φωνὴ
3171 3846 3266 3920 ῆν;
3302 3849 3411 3903 Καί
3440 3843 3522 3918 ἦν
3546 3848 3712 3902 πᾶσα
3742 3851 3788 3918 ἡ

2228 3937 2325 4006 τῆ,
2354 3938 2504 4005 φησὶ,
2547 3933 2745 4003 χεῖλος
2774 3933 2860 3986 ἓν.
2907 3933 3135 4001 ’Δσαφὲς
3167 3932 3227 3984 τὸ
3255 3931 3558 4002 εἰρημένον.
3604 3931 3667 3982 Ἡ
3711 3929 3790 4000 γῆ

2228 4019 2401 4090 Χεῐλος
2431 4017 2575 4087 ἔχεις
2619 4014 2896 4084 οὐδαμῶς.
2929 4015 2993 4068 Τί
3027 4011 3119 4068 οὖν
3151 4030 3300 4082 φησι,
3333 4013 3427 4067 καὶ
3455 4014 3582 4082 περί
3608 4012 3790 4077 τίνοςς

2231 4101 2304 4153 Οὐ
2347 4099 2475 4170 περὶ
2514 4097 2713 4168 ταύτης
2742 4097 2886 4164 λέγει
2927 4097 3026 4166 τῆς
3061 4095 3164 4164 γῆς
3189 4095 3286 4164 τῆς
3315 4093 3656 4163 ἀναισθήτου,
3689 4094 3796 4162 τῆς

2231 4181 2503 4250 ἀκινήτου·
2533 4179 2667 4233 ἀλλά
2689 4178 2750 4231 τὸ
2775 4177 2950 4230 κοινὸν
2972 4176 3080 4229 τῶν
3108 4176 3203 4230 ἀνθ
3213 4175 3405 4246 ρώπων
3432 4174 3585 4242 γένος
3614 4173 3795 4236 οὑτως

2232 4261 2474 4325 ἐκάλεσε,
2509 4261 2606 4331 τῆς
2636 4259 2837 4321 οἰκείας
2875 4257 3066 4321 αὐτοὺς
3100 4256 3522 4326 ἀναμιμνήσκων
3551 4254 3792 4323 φύσεως,

2232 4345 2329 4413 τῆς
2374 4341 2576 4412 μητρὸς
2623 4344 2700 4404 εἰς
2731 4340 3030 4410 ὑπόμνησιν
3070 4341 3234 4407 ἄγων,
3258 4337 3377 4390 ὅθεν
3409 4336 3670 4403 ἐγένοντο.
3699 4337 3796 4388 Δι-

2233 4424 2397 4477 πλοῦν
2426 4425 2532 4494 γάρ
2557 4423 2713 4475 τοῦτο
2737 4423 2798 4474 τὸ
2832 4421 2988 4485 ζῶον,
3016 4421 3043 4473 6
3072 4419 3368 4488 ἄνθρωπος,
3409 4417 3569 4483 λέγω,
3604 4418 3666 4468 ἐκ
3698 4416 3796 4467 δύο

2236 4507 2586 4574 συγκείμενος
2629 4504 2843 4567 οὐσιῶν,
2883 4501 2978 4570 τῆς
3008 4502 3103 4569 μὲν
3141 4501 3417 4569 αἰσθητῆς,
3453 4503 3550 4569 τῆς
3581 4500 3637 4551 δὲ
3660 4515 3792 4566 νοη-

2231 4587 2350 4656 τῆς,
2396 4587 2590 4655 ψυχῆς,
2633 4584 2792 4651 λέγω,
2829 4583 2922 4636 καὶ
2961 4582 3226 4650 σώματος,
3253 4582 3344 4633 καὶ
3375 4583 3431 4632 ἐν
3456 4579 3668 4649 οὐρανῷ
3697 4581 3796 4632 καὶ

2234 4672 2290 4722 ἐν
2326 4671 2394 4737 γῇ
2432 4667 2744 4735 συγγένειαν
2771 4666 2924 4734 ἔχων.
2960 4663 3056 4715 Διά
3086 4665 3180 4733 μὲν
3205 4664 3312 4732 γὰρ
3343 4665 3442 4734 τῆς
3471 4661 3663 4730 νοητῆς
3697 4661 3794 4714 οὐ-

2235 4751 2352 4810 σίας
2381 4750 2622 4802 κοινωνεῖ
2645 4749 2760 4808 ταῖς
2787 4749 2895 4799 ἀνω
2916 4745 3196 4815 δυνάμεσι,
3216 4745 3302 4797 διά
3330 4744 3384 4797 δὲ
3409 4745 3508 4813 τῆς
3528 4743 3791 4812 αἰσθητῆς

2234 4833 2345 4894 τοῖς
2383 4831 2481 4899 τῆς
2521 4831 2621 4899 γῆς
2661 4828 2924 4897 συνῆπται
2953 4827 3255 4895 πράγμασι,
3285 4825 3572 4895 σύνδεσμός
3603 4841 3686 4887 τις
3716 4824 3794 4876 ὣν

2235 4912 2460 4983 ἀκριϐὴς
2487 4912 2744 4980 ἑκατέρας
2769 4909 2867 4977 τῆς
2890 4909 3306 4970 κτίσεως.”οταν
3344 4907 3440 4976 μὲν
3466 4902 3556 4959 οῦν
3579 4906 3796 4976 πράττῃ

2235 5013 2289 5048 τι
2320 4995 2424 5047 τῶν
2459 4995 2536 5064 τῷ
2565 4993 2682 5062 Θεῷ
2711 4991 3025 5049 δοκούντων,
3055 4990 3415 5060 πνευματικὸς
3439 4989 3670 5056 λέγεται,
3700 4987 3796 5039 καὶ

2236 5077 2354 5129 οὐδέ
2385 5077 2490 5129 ἀπὸ
2516 5077 2613 5145 τῆς
2636 5074 2810 5144 ψυχῆς
2828 5071 3166 5140 ὀνομάζεται,
3193 5068 3306 5123 ἀλλ’
3336 5070 3426 5138 ἀφ’
3454 5069 3645 5137 ἐτέρας
3678 5069 3796 5135 μεί-

2238 5159 2386 5222 ζονος
2413 5158 2596 5226 τιμῆς,
2627 5157 2731 5209 ἀπὸ
2758 5157 2854 5224 τῆς
2881 5154 2973 5208 τοῦ
2997 5155 3308 5223 Πνεύματος
3338 5151 3632 5220 ἐνεργείας.
3659 5151 3797 5203 Οὐδὲ

2238 5240 2344 5309 γὰρ
2386 5239 2542 5308 ἀρκεῖ
2585 5240 2618 5306 ὴ
2658 5238 2798 5304 ψυχὴ
2842 5236 2970 5304 ἡμῖν
3017 5238 3095 5296 εἰς
3132 5232 3542 5302 κατορθώματα,
3579 5231 3672 5281 ὲάν
3720 5233 3790 5298 μὴ

2240 5319 2627 5388 ἀπολαύσωμεν
2655 5318 2750 5385 τῆς
2776 5311 3023 5387 βοηθείας
3051 5316 3279 5382 ἐκείνης.
3311 5316 3419 5366 Καὶ
3447 5314 3532 5364 ἶνα
3565 5313 3788 5379 μάθητε,

2240 5403 2339 5466 ὅτι,
2372 5402 2487 5453 οὐδὲ
2520 5407 2550 5469 η
2592 5398 2736 5467 ψυχὴ
2771 5399 2929 5468 ἀρκεῖ
2967 5399 3094 5466 ἡμῖν
3136 5399 3210 5457 εἰς
3251 5393 3660 5463 κατορθώματα·
3704 5393 3794 5444 καὶ

2297 5579 2321 5608 ⁸
2348 5576 2477 5626 Colb.
2498 5577 2708 5626 ἢνέωξεν.

2298 5579 2321 5608 ⁸
2348 5579 2477 5626 Colb.
2498 5579 2708 5636 ὴνὲῳξεν.

2298 5640 2325 5677 ιι
2353 5638 2633 5685 Addendum
2675 5650 2761 5680 τινι
2801 5637 2939 5694 putat
2982 5631 3129 5679 Savil.
3172 5629 3274 5690 Ego
3315 5629 3484 5687 )egere
3523 5626 3683 5672 maiim
3707 5627 3798 5670 τᾶν

2237 5702 2420 5747 πολλῶν
2439 5698 2560 5757 ἡμῖν.

2305 5743 2541 5807 ὲηἰλοιέίυε
2584 5754 2846 5814 legendum
2883 5749 3169 5814 conjicilmi
3193 5749 3274 5798 τοῦ
3308 5749 3481 5809 κλήρου
3504 5747 3583 5792 καί
3605 5749 3684 5801 τῆς
3718 5743 3799 5793 τοῦ

2245 5821 2510 5881 Πνεύμχτος
2529 5817 2829 5875 ἀντιλήψεως.
