4016 6448
253 550 475 624 quando
517 550 571 604 in
614 545 808 603 multas
848 542 1017 599 divisa
1059 537 1220 594 fuerit
1264 553 1279 592 :
1317 545 1371 591 et
1398 549 1525 590 num
1554 532 1643 585 illa
1668 530 1845 624 deleta

254 619 421 698 fuerit
440 680 457 706 ,
506 646 666 709 atque
702 637 819 691 alia
852 630 1202 695 introductae,
1233 641 1298 682 an
1324 640 1453 682 vero
1480 629 1728 677 manente
1756 619 1848 675 illa

251 734 481 803 reliquae
508 732 616 785 sint
645 727 958 784 introductae
982 743 995 779 :
1019 737 1183 794 quare
1201 719 1419 775 confusa
1445 715 1636 779 fuerit,
1665 720 1719 768 et
1743 724 1846 780 qua

254 826 328 881 de
354 839 514 880 causa
549 840 562 876 :
590 820 786 877 deinde
810 831 1038 890 quanam
1068 829 1133 870 ex
1157 813 1335 869 multis
1359 810 1505 864 hisce
1532 805 1722 876 linguis
1744 803 1851 856 Ve.

255 924 348 971 tua
396 914 799 970 Testamentum
852 906 1214 975 conscriptum
1273 901 1431 957 fuerit
1482 917 1496 953 :
1542 900 1657 967 ejus
1703 894 1847 950 enim

254 1006 429 1078 gratia
467 1006 538 1061 de
566 1004 649 1058 bis
678 1002 921 1058 onmibus
946 1010 1247 1055 sermonem
1279 992 1602 1048 instituimus
1626 1006 1639 1053 ;
1666 997 1845 1041 utrum

256 1101 353 1155 illa
384 1098 669 1169 antiquiori
693 1111 755 1152 ac
778 1094 939 1166 priori
960 1136 975 1159 ,
1007 1108 1074 1146 an
1099 1103 1232 1145 vero
1252 1088 1354 1142 illis
1379 1100 1498 1155 qua:
1520 1094 1699 1153 postea
1723 1086 1846 1134 sunt

256 1194 508 1247 invecue.
535 1188 641 1246 Sed
662 1188 822 1243 nolite
848 1187 1035 1241 timere
1065 1200 1079 1237 :
1110 1180 1352 1250 quamvis
1373 1177 1515 1233 enim
1537 1175 1697 1229 hodie
1718 1188 1849 1227 cun-

253 1292 344 1337 cta
370 1281 597 1337 reddere
622 1294 726 1334 non
753 1278 1038 1347 possimus,
1067 1272 1286 1329 omnino
1315 1278 1491 1324 tamen
1519 1265 1667 1320 vobis
1698 1271 1847 1332 post-

254 1388 323 1429 ea
352 1371 654 1428 reddemus.
682 1368 788 1425 Cur
815 1367 974 1437 igitur
1012 1379 1134 1419 cum
1178 1361 1338 1416 hodie
1376 1368 1565 1413 cuncta
1591 1352 1847 1411 reddituri

259 1478 370 1521 non
412 1477 651 1521 essemus
669 1501 685 1527 ,
714 1461 949 1515 omnium
975 1456 1128 1511 vobis
1151 1454 1448 1510 debitorum
1478 1455 1847 1519 argumentum

260 1552 643 1610 recitarimus?
671 1550 740 1605 Ut
766 1548 1172 1604 retributionem
1202 1550 1568 1611 exspectantes
1588 1551 1685 1590 nus
1707 1549 1848 1587 sem-

258 1659 362 1716 per
385 1652 561 1700 mente
591 1641 830 1697 versetis.
863 1638 993 1693 Nam
1032 1636 1122 1706 qui
1167 1631 1417 1705 pecunias
1453 1627 1607 1683 alicui
1636 1634 1844 1678 mutua-

258 1746 350 1792 tus
387 1745 469 1791 est
492 1774 507 1800 ,
552 1742 606 1789 et
642 1731 931 1787 obnoxium
977 1727 1139 1781 habet
1188 1722 1521 1784 debitorem,
1550 1717 1601 1770 in
1629 1729 1845 1779 mensa,

263 1829 320 1883 in
364 1825 600 1889 aedibus,
647 1823 701 1877 in
748 1820 966 1885 foro,in
1019 1817 1194 1878 lecto,
1220 1822 1274 1867 et
1302 1811 1494 1879 ubique
1523 1810 1756 1862 locorum
1782 1804 1849 1859 de

261 1931 363 1971 suo
409 1914 648 1970 debitore
690 1910 912 1980 vigilans
951 1905 1148 1975 cogitat
1174 1914 1229 1959 et
1254 1902 1307 1955 in
1334 1898 1535 1955 somnis
1565 1915 1579 1951 :
1610 1905 1661 1951 et
1691 1910 1851 1966 pecu-

261 2007 473 2061 niarum
515 2016 665 2056 amor
705 1999 901 2061 eflicit,
945 2004 1003 2050 ut
1046 1995 1134 2048 ille
1159 2007 1279 2048 cum
1310 1988 1542 2059 pecuniis
1569 1984 1849 2042 creditoris

262 2095 318 2151 In
358 2094 532 2148 anima
570 2088 992 2147 circumferatur.
1024 2087 1092 2140 Ut
1119 2084 1275 2153 igitur
1305 2096 1403 2136 nos
1430 2093 1639 2150 quoque
1667 2076 1848 2131 reddi-

262 2186 426 2241 tionis
465 2199 559 2254 spe
596 2196 807 2251 semper
848 2181 901 2237 in
940 2178 1134 2233 vestris
1163 2174 1429 2230 mentibus
1457 2184 1761 2233 versenmr,
1794 2168 1846 2222 in

262 2276 467 2333 aedibus
487 2314 502 2339 ,
552 2275 603 2329 in
644 2273 793 2338 foro,
825 2280 879 2326 et
917 2270 1235 2338 ubicumque
1261 2264 1499 2330 fueritis,
1529 2262 1728 2316 idcirco
1752 2260 1849 2313 de-

258 2367 376 2424 bita
401 2365 612 2436 quidem
640 2363 790 2417 vobis
817 2360 1202 2432 spopondimus
1219 2396 1238 2425 ,
1269 2356 1425 2411 hodie
1451 2370 1579 2409 vero
1604 2368 1709 2406 non
1733 2366 1851 2406 om-

262 2457 354 2515 nia
396 2456 795 2527 persolvemus,
848 2461 905 2507 ut
948 2466 1134 2507 eorum
1160 2490 1176 2515 ,
1222 2464 1341 2519 quae
1369 2446 1579 2501 residua
1612 2443 1845 2510 fuerint,

259 2545 710 2617 exspectationem
737 2544 885 2599 vobis
917 2551 1187 2611 tamquam
1214 2538 1483 2594 memoriae
1505 2535 1668 2590 nostri
1690 2549 1848 2589 occa-

260 2640 468 2696 slonem
506 2639 885 2708 relinquamus.
916 2635 1042 2690 Haec
1066 2634 1207 2688 enim
1235 2646 1421 2701 magna
1450 2638 1531 2684 est
1561 2637 1737 2683 nostra
1766 2640 1847 2681 sco

261 2734 462 2788 Clll‘lL’lS
482 2772 496 2796 ,
524 2741 580 2785 ut
601 2731 819 2784 caritate
840 2737 1016 2783 vestra
1044 2734 1300 2796 perpetuo
1326 2725 1562 2778 fruamur
1584 2763 1599 2788 ,
1632 2721 1722 2775 tali
1754 2734 1848 2789 po-

260 2824 391 2894 pulo
432 2837 494 2876 ac
542 2828 711 2875 tanto.
759 2820 891 2874 Nam
938 2819 1026 2888 qui
1073 2819 1267 2872 fruitur
1308 2816 1555 2877 caritate,
1602 2812 1847 2880 precibus

264 2916 431 2969 etiam
457 2912 673 2965 omnino
701 2910 920 2964 fruetur.
948 2910 1059 2963 Hoc
1084 2922 1214 2962 vero
1237 2913 1488 2974 quantum
1516 2902 1584 2955 sit
1613 2902 1808 2955 bonum
1829 2940 1844 2964 ,

259 3003 389 3058 inde
407 3003 533 3057 licet
555 3000 824 3070 colligere.
849 2998 1043 3055 Paulus
1070 2997 1185 3061 ille,
1218 2995 1307 3063 qui
1336 2993 1548 3048 tertium
1580 2993 1630 3045 in
1658 2991 1846 3045 caelum

260 3104 449 3163 raptus
476 3093 674 3155 fuerat,
698 3092 785 3161 qui
808 3090 1083 3145 audiverat
1106 3101 1297 3142 arcana
1324 3085 1483 3139 verba
1502 3124 1517 3149 ,
1546 3082 1632 3153 qui
1660 3096 1849 3136 omnes

262 3196 469 3241 natura:
505 3184 850 3238 necessitates
881 3182 1191 3248 subegerat,
1222 3178 1311 3246 qui
1340 3176 1569 3246 perfecta
1597 3174 1847 3242 deinceps

262 3278 317 3331 in
362 3276 647 3330 securitate
692 3271 1068 3342 permanebat,
1098 3268 1347 3341 precibus
1372 3268 1530 3321 etiam
1558 3264 1849 3333 discipulo-

262 3384 382 3424 rum
428 3366 732 3434 indigebat,
774 3380 835 3420 ac
858 3364 1070 3419 dicebat
1101 3380 1115 3416 :
1148 3361 1301 3415 Orate
1326 3376 1418 3430 pro
1447 3374 1526 3411 me
1546 3399 1562 3424 ,
1589 3366 1641 3409 ut
1669 3358 1848 3409 liberer

259 3462 326 3515 ub
346 3460 632 3529 inﬁdelibus
657 3458 830 3530 (Rom.
863 3456 951 3510 15.
993 3455 1081 3510 50.
1110 3455 1243 3523 '51);
1272 3462 1325 3507 et
1356 3465 1537 3505 rursus
1565 3466 1579 3502 :
1616 3449 1769 3502 Orate
1793 3457 1846 3501 ut

259 3554 409 3607 detur
438 3552 562 3605 milii
598 3567 757 3605 sermo
791 3551 843 3603 in
866 3553 1121 3618 apertione
1149 3548 1250 3601 oris
1277 3547 1371 3599 mei
1396 3544 1613 3615 (Ephes.
1645 3545 1699 3599 6.
1731 3543 1844 3612 19).

261 3646 331 3699 Et
358 3645 552 3714 ubique
572 3641 760 3697 videtis
790 3644 960 3710 ipsum
986 3650 1041 3694 et
1064 3638 1444 3707 discipulorum
1467 3636 1732 3690 orationes
1756 3648 1847 3702 po-

260 3734 494 3798 stulare,
540 3741 594 3788 et
632 3747 752 3797 cum
792 3730 1110 3797 obtinuerit,
1152 3728 1349 3799 gratias
1375 3727 1478 3780 illis
1506 3741 1682 3795 agere.
1714 3724 1842 3778 Nam

262 3842 332 3881 ne
369 3825 509 3880 forte
552 3823 693 3878 dicat
728 3822 920 3892 aliquis
964 3837 1087 3876 eum
1129 3834 1238 3889 prae
1269 3817 1427 3871 nimia
1461 3816 1756 3870 humilitate
1776 3814 1844 3868 ad

261 3915 644 3984 discipulorum
705 3927 891 3982 preces
947 3910 1274 3979 confugere,
1327 3908 1577 3960 virtutem
1636 3905 1842 3959 illarum

262 4005 500 4062 ostendit
522 4047 537 4071 ,
564 4020 684 4059 cum
714 4004 784 4057 ita
812 4002 1050 4071 loquitur
1073 4017 1085 4052 :
1114 4000 1212 4065 Qui
1236 4000 1300 4052 de
1326 3999 1476 4051 tantis
1495 3997 1733 4049 mortibus
1756 4012 1846 4050 nos

263 4097 484 4165 eripuit;
508 4110 768 4164 speramus
797 4102 961 4144 autent
980 4131 995 4155 ,
1027 4092 1262 4160 quoniam
1286 4096 1332 4141 et
1361 4087 1527 4139 adhuc
1552 4086 1724 4154 eripiet
1748 4087 1844 4138 ad-

262 4184 550 4256 ;uvantibus
574 4193 621 4237 et
660 4183 795 4236 vobis
827 4182 882 4235 in
907 4181 1131 4234 oratione
1148 4195 1241 4250 pro
1269 4179 1433 4241 nobis,
1459 4186 1513 4230 ut
1533 4177 1593 4229 ob
1618 4176 1846 4228 donatio-

263 4295 375 4332 nem
400 4318 416 4341 ,
457 4292 569 4347 quae
610 4276 662 4328 in
701 4274 841 4327 nobis
883 4282 993 4337 est,
1040 4286 1128 4339 per
1168 4270 1351 4323 multos
1382 4268 1560 4339 gratia:
1586 4283 1678 4336 pro
1705 4266 1845 4319 nobis

264 4376 481 4439 agantur
507 4364 581 4437 (2.
614 4364 731 4418 Cor.
765 4365 815 4417 1.
844 4362 930 4417 10.
962 4360 1076 4430 11).

339 4458 517 4511 Oratio
547 4454 880 4509 multitudinis
898 4462 1141 4523 quantum
1169 4451 1349 4505 valeat.
1369 4478 1441 4490 —
1461 4447 1613 4515 Quod
1639 4448 1682 4501 si
1705 4448 1845 4501 Pau-

266 4552 376 4605 lum
417 4563 445 4602 a
493 4547 741 4618 periculis
788 4546 958 4602 oratio
984 4543 1337 4599 multitudinis
1362 4541 1640 4604 liberavit,
1669 4553 1844 4593 annon

264 4641 425 4695 etiam
467 4654 495 4693 a
538 4638 690 4693 nobis
720 4635 1012 4706 exspectari
1041 4650 1138 4704 par
1164 4641 1278 4699 est,
1308 4642 1366 4686 ut
1396 4647 1458 4685 ex
1487 4631 1587 4685 hoc
1613 4629 1845 4684 subsidio

263 4747 455 4803 magna
479 4730 753 4786 commoda
780 4727 1208 4797 consequamur?
1230 4724 1359 4778 Cum
1388 4725 1528 4779 enim
1561 4722 1751 4776 infirmi
1775 4721 1847 4774 si-

265 4842 386 4881 mus
406 4867 421 4895 ,
468 4826 592 4881 dum
621 4825 721 4879 soli
757 4838 1056 4893 precamur,
1087 4821 1176 4875 ubi
1197 4835 1324 4875 vero
1350 4818 1653 4888 congregati
1682 4816 1847 4871 fueri-

264 4932 387 4973 mus
418 4958 434 4981 ,
494 4916 819 4971 robustiores
848 4955 864 4979 ,
918 4911 1254 4966 multitudine
1306 4925 1368 4964 ac
1412 4910 1666 4963 societate
1716 4907 1844 4961 inita

264 5012 433 5066 Deum
463 5022 763 5063 exoramus.
790 5005 879 5061 Sic
900 5006 1059 5059 etiam
1088 5019 1183 5059 rex
1210 5017 1353 5072 saepe
1380 5016 1501 5056 cum
1525 5003 1752 5071 aliquem
1779 4999 1845 5053 ad

266 5111 495 5158 mortem
533 5100 833 5166 damnarit,
881 5097 970 5151 uni
1008 5096 1220 5167 quidem
1266 5095 1435 5148 oranti
1474 5108 1571 5163 pro
1597 5093 1846 5146 damnato

266 5208 372 5248 non
422 5191 640 5255 annuit,
688 5190 755 5244 ab
802 5190 1003 5258 integra
1030 5202 1158 5242 vero
1183 5184 1395 5240 civitate
1422 5184 1742 5252 deprecante
1770 5181 1847 5235 fa-

264 5283 371 5337 cile
415 5291 664 5335 exoratur
689 5320 704 5345 ,
743 5294 972 5347 eumque
1010 5278 1099 5347 qui
1126 5276 1191 5330 ad
1219 5276 1523 5329 barathrum
1551 5273 1849 5327 abduceba-

266 5385 374 5438 tur,
401 5373 470 5429 ob
491 5372 892 5442 deprecatorqu
920 5369 1309 5424 multitudinem
1331 5368 1592 5437 supplicio
1622 5365 1802 5420 eximit
1826 5405 1842 5431 ,

267 5478 428 5537 atque
458 5465 523 5521 ad
554 5466 712 5519 vitam
743 5463 967 5518 reducit.
999 5462 1167 5517 Tanta
1190 5462 1269 5515 vis
1290 5469 1371 5514 est
1393 5457 1650 5511 orationis
1671 5456 1847 5509 multi-

271 5560 492 5615 tudinis.
536 5558 738 5613 ldcirco
776 5556 934 5611 etiam
973 5554 1272 5623 colligimur
1299 5562 1352 5605 et
1377 5550 1720 5606 convenimus
1746 5550 1847 5601 huc

270 5662 460 5704 omnes
482 5689 497 5711 ,
550 5656 605 5701 ut
631 5646 994 5701 vehementius
1029 5644 1194 5697 Deum
1221 5642 1287 5695 ad
1317 5638 1729 5694 misericordiam
1754 5638 1849 5691 ηε-

268 5749 497 5794 ctamus.
529 5734 658 5791 Nam
687 5752 806 5792 cum
828 5744 1040 5789 orantes
1061 5734 1191 5800 soli,
1218 5741 1274 5786 ut
1292 5740 1414 5785 ante
1440 5730 1546 5783 dixi
1572 5770 1585 5790 ,
1606 5729 1844 5783 imbecil-

270 5830 352 5885 les
392 5829 559 5883 simus
582 5868 597 5893 ,
639 5842 732 5897 per
755 5826 1179 5895 coitjunctionem
1206 5824 1439 5880 caritatis
1464 5822 1626 5877 Deum
1657 5836 1843 5876 exora-

1236 422 1324 480 DE
1362 414 1896 479 PROPHETIARUM
1924 413 2417 472 OBSCURITATE.
2460 412 2525 469 ll.

3427 410 3540 466 182

1950 543 2103 594 mus,
2145 536 2205 583 ut
2240 527 2393 582 nobis
2420 526 2683 597 postulata
2709 524 2988 581 concedat.
3020 523 3145 579 Haec
3164 536 3295 579 vero
3322 534 3429 576 non
3452 529 3534 576 te-

1948 631 2097 672 mere
2123 633 2152 672 a
2179 633 2266 672 me
2294 617 2637 687 proferuntur
2657 658 2671 683 ,
2697 631 2869 686 neque
2900 623 3116 685 propter
3138 614 3395 682 meipsum
3418 619 3535 665 tan.

1951 717 2062 762 tum
2088 750 2103 776 ,
2145 709 2238 763 sed
2284 720 2343 763 ut
2368 724 2582 778 semper
2600 711 2666 763 ad
2696 709 2944 763 collectas
2968 706 3261 777 properetis
3285 746 3300 769 ,
3327 719 3424 760 nec
3446 704 3533 758 die

1949 799 2082 853 catis
2129 813 2142 854 :
2191 801 2380 854 Annon
2427 800 2571 855 enim
2618 814 2775 855 orare
2813 799 2956 853 domi
2996 797 3261 868 possum?
3292 796 3447 851 Potes
3479 805 3533 850 tu

1949 891 2162 962 quidem
2186 907 2342 947 orare
2362 933 2379 959 ,
2408 891 2501 947 sed
2533 900 2730 946 tantam
2759 890 3006 945 virtutem
3033 903 3137 943 non
3161 888 3318 942 habet
3338 886 3531 952 oratio,

1949 996 2107 1051 quam
2133 982 2219 1036 ubi
2242 996 2363 1036 cum
2395 982 2621 1051 propriis
2645 980 2899 1035 membris
2921 978 2979 1033 fit
2996 1020 3013 1046 ,
3035 993 3191 1047 quam
3218 992 3337 1032 cum
3363 984 3531 1030 totum

1949 1087 2142 1141 corpus
2184 1072 2437 1127 Ecclesiae
2478 1071 2802 1127 unanimiter
2837 1078 2891 1123 et
2918 1085 3019 1123 una
3043 1083 3173 1123 voce
3198 1082 3383 1137 preces
3408 1066 3532 1120 fun~

1950 1163 2068 1227 dit,
2118 1162 2479 1217 sacerdotibus
2521 1160 2905 1231 praesentibus,
2945 1175 3009 1214 ac
3047 1158 3210 1215 verba
3234 1157 3533 1213 communis

1950 1262 2119 1307 cmtus
2141 1253 2508 1308 olferentibus.

2019 1343 2071 1398 5.
2105 1343 2265 1398 Visne
2289 1344 2495 1397 discere
2521 1351 2714 1412 quanta
2742 1342 2812 1396 sit
2834 1342 3002 1394 virtus
3029 1339 3302 1403 orationis,
3324 1354 3442 1407 qua:
3471 1338 3523 1392 in

1948 1433 2169 1487 ecclesia
2217 1432 2554 1487 lit?Vinctus
2597 1440 2713 1486 erat
2764 1430 3048 1500 aliquando
3074 1430 3260 1484 Petrus
3305 1429 3359 1482 in
3406 1444 3527 1482 car-

1950 1537 2071 1575 cere
2094 1563 2108 1587 ,
2161 1538 2223 1576 ac
2262 1524 2438 1578 multis
2467 1522 2671 1576 catenis
2712 1519 3107 1576 circumdatus:
3134 1518 3310 1572 Oratio
3362 1530 3529 1571 autem

1954 1611 2101 1679 ﬁebat
2127 1613 2235 1664 sine
2255 1612 2617 1666 intermissione
2636 1612 2698 1664 ab
2723 1609 2948 1663 Ecclesia
2973 1626 3063 1678 pro
3088 1626 3144 1662 eo
3174 1609 3310 1679 (Act.
3340 1607 3426 1661 19..
3453 1606 3537 1676 5),

1952 1713 2007 1759 et
2046 1705 2325 1758 confestim
2360 1705 2505 1758 illum
2533 1704 2715 1757 eduxit
2744 1718 2773 1757 e
2802 1716 3037 1757 carcere.
3082 1700 3217 1767 Quid
3249 1700 3405 1769 igitur
3434 1698 3534 1752 hac

1952 1797 2217 1863 potentius
2254 1794 2364 1848 ﬁeri
2405 1802 2562 1861 queat
2592 1794 2869 1856 oratione,
2918 1808 3035 1861 qua:
3079 1792 3147 1845 de
3188 1790 3444 1845 columnis
3470 1804 3533 1844 ac

1952 1887 2183 1940 turribus
2218 1884 2473 1939 Ecclesiae
2517 1884 2652 1940 bene
2688 1884 2877 1939 merita
2924 1883 3043 1937 est?
3069 1882 3260 1936 Paulus
3298 1881 3437 1934 enim
3477 1888 3533 1934 et

1954 1980 2141 2034 Petrus
2167 1987 2341 2032 turres
2366 1987 2516 2033 erant
2542 1986 2596 2032 et
2619 1978 2878 2032 columna:
2896 1975 3169 2039 Ecclesize,
3195 1984 3352 2042 atque
3375 1973 3531 2042 hujus

1951 2069 2163 2139 quidem
2191 2068 2395 2123 vincula
2422 2070 2598 2133 solvit,
2626 2070 2764 2123 illius
2792 2078 2968 2122 autem
2996 2082 3058 2121 os
3085 2067 3311 2134 aperuit.
3340 2066 3445 2119 Sed
3472 2076 3531 2119 ut

1953 2175 2057 2214 non
2088 2161 2258 2214 solum
2288 2174 2352 2213 ex
2386 2160 2479 2220 iis,
2512 2174 2630 2227 qua:
2659 2170 2769 2212 tum
2798 2158 3124 2219 acciderunt,
3156 2156 3249 2209 sed
3278 2156 3437 2210 etiam
3463 2170 3530 2210 ex

1950 2251 2035 2317 iis,
2068 2267 2186 2320 qua:
2225 2250 2450 2321 singulis
2493 2250 2683 2305 diebus
2725 2250 3100 2319 perficiuntur,
3129 2247 3390 2315 duplicem
3416 2247 3532 2314 ejus

1956 2343 2203 2396 virtutem
2221 2342 2666 2406 demonStrcmus,
2686 2340 2942 2396 orationis
2968 2340 3132 2408 ipsius
3148 2355 3265 2408 qua:
3285 2353 3313 2391 a
3340 2340 3532 2409 p0pulo

1952 2434 2007 2487 fit
2041 2434 2189 2487 vobis
2214 2434 2525 2487 memoriam
2556 2433 2887 2487 refricemus.
2921 2432 3249 2500 Quamquam
3280 2430 3323 2485 si
3353 2431 3470 2500 quis
3499 2445 3531 2484 e

1951 2523 2105 2592 vulgo
2130 2523 2283 2577 vobis
2310 2524 2616 2591 imperaret,
2648 2531 2708 2576 ut
2734 2522 2924 2592 singuli
2953 2536 3016 2575 ac
3043 2522 3141 2575 soli
3171 2536 3267 2589 pro
3294 2521 3526 2590 episcopi

1948 2613 2121 2667 snlute
2163 2614 2406 2676 orarctis,
2452 2614 2813 2683 unusquisque
2859 2627 2979 2667 sese
3022 2621 3320 2677 excusaret,
3371 2622 3530 2682 atque

1951 2704 2053 2759 hoc
2089 2714 2359 2774 tamquam
2398 2719 2533 2758 onus
2563 2704 2765 2758 viribus
2795 2704 2907 2756 suis
2936 2703 3109 2770 majus
3137 2716 3167 2755 a
3196 2716 3254 2756 se
3279 2700 3530 2754 amolire-

1954 2805 2039 2849 tur
2062 2812 2076 2848 :
2101 2796 2225 2849 dum
2253 2810 2382 2849 vero
2404 2795 2762 2849 communiter
2785 2807 2971 2846 omnes
2996 2792 3203 2846 diaconi
3230 2806 3412 2845 vocem
3436 2806 3530 2843 au-

1947 2884 2071 2939 ditis
2096 2884 2145 2938 id
2174 2885 2479 2952 impcrantis
2518 2898 2580 2939 ac
2618 2883 2841 2938 dicentis
2861 2925 2874 2944 ,
2909 2882 3118 2936 Oremus
3144 2898 3235 2951 pro
3260 2883 3513 2951 episcopo,

1949 2985 1996 3028 et
2042 2984 2305 3039 senectute,
2354 2991 2414 3028 ac
2467 2975 2746 3044 patrocinia
2786 2973 2885 3043 (a),
2930 2982 3078 3041 atque
3106 2983 3159 3025 ut
3187 2981 3315 3025 recte
3353 2980 3529 3025 tractet

1948 3068 2149 3120 verbum
2176 3067 2397 3121 veritatis
2419 3108 2431 3130 ,
2467 3077 2509 3119 et
2540 3083 2631 3137 pro
2661 3066 2721 3119 iis
2758 3066 2844 3135 qui
2870 3065 2951 3118 hic
2976 3073 3110 3129 sunt,
3142 3072 3187 3116 et
3216 3064 3396 3132 ubique
3425 3072 3530 3117 ter-

1948 3174 2150 3222 rarum,
2182 3157 2318 3227 quod
2350 3158 2666 3226 imperatum
2696 3166 2778 3211 est
2805 3171 2962 3226 agerc
2991 3170 3095 3209 non
3126 3156 3403 3218 recusatis,
3432 3155 3527 3209 sed

1947 3262 2134 3317 magna
2165 3246 2323 3299 animi
2348 3246 2689 3300 contentione
2714 3260 2898 3314 preces
2920 3244 3139 3309 olfertis,
3168 3243 3307 3313 quod
3334 3251 3526 3311 quanta

1946 3338 2013 3392 sit
2036 3339 2113 3392 vis
2135 3353 2423 3393 concursus
2445 3338 2605 3392 vestri
2636 3337 2799 3405 probe
2826 3336 3152 3404 intelligatis.
3176 3336 3379 3400 Sciunt,
3402 3335 3526 3404 quid

1947 3428 2142 3495 dicam,
2188 3429 2221 3482 ii
2262 3430 2349 3498 qui
2399 3428 2666 3498 mysteriis
2710 3436 2833 3481 sunt
2878 3426 3254 3480 initiatiznam
3301 3424 3527 3479 orationi

1947 3518 2444 3574 catcchumcnorum
2466 3518 2697 3572 nondum
2726 3525 2811 3571 est
2832 3515 2957 3569 illud
2984 3515 3322 3585 permissum,
3349 3529 3524 3583 quan-

1946 3606 2232 3677 doquidem
2262 3607 2495 3661 nondum
2540 3607 2606 3661 ad
2646 3606 2781 3661 hanc
2813 3605 3061 3674 loquendi
3107 3603 3373 3658 licentiam
3404 3617 3528 3671 per-

1946 3708 2207 3754 venerunt
2228 3714 2239 3750 :
2262 3714 2356 3753 vos
2392 3708 2567 3752 autem
2600 3706 2657 3752 ut
2686 3713 2781 3766 pro
2813 3704 2925 3751 toto
2956 3706 3219 3749 terrarum
3252 3694 3402 3759 orbe,
3431 3707 3528 3763 pro

1948 3791 2180 3845 Ecclesia
2208 3806 2325 3859 qua:
2351 3790 2414 3844 ad
2445 3800 2602 3844 terra:
2633 3790 2763 3843 fines
2789 3803 2955 3857 usque
2981 3786 3332 3856 protenditur,
3354 3794 3407 3839 et
3432 3800 3528 3853 pro

1946 3881 2211 3949 episcopis
2239 3881 2490 3933 omnibus
2527 3880 2614 3949 qui
2643 3894 2759 3933 eam
2800 3887 3021 3947 regunt,
3052 3890 3237 3947 preces
3260 3877 3490 3932 oﬂ‘cratis
3510 3916 3526 3941 ,

1946 3970 2258 4025 cohortatur
2310 3971 2394 4036 is,
2446 3971 2532 4039 qui
2580 3970 2846 4024 ministrat
2898 3969 3025 4031 illis,
3075 3977 3129 4022 et
3175 3965 3527 4036 obsequimini

1952 4075 2162 4114 summo
2188 4060 2383 4124 studio,
2415 4075 2478 4115 ac
2508 4061 2681 4129 reipsa
2708 4059 2975 4113 testamini
3000 4072 3242 4126 magnam
3271 4057 3527 4110 orationis

1947 4165 2064 4203 esse
2093 4150 2378 4215 virtutem,
2426 4164 2544 4218 quce
2585 4164 2613 4202 a
2667 4150 2860 4218 populo
2906 4151 2961 4201 in
3006 4148 3228 4202 ecclesia
3256 4148 3526 4201 communi

1946 4255 2207 4294 consensu
2235 4241 2508 4293 offeratur.
2544 4240 2735 4293 Verum
2766 4238 2831 4292 ad
2865 4240 3190 4307 propositum
3218 4239 3521 4305 redeamus,

1946 4330 2087 4399 quod
2120 4330 2413 4398 antiquitus
2454 4344 2556 4383 una
2588 4329 2749 4384 fuerit
2782 4330 2976 4398 lingua.
3008 4329 3157 4384 Unde
3184 4329 3340 4398 igitur
3363 4344 3523 4382 unam

1947 4420 2180 4489 linguam
2226 4418 2390 4474 fuisse
2431 4420 2674 4473 antistat?
2722 4419 2784 4471 Et
2830 4428 2933 4472 erat
2974 4420 3135 4472 onmis
3174 4428 3305 4471 terra
3339 4418 3524 4471 labium

1946 4528 2105 4565 unum
2144 4510 2297 4579 (Gen.
2328 4512 2412 4565 11.
2449 4511 2523 4580 1).
2569 4510 2865 4564 Obscurum
2908 4519 2992 4564 est
3039 4511 3141 4563 hoc
3180 4510 3399 4563 dictum.
3444 4512 3523 4564 An

1948 4602 2141 4656 labium
2172 4602 2330 4655 habet
2359 4603 2543 4655 terra?
2577 4601 2939 4671 Nequaquam.
2973 4601 3107 4668 Quid
3145 4617 3272 4668 ergo
3308 4602 3439 4655 dicit
3466 4611 3523 4656 et

1948 4694 2014 4750 de
2035 4694 2175 4765 quo?
2207 4693 2320 4747 Non
2353 4693 2418 4747 de
2447 4693 2543 4747 hac
2576 4702 2717 4746 terra
2760 4693 2993 4759 loquitur
3021 4708 3140 4759 qua:
3190 4706 3345 4746 sensu
3376 4703 3525 4746 caret

1946 4794 2000 4840 et
2022 4784 2305 4839 immobilis
2333 4795 2443 4848 est;
2475 4783 2567 4837 sed
2594 4784 2902 4837 universum
2933 4797 3099 4851 genus
3129 4783 3414 4838 humanum
3443 4786 3522 4839 sic

1947 4877 2254 4947 appellavit,
2284 4890 2377 4930 eos
2416 4876 2709 4929 admonens
2738 4875 2967 4943 propria:
2995 4884 3216 4941 naturze,
3259 4884 3482 4928 matrem
3509 4916 3523 4939 ,

1948 4984 2012 5022 ex
2040 4984 2139 5037 qua
2167 4967 2267 5020 orti
2294 4974 2438 5031 sunt,
2462 4965 2568 5018 iliis
2598 4965 2650 5017 in
2678 4966 2991 5017 memoriam
3019 4979 3293 5019 revocans.
3321 4965 3529 5034 Duplex

1948 5057 2086 5109 enim
2109 5065 2190 5109 est
2219 5054 2319 5109 hoc
2345 5054 2561 5115 animal,
2590 5053 2770 5115 homo,
2800 5054 3030 5122 inquam,
3056 5070 3120 5107 ex
3162 5054 3367 5108 duabus
3398 5055 3527 5107 sub-

1948 5147 2154 5200 stantiis
2191 5144 2470 5208 conflatus,
2500 5160 2599 5198 una
2645 5145 2901 5207 sensibili,
2932 5146 3189 5214 spirituali
3214 5146 3402 5211 altera,
3426 5146 3527 5201 hoc

1949 5244 2049 5298 est,
2082 5252 2146 5289 ex
2174 5234 2348 5288 anima
2379 5244 2433 5288 et
2458 5248 2702 5302 corpore,
2735 5236 2820 5287 cui
2850 5248 2970 5288 cum
2998 5235 3299 5289 cmlestibus
3326 5244 3372 5288 et
3406 5250 3525 5289 cum

1950 5326 2289 5380 terrestribus
2335 5326 2580 5393 cognatio
2623 5324 2861 5393 qumdam
2912 5324 3213 5379 intercedit.
3257 5324 3387 5377 Nam
3434 5340 3528 5393 per

1950 5416 2280 5483 spiritualem
2312 5412 2524 5481 quidem
2556 5413 2903 5466 substantiam
2944 5428 3064 5465 cum
3114 5413 3395 5467 virtutibus
3432 5430 3523 5467 su-

1953 5506 2134 5574 pernis
2164 5504 2471 5573 participat:
2496 5518 2589 5571 per
2626 5503 2930 5556 scnsibilem
2967 5517 3087 5555 cum
3113 5504 3270 5556 rebus
3299 5508 3527 5557 terrenis

1952 5597 2262 5665 copulatur,
2306 5604 2359 5647 et
2400 5604 2480 5647 est
2518 5594 2731 5661 quidam
2780 5593 2941 5646 veluti
2986 5608 3152 5646 nexus
3195 5593 3527 5648 firmissimus

2018 5708 2088 5767 (η)
2124 5708 2205 5755 llic
2246 5705 2423 5767 aliquid
2464 5706 2565 5752 vitii
2614 5705 2691 5753 vel
2732 5705 2954 5754 defectus
2995 5718 3103 5753 esse
3143 5706 3350 5767 videtur.
3389 5714 3525 5767 Putat

1958 5766 2158 5836 Joannes
2182 5766 2661 5836 Boisiuslegendum,
2686 5773 2729 5815 et
2754 5778 2841 5828 pro
2864 5767 3016 5827 clero,
3042 5773 3087 5816 et
3108 5766 3293 5815 auxilio
3323 5766 3525 5829 Spiritus

1955 5828 2121 5879 sancti.
2148 5835 2235 5877 Sed
2263 5828 2375 5875 illud
2398 5826 2614 5875 divinare
2637 5836 2728 5877 est.
