4016 6448
500 420 611 475 183

502 516 778 584 utriusque
818 523 1092 569 creatum.
1122 512 1254 567 Cum
1291 511 1451 581 igitur
1496 506 1694 578 aliquid
1732 508 1840 577 agit
1881 519 2068 559 eorum

507 620 625 674 qua:
652 605 759 659 Deo
787 613 908 658 sunt
946 604 1166 672 placita,
1201 600 1494 665 spiritualis
1530 599 1754 663 dicitur,
1780 607 1834 652 et
1866 610 1965 650 nec
2003 595 2071 651 ab

504 694 618 764 ipsa
657 693 866 765 quidem
896 694 1068 747 anima
1098 707 1292 746 nomen
1333 690 1564 758 accipit,
1595 689 1686 744 sed
1711 689 1781 742 ab
1805 687 1908 741 alio
1933 700 2070 756 quo-

506 781 627 836 dam
667 783 869 836 honore
919 781 1130 848 majori,
1171 795 1204 834 ι
1252 780 1480 848 Spiritus
1521 779 1850 848 operatione.
1888 776 2070 842 Neque

506 869 648 923 cnim
678 869 744 922 ad
773 879 918 923 recte
945 868 1081 923 facta
1113 867 1308 922 sufficit
1333 870 1533 932 anima,
1565 867 1664 920 nisi
1690 867 1779 920 illo
1809 865 2071 934 potiamur

505 959 720 1013 auxilio.
749 963 922 1027 Atque
951 969 1007 1012 ut
1043 959 1350 1027 intelligatis
1387 959 1617 1012 animam
1654 959 1806 1012 nobis
1831 955 1898 1009 ad
1927 964 2070 1010 recte

507 1048 640 1102 facta
667 1063 770 1101 non
797 1050 1066 1112 sufficere;
1104 1057 1157 1102 et
1203 1047 1328 1118 quid
1359 1046 1508 1108 dico.
1535 1046 1602 1100 ad
1629 1054 1773 1101 recte
1811 1044 1976 1098 facta?
2002 1058 2069 1098 ne

506 1137 573 1189 ad
605 1135 703 1190 hoc
727 1136 940 1205 quidem
971 1148 1024 1189 ut
1050 1152 1112 1190 ea
1140 1152 1260 1205 qua:
1287 1136 1567 1201 dicuntur,
1596 1136 1868 1204 percipere
1898 1134 2066 1201 possi-

510 1241 630 1280 mus
658 1243 673 1280 :
699 1226 965 1289 Animatis,
999 1228 1186 1296 inquit,
1213 1228 1360 1280 homo
1379 1243 1478 1280 non
1501 1227 1708 1296 percipit
1731 1242 1790 1280 ea
1813 1241 1928 1293 qua
1952 1233 2068 1279 sunt

507 1315 732 1384 Spiritus
760 1315 837 1386 (l.
869 1315 988 1370 Cor.
1016 1315 1073 1370 2.
1107 1315 1216 1388 14).
1258 1315 1390 1372 Nam
1432 1327 1488 1370 ut
1525 1316 1790 1370 carnalem
1839 1315 2067 1383 appellat

507 1419 652 1472 eum,
680 1406 770 1474 qui
808 1404 958 1459 carni
998 1406 1195 1472 servit,
1240 1407 1318 1462 sic
1345 1406 1630 1460 animalem
1659 1404 1888 1474 appellat
1912 1420 2064 1469 eum,

506 1495 596 1564 qui
623 1495 1109 1553 ratiocinationibus
1130 1495 1372 1550 humanis
1384 1503 1574 1549 cuncta
1597 1495 1870 1563 permittit,
1897 1508 2068 1563 neque

507 1584 735 1653 Spiritus
760 1584 993 1639 afﬂatum
1023 1586 1230 1655 recipit.
1254 1583 1380 1646 Sed,
1404 1591 1461 1638 ut
1496 1583 1772 1648 dicebam,
1811 1598 1908 1636 nos
1942 1585 2066 1637 dum

507 1683 652 1727 recte
692 1674 930 1744 agimus,
973 1672 1274 1743 spirituales
1308 1672 1704 1727 dicimur:cum
1731 1687 1857 1726 vero
1885 1687 2069 1740 pecca-

509 1779 647 1830 mus,
679 1767 1093 1834 supplantamur,
1121 1776 1175 1821 et
1199 1766 1466 1836 quidpiam
1499 1766 1765 1835 indignum
1798 1766 2068 1820 nobilitate

508 1864 686 1909 nostra
730 1858 1059 1925 peregimus,
1089 1857 1244 1912 nobis
1268 1872 1300 1912 a
1330 1858 1416 1912 vili
1442 1866 1495 1911 et
1521 1856 1723 1925 abjecta
1755 1867 1938 1909 natura
1970 1869 2068 1908 no-

509 1959 631 1999 men
659 1946 900 2014 imponit,
929 1957 983 2001 et
1008 1962 1105 2003 nos
1131 1957 1324 2002 terram
1351 1947 1599 2016 appellat.
1626 1945 1881 2011 Quoniam
1913 1945 2069 2012 igitur

511 2035 598 2090 hic
640 2051 850 2106 quoque
889 2037 1170 2091 nonnullos
1208 2045 1547 2092 accusaturus
1587 2043 1705 2100 est,
1746 2034 1834 2105 qui
1883 2033 2066 2087 turrim

509 2126 916 2192 :cdiiicaverant,
958 2126 1047 2196 qui
1076 2127 1130 2181 in
1159 2127 1456 2191 superbiam
1483 2123 1608 2180 elati
1635 2135 1806 2190 erant,
1831 2123 1920 2194 qui
1951 2139 2067 2177 ma-

501 2213 649 2281 jores
689 2215 942 2284 dignitate
982 2229 1077 2269 sua
1123 2213 1339 2282 spiritus
1376 2214 1477 2268 sibi
1517 2222 1890 2281 sumpserant,
1946 2212 2069 2268 illos

505 2311 680 2355 autem
726 2311 1065 2357 accusaturus
1095 2312 1179 2355 est
1213 2303 1494 2371 superbiae,
1536 2301 1732 2356 idcirco
1764 2318 1794 2356 a
1823 2302 1912 2355 vili
1941 2301 2069 2355 sub-

506 2393 700 2447 stantia
728 2393 878 2448 duxit
903 2392 1310 2462 appellationem
1345 2407 1466 2447 cum
1497 2393 1629 2446 dixit
1653 2409 1666 2445 :
1693 2393 1754 2445 Et
1783 2402 1885 2446 erat
1907 2393 2068 2446 omnis

508 2495 639 2540 terra
664 2487 848 2540 labium
872 2502 1047 2539 unum.
1076 2485 1250 2555 Atque
1287 2493 1343 2539 ut
1370 2483 1583 2538 discalis
1608 2485 1685 2539 sic
1709 2499 1829 2538 eum
1856 2499 1952 2536 nos
1974 2498 2066 2552 ap-

508 2575 709 2645 pellare
724 2591 842 2630 cum
865 2573 1275 2644 peccaverimus,
1295 2573 1553 2627 Adautum
1578 2573 1645 2626 ita
1664 2582 1781 2642 post
1798 2581 2064 2641 peccatum

505 2667 788 2733 appellavit
813 2666 1030 2731 dicens,
1081 2663 1236 2718 Terra
1277 2679 1363 2730 es,
1410 2673 1457 2717 et
1497 2664 1550 2716 in
1587 2679 1775 2716 .erram
1811 2663 2066 2716 reverteris

504 2755 656 2822 (Gen.
688 2757 741 2811 5.
775 2755 864 2825 19)
888 2772 902 2808 :
927 2755 1134 2808 tametsi
1165 2769 1271 2808 non
1306 2763 1446 2809 terra
1487 2761 1688 2806 tantum
1717 2761 1864 2816 erat,
1895 2752 1986 2805 sed
2012 2761 2067 2806 et

502 2845 730 2898 animam
753 2844 975 2898 habebat
992 2845 1362 2898 immortalem.
1378 2842 1484 2898 Cur
1498 2843 1656 2912 igitur
1677 2853 1870 2898 terram
1893 2844 2064 2911 ipsum

500 2934 821 3001 appellavit?
842 2933 972 3000 Quia
1000 2934 1258 3002 peccavit.
1285 2931 1425 2987 Sane
1447 2948 1566 2986 cum
1590 2931 1760 3001 ipsum
1790 2931 2062 2997 formaret,

500 3036 604 3074 non
632 3021 701 3074 ita
724 3020 869 3075 illum
902 3022 1218 3090 appellavit:
1238 3021 1362 3089 quid
1389 3021 1559 3091 ergo?
1595 3020 1864 3074 Faciamus
1897 3022 2063 3075 Itami-

501 3127 612 3164 nem
634 3108 701 3161 ad
725 3109 990 3180 imaginem
1010 3120 1057 3163 et
1075 3109 1452 3163 similitudinem
1473 3117 1724 3161 nostram:
1737 3117 1784 3160 et
1807 3109 2063 3162 dominen-

495 3209 580 3256 tur
630 3201 843 3268 piscibus
886 3201 1038 3254 maris
1059 3240 1076 3266 ,
1123 3208 1171 3253 et
1222 3199 1388 3253 bestiis
1438 3208 1604 3252 terra.
1660 3195 1726 3250 Et
1770 3199 1861 3250 erit
1916 3199 2063 3251 timor

497 3307 669 3344 eorum
717 3300 764 3344 et
791 3298 976 3343 tremor
1002 3305 1154 3358 super
1178 3303 1371 3341 omnem
1400 3295 1582 3341 terram
1613 3285 1765 3358 (Gen.
1799 3287 1848 3340 1.
1877 3285 1976 3350 26;
2005 3286 2059 3341 9.

496 3378 575 3449 2).
621 3379 780 3432 Vides
814 3377 984 3447 qualis
1028 3384 1173 3432 esset
1217 3386 1416 3431 naturae
1456 3375 1835 3445 praerogativa?
1879 3375 2061 3443 quales

498 3469 768 3524 honores?
795 3469 967 3538 qualia
1000 3469 1301 3538 praeconia?
1329 3467 1700 3522 Verumtamen
1729 3478 1852 3520 ante
1879 3481 2062 3535 pecca-

498 3570 608 3613 tum
632 3576 647 3613 :
671 3567 789 3628 post
817 3569 1088 3627 peccatum
1118 3568 1293 3612 autem
1328 3557 1581 3624 deinceps
1602 3572 1617 3608 :
1638 3555 1799 3609 Terra
1831 3572 1904 3618 es,
1935 3565 1980 3607 et
2008 3556 2058 3607 in

498 3660 682 3702 terram
719 3649 998 3702 reverteris.
1037 3647 1172 3701 Audi
1218 3661 1342 3700 vero
1384 3645 1695 3700 Malachiam
1744 3659 1953 3713 quoque
1982 3643 2061 3697 id-

497 3740 666 3806 ipsum
698 3738 999 3792 innuentem
1019 3778 1036 3801 ,
1063 3737 1141 3790 vel
1191 3738 1366 3805 potius
1397 3735 1558 3788 Deum
1591 3750 1684 3803 per
1709 3733 2056 3803 prophetam:

500 3825 626 3880 Ecce
649 3827 786 3880 enim
816 3828 956 3879 mitto
1008 3827 1160 3888 vobis,
1193 3826 1380 3895 inquit,
1412 3824 1580 3877 Etiam
1606 3821 1870 3877 Thesbiten
1898 3821 2056 3891 (Mal.

495 3917 547 3970 4.
709 3916 816 3969 Cur
856 3916 1016 3985 igitur
1053 3915 1251 3970 mittit?
1280 3914 1346 3969 Ut
1382 3923 1636 3968 convertat
1669 3930 1757 3967 cor
1796 3914 1954 3983 patris
1990 3914 2058 3966 ad

493 4006 656 4072 ﬁlium
681 4004 842 4073 (Ibid.
867 4022 913 4058 υ.
940 4006 1017 4074 6).
1049 4004 1180 4060 Nam
1209 4006 1327 4074 quia
1355 4004 1585 4058 futurum
1610 4013 1712 4068 est,
1740 4013 1795 4057 ut
1824 3989 2055 4058 tremen-

496 4093 617 4146 dum
641 4093 764 4146 illud
782 4103 835 4148 et
857 4094 1176 4148 horrendum
1197 4094 1442 4148 adveniat
1458 4094 1732 4162 judicium,
1757 4108 1822 4146 ne
1844 4094 2057 4148 inexcu-

492 4181 682 4235 sabiles
703 4197 765 4235 ac
786 4185 955 4250 pomis
976 4183 1231 4236 obnoxios
1248 4182 1606 4251 deprehensos
1625 4183 1828 4251 aliquos
1843 4183 2056 4238 damnet

494 4271 769 4326 Judexwt
799 4288 918 4324 cum
949 4273 1152 4326 venerit
1182 4273 1301 4338 ille,
1342 4288 1404 4328 ac
1439 4273 1739 4341 przedixerit
1765 4273 2053 4343 appropin-

493 4377 659 4431 quare
707 4376 770 4416 ac
798 4378 893 4432 pro
920 4363 1117 4416 foribus
1153 4378 1271 4416 esse
1298 4362 1577 4416 adventum
1605 4361 1739 4430 ejus,
1769 4363 1836 4416 ad
1867 4364 2056 4416 melio-

493 4469 606 4509 rem
636 4454 833 4522 frugem
864 4465 1073 4508 revocet
1097 4454 1367 4519 homines;
1392 4454 1565 4508 solent
1587 4456 1777 4522 quippe
1796 4471 1913 4523 qua:
1932 4464 2056 4511 ante

496 4541 692 4595 multos
727 4556 893 4595 annos
918 4542 1057 4595 dicta
1084 4551 1206 4596 sunt
1250 4543 1300 4595 in
1329 4550 1686 4609 contemptum
1715 4545 1930 4597 venire:
1954 4559 2053 4596 no-

493 4641 656 4685 stram
683 4632 840 4700 igitur
863 4633 1169 4686 memoriam
1195 4647 1455 4686 renovans
1483 4632 1547 4684 ad
1575 4646 1671 4685 nos
1693 4631 1780 4685 ille
1803 4633 2054 4702 propheta

495 4722 655 4774 venit.
682 4721 787 4776 Sed
817 4721 1070 4790 appellari
1109 4731 1302 4776 terram
1331 4737 1423 4776 eos
1451 4723 1541 4792 qui
1568 4730 1812 4791 peccant,
1845 4721 1896 4775 id
1931 4738 2055 4777 vero

494 4826 633 4865 nunc
662 4812 812 4866 nobis
836 4820 917 4866 est
943 4812 1430 4868 demonstrandum.

563 4901 616 4954 6.
647 4899 938 4954 Peccatores
970 4902 1089 4955 dicti
1116 4911 1266 4955 terra.
1286 4930 1360 4942 —-
1380 4903 1512 4956 Cum
1543 4918 1669 4971 ergo
1708 4903 1954 4966 dixisset,
1987 4901 2056 4958 Ut

489 4999 738 5044 convertat
774 5007 861 5043 cor
880 4993 1035 5060 patris
1061 4993 1128 5045 ad
1145 4992 1330 5060 ﬁlium,
1352 4991 1544 5060 adjecit
1571 4992 1684 5047 :Ne
1706 4993 1834 5060 forte
1860 4995 2056 5048 veniens

489 5080 763 5148 percutiam
812 5089 994 5132 terram
1047 5082 1281 5149 penitus;
1323 5083 1548 5150 percutit
1582 5091 1756 5135 autem
1810 5082 1927 5135 illos
1966 5084 2052 5150 qui

492 5177 729 5237 peccant.
782 5169 937 5223 Vides
988 5184 1081 5223 eos
1121 5172 1208 5240 qui
1255 5179 1476 5239 peccant
1521 5180 1713 5223 tcrram
1763 5171 2054 5239 appellari?

489 5261 625 5314 Alibi
653 5276 834 5314 rursus
860 5261 925 5314 de
948 5261 1161 5315 Christo
1202 5276 1422 5315 narrans
1449 5263 1700 5329 propheta
1728 5262 1803 5317 sic
1843 5263 2013 5315 aiebat
2037 5280 2051 5316 :

490 5347 603 5400 Erit
617 5351 816 5417 justitia
837 5350 1027 5403 cinctus
1055 5350 1274 5402 lumbum
1296 5367 1437 5402 suum
1455 5390 1469 5414 ,
1499 5360 1545 5402 et
1573 5353 1775 5404 veritate
1801 5353 2054 5404 involutus

487 5449 648 5492 costas
675 5456 791 5492 suas
830 5439 978 5508 (Isai.
1008 5442 1093 5494 11.
1127 5443 1180 5508 5)
1215 5459 1227 5494 :
1262 5456 1368 5494 non
1405 5441 1544 5510 quod
1591 5443 1640 5494 in
1677 5443 1786 5495 Deo
1814 5444 1883 5496 sit
1909 5457 2053 5497 costa

490 5528 568 5581 vel
599 5528 838 5591 lumbus;
865 5530 1056 5597 quippe
1080 5544 1198 5583 cum
1222 5530 1588 5599 incorporeum
1621 5533 1688 5584 sit
1712 5531 1937 5597 Nntncn;
1961 5535 2052 5587 sed

493 5632 589 5684 per
619 5617 732 5669 lucc
775 5617 1130 5685 incorruptum
1162 5634 1278 5672 esse
1321 5619 1517 5673 Judicis
1548 5620 1730 5683 istius,
1764 5635 1933 5688 neque
1964 5622 2055 5675 dc-

488 5705 587 5772 cipi
613 5721 768 5774 posse
789 5707 1039 5773 judicium
1073 5708 1304 5761 declarat
1337 5724 1542 5780 :neque
1570 5709 1677 5777 jam
1713 5711 1932 5778 amplius
1962 5726 2047 5764 ca-

1229 399 1287 455 S.
1325 396 1601 454 JOANNIS
1637 390 2108 450 CllRYSOSTOMl
2145 391 2458 450 ARCHIEP.
2497 395 3027 454 CONSTANTINOP.

3647 422 3753 476 184

2179 501 2580 560 lumniatoribus
2598 547 2614 569 ,
2644 523 2816 576 neque
2842 508 3116 564 maledicis
3136 550 3153 578 ,
3180 525 3279 566 nec
3300 514 3630 582 corruptioni
3657 530 3752 584 per

2178 592 2425 660 pecunias
2451 633 2468 659 ,
2492 609 2590 650 nec
2611 594 2748 665 juris
2783 595 3011 653 inscitia
3056 599 3228 654 locum
3258 599 3394 656 fore.
3421 603 3552 658 Nam
3585 605 3634 658 in
3668 605 3753 662 his

2173 680 2384 749 quidem
2419 681 2633 750 judiciis
2660 695 2712 740 et
2743 686 2998 742 innocens
3036 688 3304 756 plectitur,
3332 700 3386 744 et
3410 707 3537 746 reus
3565 694 3748 749 absol-

2174 771 2330 834 vitur,
2365 773 2485 840 quia
2514 787 2752 843 perszepe
2786 774 2876 844 jus
2915 775 3304 834 labefactatur:
3332 795 3452 835 cum
3492 797 3622 837 vero
3649 783 3742 853 ju-

2175 868 2294 914 stus
2330 860 2491 926 judex
2517 873 2572 916 et
2617 865 2705 932 qtti
2748 865 2924 934 decipi
2971 866 3190 923 minime
3239 878 3411 938 potest
3435 871 3750 938 advenerit,

2172 949 2260 1017 qui
2294 949 2496 1015 justitia
2533 953 2736 1006 cinctus
2759 965 2840 1009 est
2867 956 3108 1011 lumbum
3134 972 3310 1024 suum,
3337 970 3390 1014 et
3419 963 3646 1017 veritate
3669 965 3749 1017 in-

2172 1038 2379 1093 volutus
2397 1051 2572 1095 costas
2599 1057 2742 1105 suas,
2767 1058 2954 1099 omnes
2978 1047 3313 1102 exactissime
3335 1049 3422 1116 jus
3442 1063 3600 1104 suum
3640 1053 3744 1106 ob-

2174 1129 2430 1184 tinebunt.
2455 1130 2522 1185 Et
2547 1135 2784 1201 percutiet
2811 1143 2992 1188 terram
3011 1137 3155 1190 verbo
3180 1139 3281 1192 oris
3309 1141 3387 1192 sui
3411 1139 3572 1210 (Ibid.
3598 1159 3642 1196 υ.
3663 1143 3742 1216 Δ).

2170 1221 2342 1289 Atque
2372 1231 2426 1273 ut
2445 1236 2730 1290 cognoscas
2753 1239 2858 1277 non
2884 1225 2951 1279 de
2972 1235 3132 1291 terra,
3160 1227 3253 1282 sed
3278 1228 3346 1283 de
3373 1235 3747 1298 peccatoribus

2171 1323 2292 1363 eum
2344 1311 2508 1378 loqui.
2528 1313 2784 1380 adiunxit,
2805 1313 2874 1368 Et
2900 1317 2953 1370 in
2993 1319 3176 1386 spiritu
3205 1337 3294 1388 per
3317 1322 3452 1375 labia
3476 1323 3747 1392 interﬁciat

2170 1399 2369 1467 impios.
2402 1401 2562 1457 Vides
2605 1402 2692 1456 hic
2734 1405 2892 1458 etiam
2925 1418 3228 1476 peccatores
3270 1426 3388 1468 esse
3419 1423 3618 1470 terram
3645 1432 3745 1486 ap-

2173 1490 2431 1558 pellatos?
2476 1491 2566 1545 His
2615 1508 2742 1562 ergo
2760 1497 3023 1564 cognitis,
3072 1514 3190 1553 cum
3241 1503 3474 1559 audieris
3527 1521 3744 1561 omnem

2171 1586 2365 1632 terram
2412 1579 2606 1633 labium
2653 1598 2812 1635 unum
2856 1583 3053 1652 fuisse,
3097 1587 3374 1645 humanam
3414 1609 3600 1649 rursus
3643 1611 3744 1650 na-

2171 1674 2340 1720 turam
2387 1668 2617 1739 intellige
2648 1688 2661 1723 :
2695 1673 2958 1741 propriam
3011 1677 3152 1730 enim
3201 1679 3448 1734 vilitatem
3481 1684 3638 1739 nobis
3687 1687 3743 1741 itt

2172 1759 2480 1812 memoriam
2506 1771 2720 1816 revocat
2751 1778 2765 1814 :
2794 1777 3038 1832 magnum
3081 1769 3275 1836 quippe
3303 1771 3496 1824 bonum
3531 1785 3614 1828 est
3641 1791 3739 1830 eo-

2168 1847 2470 1914 gnationem
2497 1863 2645 1903 suam
2684 1866 3025 1921 cognoscere,
3053 1869 3116 1908 ac
3141 1857 3278 1912 scire
3297 1899 3313 1924 ,
3343 1861 3534 1928 quibus
3558 1878 3627 1916 ex
3654 1881 3744 1919 rc-

2173 1933 2270 1987 bus
2312 1938 2569 2004 compacti
2623 1939 2808 1993 simus.
2837 1941 2964 1995 Haec
2994 1942 3262 1998 sufficiens
3302 1957 3383 2000 est
3427 1948 3748 2008 humilitatis

2171 2023 2407 2079 doctrina
2435 2028 2792 2083 consideratio
2830 2041 3032 2086 natura:
3065 2051 3078 2086 :
3111 2049 3295 2090 omnes
3334 2049 3511 2106 potest
3534 2053 3747 2111 pertur-

2171 2113 2409 2169 bationes
2455 2117 2644 2172 sedare
2688 2128 2741 2173 et
2803 2123 3236 2190 tranquillitatem
3303 2129 3478 2184 animo
3533 2146 3745 2199 parere.

2170 2204 2456 2275 Propterea
2498 2210 2745 2264 monebat
2786 2211 3000 2280 quidam
3021 2253 3036 2276 ,
3062 2216 3274 2269 Attende
3311 2218 3398 2270 tibi
3422 2220 3522 2288 ipsi
3551 2220 3744 2291 (Eccli.

2167 2295 2256 2350 29.
2283 2296 2414 2364 27),
2448 2301 2677 2367 recogita
2725 2311 2965 2355 naturam
3008 2313 3062 2358 et
3104 2307 3425 2362 creationem
3475 2318 3651 2373 tuam,
3688 2321 3745 2367 et

2167 2385 2391 2440 sufficiet
2419 2387 2519 2441 hoc
2549 2388 2642 2441 tibi
2666 2397 2720 2441 ut
2747 2391 3018 2446 modestus
3041 2403 3293 2464 perpetuo
3318 2399 3391 2450 sis
3415 2405 3470 2451 et
3499 2399 3740 2454 humilis.

2170 2473 2451 2543 Propterea
2473 2476 2646 2544 justus
2675 2477 2764 2532 ille
2792 2479 3058 2534 Abraham
3083 2483 3332 2538 continuo
3361 2485 3743 2554 cogitationem

2169 2563 2304 2619 hanc
2323 2576 2498 2620 mente
2516 2569 2772 2632 versabat,
2788 2585 2885 2623 nec
2901 2586 3148 2640 umquam
3167 2572 3230 2627 de
3250 2588 3308 2628 se
3329 2574 3604 2643 magnifice
3619 2592 3744 2630 scn-

2171 2656 2349 2710 tiebat.
2376 2656 2532 2712 Certe
2572 2674 2691 2713 cum
2720 2660 2881 2714 Deum
2927 2661 3307 2731 alloqueretur,
3340 2679 3402 2718 ac
3429 2674 3572 2718 tanta
3595 2668 3742 2736 apud

2168 2763 2289 2802 eum
2324 2751 2492 2818 gratia
2518 2752 2756 2819 valeret,
2788 2763 2948 2821 atque
2971 2753 3037 2806 ab
3065 2753 3176 2822 ipso
3224 2755 3581 2809 tostimonium
3629 2772 3742 2812 sua:

2168 2839 2377 2891 virtutis
2421 2825 2711 2908 accepisset
2732 2881 2747 2905 ,
2778 2841 2986 2896 dicebat
3016 2859 3029 2893 :
3062 2841 3175 2912 Ego
3201 2855 3364 2896 autem
3391 2861 3500 2898 sum
3533 2855 3664 2898 terra
3693 2858 3742 2899 et

2165 2928 2291 2980 cinis
2321 2927 2468 2996 (Gen.
2496 2930 2582 2983 18.
2612 2929 2726 2999 27).
2753 2930 2901 2985 Alius
2927 2946 3110 2985 rursus
3140 2931 3405 2987 hominem
3433 2937 3740 3004 arrogantia

2167 3017 2402 3070 inflatum
2448 3034 2567 3071 cum
2600 3019 2758 3073 vellet
2802 3022 3126 3088 reprimere,
3152 3036 3253 3076 non
3282 3022 3493 3092 longum
3524 3038 3740 3079 sermo-

2166 3121 2288 3160 nem
2333 3106 2594 3171 instituit,
2622 3109 2714 3161 scd
2746 3110 2978 3163 animum
3029 3110 3142 3178 ejus
3169 3120 3369 3164 tantum
3416 3112 3482 3165 ad
3533 3121 3740 3168 natura:

2164 3210 2274 3248 suae
2304 3197 2609 3249 memoriam
2643 3207 2885 3261 revocat,
2910 3211 3138 3267 eumque
3167 3201 3358 3254 acriter
3402 3203 3624 3270 castigat
3653 3201 3741 3256 his

2165 3284 2339 3337 verbis
2371 3301 2384 3336 :
2421 3284 2552 3349 Quid
2577 3286 2795 3353 superbit
2833 3294 2966 3340 terra
2984 3296 3030 3340 et
3065 3289 3190 3342 cinis
3219 3287 3402 3357 (Eccli.
3435 3290 3522 3345 10.
3547 3291 3631 3362 9)?
3657 3292 3738 3348 Tu

2164 3372 2294 3425 mihi
2319 3389 2435 3442 quae
2467 3382 2584 3440 post
2631 3383 2854 3427 mortem
2880 3385 3138 3444 apparent
3183 3380 3611 3434 commemoras?
3634 3380 3742 3434 Re-

2165 3461 2333 3529 pritne
2363 3464 2529 3531 ipsmn
2563 3464 2845 3517 viventem.
2893 3465 3044 3519 Nuuc
3072 3482 3130 3521 se
3171 3476 3362 3521 terram
3394 3484 3457 3523 ac
3495 3471 3735 3525 cinerem

2161 3565 2280 3604 esse
2306 3568 2406 3604 non
2432 3553 2686 3622 agnoscit.
2724 3554 2876 3607 Videt
2901 3557 3140 3623 corporis
3160 3557 3378 3610 formam
3401 3574 3413 3620 ;
3438 3559 3581 3613 videt
3627 3577 3732 3631 po-

2166 3641 2402 3705 tentiam,
2426 3653 2812 3696 assentatorum
2836 3643 3088 3712 obsequia
3108 3686 3122 3707 ,
3157 3648 3414 3713 parasitos
3439 3657 3733 3706 sectantes.

2165 3731 2409 3786 Vestibus
2462 3735 2707 3801 pretiosis
2739 3734 2988 3799 indutus,
3034 3751 3224 3804 magno
3267 3739 3604 3807 magistratus
3635 3754 3735 3809 ap-

2161 3834 2346 3891 paratu
2370 3821 2671 3888 decoratur,
2703 3825 2846 3878 illum
2869 3824 2984 3879 hare
3012 3839 3200 3894 pompa
3229 3825 3444 3894 decipit,
3474 3837 3528 3882 et
3554 3839 3610 3882 ut
3633 3845 3733 3882 na-

2163 3922 2293 3967 turte
2321 3914 2657 3968 obliviscatur
2683 3917 2864 3970 efficit.
2898 3917 3107 3972 Scimus
3154 3929 3345 3972 terram
3376 3934 3495 3974 esse
3540 3936 3639 3975 nos
3667 3936 3734 3977 ac

2159 4005 2544 4060 cineremzsed
2575 4023 2670 4062 nos
2715 4008 2806 4077 qui
2862 4017 3215 4077 temperantes
3258 4025 3319 4064 ac
3365 4011 3587 4066 modesti
3643 4028 3736 4068 su-

2162 4107 2279 4146 mus
2301 4102 2381 4146 :at
2407 4094 2494 4148 ille
2519 4096 3025 4150 demonstrationem
3050 4097 3185 4151 hanc
3205 4114 3234 4150 a
3257 4099 3357 4153 fine
3380 4100 3588 4155 ductam
3623 4118 3733 4158 non

2161 4192 2468 4251 exspectat,
2513 4201 2683 4252 neque
2726 4187 2792 4240 ad
2838 4187 3040 4242 loculos
3087 4189 3417 4260 tumulosque
3467 4194 3731 4260 majorum

2160 4274 2349 4339 pergit,
2382 4273 2473 4326 sed
2497 4277 2773 4342 prtesentia
2805 4278 3041 4345 respicit,
3071 4293 3241 4347 neque
3265 4279 3546 4349 quidquam
3574 4285 3734 4353 cogi-

2160 4369 2236 4414 tat
2259 4361 2326 4415 de
2368 4361 2574 4416 futuris.
2604 4364 2717 4418 Jam
2746 4379 2810 4418 ex
2853 4365 2952 4419 hoc
2981 4367 3125 4420 illum
3169 4367 3301 4422 doce
3327 4379 3519 4423 terram
3551 4386 3612 4424 ac
3648 4373 3730 4426 ci-

2161 4468 2340 4507 nerem
2367 4454 2534 4522 ipsum
2565 4471 2700 4509 esse.
2731 4457 2880 4510 illane
2905 4460 3180 4528 tantiSper.
3210 4461 3397 4527 ittquit,
3423 4477 3594 4531 neque
3622 4463 3728 4518 hoc

2158 4544 2389 4608 docebo,
2423 4545 2516 4598 scd
2545 4545 2686 4598 aliud
2719 4548 2880 4600 multo
2929 4548 3184 4615 altjcctius
3211 4565 3225 4601 :
3259 4559 3314 4602 ut
3337 4566 3456 4603 cum
3488 4550 3620 4604 fastu
3651 4554 3736 4605 in-

2161 4635 2409 4688 tumucrit
2428 4675 2441 4696 ,
2471 4650 2619 4688 suam
2653 4637 2818 4704 ipsius
2844 4637 3097 4691 vilitatem
3139 4650 3382 4708 agnoscat
3407 4657 3424 4698 ;
3455 4649 3511 4694 ut
3541 4643 3735 4698 vivens

2163 4723 2387 4791 accipiat
2409 4723 2743 4776 medicinam.
2772 4725 2902 4778 Cum
2932 4727 3072 4780 enim
3102 4727 3353 4795 dixisset,
3390 4730 3525 4794 Quid
3553 4747 3732 4800 super-

2161 4813 2228 4864 bit
2259 4824 2390 4865 terra
2413 4821 2458 4864 et
2481 4812 2637 4866 cinis?
2666 4813 2857 4880 adjecit
2883 4833 2894 4866 :
2931 4815 3181 4878 Quoniam
3225 4819 3274 4870 in
3297 4820 3396 4872 vita
3423 4819 3490 4870 ad
3515 4820 3734 4874 nihilum

2159 4903 2362 4953 redacta
2406 4912 2519 4952 sunt
2545 4899 2718 4952 intima
2742 4903 2848 4971 ejus
2880 4901 3036 4969 (Ibid.
3082 4920 3129 4957 υ.
3161 4906 3269 4975 10).
3301 4907 3432 4973 Quid
3469 4911 3570 4966 hoc
3610 4920 3728 4977 est,

2165 4992 2409 5057 Quoniam
2436 4993 2486 5045 in
2516 4995 2615 5046 vita
2639 4995 2706 5046 ad
2734 4996 2946 5048 nihilum
2986 5000 3188 5051 redacta
3216 5012 3327 5054 sunt
3364 5005 3536 5058 intima
3578 5009 3733 5072 eius?

2160 5081 2450 5135 ObSCtn‘llm
2497 5093 2577 5137 est
2635 5083 2860 5139 fortasse
2902 5086 3101 5141 dictum
3163 5092 3304 5145 illud.
3371 5092 3559 5148 Intima
3601 5098 3732 5152 dicit

2161 5171 2428 5237 intestina,
2459 5174 2585 5226 dicit
2617 5175 2835 5242 viscera,
2865 5189 3103 5233 ventrem
3128 5187 3447 5239 stercoribus
3471 5188 3720 5254 plenum,

2160 5276 2221 5313 ac
2266 5264 2443 5314 multis
2489 5265 2733 5318 sordibus
2772 5277 2826 5320 et
2878 5268 3066 5322 faetore
3099 5287 3111 5322 :
3141 5287 3243 5325 non
3292 5277 3428 5342 quod
3482 5289 3729 5334 naturain

2160 5350 2403 5414 damnet,
2435 5353 2526 5405 sed
2558 5363 2612 5406 ut
2634 5354 2695 5406 ad
2725 5355 3075 5411 humilitatem
3107 5360 3346 5416 adducat.
3378 5366 3628 5430 Quoniam
3679 5373 3731 5423 in

2160 5442 2258 5493 vita
2309 5443 2374 5492 ad
2406 5443 2614 5495 iii/tilum
2662 5447 2865 5498 redacta
2909 5453 3086 5502 sunt‘.
3113 5450 3270 5506 Vides
3326 5470 3480 5523 quam
3515 5459 3633 5512 vilis
3678 5472 3731 5516 ct

2161 5532 2300 5583 tluxa.
2331 5533 2398 5584 sit
2445 5543 2619 5586 nostra
2662 5537 2995 5590 substantia?
3023 5539 3134 5592 Noli
3158 5541 3294 5594 diem
3324 5545 3493 5598 obitus
3534 5563 3730 5617 cmpe-

2161 5662 2428 5770 CIIL’ICOH)...
2455 5667 2676 5724 Quoniam
2699 5679 2746 5715 ιη
2771 5668 2863 5716 vita
2881 5669 2983 5727 eius
3012 5669 3163 5720 vilitas
3203 5679 3386 5723 ηαιιιτιε
3416 5676 3520 5734 eius
3544 5681 3728 5741 ρενενέε

2189 5750 2202 5770 .
2283 5759 2298 5770 .

2189 5750 2268 5771 ιιιιι
2283 5759 2298 5772 α
