  <div class='ocr_page' id='page_1' title='image "/cluster/home/n/w/nwhite01/storage/ocr_20150623/56/ien.35556001660836/191.png"; bbox 0 0 4016 6482; ppageno 0'>
   <div class='ocr_carea' id='block_1_1' title="bbox 541 601 2108 673">
    <p class='ocr_par' dir='ltr' id='par_1_1' title="bbox 541 601 2108 673">
     <span class='ocr_line' id='line_1_1' title="bbox 541 601 2108 673; baseline -0.005 -13"><span class='ocrx_word' id='word_1_1' title='bbox 541 610 633 661; x_wconf 73' lang='grc' dir='ltr'>τὸν</span> <span class='ocrx_word' id='word_1_2' title='bbox 672 603 865 673; x_wconf 82' lang='grc' dir='ltr'>αὐχένα</span> <span class='ocrx_word' id='word_1_3' title='bbox 900 603 1263 668; x_wconf 82' lang='grc' dir='ltr'>ἀνατείνοντα,</span> <span class='ocrx_word' id='word_1_4' title='bbox 1289 603 1388 665; x_wconf 87' lang='grc' dir='ltr'>τὰς</span> <span class='ocrx_word' id='word_1_5' title='bbox 1426 601 1596 672; x_wconf 73' lang='grc' dir='ltr'>ὀφρῦς</span> <span class='ocrx_word' id='word_1_6' title='bbox 1635 601 1980 666; x_wconf 75' lang='grc' dir='ltr'>ἀνασπῶντα,</span> <span class='ocrx_word' id='word_1_7' title='bbox 2018 602 2108 653; x_wconf 75' lang='grc' dir='ltr'>ἐπὶ</span> 
     </span>
    </p>
   </div>
   <div class='ocr_carea' id='block_1_2' title="bbox 539 689 2108 764">
    <p class='ocr_par' dir='ltr' id='par_1_2' title="bbox 539 689 2108 764">
     <span class='ocr_line' id='line_1_2' title="bbox 539 689 2108 764; baseline -0.004 -18"><span class='ocrx_word' id='word_1_8' title='bbox 539 695 635 746; x_wconf 84' lang='grc' dir='ltr'>τοῦ</span> <span class='ocrx_word' id='word_1_9' title='bbox 679 694 950 762; x_wconf 82' lang='grc' dir='ltr'>ὀχήματος</span> <span class='ocrx_word' id='word_1_10' title='bbox 991 692 1306 764; x_wconf 82' lang='grc' dir='ltr'>φερόμενον,</span> <span class='ocrx_word' id='word_1_11' title='bbox 1347 690 1688 754; x_wconf 83' lang='grc' dir='ltr'>ἀπειλοῦντα,</span> <span class='ocrx_word' id='word_1_12' title='bbox 1722 691 1800 751; x_wconf 85' lang='grc' dir='ltr'>εἰς</span> <span class='ocrx_word' id='word_1_13' title='bbox 1829 689 2108 760; x_wconf 79' lang='grc' dir='ltr'>δεσμωτή-</span> 
     </span>
    </p>
   </div>
   <div class='ocr_carea' id='block_1_3' title="bbox 548 776 2108 850">
    <p class='ocr_par' dir='ltr' id='par_1_3' title="bbox 548 776 2108 850">
     <span class='ocr_line' id='line_1_3' title="bbox 548 776 2108 850; baseline -0.003 -18"><span class='ocrx_word' id='word_1_14' title='bbox 548 799 658 850; x_wconf 78' lang='grc' dir='ltr'>ριον</span> <span class='ocrx_word' id='word_1_15' title='bbox 688 779 1038 849; x_wconf 82' lang='grc' dir='ltr'>ἐμϐάλλοντα,</span> <span class='ocrx_word' id='word_1_16' title='bbox 1077 777 1290 848; x_wconf 81' lang='grc' dir='ltr'>Θανάτῳ</span> <span class='ocrx_word' id='word_1_17' title='bbox 1316 777 1694 848; x_wconf 83' lang='grc' dir='ltr'>παραδιδόντα,</span> <span class='ocrx_word' id='word_1_18' title='bbox 1717 776 2108 847; x_wconf 79' lang='grc' dir='ltr'>ἐπηρεάζοντα,</span> 
     </span>
    </p>
   </div>
   <div class='ocr_carea' id='block_1_4' title="bbox 541 863 2112 936">
    <p class='ocr_par' dir='ltr' id='par_1_4' title="bbox 541 863 2112 936">
     <span class='ocr_line' id='line_1_4' title="bbox 541 863 2112 936; baseline 0 -18"><span class='ocrx_word' id='word_1_19' title='bbox 541 866 662 919; x_wconf 83' lang='grc' dir='ltr'>εἰπέ</span> <span class='ocrx_word' id='word_1_20' title='bbox 699 867 830 936; x_wconf 80' lang='grc' dir='ltr'>πρὸς</span> <span class='ocrx_word' id='word_1_21' title='bbox 857 866 1034 919; x_wconf 86' lang='grc' dir='ltr'>αὐτόν·</span> <span class='ocrx_word' id='word_1_22' title='bbox 1071 867 1130 919; x_wconf 86' lang='grc' dir='ltr'>Τί</span> <span class='ocrx_word' id='word_1_23' title='bbox 1169 865 1674 932; x_wconf 69' lang='grc' dir='ltr'>ὐπερηςρανεύεται</span> <span class='ocrx_word' id='word_1_24' title='bbox 1715 863 1792 933; x_wconf 73' lang='grc' dir='ltr'>γῆ</span> <span class='ocrx_word' id='word_1_25' title='bbox 1832 863 1929 916; x_wconf 81' lang='grc' dir='ltr'>καί</span> <span class='ocrx_word' id='word_1_26' title='bbox 1960 878 2112 918; x_wconf 86' lang='grc' dir='ltr'>σπο-</span> 
     </span>
    </p>
   </div>
   <div class='ocr_carea' id='block_1_5' title="bbox 543 949 2114 1019">
    <p class='ocr_par' dir='ltr' id='par_1_5' title="bbox 543 949 2114 1019">
     <span class='ocr_line' id='line_1_5' title="bbox 543 949 2114 1019; baseline -0.001 -15"><span class='ocrx_word' id='word_1_27' title='bbox 543 955 676 1018; x_wconf 53' lang='grc' dir='ltr'>δός</span> <span class='ocrx_word' id='word_1_28' title='bbox 711 953 832 1005; x_wconf 87' lang='grc' dir='ltr'>’Ὁτι</span> <span class='ocrx_word' id='word_1_29' title='bbox 874 951 970 1005; x_wconf 80' lang='grc' dir='ltr'>καί</span> <span class='ocrx_word' id='word_1_30' title='bbox 1011 951 1081 1004; x_wconf 81' lang='grc' dir='ltr'>ἐν</span> <span class='ocrx_word' id='word_1_31' title='bbox 1125 950 1200 1019; x_wconf 73' lang='grc' dir='ltr'>τῇ</span> <span class='ocrx_word' id='word_1_32' title='bbox 1247 949 1358 1018; x_wconf 77' lang='grc' dir='ltr'>ζωῇ</span> <span class='ocrx_word' id='word_1_33' title='bbox 1395 951 1579 1004; x_wconf 81' lang='grc' dir='ltr'>αὐτοῦ</span> <span class='ocrx_word' id='word_1_34' title='bbox 1617 949 2005 1014; x_wconf 79' lang='grc' dir='ltr'>ἐξουδένωιάι</span> <span class='ocrx_word' id='word_1_35' title='bbox 2042 950 2114 1002; x_wconf 84' lang='grc' dir='ltr'>τὰ</span> 
     </span>
    </p>
   </div>
   <div class='ocr_carea' id='block_1_6' title="bbox 543 1037 2112 1109">
    <p class='ocr_par' dir='ltr' id='par_1_6' title="bbox 543 1037 2112 1109">
     <span class='ocr_line' id='line_1_6' title="bbox 543 1037 2112 1109; baseline -0.001 -17"><span class='ocrx_word' id='word_1_36' title='bbox 543 1039 823 1093; x_wconf 84' lang='grc' dir='ltr'>ἑνδόσθια</span> <span class='ocrx_word' id='word_1_37' title='bbox 871 1038 1073 1094; x_wconf 85' lang='grc' dir='ltr'>αὐτοῦ.</span> <span class='ocrx_word' id='word_1_38' title='bbox 1123 1038 1308 1091; x_wconf 88' lang='grc' dir='ltr'>Ταῦτα</span> <span class='ocrx_word' id='word_1_39' title='bbox 1362 1038 1422 1090; x_wconf 92' lang='grc' dir='ltr'>οὐ</span> <span class='ocrx_word' id='word_1_40' title='bbox 1470 1038 1597 1109; x_wconf 77' lang='grc' dir='ltr'>περὶ</span> <span class='ocrx_word' id='word_1_41' title='bbox 1630 1037 1919 1108; x_wconf 86' lang='grc' dir='ltr'>ἀνθρώπου</span> <span class='ocrx_word' id='word_1_42' title='bbox 1957 1037 2112 1106; x_wconf 88' lang='grc' dir='ltr'>μόνον</span> 
     </span>
    </p>
   </div>
   <div class='ocr_carea' id='block_1_7' title="bbox 547 1123 2112 1196">
    <p class='ocr_par' dir='ltr' id='par_1_7' title="bbox 547 1123 2112 1196">
     <span class='ocr_line' id='line_1_7' title="bbox 547 1123 2112 1196; baseline -0.001 -18"><span class='ocrx_word' id='word_1_43' title='bbox 547 1126 776 1190; x_wconf 89' lang='grc' dir='ltr'>ἰδιώτου,</span> <span class='ocrx_word' id='word_1_44' title='bbox 828 1125 960 1178; x_wconf 90' lang='grc' dir='ltr'>ἀλλά</span> <span class='ocrx_word' id='word_1_45' title='bbox 1016 1126 1108 1178; x_wconf 77' lang='grc' dir='ltr'>καὶ</span> <span class='ocrx_word' id='word_1_46' title='bbox 1160 1125 1288 1196; x_wconf 73' lang='grc' dir='ltr'>περὶ</span> <span class='ocrx_word' id='word_1_47' title='bbox 1335 1123 1499 1177; x_wconf 89' lang='grc' dir='ltr'>αὐτοῦ</span> <span class='ocrx_word' id='word_1_48' title='bbox 1549 1123 1643 1176; x_wconf 86' lang='grc' dir='ltr'>τοῦ</span> <span class='ocrx_word' id='word_1_49' title='bbox 1675 1123 1980 1193; x_wconf 77' lang='grc' dir='ltr'>καθημένου</span> <span class='ocrx_word' id='word_1_50' title='bbox 2020 1124 2112 1176; x_wconf 77' lang='grc' dir='ltr'>ἐπὶ</span> 
     </span>
    </p>
   </div>
   <div class='ocr_carea' id='block_1_8' title="bbox 542 1210 2112 1284">
    <p class='ocr_par' dir='ltr' id='par_1_8' title="bbox 542 1210 2112 1284">
     <span class='ocr_line' id='line_1_8' title="bbox 542 1210 2112 1284; baseline -0.001 -20"><span class='ocrx_word' id='word_1_51' title='bbox 542 1212 635 1265; x_wconf 90' lang='grc' dir='ltr'>τοῦ</span> <span class='ocrx_word' id='word_1_52' title='bbox 675 1214 861 1284; x_wconf 84' lang='grc' dir='ltr'>θρόνου</span> <span class='ocrx_word' id='word_1_53' title='bbox 891 1210 984 1263; x_wconf 86' lang='grc' dir='ltr'>τοῦ</span> <span class='ocrx_word' id='word_1_54' title='bbox 1017 1211 1291 1281; x_wconf 89' lang='grc' dir='ltr'>βασιλικοῦ</span> <span class='ocrx_word' id='word_1_55' title='bbox 1326 1212 1471 1264; x_wconf 78' lang='grc' dir='ltr'>ἐστιν</span> <span class='ocrx_word' id='word_1_56' title='bbox 1509 1212 1700 1264; x_wconf 83' lang='grc' dir='ltr'>εἰπεῖν.</span> <span class='ocrx_word' id='word_1_57' title='bbox 1745 1210 1836 1280; x_wconf 82' lang='grc' dir='ltr'>Μὴ</span> <span class='ocrx_word' id='word_1_58' title='bbox 1874 1210 1981 1281; x_wconf 85' lang='grc' dir='ltr'>γὰρ</span> <span class='ocrx_word' id='word_1_59' title='bbox 2011 1210 2112 1280; x_wconf 80' lang='grc' dir='ltr'>τὴν</span> 
     </span>
    </p>
   </div>
   <div class='ocr_carea' id='block_1_9' title="bbox 542 1296 2110 1371">
    <p class='ocr_par' dir='ltr' id='par_1_9' title="bbox 542 1296 2110 1371">
     <span class='ocr_line' id='line_1_9' title="bbox 542 1296 2110 1371; baseline -0.003 -19"><span class='ocrx_word' id='word_1_60' title='bbox 542 1299 829 1371; x_wconf 79' lang='grc' dir='ltr'>ἁλουργίδα</span> <span class='ocrx_word' id='word_1_61' title='bbox 859 1301 990 1370; x_wconf 84' lang='grc' dir='ltr'>ῐδῃς,</span> <span class='ocrx_word' id='word_1_62' title='bbox 1017 1299 1149 1370; x_wconf 83' lang='grc' dir='ltr'>μηδὲ</span> <span class='ocrx_word' id='word_1_63' title='bbox 1181 1298 1242 1350; x_wconf 88' lang='grc' dir='ltr'>τὸ</span> <span class='ocrx_word' id='word_1_64' title='bbox 1274 1297 1528 1367; x_wconf 88' lang='grc' dir='ltr'>διάδημα,</span> <span class='ocrx_word' id='word_1_65' title='bbox 1556 1297 1691 1366; x_wconf 87' lang='grc' dir='ltr'>μηδέ</span> <span class='ocrx_word' id='word_1_66' title='bbox 1722 1297 1790 1349; x_wconf 91' lang='grc' dir='ltr'>τά</span> <span class='ocrx_word' id='word_1_67' title='bbox 1825 1297 2012 1365; x_wconf 90' lang='grc' dir='ltr'>ἰμάτια</span> <span class='ocrx_word' id='word_1_68' title='bbox 2043 1296 2110 1348; x_wconf 83' lang='grc' dir='ltr'>τά</span> 
     </span>
    </p>
   </div>
   <div class='ocr_carea' id='block_1_10' title="bbox 540 1381 2108 1455">
    <p class='ocr_par' dir='ltr' id='par_1_10' title="bbox 540 1381 2108 1455">
     <span class='ocr_line' id='line_1_10' title="bbox 540 1381 2108 1455; baseline -0.001 -19"><span class='ocrx_word' id='word_1_69' title='bbox 540 1387 732 1454; x_wconf 71' lang='grc' dir='ltr'>χρυσᾶ,</span> <span class='ocrx_word' id='word_1_70' title='bbox 761 1384 874 1438; x_wconf 80' lang='grc' dir='ltr'>ἀλλ’</span> <span class='ocrx_word' id='word_1_71' title='bbox 904 1385 1069 1455; x_wconf 82' lang='grc' dir='ltr'>αὐτὴν</span> <span class='ocrx_word' id='word_1_72' title='bbox 1112 1385 1212 1455; x_wconf 80' lang='grc' dir='ltr'>τὴν</span> <span class='ocrx_word' id='word_1_73' title='bbox 1258 1382 1418 1452; x_wconf 85' lang='grc' dir='ltr'>φύσιν</span> <span class='ocrx_word' id='word_1_74' title='bbox 1459 1381 1770 1453; x_wconf 90' lang='grc' dir='ltr'>ἐρεύνησον,</span> <span class='ocrx_word' id='word_1_75' title='bbox 1821 1384 1915 1435; x_wconf 82' lang='grc' dir='ltr'>καὶ</span> <span class='ocrx_word' id='word_1_76' title='bbox 1960 1382 2108 1435; x_wconf 78' lang='grc' dir='ltr'>οὐδὲν</span> 
     </span>
    </p>
   </div>
   <div class='ocr_carea' id='block_1_11' title="bbox 537 1467 2106 1540">
    <p class='ocr_par' dir='ltr' id='par_1_11' title="bbox 537 1467 2106 1540">
     <span class='ocr_line' id='line_1_11' title="bbox 537 1467 2106 1540; baseline -0.001 -18"><span class='ocrx_word' id='word_1_77' title='bbox 537 1470 657 1539; x_wconf 68' lang='grc' dir='ltr'>ὄψει</span> <span class='ocrx_word' id='word_1_78' title='bbox 689 1471 843 1523; x_wconf 80' lang='grc' dir='ltr'>πλέον</span> <span class='ocrx_word' id='word_1_79' title='bbox 877 1470 1101 1540; x_wconf 74' lang='grc' dir='ltr'>ἔχουσαν</span> <span class='ocrx_word' id='word_1_80' title='bbox 1131 1469 1239 1522; x_wconf 92' lang='grc' dir='ltr'>τῶν</span> <span class='ocrx_word' id='word_1_81' title='bbox 1263 1469 1488 1522; x_wconf 88' lang='grc' dir='ltr'>πολλῶν·</span> <span class='ocrx_word' id='word_1_82' title='bbox 1519 1467 1715 1538; x_wconf 80' lang='grc' dir='ltr'>μᾶλλον</span> <span class='ocrx_word' id='word_1_83' title='bbox 1739 1468 1815 1532; x_wconf 85' lang='grc' dir='ltr'>δὲ,</span> <span class='ocrx_word' id='word_1_84' title='bbox 1835 1470 1882 1520; x_wconf 87' lang='grc' dir='ltr'>εἰ</span> <span class='ocrx_word' id='word_1_85' title='bbox 1911 1467 2106 1537; x_wconf 85' lang='grc' dir='ltr'>βούλει,</span> 
     </span>
    </p>
   </div>
   <div class='ocr_carea' id='block_1_12' title="bbox 537 1554 2110 1629">
    <p class='ocr_par' dir='ltr' id='par_1_12' title="bbox 537 1554 2110 1629">
     <span class='ocr_line' id='line_1_12' title="bbox 537 1554 2110 1629; baseline -0.001 -19"><span class='ocrx_word' id='word_1_86' title='bbox 537 1558 631 1610; x_wconf 81' lang='grc' dir='ltr'>καὶ</span> <span class='ocrx_word' id='word_1_87' title='bbox 650 1557 745 1629; x_wconf 82' lang='grc' dir='ltr'>τὴν</span> <span class='ocrx_word' id='word_1_88' title='bbox 768 1557 1074 1627; x_wconf 78' lang='grc' dir='ltr'>ἁλουργίδα,</span> <span class='ocrx_word' id='word_1_89' title='bbox 1095 1556 1187 1609; x_wconf 71' lang='grc' dir='ltr'>καὶ</span> <span class='ocrx_word' id='word_1_90' title='bbox 1212 1557 1273 1608; x_wconf 89' lang='grc' dir='ltr'>τὸ</span> <span class='ocrx_word' id='word_1_91' title='bbox 1297 1555 1552 1624; x_wconf 87' lang='grc' dir='ltr'>διάδημα,</span> <span class='ocrx_word' id='word_1_92' title='bbox 1573 1555 1667 1608; x_wconf 75' lang='grc' dir='ltr'>καὶ</span> <span class='ocrx_word' id='word_1_93' title='bbox 1689 1555 1756 1607; x_wconf 83' lang='grc' dir='ltr'>τά</span> <span class='ocrx_word' id='word_1_94' title='bbox 1788 1554 1995 1624; x_wconf 82' lang='grc' dir='ltr'>ίμάτια.</span> <span class='ocrx_word' id='word_1_95' title='bbox 2017 1556 2110 1608; x_wconf 73' lang='grc' dir='ltr'>καὶ</span> 
     </span>
    </p>
   </div>
   <div class='ocr_carea' id='block_1_13' title="bbox 536 1640 2108 1712">
    <p class='ocr_par' dir='ltr' id='par_1_13' title="bbox 536 1640 2108 1712">
     <span class='ocr_line' id='line_1_13' title="bbox 536 1640 2108 1712; baseline -0.001 -19"><span class='ocrx_word' id='word_1_96' title='bbox 536 1642 715 1694; x_wconf 78' lang='grc' dir='ltr'>πᾶσαν</span> <span class='ocrx_word' id='word_1_97' title='bbox 760 1641 1006 1712; x_wconf 88' lang='grc' dir='ltr'>περίελθε</span> <span class='ocrx_word' id='word_1_98' title='bbox 1038 1642 1135 1711; x_wconf 85' lang='grc' dir='ltr'>τὴν</span> <span class='ocrx_word' id='word_1_99' title='bbox 1167 1642 1463 1709; x_wconf 79' lang='grc' dir='ltr'>φαντασίαν</span> <span class='ocrx_word' id='word_1_100' title='bbox 1510 1641 1745 1709; x_wconf 84' lang='grc' dir='ltr'>ἐκείνην,</span> <span class='ocrx_word' id='word_1_101' title='bbox 1777 1640 1870 1692; x_wconf 77' lang='grc' dir='ltr'>καὶ</span> <span class='ocrx_word' id='word_1_102' title='bbox 1908 1640 2108 1693; x_wconf 90' lang='grc' dir='ltr'>τούτων</span> 
     </span>
    </p>
   </div>
   <div class='ocr_carea' id='block_1_14' title="bbox 534 1722 2110 1799">
    <p class='ocr_par' dir='ltr' id='par_1_14' title="bbox 534 1722 2110 1799">
     <span class='ocr_line' id='line_1_14' title="bbox 534 1722 2110 1799; baseline 0 -19"><span class='ocrx_word' id='word_1_103' title='bbox 534 1729 712 1780; x_wconf 88' lang='grc' dir='ltr'>αὐτῶν</span> <span class='ocrx_word' id='word_1_104' title='bbox 739 1727 858 1797; x_wconf 66' lang='grc' dir='ltr'>διίιει</span> <span class='ocrx_word' id='word_1_105' title='bbox 883 1728 1038 1782; x_wconf 90' lang='grc' dir='ltr'>πάλιν</span> <span class='ocrx_word' id='word_1_106' title='bbox 1063 1727 1160 1799; x_wconf 74' lang='grc' dir='ltr'>τὴν</span> <span class='ocrx_word' id='word_1_107' title='bbox 1182 1728 1284 1797; x_wconf 84' lang='grc' dir='ltr'>γῆν</span> <span class='ocrx_word' id='word_1_108' title='bbox 1303 1722 1466 1781; x_wconf 79' lang='grc' dir='ltr'>οὖσαν</span> <span class='ocrx_word' id='word_1_109' title='bbox 1501 1727 1772 1780; x_wconf 83' lang='grc' dir='ltr'>ὑπόθεσιν.</span> <span class='ocrx_word' id='word_1_110' title='bbox 1798 1726 1971 1781; x_wconf 82' lang='grc' dir='ltr'>Πᾶσα</span> <span class='ocrx_word' id='word_1_111' title='bbox 2001 1726 2110 1796; x_wconf 76' lang='grc' dir='ltr'>γὰρ</span> 
     </span>
    </p>
   </div>
   <div class='ocr_carea' id='block_1_15' title="bbox 533 1813 2108 1884">
    <p class='ocr_par' dir='ltr' id='par_1_15' title="bbox 533 1813 2108 1884">
     <span class='ocr_line' id='line_1_15' title="bbox 533 1813 2108 1884; baseline 0 -18"><span class='ocrx_word' id='word_1_112' title='bbox 533 1813 680 1876; x_wconf 80' lang='grc' dir='ltr'>δόξα</span> <span class='ocrx_word' id='word_1_113' title='bbox 707 1814 1017 1881; x_wconf 81' lang='grc' dir='ltr'>ἀνθρώπου</span> <span class='ocrx_word' id='word_1_114' title='bbox 1051 1815 1131 1878; x_wconf 87' lang='grc' dir='ltr'>ὡς</span> <span class='ocrx_word' id='word_1_115' title='bbox 1158 1813 1339 1879; x_wconf 77' lang='grc' dir='ltr'>ἄνθος</span> <span class='ocrx_word' id='word_1_116' title='bbox 1370 1814 1606 1883; x_wconf 81' lang='grc' dir='ltr'>χόρτου.</span> <span class='ocrx_word' id='word_1_117' title='bbox 1625 1813 1754 1866; x_wconf 80' lang='grc' dir='ltr'>Ἰδοὺ</span> <span class='ocrx_word' id='word_1_118' title='bbox 1777 1815 1991 1884; x_wconf 75' lang='grc' dir='ltr'>καὶτῆς</span> <span class='ocrx_word' id='word_1_119' title='bbox 2019 1815 2108 1866; x_wconf 84' lang='grc' dir='ltr'>εὐ-</span> 
     </span>
    </p>
   </div>
   <div class='ocr_carea' id='block_1_16' title="bbox 530 1899 2105 1972">
    <p class='ocr_par' dir='ltr' id='par_1_16' title="bbox 530 1899 2105 1972">
     <span class='ocr_line' id='line_1_16' title="bbox 530 1899 2105 1972; baseline 0 -20"><span class='ocrx_word' id='word_1_120' title='bbox 530 1901 843 1972; x_wconf 81' lang='grc' dir='ltr'>τελέστερος</span> <span class='ocrx_word' id='word_1_121' title='bbox 862 1900 1032 1968; x_wconf 89' lang='grc' dir='ltr'>ἐφάνη</span> <span class='ocrx_word' id='word_1_122' title='bbox 1056 1902 1084 1952; x_wconf 85' lang='grc' dir='ltr'>ὁ</span> <span class='ocrx_word' id='word_1_123' title='bbox 1115 1899 1499 1969; x_wconf 79' lang='grc' dir='ltr'>καλλωπισμὸς</span> <span class='ocrx_word' id='word_1_124' title='bbox 1529 1902 1732 1962; x_wconf 82' lang='grc' dir='ltr'>ἐκεῖνος</span> <span class='ocrx_word' id='word_1_125' title='bbox 1763 1899 2105 1971; x_wconf 77' lang='grc' dir='ltr'>ἀπας.’ορᾷς</span> 
     </span>
    </p>
   </div>
   <div class='ocr_carea' id='block_1_17' title="bbox 532 1985 2106 2057">
    <p class='ocr_par' dir='ltr' id='par_1_17' title="bbox 532 1985 2106 2057">
     <span class='ocr_line' id='line_1_17' title="bbox 532 1985 2106 2057; baseline 0 -17"><span class='ocrx_word' id='word_1_126' title='bbox 532 1987 652 2049; x_wconf 84' lang='grc' dir='ltr'>πῶς</span> <span class='ocrx_word' id='word_1_127' title='bbox 700 1985 1047 2040; x_wconf 82' lang='grc' dir='ltr'>καταστέλλει</span> <span class='ocrx_word' id='word_1_128' title='bbox 1093 1985 1154 2038; x_wconf 88' lang='grc' dir='ltr'>τὸ</span> <span class='ocrx_word' id='word_1_129' title='bbox 1190 1986 1452 2056; x_wconf 87' lang='grc' dir='ltr'>φύσημα;</span> <span class='ocrx_word' id='word_1_130' title='bbox 1502 1985 1619 2049; x_wconf 91' lang='grc' dir='ltr'>πῶς</span> <span class='ocrx_word' id='word_1_131' title='bbox 1651 1985 1901 2057; x_wconf 84' lang='grc' dir='ltr'>καθαιρεῖ</span> <span class='ocrx_word' id='word_1_132' title='bbox 1927 1989 2106 2040; x_wconf 82' lang='grc' dir='ltr'>πᾶσαν</span> 
     </span>
    </p>
   </div>
   <div class='ocr_carea' id='block_1_18' title="bbox 533 2071 2106 2144">
    <p class='ocr_par' dir='ltr' id='par_1_18' title="bbox 533 2071 2106 2144">
     <span class='ocr_line' id='line_1_18' title="bbox 533 2071 2106 2144; baseline 0 -17"><span class='ocrx_word' id='word_1_133' title='bbox 533 2074 786 2128; x_wconf 84' lang='grc' dir='ltr'>ἀπόνοιαν</span> <span class='ocrx_word' id='word_1_134' title='bbox 805 2076 837 2144; x_wconf 83' lang='grc' dir='ltr'><strong>ὴ</strong></span> <span class='ocrx_word' id='word_1_135' title='bbox 856 2074 1033 2127; x_wconf 73' lang='grc' dir='ltr'>ἔννοια</span> <span class='ocrx_word' id='word_1_136' title='bbox 1056 2072 1155 2142; x_wconf 81' lang='grc' dir='ltr'>τῆς</span> <span class='ocrx_word' id='word_1_137' title='bbox 1177 2071 1390 2141; x_wconf 87' lang='grc' dir='ltr'>φύσεως</span> <span class='ocrx_word' id='word_1_138' title='bbox 1406 2071 1603 2142; x_wconf 73' lang='grc' dir='ltr'>αὐτῆςς</span> <span class='ocrx_word' id='word_1_139' title='bbox 1635 2074 1819 2144; x_wconf 81' lang='grc' dir='ltr'>Ἀρκεῖ</span> <span class='ocrx_word' id='word_1_140' title='bbox 1843 2074 1997 2143; x_wconf 87' lang='grc' dir='ltr'>μόνον</span> <span class='ocrx_word' id='word_1_141' title='bbox 2020 2073 2106 2126; x_wconf 84' lang='grc' dir='ltr'>λο-</span> 
     </span>
    </p>
   </div>
   <div class='ocr_carea' id='block_1_19' title="bbox 532 2158 2106 2230">
    <p class='ocr_par' dir='ltr' id='par_1_19' title="bbox 532 2158 2106 2230">
     <span class='ocr_line' id='line_1_19' title="bbox 532 2158 2106 2230; baseline -0.001 -17"><span class='ocrx_word' id='word_1_142' title='bbox 532 2160 782 2229; x_wconf 89' lang='grc' dir='ltr'>γίσασθαι</span> <span class='ocrx_word' id='word_1_143' title='bbox 819 2161 959 2222; x_wconf 85' lang='grc' dir='ltr'>τίνες</span> <span class='ocrx_word' id='word_1_144' title='bbox 995 2160 1178 2229; x_wconf 83' lang='grc' dir='ltr'>ἐσμὲν,</span> <span class='ocrx_word' id='word_1_145' title='bbox 1215 2158 1310 2212; x_wconf 77' lang='grc' dir='ltr'>καὶ</span> <span class='ocrx_word' id='word_1_146' title='bbox 1352 2158 1514 2211; x_wconf 89' lang='grc' dir='ltr'>πόθεν</span> <span class='ocrx_word' id='word_1_147' title='bbox 1555 2160 1982 2230; x_wconf 81' lang='grc' dir='ltr'>συνεστηκαμεν,</span> <span class='ocrx_word' id='word_1_148' title='bbox 2013 2161 2106 2214; x_wconf 77' lang='grc' dir='ltr'>καὶ</span> 
     </span>
    </p>
   </div>
   <div class='ocr_carea' id='block_1_20' title="bbox 531 2245 2105 2318">
    <p class='ocr_par' dir='ltr' id='par_1_20' title="bbox 531 2245 2105 2318">
     <span class='ocr_line' id='line_1_20' title="bbox 531 2245 2105 2318; baseline 0 -16"><span class='ocrx_word' id='word_1_149' title='bbox 531 2250 680 2302; x_wconf 82' lang='grc' dir='ltr'>πᾶσα</span> <span class='ocrx_word' id='word_1_150' title='bbox 709 2248 983 2317; x_wconf 78' lang='grc' dir='ltr'>οἰχήσεται</span> <span class='ocrx_word' id='word_1_151' title='bbox 1011 2246 1284 2317; x_wconf 83' lang='grc' dir='ltr'>λογισμῶν</span> <span class='ocrx_word' id='word_1_152' title='bbox 1307 2245 1552 2301; x_wconf 87' lang='grc' dir='ltr'>ἀπόνοια.</span> <span class='ocrx_word' id='word_1_153' title='bbox 1585 2246 1683 2299; x_wconf 91' lang='grc' dir='ltr'>Διά</span> <span class='ocrx_word' id='word_1_154' title='bbox 1721 2247 1828 2318; x_wconf 85' lang='grc' dir='ltr'>γὰρ</span> <span class='ocrx_word' id='word_1_155' title='bbox 1855 2249 2010 2301; x_wconf 88' lang='grc' dir='ltr'>τοῦτο</span> <span class='ocrx_word' id='word_1_156' title='bbox 2042 2251 2105 2302; x_wconf 85' lang='grc' dir='ltr'>ἐκ</span> 
     </span>
    </p>
   </div>
   <div class='ocr_carea' id='block_1_21' title="bbox 531 2333 2104 2405">
    <p class='ocr_par' dir='ltr' id='par_1_21' title="bbox 531 2333 2104 2405">
     <span class='ocr_line' id='line_1_21' title="bbox 531 2333 2104 2405; baseline -0.001 -16"><span class='ocrx_word' id='word_1_157' title='bbox 531 2336 622 2389; x_wconf 79' lang='grc' dir='ltr'>δύο</span> <span class='ocrx_word' id='word_1_158' title='bbox 665 2334 857 2388; x_wconf 90' lang='grc' dir='ltr'>οὐσιῶν</span> <span class='ocrx_word' id='word_1_159' title='bbox 891 2333 1286 2387; x_wconf 82' lang='grc' dir='ltr'>κατεσκεύασεν</span> <span class='ocrx_word' id='word_1_160' title='bbox 1318 2335 1464 2404; x_wconf 76' lang='grc' dir='ltr'>ἡμᾶς</span> <span class='ocrx_word' id='word_1_161' title='bbox 1505 2335 1532 2387; x_wconf 83' lang='grc'>6</span> <span class='ocrx_word' id='word_1_162' title='bbox 1563 2333 1716 2401; x_wconf 87' lang='grc' dir='ltr'>Θεὸς,</span> <span class='ocrx_word' id='word_1_163' title='bbox 1754 2335 1819 2386; x_wconf 75' lang='grc' dir='ltr'>ἶν’</span> <span class='ocrx_word' id='word_1_164' title='bbox 1849 2335 1972 2387; x_wconf 80' lang='grc' dir='ltr'>ὅταν</span> <span class='ocrx_word' id='word_1_165' title='bbox 2009 2336 2104 2405; x_wconf 80' lang='grc' dir='ltr'>μὲν</span> 
     </span>
    </p>
   </div>
   <div class='ocr_carea' id='block_1_22' title="bbox 530 2420 2104 2492">
    <p class='ocr_par' dir='ltr' id='par_1_22' title="bbox 530 2420 2104 2492">
     <span class='ocr_line' id='line_1_22' title="bbox 530 2420 2104 2492; baseline -0.002 -16"><span class='ocrx_word' id='word_1_166' title='bbox 530 2425 610 2486; x_wconf 87' lang='grc' dir='ltr'>είς</span> <span class='ocrx_word' id='word_1_167' title='bbox 645 2423 900 2476; x_wconf 85' lang='grc' dir='ltr'>ἀπόνοιαν</span> <span class='ocrx_word' id='word_1_168' title='bbox 937 2420 1199 2491; x_wconf 83' lang='grc' dir='ltr'>ἐπαρθῇς,</span> <span class='ocrx_word' id='word_1_169' title='bbox 1226 2421 1550 2490; x_wconf 82' lang='grc' dir='ltr'>καταστείλῃ</span> <span class='ocrx_word' id='word_1_170' title='bbox 1581 2438 1640 2473; x_wconf 86' lang='grc' dir='ltr'>σε</span> <span class='ocrx_word' id='word_1_171' title='bbox 1668 2421 1728 2473; x_wconf 88' lang='grc' dir='ltr'>τὸ</span> <span class='ocrx_word' id='word_1_172' title='bbox 1765 2422 1974 2483; x_wconf 77' lang='grc' dir='ltr'>εὐτελὲς</span> <span class='ocrx_word' id='word_1_173' title='bbox 2008 2423 2104 2492; x_wconf 85' lang='grc' dir='ltr'>τῆς</span> 
     </span>
    </p>
   </div>
   <div class='ocr_carea' id='block_1_23' title="bbox 533 2505 2106 2579">
    <p class='ocr_par' dir='ltr' id='par_1_23' title="bbox 533 2505 2106 2579">
     <span class='ocr_line' id='line_1_23' title="bbox 533 2505 2106 2579; baseline -0.003 -17"><span class='ocrx_word' id='word_1_174' title='bbox 533 2509 752 2579; x_wconf 88' lang='grc' dir='ltr'>σαρκός·</span> <span class='ocrx_word' id='word_1_175' title='bbox 787 2509 914 2561; x_wconf 86' lang='grc' dir='ltr'>ὃταν</span> <span class='ocrx_word' id='word_1_176' title='bbox 937 2507 992 2561; x_wconf 84' lang='grc' dir='ltr'>δὲ</span> <span class='ocrx_word' id='word_1_177' title='bbox 1013 2507 1226 2572; x_wconf 79' lang='grc' dir='ltr'>ἀνάξιόν</span> <span class='ocrx_word' id='word_1_178' title='bbox 1252 2523 1302 2559; x_wconf 89' lang='grc' dir='ltr'>τι</span> <span class='ocrx_word' id='word_1_179' title='bbox 1328 2507 1420 2558; x_wconf 78' lang='grc' dir='ltr'>καὶ</span> <span class='ocrx_word' id='word_1_180' title='bbox 1445 2506 1665 2574; x_wconf 89' lang='grc' dir='ltr'>ἀγεννές</span> <span class='ocrx_word' id='word_1_181' title='bbox 1687 2515 1706 2536; x_wconf 84' lang='grc'><strong>⁸</strong></span> <span class='ocrx_word' id='word_1_182' title='bbox 1734 2505 1832 2575; x_wconf 82' lang='grc' dir='ltr'>τῆς</span> <span class='ocrx_word' id='word_1_183' title='bbox 1864 2506 2106 2575; x_wconf 83' lang='grc' dir='ltr'>δοθείσης</span> 
     </span>
    </p>
   </div>
   <div class='ocr_carea' id='block_1_24' title="bbox 533 2591 2106 2664">
    <p class='ocr_par' dir='ltr' id='par_1_24' title="bbox 533 2591 2106 2664">
     <span class='ocr_line' id='line_1_24' title="bbox 533 2591 2106 2664; baseline -0.003 -16"><span class='ocrx_word' id='word_1_184' title='bbox 533 2613 614 2648; x_wconf 89' lang='grc' dir='ltr'>σοι</span> <span class='ocrx_word' id='word_1_185' title='bbox 632 2596 780 2664; x_wconf 87' lang='grc' dir='ltr'>παρά</span> <span class='ocrx_word' id='word_1_186' title='bbox 795 2595 888 2647; x_wconf 92' lang='grc' dir='ltr'>τοῦ</span> <span class='ocrx_word' id='word_1_187' title='bbox 905 2593 1038 2646; x_wconf 91' lang='grc' dir='ltr'>Θεοῦ</span> <span class='ocrx_word' id='word_1_188' title='bbox 1055 2595 1219 2663; x_wconf 81' lang='grc' dir='ltr'>τιμῆς</span> <span class='ocrx_word' id='word_1_189' title='bbox 1234 2593 1509 2663; x_wconf 80' lang='grc' dir='ltr'>ἐννοήσῃς,</span> <span class='ocrx_word' id='word_1_190' title='bbox 1528 2591 1776 2662; x_wconf 84' lang='grc' dir='ltr'>ἀναγάγῃ</span> <span class='ocrx_word' id='word_1_191' title='bbox 1792 2608 1852 2644; x_wconf 82' lang='grc' dir='ltr'>σε</span> <span class='ocrx_word' id='word_1_192' title='bbox 1869 2592 2002 2662; x_wconf 87' lang='grc' dir='ltr'>πρὸς</span> <span class='ocrx_word' id='word_1_193' title='bbox 2017 2593 2106 2644; x_wconf 85' lang='grc' dir='ltr'>τὸν</span> 
     </span>
    </p>
   </div>
   <div class='ocr_carea' id='block_1_25' title="bbox 531 2675 2101 2751">
    <p class='ocr_par' dir='ltr' id='par_1_25' title="bbox 531 2675 2101 2751">
     <span class='ocr_line' id='line_1_25' title="bbox 531 2675 2101 2751; baseline -0.003 -17"><span class='ocrx_word' id='word_1_194' title='bbox 531 2681 636 2734; x_wconf 84' lang='grc' dir='ltr'>τῶν</span> <span class='ocrx_word' id='word_1_195' title='bbox 668 2681 930 2751; x_wconf 81' lang='grc' dir='ltr'>οὐρανίων</span> <span class='ocrx_word' id='word_1_196' title='bbox 949 2680 1227 2748; x_wconf 74' lang='grc' dir='ltr'>δυνάμεων</span> <span class='ocrx_word' id='word_1_197' title='bbox 1249 2677 1406 2746; x_wconf 81' lang='grc' dir='ltr'>ζῆλον</span> <span class='ocrx_word' id='word_1_198' title='bbox 1439 2680 1471 2746; x_wconf 80' lang='grc' dir='ltr'><strong>ἡ</strong></span> <span class='ocrx_word' id='word_1_199' title='bbox 1504 2677 1601 2747; x_wconf 82' lang='grc' dir='ltr'>τῆς</span> <span class='ocrx_word' id='word_1_200' title='bbox 1622 2675 1799 2747; x_wconf 80' lang='grc' dir='ltr'>ψυχῆς</span> <span class='ocrx_word' id='word_1_201' title='bbox 1835 2677 2101 2745; x_wconf 85' lang='grc' dir='ltr'>εὐγένεια.</span> 
     </span>
    </p>
   </div>
   <div class='ocr_carea' id='block_1_26' title="bbox 601 2763 2104 2835">
    <p class='ocr_par' dir='ltr' id='par_1_26' title="bbox 601 2763 2104 2835">
     <span class='ocr_line' id='line_1_26' title="bbox 601 2763 2104 2835; baseline -0.005 -11"><span class='ocrx_word' id='word_1_202' title='bbox 601 2766 667 2830; x_wconf 82' lang='grc' dir='ltr'>ζ’.</span> <span class='ocrx_word' id='word_1_203' title='bbox 706 2767 818 2819; x_wconf 86' lang='grc' dir='ltr'>Οὐκ</span> <span class='ocrx_word' id='word_1_204' title='bbox 850 2769 926 2829; x_wconf 80' lang='grc' dir='ltr'>εἰς</span> <span class='ocrx_word' id='word_1_205' title='bbox 962 2765 1238 2835; x_wconf 85' lang='grc' dir='ltr'>ἀναίρεσιν</span> <span class='ocrx_word' id='word_1_206' title='bbox 1264 2763 1319 2816; x_wconf 90' lang='grc' dir='ltr'>δέ</span> <span class='ocrx_word' id='word_1_207' title='bbox 1352 2764 1604 2826; x_wconf 81' lang='grc' dir='ltr'>ἀπονοίας</span> <span class='ocrx_word' id='word_1_208' title='bbox 1640 2764 1797 2833; x_wconf 88' lang='grc' dir='ltr'>μόνον</span> <span class='ocrx_word' id='word_1_209' title='bbox 1828 2764 2104 2833; x_wconf 83' lang='grc' dir='ltr'>ἐπιτηδεία</span> 
     </span>
    </p>
   </div>
   <div class='ocr_carea' id='block_1_27' title="bbox 532 2848 2104 2921">
    <p class='ocr_par' dir='ltr' id='par_1_27' title="bbox 532 2848 2104 2921">
     <span class='ocr_line' id='line_1_27' title="bbox 532 2848 2104 2921; baseline -0.001 -17"><span class='ocrx_word' id='word_1_210' title='bbox 532 2854 565 2921; x_wconf 83' lang='grc' dir='ltr'>ἡ</span> <span class='ocrx_word' id='word_1_211' title='bbox 585 2851 869 2920; x_wconf 68' lang='grc' dir='ltr'>ἐπίσκεψις</span> <span class='ocrx_word' id='word_1_212' title='bbox 890 2851 988 2920; x_wconf 75' lang='grc' dir='ltr'>τῆς</span> <span class='ocrx_word' id='word_1_213' title='bbox 1015 2849 1228 2918; x_wconf 83' lang='grc' dir='ltr'>φύσεως</span> <span class='ocrx_word' id='word_1_214' title='bbox 1271 2848 1405 2901; x_wconf 88' lang='grc' dir='ltr'>ἀλλά</span> <span class='ocrx_word' id='word_1_215' title='bbox 1423 2850 1526 2901; x_wconf 77' lang='grc' dir='ltr'>κᾶν</span> <span class='ocrx_word' id='word_1_216' title='bbox 1550 2850 1711 2919; x_wconf 80' lang='grc' dir='ltr'>ἑτέρα</span> <span class='ocrx_word' id='word_1_217' title='bbox 1734 2865 1817 2911; x_wconf 89' lang='grc' dir='ltr'>τις</span> <span class='ocrx_word' id='word_1_218' title='bbox 1843 2849 2104 2919; x_wconf 82' lang='grc' dir='ltr'>ἐπιθυμία</span> 
     </span>
    </p>
   </div>
   <div class='ocr_carea' id='block_1_28' title="bbox 529 2933 2103 3007">
    <p class='ocr_par' dir='ltr' id='par_1_28' title="bbox 529 2933 2103 3007">
     <span class='ocr_line' id='line_1_28' title="bbox 529 2933 2103 3007; baseline -0.002 -16"><span class='ocrx_word' id='word_1_219' title='bbox 529 2937 794 3007; x_wconf 80' lang='grc' dir='ltr'>διενοχλῇ,</span> <span class='ocrx_word' id='word_1_220' title='bbox 823 2937 924 2989; x_wconf 84' lang='grc' dir='ltr'>κᾶν</span> <span class='ocrx_word' id='word_1_221' title='bbox 953 2939 986 3006; x_wconf 82' lang='grc' dir='ltr'>η</span> <span class='ocrx_word' id='word_1_222' title='bbox 1039 2935 1145 2987; x_wconf 90' lang='grc' dir='ltr'>τῶν</span> <span class='ocrx_word' id='word_1_223' title='bbox 1196 2936 1514 3005; x_wconf 76' lang='grc' dir='ltr'>χρημάτων,</span> <span class='ocrx_word' id='word_1_224' title='bbox 1561 2933 1662 2987; x_wconf 86' lang='grc' dir='ltr'>κᾶν</span> <span class='ocrx_word' id='word_1_225' title='bbox 1697 2936 1730 3004; x_wconf 83' lang='grc' dir='ltr'><strong>ή</strong></span> <span class='ocrx_word' id='word_1_226' title='bbox 1757 2934 1865 2987; x_wconf 87' lang='grc' dir='ltr'>τῶν</span> <span class='ocrx_word' id='word_1_227' title='bbox 1919 2936 2103 3004; x_wconf 78' lang='grc' dir='ltr'>σωμά-</span> 
     </span>
    </p>
   </div>
   <div class='ocr_carea' id='block_1_29' title="bbox 529 3022 2100 3096">
    <p class='ocr_par' dir='ltr' id='par_1_29' title="bbox 529 3022 2100 3096">
     <span class='ocr_line' id='line_1_29' title="bbox 529 3022 2100 3096; baseline -0.001 -17"><span class='ocrx_word' id='word_1_228' title='bbox 529 3043 657 3089; x_wconf 85' lang='grc' dir='ltr'>των,</span> <span class='ocrx_word' id='word_1_229' title='bbox 687 3028 720 3096; x_wconf 82' lang='grc' dir='ltr'>ὴ</span> <span class='ocrx_word' id='word_1_230' title='bbox 749 3027 944 3087; x_wconf 77' lang='grc' dir='ltr'>ἄτοπος</span> <span class='ocrx_word' id='word_1_231' title='bbox 968 3023 1104 3092; x_wconf 86' lang='grc' dir='ltr'>αὐτη</span> <span class='ocrx_word' id='word_1_232' title='bbox 1140 3025 1232 3076; x_wconf 83' lang='grc' dir='ltr'>καὶ</span> <span class='ocrx_word' id='word_1_233' title='bbox 1264 3022 1343 3085; x_wconf 89' lang='grc' dir='ltr'>εἰς</span> <span class='ocrx_word' id='word_1_234' title='bbox 1367 3022 1656 3090; x_wconf 79' lang='grc' dir='ltr'>ἀσέλγειαν</span> <span class='ocrx_word' id='word_1_235' title='bbox 1708 3023 2100 3093; x_wconf 82' lang='grc' dir='ltr'>ἐκκαλουμένη.</span> 
     </span>
    </p>
   </div>
   <div class='ocr_carea' id='block_1_30' title="bbox 528 3109 2102 3186">
    <p class='ocr_par' dir='ltr' id='par_1_30' title="bbox 528 3109 2102 3186">
     <span class='ocr_line' id='line_1_30' title="bbox 528 3109 2102 3186; baseline -0.002 -18"><span class='ocrx_word' id='word_1_236' title='bbox 528 3116 740 3186; x_wconf 87' lang='grc' dir='ltr'>ἀπόχρη</span> <span class='ocrx_word' id='word_1_237' title='bbox 775 3113 928 3166; x_wconf 86' lang='grc' dir='ltr'>τοῦτο</span> <span class='ocrx_word' id='word_1_238' title='bbox 953 3113 1032 3175; x_wconf 86' lang='grc' dir='ltr'>εἰς</span> <span class='ocrx_word' id='word_1_239' title='bbox 1059 3110 1408 3182; x_wconf 81' lang='grc' dir='ltr'>παραμυθίαν</span> <span class='ocrx_word' id='word_1_240' title='bbox 1430 3111 1522 3164; x_wconf 90' lang='grc' dir='ltr'>τοῦ</span> <span class='ocrx_word' id='word_1_241' title='bbox 1549 3110 1771 3174; x_wconf 79' lang='grc' dir='ltr'>πάθους.</span> <span class='ocrx_word' id='word_1_242' title='bbox 1809 3112 1976 3164; x_wconf 87' lang='grc' dir='ltr'>Ὅταν</span> <span class='ocrx_word' id='word_1_243' title='bbox 2012 3109 2102 3165; x_wconf 83' lang='grc' dir='ltr'>οὖν</span> 
     </span>
    </p>
   </div>
   <div class='ocr_carea' id='block_1_31' title="bbox 530 3197 2096 3276">
    <p class='ocr_par' dir='ltr' id='par_1_31' title="bbox 530 3197 2096 3276">
     <span class='ocr_line' id='line_1_31' title="bbox 530 3197 2096 3276; baseline -0.003 -21"><span class='ocrx_word' id='word_1_244' title='bbox 530 3205 644 3276; x_wconf 77' lang='grc' dir='ltr'>ἴδῃς</span> <span class='ocrx_word' id='word_1_245' title='bbox 664 3205 895 3271; x_wconf 87' lang='grc' dir='ltr'>γυναῖκα</span> <span class='ocrx_word' id='word_1_246' title='bbox 913 3198 1203 3270; x_wconf 78' lang='grc' dir='ltr'>εὔμορφον,</span> <span class='ocrx_word' id='word_1_247' title='bbox 1235 3198 1519 3268; x_wconf 83' lang='grc' dir='ltr'>λάμποντα</span> <span class='ocrx_word' id='word_1_248' title='bbox 1548 3197 1776 3267; x_wconf 75' lang='grc' dir='ltr'>ἔχουσαν</span> <span class='ocrx_word' id='word_1_249' title='bbox 1801 3199 2096 3270; x_wconf 82' lang='grc' dir='ltr'>ὀφθαλμὸν,</span> 
     </span>
    </p>
   </div>
   <div class='ocr_carea' id='block_1_32' title="bbox 531 3285 2100 3360">
    <p class='ocr_par' dir='ltr' id='par_1_32' title="bbox 531 3285 2100 3360">
     <span class='ocr_line' id='line_1_32' title="bbox 531 3285 2100 3360; baseline -0.002 -17"><span class='ocrx_word' id='word_1_250' title='bbox 531 3289 768 3360; x_wconf 74' lang='grc' dir='ltr'>φαιδρὸν,</span> <span class='ocrx_word' id='word_1_251' title='bbox 789 3287 1107 3340; x_wconf 80' lang='grc' dir='ltr'>στίλϐουσαν</span> <span class='ocrx_word' id='word_1_252' title='bbox 1138 3286 1244 3339; x_wconf 88' lang='grc' dir='ltr'>ἀπὸ</span> <span class='ocrx_word' id='word_1_253' title='bbox 1263 3286 1361 3354; x_wconf 86' lang='grc' dir='ltr'>τῆς</span> <span class='ocrx_word' id='word_1_254' title='bbox 1394 3287 1643 3355; x_wconf 82' lang='grc' dir='ltr'>παρειᾶς,</span> <span class='ocrx_word' id='word_1_255' title='bbox 1673 3285 1951 3356; x_wconf 82' lang='grc' dir='ltr'>ἀμήχανόν</span> <span class='ocrx_word' id='word_1_256' title='bbox 1979 3304 2100 3340; x_wconf 89' lang='grc' dir='ltr'>τινα</span> 
     </span>
    </p>
   </div>
   <div class='ocr_carea' id='block_1_33' title="bbox 529 3372 2100 3448">
    <p class='ocr_par' dir='ltr' id='par_1_33' title="bbox 529 3372 2100 3448">
     <span class='ocr_line' id='line_1_33' title="bbox 529 3372 2100 3448; baseline -0.002 -18"><span class='ocrx_word' id='word_1_257' title='bbox 529 3378 674 3448; x_wconf 82' lang='grc' dir='ltr'>ῶραν</span> <span class='ocrx_word' id='word_1_258' title='bbox 699 3379 791 3430; x_wconf 75' lang='grc' dir='ltr'>ἐπὶ</span> <span class='ocrx_word' id='word_1_259' title='bbox 810 3377 907 3445; x_wconf 81' lang='grc' dir='ltr'>τῆς</span> <span class='ocrx_word' id='word_1_260' title='bbox 930 3375 1106 3443; x_wconf 71' lang='grc' dir='ltr'>ὅψεως</span> <span class='ocrx_word' id='word_1_261' title='bbox 1132 3374 1418 3444; x_wconf 79' lang='grc' dir='ltr'>φέρουσαν,</span> <span class='ocrx_word' id='word_1_262' title='bbox 1449 3372 1748 3440; x_wconf 86' lang='grc' dir='ltr'>φλέγουσάν</span> <span class='ocrx_word' id='word_1_263' title='bbox 1772 3390 1866 3426; x_wconf 87' lang='grc' dir='ltr'>σου</span> <span class='ocrx_word' id='word_1_264' title='bbox 1887 3374 1977 3426; x_wconf 91' lang='grc' dir='ltr'>τὸν</span> <span class='ocrx_word' id='word_1_265' title='bbox 2011 3374 2100 3427; x_wconf 83' lang='grc' dir='ltr'>λο-</span> 
     </span>
    </p>
   </div>
   <div class='ocr_carea' id='block_1_34' title="bbox 527 3461 2100 3536">
    <p class='ocr_par' dir='ltr' id='par_1_34' title="bbox 527 3461 2100 3536">
     <span class='ocr_line' id='line_1_34' title="bbox 527 3461 2100 3536; baseline -0.002 -17"><span class='ocrx_word' id='word_1_266' title='bbox 527 3465 744 3536; x_wconf 87' lang='grc' dir='ltr'>γισμὸν,</span> <span class='ocrx_word' id='word_1_267' title='bbox 779 3465 872 3518; x_wconf 80' lang='grc' dir='ltr'>καὶ</span> <span class='ocrx_word' id='word_1_268' title='bbox 909 3465 1007 3533; x_wconf 74' lang='grc' dir='ltr'>τὴν</span> <span class='ocrx_word' id='word_1_269' title='bbox 1036 3462 1327 3532; x_wconf 89' lang='grc' dir='ltr'>ἐπιθυμίαν</span> <span class='ocrx_word' id='word_1_270' title='bbox 1352 3461 1640 3526; x_wconf 80' lang='grc' dir='ltr'>αὐξουσαν,</span> <span class='ocrx_word' id='word_1_271' title='bbox 1663 3463 1912 3532; x_wconf 73' lang='grc' dir='ltr'>ἐννόησον</span> <span class='ocrx_word' id='word_1_272' title='bbox 1932 3465 2012 3516; x_wconf 77' lang='grc' dir='ltr'>ὅτι</span> <span class='ocrx_word' id='word_1_273' title='bbox 2029 3465 2100 3534; x_wconf 83' lang='grc' dir='ltr'>γῆ</span> 
     </span>
    </p>
   </div>
   <div class='ocr_carea' id='block_1_35' title="bbox 523 3547 2101 3622">
    <p class='ocr_par' dir='ltr' id='par_1_35' title="bbox 523 3547 2101 3622">
     <span class='ocr_line' id='line_1_35' title="bbox 523 3547 2101 3622; baseline -0.003 -16"><span class='ocrx_word' id='word_1_274' title='bbox 523 3555 587 3606; x_wconf 72' lang='grc' dir='ltr'>τὸ</span> <span class='ocrx_word' id='word_1_275' title='bbox 617 3550 1045 3622; x_wconf 81' lang='grc' dir='ltr'>θαυμαζόμενον,</span> <span class='ocrx_word' id='word_1_276' title='bbox 1078 3548 1366 3609; x_wconf 78' lang='grc' dir='ltr'>ὃτισποδὸς</span> <span class='ocrx_word' id='word_1_277' title='bbox 1395 3547 1455 3599; x_wconf 89' lang='grc' dir='ltr'>τὸ</span> <span class='ocrx_word' id='word_1_278' title='bbox 1486 3549 1724 3612; x_wconf 81' lang='grc' dir='ltr'>ἐκκαϊον,</span> <span class='ocrx_word' id='word_1_279' title='bbox 1758 3550 1852 3600; x_wconf 74' lang='grc' dir='ltr'>καὶ</span> <span class='ocrx_word' id='word_1_280' title='bbox 1896 3550 2101 3601; x_wconf 88' lang='grc' dir='ltr'>παύσε-</span> 
     </span>
    </p>
   </div>
   <div class='ocr_carea' id='block_1_36' title="bbox 526 3633 2101 3707">
    <p class='ocr_par' dir='ltr' id='par_1_36' title="bbox 526 3633 2101 3707">
     <span class='ocr_line' id='line_1_36' title="bbox 526 3633 2101 3707; baseline -0.003 -13"><span class='ocrx_word' id='word_1_281' title='bbox 526 3659 613 3694; x_wconf 81' lang='grc' dir='ltr'>ται</span> <span class='ocrx_word' id='word_1_282' title='bbox 659 3638 966 3706; x_wconf 85' lang='grc' dir='ltr'>λυττῶσαή</span> <span class='ocrx_word' id='word_1_283' title='bbox 1018 3636 1184 3706; x_wconf 73' lang='grc' dir='ltr'>ψυχή·</span> <span class='ocrx_word' id='word_1_284' title='bbox 1217 3633 1556 3701; x_wconf 70' lang='grc' dir='ltr'>ἀνακάλυψον</span> <span class='ocrx_word' id='word_1_285' title='bbox 1595 3635 1762 3704; x_wconf 85' lang='grc' dir='ltr'>αὐτῆς</span> <span class='ocrx_word' id='word_1_286' title='bbox 1817 3635 1876 3689; x_wconf 81' lang='grc' dir='ltr'>τὸ</span> <span class='ocrx_word' id='word_1_287' title='bbox 1927 3636 2101 3707; x_wconf 87' lang='grc' dir='ltr'>δέρμα</span> 
     </span>
    </p>
   </div>
   <div class='ocr_carea' id='block_1_37' title="bbox 526 3721 2102 3796">
    <p class='ocr_par' dir='ltr' id='par_1_37' title="bbox 526 3721 2102 3796">
     <span class='ocr_line' id='line_1_37' title="bbox 526 3721 2102 3796; baseline -0.004 -16"><span class='ocrx_word' id='word_1_288' title='bbox 526 3729 621 3796; x_wconf 77' lang='grc' dir='ltr'>τῆς</span> <span class='ocrx_word' id='word_1_289' title='bbox 654 3728 845 3795; x_wconf 64' lang='grc' dir='ltr'>ὅψεως,</span> <span class='ocrx_word' id='word_1_290' title='bbox 880 3726 971 3776; x_wconf 78' lang='grc' dir='ltr'>καὶ</span> <span class='ocrx_word' id='word_1_291' title='bbox 988 3725 1107 3775; x_wconf 89' lang='grc' dir='ltr'>τότε</span> <span class='ocrx_word' id='word_1_292' title='bbox 1137 3723 1312 3774; x_wconf 75' lang='grc' dir='ltr'>πᾶσαν</span> <span class='ocrx_word' id='word_1_293' title='bbox 1341 3721 1506 3792; x_wconf 84' lang='grc' dir='ltr'>αὐτὴν</span> <span class='ocrx_word' id='word_1_294' title='bbox 1531 3721 1651 3788; x_wconf 64' lang='grc' dir='ltr'>ὄψει</span> <span class='ocrx_word' id='word_1_295' title='bbox 1683 3722 1784 3792; x_wconf 85' lang='grc' dir='ltr'>τῆς</span> <span class='ocrx_word' id='word_1_296' title='bbox 1803 3723 2102 3792; x_wconf 75' lang='grc' dir='ltr'>εὐμορφίας</span> 
     </span>
    </p>
   </div>
   <div class='ocr_carea' id='block_1_38' title="bbox 527 3809 2098 3884">
    <p class='ocr_par' dir='ltr' id='par_1_38' title="bbox 527 3809 2098 3884">
     <span class='ocr_line' id='line_1_38' title="bbox 527 3809 2098 3884; baseline -0.003 -18"><span class='ocrx_word' id='word_1_297' title='bbox 527 3815 623 3884; x_wconf 72' lang='grc' dir='ltr'>τὴν</span> <span class='ocrx_word' id='word_1_298' title='bbox 654 3813 944 3866; x_wconf 87' lang='grc' dir='ltr'>εὐτέλειαν·</span> <span class='ocrx_word' id='word_1_299' title='bbox 983 3812 1056 3880; x_wconf 84' lang='grc' dir='ltr'>μὴ</span> <span class='ocrx_word' id='word_1_300' title='bbox 1091 3813 1222 3880; x_wconf 81' lang='grc' dir='ltr'>στῇς</span> <span class='ocrx_word' id='word_1_301' title='bbox 1255 3809 1413 3879; x_wconf 83' lang='grc' dir='ltr'>μέχρι</span> <span class='ocrx_word' id='word_1_302' title='bbox 1463 3810 1564 3877; x_wconf 78' lang='grc' dir='ltr'>τῆς</span> <span class='ocrx_word' id='word_1_303' title='bbox 1596 3809 1936 3876; x_wconf 88' lang='grc' dir='ltr'>ἐπιφανείας,</span> <span class='ocrx_word' id='word_1_304' title='bbox 1986 3810 2098 3862; x_wconf 80' lang='grc' dir='ltr'>ἀλλ’</span> 
     </span>
    </p>
   </div>
   <div class='ocr_carea' id='block_1_39' title="bbox 527 3895 2102 3971">
    <p class='ocr_par' dir='ltr' id='par_1_39' title="bbox 527 3895 2102 3971">
     <span class='ocr_line' id='line_1_39' title="bbox 527 3895 2102 3971; baseline -0.001 -19"><span class='ocrx_word' id='word_1_305' title='bbox 527 3900 784 3971; x_wconf 76' lang='grc' dir='ltr'>ἐνδοτέρω</span> <span class='ocrx_word' id='word_1_306' title='bbox 812 3898 1026 3967; x_wconf 86' lang='grc' dir='ltr'>διάϐηθι</span> <span class='ocrx_word' id='word_1_307' title='bbox 1078 3896 1154 3962; x_wconf 85' lang='grc' dir='ltr'>τῷ</span> <span class='ocrx_word' id='word_1_308' title='bbox 1179 3895 1439 3964; x_wconf 83' lang='grc' dir='ltr'>λογισμῷ,</span> <span class='ocrx_word' id='word_1_309' title='bbox 1491 3896 1586 3947; x_wconf 78' lang='grc' dir='ltr'>καὶ</span> <span class='ocrx_word' id='word_1_310' title='bbox 1621 3896 1772 3948; x_wconf 91' lang='grc' dir='ltr'>οὐδέν</span> <span class='ocrx_word' id='word_1_311' title='bbox 1794 3897 1976 3965; x_wconf 70' lang='grc' dir='ltr'>ἕτερον</span> <span class='ocrx_word' id='word_1_312' title='bbox 2013 3898 2102 3950; x_wconf 90' lang='grc' dir='ltr'>εὐ-</span> 
     </span>
    </p>
   </div>
   <div class='ocr_carea' id='block_1_40' title="bbox 528 3981 2102 4059">
    <p class='ocr_par' dir='ltr' id='par_1_40' title="bbox 528 3981 2102 4059">
     <span class='ocr_line' id='line_1_40' title="bbox 528 3981 2102 4059; baseline -0.018 -15"><span class='ocrx_word' id='word_1_313' title='bbox 528 3990 734 4059; x_wconf 74' lang='grc' dir='ltr'>ρήσεις,</span> <span class='ocrx_word' id='word_1_314' title='bbox 765 3986 878 4038; x_wconf 77' lang='grc' dir='ltr'>ἀλλ’</span> <span class='ocrx_word' id='word_1_315' title='bbox 906 3985 937 4054; x_wconf 80' lang='grc' dir='ltr'>ἢ</span> <span class='ocrx_word' id='word_1_316' title='bbox 962 3985 1094 4036; x_wconf 84' lang='grc' dir='ltr'>ὀστά</span> <span class='ocrx_word' id='word_1_317' title='bbox 1117 3984 1211 4035; x_wconf 72' lang='grc' dir='ltr'>καὶ</span> <span class='ocrx_word' id='word_1_318' title='bbox 1247 3981 1412 4052; x_wconf 82' lang='grc' dir='ltr'>νεῦρα</span> <span class='ocrx_word' id='word_1_319' title='bbox 1443 3983 1537 4034; x_wconf 78' lang='grc' dir='ltr'>καὶ</span> <span class='ocrx_word' id='word_1_320' title='bbox 1566 3981 1786 4049; x_wconf 80' lang='grc' dir='ltr'>φλέϐας.</span> <span class='ocrx_word' id='word_1_321' title='bbox 1847 3983 1982 4034; x_wconf 77' lang='grc' dir='ltr'>Ἀλλ·</span> <span class='ocrx_word' id='word_1_322' title='bbox 2004 3984 2102 4034; x_wconf 63' lang='grc' dir='ltr'>οὐκ</span> 
     </span>
    </p>
   </div>
   <div class='ocr_carea' id='block_1_41' title="bbox 529 4066 2102 4146">
    <p class='ocr_par' dir='ltr' id='par_1_41' title="bbox 529 4066 2102 4146">
     <span class='ocr_line' id='line_1_41' title="bbox 529 4066 2102 4146; baseline -0.007 -20"><span class='ocrx_word' id='word_1_323' title='bbox 529 4075 688 4146; x_wconf 85' lang='grc' dir='ltr'>ἀρκεῖ</span> <span class='ocrx_word' id='word_1_324' title='bbox 708 4070 908 4138; x_wconf 86' lang='grc' dir='ltr'>ταῦτα;</span> <span class='ocrx_word' id='word_1_325' title='bbox 933 4068 1157 4138; x_wconf 88' lang='grc' dir='ltr'>Λόγισαί</span> <span class='ocrx_word' id='word_1_326' title='bbox 1184 4084 1285 4138; x_wconf 91' lang='grc' dir='ltr'>μου</span> <span class='ocrx_word' id='word_1_327' title='bbox 1323 4066 1525 4138; x_wconf 89' lang='grc' dir='ltr'>ταύτην</span> <span class='ocrx_word' id='word_1_328' title='bbox 1551 4068 1958 4139; x_wconf 82' lang='grc' dir='ltr'>ἀλλοιουμένην,</span> <span class='ocrx_word' id='word_1_329' title='bbox 2003 4085 2102 4139; x_wconf 75' lang='grc' dir='ltr'>γη-</span> 
     </span>
    </p>
   </div>
   <div class='ocr_carea' id='block_1_42' title="bbox 531 4154 2097 4231">
    <p class='ocr_par' dir='ltr' id='par_1_42' title="bbox 531 4154 2097 4231">
     <span class='ocr_line' id='line_1_42' title="bbox 531 4154 2097 4231; baseline -0.003 -19"><span class='ocrx_word' id='word_1_330' title='bbox 531 4161 854 4231; x_wconf 87' lang='grc' dir='ltr'>ράσκουσαν,</span> <span class='ocrx_word' id='word_1_331' title='bbox 895 4155 1314 4226; x_wconf 71' lang='grc' dir='ltr'>ἀρρωστοῦσαν,</span> <span class='ocrx_word' id='word_1_332' title='bbox 1370 4154 1724 4223; x_wconf 86' lang='grc' dir='ltr'>ὐφιζάνοντας</span> <span class='ocrx_word' id='word_1_333' title='bbox 1769 4155 2097 4225; x_wconf 74' lang='grc' dir='ltr'>ὀφθαλμοὺς,</span> 
     </span>
    </p>
   </div>
   <div class='ocr_carea' id='block_1_43' title="bbox 527 4241 2101 4313">
    <p class='ocr_par' dir='ltr' id='par_1_43' title="bbox 527 4241 2101 4313">
     <span class='ocr_line' id='line_1_43' title="bbox 527 4241 2101 4313; baseline -0.003 -14"><span class='ocrx_word' id='word_1_334' title='bbox 527 4246 622 4299; x_wconf 77' lang='grc' dir='ltr'>καὶ</span> <span class='ocrx_word' id='word_1_335' title='bbox 648 4243 1052 4312; x_wconf 88' lang='grc' dir='ltr'>κοιλαινομένας</span> <span class='ocrx_word' id='word_1_336' title='bbox 1074 4242 1323 4312; x_wconf 84' lang='grc' dir='ltr'>παρειὰς,</span> <span class='ocrx_word' id='word_1_337' title='bbox 1359 4241 1503 4293; x_wconf 80' lang='grc' dir='ltr'>ἆπαν</span> <span class='ocrx_word' id='word_1_338' title='bbox 1533 4242 1830 4313; x_wconf 64' lang='grc' dir='ltr'>καταρρέον</span> <span class='ocrx_word' id='word_1_339' title='bbox 1858 4243 1917 4294; x_wconf 87' lang='grc' dir='ltr'>τὸ</span> <span class='ocrx_word' id='word_1_340' title='bbox 1942 4242 2101 4305; x_wconf 82' lang='grc' dir='ltr'>ἄνθος</span> 
     </span>
    </p>
   </div>
   <div class='ocr_carea' id='block_1_44' title="bbox 529 4326 2097 4402">
    <p class='ocr_par' dir='ltr' id='par_1_44' title="bbox 529 4326 2097 4402">
     <span class='ocr_line' id='line_1_44' title="bbox 529 4326 2097 4402; baseline -0.004 -15"><span class='ocrx_word' id='word_1_341' title='bbox 529 4335 722 4388; x_wconf 88' lang='grc' dir='ltr'>ἐκεῖνο·</span> <span class='ocrx_word' id='word_1_342' title='bbox 753 4331 1000 4402; x_wconf 74' lang='grc' dir='ltr'>ἐννόησον</span> <span class='ocrx_word' id='word_1_343' title='bbox 1045 4329 1096 4382; x_wconf 90' lang='grc' dir='ltr'>τί</span> <span class='ocrx_word' id='word_1_344' title='bbox 1150 4326 1469 4398; x_wconf 77' lang='grc' dir='ltr'>θαυμάζεις,</span> <span class='ocrx_word' id='word_1_345' title='bbox 1511 4329 1603 4380; x_wconf 65' lang='grc' dir='ltr'>καλ⁵</span> <span class='ocrx_word' id='word_1_346' title='bbox 1643 4328 1956 4397; x_wconf 88' lang='grc' dir='ltr'>αἰσχύνθητί</span> <span class='ocrx_word' id='word_1_347' title='bbox 2006 4345 2097 4382; x_wconf 67' lang='grc' dir='ltr'>οτυ</span> 
     </span>
    </p>
   </div>
   <div class='ocr_carea' id='block_1_45' title="bbox 528 4415 2100 4491">
    <p class='ocr_par' dir='ltr' id='par_1_45' title="bbox 528 4415 2100 4491">
     <span class='ocr_line' id='line_1_45' title="bbox 528 4415 2100 4491; baseline -0.003 -19"><span class='ocrx_word' id='word_1_348' title='bbox 528 4421 626 4491; x_wconf 79' lang='grc' dir='ltr'>τὴν</span> <span class='ocrx_word' id='word_1_349' title='bbox 646 4421 843 4490; x_wconf 86' lang='grc' dir='ltr'>κρίσιν.</span> <span class='ocrx_word' id='word_1_350' title='bbox 869 4416 1044 4487; x_wconf 83' lang='grc' dir='ltr'>Πηλὸν</span> <span class='ocrx_word' id='word_1_351' title='bbox 1081 4415 1372 4486; x_wconf 76' lang='grc' dir='ltr'>θαυμάζεις</span> <span class='ocrx_word' id='word_1_352' title='bbox 1389 4417 1482 4468; x_wconf 75' lang='grc' dir='ltr'>καὶ</span> <span class='ocrx_word' id='word_1_353' title='bbox 1513 4415 1724 4474; x_wconf 79' lang='grc' dir='ltr'>σποδὸν.</span> <span class='ocrx_word' id='word_1_354' title='bbox 1747 4415 1840 4468; x_wconf 74' lang='grc' dir='ltr'>καὶ</span> <span class='ocrx_word' id='word_1_355' title='bbox 1871 4417 2014 4479; x_wconf 88' lang='grc' dir='ltr'>κόνις</span> <span class='ocrx_word' id='word_1_356' title='bbox 2040 4431 2100 4468; x_wconf 76' lang='lat'><strong>0:</strong></span> 
     </span>
    </p>
   </div>
   <div class='ocr_carea' id='block_1_46' title="bbox 529 4502 2100 4576">
    <p class='ocr_par' dir='ltr' id='par_1_46' title="bbox 529 4502 2100 4576">
     <span class='ocr_line' id='line_1_46' title="bbox 529 4502 2100 4576; baseline -0.003 -15"><span class='ocrx_word' id='word_1_357' title='bbox 529 4509 740 4561; x_wconf 87' lang='grc' dir='ltr'>ἐκκαίει</span> <span class='ocrx_word' id='word_1_358' title='bbox 768 4509 861 4559; x_wconf 76' lang='grc' dir='ltr'>καὶ</span> <span class='ocrx_word' id='word_1_359' title='bbox 888 4505 1078 4574; x_wconf 83' lang='grc' dir='ltr'>τέφρα.</span> <span class='ocrx_word' id='word_1_360' title='bbox 1097 4506 1169 4558; x_wconf 90' lang='grc' dir='ltr'>Οὐ</span> <span class='ocrx_word' id='word_1_361' title='bbox 1225 4502 1544 4576; x_wconf 89' lang='grc' dir='ltr'>κατηγορῶν</span> <span class='ocrx_word' id='word_1_362' title='bbox 1570 4507 1672 4573; x_wconf 81' lang='grc' dir='ltr'>τῆς</span> <span class='ocrx_word' id='word_1_363' title='bbox 1696 4502 1908 4572; x_wconf 74' lang='grc' dir='ltr'>φύσεως</span> <span class='ocrx_word' id='word_1_364' title='bbox 1929 4502 2100 4557; x_wconf 87' lang='grc' dir='ltr'>ταῦτα</span> 
     </span>
    </p>
   </div>
   <div class='ocr_carea' id='block_1_47' title="bbox 527 4589 2102 4663">
    <p class='ocr_par' dir='ltr' id='par_1_47' title="bbox 527 4589 2102 4663">
     <span class='ocr_line' id='line_1_47' title="bbox 527 4589 2102 4663; baseline -0.004 -14"><span class='ocrx_word' id='word_1_365' title='bbox 527 4596 690 4662; x_wconf 86' lang='grc' dir='ltr'>λέγω·</span> <span class='ocrx_word' id='word_1_366' title='bbox 726 4592 798 4663; x_wconf 85' lang='grc' dir='ltr'>μὴ</span> <span class='ocrx_word' id='word_1_367' title='bbox 815 4593 1038 4660; x_wconf 88' lang='grc' dir='ltr'>γένοιτο·</span> <span class='ocrx_word' id='word_1_368' title='bbox 1072 4590 1132 4643; x_wconf 91' lang='grc' dir='ltr'>οὐ</span> <span class='ocrx_word' id='word_1_369' title='bbox 1160 4589 1418 4654; x_wconf 84' lang='grc' dir='ltr'>κακίζων,</span> <span class='ocrx_word' id='word_1_370' title='bbox 1445 4589 1564 4642; x_wconf 86' lang='grc' dir='ltr'>οὐδέ</span> <span class='ocrx_word' id='word_1_371' title='bbox 1591 4590 1671 4652; x_wconf 86' lang='grc' dir='ltr'>εἰς</span> <span class='ocrx_word' id='word_1_372' title='bbox 1701 4589 1977 4642; x_wconf 77' lang='grc' dir='ltr'>εὐτέλειαν</span> <span class='ocrx_word' id='word_1_373' title='bbox 2003 4591 2102 4660; x_wconf 85' lang='grc' dir='ltr'>ἐμ-</span> 
     </span>
    </p>
   </div>
   <div class='ocr_carea' id='block_1_48' title="bbox 531 4676 2096 4749">
    <p class='ocr_par' dir='ltr' id='par_1_48' title="bbox 531 4676 2096 4749">
     <span class='ocr_line' id='line_1_48' title="bbox 531 4676 2096 4749; baseline -0.002 -15"><span class='ocrx_word' id='word_1_374' title='bbox 531 4681 764 4741; x_wconf 86' lang='grc' dir='ltr'>ϐάλλων,</span> <span class='ocrx_word' id='word_1_375' title='bbox 800 4679 933 4733; x_wconf 88' lang='grc' dir='ltr'>ἀλλά</span> <span class='ocrx_word' id='word_1_376' title='bbox 963 4678 1226 4749; x_wconf 88' lang='grc' dir='ltr'>φάρμακα</span> <span class='ocrx_word' id='word_1_377' title='bbox 1247 4681 1356 4740; x_wconf 90' lang='grc' dir='ltr'>τοῖς</span> <span class='ocrx_word' id='word_1_378' title='bbox 1405 4676 1618 4730; x_wconf 88' lang='grc' dir='ltr'>νοσοῦσι</span> <span class='ocrx_word' id='word_1_379' title='bbox 1653 4677 2096 4741; x_wconf 68' lang='grc' dir='ltr'>κατασκευάζων.</span> 
     </span>
    </p>
   </div>
   <div class='ocr_carea' id='block_1_49' title="bbox 528 4762 2102 4842">
    <p class='ocr_par' dir='ltr' id='par_1_49' title="bbox 528 4762 2102 4842">
     <span class='ocr_line' id='line_1_49' title="bbox 528 4762 2102 4842; baseline -0.004 -19"><span class='ocrx_word' id='word_1_380' title='bbox 528 4766 681 4842; x_wconf 67' lang='lat'>[192]</span> <span class='ocrx_word' id='word_1_381' title='bbox 706 4766 800 4818; x_wconf 84' lang='grc' dir='ltr'>Διά</span> <span class='ocrx_word' id='word_1_382' title='bbox 821 4764 976 4820; x_wconf 89' lang='grc' dir='ltr'>τοῦτο</span> <span class='ocrx_word' id='word_1_383' title='bbox 1006 4768 1033 4818; x_wconf 83' lang='grc' dir='ltr'>ὁ</span> <span class='ocrx_word' id='word_1_384' title='bbox 1057 4763 1188 4826; x_wconf 82' lang='grc' dir='ltr'>Θεὸς</span> <span class='ocrx_word' id='word_1_385' title='bbox 1218 4763 1469 4832; x_wconf 87' lang='grc' dir='ltr'>τοιαύτην</span> <span class='ocrx_word' id='word_1_386' title='bbox 1510 4762 1681 4834; x_wconf 78' lang='grc' dir='ltr'>αὐτὴν</span> <span class='ocrx_word' id='word_1_387' title='bbox 1710 4764 1982 4834; x_wconf 89' lang='grc' dir='ltr'>ἐποίησεν,</span> <span class='ocrx_word' id='word_1_388' title='bbox 2013 4764 2102 4818; x_wconf 67' lang='grc' dir='ltr'>(ιύ-</span> 
     </span>
    </p>
   </div>
   <div class='ocr_carea' id='block_1_50' title="bbox 528 4848 2097 4921">
    <p class='ocr_par' dir='ltr' id='par_1_50' title="bbox 528 4848 2097 4921">
     <span class='ocr_line' id='line_1_50' title="bbox 528 4848 2097 4921; baseline -0.002 -14"><span class='ocrx_word' id='word_1_389' title='bbox 528 4870 636 4916; x_wconf 87' lang='grc' dir='ltr'>τως</span> <span class='ocrx_word' id='word_1_390' title='bbox 670 4852 878 4921; x_wconf 80' lang='grc' dir='ltr'>εὐτελῆ,</span> <span class='ocrx_word' id='word_1_391' title='bbox 903 4853 987 4903; x_wconf 81' lang='grc' dir='ltr'>ἵνα</span> <span class='ocrx_word' id='word_1_392' title='bbox 1008 4852 1102 4903; x_wconf 70' lang='grc' dir='ltr'>καὶ</span> <span class='ocrx_word' id='word_1_393' title='bbox 1126 4849 1224 4921; x_wconf 78' lang='grc' dir='ltr'>τὴν</span> <span class='ocrx_word' id='word_1_394' title='bbox 1251 4849 1455 4902; x_wconf 87' lang='grc' dir='ltr'>οἰκείαν</span> <span class='ocrx_word' id='word_1_395' title='bbox 1491 4848 1718 4919; x_wconf 89' lang='grc' dir='ltr'>δύναμιν</span> <span class='ocrx_word' id='word_1_396' title='bbox 1747 4849 2097 4919; x_wconf 81' lang='grc' dir='ltr'>ἐπιδείξηται,</span> 
     </span>
    </p>
   </div>
   <div class='ocr_carea' id='block_1_51' title="bbox 531 4936 2101 5010">
    <p class='ocr_par' dir='ltr' id='par_1_51' title="bbox 531 4936 2101 5010">
     <span class='ocr_line' id='line_1_51' title="bbox 531 4936 2101 5010; baseline -0.003 -17"><span class='ocrx_word' id='word_1_397' title='bbox 531 4941 625 4994; x_wconf 73' lang='grc' dir='ltr'>καὶ</span> <span class='ocrx_word' id='word_1_398' title='bbox 652 4938 746 5010; x_wconf 84' lang='grc' dir='ltr'>τὴν</span> <span class='ocrx_word' id='word_1_399' title='bbox 781 4938 1104 5009; x_wconf 87' lang='grc' dir='ltr'>κηδεμονίαν</span> <span class='ocrx_word' id='word_1_400' title='bbox 1135 4937 1231 5006; x_wconf 82' lang='grc' dir='ltr'>τὴν</span> <span class='ocrx_word' id='word_1_401' title='bbox 1289 4936 1416 5007; x_wconf 81' lang='grc' dir='ltr'>περὶ</span> <span class='ocrx_word' id='word_1_402' title='bbox 1443 4937 1608 5007; x_wconf 78' lang='grc' dir='ltr'>ἡμᾶς,</span> <span class='ocrx_word' id='word_1_403' title='bbox 1638 4939 1703 5007; x_wconf 75' lang='grc' dir='ltr'>τῇ</span> <span class='ocrx_word' id='word_1_404' title='bbox 1734 4937 1835 5005; x_wconf 83' lang='grc' dir='ltr'>τῆς</span> <span class='ocrx_word' id='word_1_405' title='bbox 1888 4937 2101 5005; x_wconf 87' lang='grc' dir='ltr'>φύσεως</span> 
     </span>
    </p>
   </div>
   <div class='ocr_carea' id='block_1_52' title="bbox 534 5022 2100 5098">
    <p class='ocr_par' dir='ltr' id='par_1_52' title="bbox 534 5022 2100 5098">
     <span class='ocr_line' id='line_1_52' title="bbox 534 5022 2100 5098; baseline -0.002 -19"><span class='ocrx_word' id='word_1_406' title='bbox 534 5029 633 5098; x_wconf 84' lang='grc' dir='ltr'>μὲν</span> <span class='ocrx_word' id='word_1_407' title='bbox 653 5025 896 5094; x_wconf 73' lang='grc' dir='ltr'>εὐτελείᾳ</span> <span class='ocrx_word' id='word_1_408' title='bbox 913 5024 1046 5096; x_wconf 89' lang='grc' dir='ltr'>πρὸς</span> <span class='ocrx_word' id='word_1_409' title='bbox 1059 5022 1551 5092; x_wconf 77' lang='grc' dir='ltr'>ταπεινοφροσύνην</span> <span class='ocrx_word' id='word_1_410' title='bbox 1563 5023 1791 5090; x_wconf 90' lang='grc' dir='ltr'>ἐνάγων,</span> <span class='ocrx_word' id='word_1_411' title='bbox 1811 5024 1901 5076; x_wconf 77' lang='grc' dir='ltr'>καὶ</span> <span class='ocrx_word' id='word_1_412' title='bbox 1922 5025 2100 5077; x_wconf 80' lang='grc' dir='ltr'>πᾶσαν</span> 
     </span>
    </p>
   </div>
   <div class='ocr_carea' id='block_1_53' title="bbox 529 5107 2100 5184">
    <p class='ocr_par' dir='ltr' id='par_1_53' title="bbox 529 5107 2100 5184">
     <span class='ocr_line' id='line_1_53' title="bbox 529 5107 2100 5184; baseline -0.003 -19"><span class='ocrx_word' id='word_1_413' title='bbox 529 5115 629 5184; x_wconf 81' lang='grc' dir='ltr'>τὴν</span> <span class='ocrx_word' id='word_1_414' title='bbox 656 5113 944 5182; x_wconf 89' lang='grc' dir='ltr'>ἐπιθυμίαν</span> <span class='ocrx_word' id='word_1_415' title='bbox 972 5110 1129 5180; x_wconf 81' lang='grc' dir='ltr'>ἡμῶν</span> <span class='ocrx_word' id='word_1_416' title='bbox 1153 5107 1546 5168; x_wconf 82' lang='grc' dir='ltr'>καταστέλλων,</span> <span class='ocrx_word' id='word_1_417' title='bbox 1575 5110 1672 5179; x_wconf 82' lang='grc' dir='ltr'>τὴν</span> <span class='ocrx_word' id='word_1_418' title='bbox 1693 5109 1748 5160; x_wconf 89' lang='grc' dir='ltr'>δέ</span> <span class='ocrx_word' id='word_1_419' title='bbox 1779 5109 1967 5177; x_wconf 85' lang='grc' dir='ltr'>σοφίαν</span> <span class='ocrx_word' id='word_1_420' title='bbox 1997 5110 2100 5162; x_wconf 91' lang='grc' dir='ltr'>δει-</span> 
     </span>
    </p>
   </div>
   <div class='ocr_carea' id='block_1_54' title="bbox 531 5193 2099 5267">
    <p class='ocr_par' dir='ltr' id='par_1_54' title="bbox 531 5193 2099 5267">
     <span class='ocr_line' id='line_1_54' title="bbox 531 5193 2099 5267; baseline -0.004 -15"><span class='ocrx_word' id='word_1_421' title='bbox 531 5199 661 5260; x_wconf 83' lang='grc' dir='ltr'>κνὺς</span> <span class='ocrx_word' id='word_1_422' title='bbox 689 5198 786 5267; x_wconf 79' lang='grc' dir='ltr'>τὴν</span> <span class='ocrx_word' id='word_1_423' title='bbox 836 5195 1052 5258; x_wconf 86' lang='grc' dir='ltr'>ἐαυτοῦ,</span> <span class='ocrx_word' id='word_1_424' title='bbox 1083 5195 1157 5258; x_wconf 85' lang='grc' dir='ltr'>ὼς</span> <span class='ocrx_word' id='word_1_425' title='bbox 1189 5196 1282 5248; x_wconf 71' lang='grc' dir='ltr'>καὶ</span> <span class='ocrx_word' id='word_1_426' title='bbox 1310 5197 1367 5248; x_wconf 86' lang='grc' dir='ltr'>ἐν</span> <span class='ocrx_word' id='word_1_427' title='bbox 1400 5193 1552 5263; x_wconf 83' lang='grc' dir='ltr'>πηλῷ</span> <span class='ocrx_word' id='word_1_428' title='bbox 1600 5195 1849 5247; x_wconf 88' lang='grc' dir='ltr'>τοσοῦτον</span> <span class='ocrx_word' id='word_1_429' title='bbox 1906 5195 2099 5264; x_wconf 85' lang='grc' dir='ltr'>ἰσχύων</span> 
     </span>
    </p>
   </div>
   <div class='ocr_carea' id='block_1_55' title="bbox 530 5281 2098 5351">
    <p class='ocr_par' dir='ltr' id='par_1_55' title="bbox 530 5281 2098 5351">
     <span class='ocr_line' id='line_1_55' title="bbox 530 5281 2098 5351; baseline -0.002 -15"><span class='ocrx_word' id='word_1_430' title='bbox 530 5282 827 5350; x_wconf 58' lang='grc' dir='ltr'>ἐξασκῖμαι</span> <span class='ocrx_word' id='word_1_431' title='bbox 844 5283 1057 5345; x_wconf 84' lang='grc' dir='ltr'>κάλλος.</span> <span class='ocrx_word' id='word_1_432' title='bbox 1097 5283 1258 5334; x_wconf 84' lang='grc' dir='ltr'>Ὠστε</span> <span class='ocrx_word' id='word_1_433' title='bbox 1291 5282 1418 5334; x_wconf 80' lang='grc' dir='ltr'>ὅταν</span> <span class='ocrx_word' id='word_1_434' title='bbox 1446 5281 1760 5346; x_wconf 80' lang='grc' dir='ltr'>ἐξευτελίσω</span> <span class='ocrx_word' id='word_1_435' title='bbox 1781 5281 1875 5351; x_wconf 83' lang='grc' dir='ltr'>τὴν</span> <span class='ocrx_word' id='word_1_436' title='bbox 1894 5283 2098 5344; x_wconf 89' lang='grc' dir='ltr'>οὐσίαν,</span> 
     </span>
    </p>
   </div>
   <div class='ocr_carea' id='block_1_56' title="bbox 525 5368 2100 5440">
    <p class='ocr_par' dir='ltr' id='par_1_56' title="bbox 525 5368 2100 5440">
     <span class='ocr_line' id='line_1_56' title="bbox 525 5368 2100 5440; baseline -0.004 -14"><span class='ocrx_word' id='word_1_437' title='bbox 525 5371 647 5426; x_wconf 81' lang='grc' dir='ltr'>τότε</span> <span class='ocrx_word' id='word_1_438' title='bbox 687 5368 1008 5422; x_wconf 86' lang='grc' dir='ltr'>ἐκκαλύπτω</span> <span class='ocrx_word' id='word_1_439' title='bbox 1033 5368 1131 5438; x_wconf 79' lang='grc' dir='ltr'>τὴν</span> <span class='ocrx_word' id='word_1_440' title='bbox 1160 5369 1352 5440; x_wconf 87' lang='grc' dir='ltr'>τέχνην</span> <span class='ocrx_word' id='word_1_441' title='bbox 1379 5371 1470 5423; x_wconf 81' lang='grc' dir='ltr'>τοῦ</span> <span class='ocrx_word' id='word_1_442' title='bbox 1492 5368 1854 5440; x_wconf 84' lang='grc' dir='ltr'>Δημιουργοῦ.</span> <span class='ocrx_word' id='word_1_443' title='bbox 1891 5369 2100 5438; x_wconf 80' lang='grc' dir='ltr'>Ὥσπερ</span> 
     </span>
    </p>
   </div>
   <div class='ocr_carea' id='block_1_57' title="bbox 527 5453 2100 5527">
    <p class='ocr_par' dir='ltr' id='par_1_57' title="bbox 527 5453 2100 5527">
     <span class='ocr_line' id='line_1_57' title="bbox 527 5453 2100 5527; baseline -0.001 -18"><span class='ocrx_word' id='word_1_444' title='bbox 527 5457 635 5527; x_wconf 87' lang='grc' dir='ltr'>γὰρ</span> <span class='ocrx_word' id='word_1_445' title='bbox 657 5453 1094 5524; x_wconf 87' lang='grc' dir='ltr'>ἀνδριαντοποιὸν</span> <span class='ocrx_word' id='word_1_446' title='bbox 1138 5453 1258 5506; x_wconf 73' lang='grc' dir='ltr'>τότε</span> <span class='ocrx_word' id='word_1_447' title='bbox 1321 5456 1516 5523; x_wconf 84' lang='grc' dir='ltr'>μᾶλλον</span> <span class='ocrx_word' id='word_1_448' title='bbox 1573 5455 1939 5524; x_wconf 81' lang='grc' dir='ltr'>θαυμάζομεν,</span> <span class='ocrx_word' id='word_1_449' title='bbox 2003 5457 2100 5525; x_wconf 84' lang='grc' dir='ltr'>οὐχ</span> 
     </span>
    </p>
   </div>
   <div class='ocr_carea' id='block_1_58' title="bbox 525 5541 2099 5614">
    <p class='ocr_par' dir='ltr' id='par_1_58' title="bbox 525 5541 2099 5614">
     <span class='ocr_line' id='line_1_58' title="bbox 525 5541 2099 5614; baseline -0.002 -16"><span class='ocrx_word' id='word_1_450' title='bbox 525 5547 653 5598; x_wconf 70' lang='grc' dir='ltr'>ὅταν</span> <span class='ocrx_word' id='word_1_451' title='bbox 693 5547 756 5596; x_wconf 89' lang='grc' dir='ltr'>ἐκ</span> <span class='ocrx_word' id='word_1_452' title='bbox 801 5543 1026 5614; x_wconf 86' lang='grc' dir='ltr'>χρυσίου</span> <span class='ocrx_word' id='word_1_453' title='bbox 1083 5541 1246 5594; x_wconf 87' lang='grc' dir='ltr'>καλὸν</span> <span class='ocrx_word' id='word_1_454' title='bbox 1274 5545 1405 5611; x_wconf 77' lang='grc' dir='ltr'>ἡμῖν</span> <span class='ocrx_word' id='word_1_455' title='bbox 1449 5543 1596 5614; x_wconf 82' lang='grc' dir='ltr'>δείξῃ</span> <span class='ocrx_word' id='word_1_456' title='bbox 1650 5544 1740 5596; x_wconf 87' lang='grc' dir='ltr'>τὸν</span> <span class='ocrx_word' id='word_1_457' title='bbox 1789 5544 2099 5612; x_wconf 88' lang='grc' dir='ltr'>ἀνδριάντα,</span> 
     </span>
    </p>
   </div>
   <div class='ocr_carea' id='block_1_59' title="bbox 526 5627 2100 5699">
    <p class='ocr_par' dir='ltr' id='par_1_59' title="bbox 526 5627 2100 5699">
     <span class='ocr_line' id='line_1_59' title="bbox 526 5627 2100 5699; baseline 0 -17"><span class='ocrx_word' id='word_1_458' title='bbox 526 5630 640 5682; x_wconf 81' lang='grc' dir='ltr'>ἀλλ’</span> <span class='ocrx_word' id='word_1_459' title='bbox 661 5630 787 5681; x_wconf 75' lang='grc' dir='ltr'>ὅταν</span> <span class='ocrx_word' id='word_1_460' title='bbox 811 5632 872 5681; x_wconf 87' lang='grc' dir='ltr'>ἐκ</span> <span class='ocrx_word' id='word_1_461' title='bbox 899 5627 1071 5697; x_wconf 87' lang='grc' dir='ltr'>πηλοῦ</span> <span class='ocrx_word' id='word_1_462' title='bbox 1102 5627 1201 5696; x_wconf 78' lang='grc' dir='ltr'>τῆς</span> <span class='ocrx_word' id='word_1_463' title='bbox 1229 5627 1358 5698; x_wconf 86' lang='grc' dir='ltr'>ῦλης</span> <span class='ocrx_word' id='word_1_464' title='bbox 1379 5630 1739 5699; x_wconf 80' lang='grc' dir='ltr'>ὑποκειμένης</span> <span class='ocrx_word' id='word_1_465' title='bbox 1765 5629 2100 5698; x_wconf 83' lang='grc' dir='ltr'>ἀπηρτισμέ-</span> 
     </span>
    </p>
   </div>
   <div class='ocr_carea' id='block_1_60' title="bbox 528 5715 2100 5787">
    <p class='ocr_par' dir='ltr' id='par_1_60' title="bbox 528 5715 2100 5787">
     <span class='ocr_line' id='line_1_60' title="bbox 528 5715 2100 5787; baseline 0.001 -19"><span class='ocrx_word' id='word_1_466' title='bbox 528 5731 621 5783; x_wconf 78' lang='grc' dir='ltr'>νην</span> <span class='ocrx_word' id='word_1_467' title='bbox 657 5717 749 5768; x_wconf 71' lang='grc' dir='ltr'>καὶ</span> <span class='ocrx_word' id='word_1_468' title='bbox 781 5716 984 5787; x_wconf 81' lang='grc' dir='ltr'>ἀκριϐῆ</span> <span class='ocrx_word' id='word_1_469' title='bbox 1017 5715 1118 5786; x_wconf 72' lang='grc' dir='ltr'>τὴν</span> <span class='ocrx_word' id='word_1_470' title='bbox 1145 5716 1325 5769; x_wconf 79' lang='grc' dir='ltr'>εἰκόνα</span> <span class='ocrx_word' id='word_1_471' title='bbox 1384 5715 1681 5786; x_wconf 76' lang='grc' dir='ltr'>ἐργάζηται</span> <span class='ocrx_word' id='word_1_472' title='bbox 1734 5716 1873 5768; x_wconf 86' lang='grc' dir='ltr'>οῦτω</span> <span class='ocrx_word' id='word_1_473' title='bbox 1897 5718 2100 5770; x_wconf 74' lang='grc' dir='ltr'>καὶτὸν</span> 
     </span>
    </p>
   </div>
   <div class='ocr_carea' id='block_1_61' title="bbox 584 5886 956 5947">
    <p class='ocr_par' dir='ltr' id='par_1_61' title="bbox 584 5886 956 5947">
     <span class='ocr_line' id='line_1_61' title="bbox 584 5886 956 5947; baseline 0.003 -14"><span class='ocrx_word' id='word_1_474' title='bbox 584 5888 606 5916; x_wconf 81' lang='grc'><strong><em>⁸</em></strong></span> <span class='ocrx_word' id='word_1_475' title='bbox 633 5886 715 5934; x_wconf 64' lang='lat' dir='ltr'>SM</span> <span class='ocrx_word' id='word_1_476' title='bbox 731 5888 760 5934; x_wconf 82' lang='lat' dir='ltr'>Il</span> <span class='ocrx_word' id='word_1_477' title='bbox 785 5888 956 5947; x_wconf 79' lang='grc' dir='ltr'>ἀγ;νές.</span> 
     </span>
    </p>
   </div>
   <div class='ocr_carea' id='block_1_62' title="bbox 1247 481 3080 550">
    <p class='ocr_par' dir='ltr' id='par_1_62' title="bbox 1247 481 3080 550">
     <span class='ocr_line' id='line_1_62' title="bbox 1247 481 3080 550; baseline 0.005 -10"><span class='ocrx_word' id='word_1_478' title='bbox 1247 486 1303 540; x_wconf 90' lang='lat' dir='ltr'>S.</span> <span class='ocrx_word' id='word_1_479' title='bbox 1345 484 1626 541; x_wconf 66' lang='lat' dir='ltr'>JOANNIS</span> <span class='ocrx_word' id='word_1_480' title='bbox 1663 481 2142 541; x_wconf 72' lang='lat' dir='ltr'>CHRYSOSTCMI</span> <span class='ocrx_word' id='word_1_481' title='bbox 2181 482 2498 542; x_wconf 77' lang='lat' dir='ltr'>AﬂClHEP.</span> <span class='ocrx_word' id='word_1_482' title='bbox 2539 488 3080 550; x_wconf 74' lang='lat' dir='ltr'>CONSTANTINOP.</span> 
     </span>
    </p>
   </div>
   <div class='ocr_carea' id='block_1_63' title="bbox 2215 603 3798 680">
    <p class='ocr_par' dir='ltr' id='par_1_63' title="bbox 2215 603 3798 680">
     <span class='ocr_line' id='line_1_63' title="bbox 2215 603 3798 680; baseline 0.007 -25"><span class='ocrx_word' id='word_1_483' title='bbox 2215 603 2596 679; x_wconf 85' lang='grc' dir='ltr'>ἀριστοτέχνην</span> <span class='ocrx_word' id='word_1_484' title='bbox 2617 611 2746 662; x_wconf 75' lang='grc' dir='ltr'>Θεὸν</span> <span class='ocrx_word' id='word_1_485' title='bbox 2790 609 3193 680; x_wconf 66' lang='grc' dir='ltr'>ἐκπληπόμεθα</span> <span class='ocrx_word' id='word_1_486' title='bbox 3219 611 3310 663; x_wconf 73' lang='grc' dir='ltr'>καὶ</span> <span class='ocrx_word' id='word_1_487' title='bbox 3337 608 3649 680; x_wconf 77' lang='grc' dir='ltr'>δοξάζομεν,</span> <span class='ocrx_word' id='word_1_488' title='bbox 3708 611 3798 666; x_wconf 75' lang='grc' dir='ltr'>δτι</span> 
     </span>
    </p>
   </div>
   <div class='ocr_carea' id='block_1_64' title="bbox 2216 695 3799 770">
    <p class='ocr_par' dir='ltr' id='par_1_64' title="bbox 2216 695 3799 770">
     <span class='ocr_line' id='line_1_64' title="bbox 2216 695 3799 770; baseline 0.012 -26"><span class='ocrx_word' id='word_1_489' title='bbox 2216 695 2271 746; x_wconf 87' lang='grc' dir='ltr'>ἐν</span> <span class='ocrx_word' id='word_1_490' title='bbox 2309 696 2484 764; x_wconf 87' lang='grc' dir='ltr'>σποδῷ</span> <span class='ocrx_word' id='word_1_491' title='bbox 2515 698 2605 748; x_wconf 76' lang='grc' dir='ltr'>καὶ</span> <span class='ocrx_word' id='word_1_492' title='bbox 2640 698 2793 766; x_wconf 78' lang='grc' dir='ltr'>πηλῷ</span> <span class='ocrx_word' id='word_1_493' title='bbox 2817 698 3007 760; x_wconf 89' lang='grc' dir='ltr'>κάλλος</span> <span class='ocrx_word' id='word_1_494' title='bbox 3039 699 3318 767; x_wconf 87' lang='grc' dir='ltr'>ἀμήχανον</span> <span class='ocrx_word' id='word_1_495' title='bbox 3342 697 3436 750; x_wconf 71' lang='grc' dir='ltr'>καὶ</span> <span class='ocrx_word' id='word_1_496' title='bbox 3468 699 3665 766; x_wconf 69' lang='grc' dir='ltr'>σοφίας</span> <span class='ocrx_word' id='word_1_497' title='bbox 3692 699 3799 770; x_wconf 71' lang='grc' dir='ltr'>ἀῤ·</span> 
     </span>
    </p>
   </div>
   <div class='ocr_carea' id='block_1_65' title="bbox 2216 780 3795 853">
    <p class='ocr_par' dir='ltr' id='par_1_65' title="bbox 2216 780 3795 853">
     <span class='ocr_line' id='line_1_65' title="bbox 2216 780 3795 853; baseline 0.004 -22"><span class='ocrx_word' id='word_1_498' title='bbox 2216 780 2377 848; x_wconf 79' lang='grc' dir='ltr'>ρήτου</span> <span class='ocrx_word' id='word_1_499' title='bbox 2403 781 2547 843; x_wconf 89' lang='grc' dir='ltr'>τινὸς</span> <span class='ocrx_word' id='word_1_500' title='bbox 2580 783 2836 848; x_wconf 79' lang='grc' dir='ltr'>ἐπίδειξιν</span> <span class='ocrx_word' id='word_1_501' title='bbox 2864 787 2974 845; x_wconf 89' lang='grc' dir='ltr'>τοῖς</span> <span class='ocrx_word' id='word_1_502' title='bbox 3012 783 3254 852; x_wconf 88' lang='grc' dir='ltr'>σώμασιν</span> <span class='ocrx_word' id='word_1_503' title='bbox 3285 783 3444 853; x_wconf 81' lang='grc' dir='ltr'>ἡμῶν</span> <span class='ocrx_word' id='word_1_504' title='bbox 3471 785 3795 837; x_wconf 75' lang='grc' dir='ltr'>ἐναπέθετο.</span> 
     </span>
    </p>
   </div>
   <div class='ocr_carea' id='block_1_66' title="bbox 2214 866 3794 940">
    <p class='ocr_par' dir='ltr' id='par_1_66' title="bbox 2214 866 3794 940">
     <span class='ocr_line' id='line_1_66' title="bbox 2214 866 3794 940; baseline 0.002 -23"><span class='ocrx_word' id='word_1_505' title='bbox 2214 866 2322 917; x_wconf 74' lang='grc' dir='ltr'>Καὶ</span> <span class='ocrx_word' id='word_1_506' title='bbox 2351 867 2508 919; x_wconf 86' lang='grc' dir='ltr'>τοῦτο</span> <span class='ocrx_word' id='word_1_507' title='bbox 2541 871 2640 920; x_wconf 89' lang='grc' dir='ltr'>οὐκ</span> <span class='ocrx_word' id='word_1_508' title='bbox 2697 871 2753 922; x_wconf 80' lang='grc' dir='ltr'>ἐν</span> <span class='ocrx_word' id='word_1_509' title='bbox 2795 870 2871 939; x_wconf 90' lang='grc' dir='ltr'>τῷ</span> <span class='ocrx_word' id='word_1_510' title='bbox 2925 869 3133 939; x_wconf 89' lang='grc' dir='ltr'>σώματι</span> <span class='ocrx_word' id='word_1_511' title='bbox 3194 870 3349 938; x_wconf 89' lang='grc' dir='ltr'>μόνον</span> <span class='ocrx_word' id='word_1_512' title='bbox 3405 869 3479 939; x_wconf 89' lang='grc' dir='ltr'>τῷ</span> <span class='ocrx_word' id='word_1_513' title='bbox 3509 870 3794 940; x_wconf 75' lang='grc' dir='ltr'>ἡμετέρῳ,</span> 
     </span>
    </p>
   </div>
   <div class='ocr_carea' id='block_1_67' title="bbox 2213 951 3798 1025">
    <p class='ocr_par' dir='ltr' id='par_1_67' title="bbox 2213 951 3798 1025">
     <span class='ocr_line' id='line_1_67' title="bbox 2213 951 3798 1025; baseline 0.001 -21"><span class='ocrx_word' id='word_1_514' title='bbox 2213 951 2346 1004; x_wconf 78' lang='grc' dir='ltr'>ἀλλά</span> <span class='ocrx_word' id='word_1_515' title='bbox 2378 955 2470 1005; x_wconf 72' lang='grc' dir='ltr'>καὶ</span> <span class='ocrx_word' id='word_1_516' title='bbox 2500 956 2556 1005; x_wconf 84' lang='grc' dir='ltr'>ἐν</span> <span class='ocrx_word' id='word_1_517' title='bbox 2585 955 2730 1025; x_wconf 77' lang='grc' dir='ltr'>πάσῃ</span> <span class='ocrx_word' id='word_1_518' title='bbox 2764 958 2828 1023; x_wconf 79' lang='grc' dir='ltr'>τῇ</span> <span class='ocrx_word' id='word_1_519' title='bbox 2862 955 3032 1007; x_wconf 88' lang='grc' dir='ltr'>κτίσει</span> <span class='ocrx_word' id='word_1_520' title='bbox 3075 955 3344 1023; x_wconf 81' lang='grc' dir='ltr'>ἐποίησεν.</span> <span class='ocrx_word' id='word_1_521' title='bbox 3376 955 3627 1017; x_wconf 89' lang='grc' dir='ltr'>Εὐτελεῖς</span> <span class='ocrx_word' id='word_1_522' title='bbox 3679 955 3798 1024; x_wconf 82' lang='grc' dir='ltr'>γὰρ</span> 
     </span>
    </p>
   </div>
   <div class='ocr_carea' id='block_1_68' title="bbox 2214 1037 3795 1110">
    <p class='ocr_par' dir='ltr' id='par_1_68' title="bbox 2214 1037 3795 1110">
     <span class='ocr_line' id='line_1_68' title="bbox 2214 1037 3795 1110; baseline 0.002 -20"><span class='ocrx_word' id='word_1_523' title='bbox 2214 1037 2476 1107; x_wconf 82' lang='grc' dir='ltr'>πολλαχοῦ</span> <span class='ocrx_word' id='word_1_524' title='bbox 2528 1040 2862 1110; x_wconf 84' lang='grc' dir='ltr'>παραγαγὼν</span> <span class='ocrx_word' id='word_1_525' title='bbox 2917 1042 3013 1104; x_wconf 88' lang='grc' dir='ltr'>τὰς</span> <span class='ocrx_word' id='word_1_526' title='bbox 3072 1041 3276 1103; x_wconf 83' lang='grc' dir='ltr'>οὐσίας,</span> <span class='ocrx_word' id='word_1_527' title='bbox 3309 1041 3398 1092; x_wconf 66' lang='grc' dir='ltr'>καὶ</span> <span class='ocrx_word' id='word_1_528' title='bbox 3432 1042 3530 1110; x_wconf 87' lang='grc' dir='ltr'>τῆς</span> <span class='ocrx_word' id='word_1_529' title='bbox 3578 1043 3795 1103; x_wconf 89' lang='grc' dir='ltr'>οἰκείας</span> 
     </span>
    </p>
   </div>
   <div class='ocr_carea' id='block_1_69' title="bbox 2211 1124 3796 1196">
    <p class='ocr_par' dir='ltr' id='par_1_69' title="bbox 2211 1124 3796 1196">
     <span class='ocr_line' id='line_1_69' title="bbox 2211 1124 3796 1196; baseline 0 -20"><span class='ocrx_word' id='word_1_530' title='bbox 2211 1124 2405 1193; x_wconf 85' lang='grc' dir='ltr'>τέχνης</span> <span class='ocrx_word' id='word_1_531' title='bbox 2424 1127 2619 1196; x_wconf 79' lang='grc' dir='ltr'>δεῖγμα</span> <span class='ocrx_word' id='word_1_532' title='bbox 2641 1128 2803 1194; x_wconf 79' lang='grc' dir='ltr'>σαφὲς</span> <span class='ocrx_word' id='word_1_533' title='bbox 2831 1127 3186 1195; x_wconf 86' lang='grc' dir='ltr'>ἐγκατέθηκε,</span> <span class='ocrx_word' id='word_1_534' title='bbox 3209 1129 3302 1178; x_wconf 77' lang='grc' dir='ltr'>καὶ</span> <span class='ocrx_word' id='word_1_535' title='bbox 3324 1127 3422 1194; x_wconf 78' lang='grc' dir='ltr'>τῆς</span> <span class='ocrx_word' id='word_1_536' title='bbox 3448 1126 3556 1180; x_wconf 86' lang='grc' dir='ltr'>τῶν</span> <span class='ocrx_word' id='word_1_537' title='bbox 3585 1128 3644 1179; x_wconf 84' lang='grc' dir='ltr'>οὐ</span> <span class='ocrx_word' id='word_1_538' title='bbox 3655 1127 3796 1178; x_wconf 85' lang='grc' dir='ltr'>σιῶν</span> 
     </span>
    </p>
   </div>
   <div class='ocr_carea' id='block_1_70' title="bbox 2213 1209 3792 1283">
    <p class='ocr_par' dir='ltr' id='par_1_70' title="bbox 2213 1209 3792 1283">
     <span class='ocr_line' id='line_1_70' title="bbox 2213 1209 3792 1283; baseline 0.002 -22"><span class='ocrx_word' id='word_1_539' title='bbox 2213 1209 2493 1271; x_wconf 85' lang='grc' dir='ltr'>ἀσθενείας</span> <span class='ocrx_word' id='word_1_540' title='bbox 2527 1210 2742 1279; x_wconf 82' lang='grc' dir='ltr'>ἔλεγχόν</span> <span class='ocrx_word' id='word_1_541' title='bbox 2794 1229 2910 1263; x_wconf 91' lang='grc' dir='ltr'>τινα</span> <span class='ocrx_word' id='word_1_542' title='bbox 2936 1212 3310 1283; x_wconf 83' lang='grc' dir='ltr'>ἐγκατέμιξεν·</span> <span class='ocrx_word' id='word_1_543' title='bbox 3335 1213 3420 1264; x_wconf 83' lang='grc' dir='ltr'>ἵνα</span> <span class='ocrx_word' id='word_1_544' title='bbox 3443 1212 3530 1264; x_wconf 88' lang='grc' dir='ltr'>διά</span> <span class='ocrx_word' id='word_1_545' title='bbox 3559 1213 3656 1281; x_wconf 88' lang='grc' dir='ltr'>μέν</span> <span class='ocrx_word' id='word_1_546' title='bbox 3687 1214 3792 1280; x_wconf 59' lang='grc' dir='ltr'>τὴν</span> 
     </span>
    </p>
   </div>
   <div class='ocr_carea' id='block_1_71' title="bbox 2212 1296 3794 1370">
    <p class='ocr_par' dir='ltr' id='par_1_71' title="bbox 2212 1296 3794 1370">
     <span class='ocr_line' id='line_1_71' title="bbox 2212 1296 3794 1370; baseline 0.002 -24"><span class='ocrx_word' id='word_1_547' title='bbox 2212 1296 2413 1366; x_wconf 88' lang='grc' dir='ltr'>τέχνην</span> <span class='ocrx_word' id='word_1_548' title='bbox 2441 1299 2534 1350; x_wconf 79' lang='grc' dir='ltr'>καὶ</span> <span class='ocrx_word' id='word_1_549' title='bbox 2561 1297 2620 1348; x_wconf 90' lang='grc' dir='ltr'>τὸ</span> <span class='ocrx_word' id='word_1_550' title='bbox 2656 1297 2846 1360; x_wconf 89' lang='grc' dir='ltr'>κάλλος</span> <span class='ocrx_word' id='word_1_551' title='bbox 2869 1297 3149 1370; x_wconf 74' lang='grc' dir='ltr'>θαυμάζῃς</span> <span class='ocrx_word' id='word_1_552' title='bbox 3194 1299 3283 1351; x_wconf 89' lang='grc' dir='ltr'>τὸν</span> <span class='ocrx_word' id='word_1_553' title='bbox 3305 1298 3666 1368; x_wconf 83' lang='grc' dir='ltr'>Δημιουργὸν,</span> <span class='ocrx_word' id='word_1_554' title='bbox 3700 1299 3794 1350; x_wconf 68' lang='grc' dir='ltr'>διὰ</span> 
     </span>
    </p>
   </div>
   <div class='ocr_carea' id='block_1_72' title="bbox 2211 1380 3795 1454">
    <p class='ocr_par' dir='ltr' id='par_1_72' title="bbox 2211 1380 3795 1454">
     <span class='ocr_line' id='line_1_72' title="bbox 2211 1380 3795 1454; baseline 0.001 -22"><span class='ocrx_word' id='word_1_555' title='bbox 2211 1380 2379 1452; x_wconf 77' lang='grc' dir='ltr'>δὲτὴν</span> <span class='ocrx_word' id='word_1_556' title='bbox 2410 1381 2690 1436; x_wconf 86' lang='grc' dir='ltr'>ἀσθένειαν</span> <span class='ocrx_word' id='word_1_557' title='bbox 2716 1385 2806 1437; x_wconf 75' lang='grc' dir='ltr'>καί</span> <span class='ocrx_word' id='word_1_558' title='bbox 2831 1384 2926 1454; x_wconf 76' lang='grc' dir='ltr'>τὴν</span> <span class='ocrx_word' id='word_1_559' title='bbox 2979 1385 3245 1437; x_wconf 89' lang='grc' dir='ltr'>εὐτέλειαν</span> <span class='ocrx_word' id='word_1_560' title='bbox 3285 1386 3382 1452; x_wconf 76' lang='grc' dir='ltr'>τῆς</span> <span class='ocrx_word' id='word_1_561' title='bbox 3436 1384 3653 1452; x_wconf 83' lang='grc' dir='ltr'>φύσεως</span> <span class='ocrx_word' id='word_1_562' title='bbox 3696 1387 3795 1435; x_wconf 70' lang='grc' dir='ltr'>καὶ</span> 
     </span>
    </p>
   </div>
   <div class='ocr_carea' id='block_1_73' title="bbox 2210 1469 3794 1541">
    <p class='ocr_par' dir='ltr' id='par_1_73' title="bbox 2210 1469 3794 1541">
     <span class='ocr_line' id='line_1_73' title="bbox 2210 1469 3794 1541; baseline 0.003 -21"><span class='ocrx_word' id='word_1_563' title='bbox 2210 1469 2308 1538; x_wconf 85' lang='grc' dir='ltr'>τῆς</span> <span class='ocrx_word' id='word_1_564' title='bbox 2327 1469 2515 1531; x_wconf 85' lang='grc' dir='ltr'>οὐσίας</span> <span class='ocrx_word' id='word_1_565' title='bbox 2546 1469 2619 1540; x_wconf 83' lang='grc' dir='ltr'>μὴ</span> <span class='ocrx_word' id='word_1_566' title='bbox 2670 1472 3047 1541; x_wconf 84' lang='grc' dir='ltr'>προσκυνήσῃς</span> <span class='ocrx_word' id='word_1_567' title='bbox 3069 1471 3134 1522; x_wconf 79' lang='grc' dir='ltr'>τὰ</span> <span class='ocrx_word' id='word_1_568' title='bbox 3173 1471 3449 1540; x_wconf 87' lang='grc' dir='ltr'>γενόμενα.</span> <span class='ocrx_word' id='word_1_569' title='bbox 3481 1471 3712 1540; x_wconf 71' lang='grc' dir='ltr'>Φαιδρὸε</span> <span class='ocrx_word' id='word_1_570' title='bbox 3763 1474 3794 1524; x_wconf 83' lang='grc' dir='ltr'>ό</span> 
     </span>
    </p>
   </div>
   <div class='ocr_carea' id='block_1_74' title="bbox 2209 1555 3789 1627">
    <p class='ocr_par' dir='ltr' id='par_1_74' title="bbox 2209 1555 3789 1627">
     <span class='ocr_line' id='line_1_74' title="bbox 2209 1555 3789 1627; baseline 0.003 -23"><span class='ocrx_word' id='word_1_571' title='bbox 2209 1555 2356 1623; x_wconf 83' lang='grc' dir='ltr'>ἦλιος</span> <span class='ocrx_word' id='word_1_572' title='bbox 2379 1555 2726 1625; x_wconf 76' lang='grc' dir='ltr'>λάμπων,καὶ</span> <span class='ocrx_word' id='word_1_573' title='bbox 2757 1561 2933 1611; x_wconf 77' lang='grc' dir='ltr'>πᾶσαν</span> <span class='ocrx_word' id='word_1_574' title='bbox 2957 1556 3284 1625; x_wconf 84' lang='grc' dir='ltr'>καταυγάζει</span> <span class='ocrx_word' id='word_1_575' title='bbox 3316 1559 3411 1627; x_wconf 83' lang='grc' dir='ltr'>τὴν</span> <span class='ocrx_word' id='word_1_576' title='bbox 3436 1560 3789 1626; x_wconf 70' lang='grc' dir='ltr'>οἰκουμένην·</span> 
     </span>
    </p>
   </div>
   <div class='ocr_carea' id='block_1_75' title="bbox 2210 1641 3790 1714">
    <p class='ocr_par' dir='ltr' id='par_1_75' title="bbox 2210 1641 3790 1714">
     <span class='ocr_line' id='line_1_75' title="bbox 2210 1641 3790 1714; baseline -0.001 -19"><span class='ocrx_word' id='word_1_577' title='bbox 2210 1641 2322 1695; x_wconf 86' lang='grc' dir='ltr'>ἀλλ’</span> <span class='ocrx_word' id='word_1_578' title='bbox 2352 1643 2612 1714; x_wconf 89' lang='grc' dir='ltr'>ἐλθούσης</span> <span class='ocrx_word' id='word_1_579' title='bbox 2645 1645 2744 1712; x_wconf 78' lang='grc' dir='ltr'>τῆς</span> <span class='ocrx_word' id='word_1_580' title='bbox 2800 1646 2989 1708; x_wconf 88' lang='grc' dir='ltr'>νυκτὸς</span> <span class='ocrx_word' id='word_1_581' title='bbox 3044 1646 3304 1698; x_wconf 85' lang='grc' dir='ltr'>ἐκλείπει.</span> <span class='ocrx_word' id='word_1_582' title='bbox 3352 1645 3412 1698; x_wconf 76' lang='grc' dir='ltr'>Τί</span> <span class='ocrx_word' id='word_1_583' title='bbox 3462 1645 3591 1713; x_wconf 70' lang='grc' dir='ltr'>γὰρ,</span> <span class='ocrx_word' id='word_1_584' title='bbox 3627 1645 3790 1711; x_wconf 68' lang='grc' dir='ltr'>φησὶ,</span> 
     </span>
    </p>
   </div>
   <div class='ocr_carea' id='block_1_76' title="bbox 2208 1731 3788 1799">
    <p class='ocr_par' dir='ltr' id='par_1_76' title="bbox 2208 1731 3788 1799">
     <span class='ocr_line' id='line_1_76' title="bbox 2208 1731 3788 1799; baseline -0.002 -17"><span class='ocrx_word' id='word_1_585' title='bbox 2208 1732 2628 1797; x_wconf 74' lang='grc' dir='ltr'>φωτεινότερον</span> <span class='ocrx_word' id='word_1_586' title='bbox 2658 1732 2874 1799; x_wconf 73' lang='grc' dir='ltr'>ἡλίου;</span> <span class='ocrx_word' id='word_1_587' title='bbox 2928 1731 3112 1784; x_wconf 72' lang='grc' dir='ltr'><em>Ἀλλὰ</em></span> <span class='ocrx_word' id='word_1_588' title='bbox 3142 1731 3239 1783; x_wconf 84' lang='grc' dir='ltr'>καὶ</span> <span class='ocrx_word' id='word_1_589' title='bbox 3284 1731 3457 1783; x_wconf 76' lang='grc' dir='ltr'>τοῦτο</span> <span class='ocrx_word' id='word_1_590' title='bbox 3493 1731 3788 1783; x_wconf 69' lang='grc' dir='ltr'>ἐκλείπει·</span> 
     </span>
    </p>
   </div>
   <div class='ocr_carea' id='block_1_77' title="bbox 2207 1816 3793 1887">
    <p class='ocr_par' dir='ltr' id='par_1_77' title="bbox 2207 1816 3793 1887">
     <span class='ocr_line' id='line_1_77' title="bbox 2207 1816 3793 1887; baseline 0.002 -20"><span class='ocrx_word' id='word_1_591' title='bbox 2207 1816 2306 1868; x_wconf 88' lang='grc' dir='ltr'>οὐκ</span> <span class='ocrx_word' id='word_1_592' title='bbox 2340 1819 2396 1869; x_wconf 80' lang='grc' dir='ltr'>ἐν</span> <span class='ocrx_word' id='word_1_593' title='bbox 2419 1820 2570 1869; x_wconf 84' lang='grc' dir='ltr'>νυκτὶ</span> <span class='ocrx_word' id='word_1_594' title='bbox 2591 1818 2645 1870; x_wconf 85' lang='grc' dir='ltr'>δὲ</span> <span class='ocrx_word' id='word_1_595' title='bbox 2681 1818 2860 1887; x_wconf 86' lang='grc' dir='ltr'>μόνον,</span> <span class='ocrx_word' id='word_1_596' title='bbox 2905 1817 3038 1870; x_wconf 88' lang='grc' dir='ltr'>ἀλλά</span> <span class='ocrx_word' id='word_1_597' title='bbox 3071 1818 3163 1869; x_wconf 75' lang='grc' dir='ltr'>καὶ</span> <span class='ocrx_word' id='word_1_598' title='bbox 3197 1820 3253 1870; x_wconf 84' lang='grc' dir='ltr'>ἐν</span> <span class='ocrx_word' id='word_1_599' title='bbox 3281 1817 3481 1885; x_wconf 81' lang='grc' dir='ltr'>ἡμέρᾳ.</span> <span class='ocrx_word' id='word_1_600' title='bbox 3529 1818 3640 1868; x_wconf 72' lang='grc' dir='ltr'>Καὶ</span> <span class='ocrx_word' id='word_1_601' title='bbox 3697 1818 3793 1870; x_wconf 75' lang='grc' dir='ltr'>διὰ</span> 
     </span>
    </p>
   </div>
   <div class='ocr_carea' id='block_1_78' title="bbox 2208 1900 3789 1974">
    <p class='ocr_par' dir='ltr' id='par_1_78' title="bbox 2208 1900 3789 1974">
     <span class='ocr_line' id='line_1_78' title="bbox 2208 1900 3789 1974; baseline -0.001 -20"><span class='ocrx_word' id='word_1_602' title='bbox 2208 1902 2364 1955; x_wconf 91' lang='grc' dir='ltr'>τοῦτο</span> <span class='ocrx_word' id='word_1_603' title='bbox 2392 1903 2645 1966; x_wconf 87' lang='grc' dir='ltr'>πολλάκις</span> <span class='ocrx_word' id='word_1_604' title='bbox 2678 1904 2770 1957; x_wconf 70' lang='grc' dir='ltr'>καὶ</span> <span class='ocrx_word' id='word_1_605' title='bbox 2789 1905 2846 1955; x_wconf 85' lang='grc' dir='ltr'>ἐν</span> <span class='ocrx_word' id='word_1_606' title='bbox 2878 1904 3056 1974; x_wconf 77' lang='grc' dir='ltr'>ἡμέρα</span> <span class='ocrx_word' id='word_1_607' title='bbox 3071 1902 3220 1971; x_wconf 82' lang='grc' dir='ltr'>ἥλιος</span> <span class='ocrx_word' id='word_1_608' title='bbox 3247 1900 3615 1966; x_wconf 81' lang='grc' dir='ltr'>ἐξέλιπεν,ἴνα</span> <span class='ocrx_word' id='word_1_609' title='bbox 3650 1901 3789 1953; x_wconf 85' lang='grc' dir='ltr'>θαυ-</span> 
     </span>
    </p>
   </div>
   <div class='ocr_carea' id='block_1_79' title="bbox 2211 1987 3791 2061">
    <p class='ocr_par' dir='ltr' id='par_1_79' title="bbox 2211 1987 3791 2061">
     <span class='ocr_line' id='line_1_79' title="bbox 2211 1987 3791 2061; baseline -0.003 -19"><span class='ocrx_word' id='word_1_610' title='bbox 2211 1989 2386 2061; x_wconf 83' lang='grc' dir='ltr'>μάζῃς</span> <span class='ocrx_word' id='word_1_611' title='bbox 2425 1991 2521 2059; x_wconf 82' lang='grc' dir='ltr'>μὲν</span> <span class='ocrx_word' id='word_1_612' title='bbox 2543 1989 2629 2042; x_wconf 90' lang='grc' dir='ltr'>διά</span> <span class='ocrx_word' id='word_1_613' title='bbox 2651 1991 2748 2059; x_wconf 82' lang='grc' dir='ltr'>τὴν</span> <span class='ocrx_word' id='word_1_614' title='bbox 2781 1991 2972 2058; x_wconf 86' lang='grc' dir='ltr'>τέχνην</span> <span class='ocrx_word' id='word_1_615' title='bbox 3009 1990 3097 2042; x_wconf 89' lang='grc' dir='ltr'>τὸν</span> <span class='ocrx_word' id='word_1_616' title='bbox 3111 1987 3463 2058; x_wconf 85' lang='grc' dir='ltr'>Δημιουργὸν,</span> <span class='ocrx_word' id='word_1_617' title='bbox 3500 1988 3575 2056; x_wconf 82' lang='grc' dir='ltr'>μὴ</span> <span class='ocrx_word' id='word_1_618' title='bbox 3615 2004 3791 2056; x_wconf 72' lang='grc' dir='ltr'>προσ-</span> 
     </span>
    </p>
   </div>
   <div class='ocr_carea' id='block_1_80' title="bbox 2207 2072 3789 2146">
    <p class='ocr_par' dir='ltr' id='par_1_80' title="bbox 2207 2072 3789 2146">
     <span class='ocr_line' id='line_1_80' title="bbox 2207 2072 3789 2146; baseline -0.003 -18"><span class='ocrx_word' id='word_1_619' title='bbox 2207 2077 2445 2146; x_wconf 84' lang='grc' dir='ltr'>κυνήσῃς</span> <span class='ocrx_word' id='word_1_620' title='bbox 2481 2076 2536 2128; x_wconf 90' lang='grc' dir='ltr'>δέ</span> <span class='ocrx_word' id='word_1_621' title='bbox 2551 2076 2637 2128; x_wconf 89' lang='grc' dir='ltr'>διά</span> <span class='ocrx_word' id='word_1_622' title='bbox 2659 2076 2756 2145; x_wconf 85' lang='grc' dir='ltr'>τὴν</span> <span class='ocrx_word' id='word_1_623' title='bbox 2784 2075 3063 2127; x_wconf 88' lang='grc' dir='ltr'>ἀσθένειαν</span> <span class='ocrx_word' id='word_1_624' title='bbox 3093 2076 3152 2127; x_wconf 90' lang='grc' dir='ltr'>τὸ</span> <span class='ocrx_word' id='word_1_625' title='bbox 3175 2074 3474 2142; x_wconf 87' lang='grc' dir='ltr'>γενόμενον.</span> <span class='ocrx_word' id='word_1_626' title='bbox 3507 2072 3672 2141; x_wconf 73' lang='grc' dir='ltr'>Ὁρᾷς</span> <span class='ocrx_word' id='word_1_627' title='bbox 3693 2073 3789 2124; x_wconf 87' lang='grc' dir='ltr'>τὸν</span> 
     </span>
    </p>
   </div>
   <div class='ocr_carea' id='block_1_81' title="bbox 2205 2159 3789 2232">
    <p class='ocr_par' dir='ltr' id='par_1_81' title="bbox 2205 2159 3789 2232">
     <span class='ocr_line' id='line_1_81' title="bbox 2205 2159 3789 2232; baseline -0.003 -18"><span class='ocrx_word' id='word_1_628' title='bbox 2205 2162 2429 2232; x_wconf 80' lang='grc' dir='ltr'>οὐρανὸν</span> <span class='ocrx_word' id='word_1_629' title='bbox 2457 2162 2659 2227; x_wconf 89' lang='grc' dir='ltr'>τοῦτον,</span> <span class='ocrx_word' id='word_1_630' title='bbox 2694 2163 2874 2229; x_wconf 78' lang='grc' dir='ltr'>ἡλίκον</span> <span class='ocrx_word' id='word_1_631' title='bbox 2899 2164 3014 2216; x_wconf 75' lang='grc' dir='ltr'>ἐστὶ</span> <span class='ocrx_word' id='word_1_632' title='bbox 3047 2163 3233 2230; x_wconf 88' lang='grc' dir='ltr'>σῶμα;</span> <span class='ocrx_word' id='word_1_633' title='bbox 3261 2160 3376 2222; x_wconf 86' lang='grc' dir='ltr'>πῶς</span> <span class='ocrx_word' id='word_1_634' title='bbox 3418 2159 3618 2222; x_wconf 86' lang='grc' dir='ltr'>καλὸν;</span> <span class='ocrx_word' id='word_1_635' title='bbox 3664 2159 3789 2221; x_wconf 89' lang='grc' dir='ltr'>πῶς</span> 
     </span>
    </p>
   </div>
   <div class='ocr_carea' id='block_1_82' title="bbox 2205 2246 3787 2319">
    <p class='ocr_par' dir='ltr' id='par_1_82' title="bbox 2205 2246 3787 2319">
     <span class='ocr_line' id='line_1_82' title="bbox 2205 2246 3787 2319; baseline -0.001 -19"><span class='ocrx_word' id='word_1_636' title='bbox 2205 2247 2542 2311; x_wconf 75' lang='grc' dir='ltr'>ἀποστίλϐον,</span> <span class='ocrx_word' id='word_1_637' title='bbox 2594 2251 2685 2302; x_wconf 82' lang='grc' dir='ltr'>καὶ</span> <span class='ocrx_word' id='word_1_638' title='bbox 2709 2250 2812 2301; x_wconf 89' lang='grc' dir='ltr'>τῶν</span> <span class='ocrx_word' id='word_1_639' title='bbox 2827 2251 3103 2319; x_wconf 80' lang='grc' dir='ltr'>ἡμετέρων</span> <span class='ocrx_word' id='word_1_640' title='bbox 3129 2247 3331 2315; x_wconf 83' lang='grc' dir='ltr'>βέλτιον</span> <span class='ocrx_word' id='word_1_641' title='bbox 3351 2246 3620 2314; x_wconf 87' lang='grc' dir='ltr'>σωμάτων</span> <span class='ocrx_word' id='word_1_642' title='bbox 3638 2246 3787 2299; x_wconf 82' lang='grc' dir='ltr'>κατά</span> 
     </span>
    </p>
   </div>
   <div class='ocr_carea' id='block_1_83' title="bbox 2205 2329 3787 2404">
    <p class='ocr_par' dir='ltr' id='par_1_83' title="bbox 2205 2329 3787 2404">
     <span class='ocr_line' id='line_1_83' title="bbox 2205 2329 3787 2404; baseline -0.001 -18"><span class='ocrx_word' id='word_1_643' title='bbox 2205 2335 2300 2404; x_wconf 82' lang='grc' dir='ltr'>τὴν</span> <span class='ocrx_word' id='word_1_644' title='bbox 2327 2335 2675 2404; x_wconf 83' lang='grc' dir='ltr'>ἐπιφάνειαν;</span> <span class='ocrx_word' id='word_1_645' title='bbox 2722 2335 2858 2387; x_wconf 80' lang='grc' dir='ltr'>Ἀλλ’</span> <span class='ocrx_word' id='word_1_646' title='bbox 2887 2335 3088 2404; x_wconf 68' lang='grc' dir='ltr'>ἄψυχόν</span> <span class='ocrx_word' id='word_1_647' title='bbox 3120 2336 3284 2386; x_wconf 88' lang='grc' dir='ltr'>ἐστιν.</span> <span class='ocrx_word' id='word_1_648' title='bbox 3349 2329 3500 2394; x_wconf 72' lang='grc' dir='ltr'>Εἶδες</span> <span class='ocrx_word' id='word_1_649' title='bbox 3534 2334 3629 2384; x_wconf 70' lang='grc' dir='ltr'>καὶ</span> <span class='ocrx_word' id='word_1_650' title='bbox 3680 2332 3787 2401; x_wconf 80' lang='grc' dir='ltr'>τῆς</span> 
     </span>
    </p>
   </div>
   <div class='ocr_carea' id='block_1_84' title="bbox 2206 2419 3782 2492">
    <p class='ocr_par' dir='ltr' id='par_1_84' title="bbox 2206 2419 3782 2492">
     <span class='ocr_line' id='line_1_84' title="bbox 2206 2419 3782 2492; baseline -0.004 -18"><span class='ocrx_word' id='word_1_651' title='bbox 2206 2421 2399 2491; x_wconf 85' lang='grc' dir='ltr'>τέχνης</span> <span class='ocrx_word' id='word_1_652' title='bbox 2425 2421 2521 2492; x_wconf 75' lang='grc' dir='ltr'>τὴν</span> <span class='ocrx_word' id='word_1_653' title='bbox 2542 2422 2814 2486; x_wconf 82' lang='grc' dir='ltr'>ἐπίδειξιν,</span> <span class='ocrx_word' id='word_1_654' title='bbox 2845 2421 2936 2473; x_wconf 77' lang='grc' dir='ltr'>καὶ</span> <span class='ocrx_word' id='word_1_655' title='bbox 2961 2421 3060 2489; x_wconf 81' lang='grc' dir='ltr'>τῆς</span> <span class='ocrx_word' id='word_1_656' title='bbox 3085 2420 3365 2482; x_wconf 81' lang='grc' dir='ltr'>ἀσθενείας</span> <span class='ocrx_word' id='word_1_657' title='bbox 3393 2420 3482 2472; x_wconf 90' lang='grc' dir='ltr'>τὸν</span> <span class='ocrx_word' id='word_1_658' title='bbox 3513 2419 3738 2487; x_wconf 77' lang='grc' dir='ltr'>ἔλεγχον</span> <span class='ocrx_word' id='word_1_659' title='bbox 3760 2434 3782 2484; x_wconf 81' lang='grc' dir='ltr'>ς</span> 
     </span>
    </p>
   </div>
   <div class='ocr_carea' id='block_1_85' title="bbox 2206 2506 3783 2580">
    <p class='ocr_par' dir='ltr' id='par_1_85' title="bbox 2206 2506 3783 2580">
     <span class='ocr_line' id='line_1_85' title="bbox 2206 2506 3783 2580; baseline -0.004 -18"><span class='ocrx_word' id='word_1_660' title='bbox 2206 2511 2333 2580; x_wconf 77' lang='grc' dir='ltr'>δρᾷς</span> <span class='ocrx_word' id='word_1_661' title='bbox 2360 2509 2696 2579; x_wconf 83' lang='grc' dir='ltr'>ἑκατέρωθέν</span> <span class='ocrx_word' id='word_1_662' title='bbox 2715 2526 2798 2560; x_wconf 90' lang='grc' dir='ltr'>σοι</span> <span class='ocrx_word' id='word_1_663' title='bbox 2822 2508 2888 2560; x_wconf 86' lang='grc' dir='ltr'>τὰ</span> <span class='ocrx_word' id='word_1_664' title='bbox 2910 2507 3234 2578; x_wconf 82' lang='grc' dir='ltr'>ὀχυρώματα</span> <span class='ocrx_word' id='word_1_665' title='bbox 3258 2508 3516 2577; x_wconf 88' lang='grc' dir='ltr'>κείμενα;</span> <span class='ocrx_word' id='word_1_666' title='bbox 3541 2507 3657 2559; x_wconf 82' lang='grc' dir='ltr'>Ἵνα</span> <span class='ocrx_word' id='word_1_667' title='bbox 3669 2506 3783 2575; x_wconf 84' lang='grc' dir='ltr'>γάρ</span> 
     </span>
    </p>
   </div>
   <div class='ocr_carea' id='block_1_86' title="bbox 2211 2592 3783 2666">
    <p class='ocr_par' dir='ltr' id='par_1_86' title="bbox 2211 2592 3783 2666">
     <span class='ocr_line' id='line_1_86' title="bbox 2211 2592 3783 2666; baseline -0.002 -19"><span class='ocrx_word' id='word_1_668' title='bbox 2211 2595 2283 2666; x_wconf 84' lang='grc' dir='ltr'>μὴ</span> <span class='ocrx_word' id='word_1_669' title='bbox 2313 2595 2727 2665; x_wconf 86' lang='grc' dir='ltr'>καταγινώσκῃς</span> <span class='ocrx_word' id='word_1_670' title='bbox 2747 2595 2838 2647; x_wconf 91' lang='grc' dir='ltr'>τοῦ</span> <span class='ocrx_word' id='word_1_671' title='bbox 2860 2594 3192 2666; x_wconf 88' lang='grc' dir='ltr'>Δημιουργοῦ</span> <span class='ocrx_word' id='word_1_672' title='bbox 3224 2595 3298 2656; x_wconf 85' lang='grc' dir='ltr'>ὼς</span> <span class='ocrx_word' id='word_1_673' title='bbox 3330 2592 3611 2654; x_wconf 86' lang='grc' dir='ltr'>ἀσθενοῦς,</span> <span class='ocrx_word' id='word_1_674' title='bbox 3638 2592 3783 2644; x_wconf 76' lang='grc' dir='ltr'>καλᾶ</span> 
     </span>
    </p>
   </div>
   <div class='ocr_carea' id='block_1_87' title="bbox 2208 2679 3780 2753">
    <p class='ocr_par' dir='ltr' id='par_1_87' title="bbox 2208 2679 3780 2753">
     <span class='ocr_line' id='line_1_87' title="bbox 2208 2679 3780 2753; baseline -0.001 -20"><span class='ocrx_word' id='word_1_675' title='bbox 2208 2682 2477 2750; x_wconf 87' lang='grc' dir='ltr'>ἐποίησεν·</span> <span class='ocrx_word' id='word_1_676' title='bbox 2494 2681 2579 2733; x_wconf 81' lang='grc' dir='ltr'>ἵνα</span> <span class='ocrx_word' id='word_1_677' title='bbox 2602 2681 2656 2733; x_wconf 82' lang='grc' dir='ltr'>δέ</span> <span class='ocrx_word' id='word_1_678' title='bbox 2693 2682 2765 2752; x_wconf 82' lang='grc' dir='ltr'>μὴ</span> <span class='ocrx_word' id='word_1_679' title='bbox 2794 2686 3098 2753; x_wconf 80' lang='grc' dir='ltr'>πρυσκυνῇς</span> <span class='ocrx_word' id='word_1_680' title='bbox 3125 2681 3191 2733; x_wconf 87' lang='grc' dir='ltr'>τά</span> <span class='ocrx_word' id='word_1_681' title='bbox 3219 2679 3573 2749; x_wconf 83' lang='grc' dir='ltr'>γενόμεναῶς</span> <span class='ocrx_word' id='word_1_682' title='bbox 3596 2679 3780 2739; x_wconf 77' lang='grc' dir='ltr'>θεοὺς.</span> 
     </span>
    </p>
   </div>
   <div class='ocr_carea' id='block_1_88' title="bbox 2207 2765 3781 2839">
    <p class='ocr_par' dir='ltr' id='par_1_88' title="bbox 2207 2765 3781 2839">
     <span class='ocr_line' id='line_1_88' title="bbox 2207 2765 3781 2839; baseline -0.001 -21"><span class='ocrx_word' id='word_1_683' title='bbox 2207 2767 2407 2836; x_wconf 89' lang='grc' dir='ltr'>ἀσθενῆ</span> <span class='ocrx_word' id='word_1_684' title='bbox 2429 2767 2599 2820; x_wconf 90' lang='grc' dir='ltr'>ταῦτα</span> <span class='ocrx_word' id='word_1_685' title='bbox 2630 2768 2693 2820; x_wconf 85' lang='grc' dir='ltr'>ἐκ</span> <span class='ocrx_word' id='word_1_686' title='bbox 2721 2768 2917 2839; x_wconf 83' lang='grc' dir='ltr'>μέρους</span> <span class='ocrx_word' id='word_1_687' title='bbox 2951 2769 3256 2838; x_wconf 79' lang='grc' dir='ltr'>εἰργάσατο.</span> <span class='ocrx_word' id='word_1_688' title='bbox 3277 2767 3460 2819; x_wconf 89' lang='grc' dir='ltr'>Ταῦτα</span> <span class='ocrx_word' id='word_1_689' title='bbox 3493 2765 3781 2836; x_wconf 82' lang='grc' dir='ltr'>μέμνησθε</span> 
     </span>
    </p>
   </div>
   <div class='ocr_carea' id='block_1_89' title="bbox 2203 2853 2479 2924">
    <p class='ocr_par' dir='ltr' id='par_1_89' title="bbox 2203 2853 2479 2924">
     <span class='ocr_line' id='line_1_89' title="bbox 2203 2853 2479 2924; baseline 0.004 -19"><span class='ocrx_word' id='word_1_690' title='bbox 2203 2853 2479 2924; x_wconf 82' lang='grc' dir='ltr'>διηνεκῶς.</span> 
     </span>
    </p>
   </div>
   <div class='ocr_carea' id='block_1_90' title="bbox 2275 2935 3780 3010">
    <p class='ocr_par' dir='ltr' id='par_1_90' title="bbox 2275 2935 3780 3010">
     <span class='ocr_line' id='line_1_90' title="bbox 2275 2935 3780 3010; baseline -0.003 -19"><span class='ocrx_word' id='word_1_691' title='bbox 2275 2940 2371 2992; x_wconf 79' lang='grc' dir='ltr'>Διά</span> <span class='ocrx_word' id='word_1_692' title='bbox 2402 2940 2556 2992; x_wconf 83' lang='grc' dir='ltr'>τοῦτο</span> <span class='ocrx_word' id='word_1_693' title='bbox 2598 2940 2816 3009; x_wconf 82' lang='grc' dir='ltr'>Γραφάς</span> <span class='ocrx_word' id='word_1_694' title='bbox 2845 2939 3239 3010; x_wconf 86' lang='grc' dir='ltr'>ἐρμηνεύομεν,</span> <span class='ocrx_word' id='word_1_695' title='bbox 3275 2938 3371 3006; x_wconf 90' lang='grc' dir='ltr'>οὐχ</span> <span class='ocrx_word' id='word_1_696' title='bbox 3426 2938 3513 2988; x_wconf 84' lang='grc' dir='ltr'>ἵνα</span> <span class='ocrx_word' id='word_1_697' title='bbox 3548 2935 3780 3005; x_wconf 61' lang='grc' dir='ltr'>Γραφας</span> 
     </span>
    </p>
   </div>
   <div class='ocr_carea' id='block_1_91' title="bbox 2209 3022 3782 3095">
    <p class='ocr_par' dir='ltr' id='par_1_91' title="bbox 2209 3022 3782 3095">
     <span class='ocr_line' id='line_1_91' title="bbox 2209 3022 3782 3095; baseline -0.002 -18"><span class='ocrx_word' id='word_1_698' title='bbox 2209 3025 2416 3095; x_wconf 83' lang='grc' dir='ltr'>μάθητε</span> <span class='ocrx_word' id='word_1_699' title='bbox 2447 3025 2623 3093; x_wconf 89' lang='grc' dir='ltr'>μόνον,</span> <span class='ocrx_word' id='word_1_700' title='bbox 2657 3025 2876 3077; x_wconf 80' lang='grc' dir='ltr'>ἀλλ’ἵνα</span> <span class='ocrx_word' id='word_1_701' title='bbox 2906 3025 2998 3076; x_wconf 76' lang='grc' dir='ltr'>καὶ</span> <span class='ocrx_word' id='word_1_702' title='bbox 3034 3024 3100 3076; x_wconf 86' lang='grc' dir='ltr'>τά</span> <span class='ocrx_word' id='word_1_703' title='bbox 3139 3025 3239 3094; x_wconf 68' lang='grc' dir='ltr'>ἤθη</span> <span class='ocrx_word' id='word_1_704' title='bbox 3294 3022 3640 3092; x_wconf 82' lang='grc' dir='ltr'>διορθὼσητε.</span> <span class='ocrx_word' id='word_1_705' title='bbox 3676 3023 3782 3074; x_wconf 70' lang='lat' dir='ltr'>&quot;Av</span> 
     </span>
    </p>
   </div>
   <div class='ocr_carea' id='block_1_92' title="bbox 2204 3106 3776 3182">
    <p class='ocr_par' dir='ltr' id='par_1_92' title="bbox 2204 3106 3776 3182">
     <span class='ocr_line' id='line_1_92' title="bbox 2204 3106 3776 3182; baseline -0.004 -18"><span class='ocrx_word' id='word_1_706' title='bbox 2204 3114 2312 3182; x_wconf 85' lang='grc' dir='ltr'>γάρ</span> <span class='ocrx_word' id='word_1_707' title='bbox 2364 3111 2517 3163; x_wconf 90' lang='grc' dir='ltr'>τοῦτο</span> <span class='ocrx_word' id='word_1_708' title='bbox 2574 3112 2645 3182; x_wconf 84' lang='grc' dir='ltr'>μὴ</span> <span class='ocrx_word' id='word_1_709' title='bbox 2680 3112 2938 3180; x_wconf 83' lang='grc' dir='ltr'>γένηται,</span> <span class='ocrx_word' id='word_1_710' title='bbox 2986 3109 3248 3178; x_wconf 84' lang='grc' dir='ltr'>περιττῶς</span> <span class='ocrx_word' id='word_1_711' title='bbox 3304 3106 3776 3175; x_wconf 83' lang='grc' dir='ltr'>ἀναγινώσκομεν,</span> 
     </span>
    </p>
   </div>
   <div class='ocr_carea' id='block_1_93' title="bbox 2205 3193 3777 3269">
    <p class='ocr_par' dir='ltr' id='par_1_93' title="bbox 2205 3193 3777 3269">
     <span class='ocr_line' id='line_1_93' title="bbox 2205 3193 3777 3269; baseline -0.003 -19"><span class='ocrx_word' id='word_1_712' title='bbox 2205 3200 2470 3268; x_wconf 83' lang='grc' dir='ltr'>περιττῶς</span> <span class='ocrx_word' id='word_1_713' title='bbox 2502 3197 2858 3269; x_wconf 83' lang='grc' dir='ltr'>ἐξηγούμεθα.</span> <span class='ocrx_word' id='word_1_714' title='bbox 2893 3198 3102 3264; x_wconf 83' lang='grc' dir='ltr'>Ὥσπερ</span> <span class='ocrx_word' id='word_1_715' title='bbox 3135 3195 3240 3264; x_wconf 85' lang='grc' dir='ltr'>γάρ</span> <span class='ocrx_word' id='word_1_716' title='bbox 3287 3193 3519 3262; x_wconf 71' lang='grc' dir='ltr'>ἀθλητὴς</span> <span class='ocrx_word' id='word_1_717' title='bbox 3555 3195 3636 3255; x_wconf 89' lang='grc' dir='ltr'>εἰς</span> <span class='ocrx_word' id='word_1_718' title='bbox 3666 3211 3777 3245; x_wconf 88' lang='grc' dir='ltr'>πα-</span> 
     </span>
    </p>
   </div>
   <div class='ocr_carea' id='block_1_94' title="bbox 2203 3281 3776 3354">
    <p class='ocr_par' dir='ltr' id='par_1_94' title="bbox 2203 3281 3776 3354">
     <span class='ocr_line' id='line_1_94' title="bbox 2203 3281 3776 3354; baseline -0.001 -20"><span class='ocrx_word' id='word_1_719' title='bbox 2203 3283 2459 3354; x_wconf 88' lang='grc' dir='ltr'>λαίστραν</span> <span class='ocrx_word' id='word_1_720' title='bbox 2490 3285 2670 3336; x_wconf 86' lang='grc' dir='ltr'>εἰσιὼν</span> <span class='ocrx_word' id='word_1_721' title='bbox 2695 3285 3042 3352; x_wconf 74' lang='grc' dir='ltr'>ἀλειφόμενος</span> <span class='ocrx_word' id='word_1_722' title='bbox 3068 3283 3158 3333; x_wconf 73' lang='grc' dir='ltr'>καὶ</span> <span class='ocrx_word' id='word_1_723' title='bbox 3202 3281 3484 3333; x_wconf 76' lang='grc' dir='ltr'>ἀπολαύων</span> <span class='ocrx_word' id='word_1_724' title='bbox 3514 3281 3624 3331; x_wconf 89' lang='grc' dir='ltr'>τῶν</span> <span class='ocrx_word' id='word_1_725' title='bbox 3656 3298 3776 3349; x_wconf 84' lang='grc' dir='ltr'>χει-</span> 
     </span>
    </p>
   </div>
   <div class='ocr_carea' id='block_1_95' title="bbox 2205 3371 3774 3444">
    <p class='ocr_par' dir='ltr' id='par_1_95' title="bbox 2205 3371 3774 3444">
     <span class='ocr_line' id='line_1_95' title="bbox 2205 3371 3774 3444; baseline -0.003 -18"><span class='ocrx_word' id='word_1_726' title='bbox 2205 3375 2315 3444; x_wconf 89' lang='grc' dir='ltr'>ρῶν</span> <span class='ocrx_word' id='word_1_727' title='bbox 2340 3375 2432 3427; x_wconf 89' lang='grc' dir='ltr'>τοῦ</span> <span class='ocrx_word' id='word_1_728' title='bbox 2478 3375 2840 3444; x_wconf 86' lang='grc' dir='ltr'>παιδοτρίϐου,</span> <span class='ocrx_word' id='word_1_729' title='bbox 2876 3375 2940 3427; x_wconf 82' lang='grc' dir='ltr'>ἂν</span> <span class='ocrx_word' id='word_1_730' title='bbox 2965 3374 3057 3425; x_wconf 91' lang='grc' dir='ltr'>τοῦ</span> <span class='ocrx_word' id='word_1_731' title='bbox 3089 3371 3294 3439; x_wconf 87' lang='grc' dir='ltr'>ἀγῶνος</span> <span class='ocrx_word' id='word_1_732' title='bbox 3327 3373 3774 3440; x_wconf 85' lang='grc' dir='ltr'>παραγενομένου</span> 
     </span>
    </p>
   </div>
   <div class='ocr_carea' id='block_1_96' title="bbox 2203 3458 3776 3534">
    <p class='ocr_par' dir='ltr' id='par_1_96' title="bbox 2203 3458 3776 3534">
     <span class='ocr_line' id='line_1_96' title="bbox 2203 3458 3776 3534; baseline -0.004 -19"><span class='ocrx_word' id='word_1_733' title='bbox 2203 3463 2394 3534; x_wconf 78' lang='grc' dir='ltr'>ἐλέγξῃ</span> <span class='ocrx_word' id='word_1_734' title='bbox 2417 3464 2628 3532; x_wconf 85' lang='grc' dir='ltr'>ἐκείνην</span> <span class='ocrx_word' id='word_1_735' title='bbox 2656 3465 2752 3531; x_wconf 80' lang='grc' dir='ltr'>τὴν</span> <span class='ocrx_word' id='word_1_736' title='bbox 2787 3464 2997 3531; x_wconf 89' lang='grc' dir='ltr'>τέχνην,</span> <span class='ocrx_word' id='word_1_737' title='bbox 3032 3461 3296 3531; x_wconf 86' lang='grc' dir='ltr'>περιττῶς</span> <span class='ocrx_word' id='word_1_738' title='bbox 3321 3458 3544 3527; x_wconf 82' lang='grc' dir='ltr'>εἰσήχθη</span> <span class='ocrx_word' id='word_1_739' title='bbox 3567 3461 3648 3522; x_wconf 83' lang='grc' dir='ltr'>εἰς</span> <span class='ocrx_word' id='word_1_740' title='bbox 3673 3460 3776 3528; x_wconf 78' lang='grc' dir='ltr'>τὴν</span> 
     </span>
    </p>
   </div>
   <div class='ocr_carea' id='block_1_97' title="bbox 2205 3547 3776 3621">
    <p class='ocr_par' dir='ltr' id='par_1_97' title="bbox 2205 3547 3776 3621">
     <span class='ocr_line' id='line_1_97' title="bbox 2205 3547 3776 3621; baseline -0.003 -18"><span class='ocrx_word' id='word_1_741' title='bbox 2205 3552 2557 3621; x_wconf 85' lang='grc' dir='ltr'>παλαίστραν·</span> <span class='ocrx_word' id='word_1_742' title='bbox 2594 3551 2761 3612; x_wconf 83' lang='grc' dir='ltr'>οῦτως</span> <span class='ocrx_word' id='word_1_743' title='bbox 2790 3551 2853 3603; x_wconf 86' lang='grc' dir='ltr'>ἂν</span> <span class='ocrx_word' id='word_1_744' title='bbox 2891 3549 3121 3601; x_wconf 89' lang='grc' dir='ltr'>ἐνταῦθα</span> <span class='ocrx_word' id='word_1_745' title='bbox 3168 3547 3591 3617; x_wconf 85' lang='grc' dir='ltr'>παραγινόμενοι</span> <span class='ocrx_word' id='word_1_746' title='bbox 3615 3588 3629 3608; x_wconf 91' lang='grc'>,</span> <span class='ocrx_word' id='word_1_747' title='bbox 3678 3547 3776 3598; x_wconf 75' lang='grc' dir='ltr'>καὶ</span> 
     </span>
    </p>
   </div>
   <div class='ocr_carea' id='block_1_98' title="bbox 2206 3633 3777 3707">
    <p class='ocr_par' dir='ltr' id='par_1_98' title="bbox 2206 3633 3777 3707">
     <span class='ocr_line' id='line_1_98' title="bbox 2206 3633 3777 3707; baseline -0.004 -17"><span class='ocrx_word' id='word_1_748' title='bbox 2206 3637 2561 3707; x_wconf 86' lang='grc' dir='ltr'>μανθάνοντες</span> <span class='ocrx_word' id='word_1_749' title='bbox 2601 3638 2671 3689; x_wconf 85' lang='grc' dir='ltr'>τά</span> <span class='ocrx_word' id='word_1_750' title='bbox 2714 3638 3063 3705; x_wconf 86' lang='grc' dir='ltr'>παλαίσματα</span> <span class='ocrx_word' id='word_1_751' title='bbox 3109 3636 3280 3687; x_wconf 86' lang='grc' dir='ltr'>πάντα</span> <span class='ocrx_word' id='word_1_752' title='bbox 3335 3636 3426 3687; x_wconf 74' lang='grc' dir='ltr'>καὶ</span> <span class='ocrx_word' id='word_1_753' title='bbox 3472 3633 3569 3694; x_wconf 91' lang='grc' dir='ltr'>τάς</span> <span class='ocrx_word' id='word_1_754' title='bbox 3602 3633 3777 3695; x_wconf 83' lang='grc' dir='ltr'>λαϐἀς</span> 
     </span>
    </p>
   </div>
   <div class='ocr_carea' id='block_1_99' title="bbox 2202 3720 3776 3792">
    <p class='ocr_par' dir='ltr' id='par_1_99' title="bbox 2202 3720 3776 3792">
     <span class='ocr_line' id='line_1_99' title="bbox 2202 3720 3776 3792; baseline -0.002 -15"><span class='ocrx_word' id='word_1_755' title='bbox 2202 3725 2295 3778; x_wconf 91' lang='grc' dir='ltr'>τοῦ</span> <span class='ocrx_word' id='word_1_756' title='bbox 2323 3725 2586 3788; x_wconf 90' lang='grc' dir='ltr'>διαϐόλου,</span> <span class='ocrx_word' id='word_1_757' title='bbox 2619 3724 2711 3776; x_wconf 91' lang='grc' dir='ltr'>τοῦ</span> <span class='ocrx_word' id='word_1_758' title='bbox 2743 3723 2932 3792; x_wconf 82' lang='grc' dir='ltr'>καιροῦ</span> <span class='ocrx_word' id='word_1_759' title='bbox 2973 3723 3078 3774; x_wconf 88' lang='grc' dir='ltr'>τῶν</span> <span class='ocrx_word' id='word_1_760' title='bbox 3110 3722 3334 3788; x_wconf 86' lang='grc' dir='ltr'>ἀγώνων</span> <span class='ocrx_word' id='word_1_761' title='bbox 3360 3720 3603 3782; x_wconf 81' lang='grc' dir='ltr'>ἐλθόντος</span> <span class='ocrx_word' id='word_1_762' title='bbox 3638 3720 3776 3774; x_wconf 85' lang='grc' dir='ltr'>ὐπο-</span> 
     </span>
    </p>
   </div>
   <div class='ocr_carea' id='block_1_100' title="bbox 2204 3805 3776 3881">
    <p class='ocr_par' dir='ltr' id='par_1_100' title="bbox 2204 3805 3776 3881">
     <span class='ocr_line' id='line_1_100' title="bbox 2204 3805 3776 3881; baseline -0.005 -18"><span class='ocrx_word' id='word_1_763' title='bbox 2204 3811 2536 3881; x_wconf 79' lang='grc' dir='ltr'>σκελισθῆτε,</span> <span class='ocrx_word' id='word_1_764' title='bbox 2571 3812 2603 3881; x_wconf 71' lang='grc' dir='ltr'>ἢ</span> <span class='ocrx_word' id='word_1_765' title='bbox 2669 3810 2938 3878; x_wconf 78' lang='grc' dir='ltr'>εὔμορφον</span> <span class='ocrx_word' id='word_1_766' title='bbox 2989 3809 3108 3876; x_wconf 71' lang='grc' dir='ltr'>δψιν</span> <span class='ocrx_word' id='word_1_767' title='bbox 3141 3808 3354 3868; x_wconf 84' lang='grc' dir='ltr'>ἰδόντες,</span> <span class='ocrx_word' id='word_1_768' title='bbox 3395 3806 3426 3875; x_wconf 81' lang='grc' dir='ltr'>ἢ</span> <span class='ocrx_word' id='word_1_769' title='bbox 3463 3805 3601 3874; x_wconf 87' lang='grc' dir='ltr'>πρὸς</span> <span class='ocrx_word' id='word_1_770' title='bbox 3636 3805 3776 3857; x_wconf 70' lang='grc' dir='ltr'>ἀτώ-</span> 
     </span>
    </p>
   </div>
   <div class='ocr_carea' id='block_1_101' title="bbox 2202 3891 3774 3968">
    <p class='ocr_par' dir='ltr' id='par_1_101' title="bbox 2202 3891 3774 3968">
     <span class='ocr_line' id='line_1_101' title="bbox 2202 3891 3774 3968; baseline -0.006 -17"><span class='ocrx_word' id='word_1_771' title='bbox 2202 3915 2347 3951; x_wconf 91' lang='grc' dir='ltr'>νοιαν</span> <span class='ocrx_word' id='word_1_772' title='bbox 2380 3897 2725 3968; x_wconf 85' lang='grc' dir='ltr'>ἐπαρθέντες,</span> <span class='ocrx_word' id='word_1_773' title='bbox 2767 3896 2798 3965; x_wconf 78' lang='grc' dir='ltr'>ἦ</span> <span class='ocrx_word' id='word_1_774' title='bbox 2831 3895 2998 3962; x_wconf 78' lang='grc' dir='ltr'>ἑτέρῳ</span> <span class='ocrx_word' id='word_1_775' title='bbox 3025 3895 3130 3947; x_wconf 73' lang='grc' dir='ltr'>τινὶ</span> <span class='ocrx_word' id='word_1_776' title='bbox 3173 3891 3389 3962; x_wconf 89' lang='grc' dir='ltr'>πονηρῷ</span> <span class='ocrx_word' id='word_1_777' title='bbox 3415 3891 3774 3961; x_wconf 85' lang='grc' dir='ltr'>χειρωθέντες</span> 
     </span>
    </p>
   </div>
   <div class='ocr_carea' id='block_1_102' title="bbox 2201 3976 3775 4054">
    <p class='ocr_par' dir='ltr' id='par_1_102' title="bbox 2201 3976 3775 4054">
     <span class='ocr_line' id='line_1_102' title="bbox 2201 3976 3775 4054; baseline -0.005 -17"><span class='ocrx_word' id='word_1_778' title='bbox 2201 3985 2463 4054; x_wconf 83' lang='grc' dir='ltr'>λογισμῷ,</span> <span class='ocrx_word' id='word_1_779' title='bbox 2503 3985 2675 4052; x_wconf 90' lang='grc' dir='ltr'>μάτην</span> <span class='ocrx_word' id='word_1_780' title='bbox 2695 3982 2924 4036; x_wconf 83' lang='grc' dir='ltr'>ἐνταῦθα</span> <span class='ocrx_word' id='word_1_781' title='bbox 2950 3981 3239 4050; x_wconf 81' lang='grc' dir='ltr'>εἰσήλθετε.</span> <span class='ocrx_word' id='word_1_782' title='bbox 3281 3977 3574 4047; x_wconf 64' lang='grc' dir='ltr'>ὸίέμνησθε</span> <span class='ocrx_word' id='word_1_783' title='bbox 3594 3976 3775 4029; x_wconf 84' lang='grc' dir='ltr'>τοίνυν</span> 
     </span>
    </p>
   </div>
   <div class='ocr_carea' id='block_1_103' title="bbox 2201 4063 3772 4136">
    <p class='ocr_par' dir='ltr' id='par_1_103' title="bbox 2201 4063 3772 4136">
     <span class='ocr_line' id='line_1_103' title="bbox 2201 4063 3772 4136; baseline -0.008 -13"><span class='ocrx_word' id='word_1_784' title='bbox 2201 4072 2308 4123; x_wconf 89' lang='grc' dir='ltr'>τῶν</span> <span class='ocrx_word' id='word_1_785' title='bbox 2331 4071 2520 4136; x_wconf 89' lang='grc' dir='ltr'>λόγων,</span> <span class='ocrx_word' id='word_1_786' title='bbox 2565 4070 2623 4120; x_wconf 87' lang='grc' dir='ltr'>οὐ</span> <span class='ocrx_word' id='word_1_787' title='bbox 2644 4067 2751 4120; x_wconf 88' lang='grc' dir='ltr'>τῶν</span> <span class='ocrx_word' id='word_1_788' title='bbox 2790 4067 2929 4120; x_wconf 86' lang='grc' dir='ltr'>κατὰ</span> <span class='ocrx_word' id='word_1_789' title='bbox 2960 4067 3055 4135; x_wconf 80' lang='grc' dir='ltr'>τῆς</span> <span class='ocrx_word' id='word_1_790' title='bbox 3095 4065 3428 4133; x_wconf 53' lang='grc' dir='ltr'>φύσεωςδτῆς</span> <span class='ocrx_word' id='word_1_791' title='bbox 3472 4063 3772 4132; x_wconf 77' lang='grc' dir='ltr'>ἡμετέρας,</span> 
     </span>
    </p>
   </div>
   <div class='ocr_carea' id='block_1_104' title="bbox 2203 4148 3774 4222">
    <p class='ocr_par' dir='ltr' id='par_1_104' title="bbox 2203 4148 3774 4222">
     <span class='ocr_line' id='line_1_104' title="bbox 2203 4148 3774 4222; baseline -0.007 -13"><span class='ocrx_word' id='word_1_792' title='bbox 2203 4157 2334 4210; x_wconf 83' lang='grc' dir='ltr'>ἀλλά</span> <span class='ocrx_word' id='word_1_793' title='bbox 2349 4156 2455 4208; x_wconf 91' lang='grc' dir='ltr'>τῶν</span> <span class='ocrx_word' id='word_1_794' title='bbox 2473 4155 2611 4208; x_wconf 83' lang='grc' dir='ltr'>κατὰ</span> <span class='ocrx_word' id='word_1_795' title='bbox 2624 4154 2722 4222; x_wconf 81' lang='grc' dir='ltr'>τῆς</span> <span class='ocrx_word' id='word_1_796' title='bbox 2739 4152 3022 4222; x_wconf 86' lang='grc' dir='ltr'>ἐπιθυμίας</span> <span class='ocrx_word' id='word_1_797' title='bbox 3039 4153 3131 4221; x_wconf 83' lang='grc' dir='ltr'>τῆς</span> <span class='ocrx_word' id='word_1_798' title='bbox 3147 4149 3536 4203; x_wconf 86' lang='grc' dir='ltr'>ἀκολάστου.οὐ</span> <span class='ocrx_word' id='word_1_799' title='bbox 3556 4148 3774 4216; x_wconf 84' lang='grc' dir='ltr'>φύσεως</span> 
     </span>
    </p>
   </div>
   <div class='ocr_carea' id='block_1_105' title="bbox 2203 4233 3776 4316">
    <p class='ocr_par' dir='ltr' id='par_1_105' title="bbox 2203 4233 3776 4316">
     <span class='ocr_line' id='line_1_105' title="bbox 2203 4233 3776 4316; baseline -0.008 -20"><span class='ocrx_word' id='word_1_800' title='bbox 2203 4242 2349 4316; x_wconf 76' lang='grc'><strong>[195]</strong></span> <span class='ocrx_word' id='word_1_801' title='bbox 2372 4242 2615 4312; x_wconf 77' lang='grc' dir='ltr'>ἔγκλημα</span> <span class='ocrx_word' id='word_1_802' title='bbox 2629 4242 2695 4292; x_wconf 70' lang='grc' dir='ltr'>τὰ</span> <span class='ocrx_word' id='word_1_803' title='bbox 2715 4239 2994 4309; x_wconf 87' lang='grc' dir='ltr'>εἰρημένα,</span> <span class='ocrx_word' id='word_1_804' title='bbox 3015 4237 3147 4289; x_wconf 87' lang='grc' dir='ltr'>ἀλλά</span> <span class='ocrx_word' id='word_1_805' title='bbox 3176 4235 3464 4305; x_wconf 84' lang='grc' dir='ltr'>ἐπιθυμίας</span> <span class='ocrx_word' id='word_1_806' title='bbox 3485 4233 3513 4273; x_wconf 70' lang='grc' dir='ltr'>ι’</span> <span class='ocrx_word' id='word_1_807' title='bbox 3532 4234 3599 4286; x_wconf 91' lang='grc' dir='ltr'>τά</span> <span class='ocrx_word' id='word_1_808' title='bbox 3621 4233 3776 4298; x_wconf 81' lang='grc' dir='ltr'>λεγό-</span> 
     </span>
    </p>
   </div>
   <div class='ocr_carea' id='block_1_106' title="bbox 2205 4323 3772 4403">
    <p class='ocr_par' dir='ltr' id='par_1_106' title="bbox 2205 4323 3772 4403">
     <span class='ocr_line' id='line_1_106' title="bbox 2205 4323 3772 4403; baseline -0.008 -17"><span class='ocrx_word' id='word_1_809' title='bbox 2205 4349 2357 4403; x_wconf 88' lang='grc' dir='ltr'>μενα.</span> <span class='ocrx_word' id='word_1_810' title='bbox 2398 4331 2579 4401; x_wconf 82' lang='grc' dir='ltr'>Ταύτῃ</span> <span class='ocrx_word' id='word_1_811' title='bbox 2603 4327 2984 4383; x_wconf 87' lang='grc' dir='ltr'>καταστέλλετε</span> <span class='ocrx_word' id='word_1_812' title='bbox 3039 4325 3242 4394; x_wconf 87' lang='grc' dir='ltr'>θυμὸν,</span> <span class='ocrx_word' id='word_1_813' title='bbox 3297 4323 3438 4376; x_wconf 78' lang='grc' dir='ltr'>οὕτω</span> <span class='ocrx_word' id='word_1_814' title='bbox 3489 4323 3772 4392; x_wconf 79' lang='grc' dir='ltr'>πραθνατε</span> 
     </span>
    </p>
   </div>
   <div class='ocr_carea' id='block_1_107' title="bbox 2203 4406 3775 4486">
    <p class='ocr_par' dir='ltr' id='par_1_107' title="bbox 2203 4406 3775 4486">
     <span class='ocr_line' id='line_1_107' title="bbox 2203 4406 3775 4486; baseline -0.007 -15"><span class='ocrx_word' id='word_1_815' title='bbox 2203 4417 2507 4486; x_wconf 87' lang='grc' dir='ltr'>ἐπιθυμίαν,</span> <span class='ocrx_word' id='word_1_816' title='bbox 2536 4415 2677 4468; x_wconf 75' lang='grc' dir='ltr'>οὕτω</span> <span class='ocrx_word' id='word_1_817' title='bbox 2709 4414 3022 4467; x_wconf 78' lang='grc' dir='ltr'>κατασπᾶτε</span> <span class='ocrx_word' id='word_1_818' title='bbox 3051 4412 3320 4464; x_wconf 85' lang='grc' dir='ltr'>ἀπόνοιαν.</span> <span class='ocrx_word' id='word_1_819' title='bbox 3350 4409 3456 4462; x_wconf 82' lang='grc' dir='ltr'>Καὶ</span> <span class='ocrx_word' id='word_1_820' title='bbox 3487 4406 3566 4478; x_wconf 81' lang='grc' dir='ltr'>ἦν</span> <span class='ocrx_word' id='word_1_821' title='bbox 3600 4408 3775 4462; x_wconf 79' lang='grc' dir='ltr'>πᾶσα</span> 
     </span>
    </p>
   </div>
   <div class='ocr_carea' id='block_1_108' title="bbox 2201 4494 3770 4572">
    <p class='ocr_par' dir='ltr' id='par_1_108' title="bbox 2201 4494 3770 4572">
     <span class='ocr_line' id='line_1_108' title="bbox 2201 4494 3770 4572; baseline -0.007 -16"><span class='ocrx_word' id='word_1_822' title='bbox 2201 4505 2239 4570; x_wconf 78' lang='grc' dir='ltr'><em>ἠ</em></span> <span class='ocrx_word' id='word_1_823' title='bbox 2263 4503 2337 4572; x_wconf 77' lang='grc' dir='ltr'><strong><em>γῆ</em></strong></span> <span class='ocrx_word' id='word_1_824' title='bbox 2361 4503 2558 4570; x_wconf 74' lang='grc' dir='ltr'>χεῖλος</span> <span class='ocrx_word' id='word_1_825' title='bbox 2575 4500 2663 4564; x_wconf 82' lang='grc' dir='ltr'>ἒν,</span> <span class='ocrx_word' id='word_1_826' title='bbox 2691 4499 2784 4551; x_wconf 77' lang='grc' dir='ltr'>καὶ</span> <span class='ocrx_word' id='word_1_827' title='bbox 2816 4497 2980 4567; x_wconf 68' lang='grc' dir='ltr'>φωνὴ</span> <span class='ocrx_word' id='word_1_828' title='bbox 3000 4499 3104 4565; x_wconf 84' lang='grc' dir='ltr'>μία</span> <span class='ocrx_word' id='word_1_829' title='bbox 3121 4494 3324 4549; x_wconf 75' lang='grc' dir='ltr'>πᾶσιν.</span> <span class='ocrx_word' id='word_1_830' title='bbox 3341 4494 3469 4546; x_wconf 82' lang='grc' dir='ltr'>Ἰδοὺ</span> <span class='ocrx_word' id='word_1_831' title='bbox 3495 4494 3554 4545; x_wconf 90' lang='grc' dir='ltr'>τὸ</span> <span class='ocrx_word' id='word_1_832' title='bbox 3571 4494 3770 4560; x_wconf 74' lang='grc' dir='ltr'>ζητού·</span> 
     </span>
    </p>
   </div>
   <div class='ocr_carea' id='block_1_109' title="bbox 2205 4579 3771 4660">
    <p class='ocr_par' dir='ltr' id='par_1_109' title="bbox 2205 4579 3771 4660">
     <span class='ocr_line' id='line_1_109' title="bbox 2205 4579 3771 4660; baseline -0.006 -19"><span class='ocrx_word' id='word_1_833' title='bbox 2205 4606 2360 4660; x_wconf 88' lang='grc' dir='ltr'>μενον</span> <span class='ocrx_word' id='word_1_834' title='bbox 2396 4588 2494 4641; x_wconf 76' lang='grc' dir='ltr'>ἔτι.</span> <span class='ocrx_word' id='word_1_835' title='bbox 2531 4588 2604 4638; x_wconf 85' lang='grc' dir='ltr'>υύ</span> <span class='ocrx_word' id='word_1_836' title='bbox 2635 4585 2759 4655; x_wconf 70' lang='grc' dir='ltr'>περὶ</span> <span class='ocrx_word' id='word_1_837' title='bbox 2789 4585 2986 4653; x_wconf 88' lang='grc' dir='ltr'>ταύτης</span> <span class='ocrx_word' id='word_1_838' title='bbox 3013 4583 3041 4634; x_wconf 85' lang='grc' dir='ltr'>ὀ</span> <span class='ocrx_word' id='word_1_839' title='bbox 3079 4581 3252 4649; x_wconf 89' lang='grc' dir='ltr'>λόγος,</span> <span class='ocrx_word' id='word_1_840' title='bbox 3293 4580 3404 4632; x_wconf 84' lang='grc' dir='ltr'>ἀλλ’</span> <span class='ocrx_word' id='word_1_841' title='bbox 3437 4580 3516 4632; x_wconf 85' lang='grc' dir='ltr'>ὃτι</span> <span class='ocrx_word' id='word_1_842' title='bbox 3565 4579 3771 4640; x_wconf 83' lang='grc' dir='ltr'>πάντες</span> 
     </span>
    </p>
   </div>
   <div class='ocr_carea' id='block_1_110' title="bbox 2201 4664 3774 4744">
    <p class='ocr_par' dir='ltr' id='par_1_110' title="bbox 2201 4664 3774 4744">
     <span class='ocr_line' id='line_1_110' title="bbox 2201 4664 3774 4744; baseline -0.009 -16"><span class='ocrx_word' id='word_1_843' title='bbox 2201 4677 2249 4729; x_wconf 83' lang='grc' dir='ltr'>οἱ</span> <span class='ocrx_word' id='word_1_844' title='bbox 2283 4674 2556 4744; x_wconf 78' lang='grc' dir='ltr'>ἄνθρωποι</span> <span class='ocrx_word' id='word_1_845' title='bbox 2583 4672 2762 4740; x_wconf 80' lang='grc' dir='ltr'>φωνὴν</span> <span class='ocrx_word' id='word_1_846' title='bbox 2797 4665 2937 4739; x_wconf 72' lang='grc' dir='ltr'>εἰχον</span> <span class='ocrx_word' id='word_1_847' title='bbox 2977 4668 3121 4740; x_wconf 90' lang='grc' dir='ltr'>μίαν.</span> <span class='ocrx_word' id='word_1_848' title='bbox 3155 4666 3250 4719; x_wconf 88' lang='grc' dir='ltr'>Διά</span> <span class='ocrx_word' id='word_1_849' title='bbox 3279 4666 3328 4718; x_wconf 91' lang='grc' dir='ltr'>τί</span> <span class='ocrx_word' id='word_1_850' title='bbox 3382 4665 3437 4717; x_wconf 90' lang='grc' dir='ltr'>δέ</span> <span class='ocrx_word' id='word_1_851' title='bbox 3489 4665 3664 4734; x_wconf 84' lang='grc' dir='ltr'>χεῖλος</span> <span class='ocrx_word' id='word_1_852' title='bbox 3712 4664 3774 4715; x_wconf 82' lang='grc' dir='ltr'>ἒν</span> 
     </span>
    </p>
   </div>
   <div class='ocr_carea' id='block_1_111' title="bbox 2201 4750 3773 4830">
    <p class='ocr_par' dir='ltr' id='par_1_111' title="bbox 2201 4750 3773 4830">
     <span class='ocr_line' id='line_1_111' title="bbox 2201 4750 3773 4830; baseline -0.009 -15"><span class='ocrx_word' id='word_1_853' title='bbox 2201 4762 2424 4815; x_wconf 88' lang='grc' dir='ltr'>ἐκάλεσε</span> <span class='ocrx_word' id='word_1_854' title='bbox 2460 4761 2558 4830; x_wconf 78' lang='grc' dir='ltr'>τὴν</span> <span class='ocrx_word' id='word_1_855' title='bbox 2582 4760 2799 4828; x_wconf 85' lang='grc' dir='ltr'>φωνήν;</span> <span class='ocrx_word' id='word_1_856' title='bbox 2830 4755 2986 4818; x_wconf 86' lang='grc' dir='ltr'>Ἔθος</span> <span class='ocrx_word' id='word_1_857' title='bbox 3023 4758 3087 4824; x_wconf 78' lang='grc' dir='ltr'>τῇ</span> <span class='ocrx_word' id='word_1_858' title='bbox 3110 4754 3296 4824; x_wconf 80' lang='grc' dir='ltr'>Γραφῇ</span> <span class='ocrx_word' id='word_1_859' title='bbox 3327 4750 3466 4804; x_wconf 82' lang='grc' dir='ltr'>οὕτω</span> <span class='ocrx_word' id='word_1_860' title='bbox 3485 4751 3668 4804; x_wconf 82' lang='grc' dir='ltr'>καλεῖν</span> <span class='ocrx_word' id='word_1_861' title='bbox 3699 4751 3773 4802; x_wconf 78' lang='grc' dir='ltr'>τά</span> 
     </span>
    </p>
   </div>
   <div class='ocr_carea' id='block_1_112' title="bbox 2202 4837 3769 4920">
    <p class='ocr_par' dir='ltr' id='par_1_112' title="bbox 2202 4837 3769 4920">
     <span class='ocr_line' id='line_1_112' title="bbox 2202 4837 3769 4920; baseline -0.008 -16"><span class='ocrx_word' id='word_1_862' title='bbox 2202 4852 2439 4920; x_wconf 76' lang='grc' dir='ltr'>ῥήματα,</span> <span class='ocrx_word' id='word_1_863' title='bbox 2472 4847 2741 4915; x_wconf 88' lang='grc' dir='ltr'>γλῶσσαν.</span> <span class='ocrx_word' id='word_1_864' title='bbox 2786 4846 3101 4911; x_wconf 84' lang='grc' dir='ltr'>Ἀναγκαῖον</span> <span class='ocrx_word' id='word_1_865' title='bbox 3135 4842 3189 4893; x_wconf 78' lang='grc' dir='ltr'>δέ</span> <span class='ocrx_word' id='word_1_866' title='bbox 3225 4842 3316 4894; x_wconf 76' lang='grc' dir='ltr'>καὶ</span> <span class='ocrx_word' id='word_1_867' title='bbox 3355 4840 3511 4893; x_wconf 88' lang='grc' dir='ltr'>τοῦτο</span> <span class='ocrx_word' id='word_1_868' title='bbox 3567 4837 3769 4891; x_wconf 83' lang='grc' dir='ltr'>εἰδέναι</span> 
     </span>
    </p>
   </div>
   <div class='ocr_carea' id='block_1_113' title="bbox 2199 4922 3768 5003">
    <p class='ocr_par' dir='ltr' id='par_1_113' title="bbox 2199 4922 3768 5003">
     <span class='ocr_line' id='line_1_113' title="bbox 2199 4922 3768 5003; baseline -0.012 -13"><span class='ocrx_word' id='word_1_869' title='bbox 2199 4937 2286 4990; x_wconf 87' lang='grc' dir='ltr'>διά</span> <span class='ocrx_word' id='word_1_870' title='bbox 2320 4937 2440 4997; x_wconf 84' lang='grc' dir='ltr'>τοὺς</span> <span class='ocrx_word' id='word_1_871' title='bbox 2474 4933 2780 5003; x_wconf 82' lang='grc' dir='ltr'>αἰρετικοὺς</span> <span class='ocrx_word' id='word_1_872' title='bbox 2806 4970 2820 4992; x_wconf 87' lang='grc'>,</span> <span class='ocrx_word' id='word_1_873' title='bbox 2871 4932 2994 4992; x_wconf 77' lang='grc' dir='ltr'>τοὺς</span> <span class='ocrx_word' id='word_1_874' title='bbox 3041 4926 3474 4997; x_wconf 83' lang='grc' dir='ltr'>κατηγοροῦντας</span> <span class='ocrx_word' id='word_1_875' title='bbox 3524 4924 3622 4992; x_wconf 82' lang='grc' dir='ltr'>τῆς</span> <span class='ocrx_word' id='word_1_876' title='bbox 3667 4922 3768 4993; x_wconf 81' lang='grc' dir='ltr'>δη-</span> 
     </span>
    </p>
   </div>
   <div class='ocr_carea' id='block_1_114' title="bbox 2204 5008 3771 5094">
    <p class='ocr_par' dir='ltr' id='par_1_114' title="bbox 2204 5008 3771 5094">
     <span class='ocr_line' id='line_1_114' title="bbox 2204 5008 3771 5094; baseline -0.01 -18"><span class='ocrx_word' id='word_1_877' title='bbox 2204 5022 2486 5094; x_wconf 87' lang='grc' dir='ltr'>μιουργίας</span> <span class='ocrx_word' id='word_1_878' title='bbox 2507 5019 2597 5072; x_wconf 88' lang='grc' dir='ltr'>τοῦ</span> <span class='ocrx_word' id='word_1_879' title='bbox 2622 5018 2775 5079; x_wconf 85' lang='grc' dir='ltr'>Θεοῦ,</span> <span class='ocrx_word' id='word_1_880' title='bbox 2801 5018 2922 5078; x_wconf 72' lang='grc' dir='ltr'>τοὺς</span> <span class='ocrx_word' id='word_1_881' title='bbox 2957 5016 3208 5081; x_wconf 88' lang='grc' dir='ltr'>λέγοντας</span> <span class='ocrx_word' id='word_1_882' title='bbox 3229 5053 3243 5074; x_wconf 85' lang='grc'>,</span> <span class='ocrx_word' id='word_1_883' title='bbox 3291 5015 3370 5065; x_wconf 83' lang='grc' dir='ltr'>ὅτι</span> <span class='ocrx_word' id='word_1_884' title='bbox 3417 5010 3649 5077; x_wconf 86' lang='grc' dir='ltr'>πονηρὸν</span> <span class='ocrx_word' id='word_1_885' title='bbox 3688 5008 3771 5094; x_wconf 5' lang='grc' dir='ltr'>,τὸ</span> 
     </span>
    </p>
   </div>
   <div class='ocr_carea' id='block_1_115' title="bbox 2203 5093 3770 5178">
    <p class='ocr_par' dir='ltr' id='par_1_115' title="bbox 2203 5093 3770 5178">
     <span class='ocr_line' id='line_1_115' title="bbox 2203 5093 3770 5178; baseline -0.01 -17"><span class='ocrx_word' id='word_1_886' title='bbox 2203 5093 2378 5178; x_wconf 88' lang='grc' dir='ltr'>σῶμα.</span> <span class='ocrx_word' id='word_1_887' title='bbox 2420 5107 2632 5172; x_wconf 80' lang='grc' dir='ltr'>Ἐπειδὴ</span> <span class='ocrx_word' id='word_1_888' title='bbox 2655 5106 2761 5173; x_wconf 89' lang='grc' dir='ltr'>γάρ</span> <span class='ocrx_word' id='word_1_889' title='bbox 2786 5104 2852 5155; x_wconf 73' lang='grc' dir='ltr'>τὰ</span> <span class='ocrx_word' id='word_1_890' title='bbox 2883 5101 3090 5171; x_wconf 85' lang='grc' dir='ltr'>πονηρά</span> <span class='ocrx_word' id='word_1_891' title='bbox 3116 5100 3386 5167; x_wconf 85' lang='grc' dir='ltr'>κινήματα</span> <span class='ocrx_word' id='word_1_892' title='bbox 3409 5097 3506 5162; x_wconf 83' lang='grc' dir='ltr'>τῆς</span> <span class='ocrx_word' id='word_1_893' title='bbox 3526 5093 3770 5178; x_wconf 74' lang='grc' dir='ltr'>διανοίας</span> 
     </span>
    </p>
   </div>
   <div class='ocr_carea' id='block_1_116' title="bbox 2199 5174 3766 5264">
    <p class='ocr_par' dir='ltr' id='par_1_116' title="bbox 2199 5174 3766 5264">
     <span class='ocr_line' id='line_1_116' title="bbox 2199 5174 3766 5264; baseline -0.009 -17"><span class='ocrx_word' id='word_1_894' title='bbox 2199 5174 2310 5257; x_wconf 80' lang='grc' dir='ltr'>τοῖς</span> <span class='ocrx_word' id='word_1_895' title='bbox 2343 5194 2527 5264; x_wconf 90' lang='grc' dir='ltr'>μέλεσι</span> <span class='ocrx_word' id='word_1_896' title='bbox 2568 5192 2658 5242; x_wconf 84' lang='grc' dir='ltr'>τοῦ</span> <span class='ocrx_word' id='word_1_897' title='bbox 2705 5191 2947 5258; x_wconf 87' lang='grc' dir='ltr'>σώματος</span> <span class='ocrx_word' id='word_1_898' title='bbox 3003 5189 3036 5256; x_wconf 78' lang='grc' dir='ltr'><strong>ἡ</strong></span> <span class='ocrx_word' id='word_1_899' title='bbox 3085 5186 3272 5254; x_wconf 83' lang='grc' dir='ltr'>Γραφὴ</span> <span class='ocrx_word' id='word_1_900' title='bbox 3323 5183 3493 5235; x_wconf 76' lang='grc' dir='ltr'>καλεῖ·</span> <span class='ocrx_word' id='word_1_901' title='bbox 3555 5174 3666 5231; x_wconf 75' lang='grc' dir='ltr'>οἷόν</span> <span class='ocrx_word' id='word_1_902' title='bbox 3715 5199 3766 5233; x_wconf 86' lang='grc' dir='ltr'>τι</span> 
     </span>
    </p>
   </div>
   <div class='ocr_carea' id='block_1_117' title="bbox 2201 5265 3768 5349">
    <p class='ocr_par' dir='ltr' id='par_1_117' title="bbox 2201 5265 3768 5349">
     <span class='ocr_line' id='line_1_117' title="bbox 2201 5265 3768 5349; baseline -0.01 -14"><span class='ocrx_word' id='word_1_903' title='bbox 2201 5283 2359 5349; x_wconf 76' lang='grc' dir='ltr'>λέγω·</span> <span class='ocrx_word' id='word_1_904' title='bbox 2379 5281 2719 5343; x_wconf 74' lang='grc' dir='ltr'>Ἢκόνησαν</span> <span class='ocrx_word' id='word_1_905' title='bbox 2741 5272 3028 5343; x_wconf 70' lang='grc' dir='ltr'>γλῶσσαν</span> <span class='ocrx_word' id='word_1_906' title='bbox 3053 5270 3250 5325; x_wconf 80' lang='grc' dir='ltr'>αὐτῶν</span> <span class='ocrx_word' id='word_1_907' title='bbox 3283 5267 3423 5322; x_wconf 75' lang='grc' dir='ltr'>ὡσεὶ</span> <span class='ocrx_word' id='word_1_908' title='bbox 3461 5265 3667 5349; x_wconf 55' lang='grc' dir='ltr'>ὄφεως·</span> <span class='ocrx_word' id='word_1_909' title='bbox 3705 5267 3768 5319; x_wconf 80' lang='grc' dir='ltr'><strong><em>Ἠ</em></strong></span> 
     </span>
    </p>
   </div>
   <div class='ocr_carea' id='block_1_118' title="bbox 2199 5348 3766 5437">
    <p class='ocr_par' dir='ltr' id='par_1_118' title="bbox 2199 5348 3766 5437">
     <span class='ocr_line' id='line_1_118' title="bbox 2199 5348 3766 5437; baseline -0.013 -14"><span class='ocrx_word' id='word_1_910' title='bbox 2199 5348 2448 5437; x_wconf 77' lang='grc' dir='ltr'>γλῶσσα</span> <span class='ocrx_word' id='word_1_911' title='bbox 2468 5363 2662 5417; x_wconf 81' lang='grc' dir='ltr'>αὐτῶν</span> <span class='ocrx_word' id='word_1_912' title='bbox 2678 5362 2935 5431; x_wconf 79' lang='grc' dir='ltr'>μάχαιρα</span> <span class='ocrx_word' id='word_1_913' title='bbox 2957 5358 3136 5423; x_wconf 80' lang='grc' dir='ltr'>ὀξεῖα·</span> <span class='ocrx_word' id='word_1_914' title='bbox 3160 5355 3464 5425; x_wconf 80' lang='grc' dir='ltr'>νομίζουσιν</span> <span class='ocrx_word' id='word_1_915' title='bbox 3482 5348 3573 5405; x_wconf 85' lang='grc' dir='ltr'>οὖν</span> <span class='ocrx_word' id='word_1_916' title='bbox 3599 5369 3766 5414; x_wconf 82' lang='grc' dir='ltr'>τινες,</span> 
     </span>
    </p>
   </div>
   <div class='ocr_carea' id='block_1_119' title="bbox 2200 5437 3767 5524">
    <p class='ocr_par' dir='ltr' id='par_1_119' title="bbox 2200 5437 3767 5524">
     <span class='ocr_line' id='line_1_119' title="bbox 2200 5437 3767 5524; baseline -0.013 -16"><span class='ocrx_word' id='word_1_917' title='bbox 2200 5457 2280 5508; x_wconf 82' lang='grc' dir='ltr'>ὅτι</span> <span class='ocrx_word' id='word_1_918' title='bbox 2308 5455 2435 5524; x_wconf 76' lang='grc' dir='ltr'>περὶ</span> <span class='ocrx_word' id='word_1_919' title='bbox 2473 5452 2567 5520; x_wconf 83' lang='grc' dir='ltr'>τῆς</span> <span class='ocrx_word' id='word_1_920' title='bbox 2601 5448 2838 5518; x_wconf 83' lang='grc' dir='ltr'>γλώττης</span> <span class='ocrx_word' id='word_1_921' title='bbox 2876 5446 3103 5516; x_wconf 77' lang='grc' dir='ltr'>εἴρηται.</span> <span class='ocrx_word' id='word_1_922' title='bbox 3155 5444 3265 5495; x_wconf 85' lang='grc' dir='ltr'>Οὐκ</span> <span class='ocrx_word' id='word_1_923' title='bbox 3295 5440 3501 5509; x_wconf 74' lang='grc' dir='ltr'>εἴρηται</span> <span class='ocrx_word' id='word_1_924' title='bbox 3534 5437 3588 5489; x_wconf 77' lang='grc' dir='ltr'>δέ</span> <span class='ocrx_word' id='word_1_925' title='bbox 3636 5439 3767 5506; x_wconf 77' lang='grc' dir='ltr'>περὶ</span> 
     </span>
    </p>
   </div>
   <div class='ocr_carea' id='block_1_120' title="bbox 2201 5525 3764 5612">
    <p class='ocr_par' dir='ltr' id='par_1_120' title="bbox 2201 5525 3764 5612">
     <span class='ocr_line' id='line_1_120' title="bbox 2201 5525 3764 5612; baseline -0.013 -16"><span class='ocrx_word' id='word_1_926' title='bbox 2201 5545 2298 5612; x_wconf 81' lang='grc' dir='ltr'>τῆς</span> <span class='ocrx_word' id='word_1_927' title='bbox 2322 5542 2583 5610; x_wconf 86' lang='grc' dir='ltr'>γλώττης·</span> <span class='ocrx_word' id='word_1_928' title='bbox 2625 5538 2696 5607; x_wconf 78' lang='grc' dir='ltr'>μὴ</span> <span class='ocrx_word' id='word_1_929' title='bbox 2717 5537 2935 5603; x_wconf 86' lang='grc' dir='ltr'>γένοιτο·</span> <span class='ocrx_word' id='word_1_930' title='bbox 2972 5534 3129 5604; x_wconf 77' lang='grc' dir='ltr'>ἔργον</span> <span class='ocrx_word' id='word_1_931' title='bbox 3163 5531 3268 5599; x_wconf 89' lang='grc' dir='ltr'>γάρ</span> <span class='ocrx_word' id='word_1_932' title='bbox 3319 5531 3442 5612; x_wconf 79' lang='grc' dir='ltr'>ἐστι</span> <span class='ocrx_word' id='word_1_933' title='bbox 3464 5525 3555 5579; x_wconf 90' lang='grc' dir='ltr'>τοῦ</span> <span class='ocrx_word' id='word_1_934' title='bbox 3606 5526 3764 5578; x_wconf 71' lang='grc' dir='ltr'>Θεοῦ·</span> 
     </span>
    </p>
   </div>
   <div class='ocr_carea' id='block_1_121' title="bbox 2201 5611 3769 5694">
    <p class='ocr_par' dir='ltr' id='par_1_121' title="bbox 2201 5611 3769 5694">
     <span class='ocr_line' id='line_1_121' title="bbox 2201 5611 3769 5694; baseline -0.015 -11"><span class='ocrx_word' id='word_1_935' title='bbox 2201 5629 2332 5683; x_wconf 85' lang='grc' dir='ltr'>ἀλλά</span> <span class='ocrx_word' id='word_1_936' title='bbox 2369 5627 2493 5694; x_wconf 72' lang='grc' dir='ltr'>περὶ</span> <span class='ocrx_word' id='word_1_937' title='bbox 2542 5624 2648 5675; x_wconf 87' lang='grc' dir='ltr'>τῶν</span> <span class='ocrx_word' id='word_1_938' title='bbox 2681 5622 2936 5692; x_wconf 77' lang='grc' dir='ltr'>ῥημάτων</span> <span class='ocrx_word' id='word_1_939' title='bbox 2969 5619 3073 5671; x_wconf 90' lang='grc' dir='ltr'>τῶν</span> <span class='ocrx_word' id='word_1_940' title='bbox 3107 5613 3357 5684; x_wconf 86' lang='grc' dir='ltr'>φονικῶν,</span> <span class='ocrx_word' id='word_1_941' title='bbox 3379 5611 3484 5664; x_wconf 88' lang='grc' dir='ltr'>τῶν</span> <span class='ocrx_word' id='word_1_942' title='bbox 3511 5613 3769 5663; x_wconf 74' lang='grc' dir='ltr'>ἀποκτιν⁴</span> 
     </span>
    </p>
   </div>
   <div class='ocr_carea' id='block_1_122' title="bbox 2201 5696 3765 5779">
    <p class='ocr_par' dir='ltr' id='par_1_122' title="bbox 2201 5696 3765 5779">
     <span class='ocr_line' id='line_1_122' title="bbox 2201 5696 3765 5779; baseline -0.015 -11"><span class='ocrx_word' id='word_1_943' title='bbox 2201 5715 2400 5768; x_wconf 86' lang='grc' dir='ltr'>νύντων</span> <span class='ocrx_word' id='word_1_944' title='bbox 2434 5710 2767 5779; x_wconf 86' lang='grc' dir='ltr'>ἀνθρώπους,</span> <span class='ocrx_word' id='word_1_945' title='bbox 2815 5706 2922 5758; x_wconf 90' lang='grc' dir='ltr'>τῶν</span> <span class='ocrx_word' id='word_1_946' title='bbox 2951 5702 3324 5773; x_wconf 88' lang='grc' dir='ltr'>ἐμπιπτόντων</span> <span class='ocrx_word' id='word_1_947' title='bbox 3379 5697 3562 5765; x_wconf 72' lang='grc' dir='ltr'>ξίφους</span> <span class='ocrx_word' id='word_1_948' title='bbox 3610 5696 3765 5763; x_wconf 82' lang='grc' dir='ltr'>χαλε-</span> 
     </span>
    </p>
   </div>
   <div class='ocr_carea' id='block_1_123' title="bbox 2264 5807 3768 5882">
    <p class='ocr_par' dir='ltr' id='par_1_123' title="bbox 2264 5807 3768 5882">
     <span class='ocr_line' id='line_1_123' title="bbox 2264 5807 3768 5882; baseline -0.017 -8"><span class='ocrx_word' id='word_1_949' title='bbox 2264 5825 2290 5862; x_wconf 73' lang='lat' dir='ltr'><strong>b</strong></span> <span class='ocrx_word' id='word_1_950' title='bbox 2310 5825 2400 5873; x_wconf 81' lang='lat' dir='ltr'>Hic</span> <span class='ocrx_word' id='word_1_951' title='bbox 2421 5819 2600 5882; x_wconf 76' lang='lat' dir='ltr'><strong>aliquid</strong></span> <span class='ocrx_word' id='word_1_952' title='bbox 2627 5821 2729 5882; x_wconf 69' lang='lat' dir='ltr'>vim</span> <span class='ocrx_word' id='word_1_953' title='bbox 2753 5819 3024 5878; x_wconf 74' lang='lat' dir='ltr'>suspicatur</span> <span class='ocrx_word' id='word_1_954' title='bbox 3044 5815 3180 5862; x_wconf 84' lang='lat' dir='ltr'><strong>Joan.</strong></span> <span class='ocrx_word' id='word_1_955' title='bbox 3203 5811 3408 5866; x_wconf 71' lang='lat' dir='ltr'>Boisius,</span> <span class='ocrx_word' id='word_1_956' title='bbox 3429 5815 3481 5856; x_wconf 81' lang='lat' dir='ltr'>cl</span> <span class='ocrx_word' id='word_1_957' title='bbox 3503 5807 3637 5855; x_wconf 76' lang='lat' dir='ltr'>addit</span> <span class='ocrx_word' id='word_1_958' title='bbox 3657 5821 3718 5853; x_wconf 77' lang='grc' dir='ltr'>κα</span> <span class='ocrx_word' id='word_1_959' title='bbox 3728 5821 3768 5850; x_wconf 79' lang='grc' dir='ltr'>τ-</span> 
     </span>
    </p>
   </div>
   <div class='ocr_carea' id='block_1_124' title="bbox 2205 5880 2765 5950">
    <p class='ocr_par' dir='ltr' id='par_1_124' title="bbox 2205 5880 2765 5950">
     <span class='ocr_line' id='line_1_124' title="bbox 2205 5880 2765 5950; baseline -0.023 -13"><span class='ocrx_word' id='word_1_960' title='bbox 2205 5886 2366 5950; x_wconf 72' lang='grc' dir='ltr'>ηγορία</span> <span class='ocrx_word' id='word_1_961' title='bbox 2389 5890 2493 5948; x_wconf 72' lang='lat' dir='ltr'>post</span> <span class='ocrx_word' id='word_1_962' title='bbox 2504 5880 2765 5940; x_wconf 61' lang='grc' dir='ltr'>ἐπιθυμίας.</span> 
     </span>
    </p>
   </div>
  </div>
