4016 6458
226 447 339 503 185

206 563 385 615 ctare,
416 559 473 607 ut
515 550 872 605 inﬁrmitatem
901 557 1044 604 tuam
1069 548 1243 605 discas
1270 567 1286 605 :
1318 550 1491 604 adhuc
1522 558 1780 603 viventem

207 642 482 697 hominem
514 652 749 697 scrutare
773 680 788 706 ,
820 650 978 710 atque
1006 642 1057 694 in
1088 642 1203 709 ejus
1242 642 1440 696 viscera
1466 642 1786 711 cogitatione

206 733 474 787 descende
495 773 512 799 ,
543 740 657 786 tum
689 731 892 786 videbis
914 772 928 795 ,
957 746 1113 801 quam
1144 732 1289 785 nihili
1336 733 1405 786 sit
1433 740 1487 785 et
1523 732 1781 801 abjectus.

208 826 459 877 Attamen
490 824 594 877 noli
620 824 854 876 animum
882 822 1211 892 despondere
1242 839 1255 873 :
1287 837 1459 891 neque
1478 823 1616 877 enim
1643 821 1784 891 quod

202 929 307 968 nos
355 913 481 967 odio
509 922 936 983 prosequeretur,
966 912 1059 967 sed
1103 911 1244 980 quod
1285 912 1468 965 mitius
1506 912 1782 967 nobiscum

203 1014 430 1071 ageret,
462 1004 515 1057 id
547 1002 671 1058 fecit
698 1004 837 1057 Deus
860 1045 876 1071 ,
906 1017 1253 1073 magnamque
1283 1002 1435 1056 nobis
1475 1003 1782 1057 humilitatis

204 1095 542 1148 occasionem
576 1094 854 1163 praeberet.
888 1092 1021 1147 Nam
1050 1093 1092 1146 si
1116 1093 1437 1155 homo,cum
1467 1101 1604 1148 terra
1632 1095 1698 1147 sit
1728 1102 1781 1148 et

203 1185 366 1249 cinis,
395 1183 577 1240 dicere
602 1199 764 1239 ausus
792 1192 890 1249 est,
924 1181 990 1237 In
1017 1182 1193 1235 calum
1216 1181 1484 1235 ascendam
1510 1180 1661 1253 (lsai.
1692 1184 1774 1237 Η.

206 1276 296 1344 13)
337 1275 485 1328 :nisi
535 1273 741 1329 frenum
774 1273 1025 1345 injectum
1072 1280 1218 1327 esset
1262 1283 1496 1338 natum,
1546 1286 1782 1339 quonon

202 1366 324 1434 ejus
341 1365 551 1421 animus
576 1374 854 1434 provectus
872 1365 1037 1418 esset?
1060 1362 1282 1428 Quando
1306 1362 1461 1431 igitur
1480 1362 1779 1431 quempiam

206 1455 409 1509 videris
437 1455 853 1526 superbientem,
885 1462 1061 1509 erecta
1087 1452 1314 1516 cervice,
1344 1450 1564 1505 sublatis
1592 1466 1783 1521 super-

202 1547 365 1611 ciliis,
396 1561 553 1600 curru
582 1555 788 1600 vectum
814 1586 828 1607 ,
862 1544 1172 1605 minantem,
1200 1542 1495 1596 mittentem
1522 1542 1575 1596 in
1600 1557 1784 1597 carce-

202 1650 342 1699 rem,
360 1634 518 1689 morti
548 1633 869 1699 tradentem,
895 1632 1137 1702 injuriam
1165 1631 1478 1686 inferentem
1504 1672 1520 1694 ,
1548 1632 1633 1686 die
1662 1633 1732 1685 illi
1762 1650 1776 1684 :

207 1724 347 1789 Quid
367 1724 586 1793 superbit
614 1733 745 1777 terra
770 1732 816 1776 et
844 1723 969 1776 cinis
987 1723 1013 1775 ?
1030 1722 1280 1788 Quoniam
1307 1731 1352 1774 et
1380 1722 1433 1775 in
1460 1724 1559 1775 vita
1584 1725 1696 1791 ejus
1714 1724 1781 1774 ad

202 1815 425 1867 nihilum
446 1814 648 1868 redacta
673 1825 788 1868 sunt
816 1815 993 1867 intima
1024 1814 1153 1882 ejus.
1183 1813 1309 1868 Haec
1334 1830 1441 1868 non
1470 1814 1538 1869 de
1564 1814 1781 1868 homine

204 1912 411 1956 tantum
442 1903 680 1972 privato,
713 1904 805 1958 sed
826 1903 985 1958 etiam
1014 1902 1081 1957 de
1107 1903 1197 1956 illo
1225 1902 1340 1972 ipso
1362 1943 1377 1966 ,
1410 1904 1498 1973 qui
1545 1904 1597 1957 in
1646 1905 1781 1959 solio

202 1994 360 2049 sedet
384 1995 551 2063 regio,
580 1994 685 2058 dici
716 2004 963 2061 possunt.
995 1994 1111 2049 Noli
1152 1996 1293 2050 enim
1342 2011 1652 2065 purpuram,
1682 2011 1776 2049 nc-

200 2098 311 2151 que
339 2083 602 2149 diadema,
634 2098 803 2153 neque
826 2099 984 2139 aurea
1012 2085 1325 2140 vestimenta
1354 2087 1619 2155 respicere
1640 2128 1653 2149 ,
1681 2086 1776 2140 sed

200 2174 257 2227 in
308 2174 476 2242 ipsam
508 2174 714 2243 inquire
759 2183 1036 2238 naturam,
1081 2190 1253 2245 neque
1296 2176 1579 2246 quidquam
1632 2177 1776 2231 illam

202 2263 408 2317 habere
456 2265 682 2332 amplius
736 2278 891 2333 quam
937 2280 1092 2318 unam
1142 2281 1173 2319 e
1199 2266 1353 2335 vulgo
1389 2265 1590 2320 videbis
1626 2282 1642 2320 :
1673 2268 1778 2321 imo

205 2371 361 2421 vero,
386 2356 428 2409 si
457 2356 647 2424 placet,
676 2366 729 2409 et
759 2373 1043 2425 purpuram
1064 2398 1078 2422 ,
1105 2366 1159 2412 et
1187 2357 1448 2423 diadema,
1477 2370 1528 2414 et
1559 2370 1735 2413 vestes
1760 2400 1775 2422 ,

197 2457 255 2500 et
309 2463 521 2501 omnem
582 2448 722 2501 illam
775 2463 1029 2516 percurre
1075 2460 1544 2521 pompatn,atquc
1585 2450 1775 2505 borum

200 2538 439 2605 ipsorum
484 2554 664 2592 rursus
718 2548 910 2591 terram
963 2542 1233 2593 materiam
1290 2555 1408 2595 esse
1460 2557 1772 2611 cognosces.

200 2630 384 2682 Omnis
425 2630 557 2682 enim
610 2630 771 2699 gloria
801 2629 1014 2682 hominis
1039 2640 1089 2682 ut
1110 2632 1205 2697 [los
1242 2631 1363 2698 {aeni
1395 2630 1543 2700 (lsai.
1571 2632 1658 2686 40.
1693 2635 1773 2701 ﬁ).

198 2720 341 2772 Ecce
370 2720 450 2773 vel
505 2720 614 2789 ipsa
664 2721 822 2773 etiam
870 2730 1006 2774 terra
1058 2721 1211 2773 vilior
1236 2729 1375 2775 totus
1422 2722 1511 2777 ille
1536 2724 1777 2792 apparuit

196 2818 441 2861 ornatus.
475 2809 631 2862 Vides
672 2819 727 2863 ut
757 2808 949 2863 fastum
998 2810 1292 2877 reprimat?
1320 2820 1378 2864 ut
1420 2815 1773 2880 arrogantiam

194 2915 414 2954 omnem
465 2901 628 2969 ipsius
675 2910 877 2954 natura:
928 2900 1224 2955 recordatio
1263 2902 1777 2959 retundat‘iSuflitit

195 2999 402 3043 tantum
433 2999 489 3043 ut
516 2992 810 3059 cogitemus
838 2990 1051 3060 quinam
1082 2993 1269 3059 simus,
1300 3004 1353 3047 et
1384 2995 1571 3063 quibus
1596 3010 1660 3049 ex
1685 3012 1773 3049 re-

193 3083 298 3135 bus
325 3082 606 3148 compacti,
642 3091 752 3135 tum
780 3082 951 3136 omnis
978 3082 1223 3151 superbia
1251 3083 1625 3153 cogitationum
1648 3102 1775 3140 eva-

194 3182 401 3227 nescet.
436 3172 719 3241 Propterea
761 3188 985 3243 namque
1010 3173 1213 3228 duabus
1252 3190 1347 3227 nos
1377 3190 1439 3230 ex
1468 3177 1774 3232 substantiis

189 3264 461 3333 compegit
482 3263 621 3317 Deus
646 3303 659 3325 ,
691 3274 747 3317 ut
775 3267 817 3317 si
846 3266 1056 3335 quando
1085 3268 1133 3320 iu
1161 3267 1462 3336 superbiam
1494 3269 1731 3324 elici-aris
1754 3313 1768 3333 ,

190 3355 372 3407 vilitas
394 3354 569 3407 carnis
587 3361 638 3408 te
657 3353 919 3422 deprimat
947 3372 959 3407 :
983 3356 1025 3409 si
1056 3356 1268 3425 quando
1296 3368 1469 3411 autem
1508 3359 1598 3412 tibi
1621 3360 1774 3428 quid-

189 3447 317 3498 dam
350 3446 527 3498 veniat
557 3447 606 3499 iu
636 3453 867 3500 tuentem
899 3446 1192 3515 indignum,
1225 3456 1279 3502 et
1304 3450 1442 3517 quod
1472 3450 1540 3502 ab
1568 3449 1771 3505 honore

187 3551 219 3587 τι
271 3536 380 3587 Deo
430 3536 625 3589 collato
669 3534 998 3605 degeneret,
1028 3538 1219 3591 anima:
1246 3538 1489 3593 nobilitas
1516 3539 1581 3593 ad
1610 3541 1770 3595 cmle-

186 3626 353 3678 stium
374 3625 618 3678 virtutum
642 3626 1031 3681 aemulationem
1066 3634 1115 3681 te
1142 3628 1415 3697 provehat.

267 3719 319 3769 7.
354 3717 533 3785 Neque
558 3733 686 3771 vero
717 3728 917 3771 tantum
940 3718 1006 3773 ad
1036 3720 1316 3773 tollendam
1361 3721 1657 3790 superbiam
1688 3731 1770 3776 est

188 3809 382 3861 idonea
409 3808 762 3862 consideratio
787 3817 987 3862 natura:
1012 3850 1026 3875 ,
1055 3809 1148 3863 sed
1176 3818 1230 3863 et
1255 3810 1299 3865 si
1328 3812 1429 3864 alia
1451 3814 1649 3880 qumvis
1676 3828 1767 3866 cu-

187 3897 385 3965 piditas
411 3896 676 3960 obturbet,
700 3900 815 3951 sive
837 3899 1199 3966 pecuniarum,
1224 3900 1338 3953 sive
1358 3914 1637 3968 corporum
1670 3903 1766 3957 ista

188 3987 359 4051 turpis
387 3996 439 4038 et
470 4002 587 4055 qua:
612 3987 676 4039 ad
709 3987 976 4041 lasciviam
1005 3998 1254 4057 provocat
1280 4030 1293 4051 ,
1317 3990 1383 4043 ad
1412 3992 1766 4063 perturbatio-

185 4094 311 4129 nem
342 4076 629 4130 sedandam
662 4078 761 4131 hoc
785 4078 999 4132 sufﬁcit.
1027 4079 1157 4132 Cum
1185 4095 1310 4149 ergo
1341 4080 1623 4136 formosam
1649 4100 1765 4136 mu-

185 4170 371 4219 lterum
403 4168 597 4222 videris
622 4210 637 4234 ,
664 4172 747 4222 cui
788 4170 1043 4224 micantes
1073 4172 1210 4225 oculi
1256 4181 1381 4225 sunt
1432 4183 1486 4226 et
1528 4173 1723 4229 hilares
1745 4216 1761 4240 ,

182 4258 269 4310 cui
302 4258 529 4312 nitentes
553 4273 722 4327 genas,
762 4261 911 4328 cujus
938 4261 993 4314 in
1020 4261 1165 4315 vultu
1191 4264 1383 4316 eximia
1409 4266 1647 4331 quaedam
1669 4282 1764 4336 ap—

182 4356 373 4416 pareat
420 4347 787 4415 pulchritudo,
814 4365 933 4419 qua:
977 4362 1209 4405 mentem
1251 4362 1391 4407 tuam
1435 4354 1758 4421 inllauunet,

181 4449 241 4493 et
270 4440 539 4494 libidinem
584 4452 810 4510 augeat,
842 4443 1012 4511 cogita
1058 4452 1252 4497 terram
1282 4444 1412 4499 illud
1455 4462 1575 4501 esse
1616 4449 1758 4517 quod

183 4528 398 4580 miraris
419 4568 432 4589 ,
475 4528 709 4583 cinerem
740 4544 858 4584 esse
882 4531 1021 4599 quod
1054 4540 1103 4586 te
1133 4534 1403 4601 accendit,
1430 4544 1484 4589 et
1528 4537 1760 4593 insanire

180 4618 361 4670 anima
388 4616 595 4672 desinet
623 4634 637 4672 :
670 4618 860 4688 detege
885 4630 1058 4675 cutem
1092 4623 1263 4676 vultus
1288 4622 1421 4692 ejus,
1456 4632 1564 4678 tum
1589 4626 1755 4693 ipsam

180 4720 396 4757 munem
428 4706 830 4773 pulchritudinis
854 4708 1107 4763 vilitatem
1132 4711 1329 4765 videbis
1359 4728 1373 4765 :
1400 4728 1465 4767 ne
1492 4714 1544 4767 in
1571 4729 1759 4782 super-

181 4799 303 4851 ficie
329 4798 589 4851 consistas
608 4840 622 4859 ,
656 4800 747 4854 sed
780 4800 1003 4855 interius
1044 4805 1363 4870 cogitatione
1392 4806 1711 4873 progredere
1734 4846 1750 4872 ,

179 4904 284 4943 nec
333 4889 472 4941 aliud
503 4888 786 4957 quidquatn
815 4901 1007 4958 praeter
1029 4906 1148 4945 ossa
1171 4932 1184 4955 ,
1236 4907 1425 4947 nervos
1450 4935 1465 4958 ,
1504 4909 1567 4949 ac
1594 4910 1754 4949 venas

179 4978 437 5046 reperies.
470 4980 536 5031 At
564 4995 667 5031 non
697 4980 967 5034 sufficiunt
988 4981 1111 5034 ista?
1136 4981 1316 5051 Cogita
1348 4983 1475 5037 mihi
1497 4994 1751 5040 mutatam

178 5072 323 5123 illam
342 5110 357 5134 ,
388 5080 753 5124 senescentem
779 5111 793 5133 ,
836 5082 1085 5139 argrotam
1106 5114 1120 5137 ,
1152 5074 1486 5129 subsidentes
1530 5077 1712 5131 oculos
1732 5118 1747 5142 ,

175 5171 461 5215 exeavatas
518 5175 681 5229 genas
706 5200 721 5224 ,
762 5168 927 5213 totum
973 5164 1117 5214 illum
1162 5163 1345 5217 ﬂorem
1386 5164 1748 5223 deﬂuentem:

172 5251 349 5319 cogita
378 5250 502 5317 quid
529 5250 831 5311 admireris,
864 5260 917 5303 et
946 5252 1017 5303 ttti
1056 5252 1240 5319 judicii
1274 5264 1325 5307 te
1373 5254 1607 5321 pudebit.
1640 5256 1750 5309 Lu-

176 5353 285 5391 tnzn
319 5341 526 5392 miraris
552 5349 604 5393 et
628 5342 881 5402 cinerem,
913 5341 1081 5408 pulvis
1114 5352 1164 5395 te
1205 5344 1443 5399 incendit
1470 5356 1522 5398 et
1549 5344 1745 5399 favilla.

172 5432 288 5483 Non
340 5430 454 5483 ha'c
501 5442 566 5484 eo
603 5431 743 5495 dico,
767 5442 822 5484 ut
853 5442 1091 5485 naturam
1125 5449 1408 5500 accusem;
1439 5436 1577 5490 absit
1608 5454 1622 5491 :
1652 5453 1749 5492 nec

173 5532 229 5573 ut
263 5521 555 5586 vituperem
574 5564 587 5585 ,
616 5531 706 5573 aut
734 5532 994 5591 tamquam
1024 5524 1177 5576 vilem
1209 5524 1501 5593 deprimam
1527 5568 1541 5592 ,
1574 5527 1667 5581 sed
1690 5536 1748 5582 ut

169 5612 553 5680 :rgrotantibus
598 5614 979 5666 medicamenta
1026 5627 1363 5681 componam.
1417 5618 1541 5671 Ideo
1587 5619 1743 5673 talem

172 5704 341 5769 ipsam
372 5704 511 5757 Deus
540 5689 815 5769 condidit,
842 5703 975 5758 adeo
1006 5705 1161 5759 vilem
1186 5745 1201 5770 ,
1236 5718 1292 5761 ιιι
1317 5718 1372 5762 et
1398 5725 1548 5763 suam
1571 5712 1743 5766 virtu-

172 5804 278 5851 teut
306 5803 361 5847 et
410 5808 594 5848 curam
620 5794 687 5849 de
714 5796 867 5849 uobis
907 5795 1189 5863 ostendat,
1224 5796 1347 5851 dum
1381 5812 1580 5856 naturae
1621 5805 1738 5858 vili-

1156 436 1245 492 DE
1283 435 1809 494 PROPHETIARUM
1847 434 2335 493 OBSCURITATE.
2376 436 2442 493 11.

3354 426 3468 484 186

1896 556 2001 602 tate
2028 562 2123 602 nos
2148 548 2213 602 ad
2244 548 2592 603 humilitatem
2622 548 2820 603 inducit
2841 591 2855 611 ,
2885 564 3199 620 omnemque
3228 564 3460 610 nostram

1889 638 2224 708 cupiditatem
2280 648 2524 703 coercet,
2585 654 2650 694 ac
2707 640 2976 708 sapientia:
3031 654 3142 694 sum
3195 642 3461 711 specimen

1889 730 2018 792 edit,
2047 739 2105 783 ut
2131 731 2220 799 qui
2251 731 2411 785 etiam
2451 732 2503 785 in
2537 732 2645 785 luto
2684 731 2849 799 possit
2879 740 3075 785 tantam
3114 733 3455 801 pulchritudi-

1888 835 2007 874 nem
2033 820 2304 876 exhibere.
2337 822 2469 875 Dum
2503 822 2660 890 igitur
2701 820 3053 875 substantiam
3086 823 3234 892 parvi
3282 823 3419 878 facio
3441 863 3458 888 ,

1888 918 1996 963 tum
2042 910 2258 980 Opiﬁcis
2285 922 2454 965 artem
2502 911 2712 979 detego.
2740 910 2868 963 Nam
2896 920 2955 964 ut
3003 912 3318 966 statuarium
3348 921 3457 966 tum

1886 1003 2052 1073 magis
2074 1003 2420 1068 admiramur,
2451 1018 2557 1057 non
2592 1018 2711 1056 cum
2743 1002 3048 1071 prmelaram
3082 1018 3147 1057 ex
3190 1018 3321 1058 auro
3350 1014 3460 1059 sta-

1888 1100 2031 1146 tuam
2068 1092 2369 1147 exhibuerit
2392 1133 2405 1154 ,
2432 1092 2525 1146 sed
2554 1107 2672 1146 cum
2703 1107 2766 1145 ex
2807 1092 3041 1159 subjecta
3092 1092 3187 1147 lutl
3233 1094 3457 1148 materia

1885 1184 2169 1252 perfectam
2218 1192 2274 1237 et
2318 1184 2567 1237 eximiam
2612 1182 2892 1251 imaginem
2925 1182 3082 1236 fuerit
3120 1181 3403 1237 fabricatus
3441 1201 3456 1237 :

1885 1275 1955 1326 ita
1980 1288 2187 1342 quoque
2226 1288 2489 1327 summum
2524 1274 2777 1326 artiﬁcem
2831 1272 2995 1327 Deum
3034 1272 3456 1340 obstupescimus

1882 1372 1937 1417 et
1973 1362 2359 1432 gloriﬁcamus,
2387 1362 2528 1431 quod
2559 1362 2612 1415 iu
2663 1362 2880 1430 pulvere
2903 1376 2966 1416 ac
3009 1361 3120 1415 luto
3149 1362 3450 1429 pulchritu-

1883 1452 2061 1508 dinem
2104 1453 2386 1523 quamdam
2417 1454 2729 1507 immensam
2772 1460 2827 1508 et
2875 1452 3155 1508 ineﬂabilis
3178 1451 3454 1521 cujusdam

1884 1545 2154 1612 sapientia:
2181 1543 2449 1612 specimen
2494 1542 2547 1596 in
2592 1542 2788 1596 nostris
2815 1542 3129 1612 corporibus
3157 1542 3454 1597 collocarit.

1882 1636 2055 1703 Atque
2096 1632 2199 1688 hoc
2240 1648 2347 1687 non
2385 1632 2437 1686 in
2461 1646 2683 1701 corpore
2727 1631 2899 1685 solum
2948 1641 3130 1686 nostro
3153 1673 3168 1696 ,
3200 1630 3291 1687 sed
3320 1632 3453 1685 etin

1883 1725 2027 1779 onmi
2056 1724 2296 1793 praestitit
2333 1731 2593 1778 creatura.
2634 1722 2763 1777 Nam
2789 1738 2909 1776 cum
2941 1724 3071 1778 viles
3103 1723 3298 1792 passim
3330 1738 3453 1791 pro-

1882 1817 2121 1872 duxisset
2163 1814 2521 1879 substantias,
2550 1822 2605 1868 et
2646 1814 2776 1868 artis
2803 1827 2913 1867 suae
2940 1817 3208 1882 specimen
3256 1811 3309 1866 itt
3352 1812 3455 1866 illis

1883 1909 2088 1978 insigne
2109 1907 2305 1979 posuit,
2336 1916 2391 1961 et
2418 1905 2828 1960 substantiarum
2855 1904 3172 1959 infirmitatis
3201 1903 3449 1957 indicium

1881 1999 2147 2070 quoddam
2190 1998 2476 2053 immiscuit
2504 2014 2520 2052 :
2549 2006 2610 2051 ut
2637 2011 2758 2051 cum
2803 2005 3021 2065 propter
3052 2003 3223 2049 artem
3247 2009 3311 2049 ac
3337 1993 3457 2063 pul-

1881 2089 2237 2144 chritudinem
2280 2087 2467 2142 laudes
2495 2084 2799 2150 Artiﬁcem,
2831 2094 2939 2139 tum
2987 2093 3205 2156 propter
3230 2083 3454 2138 inﬁrmi-

1882 2187 2045 2234 tatem
2076 2178 2441 2246 vilitatemque
2463 2184 2667 2230 naturm
2692 2190 2753 2229 ac
2777 2175 3105 2239 substantia},
3128 2188 3245 2242 quae
3272 2183 3452 2227 creata

1881 2280 2006 2326 sunt
2030 2285 2133 2324 non
2162 2269 2375 2323 adores.
2425 2266 2747 2337 Splendidus
2788 2275 2870 2319 est
2897 2265 2973 2319 sol
2997 2304 3013 2331 ,
3041 2264 3165 2317 dum
3200 2262 3414 2333 aﬁ‘ulget
3436 2302 3455 2326 ,

1882 2373 2156 2431 totumque
2199 2370 2461 2416 terrarum
2505 2358 2691 2413 orbem
2721 2357 3018 2413 illuminat:
3048 2357 3141 2411 sed
3171 2370 3293 2410 cum
3341 2368 3450 2409 nox

1881 2453 2191 2516 advenerit,
2220 2452 2417 2505 deﬁcit.
2453 2449 2590 2517 Quid
2631 2450 2763 2502 enim
2786 2489 2801 2513 ,
2825 2448 3033 2517 inquit,
3064 2446 3279 2501 lucidius
3307 2445 3454 2499 sole!

1881 2542 1988 2598 Sed
2015 2551 2061 2596 ct
2099 2544 2193 2594 hoc
2236 2541 2405 2609 deﬁcit
2442 2539 2625 2609 (Ercli.
2649 2539 2735 2593 l7.
2766 2539 2888 2605 '50);
2918 2552 3090 2606 neque
3127 2551 3254 2590 vero
3290 2543 3448 2589 noctu

1879 2632 2071 2698 solum,
2103 2630 2197 2686 sed
2235 2639 2291 2685 et
2329 2629 2577 2684 interdiu.
2609 2628 2781 2698 Atque
2817 2627 3012 2682 idcirco
3037 2641 3177 2695 szepe
3220 2624 3446 2679 interdiu

1879 2724 2008 2778 solis
2031 2721 2271 2777 defectus
2300 2720 2604 2785 intervenit,
2628 2729 2686 2773 ut
2712 2718 2966 2789 Opiﬁcem
2989 2717 3202 2786 quidem
3233 2724 3451 2786 propter

1877 2814 2156 2869 artiﬁcium
2196 2812 2417 2878 laudes,
2460 2812 2554 2865 sed
2600 2820 2813 2880 prepter
2856 2808 3268 2863 imbecillitatem
3312 2806 3452 2874 quod

1879 2915 2113 2960 creatum
2144 2912 2226 2959 est
2254 2918 2361 2957 non
2390 2901 2603 2955 adores.
2636 2899 2792 2954 Vides
2820 2899 2919 2953 hoc
2948 2898 3140 2953 coelum
3158 2936 3173 2959 ,
3200 2895 3355 2965 quale
3382 2895 3453 2949 sit

1878 2995 2106 3064 corpus?
2133 3009 2292 3064 quam
2322 2990 2635 3062 pulchrum?
2679 3005 2836 3060 quam
2872 2988 3176 3058 refulgens?
3202 2986 3375 3056 quod,
3406 2987 3451 3039 si

1878 3088 2110 3156 speciem
2139 3095 2411 3139 externam
2460 3090 2667 3151 spectes
2694 3121 2709 3145 ,
2740 3080 2821 3135 vel
2854 3080 2982 3148 ipsis
3020 3078 3331 3147 corporibus
3358 3094 3453 3130 nu-

1877 3180 2001 3232 stris
2027 3186 2109 3233 est
2136 3176 2490 3245 praestantius.
2524 3175 2593 3228 At
2628 3188 2817 3241 expers
2861 3181 2945 3226 est
2970 3173 3179 3224 animm.
3212 3170 3370 3225 Vides
3397 3180 3453 3224 ct

1864 3262 2003 3323 'artis
2032 3268 2299 3336 specimen
2319 3307 2333 3330 ,
2364 3279 2416 3321 et
2442 3265 2691 3319 indicium
2718 3263 3077 3318 inﬁrmitatis?
3107 3263 3253 3317 vides
3283 3262 3451 3317 uti-inc

1875 3375 1981 3429 que
2004 3359 2097 3412 tibi
2128 3365 2311 3427 parata
2338 3355 2623 3427 pratsitlia?
2654 3354 2783 3408 Nam
2817 3364 2873 3407 ut
2902 3353 3154 3424 Opiﬁcetn
3181 3363 3447 3422 tamquam

1876 3450 2199 3506 imbecillum
2244 3464 2350 3503 nou
2379 3448 2636 3513 damnes,
2666 3446 2911 3516 pulchras
2960 3444 3197 3499 condidit
3240 3454 3449 3498 creatu-

1875 3557 1999 3596 ras:
2029 3550 2086 3594 ut
2109 3550 2284 3594 autem
2322 3554 2439 3607 qua:
2478 3536 2686 3590 condita
2717 3546 2839 3589 sunt
2867 3544 3129 3602 tamquam
3178 3533 3309 3587 deos
3340 3549 3445 3586 non

1872 3631 2082 3693 adores,
2111 3645 2179 3683 ex
2212 3637 2361 3698 parte
2388 3627 2593 3679 inﬁrma
2620 3626 2709 3679 illa
2742 3624 3025 3679 fabricatus
3050 3634 3152 3678 est.
3182 3623 3304 3677 [huc
3334 3639 3447 3693 per-

1872 3731 2030 3789 petuo
2050 3718 2306 3772 memoria
2337 3726 2532 3771 tenete.

1944 3811 2147 3864 Marum
2172 3810 2411 3861 correctio
2441 3808 2557 3875 ﬁnis
2599 3807 2898 3877 Scriptura.
2929 3805 3238 3859 Manicltwos
3262 3806 3439 3858 redar-

1869 3902 1998 3970 guit.
2024 3928 2096 3939 —
2125 3900 2247 3953 Ideo
2295 3900 2595 3967 Scripturas
2631 3900 3062 3967 interpretamur,
3090 3912 3193 3951 non
3218 3904 3277 3950 ut
3302 3897 3445 3951 Scri-

1871 4001 2054 4058 pturas
2084 4001 2285 4044 lautum
2325 3990 2653 4059 intelligatis,
2685 3990 2779 4043 sed
2820 3999 2876 4042 ut
2906 4004 3081 4043 mores
3122 3988 3438 4043 emendetis.

1867 4080 1979 4134 Nisi
1998 4081 2139 4135 enim
2171 4081 2271 4134 hoc
2317 4081 2434 4144 fiat,
2464 4080 2655 4133 frustra
2690 4080 2914 4149 legimus
2936 4120 2953 4146 ,
2984 4079 3174 4134 frustra
3215 4080 3441 4150 exponi-

1868 4191 2004 4229 mus.
2034 4173 2168 4227 Nam
2214 4172 2352 4227 sicut
2393 4186 2513 4226 cum
2564 4172 2615 4225 in
2648 4171 2943 4239 pala:stram
2992 4170 3259 4241 ingressus
3286 4169 3443 4225 fuerit

1866 4264 2066 4319 athleta
2093 4272 2312 4327 unctus,
2343 4270 2397 4315 et
2446 4260 2753 4329 pmdotribte
2782 4276 2942 4314 manu
2986 4275 3215 4331 curaque
3245 4259 3442 4314 instru-

1863 4366 2013 4419 ctus,
2057 4355 2101 4407 si
2152 4369 2273 4408 cum
2316 4350 2621 4406 certaminis
2666 4359 2872 4421 tempus
2909 4351 3219 4412 advenerit,
3267 4358 3437 4404 artem

1865 4447 2007 4499 illam
2038 4446 2272 4498 inutilem
2306 4458 2425 4497 esse
2462 4441 2791 4505 ostenderit,
2824 4443 3015 4495 frustra
3049 4442 3098 4493 in
3136 4441 3434 4510 palmstram

1863 4535 2200 4590 introductus
2225 4542 2308 4588 est
2335 4550 2350 4585 :
2377 4533 2449 4586 ita
2478 4546 2596 4585 cum
2639 4530 2741 4584 huc
2769 4531 3157 4594 conveneritis,
3186 4538 3240 4584 et
3268 4530 3436 4584 luctas

1860 4641 2046 4680 omnes
2069 4666 2084 4689 ,
2115 4624 2239 4679 etin
2267 4623 2404 4677 lucta
2445 4637 2610 4675 nexus
2636 4621 2830 4675 diaboli
2860 4620 3149 4675 didiceritis
3172 4662 3187 4683 ,
3220 4622 3265 4675 si
3306 4637 3428 4677 cum

1862 4717 2211 4771 certaminum
2262 4723 2471 4784 tempus
2529 4713 2796 4779 inciderit,
2828 4713 3277 4782 supplantemini,
3304 4714 3429 4769 dum

1860 4812 1941 4861 vel
1969 4807 2256 4861 formosum
2281 4804 2484 4858 vultum
2507 4801 2760 4867 videritis,
2783 4803 2865 4857 vel
2898 4803 2949 4856 in
2978 4803 3277 4872 superbiant
3304 4805 3428 4859 elati

1859 4896 2063 4952 fueritis
2082 4936 2096 4960 ,
2124 4895 2209 4949 vel
2235 4894 2335 4948 alia
2369 4908 2525 4962 prava
2553 4894 2797 4963 quapiam
2832 4893 3153 4961 cogitatione
3182 4894 3389 4948 subacti
3411 4934 3425 4955 .

1856 4988 2049 5041 frustra
2080 4988 2132 5042 in
2162 4985 2303 5039 hunc
2337 4984 2515 5037 locum
2559 4982 2780 5053 ingressi
2816 4984 2963 5036 estis.
2986 4982 3305 5037 Mementote
3333 4984 3426 5054 igi-

1860 5089 1945 5132 tur
1969 5090 2292 5141 sermonum,
2320 5088 2452 5144 quos
2474 5088 2577 5127 non
2606 5072 2858 5125 adversus
2883 5080 3122 5124 naturam
3152 5083 3383 5125 nostram
3407 5115 3425 5139 ,

1856 5171 1948 5225 sed
1977 5169 2228 5222 adversus
2254 5167 2499 5221 lascivam
2521 5162 2860 5232 cupiditatem
2887 5162 3198 5217 direximus.
3226 5162 3341 5219 Non
3368 5176 3425 5219 ut

1856 5271 2095 5312 naturam
2126 5256 2487 5317 criminemur,
2516 5252 2631 5306 hmc
2657 5251 2880 5305 dicimus
2900 5292 2915 5314 ,
2955 5251 3048 5306 sed
3074 5261 3131 5305 ut
3157 5252 3427 5322 cupidita-

1856 5357 1960 5402 tem
1992 5348 2332 5401 insectemnr.
2365 5344 2479 5397 Hoc
2499 5350 2652 5411 pacto
2678 5344 2807 5395 iram
2836 5342 3106 5410 reprimite
3125 5384 3139 5406 ,
3172 5343 3247 5396 sic
3272 5344 3424 5412 cupi-

1852 5440 2069 5493 ditatem
2099 5438 2363 5505 mitigate,
2391 5436 2467 5489 sic
2509 5434 2862 5503 arrogantiam
2905 5434 3190 5487 retundite.
3224 5434 3290 5487 Et
3315 5443 3423 5487 erat

1852 5533 2011 5583 omnis
2036 5539 2167 5582 terra
2194 5528 2379 5581 labium
2405 5541 2575 5592 unum,
2591 5535 2631 5577 et
2658 5540 2754 5576 vos:
2788 5539 2888 5577 una
2914 5524 3139 5575 omnibus
3160 5522 3305 5591 (Ceu.
3331 5523 3419 5578 Η.

1853 5623 1929 5691 1).
1969 5622 2105 5674 Ecce
2133 5619 2305 5673 adhuc
2334 5618 2657 5687 prapositam
2685 5616 3054 5685 quaestionem.
3084 5615 3197 5668 Non
3226 5615 3293 5668 de
3324 5614 3422 5670 hac

1851 5724 1932 5767 est
1974 5726 2148 5767 sermo
2171 5750 2186 5775 ,
2216 5708 2309 5763 sed
2356 5706 2495 5777 quod
2530 5721 2717 5761 omnes
2764 5704 3005 5759 homines
3048 5704 3285 5759 eamdem
3317 5704 3417 5758 lin-

1850 5818 2005 5873 guam
2056 5800 2328 5855 baberent.
2372 5798 2544 5864 Quare
2588 5812 2713 5849 vero
2743 5795 2935 5849 labium
2979 5810 3137 5850 unum
3190 5794 3415 5866 linguam
