4016 6430
575 397 686 454 187

566 492 814 548 vocarit?
831 489 1115 562 Scriptum
1144 503 1262 545 mos
1284 500 1365 545 est
1393 491 1462 545 ita
1490 503 1762 544 sermones
1789 488 2019 558 linguam
2049 503 2140 542 vo-

569 600 710 641 care.
735 583 788 639 ld
819 599 944 638 vero
975 582 1129 638 fuerit
1153 596 1331 652 operte
1359 582 1583 651 pretium
1611 595 1768 635 nosse
1795 591 2011 649 propter
2041 579 2142 634 lia:-

569 678 782 743 retioos,
804 679 893 747 qui
924 676 1015 731 Dei
1039 674 1308 745 opiﬁcium
1329 683 1601 742 accusant,
1622 674 1711 743 qui
1731 686 1925 742 corpus
1945 671 2140 726 malum

565 783 684 825 esse
709 769 911 822 dicunt.
945 767 1078 823 Nam
1119 767 1240 836 quia
1269 780 1464 837 pravos
1483 765 1648 819 animi
1695 773 1871 819 motus
1897 779 1991 833 per
2014 778 2138 819 cor-

567 860 710 927 poris
758 857 997 913 membra
1036 857 1306 926 Scriptura
1354 856 1596 925 designat
1625 871 1640 907 :
1667 856 1898 924 exempli
1941 869 2137 922 causa,

566 949 822 1003 Acuerunt
848 948 1071 1020 linguam
1111 964 1254 1004 suam
1280 947 1404 1001 sicut
1433 947 1709 1015 serpentis;
1741 945 1938 1016 Lingua
1967 962 2139 1000 eorum

565 1041 768 1111 gladius
809 1049 985 1095 acutus
1015 1040 1187 1111 (l’sal.
1223 1037 1361 1093 .159.
1405 1039 1457 1093 4.
1505 1047 1552 1092 et
1581 1037 1668 1093 56.
1708 1038 1765 1106 5)
1794 1054 1809 1092 :
1838 1038 2141 1092 existimant

566 1131 779 1200 quidam
824 1131 892 1187 de
937 1131 1112 1201 lingua
1156 1130 1355 1184 dictum
1401 1143 1543 1183 esse.
1575 1127 1690 1182 Non
1731 1136 1815 1182 est
1848 1137 2025 1183 autem
2072 1126 2140 1183 de

568 1222 742 1292 lingua
783 1222 981 1276 dictum
1007 1239 1019 1275 :
1049 1220 1212 1280 absit;
1237 1227 1317 1275 est
1361 1220 1502 1273 enim
1531 1220 1703 1289 lingua
1730 1218 1824 1272 Dei
1851 1232 2019 1288 opus;
2044 1216 2136 1273 sed

568 1313 637 1369 de
663 1313 837 1369 verbis
867 1312 1268 1376 homicidarum,
1301 1326 1421 1380 quae
1447 1310 1691 1365 homines
1715 1311 1956 1380 jugulant
1981 1351 1996 1374 ,
2019 1323 2138 1377 qua:

568 1403 826 1459 funestius
849 1418 1005 1473 quam
1029 1403 1174 1456 ensis
1204 1401 1478 1456 invadunt.
1509 1401 1708 1472 Lingua
1740 1415 1910 1454 eorum
1936 1399 2138 1468 gladius

567 1505 765 1559 acutus;
789 1503 844 1548 et
871 1509 1053 1548 rursus
1082 1510 1096 1545 :
1126 1492 1286 1546 Labia
1309 1493 1485 1546 dolosa
1525 1492 1578 1544 in
1605 1492 1755 1544 corde
1772 1532 1789 1557 ,
1817 1499 1863 1544 et
1883 1487 2034 1542 corde
2062 1490 2138 1541 lo-

563 1597 718 1655 quuta
743 1597 856 1639 sunt
882 1585 1016 1638 mala
1043 1583 1216 1656 (Psal.
1247 1585 1330 1638 11.
1363 1583 1418 1653 3)
1452 1600 1466 1636 :
1498 1597 1603 1637 non
1645 1584 1713 1638 de
1741 1579 1981 1634 membro
2009 1593 2132 1633 cor-

566 1676 714 1745 poris
759 1675 1009 1745 loquens,
1041 1675 1135 1729 sed
1174 1675 1241 1729 de
1269 1673 1507 1729 subdolis
1527 1672 1722 1727 verbis.
1753 1670 1826 1725 Ita
1868 1685 1988 1725 cum
2036 1671 2135 1724 hoc

565 1767 686 1820 loco
732 1765 954 1820 dixisset
974 1805 990 1830 ,
1020 1764 1086 1818 Et
1111 1773 1218 1818 erat
1247 1766 1408 1818 omnis
1445 1774 1578 1818 terra
1603 1763 1790 1817 (obium
1819 1779 2004 1827 unum,
2029 1777 2134 1816 non

566 1857 669 1912 hoc
683 1856 881 1920 docuit,
898 1869 1084 1910 omnes
1104 1855 1346 1909 homines
1365 1870 1526 1908 unum
1546 1853 1740 1908 labium
1759 1854 2026 1921 habuisse,
2043 1853 2134 1908 sed

568 1948 762 2002 labimn
789 1961 971 2001 vocem
1011 1945 1316 2016 appellavit.
1365 1944 1498 1999 Cum
1538 1946 1680 1999 enim
1727 1945 1981 2011 dixisset,
2013 1945 2137 1998 Erat

561 2039 726 2091 omnis
751 2046 884 2092 terra
902 2039 1090 2092 labium
1122 2053 1274 2090 unum
1296 2077 1310 2100 ,
1333 2036 1626 2106 subjunxit,
1661 2036 1726 2089 Et
1752 2052 1849 2090 vos:
1877 2053 1981 2089 una
2023 2053 2132 2090 om-

563 2131 730 2184 nibus.
761 2129 833 2184 Ita
859 2143 978 2184 cum
1007 2128 1180 2194 dixit,
1204 2128 1513 2196 Sepulcrum
1539 2136 1716 2197 patens
1753 2137 1826 2180 est
1848 2137 2021 2198 guttur
2047 2143 2134 2180 eo-

563 2237 675 2274 rum
693 2219 860 2291 (Psal.
875 2220 926 2275 5.
957 2219 1185 2288 11),non
1209 2226 1387 2287 guttur
1406 2226 1639 2281 accusat,
1669 2217 1761 2272 sed
1792 2217 1926 2271 mala
1955 2217 2131 2281 verba,

565 2325 683 2380 qua:
708 2309 830 2365 inde
853 2308 1186 2374 ascendunt,
1210 2315 1416 2362 mortua
1445 2307 1711 2377 dogmata.
1743 2307 1854 2361 Iloc
1879 2308 2020 2362 enim
2051 2321 2136 2362 sc-

567 2400 806 2471 pulcrum
835 2409 937 2466 est,
969 2407 1299 2454 mortuorum
1343 2398 1540 2454 ossium
1576 2413 1961 2468 corporumque
1986 2414 2136 2454 recc-

566 2494 853 2564 ptaculum.
901 2493 1047 2548 Talia
1073 2501 1197 2546 sunt
1225 2501 1278 2546 et
1308 2492 1515 2546 illorum
1557 2506 1683 2555 ora,
1709 2492 1798 2562 qui
1823 2491 2133 2546 Creatorem

564 2594 849 2648 accusant,
877 2584 1000 2639 talia
1025 2591 1150 2638 sunt
1183 2598 1368 2637 eorum
1393 2581 1667 2637 hominum
1692 2597 1785 2637 ora
1803 2623 1816 2647 ,
1843 2582 1932 2651 qui
1961 2583 2133 2652 turpia

564 2678 723 2732 verba
753 2675 1044 2744 proferunt,
1073 2675 1161 2744 qui
1188 2674 1572 2740 conviciantur,
1591 2675 1678 2744 qui
1708 2689 1775 2728 ex
1807 2687 1905 2728 suo
1925 2682 2136 2744 gutture

559 2767 746 2822 .fmtida
770 2781 1033 2834 pravaquc
1059 2763 1218 2820 verba
1259 2763 1602 2834 profundunt.

635 2856 688 2912 8.
729 2855 877 2910 Bono
899 2853 1025 2909 illud
1044 2853 1208 2908 odore
1228 2852 1457 2922 complc,
1477 2853 1546 2906 mi
1569 2851 1750 2919 homo,
1779 2867 1884 2906 non
1911 2851 2130 2908 faetore:

565 2947 872 3003 thesaurum
915 2945 1040 3000 illud
1079 2944 1302 3014 regium,
1349 2958 1454 2998 non
1494 2943 1790 2998 satanicum
1831 2944 2134 3013 sepulcrum

563 3037 736 3092 eflice.
769 3034 917 3103 Quod
945 3035 988 3088 si
1015 3033 1319 3104 sepulcrum
1345 3033 1436 3098 sit,
1463 3033 1652 3088 saltem
1670 3034 1911 3098 occlude,
1940 3049 2006 3089 ne
2033 3033 2132 3090 fm-

566 3141 648 3186 tor
671 3138 842 3186 exeat.
883 3129 1063 3185 Prava:
1095 3128 1186 3184 tibi
1213 3135 1337 3182 sunt
1361 3128 1744 3199 cogitationes?
1768 3129 1846 3184 Ne
1874 3130 2049 3185 verbis
2073 3131 2135 3185 il-

567 3222 646 3277 las
673 3220 908 3291 proferas
939 3237 952 3273 :
985 3220 1099 3274 sine
1123 3218 1371 3273 deorsum
1397 3219 1598 3288 jacere,
1639 3227 1751 3274 tum
1775 3221 1882 3275 cito
1905 3220 2135 3276 sull'oca-

563 3313 779 3368 buntur.
827 3310 1079 3366 Homines
1124 3324 1328 3376 sumus,
1371 3324 1516 3380 saepe
1556 3310 1719 3365 multa
1749 3325 1929 3380 prava,
1972 3311 2133 3379 feda,

565 3402 840 3474 turpiaque
862 3401 1078 3457 consilia
1101 3408 1280 3456 mente
1305 3415 1611 3465 versamus;
1641 3401 1735 3457 sed
1764 3418 1832 3457 ne
1857 3404 2136 3472 cogitatio-

566 3507 662 3550 ucs
701 3493 755 3548 in
797 3491 956 3548 verba
1002 3490 1247 3561 progredi
1288 3491 1544 3556 sinamus,
1585 3499 1660 3567 ut.
1690 3491 1939 3547 deorsum
1989 3507 2137 3547 com-

567 3600 764 3655 pressa:
791 3583 1166 3640 imbecilliores
1191 3582 1478 3639 reddantur
1497 3593 1551 3639 et
1575 3592 1815 3654 pereant.
1844 3583 1974 3640 Nam
2001 3586 2138 3642 sicut

565 3677 654 3731 ubi
678 3676 795 3744 quis
828 3675 1024 3731 diversi
1054 3677 1264 3744 generis
1291 3690 1353 3730 ac
1383 3675 1587 3732 feroces
1627 3677 1823 3733 bestias
1862 3679 1914 3732 iu
1963 3678 2136 3734 lacum

567 3767 862 3831 immiserit,
908 3769 952 3823 si
991 3767 1130 3823 forte
1155 3783 1384 3837 superne
1411 3769 1584 3825 lacum
1611 3770 1958 3835 obturaverit,
1986 3771 2138 3826 facile

567 3861 684 3916 illas
710 3859 933 3916 sufl'ocat
964 3877 978 3914 :
1008 3860 1090 3914 sin
1123 3868 1298 3915 autem
1340 3859 1440 3914 illis
1471 3859 1699 3915 exeundi
1729 3861 1812 3915 vel
1843 3861 2136 3929 respirandi

569 3952 870 4008 facultatem
893 3951 1121 4022 aliquam
1152 3951 1497 4016 concesserit,
1529 3951 1752 4005 multum
1791 3951 1892 4005 illis
1939 3951 2140 4022 prmbet

569 4047 766 4111 solatii,
810 4060 986 4116 neque
1023 4045 1148 4100 sinit
1190 4043 1426 4110 interire,
1469 4043 1563 4098 sed
1604 4042 1929 4098 ell'eratiores
1971 4045 2139 4099 multo

567 4137 783 4194 reddit:
814 4137 885 4192 ita
929 4135 988 4190 lit
1028 4135 1078 4189 in
1110 4135 1262 4189 malis
1304 4135 1731 4204 cogitationibus,
1775 4151 1896 4189 cum
1934 4146 2140 4190 exortae

571 4233 712 4288 intus
739 4231 932 4287 fuerint
977 4248 991 4284 :
1031 4229 1077 4283 si
1117 4242 1328 4282 omnem
1374 4226 1479 4282 illis
1511 4228 1670 4291 viam,
1718 4242 1784 4281 ne
1829 4226 1970 4281 foras
2011 4242 2138 4296 pro-

571 4327 752 4392 deant,
792 4321 1267 4386 lntercluserimus,
1296 4319 1540 4375 celeriter
1572 4319 1690 4372 illas
1717 4320 2078 4388 opprimemus
2121 4335 2136 4372 :

569 4419 651 4473 siu
679 4425 853 4471 autem
874 4415 988 4470 illas
1013 4412 1190 4468 verbis
1214 4411 1264 4466 in
1291 4411 1462 4466 lucem
1483 4409 1876 4480 protulerimus,
1904 4422 2023 4462 cum
2049 4422 2140 4461 va-

572 4507 785 4562 lidiores
823 4505 936 4559 illas
966 4502 1268 4567 reddemus,
1313 4510 1366 4556 et
1403 4500 1550 4570 quasi
1580 4515 1676 4569 per
1708 4499 1936 4568 linguam
1968 4499 2138 4568 reSpi-

570 4601 720 4654 randi
742 4599 1041 4654 facultatem
1069 4598 1174 4652 illis
1195 4595 1565 4658 concedemus,
1591 4604 1698 4647 tum
1721 4594 1787 4647 ab
1805 4594 1888 4646 illa
1912 4594 2137 4663 turpium

568 4690 850 4744 verborum
893 4687 1274 4743 exercitatione
1301 4687 1352 4740 in
1382 4685 1640 4740 ftedarum
1677 4685 1942 4739 actionum
1983 4685 2139 4738 bara-

573 4779 748 4834 thrum
787 4791 943 4844 quam
973 4776 1250 4830 celerrime
1275 4774 1636 4829 devolvemur.
1664 4772 1865 4828 Idcirco
1886 4788 1990 4828 non
2013 4775 2140 4828 sim-

574 4867 780 4939 pliciter
804 4865 1112 4935 Sepulcrum
1138 4865 1343 4920 vocavit
1387 4863 1660 4933 propheta,
1691 4863 1804 4926 sed,
1837 4863 2140 4932 Sepulcrum

573 4968 768 5030 patens,
802 4957 940 5012 istud
971 4956 1140 5027 ipsum
1161 4955 1298 5025 quod
1320 4955 1426 5009 dixi
1453 4956 1584 5009 vitio
1612 4963 1843 5009 vertens.
1868 4953 1980 5008 Non
2001 4957 2140 5009 enim

571 5052 806 5120 seipsum
855 5057 1054 5102 tantum
1099 5047 1260 5102 allicit
1303 5047 1608 5117 ignominia,
1641 5049 1730 5116 qui
1771 5049 1939 5116 turpia
1984 5048 2140 5102 verba

574 5143 793 5213 profert,
825 5142 916 5194 sed
948 5149 1002 5195 et
1028 5141 1296 5209 proximos
1324 5153 1468 5204 suos,
1511 5148 1564 5192 et
1606 5153 1698 5191 eos
1735 5139 1821 5206 qui
1862 5154 1984 5192 cum
2027 5139 2142 5206 ipso

573 5243 875 5296 versantur,
904 5232 1083 5285 multis
1111 5231 1356 5285 sordibus
1385 5229 1582 5298 opplet.
1614 5229 1677 5282 Et
1698 5227 2138 5297 quemadmodum

573 5327 617 5381 si
644 5325 885 5394 sepulcra
912 5337 1232 5386 reseremus,
1265 5323 1502 5377 civitates
1531 5332 1676 5389 peste
1711 5320 2094 5389 complebimus
2126 5339 2138 5374 :

575 5417 644 5471 ita
673 5417 721 5472 si
743 5415 910 5486 turpia
938 5415 1157 5468 licenter
1180 5413 1485 5481 aperiantur
1507 5429 1620 5479 ora,
1643 5421 1880 5475 cunctos,
1907 5411 1994 5479 qui
2025 5426 2141 5464 cum

579 5509 682 5565 illis
747 5507 1169 5576 congrediemur,
1239 5506 1564 5573 gravissimis
1627 5503 1824 5558 morbis
1887 5502 2141 5554 iuiicient.

581 5598 780 5655 idcirco
803 5598 1016 5668 januam
1045 5604 1272 5666 oportet,
1304 5604 1532 5660 vectem,
1574 5609 1635 5648 ac
1679 5593 1884 5648 frenum
1927 5591 2007 5643 ori
2051 5591 2146 5642 im-

585 5707 800 5763 ponere.
832 5691 999 5746 Unam
1028 5689 1205 5757 itaque
1237 5696 1345 5739 tum
1374 5687 1532 5740 fuisse
1560 5686 1813 5754 linguam,
1844 5683 1973 5738 satis
1995 5698 2025 5734 a
2052 5699 2146 5735 no-

584 5785 661 5837 bis
703 5797 796 5853 per
847 5782 956 5835 hmc
1001 5781 1416 5833 demonstratum
1462 5787 1574 5840 est;
1620 5776 1878 5843 reliquum
1924 5785 2032 5840 cst,
2084 5784 2140 5826 ut

1344 380 1402 434 S.
1444 375 1722 434 JOANNIS
1759 373 2226 432 CHRYSOS’I‘OMI
2264 375 2576 434 ARCHIEP.
2613 377 3140 439 CONS'I‘ANTINOP.

3716 401 3826 456 188

2249 503 2408 558 quam
2431 491 2501 545 ob
2519 505 2730 548 causam
2753 495 2931 549 multa!
2951 494 3150 550 fuerint
3179 495 3402 553 invecta
3424 497 3692 555 dicamus.
3715 501 3822 558 Sed

2248 583 2455 637 interim
2477 599 2778 640 sermonem
2804 586 2871 640 ad
2898 602 3073 642 mores
3101 588 3438 645 instruendos
3460 592 3824 660 pertinentem

2247 672 2534 728 inferamus
2577 693 2592 729 :
2631 676 2915 731 doceamus
2944 677 3176 746 linguam
3213 688 3447 735 nostram
3483 680 3696 736 frenum
3727 699 3828 753 ge-

2245 778 2388 830 rere,
2417 779 2514 819 ucc
2537 766 2714 820 omnia
2743 777 2941 822 temere
2962 769 3218 837 proferre,
3247 785 3368 839 quae
3391 771 3444 825 in
3472 782 3716 828 mentem
3732 789 3827 828 vc-

2245 855 2446 922 nerint,
2468 871 2572 912 non
2596 857 2788 914 fratres
2806 873 3056 915 accusare
3084 878 3097 916 :
3120 875 3226 915 non
3247 871 3431 918 mutuo
3450 878 3552 920 nos
3573 866 3826 920 mordere

2243 961 2306 1002 ac
2333 946 2609 1004 devorare.
2643 948 2860 1020 Pejores
2884 960 3008 1006 sunt
3036 952 3141 1006 illis
3176 953 3265 1023 qui
3292 967 3517 1023 corpora
3548 957 3823 1018 mordent.

2245 1038 2317 1092 illi
2345 1040 2434 1109 qui
2461 1039 2636 1096 verbis
2663 1041 2716 1096 id
2745 1052 2928 1112 agunt.
2952 1041 3030 1097 llli
3052 1058 3247 1114 corpus
3266 1045 3516 1100 dentibus
3544 1048 3822 1110 mordent.

2245 1126 2332 1181 hic
2359 1129 2586 1182 animam
2615 1130 2793 1185 verbis
2820 1131 3047 1198 mordet,
3077 1134 3522 1190 existimationem
3553 1135 3830 1197 vulnerat,

2246 1211 2633 1276 immedicabile
2660 1223 2848 1277 vulnus
2885 1224 3075 1295 inﬂigit
3103 1243 3118 1279 :
3161 1238 3484 1296 quapropter
3528 1237 3676 1283 tanto
3703 1245 3823 1298 gra-

2243 1310 2374 1363 viori
2405 1311 2663 1380 supplicio
2685 1313 2961 1382 plectetur,
2984 1325 3182 1385 quanto
3205 1317 3433 1386 graviori
3461 1334 3649 1374 morsu
3676 1320 3828 1373 iuva-

2241 1398 2335 1453 dit.
2365 1400 2546 1471 Nequa
2576 1417 2708 1458 vero
2737 1412 2934 1458 tantum
2965 1405 3160 1461 idcirco
3195 1408 3401 1462 veniam
3427 1424 3533 1463 non
3562 1411 3824 1480 impetra-

2243 1488 2320 1543 bit
2344 1491 2386 1545 is
2414 1492 2502 1561 qui
2531 1505 2764 1558 accusat,
2790 1495 2881 1549 sed
2913 1497 3072 1550 etiam
3107 1498 3243 1566 quod
3275 1515 3448 1568 neque
3475 1501 3681 1568 justum
3725 1518 3826 1556 nec

2245 1583 2493 1652 injustum
2519 1586 2686 1654 possit
2703 1587 3020 1656 improbitati
3043 1603 3152 1644 sum
3171 1600 3480 1659 prmlextum
3500 1594 3821 1648 obtendere.

2241 1672 2371 1727 Nam
2397 1673 2499 1728 alia
2524 1677 2737 1745 quidem
2764 1688 2976 1748 peccata
3021 1679 3144 1734 licet
3168 1695 3355 1734 causas
3385 1682 3618 1736 habeant
3661 1699 3691 1736 a
3733 1701 3821 1738 ra-

2241 1767 2384 1822 tione
2418 1778 2592 1824 tamen
2632 1769 2852 1836 alienas,
2895 1770 3092 1826 habent
3133 1782 3306 1826 tamen
3352 1789 3366 1826 :
3410 1783 3615 1842 utpote,
3666 1789 3820 1829 scor-

2240 1866 2380 1912 tator
2407 1858 2680 1914 libidinem
2718 1862 2916 1926 explet,
2946 1862 3029 1915 fur
3057 1871 3416 1931 paupertatem
3443 1866 3624 1930 solvit,
3655 1866 3823 1920 homi-

2239 1947 2355 2002 cida
2385 1949 2708 2003 iracundiam
2735 1949 2910 2016 sedat;
2936 1951 3222 2006 maledicus
3243 1953 3442 2006 nullam
3470 1964 3645 2022 potest
3665 1970 3822 2009 occa-

2238 2040 2441 2094 sionem
2470 2039 2681 2094 atlerre.
2711 2042 2875 2107 Quam
2905 2043 3066 2107 enim,
3097 2057 3294 2111 quaeso,
3336 2046 3686 2112 pecuniarum
3727 2062 3822 2101 co-

2240 2131 2379 2199 piam
2402 2131 2664 2200 acquirit?
2683 2147 2836 2201 quam
2856 2132 3127 2188 libidinem
3148 2134 3361 2203 explet?
3381 2135 3520 2189 Nihil
3541 2138 3688 2192 aliud
3711 2148 3818 2202 est,

2237 2235 2394 2289 quam
2421 2221 2630 2275 invidiae
2679 2222 2919 2287 materia,
2951 2226 3034 2279 cui
3064 2225 3205 2279 nulla
3231 2227 3462 2294 suppetit
3480 2226 3626 2295 justa
3656 2243 3818 2283 causa

2239 2327 2337 2367 nec
2361 2313 2572 2380 injusta.
2595 2309 2881 2384 Propterea
2904 2313 3047 2366 nulla
3065 2314 3218 2366 venia
3238 2311 3394 2381 digna
3421 2327 3694 2372 censetur.
3727 2319 3819 2373 Vis

2238 2402 2526 2458 accusare?
2553 2402 2743 2458 Utilem
2773 2403 2864 2458 tibi
2908 2405 3180 2458 materiam
3207 2405 3438 2473 pnebeo.
3471 2405 3563 2458 Vis
3587 2408 3806 2460 maledi-

2240 2494 2405 2549 cere?
2431 2493 2646 2548 Maledic
2675 2495 2778 2547 tuis
2803 2495 3052 2562 peccatis.
3079 2493 3170 2546 Dic
3193 2495 3356 2556 enim,
3388 2496 3574 2563 inquit,
3606 2506 3661 2548 tu
3701 2513 3821 2565 pec-

2239 2595 2352 2639 cata
2381 2596 2470 2638 tua
2512 2585 2669 2654 prior,
2717 2594 2774 2638 ut
2803 2585 3098 2655 justiﬁccris
3143 2583 3294 2654 (lsai.
3343 2585 3432 2638 45.
3480 2585 3602 2654 26).
3656 2587 3819 2641 Vides

2241 2675 2687 2740 maledicentiam,
2732 2691 2850 2745 qua:
2887 2689 3161 2739 coronam,
3202 2683 3259 2730 et
3294 2675 3528 2740 laudem,
3579 2685 3634 2730 et
3675 2678 3819 2731 testi-

2240 2767 2476 2820 monium
2511 2766 2728 2835 iustitia:
2768 2767 2965 2820 refert?
3005 2765 3226 2831 Rursus,
3261 2765 3438 2819 Justus
3466 2767 3520 2819 in
3563 2768 3820 2836 principio

2238 2857 2483 2911 sermonis
2509 2865 2769 2911 accusator
2792 2866 2864 2910 est
2883 2857 2963 2909 sui
2989 2855 3168 2926 (Prov.
3196 2856 3282 2910 18.
3309 2857 3420 2926 17),
3445 2871 3552 2910 non
3570 2857 3816 2911 alterius.

2236 2947 2292 3002 Si
2318 2947 2534 3002 alterius
2577 2947 2739 3001 fueris
2780 2955 3077 3010 accusator,
3125 2947 3357 3015 punieris
3397 2964 3410 2999 :
3453 2948 3498 3000 si
3540 2948 3816 3016 tuiipsius,

2237 3039 2593 3094 coronaberis.
2627 3041 2798 3108 Atque
2833 3047 2888 3092 ut
2927 3038 3206 3108 intelligas,
3234 3047 3485 3107 quantum
3509 3038 3584 3092 sit
3614 3040 3816 3094 bonum

2237 3129 2486 3184 delictum
2516 3143 2667 3184 suum
2697 3142 2972 3193 accusare,
3004 3126 3183 3182 Justus
3203 3128 3253 3181 in
3277 3128 3524 3196 principio
3544 3130 3819 3196 sermonis,

2240 3220 2431 3289 inquit,
2471 3229 2735 3274 accusator
2773 3228 2842 3274 est
2869 3220 2968 3273 sui.
3000 3219 3198 3274 Verum
3242 3219 3288 3274 si
3323 3219 3498 3288 justus
3538 3229 3646 3286 est,
3686 3235 3821 3289 quo-

2239 3310 2399 3365 modo
2424 3310 2738 3366 accusator?
2759 3310 2802 3365 si
2827 3319 3125 3376 accusator,
3165 3309 3432 3379 quomodo
3455 3309 3674 3378 justus?
3704 3310 3821 3365 Jus-

2239 3412 2322 3458 tus
2355 3403 2674 3457 accusationi
2714 3417 2818 3457 uon
2859 3410 2940 3456 est
2980 3401 3260 3456 obnoxius.
3284 3400 3390 3456 Sed
3417 3410 3476 3455 ut
3499 3401 3662 3468 scias,
3693 3402 3821 3457 licet

2240 3506 2483 3563 peccator
2509 3495 2579 3548 sit
2619 3493 2826 3563 aliquis,
2868 3491 2912 3545 si
2953 3500 3166 3546 accuset
3210 3500 3423 3559 peccata
3463 3505 3578 3554 sua,
3609 3491 3817 3558 justum

2239 3601 2358 3641 eum
2384 3586 2715 3640 accusatione
2741 3598 2834 3638 sua
2863 3583 2994 3646 ﬁeri,
3043 3590 3317 3652 propterea
3357 3581 3505 3647 dixit,
3537 3581 3720 3636 Justus
3766 3585 3820 3636 in

2241 3676 2488 3748 principio
2515 3676 2756 3729 sermonis
2783 3683 3045 3727 accusator
3075 3682 3146 3727 est
3188 3674 3286 3726 sui.
3323 3672 3460 3738 Quid
3500 3687 3662 3741 porro
3706 3684 3816 3741 est,

2243 3768 2308 3823 In
2335 3769 2579 3839 principio
2605 3765 2885 3821 sermonis?
2915 3764 3202 3834 Diligenter
3228 3763 3462 3818 attende.
3503 3764 3558 3817 In
3597 3764 3820 3833 iudiciis

2241 3860 2358 3914 dua:
2381 3867 2503 3913 sunt
2529 3866 2720 3926 partes,
2755 3870 2858 3910 una
2881 3869 3066 3910 eorum
3097 3855 3182 3923 qui
3209 3853 3480 3916 deferunt.
3521 3854 3688 3909 altera
3718 3870 3820 3910 eo-

2241 3965 2358 4004 rum
2386 3949 2474 4018 qui
2500 3948 2838 4012 deferuntur;
2871 3962 2970 4000 una
2999 3961 3184 4000 eorum
3208 3945 3296 4015 qui
3332 3955 3603 4010 accusant,
3645 3946 3819 4000 altera

2243 4056 2429 4097 eorum
2450 4040 2537 4111 qui
2565 4047 2909 4102 accusantur;
2939 4037 2992 4091 hi
3013 4036 3093 4092 rei
3115 4046 3268 4102 sunt,
3298 4036 3371 4090 illi
3401 4051 3503 4089 non
3534 4046 3660 4088 sunt
3687 4038 3766 4092 rei
3799 4055 3816 4090 :

2244 4131 2556 4202 principium
2587 4129 2847 4184 sermonis
2875 4128 3165 4182 accusatori
3195 4125 3520 4190 conceditur,
3560 4126 3650 4194 qui
3682 4141 3820 4180 rcus

2245 4240 2350 4280 non
2373 4231 2474 4278 est.
2507 4221 2602 4276 Hie
2627 4235 2751 4274 vero
2786 4217 3108 4272 contrarium
3145 4228 3227 4272 est
3257 4216 3540 4287 agendum.
3586 4215 3689 4282 Tu,
3720 4217 3819 4285 qui

2242 4331 2366 4372 reus
2394 4330 2472 4380 es,
2500 4312 2760 4368 sermonis
2781 4311 2983 4364 initium
3011 4309 3254 4378 prmripe,
3282 4317 3338 4360 ut
3365 4321 3487 4362 reus
3513 4321 3633 4360 esse
3661 4305 3820 4361 desi-

2244 4423 2339 4462 nas
2389 4424 2402 4460 :
2447 4421 2513 4460 ne
2546 4413 2902 4459 accusatorem
2947 4411 3241 4469 exspectes.
3287 4399 3517 4454 Tametsi
3567 4414 3626 4453 es
3672 4400 3820 4454 inter

2244 4513 2384 4561 rccs,
2417 4496 2557 4567 prius
2585 4503 2782 4560 tamen,
2827 4507 2983 4562 quam
3023 4490 3090 4544 ab
3129 4491 3219 4545 illo
3259 4491 3363 4544 tale
3405 4490 3672 4559 quidpiam
3709 4505 3820 4545 au-

2242 4591 2390 4656 dias,
2432 4590 2544 4658 ipse
2586 4601 2703 4657 qua:
2744 4601 2773 4639 a
2822 4595 2874 4639 te
2920 4592 3135 4653 peccata
3178 4590 3300 4637 sunt
3336 4581 3504 4638 defer.
3549 4582 3818 4638 Machmra

2243 4681 2483 4753 qumdam
2509 4688 2658 4734 acuta
2687 4685 2768 4732 est
2793 4675 2964 4746 lingua
2999 4693 3012 4728 :
3041 4684 3399 4729 verumtamen
3443 4673 3652 4728 caeteris
3692 4674 3820 4727 vul-

2246 4789 2370 4830 nera
2402 4789 2505 4827 non
2547 4770 2874 4838 inﬂigamus,
2916 4766 3007 4821 sed
3049 4767 3223 4820 ulcera
3263 4773 3442 4817 nostra
3486 4776 3815 4818 resecentus.

2247 4866 2339 4920 Vis
2365 4865 2501 4919 scire
2521 4875 2719 4916 morem
2753 4858 2913 4911 fuisse
2935 4856 3219 4924 iustorum,
3251 4864 3310 4907 ut
3346 4854 3465 4907 aliis
3501 4867 3607 4906 non
3647 4853 3823 4907 malc-

2246 4956 2502 5015 dicereut,
2545 4951 2637 5007 sed
2678 4948 2944 5018 sibiipsis?
2987 4945 3121 5000 Audi
3178 4945 3395 4999 Paulum
3431 4941 3753 4997 clamantem
3805 4961 3819 4997 :

2250 5047 2450 5101 Gratias
2477 5061 2564 5113 ego
2591 5044 2654 5106 ei,
2682 5042 2767 5111 qui
2793 5057 2869 5092 me
2901 5037 3218 5105 confortavit,
3257 5035 3470 5096 Christo,
3499 5033 3586 5103 qui
3614 5033 3823 5100 ﬁdelem

2246 5153 2325 5191 me
2347 5134 2661 5194 existimavit,
2694 5147 2878 5199 pauens
2897 5129 2948 5180 in
2973 5129 3244 5181 ministerio
3267 5142 3285 5179 :
3305 5125 3389 5194 qui
3415 5125 3554 5191 prius
3583 5123 3827 5191 blasphe-

2246 5243 2358 5280 mus
2383 5228 2476 5296 fui,
2507 5233 2551 5275 et
2590 5231 2932 5290 persequatur,
2973 5226 3018 5270 et
3059 5216 3442 5270 contumeliosus
3471 5213 3549 5283 (1.
3580 5212 3718 5265 Tim.
3772 5215 3825 5267 1.

2253 5319 2336 5372 12.
2367 5316 2476 5385 13).
2506 5313 2663 5368 Vides
2690 5306 2795 5381 quo
2823 5320 2976 5379 pacto
3004 5309 3054 5361 in
3083 5308 3314 5374 seipsum
3341 5304 3619 5358 maledicta
3651 5305 3824 5372 conji-

2252 5408 2389 5462 ciat?
2413 5416 2466 5461 et
2492 5417 2672 5456 rursus
2707 5420 2720 5454 :
2751 5400 2976 5454 Christus
3003 5398 3130 5449 venit
3171 5397 3222 5447 iu
3266 5394 3510 5446 mundum
3537 5401 3826 5460 peccatores

2250 5501 2412 5550 salvos
2440 5499 2621 5564 facere,
2648 5507 2856 5560 quorum
2889 5489 3078 5557 primus
3117 5501 3207 5555 ego
3251 5500 3362 5536 sum
3407 5481 3568 5554 (Ibid.
3617 5499 3666 5534 υ.
3706 5483 3823 5551 15).

2253 5587 2311 5640 Et
2336 5584 2457 5637 alibi
2483 5597 2660 5636 rursus
2685 5599 2697 5633 :
2730 5580 2844 5632 Non
2865 5595 2974 5630 sum
3000 5577 3180 5646 dignus
3206 5573 3368 5626 uocari
3389 5573 3668 5639 apostolus,
3693 5589 3823 5640 quo-

2256 5678 2388 5729 niam
2413 5681 2734 5742 persequutus
2763 5686 2871 5723 sum
2905 5667 3178 5718 Ecclesium
3211 5664 3304 5716 Dei
3334 5665 3395 5730 (1
3458 5662 3575 5715 Cor.
3619 5665 3705 5717 15.
3739 5666 3822 5730 9).

2332 5766 2383 5820 9.
2427 5761 2582 5815 Vides
2623 5776 2726 5829 quo
2768 5768 2916 5828 pacto
2952 5756 3143 5824 ubique
3172 5754 3267 5808 sibi
3315 5753 3631 5808 matedicat?
3668 5754 3824 5809 Novit
