4016 6446
207 424 321 480 187

198 542 460 592 πωτερον.
502 527 571 580 Ἠ
609 530 856 596 γλῶσσα
910 530 1105 584 αὐτῶν
1135 531 1392 599 μάχαιρα
1444 529 1620 591 ὀξεῖα*
1671 528 1764 580 καὶ

199 615 383 665 πάλιν·
420 618 600 683 Χεί.ἰη
623 619 793 672 δόλια
814 622 883 673 ἐν
918 622 1148 688 καρδίᾳ,
1174 621 1269 673 καί
1300 622 1366 672 ἐν
1389 619 1598 686 καρδίᾳ
1625 615 1765 669 ἐλά-

196 709 350 771 .ῖησε
384 708 539 758 κακά
596 710 653 760 οὐ
685 712 928 780 περὶτοῦ
981 713 1171 781 μέλους
1227 712 1395 779 λέγων
1447 709 1537 761 τοῦ
1586 708 1770 777 σώμα-

197 812 306 857 τος.
333 796 468 850 ἀλλά
489 800 616 869 περὶ
634 800 747 873 τῶν.
767 801 1011 854 ὑπούλων
1041 802 1316 872 ῥημάτων.
1369 799 1522 852 Οὕτω
1555 800 1649 850 καὶ
1685 800 1769 850 ἐν·

198 885 368 939 ταῦθα
400 888 588 953 είπὼν,
619 891 726 943 Καὶ
750 888 826 959 ἦν
847 890 1012 946 πᾶσα
1039 894 1075 959 ἢ
1103 891 1179 959 γῆ
1204 890 1402 959 χεῖλος
1418 890 1506 955 ἐν,
1533 890 1592 942 ού
1614 904 1771 941 τουτο

195 977 460 1043 ἐδίδαξεν,
512 981 595 1032 ὅτι
620 983 820 1045 πάντες
846 982 1117 1053 ἄνθρωποι
1158 979 1300 1052 εἶχον
1332 983 1388 1034 ἒν
1410 982 1601 1051 χεῖλος,
1632 979 1767 1033 ἀλλά

193 1070 372 1137 χεῖλος
404 1072 503 1140 τὴν
524 1074 703 1144 φωνὴν
740 1074 1011 1127 ἐκάλεσεν.
1034 1074 1216 1127 Εἰπὼν
1236 1074 1361 1143 γὰρ,
1398 1070 1510 1127 Ἦν
1535 1070 1702 1127 πᾶσα
1727 1071 1764 1139 ἠ

196 1159 273 1228 τῆ
299 1161 502 1228 χεῖλος
532 1162 619 1226 ἐν,
648 1166 913 1233 ἐπήγαγε,
938 1164 1047 1216 Kal
1091 1163 1259 1232 φωνὴ
1286 1164 1395 1231 μία
1426 1161 1635 1217 πᾶσιν.
1657 1160 1765 1215 Οὓ-

197 1268 307 1313 τως
332 1253 456 1303 ὅταν
471 1254 620 1324 λέγῃ,
642 1254 828 1323 Πίερος
850 1255 1219 1322 ἀνεῳγμένος
1242 1257 1275 1308 ὁ
1291 1253 1523 1322 λάρυγξ
1544 1251 1763 1315 αὐτῶν,

197 1343 259 1393 ού
287 1341 380 1393 τοῦ
416 1343 679 1412 λάρυγγος
730 1347 1039 1414 κατηγορεῖ,
1069 1344 1204 1397 ἀλλά
1228 1345 1334 1396 τῶν
1377 1343 1559 1397 κακῶν
1591 1342 1765 1413 ῥημά-

197 1448 309 1484 των
337 1432 445 1483 τῶν
477 1434 867 1506 ἀναϐαινόντων
897 1436 1123 1499 ἐκεῖθεν,
1168 1436 1273 1489 τῶν
1325 1435 1531 1506 νεκρῶν
1557 1434 1759 1504 δογμά-

197 1536 328 1571 των.
354 1520 533 1587 Τάφος
551 1505 665 1592 ’γάρ
688 1523 843 1575 τοῦτό
865 1526 997 1589 ἐστι,
1028 1524 1235 1594 νεκρῶν
1263 1505 1461 1594 δοχεῐον
1480 1525 1649 1577 ὀστῶν
1670 1525 1763 1578 xal

195 1609 487 1678 σωμάτων.
515 1612 749 1664 Τοιαῦτα
784 1613 1041 1666 κάκείνων
1063 1613 1132 1665 τά
1161 1614 1420 1683 στόματα,
1468 1614 1574 1667 τῶν
1627 1631 1761 1666 κατ-

196 1701 538 1769 ηγορούντων
553 1702 645 1754 τοῦ
672 1703 1029 1772 Δημιουργοῦ·
1055 1704 1281 1757 τοιαῦτα
1304 1705 1370 1760 τά
1393 1706 1630 1775 στόματα
1653 1708 1760 1759 τῶν

193 1792 400 1861 αἰσχρά
436 1792 814 1861 φθεγγομένων
846 1793 1176 1863 ἀνθρώπων,
1228 1797 1334 1848 τῶν
1362 1796 1758 1866 λοιδορούντων,

193 1881 306 1933 τῶν
325 1881 532 1951 δυσώδη
558 1885 649 1936 καὶ
678 1884 886 1955 πονηρά
903 1886 1117 1956 ῥήματα
1138 1890 1201 1941 ἐκ
1218 1887 1313 1957 τῆς
1331 1888 1530 1950 οἰκείας
1552 1888 1753 1958 φάρυγ-

196 1987 293 2039 γος
323 1971 708 2029 ἐκϐαλλόντων.

266 2067 339 2129 η’.
364 2061 598 2124 Εύωδίας
614 2064 778 2133 αὐτὴν
794 2064 1087 2136 ἔμπλησον,
1102 2068 1369 2138 ἄνθρωπε,
1388 2068 1459 2138 μὴ
1473 2068 1727 2132 δυσωδίας
1741 2086 1757 2101 ⁶

193 2148 468 2218 Θησαυρὸν
494 2152 713 2220 ποίησον
738 2152 1030 2221 βασιλικὸν,
1080 2158 1153 2226 μὴ
1175 2157 1340 2225 τάφον
1366 2158 1668 2210 σατανικόν.
1694 2159 1757 2210 El

189 2243 253 2296 δὲ
278 2244 448 2310 τάφος
484 2244 620 2308 ἐστὶ,
648 2245 751 2300 κᾶν
777 2247 1095 2300 ἀπόκλεισον
1114 2287 1130 2311 ,
1178 2249 1262 2301 ἵνα
1309 2250 1383 2319 μὴ
1413 2250 1679 2321 προϐαίνῃ
1722 2252 1758 2321 ἡ

188 2334 449 2389 δυσωδία.
481 2337 701 2405 Πονηρά
723 2336 861 2406 ἔχεις
895 2338 1245 2408 ἐνθυμήματα
1268 2356 1282 2403 ὅ
1308 2339 1397 2410 Μὴ
1427 2342 1758 2411 προενέγκῃς

189 2424 337 2476 αὐτά
360 2425 447 2477 διὰ
469 2426 749 2496 ῥημάτων·
786 2427 943 2481 ἔασον
974 2430 1124 2483 κάτω
1152 2431 1389 2497 κεῖσθαι,
1420 2433 1509 2485 καὶ
1551 2432 1759 2501 ταχέως

186 2514 602 2580 ἀποπνίγονται.
637 2516 941 2587 Ἀνθρωποί
960 2528 1148 2590 ἐσμεν,
1181 2522 1349 2574 πολλὰ
1387 2523 1641 2584 πολλάκις
1661 2539 1759 2574 πο-

186 2606 334 2674 νηρά
366 2605 734 2675 βουλευόμενοι
760 2609 852 2660 καὶ
880 2610 1055 2663 ἀτοπα
1070 2613 1163 2662 καὶ
1181 2614 1377 2682 αἰσχρά
1397 2613 1753 2682 βουλεύματα·

186 2695 329 2746 ἀλλά
354 2696 428 2764 μὴ
472 2696 835 2765 συγχωρῶμεν
860 2700 939 2760 είς
956 2701 1171 2769 ῥήματα
1199 2701 1267 2753 τὰ
1293 2704 1537 2772 ιοήματα
1567 2716 1594 2743 ι
1624 2721 1757 2773 προ-

186 2784 387 2844 ελθεῖν,
418 2785 503 2835 ἵνα
548 2786 839 2854 πιεζόμενα
865 2788 1011 2840 κάτω
1037 2790 1393 2862 ἀσθενέστερα
1418 2791 1631 2861 γίνηται
1665 2794 1759 2845 καὶ

184 2874 543 2944 ἁπολλύηται.
573 2875 834 2947 Καθάπερ
856 2878 961 2949 γάρ
1020 2880 1181 2949 θηρία
1207 2899 1287 2944 τις
1311 2882 1618 2936 παντοδαπὰ
1666 2884 1759 2936 καὶ

184 2965 442 3034 ἀνήμερα
468 2966 546 3027 εἰς
578 2965 777 3019 λάκκον
823 2968 1090 3036 ἐμϐαλὼν,
1114 2970 1180 3022 ἀν
1235 2971 1332 3040 μὲν
1380 2973 1632 3044 ἐμφράξῃ
1667 2973 1758 3026 τὸν

187 3054 392 3107 λάκκον
413 3056 638 3121 ἄνωθεν,
664 3058 949 3127 ἀποπνίγει
971 3060 1186 3130 ῥᾳδίως
1208 3060 1271 3112 ἂν
1300 3062 1355 3114 δέ
1381 3062 1605 3126 διέξοδόν
1637 3082 1757 3118 τινα

186 3146 286 3200 καὶ
321 3147 593 3218 ἀναπνοὴν
628 3150 884 3222 παράσχῃ
933 3153 1131 3221 μικρὰν
1155 3192 1169 3217 ,
1224 3152 1421 3223 πολλὴν
1467 3157 1645 3218 αὐτοῖς
1681 3158 1756 3209 δί-

183 3239 321 3291 δωσι
371 3237 467 3306 τὴν
504 3240 873 3308 παραμυθίαν,
930 3242 1022 3294 καὶ
1062 3243 1158 3294 οὐκ
1192 3245 1411 3314 ἀφίησιν
1441 3247 1753 3311 ἀπολέσθαι,

184 3324 306 3377 ἀλλ’
332 3324 574 3395 ἐκθηριοῖ
609 3328 884 3395 μειζόνως·
915 3328 1055 3382 οὕτω
1089 3332 1182 3383 καὶ
1228 3334 1317 3384 ἐπὶ
1344 3334 1450 3384 τῶν
1481 3335 1753 3405 λογισμῶν

184 3414 397 3482 γίνεται
426 3416 533 3467 τῶν
558 3418 828 3487 πονηρῶν,
861 3421 986 3472 ὅταν
1026 3422 1285 3491 τεχθῶσιν
1331 3424 1496 3491 ἔνδον,
1542 3428 1606 3479 ἂν
1656 3431 1754 3498 μὲν

182 3506 601 3577 ἀποκλείσωμεν
625 3510 800 3562 αὐτῶν
822 3512 918 3581 τὴν
949 3514 1025 3576 είς
1053 3514 1119 3566 τά
1150 3516 1251 3581 ἔξω
1278 3519 1514 3587 πρόοδον,
1548 3523 1755 3589 ταχέως

182 3598 389 3659 αὐτοὺς
418 3599 771 3669 ἀφανίζομενυ
809 3601 873 3654 ἂν
892 3603 947 3655 δὲ
976 3605 1061 3657 διά
1096 3606 1203 3658 τῶν
1243 3611 1498 3678 ῥημάτων
1560 3614 1754 3677 αὐτοὺς

183 3688 896 3756 ἐξενέγκωμεν,ικάκείνους
957 3695 1327 3765 ἰσχυροτέρους
1360 3701 1750 3770 εἰργασάμεθα,

182 3778 369 3840 δόντες
398 3779 727 3831 ἀναπνεῦσαι
756 3781 843 3833 διά
865 3783 961 3849 τῆς
1000 3784 1240 3856 γλώττης
1268 3788 1467 3851 αὐτοῖς,
1491 3792 1583 3842 καὶ
1617 3793 1751 3861 πρὸς

180 3867 257 3920 τά
267 3868 375 3920 τῶν
394 3870 604 3920 ἀτόπων
622 3869 869 3939 πράξεων
888 3872 1129 3943 βάραθρα
1147 3877 1350 3945 ταχέως
1370 3880 1473 3931 ἀπὸ
1490 3881 1611 3951 τῆςί
1632 3882 1750 3948 1941

181 3959 297 4012 τῶν
328 3960 565 4029 αἰσχρῶν
592 3963 847 4032 ῥημάτων
906 3964 1129 4033 μελέτης
1182 3970 1604 4040 καταπίπτομεν.
1653 3976 1748 4028 Διὰ

179 4049 398 4103 τοῦτοὸ
421 4053 701 4122 προφήτης
742 4054 837 4123 οὐχ
866 4054 1050 4117 ἀπλῶς
1092 4058 1256 4124 τάφον
1303 4059 1575 4125 ἐκάλεσεν,
1612 4064 1749 4118 ἀλλά

187 4138 389 4207 Τάφον
403 4141 794 4209 ἀνεῳηιένον,
824 4144 952 4195 αὐτὸ
972 4146 1127 4197 τοῦτο
1152 4149 1390 4213 ἐγκαλῶν
1415 4151 1549 4221 ὅπερ
1570 4148 1742 4206 εἷπον.

182 4231 322 4282 Ούδὲ
348 4230 454 4302 γὰρ
487 4232 675 4288 ἑαυτὸν
713 4232 952 4302 αἰσχύνει
983 4236 1139 4304 μόνον
1182 4240 1210 4288 ό
1240 4240 1306 4291 τά
1351 4242 1548 4311 αἰσχρά
1588 4244 1749 4312 φθεγ-

182 4322 414 4390 γόμενος
452 4323 687 4391 ῥήματα,
735 4326 869 4378 ἀλλά
896 4328 985 4379 καὶ
1028 4329 1151 4391 τοὺς
1168 4329 1426 4399 πλησίον,
1480 4337 1572 4387 καὶ
1623 4341 1747 4401 τοὺς

182 4411 604 4478 συγγινομένους
626 4413 771 4482 αύτῴ
795 4414 988 4483 πολλῆς
1028 4418 1403 4489 ἀναπίμπλησι
1418 4424 1513 4491 τῆς
1551 4424 1744 4496 λύμης.

179 4498 296 4549 Kal
320 4497 567 4567 καθάπερ
588 4501 637 4552 εἰ
666 4501 789 4565 τοὺς
826 4504 1023 4572 τάφους
1070 4508 1369 4578 ἀνοίξομεν,
1419 4511 1604 4581 λοιμοῦ
1651 4517 1747 4580 τὰς

179 4583 367 4645 πόλεις
386 4587 753 4657 ἐμπλήσομεν·
784 4590 925 4644 οὕτω
947 4593 1013 4645 τά
1040 4596 1238 4665 αἰσχρά
1268 4599 1503 4667 στόματα
1531 4604 1577 4653 εἰ
1612 4605 1745 4671 μετά

176 4672 364 4734 ἀδείας
387 4674 671 4741 ἀνοίγοιτο,
711 4680 833 4741 τοὺς
860 4686 1270 4751 συγγινομένους
1306 4690 1546 4753 ἅπαντας
1590 4696 1742 4746 νόσου

175 4764 570 4834 χαλεπωτάτης
618 4768 902 4837 ἐμπλήσει.
952 4773 1051 4823 Διά
1091 4774 1247 4826 τοῦτο
1305 4780 1408 4849 χρὴ
1437 4782 1604 4850 θύραν
1651 4788 1743 4838 καὶ

178 4856 378 4925 μοχλὸν
400 4857 491 4907 καὶ
516 4857 727 4924 χαλινὸν
758 4861 1018 4913 ἐπιθεῖναι
1047 4864 1123 4933 τῷ
1177 4870 1419 4935 στόματι.
1476 4874 1595 4926 ’Ὁτι
1645 4878 1742 4944 μὲν

173 4941 271 4997 οὖν
304 4945 404 5013 μία
429 4946 577 5015 φωνὴ
597 4943 664 5016 ἦν
702 4950 840 5015 τότε,
896 4953 1092 5017 ίκανῶς
1120 4958 1182 5007 ὲκ
1207 4958 1405 5011 τούτων
1428 4964 1557 5031 ἡμῖν
1607 4967 1741 5018 ἀπο-

172 5034 471 5086 δέδεικταιο
512 5035 693 5087 λοιπὸν
714 5037 771 5090 δὲ
792 5040 1086 5107 ἀναγκαῖον
1128 5047 1299 5098 εἰπεῖν
1323 5089 1337 5108 ,
1392 5051 1531 5115 τίνος
1556 5054 1739 5109 ἕνεκεν

172 5127 232 5179 al
253 5126 442 5177 πολλαί
455 5128 873 5198 ἐπεισήχθησαν.
892 5131 1051 5186 Ἀλλά
1071 5139 1195 5200 τέως
1205 5140 1295 5191 τὸν
1313 5142 1637 5215 ἠθικώτερον
1652 5166 1740 5215 γυ·

174 5216 471 5287 μνάσωμεν
490 5216 664 5284 λόγον·
702 5219 1076 5292 παιδεύσωμεν
1096 5228 1193 5297 τὴν
1214 5232 1483 5303 ἡμετέραν
1498 5236 1737 5302 γλῶτταν

167 5306 389 5377 χαλινὸν
420 5306 583 5377 ἔχειν,
616 5313 707 5362 καὶ
737 5310 810 5381 μὴ
836 5312 1010 5365 πάντα
1054 5318 1235 5383 ἁπλῶς
1260 5324 1512 5395 ἐκφέρειν
1540 5328 1602 5379 τά
1630 5331 1736 5383 ἀπὸ

167 5401 270 5467 τῆς
295 5398 554 5463 διανοίας
576 5402 651 5471 μὴ
673 5409 998 5474 κακηγορεῖν
1017 5410 1141 5472 τοὺς
1168 5412 1447 5481 ἀδελφοὺς,
1507 5420 1580 5491 μὴ
1640 5424 1726 5474 ἀλ-

167 5490 364 5559 λήλους
412 5490 625 5544 δάκνειν
673 5494 766 5545 καὶ
811 5496 1130 5552 κατεσθίειν.
1172 5504 1291 5555 Τῶν
1332 5490 1631 5564 δακνόντων
1668 5514 1735 5567 τά

168 5580 398 5651 σώματα
434 5582 647 5653 χείρους
688 5585 824 5637 είσὶν
843 5587 1002 5640 οἰδιά
1020 5589 1190 5657 λόγων
1236 5592 1390 5650 τοῦτο
1436 5603 1729 5668 ποιοῦντες.

229 5732 440 5811 ’μέλημα-
465 5732 611 5811 ξσινὶι.
661 5737 737 5786 hic
776 5743 940 5788 textus
963 5741 1141 5803 deﬁcit,
1158 5744 1367 5810 jureque
1390 5755 1474 5803 me
1506 5764 1732 5811 mendum

167 5800 443 5856 smmum
465 5801 559 5843 est.

1157 420 1244 473 DE
1280 413 1817 473 PROPIIETIARUI
1846 412 2346 469 OBSCURITATE.
2380 416 2441 469 ll.

3330 425 3440 481 188

1882 526 2102 579 Ἐκεῖνοι
2147 531 2257 592 τοῖς
2275 528 2452 581 ὀδοῦσι
2494 530 2745 583 δάκνουσι
2794 532 2855 585 τὸ
2904 534 3080 605 σῶμα,
3123 526 3274 597 οὗτος
3324 535 3435 599 τοῖς

1865 615 2037 684 λόγοις
2061 617 2241 671 δάκνει
2271 620 2368 689 τὴν
2418 620 2613 691 ψυχὴν,
2642 622 2932 692 τιτρώσκει
2984 625 3082 694 τὴν
3140 624 3429 695 ὑπόληψιν,

1865 708 2079 763 ἀνίατον
2106 713 2250 763 ποιεῖ
2279 710 2340 763 τὸ
2367 709 2605 781 τραῦμα.
2638 712 2833 782 Διόπερ
2893 714 3114 784 μείζονα
3158 714 3433 779 ἐκδέξεται

1867 798 2087 853 κόλασιν
2113 802 2207 854 καὶ
2225 803 2510 873 τιμωρίαν,
2546 803 2669 856 ὅσον
2707 802 3082 875 χαλεπώτερον
3110 805 3346 875 ἐντίθησι
3374 804 3436 857 τὸ

1864 887 2065 959 δῆγμα.
2092 891 2164 945 Οὐ
2188 891 2278 945 διά
2319 891 2477 945 τοῦτο
2501 893 2558 946 δέ
2589 894 2747 963 μόνον
2768 896 3078 949 ἐκπεσεῖται
3109 893 3437 966 συγγνώμης

1864 977 1893 1030 ό
1918 979 2255 1051 κατηγορῶν,
2284 982 2401 1037 ἀλλ’
2435 982 2516 1036 δτι
2547 982 2670 1036 οὗτε
2699 983 2912 1037 δικαίαν
2939 984 3065 1037 οὔτε
3110 985 3290 1038 ἄδικον
3322 985 3436 1056 εχει

1865 1068 2135 1139 πρόφασιν
2160 1072 2334 1125 εἰπεῖν
2356 1070 2458 1141 τῆς
2473 1071 2736 1143 πονηρίας
2763 1072 2861 1142 τῆς
2879 1072 3089 1127 ἑαυτοῦ.
3108 1073 3174 1126 Al
3197 1072 3296 1143 μὲν
3328 1074 3437 1144 γὰρ

1865 1158 2018 1213 ἀλλαι
2053 1162 2317 1233 ἀμαρτίαι
2344 1162 2448 1216 κᾶν
2466 1163 2692 1231 ἀλόγους
2716 1163 2911 1234 ἔχωσιν
2939 1162 3135 1230 αἰτίας,
3156 1162 3272 1216 ἀλλ’
3290 1163 3437 1233 ὅμως

1866 1245 2095 1316 ἐχουσιψ
2126 1246 2257 1314 οἷον,
2286 1251 2316 1303 ό
2337 1250 2534 1322 πόρνος
2555 1251 2849 1321 ἐπιθυμίαν
2878 1251 3094 1322 πληροῖ,
3147 1252 3176 1303 ό
3197 1249 3434 1320 κλέπτης

1862 1337 1961 1406 τὴν
1998 1337 2189 1393 πενίαν
2219 1339 2334 1393 λύει
2358 1341 2407 1409 δ,
2445 1342 2767 1414 ἀνδροφόνος
2811 1342 2904 1397 τδν
2950 1342 3119 1412 θυμὸν
3170 1342 3352 1397 παύει*
3405 1344 3435 1395 ό

1864 1428 2181 1499 κατηγορῶν
2208 1430 2461 1501 οὐδεμίαν
2475 1430 2586 1501 ἔχει
2609 1432 2881 1502 πρόφασιν
2901 1432 3092 1486 είπεῖν.
3117 1432 3282 1487 Ποίαν
3301 1433 3431 1504 γάρ,

1861 1517 1981 1567 εἰπέ
2010 1532 2120 1585 μοι,
2156 1521 2452 1590 χρημάτων
2476 1522 2793 1591 περιουσίαν
2834 1522 3244 1594 περιὸάλλεται;
3273 1524 3431 1577 ποίαν

1862 1606 2156 1676 ἐπιθυμίαν
2212 1610 2440 1681 πληροῖς
2485 1612 2647 1666 Οὐδὲν
2689 1613 2874 1682 ἕτερόν
2908 1614 3075 1680 ἐστιν,
3113 1614 3226 1667 ἀλλ’
3259 1614 3292 1685 ἢ
3333 1614 3434 1685 βα-

1862 1698 2088 1761 σκανίας
2126 1699 2412 1765 ὑπόθεσις,
2456 1700 2576 1755 οὔτε
2622 1703 2833 1759 δικαίαν
2874 1702 2997 1757 οὔτε
3029 1704 3210 1759 ἄδικον
3239 1704 3433 1776 ἔχουσα

1861 1789 2057 1842 αἰτίαν.
2092 1790 2190 1843 Διά
2235 1791 2391 1844 τοῦτο
2415 1793 2784 1864 ἀπεστέρηται
2833 1795 3160 1868 συγγνώμης
3192 1798 3423 1869 ἀπάσης.

1861 1877 2049 1930 Βούλει
2094 1884 2514 1953 κακηγορεῖνο;
2565 1885 2768 1957 Δίδωμί
2804 1903 2885 1939 σοι
2930 1886 3203 1958 χρησίμην
3232 1887 3425 1941 ὑπόθε-

1862 1983 1965 2022 σιν.
2000 1968 2185 2022 Βούλει
2218 1973 2403 2036 κακῶς
2434 1973 2650 2042 λέγεινς
2699 1977 2832 2029 Εἰπὲ
2870 1977 2967 2042 τάς
3010 1977 3280 2048 ἁμαρτίας
3333 1992 3424 2031 σου

1860 2058 2059 2121 κακῶς.
2100 2060 2246 2129 Λέγε
2268 2062 2376 2133 γάρ
2394 2062 2497 2127 σὺ,
2530 2066 2683 2136 φησὶ,
2711 2067 2815 2132 τὰς
2840 2068 3125 2135 ἁμαρτίας
3144 2084 3258 2122 σου
3277 2068 3429 2138 πρῶ·

1860 2164 1978 2215 τος,
2003 2150 2101 2203 Ζνα
2117 2150 2454 2221 δικαιωθῇς.
2472 2151 2621 2219 Εἶδες
2642 2158 2975 2229 κακηγορίαν
2995 2159 3252 2227 στέφανον
3275 2159 3427 2229 ἔχου-

1860 2256 1958 2292 σαν
1987 2242 2078 2294 καὶ
2100 2242 2370 2313 ἐγκώμιον
2397 2246 2491 2299 καὶ
2530 2247 2908 2319 δικαιοσύνην;
2954 2250 3141 2315 Πάλιν,
3195 2251 3428 2317 Δίκαιος

1856 2329 2074 2385 ἑαυτοῦ
2113 2334 2438 2403 κατήγορος
2494 2339 2564 2391 ἐν
2612 2342 3008 2410 πρωτολοτίᾳο
3049 2334 3282 2407 ἑαυτοῦ,
3329 2343 3429 2395 οὐκ

1857 2421 2177 2478 ἀλλου.Ἐάν
2223 2426 2383 2479 ἀλλου
2420 2431 2719 2500 κατήγορος
2751 2431 2905 2502 γένῃ,
2946 2432 3245 2501 ἐκολάσθης
3268 2444 3282 2460 ⁸
3333 2431 3427 2485 ἐάν

1857 2512 2071 2575 ἐαυτοῦ,
2101 2516 2499 2585 ἐστεφανώθης.
2532 2521 2641 2572 Kal
2678 2522 2764 2573 ἵνα
2799 2523 2974 2593 μάθῃς
3008 2523 3167 2577 πόσον
3192 2524 3308 2576 ἐστὶ
3330 2542 3426 2577 κα-

1856 2601 1948 2654 λὸν
1981 2606 2043 2653 τὸ
2087 2609 2414 2673 κατηγορεῖν
2460 2610 2521 2660 τὸ
2560 2610 2751 2662 ἐαυτοῦ
2787 2614 3155 2683 παράπτωμα,
3194 2618 3427 2681 Δίκαιος

1856 2693 2073 2747 ἑαυτοῦ
2112 2696 2441 2765 κατήγορος
2472 2700 2542 2752 ἐν
2573 2704 2966 2772 πρωτολογίᾳ,
3002 2706 3155 2776 φησί.
3180 2708 3287 2760 Kal
3321 2708 3427 2780 μὴν

1858 2782 1908 2832 εἰ
1948 2781 2175 2850 δίκαιος,
2221 2785 2338 2848 πῶς
2377 2790 2707 2859 κατήγορος;
2745 2793 2792 2844 εἰ
2826 2795 3148 2864 κατήγορος,
3195 2797 3310 2860 πῶς
3347 2798 3425 2851 δί-

1860 2889 2046 2937 καιος;
2097 2873 2156 2927 Ὀ
2192 2875 2398 2941 δίκαιος
2442 2880 2542 2931 οὐκ
2576 2881 2691 2934 ἔστι
2739 2885 3067 2955 κατηγορίας
3112 2887 3422 2952 ὑπεύθυνος.

1869 2963 2011 3014 Ἀλλ’
2034 2964 2120 3017 ίνα
2161 2966 2357 3036 μάθῃς,
2382 2969 2465 3021 ὅτι
2488 2969 2588 3022 κᾶν
2612 2972 2932 3042 ἁμαρτωλὸς
3018 2994 3121 3040 τις,
3148 2984 3424 3051 κατηγορῇ

1856 3054 1913 3105 δὲ
1951 3054 2059 3105 τῶν
2098 3056 2533 3126 ἁμαρτημάτων,
2580 3060 2669 3113 διὰ
2705 3062 2805 3132 τῆς
2845 3068 3174 3137 κατηγορίας
3221 3069 3424 3133 δίκαιος

1858 3140 2084 3209 γίνεται,
2121 3144 2206 3197 διά
2238 3146 2393 3198 τοῦτο
2424 3144 2564 3211 εἰπε,
2596 3151 2828 3218 Δίκαιος
2854 3154 3071 3207 ἑαυτοῦ
3098 3158 3421 3227 κατήγορος

1857 3232 1925 3284 ἐν
1979 3238 2365 3304 πρωτολογίῃ.
2429 3237 2493 3291 Τί
2538 3239 2594 3291 δέ
2650 3242 2817 3307 ἐστιν,
2876 3245 2971 3299 Ἐν
3025 3254 3422 3320 πρωτολογίςιέ

1859 3322 2095 3393 Πρόσεχε
2141 3327 2401 3395 ἀκριϐῶς·
2455 3330 2541 3381 Ἐν
2581 3348 2692 3395 τοις
2738 3333 3103 3408 δικαστηρίοις
3143 3340 3233 3393 δύο
3282 3344 3422 3413 μέρη

1855 3412 1991 3477 ἐστὶ,
2034 3412 2141 3465 τῶν
2195 3415 2291 3483 μὲν
2338 3417 2656 3485 ἐναγόντων,
2688 3421 2795 3474 τῶν
2830 3422 2886 3475 δὲ
2925 3426 3282 3495 ἐναγομένων·

1858 3499 1956 3567 μὲν
2003 3502 2465 3571 κατηγορούντων,
2519 3506 2623 3557 τῶν
2670 3508 2727 3559 δὲ
2771 3512 3276 3580 κατηγορουμένων
3314 3515 3420 3568 τῶν

1858 3589 1954 3657 μὲν
1981 3590 2312 3656 ὑπευθύνων,
2334 3594 2442 3645 τῶν
2467 3595 2522 3645 δέ
2546 3597 2869 3651 ἀνευθύνων·
2896 3601 2988 3653 καὶ
3020 3604 3052 3670 ἡ
3082 3606 3422 3674 πρωτολογία

1853 3678 1930 3747 τῷ
1989 3682 2274 3751 κατηγόρῳ
2312 3682 2530 3747 δίδοται,
2574 3687 2651 3755 τῷ
2699 3688 2997 3761 ἀνευθύνῳ.
3059 3695 3319 3751 Ἐνταῦθα
3364 3701 3421 3753 δέ

1854 3766 2004 3839 [195]
2034 3772 2356 3827 τούναντίον.
2396 3776 2467 3827 Σὺ
2499 3778 2527 3828 ὁ
2550 3776 2846 3843 ὑπεύθυνος
2879 3783 3123 3851 ᾶρπασον
3152 3787 3249 3857 τὴν
3273 3806 3421 3858 πρω-

1851 3858 2117 3927 τολογίαν,
2143 3862 2230 3915 ἵνα
2250 3864 2535 3928 ἀνεύθυνος
2564 3867 2713 3940 γένῃ·
2749 3871 2829 3940 μὴ
2858 3872 3150 3947 ἀναμείνῃς
3181 3878 3269 3929 τὸν
3300 3897 3421 3931 κατ-

1852 3948 2067 4017 ήγορον.
2105 3951 2167 4003 El
2196 3954 2417 4007 καὶτῶν
2452 3956 2765 4011 ὑπευθύνων
2794 3956 2864 4024 εἴ,
2890 3964 3028 4015 ἀλλά
3058 3968 3184 4035 πρὶν
3219 3969 3251 4037 ῆ
3290 3974 3419 4040 παρ’

1851 4039 2058 4091 ἐκείνου
2086 4058 2136 4092 τι
2160 4042 2395 4095 τοιοῦτον
2423 4044 2679 4115 ἀκούσῃς,
2706 4049 2866 4113 αὐτὸς
2905 4057 3274 4127 κατηγόρησον
3312 4039 3420 4114 τῶν

1851 4130 2271 4223 ημαρτημένων.
2303 4134 2564 4206 Μάχαιρά
2600 4140 2745 4194 ἐστιν
2784 4142 3059 4211 ήγλῶσσα
3085 4150 3414 4223 ὴκονημένη·

1850 4215 1986 4269 ἀλλά
2045 4222 2119 4289 μὴ
2176 4222 2381 4292 ἑτέροις
2437 4227 2731 4299 ἐπάγωμεν
2790 4215 3117 4305 τραύματα,
3146 4215 3279 4292 ἀλλῠά
3321 4215 3415 4306 τὰς

1848 4309 2119 4395 ἡμετέρας
2146 4313 2442 4381 σηπεδόνας
2466 4318 2877 4391 ἀποτέμνωμεν.
2910 4325 3093 4377 Βούλει
3119 4329 3309 4395 μαθεῖν
3334 4331 3413 4383 ὅτι

1849 4398 1966 4460 ἔθος
1998 4394 2064 4469 ἦν
2092 4404 2201 4463 τοῖς
2231 4403 2455 4468 δικαίοις
2491 4409 2565 4478 μὴ
2606 4410 2794 4473 ἀλλους
2830 4414 3012 4477 κακῶς
3055 4394 3249 4484 λέγειν,
3298 4421 3411 4473 ἀλλ’

1848 4488 2107 4555 ἐαυτούς;
2144 4492 2404 4547 Ἄκουσον
2434 4496 2528 4548 τοῦ
2560 4498 2769 4552 Παύλου
2810 4501 3060 4571 βοῶντος·
3092 4509 3275 4577 Χάριν
3295 4516 3412 4581 ἔχω

1844 4578 2331 4648 ἐνδυναμώσαντί
2362 4604 2438 4653 με
2482 4588 2731 4654 Χριστῷ,
2771 4592 2860 4645 ὅτι
2902 4601 3121 4653 πιστόν
3150 4620 3226 4669 με
3264 4578 3411 4674 ἡγοῖ-

1845 4681 1993 4720 σατο
2027 4669 2271 4737 θέμενος
2297 4673 2382 4736 εἰς
2412 4672 2739 4744 διακονίαν,
2787 4680 2893 4734 τὸν
2933 4688 3220 4753 πρότερον

1843 4769 2085 4823 σφημον
2126 4758 2287 4821 ὄντα,
2322 4760 2419 4812 καὶ
2454 4760 2727 4832 διώκτην,
2755 4770 2854 4823 καί
2893 4774 3199 4843 ὑϐριστήν.
3248 4782 3405 4853 Ὀρᾷς

1844 4845 1960 4906 πῶς
1987 4847 2173 4897 ἐαυτὸν
2196 4848 2373 4911 κακῶς
2401 4849 2581 4919 λέγει;
2610 4856 2719 4908 Kal
2748 4859 2929 4926 πάλιν,
2953 4865 3203 4934 Χριστὸς

1840 4934 1926 4997 εις
1974 4934 2077 4986 τὸν
2115 4936 2345 5002 κόσμον
2387 4941 2772 5012 ἁμαρτωῖοὺς
2815 4949 3029 5017 σῶσαι,
3066 4950 3152 5008 ὧν
3178 4934 3405 5029 πρῶτός

1839 5027 1953 5092 ειμι
2005 5025 2137 5092 ἐγώ.
2192 5029 2301 5079 Καὶ
2352 5033 2509 5085 πάλιν
2558 5035 2811 5108 ἀλλαχοῦ,
2866 5045 2986 5098 Οὐκ
3026 5048 3141 5115 ειμι
3179 5025 3402 5119 ἱκανὸς,

1840 5117 1989 5184 φησὶ,
2057 5120 2367 5175 καλεῖσθαι
2420 5125 2776 5197 ἀπόστολος,
2825 5133 2973 5190 διότι
3029 5139 3243 5207 ἐδίωξα
3296 5117 3406 5214 t1};-

1852 5207 2214 5275 Ἐκκλησίαν
2245 5214 2350 5267 τοῦ
2382 5218 2549 5273 Θεοῦ.

1908 5294 1972 5347 θ’.
2011 5297 2155 5363 Εἶδες
2205 5303 2320 5365 πῶς
2352 5308 2623 5376 πανταχοῦ
2650 5312 2842 5367 ἑαυτὸν
2869 5319 3050 5383 κακῶς
3080 5322 3252 5392 λέγεις
3284 5325 3402 5382 υἷδε

1835 5383 2059 5484 γὰρ-τῆς
2080 5395 2405 5464 κατηγορίας
2424 5399 2625 5470 ταύτης
2642 5403 2701 5455 τὸ
2724 5406 2929 5477 κέρδος,
2953 5413 3033 5466 ὅτι
3059 5383 3401 5484 δικαιοσύνην

1834 5479 2144 5548 ἐργάζεται.
2176 5484 2342 5537 Ὅταν
2376 5488 2474 5555 μὲν
2510 5486 2603 5544 οὖν
2645 5496 2805 5551 αὑτὸν
2844 5502 3034 5556 ἐαυτοῦ
3082 5517 3401 5581 κατηγορεῖν

1948 5586 2523 5683 δέξρεεῑὲξιί-..ῑξξιῖιὶρ
2543 5602 2687 5683 ἳξὲἱιέξ
2707 5607 2804 5683 ξύει
2825 5611 2980 5683 διέθει·
3010 5614 3125 5683 ιωφ-
3147 5620 3173 5664 ά
3196 5636 3400 5683 κατηγο-

1835 5649 1944 5723 ρῶν·
1971 5649 2059 5728 δίε.
2088 5653 2234 5699 etiam
2260 5649 2687 5728 lesenqmwprs
2708 5649 2988 5721 ξῑιῑίιῖέξῖίῑ.
3010 5649 3399 5728 maxim:

1833 5713 2069 5796 γνώὶιιῃλςλιξ
2082 5713 2383 5796 κακηγορῶν.
2414 5718 2477 5791 El
2516 5713 2637 5795 fort-91
2648 5713 2968 5796 ααΙῖνίἆίζ-εαιέμὲ
2979 5713 2988 5721 Ι

1834 5785 2220 5841 καξητρρῳνιιτυ,
2236 5785 2509 5841 πιοξκηγορῶν
2534 5789 2741 5841 posilum
2770 5785 2912 5841 fuel-il

1898 5831 1917 5858 ε
1944 5833 2022 5879 Sic
2042 5831 2172 5884 Colb.
2197 5838 2295 5886 Alli
2318 5831 2605 5904 κατηγορεῖν.
