4016 6468
597 437 712 494 189

593 547 707 616 δέῃ,
755 545 984 615 ἀφειδῶς
1029 545 1288 618 κέχρηται
1331 551 1397 618 τῇ
1443 551 1761 621 κατηγορία·
1789 553 1917 604 ὅταν
1967 554 2023 606 δὲ
2065 557 2159 608 καὶ

594 633 807 702 ἑτέρους
854 631 938 702 [δη
983 635 1095 694 τοῖς
1140 632 1438 704 ἀλλοτρίοις
1479 635 1797 700 δικάζοντας
1825 642 2034 702 κακοῖς,
2067 642 2167 710 δρα

598 721 717 791 μεθ’
741 721 872 792 ὅσης
896 722 1089 784 αὐτοὺς
1120 723 1459 794 ἐπιστομίζει
1495 729 1593 797 τῆς
1619 728 2046 800 αὐστηρότητος,
2079 732 2168 782 οὐ·

594 809 727 861 τωσὶ
756 808 948 876 λέγων·
981 811 1160 865 Ὥστε
1200 812 1286 882 μὴ
1313 813 1427 881 πρὸ
1462 816 1668 883 καιροῦ
1694 834 1748 872 τι
1780 819 2030 884 κρίνετε,
2055 819 2168 884 ἕως

595 893 672 947 ἂν
710 895 855 964 ἔλθῃ
885 900 918 950 ὀ
958 899 1189 966 Κύριος,
1227 899 1293 965 ὃς
1317 901 1413 953 καί
1438 903 1680 970 φωτίσει
1706 905 1778 956 τὰ
1810 904 2038 971 κρυπτά
2060 905 2166 959 τοῦ

597 982 874 1049 σκότους,
904 984 998 1037 καὶ
1023 985 1350 1054 φανερώσει
1373 991 1477 1054 τὰς
1489 990 1726 1055 ,βουλὰς
1750 989 1867 1043 τῶν
1887 991 2163 1061 καρδιῶν.

611 1068 831 1141 Ἐκείνῳ
867 1074 1100 1143 τήρησον
1141 1073 1204 1127 τὸ
1243 1074 1610 1145 δικαστήριον,
1647 1075 1723 1146 τῷ
1769 1077 1836 1129 τὰ
1880 1078 2165 1149 ἀπόρρητα

597 1155 758 1209 είδότι
781 1156 880 1226 τῆς
915 1157 1169 1221 διανοίας.
1205 1161 1320 1213 Κᾶν
1353 1161 1594 1232 ἀκριϐῶς
1621 1161 1846 1234 νομίζης
1874 1165 2070 1218 εἰδέναι
2097 1165 2165 1218 τά

597 1245 691 1299 τοῦ
732 1246 973 1317 πλησίον,
1005 1248 1262 1318 ἔσφαλταί
1303 1268 1395 1304 σου
1433 1254 1467 1322 ἡ
1499 1252 1696 1323 κρίσις.
1738 1253 1838 1318 Τίς
1881 1253 1991 1321 γὰρ
2018 1249 2163 1314 οἵδε,

597 1334 751 1404 φησὶ,
805 1335 876 1388 τὰ
915 1336 1020 1389 τοῦ
1067 1335 1399 1403 ἀνθρώπου,
1440 1341 1492 1392 ει
1522 1338 1608 1407 μὴ
1660 1339 1727 1392 τὸ
1784 1340 2019 1409 πνεῦμα
2059 1340 2165 1393 τοῦ

597 1418 906 1488 ἀνθρώπου
957 1422 1019 1475 τὸ
1059 1423 1127 1474 ἐν
1168 1422 1362 1487 αὺτῷ;
1393 1423 1554 1478 Πόσοι
1592 1424 1699 1478 τῶν
1739 1425 2164 1497 ἀπερριμμένων

597 1506 691 1559 καὶ
733 1506 962 1560 εὐτελῶν
1013 1508 1164 1578 ἡλίου
1209 1509 1555 1582 φαιδρότερον
1609 1512 1910 1583 ἐκλάμπειν
1948 1513 2159 1582 έχουσιί

597 1594 752 1647 πόσοι
778 1594 883 1648 τῶν
912 1597 1160 1665 μεγάλων
1206 1597 1298 1650 καὶ
1335 1599 1649 1669 περιφανῶν
1677 1599 1866 1663 σποδός
1897 1598 2046 1662 ὄντες
2071 1599 2164 1652 καὶ

593 1681 762 1748 τάφος
800 1683 1182 1753 κεκονιαμένος
1222 1685 1634 1756 εὑρεθήσονταιί
1671 1687 1946 1748 Ἤκουσας
1989 1686 2105 1748 πῶς
2135 1688 2165 1739 6

595 1769 804 1834 Παῦλος
839 1771 1024 1824 ἑαυτὸν
1065 1773 1248 1835 κακῶς
1290 1772 1456 1842 λέγει,
1504 1774 1641 1842 μετά
1676 1774 2034 1844 σφοδρότητος
2071 1773 2163 1826 καὶ

595 1855 898 1926 ὑπερϐολῆς
940 1859 1373 1928 ἁμαρτημάτων,
1421 1854 1494 1913 ὧν
1527 1861 1625 1912 οὐκ
1669 1860 1890 1930 ἔμελλεν
1938 1860 2162 1922 εὐθύνας

595 1943 836 2012 ὑπέχειν,
867 1945 1102 2013 συνεχῶς
1147 1948 1520 2016 μεμνημένον;
1560 1947 1885 2016 Βλάσφημος
1921 1946 2029 2017 γάρ
2068 1946 2162 1998 καὶ

596 2030 826 2102 διώκτης
851 2032 940 2085 καὶ
959 2033 1215 2103 ὑϐριστὴς
1237 2035 1339 2104 πρὸ
1361 2033 1452 2086 τοῦ
1478 2034 1848 2103 βαπτίσματος
1869 2030 1955 2103 ἦν,
1978 2035 2162 2085 ἐκεῖνα

593 2117 650 2168 δὲ
677 2118 744 2169 τά
765 2118 1131 2188 ἁμαρτήματα
1153 2120 1308 2172 ἔλυσε
1337 2121 1396 2172 τὸ
1421 2119 1720 2190 βάπτισμα·
1752 2121 1865 2173 ἀλλ’
1895 2121 2041 2188 ὅμως
2065 2119 2162 2170 αὐ-

594 2203 702 2254 τῶν
731 2204 1020 2274 μέμνηται,
1049 2207 1147 2259 οὑκ
1174 2207 1359 2275 ἐπειδὴ
1386 2207 1540 2276 λόγον
1569 2208 1793 2277 ἔμελλεν
1823 2209 1961 2278 ὑπὲρ
1985 2207 2161 2260 αὐτῶν

597 2293 836 2362 ὑπέχειν,
863 2294 976 2346 ἀλλ’
1008 2296 1094 2348 ἵνα
1135 2295 1285 2368 δείξῃ
1314 2296 1406 2348 τοῦ
1434 2296 1566 2348 Θεοῦ
1606 2297 1702 2365 τὴν
1734 2296 2158 2366 φιλανθρωπίαν,

596 2379 690 2432 καὶ
739 2381 860 2432 τίνα
915 2381 1062 2437 δντα.
1096 2376 1207 2434 οἷον
1253 2383 1650 2435 κατεσκεύασεν
1679 2389 1730 2442 ⁸.
1786 2384 1894 2436 ἀπὸ
1935 2383 2158 2435 διώκτου

599 2470 828 2538 ποιήσας
856 2468 1166 2523 ἀπόστολον.
1200 2471 1261 2522 Εἰ
1296 2469 1350 2521 δὲ
1392 2471 1596 2532 ἐκεῖνος
1623 2469 1730 2522 τῶν
1760 2469 2159 2537 ἀφανισθέντων

595 2557 1004 2627 ἁμαρτημάτων
1062 2557 1353 2627 μέμνηται,
1397 2557 1574 2628 πολλῷ
1619 2558 1818 2628 μᾶλλον
1862 2559 2014 2628 ἡμᾶς
2054 2556 2160 2608 τῶν

596 2643 735 2712 μετὰ
785 2642 845 2695 τὺ
886 2643 1168 2712 βάπτισμα
1219 2645 1519 2714 μεμνῆσθαι
1565 2647 1688 2716 χρή.
1745 2644 1840 2707 Τίς
1881 2643 1990 2713 γάρ
2029 2645 2159 2712 ἡμῖν

594 2728 853 2796 ἀπολογία
881 2731 1053 2794 ἔσται,
1089 2731 1121 2800 ἦ
1161 2731 1287 2784 ποία
1319 2734 1633 2802 συγγνώμη,
1661 2733 1788 2785 ὅταν
1817 2734 2022 2793 ἐκεῖνος
2063 2730 2159 2799 μὲν

593 2814 700 2867 τῶν
723 2814 1024 2868 ἀνευθύνων
1055 2816 1366 2887 μνημονεύῃ
1393 2817 1646 2884 συνεχῶς.
1674 2819 1830 2886 ἡμεῖς
1849 2818 1903 2868 δὲ
1932 2817 2063 2884 μηδὲ
2085 2809 2159 2867 ὧν

599 2902 860 2973 μέλλομεν
892 2903 1045 2970 λόγον
1087 2905 1329 2973 ὑπέχειν,
1365 2905 1498 2973 μηδὲ
1525 2903 1726 2956 τούτων
1760 2903 1982 2964 ἑαυτοὺς
2029 2903 2160 2954 ὑπο-

599 2992 1010 3060 μιμνήσκωμεν,
1056 2991 1166 3044 ἀλλ’
1189 2991 1416 3059 ἀφέντες
1458 2991 1528 3043 τά
1569 2993 1758 3053 οἰκεῖα,
1790 2989 1856 3042 τά
1906 2989 2159 3059 ἀλλότρια

599 3076 1082 3148 περιεργαξώμεθα
1107 3077 1280 3139 κακά;
1305 3076 1596 3148 [Ἄκουσον
1625 3076 1713 3127 τὸν
1737 3075 1941 3142 Πέτρον
1970 3074 2157 3141 λέγον-

594 3181 662 3216 τα
679 3179 694 3196 ⁸
728 3164 976 3229 Ἔξελθε
1012 3165 1110 3218 ἀπ’
1137 3164 1302 3233 ἐμοῦ,
1326 3164 1414 3217 ὅτι
1439 3162 1594 3232 ἀνὴρ
1635 3163 1978 3232 ἁμαρτωλός
1999 3160 2159 3232 sum]

598 3253 860 3305 Ἀκουσον
893 3251 1008 3313 πῶς
1037 3250 1186 3321 [196]
1210 3251 1303 3304 καὶ
1321 3251 1594 3313 Μαθταῖος
1620 3251 1714 3319 τῆς
1743 3249 2012 3319 προτέρας
2034 3250 2160 3300 ὲαυ-

593 3335 686 3389 τοῦ
717 3340 1008 3407 κατηγορεῖ
1036 3338 1203 3408 ζωῆς,
1237 3338 1329 3389 καὶ
1358 3337 1595 3406 τελώνην
1635 3337 1822 3389 ἑαυτὸν
1861 3335 2031 3399 καλεῖ,
2067 3337 2163 3387 καὶ

592 3422 712 3476 οῦδὲ
766 3423 1075 3493 αἰσχύνεται
1131 3423 1220 3475 τὸν
1277 3423 1538 3493 πρότερον
1599 3422 1961 3492 ἐκπομπεύων
2023 3422 2156 3492 βίον.

608 3510 822 3580 Ἐπειδὴ
852 3511 956 3580 γὰρ
985 3509 1134 3563 οὐδὲν
1163 3505 1305 3579 εἶχον
1337 3512 1658 3580 κατηγορεῖν
1699 3509 1904 3562 ἑαυτῶν
1937 3507 2074 3578 μετά
2103 3509 2161 3560 τὸ

601 3599 903 3668 βάπτισμα.
955 3597 1062 3651 τῶν
1118 3598 1397 3668 προτέρων
1441 3598 1764 3666 ἐμέμνηντο,
1820 3596 2161 3658 παιδεύοντες

596 3688 740 3756 ἡμᾶς
752 3686 858 3739 τῶν
876 3685 970 3754 μὲν
983 3685 1277 3754 ἀλλοτρίων
1290 3685 1472 3738 κακῶν
1489 3684 1689 3754 μηδένα
1705 3683 1971 3736 ποιεῖσθαι
1983 3683 2159 3750 λόγον,

595 3773 660 3825 τὰ
681 3773 738 3824 δὲ
762 3773 931 3823 οἰκεῖα
959 3773 1227 3841 μεριμνᾷν
1255 3773 1346 3823 καὶ
1377 3770 1614 3840 συνεχῶς
1641 3771 2014 3840 ἀναστρέφειν.

665 3860 739 3913 Οὐ
783 3858 891 3930 γάρ
941 3859 1106 3921 ἔστιν,
1152 3859 1251 3911 οὐκ
1295 3858 1440 3910 ἔστιν
1489 3858 1636 3910 οὐδὲν
1669 3857 1850 3927 ἓτερον
1873 3858 2162 3927 φάρμακον

594 3947 829 4001 τοιοῦτον
876 3945 1008 4017 πρὸς
1046 3945 1141 4016 τὴν
1188 3945 1294 3997 τῶν
1327 3942 1734 4016 ἁμαρτημάτων
1763 3943 2058 4012 ἀναίρεσιν,
2089 3941 2164 4002 ὡς

596 4037 630 4104 ἠ
676 4035 900 4104 συνεχὴς
949 4033 1124 4086 αὐτῶν
1170 4032 1490 4101 ἀνάμνησις,
1522 4030 1612 4082 καὶ
1646 4034 1678 4098 ὴ
1712 4028 1960 4097 διηνεκὴς
1987 4027 2162 4080 αὐτῶν

599 4121 914 4189 κατηγορία.
944 4118 1128 4181 Οὕτως
1158 4120 1185 4170 ὁ
1206 4117 1438 4186 τελώνης
1469 4117 1535 4168 τά
1568 4113 1730 4186 μυρία
1759 4114 1991 4184 ἠδυνήθη
2023 4114 2166 4166 κακά

599 4205 913 4266 ἀποθέσθαι,
966 4206 1052 4257 ἵνα
1089 4206 1239 4276 εῐπ-ῃ·
1299 4206 1360 4256 '0
1408 4206 1568 4268 Θεὸς,
1625 4202 1901 4267 ίλὰσθητί
1943 4220 2044 4270 μοι
2088 4200 2165 4265 τῷ

599 4290 938 4362 ἁμαρτωλῷ·
966 4291 1138 4352 οὕτως
1170 4292 1197 4342 6
1228 4292 1514 4358 Φαρισαῖος
1540 4291 1639 4360 τῆς
1668 4289 2008 4357 δικαιοσύνης
2031 4290 2168 4342 ἀπά-

601 4398 700 4451 σης
724 4381 997 4446 ἐξέπεσεν.
1022 4379 1101 4430 ὅτι
1127 4379 1284 4446 ἀφεὶς
1305 4378 1611 4444 λογίζεσθαι
1639 4376 1708 4428 τά
1739 4376 1887 4444 αὐτῷ
1915 4378 2166 4446 πεπλημ-

603 4469 898 4540 μελημένα,
933 4468 1031 4537 τὴν
1069 4467 1388 4537 οἰκουμένην
1429 4464 1770 4528 κατεδίκαζε,
1817 4465 2009 4531 λέγων·
2047 4467 2166 4516 Οὐκ

599 4557 713 4625 εἰμὶ
752 4557 830 4620 ὡς
879 4557 930 4607 οι
980 4555 1176 4608 λοιποί
1231 4553 1344 4606 τῶν
1381 4555 1720 4622 ἀνθρώπιον,
1768 4553 2026 4621 ἅρπαγες
2070 4552 2165 4604 καί

603 4642 974 4703 πλεονέκται,
1015 4640 1154 4694 οὐδὲ
1181 4641 1261 4704 ὡς
1286 4637 1461 4706 οὗτος
1493 4644 1524 4692 ὀ
1557 4640 1838 4706 τελώνης.
1882 4638 1979 4690 Διά
2014 4639 2168 4691 τοῦτο

603 4728 696 4780 καὶ
730 4730 756 4779 ὀ
785 4727 992 4788 Παῦλος
1021 4727 1252 4796 παρῄνει
1278 4725 1472 4794 λέγων·
1505 4727 1799 4790 ’Ἕκαστος
1835 4725 1902 4777 δὲ
1931 4725 2168 4792 δοκιμα-

603 4815 737 4873 ζὶἕτω
765 4813 830 4866 τὸ
866 4813 1080 4866 ἑαυτοῦ
1107 4816 1302 4882 ἔργον,
1334 4815 1429 4867 καὶ
1464 4817 1594 4867 τότε
1625 4815 1708 4878 είς
1749 4813 1962 4865 ἑαυτὸν
1979 4813 2169 4880 μόνον

603 4903 666 4953 τι)
697 4902 971 4966 καύχημα
1000 4898 1141 4960 ἕξει,
1185 4901 1280 4949 καὶ
1316 4902 1424 4951 οὐκ
1470 4903 1555 4962 εἰς
1597 4899 1703 4950 τὸν
1730 4901 1950 4964 ἕτερον.
1985 4898 2169 4950 Βούλει

614 4985 800 5056 μαθεῖν
826 4983 916 5037 καὶ
939 4985 994 5036 ἐν
1019 4987 1084 5053 τῇ
1114 4983 1322 5052 Παλαιᾷ
1350 4986 1463 5044 πῶς
1485 4987 1532 5035 οί
1563 4985 1757 5038 δίκαιοι
1790 4985 2168 5056 κατηγόρησαν

613 5073 845 5137 ἐαυτῶν;
888 5074 1080 5124 Ἀκουε
1115 5071 1206 5122 γαν,
1247 5071 1448 5122 τούτων
1490 5071 1714 5133 ἐκείνοις
1765 5059 1972 5144 συνῳδά
2005 5076 2170 5144 φθεγ-

611 5159 873 5228 γομένων.
927 5161 984 5212 '0
1029 5160 1123 5229 μὲν
1177 5157 1284 5226 γὰρ
1348 5158 1504 5210 Δαυῖδ
1556 5157 1768 5224 ἔλεγεν·
1818 5165 1886 5213 Al
1933 5163 2167 5228 ἀνομίαι

601 5264 716 5314 μου
759 5245 1062 5312 ὐπερῆραν
1100 5247 1210 5304 τὴν
1249 5245 1518 5312 κεφαλήν
1557 5262 1694 5312 μου·
1739 5245 1878 5296 ὡσεὶ
1929 5249 2169 5312 φορτίον

600 5331 758 5400 βαρὺ
814 5332 1226 5398 ἐϐαρύνθησαν
1275 5333 1367 5384 ἐπ’
1406 5331 1524 5398 ἐμέ.
1572 5335 1627 5384 Ὀ
1668 5331 1723 5384 δὲ
1758 5330 1982 5393 Ἡσαΐας
2019 5333 2162 5384 ἐϐόα·

601 5423 762 5490 οἴμοι
787 5423 819 5473 ὀ
839 5419 1020 5485 τάλας
1043 5420 1173 5488 ἐγὼ,
1201 5421 1286 5472 ὅτι
1320 5419 1622 5488 ἅνθρωπος
1640 5421 1724 5471 ὢν
1753 5421 1846 5473 καὶ
1872 5421 2168 5487 ἀκάθαρτα

607 5509 778 5576 χείλη
804 5507 975 5575 ἔχων.
1008 5507 1114 5558 Καὶ
1134 5508 1181 5556 οἰ
1200 5509 1345 5574 τρεῖς
1372 5508 1551 5570 παῖδες
1574 5510 1628 5558 ἐν
1651 5509 1857 5575 καμίνῳ
1872 5508 2168 5577 διατρίϐον-

604 5612 713 5657 τες,
745 5595 835 5646 καὶ
861 5593 926 5643 τά
958 5591 1180 5658 σώματα
1207 5591 1420 5661 θανάτῳ
1448 5594 1534 5645 διὰ
1562 5595 1650 5646 τὸν
1669 5595 1798 5647 Θεὸν
1821 5595 2165 5662 παραδόντες,

608 5686 663 5732 εν
700 5683 810 5742 τοῖς
843 5678 1086 5748 ἐσχάτοις
1117 5677 1224 5729 τῶν
1254 5679 1588 5746 ἁμαρτωλῶν
1631 5683 1852 5740 ἑαυτοὺς
1883 5681 2165 5749 ἠρίθμουν,

620 5766 998 5834 ’11μάρτομεν,
1028 5765 1435 5833 ὴι-’σμήσαμεν,
1469 5765 1730 5830 λέγοντες·
1758 5767 1928 5820 καίτοι
1954 5769 2002 5820 τί
2036 5769 2168 5839 λαμ-

672 5899 694 5926 “
714 5891 847 5944 Colb.
870 5893 970 5939 τίνα
993 5893 1103 5940 ὂντα
1123 5893 1222 5938 τίνα
1245 5890 1603 5939 κατεσκεύασεν.

1306 429 1362 482 S.
1399 428 1675 486 JOANNIS
1709 430 2198 490 CIIRYSOSTOHI
2235 436 2552 496 ARCHIEP.
2592 439 3129 504 CON'STANTINOP.

3753 465 3866 520 190

2269 559 2532 632 πρότερον
2576 563 2815 628 ἐκείνων,
2854 567 2906 618 τί
2941 566 3321 637 καθαρώτερον
3363 562 3467 637 ἧν;
3505 564 3618 618 Καὶ
3659 562 3772 633 γὰρ
3801 565 3850 614 εἴ

2269 647 2362 700 καί
2409 666 2561 713 τινας
2593 647 2733 721 ἦσαν
2772 654 3046 723 ἁμαρτίας
3095 655 3476 723 πεποιηκότες,
3521 652 3708 711 πάσας
3746 652 3854 703 ἀπ-

2265 733 2469 806 έσμηξε
2489 737 2587 807 τῆς
2609 739 2803 806 φλογὸς
2841 740 3055 809 ἐκείνης
3087 741 3127 809 ἡ
3153 739 3332 808 φύσις.
3371 738 3510 792 Ἀλλ’
3532 739 3594 790 οὐ
3625 738 3760 806 πρὸς
3783 738 3854 788 τὰ

2267 824 2660 896 κατορθώματα
2687 827 2871 898 ἑώρων
2897 829 2967 882 τά
2989 832 3183 891 οἰκεῖα,
3208 828 3346 882 ἀλλά
3367 828 3438 881 τά
3469 829 3852 897 ἁμαρτήματα

2264 910 2650 980 ἀνελογίζοντο.
2681 915 2836 969 Οῦτω
2866 915 2960 968 καὶ
2986 915 3184 982 Δανιὴλ
3214 915 3352 985 μετά
3381 915 3473 967 τὸν
3501 915 3707 968 λάκκον
3739 913 3852 964 τῶν

2264 1000 2510 1066 λεόντων,
2554 1003 2692 1073 μετά
2729 1004 2826 1068 τάς
2877 1006 3077 1076 μυρίας
3116 1002 3402 1076 τιμωρίας,
3443 1002 3512 1066 ἀς
3559 1001 3851 1070 ὑπέμεινε.

2264 1091 2361 1144 καὶ
2385 1091 2544 1154 αὐτὸς
2574 1092 2768 1144 ἑαυτοῦ
2805 1093 3120 1164 κατηγόρει,
3161 1091 3255 1145 τοῦ
3295 1091 3349 1143 δὲ
3389 1089 3619 1161 πλησίον
3647 1087 3852 1148 οὐδείς.

2263 1178 2330 1230 Τί
2356 1179 2418 1248 δή
2458 1196 2621 1246 ποτε;
2653 1179 2774 1233 Ὀτι
2804 1182 2835 1232 6
2864 1181 2963 1250 μὲν
2993 1180 3209 1252 ἑτέρους
3237 1180 3410 1246 λέγων
3454 1177 3666 1240 κακῶς,
3707 1194 3854 1245 παρ-

2260 1263 2438 1330 οξύνει
2488 1267 2580 1319 τὸν
2638 1267 2929 1337 Δεσπότην.
2985 1268 3042 1320 '0
3086 1268 3143 1320 δὲ
3186 1265 3373 1320 ἑαυτὸν
3412 1263 3588 1333 λέγων
3636 1261 3848 1324 κακῶς,

2262 1352 2456 1417 ἑξιλεοῖ
2486 1355 2580 1407 καὶ
2611 1355 2983 1409 καταλλάττει·
3013 1355 3107 1408 καὶ
3142 1353 3231 1407 τὸν
3263 1352 3468 1407 δίκαιον
3506 1351 3852 1418 δικαιότερον

2261 1439 2651 1508 ἀπεργάζεται,
2711 1441 2806 1494 καὶ
2855 1441 2945 1494 τὸν
2999 1440 3319 1514 ἁμαρτωλὸν
3371 1437 3675 1510 ἐξαρπάζει
3737 1435 3852 1488 τῶν

2261 1525 2622 1595 ἐγκλημάτων
2661 1527 2756 1580 καὶ
2790 1527 3115 1598 συγγνώμης
3148 1526 3294 1592 ἀξιον
3335 1528 3500 1579 ποιεῖ.
3541 1522 3712 1578 Ταῦτ’
3753 1516 3851 1576 οὖν

2261 1613 2482 1680 εἰδότες,
2531 1614 2603 1685 μὴ
2645 1615 2713 1668 τά
2743 1615 3016 1686 ἀλλότρια,
3061 1613 3196 1667 ἀλλά
3231 1616 3404 1667 οἰκεῖα
3447 1613 3851 1682 πολυπραγμο-

2260 1701 2442 1770 νῶμεν
2479 1694 2643 1754 κακά·
2677 1699 3066 1772 ἀναπτύξωμεν
3100 1699 3256 1772 ήμῶν
3300 1699 3359 1753 τὸ
3407 1700 3667 1761 συνειδὸς,
3715 1700 3851 1750 ἀνα-

2266 1785 2589 1857 μνησθῶμεν
2628 1789 2785 1856 ἡμῶν
2816 1787 2914 1858 τὴν
2946 1788 3087 1859 ζωὴν
3121 1788 3338 1842 ἃπασαν
3370 1787 3421 1846 ι),
3453 1785 3686 1838 ἕκαστον
3738 1784 3850 1836 τῶν

2261 1874 2660 1944 ἡμαρτημένων
2697 1877 2828 1944 ἡμῖν
2868 1873 3376 1946 περιεργασώμεθα,
3411 1873 3504 1926 καὶ
3557 1871 3634 1942 μὴ
3686 1872 3852 1940 μόνον

2267 1961 2339 2029 μὴ
2388 1961 2633 2029 λέγωμεν
2685 1961 2870 2024 κακῶς
2909 1961 3146 2032 ἑτέρους,
3203 1960 3337 2013 ἀ).λά
3382 1959 3514 2030 μηδὲ
3553 1960 3850 2027 ἀκούωμεν

2264 2047 2466 2118 ἑτέρων
2492 2047 2754 2115 λεγόντων
2780 2049 2981 2109 κακῶς.
3015 2047 3122 2100 Καὶ
3155 2047 3262 2117 γὰρ
3295 2046 3386 2099 καὶ
3419 2046 3610 2098 τούτου
3643 2044 3848 2112 ἔγκλη-

2263 2153 2337 2204 μα
2364 2138 2538 2188 κεῖται
2583 2136 2676 2189 καὶ
2709 2135 2944 2205 τιμωρία
2977 2134 3227 2205 μεγίστη·
3273 2132 3477 2198 Ἀκοὴγ
3513 2131 3641 2201 γὰρ,
3685 2132 3850 2200 φησι,

2254 2223 2512 2290 ματαίαν
2529 2221 2614 2289 μὴ
2653 2221 2977 2288 παραδέξῃ.
3028 2222 3141 2274 Οὐκ
3191 2218 3360 2284 εἶπεν,
3414 2220 3577 2287 ’Δκοῇ
3636 2219 3848 2286 ματαίᾳ

2263 2309 2337 2378 μὴ
2368 2307 2681 2380 πιστεύσῃς,
2702 2307 2857 2366 ἀλλά.
2885 2308 3034 2378 Μηδὲ
3063 2306 3186 2378 δέξῃ
3218 2307 3405 2376 αὑτήν·
3435 2306 3757 2375 ἀπόφραξον
3781 2305 3848 2356 τά

2259 2389 2394 2453 ὦτα,
2436 2394 2782 2464 ἀποτείχισον
2821 2397 2885 2463 τῇ
2931 2395 3235 2463 κατηγορίᾳ
3277 2394 3378 2462 τὴν
3417 2391 3642 2453 είσοδον,
3671 2391 3848 2454 δεῖξον

2257 2484 2340 2534 ὅτι
2374 2481 2467 2534 τοῦ
2498 2483 2967 2552 κατηγορουμένου
2997 2481 3097 2534 οὐκ
3124 2481 3342 2533 ἔλαττον
3379 2479 3542 2540 αὐτὸς
3567 2479 3596 2528 6
3625 2479 3847 2531 ἀκούων

2259 2568 2450 2638 ἐχθρὸς
2499 2565 2548 2621 εἴ
2579 2572 2675 2622 καὶ
2704 2569 2956 2639 πολέμιος
2992 2569 3069 2638 τῷ
3099 2567 3280 2630 κακῶς
3313 2567 3547 2633 λέγοντι.
3585 2567 3845 2634 Μίμησαι

2258 2654 2348 2707 τδν
2379 2654 2528 2726 [197]
2553 2658 2838 2726 προφήτην
2855 2655 2996 2708 οὕτω
3016 2656 3261 2723 λέγοντα·
3290 2653 3399 2708 Τὸν
3421 2653 3847 2706 καταλαλοῦν-

2262 2759 2332 2794 τα
2358 2741 2549 2809 λάθρα
2582 2744 2688 2795 τὸν
2721 2745 2989 2809 πλησίον
3014 2741 3222 2803 αὑτοῦ,
3254 2741 3468 2794 τοῦτον
3491 2739 3840 2802 ἐξεδίωκον.

2259 2829 2372 2880 Οὐκ
2407 2825 2576 2890 εἶπεν,
2605 2829 2686 2881 ὅτι
2707 2829 2819 2880 Οὐκ
2846 2829 3149 2888 ἐπίστευον,
3177 2826 3296 2880 οὐδὲ
3325 2827 3406 2878 δτι
3439 2825 3516 2878 Οὐ
3543 2824 3841 2892 παρεδεχό-

2263 2931 2369 2982 μην
2393 2914 2463 2966 τά
2486 2914 2771 2984 λεγόμενα,
2801 2914 2935 2966 ἀλλά
2957 2915 3050 2967 καὶ
3072 2914 3403 2983 ἀπήλαυνον,
3429 2911 3504 2974 ώς
3528 2911 3726 2981 ἐχθρὸν
3755 2912 3844 2963 καὶ

2261 3000 2538 3071 πολέμιον.

2333 3093 2382 3141 ι’.
2427 3087 2563 3139 Ἀλλ’
2598 3087 2703 3139 είσί
2740 3103 2902 3150 τινες,
2935 3085 2984 3140 οἳ
3027 3085 3212 3157 ψυχρᾷ
3247 3085 3571 3157 παραμυθίᾳ
3616 3086 3842 3145 ἑαυτοὺς

2261 3175 2728 3246 παραμυθοῦνται,
2763 3176 2960 3228 οὑτωσὶ
2991 3175 3261 3243 λέγοντες·
3291 3175 3482 3244 Κύριε.
3525 3173 3602 3243 μὴ
3637 3174 3843 3241 στήσῃς

2265 3280 2355 3331 μοι
2400 3262 2497 3332 τὴν
2541 3262 2813 3332 ἁμαρτίαν
2849 3262 3068 3330 ταύτην,
3105 3263 3187 3314 ὅτι
3225 3262 3392 3330 ἀκοῆς
3433 3260 3592 3328 λόγον
3622 3259 3842 3327 ὀφείλω.

2262 3349 2358 3411 Τίς
2386 3349 2541 3418 χρεία
2576 3349 2673 3418 τῆς
2701 3347 3028 3415 ἀπολογίας;
3059 3348 3140 3408 τίς
3184 3346 3338 3417 χρεία
3378 3347 3477 3415 τῆς
3510 3346 3844 3414 συγγνώμης

2261 3435 2491 3503 ταύτης;
2527 3435 2776 3504 Σίγησον,
2824 3437 2915 3488 καὶ
2967 3435 3272 3502 ἀπήλλαξαι
3314 3433 3419 3487 τῶν
3454 3434 3842 3502 ἐγκλημάτων·

2264 3519 2428 3590 μηδὲν
2463 3520 2646 3592 εἴπῃς,
2673 3521 2764 3572 καὶ
2794 3520 3031 3590 καθαρὸς
3058 3515 3110 3571 εἴ
3139 3518 3239 3588 τῆς
3267 3519 3526 3587 ἀγωνίας.
3565 3519 3632 3570 Τί
3665 3517 3844 3586 σαυτῷ

2261 3606 2560 3676 πράγματα
2585 3605 2821 3669 πλέκεις,
2849 3607 2942 3657 καὶ
2979 3605 3128 3675 παρὰ
3167 3605 3303 3674 Θεῷ,
3334 3607 3426 3658 καὶ
3457 3606 3608 3673 παρά
3636 3605 3735 3658 ἀνθ
3747 3606 3845 3674 ρώ-

2260 3710 2406 3757 ποις;
2439 3693 2503 3744 Τί
2529 3695 2699 3755 ποιεῖς
2732 3692 3023 3745 ὑπεύθυνον
3054 3692 3241 3744 ἑαυτὸν
3269 3693 3632 3761 ἐγκλημάτων
3662 3708 3675 3754 ;
3707 3693 3763 3744 τί
3790 3691 3843 3742 τὸ

2263 3780 2476 3850 φορτίον
2510 3779 2802 3850 βαρύτερον
2834 3779 3082 3848 δεσμεῖς;
3122 3779 3233 3831 Οὐκ
3265 3780 3425 3848 ἀρκεῖ
3461 3794 3540 3830 σοι
3574 3779 3703 3848 περῖ
3740 3777 3845 3829 τῶν

2261 3867 2473 3920 οἰκείων
2516 3866 2696 3921 κακῶν
2737 3866 2960 3929 εὐθύνας
3015 3868 3290 3936 ὑποσχεῖν,
3333 3865 3466 3919 ἀλλά
3513 3867 3608 3917 καὶ
3655 3865 3846 3934 ἑτέρας

2265 3954 2533 4024 ἁμαρτίας
2567 3953 2918 4023 ἐπισωρεύεις
2948 3953 3156 4020 σαυτῷ;
3187 3951 3420 4020 Περιττὴ
3467 3950 3607 4018 αῦτη
3640 3952 3671 4018 ἡ
3710 3951 3844 4002 ἀποο

2262 4040 2435 4107 λογία·
2478 4040 2576 4091 οὑκ
2632 4039 2803 4106 ἀκοῆς
2837 4039 2991 4104 λόγον
3027 4038 3278 4107 ὀφείλεις,
3321 4036 3454 4088 ἀλλά
3509 4037 3845 4103 κατηγορίας

2262 4127 2418 4192 λόγον
2451 4127 2759 4195 χρεωστεῖς.
2786 4124 2953 4176 Ὅταν
2983 4124 3090 4193 γὰρ
3121 4123 3375 4185 ἀκούσας,
3407 4124 3466 4173 οὐ
3501 4125 3760 4193 σιγήσῃς,
3788 4123 3844 4174 οὐ

2263 4213 2363 4280 τῆς
2387 4213 2553 4282 ἀκοῆς
2569 4211 2725 4278 λόγον
2750 4211 2904 4281 μόνον
2927 4210 3178 4278 ὀφείλεις,
3208 4209 3342 4262 ἀλλά
3367 4209 3462 4262 καὶ
3487 4209 3844 4277 κατηγορίας.

2277 4302 2370 4351 Ἐκ
2397 4299 2506 4368 γὰρ
2532 4296 2650 4352 τῶν
2671 4299 2868 4366 λόγων
2897 4313 3012 4350 σου
3046 4295 3432 4362 δικαιωθήσῃ,
3470 4297 3625 4363 φησὶ,
3653 4296 3752 4347 καί
3784 4296 3847 4346 ἐκ

2265 4387 2383 4439 τῶν
2412 4389 2607 4455 λόγων
2633 4403 2748 4439 σου
2771 4385 3197 4452 κατακριθήσῃ.
3231 4385 3415 4436 Ταῦτα
3445 4384 3540 4451 οὐχ
3571 4385 3712 4450 ὑπὲρ
3739 4383 3848 4434 τῶν

2265 4471 2450 4533 κακῶς
2497 4471 2818 4532 ἀκουόντων,
2849 4470 2964 4522 ἀλλ’
3011 4471 3155 4539 ὑπὲρ
3194 4469 3305 4522 τῶν
3346 4470 3532 4529 κακῶς
3579 4468 3849 4534 λεγόντων

2265 4555 2514 4618 δεδοικὼς
2559 4556 2700 4622 λέγω
2733 4557 2826 4607 καὶ
2862 4555 3319 4626 διαμαρτύρομαι.
3360 4556 3416 4607 '0
3468 4554 3568 4623 μὲν
3600 4554 3712 4623 γὰρ
3755 4573 3850 4606 κα-

2267 4645 2376 4706 κῶς
2411 4642 2667 4705 ἀκούσας,
2701 4642 2850 4694 οὐδὲν
2882 4641 3242 4711 ὲπηρέασται,
3287 4640 3406 4692 οὐδὲ
3453 4640 3685 4709 ἐϐλάϐη·
3736 4641 3846 4692 ἀλλ’

2265 4732 2330 4783 ἂν
2364 4732 2458 4800 μὲν
2494 4731 2659 4799 ψευδῆ
2757 4729 2824 4781 τά
2852 4729 2978 4799 περὶ
3009 4728 3174 4782 αὐτοῦ
3205 4728 3494 4797 λεγόμενα,
3524 4729 3620 4780 καὶ
3660 4729 3850 4795 μισθὸν

2266 4818 2397 4887 ἔχει·
2461 4819 2527 4870 ἀν
2575 4817 2630 4869 δὲ
2684 4816 2877 4885 ἀληθῆ,
2929 4815 3080 4868 οὐδὲν
3127 4815 3247 4868 οὐδὲ
3296 4815 3470 4876 οὓτως
3512 4815 3845 4884 ὲπηρέασται

2269 4903 2417 4972 παρὰ
2473 4904 2568 4972 τὴν
2626 4902 2721 4971 σὴν
2766 4901 3114 4970 κατηγορίαν.
3158 4901 3290 4954 Οὐδὲ
3332 4902 3437 4970 γὰρ
3476 4901 3583 4953 ἀπὸ
3619 4903 3720 4968 τῆς
3756 4903 3850 4969 σῆς

2267 4990 2528 5058 λοιδορίας
2565 4989 2701 5040 οἴσει
2737 4989 2854 5040 τότε
2899 4988 2995 5056 τὴν
3029 4986 3207 5055 ψῆφον
3246 4988 3393 5057 αὐτῷ
3428 4989 3456 5039 6
3488 4987 3746 5050 δικάζων.
3791 4988 3848 5038 ΕΞ

2266 5077 2323 5128 δὲ
2377 5077 2479 5144 χρὴ
2537 5092 2588 5125 τι
2637 5075 2729 5125 καὶ
2768 5072 3080 5140 θαυμαστὸν
3130 5074 3323 5138 εἰπεῖν,
3382 5075 3475 5126 καὶ
3516 5074 3584 5126 τά
3615 5074 3849 5140 μέγιστα

2268 5163 2511 5232 κερδανεῖ
2530 5161 2785 5225 γενναίως
2808 5161 2986 5228 φέρων
3015 5161 3112 5228 τὴν
3141 5161 3508 5231 βλασφημίαν,
3541 5159 3732 5230 ὥσπερ
3759 5159 3848 5214 οὖν

2267 5249 2357 5299 καὶ
2384 5248 2410 5298 6
2439 5247 2690 5316 τελώνης·
2722 5246 2750 5296 6
2779 5246 2834 5299 δὲ
2857 5247 3037 5310 κακῶς
3063 5247 3258 5314 λέγων,
3284 5249 3347 5300 ἀν
3374 5265 3430 5298 τε
3457 5247 3628 5315 ἀληθῆ
3662 5251 3848 5311 κακῶς

2266 5335 2392 5406 εἴπῃ
2421 5335 2506 5385 τὸν
2537 5333 2777 5401 πλησίον,
2816 5334 2880 5385 τά
2911 5334 3138 5403 μέγιστα
3179 5335 3450 5402 ἠδίκηται.
3483 5335 3592 5385 Καὶ
3624 5335 3708 5385 ὅτι
3749 5337 3846 5404 μὲν

2264 5423 2291 5472 6
2326 5421 2669 5486 συκοφαντῶν
2701 5419 3004 5482 ἀπόλωλεν,
3035 5419 3154 5471 οὐδὲ
3195 5420 3514 5481 ἀποδείξεως
3549 5421 3727 5489 χρεία·
3770 5424 3846 5474 ὅτι

2266 5508 2341 5566 δὲ,
2380 5507 2480 5558 κάν
2513 5506 2682 5575 ἀληθῆ
2727 5506 2880 5576 λέγῃ,
2924 5507 3321 5576 φορτικώτερον
3363 5505 3538 5574 ἐαυτῷ
3589 5511 3738 5559 ποιεῖ
3795 5511 3848 5561 τὸ

2267 5593 2628 5659 δικαστήριον,
2656 5593 3014 5662 ὲκπομπεύων
3041 5592 3136 5654 τὰς
3163 5592 3252 5644 τοῦ
3281 5592 3502 5659 πλησίον
3535 5598 3844 5662 συμφορὰς,

2268 5681 2356 5731 καὶ
2404 5678 2709 5729 σκανδάλων
2767 5679 2935 5741 αἴτιος
2986 5679 3287 5747 γινόμενος,
3318 5677 3352 5730 ἃ
3401 5677 3665 5748 κρύπτειν
3705 5681 3844 5747 δέον,

2268 5766 2617 5818 ἐκκαλύπτων
2664 5768 2854 5829 ἅπασι,
2905 5769 2997 5820 καὶ
3036 5769 3318 5836 κηρύττων
3361 5767 3428 5820 τὰ
3473 5767 3844 5840 ἁμαρτήματα

2330 5893 2356 5932 ὶι
2377 5892 2509 5942 Colb.
2534 5899 2613 5950 τῆς
2637 5897 2755 5950 ζωῆς
2775 5893 2973 5948 ἁπάσης.
