4016 6444
252 394 374 451 189

254 497 450 564 quippe
484 505 602 560 quae
634 488 791 557 hujus
827 484 1203 539 .na’edicentire
1232 483 1300 536 sit
1322 481 1518 534 utilitas
1544 521 1557 543 ,
1586 477 1726 547 quod
1749 477 1836 547 ju-

253 587 452 639 stitiam
483 584 673 651 pariat.
723 580 945 646 Qtando
1001 577 1156 645 igitur
1208 584 1266 628 ut
1312 575 1546 642 seipsum
1630 591 1846 634 accuser

254 690 390 743 opus
411 672 585 738 fuerit,
608 680 716 725 tum
734 668 945 738 copiose
966 665 1356 720 accusationem
1384 662 1607 715 instituit
1631 678 1646 714 :
1671 674 1839 729 quan-

254 768 327 818 do
373 775 550 819 autem
607 761 801 816 viderit
846 760 912 813 de
961 758 1148 812 alienis
1191 753 1683 821 malisjudicantes,
1717 748 1837 802 vide

255 866 451 923 quanta
498 870 621 910 cum
657 851 937 907 severitate
986 864 1048 903 os
1095 849 1197 902 illis
1246 845 1490 901 occludat
1536 844 1617 897 his
1659 839 1837 896 verbis

255 959 413 1002 utens
470 964 485 1001 :
536 944 715 1013 Itaque
756 941 913 997 nolite
960 951 1077 994 ante
1130 949 1322 1005 tempus
1392 935 1514 1006 quid
1568 934 1832 1005 judicare,

253 1038 583 1107 quoadusque
605 1035 767 1088 veniat
810 1032 1075 1096 Dominus,
1115 1038 1162 1083 et
1199 1027 1501 1081 illuminabit
1546 1023 1837 1079 abscondita

256 1128 597 1194 tenebrarum,
638 1135 685 1179 et
721 1122 1057 1194 manifestabit
1098 1120 1308 1173 consilia
1357 1118 1583 1171 cor-dium
1622 1114 1833 1183 (LCor.

255 1222 312 1274 ι.
342 1219 418 1281 5).
464 1217 541 1271 Illi
566 1216 816 1286 judicium
852 1226 1061 1267 reserva
1081 1251 1096 1275 ,
1127 1209 1217 1279 qui
1263 1216 1466 1262 secreta
1496 1204 1690 1260 mentis
1742 1218 1838 1256 no-

256 1312 354 1363 vit.
379 1308 629 1376 Quamvis
656 1313 903 1376 accurate
932 1301 1146 1355 novisse
1175 1310 1226 1354 te
1249 1313 1335 1353 res
1362 1297 1587 1367 proximi
1607 1293 1834 1348 arbitre-

257 1401 354 1463 ris,
379 1397 576 1451 fallitur
596 1394 849 1463 judicium
877 1399 1043 1445 tuum.
1078 1389 1201 1454 Quis
1222 1388 1353 1441 enim
1379 1387 1493 1452 scit,
1510 1387 1696 1452 inquit,
1723 1396 1838 1450 qum

256 1500 377 1543 sunt
402 1487 644 1549 hominis,
670 1484 767 1538 nisi
808 1482 1014 1552 spiritus
1047 1480 1262 1533 hominis
1285 1518 1301 1544 ,
1324 1477 1410 1545 qui
1434 1476 1488 1528 in
1523 1476 1633 1543 ipso
1660 1481 1733 1526 est
1758 1470 1833 1541 (1.

257 1578 377 1633 Cor.
402 1577 456 1630 2.
481 1573 609 1646 ll)?
636 1574 803 1641 Quam
833 1570 982 1625 multi
1009 1585 1072 1623 ex
1093 1566 1396 1622 hominibus
1414 1562 1633 1630 abiectis
1661 1576 1725 1615 ac
1754 1560 1834 1613 vi-

258 1672 397 1724 libus
428 1668 539 1723 sole
568 1666 761 1719 clarius
796 1662 1039 1718 refulsuri
1077 1657 1238 1715 sunt!
1266 1672 1423 1727 quam
1450 1655 1599 1710 multi
1624 1670 1687 1708 ex
1719 1668 1833 1707 ma-

255 1762 374 1829 gnis
400 1767 453 1813 et
478 1757 764 1811 illustribus
794 1753 925 1809 nihil
952 1751 1092 1805 aliud
1124 1766 1280 1820 quam
1312 1748 1481 1818 pulvis
1507 1762 1625 1801 esse
1650 1760 1712 1799 ae
1750 1761 1834 1799 sc-

258 1851 503 1918 pulcrum
529 1846 827 1901 dealbatam
854 1842 1185 1911 reperientur
1212 1836 1224 1887 Ῑ
1263 1838 1488 1902 Audisti,
1512 1851 1610 1906 qua
1633 1835 1836 1889 ratione

258 1938 538 1993 maledicta
562 1936 611 1989 in
642 1949 700 1989 se
726 1932 1011 2002 conjiceret
1036 1931 1264 1995 Paulus,
1295 1929 1381 1998 qui
1415 1940 1519 1981 tam
1545 1926 1834 1980 vehemen-

263 2041 345 2083 ter
372 2038 424 2082 et
452 2027 663 2095 copiose
692 2032 1023 2095 peccatorum
1046 2063 1066 2089 ,
1091 2037 1315 2091 quorum
1346 2019 1604 2073 rationem
1637 2017 1833 2071 nullam

258 2120 561 2176 redditurus
594 2127 730 2181 erat,
756 2116 972 2171 assidue
1006 2113 1372 2169 meminisset?
1413 2110 1541 2164 Nam
1570 2119 1694 2164 ante
1742 2110 1835 2163 ba-

258 2212 511 2279 ptismum
538 2206 897 2277 blasphemus,
922 2214 975 2260 et
1000 2202 1416 2259 contumeliosus
1442 2200 1562 2263 fuit,
1596 2199 1681 2252 illa
1710 2214 1835 2252 vero

257 2308 476 2372 peccata
503 2300 698 2355 delevit
726 2298 1017 2367 baptismus
1048 2312 1061 2348 :
1092 2303 1325 2348 attamen
1356 2307 1540 2347 eorum
1572 2290 1831 2355 meminit,

262 2412 367 2449 non
404 2392 544 2463 quod
571 2407 754 2448 eorum
780 2390 1038 2444 rationem
1064 2388 1133 2442 sit
1158 2385 1464 2441 redditurus
1488 2424 1504 2448 ,
1532 2382 1623 2437 sed
1656 2390 1712 2434 ut
1736 2380 1833 2435 Dei

258 2485 634 2554 benignitatem
662 2478 924 2545 ostendat,
947 2486 1000 2532 et
1024 2477 1193 2547 qualis
1218 2483 1360 2530 esset
1384 2516 1396 2538 ,
1420 2489 1539 2528 cum
1566 2472 1632 2525 ab
1651 2487 1712 2525 ea
1742 2470 1835 2524 fuit

258 2578 310 2630 in
336 2577 497 2631 alium
529 2582 903 2629 transmutatus
926 2580 980 2626 ct
1005 2586 1068 2626 ex
1097 2577 1480 2639 persequntore
1507 2566 1673 2619 lactus
1700 2579 1831 2631 apo-

258 2666 447 2719 stolus.
484 2664 636 2729 Quod
668 2664 711 2717 si
754 2671 1095 2730 peccatorum
1126 2659 1212 2711 ille
1241 2672 1359 2726 qua:
1390 2656 1562 2709 deleta
1591 2654 1832 2718 fuerant,

256 2756 525 2817 meminit.
552 2755 717 2807 multo
750 2752 916 2821 magis
953 2759 1074 2819 post
1102 2749 1427 2816 baptismum
1472 2747 1833 2799 admissorum

256 2862 358 2900 nos
388 2852 601 2915 oportet
629 2842 961 2896 meminisse.
991 2839 1106 2904 Qua
1124 2837 1266 2891 enim
1292 2836 1589 2904 poterimus
1608 2848 1837 2887 excusa-

258 2937 408 2989 tione
432 2934 529 2998 uti,
543 2947 646 3003 qua
666 2930 811 3000 digni
830 2928 1019 2991 videri,
1040 2943 1162 2981 cum
1182 2926 1268 2978 ille
1291 2923 1507 2976 assidue
1526 2920 1836 2974 meminerit

256 3020 805 3093 eornm,quaejudicio
818 3035 924 3073 non
945 3015 1438 3075 suntobnoxia,nos
1454 3026 1583 3065 vero
1600 3026 1833 3079 quorum

256 3116 524 3171 rationem
548 3112 803 3168 reddituri
819 3125 1026 3170 sumus,
1052 3124 1114 3162 ea
1131 3122 1235 3160 nec
1256 3104 1311 3157 in
1340 3102 1655 3156 memoriam
1679 3099 1835 3154 nobis

259 3219 599 3265 revocemus,
622 3202 715 3257 sed
744 3199 976 3271 propriis
1002 3195 1263 3267 neglectis
1291 3195 1346 3248 in
1370 3193 1545 3246 aliena
1574 3192 1710 3244 mala
1736 3206 1833 3244 cu-

257 3297 457 3353 riosius
481 3296 813 3363 inquiramus
840 3290 988 3362 (Luc.
1016 3290 1069 3343 5.
1095 3288 1189 3356 8)?
1214 3285 1372 3357 [Audi
1400 3284 1617 3337 Petrum
1638 3283 1827 3336 dicen-

258 3401 370 3444 tem
390 3407 402 3441 :
425 3387 525 3441 Exi
556 3404 587 3437 a
610 3402 709 3447 me,
740 3384 862 3453 quia
890 3383 967 3434 vir
993 3390 1235 3449 peccator
1261 3375 1401 3448 sum]
1428 3376 1526 3446 (a).
1558 3373 1699 3427 Audi
1730 3387 1839 3441 quo

257 3489 419 3551 pacto
435 3477 718 3530 Mattheus
737 3488 955 3543 quoque
979 3471 1214 3542 priorem
1237 3484 1389 3524 suam
1412 3468 1575 3520 vitam
1597 3470 1834 3527 accuset,

258 3582 316 3628 et
332 3587 394 3626 se
415 3569 756 3639 publicanum
780 3566 1010 3634 appellet
1026 3562 1240 3634 (Matth.
1262 3562 1353 3615 10.
1373 3560 1449 3628 3),
1470 3571 1645 3628 neque
1666 3555 1840 3610 divul-

256 3678 386 3735 gare
399 3662 632 3730 priorem
653 3674 805 3713 suam
825 3660 986 3713 vitam
1000 3657 1306 3711 erubescat.
1320 3653 1455 3706 Nam
1473 3666 1595 3705 cum
1614 3648 1838 3718 postha-

256 3752 738 3825 ptismuntnullius
754 3766 811 3805 se
831 3748 1072 3805 criminis
1102 3762 1291 3801 accusa
1301 3760 1356 3799 re
1384 3749 1621 3813 possent,
1643 3755 1832 3795 eorum

252 3850 373 3905 quae
398 3842 521 3888 ante
545 3840 814 3902 patrarant
836 3831 1212 3894 meminerunt,
1238 3838 1292 3882 ut
1308 3844 1407 3882 nos
1432 3828 1685 3882 docerent
1706 3826 1837 3879 alie-

256 3940 447 3978 norum
478 3923 734 3975 malorum
758 3922 953 3975 nullam
982 3920 1176 3975 habere
1201 3917 1591 3984 rationem,sed
1623 3918 1833 3987 propria

254 4027 464 4076 curare,
497 4026 559 4064 ac
590 4025 802 4079 semper
826 4012 880 4064 in
908 4010 1086 4063 animo
1113 4011 1370 4063 volutare.

326 4102 657 4157 Peccatorum
696 4102 975 4154 recordatio
1013 4100 1303 4153 remedium.
1339 4129 1409 4139 —
1436 4098 1647 4151 Nullum
1690 4098 1829 4152 enim

253 4206 358 4259 est,
386 4195 586 4249 nullum
617 4193 761 4247 aliud
790 4193 891 4247 tale
910 4193 974 4245 ad
997 4200 1210 4260 peccata
1244 4189 1471 4244 tollenda
1501 4190 1794 4244 remedium
1813 4230 1827 4253 ,

252 4296 414 4354 atque
443 4285 648 4337 illorum
682 4282 889 4337 assidua
913 4282 1230 4343 recordatio,
1260 4296 1322 4334 ac
1348 4289 1597 4348 perpetua
1619 4294 1831 4334 eorum-

249 4378 374 4431 dem
405 4377 689 4430 accusatio.
716 4373 790 4427 lta
820 4374 1126 4442 publicanus
1154 4373 1428 4426 immmera
1456 4371 1832 4440 potuitabjicc-

251 4485 312 4522 re
341 4468 499 4530 mala,
532 4476 585 4518 ut
605 4466 824 4527 diceret,
857 4463 1015 4526 Deus,
1050 4464 1294 4531 prOpitius
1325 4471 1429 4515 esto
1458 4462 1583 4513 mihi
1604 4472 1832 4529 peccato-

250 4559 295 4609 ri
328 4556 478 4620 (Luc.
514 4556 597 4610 18.
630 4554 716 4623 l3)
750 4570 762 4605 :
790 4555 857 4605 ita
890 4552 1187 4606 Pharisaeus
1214 4551 1357 4603 omni
1382 4550 1581 4619 justitia
1613 4550 1826 4615 excidit,

250 4645 393 4715 quod
421 4646 665 4699 omitten.c
690 4658 864 4697 secum
892 4642 1069 4694 animo
1096 4651 1342 4709 reputare
1366 4657 1483 4709 qure
1516 4647 1788 4707 peccasset
1813 4680 1826 4703 ,

254 4747 424 4792 totum
474 4736 656 4790 orbem
699 4744 958 4789 terrarum
999 4733 1408 4793 condemnaret,
1449 4732 1674 4785 dicens:
1710 4730 1829 4783 Non

252 4843 363 4879 sum
392 4828 518 4879 sicut
543 4826 706 4877 ca'teri
733 4824 987 4875 hominum
1010 4864 1023 4885 ,
1047 4833 1276 4890 raptores
1299 4863 1311 4884 ,
1346 4822 1521 4889 iujusti
1540 4863 1551 4885 ,
1587 4821 1825 4886 adulteri,

254 4933 413 4985 neque
440 4926 493 4968 ut
524 4917 603 4968 hic
640 4917 937 4984 publicanus
967 4914 1126 4986 (Ibid.
1167 4932 1214 4966 υ.
1252 4913 1362 4980 11).
1396 4912 1595 4967 Idcirco
1637 4913 1831 4967 Paulus

253 5006 573 5059 admonebat
589 5005 770 5058 dicens
792 5026 803 5059 :
837 5006 975 5073 Opus
990 5015 1155 5058 autem
1172 5020 1315 5056 suum
1338 5004 1677 5071 unusquisque
1709 5020 1830 5071 pro-

256 5102 352 5163 bet,
385 5107 430 5150 et
459 5098 528 5150 sic
552 5098 603 5148 iu
630 5098 890 5166 semetipso
915 5106 1105 5147 tantum
1152 5095 1362 5164 gloriati:
1403 5094 1630 5157 habebit,
1663 5103 1709 5145 et
1732 5110 1831 5146 non

254 5191 304 5241 in
332 5189 491 5239 altero
518 5184 654 5251 (Gal.
688 5187 739 5239 ϐ.
763 5187 840 5255 4).
879 5186 965 5238 Vis
990 5186 1214 5246 discere,
1238 5200 1345 5250 quo
1386 5193 1539 5251 pacto
1567 5183 1617 5235 in
1654 5183 1831 5237 Veteri

254 5291 467 5345 quoque
510 5275 849 5328 Testamento
878 5274 1009 5342 justi
1064 5276 1267 5341 seipsos
1312 5273 1613 5327 accusarint
1644 5313 1657 5335 ,
1709 5274 1828 5325 andi

253 5368 414 5419 etiam
460 5365 588 5417 istos
632 5365 733 5417 illis
785 5374 1141 5417 consentanea
1189 5363 1485 5430 loquentes.
1513 5362 1642 5414 Nam
1671 5361 1831 5415 David

255 5457 471 5525 quidem
509 5456 717 5509 dicebat
750 5456 1087 5525 :lniquitates
1109 5470 1231 5506 mea:
1255 5469 1589 5523 supergressa:
1608 5464 1722 5505 sunt
1748 5470 1833 5505 ca-

254 5558 342 5620 put
393 5564 596 5611 meum;
637 5548 781 5615 quasi
808 5562 931 5598 onus
965 5560 1115 5615 grave
1147 5554 1365 5614 gravata:
1407 5554 1522 5596 sunt
1567 5560 1717 5611 super
1757 5560 1832 5597 me

276 5766 285 5775 .
317 5702 390 5812 (ὅ)
424 5710 540 5810 Qua:l
560 5701 744 5749 uncinis
768 5700 1049 5750 clauduntur
1072 5702 1117 5747 in
1143 5697 1275 5748 Colb.
1303 5696 1547 5757 leguntur,
1566 5694 1652 5743 scd
1670 5694 1716 5742 in
1737 5695 1829 5744 edi-

276 5778 316 5812 ιδ
372 5776 518 5812 ccrau
545 5795 558 5809 ο

256 5773 316 5817 tis
336 5773 558 5812 ductant.

1211 367 1298 423 DE
1343 360 1877 421 PllOPllETIARUM
1916 359 2415 418 OBSCURITATE.
2455 360 2521 418 11.

3330 348 3333 349 ί
3428 378 3538 431 190

1948 473 2116 545 (Psal.
2140 477 2229 531 37.
2253 477 2331 545 5).
2362 476 2526 531 Isaias
2556 492 2679 533 vero
2707 477 2902 532 clamat
2933 495 2946 531 :
2971 477 3071 534 Hei
3098 480 3221 533 nn'lu
3240 522 3255 548 ,
3286 484 3406 550 quia
3431 485 3527 537 Ica-

1944 582 2026 620 mo
2055 583 2167 619 cum
2194 567 2288 620 sim
2306 606 2322 633 ,
2355 576 2401 621 et
2433 566 2694 621 immunda
2731 567 2866 622 labia
2881 569 3067 624 habens
3096 569 3247 642 (lsai.
3271 571 3325 625 6.
3360 573 3438 633 5).
3461 574 3528 628 Et

1947 665 2057 712 tres
2107 658 2281 727 pueri,
2318 672 2439 712 cum
2480 658 2533 712 in
2573 658 2790 715 fornace
2818 671 3182 727 versarentur,
3212 672 3265 717 et
3311 673 3526 733 propter

1947 746 2111 800 Deum
2135 746 2295 800 morti
2334 761 2557 816 corpora
2585 748 2961 813 tradidissent,
2994 749 3133 804 inter
3160 751 3376 806 ultimos
3401 768 3525 822 pec-

1944 846 2153 892 catores
2171 838 2377 905 seipsos
2405 839 2756 893 numerabant
2781 840 3039 907 dicentes,
3074 841 3420 911 Peccavimus,
3435 847 3527 899 ini-

1945 944 2041 996 que
2063 929 2252 1000 egimus
2282 927 2440 1001 (Dan.
2473 931 2527 985 3.
2554 928 2646 1001 29)
2683 947 2698 984 :
2726 933 2934 986 tametsi
2961 934 3086 1003 quid
3116 934 3374 990 illustrius
3396 937 3520 1005 illis,

1943 1018 2067 1089 quid
2094 1020 2345 1076 mundius
2374 1019 2506 1074 fuit?
2535 1021 2790 1088 Quamvis
2822 1023 2964 1078 enim
3011 1035 3225 1093 peccata
3265 1028 3523 1084 nonnulla

1942 1111 2365 1176 commisissent,
2398 1112 2578 1167 omnia
2610 1121 2786 1169 tamen
2814 1115 3388 1175 absterseratﬂamnm
3421 1137 3521 1174 ηδε

1945 1207 2082 1255 tura.
2107 1199 2305 1257 Verum
2333 1203 2398 1257 ad
2421 1202 2598 1272 priora
2640 1212 2785 1259 recte
2808 1202 2945 1259 facta
2983 1220 3088 1261 non
3132 1210 3522 1278 respiciebant,

1942 1290 2035 1344 sed
2062 1301 2275 1359 peccata
2297 1308 2476 1348 secum
2498 1294 2833 1363 reputabant.
2879 1295 2971 1352 Sic
3009 1306 3063 1352 et
3099 1298 3285 1355 Daniel
3312 1312 3429 1370 post
3458 1305 3525 1357 la-

1942 1396 2062 1437 cum
2089 1382 2322 1448 leonum,
2352 1394 2473 1454 post
2511 1386 2793 1441 innumera
2816 1387 3072 1457 supplicia
3102 1405 3222 1459 qure
3248 1393 3517 1447 sustinue-

1943 1482 2044 1539 rat,
2074 1475 2190 1543 ipse
2221 1490 2433 1546 quoque
2451 1478 2685 1547 seipsum
2713 1480 3029 1545 accusabat,
3058 1483 3357 1551 proximum
3395 1500 3524 1538 vero

1943 1578 2121 1618 nemo.
2148 1563 2285 1630 Quid
2313 1565 2421 1619 ita?
2444 1566 2577 1634 Quia
2599 1568 2849 1622 nimirum
2873 1569 3041 1638 is,qui
3061 1579 3285 1625 caeteros
3302 1572 3525 1627 maledi-

1941 1655 2041 1709 ctis
2067 1655 2314 1720 incessit,
2346 1655 2627 1711 Dominum
2651 1656 2874 1712 offendit
2905 1660 3030 1729 :qui
3070 1674 3199 1714 vero
3243 1661 3521 1717 maledicta

1941 1745 2158 1814 coniicit
2186 1746 2237 1800 in
2268 1746 2501 1815 seipsum
2526 1786 2541 1812 ,
2569 1746 2743 1815 placat
2773 1747 2920 1802 illum
2949 1762 3013 1803 ac
3040 1748 3350 1804 reconciliat
3378 1750 3516 1817 sibi;

1941 1845 1995 1891 et
2038 1836 2316 1906 iustiorem
2367 1836 2543 1892 reddit
2592 1838 2823 1907 iustum,
2854 1847 2909 1895 et
2942 1850 3273 1910 peccatorem
3300 1843 3522 1900 crimine

1941 1929 2150 1993 liberat,
2188 1943 2250 1983 ac
2290 1930 2444 1985 venia
2475 1929 2690 2001 dignum
2713 1931 2906 1987 reddit.
2939 1932 3068 2000 Quae
3120 1950 3241 1988 cum
3286 1934 3357 1989 ita
3396 1946 3516 1989 nota

1941 2021 2048 2075 sint
2073 2020 2248 2086 nobis,
2273 2036 2341 2076 ne
2365 2021 2417 2075 in
2446 2021 2638 2087 aliena,
2668 2022 2760 2076 sed
2793 2022 2844 2076 in
2880 2032 3061 2077 nostra
3091 2025 3229 2077 mala
3259 2026 3521 2079 curiosius

1942 2112 2290 2182 inquiramus,
2313 2113 2641 2167 excutiamus
2661 2113 3038 2168 conscientiam
3056 2122 3289 2168 nostram
3322 2132 3334 2168 :
3359 2115 3518 2170 vitam

1940 2218 2152 2257 omnem
2183 2211 2418 2257 nostram
2441 2203 2833 2258 reminiscendo
2856 2218 3322 2273 recognoscamus,
3346 2222 3462 2276 quae
3490 2221 3519 2260 a

1940 2293 2093 2348 nobis
2124 2304 2338 2363 peccata
2367 2303 2491 2349 sunt
2512 2303 2761 2350 accurate
2784 2303 3115 2361 scrutemur,
3144 2307 3196 2351 et
3228 2313 3332 2352 non
3362 2298 3520 2352 modo

1940 2395 2163 2439 caeteros
2181 2384 2475 2440 maledictis
2489 2400 2596 2439 non
2622 2385 2969 2450 incessamus,
2988 2384 3083 2441 sed
3104 2401 3276 2456 neque
3295 2396 3518 2442 ceteros

1940 2478 2234 2533 maledictis
2260 2478 2585 2532 incessentes
2611 2477 2910 2532 audiamus.
2940 2477 3072 2532 Nam
3095 2486 3149 2531 et
3176 2479 3297 2533 huic
3323 2480 3396 2533 rei
3419 2480 3520 2533 cri-

1939 2584 2058 2622 men
2082 2583 2143 2622 ac
2163 2568 2480 2636 supplicium
2523 2569 2812 2622 maximum
2860 2578 2940 2622 est
2976 2579 3215 2637 paratum
3247 2586 3260 2622 :
3289 2571 3520 2624 Auditio-

1938 2677 2049 2713 nent
2069 2658 2233 2724 enim,
2258 2658 2447 2727 inquit,
2481 2674 2661 2710 vanam
2686 2674 2787 2710 non
2815 2658 3057 2726 suscipies
3083 2657 3274 2725 (Exod.
3313 2658 3401 2713 9.3.
3442 2659 3517 2729 1).

1937 2749 2051 2803 Νοιι
2098 2749 2251 2812 dixit,
2279 2748 2551 2802 Auditioni
2594 2762 2744 2801 vana}
2794 2748 3015 2802 minime
3057 2749 3263 2815 credes,
3307 2750 3520 2814 sed,Ne

1939 2838 2196 2907 suscipies
2242 2838 2456 2908 quidem
2490 2838 2631 2892 illam
2671 2855 2683 2891 :
2714 2852 2870 2893 aures
2920 2840 3131 2905 obtura,
3158 2841 3518 2895 criminationi

1937 2928 2136 2982 aditum
2156 2943 2369 2983 omnem
2399 2928 2693 2983 interclude
2716 2970 2732 2993 ,
2771 2943 2943 2997 neque
2971 2930 3146 2983 minus
3170 2932 3440 2985 inimicum
3469 2943 3522 2987 et

1939 3019 2147 3074 hostem
2168 3033 2289 3073 esse
2312 3027 2362 3072 te
2393 3018 2531 3072 illius
2556 3018 2642 3087 qui
2674 3018 2959 3082 maledicit,
2988 3035 3144 3087 quam
3168 3020 3235 3073 sit
3266 3020 3397 3089 ipse,
3431 3023 3521 3091 qui

1938 3118 2235 3173 accusatur,
2256 3108 2497 3163 ostende.
2534 3107 2746 3163 Imitare
2777 3108 3110 3179 pr0phetam,
3144 3111 3230 3178 qui
3258 3111 3335 3164 sic
3355 3111 3469 3164 inlit
3503 3126 3517 3165 :

1938 3200 2295 3254 Detrahentem
2340 3209 2531 3253 secreto
2580 3200 2809 3269 proximo
2851 3216 2963 3262 suo,
3016 3199 3149 3252 hunc
3197 3200 3523 3268 persequebar

1940 3291 2108 3362 (Psal.
2141 3290 2266 3344 100.
2290 3289 2370 3359 5).
2402 3288 2517 3343 Νοη
2544 3290 2696 3353 dixit,
2725 3289 2837 3343 Neu
2866 3290 3168 3354 credebam,
3190 3306 3378 3360 neque,
3405 3290 3518 3345 Non

1937 3382 2295 3452 approbabam
2348 3396 2467 3451 qua:
2518 3379 2849 3443 dicebantur,
2882 3381 2974 3434 sed
2998 3421 3012 3446 ,
3044 3380 3218 3434 Etiam
3251 3390 3517 3446 tamquam

1940 3475 2209 3530 inimicum
2241 3482 2295 3529 et
2320 3474 2527 3528 hostem
2555 3473 2902 3541 repellebant.

2009 3566 2096 3622 10.
2138 3566 2247 3622 Sed
2272 3575 2393 3619 sunt
2422 3565 2661 3619 nonnulli
2681 3565 2771 3633 qui
2795 3564 2980 3619 frivola
3002 3566 3229 3634 quadam
3260 3570 3505 3623 console.

1940 3657 2080 3711 tione
2107 3671 2166 3711 se
2203 3655 2546 3711 consolantur
2591 3654 2870 3709 dicentes:
2900 3656 3139 3721 Domine,
3205 3674 3271 3713 ne
3318 3669 3517 3716 statuas

1938 3748 2066 3801 mihi
2096 3747 2195 3801 hoc
2226 3755 2523 3817 peccatum,
2553 3746 2674 3816 quia
2703 3746 2960 3801 rationem
2984 3748 3209 3804 reddere
3235 3751 3520 3807 auditionis

1937 3837 2128 3892 debeo.
2151 3837 2286 3902 Quid
2315 3836 2416 3891 hac
2430 3838 2790 3902 excusatione,
2808 3838 2931 3907 quid
2956 3837 3056 3893 hac
3075 3840 3224 3894 venia
3248 3852 3330 3895 est
3348 3844 3519 3910 opus?

1939 3928 2079 3983 Tace
2095 3928 2275 3994 modo,
2302 3937 2358 3983 et
2382 3930 2526 3983 omni
2547 3929 2773 3984 crimine
2800 3930 3041 3985 liberaris
3071 3950 3084 3985 :
3110 3932 3241 3985 nilnil
3262 3932 3427 3997 dicas,
3466 3944 3519 3988 et

1937 4019 2004 4074 ab
2034 4019 2177 4073 omni
2204 4018 2555 4088 trepidatione
2577 4019 2825 4075 immunis
2852 4020 2978 4075 eris.
3010 4022 3115 4076 Cur
3145 4023 3237 4075 tibi
3290 4032 3344 4077 et
3377 4024 3515 4091 apud

1938 4110 2102 4165 Deum
2144 4119 2197 4165 et
2220 4109 2358 4179 apud
2386 4111 2628 4166 homines
2671 4114 2943 4179 negotium
2989 4111 3247 4166 facessis?
3274 4127 3369 4165 cur
3422 4114 3518 4167 tei-

1936 4216 2090 4270 psum
2142 4201 2455 4255 criminibus
2502 4201 2793 4255 obnoxium
2846 4202 3077 4257 reddis?
3120 4219 3214 4257 cur
3250 4205 3512 4259 sarcinam

1936 4291 2235 4360 graviorem
2274 4289 2541 4358 imponis?
2570 4291 2683 4345 Non
2706 4291 2903 4345 sufficit
2933 4292 3047 4357 tibi,
3075 4293 3116 4347 si
3164 4293 3230 4347 de
3287 4296 3519 4362 propriis

1936 4381 2144 4435 delictis
2197 4381 2459 4436 rationem
2517 4382 2729 4447 reddas,
2777 4383 2870 4437 sed
2921 4393 2975 4437 et
3015 4384 3115 4437 alia
3164 4397 3377 4453 peccata
3427 4387 3518 4440 tibi

1936 4472 2271 4526 accumulas?
2320 4471 2721 4540 Supervacanea
2774 4483 2855 4528 est
2898 4473 3013 4529 haec
3067 4479 3377 4530 excusatio:
3414 4494 3517 4531 non

1936 4561 2218 4615 auditionis
2248 4561 2475 4618 reddere
2499 4563 2757 4617 rationem
2803 4563 2984 4627 debes,
3020 4564 3114 4617 sed
3161 4569 3515 4621 accusationis

1936 4652 2217 4707 reddendae
2242 4653 2437 4707 rationi
2467 4667 2525 4707 es
2554 4653 2834 4708 obnoxius.
2861 4652 2995 4706 Cum
3047 4656 3187 4708 enim
3234 4667 3514 4726 postquam

1937 4743 2205 4808 audieras,
2250 4757 2355 4797 non
2402 4742 2635 4807 silueris,
2690 4757 2795 4796 non
2838 4742 3123 4798 auditionis
3177 4746 3369 4809 solum,
3428 4750 3518 4799 sed

1937 4835 2094 4888 etiam
2124 4833 2481 4889 accusationis
2510 4832 2734 4887 reddere
2781 4834 3041 4889 rationem
3068 4833 3256 4892 debes.
3288 4837 3368 4890 Ea:
3417 4855 3522 4890 ver-

1937 4924 2009 4978 bis
2037 4926 2166 4978 enint
2207 4926 2305 4977 tuis
2341 4921 2723 4993 justi/icaberis,
2780 4923 2967 4992 inquit,
3019 4934 3066 4978 et
3112 4942 3173 4978 ea:
3220 4927 3376 4981 verbis
3426 4932 3521 4981 tuis

1937 5009 2357 5064 condemnaberis
2384 5012 2597 5081 (Matth.
2622 5012 2709 5065 12.
2729 5013 2794 5067 3'7
2807 5012 2845 5084 ).
2873 5013 3001 5068 H:rc
3022 5030 3121 5084 ego
3150 5031 3255 5069 non
3280 5027 3522 5087 promer-

1938 5119 1997 5158 ea
2041 5104 2160 5157 dico
2205 5117 2267 5156 ac
2290 5104 2565 5168 denuntio,
2594 5104 2732 5171 quod
2762 5105 2824 5159 iis
2857 5106 3091 5170 timeam,
3122 5108 3210 5176 qui
3242 5109 3382 5162 male
3431 5125 3520 5161 an-

1937 5197 2107 5260 diunt,
2127 5195 2217 5249 sed
2247 5196 2311 5249 iis
2338 5197 2425 5264 qui
2454 5197 2797 5251 maledicunt.
2821 5197 2951 5251 Nam
2998 5200 3089 5267 qui
3145 5205 3283 5253 male
3324 5201 3515 5255 audivit

1940 5287 2080 5339 nulla
2109 5287 2449 5350 contumelia,
2484 5302 2657 5356 neque
2680 5287 2873 5343 damno
2896 5300 2977 5343 est
3013 5289 3274 5355 allectus;
3327 5292 3420 5346 sed
3469 5294 3514 5346 si

1942 5368 2071 5422 falsa
2110 5370 2234 5436 sint,
2268 5386 2385 5439 quae
2429 5372 2495 5427 de
2526 5372 2616 5427 illo
2659 5375 2933 5439 dicuntur,
2995 5378 3156 5431 etiam
3208 5382 3512 5435 mercedem

1939 5461 2138 5515 referet
2181 5480 2193 5514 :
2243 5462 2324 5515 sin
2372 5479 2517 5527 vera,
2570 5480 2638 5518 ne
2694 5465 2773 5519 sic
2831 5466 3047 5535 quidem
3102 5470 3372 5524 accusatio
3421 5481 3509 5525 tua

1936 5564 2116 5606 notam
2152 5554 2459 5623 ignominiae
2487 5558 2648 5610 ullam
2670 5558 2883 5613 inussit.
2912 5561 3096 5629 Neque
3121 5564 3263 5616 enim
3288 5581 3351 5617 ex
3376 5566 3510 5618 vita.

1934 5644 2083 5712 perio
2110 5654 2199 5699 tuo
2231 5653 2341 5699 tum
2362 5648 2524 5715 judex
2562 5650 2615 5703 in
2643 5650 2788 5704 illum
2820 5655 3144 5707 sententiam
3170 5656 3323 5709 feret.
3356 5656 3506 5722 Quod

1933 5737 1975 5790 si
2007 5736 2198 5791 mirum
2226 5739 2353 5807 quid
2380 5750 2433 5795 et
2468 5741 2744 5797 insolin
2770 5744 3055 5800 dicendum
3084 5757 3184 5811 est,
3216 5749 3504 5805 maximum
