4016 6472
551 422 658 476 191

541 518 701 573 etiam
718 529 978 588 quantum
996 519 1152 575 faciet
1175 522 1220 575 si
1248 522 1485 577 convicia
1505 525 1766 592 patienter
1786 525 1942 591 ferat,
1966 533 2023 579 ut
2049 525 2116 580 fe-

543 610 615 663 cit
647 610 952 678 publicanus
976 629 990 664 :
1013 621 1066 664 at
1085 611 1129 666 is
1147 613 1235 680 qui
1267 612 1554 679 maledicit,
1583 628 1678 668 seu
1705 630 1828 669 vera
1850 615 1974 678 sint,
2021 630 2115 670 seu

549 701 702 766 falsa,
733 717 851 771 qua:
876 703 930 755 in
953 703 1252 770 proximqu
1276 702 1492 772 conjicit
1537 705 1837 768 maledicta,
1887 705 2117 758 inuituo

544 789 744 845 damno
805 790 1050 844 afﬁcitur.
1105 791 1171 844 Et
1223 792 1657 846 calmuniatorem
1726 793 1937 863 quidem
1992 807 2115 862 per-

540 880 668 936 iisse
693 918 711 945 ,
777 880 918 934 nulla
989 890 1072 936 est
1127 895 1261 951 opus
1309 879 1804 937 demonstratione:
1853 880 1954 936 sibi
1992 896 2117 936 vero

543 970 692 1024 illum
732 971 944 1040 gravius
987 970 1244 1039 judicium
1286 986 1579 1034 accersere,
1627 971 1750 1026 licet
1786 987 1920 1026 vera
1941 970 2113 1037 dicat,

541 1059 667 1114 dum
694 1060 934 1115 miserias
959 1060 1184 1130 proximi
1206 1060 1462 1130 divulgat,
1486 1069 1541 1115 et
1563 1059 1932 1116 scandalorum
1981 1075 2113 1114 cau-

541 1165 653 1206 sam
701 1151 918 1222 praebet,
949 1151 1278 1206 omnibusea
1319 1149 1592 1221 detegens,
1637 1165 1756 1220 qua:
1800 1147 2112 1204 occultanda

539 1241 768 1305 fuerant,
810 1250 864 1296 et
884 1239 1108 1311 proximi
1135 1249 1348 1309 peccata
1386 1239 1660 1310 praedicat,
1705 1237 1956 1294 omnibus
2005 1239 2108 1293 uti-

538 1341 640 1396 quc
691 1329 1026 1385 manifest
1089 1338 1191 1386 est.
1243 1328 1374 1384 Nam
1409 1330 1454 1385 si
1507 1330 1597 1398 qui
1639 1343 1803 1381 unum
1847 1328 2111 1384 scandali-

538 1420 758 1486 zaverit,
785 1419 1111 1476 inevitabiles
1157 1434 1342 1490 poenas
1387 1419 1553 1482 dabit,
1605 1417 1650 1472 is
1671 1417 1761 1488 qui
1810 1419 2114 1475 innumeros

539 1523 755 1564 rumore
820 1507 960 1564 malo
1025 1525 1210 1578 sparso
1251 1507 1610 1573 scandalizat,
1661 1524 1769 1578 quo
1819 1525 1923 1562 non
1984 1525 2111 1576 sup-

537 1599 696 1668 plicio
715 1600 1006 1669 plectetur‘f
1030 1601 1326 1657 Pharismus
1342 1600 1486 1656 enim
1501 1615 1607 1656 non
1623 1600 1992 1662 mentiebatur,
2018 1601 2112 1656 sed

537 1703 664 1743 vera
713 1689 942 1752 dicebat,
989 1689 1116 1744 dum
1189 1690 1526 1759 publicanum
1575 1691 1799 1744 vocabat
1872 1690 2107 1758 publica-

540 1792 687 1841 num,
718 1788 950 1832 attamen
976 1793 1162 1847 pcenas
1181 1779 1347 1834 dedit.
1377 1779 1504 1834 Haec
1533 1780 1691 1849 igitur
1733 1781 1985 1844 scientes,
2033 1780 2114 1835 di-

534 1866 828 1929 lectissimi,
860 1869 1279 1924 maledicentiam
1307 1871 1566 1940 fugiamus
1593 1888 1608 1923 :
1639 1885 1811 1939 neque
1831 1871 1973 1925 enim
1989 1885 2112 1939 gra-

536 1956 652 2010 vius
681 1963 765 2010 est
791 1955 892 2010 isto
932 1972 1030 2010 nec
1072 1955 1274 2010 facilius
1317 1970 1608 2026 peccatum.
1636 1959 1780 2024 Quid
1803 1959 1920 2013 ita?
1958 1958 2109 2028 Quod

537 2047 784 2112 celerius,
812 2061 970 2116 quam
998 2047 1160 2102 ullum
1190 2047 1331 2101 aliud
1357 2056 1625 2117 peccatum
1649 2047 1870 2114 feratur,
1900 2059 1954 2102 et
1978 2064 2104 2102 con-

534 2136 711 2192 festim
732 2151 853 2192 eum
875 2137 964 2208 qui
1021 2153 1125 2192 non
1153 2139 1378 2194 attendit
1403 2139 1647 2208 abripiat.
1677 2139 1809 2194 Nam
1835 2139 1938 2194 alia
1989 2141 2107 2209 qui-

532 2227 653 2282 dem
682 2238 894 2296 peccata
920 2240 1158 2296 tempore
1183 2227 1438 2297 indigent,
1465 2238 1519 2284 et
1567 2229 1828 2299 impensa,
1879 2239 1930 2284 et
1978 2229 2113 2283 dila-

535 2315 701 2378 tione,
724 2324 778 2367 et
803 2315 1150 2381 arljutoribus,
1179 2331 1242 2369 ac
1266 2331 1412 2384 sepe
1453 2317 1624 2385 aliqua
1653 2318 1907 2386 temporis
1959 2332 2104 2371 mora

533 2403 1006 2472 interrumpuntur.
1043 2404 1282 2474 Exempli
1331 2420 1490 2460 causa
1519 2408 1740 2460 :statuit
1786 2408 1980 2477 aliquis
2022 2410 2103 2462 iu-

537 2493 798 2560 terficere,
854 2496 1039 2549 statuit
1081 2496 1272 2566 aliquis
1316 2495 1500 2563 furari,
1558 2507 1613 2552 et
1648 2497 1820 2552 aliena
1873 2513 2102 2565 rapere:

533 2583 698 2636 multa
727 2598 946 2639 necesse
973 2594 1056 2639 est
1089 2585 1357 2652 moliatur,
1414 2595 1467 2641 et
1514 2601 1676 2657 smpe,
1735 2587 1861 2641 dum
1907 2587 2104 2652 differt,

530 2671 665 2725 iram
694 2670 862 2738 sedat,
895 2687 922 2725 a
945 2688 1106 2742 pravo
1151 2683 1344 2728 conatu
1374 2676 1562 2741 resilit,
1594 2676 1908 2731 sceleratam
1962 2677 2103 2730 illam

533 2761 851 2815 sententiam
881 2762 1267 2834 abjicit,neque
1281 2765 1558 2821 consilium
1583 2766 1648 2819 ad
1673 2781 1807 2836 opus
1834 2767 2100 2836 perducit:

531 2857 585 2902 at
611 2849 666 2903 in
694 2851 1056 2906 malediceudo
1086 2868 1190 2908 non
1220 2855 1289 2908 ita
1318 2854 1394 2919 fit,
1421 2855 1516 2910 sed
1561 2856 1661 2911 nisi
1716 2858 1901 2911 attenti
1951 2857 2104 2912 valde

528 2940 694 2994 simus
722 2955 784 2996 ac
814 2943 1015 3011 vigiles,
1034 2943 1184 2999 facile
1199 2945 1526 3013 abripimur:
1565 2957 1620 3001 et
1644 2961 1815 3017 neque
1845 2957 2098 3017 tempore,

531 3045 702 3099 neque
722 3031 992 3097 dilatione,
1016 3049 1188 3103 neque
1217 3034 1475 3103 impensa,
1505 3052 1677 3106 neque
1705 3037 1977 3092 molitione
2009 3053 2102 3092 no-

528 3119 612 3173 bis
650 3120 754 3173 ulla
783 3130 865 3174 est
883 3135 1036 3189 opus,
1060 3131 1118 3176 ut
1143 3124 1554 3180 maledicamus:
1583 3126 1675 3180 sed
1699 3127 1966 3182 suflicitut
1987 3137 2100 3180 tan-

529 3217 638 3263 tum
671 3209 913 3275 velimus,
944 3219 999 3266 et
1038 3211 1216 3266 statim
1240 3213 1486 3268 voluntas
1529 3215 1581 3268 in
1609 3231 1746 3284 opus
1795 3218 1922 3269 exit.
1978 3218 2100 3270 Sola

527 3297 720 3368 quippe
765 3299 940 3369 lingua
991 3309 1073 3355 est
1094 3317 1211 3370 qua:
1235 3302 1472 3358 inservit.
1498 3304 1723 3372 Quando
1751 3306 1907 3373 igitur
1948 3307 2102 3360 velox

530 3396 614 3442 est
665 3389 906 3457 malum,
962 3398 1016 3446 et
1063 3391 1219 3448 facile
1278 3408 1379 3447 nos
1421 3395 1768 3449 circumstans
1808 3406 2100 3464 peccatum,

527 3489 583 3533 et
626 3494 782 3548 pana
827 3482 1002 3550 gravis
1043 3498 1106 3538 ac
1135 3485 1477 3553 supplicium,
1522 3501 1620 3540 ncc
1659 3485 1862 3540 lucrum
1915 3487 2099 3552 ullum,

529 3584 631 3623 non
703 3587 942 3638 parvum,
995 3589 1100 3630 non
1140 3590 1410 3644 magnum,
1442 3577 1722 3646 diligenter
1779 3577 1918 3632 hunc
1963 3593 2105 3632 mor-

523 3660 648 3716 bum
704 3661 966 3731 fugiamus
995 3703 1010 3728 ,
1061 3672 1115 3718 et
1151 3665 1322 3720 aliena
1396 3665 1534 3720 mala
1583 3675 1825 3736 tegamus
1854 3706 1870 3732 ,
1921 3682 2095 3738 neque

1261 413 1316 466 S.
1355 409 1633 466 JOANNIS
1679 408 2154 470 CIIRYSOS'IOIII
2204 409 2518 465 ARCIIIEP.
2558 410 3087 467 CONSTANTINOP.

3684 432 3794 486 192

2231 525 2566 594 propalemns
2613 539 2628 575 :
2672 525 3049 578 admoneamus
3072 535 3366 591 peccantes.
3418 536 3468 578 ut
3524 526 3656 579 dicit
3700 527 3801 580 1)...

2225 616 2402 670 minus
2456 633 2471 670 :
2518 615 2581 670 Si
2623 616 2894 683 peccaverit
2925 616 3000 666 'iu
3063 624 3107 668 lc
3158 619 3312 684 frater
3355 625 3510 678 tuus,
3559 619 3706 681 code,
3755 632 3806 670 rx

2221 704 2418 774 corripe
2458 721 2570 758 cum
2626 705 2756 757 inter
2799 715 2845 757 lc
2900 714 2946 757 ct
3005 704 3167 772 ipsum
3219 705 3422 773 solum(
3456 705 3642 757 Matth.
3717 712 3796 761 l8.

2224 792 2354 864 15).
2402 793 2579 863 Itaque
2649 804 2847 864 quanto
2895 794 3069 848 minus
3135 792 3294 848 fuerit
3357 792 3564 863 publica
3619 811 3801 865 repre-

2222 880 2426 948 hensio,
2502 890 2647 938 tanto
2724 882 2932 937 facilius
2995 882 3314 939 medicinam
3346 882 3647 939 adhibebis.
3725 885 3802 940 Ne

2220 969 2557 1025 mordeamus
2587 1012 2603 1037 ,
2661 985 2832 1040 neque
2907 971 3215 1025 arrodamus
3298 972 3466 1025 aliena
3536 973 3803 1035 vulnera;

2221 1073 2290 1115 ne
2330 1074 2539 1114 muscas
2584 1060 2868 1124 imitemur,
2914 1059 3010 1114 sed
3053 1073 3180 1127 apes
3215 1061 3546 1115 :emulemur.
3602 1061 3798 1114 Musca:

2219 1148 2525 1205 vulneribus
2542 1150 2978 1218 insident,_eaque
2994 1150 3411 1219 mordentmpes
3456 1152 3506 1204 in
3537 1151 3700 1206 ﬂores
3719 1154 3802 1207 in-

2219 1239 2417 1294 ‘volant.
2438 1239 2637 1294 Idcirco
2671 1239 2785 1294 istae
2813 1239 3306 1300 favosconeinnant.
3327 1241 3428 1295 illa:
3445 1242 3662 1296 morbos
3676 1258 3805 1296 cor-

2219 1329 2432 1399 poribus
2459 1328 2730 1395 invehunt,
2749 1329 2938 1399 quibus
2951 1330 3236 1385 insederint
3255 1345 3270 1394 ;
3289 1343 3447 1402 atque
3469 1331 3552 1385 ba:
3577 1331 3794 1400 quidem

2216 1418 2539 1474 detestandae
2561 1428 2701 1484 sunt,
2727 1419 2831 1474 illa:
2851 1434 2975 1474 vero
2989 1420 3241 1476 amabiles
3261 1430 3384 1474 sunt
3397 1430 3453 1474 et
3469 1420 3696 1475 nobiles.
3728 1421 3799 1475 Et

2220 1523 2317 1562 nos
2343 1507 2502 1577 igitur
2535 1508 2787 1562 faciamus
2826 1517 2882 1561 ut
2911 1509 2963 1561 in
2992 1520 3194 1576 pratum
3238 1509 3445 1564 virtutis
3481 1517 3796 1564 sanctorum

2215 1598 2392 1651 anima
2420 1605 2601 1650 nostra
2632 1596 2851 1663 involet,
2872 1606 2927 1651 et
2952 1610 3168 1652 suavem
3204 1607 3346 1654 recte
3374 1596 3634 1652 factorum
3656 1599 3793 1651 ode»

2218 1702 2330 1740 rem
2374 1685 2446 1741 ab
2482 1686 2585 1740 illis
2629 1683 2856 1741 effusura
2892 1686 3230 1753 excitemus,
3255 1688 3613 1755 proximorum
3659 1704 3798 1742 vero

2216 1777 2430 1830 vulnera
2473 1789 2540 1831 ne
2568 1774 2880 1831 vellicemus
2914 1793 2928 1828 :
2957 1775 3194 1844 quinimo
3229 1776 3276 1830 si
3305 1789 3438 1843 quos
3477 1776 3529 1829 id
3569 1787 3796 1845 agentes

2215 1865 2503 1920 viderimus
2523 1906 2537 1929 ,
2560 1880 2621 1919 os
2651 1864 2756 1919 illis
2779 1863 3118 1920 occludamus
3143 1904 3158 1928 ,
3185 1864 3422 1934 supplicii
3449 1875 3648 1918 metum
3683 1866 3797 1920 illis

2213 1956 2542 2025 objiciamus,
2569 1965 2626 2011 et
2648 1957 2974 2026 cognationis
2998 1956 3100 2010 illis
3116 1959 3419 2010 memoriam
3447 1953 3792 2020 refricemus,

2214 2062 2334 2116 qute
2359 2047 2460 2101 illis
2501 2062 2621 2102 cum
2649 2047 2896 2106 fratribus
2925 2047 3220 2102 intercedit.
3247 2047 3395 2113 Quod
3425 2047 3468 2102 si
3514 2045 3644 2100 nihil
3680 2047 3785 2101 ho-

2212 2153 2328 2192 rum
2357 2138 2474 2191 illos
2502 2145 2746 2202 moveat,
2777 2150 2986 2190 muscas
3024 2138 3142 2192 illos
3169 2137 3520 2208 appellemus,
3545 2147 3601 2190 ut
3631 2137 3790 2205 hujus

2213 2227 2404 2282 saltem
2429 2226 2797 2296 appellationis
2825 2225 3018 2295 probro
3047 2239 3076 2278 a
3107 2239 3266 2294 pravo
3296 2229 3397 2278 hoc
3437 2225 3675 2278 instituto
3703 2242 3786 2279 re-

2210 2329 2466 2374 vocentur
2485 2333 2505 2382 ;
2524 2326 2581 2372 ut
2607 2318 2672 2372 ab
2694 2318 2792 2372 hoc
2819 2316 2986 2371 inutili
3009 2316 3117 2369 otio
3141 2315 3347 2368 abducti
3376 2314 3636 2368 malorum
3660 2331 3786 2368 suo-

2210 2425 2323 2464 rum
2374 2408 2696 2478 inquisitioni
2743 2408 2909 2461 otium
2953 2421 3110 2460 omne
3145 2404 3470 2474 impendant.
3498 2404 3588 2459 Sic
3641 2405 3784 2459 enim

2209 2498 2300 2552 fiet
2323 2537 2337 2559 ,
2369 2506 2426 2550 ut
2452 2506 2505 2550 et
2548 2498 2636 2565 qui
2673 2497 2804 2565 lapsi
2836 2503 2958 2549 sunt
2986 2504 3262 2564 resurgant
3284 2494 3496 2547 excitati
3527 2496 3790 2547 memoria

2208 2599 2424 2639 suorum
2450 2585 2753 2647 criminum,
2779 2600 2896 2652 qum
2924 2598 3254 2652 nequaquam
3277 2582 3468 2637 fuerint
3496 2584 3785 2652 divulgata,

2208 2683 2263 2729 et
2286 2674 2378 2743 qui
2413 2674 2624 2743 prOpria
2663 2673 2800 2727 mala
2829 2687 3037 2740 semper
3061 2672 3236 2725 animo
3279 2686 3456 2725 secum
3503 2681 3782 2738 reputave-

2208 2766 2337 2832 rint,
2367 2765 2519 2820 facile
2538 2765 2636 2818 .illa
2667 2764 2969 2832 deponant,
3001 2777 3062 2816 ac
3090 2772 3422 2831 peccatorum
3451 2775 3665 2815 suorum
3699 2777 3784 2816 re~

2207 2857 2515 2912 cordatione
2554 2854 2622 2909 ad
2652 2855 2752 2910 alia
2798 2855 3047 2924 patranda
3081 2854 3334 2909 tardiores
3378 2853 3702 2919 reddantur,
3730 2864 3790 2909 et

2206 2947 2294 3015 qui
2317 2955 2622 3000 sanctorum
2645 2945 2889 2999 virtutem
2921 2954 3173 3014 perpetuo
3193 2945 3390 2998 fuerint
3413 2945 3784 3013 contemplati,

2206 3035 2392 3104 majori
2433 3035 2547 3089 zelo
2573 3033 2640 3087 ad
2689 3049 2872 3088 eorum
2907 3034 3251 3088 imitationem
3280 3033 3666 3088 incendentur:
3695 3043 3784 3088 at-

2205 3139 2309 3194 que
2331 3125 2414 3179 his
2441 3123 2690 3179 omnibus
2723 3125 3000 3188 eflicietur,
3027 3134 3084 3178 ut
3110 3134 3223 3179 toto
3259 3123 3512 3177 Ecclesize
3556 3138 3784 3192 corpore

2206 3231 2236 3270 a
2265 3216 2414 3270 nobis
2439 3215 2664 3271 feliciter
2694 3216 3002 3281 instaurato,
3024 3230 3142 3269 cum
3184 3216 3282 3269 hoc
3309 3225 3450 3268 coetu
3476 3214 3528 3267 in
3559 3230 3788 3283 regnum

2206 3306 2454 3362 caelorum
2486 3307 2683 3360 intrare
2711 3305 2992 3374 possimus,
3020 3304 3159 3372 quod
3200 3305 3396 3357 utinam
3426 3304 3581 3356 nobis
3611 3304 3784 3357 omni-

2203 3397 2303 3452 bus
2333 3398 2543 3466 assequi
2573 3396 2875 3465 contingat,
2905 3397 3072 3466 gratia
3118 3404 3169 3449 et
3210 3395 3531 3465 benignitate
3573 3395 3792 3449 Domini

2205 3489 2373 3544 nostri
2398 3488 2523 3544 Jesu
2550 3489 2768 3552 Christi,
2801 3505 2894 3557 per
2918 3505 3072 3558 quem
3103 3497 3156 3543 et
3177 3503 3294 3543 cum
3323 3502 3427 3556 quo
3451 3486 3644 3556 gloria,
3679 3503 3783 3540 una

2204 3594 2326 3634 cum
2351 3579 2550 3648 Spiritu
2578 3588 2792 3645 sancto,
2815 3593 2954 3634 nunc
2982 3588 3037 3634 et
3061 3593 3271 3647 semper
3299 3588 3350 3632 et
3378 3578 3433 3632 in
3463 3577 3658 3632 sarcula
3683 3590 3791 3632 sa:-

2205 3668 2469 3724 culorum.
2495 3671 2686 3726 Amen.

1969 4303 2140 4363 MON
2150 4303 2224 4362 IT
2233 4304 2346 4364 UM

598 4523 747 4596 [199]
791 4526 950 4581 Circa
986 4525 1493 4596 interpretationem
1523 4529 1582 4583 in
1604 4529 1905 4598 Danielem,
1930 4547 2050 4601 qua:
2075 4529 2447 4597 Chrysostomi
2480 4543 2681 4583 nomen
2707 4526 3042 4595 circumfert,
3074 4538 3131 4583 et
3157 4543 3228 4583 ex
3245 4525 3582 4582 Bibliotheca
3605 4523 3776 4594 Regia

530 4637 856 4693 Scorialensi
898 4638 1147 4694 desumta
1186 4649 1290 4703 est,
1319 4640 1438 4695 haec
1462 4641 1722 4711 praefatur
1767 4644 2088 4709 Cotelerius,
2135 4645 2227 4714 qui
2275 4645 2419 4698 illam
2450 4643 2599 4714 prior
2628 4643 2798 4697 edidit
2840 4660 2855 4694 :
2909 4660 2927 4692 ‹
2961 4641 3345 4708 interpretatio
3389 4638 3445 4692 in
3493 4636 3772 4692 Danielem

526 4752 701 4823 prima
728 4752 904 4808 fronte
943 4753 1216 4824 plerisque
1252 4753 1466 4808 videtur
1493 4755 1857 4825 supposititia,
1893 4758 1984 4826 qui
2029 4757 2214 4812 forsan
2243 4773 2307 4811 ac
2336 4757 2532 4811 merito
2574 4754 2828 4809 solennes
2871 4754 2991 4808 illas
3053 4753 3399 4825 doxologias,
3449 4762 3777 4807 consuetam

527 4870 968 4939 perspicuitatem
997 4872 1237 4942 aliasque
1263 4873 1526 4929 librorum
1552 4875 1741 4929 melliti
1775 4874 1949 4930 Patris
1979 4875 2133 4933 dotes
2167 4877 2552 4932 desiderabant
2588 4891 2652 4931 ac
2690 4875 2988 4945 requirent.
3023 4871 3348 4928 Incredibile
3381 4880 3530 4926 certe
3562 4884 3778 4924 memo-

528 4991 651 5035 ratu
689 4997 852 5050 quam
881 4983 1139 5054 pleraque
1160 4988 1342 5041 omnia
1373 4987 1463 5042 hic
1483 4998 1577 5042 aut
1598 4987 1942 5059 imperfecta,
1972 4999 2067 5044 aut
2097 4990 2433 5059 perturbata,
2464 4990 2748 5059 magisque
2771 4998 2974 5044 tentata
3000 5003 3162 5058 quam
3197 4993 3466 5058 perorata,
3498 4985 3780 5054 epitomes

527 5098 764 5168 denique
787 5114 851 5154 ac
893 5101 1201 5172 eclogarum
1233 5103 1578 5173 praeferentia
1631 5107 1894 5177 speciem.
1925 5106 2126 5162 Verum
2167 5116 2371 5172 tamen,
2406 5118 2466 5162 ut
2502 5107 2555 5161 id
2587 5109 2730 5177 quod
2760 5123 2848 5162 res
2893 5107 3056 5160 habet
3084 5105 3283 5169 dicam,
3323 5103 3465 5158 inter
3511 5109 3780 5156 centones

527 5211 727 5266 ardens
749 5228 987 5284 purpura
1017 5216 1224 5281 elucet;
1255 5215 1312 5274 in
1337 5220 1568 5274 turbidis
1602 5221 1794 5276 rivulis
1839 5222 2203 5293 limpidissimi
2248 5223 2412 5279 fontis
2455 5240 2610 5279 vente
2650 5223 2974 5281 scaturiunt.
3019 5220 3196 5286 Quare
3239 5219 3321 5274 ita
3349 5232 3567 5281 censeo,
3595 5216 3772 5287 Chry-

525 5329 848 5389 sostomum,
871 5339 1033 5393 quem
1054 5325 1107 5379 in
1141 5327 1448 5382 universam
1479 5330 1814 5400 Scripturatn
1845 5335 2262 5389 commentarios
2289 5336 2571 5406 scripsisse
2605 5336 2842 5406 prodidit
2867 5335 3183 5404 antiquitas,
3215 5333 3444 5402 hujusce
3476 5331 3642 5401 prolis
3671 5346 3782 5401 pa-

527 5444 662 5489 trem
689 5451 809 5491 esse
845 5439 982 5493 :sed
1015 5438 1159 5493 illam
1203 5441 1292 5509 pie
1334 5444 1635 5511 expositam
1665 5446 1720 5498 in
1750 5461 1844 5501 eas
1871 5446 2125 5504 incidisse
2180 5466 2390 5517 manus,
2425 5467 2544 5522 quae
2594 5451 2648 5506 in
2703 5451 2937 5506 tollenda
2989 5465 3179 5520 parum
3228 5462 3406 5517 operm
3455 5447 3772 5518 posuerint;

525 5561 699 5615 eoque
728 5546 929 5603 factum
957 5550 1102 5619 quod
1127 5551 1414 5608 inﬁcianda
1444 5557 1656 5625 parenti
1684 5558 1898 5614 soboles
1921 5575 2201 5629 appareat.
2241 5582 2258 5614 ι

595 5662 798 5716 Verum
823 5674 970 5719 certe
997 5678 1098 5732 est,
1133 5669 1189 5724 in
1223 5679 1341 5728 tam.
1368 5673 1568 5740 hiulca,
1606 5686 1716 5730 tam
1750 5679 1998 5750 strigosa,
2047 5691 2154 5735 tam
2193 5685 2573 5754 compendiosa
2621 5685 2949 5749 narratione,
3005 5683 3216 5752 qualem
3272 5682 3364 5737 hic
3407 5695 3597 5736 omnes
3624 5680 3770 5734 haud

524 5777 687 5832 dubie
711 5776 1143 5836 anintadvcrsuri
1191 5793 1337 5853 sunt,
1367 5788 1572 5859 aliquot
1598 5789 1856 5847 dictionis
1885 5793 2252 5863 Chrysostomi
2292 5797 2521 5868 vestigia
2563 5812 2901 5867 comparere,
2952 5797 3112 5850 verba
3148 5795 3249 5864 ipsi
3285 5793 3567 5848 familiaria
3606 5808 3773 5846 usur-
