4016 6436
464 397 577 456 1.95

456 497 650 553 animal
668 495 933 553 condidit:
956 508 1056 549 nec
1072 500 1276 547 tantum
1299 490 1424 557 hoc,
1446 485 1540 544 sed
1557 495 1612 543 et
1628 485 1832 554 reliqua
1853 484 2050 540 omnia.

460 588 655 642 \‘crum
672 585 1078 657 pulchritudinis
1096 582 1252 652 hujus
1263 581 1384 635 aliis
1399 578 1612 648 quidem
1636 576 1774 645 plus,
1789 575 1907 630 aliis
1929 590 2056 629 vero

465 681 642 735 minus
669 679 890 749 largitus
919 687 1020 732 est.
1052 673 1368 744 Complures
1407 682 1584 726 autem
1612 679 1731 739 post
1755 677 1928 723 ortum
1954 681 2055 736 qua

457 772 715 826 carebant
745 777 1024 824 venustate
1054 766 1246 822 induit.
1283 765 1452 820 Porro
1478 778 1544 818 ex
1571 762 1691 831 ipso
1714 760 1820 815 situ
1846 773 2058 829 quoque

454 865 706 918 decorem
762 862 1090 932 perspicies;
1119 855 1566 929 quemadmodum
1595 854 1647 907 in
1672 852 1840 908 oculis
1858 891 1879 920 ,
1915 850 2058 922 quod

457 956 511 1009 iii
558 955 773 1008 sublimi
807 954 924 1008 loco
953 953 1124 1007 instar
1165 950 1316 1005 iridis
1357 947 1513 1018 positi
1563 946 1704 1010 sint,
1735 944 1877 1015 quod
1918 943 2060 997 intus

459 1055 728 1101 tornatam
777 1042 1202 1106 rotunditatem,
1253 1041 1494 1096 colorum
1525 1037 1848 1102 mixturam,
1899 1047 2061 1088 accu-

458 1146 630 1191 ratam
658 1133 906 1200 l‘ormam,
933 1134 1346 1205 germanitatem
1370 1172 1385 1198 ,
1416 1129 1797 1201 ingenuitatem
1838 1135 1894 1183 et
1934 1140 2063 1181 can-

459 1229 646 1283 dorem
701 1227 952 1283 habeant.
1008 1225 1140 1292 Sed,
1176 1224 1378 1294 inquiet
1432 1220 1663 1290 aliquis,
1721 1216 2062 1289 pulchritudo

465 1320 850 1377 ol'l'eudiculuni
891 1319 1007 1372 luit.
1053 1318 1167 1372 Non
1215 1322 1432 1385 propter
1469 1309 1876 1383 pulchritudinis
1905 1319 2062 1363 natu-

460 1430 574 1467 ram
604 1414 657 1467 id
705 1412 962 1483 contigit,
1008 1409 1102 1465 sed
1148 1424 1244 1478 per
1293 1407 1557 1477 ignaviain
1600 1418 1785 1458 eorum
1831 1402 1921 1472 qui
1969 1402 2062 1455 illa

460 1507 763 1576 Capiuntur.
798 1506 932 1559 Dicit
949 1503 1095 1559 enim
1119 1500 1393 1570 Scriptura
1420 1517 1433 1552 :
1462 1497 1544 1551 Ne
1568 1496 1807 1566 respicias
1834 1493 2060 1565 pulchri-

459 1599 685 1651 tudinem
719 1598 952 1650 ali‘cnam
983 1592 1191 1665 (Ereti.
1219 1591 1271 1646 9.
1304 1589 1401 1661 8).
1435 1589 1553 1643 Non
1597 1587 1730 1642 dixit
1777 1584 2021 1639 absolute
2044 1625 2062 1650 ,

463 1689 546 1743 Ne
590 1689 832 1758 respicias
878 1685 1306 1756 putcliritudinem
1333 1699 1352 1737 :
1377 1682 1473 1738 sed
1519 1677 1764 1740 addidit,
1807 1676 2059 1729 Alienum.

462 1785 641 1848 Quare
689 1779 868 1834 laudat
918 1793 1013 1834 eos
1055 1776 1144 1846 qui
1203 1773 1415 1843 prppria
1469 1771 1715 1826 fruuntur
1764 1775 2061 1823 venustate.

460 1875 569 1929 Cur
613 1873 756 1929 enini
802 1871 968 1926 decor
1014 1867 1306 1937 .Iosephum
1354 1878 1460 1918 non
1510 1857 1909 1931 pessumdcdit,
1965 1869 2065 1909 nec

461 1966 715 2036 ignavum
741 1962 941 2025 eﬁ‘ecit,
971 1974 1072 2014 nec
1100 1957 1326 2028 replevit
1349 1953 1552 2008 insania
1581 1959 1636 2005 et
1661 1948 1841 2003 fastu?
1883 1946 2062 2009 Cerva,

461 2057 650 2126 inquit,
677 2053 916 2107 amicitia:
957 2060 1002 2105 et
1048 2049 1219 2120 pullus
1268 2046 1547 2114 gratiarum
1595 2051 1794 2092 tuarum
1845 2047 2066 2091 versetur

462 2149 661 2220 tecnm(
685 2146 838 2200 Prov.
869 2145 922 2199 5.
961 2142 1030 2197 19
1054 2143 1092 2210 ).
1128 2135 1477 2194 Puleliritudo
1504 2134 1662 2188 etiam
1687 2131 1956 2185 vinculum
1978 2137 2062 2183 est

469 2242 779 2310 nuptiarum
806 2279 822 2302 ,
864 2246 923 2290 ut
950 2235 1161 2290 scilicet
1192 2229 1437 2283 homines
1478 2222 1754 2293 impotenti
1781 2235 2062 2290 corporum

461 2308 734 2388 desiderio
783 2330 1092 2396 llagrareiit.
1147 2321 1277 2376 Nam
1332 2333 1450 2373 cum
1509 2316 1648 2369 Deus
1696 2309 1852 2366 nobis
1925 2308 2069 2363 illius

465 2422 788 2476 laboriosam
816 2433 881 2472 ac
913 2416 1162 2470 miseram
1201 2410 1551 2470 adornasset,
1581 2403 1827 2457 solatium
1855 2414 2065 2470 quoque

460 2512 674 2583 aliquod
714 2509 952 2564 donavit.
995 2506 1130 2561 Iliuc
1169 2502 1321 2557 nobis
1361 2499 1529 2554 fomes
1572 2491 1871 2551 dilectionis
1905 2483 2071 2540 vitam

459 2580 581 2676 quae
607 2603 786 2658 omnia
823 2597 1214 2668 complectitur.
1244 2593 1402 2648 Multa
1427 2589 1622 2659 quippe
1661 2600 1786 2640 cura
1836 2580 2066 2652 providit

465 2675 605 2750 Deus
647 2709 709 2748 ae
736 2691 951 2758 eiii-cit,
980 2698 1039 2742 ut
1087 2686 1390 2754 nuptiarum
1443 2678 1711 2733 vinculum
1763 2675 1972 2727 ﬁrmuin
2002 2686 2066 2726 ac

461 2788 746 2844 infractum
787 2792 1049 2839 maneret.
1099 2783 1200 2844 At,
1253 2777 1455 2844 inquiet
1503 2771 1677 2833 idem,
1729 2765 2066 2836 pulchritudo

461 2877 749 2935 oﬂctisiOIIi
777 2876 845 2930 ab
878 2875 1027 2928 initio
1056 2871 1175 2924 fuit.
1234 2867 1470 2920 Videiilcs
1514 2863 1645 2915 enim
1685 2860 1778 2927 ﬁlii
1807 2857 1904 2909 Dei
1931 2855 2064 2922 ﬁlias

464 2972 762 3032 hominum,
792 2965 931 3036 quod
957 2971 1118 3018 essent
1156 2960 1404 3029 pulchrw,
1434 2960 1732 3019 accept-runt
1776 2948 1867 3000 sibi
1893 2948 1910 3016 (
1934 2944 2066 2999 Gen.

462 3065 517 3122 ὃ.
553 3064 589 3118 2
612 3064 652 3133 ).
685 3058 1078 3116 Oliendieuliim
1113 3067 1218 3105 non
1259 3050 1356 3102 fuit
1405 3045 1653 3116 species,
1703 3040 1798 3094 sed
1851 3039 2063 3091 illorum

467 3129 875 3211 incontinentia.
932 3147 1098 3202 Filias
1137 3142 1280 3197 enim
1326 3154 1432 3192 non
1473 3136 1592 3189 ideo
1626 3133 1763 3186 Deus
1792 3129 2062 3198 speciosas

466 3249 688 3309 fecerat,
729 3251 790 3296 ut
827 3239 1163 3308 impudentes
1212 3233 1437 3294 ﬁerent,
1469 3227 1561 3281 sed
1605 3232 1663 3277 ut
1703 3219 2067 3290 unusquisque

464 3353 618 3392 suam
642 3334 937 3387 adniti-aret.
960 3328 1024 3380 Et
1045 3325 1399 3392 intelligentes,
1420 3318 1610 3386 inquit,
1631 3316 1682 3367 in
1708 3314 1843 3366 omni
1863 3311 2064 3379 sapien-

464 3430 536 3482 tia
566 3445 583 3480 :
615 3425 666 3479 id
714 3431 826 3487 est,
860 3418 1129 3474 studiosos
1172 3423 1228 3468 et
1268 3410 1444 3465 omnis
1492 3403 1767 3473 sapientiae
1797 3416 2021 3470 capaces
2050 3416 2065 3452 :

467 3529 521 3572 iit
551 3518 752 3571 doceret
779 3530 866 3567 eos
895 3513 1068 3564 literas
1095 3516 1145 3563 et
1192 3505 1418 3575 linguam
1442 3496 1822 3555 Chaldteornm.
1853 3492 2065 3563 Moyses

466 3608 682 3679 quidem
711 3621 832 3660 cum
857 3608 1005 3658 esset
1025 3613 1161 3653 unus
1190 3612 1221 3651 e
1250 3595 1430 3664 vulgo,
1459 3600 1516 3644 ut
1542 3604 1633 3643 rex
1655 3585 1917 3641 enutritus
1945 3593 2027 3638 est
2051 3600 2064 3635 :

470 3678 524 3756 lii
557 3713 685 3756 vero
709 3711 829 3753 cum
861 3711 924 3750 ex
955 3693 1122 3760 stirpe
1147 3688 1289 3758 regia
1319 3685 1424 3741 orti
1454 3688 1670 3746 essent,
1718 3678 1857 3731 inter
1885 3690 2070 3730 servos

470 3793 673 3848 heriles
713 3786 1102 3844 educabantur.
1156 3777 1388 3834 Pulchre
1435 3774 1706 3844 provisum
1750 3778 1872 3834 est,
1907 3776 1964 3820 ut
1993 3765 2070 3820 illi

469 3884 741 3940 discerent
771 3880 954 3934 literas
980 3884 1036 3930 et
1061 3873 1298 3942 linguam
1323 3865 1697 3923 Chaldaeorum
1718 3903 1734 3929 ,
1774 3876 1843 3916 ne
1868 3860 2071 3915 scilicet

468 3973 686 4046 quando
729 3969 914 4025 Daniel
944 3967 1015 4022 de
1041 3964 1247 4035 magnis
1277 3961 1383 4016 illis
1414 3959 1573 4014 rebus
1593 3969 1716 4010 cum
1744 3969 1868 4024 rege
1894 3953 2073 4023 loquu-

469 4080 621 4123 turus
645 4073 810 4129 esset,
841 4059 1035 4130 aliquis
1065 4053 1430 4112 interveniens
1462 4047 1704 4104 nonnihil
1735 4061 1922 4101 eorum
1951 4061 2070 4114 qua:

469 4158 777 4214 dicerentur
796 4153 1137 4221 depravaret.
1161 4147 1402 4214 Quanam
1424 4150 1604 4196 autem
1625 4139 1692 4193 de
1712 4151 1871 4193 causa
1895 4137 2072 4189 adhuc

472 4247 525 4306 id
558 4248 660 4304 ﬁt?
689 4247 757 4302 Ut
803 4244 1072 4312 intelligas
1102 4239 1245 4294 illius
1274 4234 1664 4307 philosophiam
1689 4275 1704 4300 ,
1736 4241 1793 4286 et
1817 4231 1997 4285 statim
2041 4245 2073 4282 a

471 4343 737 4416 principio
782 4338 966 4393 videas
1003 4348 1112 4404 quo
1143 4340 1299 4402 pacto
1340 4338 1527 4383 ventre
1570 4325 1744 4395 potior
1784 4326 1873 4377 sit.
1924 4323 2073 4376 Alius

471 4413 671 4507 quippe
719 4432 947 4487 dixisset
983 4445 998 4483 :
1044 4425 1299 4496 Captivos
1343 4435 1502 4484 sum;
1535 4417 1679 4472 nullo
1723 4415 1828 4468 alio
1857 4429 1919 4468 ex
1954 4413 2073 4467 loco

473 4505 775 4582 necessaria
821 4521 886 4577 ad
935 4519 1134 4573 victum
1180 4515 1310 4570 milii
1360 4509 1801 4580 suppeditantur,
1854 4505 2074 4558 omnino

475 4621 714 4686 ignoscet
744 4615 902 4669 Deus.
935 4614 1005 4666 At
1035 4625 1142 4663 non
1184 4608 1255 4660 ita
1307 4605 1410 4660 istc
1441 4621 1455 4658 :
1483 4616 1590 4656 non
1641 4598 1784 4654 enim
1811 4595 2075 4651 mercedis

475 4708 703 4774 alicujus
754 4701 963 4775 gratia,
994 4709 1085 4754 aut
1131 4714 1196 4753 ex
1258 4697 1452 4750 timore
1505 4699 1744 4750 tantum,
1773 4687 1866 4740 sed
1917 4686 2074 4739 etiam

477 4814 542 4852 ex
574 4796 796 4848 caritate
845 4793 954 4845 Deo
981 4789 1264 4843 serviebat.
1314 4784 1473 4839 Multa
1503 4796 1626 4836 cura
1671 4779 1926 4833 educatus
1954 4785 2074 4839 est,

479 4904 583 4944 nec
615 4887 776 4940 breve
806 4891 1020 4949 tempus
1060 4879 1112 4931 in
1151 4875 1325 4930 studia
1375 4873 1678 4942 insumpsit.
1734 4870 1866 4923 Tres
1908 4881 2077 4921 annos

490 4975 1003 5051 philosophabantnr
1050 4977 1106 5023 et
1149 4976 1260 5019 tres
1310 4978 1480 5018 annos
1529 4961 1858 5031 jejunabaut.
1917 4957 2078 5012 Vides

485 5048 868 5139 prudentiam?
901 5059 1000 5116 Ubi
1039 5057 1290 5112 cautione
1329 5067 1468 5122 opus
1494 5061 1616 5117 est,
1659 5048 1815 5105 valde
1861 5056 2079 5102 exactus

480 5173 594 5225 est,
631 5159 876 5228 provisus
904 5167 966 5207 ac
994 5151 1446 5216 circumSpect-us;
1479 5158 1579 5197 nec
1611 5153 1813 5197 temere
1841 5141 2077 5210 seipsum

481 5251 701 5321 conjicit
722 5289 738 5313 ,
787 5247 883 5301 sed
924 5243 1187 5313 supplicat
1207 5255 1268 5294 ac
1293 5247 1539 5308 precatur
1570 5251 1582 5287 :
1611 5234 1698 5287 ubi
1725 5249 1853 5287 vero
1875 5234 2077 5286 nullum

484 5347 864 5404 detrimentum
913 5349 1034 5403 est,
1090 5338 1321 5407 linguam
1377 5330 1656 5386 barbaram
1711 5337 1766 5381 ct
1821 5325 2080 5395 ejusmodi

485 5439 807 5511 sapientiam
833 5434 1042 5489 discere
1071 5446 1177 5486 non
1205 5427 1413 5490 renuit;
1444 5439 1550 5478 non
1579 5420 1719 5476 enim
1745 5418 1945 5472 crimen
1972 5427 2084 5471 erat

490 5509 629 5587 hanc
651 5530 860 5585 discere
879 5567 894 5591 ,
926 5537 1114 5578 verum
1136 5537 1198 5576 ea
1221 5520 1318 5573 uti.
1347 5518 1438 5574 Sic
1461 5514 1733 5585 praecipue
1759 5509 2086 5577 intelligebat

490 5625 808 5693 Sapientiam
840 5632 991 5672 suam
1027 5631 1042 5668 :
1079 5623 1238 5682 atque
1270 5612 1461 5665 itenini
1489 5623 1555 5662 ex
1581 5601 1999 5670 comparatione,
2029 5607 2089 5653 ut

489 5716 724 5770 disceret
761 5710 963 5765 nullam
1011 5719 1132 5760 esse
1179 5702 1492 5769 sapientiam
1526 5699 1796 5753 Hebraicis
1836 5694 2084 5757 similem,

497 5817 662 5880 utque
705 5805 893 5862 fortior
919 5800 1187 5859 evaderet.
1227 5795 1379 5861 Quod
1408 5795 1449 5850 si
1491 5793 1539 5848 id
1587 5791 1768 5846 fuisset
1809 5789 2083 5852 iniquum,

1177 375 1235 431 S.
1279 370 1557 430 JOANNIS
1592 366 2071 425 Clll’tYSOSTOBl
2108 367 2429 426 ARCHIEP.
2469 368 3012 427 CONSTANTINOP.

3666 396 3776 451 196

2170 485 2240 540 ibi
2268 486 2507 556 proiecto
2533 487 2834 553 restitisset,
2871 499 3030 559 atque
3055 488 3191 545 adeo
3218 502 3588 560 repugnasset.
3611 492 3776 548 Vides

2162 578 2304 632 illius
2329 580 2552 635 virtutes
2579 579 2648 634 ab
2677 581 2865 636 eadem
2888 581 3092 650 origine
3121 583 3467 650 proﬂuxisse,
3497 599 3565 636 ex
3594 600 3699 651 qua
3739 584 3770 638 ii

2161 670 2252 740 qui
2276 672 2443 728 ventri
2469 672 2763 743 indulgent,
2786 689 2852 729 ex
2875 690 2975 742 qua
2995 674 3029 728 ii
3050 675 3275 745 quiallia
3302 675 3594 746 praeferunt
3617 693 3772 730 mau-

2165 764 2288 816 nai?
2314 764 2441 820 Inde
2468 766 2653 823 Daniel
2694 782 2815 821 cum
2859 777 3004 824 esset
3047 777 3234 837 ortus,
3279 769 3660 840 philosOplinm
3716 785 3774 825 se

2165 871 2297 913 esse
2344 859 2598 915 ostendit.
2631 859 2686 916 6.
2727 880 2746 914 ι
2775 863 2840 917 Et
2885 862 2937 916 in
2979 863 3063 918 his
3103 863 3318 920 luerunt
3345 865 3411 920 de
3438 866 3563 920 ﬁliis
3603 866 3768 928 Juda,

2166 947 2389 1016 Daniel,
2439 959 2495 1005 et
2539 951 2798 1019 Ananias,
2848 962 2903 1008 ct
2955 954 3200 1022 Azarias,
3253 965 3307 1009 et
3359 955 3571 1010 Mizael.
3611 958 3665 1010 7.
3713 958 3777 1010 Et

2171 1044 2425 1113 imposuit
2467 1044 2545 1100 eis
2590 1046 2806 1101 nomina
2851 1047 3173 1117 praepositus
3219 1049 3620 1109 cunuchorum;
3676 1051 3773 1102 Ila-

2165 1133 2291 1188 nieli
2339 1134 2595 1204 quidem,
2640 1135 2930 1202 Baltasar;
2983 1147 3038 1193 et
3087 1139 3309 1193 Ananiae
3337 1137 3690 1203 Sedraclius;
3721 1149 3775 1194 ιιι

2165 1226 2373 1282 ΔΖῖΙΓίίΒ
2396 1269 2412 1291 .
2461 1227 2786 1300 Abdenago;
2819 1239 2872 1284 et
2910 1230 3136 1297 Misaeli,
3167 1231 3453 1286 lllisacln:s.
3485 1252 3502 1283 ι
3542 1233 3771 1297 Danieli,

2168 1319 2358 1390 inquit,
2392 1321 2644 1388 imposuit
2699 1338 2894 1378 nomen
2948 1323 3211 1378 Baltasar.
3249 1324 3322 1378 Ita
3371 1341 3592 1395 quoque
3639 1325 3777 1380 deus

2168 1413 2383 1468 illorum
2413 1416 2705 1469 vocabatur
2732 1434 2746 1469 :
2770 1416 2896 1485 quin
2926 1417 3104 1486 pctius
3129 1418 3207 1472 sic
3231 1418 3610 1488 appellabatur
3635 1418 3775 1473 ﬁlius

2168 1504 2327 1574 regis.
2357 1506 2601 1560 Aususne
2641 1515 2725 1560 est
2780 1507 2942 1575 igitur
2988 1508 3258 1576 captivum
3314 1509 3506 1565 eodem
3552 1513 3776 1566 nomine

2170 1595 2722 1665 insignirc‘lProrsus
2762 1598 2816 1653 id
2855 1614 3017 1655 ausus
3062 1611 3178 1667 est;
3226 1603 3326 1658 nisi
3371 1605 3511 1669 quod
3553 1621 3661 1659 non
3692 1617 3777 1660 est:

2169 1685 3159 1757 idemnomen(a)acdecus,sedmulta
3187 1693 3469 1749 intercedit
3515 1696 3775 1750 dill'eren-

2169 1779 2261 1842 tia,
2289 1779 2428 1832 sicut
2474 1777 2527 1831 in
2568 1777 2837 1847 Josepbo,
2865 1779 3108 1836 adoravit
3173 1796 3297 1838 eum
3351 1795 3506 1853 pater
3574 1786 3772 1853 ipsius.

2167 1869 2273 1924 Sed
2305 1868 2435 1940 quid
2463 1870 2661 1938 magni,
2687 1885 2882 1924 nomen
2927 1871 3058 1925 illud
3081 1871 3131 1926 ei
3158 1872 3379 1926 inditum
3404 1875 3567 1928 esse?
3593 1890 3776 1929 nonne

2169 1960 2330 2014 etiam
2369 1959 2529 2014 hodie
2555 1960 2693 2015 inter
2712 1961 2950 2030 plebeios
2975 1961 3220 2015 videmus
3242 1978 3428 2032 rogum
3458 1966 3778 2020 nominibus

2168 2052 2425 2119 appellari
2457 2054 2691 2108 multos?
2712 2056 2781 2108 At
2804 2071 2908 2108 non
2935 2053 2988 2108 in
3017 2055 3182 2124 regia,
3206 2055 3348 2112 dicet
3371 2057 3586 2125 aliquis.
3608 2058 3781 2128 Cujus

2169 2150 2345 2195 autem
2371 2143 2444 2195 rei
2471 2143 2638 2208 gratia
2672 2143 2948 2198 nominum
2972 2145 3072 2198 ista
3100 2146 3322 2199 mutatio
3346 2145 3441 2199 ﬁt?
3461 2149 3660 2214 Aspice
3686 2166 3775 2203 res

2170 2231 2401 2301 undique
2432 2232 2667 2303 disponi.
2699 2234 2814 2289 Non
2843 2235 2986 2290 videt
3015 2236 3284 2290 somnium
3310 2252 3424 2303 rex,
3457 2239 3778 2307 priusquam

2171 2336 2278 2379 tres
2308 2324 2381 2380 illi
2409 2328 2533 2380 anni
2562 2329 2811 2396 completi
2845 2329 2972 2382 sint.
3003 2329 3164 2386 Vides
3205 2331 3597 2399 providentiam
3639 2333 3782 2389 Dei?

2167 2414 2276 2472 Cur
2299 2417 2494 2486 igitur?
2514 2419 2582 2474 Ut
2607 2421 2794 2486 majori
2820 2421 3062 2477 libertate
3088 2423 3338 2493 loquendi
3365 2423 3550 2478 Daniel
3572 2422 3776 2481 fruere-

2171 2516 2278 2562 tur.
2315 2509 2404 2573 At,
2431 2509 2624 2564 dixerit
2643 2511 2857 2579 aliquis,
2883 2512 3216 2568 manifestius
3239 2515 3290 2568 in
3319 2515 3675 2568 admirationi-
3708 2533 3773 2569 ac

2168 2599 2413 2655 claritate
2433 2594 2625 2651 fuisset
2635 2598 2843 2670 Daniel,
2856 2599 2900 2655 si
2912 2611 3038 2655 ante
3051 2597 3284 2652 tresillos
3295 2612 3468 2653 annos
3481 2599 3557 2655 Na
3565 2603 3777 2659 hocho-

2168 2689 2404 2745 donosor
2431 2688 2695 2743 somnium
2723 2688 2966 2744 vidisset.
3015 2691 3173 2760 Atqui
3206 2691 3440 2745 edictum
3472 2692 3606 2745 illud
3637 2707 3742 2745 con
3769 2722 3774 2725 -

2170 2791 2254 2837 trs
2294 2797 2490 2853 pueros
2532 2781 2800 2852 prolatum
2834 2797 2940 2837 non
2987 2781 3176 2836 fuisset
3213 2799 3228 2835 ε
3258 2784 3416 2837 aliter
3455 2791 3638 2839 autem
3669 2796 3782 2838 ec

2171 2873 2374 2927 Danieli
2405 2873 2666 2927 creditum
2693 2881 2854 2927 esset.
2884 2872 3172 2940 Propterea
3201 2874 3254 2926 in
3282 2873 3459 2941 parvis
3479 2889 3543 2927 ac
3561 2874 3772 2941 exiguis

2170 2963 2332 3018 rebus
2366 2963 2644 3017 eunuchus
2675 2962 3065 3016 benevolentia:
3108 2963 3201 3016 Dei
3231 2977 3356 3032 erga
3389 2962 3511 3016 illos
3555 2963 3769 3029 pericuo

2170 3057 2277 3110 lum
2307 3055 2450 3118 facit,
2482 3064 2540 3108 ut
2566 3055 2779 3123 quando
2803 3054 2870 3108 de
2893 3051 3186 3121 majoribus
3217 3053 3382 3108 rebus
3403 3053 3552 3107 illum
3583 3065 3775 3122 postn-

2172 3150 2417 3212 laverint,
2447 3147 2694 3201 difﬁdens
2723 3161 2827 3200 non
2862 3155 3101 3215 respuat,
3132 3146 3199 3200 let
3230 3153 3289 3199 ut
3313 3145 3526 3200 discant
3558 3161 3623 3200 ea
3669 3146 3775 3199 lin-

2171 3257 2271 3308 gua
2320 3240 2519 3309 cpiime
2561 3239 2728 3308 loqui,
2784 3237 2852 3292 ad
2906 3237 3166 3306 majorem
3218 3236 3470 3291 nimirum
3523 3236 3785 3293 ﬁduciam

2171 3333 2543 3388 obtinendam.
2583 3333 2771 3387 Nonne
2799 3329 2948 3386 vides
2990 3330 3174 3385 Davidi
3206 3329 3256 3384 id
3287 3330 3608 3397 contigisse,
3651 3347 3776 3384 cum

2173 3439 2265 3477 rex
2311 3424 2436 3477 Saiil
2467 3423 2535 3477 de
2575 3425 2736 3477 rebus
2771 3437 2837 3477 ex
2875 3429 3034 3477 nitate
3074 3421 3346 3491 judicans,
3392 3421 3466 3475 illi
3495 3422 3777 3490 pollicenti

2172 3512 2315 3582 quod
2343 3513 2698 3582 alienigenam
2730 3511 3111 3566 interfecturus
3139 3521 3307 3576 esset,
3336 3511 3494 3566 ﬁdem
3538 3527 3646 3565 non
3680 3512 3780 3565 ha-

2177 3604 2324 3657 buit?
2351 3605 2426 3659 De
2451 3615 2650 3659 cietero
2676 3603 2896 3657 adverte
2927 3603 3202 3658 Danielem
3240 3603 3467 3657 instituti
3509 3617 3574 3657 ac
3610 3613 3778 3657 sectae

2175 3695 2467 3750 barbariem
2494 3711 2710 3750 causam
2737 3703 2792 3750 et
2818 3695 3080 3749 rationem
3110 3694 3464 3750 intellexi-sse.
3503 3695 3778 3748 Barbaro-

2175 3804 2293 3843 rum
2319 3788 2516 3857 quippe
2542 3787 2852 3857 disciplinas
2881 3795 3136 3842 accurate
3170 3785 3476 3842 didicerunt
3515 3786 3704 3841 Moses
3723 3796 3781 3839 et

2178 3882 2382 3936 Daniel.
2416 3881 2495 3935 Ne
2530 3882 2674 3935 enim
2715 3880 3014 3952 ignorantia
3053 3879 3296 3946 adducti,
3327 3889 3650 3949 putarentur
3680 3895 3778 3932 sua

2177 3974 2366 4028 alienis
2418 3972 2674 4043 praeferre
2723 3990 2736 4026 :
2785 3987 2848 4026 ea
2890 3969 3136 4040 permisit
3183 3969 3324 4034 illis,
3371 3969 3533 4024 etiam
3582 3969 3781 4025 aliena

2177 4065 2416 4120 scientiae
2457 4064 2742 4132 participes
2775 4062 2886 4117 ﬁeri
2918 4079 2932 4114 :
2967 4070 3019 4114 ut
3051 4061 3268 4130 quando
3309 4060 3510 4114 videris
3537 4075 3635 4114 seu
3678 4077 3778 4129 po—

2179 4158 2284 4212 tius
2311 4156 2546 4211 audieris
2578 4155 2778 4210 Mosein
2803 4153 3094 4219 dicentem,
3130 4151 3252 4206 Non
3277 4162 3349 4207 est
3376 4153 3629 4222 sapientia
3651 4169 3781 4220 qua-

2179 4251 2240 4306 lis
2262 4259 2434 4304 nostra
2458 4248 2633 4318 (Dent.
2658 4245 2735 4318 4),
2761 4261 2864 4300 non
2893 4245 3266 4314 pr0pensionis
3293 4260 3389 4298 nec
3417 4244 3616 4296 amoris
3642 4260 3777 4297 cen~

2177 4357 2299 4395 scas
2323 4355 2442 4394 esse
2468 4339 2809 4397 sententiam.
2841 4336 2936 4391 sed
2965 4336 3092 4390 recti
3115 4335 3318 4404 judicii.
3369 4335 3500 4388 Nam
3531 4334 3638 4386 diei
3673 4350 3774 4386 nc-

2178 4433 2294 4500 quit
2335 4430 2608 4484 Danielem
2654 4427 2779 4483 odio
2830 4443 2956 4496 erga
2994 4435 3356 4495 prasceptores
3401 4425 3662 4478 resiliisse
3709 4427 3781 4478 ah

2180 4523 2389 4576 illorum
2415 4520 2680 4573 doctrina.
2705 4517 2877 4571 Amlio
2898 4518 3062 4578 enim,
3090 4516 3262 4569 Moses
3287 4524 3342 4568 et
3373 4514 3577 4576 Daniel,
3607 4515 3788 4568 multo

2182 4613 2383 4665 honore
2413 4611 2477 4663 ab
2504 4608 2770 4664 extraneis
2798 4607 3124 4667 afﬁciuntur,
3173 4616 3225 4659 ct
3257 4617 3430 4656 tamen
3460 4607 3636 4672 gentis
3667 4622 3782 4657 sum

2181 4706 2416 4760 instituta
2448 4709 2800 4771 anteponunt.
2834 4701 2900 4754 Et
2929 4698 3029 4752 hoc
3070 4708 3153 4752 est
3181 4697 3321 4765 quod
3367 4711 3487 4749 cum
3538 4696 3779 4750 admira-

2183 4796 2327 4850 tione
2373 4795 2441 4848 de
2482 4793 2626 4846 Mose
2664 4791 2874 4845 dicebat
2905 4790 3099 4844 Paulus
3127 4805 3141 4842 :
3173 4787 3294 4841 Non
3322 4788 3470 4857 elegit
3506 4789 3783 4857 temporali

2236 4938 2319 5048 (sit)
2355 4937 2549 5004 Cra-ce,
2588 4937 2709 4991 πλὴν
2752 4935 2838 5002 of»:
2882 4935 2983 5000 ἕσςτι
3017 4934 3070 4980 τὸ
3108 4934 3223 4980 αὐτὸ
3254 4935 3430 4995 ὄνομα,
3480 4941 3580 4982 etc.
3631 4933 3765 4983 Nihil

2272 5012 2332 5047 eo
2358 5011 2453 5044 lllSl
2487 4996 2809 5048 exscriptoris
2848 4992 3160 5048 indiligentia
3207 4995 3385 5044 factum
3432 5009 3573 5048 esse,
3619 5003 3670 5040 ut
3706 4998 3765 5043 ad

2184 4992 2332 5049 video
2358 4995 2453 5044 nisi
2487 4992 2810 5056 esscriptoris
2848 4992 3160 5056 indiligentia
3207 4992 3385 5044 factum
3432 5009 3573 5051 esse,
3619 5003 3670 5040 ut
3706 4998 3769 5043 ad

2185 5075 2275 5109 nos
2329 5071 2499 5105 manca
2550 5054 2874 5117 pervenerint
2920 5055 3323 5117 eloquentissimi
3383 5056 3536 5117 Patris
3595 5057 3766 5105 verba.

2185 5122 2389 5170 Scilicet
2410 5118 2526 5166 dum
2552 5116 2818 5177 ostendere
2852 5116 2957 5163 vult
2986 5118 3132 5176 longe
3166 5119 3450 5177 anipiiorcm
3495 5116 3651 5177 fuisse
3696 5118 3769 5164 ia-

2185 5197 2313 5230 mam
2343 5176 2602 5245 Daltasai'is
2622 5176 2779 5245 ἶΙιιιιςιέὶ
2815 5175 3553 5245 famaBaitasjiris'Babylonii,
3589 5190 3768 5245 exeni-

2186 5245 2318 5306 plum
2339 5238 2850 5306 _Josephi_adi_lu_xerat
2879 5236 3308 5306 eximiusﬂdoetor.
3349 5239 3566 5306 Uterque
3607 5236 3766 5292 enim,

2184 5298 2429 5356 Josephus
2453 5298 2508 5348 ac
2532 5298 2707 5346 Daniel
2728 5334 2740 5354 ,
2769 5300 2898 5345 servi
2941 5313 3052 5346 cum
3100 5300 3333 5355 fuissent,
3362 5311 3475 5344 eum
3523 5299 3767 5346 honorem

2186 5366 2438 5414 consecuti
2483 5368 2625 5417 sunt,
2672 5369 2724 5407 ut
2753 5361 2961 5416 adorari,
3007 5374 3142 5408 more
3174 5374 3341 5407 eorum
3378 5359 3623 5418 gentium,
3659 5374 3769 5407 me-

2188 5430 2404 5481 nierint;
2432 5424 2506 5469 hic
2535 5436 2561 5468 a
2587 5434 2727 5481 rege,
2761 5423 2875 5467 Dan.
2908 5421 2951 5478 ἑ,
2976 5421 3064 5478 ιδς
3097 5419 3183 5468 ille
3209 5434 3235 5466 a
3268 5427 3423 5480 patre,
3455 5423 3580 5467 (ἰριι.
3607 5420 3687 5477 57,
3714 5424 3765 5478 9,

2187 5495 2241 5536 et
2259 5488 2335 5545 l7,
2359 5487 2411 5532 31
2439 5498 2453 5549 _:
2477 5487 2527 5549 at
2555 5483 2773 5549 notarius
2796 5494 3085 5542 properatis,
3109 5493 3211 5549 rem
3234 5482 3452 5528 iudicare
3477 5488 3764 5549 contentus,

2189 5537 2333 5595 voces
2355 5542 2536 5594 omisit.
2573 5544 2686 5590 Ηιιιε
2710 5537 2978 5591 cst-nostra
3020 5541 3266 5601 suspicio,
3310 5555 3398 5586 seu
3436 5537 3600 5600 potius
3634 5537 3767 5589 divi;

2188 5611 2335 5673 natio,
2359 5619 2513 5673 _quam
2534 5606 2590 5673 in
2622 5605 2789 5673 medio
2827 5603 3172 5673 relinquimus.
3199 5603 3442 5673 Cirter‘um
3469 5602 3538 5673 de
3558 5604 3766 5662 Josephi

2187 5662 2697 5731 adora-tioneabunde
2729 5662 3078 5731 Tlieocbretus
3104 5665 3300 5731 Qus-est:
3326 5663 3384 5708 l9
3419 5662 3470 5731 in_
3508 5664 3766 5731 Ccpesmi,

2187 5738 2240 5780 et
2274 5735 2441 5794 noster
2478 5724 2622 5794 initio
2652 5725 2901 5794 Orationis
2943 5724 3003 5774 26
3038 5727 3088 5776 in
3115 5724 3384 5786 Epistulam
3410 5724 3470 5773 ad
3509 5724 3766 5783 Hebraeos,

2189 5803 2239 5842 et
2267 5787 2474 5841 llomilia
2507 5789 2568 5836 66
2595 5786 2649 5836 iii
2671 5786 2920 5838 Ccnesim.
