4016 6476
260 442 371 500 195

251 558 428 621 δειαν,
459 555 561 627 τὴν
589 557 936 628 γνησιότητα,
968 558 1028 611 τὸ
1057 558 1247 612 λευκὸν
1282 556 1438 615 εἶναι.
1457 559 1613 612 Ἀλλά
1648 559 1814 628 πρόσ-

252 677 442 729 κομμα
463 660 649 728 γέγονε
675 659 735 714 τό
755 662 968 725 κάλλος,
989 663 1142 733 φησι.
1158 664 1291 733 Οὐχὶ
1317 662 1466 731 παρά
1490 662 1586 732 τὴν
1611 660 1816 714 οἰκείαν

250 759 433 829 φύσιν,
461 762 594 814 ἀλλά
635 763 783 832 παρά
822 764 920 833 τὴν
965 765 1233 835 ρᾳθυμίαν
1276 766 1383 819 τῶν
1425 766 1810 834 ἁλισκομένων.

251 865 346 932 Μὴ
378 865 788 935 καταμάνθανε
834 868 960 936 γὰρ,
1006 870 1157 939 φησὶ,
1202 867 1429 935 κάλλος
1472 871 1810 937 ἀλλότριον.

250 972 364 1040 Οὐχ
405 972 592 1035 ἀπλῶς
632 968 771 1035 εἷπε,
820 969 914 1041 Μὴ
954 975 1368 1044 καταμάνθανε
1401 975 1643 1041 κάλλος,
1680 975 1814 1027 ἀλλά

252 1075 613 1146 προσέθηκεν,
631 1078 981 1145 Ἀλλότριον,
1008 1080 1084 1143 ὡς
1114 1081 1175 1134 τό
1203 1098 1265 1148 γε
1298 1083 1496 1135 οἰκείου
1526 1081 1813 1135 ἀπολαύειν

250 1178 410 1231 αίνεῖ.
446 1180 544 1231 Διά
574 1181 626 1234 τί
655 1182 759 1252 γάρ
784 1182 881 1235 οὐκ
910 1182 1291 1254 ἐξετραχήλισε
1320 1185 1410 1237 τὸν
1442 1184 1660 1254 Ἰωσὴφ,
1691 1183 1814 1238 οὐδὲ

257 1281 432 1349 βλᾶκα
454 1286 758 1355 είργάσατο,
772 1287 890 1339 οὐδὲ
910 1287 1204 1360 ἐνέπλησεν
1226 1288 1481 1352 ἀπονοίας
1501 1289 1593 1342 καὶ
1611 1289 1779 1358 τύφου
1796 1302 1811 1353 ;

258 1389 545 1455 Ἔλαφος,
577 1391 726 1457 φησὶ,
765 1392 989 1458 φιλίας,
1018 1391 1114 1445 καὶ
1158 1391 1357 1457 πῶλος
1407 1392 1534 1445 σῶν
1560 1392 1815 1460 χαρίτων

253 1493 527 1559 δμιλείτω
568 1508 684 1546 σοι.
728 1494 1030 1565 Σύνδεσμός
1060 1498 1172 1549 ἐστι
1198 1498 1289 1549 καὶ
1310 1497 1466 1549 τοῦτο
1492 1496 1584 1548 τοῦ
1610 1497 1811 1567 γάμου,

250 1592 393 1646 ὥστε
419 1594 552 1664 πρὸς
578 1594 645 1648 τὰ
669 1596 893 1666 σώματα
924 1598 1181 1669 ἐπτόηντο
1207 1602 1254 1652 οἱ
1286 1601 1577 1670 ἄνθρωποι.
1598 1600 1812 1671 Ἐπειδὴ

254 1698 361 1769 γὰρ
396 1698 647 1752 ἐπίπονόν
678 1718 796 1754 τινα
836 1702 927 1755 καὶ
974 1704 1244 1774 μοχθηρὸν
1281 1706 1406 1775 ἡμῖν
1448 1706 1812 1758 κατεσκεύασε

252 1803 344 1856 τόν
375 1803 509 1873 βίον,
548 1804 834 1877 ἐχαρίσατό
861 1826 982 1863 τινα
1016 1811 1107 1862 καὶ
1133 1811 1502 1881 παραμυθίαν.
1540 1811 1814 1865 Ἐντεῦθεν

250 1906 385 1976 ἡμῖν
409 1909 627 1979 ἀγάπης
672 1909 817 1965 ἐστὶν
856 1909 1183 1981 ὑπέκκαυμα
1213 1914 1311 1983 τῆς
1347 1912 1415 1965 τὰ
1443 1912 1617 1966 πάντα
1661 1910 1809 1984 [202]

254 2008 602 2083 συνεχούσης.
629 2014 803 2067 Πολλά
833 2016 939 2085 γὰρ
967 2015 1294 2069 ἐσπούδασεν
1322 2017 1350 2068 6
1376 2017 1507 2080 Θεὸς
1537 2015 1629 2070 καὶ
1652 2020 1817 2087 ἐπρα-

252 2114 618 2183 γματεύσατο,
642 2116 783 2170 ὥστε
811 2119 901 2172 τὸν
934 2117 1029 2173 τοῦ
1055 2121 1231 2190 γάμου
1264 2120 1558 2189 σύνδεσμον
1594 2122 1811 2192 ἀρραγῆ

255 2214 454 2283 μένειν.
510 2218 620 2270 Kal
660 2219 765 2291 μὴν
807 2220 983 2285 τοῦτο,
1046 2222 1197 2295 φησὶ,
1244 2222 1433 2291 γέγονε
1485 2220 1814 2294 πρόσκομμα

252 2318 406 2388 παρά
457 2320 553 2389 τὴν
599 2322 793 2393 ἀρχήν.
832 2325 1084 2390 Ἰδόντες
1129 2325 1237 2395 γὰρ
1282 2331 1335 2380 οι
1384 2326 1503 2381 υἱοὶ
1530 2329 1635 2382 τοῦ
1668 2328 1814 2382 Θεοῦ

252 2422 358 2487 τὰς
390 2424 711 2492 θυγατέρας
741 2428 859 2481 τῶν
880 2429 1154 2498 Ἐϐραίων
1184 2443 1208 2471 ιι
1248 2430 1308 2503 [ί.
1332 2431 1677 2503 ἀνθρώπων],
1728 2432 1815 2485 ὅτι

252 2526 436 2577 καλαί
480 2529 658 2594 είσιν,
704 2530 923 2585 ἔλαϐον
951 2534 1203 2598 ἑαυτοῖς.
1253 2535 1387 2605 Οὐχί
1422 2536 1578 2589 τοῦτο
1624 2532 1815 2603 γέγονε

253 2630 606 2701 πρόσκομμα,
639 2634 751 2687 ἀλλ’
780 2638 812 2705 ἠ
852 2638 1089 2704 ἀκρασία
1122 2638 1360 2691 ἐκείνων.
1416 2639 1600 2703 Καλάς
1644 2639 1814 2701 αύτάς

253 2732 527 2802 ἐποίησεν,
559 2736 653 2804 οὐχ
700 2737 785 2790 ἵνα
816 2740 1049 2803 ἀναιδεῖς
1087 2742 1141 2793 al
1195 2742 1486 2811 Θυγατέρες
1530 2742 1812 2809 γένωνταιν

253 2836 366 2890 ἀλλ’
389 2838 475 2890 ῖνα
502 2839 728 2903 ἕκαστος
758 2843 959 2914 στέργῃ
980 2844 1080 2914 τὴν
1108 2845 1320 2898 ἐαυτοῦ.
1348 2846 1457 2897 Καὶ
1476 2846 1811 2909 συνιέντας.

253 2939 441 3010 φησὶν,
470 2941 719 3011 ἐνπάσῃ
738 2947 951 3013 σοφίην
980 2949 1248 3011 τουτέστι,
1279 2950 1616 3013 σπουδαίους,
1647 2950 1817 3003 δεκτι-

254 3044 382 3108 κοὺς
410 3046 546 3116 πρὸς
568 3048 746 3100 πᾶσαν
775 3049 991 3118 σοφίαν⁶
1022 3051 1127 3105 τοῦ
1143 3050 1377 3115 διδάξαι
1405 3053 1623 3117 αὐτοὺς
1648 3051 1818 3121 πρύμ-

249 3164 409 3215 ματα
442 3149 539 3201 καί
570 3150 856 3218 γλῶσσαν
883 3154 1210 3208 Χαλδαίων.
1244 3156 1300 3209 ’0
1333 3157 1429 3225 μὲν
1461 3151 1552 3209 οὖν
1581 3157 1817 3224 Μωῦσῆς

254 3248 469 3321 ίδιιῖιτης
494 3251 587 3315 ὢν,
615 3252 688 3317 ὡς
728 3253 976 3323 βασιλεὺς
1022 3258 1228 3328 ἐτράφη
1246 3272 1259 3286 °
1287 3252 1428 3311 οὗτοι
1454 3257 1509 3310 δέ
1539 3259 1601 3311 ἐκ
1629 3259 1817 3326 γένους

251 3354 405 3418 ὄντες
433 3354 727 3425 βασιλικοῦ,
750 3363 808 3412 ἐν
833 3360 982 3427 τάξει
1004 3360 1201 3415 δούλων
1231 3361 1560 3415 δεσποτικῶν
1597 3359 1816 3432 ἀνετρέ-

252 3476 435 3524 φοντο.
463 3460 658 3524 Καλῶς
694 3466 1154 3535 προοικονομεῖται
1184 3466 1377 3529 αὐτοὺς
1415 3466 1603 3538 μαθεῖν
1639 3467 1817 3536 γράμ-

258 3578 402 3630 ματα
429 3563 522 3616 καὶ
545 3564 793 3630 γλῶσσαν
829 3566 1129 3631 Χαλδαίων,
1170 3568 1235 3621 ἵν’
1261 3568 1387 3621 ὅταν
1425 3569 1589 3639 μέλλῃ
1617 3568 1695 3638 τῷ
1726 3569 1809 3639 βα-

258 3664 399 3718 σιλεῖ
426 3666 764 3735 διαλέγεσθαι
786 3671 980 3742 Δανιὴλ
1010 3672 1134 3742 περὶ
1162 3672 1271 3725 τῶν
1302 3673 1549 3742 μεγάλων
1574 3673 1817 3738 ἐκείνων,

257 3768 447 3839 μηδεὶς
471 3772 673 3839 μεταξὺ
699 3776 1066 3844 παρεμπεσὼν
1088 3780 1367 3847 κακουργῇ
1390 3796 1443 3829 τι
1467 3776 1574 3829 τῶν
1597 3778 1820 3847 λεγομὲ⁴

257 3889 382 3925 νων.
414 3874 568 3938 Τίνος
595 3875 650 3929 δέ
692 3879 875 3932 ἕνεκεν
917 3884 1011 3933 καὶ
1047 3880 1202 3934 τοῦτο
1227 3882 1431 3949 γίνεται
1453 3900 1466 3948 ;
1492 3884 1609 3935 Ἴνα
1643 3882 1820 3953 μάθῃς

257 3976 423 4029 αὑτοῦ
454 3978 553 4049 τὴν
571 3980 904 4051 φιλοσοφίαν,
934 3985 1027 4037 καὶ
1060 3986 1175 4057 ίδῃς
1193 3986 1392 4049 εὐθέως
1415 3987 1473 4049 ἐξ
1504 3987 1678 4057 ἀρχῆς
1703 3988 1821 4050 πῶς

254 4078 521 4149 κρείττων
564 4083 678 4136 ἐστὶ
724 4085 979 4156 γαστρός.
1019 4087 1130 4140 Kal
1179 4088 1285 4157 μὴν
1326 4088 1508 4158 ἕτερος
1550 4083 1702 4142 εἶπεν
1732 4092 1817 4155 ἂν,

255 4184 606 4254 Αίχμάλωτός
628 4190 762 4259 είμι,
802 4192 1096 4260 οὐδαμόθεν
1124 4194 1229 4262 ἔχω
1262 4193 1357 4261 τὴν
1385 4196 1681 4261 ἀναγκαίαν
1706 4214 1822 4267 τρο⁴

260 4283 390 4355 φῆν,
427 4288 793 4355 συγγνώσεται
831 4295 1046 4357 πάντως
1081 4297 1109 4347 ό
1151 4296 1300 4357 Θεός.
1356 4296 1493 4349 Ἀλλ’
1522 4298 1619 4366 οὐχ
1649 4297 1821 4363 οὕτως

260 4382 443 4452 οὗτοςο
484 4391 543 4444 οὐ
572 4392 681 4465 γὰρ
710 4396 884 4466 μισθῷ
911 4414 1015 4451 τινι
1040 4399 1132 4451 καὶ
1176 4399 1323 4470 φόϐῳ
1352 4401 1530 4470 μόνον,
1560 4402 1697 4454 ἀλλά
1728 4402 1823 4455 καὶ

267 4492 453 4564 ἀγάπῃ
486 4495 727 4549 ἐδούλευε
769 4498 846 4569 τῷ
895 4500 1034 4570 Θεῷ,
1075 4502 1272 4571 πολλῆς
1314 4504 1602 4558 ἀπολαύων
1630 4506 1823 4575 ἐπιμε-

266 4594 435 4661 λείας,
469 4600 562 4651 xal
610 4600 638 4651 6
680 4601 868 4670 χρόνος
898 4603 957 4655 οὐ
1003 4604 1221 4675 βραχύς.
1250 4606 1385 4675 Ἔτη
1424 4607 1546 4677 τρία
1582 4608 1823 4677 ἐφιλοσό-

264 4714 418 4766 φουν,
448 4700 515 4753 τά
545 4702 668 4771 τρία
716 4703 809 4773 ἐτη
842 4706 1146 4777 ἐνήστευον.
1185 4708 1345 4778 Ὁρᾷς
1383 4711 1630 4777 σύνεσιν;
1656 4711 1821 4763 Ἔνθα

264 4803 363 4872 μιν
388 4805 552 4875 ἐχρῆν
587 4808 939 4875 φυλάξασθαι,
964 4812 1165 4880 σφόδρα
1193 4813 1443 4884 ἀκριϐὴς,
1478 4815 1570 4866 καὶ
1593 4831 1823 4885 προνοη-

260 4908 428 4971 τικδς,
460 4912 555 4962 καὶ
594 4913 689 4982 οὐχ
724 4914 909 4979 ἀπλῶς
955 4916 1287 4987 ἐπιρρίπτων
1323 4918 1531 4985 ἑαυτὸν,
1570 4919 1685 4973 ἀλλ’
1709 4922 1822 4977 ἱκε-

260 5011 432 5064 τεύων
470 5014 560 5065 καὶ
598 5014 881 5085 δεόμενος·
938 5019 1066 5074 ἔνθα
1110 5019 1167 5072 δὲ
1219 5021 1369 5075 οὐδὲν
1422 5022 1707 5087 ἔϐλαπτεν,
1759 5023 1819 5076 ού

264 5116 610 5186 παρῃτήσατο
639 5118 828 5187 μαθεῖν
860 5120 1104 5187 γλῶτταν
1139 5122 1471 5196 βαρῆαρικὴν
1504 5127 1597 5179 καὶ
1630 5126 1820 5196 σοφίαν

260 5218 531 5286 τοιαύτην.
582 5220 654 5271 υὺ
692 5220 801 5291 γάρ
846 5223 909 5291 δὴ
947 5224 1007 5276 τὸ
1048 5226 1235 5295 μαθεῖν
1269 5228 1516 5297 ἔγκλημα
1557 5225 1643 5298 ἦν,
1687 5230 1820 5283 ἀλλά

258 5320 319 5370 τὸ
346 5320 669 5389 χρήσασθαι.
703 5322 854 5376 Οὕτω
890 5326 1120 5392 μάλιστα
1157 5329 1352 5399 ἔμαθεν
1387 5332 1450 5384 ἂν
1486 5333 1590 5401 σὴν
1636 5332 1822 5400 σοφίαν

257 5424 356 5491 τὴν
399 5426 525 5493 παρ’
570 5426 770 5495 ἐαυτῴο
801 5427 907 5479 ἀπὸ
954 5434 1291 5500 συγκρίσεως
1324 5436 1502 5497 πάλιν,
1550 5436 1635 5488 ἵνα
1680 5438 1822 5506 μάθῃ

257 5523 337 5573 ὅτι
365 5524 461 5574 οὐκ
486 5524 598 5577 ἔστι
624 5527 779 5595 σοιρία
816 5529 969 5601 ἑτέρα
1005 5533 1093 5583 οἷα
1118 5536 1149 5602 ἡ
1180 5535 1465 5603 Ἐϐραίων,
1494 5540 1578 5589 ἵνα
1612 5541 1823 5608 ἰσχυρό-

314 5789 755 5871 ξ-ςίοῃᾷιιἏ-ιιοξιιὶε
779 5796 1367 5871 ογαίΗρὺθτῬευῐοροδῐ
1389 5804 1510 5855 forte
1539 5809 1736 5871 legnnd.
1768 5810 1830 5863 εἷς

250 5852 515 5911 θυγατέρας,
536 5864 631 5899 non
656 5856 701 5898 αἱ
721 5856 975 5914 θυγατέοες.

1622 439 1685 495 ΙΝ
1728 441 1811 494 DA
1824 436 2096 495 NIELEM.

3382 442 3494 501 196

1918 574 2071 628 τερος
2092 558 2197 627 εἴη.
2228 558 2337 611 Καὶ
2368 559 2470 629 μὴν
2485 561 2531 612 εί
2561 559 2654 614 καὶ
2682 558 2994 628 παράνομον
3016 552 3104 624 ἦν,
3130 557 3224 612 καὶ
3249 557 3483 616 ἐνταῦθα

1920 663 2049 733 ἔστη
2085 664 2151 717 ἂν
2187 665 2281 717 καὶ
2317 667 2636 734 ἠγωνίσατο.
2670 660 2822 729 Εἶδες
2851 667 2931 719 ὅτι
2967 664 3158 718 τούτου
3184 669 3238 718 al
3266 668 3477 735 ἀρεταὶ,

1919 766 2040 818 ὅθεν
2070 769 2118 820 οί
2159 769 2572 840 γαστρίμαργοι,
2605 769 2724 822 ὅθεν
2761 770 2809 822 οί
2863 768 3062 839 σκόρδα
3107 771 3480 838 προτιμῶντες

1919 868 2012 921 τοῦ
2043 872 2247 939 μάννας
2296 871 2571 925 Ἐντεῦθεν
2596 873 2624 925 6
2652 872 2846 943 Δανιὴλ
2871 871 2946 925 ὣν
2970 872 3256 941 φιλόσοφος
3281 870 3476 939 ἐφάνη.

1919 971 2025 1026 Καὶ
2076 975 2349 1043 ἐγένοντο
2390 976 2459 1030 ἐν
2487 976 2690 1042 αὐτοῖς
2725 976 2791 1029 ἐκ
2818 972 2933 1028 τῶν
2953 973 3100 1029 υἱῶν
3131 974 3336 1036 Ἰούδα,
3369 978 3479 1030 Δα-

1918 1075 2080 1144 νιὴλ.
2116 1079 2212 1132 καί
2261 1080 2553 1145 Ἀνανίας,
2600 1080 2701 1133 καὶ
2752 1077 3032 1145 Ἀζαρίας,
3064 1078 3162 1131 καὶ
3211 1078 3474 1145 Μισαήλ.

1919 1180 2029 1233 Καὶ
2072 1182 2362 1249 ἐπέθηκεν
2407 1183 2609 1247 αὐτοῖς
2647 1185 2680 1235 ὀ
2720 1178 3149 1253 ἀρχιευνοῦχος
3195 1183 3474 1251 ὀνόματα,

1918 1286 1999 1351 τῷ
2017 1286 2132 1354 μὲν
2144 1286 2366 1354 Δανιὴλ
2388 1290 2475 1341 Ba
2486 1284 2725 1353 ltdoap,
2754 1281 2850 1338 καὶ
2871 1285 2947 1349 τῷ
2974 1286 3203 1351 Ἀνανίᾳ
3231 1286 3475 1356 Σεδρὰχ,

1920 1391 2019 1445 καὶ
2048 1388 2127 1455 τῷ
2168 1388 2396 1456 Ἀζαρία
2428 1386 2791 1457 Ἀϐδεναγὼν
2832 1387 2956 1459 [πε.
3000 1386 3348 1459 ’Λσδεναγὼ],
3381 1391 3477 1443 καὶ

1920 1494 2001 1559 τῷ
2031 1492 2271 1559 Μισαὴλ
2317 1493 2537 1561 Μισάχ.
2577 1493 2668 1563 Τῷ
2710 1490 2927 1563 Δανιὴλ,
2975 1493 3130 1560 φησὶ,
3190 1492 3478 1564 Βαλτάσαρ

1922 1594 2184 1668 ἐπέθηκεν
2216 1596 2401 1668 ὄνομα.
2440 1599 2547 1651 Kal
2588 1600 2614 1650 6
2664 1597 2781 1659 θεὸς
2812 1594 2991 1650 αὐτῶν
3029 1594 3201 1660 οὕτως
3242 1596 3475 1663 ἐλέγετο,

1926 1700 2120 1771 μᾶλλον
2147 1702 2203 1755 δὲ
2227 1705 2255 1756 6
2280 1704 2389 1767 υίὸς
2418 1702 2509 1756 τοῦ
2538 1703 2798 1772 βασιλέως
2831 1700 3002 1764 οὓτως
3040 1700 3273 1769 ἐλέγετο.
3300 1699 3478 1755 Ἑτόλ-

1925 1821 2060 1874 μησε
2088 1804 2188 1858 κᾶν
2209 1800 2300 1858 οὖν
2324 1802 2414 1858 τὸν
2436 1805 2774 1875 αἰχμάλωτον
2795 1802 2936 1857 οὕτω
2967 1804 3211 1869 καλέσαις
3236 1803 3478 1857 Μάλιστα

1922 1908 2071 1978 [203]
2109 1909 2207 1978 μὲν
2243 1906 2335 1963 οῦν
2370 1910 2665 1980 ἐτόλμησεν
2692 1910 2785 1963 ἀν·
2827 1909 2963 1979 πλὴν
3000 1909 3101 1963 οὐκ
3129 1909 3243 1962 ἔστι
3264 1909 3324 1961 τὸ
3348 1908 3478 1961 αὐτὸ

1920 2010 2253 2080 ὅνομα,ἀλλά
2278 2009 2442 2080 πολλὴ
2471 2011 2504 2082 ἡ
2528 2011 2781 2083 διαφορὰ,
2807 2009 2992 2082 ὥσπερ
3018 2012 3110 2065 ἐπὶ
3134 2011 3226 2065 τοῦ
3257 2012 3473 2084 Ἰωσὴφ,

1921 2114 2318 2185 προσεκύνησεν
2342 2116 2500 2168 αὑτὸν
2533 2118 2561 2169 6
2592 2116 2774 2186 πατὴρ
2801 2113 2986 2169 αὐτοῦ.
3018 2116 3126 2169 Kal
3159 2116 3212 2168 τί
3251 2117 3390 2185 μέγα
3418 2114 3478 2167 τδ

1921 2217 2086 2289 ὄνομα
2130 2216 2285 2273 τοῦτο
2329 2221 2589 2292 κληθῆναι
2625 2220 2818 2285 αὑτόν;
2862 2219 2959 2291 οὐχ
3004 2219 3219 2291 ὁρῶμεν
3264 2220 3355 2273 καὶ
3384 2218 3479 2271 νῦν
3560 2290 3565 2296 ί

1920 2324 2033 2386 τοῖς
2087 2324 2194 2376 τῶν
2237 2324 2497 2393 βασιλέων
2542 2325 2796 2392 ὀνόμασιν
2850 2322 3065 2386 ἰδιώτας
3115 2322 3477 2392 καλουμένους

1924 2425 2183 2493 πολλούς;
2232 2426 2368 2479 Ἀλλ’
2402 2426 2500 2480 ούκ
2550 2427 2609 2479 ἐν
2639 2429 2751 2490 τοῖς
2792 2426 3098 2497 βασιλείοις,
3138 2425 3289 2494 φησί.
3324 2425 3479 2486 Τίνος

1921 2528 1976 2582 δέ
2013 2527 2195 2582 ἕνεκεν
2227 2532 2259 2600 ἡ
2293 2531 2400 2584 τῶν
2441 2531 2719 2600 ὀνομάτων
2760 2530 3028 2600 μεταϐολὴ
3061 2530 3300 2597 γίνεται;
3336 2530 3479 2599 Ὅρα

1923 2632 2182 2685 πάντοθεν
2220 2633 2642 2703 οίκονομούμενα
2686 2632 2755 2685 τά
2800 2634 3117 2702 πράγματα.
3153 2633 3227 2683 Οὐ
3266 2630 3479 2698 πρῶτον

1922 2733 2022 2804 ὁρᾷ
2050 2735 2108 2786 τὸ
2137 2734 2403 2798 ἐνύπνιον,
2435 2735 2541 2799 ἕως
2576 2734 2673 2788 τοῦ
2705 2735 3054 2805 πληρωθῆναι
3100 2734 3169 2786 τά
3199 2731 3323 2804 τρία
3362 2732 3474 2801 ἐτη.

1937 2839 2096 2909 Ὀρᾷς
2142 2839 2222 2892 ὃτι
2259 2839 2389 2903 Θεὸς
2434 2842 2735 2910 οίκονομεῖ;
2782 2839 2935 2902 Τίνος
2979 2834 3072 2892 οῦν
3116 2838 3326 2901 ἓνεκενς
3364 2836 3478 2889 Ἵνα

1925 2942 2163 3007 πλείονος
2191 2944 2498 3015 παρρησίας
2541 2942 2838 3015 ἀπολαύσῃ.
2871 2944 2977 2997 Kal
3013 2942 3115 3013 μὴν
3153 2942 3481 3012 σαφέστερον

1926 3044 2237 3116 ἐθαυμάσθη
2278 3048 2361 3111 ἂν,
2395 3049 2487 3102 καὶ
2514 3048 2707 3117 ἐφάνη,
2740 3049 2880 3100 εῖποι
2915 3065 2995 3109 τις
3029 3047 3115 3111 ἂν,
3142 3048 3190 3099 εἰ
3232 3046 3339 3116 πρὸ
3374 3046 3483 3099 τῶν

1924 3151 2089 3219 τριῶν
2120 3151 2254 3205 ἐτῶν
2288 3148 2394 3204 εἶδε
2428 3153 2489 3204 τὸ
2526 3149 2791 3204 ἐνύπνιον.
2829 3150 2964 3201 Ἀλλ’
3004 3150 3102 3201 οὐκ
3132 3149 3198 3202 ἂν
3224 3142 3353 3218 ἦλθε
3388 3143 3481 3201 καὶ

1925 3255 2044 3306 κατ’
2091 3255 2269 3307 αὐτῶν
2312 3256 2369 3308 τὺ
2419 3255 2616 3325 δόγμα,
2667 3252 2839 3316 ἄλλως
2872 3252 2927 3306 δέ
2965 3251 3072 3305 οὐδ’
3110 3252 3402 3321 ἐπιστεύθη
3454 3254 3484 3304 6

1925 3357 2140 3430 Δανιήλ.
2170 3360 2268 3413 Διά
2290 3361 2446 3413 τοῦτο
2474 3361 2532 3412 ἐν
2563 3362 2673 3423 τοῖς
2706 3360 2919 3430 μικροῖς
2951 3359 3045 3413 καὶ
3071 3358 3313 3423 ἐλάττοσι
3344 3356 3484 3427 λαμ-

1927 3462 2077 3515 ϐάνει
2111 3465 2303 3533 πεῖραν
2337 3462 2435 3533 τῆς
2474 3463 2684 3527 εὐνοίας
2713 3464 2803 3517 τοῦ
2832 3463 2965 3516 Θεοῦ
3006 3461 3105 3532 τῆς
3138 3463 3263 3532 περὶ
3290 3462 3485 3523 αὐτοὺς

1926 3564 1955 3615 ὁ
1987 3565 2255 3635 εὐνοῦχος,
2292 3564 2358 3619 ἵν’
2383 3566 2510 3619 ὅταν
2541 3565 2680 3638 ὑπὲρ
2708 3565 2816 3619 τῶν
2844 3565 3106 3635 μειζόνων
3140 3564 3362 3631 ἀξιῶσιν
3388 3565 3487 3617 αὑ-

1926 3669 2037 3733 τὸν,
2070 3670 2142 3742 μὴ
2172 3671 2526 3741 διαπιστήσας
2549 3671 2804 3745 διαπτύῃ,
2834 3673 2929 3727 καὶ
2958 3674 3043 3725 ἵνα
3071 3672 3281 3742 μάθωσι
3308 3670 3485 3731 καλῶς

1926 3773 2283 3841 διαλέγεσθαι,
2324 3776 2409 3828 ἵνα
2448 3773 2694 3839 πλείονες
2740 3776 3050 3846 παρρησίας
3086 3773 3484 3827 ἀπολαύσωσιν.

1929 3879 2039 3948 Οὐχ
2074 3881 2204 3950 ὁρᾷς
2249 3879 2356 3933 ἀπὸ
2388 3881 2417 3921 δ
2474 3881 2568 3933 τοῦ
2603 3880 2763 3935 Δαυϊδ
2802 3880 2959 3933 τοῦτο
2996 3881 3316 3949 γενόμενον;
3372 3881 3487 3944 πῶς

1928 3981 2275 4051 διηπίστησεν
2312 3983 2457 4051 αὐτῷ
2496 3984 2524 4036 6
2573 3984 2824 4052 βασιλεὺς
2856 3984 3306 4053 ἐπαγγελλομένῳ
3330 3986 3486 4039 ἀλλό-

1929 4082 2094 4148 φυλον
2142 4083 2406 4153 αἱρήσειν,
2452 4084 2561 4135 ἀπὸ
2610 4085 2708 4152 τῆς
2743 4084 2958 4152 ἡλικίας
3000 4084 3198 4156 κρίνων
3235 4085 3305 4138 τὰ
3347 4089 3490 4156 πρά-

1928 4202 2143 4255 γματα;
2181 4189 2319 4258 Ὅρα
2351 4188 2535 4240 λοιπὸν
2559 4188 2657 4257 τῆς
2684 4188 2802 4241 ὁδοῦ
2834 4187 2931 4259 τὴν
2954 4189 3133 4242 αἰτίαν
3168 4188 3355 4244 τοῦτον
3383 4210 3489 4261 μα-

1930 4288 2108 4343 θόντα.
2139 4291 2260 4344 Τῶν
2291 4292 2578 4362 βαρϐάρων
2621 4292 2820 4362 ἔμαθον
2852 4292 3092 4360 ἀκριῦὦς
3122 4294 3359 4363 Μωῦσῆς
3397 4296 3491 4347 καὶ

1929 4396 2145 4465 Δανιὴλ.
2188 4398 2306 4449 Ἵνα
2352 4397 2456 4467 γὰρ
2507 4397 2582 4467 μὴ
2624 4397 2815 4465 ἀγνοίᾳ
2854 4397 3050 4449 δοκῶσι
3102 4401 3370 4469 προτιμᾷν
3420 4400 3489 4452 τὰ

1929 4498 2103 4551 οἰκεῖα
2133 4501 2240 4552 τῶν
2286 4500 2595 4569 ἀλλοτρίων,
2626 4500 2813 4552 τούτου
2853 4500 3010 4569 χάριν
3038 4501 3258 4569 ἀφίησιν
3293 4502 3488 4565 αὐτοὺς

1935 4601 2179 4671 μετέχειν
2210 4602 2495 4665 κάκείνων,
2526 4602 2593 4654 ἶν’
2624 4602 2751 4654 ὅταν
2788 4602 2924 4675 ἴδῃς,
2960 4602 3155 4671 μᾶλλον
3179 4604 3223 4655 δ’
3253 4604 3489 4676 ἀκούσῃς

1930 4704 2203 4766 Μωῦσέως
2240 4704 2502 4771 λέγοντος,
2536 4705 2617 4757 δτι
2646 4708 2766 4758 Οὐκ
2786 4705 2916 4757 ἔστι
2944 4707 3128 4772 σοφία
3158 4706 3252 4759 οἷα
3281 4708 3319 4774 ἠ
3352 4706 3491 4774 ἡμε-

1931 4808 2088 4875 τέρα,
2131 4810 2263 4876 μήτε
2300 4807 2545 4878 φίλτρου,
2574 4809 2709 4877 μήτε
2733 4808 2948 4876 ἀγάπης
2980 4804 3115 4861 εἶναι
3145 4809 3369 4878 νομίσῃς
3391 4809 3493 4878 τὴν

1932 4910 2220 4977 ἀπόφασιν,
2251 4909 2385 4963 ἀλλά
2412 4911 2641 4982 κρίσεως
2668 4911 2849 4981 ὀρθῆς.
2870 4910 3001 4962 Οὐδὲ
3025 4910 3132 4978 γὰρ
3148 4910 3293 4962 ἐστιν
3319 4913 3492 4963 εἰπεῖν

1931 5014 2010 5066 ὅτι
2042 5013 2129 5067 διὰ
2166 5013 2226 5066 τὸ
2276 5013 2412 5083 πρὸς
2456 5015 2581 5075 τοὺς
2621 5012 2934 5076 διδάξαντας
2973 5013 3137 5082 ἄχθος
3170 5013 3489 5083 ἀπεπήδησε

1930 5118 2028 5186 τῆς
2084 5117 2305 5169 ἐκείνων
2353 5115 2703 5179 παιδεύσεως.
2769 5116 3089 5185 Ἀμφότεροι
3137 5115 3244 5185 γὰρ
3295 5116 3490 5184 πολλῆς

1932 5221 2258 5273 ἀπολαύουσι
2312 5221 2410 5289 τῆς
2458 5221 2641 5289 τιμῆς,
2691 5220 2783 5271 καὶ
2835 5219 3139 5289 προτιμῶσι
3184 5221 3249 5271 τὰ
3296 5221 3486 5272 οἰκεῖα.

1934 5327 2107 5394 Ὅπερ
2130 5322 2219 5377 οὖν
2246 5325 2335 5377 καὶ
2366 5322 2570 5385 Παῦλος
2600 5324 2888 5391 θαυμάζων
2912 5324 3110 5389 ἔλεγεν·
3148 5327 3267 5390 Οὺχ
3299 5325 3491 5376 εἵλετο

1934 5432 2300 5494 πρόσκαιρον
2328 5429 2490 5494 ἔχειν
2534 5427 2820 5493 ἁμαρτίας
2866 5428 3224 5485 ἀπόλαυσιν,
3255 5426 3491 5492 μείζονα

1935 5532 2198 5584 πλοῦτον
2230 5531 2610 5597 ἡγησάμενος
2640 5527 2756 5581 τῶν
2780 5529 2846 5580 ἐν
2878 5530 3148 5597 Αἰγύπτῳ
3176 5526 3491 5593 θησαυρῶ.·

1997 5802 2025 5841 δ
2049 5804 2150 5866 ςςτ.
2185 5804 2291 5850 ὑπὸ.
2317 5802 2385 5855 Ib.
2413 5808 2507 5850 τῶν
2548 5805 2807 5866 βαρϐάρων.
2854 5801 3087 5861 Ρταὶροηθ
3136 5797 3212 5845 τά.
3252 5795 3377 5844 Infra
3405 5806 3495 5859 pm

1939 5864 2074 5925 ἄχθος
2093 5864 2214 5913 forle
2231 5866 2369 5913 scrib.
2398 5868 2547 5927 ἰχθος.
