4016 6450
500 432 612 488 197

490 541 602 591 τὸν
646 526 989 594 ὀνειδισμὸν
1023 525 1130 578 τοῦ
1170 521 1451 591 Χριστοῦ.
1504 517 1607 573 Kal
1653 517 1820 570 ἔθετο
1850 510 2077 578 Δανιὴλ

491 639 561 691 ἐν
591 635 666 704 τῇ
698 631 912 700 καρδίᾳ
940 626 1124 681 αὐτοῦ
1151 624 1237 694 μὴ
1269 621 1670 692 άλισγηθῆναι
1701 631 1725 658 υ
1751 617 1821 670 ὲν
1842 614 1916 682 τῇ
1942 628 2078 681 τρα-

494 739 639 808 πέζῃ
677 737 785 791 τοῦ
831 729 1162 800 βασιλέως,
1202 728 1302 782 καί
1337 728 1408 780 ἐν
1438 724 1518 788 τῷ
1548 723 1690 788 οϊνῳ
1734 720 1842 774 τοῦ
1893 718 2078 770 πότου

493 839 704 906 αὑτοῦ,
738 841 835 895 καί
875 838 1102 906 ἠξίωσε
1134 834 1241 888 τὸν
1283 827 1744 900 ἁρχιευνοῦχον,
1795 823 1956 886 ὅπως
1992 819 2077 889 μὴ

495 943 822 1018 άλισγηθῇ.
875 942 986 996 Kal
1035 940 1256 992 ἔδωκεν
1302 939 1333 989 ό
1388 935 1528 1000 Θεὸς
1573 931 1682 985 τὸν
1725 927 1947 995 Δανιὴλ
1995 928 2081 990 εἰς

497 1055 675 1106 ἔλεον
705 1048 805 1102 καί
833 1049 921 1110 εἰς
968 1042 1275 1110 οἰκτιρμὸν
1307 1038 1564 1092 ἐνώπιον
1594 1036 1700 1090 τοῦ
1729 1031 2079 1102 άρχιευνού-

497 1175 630 1227 χου.
668 1155 810 1224 Ὅρα
836 1150 1024 1204 τοῦτον
1065 1147 1299 1217 ἄρχοντα
1333 1144 1442 1196 τῶν
1491 1139 1728 1209 ἀγαθῶν.
1769 1135 1955 1199 Οὕτως
1985 1136 2083 1188 αύ-

492 1260 652 1313 τόθεν
706 1256 1009 1324 ἐνέφαινεν,
1036 1252 1117 1304 ὅτι
1165 1250 1338 1320 μέγας
1374 1264 1457 1309 τις
1500 1241 1569 1317 ἦν
1617 1245 1710 1296 καὶ
1748 1241 2078 1313 θαυμαστός.

498 1363 699 1416 Τοῦτον
745 1361 855 1430 γὰρ
888 1357 962 1428 τῷ
1012 1355 1259 1426 βελτίονι,
1300 1353 1457 1404 καλεῖ
1486 1349 1728 1420 ὀνόματι.
1759 1347 1848 1399 Ἐν
1890 1341 1971 1408 οἷς
2024 1343 2079 1396 δὲ

499 1465 721 1520 δυνατὸν
782 1459 870 1533 ἦν,
921 1462 1012 1513 τὸν
1063 1458 1227 1526 νόμον
1273 1455 1590 1522 ἐφύλαττεν.
1623 1451 1718 1514 Τίς
1771 1450 1837 1504 ἀν
1869 1449 2078 1519 ἔτερος,

499 1570 619 1623 εἰπέ
655 1586 764 1639 μοι,
819 1566 1035 1636 μίασμα
1079 1559 1218 1614 εἶναι
1253 1559 1472 1628 ἐνόμισε
1517 1557 1615 1627 τὴν
1662 1554 1941 1627 τράπεζαν
1981 1552 2078 1623 τὴν

502 1674 786 1743 βασιλικήν
813 1689 826 1736 ;
866 1670 1011 1738 Ὅρα
1042 1667 1204 1719 αὐτὸν
1234 1666 1299 1717 ἐκ
1331 1661 1634 1734 προοιμίων
1680 1659 1882 1721 εὐθέως
1930 1652 2081 1728 [204]

500 1777 911 1847 ἐνδεικνύμενον
950 1773 1050 1843 τὴν
1091 1769 1430 1840 φιλοσοφίαν.
1477 1765 1585 1820 Καί
1624 1764 1870 1830 ἠξίωσε,
1927 1765 2082 1834 φησὶ,

500 1884 608 1937 τὸν
630 1877 1092 1950 ἀρχιευνοῦχον,
1130 1874 1290 1940 ὅπως
1324 1871 1412 1941 μὴ
1447 1865 1770 1937 άλιστῃθῇ.
1795 1867 1936 1938 Ὅρα
1968 1865 2088 1928 πῶς

501 1989 651 2040 ἐστιν
706 1982 1048 2052 ἀφιλότιμος.
1117 1978 1230 2030 Ούκ
1267 1973 1440 2037 εἶπεν,
1475 1974 1557 2026 ὅτι
1598 1972 1710 2043 Τὴν
1753 1971 1933 2042 ψυχήν
1986 1986 2085 2039 μου

500 2089 678 2153 δώσω,
711 2085 826 2139 ἀλλ’
855 2084 1108 2154 ἠξίωσεν,
1141 2083 1189 2134 εἰ
1219 2078 1466 2143 δυνατὸν,
1498 2075 1697 2131 λαθεῖν.
1717 2075 1874 2137 Τίνος
1905 2072 2088 2125 ἐνεκεν

499 2191 921 2263 φιλοτιμοῦμαι;
967 2186 1119 2257 φησί.
1153 2184 1290 2240 Ἀλλ’
1320 2184 1417 2252 οὐχ
1449 2184 1477 2234 ό
1511 2180 1708 2250 Ἰωσὴφ
1741 2177 1937 2240 οῦτως,
1968 2175 2087 2228 οὐδὲ

501 2294 764 2362 Μωῦσῆς.
795 2293 861 2344 Τί
904 2287 1031 2354 οῦν;
1074 2288 1297 2341 ἐκείνων
1325 2281 1828 2352 καταγνωσόμεθα;
1868 2279 1959 2350 Μὴ
1992 2277 2088 2346 γέ-

503 2413 682 2452 νοιτο*
716 2398 776 2448 οὐ
809 2396 916 2465 γὰρ
970 2393 1165 2464 ᾔδεσαν
1196 2390 1224 2442 ὅ
1255 2389 1307 2441 τί
1353 2403 1481 2440 ποτε
1525 2381 1612 2455 ἦν.
1656 2383 1822 2439 Οῦπω
1869 2379 1978 2451 γὰρ
2019 2375 2089 2451 ἦν

505 2501 648 2556 κατά
695 2501 787 2553 τὸν
834 2500 998 2569 νόμον
1048 2494 1380 2564 παραίτησις
1423 2489 1533 2544 τῶν
1580 2486 1906 2558 βρωμάτων.
1949 2485 2092 2552 Ὅρα

505 2607 668 2660 αὑτὸν
707 2606 802 2658 καὶ
829 2603 1120 2671 ἐλέγχοντα
1162 2600 1256 2652 καὶ
1302 2594 1716 2667 φιλοσοφοῦντα,
1754 2590 1848 2643 καὶ
1892 2591 1948 2641 ἐν
1979 2589 2091 2649 τοῖς

509 2710 764 2780 σμικροῖς
810 2703 1218 2773 ἐνδεικνύμενον
1263 2701 1361 2771 τὴν
1404 2696 1744 2768 φιλοσοφίαν.
1803 2691 1912 2746 Καὶ
1955 2690 2092 2760 ὅπερ

509 2814 692 2880 ελεγον
739 2813 786 2863 οἱ
835 2808 1141 2867 ἀπόστολοι,
1197 2804 1388 2857 Ταῦτα
1426 2802 1547 2855 ἔδει
1579 2799 1785 2867 πρόσω
1813 2795 2088 2862 ποιῆσαι,

510 2915 757 2969 κάκεῖνα
783 2913 868 2982 μὴ
889 2911 1146 2979 ἀφεῖναι.
1167 2907 1352 2959 Ταῦτα
1383 2905 1439 2957 δὲ
1465 2905 1751 2974 ἔπραττεν,
1778 2900 1878 2952 οὐκ
1904 2897 2091 2967 ἐπειδὴ

511 3019 836 3074 εἰδωλόθυτα
873 3013 964 3088 ἦν,
996 3014 1109 3068 ἀλλ’
1141 3012 1326 3081 ἐπειδὴ
1357 3008 1713 3078 κεκωλυμένα
1741 3006 1845 3058 ὑπὸ
1882 3002 1976 3058 τοῦ
2006 3003 2092 3056 νό-

516 3142 615 3195 μου
640 3120 728 3195 ἦν.
757 3123 880 3184 Πῶς
930 3115 1021 3174 οὖν
1072 3118 1321 3178 ἐπεισενς
1367 3116 1505 3184 Ὅρα
1540 3112 1657 3175 πῶς
1699 3111 1902 3172 εὐθέως
1937 3107 2092 3160 έλυσέ

514 3247 597 3284 σοι
630 3229 728 3300 τὴν
753 3228 1007 3298 ἀπορίαν.
1034 3223 1279 3286 Ἔδωκε,
1310 3222 1464 3290 φησὶ.
1495 3222 1526 3272 d
1563 3216 1705 3283 Θεὸς
1735 3217 1840 3269 τὸν
1870 3213 2094 3282 Δανιὴλ

514 3336 601 3398 εἰς
636 3333 812 3386 έλεον
847 3331 944 3383 καί
973 3331 1061 3394 εἰς
1099 3325 1401 3394 οἱκτιρμόν
1429 3322 1684 3375 ἐνώπιον
1715 3319 1822 3373 τοῦ
1857 3319 2095 3387 άρχιευ-

515 3438 762 3505 νούχου.
801 3433 974 3488 Τοῦτο
1008 3433 1099 3485 καὶ
1136 3431 1228 3483 ἐπὶ
1265 3427 1357 3481 τοῦ
1394 3427 1592 3495 Ἰωσὴφ
1626 3424 1847 3492 γέγονεν
1869 3438 1883 3453 ·
1936 3423 2098 3474 κάκεῖ

515 3543 723 3615 ἠλεήθη
758 3541 958 3612 Ἰωσὴφ
999 3539 1092 3591 καὶ
1119 3537 1279 3608 χάριν
1319 3525 1477 3603 εὗρεν
1512 3531 1602 3582 ἐπὶ
1639 3527 1733 3582 τοῦ
1769 3526 2096 3600 ἁρχιμαγεί-

519 3666 645 3719 ρου·
683 3646 822 3717 πλὴν
864 3643 1164 3713 ἀμφότεροι
1213 3638 1408 3701 δοῦλοι,
1440 3636 1532 3688 καὶ
1570 3636 1626 3687 ἐν
1653 3631 1879 3694 οἰκείαις
1915 3630 1977 3702 [ι’.
2016 3630 2090 3682 οἰ-

515 3748 684 3818 κίαις]
722 3747 1107 3817 βαρϐαρικαῖς.
1142 3742 1254 3796 Καὶ
1287 3741 1396 3810 γὰρ
1434 3733 1697 3808 ἦν’δντως
1739 3733 1898 3786 ίκανὰ
1937 3731 2089 3784 ἐκλῦ-

520 3872 607 3907 σαι
639 3852 663 3889 1'
695 3853 784 3904 τδν
812 3849 985 3919 θυμὸν
1017 3847 1110 3899 τοῦ
1145 3845 1409 3916 βασιλέως
1446 3842 1513 3894 τὰ
1547 3838 1826 3911 εἰρημένα.
1886 3837 1949 3889 Τί
2009 3837 2086 3888 λέ-

517 3973 669 4024 γεις;
721 3955 890 4024 ἐναγῆ
930 3952 1028 4021 τὴν
1061 3947 1342 4019 τράπεζαν
1375 3942 1662 4014 ὀνομάζεις
1704 3935 1842 3992 εἶναι
1876 3939 1975 4009 τὴν
2005 3938 2090 3990 δε-

520 4062 823 4131 σποτικήν;
861 4055 1248 4127 καθαρώτερος
1286 4052 1417 4121 ἡμῖν
1459 4046 1620 4110 αὐτὸς
1654 4046 1960 4113 ἀνεφάνης;
1994 4043 2094 4095 οὐκ

516 4161 683 4227 οἶδας,
717 4165 798 4215 ὅτι
830 4161 920 4214 διὰ
945 4158 1102 4213 τοῦτο
1129 4159 1224 4209 καὶ
1256 4154 1501 4222 γλῶτταν
1528 4150 1620 4204 καὶ
1648 4149 1949 4219 γράμματα
2001 4161 2096 4215 με-

521 4269 801 4340 μαθήκατε
844 4259 1150 4322 Χαλδαϊκὰ,
1189 4259 1275 4310 ἵνα
1319 4257 1454 4325 πρὸς
1481 4254 1584 4323 τὴν
1613 4251 1886 4321 ἡμετέραν
1927 4265 2090 4319 μετα-

520 4375 681 4444 στῆτε
695 4370 888 4435 τάξιν;
921 4366 1093 4420 Πόθεν
1115 4363 1158 4415 δ’
1190 4361 1326 4423 ὅλως
1354 4358 1515 4411 αὑτὸν
1531 4354 1725 4426 ῂδέσθη
1754 4356 1782 4406 ό
1811 4351 2094 4422 εὐνοῦχος;

518 4481 592 4532 Τὸ
619 4476 830 4529 παιδίον
877 4467 1349 4536 εὐκαταφρόνητον
1377 4457 1467 4532 ἦν,
1498 4456 1860 4529 αἰχμάλωτον.
1893 4454 1955 4507 Εἰ
1988 4453 2097 4524 γάρ

518 4586 611 4638 καὶ
635 4582 910 4650 αἰδέσιμος
940 4575 1029 4649 ἦν,
1071 4573 1184 4627 ἀλλ’
1221 4573 1248 4623 ὁ
1282 4567 1522 4628 κίνδυνος
1561 4565 1661 4616 οὐκ
1700 4561 1786 4615 εία
1820 4559 2096 4629 αἰδέσιμον

519 4685 681 4740 αὑτὸν
711 4682 965 4752 φανῆναι.
997 4677 1096 4730 Διά
1121 4674 1230 4745 γάρ
1267 4669 1422 4725 τοῦτο
1476 4664 1666 4725 εἰπὼν.
1717 4665 1800 4716 ὅτι
1834 4664 2098 4716 Ἔδωκεν

519 4789 706 4842 αὐτὸν
743 4788 829 4850 εἰς
878 4785 1075 4844 ἔλεον,
1129 4779 1276 4845 λέγει
1322 4773 1392 4826 τὰ
1437 4775 1655 4843 ῥήματα
1697 4765 1792 4820 τοῦ
1843 4764 2096 4834 εὐνούχου

521 4894 613 4945 καὶ
645 4893 736 4943 τὸν
767 4890 927 4942 πάλιν
961 4899 984 4924 ο
1032 4882 1213 4952 φόϐον.
1245 4877 1405 4942 Πῶς;
1440 4875 1553 4927 Οὐκ
1584 4869 1652 4942 ἦν
1681 4869 1923 4932 δυνατὸν,
1963 4867 2100 4920 ἀλλά

521 4993 920 5061 κεκωλυμένον,
966 4989 1014 5041 εἰ
1068 4985 1142 5056 μὴ
1178 4980 1382 5035 ἄνωθεν
1413 4978 1570 5047 χάρις
1598 4975 1774 5027 πάντα
1805 4969 2094 5041 ᾠκονόμει.

521 5098 627 5153 Καὶ
666 5093 793 5154 εἷπε
827 5092 1052 5158 Δανιὴλ
1081 5087 1230 5156 πρὸς
1259 5081 1604 5152 Ἀμελασίιρ,
1628 5077 1699 5130 ὃν
1725 5074 2100 5140 κατέστησεν

523 5207 554 5255 ό
595 5197 1031 5269 ἀρχιευνο-ὗχος
1062 5191 1159 5245 ἐπὶ
1193 5184 1437 5252 Δανιὴλ,
1481 5179 1773 5242 Ἁνανίαν,
1810 5176 2094 5242 ’Δζαρίαν,

523 5305 618 5356 καὶ
650 5300 928 5366 Μισαήλο
995 5295 1296 5360 ιιείρασον
1343 5287 1418 5353 δὴ
1475 5281 1614 5347 τοὺς
1669 5279 1926 5342 δούλους
1983 5292 2098 5329 σου

585 5474 609 5499 ³
635 5469 736 5516 Ηοι·
756 5465 957 5513 verbum
1003 5460 1248 5509 interdum
1291 5457 1489 5504 videtur
1512 5452 1773 5516 dpducllgm
1796 5447 1855 5496 ab
1897 5448 2015 5502 ἅλις,
2052 5448 2099 5496 id

524 5513 834 5588 ι-ςιῖιῗριιξιιι,
879 5539 988 5586 ηιιιε
1030 5524 1162 5588 eui_m
1205 5522 1492 5588 suppplunl.
1536 5513 1892 5588 despi0iurltur,
1940 5521 2099 5568 eoque

524 5572 1148 5653 ίηδῑιιιέπ“ε”·έιύοδατηηιοάο
1192 5572 1540 5653 summu"):
1570 5572 1873 5653 0230621"
1907 5583 1933 5617 ³
1969 5582 2099 5653 39°"

526 5631 783 5709 ἓᾷέξζᾶιῖω
802 5631 956 5697 ῖᾶίεῆι
1002 5637 1350 5709 ιιι-ιςοιιυξσιιιιηΔ
1381 5638 1625 5709 signiﬁc‘a't3
1662 5631 2101 5709 Vnideﬂgsychlium

977 5691 1163 5754 rélione
1187 5691 1810 5763 ίοτιηαὶυτῖτυνᾳλίζεῗθαιλ
1822 5698 1883 5763 c.“
1911 5691 1955 5747 1’

585 5753 1066 5819 ἴῖἶᾶῧὼάῗὶτέω
1093 5762 1213 5812 nihil
1237 5767 1311 5807 est
1347 5757 1642 5804 mutandum.
1674 5754 1818 5819 Ιςόιιιε
1839 5753 2102 5811 legendum

525 5815 744 5885 ἑλκύσαι,
766 5815 859 5879 Ι-ιῖιίί
885 5815 938 5877 n0
959 5842 1052 5875 non
1079 5826 1275 5885 insuit}
1299 5821 1569 5869 litterarum
1597 5815 1914 5862 traductione.

587 5895 615 5924 ι’
637 5883 770 5953 Lege
793 5891 952 5939 πολύν.
992 5891 1108 5938 Dan.
1147 5901 1177 5945 ε,
1204 5883 1276 5930 10.

1177 409 1236 464 S.
1276 402 1565 462 JOANNIS
1602 392 2090 457 CIIRYSOSTOMI
2127 391 2451 450 ARCHIEP.
2491 392 3038 450 CONSTANTINOP.

3665 407 3778 462 198

2182 510 2407 578 ἡμέρας
2454 511 2622 577 δέκα,
2663 512 2762 565 καί
2800 511 3075 566 δότωσαν
3110 511 3254 581 ἡμῖν
3283 510 3398 565 ἀπὸ
3430 507 3553 564 τῶν
3584 522 3771 582 σπερ·

2177 613 2383 680 μάτων
2406 613 2517 683 τῆς
2555 615 2691 685 τῆς,
2721 615 2820 669 καί
2865 616 3170 686 φαγόμεθα
3198 615 3249 681 δ,
3275 615 3396 670 ’καὶ
3431 616 3589 682 ὕδωρ
3637 617 3773 669 πιό-

2175 720 2361 786 μεθαο
2427 717 2523 770 καί
2594 717 2955 785 ὀφθήτωσαν
3024 719 3281 772 ἐνώπιόν
3329 735 3446 772 σου
3502 721 3566 772 αἰ
3625 717 3774 771 ἰδέαι

2180 821 2369 889 ἡμῶν,
2405 821 2503 874 καί
2535 824 2594 874 αἰ
2635 822 2782 874 ἰδέαι
2811 821 2930 874 τῶν
2952 822 3278 890 παιδαρίων
3298 821 3416 874 τῶν
3438 820 3778 875 ἐσθιόντων

2179 925 2295 990 τὴν
2348 925 2640 992 τράπεζαν
2680 926 2785 980 τοῦ
2836 927 3172 992 ,βασιλέως-
3219 925 3319 978 καί
3354 925 3436 991 ὡς
3466 926 3575 978 ἐὰν
3613 925 3772 992 ῑδῃς,

2181 1032 2447 1100 ποίησον
2481 1031 2631 1100 μετὰ
2660 1032 2778 1086 τῶν
2815 1033 3046 1086 παίδων
3075 1049 3210 1086 σου.
3252 1031 3361 1085 Kal
3400 1030 3780 1095 εἰσήκουσεν

2181 1139 2386 1200 αὐτον,
2431 1137 2529 1190 καί
2577 1137 2897 1205 ἐπείρασεν
2924 1136 3143 1202 αὐτοὺς
3194 1135 3418 1204 ἡμέρας
3450 1133 3622 1188 δέκα.
3666 1135 3777 1188 Kal

2178 1246 2328 1311 μετὰ
2373 1242 2438 1297 τὸ
2487 1243 2665 1309 τέλος
2713 1244 2831 1296 τῶν
2871 1242 3016 1296 δέκα
3064 1240 3298 1310 ἡμερῶν
3346 1239 3675 1308 ὠράθησαν
3719 1243 3781 1295 αἰ

2193 1347 2343 1401 ἰδέαι
2411 1347 2611 1401 αὐτῶν
2665 1349 2899 1416 ἀγαθαὶ,
2959 1348 3058 1400 καί
3115 1348 3286 1402 αὐτοί
3349 1346 3594 1416 ἰσχυροί
3651 1345 3780 1410 ταῖς

2183 1451 2406 1517 σαρξὶν
2430 1451 2581 1520 ὑπὲρ
2606 1452 2678 1504 τὰ
2706 1449 2983 1517 παιδάρια
3007 1450 3079 1504 τὰ
3109 1452 3393 1504 ἐσθίοντα
3421 1449 3538 1517 τὴν
3565 1450 3784 1517 τράπε-

2185 1555 2290 1616 ζαν
2313 1555 2419 1609 τοῦ
2444 1554 2774 1620 βασιλέως.
2819 1554 2994 1623 Πολλὴ
3021 1554 3174 1626 [205]
3208 1556 3240 1626 ἡ
3269 1553 3578 1625 παρρησία,
3623 1553 3784 1622 μεγί-

2187 1676 2286 1730 στη
2316 1661 2349 1729 ἡ
2388 1659 2692 1729 προθυμία,
2719 1658 2890 1729 πολλὴ
2929 1661 2962 1730 ἡ
2999 1659 3234 1722 σύνεσις,
3267 1657 3535 1728 μεγάληὴ
3568 1657 3778 1719 πίστις.

2187 1765 2484 1830 Πείρασον
2528 1764 2672 1829 τοὺς
2713 1763 2932 1828 παῖδας
2983 1778 3100 1816 σου
3147 1761 3371 1831 ’ἡμέρας
3428 1761 3600 1815 δέκα.
3645 1758 3780 1814 Εἶτα

2187 1869 2276 1922 ἶνα
2308 1869 2382 1938 μὴ
2424 1868 2650 1938 νομίσῃς
2675 1868 2774 1938 τῆς
2802 1867 3015 1936 φύσεως
3045 1868 3154 1921 τῶν
3187 1869 3519 1939 σπερμάτων
3546 1864 3689 1920 εἶναι
3719 1867 3782 1919 τδ

2188 1973 2414 2044 φαιδρὸν
2448 1972 2542 2025 τοῦ
2595 1972 2911 2045 προσώπου,
2943 1974 3044 2044 ὅρα
3074 1973 3139 2045 δὴ
3168 1972 3314 2043 ὕδωρ
3346 1973 3407 2026 τὸ
3439 1974 3515 2045 μὴ
3553 1975 3778 2045 τρέφον.

2187 2077 2299 2130 Καὶ
2335 2078 2433 2146 οὐχ
2470 2078 2656 2141 ἁπλῶς
2707 2077 2964 2141 εὐπαθεῖς
3003 2079 3302 2149 ἐφάνησαν,
3345 2077 3485 2130 ἀλλά
3535 2077 3630 2130 καὶ
3670 2077 3780 2129 τῶν

2189 2182 2565 2236 ἀπολαυόντων
2586 2182 2685 2253 τῆς
2710 2181 2988 2254 τραπέζης
3015 2186 3113 2252 τῆς
3144 2181 3431 2251 βασιλικῆς
3454 2181 3784 2233 εὐπαθέστε-

2193 2305 2293 2358 ροι.
2321 2288 2444 2340 Ὅτι
2477 2287 2532 2340 δὲ
2574 2289 2712 2358 κρέα
2742 2291 2835 2341 καὶ
2874 2285 3014 2352 οἶνος
3048 2289 3265 2342 πάντων
3319 2288 3519 2358 μᾶλλον
3554 2287 3782 2357 τρέφειν

2189 2395 2368 2457 εἴωθε,
2411 2397 2572 2448 παντὶ
2601 2395 2757 2464 δῆλόν
2792 2397 2927 2448 ἐστι.
2962 2394 3106 2466 Ὅρα
3135 2396 3198 2448 ἐκ
3238 2393 3539 2465 προοιμίων
3576 2391 3781 2454 εὐθέως

2189 2497 2288 2568 τὴν
2311 2497 2651 2551 ἐπανθοῦσαν
2679 2499 2840 2569 χάριν
2875 2498 2940 2550 ἐκ
2965 2497 3061 2567 τῆς
3086 2497 3458 2568 προαιρέσεως
3497 2497 3606 2549 τῶν
3646 2496 3779 2548 παί-

2190 2602 2317 2669 δων,
2352 2601 2492 2674 [καὶ]
2542 2604 2608 2656 ἐκ
2663 2603 2764 2672 τῆς
2809 2602 3031 2674 χάριτος
3079 2601 3173 2655 τοῦ
3221 2600 3377 2654 Θεοῦ.
3418 2601 3483 2653 'H
3541 2599 3640 2670 μὲν
3671 2601 3784 2670 γὰρ

2194 2707 2513 2778 προαίρεσις
2556 2707 2621 2760 ἐκ
2659 2707 2753 2761 τοῦ
2794 2708 2869 2778 μὴ
2927 2707 3174 2778 θελῆσαι,
3223 2709 3254 2779 ἡ
3301 2708 3359 2760 δέ
3392 2707 3552 2776 χάρις
3584 2709 3648 2759 ὲκ
3686 2705 3780 2759 τοῦ

2191 2813 2504 2884 δυνηθῆναι.
2548 2813 2660 2867 Kal
2695 2813 3073 2882 όφθήτωσαν,
3124 2812 3277 2882 φησὶ,
3332 2811 3591 2864 ἐνώπιόν
3639 2826 3780 2864 σου.

2192 2920 2282 2972 Σοὶ
2312 2920 2410 2989 τὴν
2451 2920 2633 2990 κρίσιν
2659 2919 3047 2990 ἐπιτρέπομεν.
3090 2917 3283 2986 Κούφη
3313 2917 3370 2970 δὲ
3407 2917 3501 2970 καὶ
3533 2915 3784 2985 εὐμαρὴς

2190 3025 2223 3093 ἡ
2261 3023 2439 3093 χάρις’
2468 3021 2556 3074 διὰ
2583 3022 2693 3074 τῶν
2739 3022 3082 3092 πραγμάτων
3128 3020 3448 3090 πιστώθητι.
3489 3018 3634 3087 Ἐγὼ
3680 3020 3782 3090 μὲν

2193 3127 2301 3200 γὰρ
2331 3124 2446 3180 οἴδα
2478 3126 2697 3196 σαφῶς·
2738 3127 2833 3179 καὶ
2861 3126 2968 3195 πρὸ
2996 3125 3088 3178 τοῦ
3115 3125 3300 3188 τέλους
3340 3125 3440 3176 οὐκ
3483 3125 3785 3192 ἀποφαίνο-

2198 3253 2318 3306 μαι,
2350 3234 2438 3287 διά
2475 3234 2553 3286 σέ.
2590 3234 2731 3303 Ὅρα
2767 3231 2881 3295 πῶς
2917 3231 3012 3284 καὶ
3050 3231 3175 3293 τοὺς
3201 3229 3419 3292 οἰκέτας
3459 3230 3785 3282 ἐπαίδευσεν

2195 3337 2421 3402 εὐθέως,
2453 3338 2548 3389 καὶ
2581 3336 2839 3401 ἐδίδαξεν,
2866 3337 2947 3388 ὅτι
2977 3333 3220 3404 φιλόθεός
3252 3334 3336 3397 τίς
3361 3334 3531 3386 ἐστιν.
3555 3333 3667 3386 Καὶ
3688 3333 3786 3402 οὐχ

2197 3439 2402 3505 ἀπλῶς,
2426 3439 2561 3493 Μεθ’
2597 3439 2774 3510 ήμῶν,
2825 3439 2979 3508 φησὶ,
3014 3439 3259 3508 ποίησον,
3288 3435 3442 3500 ἀλλὰ,
3472 3436 3635 3490 Μετὰ
3667 3432 3789 3487 τῶν

2195 3544 2424 3598 παίδων
2453 3558 2590 3596 σου’
2627 3543 2720 3595 καὶ
2746 3541 3047 3612 ἀρχόμενος
3074 3540 3248 3604 οὕτως
3269 3540 3421 3608 ἔλεγε
3442 3557 3455 3569 ·
3484 3541 3789 3606 Πειζρασον

2194 3649 2338 3714 τοὺς
2376 3647 2594 3713 παῖδάς
2629 3662 2766 3700 σου.
2801 3647 2876 3700 Οὐ
2917 3643 3263 3716 παρῃτοῦντο
3302 3643 3402 3707 τὰς
3436 3644 3787 3714 ἀνθρωπίνας

2195 3750 2384 3820 τιμὰς,
2429 3748 2557 3801 ἔνθα
2589 3749 2687 3817 τὴν
2722 3747 3005 3799 εὐσέϐειαν
3053 3745 3204 3798 οὐδὲν
3251 3743 3538 3804 ἔϐλαπτεν,
3583 3745 3786 3796 ἐπιδεί-

2199 3855 2408 3920 ξασθαι·
2437 3854 2558 3906 ἐπεὶ
2585 3852 2677 3905 καὶ
2694 3850 2904 3913 Παῦλος
2926 3849 3056 3903 αὐτὸ
3085 3851 3244 3904 ποιεῖ.
3279 3848 3600 3915 Ἀπολογίας
3623 3848 3784 3918 ἀρχόο

2200 3977 2379 4032 μενος,
2437 3959 2495 4023 ἐξ
2533 3956 2824 4026 ἐγκωμίων
2867 3953 2961 4008 τοῦ
3004 3954 3316 4018 δικάζοντος
3356 3954 3586 4023 ἄρχεται
3639 3952 3783 4004 οὕτω

2194 4065 2403 4131 λέγων’
2450 4060 2694 4128 Πολλῆς
2744 4058 2988 4127 εἰρήνης
3036 4057 3444 4128 τυγχάνοντες
3496 4056 3594 4108 διὰ
3632 4055 3782 4108 σοῦ·

2197 4169 2291 4222 καὶ
2314 4167 2605 4230 πολιτικοῖς
2639 4165 2909 4236 κέχρηται
2935 4164 3244 4233 πράγμασι.
3278 4162 3389 4215 Καὶ
3419 4162 3786 4234 προφητεύων

2198 4270 2254 4323 δὲ
2284 4271 2312 4323 ό
2347 4267 2536 4322 Νάθαν
2580 4269 2879 4338 προσκυνεῖ
2906 4267 2997 4319 τὸν
3035 4264 3217 4332 Δαυτδ,
3246 4263 3343 4318 καὶ
3383 4267 3411 4318 ό
3450 4263 3647 4317 Ἰακὼϐ
3696 4264 3786 4315 τὸν

2197 4368 2417 4439 Φαραὼ,
2466 4369 2558 4421 καὶ
2599 4370 2626 4420 ό
2660 4366 2910 4437 Ἀϐραὰμ
2951 4367 3078 4429 τοὺς
3120 4366 3420 4428 συνοίκους.
3466 4365 3578 4417 Kal
3630 4359 3787 4425 οὗτος

2200 4475 2380 4537 αὐτὸς,
2414 4475 2518 4537 Εἰς
2547 4472 2653 4524 τὸν
2679 4471 2886 4532 αἰῶνα,
2911 4471 3068 4539 φησὶ,
3101 4469 3246 4536 ζῆθι.
3275 4467 3418 4537 Ὅρα
3448 4470 3600 4538 ῥῆμα
3626 4468 3787 4520 κολα-

2202 4579 2352 4640 κείας
2391 4577 2581 4646 γέμον.
2634 4573 2773 4627 Ἀλλ’
2804 4573 2904 4627 ούκ
2930 4572 2997 4626 ἀν
3033 4575 3242 4642 εἴποιμι
3279 4570 3438 4624 τοῦτο
3467 4570 3783 4634 κολακείαν,

2201 4681 2336 4734 ἀλλά
2376 4679 2588 4732 σύνεσιν
2631 4678 2726 4729 καὶ
2769 4675 2981 4745 σοφίαν.
3024 4674 3182 4727 Οὕτω
3232 4674 3326 4726 καὶ
3365 4673 3575 4737 Παῦλός
3619 4692 3784 4745 (91:3:-

2215 4785 2311 4835 Ἐν
2338 4781 2524 4850 σοφίᾳ
2550 4778 2923 4847 περιπατεῖτε
2949 4777 3099 4846 πρὸς
3122 4776 3262 4842 τοὺς
3288 4775 3423 4840 ἔξω,
3450 4775 3556 4830 τὸν
3575 4779 3787 4845 κα;ρ‹”ν

2198 4883 2703 4955 ἐξαγοραζόμενοι.
2757 4882 2914 4936 Οὕτω
2960 4883 3055 4935 καὶ
3093 4883 3121 4935 ό
3176 4881 3412 4952 Χριστὸς
3465 4880 3781 4934 ἐδίδασκεν·

2213 4988 2494 5045 Ἀπόδοτε
2522 4988 2592 5041 τὰ
2619 4989 2919 5053 Καίσαρος
2961 4984 3233 5052 Καίσαρι,
3269 4983 3368 5036 καί
3397 4983 3469 5037 τὰ
3496 4983 3601 5037 τοῦ
3635 4985 3784 5038 Θεοῦ

2200 5091 2281 5157 τῷ
2309 5089 2451 5157 Θεῷ.
2483 5091 2548 5144 Τί
2580 5088 2702 5155 οὖν;
2737 5089 2805 5141 τά
2840 5087 3130 5158 σπέρματα
3167 5086 3338 5156 μιαρά
3385 5086 3483 5138 οὐκ
3534 5081 3634 5156 ἦνς
3681 5089 3785 5139 01':-

2200 5197 2407 5267 δαμῶς,
2439 5195 2558 5248 οὐδὲ
2582 5193 2643 5245 τὸ
2674 5193 2836 5262 ὕδωρ.
2866 5191 2976 5243 Καὶ
3008 5189 3168 5242 τοῦτο
3200 5189 3504 5242 διετέλεσαν
3531 5188 3625 5258 ἐτη
3659 5191 3786 5260 τρία.

2204 5300 2498 5360 ποιοῦντες.
2535 5295 2644 5351 Kal
2669 5294 2819 5364 μετὰ
2850 5295 2917 5346 τὸ
2946 5294 3140 5358 τέλος,
3179 5292 3334 5362 φησι,
3377 5290 3495 5344 τῶν
3521 5291 3783 5359 ἡμερῶν,

2201 5400 2290 5459 ὧν
2326 5399 2495 5456 εἶπεν
2524 5404 2556 5455 d
2597 5397 2922 5464 βασιλεὺς,
2970 5395 3311 5465 εἰσαγαγεῖν
3361 5395 3603 5460 αὐτοὺς,
3659 5399 3786 5450 εἰσ-

2203 5512 2429 5578 ήγαγεν
2455 5507 2677 5570 αὐτοὺς
2711 5507 2744 5558 ό
2772 5501 3201 5571 άρχιευνοῦχος
3231 5500 3380 5567 πρὸς
3401 5499 3788 5566 Ναϐουχοδο.

2203 5615 2409 5679 νόσορ.
2464 5610 2571 5664 Kal
2623 5611 2735 5676 οὐχ
2785 5607 3122 5674 εὑρέθησαν
3171 5605 3240 5656 ἐκ
3297 5602 3539 5655 πάντων
3585 5601 3786 5655 αὐτῶν

2205 5716 2394 5785 ὅμοιοι
2445 5711 2690 5780 Δανιὴλ,
2741 5712 2837 5765 καί
2892 5710 3155 5774 Ἀνανίᾳ,
3205 5707 3304 5759 καί
3358 5704 3628 5771 Μισαὴλ,
3689 5703 3787 5757 καί

2268 5866 2294 5905 ἀ
2319 5867 2470 5914 Scrib.
2505 5868 2769 5927 φαγώμεθα,
2798 5873 2847 5912 el
2870 5864 3100 5924 πιὼμεθα.
3130 5863 3186 5910 El
3202 5860 3494 5916 ‘eloﬁmvasv
3516 5858 3692 5906 αὐτῶν.
