4016 6458
190 450 304 505 197

188 563 381 632 peccati
418 562 669 631 voluptate
693 560 814 627 frui,
859 559 1074 621 maiores
1106 556 1322 625 lEgypti
1357 556 1599 607 thesauris
1640 550 1766 602 divi-

188 657 286 707 tias
336 671 442 707 esse
488 664 628 705 ratus
668 651 853 706 Christi
894 650 1130 719 probrum
1171 647 1353 719 (Hebr.
1397 647 1482 699 11.
1522 644 1611 696 25.
1654 641 1767 711 26).

188 744 241 796 8.
293 742 357 795 Et
398 743 561 809 posuit
609 739 788 792 Daniel
829 740 880 791 in
926 738 1076 790 corde
1116 753 1227 795 suo,
1268 752 1329 788 ne
1374 732 1680 802 pollueretur
1718 730 1770 781 in

188 849 362 885 mensa
388 833 538 900 regis,
567 840 610 883 et
635 831 686 881 in
711 830 821 881 vino
843 828 903 878 de
935 836 1052 895 potu
1075 827 1201 894 ejus,
1234 834 1278 875 et
1312 823 1499 891 rogavit
1526 819 1769 890 prarposi-

192 935 299 974 tam
339 922 676 975 cunuchorum
716 934 777 970 ne
803 918 1245 969 contaminaretur.
1284 914 1335 967 9.
1382 911 1448 964 Et
1474 912 1608 963 dedit
1635 908 1770 961 Deus

196 1013 459 1065 Dunielem
484 1013 537 1062 in
564 1008 957 1060 misericordiam
997 1016 1041 1058 et
1070 1006 1122 1057 in
1166 1004 1531 1055 miserationem
1557 1001 1608 1052 in
1644 1016 1765 1051 con-

190 1112 362 1170 spectu
394 1099 631 1167 principis
652 1098 1014 1149 cunuchorum.
1045 1094 1234 1159 Aspice
1261 1091 1525 1145 Daniclem
1554 1104 1583 1142 a
1613 1088 1765 1140 bonis

190 1190 443 1258 operibus
484 1188 736 1256 incipere.
771 1186 845 1239 lta
893 1200 953 1239 ex
996 1198 1062 1236 eo
1107 1193 1345 1250 tempore
1388 1178 1618 1233 ostendit
1660 1191 1770 1229 ma—

188 1297 354 1350 gnum
402 1296 459 1333 se
489 1294 628 1343 esse,
659 1288 815 1347 atque
854 1276 1237 1329 admirabilem.
1282 1274 1456 1339 Quare
1500 1270 1767 1336 Scriptura

194 1371 549 1440 praestantiori
590 1384 709 1423 eum
749 1368 963 1420 nomine
1002 1364 1277 1436 (Daniclis)
1323 1361 1572 1429 appellat.
1603 1359 1768 1412 Porro

191 1462 246 1514 in
276 1461 467 1529 quibus
496 1466 719 1526 poterat,
749 1458 919 1525 legem
942 1455 1205 1509 servabat.
1233 1453 1359 1519 Quis
1381 1452 1535 1513 alius,
1562 1462 1761 1519 qureso,

192 1565 433 1604 mensam
480 1549 675 1617 regiam
727 1548 1023 1601 censuisset
1069 1560 1187 1599 esse
1232 1542 1533 1613 piaculum?
1580 1540 1770 1608 Aspice

190 1640 462 1709 quomodo
507 1640 681 1693 statim
728 1638 793 1691 ab
835 1637 1054 1693 exordio
1099 1651 1249 1689 suum
1296 1649 1418 1702 erga
1456 1631 1765 1699 sapientiam

190 1749 430 1787 amorem
472 1731 816 1785 demonstret.
865 1728 932 1781 Et
972 1728 1179 1797 rogavit,
1219 1726 1403 1793 inquit,
1451 1722 1769 1791 prtepositum

190 1823 559 1883 cunuchorum,
602 1836 663 1873 ne
707 1818 1147 1873 contaminaretur.
1197 1813 1568 1867 Animadverte
1613 1825 1768 1879 quam

194 1927 301 1965 non
344 1912 414 1963 sit
448 1909 778 1961 ambitiosus.
822 1906 934 1959 Non
975 1904 1127 1969 dixit,
1161 1903 1402 1957 Animam
1444 1901 1571 1954 mihi
1600 1900 1770 1967 potius

196 2000 359 2055 adimi
395 1999 559 2066 patiar
590 2016 603 2050 :
632 1996 723 2049 sed
754 1996 976 2064 rogavit,
1003 2002 1078 2059 ut,
1121 1994 1162 2045 si
1195 1993 1304 2045 fieri
1337 1998 1531 2059 posset,
1560 1988 1765 2041 lateret.

192 2093 364 2157 Quam
398 2090 464 2141 ob
489 2103 721 2151 causam,
752 2087 937 2153 inquit,
969 2085 1196 2137 honores
1234 2081 1536 2135 ambirem?
1571 2081 1637 2132 At
1664 2093 1768 2131 non

194 2182 273 2235 sic
296 2178 579 2245 Josephus,
622 2192 719 2230 nec
763 2176 987 2245 Moyses.
1017 2174 1150 2240 Quid
1182 2172 1373 2238 igitur?
1412 2169 1604 2222 lllosne
1633 2179 1768 2218 con-

196 2268 605 2323 demuabimus?
638 2266 806 2318 Absit.
842 2263 1148 2317 Nescierunt
1178 2262 1316 2314 enim
1345 2258 1597 2327 quidnam
1641 2254 1768 2309 illud

194 2369 358 2414 esuri.
391 2356 630 2409 Nondum
671 2354 927 2422 siquidem
970 2352 1237 2406 existebat
1267 2351 1351 2404 illa
1382 2364 1498 2418 qua:
1528 2358 1709 2418 postea
1741 2364 1768 2401 a

194 2451 312 2519 lege
350 2460 431 2502 est
462 2449 695 2500 instituta
726 2446 963 2498 ciborum
997 2444 1309 2513 repudiatio.
1346 2442 1476 2496 Vide
1504 2442 1674 2509 ipsum
1720 2450 1772 2493 et

195 2548 512 2608 arguentem
570 2546 622 2590 et
674 2536 1155 2603 philosoiihautem,
1202 2543 1255 2586 ct
1299 2534 1350 2585 in
1392 2531 1567 2599 parvis
1611 2530 1771 2582 rebus

196 2630 469 2695 specimen
509 2627 778 2695 sapientiae
814 2640 925 2678 sua:
969 2623 1327 2677 exhibentem.
1369 2623 1544 2689 Atque
1593 2620 1641 2672 id
1690 2626 1773 2672 est

195 2718 337 2786 quod
382 2715 624 2769 dicebant
665 2715 888 2782 apostoli
920 2714 995 2782 (a)
1022 2731 1036 2766 :
1073 2711 1194 2765 Ηωσ
1230 2710 1484 2779 oportebat
1516 2710 1657 2777 prius
1686 2708 1769 2775 [a-

194 2824 329 2870 cere,
374 2814 419 2857 et
463 2804 552 2857 illa
593 2820 691 2855 non
738 2803 962 2855 omittere
992 2801 1137 2871 (Luc.
1176 2802 1262 2854 11.
1299 2799 1409 2869 42).
1444 2799 1567 2851 llmc
1596 2808 1771 2851 autent

200 2898 382 2951 Daniel
429 2897 667 2958 facie-hat,
721 2909 823 2947 non
872 2894 1010 2962 quod
1053 2892 1205 2946 idolis
1253 2890 1547 2944 sacrificata
1593 2898 1773 2942 essent

196 3004 317 3057 qua:
365 2986 781 3054 opponebantur,
828 2983 920 3037 sed
964 2982 1102 3051 quod
1142 2999 1169 3033 a
1216 2980 1329 3049 lege
1376 2988 1554 3033 essent
1595 2977 1774 3046 prohi-

199 3080 309 3133 bita
351 3079 449 3144 (b).
479 3075 754 3141 Quomodo
784 3075 940 3142 igitur
970 3072 1329 3126 cunuchorum
1372 3071 1624 3138 magistro
1656 3084 1772 3136 per-

198 3168 407 3221 suasit?
453 3166 681 3219 Adverte
730 3174 786 3217 ut
833 3164 1009 3216 statim
1039 3163 1129 3215 tibi
1170 3162 1333 3214 solvat
1367 3160 1769 3213 dubitationem.

200 3258 370 3321 Dedit,
420 3256 605 3324 inquit,
658 3254 791 3307 Deus
838 3253 1094 3305 Danielem
1122 3253 1174 3304 in
1213 3250 1603 3303 misericordiam
1633 3257 1678 3301 et
1719 3250 1772 3302 in

198 3349 564 3401 miserationem
601 3347 654 3397 in
692 3354 954 3414 conspectu
982 3344 1221 3412 principis
1246 3342 1609 3395 cunuchorum.
1642 3340 1771 3393 Illud

200 3441 362 3491 etiam
392 3435 622 3503 Josepho
662 3434 850 3487 accidit
883 3452 894 3485 :
926 3436 975 3486 in
1006 3432 1233 3501 Egypto
1263 3446 1475 3500 quoque
1510 3429 1772 3499 Josephus

200 3527 619 3584 misericordiam
674 3535 1029 3594 consequutus
1071 3534 1170 3585 est,
1224 3534 1275 3577 et
1317 3523 1537 3592 gratiam
1574 3522 1776 3575 invenit

198 3619 339 3687 apud
379 3632 667 3685 coquorum
694 3615 997 3684 prmfectuin
1026 3631 1038 3665 :
1065 3629 1222 3682 porro
1261 3614 1471 3681 utrique
1511 3614 1675 3676 servi,
1721 3620 1773 3665 et

203 3711 255 3761 in
285 3708 559 3761 barbarico
594 3706 709 3759 solo
734 3705 1015 3774 degebant.
1044 3704 1206 3757 Erant
1238 3719 1365 3756 sane
1395 3701 1552 3756 verba
1582 3703 1773 3755 Danie-

203 3801 272 3854 lis
312 3798 498 3851 idonea
549 3797 615 3850 ad
667 3795 1041 3850 exsolvendam
1083 3795 1179 3862 (vel
1209 3790 1599 3862 attrahendum)
1643 3792 1773 3844 iram

203 3890 366 3959 regis.
394 3887 526 3955 Quid
555 3887 670 3939 ais?
699 3886 894 3939 domini
927 3899 1159 3938 mensam
1188 3882 1563 3936 exsecrabilem
1594 3884 1772 3950 appel-

204 3979 482 4033 las?aune
530 3978 709 4045 purior
741 3977 892 4029 nobis
947 3984 999 4027 tu
1048 3973 1372 4042 apparuisti?
1418 3987 1593 4025 nonne
1638 3972 1773 4025 nosti

206 4073 327 4125 ideo
356 4085 450 4123 vos
477 4070 704 4136 linguam
748 4082 811 4120 ac
846 4067 1025 4119 literas
1050 4064 1419 4118 Chaldaeorum
1450 4063 1675 4126 discere,
1720 4073 1777 4116 ut

203 4164 271 4217 ad
302 4173 537 4215 nostrum
580 4160 818 4213 ordinem
863 4157 1181 4211 transcatis?
1210 4156 1360 4211 Unde
1402 4170 1528 4209 vero
1562 4156 1777 4208 omnino

205 4252 484 4306 eunuchus
505 4251 647 4302 illum
676 4250 936 4302 reveritus
964 4249 1078 4301 est?
1108 4248 1244 4301 Puer
1272 4256 1385 4299 erat
1409 4246 1777 4314 contemptibi-

207 4342 273 4395 lis
301 4354 363 4393 ac
400 4338 660 4408 captivus.
688 4337 817 4391 Nam
848 4338 945 4390 etsi
973 4335 1293 4389 reverendus
1316 4335 1519 4401 fuisset,
1562 4344 1615 4387 at
1642 4335 1781 4403 peri-

205 4432 384 4485 culum
409 4444 509 4481 non
536 4428 742 4481 sinebat
762 4427 930 4495 ipsum
958 4426 1309 4479 venerabilem
1341 4425 1527 4478 videri.
1562 4425 1624 4477 Et
1655 4441 1780 4491 pro-

208 4531 328 4590 pter
358 4521 457 4573 hoe
487 4528 759 4587 postquam
791 4516 923 4570 dixit
944 4534 955 4569 :
976 4515 1126 4569 Dedit
1147 4531 1255 4568 eum
1287 4515 1339 4566 in
1366 4514 1777 4575 misericordiam,

214 4610 396 4663 subdit
440 4609 596 4661 verba
642 4606 893 4667 eunuchi,
947 4614 1002 4659 et
1046 4605 1266 4658 multum
1315 4605 1557 4661 timorem
1617 4604 1778 4656 illius.

210 4697 531 4767 Quomodo?
570 4697 624 4749 Id
668 4696 995 4763 impossibile
1022 4694 1205 4747 fuisset
1247 4704 1405 4761 atque
1435 4694 1779 4763 prohibitum,

214 4790 313 4845 nisi
356 4789 584 4843 czelestis
613 4788 778 4855 gratia
810 4787 984 4840 omnia
1026 4785 1407 4853 diSpensasset.
1448 4788 1531 4840 11.
1563 4785 1627 4837 Et
1656 4788 1781 4838 dixit

219 4880 400 4934 Daniel
424 4878 490 4929 ad
516 4878 875 4942 Amelasarem,
910 4892 1052 4946 quem
1080 4878 1397 4929 constituerat
1437 4880 1669 4946 magister
1706 4894 1786 4931 ea-

278 5007 350 5067 (α)
384 5005 487 5054 lmo
509 5006 689 5068 Domini
716 5012 791 5052 est
808 5004 933 5068 isuid
957 5004 1217 5053 oraculum.
1246 5006 1333 5054 sed
1358 5006 1610 5068 aliquando
1628 5008 1787 5057 Eccle-

213 5064 299 5118 size
322 5064 591 5127 magistros,
610 5064 721 5111 dum
744 5066 821 5112 vel
842 5066 999 5113 minus
1017 5079 1125 5127 cum
1140 5078 1253 5113 cura
1274 5064 1502 5125 scribunt,
1528 5068 1607 5116 vel
1626 5069 1787 5117 calore

215 5126 419 5178 dicendi
445 5127 763 5185 abripiuntur,
806 5128 1039 5173 memoria
1082 5126 1318 5175 destituit.
1366 5130 1436 5175 sic
1468 5128 1588 5176 infra
1613 5131 1787 5178 eodem

218 5192 308 5238 hoc
335 5194 494 5247 capite
518 5188 664 5233 verba
688 5185 1037 5247 Tertulli.rAct.
1062 5186 1142 5243 24,
1166 5188 1212 5243 5,
1239 5186 1379 5235 Paulo
1403 5189 1740 5239 attribuuntur.

283 5248 355 5309 (ὁ)
391 5245 488 5295 Non
514 5252 674 5294 tamen
702 5245 1027 5310 iniprobabilis
1065 5255 1141 5310 est
1179 5248 1465 5296 Theodoreti
1492 5250 1789 5310 aliorumque

217 5306 483 5360 sententia.
509 5314 637 5367 Lege
660 5306 861 5354 luditth
886 5306 962 5361 l2,
987 5306 1035 5360 2,
1062 5308 1138 5363 19,
1184 5310 1392 5355 Btherre
1420 5310 1493 5365 14,
1520 5310 1593 5357 17.
1622 5306 1788 5358 Credi—

222 5370 374 5417 Jerim
393 5369 715 5431 sanctissimos
732 5368 939 5431 iuvenes
956 5368 1194 5431 tribusde
1218 5370 1373 5431 causis
1394 5371 1501 5417 cibo
1524 5371 1661 5431 regio
1684 5371 1793 5416 abs-

224 5431 457 5478 tinuisse:
488 5436 585 5475 tmn
604 5429 665 5474 ob
688 5427 955 5475 solemnem
998 5427 1294 5474 ethnicorum
1335 5430 1381 5475 in
1416 5427 1604 5477 mensis
1618 5443 1792 5478 suner-

222 5492 498 5547 stitiouem;
542 5496 641 5535 tum
685 5487 810 5548 quod
858 5486 1079 5549 plerique
1132 5488 1488 5549 Babyloniorum
1539 5492 1632 5537 cibi
1680 5486 1793 5549 lege

224 5550 421 5598 Itosaica
448 5549 580 5596 vetiti
625 5557 820 5607 essent;
845 5556 944 5595 tum
968 5548 1201 5607 denique,
1222 5548 1329 5607 Quia
1350 5549 1551 5609 jejunio,
1578 5558 1627 5599 et
1651 5548 1796 5598 absti-

226 5611 387 5659 neutia
407 5609 469 5656 ab
491 5610 725 5663 animatis,
744 5616 895 5655 Deum
914 5610 1175 5668 promereri
1197 5612 1493 5668 Sllﬂgcllulll.
1513 5618 1563 5659 Et
1584 5612 1672 5657 hoc.
1686 5610 1797 5658 ulti-

222 5684 352 5719 mum
378 5666 1227 5733 confirmant_.losephusAtitioalud.
1254 5666 1335 5733 liti.
1362 5672 1433 5723 10,
1463 5685 1565 5733 (mp.
1596 5673 1668 5726 11,
1692 5672 1794 5719 0ῐὶ-

224 5742 384 5795 genes
405 5730 431 5777 7
458 5736 619 5795 contra
644 5728 853 5795 peis-uin,
880 5735 933 5775 et
951 5728 1133 5795 _ttomil.
1156 5729 1185 5775 4
1208 5729 1255 5776 in
1296 5728 1533 5781 diversos‘
1552 5740 1573 5761 ι·
1617 5741 1797 5795 "Ngo-

228 5788 327 5843 iius
346 5798 466 5851 Papa
490 5788 689 5849 Epistula
713 5790 769 5836 ad
793 5790 1103 5838 'I‘hcotistam.

1576 439 1638 494 IN
1679 436 2040 494 DANIELEM.

3330 458 3439 513 198

1884 554 2157 606 nuc/tarum
2188 572 2335 621 super
2359 554 2633 617 Danielum,
2667 555 2929 611 Ananiam.
2964 554 3218 621 Azariam,
3261 567 3307 609 et
3340 557 3446 610 Mi-

1879 644 2058 696 saelem
2082 661 2099 697 :
2132 645 2216 698 12.
2242 645 2417 709 Tenta,
2445 646 2661 709 obsecro,
2692 661 2853 697 servus
2876 657 2981 697 tuos
3005 663 3091 714 per
3118 647 3220 700 dies
3240 647 3444 711 decem;

1880 744 1927 786 et
1963 734 2080 787 deut
2127 737 2265 788 nobis
2311 736 2372 787 de
2418 736 2682 787 seminibus
2724 746 2886 800 terrm,
2934 746 2979 787 et
3025 738 3359 800 comedamus,
3400 748 3445 790 et

1878 840 2058 891 aquam
2094 825 2313 877 bibamus
2340 839 2357 876 :
2382 825 2463 878 15.
2494 834 2537 875 et
2564 834 2837 891 appareant
2868 841 3033 876 coram
3060 834 3105 877 te
3146 827 3306 879 vultus
3351 843 3440 879 no«

1878 917 1987 979 stri,
2022 926 2066 967 et
2095 916 2258 967 cultus
2287 930 2551 982 puerorum
2577 914 2660 982 qui
2689 913 2953 965 comedunt
2993 930 3019 965 e
3064 931 3234 967 mensa
3274 917 3404 983 regis
3426 932 3445 969 :

1879 1015 1924 1059 et
1961 1008 2089 1060 sicut
2133 1007 2333 1070 videris,
2356 1006 2512 1071 facito
2554 1021 2667 1058 cum
2708 1006 2875 1071 pueris
2915 1007 3031 1058 tuis.
3066 1006 3152 1059 M.
3184 1005 3252 1058 Et
3287 1023 3446 1060 exau-

1878 1096 1997 1148 divit
2052 1112 2193 1157 eum,
2245 1106 2292 1148 et
2333 1097 2538 1148 tentavit
2588 1112 2671 1149 eos
2722 1112 2809 1162 per
2856 1096 2958 1148 dies
3000 1096 3186 1149 decem.
3238 1098 3323 1151 15.
3380 1097 3445 1150 Et

1879 1196 1988 1254 post
2018 1188 2165 1252 ﬁnem
2197 1186 2361 1239 decem
2401 1187 2592 1238 dierum
2624 1185 2715 1239 visi
2757 1195 2872 1238 sunt
2911 1186 3071 1238 vultus
3105 1202 3271 1240 eorum
3305 1185 3441 1250 boni,

1878 1285 1925 1328 et
1964 1277 2060 1343 ipsi
2085 1292 2291 1343 corpore
2332 1276 2636 1343 pinguiores,
2665 1290 2813 1343 quam
2842 1274 2983 1343 pueri
3011 1276 3092 1343 qui
3127 1276 3445 1329 comedebant

1879 1367 1941 1417 de
1965 1382 2133 1418 mensa
2156 1366 2304 1433 regis.
2339 1365 2518 1433 Magna
2547 1365 2782 1428 libertas,
2818 1366 3041 1420 maxima
3075 1365 3233 1419 animi
3257 1367 3443 1420 alacri-

1879 1464 1978 1518 tas,
2008 1454 2168 1507 multa
2202 1453 2498 1522 prudentia,
2535 1454 2717 1523 ingens
2755 1453 2904 1507 ﬁdes.
2938 1453 3093 1507 Tenta
3132 1471 3310 1522 pueros
3336 1464 3443 1509 tuos

1877 1561 1965 1614 per
1991 1545 2095 1597 dies
2125 1544 2311 1597 decem.
2351 1543 2551 1597 Deinde
2595 1552 2651 1595 ut
2692 1557 2759 1596 ne
2800 1545 3069 1597 existimes
3121 1559 3151 1597 a
3185 1546 3441 1599 seminum

1878 1643 2063 1686 natura
2106 1633 2234 1685 oriri
2277 1632 2425 1685 faciei
2473 1632 2814 1695 hilaritatem,
2863 1634 3068 1701 respice
3115 1650 3324 1704 quoque
3376 1635 3442 1689 ad

1876 1738 2085 1791 aquam,
2111 1737 2231 1790 quae
2261 1724 2478 1776 minime
2504 1723 2685 1775 nutrit.
2719 1723 2784 1775 Et
2811 1737 2913 1775 non
2958 1723 3114 1775 modo
3146 1725 3280 1777 bona
3320 1740 3444 1779 cor-

1877 1813 2021 1880 poris
2064 1811 2370 1865 habitudine
2409 1812 2613 1880 prmditi
2647 1822 3035 1879 apparuerunt,
3085 1812 3175 1866 sed
3205 1824 3258 1865 et
3284 1830 3440 1883 vege-

1877 1903 2038 1955 tiores
2078 1902 2141 1955 iis
2166 1902 2254 1970 qui
2302 1902 2442 1970 regia
2483 1916 2664 1955 mensa
2692 1900 3023 1955 fruebantur.
3068 1901 3217 1967 Quod
3265 1914 3441 1957 autem

1875 2005 2061 2045 carnes
2079 2000 2132 2045 et
2149 1992 2326 2044 vinum
2348 1991 2513 2059 magis
2536 1992 2768 2043 nutriant
2784 2006 2939 2058 quam
2962 2002 3149 2044 cratera
3172 1992 3442 2057 alimenta,

1878 2081 2158 2149 unicuique
2192 2090 2274 2134 est
2300 2080 2657 2134 manifestum.
2686 2080 2856 2134 Cerne
2887 2090 2940 2133 ut
2983 2084 3161 2133 statim
3204 2082 3269 2135 ab
3300 2083 3447 2135 initio

1875 2170 2041 2238 gratia
2072 2184 2136 2223 ex
2166 2169 2436 2223 voluntate
2463 2184 2749 2238 puerorum
2769 2179 2821 2223 et
2847 2185 2908 2223 ex
2942 2169 3083 2224 dono
3113 2171 3202 2225 Dei
3231 2171 3445 2226 eﬂlure-

1876 2269 2007 2314 seat.
2046 2261 2299 2314 Voluntas
2315 2262 2572 2330 siquidem
2604 2269 2703 2325 est,
2735 2260 2873 2329 quod
2906 2262 3170 2314 noluerint
3203 2280 3216 2315 :
3250 2262 3444 2317 dOtttltII

1878 2369 2024 2417 vero,
2058 2354 2198 2423 quod
2228 2354 2515 2421 potuerint.
2547 2352 2611 2405 Et
2637 2363 2932 2421 appareant,
2967 2354 3153 2420 inquit,
3182 2369 3347 2405 coram
3379 2363 3445 2407 te.

1880 2443 2141 2497 Judicium
2165 2444 2256 2496 tibi
2297 2444 2670 2510 permittimus.
2712 2442 2870 2495 Levis
2896 2451 3070 2495 autem
3101 2452 3151 2494 et
3185 2441 3346 2494 facilis
3367 2452 3448 2495 est

1876 2534 2041 2603 gratia
2080 2548 2238 2601 quam
2291 2533 2671 2600 petimus:res
2720 2531 2810 2583 tibi
2863 2532 3017 2584 fidem
3066 2530 3279 2584 faciant.
3337 2533 3446 2601 ligo

1878 2625 2075 2691 quippe
2111 2632 2358 2676 eventum
2402 2623 2676 2689 perspicue
2708 2622 2825 2673 novi
2856 2639 2868 2673 :
2902 2632 2955 2673 at
2986 2634 3199 2689 pr0pter
3239 2632 3289 2677 te
3318 2624 3447 2676 nihil

1877 2724 2000 2768 ante
2047 2716 2203 2767 finem
2246 2712 2474 2765 affirmo.
2521 2711 2693 2765 Cerne
2728 2712 2993 2780 quomodo
3021 2714 3180 2766 etiam
3219 2714 3443 2769 famulas

1877 2807 2055 2858 statim
2083 2803 2358 2868 erudierit,
2392 2818 2451 2856 ac
2492 2803 2730 2856 docuerit
2768 2817 2825 2855 se
2871 2818 2991 2856 esse
3024 2803 3113 2857 Dei
3160 2816 3445 2859 amantem.

1878 2895 1947 2950 Et
1984 2910 2087 2949 non
2136 2893 2449 2962 simpliciter
2471 2892 2620 2956 dicit,
2652 2891 2830 2945 Facito
2862 2892 3155 2954 nobiscum,
3201 2894 3312 2957 sed,
3349 2893 3452 2946 Fa-

1877 2987 1975 3037 cito
2014 3002 2125 3037 cum
2174 2985 2338 3053 pueris
2380 2984 2478 3036 tais
2504 2998 2522 3036 :
2551 2984 2729 3051 sicque
2769 2997 2996 3036 exorsus
3038 2986 3211 3037 aiebat
3246 3004 3257 3036 ε
3294 2985 3449 3039 Tcnta

1878 3092 2054 3145 pueros
2080 3085 2210 3127 tuos.
2243 3073 2357 3127 Non
2404 3074 2718 3126 recusabant
2747 3073 3007 3126 humanos
3038 3074 3266 3128 honores
3294 3078 3448 3129 exhi-

1882 3168 2026 3230 bere,
2057 3167 2143 3219 tibi
2173 3165 2302 3218 nihil
2328 3175 2469 3218 esset
2494 3165 2632 3233 quod
2658 3166 2903 3232 pietatem
2929 3166 3144 3220 lmderet
3172 3186 3183 3219 :
3208 3169 3447 3237 quamle-

1878 3257 2089 3326 quidem
2121 3266 2173 3309 et
2200 3256 2393 3310 Paulus
2421 3256 2556 3308 idem
2587 3256 2729 3309 facit.
2755 3255 2882 3308 Nam
2907 3256 3159 3311 inchoans
3186 3259 3449 3312 defensio-

1882 3364 2003 3401 nem
2051 3362 2221 3408 suam,
2260 3362 2287 3398 a
2330 3346 2786 3414 laudibusjudicis
2826 3347 3026 3416 incipit,
3078 3349 3143 3401 ita
3192 3349 3447 3418 loquens:

1879 3438 1945 3492 In
1972 3438 2129 3491 multa
2158 3454 2280 3507 pace
2298 3448 2497 3507 agentes
2524 3453 2611 3505 per
2628 3446 2672 3488 te
2700 3436 2831 3503 (Act.
2855 3437 2943 3490 21.
2972 3437 3048 3507 2).
3078 3438 3215 3491 Idem
3241 3451 3449 3506 aposto-

1878 3532 1960 3584 lus
1999 3530 2155 3583 rebus
2198 3529 2437 3583 civilibus
2467 3543 2592 3581 usus
2622 3538 2721 3580 est.
2752 3527 2957 3581 Nathan
2984 3545 3193 3597 quoque
3221 3532 3450 3598 prophe-

1880 3630 1996 3675 tans
2035 3622 2220 3673 adorat
2262 3618 2544 3683 Davidem;
2585 3618 2810 3672 Jacohus
2844 3619 3084 3672 similiter
3124 3620 3447 3674 Pharaonem

1880 3708 2084 3773 adorat,
2108 3717 2161 3761 et
2186 3707 2517 3761 Abrahamus
2544 3706 2965 3760 contubernales.
2999 3708 3175 3760 Daniel
3200 3708 3446 3778 denique,

1880 3800 1946 3852 de
1967 3814 2069 3867 quo
2090 3813 2228 3853 nunc
2255 3812 2430 3852 sermo
2458 3806 2557 3859 est,
2588 3798 2692 3865 regi
2716 3796 2869 3849 dicit:
2889 3795 2952 3848 In
2982 3805 3220 3850 cateruam
3244 3800 3351 3851 vive
3372 3801 3445 3868 (a)

1882 3889 2042 3958 (Dan.
2077 3889 2127 3942 6.
2159 3886 2271 3955 21).
2322 3887 2695 3941 Animadverte
2734 3886 2952 3939 verbum
2999 3886 3313 3940 adulationis
3339 3891 3447 3956 ple-

1883 3997 2029 4034 num.
2063 3983 2130 4033 At
2168 3996 2265 4049 ego
2296 3995 2401 4032 non
2444 3978 2493 4030 id
2538 3978 2759 4030 dixerim
2792 3976 3167 4035 adulationem.
3200 3978 3290 4031 sed
3325 3994 3448 4046 pru-

1883 4072 2112 4125 dentiam
2143 4082 2192 4123 et
2221 4069 2549 4138 sapientium.
2583 4068 2653 4121 Ila
2683 4076 2735 4121 et
2757 4067 2948 4119 Paulus
2975 4068 3044 4120 ait
3071 4087 3081 4119 :
3114 4067 3177 4120 In
3206 4071 3451 4137 sapientia

1884 4162 2133 4214 ambulate
2158 4161 2224 4212 ad
2248 4177 2330 4213 eos
2357 4160 2441 4230 qui
2471 4161 2593 4229 foris
2628 4168 2761 4221 sunt,
2792 4168 2986 4227 tempus
3011 4160 3305 4214 redimentes
3329 4162 3450 4231 (Co-

1885 4251 2005 4302 loss.
2038 4252 2091 4303 4.
2121 4248 2196 4320 5).
2243 4248 2314 4302 lla
2357 4250 2514 4303 etiam
2562 4248 2803 4302 Christus
2844 4248 3021 4301 docuit
3053 4266 3065 4300 :
3101 4248 3315 4302 Reddite
3344 4266 3456 4319 quin

1883 4351 1997 4393 sunt
2033 4339 2245 4394 Cwsmis
2274 4337 2481 4403 Ccesari,
2523 4348 2566 4390 et
2609 4353 2719 4407 quia
2754 4347 2869 4390 sum
2904 4337 2996 4388 Dei
3048 4337 3154 4390 Deo
3184 4338 3328 4405 (Luc.
3363 4341 3447 4393 10.

1884 4431 1997 4500 25).
2029 4430 2164 4497 Quid
2197 4430 2385 4499 igitur?
2430 4429 2630 4483 semina
2676 4428 2940 4480 immunda
2988 4444 3090 4481 non
3123 4431 3306 4482 erant?
3352 4429 3450 4483 Mi-

1886 4527 2027 4577 nime
2056 4541 2068 4576 :
2097 4523 2189 4576 sed
2222 4538 2319 4575 nec
2349 4536 2500 4589 aqua.
2532 4520 2595 4573 Et
2624 4519 2723 4573 hoc
2747 4536 2840 4588 per
2862 4531 2967 4573 tres
2994 4535 3159 4574 annos
3191 4523 3448 4576 fecerunt.

1888 4617 1973 4670 18.
2011 4616 2073 4668 Et
2098 4614 2373 4681 completis,
2403 4613 2586 4678 inquit,
2614 4612 2803 4673 diebus,
2840 4622 2947 4679 post
2974 4628 3095 4675 quos
3119 4613 3312 4665 dixerat
3339 4631 3446 4675 rex,

1887 4717 1940 4759 ut
1979 4704 2307 4758 introduceret
2336 4703 2491 4769 ipsos,
2530 4701 2927 4754 archieanuchas
2954 4703 3233 4756 introduxit
3274 4720 3354 4756 eos
3386 4708 3451 4756 ad

1891 4794 2453 4848 Nabuchodonosorem.
2487 4792 2568 4846 l9.
2607 4791 2670 4844 Et
2714 4810 2809 4845 non
2838 4795 3019 4846 int-cuti
3056 4804 3167 4847 sunt
3196 4812 3256 4848 ex
3291 4800 3448 4849 omni-

1956 4951 2025 5009 (a)
2060 4947 2114 4995 ln
2133 4954 2311 5009 Graeco,
2340 4959 2398 5001 εις
2420 4958 2481 4994 τὸν
2513 4960 2622 4994 «tau
2645 4956 2742 5003 ζῆθι.
2768 4948 2954 4994 Grotius
2980 4951 3323 5007 interpretatur
3348 4965 3359 4999 :
3388 4953 3430 4999 ri

1891 5007 1972 5060 uas
1996 5007 2094 5057 diu.
2121 5007 2270 5054 Malim
2290 5014 2449 5054 tamen
2468 5020 2574 5054 cum
2592 5016 2635 5068 5.
2655 5009 2940 5068 Hieronymo
2960 5022 3207 5066 erponcre
3226 5011 3288 5057 de
3311 5027 3335 5057 ς(
3356 5020 3427 5059 ti-r

1892 5074 2061 5119 nitate.
2090 5068 2141 5116 Id
2167 5070 2294 5114 Clllln
2321 5069 2553 5129 exigebat
2595 5067 2706 5114 olim
2732 5067 2843 5128 quae
2873 5082 2929 5115 se
2964 5068 3054 5114 diis
3078 5082 3261 5128 aequam
3289 5074 3427 5119 exisn

1893 5133 2051 5179 mabat
2073 5136 2283 5196 potestas
2307 5142 2318 5175 :
2342 5126 2603 5196 eatqtippe
2640 5126 2819 5196 est,_:ait
2848 5126 3359 5196 B.isevert_is,staltitia
3384 5148 3418 5178 θ.
3500 5148 3503 5151 ‘

1892 5204 2005 5254 gum
2023 5186 2247 5254 euntium,
2273 5196 2317 5254 ut
2338 5188 2425 5254 sibi
2445 5186 2607 5237 divina
2626 5186 2875 5254 tituticent.
2900 5189 3091 5254 Baruchi
3118 5190 3162 5246 1,
3194 5192 3240 5254 ll
3273 5205 3284 5237 :
3314 5198 3389 5254 Oti
3414 5205 3426 5238 ε

1894 5247 1982 5313 pro
2004 5251 2095 5313 vita
2120 5248 2539 5313 Ajabuchodonosor
2563 5247 2688 5308 regis
2722 5248 2988 5313 Babylonis,
3019 5257 3063 5297 et
3082 5264 3168 5313 pro
3184 5252 3276 5299 vita
3300 5252 3444 5299 nata.-

1895 5308 1975 5362 sar
1999 5310 2086 5374 ﬁlii
2110 5310 2230 5368 ejus,
2256 5316 2304 5358 ut
2332 5309 2420 5374 sint
2436 5309 2547 5374 dies
2579 5322 2742 5357 eorum
2763 5308 2883 5374 sicut
2918 5310 3019 5359 dies
3052 5308 3159 5359 cadi
3195 5326 3335 5372 super
3359 5321 3452 5359 ter-

1896 5369 2017 5420 rani.
2044 5380 2141 5429 Quo
2174 5374 2317 5418 etiam
2357 5369 2447 5417 loci
2484 5377 2695 5417 mentem
2739 5372 2987 5429 scripturae
3024 5385 3115 5418 non
3148 5369 3453 5431 assequuttnu

1898 5434 2044 5480 fuisse
2062 5433 2269 5479 Grotium
2301 5438 2430 5491 puto.
2466 5431 2701 5491 Superbas
2744 5442 2893 5491 voces
2929 5432 3170 5479 humilitas
3194 5432 3454 5481 Christ’aaa

1899 5493 2121 5603 paulatim
2147 5493 2442 5549 compressit,
2469 5490 2828 5550 modestiusque
2870 5490 3123 5541 Catholieis
3158 5492 3455 5552 Imperatori-

1936 5568 1991 5601 us
2013 5552 2319 5601 acclamatum
2344 5553 2388 5597 in
2415 5549 2634 5599 Conciliis
2660 5564 2669 5597 :
2700 5550 2864 5601 Multos
2904 5566 3062 5601 annos.
3125 5565 3253 5599 mnos
3281 5551 3452 5600 David.

1936 5568 1991 5601 us
2013 5552 2319 5601 acclamatum
2344 5553 2388 5597 in
2415 5549 2634 5599 Conciliis
2660 5564 2669 5597 :
2700 5549 2864 5601 Multos
2904 5566 3062 5601 annos.
3125 5549 3253 5599 mnos
3281 5551 3452 5600 David.

1902 5614 2070 5663 Multos
2087 5626 2230 5660 annos
2254 5619 2521 5671 ceternaque
2562 5610 2806 5666 memoria,
2843 5620 2935 5661 etc.
2974 5615 3052 5661 nis
3088 5613 3149 5659 de
3174 5614 3321 5660 rebus
3342 5612 3455 5668 lege

1903 5672 2107 5745 Concilio
2128 5672 2589 5745 generaliallassim,
2606 5671 2867 5745 lilii-$01311]
2890 5672 3193 5745 S..Athanasii
3217 5674 3278 5721 de
3294 5687 3453 5745 gyno-

1901 5736 1977 5783 dis
2000 5731 2197 5781 Arimini
2232 5738 2281 5779 et
2316 5731 2564 5790 seleucize,
2605 5733 2753 5789 initio,
2802 5733 3101 5780 Ammianum
3143 5731 3454 5784 Marcellinum

1904 5795 2039 5843 initio
2066 5793 2171 5842 libri
2200 5794 2270 5851 13,
2294 5794 2618 5854 Synunachum
2642 5793 2881 5841 ttelatione
2900 5793 3131 5842 adversus
3152 5792 3459 5859 Christianos,
