4016 6432
598 514 686 566 bus
705 508 808 566 iiiis
827 507 1022 564 similes
1051 508 1270 570 Danieli,
1301 517 1348 561 et
1380 505 1609 568 Ananic,
1637 514 1684 558 et
1715 501 1934 566 Misoeli,
1963 511 2008 554 et
2029 501 2163 554 Aza-

597 605 707 656 riaz.
748 602 838 658 ιο.
885 601 950 658 Et
978 608 1218 656 steterunt
1259 602 1313 654 in
1349 606 1615 666 conspectu
1654 594 1820 664 regis;
1858 603 1906 647 et
1937 593 1992 646 in
2025 591 2163 645 omni

595 693 743 747 uerbo
779 691 1038 759 sapientia
1059 705 1120 744 ac
1152 688 1392 744 scientia.
1419 685 1554 758 quod
1579 685 1859 739 sciscitatus
1900 693 1971 737 est
2006 683 2069 736 ab
2092 683 2163 737 eis

597 797 708 846 rex,
747 782 932 835 invenit
950 797 1034 835 eos
1052 779 1262 849 derupto
1293 777 1661 848 praestantiora
1685 775 1909 829 omnibus
1932 774 2161 829 incanta-

598 872 790 924 toribus
813 879 862 924 et
890 870 1072 940 magis,
1096 869 1182 940 qui
1217 877 1359 922 erant
1395 867 1448 920 in
1473 866 1702 920 universo
1745 879 1898 934 negito
1935 864 2063 933 ejus.
2099 861 2163 916 Et

603 968 715 1027 post
742 959 892 1026 ﬁnem
916 958 1132 1024 dierum,
1160 956 1348 1026 inquit,
1378 954 1470 1009 nisi
1493 961 1608 1008 sunt
1627 951 1792 1007 vultus
1817 967 1987 1005 eorum
2013 950 2125 1004 boni
2142 965 2163 1004 :

596 1059 652 1106 ct
674 1048 1063 1119 pulchritudine
1081 1047 1304 1103 ac-bona
1324 1047 1564 1116 corporis
1587 1042 1896 1099 habitudine
1923 1041 2160 1114 profece—

593 1147 735 1194 rant.
765 1138 959 1208 Aspice
997 1152 1084 1193 res
1111 1151 1230 1207 quae
1265 1143 1459 1208 praeter
1500 1143 1742 1190 naturam
1790 1141 1916 1188 sunt
1943 1149 1957 1188 :
1982 1132 2161 1200 aspice

593 1227 777 1284 mundi
801 1227 1052 1300 Opificem
1074 1227 1160 1297 qui
1185 1225 1472 1283 efficaciam
1503 1238 1652 1280 suam
1680 1222 1937 1292 adaperit.
1961 1221 2162 1289 Quem-

592 1318 876 1376 admodum
915 1319 1059 1374 enim
1082 1318 1235 1374 fictor
1267 1315 1495 1372 maxime
1519 1314 1781 1370 videbitur
1820 1314 1885 1378 is,
1927 1313 2017 1382 qui
2054 1327 2159 1367 non

595 1409 754 1466 modo
790 1424 867 1466 ais
905 1408 1140 1464 conflare
1176 1422 1240 1462 ac
1265 1406 1599 1463 conformare
1625 1403 1838 1470 valebit,
1867 1403 1961 1458 sed
1989 1411 2043 1457 et
2071 1403 2161 1456 illo

595 1515 704 1555 non
745 1501 925 1556 minus
966 1500 1012 1555 is
1036 1498 1125 1568 qui
1145 1497 1254 1569 jam
1283 1495 1474 1552 factam
1506 1503 1731 1551 statuam
1770 1493 1964 1564 poterit
1988 1492 2159 1548 corri-

594 1589 922 1659 geretidem
952 1602 1161 1658 quoque
1189 1587 1243 1642 in
1287 1587 1397 1642 Deo
1441 1593 1496 1640 et
1529 1585 1706 1655 pueris
1743 1584 1847 1638 illis
1889 1583 2162 1653 agnoverit

597 1681 880 1750 quispiam.
905 1679 1039 1736 Nam
1059 1693 1280 1749 corpora
1302 1686 1418 1748 post
1442 1676 1597 1731 talem
1623 1675 1925 1730 alimoniam
1953 1675 2159 1744 pinguia

597 1771 930 1842 priestitisse,
962 1785 1066 1826 non
1110 1769 1286 1825 minus
1310 1767 1575 1824 facultatis
1615 1765 1886 1822 creatricis
1911 1765 2160 1821 indicium

593 1870 730 1928 crat,
758 1876 916 1932 quam
943 1861 1211 1916 hominem
1235 1874 1268 1914 e
1305 1867 1443 1914 terra
1470 1857 1745 1912 formasse.
1779 1855 1930 1912 Unde
1966 1856 2161 1912 nitidus

594 1951 786 2006 color?
811 1950 952 2006 unde
977 1949 1076 2006 ﬂos
1117 1964 1181 2004 ac
1204 1949 1367 2004 decor
1394 1947 1650 2016 fulgorem
1696 1946 1981 2002 eminens!
2021 1945 2164 2002 unde

594 2038 790 2094 robur?
811 2038 989 2094 Nostis
1024 2038 1164 2092 enim
1194 2051 1344 2107 aqua
1381 2044 1509 2106 potu
1549 2043 1603 2092 et
1631 2035 1890 2090 seminum
1930 2048 2024 2090 esu
2067 2033 2163 2090 de-

593 2129 728 2184 strui
760 2128 998 2197 corporis
1042 2128 1201 2183 vires.
1244 2125 1378 2181 Nam
1421 2139 1490 2179 ne
1535 2139 1724 2194 panem
1762 2123 1973 2193 quidem
2015 2137 2163 2178 com-

593 2217 755 2272 edere
781 2215 1106 2272 sustiuebat-
1127 2215 1240 2271 Non
1266 2225 1348 2271 eat
1371 2223 1548 2270 autem
1579 2227 1734 2282 parva
1756 2212 2001 2267 distantia
2023 2213 2161 2267 inter

595 2305 914 2361 frumentum
961 2306 1235 2360 subactum
1281 2318 1344 2359 ac
1382 2302 1700 2368 confectum,
1749 2311 1804 2357 et
1838 2300 2158 2357 frumentum

594 2396 843 2450 infectum
880 2410 943 2450 ac
966 2409 1072 2449 non
1101 2402 1471 2464 praeparatum.
1499 2391 1614 2448 Non
1655 2392 1796 2447 enim
1821 2407 1886 2445 cx
1922 2393 2037 2446 solo
2064 2408 2158 2447 csu

592 2487 754 2541 robur
795 2488 982 2552 oritur,
1027 2486 1122 2541 sed
1169 2486 1327 2542 etiam
1380 2499 1447 2540 ex
1497 2484 1738 2539 coetione
1779 2483 2021 2538 ciborum
2067 2488 2157 2553 qui

593 2575 1098 2641 tnanducantur;at
1137 2575 1340 2630 semina
1388 2575 1644 2644 concoqui
1681 2584 1876 2643 praeter
1915 2584 2154 2629 naturam

591 2673 693 2720 est.
719 2665 947 2722 Adverte
984 2665 1100 2721 haec
1126 2665 1275 2735 signa
1313 2678 1418 2719 non
1449 2679 1514 2719 ex
1542 2665 1829 2719 ambitione
1866 2666 2154 2733 petentium

592 2755 796 2810 initium
833 2769 1064 2822 sumere,
1091 2754 1186 2812 sed
1229 2769 1259 2808 a
1303 2753 1604 2809 necessario
1630 2768 1728 2808 usu
1759 2769 1970 2808 causam
1995 2764 2155 2825 atque

590 2845 923 2900 occasionem
953 2843 1165 2899 habere.
1209 2843 1324 2898 Non
1353 2844 1494 2898 enim
1538 2843 1780 2898 absolute
1807 2858 1870 2898 ae
1910 2843 2051 2898 nulla
2095 2859 2156 2900 re

589 2937 794 3005 objecta
833 2937 1033 2991 insiluit
1057 2935 1110 2990 in
1137 2935 1578 3004 experimentum,
1610 2934 1701 2988 sed
1743 2935 2056 2988 necessitate
2093 2933 2155 2987 il-

589 3029 696 3084 lum
729 3028 795 3083 ad
826 3027 928 3083 hoc
959 3035 1204 3082 vocante.
1233 3025 1414 3095 Itaque
1432 3024 1612 3094 procul
1641 3024 1708 3078 ab
1731 3024 2017 3078 ambitione
2039 3032 2154 3078 erat

586 3119 795 3173 animus
838 3132 1138 3188 puerorum.
1188 3117 1517 3185 Quamquam
1565 3115 1683 3184 quis
1720 3122 1863 3168 tanta
1903 3115 2152 3185 praeditus

589 3211 713 3276 fide,
743 3219 795 3265 et
821 3211 960 3266 inter
986 3210 1238 3265 barbaros
1262 3208 1481 3279 degens,
1512 3221 1618 3261 non
1648 3207 1900 3276 cupiisset
1922 3206 2152 3262 dominis

586 3307 854 3354 Ostentare
896 3298 988 3354 Dei
1028 3313 1150 3368 erga
1194 3313 1253 3352 se
1291 3296 1756 3352 benevolentiam?
1800 3299 1868 3350 At
1896 3311 2000 3350 non
2045 3297 2152 3351 isti.

588 3387 812 3457 Respice
837 3397 891 3442 et
929 3387 994 3442 ad
1024 3387 1489 3456 reprehensionem
1532 3401 1740 3449 senum,
1769 3396 1826 3439 ut
1854 3387 2014 3440 etiam
2041 3387 2153 3457 ipsa

585 3493 652 3535 ex
681 3479 993 3535 necessitate
1020 3479 1337 3550 provenerit.

1215 3607 1438 3664 CAPUT
1468 3607 1531 3663 11.

657 3738 711 3791 1.
738 3735 802 3790 In
826 3753 960 3790 anno
986 3737 1201 3790 secundo
1227 3738 1367 3807 regni
1412 3736 1926 3793 Nabucliodonosoris
1947 3780 1964 3806 ,
2014 3756 2151 3794 som-

591 3829 746 3880 niavit
772 3826 1236 3881 Nabuchodonosor
1258 3828 1529 3892 somnium,
1577 3836 1621 3880 et
1660 3828 1911 3896 obstupuit
1940 3831 2151 3897 spiritus

589 3918 720 3986 ejus,
749 3927 794 3970 et
820 3933 1026 3970 somnus
1059 3917 1168 3986 ejus
1192 3915 1314 3969 abiit
1347 3917 1410 3969 ab
1438 3932 1514 3969 eo.
1541 3914 1608 3969 At
1646 3917 1743 3969 iste
1765 3931 1934 3971 annus
1955 3917 2154 3972 duode-

586 4006 758 4060 cimus
777 4016 860 4061 est
885 4003 982 4076 (τι).
1006 4005 1138 4061 Nam
1167 4006 1212 4061 si
1237 4020 1343 4060 ires
1368 4005 1492 4060 anni
1530 4021 1559 4058 a
1589 4015 1740 4074 capta
1773 4007 1903 4061 urbe
1928 4017 2148 4076 practer-

587 4134 922 4195 ttieronymum
954 4131 1014 4180 ad
1037 4132 1199 4181 Esecb.
1222 4133 1313 4195 728,
1337 4132 1383 4195 2,
1407 4133 1759 4182 Theodorctum
1781 4133 1838 4182 ad
1863 4142 1973 4186 nan.
1998 4135 2047 4183 ὅ.
2075 4136 2149 4194 10,

588 4202 642 4256 et
662 4194 716 4250 6,
741 4194 831 4252 21,
866 4201 1161 4256 Symeonem
1183 4194 1657 4256 Thessalonicensem
1685 4196 1759 4256 de
1785 4197 1934 4243 sacris
1960 4196 2148 4244 ordina-

589 4255 798 4362 tili'igébus
817 4253 921 4316 cap.
949 4253 1026 4314 10,
1053 4253 1266 4316 denique
1307 4261 1520 4302 nostrum
1540 4254 1666 4302 hunc
1689 4253 1808 4302 infra
1830 4257 1885 4303 ad
1911 4265 2052 4318 caput
2073 4270 2152 4305 se-

603 4333 614 4342 -
716 4329 811 4362 um.

589 4327 811 4363 cunnum.

652 4376 724 4436 (ιι)
757 4375 1009 4423 Plurimum
1029 4387 1056 4424 a
1080 4375 1286 4424 veritate
1307 4375 1534 4436 aberrant
1555 4387 1676 4436 quos
1700 4375 1778 4423 hic
1791 4380 1965 4436 noster
1987 4385 2150 4426 aucto-

589 4434 674 4483 res
694 4434 856 4484 ltabet.
881 4438 1080 4484 Primum
1097 4437 1224 4497 enim
1237 4434 1619 4497 deportationem
1643 4434 1846 4484 nanielis
1864 4450 1954 4484 non
1982 4449 2152 4484 nume-

588 4503 696 4545 rant
712 4497 773 4544 ab
794 4507 921 4544 anno
942 4497 1087 4545 tertio
1106 4495 1384 4554 desinente,
1411 4504 1462 4544 et
1495 4505 1664 4557 quarto
1709 4499 1910 4545 ineunte
1940 4500 2151 4555 .Ioacimi,

587 4569 680 4606 seu
703 4557 1168 4619 Nabuchodonosoris
1189 4557 1358 4619 primo,
1381 4563 1436 4604 ut
1457 4566 1757 4619 computatur
1793 4565 1907 4619 nan.
1926 4558 1972 4616 1,
1998 4560 2044 4615 1,
2069 4565 2150 4606 Je-

589 4629 711 4664 rem.
736 4617 817 4675 25,
842 4617 866 4665 1
907 4630 930 4680 εν
953 4617 1040 4666 sed
1062 4619 1109 4680 l_n
1135 4617 1200 4667 ea
1219 4623 1433 4680 tempora
1456 4617 1724 4680 conferunt,
1748 4618 1931 4680 quibus
1970 4621 2151 4680 iterum

592 4685 727 4786 alia
750 4686 861 4728 sunt
883 4677 1219 4741 Hierosolyma,
1246 4677 1421 4740 nempe
1441 4679 1536 4748 sub
1561 4677 1806 4726 Jechonia.
1833 4679 2014 4750 Deinde
2037 4680 2151 4752 dum

592 4750 648 4786 ur
716 4751 762 4786 ιιι
783 4751 907 4786 anno
922 4752 1047 4786 nono
1068 4746 1250 4786 captam
1277 4750 1388 4786 esse
1407 4738 1625 4786 dtcunt.a
1647 4751 1779 4786 sacra
1802 4746 2036 4786 Scriptura
2053 4749 2151 4786 ms-

591 4738 762 4801 urbem
783 4751 907 4788 anno
922 4752 1047 4801 nono
1068 4738 1250 4801 captam
1269 4738 1388 4801 esse
1407 4738 1586 4801 dicunt,
1599 4751 1625 4786 a
1647 4751 1779 4788 sacra
1802 4741 2036 4800 Scriptura
2053 4741 2152 4789 dis-

590 4799 794 4862 cedu'nt,
813 4811 920 4860 quae
955 4799 1001 4848 id
1038 4799 1162 4848 anno
1205 4799 1669 4862 Nabuchodonosoris
1713 4799 2149 4862 parti‘m’septimo,

653 4861 762 4908 rtim
784 4859 951 4922 octavo
973 4862 1396 4922 emulgisseret'ert
1414 4865 1592 4922 Jcrem.
1611 4859 1685 4922 52,
1713 4859 1788 4916 ΞΒ,
1814 4859 1845 4906 4
1869 4859 2154 4922 neg.'24,12

614 4921 942 4982 nequeenim
982 4921 1085 4970 haec
1105 4919 1200 4968 duo
1225 4919 1345 4976 loca,
1399 4921 1526 4981 quod
1550 4921 1794 4969 existimat
1816 4919 2045 4982 usserius,
2064 4919 2154 4970 'se-

609 4980 833 5042 ungenda
856 4994 965 5042 esse
981 4982 1221 5042 arbitror).
1247 4980 1430 5042 lterum
1441 4993 1656 5029 errorum
1679 4980 1902 5042 exempla
1926 4983 1973 5031 in
1996 4982 2151 5031 Theo-

588 5041 760 5090 doreto
783 5041 1063 5104 Praefatione
1082 5043 1129 5089 in
1153 5041 1551 5104 Fucbielem._in
1579 5048 1738 5090 Graeca
1763 5041 2030 5104 temporum
2053 5045 2155 5104 Epi-

593 5108 744 5164 tome,
756 5115 896 5164 quam
913 5103 1148 5164 Josepbus
1169 5101 1378 5164 Scaliger
1396 5102 1451 5164 ad
1469 5100 1698 5164 Chronica
1722 5100 1908 5150 Eusebii
1925 5100 2148 5162 attexnit,

589 5170 638 5210 et
665 5163 712 5208 in
752 5162 966 5222 ejusdem
997 5162 1223 5222 saligeri
1253 5162 1758 5222 animaduersionibus.
1794 5170 2029 5213 Praeterea
2061 5171 2154 5212 He-

593 5222 750 5269 brteos
774 5219 942 5270 eadem
979 5230 1087 5284 nota
1109 5219 1368 5284 designare
1405 5221 1572 5270 solitos
1600 5235 1850 5271 numenuu
1871 5224 2152 5284 secundum,

594 5237 750 5269 urteos
774 5237 942 5270 eadem
979 5237 1087 5271 n0ta
1109 5237 1368 5328 aesnﬁnare
1405 5237 1572 5270 sentos
1600 5237 1850 5271 numerum
1871 5237 2152 5284 secundum,

594 5289 645 5352 et
682 5294 939 5352 numerum
971 5283 1059 5352 1⁸2ζ
1072 5290 1164 5352 aut
1185 5283 1228 5330 fa
1251 5285 1340 5339 lor,
1363 5291 1446 5352 aut
1486 5296 1652 5352 verum
1686 5297 1780 5332 non
1807 5292 1883 5352 est
1905 5297 1917 5331 :
1939 5286 2154 5352 quamvis

592 5344 692 5390 ﬂeri
719 5345 928 5402 potuerit
951 5351 1002 5392 ut
1035 5349 1094 5396 ν
1129 5352 1393 5392 mutaretur
1417 5347 1464 5392 in
1499 5351 1556 5405 :1,
1573 5344 1734 5393 deleta
1758 5344 2028 5393 autdetrita
2047 5345 2156 5394 lite-

589 5410 690 5457 rula
717 5414 753 5459 ν.
781 5413 997 5474 Denique
1012 5411 1075 5460 de
1096 5414 1441 5472 exscriptorum
1467 5421 1624 5461 errato
1644 5413 1924 5461 incredibile
1949 5415 2060 5461 mihi
2082 5414 2149 5473 fit,

590 5484 699 5518 cum
725 5481 774 5522 ct
803 5479 970 5522 textus
988 5474 1247 5521 Hebraicus
1271 5481 1319 5520 et
1358 5487 1526 5521 omnes
1565 5475 1812 5522 versiones
1833 5476 2150 5523 consentiant.

590 5535 769 5580 nemini
805 5545 923 5595 ergo
957 5534 1170 5595 dubium;
1195 5545 1305 5581 esse
1345 5541 1503 5595 [mest
1542 5535 2045 5583 Nabuchodonosorem
2064 5535 2154 5583 hoc

587 5595 822 5655 somnium
845 5593 968 5655 anno
995 5593 1206 5643 secundo
1229 5593 1373 5655 regni
1392 5595 1465 5642 sui
1506 5596 1677 5641 vidisse
1703 5609 1712 5641 :
1742 5607 1835 5641 non
1860 5595 2054 5654 quidem
2080 5596 2153 5655 (ιιι

587 5652 890 5724 Tlteodcreto
915 5653 1090 5724 placet)
1115 5652 1474 5724 secundo-illius
1495 5658 1753 5724 regnique
1776 5652 1889 5701 enni
1899 5663 2041 5724 patre
2065 5652 2151 5701 lili-

589 5715 792 5774 peravit,
818 5726 910 5763 nec
931 5715 1005 5774 (ιιι
1028 5714 1167 5763 vetus
1190 5714 1406 5763 scholion
1431 5715 1610 5775 habet)
1633 5714 1757 5762 illius
1783 5714 1916 5775 quod
1935 5724 2038 5774 post
2063 5730 2150 5762 ex-

588 5777 932 5835 pugnationem
964 5777 1167 5825 civitatis
1202 5787 1257 5824 ac
1294 5774 1458 5836 templi
1503 5775 1784 5828 obtinuerit.
1805 5774 1910 5825 sed
1942 5778 2152 5825 secundo

1319 393 1377 450 S.
1415 391 1691 449 JOANNIS
1712 386 2179 446 CIIRYSOS‘I‘OIII
2217 385 2534 450 ARCHIEP.
2571 389 3102 448 CONSTANTlNOP.

3741 403 3853 459 200

2269 501 2464 568 ierant,
2491 509 2546 558 et
2574 501 2659 556 illa
2686 516 2828 556 anno
2855 515 2998 557 nono
3023 510 3319 575 expugnata
3357 501 3455 559 fuit
3485 521 3498 556 :
3529 505 3632 562 iste
3671 521 3842 564 annus

2264 590 2615 646 duodecimus
2661 601 2761 646 est.
2803 591 3030 659 Quidam
3067 592 3249 648 dicunt
3297 594 3484 651 eadem
3534 607 3662 651 nota
3706 601 3841 667 apud

2267 679 2520 734 Hebraeos
2543 679 2684 735 hunc
2712 689 2768 734 et
2801 681 2952 735 illum
2980 695 3260 737 numerum
3301 686 3536 740 exarari.
3577 685 3841 743 Fortassis

2263 768 2423 822 etiam
2453 777 2686 823 erratum
2711 777 2792 824 est
2817 769 3200 839 exscriptorum
3231 793 3244 828 :
3275 773 3360 828 vel
3383 774 3622 829 secundo
3655 790 3839 831 revera

2263 872 2404 910 anno
2433 856 2582 926 pueri
2610 858 2830 915 exhibiti
2868 868 3012 914 sunt.
3066 859 3174 914 Sed
3223 861 3323 915 hoc
3356 864 3600 919 ultimum
3631 867 3840 923 ratione

2263 955 2430 1001 caret.
2473 945 2734 1001 Caeterum
2772 963 2860 1003 res
2887 948 3080 1005 accidit
3106 949 3391 1006 difﬁcilior.
3430 953 3687 1020 Quaenam
3714 971 3839 1010 vero

2267 1035 2352 1088 illa
2397 1037 2519 1090 est?
2552 1036 2796 1092 Nescisse
2835 1053 3014 1107 regem
3055 1039 3322 1108 quodnam
3378 1041 3531 1097 fuerit
3569 1047 3836 1100 somnium

2263 1140 2439 1180 sntun.
2470 1126 2537 1181 Et
2559 1126 2660 1181 hoc
2679 1127 3022 1196 providenter
3047 1131 3290 1200 contigit.
3320 1130 3425 1186 Nisi
3457 1133 3601 1188 enim
3633 1134 3689 1188 id
3718 1151 3838 1190 eve-

2265 1217 2453 1280 nisset,
2478 1231 2584 1271 non
2613 1218 2950 1286 apparuisset
2989 1218 3219 1276 Danielis
3265 1222 3544 1289 sapientia.
3584 1223 3838 1283 Videmus

2261 1308 2403 1362 enim
2429 1307 2570 1378 quod
2598 1308 2712 1379 ipse
2754 1316 2972 1363 vocatus
3009 1308 3214 1373 fuisset,
3245 1319 3298 1368 et
3327 1311 3379 1366 id
3415 1314 3556 1384 quod
3598 1314 3834 1372 futurum

2262 1407 2378 1452 erat
2402 1397 2658 1462 dixisset;
2689 1397 2952 1456 dixissent
2987 1397 3148 1454 etiam
3179 1399 3432 1457 Chaldaei.
3478 1403 3683 1461 Verum
3714 1422 3834 1465 cum

2265 1498 2486 1543 eventus
2517 1501 2750 1558 prmsens
2788 1502 2895 1541 non
2927 1495 3104 1553 esset,
3135 1489 3256 1558 quis
3303 1505 3493 1558 verax,
3524 1495 3646 1562 quis
3687 1512 3836 1552 men-

2262 1578 2367 1634 dax
2420 1579 2653 1634 creditus
2690 1577 2920 1633 fuisset?
2970 1580 3038 1634 Et
3089 1579 3191 1635 hoe
3247 1596 3344 1652 per
3394 1584 3494 1637 alia
3528 1589 3836 1644 examinare

2262 1677 2494 1738 Oportet.
2524 1668 2697 1743 Ipsum
2737 1676 2914 1723 autem
2939 1669 3203 1724 somnium
3231 1671 3282 1726 in
3315 1673 3543 1728 medium
3575 1677 3836 1745 produca-

2263 1766 2388 1811 tur:
2420 1757 2562 1812 dicat
2611 1758 2796 1813 Daniel
2844 1772 2962 1828 qua
2991 1761 3302 1829 respondit;
3346 1765 3614 1819 Contraria
3656 1766 3835 1825 dicant

2260 1846 2516 1902 Chaldaei.
2540 1847 2693 1903 Unde
2719 1847 3056 1903 manifestum
3089 1850 3177 1906 flet
3207 1850 3475 1907 Danielcm
3505 1855 3591 1909 vel
3619 1860 3832 1914 mentiri

2259 1937 2342 1991 vel
2370 1951 2494 1990 vera
2521 1936 2703 1992 dicere
2728 1935 2751 1991 2
2791 1936 2908 1992 Jam
2938 1937 3100 2008 igitur
3126 1939 3489 2008 probationem
3515 1944 3626 1999 dat.
3668 1950 3740 2002 At
3780 1950 3832 2004 in

2261 2024 2495 2095 Josepho
2516 2041 2602 2082 res
2624 2041 2692 2081 eo
2725 2026 2886 2082 modo
2915 2039 3131 2097 peracta
3159 2043 3264 2084 non
3293 2039 3394 2097 est,
3424 2033 3521 2088 sed
3564 2038 3830 2093 somnium

2265 2118 2499 2174 narravit
2528 2117 2734 2173 Pharao
2761 2136 2774 2172 :
2821 2135 2986 2189 prope
3014 2121 3157 2174 enim
3204 2129 3318 2176 erat
3345 2131 3553 2192 tempus
3578 2137 3826 2182 eventus.

2259 2207 2624 2262 Admiratione
2645 2217 2822 2263 autem
2853 2209 3069 2279 dignum
3097 2218 3200 2275 est,
3219 2212 3489 2280 quomodo
3512 2213 3566 2268 in
3597 2214 3830 2287 Egypto

2261 2299 2460 2367 lingere
2483 2298 2683 2368 aliquid
2722 2299 2990 2354 noluerint
3021 2300 3287 2368 sapientes
3305 2301 3829 2372 Egyptiorum,cum

2259 2389 2461 2443 nullum
2503 2390 2626 2445 inde
2670 2391 2963 2458 periculum
2991 2392 3118 2445 oriri
3145 2393 3418 2461 potuisset,
3445 2395 3540 2450 sed
3567 2396 3698 2452 fassi
3725 2398 3830 2452 sint

2258 2492 2317 2532 se
2347 2478 2570 2533 bznrere.
2603 2479 2754 2546 Quod
2797 2481 2840 2534 si
2881 2481 3087 2535 somnia
3130 2481 3420 2549 dijudicare
3461 2487 3748 2549 nesciant.
3776 2489 3827 2542 in

2256 2584 2360 2638 qua
2391 2584 2449 2624 re
2469 2570 2570 2624 aiia
2600 2571 2702 2626 illis
2727 2572 3053 2627 credendum
3084 2574 3204 2628 est?
3227 2575 3474 2642 Alioquin
3506 2586 3688 2632 autem
3721 2579 3828 2633 illic

2257 2677 2360 2715 non
2385 2662 2666 2731 oportebat
2706 2663 2756 2716 id
2785 2663 2898 2717 fieri
2931 2678 2945 2714 :
2977 2674 3032 2718 at
3074 2665 3124 2720 in
3161 2667 3434 2734 prophetia
3466 2668 3688 2739 Josephi
3717 2687 3829 2725 ma-

2255 2751 2447 2806 nifesto
2483 2753 2673 2806 factum
2705 2761 2808 2818 est,
2837 2761 2893 2808 et
2921 2754 3152 2808 maxime
3191 2756 3241 2809 in
3268 2758 3545 2813 eunuchis.
3587 2760 3824 2814 Observa

2257 2851 2434 2894 autem
2469 2841 2611 2910 quod
2639 2841 2872 2895 Chaldzei
2904 2857 3009 2895 non
3060 2854 3319 2901 vocarunt
3368 2845 3687 2912 Danielem;
3733 2853 3824 2903 sed

2255 2932 2560 2986 maluerunt
2585 2932 2721 2986 mori
2745 2972 2761 2997 ,
2789 2947 2946 3002 quam
2980 2933 3125 2986 illum
3154 2949 3402 2989 sermone
3432 2940 3710 2992 hominum
3741 2956 3826 2993 (ξιι-

2254 3021 2514 3076 lebratum
2563 3023 2781 3076 inttteri.
2829 3021 3091 3092 Numquid
3142 3022 3261 3078 ideo
3308 3032 3507 3080 tantum
3559 3030 3825 3084 sonmium

2254 3115 2422 3170 visum
2465 3113 2670 3180 fuerat,
2711 3122 2768 3166 ut
2815 3113 2996 3167 Daniel
3039 3115 3434 3183 suSpiceretur?
3478 3117 3531 3171 Id
3575 3122 3823 3188 equidem

2255 3219 2359 3258 non
2405 3204 2651 3258 dixerim.
2707 3203 3032 3272 Quamquam
3078 3204 3201 3258 licet
3248 3220 3308 3259 ea
3349 3205 3624 3263 dumtaxat
3665 3226 3822 3266 causa

2255 3293 2478 3359 fuisset,
2509 3309 2755 3362 magnum
2801 3303 2945 3347 certe
2987 3301 3041 3347 et
3082 3293 3391 3350 admirabile
3428 3307 3569 3350 esset
3596 3297 3821 3364 facinus,

2255 3392 2450 3438 tantam
2482 3384 2577 3438 Dei
2616 3383 2935 3451 agnitionem
2976 3385 3283 3453 contigisse.
3321 3385 3388 3439 At
3415 3402 3521 3440 non
3556 3388 3672 3442 hare
3712 3392 3822 3443 sola

2255 3474 2388 3528 ratio
2417 3473 2529 3526 fuit.
2555 3471 2806 3538 Quzenam
2832 3472 2990 3541 igitur
3009 3473 3153 3525 alia?
3181 3471 3247 3526 Ut
3269 3482 3322 3527 et
3338 3473 3826 3531 Nabuchodonosor

2254 3562 2544 3616 modestius
2585 3561 2652 3615 de
2681 3576 2739 3616 se
2768 3562 3020 3626 sentiret,
3053 3562 3270 3616 edoctus
3301 3577 3401 3617 non
3429 3579 3642 3631 semper
3670 3582 3822 3622 suum

2251 3669 2415 3723 genus
2432 3653 2823 3707 dominaturum
2855 3651 2930 3724 (si
2959 3655 3102 3708 enim
3131 3653 3290 3707 etiam
3321 3664 3437 3724 post
3465 3655 3552 3708 illa
3577 3673 3696 3725 qua:
3727 3659 3822 3727 ipsi

2251 3745 2389 3798 dicta
2418 3752 2562 3806 sunt,
2587 3741 2713 3795 nihil
2736 3740 2900 3796 fastus
2925 3741 3150 3805 remisit,
3175 3741 3339 3796 multo
3363 3743 3528 3812 magis
3557 3746 3600 3798 si
3627 3760 3689 3799 ea
3727 3747 3821 3815 ipsi

2252 3836 2391 3890 dicta
2414 3849 2516 3888 non
2547 3831 2824 3904 fuissent);
2857 3844 3114 3902 praeterea
3145 3841 3202 3887 ut
3243 3833 3403 3887 Deum
3432 3836 3672 3889 omnium
3704 3851 3825 3892 esse

2255 3924 2532 3978 Dominum
2579 3931 2905 3991 agnosceret.
2955 3921 3388 3992 Quandoquidem
3415 3924 3558 3976 enim
3603 3927 3824 3978 somniis

2250 4017 2516 4086 praecipue
2543 4013 2842 4078 studebant,
2867 4012 3064 4067 idcirco
3090 4011 3184 4066 ist'a
3209 4022 3518 4067 evenerunt.
3545 4013 3680 4068 lliuc
3708 4015 3825 4068 illus

2252 4107 2322 4160 de
2351 4105 2537 4160 futuris
2565 4103 2845 4175 persuadet
2873 4120 2887 4158 :
2911 4113 2966 4158 et
2995 4104 3243 4174 quonian
3274 4108 3502 4160 maxime
3524 4106 3594 4159 ob
3619 4106 3822 4161 futuro-

2251 4211 2365 4250 rum
2394 4195 2774 4263 praascientiam
2799 4194 2930 4248 deos
2949 4193 3356 4249 venerabantur.
3387 4193 3600 4249 Etenim
3629 4211 3817 4251 omnes

2251 4286 2460 4340 illorum
2486 4285 2763 4354 prmstigim
2792 4285 2841 4336 in
2869 4299 2934 4338 eo
2962 4285 3172 4354 negotio
3197 4284 3562 4339 versabantur.
3590 4287 3678 4341 13.
3703 4305 3722 4336 ι
3759 4287 3820 4341 lit

2251 4377 2510 4430 sententia
2534 4389 2742 4442 egressa
2761 4382 2864 4439 est,
2891 4383 2946 4427 et
2973 4375 3238 4443 sapientes
3259 4373 3709 4429 interficiebantur
3725 4378 3822 4446 (a);

2253 4478 2308 4523 et
2338 4467 2516 4520 Daniel
2543 4465 2806 4534 amicique
2845 4463 2962 4532 ejus
2999 4465 3371 4533 qumrebantur
3389 4465 3456 4518 ad
3491 4481 3701 4521 necem.
3735 4469 3820 4522 N.

2252 4561 2400 4618 Tune
2418 4559 2596 4614 Daniel
2620 4557 2892 4626 respondit
2916 4556 3199 4612 consilium
3227 4566 3282 4611 et
3308 4559 3626 4612 sententiam
3663 4559 3821 4612 Ario-

2255 4653 2355 4706 cho
2385 4650 2605 4719 principi
2638 4662 2928 4718 coquorum
2966 4649 3126 4718 regis,
3155 4647 3246 4716 qui
3276 4662 3521 4717 egressus
3560 4648 3736 4703 fuerat
3759 4648 3822 4702 ad

2253 4739 2645 4795 interficiendos
2669 4738 2940 4808 sapientes
2963 4736 3271 4808 Babylonis.
3302 4737 3391 4792 15.
3434 4737 3503 4792 Ει
3532 4738 3823 4808 interroga-

2252 4833 2343 4888 bat
2380 4847 2499 4887 eum
2522 4831 2705 4886 dicens
2730 4847 2743 4884 :
2768 4830 3024 4900 Princeps
3052 4829 3215 4900 regis,
3236 4830 3583 4900 quamobrem
3605 4845 3821 4901 egressa

2254 4983 2539 5034 monarcbim
2560 4984 2606 5046 in
2630 4981 2858 5044 plurimas
2878 4987 3055 5046 gentes
3073 4982 3312 5032 exstincto
3329 4983 3700 5046 Nabopolassaro
3724 4995 3825 5045 par-

2254 5055 2346 5104 tae;
2371 5058 2479 5106 quae
2503 5043 2758 5106 multOrutn
2780 5043 3020 5091 sententia
3046 5049 3137 5091 est.

2317 5105 2796 5168 (a)"rbeodoretus:
2843 5115 3064 5165 τνραννυιιν,
3109 5115 3189 5152 ἀλλ’
3213 5115 3253 5152 οὗ
3294 5117 3474 5164 βασιλικὸν
3525 5116 3569 5152 τὸ
3617 5115 3824 5167 ινχιιῃμ.

2253 5175 2377 5217 at...
2399 5185 2578 5228 εφοφανῶς
2606 5178 2665 5213 ui.
2688 5173 2912 5222 διιαιοσὺνης
2935 5174 3074 5226 ιριμοῖ
3107 5174 3298 5228 diatoni:
3320 5178 3383 5225 γὰρ
3406 5182 3466 5228 ut
3485 5179 3590 5228 τῦῃς

2256 5223 2440 5283 lio-why,
2475 5223 2616 5288 ἷλιθρον
2648 5241 2845 5288 μηχανᾶᾼται
2879 5223 2964 5288 ὐἷέ
3006 5235 3170 5288 habet;
3209 5223 3399 5281 Ῐνδδιίοιξ.
3442 5225 3514 5271 An
3536 5223 3825 5288 :Ieg'endum

2255 5297 2459 5345 σκῡυδαὶοις
2495 5283 2796 5348 cogitemus?
2831 5285 3040 5332 Edictum
3073 5287 3252 5348 quippe
3277 5299 3368 5348 non
3393 5287 3441 5332 in
3463 5283 3652 5333 Judzeo's
3676 5289 3825 5348 prola-

2256 5359 2355 5414 tum
2381 5358 2500 5414 erat,
2521 5346 2606 5395 sed
2631 5348 2678 5394 in
2701 5347 2948 5406 sapientes
2974 5346 3428 5414 italiyloniosninter
3450 5356 3573 5414 quos
3589 5346 3730 5407 pauci
3753 5356 3827 5394 Ju-

2255 5410 2362 5458 dzei.
2388 5411 2638 5469 sapientes
2659 5405 2819 5454 autem
2842 5405 3003 5469 εφαιιὶ
3041 5405 3202 5469 dictos
3227 5406 3375 5469 fuisse
3399 5405 3612 5469 στωδάονξ
3644 5415 3825 5469 censuit

2257 5474 2402 5518 etiam
2427 5466 2487 5516 ex
2513 5469 2721 5528 Origene
2747 5467 2940 5514 Itomilia
2961 5475 3100 5529 sexta
3120 5471 3167 5514 et
3186 5466 3245 5513 14
3270 5468 3313 5529 in
3331 5467 3572 5514 Geuesim.
3593 5468 3825 5529 quidquid

2255 5532 2334 5586 sit,
2362 5531 2494 5577 locus
2536 5527 2823 5576 Theodoreti
2861 5529 2931 5575 sic
2963 5527 3365 5588 interpretandum?
3393 5533 3500 5574 est:
3528 5527 3827 5588 Proposuian

2258 5585 2537 5650 tyrannica
2558 5601 2658 5650 non
2680 5589 2828 5650 regia:
2850 5586 3066 5650 potestati
3084 5585 3466 5650 adscribendum,
3486 5585 3711 5648 (equitate
3732 5588 3826 5636 ml

2293 5645 2422 5698 curer
2448 5648 2718 5714 destitutum
2734 5645 2756 5697 ’ἐ
2776 5645 3106 5714 vortitqsenim
3130 5649 3182 5714 et_
3192 5645 3417 5714 superbia
3439 5645 3726 5714 potestatem
3748 5651 3817 5714 ho

2260 5713 2418 5759 bentcs
2448 5709 2749 5770 ,adjtmctam,
2790 5707 3050 5770 perniciem
3088 5705 3345 5770 moliuntur
3385 5705 3588 5759 subditis
3626 5707 3828 5769 Juda'is,

2265 5778 2344 5820 aut
2367 5766 2556 5828 melius,
2581 5766 2875 5820 subditorum
2895 5766 3201 5832 sapientibus.
