4016 6436
574 307 676 362 201

574 403 809 468 ἀναιδεῖς
862 403 972 477 γὰρ
1018 405 1237 470 τούτους
1298 408 1588 478 καλοῦμεν.
1641 410 1964 478 Ἐγνώρισε
1996 409 2064 461 δὲ
2103 410 2135 460 ό

586 499 794 566 Ἀριὼχ
817 498 896 564 τῷ
924 500 1149 567 Δανιὴλ
1181 499 1246 554 τὸ
1269 500 1450 570 ῥῆμα.
1491 500 1600 555 Καὶ
1644 501 1866 569 Δανιὴλ
1896 502 2134 569 ἐξῆλθε,

573 592 674 645 καὶ
694 593 918 660 ἠξίωσε
942 585 1335 656 τὸνβασιλέα
1370 595 1526 660 ὅπως
1577 597 1798 664 χρόνον
1840 594 1998 660 αὐτῷ
2031 594 2133 659 δῷ,

573 686 672 739 καὶ
710 687 820 756 τὴν
855 687 1175 754 σύγκρισιν
1219 687 1324 741 τοῦ
1365 687 1655 743 ἐνυπνίου
1698 691 2027 759 ἀπαγγείλῃ
2058 686 2136 752 τῷ

569 780 833 844 βασιλεῖ.
868 777 1155 850 Θαύμασον
1194 780 1311 842 πῶς
1354 782 1651 853 ἐπέτρεψεν
1711 786 1930 846 ἐκεῖνος.
1983 782 2130 854 [ἳο8]

575 877 717 948 Ὅρα
742 875 1013 945 πανταχοῦ
1047 876 1254 939 πάντας
1277 875 1628 947 πειθομένους
1658 879 1990 950 αὑτῷ.’ὐθεν
2022 880 2136 945 πῶς

575 971 925 1024 ὑπώπτευσεν
972 971 1144 1042 ἀληθῆ
1173 971 1353 1039 λέγειν
1403 973 1600 1038 αὑτόνς
1662 974 1776 1036 πῶς
1819 975 1917 1028 ut»:
1963 971 2132 1036 εἶπεν,

577 1068 774 1130 πάντες
823 1065 1180 1135 ὴλέγχθησαν,
1219 1067 1573 1138 ὡμολόγησαν
1632 1067 1704 1138 μὴ
1750 1065 1889 1121 εἶναι
1930 1069 2136 1138 ἀνθρω-

572 1163 736 1234 πίνης
770 1161 980 1232 φύσεως
1002 1157 1156 1214 τοῦτο
1191 1177 1204 1191 ⁸
1227 1163 1319 1215 καὶ
1339 1164 1401 1216 σὺ
1420 1162 1688 1234 βάρϐαρος
1716 1162 1792 1214 ῶν
1849 1163 2010 1215 πόθεν
2035 1163 2135 1216 οἴει

581 1254 985 1327 περιγενέσθαι;
1068 1254 1208 1308 Ἀλλ’
1278 1257 1406 1310 ὅταν
1459 1259 1488 1309 6
1544 1257 1674 1320 Θεὸς
1728 1259 1980 1327 οἱκονομῇ
2044 1259 2131 1309 καὶ

579 1347 1062 1420 προκατασκευάζῃ
1138 1348 1208 1403 τὰ
1278 1351 1598 1422 πράγματα,
1676 1349 1840 1420 μηδὲν
1917 1350 2130 1420 ἀπόρει.

581 1443 788 1506 ’Ἄλλως
810 1441 867 1495 δὲ
892 1441 986 1497 καὶ
1009 1441 1290 1496 ἀκίνδυνον
1309 1438 1377 1513 ἦν
1398 1443 1484 1495 ἐπ’
1505 1442 1666 1496 αὑτὸν
1693 1442 1916 1514 ὕστερον
1939 1443 2132 1496 ἐλθεῖν.

577 1537 733 1601 Τίνος
761 1537 946 1590 ἕνεκεν
975 1533 1074 1590 οὑκ
1117 1533 1317 1600 εὐθέως
1355 1532 1504 1607 αὑτῷ
1543 1539 1572 1590 ὁ
1601 1531 1733 1601 Θεδς
1777 1536 2088 1606 ἀπεκάλυψε
2119 1553 2134 1600 ;

576 1631 798 1702 Πρῶτον
839 1631 936 1701 μὲν
965 1629 1105 1682 ὥστε
1145 1630 1444 1701 κατάδηλον
1493 1631 1742 1698 γενέσθαι
1783 1629 1845 1682 τὺ
1885 1632 2132 1700 πρᾶγμα,

577 1727 717 1782 ὥστε
737 1727 928 1790 αὑτοὺς
960 1727 1016 1780 ἐν
1051 1725 1210 1797 χρείᾳ
1236 1729 1573 1798 καταστῆναι
1595 1726 1782 1796 πολλῇ.
1822 1725 1884 1779 El
1914 1724 2022 1796 γὰρ
2043 1725 2137 1777 καὶ

577 1822 864 1896 προφήτης
903 1816 993 1892 ἦν,
1034 1821 1183 1889 ὅμως
1212 1821 1468 1891 ἠγνόησε.
1500 1820 1669 1874 Πάλιν
1701 1839 1783 1875 σοι
1805 1820 1892 1874 διὰ
1914 1819 2136 1874 δικαίων

577 1919 942 1985 ἀπολογεῖται,
992 1915 1206 1979 δεικνὺς
1245 1915 1326 1968 ὅτι
1382 1917 1608 1979 ἐκείνοις
1655 1917 1755 1968 οὑκ
1807 1914 1972 1968 ἔδωκε
2008 1913 2137 1984 μέλ-

576 2015 727 2066 λουσι
761 2009 1088 2065 κινδυνεύειν
1137 2011 1307 2080 χωρὶς
1361 2011 1522 2080 εὐχῆς
1555 2014 1906 2082 καβερικῆς,
1960 2009 2138 2079 πολλῷ

587 2105 784 2178 μᾶλλον
815 2105 896 2158 σοὶ
922 2105 980 2157 οὑ
1016 2104 1198 2157 δώσει.
1234 2103 1331 2156 Διὰ
1358 2103 1517 2156 τοῦτο
1537 2103 1814 2174 πανταχοῦ
1842 2104 1941 2166 τὰς
1975 2103 2137 2172 εὐχὰς

576 2203 760 2256 αἰτεῖό
783 2199 1010 2263 Παῦλος,
1049 2197 1133 2266 Τῇ
1173 2196 1487 2266 προσευχῇ
1527 2198 2134 2265 προσκαρτεροῦντες,

575 2295 817 2366 γράφων.
837 2294 910 2347 Οὺ
927 2293 1032 2363 γὰρ
1046 2294 1204 2364 ἀρκεῖ
1229 2292 1340 2360 βίος
1362 2292 1614 2362 καθαρὸς,
1637 2291 1730 2342 ἐὰν
1745 2289 1868 2360 [μὴ]
1889 2292 1982 2342 καὶ
2006 2292 2136 2360 εὐχὴ

577 2391 774 2462 προσῇ.
800 2387 940 2458 Ὅρα
992 2386 1151 2440 πάλιν
1194 2383 1292 2454 τὴν
1343 2386 1524 2437 πίστιν
1566 2383 1730 2437 αὑτοῦ
1770 2383 1861 2454 τὴν
1916 2383 2135 2454 πολλήν.

576 2483 835 2554 Δεύτερος
880 2472 1032 2544 οὗτος
1071 2480 1264 2541 ἆθλος⁸
1306 2480 1400 2532 καὶ
1444 2479 1651 2532 πάλινό
1681 2479 1878 2549 Δανιὴλ
1927 2481 2136 2550 ἡγεῖται

575 2579 670 2633 τοῦ
694 2578 1032 2649 πράγματος,
1079 2576 1169 2628 καὶ
1211 2576 1398 2646 χρόνον
1434 2578 1575 2628 αἰτεῖ
1623 2570 2165 2647 παρεσκευασμένον

577 2674 714 2745 πρὸς
741 2672 937 2742 πολλὴν
985 2671 1276 2741 καρτερίαν
1311 2671 1404 2722 καὶ
1427 2669 1612 2739 εὑχήν.
1649 2669 1812 2721 Ὥστε
1852 2669 1950 2721 οὑκ
1984 2670 2136 2737 ἠξίου

578 2768 775 2830 εὑθέως
801 2764 1090 2821 ἀκούεσθαι
1114 2781 1126 2794 ο
1160 2764 1354 2816 ἔδωκεν
1376 2765 1577 2826 ἐκεῖνος
1598 2763 1694 2831 τὴν
1719 2765 1899 2833 χάριν,
1926 2764 2138 2816 ἀνεκοι-

578 2864 784 2917 νώσατο
828 2863 937 2924 τοῖς
987 2860 1179 2928 φίλοις.
1239 2859 1373 2914 Τότε
1416 2858 1497 2922 τῷ
1553 2859 1774 2926 Δανιὴλ
1805 2852 2140 2927 μυστήριον

578 2957 966 3024 ἀπεκαλύφθη
1000 2955 1069 3008 ἐν
1097 2955 1341 3023 όράματι
1392 2940 1629 3020 νυκτός.
1677 2955 1788 3007 Καὶ
1834 2957 2137 3024 εὐλόγησε-

578 3054 683 3107 τὸν
711 3044 856 3105 Θεὸν
875 3050 981 3103 τοῦ
1000 3048 1258 3116 οὐρανοῦ
1284 3048 1526 3114 Δανιὴλ,
1560 3049 1657 3101 καὶ
1697 3045 1866 3102 εἶπεν
1891 3067 1904 3080 ·
1928 3050 2038 3116 Εῖη
2070 3049 2135 3102 τὸ

577 3150 764 3217 ὄνομα
799 3146 904 3200 τοῦ
958 3145 1103 3198 Θεοῦ
1141 3145 1545 3212 εὐλογημένον
1581 3144 1700 3200 ἀπὸ
1751 3145 1858 3199 τοῦ
1898 3145 2133 3211 αἰῶνος,

579 3243 675 3298 καὶ
705 3243 810 3307 ἓως
845 3240 949 3293 τοῦ
993 3237 1226 3304 αἰῶνος,
1249 3239 1338 3291 ὅτι
1368 3240 1406 3304 ἡ
1449 3239 1635 3306 σοφία
1667 3240 1765 3293 καὶ
1803 3241 1840 3308 ή
1890 3241 2139 3306 σύνεσις

579 3338 678 3394 καὶ
707 3339 744 3405 ἠ
768 3334 944 3404 ἰσχὺς
968 3333 1151 3387 αὑτοῦ
1186 3333 1336 3385 ἐστι.
1383 3331 1494 3385 Καὶ
1534 3334 1714 3398 αὐτὸς
1744 3334 1981 3388 ἀλλοιοῖ
2007 3337 2141 3403 χρό-

578 3451 724 3497 νους
746 3429 842 3486 καὶ
870 3428 1132 3497 καιροὺς,
1159 3425 1410 3493 καθιστᾷ
1426 3427 1709 3494 ,βασιλεῖς
1738 3430 1835 3482 καὶ
1864 3429 2136 3496 μεθιστᾷ,

579 3528 780 3592 διδοὺς
829 3523 1050 3593 σοφίαν
1097 3521 1221 3587 τοῖς
1266 3522 1499 3590 σοφοῖς,
1548 3521 1647 3576 καὶ
1680 3525 1979 3591 φρόνησιν
2018 3524 2140 3590 τοῖς

573 3621 811 3676 αίτοῦσι
832 3621 1106 3671 σύνεσιν.
1145 3615 1338 3681 Αὐτὸς
1372 3617 1783 3672 ἀποκαλύπτει
1817 3619 2009 3681 ,ϐαθέα
2040 3619 2137 3672 καὶ

575 3716 888 3780 ἁπόκρυφα
905 3749 920 3773 ,
948 3709 1254 3778 γινώσκων
1268 3708 1340 3761 τὰ
1369 3709 1438 3762 ἐν
1456 3709 1536 3774 τῷ
1562 3712 1783 3763 σκότει’
1801 3711 1896 3764 καὶ
1922 3713 1988 3765 τὸ
2016 3712 2140 3779 φῶς

578 3807 701 3878 μετ’
723 3803 907 3860 αὑτοῦ
931 3803 1080 3858 ἐστι.
1127 3802 1228 3856 Σοὶ
1247 3843 1263 3868 ,
1294 3806 1327 3857 ό
1357 3803 1504 3868 Θεὸς
1538 3804 1658 3856 τῶν
1689 3805 1958 3872 πατέρων
2001 3823 2136 3874 μου,

579 3900 1062 3971 ἐξομολογοῦμαι,
1097 3897 1195 3951 καὶ
1235 3897 1412 3963 αἰνῶ,
1447 3898 1536 3952 ὅτι
1577 3899 1802 3967 σοφίαν
1844 3899 1941 3951 καὶ
1996 3899 2142 3952 σύν-

581 4012 718 4050 εσιν
746 3992 968 4058 ἔδωκάς
995 4009 1115 4060 μοι,
1143 3992 1241 4044 καὶ
1264 3992 1379 4045 νῦν
1418 3991 1742 4060 ἐγνώρισάς
1762 4009 1860 4060 μοι
1899 3992 1936 4046 d
1967 3991 2140 4059 ἠξιώ-

583 4107 776 4158 σαμεν
813 4087 968 4155 παρὰ
994 4086 1128 4140 σοῦ.
1183 4080 1404 4138 Οὑδέπω
1443 4087 1690 4154 φανερῶς
1743 4087 1889 4158 αὑτῷ
1932 4090 2140 4141 ἀπεκαο

581 4183 778 4253 λύφθη,
824 4182 935 4236 ἀλλ’
960 4180 1039 4232 ἐτι
1095 4182 1152 4232 ἐν
1201 4180 1466 4248 ὁράματι’
1505 4181 1942 4249 προγυμνάζεται
1980 4184 2086 4252 γὰρ
2115 4185 2142 4235 6

582 4280 886 4348 προφήτης.
919 4277 1058 4346 Ὅρα
1086 4275 1141 4327 δὲ
1171 4275 1332 4327 αὑτοῦ
1354 4275 1452 4345 τὴν
1482 4275 1812 4346 παρρησίαν.
1837 4275 1931 4337 Τίς
1951 4278 1983 4342 ή
2007 4276 2143 4342 γνώο

589 4393 684 4445 μη,
714 4374 865 4442 φησὶ,
901 4372 936 4441 ἡ
975 4370 1195 4439 ἀναιδὴς
1231 4369 1407 4437 αὑτη;
1455 4371 1684 4439 Ἔμοιγε
1722 4369 1868 4422 δοκεῖ
1917 4369 2008 4422 καὶ
2040 4369 2145 4439 πρὸ

583 4471 682 4540 τῆς
731 4467 1004 4537 εὑρήσεως
1053 4462 1418 4516 κεκωλυκέναι
1465 4464 1554 4517 τὸν
1605 4465 1998 4535 ἀρχιμάγειρον
2049 4468 2145 4534 τῆς

588 4565 820 4632 σφαγῆς,
851 4560 926 4629 τῷ
949 4576 1006 4610 τε
1032 4560 1401 4628 κατηγορῆσαι
1440 4561 1538 4629 τῆς
1567 4559 1950 4629 ἐγχειρήσεως,
1986 4560 2063 4629 τῷ
2086 4578 2144 4612 τε

586 4653 914 4723 ὑποσχέσθαι
942 4652 1093 4704 λύσιν
1128 4651 1303 4720 εὑρεῖν
1333 4651 1427 4704 τοῦ
1467 4652 1658 4706 δεινοῦ.
1701 4651 1765 4704 Τί
1802 4649 1892 4706 οὖν
1941 4656 2146 4706 ἀπεκα-

587 4749 762 4818 λύφθη
791 4748 864 4817 τῷ
892 4745 1114 4815 Δανιήλ;
1139 4745 1292 4798 Ἐστι
1319 4746 1426 4813 γὰρ
1459 4748 1553 4798 καὶ
1583 4749 1639 4798 ἐν
1662 4748 1835 4814 ἁγίοις
1869 4749 2106 4818 ὑπεροχή
2129 4766 2141 4780 ’

589 4845 668 4898 διὸ
692 4844 785 4896 καὶ
818 4841 976 4904 αὑτὸς
1026 4841 1377 4909 προτιμᾶται.
1410 4841 1518 4891 Καὶ
1546 4841 1660 4904 πῶς
1687 4837 1856 4903 εῐδεν;
1901 4843 1987 4894 Ἐν
2021 4842 2146 4911 ὁρά-

592 4956 742 5010 ματι,
765 4939 916 5006 φησὶ,
949 4937 1010 4988 οὑ
1051 4933 1193 4988 κατὰ
1223 4933 1566 5004 ἀνθρωπίνην
1594 4937 1804 5004 σοφίαν.
1836 4938 1944 4989 Καὶ⁵
1972 4937 2146 4999 καλῶς

592 5034 889 5103 μυστήριον
922 5029 1050 5082 αὑτὸ
1080 5029 1250 5093 καλεῖ,
1283 5029 1312 5080 ὃ
1345 5028 1508 5080 πᾶσιν
1564 5030 1813 5099 ἠγνόητο.
1851 5031 1958 5084 Καὶ
2000 5030 2147 5082 εὑλό-

587 5145 722 5197 γησε
747 5125 836 5178 τὸν
861 5123 990 5176 Θεὸν
1014 5121 1107 5175 τοῦ
1134 5123 1382 5194 οὐρανοῦ.
1415 5123 1516 5175 Τὸν
1544 5124 1954 5193 παντοκράτορά
1979 5141 2108 5192 φησι
2129 5141 2141 5153 ο

587 5220 852 5281 τουτέστι,
883 5217 972 5270 τὸν
1006 5217 1098 5268 καὶ
1135 5217 1250 5268 ἐκεῖ
1278 5219 1334 5269 ἐν
1368 5218 1434 5287 τῆ
1480 5216 1769 5287 βαρϐάρων
1802 5214 1950 5287 χώρᾳ
1987 5217 2145 5271 δυνά-

593 5332 767 5385 μενον.
809 5310 1058 5381 Οὑδαμοῦ
1095 5309 1276 5374 θυσία,
1314 5312 1406 5363 καὶ
1429 5311 1573 5376 ναὸς,
1601 5312 1695 5362 καὶ
1741 5311 2144 5381 θυσιαστήριον,

589 5409 724 5464 ἀλλὰ
768 5407 1082 5477 προαίρεσις
1131 5405 1341 5473 ἀγαθή¹
1378 5405 1470 5457 καὶ
1517 5405 1692 5457 πάντα
1728 5405 1937 5472 ἠνύετο.
1986 5405 2144 5475 ”Ορα,

594 5503 728 5574 μετὰ
764 5501 821 5554 τὸ
853 5501 1032 5554 λαϐεῖν
1065 5499 1160 5569 τὴν
1202 5500 1436 5567 αἴτησιν,
1488 5500 1547 5550 οὑ
1600 5500 1862 5569 πρότερον
1916 5499 2146 5569 ἔδραμεν

591 5601 683 5653 ἐπὶ
700 5599 798 5668 τὴν
823 5597 985 5666 αὑλὴν
1019 5596 1111 5649 τοῦ
1137 5594 1421 5665 βασιλέως,
1463 5595 1566 5656 ἓως
1599 5588 1658 5647 οὗ
1686 5594 1762 5663 τῷ
1779 5593 2029 5646 δεδωκότι
2053 5595 2148 5663 χά-

592 5711 676 5764 ριν
719 5692 1027 5764 ὼμολόγησε
1082 5691 1180 5760 τὴν
1246 5690 1537 5761 μεγίστην’
1593 5690 1653 5744 οὑ
1697 5690 1945 5758 καθάπερ
1982 5691 2142 5761 ἡμεῖς

1275 295 1331 351 S.
1371 293 1652 352 JOANNIS
1688 291 2169 352 CHRYSOSTOMI
2207 288 2519 348 ARCIHEP.
2555 296 3090 355 CONSTANTINOP.

3689 312 3796 366 202

2247 407 2502 472 πολλάκις
2563 410 2667 463 ὑπὸ
2700 413 2797 482 τῆς
2841 416 3013 484 χαρᾶς
3059 415 3167 468 τῶν
3222 413 3667 484 κατορθουμένων
3706 414 3796 464 καὶ

2245 501 2706 574 ἐπιλανθανόμεθα
2735 506 2835 576 τῆς
2863 508 3295 579 εὐγνωμοσύνης.
3341 509 3476 559 Ἀλλ’
3514 502 3667 568 οὗτος
3704 508 3798 574 οὺχ

2243 594 2412 658 οὕτως
2430 613 2444 626 ο
2497 598 2631 650 ἀλλὰ
2664 599 2926 671 εὑλόγησε
2958 603 3048 656 τὸν
3085 604 3235 664 Θεὸν,
3268 605 3362 656 καὶ
3391 599 3541 654 εἶπεν
3559 621 3572 632 ·
3598 605 3640 652 Ε
3648 604 3706 667 ῐη
3736 602 3799 653 τὸ

2245 687 2428 756 ὄνομα
2478 690 2584 745 τοῦ
2628 693 2774 747 Θεοῦ
2803 697 3205 766 εὐλογημένοι·
3255 697 3372 750 ἀπὸ
3402 697 3508 751 τοῦ
3564 695 3799 758 αἰῶνος.

2243 781 2340 833 καὶ
2371 782 2481 847 ἕως
2518 785 2622 838 τοῦ
2658 785 2887 853 αἰῶνος.
2928 789 3076 861 [209]
3121 791 3308 860 Ἥμεῖς
3349 791 3445 860 μὲν
3469 790 3600 858 γὰρ,
3648 789 3798 857 φησὶ.

2246 876 2564 946 πρόσκαιροι
2589 880 2680 932 καὶ
2706 881 3073 952 ὀλιγοχρόνιοι,
3103 885 3162 935 οὑ
3190 884 3457 953 μὴνρπέρ
3487 881 3582 935 τοῦ
3613 882 3802 950 χρόνον

2241 968 2427 1022 τούτου
2459 972 2558 1040 τὴν
2579 972 2826 1041 εὐλογίαν
2842 977 3253 1046 ἀναπέμπομεν,
3278 977 3386 1029 ἀλλ’
3408 977 3547 1047 ὑπὲρ
3566 976 3765 1039 παντός
3784 991 3798 1006 ·

2243 1063 2337 1132 οὑχ
2360 1065 2497 1135 ὑπὲρ
2526 1058 2586 1118 οὗ
2621 1065 2824 1137 ζῶμεν,
2864 1069 2998 1122 ἀλλὰ
3034 1071 3127 1122 καὶ
3165 1071 3302 1139 ὑπὲρ
3321 1071 3508 1122 τούτου
3549 1071 3670 1140 μὲν,
3703 1071 3798 1122 καὶ

2243 1160 2380 1231 ὑπὲρ
2403 1162 2495 1213 τοῦ
2519 1162 2626 1231 πρὸ
2652 1161 2863 1227 τούτου,
2905 1164 2998 1217 καί⁵
3045 1165 3180 1236 ὑπὲρ
3215 1166 3308 1217 τοῦ
3341 1165 3650 1233 μέλλοντος.
3694 1164 3805 1216 Ἀεὶ

2241 1248 2399 1308 αὑτὸν
2417 1255 2746 1323 εὐλογεῖσθαι
2775 1258 2898 1328 χρὴ,
2919 1257 3011 1310 καὶ
3032 1259 3286 1326 φαίνοντα
3309 1260 3399 1311 καὶ
3423 1259 3497 1329 μὴ
3522 1259 3802 1326 φαίνοντα.

2243 1348 2339 1401 Διὰ
2369 1350 2565 1413 παντὸς
2592 1351 2697 1421 γὰρ
2729 1353 2762 1420 ή
2797 1353 3016 1421 πρόνοια
3051 1353 3212 1404 αὑτοῦ
3244 1353 3482 1406 τέταται.
3518 1355 3661 1420 Ὀρα
3689 1352 3805 1413 πῶς

2241 1442 2330 1495 διὰ
2361 1445 2460 1512 τῆς
2497 1444 2842 1514 εὐχαριστίας
2887 1446 3135 1516 ἐμφαίνει
3181 1446 3273 1498 καὶ
3316 1445 3414 1516 τὴν
3457 1445 3657 1512 γνῶσιν
3700 1445 3806 1497 τῶν

2242 1537 2552 1608 ὀνειράτων.
2598 1540 2726 1593 Ὀτι
2757 1540 2795 1607 ἡ
2834 1541 3050 1609 σοφία,
3089 1540 3187 1593 καὶ
3219 1541 3256 1607 ἡ
3295 1541 3579 1604 σύνεσις,
3622 1540 3721 1592 καί
3767 1541 3806 1607 ή

2243 1633 2422 1702 ἰσχὺς
2438 1633 2621 1688 αὑτοῦ
2641 1635 2772 1689 ἐστι
2790 1653 2804 1666 ·
2828 1635 3088 1700 τουτέστι,
3110 1634 3170 1688 τὸ
3191 1636 3386 1688 ειδέναι
3406 1635 3472 1689 τὰ
3492 1636 3688 1702 πάντα,
3719 1637 3808 1687 καὶ

2244 1730 2656 1800 προγινώσκειν.
2677 1733 2939 1787 Ἐνταῦθα
2955 1736 3062 1804 γὰρ
3081 1734 3235 1787 τοῦτό
3256 1750 3407 1806 φησι·
3430 1735 3594 1797 αὑτὸς
3611 1731 3717 1786 οἶδε
3740 1735 3809 1786 τὰ

2243 1824 2437 1890 πάντα,
2462 1826 2608 1880 οὐδὲν
2639 1826 2838 1895 ἀγνοεῖ.
2864 1828 2928 1879 Τί
2955 1824 3045 1882 οὖν
3063 1846 3075 1893 ;
3092 1829 3256 1881 Τοῦτο
3289 1829 3479 1900 μόνον;
3505 1829 3809 1898 πρόγνωσιν

2244 1917 2354 1986 ἔχει
2383 1921 2539 1989 μόνον
2559 1938 2572 1984 ;
2602 1921 2710 1976 Καὶ
2736 1924 2833 1976 οὑκ
2861 1919 3032 1982 εἶπεν,
3053 1924 3183 1994 ἔχει,
3207 1925 3338 1988 ἀλλ’,
3359 1924 3552 1978 Αὐτοῦ
3575 1925 3725 1986 ἐστι,
3746 1926 3810 1976 τὸ

2246 2015 2470 2082 φυσικὸν
2491 2017 2620 2086 ἡμῖν
2643 2017 2841 2084 ἀγαθὸν
2872 2022 3214 2090 παραστῆσαι
3252 2019 3586 2088 βουλόμενος,
3623 2020 3704 2071 ὅτι
3745 2020 3811 2070 ἐκ

2245 2109 2456 2178 φύσεως
2471 2112 2640 2165 ταῦτα
2665 2113 2811 2183 αὑτῷ
2835 2114 3138 2184 πρόσεστιν.
3160 2114 3222 2166 Τί
3240 2109 3360 2179 οῦν;
3381 2114 3590 2183 πρόοιδε
3627 2115 3808 2182 μόνον,

2245 2206 2362 2275 οὐχὶ
2404 2206 2460 2260 δέ
2507 2209 2598 2260 καὶ
2634 2212 2810 2268 ποιεῖς
2862 2209 3002 2275 Ναὶ,
3045 2210 3136 2262 καὶ
3176 2212 3334 2262 ποιεῖ.
3385 2205 3641 2263 Ἀλλοιοῖ
3685 2223 3811 2262 και-

2237 2301 2386 2369 ροὺς
2412 2303 2509 2354 καὶ
2531 2303 2806 2370 χρόνους.
2837 2303 2967 2371 Οὐχὶ
2989 2303 3086 2365 τὰς
3110 2304 3313 2374 τροπὰς
3335 2305 3528 2372 λέγων,
3551 2304 3688 2359 ἀλλὰ
3713 2304 3810 2366 τὰς

2245 2393 2352 2446 τῶν
2383 2397 2715 2466 πραγμάτων
2749 2396 3066 2466 μεταϐολάς.
3095 2397 3356 2465 Καθιστᾷ
3377 2399 3677 2463 βασιλεῖς,
3713 2401 3809 2451 καὶ

2241 2489 2509 2556 μεθιστᾷ.
2553 2491 2672 2542 Ὅτι
2712 2491 3008 2559 μεταϐολὰς
3047 2494 3351 2561 ἐργάζεται.
3382 2490 3505 2565 Ἆρ’
3534 2492 3626 2548 οὖν
3655 2495 3814 2547 τοῦτο

2248 2584 2426 2653 μόνον,
2450 2586 2531 2636 ὅτι
2561 2585 2768 2655 πρόοιδε
2798 2587 2890 2639 καὶ
2917 2590 3086 2653 ποιεῖς
3117 2588 3237 2658 οὐχὶ
3268 2591 3356 2641 καὶ
3385 2590 3511 2642 ἄλλο
3536 2590 3810 2661 μέγιστον.

2245 2679 2326 2730 ὅτι
2351 2680 2442 2731 καὶ
2465 2680 2664 2746 ἑτέροις
2693 2681 3010 2748 μεταδίδωσι
3032 2684 3217 2736 τούτου
3241 2682 3332 2735 τοῦ
3355 2683 3576 2749 είδέναι;
3604 2683 3812 2748 Διὸοὺς

2246 2774 2469 2841 σοφίαν
2500 2775 2620 2839 τοῖς
2661 2775 2870 2843 σοφοῖς
2895 2790 2909 2805 °
2941 2777 3057 2844 οὐχὶ
3090 2778 3194 2846 πρὸ
3228 2777 3415 2830 τούτου
3450 2774 3568 2830 οὖσι
3609 2782 3812 2846 σοφοῖς,

2247 2867 2380 2920 ἀλλὰ
2411 2869 2519 2929 τοῖς
2545 2867 2727 2920 λαϐεῖν
2759 2881 2805 2924 ιι.
2835 2868 2904 2920 Εἴ
2926 2886 3008 2932 τις
3037 2869 3193 2936 σοφὸς
3229 2871 3300 2940 μὴ
3329 2872 3458 2940 παρ’
3483 2871 3690 2924 ἐκείνου
3717 2874 3816 2938 τὴν

2249 2963 2436 3030 σοφίαν
2472 2963 2602 3030 ἔχει,
2634 2964 2694 3014 οὑ
2726 2962 2901 3030 σοφός.
2930 2964 3019 3034 Μή
3046 2965 3298 3033 νομίσατε
3333 2965 3522 3036 τέχνην
3553 2962 3692 3019 εἶναι
3721 2969 3816 3035 τῆς

2247 3056 2570 3125 Χαλδαῖκῆς.
2595 3057 2702 3110 Καὶ
2727 3059 3040 3125 φρόνησιν,
3072 3058 3230 3127 φησὶ,
3261 3057 3384 3124 τοῖς
3400 3059 3636 3113 αἰτοῦσι
3665 3062 3817 3114 σύν⁶

2246 3173 2396 3211 εσιν.
2421 3153 2548 3209 Εἶτα
2580 3157 2773 3227 ἴδωμεν
2799 3159 3021 3228 πότερον
3048 3159 3103 3224 ἐξ
3140 3160 3444 3230 ἐπιστήμης
3470 3160 3620 3229 αὑτῷ
3646 3179 3819 3231 προσ-

2248 3257 2497 3324 γέγονεν,
2530 3257 2562 3326 ἢ
2596 3257 2733 3309 κατὰ
2769 3256 2944 3324 φύσιν.
2980 3257 3088 3309 Καὶ
3146 3257 3253 3328 γὰρ
3287 3259 3377 3311 καὶ
3414 3259 3572 3312 τοῦτο
3628 3260 3776 3328 λέγει
3801 3277 3814 3291 ·

2246 3355 2432 3420 Αὐτὸς
2481 3356 2885 3408 ἀποκαλύπτει
2924 3355 3116 3417 ,βαθέα
3164 3355 3262 3408 καὶ
3314 3358 3634 3426 ἀπόκρυφα
3668 3376 3686 3392 ο
3722 3361 3819 3413 οὑκ

2248 3451 2417 3520 εἶπεν,
2453 3455 2714 3524 εὑρίσκει,
2748 3453 2902 3519 ἀλλὰ,
2941 3455 3360 3508 Ἀποκαλύπτει
3393 3456 3601 3525 ἐτέροις
3626 3458 3820 3521 βαθέα

2247 3554 2374 3623 ἡμῖν
2403 3552 2531 3605 ὄντα
2576 3551 2674 3605 καὶ
2708 3552 3040 3620 ἀπόκρυφα,
3067 3553 3134 3605 τὰ
3167 3554 3228 3604 ἐκ
3256 3553 3467 3624 μακροῦ
3497 3555 3587 3607 τοῦ
3627 3555 3818 3626 χρόνου

2247 3651 2530 3721 ἀφεστῶτα
2573 3651 2666 3705 καὶ
2713 3652 3080 3722 κεκρυμμένα.
3138 3650 3456 3706 Γινώσκων
3498 3654 3568 3706 τὰ
3621 3655 3692 3708 ἐν
3742 3655 3819 3718 τῷ

2249 3752 2448 3803 σκότει
2484 3767 2499 3781 ο
2543 3751 2643 3803 καὶ
2687 3751 2751 3803 τὸ
2794 3750 2917 3819 φῶς
2953 3751 3079 3818 μετ’
3112 3751 3296 3804 αὑτοῦ
3335 3752 3523 3804 ἐστιν.
3575 3753 3718 3823 Ὅρα
3767 3754 3818 3807 τί

2251 3868 2401 3920 φησι.
2427 3852 2634 3919 Ὠσπερ
2665 3851 2693 3901 6
2722 3849 2882 3901 Δαυῒδ
2909 3850 3053 3917 λέγει
3079 3868 3091 3880 ·
3139 3851 3230 3914 Ὠς
3263 3850 3327 3902 τὸ
3353 3853 3569 3917 σκότος
3604 3852 3816 3922 αὐτῆς,

2250 3950 2400 4003 οὕτω
2440 3951 2536 4001 καὶ
2569 3948 2633 3999 τὸ
2666 3947 2790 4015 φῶς
2817 3946 3027 4016 αὐτῆς.
3059 3949 3131 4000 Τὸ
3159 3947 3290 4001 πολὺ
3319 3949 3417 4017 τῆς
3445 3947 3698 4015 γνώσεως
3730 3949 3818 4002 λέο

2249 4064 2355 4115 γει,
2386 4048 2503 4116 ήτοι
2530 4046 2633 4098 κᾶν
2661 4046 2827 4116 ἄδηλα
2856 4044 2912 4116 ᾖ,
2947 4047 3094 4116 αὑτῷ
3126 4046 3310 4107 σκότος
3341 4046 3438 4097 οὑκ
3467 4045 3632 4110 ἐστιν,
3668 4047 3701 4116 ἢ
3735 4048 3819 4100 ὅτι

2252 4146 2366 4214 φῶς
2413 4144 2591 4198 αὑτῶν
2637 4145 2770 4198 ἐστι.
2816 4145 2938 4204 Πῶς
2984 4144 3235 4212 γινώσκει
3275 4143 3343 4196 τὰ
3385 4143 3440 4196 ἐν
3486 4142 3563 4212 τῷ
3608 4145 3819 4209 σκότει;

2263 4244 2470 4295 Ὠσανεὶ
2499 4243 2611 4311 φῶς
2640 4243 2775 4312 έχων
2803 4243 2919 4313 μεθ’
2945 4242 3152 4294 ἐαυτοῦ.
3186 4243 3315 4294 Μετ’
3344 4241 3506 4294 αὑτοῦ
3535 4244 3681 4296 ἐστιν
3711 4244 3816 4297 ἀεί.

2252 4342 2629 4411 Ἀνθρωπίνως
2658 4343 2821 4410 λέγει.
2858 4343 3064 4413 Ὥσπερ
3093 4340 3240 4393 οὐδέν
3267 4343 3410 4394 ἐστιν
3441 4343 3496 4394 ἐν
3528 4343 3711 4395 σκότει
3743 4344 3821 4413 τῷ

2253 4439 2441 4510 λύχνον
2470 4443 2708 4505 ἆπτοντι,
2735 4442 2905 4505 οὑτως
2930 4444 3046 4496 οὑδέ
3071 4442 3146 4512 τῷ
3171 4443 3286 4512 Θεῷ
3311 4460 3321 4472 ⁸
3356 4443 3552 4512 μᾶλλον
3581 4445 3658 4507 δὲ,
3690 4446 3745 4497 εί
3767 4461 3822 4495 τι

2257 4539 2435 4604 πλέον,
2466 4539 2650 4611 ὥσπερ
2677 4540 2755 4610 τῷ
2785 4541 2844 4593 τὸ
2871 4541 2983 4609 φῶς
3014 4541 3184 4612 ἕχυντι
3213 4541 3270 4593 ἐν
3298 4541 3611 4611 ὀφθαλμοῖς,
3633 4543 3712 4612 τῷ
3736 4543 3823 4594 ἀεὶ

2254 4639 2598 4710 περιφέροντι
2628 4639 2757 4691 αὑτὸ
2781 4640 2892 4707 φῶς
2919 4640 2947 4678 δ
2981 4641 3111 4692 ἐστι.
3150 4640 3279 4705 Σοὶ,
3321 4642 3353 4692 ὁ
3382 4639 3520 4704 Θεὸς
3551 4640 3826 4706 πατέρων

2250 4756 2385 4806 μου,
2407 4739 2558 4809 φησὶ,
2580 4737 3064 4806 ἐξομολογοῦμαι,
3085 4737 3177 4789 καὶ
3195 4736 3356 4800 αἰνῶ,
3377 4737 3465 4791 ὅτι
3482 4738 3710 4806 σοφίαν
3726 4736 3823 4789 καὶ

2255 4839 2508 4892 σύνεσιν
2534 4837 2759 4901 ἔδωκάς
2780 4853 2898 4903 μοι.
2929 4836 3210 4904 Εὑκαίρως
3241 4836 3347 4887 τῶν
3376 4836 3625 4905 πατέρων
3653 4838 3827 4905 ἐμνή-

2258 4938 2356 5007 σθη
2403 4935 2516 5000 νῦν,
2557 4936 2621 4988 δι’
2658 4937 2878 4988 ἐκείνων
2919 4935 3077 4985 αὑτὸν
3118 4933 3429 5003 δυσωπῆσαι
3468 4934 3823 5004 βουλόμενος,

2256 5035 2500 5107 καθάπερ
2524 5036 2674 5098 εῐτίς
2697 5053 2818 5088 τινα
2851 5033 3000 5106 [210]
3032 5035 3262 5104 ἐραστὴν
3298 5034 3522 5104 σφοδρὸν
3545 5034 3653 5086 τῶν
3681 5035 3822 5105 ἐρωο

2258 5136 2431 5205 μένων
2460 5137 2838 5204 ἀναμνήσειεν.
2879 5135 3372 5204 Ἑξομολογοῦμαι
3393 5172 3408 5197 ,
3441 5133 3607 5202 φησὶ,
3642 5137 3824 5202 εὐχαο

2248 5234 2468 5303 ριστῶ,
2516 5233 2612 5287 καὶ
2646 5233 2820 5296 αὶνῶ,
2863 5232 2950 5285 ὅτι
2988 5234 3212 5301 σοφίαν
3253 5232 3346 5285 καὶ
3395 5231 3653 5284 σύνεσιν
3687 5234 3827 5287 ἐδω-

2255 5333 2364 5399 κάς
2391 5351 2511 5402 μοι.
2557 5332 2666 5401 Τὴν
2704 5331 2967 5402 προτέραν
3013 5333 3162 5402 φησί.
3213 5331 3321 5384 Καὶ
3354 5330 3468 5383 νῦν
3500 5330 3828 5399 ἐγνώρισάς

2249 5449 2351 5501 μοι
2397 5430 2433 5484 d
2481 5430 2818 5499 ἠξιώσαμεν
2863 5431 3019 5497 παρὰ
3078 5429 3212 5484 σοῦ.
3268 5430 3423 5492 Ἴσως
3475 5429 3620 5493 εἰκὸς
3666 5430 3828 5484 αὑτὸν

2319 5638 2340 5664 ⁸
2368 5635 2538 5682 Scribe
2559 5633 2800 5683 λαϐοῦσιν.

2316 5695 2342 5734 δ
2371 5696 2516 5746 Forte
2542 5696 2768 5756 αὐτόφως.
