4016 6464
223 411 330 465 20]

221 533 307 579 est
342 520 600 578 sententia
636 516 917 591 impudens
971 520 1082 572 lucc
1119 535 1147 573 a
1192 517 1322 573 facie
1352 518 1526 587 regis?
1564 534 1580 565 ι
1628 514 1785 570 Vides

225 613 533 665 libertatem
554 610 579 661 ?
609 610 755 663 vides
797 608 1197 662 fortitudinem?
1243 609 1305 661 ad
1338 608 1479 661 illum
1512 606 1595 674 qui
1643 604 1784 658 oeci-

220 704 390 758 dendi
412 710 722 772 potestatem
752 700 973 755 habebat
995 700 1162 769 qualia
1185 699 1443 767 loquitur?
1468 698 1632 751 Etiam
1655 698 1787 749 alio-

227 809 348 847 rum
393 791 563 847 vicem
594 790 754 845 dolet.
802 790 913 843 Non
945 789 1101 843 habet
1148 790 1433 852 rationem,
1466 788 1623 855 inquit
1644 828 1657 850 ,
1690 802 1786 839 nec

223 899 484 947 causam;
527 897 696 952 neque
726 882 860 935 ullus
887 881 1034 934 color
1070 882 1239 935 edicto
1262 880 1463 947 adjacct
1503 895 1514 928 :
1548 879 1785 930 homines

222 978 365 1030 enim
397 975 655 1043 ejusmodi
716 973 1043 1042 impudentes
1090 975 1317 1025 solemus
1357 971 1637 1038 appellare.
1696 968 1780 1021 16.

228 1086 245 1118 ι
295 1068 547 1121 indicavit
589 1076 761 1119 autent
807 1064 1058 1119 Ariochus
1080 1064 1277 1119 Danieli
1302 1062 1532 1115 verbum.
1564 1060 1627 1112 Et
1682 1060 1777 1111 Da«

224 1161 333 1212 niel
379 1172 623 1228 egressus
669 1167 748 1211 est
775 1175 788 1219 ;
819 1166 871 1210 et
914 1154 1112 1223 rogavit
1139 1168 1335 1221 regem,
1372 1163 1425 1204 ut
1453 1166 1655 1220 tempus
1685 1148 1781 1202 sibi

223 1251 395 1314 daret,
425 1260 479 1303 et
498 1249 854 1315 conjecturam
882 1246 1068 1300 somnii
1100 1244 1431 1297 annuntiaret
1462 1243 1588 1310 regi.
1624 1260 1641 1291 ι
1675 1241 1780 1293 Ad-

224 1340 419 1395 ntirare
447 1338 842 1405 permissionem
884 1335 1040 1403 regis.
1068 1333 1256 1400 Aspice
1284 1341 1340 1384 ut
1369 1346 1551 1384 omnes
1592 1331 1781 1398 ubique

225 1428 429 1482 Danieli
456 1428 839 1494 obtemperent.
886 1426 952 1477 At
984 1424 1120 1476 unde
1150 1438 1238 1475 rex
1277 1421 1568 1487 suSpicatus
1603 1429 1681 1473 est
1717 1420 1778 1471 il-

223 1518 333 1572 lum
366 1532 487 1571 vera
514 1517 730 1570 dicere?
760 1529 920 1584 quare
968 1529 1069 1566 non
1112 1512 1241 1565 dixit
1274 1527 1289 1564 :
1322 1511 1557 1565 Universi
1592 1509 1779 1576 depre-

224 1608 377 1662 hensi
409 1615 529 1660 sunt
558 1620 620 1661 ac
648 1606 891 1670 convicti,
923 1604 1046 1659 fassi
1080 1611 1201 1656 sunt
1229 1617 1339 1655 rem
1367 1616 1483 1655 esse
1511 1614 1667 1666 supra
1691 1613 1779 1651 na-

222 1707 394 1750 turam
436 1696 715 1750 humanam
738 1715 751 1761 ;
788 1704 841 1750 ct
865 1704 922 1749 tu
951 1695 1038 1764 qui
1076 1693 1331 1747 barbarus
1355 1707 1411 1747 es
1436 1730 1449 1755 ,
1476 1690 1611 1744 unde
1634 1699 1779 1759 putas

223 1796 277 1841 te
318 1801 473 1856 posse
501 1787 817 1839 incolumem
846 1800 907 1839 ac
934 1784 1257 1852 superiorem
1297 1780 1557 1836 evadere?
1587 1780 1778 1833 Verum

220 1876 315 1929 ubi
370 1876 507 1928 Deus
546 1888 633 1927 res
677 1874 947 1942 dispensat
984 1880 1037 1925 et
1060 1879 1337 1940 prmparat,
1368 1869 1495 1923 nihil
1524 1869 1774 1937 ambigas.

219 1965 469 2034 Alioquin
496 1976 549 2017 et
592 1964 720 2017 citra
770 1962 1061 2029 periculum
1110 1969 1223 2016 erat
1271 1960 1335 2015 ad
1388 1974 1561 2029 regem
1600 1969 1779 2027 postea

219 2055 421 2108 venire.
476 2055 579 2108 Cur
624 2063 796 2107 autem
841 2067 943 2105 non
998 2052 1138 2104 illico
1193 2051 1332 2104 Deus
1379 2050 1575 2105 Danieli
1633 2064 1776 2103 som-

220 2145 366 2197 nium
416 2143 701 2197 revelavit?
750 2142 977 2195 Primum
1022 2140 1229 2211 quidem
1274 2149 1330 2193 ut
1376 2154 1461 2193 res
1509 2140 1776 2193 manifesta

222 2236 412 2295 fieret,
458 2232 682 2285 etutilli
726 2231 775 2283 iu
817 2245 1000 2299 magna
1040 2231 1351 2285 necessitate
1396 2231 1776 2285 constitueren-

220 2335 327 2376 tur.
380 2322 509 2375 Nam
564 2323 661 2375 etsi
708 2321 959 2390 propheta
1010 2330 1180 2385 esset,
1229 2329 1460 2374 attamen
1517 2322 1774 2375 somnium

224 2411 524 2480 ignorabat.
576 2411 777 2464 Rursus
829 2412 919 2465 tibi
962 2427 1017 2465 se
1065 2427 1156 2478 per
1201 2413 1341 2465 viros
1400 2413 1569 2481 jUstos
1624 2428 1776 2467 excu-

218 2510 323 2566 sat,
364 2500 648 2554 ostendens
683 2500 822 2569 quod
860 2502 902 2555 si
952 2501 1053 2556 illis
1084 2502 1452 2570 periclitaturis
1493 2504 1618 2557 nihil
1660 2519 1776 2557 con-

217 2592 379 2647 cessit
412 2591 608 2659 absque
652 2606 805 2658 prece
852 2593 1227 2658 perseveranti,
1260 2594 1422 2646 multo
1472 2594 1641 2647 minus
1684 2595 1773 2647 tibi

217 2684 383 2737 dabit.
433 2682 653 2749 Propter
704 2665 801 2735 hoc
844 2683 1036 2751 ubique
1083 2684 1270 2735 Paulus
1311 2686 1541 2750 postulat
1573 2700 1771 2751 preces,

220 2773 455 2827 Orationi
475 2775 745 2826 insistentes
766 2773 934 2843 (Rom.
971 2773 1182 2843 12.19.),
1208 2776 1462 2829 scribens.
1492 2775 1602 2829 Non
1635 2778 1771 2830 enim

216 2861 412 2915 sufficit
462 2862 564 2914 vita
616 2877 763 2929 pura,
810 2862 907 2915 nisi
961 2863 1117 2915 etiam
1166 2862 1302 2916 adsit
1347 2865 1532 2917 oratio.
1584 2865 1773 2932 Aspice

213 2951 408 3005 iterum
432 2951 647 3003 ntultam
679 2952 816 3004 illius
846 2953 1018 3006 fidem.
1052 2951 1347 3007 Secundum
1381 2966 1642 3009 certamen
1675 2959 1771 3012 hoc

215 3049 331 3092 est:
362 3050 414 3091 et
441 3039 613 3092 adhuc
656 3041 833 3093 Daniel
883 3051 1070 3108 prmcst
1108 3057 1168 3094 ac
1202 3045 1462 3111 negotium
1512 3045 1669 3105 ducit.
1719 3058 1772 3101 et

216 3136 423 3194 tempus
446 3128 572 3196 petit
595 3127 666 3199 (a)
696 3137 872 3196 aptum
904 3131 966 3183 ad
999 3132 1213 3183 multam
1236 3132 1558 3187 tolerantiam
1614 3146 1770 3205 atque

214 3220 527 3273 orationem.
560 3220 822 3288 PrOplteta
856 3236 958 3273 non
1011 3224 1302 3289 postulabat
1331 3226 1503 3276 statim
1560 3228 1724 3280 audiri
1756 3246 1767 3281 :

213 3324 308 3363 rex
336 3308 644 3364 beneficium
690 3312 904 3380 largitus
953 3322 1053 3379 est,
1088 3314 1317 3382 illudque
1368 3316 1774 3372 cmumunic:.vit

211 3413 333 3452 cum
375 3400 557 3453 amicis
584 3415 645 3454 ac
686 3402 841 3455 sociis
894 3402 1139 3457 D.mielis.
1200 3405 1283 3459 l9.
1320 3425 1335 3457 ‹
1374 3407 1521 3460 Tunc
1569 3410 1765 3463 Danieli

210 3489 521 3559 mysterium
544 3491 828 3545 revelatum
858 3501 937 3546 est
963 3495 1012 3546 iit
1044 3495 1241 3550 visione
1265 3499 1449 3551 noctis.
1484 3499 1548 3552 Et
1592 3500 1767 3555 Daniel

211 3576 485 3631 benedixit
515 3578 673 3632 Deum
704 3582 837 3645 caeli,
893 3583 979 3636 20.
1020 3598 1081 3638 ac
1126 3584 1257 3638 dixit
1285 3604 1296 3637 :
1324 3586 1401 3640 Sit
1435 3604 1625 3643 nomen
1675 3592 1765 3645 Dei

212 3665 546 3720 benedictum
575 3683 602 3720 a
631 3671 840 3733 sarculo,
871 3681 921 3725 ct
952 3688 1114 3742 usque
1137 3675 1186 3727 itt
1209 3678 1477 3742 sazculum,
1503 3680 1621 3747 quia
1655 3681 1768 3747 ejus

210 3762 294 3806 est
313 3754 566 3822 sapientia
584 3765 636 3809 ct
665 3758 1001 3829 intelligentia
1027 3771 1078 3817 et
1117 3763 1385 3819 fortitudo.
1423 3766 1510 3819 21.
1550 3769 1616 3823 Ει
1654 3770 1766 3838 ipse

210 3850 381 3895 mutat
407 3852 639 3912 tempora
684 3857 954 3915 etii-tates,
986 3853 1254 3906 constituit
1280 3870 1428 3924 reges
1475 3872 1536 3911 ac
1574 3860 1762 3925 aufert,

208 3934 345 3987 dans
369 3937 674 4003 sapientiam
706 3940 1047 4006 sapientibus,
1078 3951 1128 3995 et
1179 3944 1505 4010 prudentiam
1549 3948 1650 4003 illis
1678 3953 1765 4019 qui

210 4036 397 4094 petunt
426 4028 763 4084 intellectum.
788 4031 877 4083 22.
906 4031 1021 4100 Ipse
1047 4034 1239 4089 revelat
1276 4038 1527 4104 profunda
1568 4049 1619 4094 et
1642 4042 1764 4096 abs-

205 4116 441 4183 condita,
488 4133 808 4185 cognoscens
854 4136 971 4189 quae
1025 4123 1075 4176 in
1127 4125 1353 4179 tenebris
1392 4129 1764 4185 exsistunt:ct

208 4204 299 4258 lux
325 4221 444 4259 cum
475 4207 587 4275 ipso
614 4219 712 4261 est.
755 4210 843 4263 25.
895 4211 1046 4275 Tibi,
1079 4213 1214 4265 Deus
1259 4224 1462 4282 patrum
1503 4233 1761 4284 meorum,

206 4297 485 4361 conﬁteor,
515 4308 567 4352 te
596 4300 768 4363 laudo,
798 4301 917 4369 quia
943 4303 1249 4370 sapientiam
1278 4314 1331 4359 et
1370 4307 1760 4377 intelligentiam

204 4385 401 4439 dedisti
423 4386 549 4440 mihi
579 4404 591 4441 :
616 4397 823 4445 etnunc
849 4399 966 4443 nota
987 4390 1152 4445 fecisti
1179 4391 1303 4445 mihi
1330 4409 1445 4462 quae
1468 4400 1764 4466 rogavimus

208 4487 279 4532 te.
317 4496 337 4529 ι
384 4477 627 4533 Nondum
672 4480 947 4535 manifeste
998 4481 1098 4551 ipsi
1144 4485 1430 4541 revelatum
1482 4500 1611 4554 erat,
1671 4492 1760 4546 sed

204 4567 380 4621 adhuc
433 4569 484 4622 in
513 4570 713 4625 visione
743 4587 756 4623 :
788 4586 905 4624 nam
938 4584 1317 4640 prmexercetur
1336 4578 1605 4646 propheta.
1636 4581 1764 4637 Vide

204 4669 383 4712 autem
425 4660 563 4713 illius
592 4660 855 4724 fiduciam,
909 4662 1150 4727 Quasnam
1196 4676 1267 4717 est
1293 4669 1551 4732 sententia,
1575 4671 1759 4740 inquit,

203 4750 469 4818 impudens
506 4752 652 4804 haec?
681 4752 802 4805 Mihi
850 4754 1057 4821 quidem
1102 4755 1308 4809 videtur
1341 4758 1495 4812 etiam
1538 4770 1658 4815 ante
1686 4776 1764 4814 so-

205 4843 407 4896 mnium
431 4842 694 4895 inventum
717 4858 743 4895 a
767 4844 909 4897 caede
924 4844 1219 4899 cohibuisse
1242 4847 1543 4914 magistrum
1570 4864 1764 4919 coquo-

207 4946 347 4996 rum,
372 4940 479 4984 tum
507 4932 789 5000 inemptum
814 4932 1125 4999 accusando,
1148 4942 1254 4987 tum
1284 4935 1572 5002 pollicendo
1597 4953 1655 4993 se
1682 4955 1763 4993 re-

206 5031 478 5091 perturum
504 5019 810 5074 calamitatis
837 5022 1170 5076 solutionem.
1195 5023 1301 5077 Cur
1327 5038 1451 5093 ergo
1472 5026 1759 5081 revelatum

204 5119 289 5164 est
342 5109 576 5162 Danieli?
606 5108 733 5174 Quia
762 5110 901 5164 enim
943 5122 1024 5166 est
1061 5114 1215 5166 etiam
1252 5114 1388 5167 inter
1442 5117 1583 5168 viros
1634 5132 1759 5171 sau-

204 5210 322 5256 ctos
374 5202 704 5265 excellentia,
747 5202 865 5257 ideo
920 5203 1103 5257 Daniel
1176 5206 1471 5273 praefertur.
1508 5206 1573 5260 Et
1631 5224 1763 5277 quo-

204 5291 364 5347 modo
386 5292 549 5345 vidit?
572 5291 635 5344 In
664 5292 864 5358 visione,
912 5292 1106 5361 inquit;
1131 5308 1233 5347 non
1260 5295 1543 5348 secundum
1574 5296 1753 5349 huma-

204 5383 678 5452 namsapientiam.
723 5382 789 5436 Et
839 5383 1058 5451 pulchre
1109 5385 1161 5439 id
1206 5396 1355 5440 vocat
1410 5390 1756 5457 mysterium,

265 5577 338 5639 (a)
371 5576 634 5627 Prudenter
671 5577 1029 5644 Chrysostomus
1062 5589 1113 5630 et
1150 5582 1474 5632 Theodoretus
1506 5586 1555 5644 in
1594 5595 1651 5632 ea
1674 5597 1757 5644 re,

299 5652 346 5687 ω
361 5651 497 5703 sacer
523 5646 778 5703 contextus
793 5641 1000 5703 reticuit.
1021 5645 1265 5703 negotium
1285 5645 1465 5693 habere
1483 5641 1756 5693 noluerunt.

245 5708 263 5747 t
284 5699 518 5807 Iosephus
535 5707 725 5759 tempus
745 5697 925 5755 deﬂuit,
944 5697 1319 5763 uuam'noctcm;
1345 5704 1657 5755 Tertullianus
1681 5708 1758 5755 tri-

245 5772 352 5807 num
421 5760 603 5807 oseplto
622 5758 784 5807 malim
804 5762 1055 5807 accedere.

201 5764 352 5809 deum
391 5758 603 5819 Joseplto
622 5758 784 5810 malim
804 5762 1055 5815 accedere.

1583 400 1643 455 ΙΝ
1685 398 2040 454 ΟᾹΝΙΕΙἘΜ.

3345 418 3455 473 202

1892 513 2028 584 quod
2097 516 2159 569 ab
2198 516 2441 571 omnibus
2498 520 2848 589 ignorabatur.
2894 523 2957 577 Et
3002 526 3245 579 benedixit
3289 525 3445 579 Deum

1887 604 2012 655 cazli.
2083 602 2510 675 anipotentem
2584 610 2823 680 intelligit
2871 631 2883 663 :
2931 614 2978 667 id
3033 625 3145 677 est,
3188 631 3304 669 eum
3357 619 3443 684 qui

1887 693 2042 745 etiam
2067 694 2191 757 illic,
2243 696 2292 747 iit
2325 696 2666 752 harbarormn
2720 703 2964 758 videlicet
2997 706 3228 773 regione,
3263 715 3443 773 potens

1885 791 2015 834 crat.
2068 782 2333 852 Nusquam
2388 789 2723 852 sacrificium,
2778 801 2829 845 et
2883 795 3154 861 templum,
3202 806 3256 849 et
3310 797 3444 849 alta-

1887 885 1962 931 re,
1988 872 2077 924 sed
2101 874 2206 925 sola
2233 875 2365 929 bona
2390 877 2627 931 voluntas
2657 881 2835 933 aderat
2860 903 2872 948 ;
2909 894 2955 935 et
3002 885 3175 937 omnia
3224 900 3444 954 perage-

1887 959 2090 1013 bantur.
2117 963 2343 1017 Adverte
2370 980 2487 1018 cum
2520 978 2638 1034 post
2660 972 2960 1036 petitiOnent
2991 984 3281 1040 acceptam,
3338 991 3443 1028 tton

1887 1051 2029 1117 prius
2057 1051 2119 1103 ad
2150 1053 2320 1106 aulam
2356 1056 2492 1124 regis
2517 1060 2832 1124 cucurrisse,
2877 1077 3029 1127 quam
3064 1062 3298 1117 beneﬁcii
3355 1066 3447 1118 da-

1884 1139 1983 1191 turi
2013 1142 2263 1195 maximas
2285 1144 2475 1212 egisset
2496 1148 2689 1215 gratias
2718 1164 2730 1200 :
2758 1164 2858 1202 non
2890 1151 3023 1205 sicut
3056 1167 3151 1204 nos
3173 1169 3313 1222 sarpe
3338 1169 3445 1222 pra:

1883 1229 2068 1295 gaudio
2094 1245 2468 1299 prosperorum
2511 1249 2847 1290 successuum
2871 1240 3026 1292 etiam
3074 1242 3253 1309 gratim
3308 1243 3445 1297 refe-

1884 1316 2059 1369 renda:
2088 1319 2464 1375 ohliviscimur.
2493 1325 2561 1378 At
2596 1340 2697 1378 non
2728 1328 2797 1379 ita
2831 1328 2928 1381 iste
2964 1344 2974 1381 :
3006 1346 3185 1384 verum
3233 1333 3445 1398 benedi-

1883 1406 1957 1457 xit
1984 1408 2166 1471 Deum,
2188 1418 2239 1461 et
2266 1412 2396 1465 dixit
2419 1431 2432 1467 ε
2452 1414 2530 1467 Sit
2553 1432 2729 1469 nomen
2742 1418 2835 1470 Dei
2860 1420 3166 1474 benedictum
3189 1439 3219 1475 a
3238 1426 3435 1489 swculo,

1882 1506 1925 1548 et
1948 1515 2099 1565 usque
2121 1502 2169 1552 in
2192 1503 2444 1555 steculum.
2478 1504 2584 1559 Nos
2635 1508 2912 1575 siquidem,
2946 1510 3134 1579 inquit,
3180 1523 3439 1582 tempora-

1880 1589 1942 1640 rii
1969 1598 2021 1643 et
2052 1606 2332 1659 paucorum
2351 1610 2607 1650 annorum
2633 1614 2846 1663 sumus;
2878 1617 2979 1655 non
3003 1613 3174 1658 autent
3196 1622 3288 1673 pro
3309 1614 3437 1661 tem-

1882 1692 2009 1745 pore
2053 1681 2150 1736 hoc
2207 1692 2403 1737 tantum
2445 1701 2650 1741 sursum
2696 1689 2949 1745 mittimus
3000 1692 3434 1759 benedictionem,

1884 1768 1974 1820 sed
2006 1783 2099 1836 pro
2125 1771 2370 1826 universo
2396 1783 2634 1843 tempore
2667 1794 2679 1829 :
2711 1793 2813 1831 non
2842 1794 2935 1848 pro
2964 1795 3027 1834 eo
3054 1783 3167 1836 solo
3190 1798 3292 1851 quo
3309 1786 3439 1838 vivi-

1882 1871 2014 1920 mus,
2048 1858 2139 1912 sed
2185 1861 2342 1914 etiam
2381 1878 2476 1930 pro
2519 1865 2617 1918 hoc
2664 1867 2893 1934 quidem,
2924 1879 2975 1922 et
3017 1885 3110 1937 pro
3165 1873 3250 1924 illo
3298 1876 3434 1941 quod

1882 1950 2147 2013 prmteriit,
2180 1961 2230 2005 et
2270 1966 2366 2020 pro
2411 1952 2599 2007 futuro.
2654 1955 2872 2024 Semper
2917 1958 3078 2012 Deum
3129 1961 3435 2017 bent-dicere

1878 2047 2103 2106 oportet,
2134 2042 2243 2094 sive
2272 2044 2357 2096 ille
2378 2055 2643 2111 appareat,
2674 2048 2782 2100 sive
2810 2064 2909 2101 non
2938 2061 3201 2117 appareat.
3230 2053 3433 2122 Ubique

1877 2130 2014 2181 enim
2048 2130 2181 2183 illius
2204 2134 2525 2200 providentia
2553 2145 2765 2190 extensa
2814 2148 2909 2191 est.
2947 2139 3072 2193 Vide
3094 2150 3150 2193 ut
3192 2157 3284 2209 per
3309 2158 3431 2211 gra-

1878 2218 2063 2270 tiarum
2119 2222 2377 2275 actionem
2428 2225 2668 2278 ostendat
2712 2242 2918 2296 quoque
2970 2230 3077 2283 Deo
3133 2244 3432 2300 competere

1877 2308 2147 2361 scientiam
2165 2312 2507 2366 somniorum.
2532 2314 2662 2380 Quia
2681 2317 2785 2385 ejus
2806 2328 2875 2369 est
2897 2320 3137 2385 sapientia
3167 2331 3211 2372 et
3250 2324 3433 2374 intelli-

1876 2397 2040 2463 gentia
2064 2408 2107 2449 et
2128 2400 2531 2465 fortitudo:hoc
2579 2414 2677 2467 est,
2725 2406 2895 2459 omnia
2953 2409 3087 2461 scire
3135 2423 3197 2463 ac
3231 2426 3434 2480 pramo-

1877 2499 2042 2539 scere.
2073 2486 2165 2540 llic
2193 2489 2332 2541 enim
2362 2489 2484 2543 illud
2524 2492 2595 2544 ait
2627 2511 2637 2544 :
2672 2494 2808 2561 quod
2859 2497 3058 2550 scilicet
3105 2499 3215 2565 ipsc
3258 2503 3431 2555 omnia

1878 2577 2037 2640 novit,
2072 2586 2125 2630 ct
2174 2580 2302 2632 nihil
2334 2581 2553 2650 ignorat.
2605 2584 2736 2651 Quid
2784 2588 2975 2655 igitur?
3025 2590 3146 2643 illud
3194 2595 3433 2646 tantum?

1876 2666 2109 2721 solamne
2140 2668 2295 2723 habet
2322 2674 2742 2739 prtescientiam?
2770 2678 2837 2730 Et
2884 2694 2989 2733 non
3034 2680 3182 2746 dixit,
3218 2682 3385 2737 liabet
3416 2702 3428 2736 :

1877 2758 1988 2820 sed,
2024 2756 2193 2826 Ipsius
2242 2770 2332 2827 est,
2366 2764 2617 2819 exhibere
2667 2767 2816 2822 nobis
2846 2771 3029 2825 volens
3084 2788 3144 2825 ca
3194 2777 3432 2830 naturale

1876 2845 2012 2900 illius
2066 2849 2257 2904 bonum
2290 2867 2406 2907 esse
2435 2870 2448 2906 :
2476 2856 2593 2923 quia
2620 2872 2684 2911 ex
2724 2868 2903 2913 natura
2953 2863 3026 2915 illi
3075 2863 3187 2917 hzec
3231 2867 3423 2921 insunt.

1874 2936 2006 2999 Quid
2058 2940 2221 3007 ergo?
2273 2943 2597 3009 praevidetne
2648 2957 2865 3015 tantum,
2907 2966 3009 3005 non
3050 2963 3222 3008 autent
3271 2958 3426 3010 etiam

1873 3026 2031 3078 facit?
2058 3028 2213 3093 Sane,
2241 3040 2293 3083 et
2318 3032 2455 3085 facit.
2491 3033 2656 3088 Mutat
2675 3046 2839 3091 letales
2859 3050 2905 3092 et
2923 3051 3161 3111 tempora.
3202 3044 3314 3097 Non
3364 3048 3429 3101 de

1871 3132 2125 3171 annorum
2147 3124 2571 3177 conversionibus
2597 3142 2771 3181 sermo
2802 3140 2898 3195 est,
2933 3133 3021 3185 sed
3039 3134 3103 3187 de
3132 3151 3302 3189 rerum
3344 3139 3425 3191 vi-

1871 3212 2273 3265 cissitudinibus.
2298 3215 2556 3269 Constituit
2572 3236 2728 3288 reges,
2747 3232 2790 3272 et
2807 3226 2986 3292 aufert.
3012 3225 3137 3290 Quia
3159 3227 3432 3295 liujusmo-

1872 3298 1921 3350 di
1971 3302 2315 3355 mutationum
2363 3313 2443 3358 est
2504 3317 2705 3361 auctor.
2757 3310 2836 3362 An
2882 3312 3038 3379 igitur
3085 3314 3184 3367 hoc
3228 3326 3425 3371 tantum

1876 3389 2027 3453 Deus,
2062 3392 2311 3458 prtevidet
2364 3410 2552 3465 nempe
2580 3412 2641 3451 ac
2674 3398 2833 3452 facit?
2859 3416 2960 3453 non
3002 3411 3055 3456 et
3096 3404 3236 3457 aliud
3265 3408 3428 3459 maxi-

1870 3495 2009 3533 ntum
2060 3491 2320 3551 operatur,
2371 3488 2508 3553 quod
2560 3490 2716 3543 etiam
2750 3506 2867 3544 cum
2916 3492 3033 3547 aliis
3078 3497 3429 3552 communicat

1868 3586 1981 3622 cam
2012 3575 2321 3627 scientiam?
2351 3575 2492 3630 Dans
2516 3581 2807 3647 sapientiam
2853 3586 3152 3651 sapientibus
3179 3600 3197 3637 :
3219 3601 3319 3639 non
3365 3588 3428 3641 iis

1868 3664 1953 3729 qui
1982 3673 2131 3717 antea
2179 3667 2440 3733 sapientes
2466 3682 2635 3733 erant,
2684 3672 2774 3724 sed
2822 3674 2885 3725 iis
2930 3675 3117 3742 quibus
3168 3678 3423 3744 sapientia

1869 3753 2037 3807 datur.
2073 3755 2126 3808 Si
2155 3756 2270 3824 quis
2301 3760 2510 3827 sapiens
2535 3776 2637 3814 non
2667 3764 2732 3815 ab
2758 3764 2845 3816 illo
2891 3767 3199 3834 sapientiam
3243 3769 3420 3834 habet,

1866 3845 2075 3910 sapiens
2100 3861 2201 3899 non
2230 3856 2327 3900 est.
2349 3848 2421 3902 Ne
2442 3850 2754 3906 existimetis
2772 3854 3080 3922 sapientiam
3098 3868 3264 3911 artem
3303 3875 3424 3912 esse

1868 3936 2163 3991 Cltaldaicm
2193 3939 2438 4006 regionis.
2477 3940 2540 3994 Ει
2590 3944 2921 4009 prudentiam,
2957 3946 3147 4015 inquit,
3196 3949 3296 4001 illis
3339 3951 3423 4017 qui

1867 4037 2036 4093 petunt
2068 4029 2387 4081 intellectum.
2426 4032 2623 4085 Deinde
2675 4034 2943 4087 videamus
2984 4052 3048 4089 an
3072 4052 3133 4089 ex
3179 4040 3415 4103 scientia,

1865 4132 1929 4167 an
1958 4132 2019 4169 ex
2048 4127 2232 4171 natura
2263 4118 2461 4173 Danieli
2509 4121 2559 4173 id
2591 4122 2833 4176 adfuerit.
2868 4125 3069 4179 Etenim
3113 4128 3269 4181 etiam
3321 4130 3421 4183 hoc

1866 4206 1991 4259 dicit
2024 4206 2084 4260 :1
2094 4226 2177 4276 pse
2202 4212 2383 4263 revelat
2405 4214 2657 4281 profunda
2684 4224 2727 4267 et
2748 4216 3055 4273 abscondita.
3109 4219 3221 4273 Non
3264 4222 3415 4287 dixit,

1864 4296 2066 4350 Invenit
2094 4317 2105 4350 :
2135 4300 2246 4364 sed,
2282 4301 2481 4354 Revelat
2525 4304 2640 4358 aliis
2664 4321 2779 4373 qua:
2809 4308 3060 4376 profunda
3102 4311 3251 4365 nobis
3291 4323 3419 4365 sunt

1865 4396 1910 4439 et
1936 4390 2242 4454 abscondita,
2276 4407 2393 4459 qua;
2423 4394 2576 4462 longo
2606 4405 2839 4463 tempore
2862 4398 3161 4463 dissociata,
3195 4416 3418 4471 quaeque

1863 4478 2062 4530 occulta
2085 4488 2251 4531 erant.
2280 4480 2590 4549 Cognoscens
2610 4499 2719 4549 qua:
2740 4484 2791 4535 in
2822 4484 3029 4538 tenebris
3066 4489 3344 4542 exsistunt:
3372 4501 3418 4543 et

1864 4567 1951 4618 tua:
1976 4584 2085 4619 cum
2110 4585 2164 4619 eo
2186 4578 2275 4622 est.
2311 4570 2436 4623 Vide
2478 4572 2599 4639 quid
2642 4573 2800 4627 dicat.
2842 4578 3289 4640 Quemadmodum
3346 4583 3420 4635 ait

1866 4656 2023 4709 David
2058 4674 2068 4706 :
2100 4658 2241 4710 Sicut
2280 4661 2488 4713 tenebras
2508 4664 2634 4731 ejus,
2661 4665 2731 4715 ita
2774 4676 2821 4717 et
2857 4667 3022 4720 lumen
3062 4669 3168 4737 ejus
3215 4669 3235 4741 (
3270 4669 3416 4724 Psal.

1866 4745 1982 4798 138.
2032 4744 2116 4815 2).
2171 4748 2575 4817 Magnitudinem
2623 4755 2934 4821 cognitionis
2982 4758 3263 4826 significat,
3318 4776 3413 4815 seu

1863 4836 1981 4902 quia
2008 4836 2128 4889 licet
2164 4838 2382 4891 obscura
2405 4840 2541 4906 sint,
2583 4842 2653 4895 illi
2684 4843 2839 4896 nulla:
2867 4855 2987 4898 sunt
3011 4849 3238 4903 tenebrae
3259 4890 3274 4913 ,
3323 4865 3414 4904 seu

1862 4928 1980 4995 quia
2012 4929 2121 4996 ipse
2150 4944 2331 4982 eorum
2364 4930 2534 4985 lumen
2569 4944 2667 4987 est.
2696 4934 2967 5001 Quomodo
3009 4941 3274 5005 cognoscit
3300 4956 3416 5008 qua:

1864 5018 1915 5072 in
1967 5020 2194 5073 tenebris
2234 5022 2569 5089 sunt?Quasi
2611 5025 2697 5091 qui
2744 5039 2921 5079 secum
2973 5028 3146 5081 lumen
3204 5030 3411 5086 habeat.

1865 5110 1986 5164 Cum
2008 5129 2062 5164 eo
2088 5126 2155 5166 cst
2178 5130 2386 5182 semper.
2418 5118 2651 5169 Humano
2678 5118 2835 5171 modo
2866 5119 3111 5187 loquitur.
3165 5121 3309 5177 Sicut
3338 5126 3416 5178 ni-

1864 5200 1934 5254 hil
1961 5214 2040 5256 est
2068 5204 2398 5257 tenebrosum
2433 5205 2502 5257 illi
2532 5207 2616 5273 qui
2644 5205 2910 5261 lucernam
2938 5224 3211 5267 accensam
3236 5215 3413 5283 habet,

1866 5293 1935 5345 ita
1974 5308 2141 5362 neque
2167 5295 2304 5358 Deo;
2338 5296 2440 5348 imo
2465 5310 2609 5360 vero,
2637 5298 2813 5366 siquid
2831 5302 3052 5369 amplius
3081 5303 3181 5359 dici
3208 5317 3411 5374 potest:

1864 5402 2049 5455 nempe
2070 5388 2202 5440 sicut
2225 5389 2269 5439 ei
2293 5388 2380 5453 qui
2410 5389 2580 5441 lumen
2605 5387 2762 5443 habet
2780 5391 2828 5443 in
2843 5393 3028 5457 oculis,
3046 5403 3098 5447 et
3115 5396 3159 5448 ei
3179 5398 3264 5463 qui
3286 5398 3411 5451 illud

1863 5492 2070 5547 semper
2084 5478 2400 5536 circumfert,
2424 5475 2531 5546 ipsa
2548 5480 2635 5531 lux
2656 5490 2754 5533 est.
2773 5480 2902 5547 Tibi,
2920 5482 3053 5535 Deus
3069 5495 3264 5552 patrum
3283 5503 3415 5539 meo-

1863 5589 1990 5635 rum,
2021 5572 2204 5639 inquit,
2225 5571 2479 5635 conﬁteor,
2499 5579 2543 5621 te
2560 5571 2859 5639 laudo,quia
2874 5574 3167 5641 sapientiam
3202 5579 3413 5630 etintel-

1863 5663 2112 5731 ligentiam
2136 5662 2311 5713 dedisti
2341 5660 2478 5713 mihi.
2510 5660 2809 5730 Opportune
2827 5674 3030 5732 patrum
3048 5664 3129 5718 ltic
3157 5670 3409 5735 meminit,

1864 5770 1958 5827 per
1984 5754 2101 5809 illos
2132 5754 2295 5807 Deum
2323 5752 2550 5823 ﬂectere,
2575 5768 2635 5811 ac
2672 5755 2827 5811 veluti
2866 5755 3059 5824 pudore
3075 5756 3283 5815 afﬁcere
3319 5775 3408 5816 cu-
