4016 6466
574 351 687 409 203

579 722 721 775 mihi.
765 723 932 788 Quam
958 734 1111 778 antea
1148 723 1372 779 habebat
1408 727 1629 780 scilicet.
1660 725 1724 778 Et
1750 743 1881 780 nunc
1905 736 2021 780 nota
2059 731 2138 798 [e-

575 813 685 865 cisti
710 813 832 866 mihi
855 829 965 883 qua:
991 815 1268 882 rogavimus
1294 825 1357 870 te.
1402 816 1696 871 Verisimile
1725 817 1930 871 videtur
1950 818 2139 874 Danie-

573 903 679 958 lcm
707 905 864 959 etiam
898 905 998 959 alia
1025 907 1255 975 petiisse,
1297 906 1427 960 adeo
1463 916 1519 960 ut
1544 908 1900 977 conjecturam
1932 925 2137 980 quoque

572 993 648 1047 illi
673 995 809 1049 Deus
833 996 1092 1051 indicarit.
1117 996 1205 1051 25.
1231 1017 1248 1049 ι
1277 997 1427 1066 Quia,
1458 1017 1478 1049 ›
1513 1000 1698 1068 inquit,
1728 1018 1746 1052 ι
1774 1004 2034 1057 scmnium
2053 1019 2136 1058 re-

568 1086 651 1154 gis
714 1087 1056 1143 manifestasti
1094 1091 1242 1143 mihi.
1290 1090 1380 1146 24.
1441 1092 1505 1146 Et
1544 1096 1718 1147 statim
1767 1095 1908 1149 venit
1952 1097 2133 1151 Daniel

570 1177 635 1230 ad
666 1178 980 1245 Ariochum,
1025 1195 1182 1249 quem
1215 1182 1576 1249 constituerat,
1612 1203 1630 1235 ι
1671 1184 1872 1254 inquit,
1909 1203 1927 1236 ι
1956 1201 2045 1239 rex
2078 1195 2135 1240 ut

572 1268 817 1333 perderet
843 1271 1106 1338 sapientes
1139 1271 1440 1342 Babylonis,
1485 1283 1538 1326 et
1576 1273 1704 1328 dixit
1744 1275 1792 1330 ei
1820 1293 1833 1328 :
1860 1276 2132 1344 Sapientes

568 1357 849 1428 Babylonis
878 1374 944 1413 ne
972 1359 1196 1429 perdas;
1229 1361 1471 1417 introduc
1499 1372 1674 1418 autem
1703 1380 1787 1420 me
1823 1366 1873 1418 in
1903 1380 2129 1437 conspe-

566 1457 709 1502 ctum
751 1451 910 1519 regis,
956 1460 1008 1504 ct
1052 1454 1371 1507 annuntiabo
1425 1455 1533 1524 regi
1571 1456 1930 1524 conjecturam
1967 1457 2128 1510 visio-

567 1542 668 1594 nis.
705 1559 724 1593 ι
753 1539 998 1596 Cucurrit
1022 1542 1087 1596 ad
1108 1559 1248 1611 eum,
1280 1553 1334 1599 et
1353 1545 1455 1599 ait:
1488 1545 1753 1617 Sapientes
1773 1547 2045 1619 Babylonis
2071 1567 2131 1604 ne

566 1632 769 1701 perdas.
816 1632 1068 1699 Quisnam
1101 1634 1168 1690 de
1220 1637 1322 1690 illis
1366 1652 1544 1693 curam
1587 1637 1897 1695 habuisset?
1939 1641 2129 1710 ASpice

564 1720 834 1790 prophetas
865 1722 1242 1779 humanitatem
1284 1741 1347 1780 ac
1386 1729 1863 1785 mansuetudinem.
1909 1730 2012 1786 Sed
2037 1747 2129 1785 au-

563 1810 706 1865 ditus
729 1825 834 1868 non
870 1812 1074 1877 fuisset,
1115 1814 1215 1870 nisi
1241 1823 1294 1870 et
1332 1816 1457 1872 illud
1485 1817 1807 1874 addidisset:
1838 1821 2127 1876 «introduc

564 1915 672 1967 me,
702 1919 721 1953 ι
756 1901 942 1971 inquit,
975 1921 994 1955 i
1021 1913 1074 1958 et
1102 1906 1421 1961 annuntiabo
1447 1909 1557 1978 regi
1582 1908 1941 1978 conjecturam
1969 1911 2126 1968 visio-

563 1989 664 2044 nis.
690 1989 781 2046 25.
808 1990 954 2046 Tunc
987 1993 1265 2059 Ariochus,
1299 2014 1320 2048 ι
1352 1997 1538 2067 inquit,
1573 2017 1592 2051 ί
1619 1999 1906 2055 introduxit
1932 2002 2123 2057 Danie-

562 2081 669 2138 lem
692 2082 744 2137 in
773 2081 1110 2139 festinatione
1138 2085 1190 2140 in
1232 2098 1568 2156 conspectum
1599 2091 1736 2160 regis
1763 2101 1816 2146 et
1843 2091 2011 2145 dixit:
2043 2092 2125 2146 ln-

559 2175 680 2229 veni
703 2174 877 2229 virum
905 2174 971 2230 de
999 2175 1118 2230 filiis
1153 2177 1468 2245 captivitatis
1497 2177 1714 2244 Judaaaa,
1745 2181 1832 2249 qui
1854 2182 2122 2250 conjectu-

558 2281 673 2322 ram
700 2267 1028 2322 annnntiabit
1055 2268 1187 2338 regi.
1218 2269 1292 2324 De
1341 2268 1465 2324 filiis
1505 2271 1837 2339 captivitatis,
1860 2291 1879 2325 ι
1931 2273 2118 2343 inquit,

563 2373 587 2409 ι
618 2355 790 2411 inveni
820 2357 1009 2412 virum.
1048 2375 1066 2409 ι
1101 2356 1212 2412 Νοη
1253 2357 1437 2428 puduit
1464 2361 1692 2430 generis.
1731 2360 1831 2416 Ubi
1873 2363 2012 2416 enim
2040 2364 2121 2417 in-

555 2445 759 2501 cumbit
780 2447 1068 2502 necessitas
1093 2448 1277 2517 major,
1311 2448 1440 2503 nihil
1468 2450 1651 2504 horum
1683 2452 1996 2522 requiritur;
2025 2453 2117 2508 sed

558 2535 742 2602 fastus,
773 2535 861 2606 qui
900 2537 1033 2590 solet
1071 2538 1307 2592 comitari
1348 2541 1762 2609 prosperitatem,
1799 2551 1937 2597 totus
1974 2557 2118 2598 com-

552 2627 815 2699 primitur.
846 2628 944 2695 Qui
975 2629 1114 2684 enim
1141 2637 1377 2698 :cgrotat,
1401 2631 1590 2686 medici
1623 2633 1948 2689 nobilitatem
1965 2650 2116 2688 num-

551 2734 706 2789 quam
745 2721 950 2774 curiose
977 2720 1231 2790 inquirct;
1273 2728 1326 2774 et
1365 2721 1469 2775 alio
1504 2721 1553 2775 in
1585 2723 1817 2792 periculo
1854 2726 2113 2780 exsistens

551 2809 712 2864 homo
739 2825 844 2863 non
873 2819 1075 2877 sataget
1097 2825 1162 2864 an
1189 2811 1397 2874 nobilis,
1427 2827 1491 2865 an
1518 2828 1643 2866 vero
1663 2813 1730 2867 de
1758 2814 1910 2882 plebe
1930 2817 1997 2868 sit
2024 2816 2113 2871 ille

549 2900 637 2969 qui
652 2914 772 2954 eum
790 2912 814 2950 a
828 2898 1081 2964 periculis
1099 2900 1167 2953 sit
1195 2910 1490 2968 erepturus,
1531 2901 1624 2956 sed
1659 2918 1821 2956 unum
1844 2904 2114 2958 dumtaxat

547 2998 768 3060 qureret,
799 2989 1046 3043 nimirum
1078 2989 1458 3045 liberationem.
1492 2990 1619 3058 Quis
1653 3007 1758 3046 non
1800 2992 1999 3061 pudore
2029 2993 2110 3046 af-

545 3078 716 3134 fectus
765 3079 967 3148 fuisset,
1009 3081 1126 3150 quis
1164 3096 1268 3135 non
1306 3082 1621 3148 erubuisset,
1665 3097 1888 3137 cernens
1925 3097 2110 3138 omnes

546 3170 729 3238 patriae
768 3187 879 3226 sua:
913 3171 1179 3240 sapientes
1220 3171 1466 3238 interﬁci,
1497 3172 1734 3241 captivos
1761 3187 1889 3227 vero
1917 3171 2104 3237 inﬂari,

544 3267 597 3313 et
623 3259 692 3315 de
713 3275 770 3315 se
789 3260 1064 3330 magnifice
1091 3262 1324 3316 sentire?
1361 3261 1722 3332 Nequaquam.
1751 3263 1951 3316 llorum
1979 3263 2108 3317 nihil

543 3351 658 3420 ipse
683 3351 931 3421 cogitavit
961 3368 976 3405 :
1007 3352 1102 3406 sed
1130 3351 1354 3406 festinus
1378 3359 1434 3406 et
1461 3353 1548 3407 ille
1577 3354 1799 3418 vocavit,
1833 3363 1886 3408 et
1913 3354 1999 3407 hic
2031 3354 2109 3407 in-

542 3441 846 3512 terrogavit,
879 3456 983 3496 non
1009 3443 1233 3512 amplius
1262 3457 1383 3497 cum
1409 3442 1590 3497 eadem
1622 3444 1938 3512 arrogantia.
1969 3443 2109 3498 Post-

538 3545 700 3601 quam
737 3531 878 3587 enim
920 3545 1012 3586 rex
1057 3531 1326 3586 convictus
1368 3540 1449 3585 est
1491 3547 1585 3601 per
1610 3533 2014 3600 experientiam,
2050 3548 2107 3589 se

539 3621 793 3677 inutiliter
839 3637 902 3677 ac
939 3620 1098 3676 stulta
1129 3621 1455 3690 perquirere,
1500 3620 1624 3690 quid
1658 3621 1762 3676 ait?
1805 3622 1893 3676 26.
1928 3621 1990 3674 Et
2023 3639 2105 3676 re-

539 3713 742 3779 spondit
770 3727 857 3765 rea:
879 3752 893 3776 ,
925 3720 972 3765 et
1005 3711 1132 3763 dirit
1161 3709 1362 3763 Danieli
1381 3751 1395 3772 ,
1437 3714 1581 3779 cujus
1621 3727 1800 3763 nomen
1829 3710 2062 3765 Baltasar
2088 3728 2107 3765 :

541 3801 758 3856 Potesne
799 3801 921 3854 mihi
964 3802 1250 3854 renuntiare
1287 3801 1531 3853 somnium
1557 3801 1688 3870 quod
1725 3801 1843 3862 vidi,
1868 3810 1912 3854 et
1937 3803 2104 3870 conje-

539 3905 734 3948 cturam
761 3895 869 3963 ejus
890 3893 915 3947 ?
942 3892 1140 3962 Majore
1160 3907 1278 3946 cum
1301 3892 1514 3946 lenitate
1533 3891 1762 3947 disserit.
1794 3891 1910 3946 Non
1931 3891 2061 3945 dixit
2087 3909 2100 3923 ·

541 3985 598 4040 Si
627 4000 732 4040 non
760 3984 1010 4053 potueris,
1039 3983 1221 4037 eadem
1247 3999 1365 4053 qua:
1393 3983 1481 4037 alii
1527 3983 1759 4052 patieris.
1784 3983 1918 4049 Quid
1949 3984 2106 4052 igitur

545 4074 768 4129 Daniel?
794 4074 882 4128 27.
918 4091 936 4124 ‹
971 4073 1040 4126 Et
1061 4073 1330 4141 respondit
1357 4073 1541 4127 Daniel
1566 4088 1744 4127 coram
1774 4087 1918 4143 rege,
1946 4082 2000 4127 et
2026 4072 2105 4126 di-

542 4165 616 4218 xit
643 4181 660 4218 :
685 4163 1012 4235 Mysterium,
1050 4161 1186 4232 quod
1216 4177 1309 4216 rex
1335 4162 1608 4231 perquirit,
1643 4179 1746 4216 non
1781 4173 1863 4217 est
1891 4164 2102 4232 sapien-

542 4266 677 4321 tum,
703 4269 1005 4335 ntagorum,_
1028 4253 1434 4318 iueantotorum,
1460 4266 1558 4307 nec
1596 4253 1982 4307 Gazarenorum
2013 4268 2105 4322 po-

544 4354 706 4401 testas
731 4344 1042 4398 annuntiare
1071 4341 1181 4412 regi
1212 4358 1225 4395 :
1252 4341 1340 4397 28.
1369 4341 1461 4395 sed
1489 4350 1568 4396 est
1596 4340 1730 4395 Deus
1767 4341 1817 4394 in
1841 4341 1992 4407 caelo,
2015 4343 2103 4410 qui

542 4436 742 4493 revelat
766 4435 1015 4505 mysteria
1046 4451 1060 4486 :
1091 4444 1143 4488 et
1169 4444 1290 4486 acta
1326 4433 1446 4487 fecit
1473 4433 1582 4501 regi
1604 4431 2105 4486 Nabuchodonosori

545 4545 663 4600 qua:
705 4536 943 4598 oporteat
992 4526 1102 4581 fieri
1147 4527 1196 4579 in
1233 4527 1528 4580 novissimis
1579 4523 1781 4580 diebus.
1820 4545 1838 4577 ι
1873 4525 2102 4582 Observa

546 4619 871 4691 prudentiam
909 4617 1194 4688 prophetce.
1219 4615 1331 4670 Non
1352 4616 1482 4670 dixit
1514 4617 1709 4679 statim,
1747 4616 1968 4670 Possum
2008 4631 2106 4670 an-

546 4709 790 4764 nuntiare
817 4707 907 4761 tibi
933 4723 945 4759 :
983 4706 1075 4760 sed
1101 4705 1240 4775 quod
1277 4715 1398 4759 ante
1426 4705 1599 4759 onmia
1628 4705 1901 4774 oportebat
1926 4720 2102 4774 regem

542 4799 702 4863 scire,
730 4796 781 4852 id
807 4795 957 4850 dicit.
981 4795 1298 4864 Mysteiium,
1325 4795 1509 4864 inquit,
1538 4795 1668 4860 quod
1691 4812 1779 4848 rea:
1806 4795 2100 4864 interrogat,

537 4887 806 4957 sapientes,
838 4883 990 4953 magi,
1021 4883 1370 4947 incontatores,
1411 4882 1654 4936 (ἔρωτ’εηὶ
1684 4892 1928 4950 nequeant
1967 4884 2102 4936 indi-

541 4991 657 5030 care
683 4975 828 5045 regi:
854 4984 923 5028 est
952 4973 1087 5026 Deus
1109 4974 1161 5026 in
1191 4973 1312 5025 caelo
1336 4973 1420 5040 qui
1457 4975 1636 5025 ret'elat
1676 4975 1929 5048 mysteria.
1961 4975 2103 5044 Apo-

541 5068 732 5137 logiam
759 5066 879 5121 facit
901 5080 994 5134 pro
1014 5065 1078 5119 iis
1098 5064 1186 5133 qui
1207 5063 1398 5132 injuste
1424 5064 1579 5117 occisi
1609 5064 1833 5128 fuerant,
1856 5074 1908 5118 et
1927 5073 2101 5119 osten-

541 5158 621 5212 dit
650 5172 752 5210 non
782 5170 840 5210 se
866 5170 983 5210 esse
1019 5156 1107 5223 qui
1146 5169 1258 5208 rem
1291 5153 1535 5224 explicet.
1587 5153 1700 5208 Non
1744 5154 1879 5218 ideo,
1914 5155 2096 5224 inquit,

544 5247 652 5304 dixi
674 5246 811 5301 istud
834 5259 1105 5315 magorum
1133 5259 1237 5298 non
1265 5258 1403 5310 esse,
1432 5253 1489 5298 ut
1525 5258 1610 5298 me
1639 5244 1806 5311 ipsum
1849 5243 1953 5297 illis
1990 5245 2099 5297 cla-

540 5339 738 5393 riorem
765 5335 1030 5398 facerem;
1061 5333 1154 5387 sed
1184 5343 1238 5386 ut
1280 5333 1474 5400 discas,
1518 5333 1659 5402 quod
1699 5348 1867 5401 neque
1908 5347 2003 5401 ego
2048 5333 2100 5386 id

541 5426 830 5480 secundum
861 5425 1140 5477 humanam
1167 5432 1405 5475 naturam
1449 5421 1675 5491 profero.
1709 5422 1770 5473 At
1798 5432 1867 5474 est
1892 5418 2027 5473 Deus
2046 5424 2100 5474 in

537 5517 683 5571 mlo.
707 5516 819 5570 Non
849 5516 953 5571 illic
979 5515 1143 5569 Deum
1173 5513 1466 5578 concludit;
1495 5513 1588 5568 sed
1608 5522 1872 5582 tamquam
1894 5513 1958 5567 ad
1983 5512 2101 5568 bar-

539 5609 724 5663 barum
748 5607 959 5662 interim
980 5606 1233 5674 loquitur,
1259 5619 1483 5674 eumque
1506 5619 1534 5658 a
1566 5613 1702 5659 terra
1721 5604 1968 5659 abducit:
1995 5620 2097 5660 non

542 5699 674 5753 sicut
700 5697 772 5754 dii
801 5697 960 5753 vestri
994 5697 1080 5766 qui
1125 5695 1262 5750 circa
1295 5703 1490 5751 terram
1530 5694 1845 5748 volutantur.
1884 5693 1945 5747 Et
1983 5704 2098 5749 natu

1284 345 1337 400 S.
1379 344 1653 402 JOANNIS
1687 345 2156 405 CIIRYSOSTOMI
2195 349 2508 408 ARCHIEP.
2547 353 3075 415 CONSTANTINOP.

579 457 732 522 piens
761 471 774 510 :
807 455 1245 526 quemadmodum
1286 459 1330 512 si
1358 458 1472 526 quis
1505 459 1554 512 in
1581 459 1888 512 memoriam
1927 459 2144 529 alicujus

575 542 716 600 acris
728 545 995 610 amatoris,
1009 560 1215 600 amores
1231 546 1524 601 reduceret.
1541 545 1807 617 Conﬁteor,
1828 547 2008 617 inquit,
2025 563 2144 616 gra-

579 634 678 688 tias
691 649 807 704 ago,
825 644 870 689 et
888 633 1057 702 laudo,
1071 635 1186 707 quia
1206 637 1498 705 sapientiam
1514 648 1557 690 et
1574 637 1949 706 intelligentiam
1964 637 2143 692 dedisti

3707 373 3832 429 204

2249 462 2365 529 fecit
2400 465 2503 533 regi
2545 464 3027 524 Nabuchodonosori
3065 487 3178 541 qua:
3202 475 3372 543 [litura
3398 475 3494 527 sint
3531 475 3580 529 in
3624 478 3831 532 ultimis

2249 555 2562 622 temporibus.
2614 556 2759 623 Vide,
2806 575 2898 628 per
2941 561 3215 630 aenigmata
3255 563 3529 629 edisserit;
3562 574 3619 618 et
3649 575 3828 621 totam

2246 657 2510 697 summam
2538 645 2751 701 visionis
2778 649 2828 702 in
2867 651 3084 704 exordio
3113 653 3530 720 comprehendit,
3561 657 3831 725 regisque

2243 741 2471 787 mentem
2517 746 2737 804 recreat,
2776 737 2901 792 dum
2929 739 3057 794 nihil
3099 757 3275 810 grave,
3315 758 3482 812 neque
3522 746 3828 800 molestum

2242 820 2448 876 cffatur.
2485 841 2504 874 ι
2532 824 2807 881 Somnium
2845 836 3010 896 tuum,
3037 848 3056 881 ι
3083 831 3270 900 inquit,
3309 849 3327 883 ‹
3355 842 3406 886 et
3448 833 3684 888 visiones
3729 850 3830 888 ca-

2242 915 2362 982 pitis
2393 916 2463 969 tui
2491 916 2543 969 in
2566 918 2723 971 cubili
2752 928 2840 973 tuo
2869 937 2882 971 :
2911 919 3012 974 hoc
3038 931 3121 975 est
3152 939 3164 976 :
3193 922 3283 976 29.
3315 923 3671 993 Cogitationes
3706 936 3826 980 tua:

2241 1005 2291 1058 in
2320 1006 2492 1060 cubile
2532 1016 2674 1060 tuum
2717 1009 3086 1077 ascenderunt,
3121 1013 3242 1081 quid
3273 1021 3510 1082 oporteat
3537 1014 3657 1069 fieri
3687 1025 3824 1083 post

2241 1092 2373 1149 hare.
2397 1095 2461 1148 Et
2486 1097 2570 1165 qui
2594 1099 2791 1152 revelat
2811 1101 3078 1170 mysteria,
3104 1102 3348 1156 indicavit
3375 1103 3466 1156 tibi
3494 1118 3613 1172 quae
3642 1119 3823 1172 opor-

2239 1195 2344 1240 teat
2369 1187 2498 1241 fieri.
2540 1207 2560 1240 ›
2596 1189 2671 1243 Ex
2701 1190 2840 1259 vulgi
2869 1191 3115 1260 opinione
3139 1193 3388 1262 loquitur,
3419 1195 3563 1262 quasi
3594 1199 3821 1248 somnia

2237 1293 2394 1348 super
2421 1288 2576 1349 caput
2600 1290 2738 1335 stent
2778 1281 3010 1352 (Homer.
3039 1281 3115 1338 Il.
3156 1282 3218 1336 Β.
3247 1283 3354 1353 ΞΟ)
3380 1325 3394 1351 ,
3429 1299 3517 1338 seu
3551 1285 3702 1354 quod
3742 1286 3823 1339 ibi

2236 1369 2304 1423 sit
2327 1370 2668 1425 ratiocinandi
2705 1373 2804 1438 vis,
2847 1387 2942 1428 seu
2980 1388 3077 1442 per
3110 1384 3268 1442 caput
3307 1375 3543 1445 designat
3568 1377 3768 1430 oculos
3804 1396 3821 1432 :

2234 1467 2293 1513 ut
2315 1460 2470 1527 dicat,
2495 1461 2573 1516 Tu
2598 1463 2867 1531 prtebuisti
2893 1478 3123 1519 causam.
3162 1464 3269 1520 Nec
3313 1467 3619 1534 simpliciter
3645 1466 3818 1533 dixit,

2234 1549 2373 1604 Deus
2399 1550 2492 1603 tibi
2535 1551 2907 1619 manifestavit,
2945 1554 3057 1618 sed,
3099 1553 3376 1623 Cogitabas
3400 1555 3523 1624 quid
3562 1555 3820 1612 futurum

2232 1648 2370 1694 esset
2392 1651 2510 1708 post
2535 1643 2665 1695 haec.
2689 1643 2817 1709 Quia
2841 1644 2979 1697 enim
3009 1643 3190 1698 orbem
3220 1653 3475 1699 terrarum
3504 1646 3814 1713 devicerat,

2231 1729 2506 1798 reputabat
2530 1746 2729 1796 secum,
2761 1747 2886 1785 num
2913 1731 2979 1785 ad
3018 1731 3211 1787 liberos
3250 1733 3361 1802 ipse
3393 1749 3608 1804 regnum
3657 1747 3818 1791 esset

2231 1817 2670 1885 transmissurus,
2707 1821 2818 1874 sive
2851 1835 2918 1874 an
2963 1822 3251 1875 moriturus
3287 1831 3444 1876 esset.
3496 1823 3626 1877 Nam
3663 1828 3819 1881 solet

2230 1907 2619 1977 quodammodo
2643 1911 2946 1980 magnitudo
2977 1911 3181 1980 imperii
3205 1913 3362 1967 etiam
3392 1929 3488 1968 nos
3517 1913 3718 1969 ducere
3750 1917 3813 1970 in

2227 1997 2542 2052 oblivionem
2573 2007 2791 2062 naturze,
2821 2009 2871 2053 et
2898 2000 3035 2069 quod
3081 2002 3316 2056 mortalis
3356 2018 3415 2057 ea
3462 2004 3549 2057 sit.
3593 2003 3813 2058 Verisi-

2225 2086 2350 2139 mile
2380 2086 2534 2155 igitur
2559 2095 2641 2142 est
2669 2088 2838 2156 illum,
2869 2103 2986 2143 cum
3015 2090 3283 2145 incidisset
3311 2091 3359 2144 in
3382 2091 3591 2161 pelagus
3621 2102 3678 2146 et
3715 2095 3810 2147 in-

2225 2173 2428 2229 finitam
2456 2177 2842 2233 multitudinem
2869 2177 3074 2233 fortiter
3103 2195 3163 2233 ac
3193 2180 3442 2248 prreclare
3470 2198 3498 2234 a
3529 2196 3587 2234 se
3613 2191 3809 2251 gesto-

2224 2279 2361 2330 rum,
2390 2280 2492 2318 non
2531 2265 2812 2320 admodum
2858 2267 3144 2321 credidisse
3184 2270 3491 2322 moriturum
3539 2284 3660 2324 esse
3709 2285 3804 2325 se.

2223 2353 2365 2406 idem
2396 2370 2599 2424 quoque
2625 2369 2811 2425 passus
2840 2365 2921 2409 est
2943 2356 3078 2409 alius
3109 2373 3197 2410 rex
3231 2356 3559 2427 (o).ldeoque
3597 2369 3651 2412 et
3676 2361 3798 2427 qui-

2222 2441 2340 2495 dam
2371 2442 2434 2496 ad
2462 2445 2629 2511 ipsum
2658 2444 2863 2498 dicebat
2894 2463 2906 2495 :
2952 2445 3025 2498 Tu
3061 2462 3173 2499 vero
3209 2449 3354 2500 homo
3404 2464 3473 2513 es,
3516 2466 3614 2501 non
3649 2450 3806 2504 Deus

2224 2533 2433 2602 (Ezech.
2472 2535 2558 2589 28.
2587 2535 2640 2604 9.)
2668 2552 2684 2589 :
2722 2537 2786 2590 ad
2828 2537 3039 2607 Tyrium
3085 2553 3273 2608 nempe
3301 2538 3538 2607 laqueus.
3571 2540 3638 2593 Et
3668 2542 3800 2596 vide

2218 2623 2480 2693 quomodo
2529 2625 2724 2694 absque
2770 2627 2982 2680 vulnere
3029 2627 3196 2695 ipsum
3253 2628 3610 2696 reprehendit.
3669 2630 3794 2684 Non

2217 2715 2356 2769 enim
2378 2714 2525 2777 dixit,
2557 2715 2668 2770 Iloc
2693 2716 2985 2785 sn5pieatus
3020 2733 3076 2772 es
3109 2732 3171 2771 ac
3208 2720 3470 2787 sperasti:
3501 2720 3614 2783 sed,
3653 2721 3797 2785 Quid

2217 2816 2406 2873 Oportet
2428 2806 2536 2872 ﬁeri
2575 2817 2682 2875 post
2721 2808 2865 2859 haec?
2889 2811 2990 2861 ista
3024 2819 3198 2863 mente
3227 2811 3480 2879 agitabas,
3509 2826 3571 2862 ac
3612 2819 3794 2866 tecum

2221 2895 2500 2963 reputabas
2525 2911 2538 2948 :
2570 2895 2817 2963 quidnam
2857 2897 3055 2951 scilicet
3085 2899 3312 2951 futurum
3341 2907 3502 2953 esset.
3542 2897 3607 2952 In
3634 2900 3797 2952 cubili

2217 2995 2318 3040 tuo.
2349 2984 2479 3039 Cum
2509 2987 2679 3040 nullus
2706 2999 2845 3042 esset
2871 2989 2958 3057 qui
2987 2988 3325 3055 obturbaret,
3356 2989 3450 3044 sed
3490 2993 3702 3046 animus
3729 2991 3789 3046 in

2213 3078 2389 3146 quiete
2448 3087 2782 3144 versaretur;
2834 3080 3042 3148 quando
3093 3081 3355 3151 praecipue
3403 3083 3790 3150 cogitationum

2214 3171 2362 3224 turba
2401 3185 2496 3224 nos
2536 3171 2756 3236 invadit,
2801 3172 2976 3240 quiete
3019 3181 3174 3241 atque
3214 3174 3325 3226 otio
3371 3173 3613 3228 abutens.
3661 3173 3792 3228 ideo

2212 3259 2389 3313 multis
2416 3275 2528 3313 mos
2554 3269 2634 3314 est
2666 3269 2872 3330 tempus
2900 3261 3026 3314 illud
3065 3262 3116 3315 in
3146 3262 3383 3316 oratione
3414 3276 3736 3318 consumere
3768 3281 3782 3318 :

2211 3348 2330 3415 quia
2353 3348 2544 3401 scilicet
2574 3357 2694 3401 tunc
2715 3350 2918 3403 animus
2943 3350 3173 3415 otiatur;
3194 3361 3245 3405 et
3275 3365 3518 3419 magnum
3541 3352 3784 3420 capimus

2211 3437 2601 3503 detrimentum,
2628 3439 2670 3491 si
2711 3449 2832 3493 tunc
2870 3439 3070 3494 inertia:
3101 3455 3195 3493 nos
3236 3440 3559 3495 dederimus.
3606 3442 3671 3494 Et
3697 3445 3785 3512 qui

2210 3531 2392 3584 revelat
2420 3532 2669 3599 mysteria,
2701 3531 2935 3584 indicavit
2962 3532 3048 3584 tibi
3072 3547 3185 3601 qua:
3213 3542 3434 3601 Oporteat
3460 3534 3590 3600 ﬁeri.
3622 3536 3783 3604 ASpi—

2210 3633 2292 3681 ce,
2324 3619 2509 3672 iterum
2533 3619 2642 3686 jam
2687 3618 2778 3673 Dei
2815 3622 3072 3673 meminit.
3100 3621 3206 3675 Nec
3245 3621 3295 3674 id
3339 3622 3646 3692 vulgariter.
3679 3625 3788 3679 Sed

2211 3709 2316 3762 illic
2351 3709 2560 3778 quidem
2602 3711 2675 3762 ait
2714 3728 2729 3759 :
2768 3728 2786 3760 ι
2816 3710 2912 3777 Qui
2951 3721 3029 3764 est
3079 3713 3130 3766 in
3175 3713 3335 3777 cmlo;
3369 3732 3387 3764 ι
3434 3712 3522 3769 hic
3560 3721 3780 3770 autem:

2215 3816 2234 3848 ι
2269 3799 2364 3863 Qui
2403 3799 2598 3852 revelat
2636 3800 2930 3870 mysteria.)
2955 3801 3038 3856 50.
3053 3802 3114 3854 Et
3157 3801 3285 3856 mihi
3327 3810 3502 3856 autem
3554 3819 3661 3858 non
3692 3818 3782 3858 sa-

2211 3888 2422 3956 pientia,
2447 3905 2561 3956 qua:
2582 3889 2637 3942 fit
2663 3891 2713 3942 in
2738 3906 2822 3944 me
2844 3906 2951 3959 pra:
2968 3892 3210 3945 omnibus
3235 3893 3549 3958 viventibus,
3578 3905 3782 3964 myste-

2208 3975 2341 4029 rium
2387 3975 2485 4030 hoc
2519 3977 2806 4031 revelatum
2851 3988 2932 4032 est
2973 3996 2985 4031 :
3029 3978 3121 4032 sed
3169 3991 3224 4031 ut
3263 3979 3626 4048 conjecturam
3669 3984 3779 4051 regi

2209 4065 2454 4130 indicem,
2510 4075 2561 4121 et
2605 4075 2661 4120 nt
2707 4077 2993 4136 cognOScas
3028 4069 3368 4137 cogitationes
3410 4069 3586 4123 cordis
3617 4072 3714 4123 tui.
3755 4089 3780 4121 ι

2208 4157 2431 4211 Tantum
2460 4173 2562 4211 non
2585 4158 2765 4211 dicens
2788 4174 2800 4209 :
2825 4157 2981 4226 Origo
3011 4159 3326 4211 inventionis
3352 4173 3456 4211 non
3483 4169 3567 4213 est
3595 4174 3624 4211 a
3649 4175 3736 4214 me
3759 4178 3773 4212 :

2208 4248 2302 4301 sed
2334 4263 2501 4316 neque
2530 4249 2581 4300 in
2620 4262 2683 4301 eo
2713 4247 2825 4314 ipso
2852 4247 2989 4316 quod
3025 4262 3137 4301 rem
3189 4254 3380 4316 praeter
3412 4247 3546 4302 alios
3579 4248 3782 4302 didice-

2211 4337 2329 4401 rim,
2358 4338 2562 4390 caeteris
2611 4337 2968 4405 praeferendus
3007 4352 3141 4390 sum.
3191 4337 3301 4391 Non
3343 4339 3484 4391 enim
3523 4340 3644 4406 quia
3693 4355 3780 4393 me

2209 4428 2500 4495 sapientem
2527 4441 2644 4480 esse
2681 4427 2909 4495 agnovit,
2948 4426 3001 4479 id
3030 4427 3169 4480 Dens
3201 4426 3337 4480 fecit.
3370 4425 3425 4480 Si
3454 4427 3596 4482 enim
3633 4436 3780 4497 post-

2207 4532 2364 4585 quam
2396 4517 2490 4569 ista
2530 4516 2749 4572 dixisset
2781 4515 2981 4580 Daniel,
3025 4515 3193 4584 ipsum
3242 4523 3297 4568 ut
3337 4515 3500 4570 Deum
3539 4516 3782 4569 adoravit

2207 4623 2335 4661 rex:
2364 4607 2484 4676 quid
2511 4608 2552 4660 si
2581 4606 2632 4660 id
2663 4607 3002 4676 proloqnutus
3033 4622 3136 4660 non
3175 4606 3389 4661 fuisset?
3424 4607 3528 4660 Sed
3559 4619 3781 4677 propter

2209 4705 2277 4759 te,
2311 4696 2494 4765 inquit.
2537 4696 2613 4749 Tu
2661 4696 2788 4748 mihi
2832 4697 3027 4765 gratias
3069 4695 3264 4751 habere
3302 4711 3406 4750 non
3451 4697 3635 4763 debes,
3682 4697 3780 4752 sed

2208 4801 2302 4855 ego
2328 4786 2415 4839 tibi
2444 4803 2456 4837 :
2485 4794 2540 4840 nt
2570 4785 2707 4838 enim
2737 4795 2789 4839 tu
2815 4785 3153 4854 intelligeres,
3182 4800 3281 4855 ego
3308 4785 3486 4840 didici.
3514 4785 3692 4840 Cerne
3724 4795 3782 4838 ut

2207 4875 2351 4928 illum
2389 4874 2630 4928 conciliet
2677 4875 2805 4937 Deo,
2846 4885 2899 4927 et
2935 4884 2990 4928 ut
3033 4875 3264 4928 futurum
3293 4874 3428 4928 circa
3460 4890 3581 4929 eum
3612 4875 3782 4928 mira-

2205 4966 2400 5029 culum,
2461 4968 2586 5020 item
2634 4979 2871 5018 amorem
2921 4965 3282 5019 vehementem
3325 4979 3447 5035 erga
3485 4979 3640 5028 eum,
3687 4979 3780 5032 per

2208 5057 2634 5126 anticipationem
2682 5057 2789 5110 Deo
2821 5056 3072 5125 assignet.
3120 5055 3219 5122 Qui
3243 5057 3383 5110 enim
3427 5053 3648 5109 edoctus
3675 5063 3780 5118 est,

2209 5147 2345 5216 quod
2379 5147 2518 5200 Deus
2538 5146 2590 5199 in
2619 5145 2872 5198 honorem
2901 5145 3060 5213 ipsius
3088 5146 3138 5199 id
3167 5147 3291 5214 egit,
3323 5143 3674 5212 proculdubio
3705 5145 3781 5197 illi

2205 5235 2512 5289 conciliatus
2535 5243 2634 5288 est.
2657 5233 2730 5287 Te
2751 5234 2941 5302 magis,
2957 5233 3142 5303 inquit,
3171 5232 3464 5297 honoravit,
3488 5247 3647 5299 quam
3671 5246 3777 5286 me.

2209 5324 2368 5379 Vides
2405 5338 2561 5393 quam
2609 5322 2915 5378 ambitiosus
2951 5338 3056 5377 non
3092 5323 3163 5378 sit
3195 5321 3426 5392 juvenis,
3465 5331 3627 5391 utque
3673 5337 3777 5376 non

2269 5519 2652 5594 (αλὲιιοδειὲυξη
2667 5519 2904 5594 ιῑὶπηὶεῖιιξη·
2919 5520 3183 5594 Nemetis
3206 5517 3389 5594 issit?!
3403 5517 3781 5594 ,Τὶξςράρτεξμεν

2205 5578 2290 5642 qui
2311 5578 2370 5629 ad
2393 5588 2505 5642 patr.
2531 5579 2578 5638 2,
2589 5578 2672 5642 Ῐιϐ,
2687 5579 3188 5642 Nabuchodonosorem
3205 5580 3574 5642 interpretatur.
3593 5583 3781 5642 Rectius

2200 5637 2264 5691 a'd
2281 5641 2451 5705 Ezech.
2581 5640 2626 5705 2,
2647 5641 3034 5705 principemjryri
3062 5640 3294 5705 agnoscit.
3315 5637 3484 5688 Aflinis
3501 5650 3638 5690 error
3651 5641 3781 5705 apud

2206 5702 2471 5766 Origenem
2494 5702 2576 5750 lib.
2595 5701 2623 5749 4
2646 5700 2709 5749 de
2733 5700 2990 5762 Principiis,
3011 5713 3112 5761 cap.
3140 5701 3186 5747 2.
