4016 6458
229 485 327 538 καὶ
377 482 510 536 ἄλλα
567 480 820 544 ἀξιῶσαι,
870 479 1009 531 ὥστε
1059 477 1149 530 καὶ
1183 475 1275 544 τὴν
1335 474 1611 544 σύγκρισιν
1648 473 1794 541 αὐτῷ

230 569 515 638 γνωρίσαι.
575 569 693 619 Ὅτι
740 566 803 619 τὸ
856 566 1042 633 ὅραμα
1098 561 1201 617 τοῦ
1243 561 1582 625 βασιλέως,
1631 559 1796 628 φησὶ,

228 656 562 725 ἐγνώρισάς
598 673 721 724 μοι.
781 653 892 707 Kal
919 655 1136 717 εὐθέως
1188 647 1333 719 ἦλθε
1389 647 1607 715 Δανιὴλ
1655 645 1800 713 πρὸς

243 740 467 808 Ἀριὼχ,
495 739 566 793 ὃν
601 739 951 806 κατέστησε,
998 737 1150 806 φησὶ,
1193 740 1225 790 ό
1252 733 1548 800 βασιλεὺς
1584 731 1800 786 ἀπολέ-

231 841 338 878 σαι
384 825 525 890 τοὺς
570 825 799 891 σοφοὺς
840 821 1211 885 Βαϐυλῶνος,
1266 820 1360 872 καί
1407 815 1573 872 εἶπεν
1604 816 1796 878 αὐτῷ’

237 911 386 976 Τοὺς
417 910 645 978 σοφοὺς
666 909 1016 972 Βαϐυλῶνος
1039 906 1124 975 μὴ
1158 905 1463 972 ἀπολέσῃς
1487 921 1499 934 ’
1527 903 1800 970 εἰσάγαγε

231 999 303 1052 δέ
329 1016 406 1066 με
452 997 705 1051 ἐνώπιον
734 999 836 1051 τοῦ
864 994 1186 1060 βασιλέως,
1226 993 1321 1047 καί
1372 989 1682 1061 ἀπαγγελῶ
1722 987 1800 1054 τῷ

229 1084 486 1148 ,ϐασιλεῖ
519 1084 634 1150 τὴν
678 1085 996 1152 σύγκρισιν
1030 1081 1134 1133 τοῦ
1184 1080 1494 1148 ὁράματος.
1559 1077 1799 1148 Ἐδραμε

235 1173 374 1241 πρὸς
401 1172 562 1224 αὐτὸν
591 1172 679 1222 καί
704 1187 832 1239 φησι
861 1187 872 1197 ·
912 1167 1053 1232 Τοὺς
1077 1167 1307 1236 σοφοὺς
1329 1163 1680 1227 Βαϐυλῶνος
1711 1162 1797 1231 μὴ

232 1259 571 1326 ἀπολέσῃς.
624 1259 718 1320 Τίς
767 1258 832 1310 ἂν
877 1257 1188 1326 ἐφρόντισεν
1243 1253 1504 1318 ἐκείνων;
1560 1252 1700 1322 Ὅρα
1740 1252 1800 1304 τὸ

237 1345 617 1415 φιλάνθρωπον
652 1346 744 1396 καὶ
766 1344 968 1412 ἥμερον
999 1339 1090 1393 Tus
1115 1341 1409 1409 προφήτου.
1451 1338 1586 1390 Ἀλλ’
1607 1338 1704 1390 οὐκ
1735 1339 1800 1390 ἂν

235 1431 502 1502 ἠκούσθη,
531 1432 578 1483 εἰ
608 1430 679 1500 μὴ
723 1431 937 1482 κάκεῖνο
967 1427 1300 1498 προσέθηκεν
1321 1443 1333 1456 ο
1381 1424 1671 1492 Είσάγαγέ
1701 1441 1798 1493 με,

239 1521 397 1591 φησί,
431 1519 529 1573 καί
569 1516 884 1587 ἀπαγγελῶ
930 1515 1008 1580 τῷ
1034 1514 1284 1578 βασιλεῖ
1324 1513 1437 1578 τὴν
1485 1514 1804 1578 σύγκρισιν

237 1609 347 1662 τοῦ
375 1607 682 1674 ὁράματος.
723 1607 858 1658 Τότε
897 1603 1120 1671 Ἀριὼχ,
1163 1602 1344 1672 φησὶν,
1390 1598 1666 1667 εἰσήγαγε
1698 1599 1804 1652 τὸν

239 1695 466 1762 Δανιὴλ
513 1697 580 1747 ἐν
632 1692 873 1760 σπουδῇ
919 1691 1172 1745 ἐνώπιον
1205 1690 1311 1743 τοῦ
1347 1687 1670 1753 βασιλέως,
1707 1686 1804 1740 καί

237 1784 407 1835 εἶπεν
463 1781 657 1844 αὐτῷ’
713 1779 950 1846 Εὕρηκα
999 1777 1184 1844 ἄνδρα
1234 1775 1301 1828 ἐκ
1349 1775 1467 1827 τῶν
1505 1772 1647 1828 υἱῶν
1697 1772 1807 1841 τῆς

237 1869 650 1937 αἰχμαλωσίας
681 1865 789 1933 τῆς
837 1865 1136 1928 Ἰουδαίας,
1194 1864 1358 1927 ὅστις
1399 1862 1466 1915 τὸ
1512 1863 1807 1930 σύγκριμα

239 1954 565 2022 ἀναγγελεῖ
586 1949 945 2018 τῷβασιλεῖ.
983 1949 1114 2003 Ἀπὸ
1143 1948 1258 2002 τῶν
1286 1948 1430 2001 υἰῶν
1453 1945 1562 2015 τῆς
1594 1949 1804 2015 αἰχμα-

239 2042 489 2106 λωσίας.
541 2039 721 2109 φησὶν,
775 2038 998 2104 εὕρηκα
1035 2034 1238 2102 ἄνδρα.
1294 2034 1406 2087 Οὐκ
1458 2033 1696 2104 ᾐσχύνθη
1747 2033 1809 2086 τὸ

239 2129 418 2196 γένος.
458 2129 623 2180 Ὅταν
662 2126 768 2196 γὰρ
817 2127 1026 2192 ἀνάγκη
1064 2123 1330 2176 ἐπίκειται
1378 2122 1598 2190 μείζων,
1659 2121 1808 2174 οὐδὲν

237 2217 444 2269 τούτων
471 2214 732 2284 ζητεῖται,
779 2211 890 2264 ἀλλ’
929 2212 955 2263 ὁ
985 2208 1150 2277 τῦφος
1184 2209 1212 2260 6
1243 2210 1300 2260 ἐν
1340 2210 1458 2270 ταῖς
1493 2207 1808 2277 εὐημερίαις

241 2303 387 2364 ἄπας
423 2299 857 2354 καταστέλλεται.
902 2296 1009 2349 Kal
1054 2293 1161 2364 γὰρ
1192 2295 1219 2347 6
1244 2293 1413 2345 νοσῶν
1445 2294 1544 2346 οὐκ
1579 2295 1643 2347 ἄν
1680 2310 1806 2346 ποτε

235 2389 333 2441 τοῦ
371 2386 554 2456 ἰατροῦ
585 2386 680 2455 τὴν
707 2383 985 2453 εὐγένειαν
1025 2380 1460 2451 περιεργάσαιτο,
1503 2380 1596 2432 καὶ
1637 2378 1808 2441 ἄλλως

237 2475 563 2527 κινδυνεύων
583 2472 864 2541 ἄνθρωπος
885 2469 981 2521 οὐκ
1003 2466 1068 2520 ἂν
1094 2465 1683 2535 πολυπραγμονήσειεν,
1702 2465 1808 2516 εἴτε

238 2559 591 2629 εὐπατρίδης,
619 2559 728 2610 εῐτε
764 2558 792 2610 6
826 2554 1002 2623 τυχὼν
1032 2553 1116 2624 εἴη
1147 2554 1174 2604 6
1215 2553 1422 2622 μέλλων
1464 2551 1625 2604 αὐτὸν
1652 2551 1810 2620 ἐξαρ-

237 2648 433 2709 πάζειν
466 2646 572 2696 τῶν
601 2642 877 2702 κινδύνων,
903 2641 1014 2692 ἀλλ’
1040 2641 1097 2692 ἐν
1132 2639 1288 2707 μόνον
1312 2638 1480 2706 ζητεῖ,
1514 2638 1609 2708 τὴν
1640 2637 1810 2690 ἀπαλ-

233 2733 430 2801 λαγήν.
475 2731 568 2793 Τίς
594 2729 691 2782 οὐκ
718 2728 782 2782 ἂν
809 2726 1087 2796 αἰσχυνθῇ,
1129 2726 1212 2788 τίς
1248 2726 1345 2778 οὐκ
1384 2725 1448 2778 ἂν
1493 2724 1807 2795 ὲρυθριάσῃ,

236 2819 381 2887 ὀρῶν
411 2819 534 2878 τοὺς
568 2816 664 2885 μὲν
703 2817 758 2869 ἐν
791 2818 855 2884 τῇ
885 2813 1096 2881 πατρίδι
1133 2813 1336 2874 πάντας
1369 2812 1805 2880 ἀναιρουμένους,

235 2907 364 2969 τοὺς
384 2906 440 2958 66
478 2902 850 2974 αἰχμαλώτους
880 2901 1246 2971 φυσωμένους,
1274 2900 1368 2952 καὶ
1393 2899 1533 2970 μέγα
1554 2900 1808 2972 φρονοῦν-

233 3010 372 3058 ταςς
409 2992 569 3044 Οὐδὲν
607 2989 827 3050 τούτων,
873 2988 1020 3041 οὐδὲν
1072 2987 1232 3049 αὐτὸς
1272 2987 1569 3056 ἐνενόησεν,
1611 2985 1722 3038 ἀλλ’
1750 2989 1807 3039 ἐν

238 3078 446 3147 σπουδῇ
511 3077 760 3138 κάκεῖνος
806 3073 1056 3136 ἐκάλεσε,
1119 3073 1213 3125 καὶ
1286 3066 1438 3133 οὗτος
1508 3070 1805 3141 ἠρώτησεν.

234 3163 422 3217 οὐκέτι
457 3162 593 3232 μετὰ
624 3162 719 3229 τῆς
753 3161 917 3226 αὐτῆς
943 3157 1212 3219 ἀπονοίας.
1261 3157 1475 3225 Ἐπειδὴ
1508 3157 1615 3227 γὰρ
1648 3158 1808 3226 ἠλέγ-

236 3251 341 3320 χθη
368 3250 454 3303 διὰ
490 3250 588 3318 τῆς
616 3247 806 3317 πείρας
842 3246 1041 3314 ἀνόηττ
1076 3245 1153 3314 Η.
1185 3243 1449 3314 ἀνόνητα]
1498 3246 1526 3297 6
1559 3244 1807 3313 βασιλεὺς

236 3335 530 3404 ἐπιζητῶν,
558 3335 609 3387 τί
643 3350 800 3402 φησι;
833 3332 942 3384 Kal
971 3331 1256 3398 ἀπεκρίθη
1289 3333 1320 3383 ὁ
1350 3329 1668 3398 βασιλεὺς,
1706 3333 1804 3386 καί

235 3417 406 3476 εἶπεν
447 3419 527 3485 τῷ
563 3418 804 3484 Δανιὴλ,
852 3415 921 3472 οὗ
978 3416 1044 3469 τὸ
1107 3417 1292 3484 ὄνομα
1345 3420 1688 3488 Βαλτάσαρ·
1736 3422 1806 3473 Εἰ

235 3506 499 3560 δύνασαί
546 3523 645 3574 μοι
692 3502 1032 3572 ἀναγγεῖλαι
1079 3501 1144 3554 τὸ
1185 3503 1487 3568 ἐνύπνιον,
1538 3506 1569 3558 ὃ
1617 3502 1800 3569 εἶδον,

237 3593 337 3645 καὶ
386 3593 501 3659 τὴν
555 3593 871 3659 σύγκρισιν
920 3589 1102 3643 αὐτοῦ
1128 3607 1146 3653 ;
1208 3591 1360 3643 Μετὰ
1410 3591 1650 3658 πλείονος
1705 3595 1804 3664 τῆς

237 3680 536 3740 ἐπιεικείας
556 3679 875 3744 διαλέγεται.
908 3677 1021 3728 Οὐκ
1048 3672 1216 3729 εἶπεν
1243 3678 1340 3729 "Av
1370 3678 1443 3747 μὴ
1460 3679 1707 3750 δυνηθῇς,
1735 3683 1804 3736 τὰ

237 3766 377 3818 αὐτά
405 3765 585 3833 πείσῃ.
618 3764 680 3814 Τί
709 3758 799 3815 οὖν
829 3764 856 3814 6
877 3762 1071 3832 Δανιὴλ
1096 3780 1109 3827 ;
1138 3763 1243 3815 Kal
1267 3763 1555 3832 ἀπεκρίθη
1581 3767 1802 3834 Δανιὴλ

235 3849 489 3904 ἐνώπιον
522 3849 624 3902 τοῦ
666 3849 986 3913 βασιλέως,
1026 3849 1121 3901 καί
1150 3846 1310 3901 εἶπε·
1349 3849 1417 3902 Τὸ
1448 3852 1799 3919 μυστήριον,

237 3937 272 3989 ὃ
304 3939 337 3990 ό
361 3935 654 4000 βασιλεὺς
675 3933 946 4001 ἐπιζητεῖ,
989 3937 1099 3988 οὐκ
1152 3936 1282 3988 ἔστι
1326 3936 1550 4004 σοφῶν.
1576 3939 1799 4010 μάγων,

235 4022 551 4084 ἐπαοιδῶν,
619 4019 972 4088 Γαζαρηνῶν
1025 4021 1272 4088 δύναμις
1335 4022 1674 4091 ἀναγγεῖλαι
1725 4024 1802 4091 τῷ

228 4107 508 4174 ,Βασιλεῖ-
542 4107 684 4161 ἀλλ’.
699 4108 829 4160 ἐστι
855 4106 997 4170 Θεὸς
1020 4106 1088 4158 ἐν
1113 4106 1342 4172 οὐρανῷ
1366 4108 1802 4162 ἀποκαλύπτων

229 4194 556 4263 μυστήρια,
619 4192 717 4244 καί
777 4191 1060 4260 ἐγνώρισε
1096 4189 1174 4255 τῷ
1213 4192 1463 4254 ,βασιλεῖ
1500 4197 1798 4264 Ναϐουχο-

235 4282 491 4349 δονόσορ
518 4281 556 4333 ἅ
578 4279 671 4333 δεῖ
688 4279 960 4347 γενέσθαι
983 4279 1074 4330 ἐπ’
1104 4279 1371 4347 ἐσχάτων
1402 4281 1517 4334 τῶν
1546 4283 1794 4351 ἡμερῶν.

237 4368 383 4437 Ὅρα
429 4366 640 4419 σύνεσιν
694 4365 786 4418 τοῦ
837 4366 1134 4435 προφήτου.
1195 4366 1305 4419 Οὐκ
1363 4362 1512 4420 εἶπεν
1559 4371 1794 4433 εὐθέως·

235 4453 478 4521 Δύναμαι
537 4450 863 4518 ἀπαγγεῖλαί
907 4467 1020 4502 σοι·
1082 4451 1192 4502 ἀλλ’
1239 4451 1267 4503 ὃ
1311 4451 1414 4521 πρὸ
1451 4454 1661 4527 πάντῳν
1691 4456 1795 4510 ἔδει

238 4537 431 4608 μαθεῖν
485 4537 572 4590 τὸν
607 4536 848 4606 βασιλέα,
903 4535 1059 4588 τοῦτο
1108 4536 1270 4606 λέγει.
1324 4538 1393 4591 Τὸ
1438 4543 1792 4610 μυστήριον,

235 4625 389 4692 φησὶ,
433 4622 462 4675 6
503 4627 535 4676 ό
559 4622 855 4686 βασιλεὺς
902 4622 1182 4689 ἐπερωτᾷ,
1235 4626 1342 4676 οὐκ
1394 4625 1523 4679 ἔστι
1567 4629 1792 4696 σοφῶν,

229 4709 456 4778 μάγων,
481 4707 790 4770 ἐπαοιδῶν,
817 4705 1168 4773 Γαζαρηνῶν
1189 4709 1435 4776 δύναμις
1454 4713 1795 4780 ἀναγγεῖλαι

235 4793 316 4858 τῷ
342 4794 616 4857 βασιλεῖ·
666 4794 795 4846 ἐστι
840 4791 980 4857 Θεὸς
999 4793 1068 4844 ἐν
1095 4793 1322 4859 οὐρανῷ
1361 4796 1796 4852 ἀποκαλύπτων

230 4878 551 4947 μυστήρια.
605 4879 972 4945 Ἀπολογεῖται
1016 4878 1152 4949 ὑπὲρ
1208 4879 1314 4932 τῶν
1356 4883 1538 4945 κακῶς
1583 4886 1793 4958 ἀναιρε-

235 4964 455 5026 θέντων,
485 4964 694 5027 δεικνύς
716 4966 812 5016 οὐκ
838 4964 996 5016 αὐτὸν
1015 4963 1140 5016 ὅντα
1165 4965 1252 5016 τὸν
1284 4965 1522 5033 λέγοντα.
1548 4968 1664 5039 [2H
1679 4972 1695 5041 J
1718 4973 1790 5024 Οὐ

233 5049 325 5104 διὰ
350 5050 522 5114 τοῦτο,
549 5051 699 5118 φησὶ,
723 5046 892 5112 εἷπον,
923 5051 1001 5102 ὅτι
1025 5051 1121 5102 οὐκ
1151 5051 1262 5102 ἐστι
1288 5054 1475 5120 μάγων
1505 5056 1677 5118 τοῦτο,
1707 5058 1792 5111 ἵνα

234 5136 470 5204 ἐμαυτὸν
503 5136 720 5188 ἐκείνων
753 5135 1123 5204 λαμπρότερον
1147 5135 1320 5199 δείξω,
1343 5138 1454 5190 ἀλλ’
1482 5141 1562 5192 ἵνα
1594 5143 1789 5216 μάθῃς,

234 5222 316 5272 ὅτι
345 5221 461 5273 0666
499 5221 606 5288 ἐγὼ
636 5219 774 5273 κατὰ
814 5219 1151 5290 ἀνθρωπίνην
1196 5221 1335 5290 λέγω
1391 5225 1566 5292 φύσιν.
1640 5231 1788 5283 Ἀλλ’

233 5307 367 5360 ἔστι
403 5307 544 5372 Θεὸς
586 5308 654 5359 ἐν
695 5305 941 5373 οὐρανῷ.
984 5307 1094 5359 Οὐκ
1138 5308 1252 5360 ἐκεῖ
1285 5311 1576 5377 συγκλείων
1607 5317 1786 5380 αὐτὸν,

234 5395 346 5448 ἀλλ’
376 5395 450 5458 ὼς
481 5395 612 5464 πρὸς
650 5395 917 5467 βάρδαρον
962 5393 1095 5456 τέως
1132 5395 1523 5467 διαλεγόμενθςν
1563 5403 1654 5453 καὶ
1693 5407 1789 5474 τῆς

232 5481 338 5550 γῆς
370 5482 618 5548 ἀπάγων,
646 5483 742 5549 οὐχ
771 5479 842 5543 ὼς
867 5480 915 5531 οἱ
946 5477 1194 5548 ὑμέτεροι
1217 5483 1263 5532 οἰ
1295 5484 1420 5553 περὶ
1440 5486 1539 5554 γῆν
1575 5491 1789 5557 στρεφό.

238 5584 406 5634 μενοι.
441 5568 546 5620 Kal
570 5566 849 5636 ἐγνώρισε
881 5565 960 5631 τῷ
995 5559 1240 5628 βασιλεῖ
1265 5571 1788 5644 Ναϐουχοδονόσορ

235 5650 273 5704 ἄ
296 5651 388 5704 δεῖ
414 5651 681 5720 γενέσθαι
715 5651 804 5704 ἐπ’
824 5650 1092 5719 ἐσχάτων
1111 5651 1224 5705 τῶν
1239 5656 1488 5720 χρόνων.
1542 5660 1696 5730 Ὅρα,
1720 5663 1784 5714 δι’

238 5737 566 5807 αἰνιγμάτων
597 5736 761 5805 λέγει,
794 5744 884 5790 καὶ
912 5736 968 5789 τὸ
1003 5738 1102 5789 πᾶν
1141 5739 1425 5807 κεφάλαιον
1468 5745 1562 5815 τῆς
1615 5747 1783 5817 ὅψεως

1603 359 1667 414 IN
1703 353 2068 412 DANIELEM.

3357 361 3470 418 204

1904 474 2289 544 περιλαμϐάνει
2320 475 2375 527 ἐν
2405 478 2514 541 τοῖς
2560 480 2880 549 προοιμίοις,
2929 477 3020 530 καὶ
3050 474 3256 544 ἀνίησιν
3298 471 3460 527 αὐτοῦ

1900 559 1998 630 τὴν
2030 559 2284 625 διάνοιαν,
2334 561 2483 617 οὐδὲν
2533 566 2802 636 φορτικὸν,
2840 563 2957 616 οὐδὲ
3000 559 3232 631 ἐπαχθὲς
3262 558 3456 625 λέγων·

1906 648 1971 700 Τὸ
2003 648 2287 702 ἐνύπνιόν
2326 665 2460 715 σου,
2489 653 2638 721 φησί,
2666 651 2764 705 καί
2788 654 2846 704 al
2878 648 3116 718 δράσεις
3143 646 3251 713 τῆς
3283 660 3463 712 κεφα-

1900 732 2016 800 λῆς
2044 748 2159 786 σου
2182 735 2278 787 ἐπὶ
2307 734 2413 802 τῆς
2439 738 2641 804 κοίτης
2687 752 2801 791 σου
2829 753 2842 767 ·
2890 734 3218 797 τουτέστιν,
3247 734 3300 785 οἰ
3332 730 3457 783 6(a-

1899 820 2176 888 λογισμοί
2212 835 2326 873 σου
2353 819 2450 873 ἐπὶ
2487 821 2596 888 τῆς
2637 823 2836 886 κοίτης
2875 836 2988 873 σου
3031 817 3350 882 ἀνέϐησαν,
3401 815 3459 867 τι

1899 905 1994 958 δεῖ
2030 906 2304 974 γενέσθαι
2347 907 2497 975 μετὰ
2536 907 2738 960 ταῦτα.
2785 907 2890 959 Kal
2942 909 2974 958 ό
3023 903 3460 957 ἀποκαλύπτων

1895 992 2218 1060 μυστήρια,
2251 991 2533 1061 ἐγνώρισέ
2553 1009 2650 1046 σοι
2671 993 2708 1046 ἃ
2729 992 2822 1046 δεῖ
2843 993 3134 1060 γενέσθαι.
3177 989 3332 1042 Κατὰ
3363 989 3460 1055 τὴν

1901 1076 2008 1129 τῶν
2037 1076 2244 1128 πολλῶν
2279 1077 2531 1129 ὑπόνοιαν
2566 1078 2886 1146 διαλέγεται,
2922 1077 2994 1140 ὼς
3041 1077 3176 1147 ὑπὲρ
3221 1072 3458 1143 κεφαλῆς

1901 1161 2008 1214 τῶν
2039 1163 2260 1234 ὀνείρων
2313 1163 2632 1232 ἱσταμένων,
2675 1165 2706 1234 ἢ
2743 1166 2817 1226 ὡς
2859 1166 2974 1217 ἐκεῖ
3015 1162 3105 1216 τοῦ
3154 1158 3458 1229 λογιστικοῦ

1902 1250 2070 1314 δντος,
2100 1250 2131 1320 ἢ
2173 1251 2272 1319 τῆς
2298 1251 2556 1321 κεφαλῆς,
2586 1253 2692 1303 τῶν
2724 1251 3031 1320 ὀφθαλμῶν,
3069 1251 3155 1303 ἵνα
3192 1248 3321 1320 εἴπῃ
3343 1264 3356 1277 ·
3383 1246 3456 1300 Σὺ

1903 1333 2172 1406 παρέσχες
2201 1334 2401 1389 αἰτίαν.
2433 1335 2564 1389 Οὐδὲ
2593 1335 2777 1398 ἀπλῶς
2803 1331 2974 1398 εἶπεν,
3003 1337 3084 1387 ὅτι
3126 1336 3183 1387 '0
3201 1333 3330 1396 Θεός
3377 1348 3460 1385 σοι.

1903 1421 2117 1491 ἔφηνεν,
2144 1421 2299 1484 ἀλλὰ,
2317 1422 2622 1490 Διελογίζου
2647 1421 2699 1473 τί
2729 1424 2807 1475 δεῖ
2834 1423 3080 1491 γενέσθαι
3111 1421 3244 1491 μετὰ
3268 1420 3458 1472 ταῦτα.

1916 1507 2127 1577 Ἐπειδὴ
2166 1507 2273 1579 γὰρ
2312 1508 2412 1577 τῆς
2463 1508 2782 1578 οἰκουμένης
2821 1509 3139 1578 ἐκράτησεν,
3192 1507 3462 1574 ἐλογίζετο

1903 1591 2010 1661 ἄρα
2025 1595 2073 1645 εἰ
2099 1594 2176 1654 εἰς
2202 1594 2405 1655 πάντας
2435 1605 2461 1632 ι
2490 1593 2650 1655 αὐτὸς
2671 1593 3020 1664 παραπέμψει
3043 1592 3136 1663 τὴν
3164 1591 3459 1663 βασιλείαν,

1903 1679 1936 1748 ἢ
1965 1679 2292 1747 τελευτήσει.
2326 1678 2494 1732 Εῖωθε
2521 1679 2628 1748 γάρ
2662 1695 2777 1741 πως
2806 1679 2865 1732 τὸ
2906 1678 3129 1749 μέγεθος
3166 1678 3261 1747 τῆς
3289 1675 3462 1747 ἀρχῆς

1905 1765 2115 1834 καὶτῆς
2135 1766 2345 1833 φύσεως
2366 1766 2512 1836 ἡμᾶς
2535 1768 2613 1829 εἰς
2636 1765 2800 1836 λήθην
2817 1767 2990 1833 ἄγειν,
3008 1767 3088 1818 ὅτι
3115 1764 3303 1832 θνητός
3322 1765 3458 1816 ἐστι.

1905 1851 2065 1915 Εἰκὸς
2087 1849 2178 1906 οὖν
2221 1852 2379 1905 αὐτὸν
2419 1854 2498 1915 εἰς
2522 1852 2583 1905 τὸ
2629 1853 2857 1920 πέλαγος
2898 1851 3202 1920 ἐμπεσόντα
3237 1848 3344 1902 τῶν
3370 1849 3461 1901 οἰ-

1907 1938 2064 1992 κείων
2082 1939 2532 2009 κατορθωμάτων,
2559 1940 2633 2010 μὴ
2654 1939 2854 2009 σφόδρα
2869 1937 3140 1991 πιστεύειν
3159 1937 3240 1990 ὅτι
3264 1933 3461 1989 ἀποθα-

1906 2030 2092 2082 νεῖται.
2126 2028 2295 2081 Τοῦτο
2322 2029 2450 2098 γοῦν
2472 2031 2564 2082 καὶ
2580 2030 2664 2082 ἐτε
2675 2045 2760 2098 ρος
2778 2027 2941 2080 ἔπαθε
2963 2023 3228 2096 βασιλεύς.
3254 2023 3342 2076 Διδ
3369 2021 3461 2075 καί

1906 2132 1988 2178 τις
2018 2114 2169 2182 ἔλεγε
2200 2116 2335 2186 πρὸς
2363 2114 2546 2179 αὐτὸν,
2577 2115 2659 2168 Σὺ
2684 2115 2752 2168 δὲ
2775 2113 3079 2181 ἅνθρωπος
3099 2107 3172 2178 εἰ,
3193 2111 3264 2164 οὐ
3295 2108 3458 2175 Θεὸς,

1907 2201 2041 2272 πρὸς
2061 2201 2149 2254 τὸν
2174 2201 2368 2273 Τύριον
2412 2202 2602 2269 λέγων.
2634 2201 2742 2256 Καὶ
2763 2202 2861 2270 ὅρα
2898 2200 3014 2262 πῶς
3051 2199 3219 2269 χωρὶς
3250 2196 3461 2265 πληγῆς

1908 2287 2066 2340 αὐτὸν
2089 2287 2317 2356 ἐλέγχει.
2345 2288 2419 2339 Οὐ
2449 2286 2556 2357 γὰρ
2584 2283 2752 2351 εἶπεν,
2778 2289 2857 2341 ὅτι
2882 2285 3050 2339 Τοῦτο
3082 2283 3457 2345 ὑπώπτευσας,

1907 2375 2057 2438 ἀλλὰ,
2093 2378 2153 2427 Τί
2177 2374 2271 2428 δεῖ
2297 2373 2566 2443 γενέσθαι
2592 2373 2739 2443 μετὰ
2763 2374 2964 2428 ταῦτα.
2998 2371 3181 2426 Ταῦτα
3230 2371 3460 2432 ἐνενόεις

1909 2463 2000 2514 καὶ
2031 2461 2272 2529 ἐλογίζου
2322 2463 2374 2515 τί
2417 2463 2522 2533 ἄρα
2557 2462 2728 2515 ἔσται.
2779 2460 2908 2514 Ἐπὶ
2944 2459 3052 2528 τῆς
3081 2461 3283 2527 κοίτης
3322 2475 3457 2512 σου.

1911 2547 2036 2600 Ὅτε
2063 2549 2234 2611 οὐδεὶς
2262 2550 2289 2601 ὀ
2315 2548 2677 2619 παρενοχλῶν,
2707 2548 2817 2600 ἀλλ’
2841 2549 2896 2600 ἐν
2920 2546 3117 2617 ἠσυχίᾳ
3137 2542 3204 2615 ἦν
3231 2545 3423 2617 ἡψυχὴ
3441 2557 3458 2576 ⁸

1906 2636 1992 2687 ὅτε
2017 2635 2245 2704 μάλιστα
2266 2636 2372 2689 τῶν
2393 2637 2664 2706 λογισμῶν
2688 2652 2716 2688 0
2741 2635 2891 2705 ὄχλος
2916 2637 3042 2706 ἡμῖν
3070 2634 3460 2703 ἐπεισέρχεται,

1906 2723 1970 2789 τῇ
2005 2737 2062 2772 τε
2091 2722 2289 2792 ἡσυχίᾳ
2325 2723 2416 2774 καὶ
2443 2725 2506 2793 τῇ
2543 2723 2708 2794 ἀργία
2755 2721 3156 2794 ἀποχρώμενος.
3186 2719 3282 2772 Διά
3308 2718 3465 2772 τοῦτο

1906 2812 2014 2872 τοῖς
2036 2809 2244 2874 πολλοῖς
2274 2810 2392 2874 ἔθος
2421 2813 2510 2865 τὸν
2539 2811 2723 2882 καιρὸν
2749 2813 2948 2864 ἐκεῖνον
2978 2810 3056 2873 εἰς
3090 2808 3248 2878 εὐχὴν
3284 2806 3464 2861 ἀναλί-

1907 2913 2076 2962 σκειν,
2107 2895 2200 2950 ἅτε
2235 2898 2324 2948 καὶ
2353 2897 2708 2968 σχολαζούσης
2735 2899 2832 2967 τῆς
2862 2898 3055 2967 ψυχῆς,
3093 2895 3184 2949 καὶ
3226 2893 3466 2964 μεγάλης

1905 2983 2069 3056 οὐσης
2093 2987 2191 3057 τῆς
2221 2984 2423 3054 βλάϐης
2451 2985 2543 3038 ἐὰν
2579 2987 2998 3056 ρᾳθυμήσωμεν.
3029 2983 3136 3037 Kal
3163 2985 3195 3036 ό
3238 2983 3462 3035 ἀποκα-

1903 3074 2146 3127 λύπτων
2161 3072 2481 3142 μυστήρια.
2520 3072 2801 3140 ἐγνώρισε
2825 3090 2921 3126 σοι
2966 3072 3003 3124 ἃ
3034 3070 3127 3124 δεῖ
3164 3068 3458 3139 γενέσθαι.

1906 3161 2068 3230 Ὅρα,
2099 3157 2346 3228 δεύτερον
2379 3159 2476 3228 ἢδη
2503 3159 2596 3211 τοῦ
2636 3159 2768 3211 Θεοῦ
2815 3159 3100 3228 μέμνηται,
3148 3157 3240 3209 καὶ
3268 3154 3364 3223 οὐχ
3388 3151 3464 3213 ὡς

1904 3246 2108 3315 ἔτυχεν,
2140 3245 2254 3298 ἀλλ’
2285 3246 2400 3298 ἐκεῖ
2430 3245 2525 3316 μέν
2555 3261 2715 3314 φησι·
2761 3246 2822 3297 '0
2858 3242 2940 3296 ὢν
2973 3244 3041 3296 ὲν
3080 3240 3157 3306 τῷ
3195 3241 3456 3310 οὐρανῷ’

1903 3332 2134 3386 ἐνταῦθα
2162 3331 2236 3399 δέ,
2279 3331 2330 3383 '0
2363 3331 2801 3385 ἀποκαλύπτων
2833 3330 3150 3400 μυστήρια.
3192 3331 3298 3383 Kal
3331 3331 3462 3399 ἐμοί

1903 3418 1970 3472 δὲ
1999 3420 2109 3472 οὐκ
2138 3418 2207 3471 ἐν
2242 3418 2426 3486 σοφίᾳ
2467 3416 2540 3485 τῇ
2566 3418 2718 3484 οὔσῃ
2760 3417 2827 3469 ἐν
2869 3416 2996 3484 ἐμοὶ
3039 3417 3194 3483 παρὰ
3233 3417 3460 3484 πάντας

1902 3505 2042 3570 τοὺς
2071 3506 2285 3570 ζῶντας
2332 3505 2399 3557 τὸ
2445 3504 2779 3572 μυστήριον
2819 3505 2995 3558 τοῦτο
3047 3505 3456 3574 ἀπεκαλύφθη,

1901 3593 2036 3645 ἀλλ’
2062 3592 2266 3645 ἕνεκεν
2297 3591 2401 3644 τοῦ
2437 3591 2549 3657 τὴν
2584 3592 2900 3660 σύγκρισιν
2936 3588 3014 3653 τῷ
3035 3589 3284 3653 ,ϐασιλεῖ
3314 3608 3460 3660 γνω-

1891 3679 2082 3745 ρίσαι,
2104 3679 2199 3731 καί
2216 3679 2312 3730 ἵνα
2334 3674 2486 3746 γνῷς
2505 3677 2644 3741 τοὺς
2657 3677 3075 3745 διαλογισμοὺς
3092 3677 3198 3743 τῆς
3215 3676 3456 3745 καρδίας

1901 3779 2040 3822 σου.
2068 3765 2362 3834 Μονονουχὶ
2413 3763 2615 3832 λέγων’
2659 3764 2722 3816 Ἦ
2749 3764 2888 3834 ἀρχὴ
2935 3765 3035 3833 τῆς
3078 3765 3343 3836 εὑρέσεως
3392 3767 3452 3818 06

1901 3855 2030 3923 παρ’
2055 3852 2209 3922 ἐμοῦ,
2242 3853 2355 3906 ἀλλ’
2377 3851 2497 3904 0666
2523 3849 2652 3904 αὐτὸ
2680 3850 2833 3903 τοῦτο
2875 3851 3003 3920 παρ’
3046 3852 3228 3921 ἐτέρου
3266 3853 3454 3921 μαθεῖν

1900 3939 2058 3992 πλέον
2110 3940 2245 4009 ἔχων
2280 3940 2307 3978 δ
2345 3938 2450 3991 τῶν
2491 3939 2681 3992 ἄλλων.
2731 3938 2862 3989 0666
2911 3937 3016 4008 γὰρ
3061 3938 3245 4008 ἐπειδὴ
3295 3939 3455 4006 σοφὸν

1899 4023 2056 4090 εἶδεν,
2082 4025 2236 4077 τοῦτο
2266 4024 2535 4091 ἐποίησεν.
2570 4024 2630 4075 Εἰ
2663 4023 2767 4093 γάρ
2802 4025 2894 4076 καὶ
2930 4023 3130 4077 τούτων
3155 4025 3454 4095 εἰρημένων

1900 4112 2028 4180 παρ’
2078 4109 2260 4172 αὐτοῦ,
2291 4109 2365 4172 ὡς
2396 4108 2526 4160 Θεὸν
2562 4109 2722 4161 αὐτὸν
2751 4108 3148 4180 προσεκύνησε·
3191 4111 3264 4175 τί,
3296 4113 3342 4162 εἰ
3380 4110 3451 4181 μὴ

1898 4197 2054 4249 τοῦτο
2079 4193 2178 4267 ἧνς
2218 4194 2375 4250 Ἀλλὰ
2398 4195 2484 4248 διὰ
2516 4196 2593 4260 σὲ,
2632 4197 2813 4265 φησίν.
2852 4197 2922 4249 Οὐ
2960 4195 3023 4248 σύ
3051 4196 3197 4268 [ili]
3234 4214 3322 4267 μοι
3353 4197 3452 4266 χά-

1901 4300 1984 4352 ριν
2010 4282 2150 4352 έχειν
2175 4281 2423 4350 ὀφείλεις,
2458 4281 2570 4334 ἀλλ’
2603 4280 2711 4348 ἐγὼ
2745 4282 2856 4334 οοί·
2893 4283 2974 4334 ἵνα
3011 4283 3118 4352 γὰρ
3145 4285 3207 4336 σὺ
3237 4283 3451 4354 μάθῃς,

1898 4367 2098 4438 ἔμαθον
2123 4365 2250 4433 ἐγώ.
2286 4368 2425 4436 Ὅρα
2461 4367 2574 4430 πῶς
2602 4367 2759 4420 αὐτὸν
2783 4369 2970 4421 οἰκειοῖ
2999 4369 3134 4438 πρὸς
3175 4371 3264 4423 τὸν
3297 4371 3447 4436 Θεὸν,

1898 4455 1989 4505 καὶ
2029 4453 2088 4505 τὸ
2138 4451 2326 4520 μέλλον
2358 4451 2539 4520 θαῦμα
2587 4453 2712 4523 περὶ
2762 4453 2921 4507 αὐτὸν
2967 4454 3200 4516 ἔσεσθαι,
3257 4458 3351 4511 καὶ
3389 4459 3449 4511 τὸ

1897 4539 2112 4608 φίλτρον
2145 4537 2424 4608 προλαϐὼν
2461 4539 2740 4608 ἀνατίθησι
2771 4542 2848 4611 τῷ
2875 4541 3009 4611 Θεῷ.
3048 4544 3102 4596 '0
3131 4544 3237 4616 γὰρ
3267 4546 3448 4616 μαθὼν

1895 4625 1974 4676 ὅτι
2006 4623 2173 4692 τιμῶν
2208 4623 2366 4677 αὐτὸν
2399 4627 2427 4678 ὀ
2459 4625 2587 4686 Θεὸς
2620 4625 2774 4678 τοῦτο
2822 4627 3088 4699 ἐποίησεν,
3121 4631 3336 4701 εῦδηλον
3367 4635 3447 4687 ὅτι

1893 4709 2136 4780 ιξικειωθη
2163 4710 2227 4762 ἂν
2257 4710 2421 4780 αὐτῷ.
2468 4711 2534 4762 Σὲ
2578 4711 2772 4780 μᾶλλον
2809 4714 3052 4784 ἐτίμησε,
3081 4719 3284 4787 φησὶ,ἢ
3325 4720 3442 4789 ἐμέ.

1894 4791 2045 4856 Εἶδες
2067 4795 2183 4858 πῶς
2204 4796 2516 4864 ἀφιλότιμος
2540 4800 2566 4849 6
2587 4798 2722 4862 νέος,
2754 4799 2867 4862 πῶς
2899 4800 2957 4852 οὐ
2991 4803 3248 4873 πρότερον
3284 4805 3445 4858 ἆπτε-

1891 4897 1977 4933 ται
2005 4879 2111 4932 τῶν
2141 4882 2415 4950 ῥημάτων,
2441 4883 2543 4945 ἕως
2570 4881 2634 4934 ἂν
2663 4884 2941 4957 ἀποστήσῃ
2981 4888 3140 4940 αὐτὸν
3164 4889 3254 4940 τοῦ
3277 4891 3439 4958 μεγά·

1891 4966 1987 5032 λην
2017 4966 2143 5035 περὶ
2171 4966 2332 5018 αὐτοῦ
2362 4967 2516 5031 δόξαν
2549 4968 2690 5037 ἔχειν
2715 4987 2727 5033 ;
2770 4970 2893 5032 Πῶς
2925 4967 3014 5024 οὖν
3036 4967 3184 5036 οὗτος
3215 4974 3380 5046 ἐθύρα
3415 4988 3437 5015 ο

1889 5050 2114 5115 δύξαν,ὀ
2159 5053 2249 5104 καὶ
2286 5053 2559 5122 διδομένην
2613 5054 2778 5124 αὐτὴν
2823 5056 3278 5127 ἀποκρουόμενος;
3334 5063 3441 5116 Καὶ

1891 5137 1986 5189 οὐκ
2015 5134 2182 5200 εἶπεν,
2227 5138 2442 5208 Ἐπειδὴ
2479 5139 2618 5190 σέϐω
2645 5139 2734 5192 τὸν
2760 5139 2909 5203 Θεὸν,
2949 5144 3129 5215 ἐπειδὴ
3160 5146 3440 5217 θεραπεύω

1890 5223 2049 5275 αὐτὸν
2091 5224 2286 5292 μᾶλλον
2338 5224 2445 5276 τῶν
2484 5225 2677 5288 ἄλλων,
2717 5227 3069 5300 ἀπεκαλύφθη
3113 5233 3254 5300 ἐμοὶ,
3305 5234 3438 5296 ἀλλ’,

1901 5308 2065 5379 ’Υπὲρ
2092 5310 2184 5362 τοῦ
2216 5309 2275 5362 σὲ
2302 5310 2488 5377 μαθεῖν
2514 5309 2542 5361 ὃ
2569 5311 2976 5381 χρησιμώτατον
3005 5311 3090 5386 ἦν.
3109 5315 3310 5370 Ἐκεῖνο
3333 5318 3441 5386 γὰρ

1889 5396 1978 5446 καὶ
2027 5394 2100 5465 μὴ
2139 5395 2398 5460 εἰπόντος,
2437 5395 2716 5464 ἠκολούθει
2761 5402 2828 5469 τῇ
2874 5400 3077 5472 διανοίᾳ
3119 5405 3436 5458 ἀκουόντων.

1941 5640 1960 5713 ξ
1985 5646 2061 5713 lg};
2077 5646 2267 5713 πάντας.
2290 5646 2428 5713 Haud
2449 5649 2596 5700 dubie
2617 5654 2968 5705 emendandum
3000 5658 3180 5713 παῖδας.

1944 5704 1971 5773 1]
1998 5705 2142 5773 ch-.9
2161 5709 2268 5773 «ap:
2293 5709 2526 5773 ἐτέρους...
2555 5713 2668 5773 ἔχω.

1946 5768 1970 5795 ⁸
1994 5766 2050 5815 L.
2072 5767 2226 5829 ἐθήρα.
2252 5766 2383 5831 Lego
2402 5772 2546 5819 etiam
2575 5766 2716 5834 iv'aulo
2737 5783 2846 5826 ante
2869 5775 2951 5824 τοῦ
2974 5780 3194 5840 μεγάλην,
3215 5785 3308 5831 etc.
