4016 6436
566 287 678 343 205

552 400 638 454 Σὺ
684 402 981 470 βασιλεὺς
1033 406 1315 474 ἐθεώρεις,
1366 412 1463 463 καὶ
1524 410 1650 465 ίδοὺ
1709 411 1884 464 εἰκὼν
1924 412 2052 480 μία,
2090 412 2126 479 ἡ

551 489 729 543 εἰκὼν
785 490 986 560 ἐκείνη
1034 494 1292 563 μεγάλη,
1339 496 1435 549 καὶ
1487 499 1524 565 ἡ
1595 501 1894 567 πρόσοψις
1939 498 2127 567 αὐτῆς

553 577 892 648 ὑπερςερὴς
939 579 1178 634 ἑστῶσα
1215 583 1328 650 πρὸ
1373 583 1696 652 προσώπου
1747 601 1883 648 σου,
1940 585 2036 638 καὶ
2090 587 2128 654 τ)

554 663 762 731 ὅρασις
782 667 969 737 αὐτῆς
993 670 1227 739 φοϐερά.
1251 672 1442 726 Εἱκὼν
1465 670 1537 743 ἧς
1560 676 1596 742 ή
1623 675 1853 743 κεφαλὴ
1871 675 2126 743 χρυσίου

554 755 843 822 καθαροῦο
904 763 962 812 αἱ
1007 759 1196 828 χεῖρες
1224 762 1414 829 αὐτῆς
1455 763 1551 816 καὶ
1582 764 1646 816 τό
1677 762 1900 832 στῆθος
1939 765 2037 817 καὶ
2073 767 2127 818 οι

545 843 874 910 ,ϐραχίονες
899 848 1086 915 αὐτῆς
1119 849 1369 917 ἀργυροῖ
1388 868 1401 881 ·
1439 852 1476 918 ἡ
1502 853 1698 905 κοιλιά
1721 851 1911 920 αὐτῆς
1945 852 2042 905 καὶ
2075 855 2128 906 οι

547 930 728 997 μηροὶ
755 933 1003 999 χαλκοῖ·
1047 939 1106 987 αἱ
1130 935 1350 1004 κνῆμαι
1369 937 1641 1005 σιδηραῖ·
1674 942 1727 992 οὶ
1750 939 1930 1005 πόδες
1947 939 2129 1009 μέρος

547 1015 663 1083 μέν
707 1035 760 1071 τι
796 1020 1109 1089 σιδηροῦν.
1150 1023 1330 1091 μέρος
1359 1023 1425 1077 δέ
1461 1043 1512 1078 τι
1548 1026 1924 1094 ὀστράκινον.
1987 1028 2128 1099 Ὅρα

553 1103 712 1168 ποίας
754 1105 930 1174 ὂψεως
978 1108 1180 1179 ἠξιώθη
1218 1109 1701 1184 Ναϐουχοδονόσορ.
1760 1115 1979 1187 Ἐπειδὴ
2022 1115 2128 1186 γὰρ

551 1189 774 1259 ἔμελλεν
816 1194 894 1255 είς
940 1193 1063 1265 ἔθνη
1096 1196 1155 1248 τὸ
1200 1199 1458 1270 κήρυγμα
1499 1200 1845 1266 διαδίδοσθαι,
1891 1219 2129 1273 προανα-

551 1279 804 1349 κρούεται
832 1281 987 1334 τοῦτο
1011 1283 1216 1338 ἀνωθεν
1263 1285 1360 1356 τὴν
1403 1287 1620 1358 ἐθνικὴν
1651 1289 1946 1358 παράδοσιν
1969 1307 1984 1322 ο
2032 1292 2128 1344 καὶ

550 1368 609 1418 ἐν
636 1367 819 1439 ἐθνικῇ
851 1370 1006 1424 τοῦτο
1031 1372 1240 1443 ὁρᾶται,
1275 1375 1366 1428 τοῦ
1399 1375 1528 1428 ναοῦ
1571 1378 1980 1443 καταλυθέντος,
2020 1381 2126 1435 τῶν

548 1455 786 1527 νομικῶν
819 1459 1197 1530 ἀνῃρημένων.
1241 1463 1384 1534 Πλὴν
1415 1464 1500 1517 διά
1545 1465 1805 1535 Ἐϐραίων
1831 1469 2127 1539 ἑρμηνεύε-

548 1561 658 1598 ται.
689 1545 751 1597 El
781 1545 889 1616 γάρ
915 1548 1101 1610 καὶείς
1131 1547 1374 1614 ἐθνικοὺς
1397 1551 1584 1621 ἔμελλε
1618 1553 1961 1619 διαδίδοσθαι,
1988 1557 2124 1611 ἀλλά

547 1630 636 1684 διὰ
680 1632 942 1703 Ἐϐραίων
970 1635 1198 1705 ἀνδρῶν,
1231 1637 1336 1689 τῶν
1362 1640 1688 1694 ἀποστόλων.
1707 1642 1877 1695 Τοῦτο
1909 1645 2002 1697 καὶ
2034 1645 2125 1698 ἐπὶ

547 1719 641 1772 τοῦ
695 1721 994 1791 Κορνηλίου
1037 1723 1251 1790 γέγονε.
1301 1725 1678 1797 Προλαμϐάνει
1725 1731 1794 1784 τὰ
1836 1731 1982 1804 ἔθνη,
2031 1735 2125 1787 καὶ

547 1808 648 1893 ούκ
680 1809 978 1863 ἀκολουθεῖ.
1001 1811 1156 1867 Οὕτω
1188 1815 1281 1867 καὶ
1305 1816 1540 1872 ἐνταῦθα
1573 1819 1672 1889 τὴν
1700 1819 1883 1874 είκόνα
1910 1822 2124 1893 πρῶτος

547 1890 688 1951 εἶδεν
720 1897 748 1948 6
776 1897 1257 1974 Ναϐουχοδονόσορ,
1297 1903 1397 1973 τὴν
1433 1903 1490 1957 δὲ
1533 1906 1732 1972 γνῶσιν
1775 1890 1988 1978 πρῶτος
2017 1907 2121 1964 εἶδε

548 1983 761 2053 Δανιήλ.
795 1985 904 2038 Καὶ
921 1986 985 2038 ἵν’
1012 1989 1155 2058 εἰδῇς
1192 1991 1273 2042 ὅτι
1315 1992 1411 2044 καὶ
1449 1994 1654 2061 πρῶτοι
1698 1995 1792 2048 καὶ
1820 1996 2035 2067 ὕστεροι
2075 2001 2122 2052 οί

559 2070 817 2124 ἰουδαῖοιο
845 2073 1049 2144 πρῶτοι
1071 2076 1138 2129 τὰ
1170 2078 1348 2144 ἀγαθά
1381 2077 1590 2144 ἔλαϐον,
1609 2080 1743 2134 ἀλλά
1775 2085 1876 2136 οὐκ
1907 2085 2122 2154 ᾔδεισαν

544 2157 680 2228 ὅπερ
709 2157 918 2224 ἔλαϐον,
960 2163 1044 2218 ἵνα
1080 2163 1190 2216 ἴσον
1215 2165 1457 2235 γένηται.
1504 2167 1657 2219 Οῦτω
1694 2170 1854 2222 κάκεῖ
1894 2171 1998 2240 πρὸ
2030 2172 2120 2225 τοῦ

547 2245 918 2317 βαπτίσματος
964 2251 1375 2322 κατηξιώθησαν
1435 2255 1772 2324 Πνεύματος.
1824 2258 1977 2310 Οὕτω
2029 2261 2124 2313 καὶ

544 2333 636 2385 ἐπὶ
701 2335 949 2407 Ἀϐραὰμ
997 2338 1187 2409 πρώτη
1233 2341 1265 2410 ὴ
1307 2341 1514 2411 πληθὺς
1555 2343 1741 2414 ἐκείνη
1776 2344 1884 2398 τῶν
1933 2346 2120 2412 ἐθνῶν,

545 2421 746 2494 ὑστέρα
771 2424 826 2476 δὲ
857 2427 886 2492 ἡ
921 2429 1190 2498 περιτομή
1216 2445 1230 2460 ’
1277 2429 1412 2482 ἀλλὰ
1440 2430 1527 2483 διὰ
1563 2433 1859 2501 περιτομῆς
1885 2434 1917 2501 ἠ
1949 2450 2123 2502 σωτη‹

545 2510 656 2579 ρία.
692 2505 858 2564 Εἶπον
886 2513 1056 2567 ταῦτα
1101 2517 1359 2585 μυριάκις
1413 2519 1466 2570 of
1515 2523 1787 2590 προφῆται
1829 2523 1939 2583 τοῖς
1990 2521 2120 2573 Ἰου-

541 2596 731 2662 δαίοις,
765 2600 860 2652 καὶ
904 2603 952 2653 εἰ
1001 2602 1074 2674 μὴ
1119 2603 1287 2673 πολλὴ
1319 2604 1452 2674 παρ’
1497 2606 1625 2673 ὑμῖν
1674 2608 1705 2674 ἡ
1761 2607 1974 2672 νωθεία,
2021 2608 2121 2660 κᾶν

542 2684 867 2756 ἐξεκάλυψα,
894 2688 996 2741 ποῦ
1027 2689 1122 2741 καὶ
1154 2690 1302 2743 πότε.
1351 2691 1567 2762 Ἐπειδὴ
1598 2691 1654 2745 δὲ
1705 2692 1766 2744 οὐ
1813 2695 2120 2762 προσεῖχον,

545 2774 858 2842 μεταϐαίνει
902 2778 981 2839 είς
1018 2777 1085 2830 τά
1127 2777 1251 2846 ἔθνη
1298 2779 1503 2832 λοιπόν.
1570 2779 1880 2842 Ἀκούοντες
1927 2781 2121 2834 ἐκεῖνοι

541 2861 742 2916 τούτων
769 2863 876 2916 τῶν
909 2865 1188 2936 ῥημάτων,
1216 2867 1521 2920 κατέπτυον
1544 2883 1556 2896 ·
1589 2869 1617 2920 6
1653 2866 1862 2930 ἐθνικὸς
1884 2867 2124 2933 ἀκούσας

545 2951 965 3022 προσεκύνησεν.
1019 2955 1158 3025 Ὅρα
1191 2956 1283 3008 καὶ
1316 2953 1382 3008 τά
1431 2956 1524 3008 ἐπὶ
1559 2955 1794 3027 Χριστοῦ
1834 2957 2123 3011 διατυπού-

545 3055 700 3107 μενα.
776 3040 836 3094 Ἦ
884 3043 1169 3105 Χανανῖτις
1215 3045 1539 3115 προσκυνεῖο
1597 3037 1738 3096 οῦτοι
1791 3045 1850 3096 οὐ
1909 3045 2120 3098 ποιοῦσι

539 3126 716 3191 τοῦτο,
758 3129 871 3181 ἀλλ’
924 3130 1253 3185 ἐλαύνουσιν.
1307 3133 1464 3184 υύτω
1518 3133 1611 3185 καὶ
1653 3133 1882 3185 ἐνταῦθα
1926 3134 2119 3186 ἐκεῖνοι

541 3215 738 3285 ἔδησαν
753 3218 842 3270 τὸν
874 3219 1165 3288 Ἱερεμίαν,
1197 3213 1354 3283 οὗτος
1387 3221 1762 3291 προσεκύνησε
1786 3223 1875 3274 τὸν
1902 3225 2116 3295 Δανιὴλ.

544 3303 710 3356 Πάλιν
769 3305 1004 3358 Ἰουδαῖοι
1060 3309 1185 3369 τοὺς
1228 3307 1558 3369 ἀποστόλους
1607 3307 2020 3373 ἀπελαύνουσιν,
2071 3313 2119 3363 οί

542 3390 798 3462 Ἕλληνες
856 3392 1124 3460 λέγουσιν,
1174 3394 1254 3445 ὃτι
1313 3397 1376 3447 Ol
1430 3393 1551 3447 θεοὶ
1591 3394 1930 3462 κατέϐησαν·
1976 3399 2123 3466 πρὸς

537 3480 714 3549 ἡμᾶς.
763 3482 931 3535 Ὅταν
979 3482 1088 3554 γάρ
1133 3484 1166 3554 ἡ
1215 3483 1393 3554 κρίσις
1423 3483 1593 3554 χωρὶς
1625 3483 1830 3547 πάθους
1883 3486 2119 3556 γίνηται,

537 3568 830 3633 ἀδέκαστός
886 3571 1001 3622 ἐστι
1077 3574 1171 3624 καὶ
1227 3571 1465 3642 καθαρά.
1538 3572 1703 3643 Ὀρᾷς
1747 3573 1871 3636 τοὺς
1921 3574 2120 3640 τύπους

537 3655 881 3726 λάμποντας;
913 3657 1000 3709 Ἐν
1029 3657 1309 3710 Βαϐυλῶνι
1330 3658 1398 3710 τὰ
1426 3657 1555 3728 περὶ
1583 3658 1817 3726 Χριστοῦ
1843 3659 2117 3726 ἀκούεται,

539 3743 634 3796 καὶ
671 3743 946 3815 ἀκροατὴς
993 3746 1021 3797 6
1069 3743 1344 3815 βάρϐαρος
1373 3743 1601 3812 γίνεται,
1642 3745 1726 3798 ἵνα
1755 3746 1928 3816 μάθῃς
1953 3749 2033 3800 ὅτι
2058 3751 2117 3801 ού

485 3838 488 3839 ⁷
541 3829 700 3899 μόνον
727 3831 947 3896 ἐθνικοὶ,
976 3830 1110 3884 ἀλλά
1144 3833 1238 3883 καὶ
1279 3830 1544 3901 βάρϐαροι
1571 3829 1740 3883 ταῦτα
1781 3831 2117 3898 ἀκούσονται,

539 3920 725 3991 ὥσπερ
744 3920 893 3992 [215]
910 3923 938 3973 6
960 3921 1168 3984 Παῦλός
1186 3938 1339 3990 φησι·
1391 3921 1728 3990 Ὀερειλέτης
1755 3921 1870 3989 εἰμι
1891 3924 2122 3992 εὐαγγε-

537 4010 825 4066 λίσασθαι
867 4010 1124 4076 Ἕλλησί
1165 4027 1227 4062 τε
1266 4009 1366 4062 καὶ
1399 4008 1740 4077 βαρϐάροις.
1778 4009 1882 4063 Καὶ
1925 4011 2008 4062 ἵνα
2045 4012 2118 4083 μὴ

537 4097 808 4168 ἀπογνῷς,
840 4095 938 4159 τὰς
960 4097 1178 4158 ἐλπίδας
1202 4096 1590 4149 ύποτυποῦται.
1611 4097 1675 4149 Τί
1691 4097 1796 4168 γάρ
1814 4098 1910 4151 ούκ
1936 4094 2001 4169 ἦν
2019 4100 2118 4152 κώ-

538 4184 712 4255 λυμα;
757 4184 814 4237 Ὀ
839 4183 1008 4252 τῦφος
1041 4185 1068 4235 6
1101 4182 1395 4252 βασιλικὸς.
1433 4183 1466 4252 ἡ
1497 4181 1655 4250 φύσις
1682 4185 1878 4255 αὐτὴή
1916 4188 2116 4256 βαρϐα-

544 4272 689 4342 ρικὴ,
716 4272 775 4324 τὸ
806 4271 1020 4334 εὐτελὲς
1061 4270 1153 4323 τοῦ
1190 4269 1436 4338 λέγοντος
1456 4286 1469 4299 ·
1504 4270 1844 4338 αἰχμάλωτος
1869 4273 1974 4341 γὰρ
2003 4269 2070 4342 ἦν
2097 4291 2113 4306 ο

540 4360 573 4429 ὴ
603 4358 782 4426 ἡλικία
807 4375 820 4389 ·
849 4358 966 4420 νέος
989 4358 1095 4428 γάρ
1122 4373 1134 4386 ·
1164 4357 1224 4410 τὸ
1245 4357 1339 4427 τῆς
1359 4357 1652 4428 θρησκείας
1678 4356 1972 4428 ἀλλότριον.
2005 4361 2117 4413 Οὐκ

541 4442 943 4510 εἶπεν,Ἕδεισε
972 4444 1208 4516 προϊδεῖν
1262 4445 1328 4496 τὰ
1364 4444 1451 4506 σὰ,
1477 4443 1574 4515 τὴν
1619 4445 1992 4514 αἰχμαλωσίαν
2020 4449 2116 4517 τῆς

540 4534 783 4596 πόλεως·
839 4534 1022 4586 ἐκεῖνα
1071 4533 1366 4601 ἠγνόησας,
1419 4531 1513 4584 καὶ
1565 4532 1738 4584 ταῦτα
1798 4533 2111 4604 προλέγεις;

544 4621 724 4689 Ἀπερ
776 4620 1023 4688 λέγουσιν
1071 4621 1117 4672 οἱ
1167 4619 1513 4688 ἀγνώμονεςι
1571 4619 1676 4672 ἔδει
1743 4620 1832 4673 τὸν
1883 4621 2114 4692 Χριστὸν

542 4709 841 4776 ἀναστῆσαι
871 4707 1078 4759 ἑαυτόν.
1112 4707 1252 4758 Αὐτὸ
1290 4707 1348 4758 τὸ
1375 4706 1664 4776 λεγόμενον
1697 4708 1987 4776 κατάλυσις
2016 4709 2115 4778 τῆς

544 4795 818 4865 βασιλείας
865 4793 1028 4847 αὐτοῦ
1083 4789 1171 4862 ἦν,
1227 4794 1318 4845 καὶ
1373 4793 1470 4861 τῆς
1526 4795 1846 4865 οἰκουμένης
1901 4796 2116 4866 ἀπάσης

545 4885 840 4938 συντέλεια.
879 4883 987 4936 Καὶ
1021 4881 1307 4935 ἐπίστευσε
1339 4882 1828 4953 Ναϐουχοδονόσορ.
1885 4880 1961 4935 Οὐ
2008 4883 2114 4952 γὰρ

545 4974 630 5036 ἂν,
683 4976 729 5025 εἰ
779 4971 852 5043 μὴ
903 4971 1238 5034 ἐπίστευσεν,
1276 4970 1432 5022 ἔθυσε
1472 4970 1548 5040 τῷ
1600 4971 1813 5041 Δανιὴλ.
1865 4971 2112 5025 ῐιιστεύει

543 5059 1026 5130 Ναϐουχοδονόσορ,
1053 5058 1196 5121 τινὲς
1220 5058 1275 5111 δὲ
1314 5057 1599 5111 ἀπιστοῦσι
1630 5057 1802 5110 10510.
1830 5057 1926 5110 Διὰ
1954 5057 2113 5111 τοῦτο

547 5148 736 5204 πολλαὶ
759 5148 1086 5219 προρρήσεις
1115 5147 1368 5215 ἐγίνοντο.
1410 5148 1470 5200 Εἰ
1520 5145 1592 5216 μὴ
1621 5146 1863 5212 ἐγένοντο
1888 5147 2108 5209 ἐκεῖναι,

549 5237 680 5309 μηδὲ
723 5236 945 5299 ταύταις
979 5235 1216 5288 πίστευε.
1264 5234 1380 5288 Ἵνα
1409 5235 1464 5287 δὲ
1508 5235 1580 5304 μὴ
1613 5235 1703 5285 ἐπὶ
1735 5233 1891 5301 πλέον
1928 5234 2109 5304 ἀσαφῆ

545 5325 683 5379 ποιῶ
721 5325 809 5378 τὸν
864 5322 1039 5391 λόγον,
1077 5321 1209 5392 φέρε
1257 5321 1443 5374 τοῦτον
1492 5321 1619 5390 ὑμῖν
1668 5319 2108 5391 ἐρμηνεύσωμεν.

546 5414 714 5467 ῐῙέντε
744 5407 881 5466 εἶδεν
913 5411 1064 5474 ὕλας,
1091 5409 1310 5480 χρυσὸν,
1336 5410 1592 5479 ἄργυρον,
1627 5407 1842 5478 χαλκὸν,
1873 5408 2108 5478 σίδηρον,

544 5501 827 5571 ὄστρακον.
856 5495 988 5553 Εἶτα
1011 5498 1170 5551 εἰκὼν
1198 5498 1346 5550 πᾶσα
1369 5498 1396 5549 6
1417 5496 1602 5566 χρόνος
1626 5497 1757 5558 ἐστὶ,
1789 5495 1879 5546 καὶ
1918 5497 1949 5564 ἡ
1985 5497 2110 5548 ἀκο-

547 5590 732 5642 λουθία
768 5589 862 5642 τοῦ
890 5590 1102 5658 χρόνου.
1139 5587 1246 5639 Καὶ
1280 5585 1455 5648 καλῶς
1482 5581 1654 5648 εἶπεν,
1694 5583 1890 5638 Εξκών.
1932 5585 2106 5636 Εἱκόνο

546 5678 654 5751 γὰρ
684 5679 820 5733 ἔοικε
878 5678 942 5732 τὰ
988 5676 1248 5749 ἡμέτερα,
1295 5675 1458 5729 εἰκόνι
1515 5673 1724 5744 ἀψύχῳ.
1777 5672 1878 5727 Καὶ
1932 5672 2108 5736 καλῶς

1228 293 1287 346 S.
1329 292 1618 349 JOANNIS
1654 289 2140 349 CHRYSOSTOMI
2181 291 2494 353 ARCHIEP.
2535 295 3084 357 CONSTANTINOP.

3705 307 3831 363 206

2238 411 2398 466 είκὼν
2453 414 2557 470 ἀπὸ
2611 417 2831 487 χρυσοῦ.
2888 419 3153 490 Καθάπερ
3200 418 3308 492 γάρ
3351 421 3379 474 6
3430 419 3653 493 χρυσὸς.
3708 423 3822 474 κάν

2233 497 2481 570 λαμπρὸς
2537 498 2591 574 ᾖ,
2652 505 2758 558 ἀπὸ
2809 507 2909 575 γῆς
2949 508 3130 573 ἐστιν,
3173 507 3313 561 οὕτω
3346 510 3440 562 καὶ
3494 511 3526 578 ἠ
3569 507 3740 576 φύσις
3783 508 3817 575 ἡ

2231 587 2496 658 ἡμετέρα,
2520 592 2612 642 καὶ
2643 593 2710 644 τά
2740 596 3058 664 πράγματα.
3088 597 3198 650 Καὶ
3221 597 3318 666 δρα
3359 597 3441 650 ὅτι
3470 596 3618 659 κόνις
3656 597 3817 663 γίνε-

2229 689 2341 734 ται,
2368 675 2504 746 ὅπερ
2529 672 2595 748 ἦν
2630 679 2733 750 πρὸ
2751 681 2964 738 τούτου.
3001 683 3194 736 Καίτοι
3228 683 3384 736 τοῦτο
3416 681 3561 745 λίθος
3608 684 3715 735 οὐκ
3748 682 3820 735 ἀν

2231 761 2540 830 ἐργάσαιτο.
2589 765 2882 837 Συντρίψαι
2923 768 3021 839 μὲν
3064 768 3283 822 δύναται
3317 769 3480 833 λίθος,
3525 770 3722 823 οὐσίαν
3756 769 3819 821 δὲ

2234 848 2555 917 μεταϐαλεῖν
2591 853 2652 905 ού
2694 852 2934 908 δύναται.
2970 855 3132 908 Ἀλλά
3171 856 3330 910 τοῦτο
3368 856 3607 926 γέγονεν.
3652 851 3820 918 Εἶδες

2227 934 2289 986 τὸ
2320 937 2614 1009 μυστήριον
2637 940 2734 1008 τῆς
2757 943 3120 1008 ἀναστάσεως.
3140 944 3249 996 Καὶ
3274 945 3381 1014 γὰρ
3400 943 3507 998 τῶν
3530 943 3817 1014 σωμάτων

2229 1023 2357 1093 ἡμῖν
2381 1028 2642 1098 πρότερον
2672 1030 3139 1100 στοιχειωθέντων,
3168 1034 3261 1086 καὶ
3290 1031 3423 1102 πρὸς
3448 1031 3545 1102 τὴν
3565 1029 3817 1101 ἀρχαίαν

2229 1110 2626 1167 ἐπανελθόντων
2673 1116 2852 1184 φύσιν,
2910 1117 3007 1188 τὴν
3052 1118 3156 1188 γῆν
3193 1117 3357 1186 λέγω,
3382 1119 3501 1172 τότε
3550 1119 3584 1187 ἡ
3627 1115 3816 1186 φθορά

2228 1199 2623 1271 ἐπεισέρχεται.
2666 1203 2848 1257 Ταῦτα
2881 1205 2937 1258 δέ
2973 1206 3152 1260 πάντα
3178 1206 3208 1258 6
3245 1206 3391 1270 λίθος
3423 1209 3582 1260 ποιεῖ.
3640 1205 3815 1257 Ὥστε

2228 1287 2355 1341 ὅταν
2379 1289 2492 1362 ἴδῃς
2516 1290 2614 1362 τὴν
2644 1293 2826 1345 εἰκόνα
2857 1296 2920 1346 ἐκ
2950 1293 3220 1366 διαφόρων
3249 1294 3610 1365 συγκειμένην
3639 1293 3811 1358 ὑλῶν,

2229 1376 2320 1428 καὶ
2354 1377 2452 1447 τὴν
2489 1378 2586 1444 μὲν
2615 1379 2854 1450 κεφαλὴν
2897 1382 3066 1451 αὐτῆς
3114 1381 3392 1454 λαμπρὰν,
3427 1381 3485 1434 τὸ
3507 1381 3564 1433 δὲ
3605 1381 3813 1452 στῆθος

2227 1463 2571 1534 φαυλότερον,
2615 1468 2710 1520 καὶ
2751 1469 2850 1538 τὴν
2890 1468 3134 1539 γαστέρα
3185 1468 3535 1540 ἀτιμοτέραν,
3573 1468 3674 1521 καὶ
3705 1469 3808 1532 τάς

2227 1553 2438 1623 κνήμας
2467 1553 2868 1625 εὐτελεστέρας,
2893 1556 2990 1627 τὴν
3025 1555 3288 1627 διαφοράν
3317 1556 3518 1626 ταύτην
3543 1556 3676 1627 περὶ
3703 1556 3808 1624 τὴν

2225 1639 2346 1709 ὄψιν
2381 1640 2585 1710 νόμιζε.
2628 1643 2772 1705 Μιᾶς
2800 1642 2910 1714 γὰρ
2932 1643 3116 1708 οὐσίας
3146 1644 3212 1697 τὰ
3238 1644 3416 1697 πάντα
3435 1662 3447 1676 ·
3475 1646 3568 1697 καὶ
3593 1660 3807 1713 μαρτυ-

2227 1729 2312 1796 ρεῖ
2328 1726 2389 1779 τὸ
2417 1727 2585 1794 τέλος,
2631 1731 2708 1791 εἰς
2747 1730 2891 1782 κόνιν
2941 1730 3155 1783 ἅπαντα
3213 1729 3447 1784 διαλύον.
3502 1731 3576 1783 Οὐ
3629 1729 3806 1800 μικρά

2225 1812 2361 1882 αῦτη
2395 1814 2694 1884 φιλοσοφία.
2740 1816 3018 1886 Ἐννόησον
3056 1817 3164 1888 γὰρ
3193 1817 3291 1886 τὴν
3325 1817 3640 1886 φιλοσοφίαν
3666 1818 3802 1870 ταύ-

2223 1917 2322 1970 την
2373 1902 2465 1953 καὶ
2517 1903 2623 1956 ἀπὸ
2669 1903 2778 1955 τῶν
2810 1905 3094 1974 παρόντων
3135 1904 3496 1975 πραγμάτων,
3552 1905 3662 1958 ἀπὸ
3703 1903 3802 1956 τοῦ

2224 1987 2548 2058 κρατοῦντος
2571 1991 2896 2059 καταγαγὼν
2921 1992 3010 2046 τὸν
3033 1991 3400 2060 βασιλεύοντα,
3422 1992 3514 2045 τὸν
3531 1990 3800 2060 ὕπαρχον,

2222 2075 2311 2128 τὸν
2337 2078 2451 2145 μετ’
2468 2079 2692 2140 ἐκεῖνον,
2718 2079 2805 2130 τὸν
2823 2079 3041 2148 χαλκὸν,
3061 2081 3185 2142 τοὺς
3209 2078 3346 2148 μετά
3360 2077 3532 2131 ταῦτα
3547 2076 3803 2146 ὀστρακί-

2223 2178 2366 2227 νους,
2417 2163 2683 2234 σιδηροῦς.
2734 2166 2868 2218 Ἀλλ’
2898 2166 2991 2218 ἐὰν
3039 2169 3118 2230 είς
3159 2167 3255 2237 τὴν
3301 2165 3457 2237 σορὸν
3479 2164 3656 2234 ἔλθῃς.
3699 2165 3803 2216 κᾶν

2227 2250 2478 2320 μυριάκις
2498 2254 2655 2305 κάκεῖ
2672 2251 2958 2321 βιάζωνται
2978 2253 3217 2325 λάρνακα
3236 2253 3442 2323 χρυσῆν
3459 2268 3696 2306 κατασκε
3707 2251 3805 2303 υά-

2225 2336 2425 2402 ζοντες,
2462 2340 2579 2410 ὄψει
2616 2341 2714 2412 τὴν
2754 2342 2914 2410 φύσιν
2959 2343 3146 2413 αὐτήν.
3202 2343 3368 2396 Πάλιν
3402 2342 3513 2394 νόει
3579 2357 3669 2410 μοι
3711 2341 3804 2393 τὸν

2225 2425 2494 2489 πλούσιον,
2536 2429 2624 2481 τὸν
2653 2429 2891 2497 δέσμιον,
2921 2430 3126 2482 ἐκεῖνον
3161 2429 3252 2483 τὸν
3282 2428 3558 2490 πλούσιον,
3583 2428 3676 2479 τὸν
3708 2428 3804 2478 πέ-

2223 2531 2357 2583 νητα
2395 2515 2551 2585 μέχρι
2598 2515 2688 2568 τοῦ
2738 2516 3026 2587 ὀστράκου,
3079 2518 3172 2570 καὶ
3225 2516 3347 2586 ὄψει
3402 2517 3580 2569 πάντα
3626 2516 3799 2568 κόνιν.

2235 2600 2369 2653 Ἀλλ’
2399 2603 2520 2673 δρα.
2561 2605 2633 2656 Οὐ
2663 2603 2924 2674 πρότερον
2953 2605 3121 2676 ἐφάνη
3152 2603 3326 2657 πάντα
3347 2603 3496 2666 κόνις
3513 2602 3664 2665 ὄντα,
3697 2603 3802 2663 ἕως

2223 2691 2249 2741 6
2285 2689 2430 2750 λίθος
2455 2691 2770 2744 κατέπεσεν.
2815 2690 3113 2760 Ἐθεώρεις
3147 2691 3258 2756 ἕως
3291 2689 3601 2759 ἀπετμήθη
3627 2689 3804 2752 λίθος

2223 2777 2341 2830 ἀπὸ
2370 2777 2475 2830 τοῦ
2516 2778 2692 2845 ὅρους
2737 2779 2881 2832 ἄνευ
2924 2779 3168 2848 χειρῶν,
3215 2779 3314 2832 καὶ
3359 2777 3621 2840 ἐπάταξε
3682 2774 3804 2843 τὴν

2224 2866 2442 2929 εἰκόνα,
2471 2866 2567 2918 καὶ
2594 2865 2730 2930 τοὺς
2752 2865 2939 2932 πόδας
2964 2865 3104 2931 τοὺς
3133 2864 3419 2934 σιδηροῦς
3456 2862 3559 2917 καὶ
3585 2866 3806 2931 ὀστραο

2225 2954 2450 3018 κίνους,
2516 2952 2614 3006 καὶ
2663 2953 2994 3006 ἐνῑέπτυνεν
3031 2953 3252 3017 αὐτοὺς
3287 2954 3374 3018 είς
3402 2950 3597 3016 τέλος.
3662 2953 3804 3004 Τότε

2223 3039 2551 3106 euman
2589 3043 2675 3105 εὶς
2705 3040 2864 3104 ἅπαξ
2892 3038 2956 3092 τὸ
2997 3040 3313 3108 ὄστρακον,
3362 3040 3397 3092 δ
3447 3037 3719 3106 σίδηρος,
3767 3041 3806 3093 ὁ

2224 3128 2450 3194 χαλκὸς
2472 3137 2519 3191 α,
2565 3127 2661 3178 καὶ
2687 3126 2963 3196 ἐγένοντο
2993 3127 3134 3180 ὡσεὶ
3175 3125 3325 3198 [214]
3351 3126 3658 3194 κονιορτὸς
3679 3125 3801 3179 ἀπὸ

2225 3217 2454 3282 ἅλωνος
2495 3215 2734 3286 θερινῆς
2781 3233 2793 3246 ·
2847 3216 2947 3269 καὶ
2991 3216 3208 3284 ἐξῆρεν
3247 3215 3400 3270 αὐτὰ
3444 3216 3510 3270 τὸ
3560 3215 3804 3284 πλῆθος

2225 3303 2328 3357 τοῦ
2360 3304 2717 3372 πνεύματος,
2742 3302 2841 3356 καί
2871 3305 3053 3369 τόπος
3081 3305 3192 3370 οὐχ
3218 3301 3427 3370 εὑρέθη
3457 3301 3686 3368 αὐτοῖς.
3724 3303 3804 3356 Οὐ

2223 3394 2328 3463 γὰρ
2357 3391 2621 3462 πρότερον
2663 3392 2832 3461 ἐφάνη
2855 3391 2960 3443 τῶν
2988 3390 3328 3461 πραγμάτων
3364 3391 3398 3461 ἡ
3425 3389 3608 3459 φύσις,
3634 3390 3744 3460 ῑως
3774 3394 3805 3444 6

2221 3480 2369 3549 ἥλιος
2410 3480 2510 3549 τῆς
2560 3478 2900 3548 δικαιοσύνης
2950 3477 3241 3541 ἀνέτειλεν,
3281 3476 3362 3530 ὅτι
3409 3479 3438 3531 6
3485 3479 3693 3549 χρυσὸς
3739 3479 3802 3531 οὐ

2221 3568 2439 3637 χρυσός.
2489 3569 2628 3639 Ὅρα
2678 3568 2735 3622 δὲ
2768 3568 2860 3622 καὶ
2901 3567 2958 3622 ἐν
2996 3567 3144 3638 αὐτῷ
3185 3565 3359 3638 τούτῳ
3415 3567 3475 3619 οὐ
3520 3567 3661 3638 μετά
3700 3569 3805 3638 τὴν

2223 3655 2530 3726 συντριϐὴν,
2568 3655 2682 3708 ἀλλ’
2714 3655 2797 3708 ἔτι
2837 3655 3085 3708 ἑστώτων
3125 3654 3324 3719 αὐτῶν,
3357 3653 3508 3708 οὐδὲν
3543 3654 3600 3707 δὲ
3635 3655 3802 3708 τοῦτο

2220 3743 2426 3796 ἐκείνου
2483 3743 2803 3814 τιμιώτερον
2837 3741 2918 3796 δν.
2960 3743 3103 3813 Ὅρα
3156 3743 3250 3796 καὶ
3292 3744 3359 3814 τῇ
3391 3742 3533 3811 ὕψει,
3581 3743 3677 3795 καὶ
3721 3741 3801 3811 τῷ

2222 3830 2415 3900 χρόνῳ,
2469 3830 2562 3882 καὶ
2603 3832 2669 3899 τῇ
2705 3829 2947 3900 ποιότητι
2977 3829 3148 3882 ταῦτα
3175 3829 3398 3882 ἐκείνων
3443 3828 3657 3898 βελτίω,
3699 3829 3802 3882 Διά

2219 3916 2328 3986 γάρ
2349 3916 2503 3969 τοῦτο
2527 3917 2621 3969 καὶ
2657 3917 2874 3986 χρυσίον
2915 3916 3020 3969 ἀπὸ
3046 3917 3151 3984 γῆς
3180 3918 3432 3987 ἐποίησεν
3457 3916 3487 3968 6
3520 3915 3674 3978 Θεὸς,
3711 3917 3799 3969 ῖνα

2222 4006 2384 4076 μηδὲν
2411 4005 2551 4074 μέγα
2587 4005 2712 4075 περὶ
2741 4004 2903 4056 αὑτοῦ
2949 4004 3260 4075 φαντασθῇς
3327 4003 3486 4067 Τίνος
3517 4003 3574 4056 δὲ
3608 4004 3800 4058 ἕνεκεν

2217 4093 2314 4162 τὴν
2337 4091 2500 4144 αὑτοῦ
2525 4092 2795 4162 βασιλείαν
2823 4091 2976 4144 καλεῖ
2997 4090 3222 4161 χρυσῆν,
3246 4090 3342 4162 τὴν
3361 4090 3419 4144 δὲ
3441 4091 3549 4145 τῶν
3566 4091 3800 4161 Περσῶν

2218 4182 2481 4250 ἀργυρᾶν,
2521 4179 2614 4233 καὶ
2646 4179 2741 4250 τὴν
2783 4178 2889 4232 τῶν
2927 4178 3252 4233 Μακεδόνων
3289 4178 3516 4249 χαλκῆν,
3563 4180 3661 4232 καὶ
3696 4178 3800 4250 τὴν

2216 4269 2322 4320 τῶν
2359 4268 2641 4336 Ῥωμαίων
2663 4268 2886 4337 σιδηρᾶν
2909 4267 3001 4319 καὶ
3025 4266 3383 4338 ὀστρακίνηνς
3422 4266 3562 4335 Ὅρα
3593 4266 3801 4319 καταλ-

2218 4355 2409 4425 λήλους
2444 4357 2539 4417 τὰς
2578 4353 2726 4416 ὔλας.
2776 4355 2834 4407 '0
2869 4355 2973 4422 γὰρ
3013 4353 3210 4422 χρυσὸς
3250 4353 3479 4405 πλούτου
3529 4354 3627 4423 μέν
3675 4355 3798 4407 ἐστι

2220 4441 2567 4510 ἐμφαντικὸν,
2599 4440 2819 4503 ἀσθενὲς
2849 4441 2928 4502 δὲ,
2958 4441 3051 4493 καὶ
3095 4439 3230 4510 πρὸς
3272 4439 3490 4509 ἀπάτην
3522 4442 3617 4492 καὶ
3655 4441 3800 4512 πρὸς

2220 4531 2420 4600 κόσμον
2453 4530 2648 4598 μᾶλλον
2675 4530 2766 4582 καὶ
2794 4529 3100 4597 φιλοτιμίαν
3139 4528 3458 4598 ἐπιτήδειος.
3511 4528 3671 4582 Οῦτω
3700 4530 3797 4582 καὶ

2217 4617 2397 4688 ἐκείνη
2433 4619 2464 4686 ἡ
2492 4615 2732 4685 βασιλεία
2762 4617 2793 4684 ή
2823 4614 2915 4667 τοῦ
2949 4615 3243 4686 βαρϐάρου.
3289 4615 3428 4668 Πολὺ
3479 4619 3612 4686 παρ’
3646 4616 3798 4686 αὐτῷ

2217 4707 2276 4758 τὸ
2312 4707 2527 4775 χρυσίον
2563 4694 2646 4774 ἦν’
2676 4706 2768 4756 καὶ
2807 4706 2916 4765 τοῖς
2954 4702 3267 4773 βαρϐάροις,
3308 4703 3494 4776 ἐπειδὴ
3539 4705 3634 4758 καὶ
3678 4707 3800 4757 ἐκεῖ

2216 4795 2457 4862 λέγονται
2493 4791 2626 4845 εἶναι
2670 4793 2789 4845 ῦλαι
2832 4792 3167 4862 μεταλλικαί.
3209 4794 3315 4845 Καὶ
3350 4793 3457 4864 γὰρ
3494 4793 3647 4864 παρά
3684 4794 3797 4846 τῶν

2217 4882 2401 4952 Σήρων
2432 4882 2593 4943 πολὺς
2626 4883 2652 4933 6
2681 4879 2927 4945 πλοῦτος,
2963 4880 3074 4933 ἀλλ’
3116 4877 3402 4950 ἄχρηστος.
3445 4880 3708 4952 Κεφαλήν
3737 4881 3794 4932 δέ

2216 4971 2418 5039 ἐπέχει,
2446 4968 2630 5040 ἐπειδὴ
2657 4968 2844 5039 πρώτη
2872 4969 3062 5038 ἐφάνη.
3090 4968 3154 5020 Ἥ
3177 4967 3232 5019 δὲ
3252 4966 3473 5039 Περσῶν
3493 4968 3592 5035 οὐχ
3616 4966 3793 5030 οὕτως

2216 5058 2463 5128 εὔπορος,
2486 5057 2672 5126 ὥσπερ
2698 5052 2788 5110 οὖν
2819 5055 2934 5108 οὐδὲ
2960 5055 3282 5108 Μακεδόνων
3299 5070 3312 5084 ·
3343 5057 3374 5124 ἡ
3396 5054 3453 5107 δὲ
3498 5053 3791 5123 Ῥωμαίων

2216 5145 2602 5215 χρησιμωτέρα
2646 5161 2704 5196 τε
2746 5143 2839 5196 καὶ
2900 5145 3238 5212 ἰσχυροτέρα,
3287 5139 3490 5210 ὑστέρα
3532 5139 3632 5207 μὲν
3675 5143 3792 5204 τοῖς

2215 5232 2444 5304 χρόνοις,
2476 5232 2553 5284 διὸ
2575 5232 2667 5284 καὶ
2708 5230 2880 5283 ποδῶν
2911 5230 3060 5293 τάξιν
3089 5229 3292 5299 ἐπέχει.
3328 5227 3484 5278 Ἐστι
3517 5225 3577 5278 δέ
3615 5227 3790 5294 αὐτῆς

2212 5320 2280 5373 τὰ
2317 5321 2411 5389 μέν
2441 5319 2656 5388 ἀσθενῆ,
2687 5318 2753 5370 τά
2785 5317 2839 5371 δὲ
2878 5317 3211 5388 ἰσχυρότερα.
3258 5313 3478 5367 Τοιοῦτο
3521 5312 3582 5365 τὸ
3627 5312 3790 5366 ἀλλό-

2216 5425 2367 5461 κοτον
2397 5407 2500 5459 τῶν
2536 5405 2848 5477 ἀνθρώπων.
2891 5405 2996 5459 Καὶ
3031 5404 3176 5457 ὅταν
3210 5398 3549 5468 πληθυνθῆ,
3595 5400 3784 5470 φησὶν,

2215 5497 2252 5564 ἡ
2299 5495 2532 5564 ἀνομία,
2594 5493 2927 5563 ψυγήσεται
2979 5494 3016 5560 ή
3071 5489 3268 5560 ἀγάπη
3332 5486 3450 5542 τῶν
3506 5487 3784 5542 πολλῶν.

2275 5671 2301 5701 ⁸
2333 5667 2390 5720 Ὅ
2415 5669 2896 5731 χαλκός..λι1·]ριιι]υηι
2921 5670 2943 5716 6
2967 5667 3178 5728 ἄργυρος,
3201 5666 3226 5712 6
3246 5661 3431 5727 χρυσός.
