4016 6454
234 375 348 431 205

227 490 350 534 ante
378 493 673 533 sermonem
705 478 1050 548 aggrediatur,
1075 492 1229 549 quam
1266 493 1439 549 regem
1461 478 1737 534 abduxerit
1763 493 1795 533 a

229 584 417 637 magna
446 585 600 635 quam
625 569 690 623 de
717 570 828 637 ipso
850 568 1042 623 habere
1070 569 1327 638 potuisset
1354 570 1637 639 opinione?
1654 568 1797 635 Quo-

228 660 386 711 modo
408 658 562 726 igitur
590 658 810 726 gloriam
839 668 1115 712 venaretur
1157 657 1359 722 Daniel,
1392 660 1479 725 qui
1508 659 1666 713 etiam
1694 657 1792 713 da-

230 756 338 798 tam
367 746 610 815 repellit?
636 747 702 801 Et
729 763 832 801 non
867 746 999 801 dixit
1025 766 1039 800 :
1067 748 1321 813 Quoniam
1351 748 1513 801 Deum
1550 761 1791 813 veneror,

223 839 478 906 quoniam
512 839 579 891 illi
606 840 724 906 plus
745 853 898 906 quam
938 838 1114 891 ea:teri
1143 839 1339 902 servio,
1380 838 1505 891 mihi
1543 840 1793 893 revelatio

223 928 363 981 facta
393 940 477 983 est
506 947 519 981 :
549 929 661 989 sed,
690 928 759 982 Ut
786 937 841 981 tu
870 928 1104 982 disceres
1132 928 1269 996 quod
1300 929 1633 983 utilissimum
1657 938 1789 983 erat.

224 1018 362 1073 lllud
390 1022 554 1083 enim,
580 1020 735 1073 etiam
777 1020 890 1087 ipso
916 1033 1018 1072 non
1046 1019 1270 1082 dicente,
1300 1023 1351 1073 in
1388 1029 1618 1073 mentem
1645 1019 1793 1073 audi-

224 1121 399 1167 torum
416 1114 629 1166 veniret.
653 1112 713 1166 5i
728 1151 740 1164 .
766 1129 783 1161 ε
809 1112 884 1164 Tu
906 1126 995 1165 rex
1015 1110 1247 1175 videbas,
1263 1121 1315 1166 et
1327 1126 1451 1165 ecce
1473 1112 1642 1177 imago
1661 1126 1785 1175 una,

224 1203 400 1272 imago
417 1202 503 1256 illa
523 1217 728 1271 magna,
748 1212 799 1256 et
814 1209 1055 1269 aspectus
1080 1201 1220 1254 illius
1243 1201 1480 1256 sublimis
1496 1212 1642 1256 stans
1659 1211 1781 1256 ante

224 1294 413 1348 faciem
432 1304 595 1357 tuam,
612 1304 665 1349 et
684 1278 900 1349 intuitus
926 1294 1041 1362 ejus
1063 1294 1326 1348 terribilis.
1342 1294 1429 1348 52.
1446 1294 1621 1363 imago
1641 1295 1788 1362 cujus

222 1396 383 1455 caput
407 1403 470 1440 ex
508 1401 637 1440 auro
664 1402 828 1456 puro;
860 1400 1048 1440 manus
1089 1386 1250 1454 ipsius
1278 1394 1332 1441 et
1369 1394 1552 1455 pectus
1584 1395 1631 1440 et
1662 1385 1787 1439 bra-

222 1476 342 1529 chia
374 1474 488 1545 ejus
512 1484 789 1545 argentea;
821 1484 1005 1530 venter
1030 1475 1169 1528 illius
1198 1483 1252 1529 et
1274 1474 1475 1529 femora
1500 1489 1635 1529 terea
1657 1492 1670 1539 ;
1694 1475 1782 1529 35.

224 1567 370 1620 tibia:
411 1565 629 1629 ferrem;
655 1565 847 1635 pedes,
896 1579 1017 1633 pars
1062 1563 1273 1633 quidem
1310 1563 1549 1633 quaedam
1592 1562 1783 1626 ferrea,

222 1672 345 1726 pars
362 1664 537 1711 autem
554 1656 787 1724 quaedam
812 1662 1058 1709 testacea.
1090 1672 1109 1704 ι
1148 1652 1276 1707 Vide
1300 1653 1441 1723 quali
1473 1653 1672 1707 visione
1700 1652 1783 1706 di—

220 1755 414 1815 gnatus
442 1744 599 1798 fuerit
640 1743 1139 1798 Nabuchodonosor.
1181 1742 1615 1810 Quandoquidem
1644 1743 1783 1795 enim

223 1836 275 1888 in
299 1842 481 1904 gentes
506 1833 763 1903 evangelii
789 1833 1104 1902 praeconium
1130 1833 1477 1902 spargendum
1496 1841 1629 1897 erat,
1649 1832 1786 1885 visio

222 1926 391 1978 multo
426 1935 549 1979 ante
577 1925 821 1993 gentilem
863 1924 1198 1977 traditionem
1229 1922 1459 1987 inhibet;
1491 1930 1545 1977 et
1572 1923 1622 1975 in
1646 1930 1783 1976 terra

220 2016 404 2085 gentili
452 2017 712 2071 somnium
760 2016 997 2081 videtur,
1044 2015 1236 2082 templo
1270 2028 1489 2079 everso,
1532 2012 1784 2084 legalibus

222 2106 462 2159 sublatis.
504 2104 872 2159 Verumtamen
917 2120 1010 2173 per
1042 2103 1291 2158 llebrzeos
1328 2104 1636 2172 explicatur.
1671 2103 1784 2159 Etsi

220 2197 362 2249 enim
387 2198 437 2249 in
466 2197 683 2264 gentiles
712 2194 1159 2249 disseminandum
1189 2203 1328 2249 esset
1346 2194 1697 2263 evangelium,
1724 2202 1782 2248 at

220 2300 317 2352 per
345 2285 591 2339 Hebraeos
614 2285 774 2350 viros,
803 2299 991 2353 nempe
1010 2285 1295 2354 apostolos,
1323 2285 1372 2339 id
1396 2285 1624 2339 futurum
1646 2295 1778 2339 erat.

222 2374 337 2428 iloc
361 2382 414 2428 et
451 2375 502 2427 in
550 2373 795 2427 Cornelio
824 2374 1056 2444 contigit.
1104 2375 1413 2429 Prmeedunt
1439 2383 1640 2444 gentes.
1674 2390 1778 2429 non

219 2472 401 2519 autem
450 2474 754 2533 sequuntur.
804 2464 875 2519 ita
915 2476 966 2519 et
1006 2466 1090 2521 hic
1126 2466 1402 2536 imaginem
1434 2469 1631 2537 primus
1656 2469 1782 2521 vidit

218 2554 721 2619 Nabuchodonosor,
771 2557 1005 2611 notitiam
1049 2573 1172 2612 vero
1216 2559 1415 2626 primus
1455 2559 1651 2628 accepit
1683 2560 1781 2612 Da-

221 2647 347 2699 niel.
383 2646 449 2699 Et
483 2654 539 2698 ut
574 2661 860 2715 cognoscas
902 2648 1037 2715 quod
1077 2657 1129 2702 et
1175 2650 1329 2717 primi
1376 2658 1429 2702 et
1463 2652 1780 2718 posteriores

218 2745 343 2789 sunt
372 2736 536 2790 Judaei
570 2755 581 2789 :
612 2738 762 2805 primi
804 2739 994 2806 quippe
1030 2738 1163 2792 bona
1191 2750 1516 2808 acceperant,
1550 2741 1641 2795 sed
1682 2758 1779 2797 ne-

217 2826 456 2879 sciebant
479 2827 600 2895 quid
629 2830 971 2896 accepissent,
1007 2838 1063 2882 ut
1094 2846 1184 2898 par
1222 2832 1463 2901 utrinque
1506 2832 1675 2887 ﬁeret.
1704 2833 1777 2886 ita

216 2929 271 2968 et
297 2917 403 2969 illic
432 2927 551 2970 ante
576 2918 888 2987 baptismum
916 2919 1113 2988 Spiritu
1142 2921 1337 2987 dignati
1366 2933 1504 2976 sunt.
1533 2922 1621 2977 Sic
1648 2933 1702 2977 et
1728 2924 1780 2977 in

218 3007 524 3060 Abrahamo
563 3009 725 3075 prima
766 3008 861 3062 fuit
893 3010 979 3063 illa
1011 3012 1292 3065 multitudo
1317 3013 1570 3081 gentium,
1600 3024 1777 3083 poste-

218 3097 330 3150 rior
351 3111 480 3150 vero
507 3098 831 3152 circumcisio
861 3117 873 3151 :
902 3098 994 3153 sed
1017 3114 1109 3167 per
1134 3101 1590 3157 circumeisionem
1618 3105 1780 3157 salus.

220 3188 345 3241 ihec
368 3188 554 3242 millies
582 3189 847 3257 prophetae
885 3190 1079 3245 Judteis
1112 3191 1374 3256 dixerunt,
1397 3204 1451 3247 et
1482 3194 1582 3248 nisi
1617 3196 1780 3249 multa

216 3278 359 3347 apud
390 3292 487 3331 vos
510 3286 649 3332 esset
673 3278 907 3345 tarditas,
935 3281 1090 3334 etiam
1124 3280 1210 3334 ubi
1237 3290 1289 3336 et
1315 3282 1522 3351 quando
1540 3285 1781 3352 aperuis—

218 3384 356 3421 sem.
404 3367 685 3437 Postquam
730 3379 905 3423 autem
952 3384 1055 3423 non
1100 3372 1456 3437 attenderunt,
1495 3374 1683 3427 transit
1715 3372 1781 3427 ad

217 3468 402 3527 gentes
428 3458 694 3527 deinceps.
724 3459 843 3514 Haec
863 3461 1019 3514 verba
1048 3459 1213 3515 Judrei
1240 3462 1531 3524 audientes.
1556 3462 1783 3534 despue-

218 3550 347 3602 bant
389 3566 400 3599 :
440 3548 652 3617 gentilis
686 3563 803 3601 cum
843 3549 1106 3615 audisset,
1148 3549 1402 3603 adoravit.
1444 3550 1673 3605 Adverte
1718 3567 1780 3607 ea

218 3648 378 3691 etiam
404 3653 517 3706 qua:
544 3638 641 3691 sub
678 3636 884 3691 Christo
909 3639 1240 3706 contigerunt
1264 3639 1487 3694 describi
1528 3656 1621 3708 per
1648 3640 1780 3709 ligu-

218 3743 326 3781 ras.
355 3726 651 3781 Chananaea
687 3726 867 3779 adorat
897 3742 909 3778 :
936 3725 1101 3780 Judaei
1134 3738 1334 3792 contra,
1379 3728 1653 3782 Dominum
1682 3729 1785 3783 sci-

218 3819 340 3871 licet
364 3818 653 3885 expellunt.
692 3816 766 3869 lta
794 3825 847 3869 et
871 3815 955 3869 hic
986 3815 1152 3871 Judaei
1178 3816 1458 3871 Jeremiam
1496 3818 1547 3871 in
1578 3820 1781 3873 vincula

216 3910 612 3978 eonjecerunt:
670 3908 1151 3962 Nabuchodonosor
1202 3907 1438 3963 adoravit
1490 3910 1778 3964 Danielem.

218 4001 423 4054 Rursus
473 3999 640 4054 Judaei
682 4000 947 4067 apostolos
980 3999 1232 4068 ejiciunt:
1273 3999 1442 4055 Graeci
1490 4011 1664 4055 autem
1703 4002 1783 4055 di-

214 4100 343 4144 cunt
361 4089 472 4143 :Dii
493 4090 851 4144 descenderunt
869 4090 937 4142 ad
956 4106 1045 4144 nos
1069 4090 1203 4160 (Act.
1237 4092 1322 4145 Μ.
1354 4092 1460 4161 10).
1486 4092 1617 4145 Cum
1639 4094 1779 4148 enim

212 4182 471 4251 judicium
498 4182 611 4235 sine
639 4181 827 4235 affectu
850 4182 1034 4246 fertur,
1065 4182 1420 4250 incorruptum
1453 4192 1551 4247 est,
1586 4199 1647 4237 ac
1669 4184 1779 4237 sin-

216 4288 423 4328 cerum.
460 4271 617 4325 Vides
647 4280 798 4340 typos
830 4272 1143 4325 coruscare?
1182 4272 1237 4325 lu
1270 4272 1537 4342 Babylone
1562 4289 1677 4341 quae
1714 4272 1779 4327 ad

218 4364 490 4417 Christum
520 4371 760 4431 spectant
780 4363 1078 4427 audiuntur,
1111 4373 1163 4417 et
1191 4364 1443 4417 barbarus
1467 4365 1674 4419 auditor
1701 4366 1777 4431 iit,

218 4467 269 4510 ut
305 4455 559 4524 intelligas
593 4470 697 4509 non
726 4454 882 4507 modo
916 4455 1154 4523 gentiles,
1194 4454 1285 4508 scd
1324 4464 1377 4509 et
1403 4455 1654 4510 barbaros
1683 4457 1779 4511 ista

216 4562 335 4601 esse
375 4546 664 4609 audituros,
710 4544 1151 4613 quemadmodum
1194 4546 1385 4600 Paulus
1424 4547 1497 4600 ait
1535 4566 1546 4600 :
1579 4548 1782 4601 Debitor

216 4653 327 4689 sum
350 4644 402 4687 ut
426 4635 730 4703 evangelium
759 4634 1021 4700 prwdicem
1048 4632 1235 4687 Graxis
1265 4652 1322 4687 ac
1351 4635 1572 4687 barbaris
1601 4636 1777 4703 (Rom.

216 4728 269 4781 1.
300 4725 409 4793 lt).
463 4726 525 4777 Et
563 4738 629 4777 ne
669 4723 945 4791 desperes,
1004 4739 1149 4793 spem
1189 4725 1416 4778 detineat
1453 4740 1515 4778 ac
1548 4726 1776 4793 subjicit.

217 4814 368 4879 Quod
408 4814 546 4867 enim
597 4812 779 4866 aberat
824 4813 1292 4880 impedimentum?
1338 4814 1525 4868 Fastus
1566 4816 1774 4884 regalis,

220 4904 425 4962 indoles
466 4904 575 4972 ipsa
614 4904 905 4968 barbarica,
942 4903 1205 4971 loquentis
1248 4904 1450 4969 vilitas;
1480 4915 1594 4958 erat.
1638 4906 1777 4958 enim

219 4996 488 5065 captivus;
521 5003 648 5046 artas
684 5009 697 5043 ε
731 5002 844 5046 erat
872 4992 1110 5060 juvenis;
1152 4993 1335 5062 religio
1371 4992 1561 5046 aliena.
1598 4992 1780 5062 Neque

221 5100 310 5138 rex
340 5082 473 5136 dixit
500 5099 511 5134 :
546 5080 619 5134 Te
662 5090 745 5132 tua
774 5080 1061 5147 prtevidere
1104 5081 1355 5149 oportuit,
1400 5081 1544 5135 urbis
1574 5089 1675 5135 tua:
1703 5082 1779 5133 vi-

218 5175 409 5228 delicet
432 5172 783 5241 captivitatem
820 5188 831 5223 :
864 5171 948 5223 illa
982 5172 1249 5239 ignorasti,
1282 5180 1333 5225 ct
1361 5172 1472 5224 haec
1499 5172 1778 5239 praedicis?

215 5263 412 5331 ingrati
447 5263 588 5316 enim
632 5262 701 5313 ita
743 5260 880 5327 loqui
922 5261 1093 5313 solent
1138 5278 1150 5312 :
1192 5259 1475 5326 Oportebat
1511 5259 1776 5313 Christum

219 5353 448 5421 Seipsum
477 5351 775 5403 suseitasse.
804 5347 951 5413 Quod
982 5347 1173 5400 dictum
1206 5348 1302 5401 fuit
1328 5348 1533 5401 eversio
1556 5356 1669 5401 erat
1695 5364 1780 5401 re-

219 5446 305 5511 gni
334 5442 652 5510 Babylonici,
684 5450 737 5494 et
762 5442 1141 5494 consummatio
1183 5442 1340 5495 totius
1365 5441 1524 5495 orbis.
1566 5441 1633 5495 Et
1660 5455 1776 5496 cre-

219 5534 352 5589 didit
389 5531 890 5585 Nabuchodonosor.
922 5530 1099 5598 Neque
1125 5532 1286 5596 enim,
1328 5530 1425 5585 nisi
1447 5531 1775 5597 credidisset,

219 5624 564 5679 sacrificasset
591 5622 809 5676 Danieli.
838 5621 1016 5675 Credit
1043 5621 1523 5679 Nabuchodonosor
1550 5622 1620 5692 (ιι.
1652 5623 1773 5693 46);

220 5714 429 5783 quidam
450 5721 619 5766 autem
641 5727 743 5768 non
760 5711 989 5769 credunt.
1018 5712 1235 5783 Propter
1263 5713 1360 5768 hoc
1380 5713 1558 5769 multm
1580 5712 1771 5779 prxdi-

1592 364 1657 420 lN
1699 365 2060 425 DANIELEM.

3358 397 3470 453 206

1900 486 2102 542 ctiones
2120 488 2329 544 ﬂebant.
2350 489 2403 548 Si
2427 489 2529 548 illan
2551 504 2794 551 eventum
2821 512 2924 553 non
2954 498 3267 567 habuerunt,
3302 515 3471 571 neque

1902 574 1982 631 his
1998 577 2174 633 crede.
2190 577 2263 633 Ne
2280 591 2452 636 autem
2474 585 2668 640 diutius
2689 602 2983 643 sermonem
3004 588 3283 644 obscurum
3312 592 3470 645 facia-

1900 682 2037 733 mus,
2061 683 2156 738 age
2180 686 2300 724 eum
2320 674 2464 729 vobis
2494 676 2917 746 interpretemur.
2938 680 3179 750 Quinque
3208 681 3337 735 vidit
3360 698 3470 734 ma-

1902 755 2077 821 terias,
2107 773 2313 826 aurum,
2342 771 2635 831 argentum,
2663 781 2755 827 aes,
2781 767 2997 832 ferrum,
3029 778 3237 824 testam.
3269 770 3466 823 Deinde

1900 854 2006 899 tota
2025 847 2194 917 imago
2213 859 2419 920 tempus
2438 862 2520 907 est
2539 862 2592 908 et
2611 858 2861 926 temporis
2872 860 3263 927 consequentia.
3292 860 3358 914 Et
3380 876 3466 915 re-

1897 946 1980 993 cte
1996 938 2124 992 dixit
2146 958 2157 992 :
2178 938 2375 1009 Imago.
2400 941 2616 1013 imagini
2637 944 2893 1015 siquidem
2905 948 3102 1003 similes
3122 958 3247 1004 sunt
3268 964 3353 1003 res
3371 965 3467 1004 nm

1896 1035 2043 1091 strte,
2067 1028 2273 1097 imagini
2303 1030 2619 1086 inanimatae.
2643 1032 2711 1087 Et
2729 1034 2860 1089 bene
2873 1036 3043 1107 imago
3066 1053 3132 1091 ex
3156 1038 3465 1094 auro.Sicut

1896 1117 2035 1170 enim
2062 1132 2247 1171 aurum
2265 1121 2470 1176 etiamsi
2491 1122 2823 1191 splendidum
2855 1127 2943 1192 sit,
2962 1135 3134 1182 tamen
3148 1142 3178 1182 e
3201 1136 3338 1182 terra
3351 1129 3459 1183 ori-

1898 1214 1981 1258 tur
2000 1223 2015 1259 :
2033 1206 2107 1259 sic
2120 1208 2278 1262 etiam
2293 1220 2475 1264 natura
2499 1223 2699 1278 nostra,
2716 1224 2969 1284 atqueres
2984 1216 3246 1274 humanm.
3266 1220 3332 1273 Et
3346 1220 3463 1275 vide

1896 1305 1950 1349 ut
1972 1297 2139 1364 pulvis
2166 1297 2255 1351 flat
2274 1338 2288 1360 .
2328 1302 2471 1367 quod
2496 1302 2697 1357 scilicet
2721 1313 2834 1358 erat
2861 1314 3035 1360 antea.
3066 1307 3221 1376 Atqui
3249 1308 3301 1362 id
3329 1309 3462 1377 lapis

1895 1401 2177 1457 numquam
2224 1388 2425 1445 fecerit.
2482 1392 2771 1449 Conterere
2817 1398 3031 1465 quidem
3084 1408 3257 1468 potest
3305 1400 3457 1469 lapis,

1891 1476 2235 1534 substantiam
2277 1494 2400 1537 vero
2423 1495 2732 1540 convertere
2762 1500 2864 1541 non
2906 1496 3099 1557 potest.
3145 1490 3257 1546 Hoc
3285 1500 3457 1545 tamen

1890 1569 2129 1638 contigit.
2174 1569 2478 1641 lliysterium
2516 1577 2916 1632 resurrectionis
2943 1578 3110 1633 vides.
3153 1578 3284 1635 Cum
3315 1583 3455 1638 enim

1890 1674 2115 1728 corpora
2139 1670 2318 1715 nostra
2348 1662 2399 1717 iu
2428 1663 2687 1719 elementa
2721 1666 3054 1722 resolvuntur
3076 1709 3091 1733 ,
3136 1679 3189 1723 et
3216 1669 3280 1724 ad
3321 1672 3458 1725 anti-

1889 1764 2044 1817 quam
2091 1749 2313 1803 redeunt
2356 1761 2631 1817 naturam,
2677 1764 2871 1809 terram
2901 1755 3051 1820 dico,
3091 1765 3215 1812 tunc
3243 1758 3457 1814 advenit

1888 1840 2178 1906 corruptio.
2213 1839 2335 1895 llaec
2364 1850 2536 1895 autem
2562 1845 2738 1897 omnia
2766 1845 2897 1913 lapis
2919 1845 3093 1900 efficit.
3128 1846 3305 1917 Itaque
3334 1865 3453 1903 cum

1887 1928 2083 1983 videris
2108 1930 2385 1999 imaginem
2413 1948 2477 1987 ex
2508 1933 2729 1989 diversis
2760 1938 2993 1991 materiis
3022 1947 3368 2007 constantem,
3402 1950 3456 1995 et

1888 2019 2026 2073 illius
2052 2020 2260 2088 quidem
2288 2032 2443 2091 caput
2468 2025 2818 2091 splendidum,
2852 2036 3032 2094 pectus
3052 2044 3177 2082 vero
3194 2029 3449 2096 deterius,

1886 2118 1939 2163 et
1969 2120 2204 2163 ventrem
2246 2111 2608 2181 ignobiliorem
2628 2156 2642 2180 ,
2685 2125 2740 2169 et
2767 2116 2920 2170 tibias
2950 2117 3158 2171 viliores
3182 2158 3197 2182 ,
3230 2119 3453 2173 diversi-

1884 2205 2045 2253 tatem
2077 2198 2212 2254 banc
2243 2200 2292 2253 in
2316 2200 2430 2255 solo
2453 2211 2666 2271 aspectu
2693 2203 2844 2257 sitam
2862 2219 2979 2260 esse
2999 2206 3263 2260 existima.
3284 2206 3450 2262 Unius

1884 2288 2076 2356 quippe
2121 2288 2461 2358 ejusdemque
2513 2291 2817 2347 substantiae
2868 2294 3043 2350 omnia
3089 2306 3238 2359 sunt;
3297 2297 3452 2366 idque

1886 2385 2111 2432 testatur
2138 2377 2276 2441 linis,
2304 2380 2393 2448 qui
2424 2380 2475 2434 in
2515 2379 2785 2448 pulverem
2814 2392 2997 2437 cuneta
3029 2382 3285 2438 dissolvit.
3334 2384 3447 2439 Non

1886 2482 2041 2536 parva
2069 2478 2151 2521 est
2174 2469 2273 2523 ista
2302 2469 2652 2539 philosophia.
2703 2471 2949 2525 Animum
2978 2473 3192 2528 adverte
3222 2473 3288 2528 ad
3315 2476 3449 2530 hanc

1885 2557 2289 2627 philosophiam,
2312 2568 2406 2612 eta
2424 2560 2580 2613 rebus
2599 2576 2715 2629 qua:
2740 2570 2859 2616 ante
2880 2563 3060 2617 oculos
3082 2565 3447 2627 obversantur,

1882 2648 1950 2701 ab
1978 2648 2267 2716 imperante
2296 2649 2559 2703 deducens
2586 2664 2785 2719 regem,
2816 2650 3007 2707 deinde
3032 2652 3335 2723 prtei'ectum
3360 2656 3447 2723 qui

1884 2746 2003 2806 post
2028 2753 2203 2806 regem
2222 2746 2368 2793 estet
2390 2739 2480 2793 aeri
2511 2740 2811 2808 respondet,
2845 2741 2967 2794 item
2994 2756 3085 2797 eos
3106 2743 3193 2811 qui
3222 2758 3449 2813 sequun-

1884 2837 1985 2889 tur,
2006 2828 2197 2898 quique
2220 2836 2274 2882 ut
2298 2828 2483 2883 lietiles
2499 2845 2561 2886 ac
2586 2828 2741 2884 ferrei
2768 2841 3229 2899 reprmsentanlur.
3257 2834 3444 2888 Verum

1883 2917 1927 2970 si
1952 2916 2017 2970 ad
2044 2918 2338 2986 sepulcrum
2370 2918 2577 2972 veneris
2598 2960 2610 2981 ,
2643 2918 2849 2973 etiamsi
2876 2920 3173 2975 sexcenties
3203 2921 3274 2975 ibi
3314 2938 3447 2991 quo-

1884 3022 1986 3075 que
2012 3008 2115 3061 vim
2147 3007 2320 3061 facere
2346 3009 2621 3063 videantur
2640 3051 2655 3075 ,
2685 3009 2808 3063 dum
2838 3024 3053 3065 auream
3082 3026 3266 3065 urnam
3294 3013 3449 3068 ador-

1884 3110 2044 3167 nant,
2085 3101 2306 3170 aspicies
2333 3110 2506 3156 tamen
2539 3103 2746 3157 illorum
2772 3103 3009 3157 eamdem
3041 3114 3448 3171 esse‘naturam.

1885 3190 2081 3247 lterum
2103 3193 2227 3247 mihi
2250 3193 2523 3247 considera
2545 3193 2760 3248 divitem
2788 3194 2933 3247 illum
2963 3204 3015 3250 et
3035 3196 3262 3249 vinctum
3282 3194 3449 3264 (Pau-

1886 3282 2007 3350 lus);
2030 3284 2151 3337 item
2187 3282 2331 3337 illum
2356 3284 2568 3337 divitem
2596 3293 2648 3338 et
2674 3284 2740 3337 ad
2764 3292 2948 3338 testam
2973 3299 3137 3354 usque
3168 3300 3449 3354 pauperem

1885 3373 2089 3441 (Iebus)
2122 3392 2134 3426 :
2163 3382 2317 3442 atque
2368 3375 2610 3427 universa
2655 3373 2925 3443 pulverem
2971 3390 3089 3430 esse
3135 3378 3446 3446 eouspicies.

1888 3462 2078 3517 Verum
2100 3462 2338 3516 observa.
2357 3462 2470 3516 Non
2494 3464 2636 3532 prius
2650 3470 2839 3518 cuneta
2867 3465 3034 3531 pulvis
3047 3479 3163 3519 esse
3179 3467 3287 3519 visa
3305 3479 3445 3530 sunt,

1884 3567 2041 3621 quam
2081 3550 2211 3619 lapis
2232 3552 2541 3605 decidisset.
2574 3554 2659 3606 δι.
2694 3570 2712 3602 t
2739 3552 2964 3606 Videbas
2992 3552 3162 3607 donec
3185 3554 3450 3609 abscissus

1885 3650 1967 3694 est
1993 3642 2121 3709 lapis
2141 3640 2205 3695 de
2231 3651 2409 3694 monte
2430 3682 2443 3703 ,
2476 3643 2589 3694 sine
2630 3642 2871 3695 manibus
2897 3658 2911 3694 :
2940 3650 2994 3695 et
3020 3644 3281 3711 percussit
3318 3644 3449 3697 ima-

1884 3732 2082 3800 ginem,
2126 3740 2181 3784 et
2207 3730 2368 3799 pedes
2406 3730 2607 3784 ferreos
2637 3746 2698 3785 ac
2722 3740 2980 3786 testaceos
3011 3750 3024 3785 :
3064 3742 3117 3787 et
3140 3733 3450 3787 comminuit

1884 3837 1977 3877 eos
2001 3822 2053 3875 in
2080 3823 2254 3876 ﬁnem.
2280 3822 2365 3876 55.
2390 3821 2537 3875 Tunc
2558 3823 2875 3877 comminuta
2906 3832 3027 3877 sunt
3051 3824 3264 3877 omnino
3295 3832 3446 3886 testa,

1885 3909 2118 3975 ferrum,
2158 3924 2230 3964 ars
2249 3951 2265 3975 ,
2308 3918 2581 3978 argentum
2609 3952 2625 3976 ,
2652 3926 2836 3963 aurum
2870 3927 2883 3963 :
2913 3921 2966 3965 et
2989 3910 3124 3964 facta
3152 3920 3274 3965 sunt
3298 3915 3467 3980 quasi,

1884 4001 2055 4069 pulvis
2088 4000 2155 4053 de
2192 4014 2315 4052 area
2340 4000 2518 4053 aestiva
2550 4016 2563 4052 :
2590 4007 2643 4052 et
2678 3998 2864 4052 extulit
2888 4013 2948 4052 ea
2975 4000 3253 4054 multitudo
3281 4003 3446 4065 venti,

1884 4099 1938 4143 et
1979 4090 2121 4143 locus
2163 4102 2267 4142 non
2308 4096 2389 4141 est
2431 4089 2672 4142 inventus
2720 4089 2840 4142 illis.
2875 4107 2892 4140 ι
2939 4089 3055 4144 Non
3084 4091 3225 4144 enim
3266 4107 3446 4147 earum

1883 4193 2060 4232 rerum
2100 4186 2286 4232 natura
2313 4178 2518 4245 cognita
2556 4177 2671 4244 fuit,
2712 4177 2880 4232 donec
2908 4180 2983 4232 sol
3008 4178 3225 4248 justitize
3246 4190 3325 4234 est
3353 4196 3448 4234 ex-

1884 4282 2030 4326 ortus
2062 4291 2074 4324 :
2104 4272 2221 4342 quia
2245 4286 2427 4323 aurum
2457 4286 2558 4324 non
2588 4286 2774 4325 aurum
2800 4280 2898 4325 est.
2951 4271 3079 4325 Vide
3114 4279 3291 4329 autem
3314 4282 3367 4325 et
3395 4273 3447 4324 in

1884 4362 1981 4415 hac
2003 4362 2111 4430 ipsa
2134 4376 2191 4415 re
2217 4376 2319 4413 non
2337 4369 2455 4429 post
2470 4360 2855 4422 contritioncm,
2886 4358 2979 4412 sed
3000 4360 3258 4418 stantibus
3276 4359 3447 4413 adimo

1883 4452 2149 4517 omnibus,
2193 4450 2388 4503 nullam
2418 4450 2688 4503 materiam
2716 4450 2819 4504 alia
2856 4464 2973 4503 esse
3001 4450 3442 4519 praestantiorem.

1886 4543 2034 4606 Vide,
2062 4552 2113 4595 et
2142 4550 2376 4608 aspectu,
2408 4550 2460 4595 et
2488 4548 2737 4609 tempore,
2769 4552 2819 4595 et
2844 4542 3091 4610 qualitate
3119 4551 3321 4596 tantum
3353 4542 3447 4595 has

1884 4631 1984 4683 illis
2009 4644 2125 4683 esse
2152 4629 2418 4682 meliores.
2467 4628 2590 4683 ldeo
2615 4630 2756 4683 enim
2777 4630 2913 4684 Deus
2939 4646 3122 4687 aurum
3148 4646 3355 4702 quoque
3380 4632 3447 4687 de

1885 4732 2021 4775 terra
2051 4720 2191 4783 fecit,
2216 4721 2418 4774 utnihil
2440 4736 2693 4789 magnum
2711 4722 2777 4776 de
2805 4722 2896 4778 illo
2922 4723 3241 4794 imagineris.
3274 4725 3446 4792 Quare

1883 4821 2056 4865 autem
2082 4827 2299 4880 regnum
2329 4811 2857 4867 Nabuchodonosoris
2878 4824 3030 4869 vocat
3058 4831 3295 4881 aureum,
3320 4816 3422 4869 Per

1882 4916 2056 4954 sarum
2082 4909 2256 4955 autem
2286 4912 2609 4971 argenteum,
2638 4903 2984 4959 Macedonum
3010 4921 3225 4968 arreum,
3254 4906 3444 4959 Roma-

1883 5005 2068 5043 norum
2122 4990 2353 5046 ferreum
2412 5003 2570 5062 atque
2617 4997 2941 5047 testaceum?
2989 4995 3116 5047 Vide
3165 4995 3448 5065 dispositas

1882 5080 2259 5135 convenienter
2288 5083 2551 5135 materias.
2603 5082 2731 5135 Nam
2762 5098 2945 5136 aurum
2984 5083 3193 5140 divitias
3230 5086 3444 5155 quidem

1883 5179 2266 5237 reprmsentat:
2301 5171 2581 5225 invalidum
2622 5181 2704 5225 est
2742 5182 2949 5236 autem,
2995 5182 3051 5228 et
3096 5175 3162 5228 ad
3206 5175 3443 5231 fraudem

1880 5272 2037 5329 atque
2064 5261 2129 5313 ad
2166 5269 2405 5314 ornatum
2435 5276 2497 5315 ac
2539 5261 2983 5329 magnificentiam
3024 5264 3191 5334 magis
3231 5280 3443 5319 accom-

1883 5350 2172 5403 modatum.
2215 5349 2301 5404 Sic
2335 5359 2387 5403 et
2426 5365 2640 5418 regnum
2674 5351 3017 5419 Babylonium
3046 5353 3251 5406 barbari
3282 5355 3441 5408 illius.

1883 5441 2099 5495 Multum
2123 5456 2284 5511 penes
2322 5440 2493 5511 ipsum
2522 5451 2574 5495 et
2604 5443 2741 5510 apud
2771 5444 3021 5498 barbaros
3042 5453 3155 5499 erat
3181 5446 3291 5497 auri
3325 5463 3337 5497 :
3372 5446 3442 5499 ibi

1883 5546 2109 5601 namque
2156 5532 2392 5586 feruntur
2440 5547 2558 5585 esse
2616 5534 2845 5587 metalla.
2904 5535 3106 5588 Etenim
3155 5549 3188 5587 a
3222 5534 3441 5588 Seribus

1882 5623 2078 5677 divitiae
2104 5639 2304 5694 magnas
2336 5632 2638 5692 portantur,
2676 5624 2769 5679 sed
2805 5625 3031 5679 inutiles.
3068 5625 3235 5694 Caput
3265 5634 3442 5679 autem

1888 5720 2145 5780 occupat,
2190 5714 2309 5783 quia
2336 5729 2553 5786 regnum
2594 5714 2719 5771 illud
2748 5714 2840 5770 fuit
2870 5714 3115 5787 primum.
3166 5714 3442 5777 Persarum
