4016 6492
546 425 657 479 207

544 537 668 576 vero
709 521 987 591 imperium
1032 534 1136 575 non
1161 520 1294 576 adeo
1324 523 1633 591 cpulentum
1680 521 1777 577 fuit
1805 540 1818 577 :
1845 523 1982 578 sicut
2013 538 2110 578 nec

542 610 884 666 Macedonum
919 629 932 664 :
976 621 1030 665 at
1061 610 1416 666 Romanorum
1439 613 1619 669 utilius
1641 627 1703 667 ac
1729 612 1952 678 fortius;
1981 621 2112 667 tem-

542 718 671 772 pore
694 702 905 773 quidem
938 703 1199 772 posterius
1220 743 1235 769 ,
1286 717 1447 771 quare
1484 712 1537 757 et
1580 703 1771 770 pedum
1802 704 1972 757 locum
2011 702 2110 757 ob-

544 794 692 844 tinet.
747 793 912 846 Porro
941 801 1061 846 sunt
1105 791 1258 859 hujus
1301 793 1450 861 regni
1491 793 1730 861 quaedam
1773 792 2009 858 infirma,
2058 800 2113 846 ct

541 882 779 952 quaedam
821 882 1138 936 robustiora.
1182 881 1326 935 Talis
1367 890 1452 936 est
1497 881 1768 935 hominum
1812 889 2110 935 monstrosa

541 972 789 1027 varietas.
834 970 903 1025 Et
932 988 1044 1024 cum
1069 972 1400 1042 multiplicata
1427 971 1605 1039 fuerit,
1643 972 1826 1040 inquit,
1856 970 2107 1038 iniquitas,

539 1063 824 1132 refrigescet
852 1063 1035 1115 caritas
1061 1061 1332 1113 multorum
1361 1059 1572 1129 (Matth.
1597 1060 1687 1112 24.
1721 1058 1830 1126 12).
1881 1058 2110 1112 Caritate

539 1163 714 1205 autem
756 1149 1110 1220 frigescente,
1166 1164 1384 1204 necesse
1417 1157 1500 1203 est
1530 1148 1831 1204 inimicitias
1876 1157 1928 1201 et
1972 1148 2110 1201 bella

537 1241 708 1295 oriri:
738 1255 964 1309 eumque
1003 1239 1337 1293 insidiatores
1379 1253 1442 1293 ac
1483 1237 1661 1292 hostes
1698 1237 1840 1301 sint,
1869 1236 2112 1290 homines

539 1345 755 1386 necesse
783 1339 865 1384 est
889 1330 1072 1385 eodem
1103 1329 1261 1384 modo
1287 1329 1426 1382 inter
1453 1343 1511 1383 se
1537 1327 1822 1396 congredi,
1851 1343 1955 1396 quo
1976 1335 2108 1380 testa

538 1436 658 1474 cum
689 1421 848 1474 ferro.
875 1420 1017 1475 Sicut
1041 1419 1181 1472 enim
1204 1418 1317 1472 haec
1345 1427 1534 1472 natura
1557 1417 1823 1481 differunt,
1857 1431 1953 1470 nec
1973 1416 2107 1469 inter

538 1524 596 1564 se
616 1509 1000 1578 conjungentur
1021 1523 1265 1578 umquam
1298 1525 1310 1561 :
1344 1509 1413 1561 ita
1435 1515 1489 1562 et
1506 1507 1613 1561 illa.
1633 1506 1744 1562 Hoc
1762 1515 1816 1560 et
1838 1504 2109 1576 propheta:

536 1607 593 1654 et
615 1599 838 1668 apostoli
863 1608 1124 1652 asserunt.
1154 1598 1327 1664 Quare
1350 1607 1404 1651 et
1427 1596 1811 1652 consummatio
1836 1595 2104 1663 deinceps.

537 1691 685 1746 Sicut
712 1691 850 1746 enim
895 1691 1219 1759 temporibus
1241 1689 1351 1746 Noe
1373 1731 1389 1755 ,
1430 1699 1707 1760 postquam
1734 1687 1930 1741 malitia
1961 1687 2109 1740 inva-

538 1785 654 1849 luit,
686 1783 939 1837 diluvium
965 1783 1180 1853 contigit
1206 1801 1220 1837 :
1249 1782 1320 1837 ita
1349 1790 1404 1836 et
1443 1794 1603 1835 nunc.
1655 1779 1723 1834 Et
1749 1779 1887 1833 sicut
1913 1793 2108 1847 corpus

537 1889 736 1944 trgrum
759 1915 775 1938 ,
808 1889 927 1930 cum
956 1874 1021 1928 ad
1061 1874 1279 1928 delicias
1305 1875 1540 1938 venerit,
1584 1881 1708 1926 tunc
1747 1871 1919 1940 perit:
1950 1870 2027 1924 sic
2056 1879 2110 1926 et

540 1967 787 2021 mundus.
835 1966 890 2021 Si
933 1966 1073 2022 enim
1098 2006 1114 2032 ,
1153 1964 1366 2037 quando
1407 1964 1600 2018 iuerint
1627 1962 1861 2032 quinque
1884 1959 2013 2030 justi
2055 1961 2106 2014 in

537 2059 778 2122 civitate,
812 2058 886 2113 illi
929 2057 1159 2126 parcitur
1187 2074 1200 2110 :
1231 2054 1396 2109 multo
1422 2053 1589 2122 magis
1610 2062 1664 2107 et
1688 2050 1885 2106 mundo
1904 2065 2024 2104 cum
2055 2050 2108 2104 in

538 2163 604 2202 co
632 2158 755 2203 sunt
780 2147 908 2216 justi
949 2147 1238 2200 secundum
1283 2144 1694 2214 proportionem.
1745 2142 1834 2197 55.
1866 2140 1930 2194 Ει
1955 2140 2105 2210 lapis,

537 2239 622 2304 qui
651 2238 891 2309 percussit
916 2238 1202 2308 imaginem,
1231 2238 1394 2305 [actus
1419 2245 1492 2288 est
1510 2235 1563 2288 in
1590 2242 1806 2287 montem
1835 2247 2070 2300 magnum
2088 2269 2103 2293 ,

538 2339 584 2383 et
609 2329 830 2398 implevit
857 2329 1137 2381 universam
1162 2337 1364 2381 terram.
1409 2325 1564 2394 Lapis
1583 2364 1598 2390 ,
1629 2323 1816 2392 inquit,
1848 2322 2021 2375 cecidit
2047 2322 2108 2376 de

539 2431 722 2474 monte.
753 2419 885 2474 Vide
911 2419 1141 2488 quando.
1167 2417 1281 2472 Non
1302 2413 1583 2485 cumquod
1605 2428 1822 2468 aureum
1847 2421 1980 2476 erat,
2011 2427 2108 2466 ne-

539 2529 643 2583 que
668 2527 784 2567 cum
807 2509 946 2580 quod
968 2518 1273 2579 argenteum
1299 2547 1313 2570 ,
1346 2521 1516 2575 neque
1550 2519 1668 2559 cum
1697 2502 1837 2571 quod
1861 2517 2056 2556 aereum
2092 2517 2106 2553 :

539 2603 633 2659 sed
663 2618 781 2657 cum
828 2601 1025 2655 ferrum
1075 2598 1338 2669 apparuit,
1388 2595 1597 2657 Cecidit,
1626 2593 1812 2662 inquit,
1839 2593 1902 2645 de
1927 2599 2108 2645 monte.

538 2696 879 2753 Altitudinem
908 2693 1164 2756 indicans,
1186 2689 1264 2743 De
1286 2698 1471 2754 monte,
1498 2685 1647 2740 dixit.
1664 2683 1768 2739 Sed
1794 2697 1970 2738 coram
1990 2695 2112 2751 rege

539 2787 769 2843 ostendit
787 2786 854 2840 de
867 2787 1025 2840 rebus
1047 2781 1288 2837 humanis
1305 2779 1569 2834 somnium
1589 2791 1727 2831 esse.
1751 2774 1907 2844 Lapis
1921 2782 2106 2839 autem,

541 2877 741 2947 inquit,
773 2877 948 2928 cecidit
975 2874 1039 2926 de
1063 2882 1250 2926 monte.
1289 2868 1508 2924 Arhitrii
1531 2866 1831 2921 libertatem
1855 2863 2106 2926 declarat,

540 2976 595 3021 et
617 2965 758 3037 quod
779 2964 830 3018 vi
850 2963 1066 3018 adactus
1082 2977 1186 3015 non
1210 2963 1296 3013 sit.
1322 2959 1498 3028 Neque
1513 2958 1656 3011 enim
1671 2954 1821 3019 dixit,
1842 2951 2114 3020 Projectus

539 3067 651 3123 est;
674 3057 789 3123 sed,
815 3055 1001 3110 Cecidit
1029 3056 1090 3106 de
1114 3063 1299 3106 monte.
1319 3051 1450 3105 Rem
1470 3049 1802 3116 inopinanter
1823 3059 1885 3098 ac
1901 3043 2113 3098 nemine

539 3149 739 3205 sciente
755 3145 941 3201 factam
959 3145 983 3198 Ι·
981 3144 1120 3198 uisse
1131 3143 1388 3211 designat.
1409 3139 1478 3193 Et
1489 3139 1732 3192 abscissus
1743 3145 1817 3190 est
1831 3134 1938 3189 sine
1953 3133 2116 3186 mani-

543 3241 648 3295 bus.
668 3237 1072 3294 Generationem
1089 3232 1376 3289 secundum
1392 3244 1602 3284 carnem
1622 3225 1809 3281 innuit.
1823 3223 2115 3280 SoletSeri-

545 3341 695 3401 plura
716 3329 909 3384 montis
929 3327 1141 3381 nomine
1158 3327 1317 3380 etiam
1338 3321 1584 3377 mulieres
1605 3319 1802 3373 donare
1823 3334 1835 3369 :
1854 3312 2112 3384 quemad-

545 3420 760 3476 modum
776 3433 894 3473 cum
909 3417 1068 3472 dixit:
1088 3414 1173 3468 Eat
1188 3417 1327 3484 fouea
1340 3411 1473 3465 unde
1483 3410 1649 3476 eﬂ'ossi
1662 3405 1999 3476 estis(lsai.5l
2016 3402 2110 3472 Δ).

547 3513 616 3567 Et
635 3526 776 3580 stupe
799 3509 1042 3564 Christus
1071 3503 1258 3574 lapidis
1284 3516 1475 3556 nomen
1501 3499 1708 3567 accipit,
1724 3505 1938 3565 propter
1952 3492 2114 3548 stabi-

546 3607 768 3661 litatem.
799 3603 966 3670 Super
984 3615 1128 3669 quem
1156 3605 1322 3650 autem
1349 3591 1599 3655 ceciderit,
1623 3588 1920 3644 comminuet
1945 3585 2112 3650 illum,

548 3695 754 3764 inquit.
783 3693 928 3761 quasi
957 3689 1207 3756 pulverem
1244 3685 1306 3738 de
1341 3697 1460 3735 area
1498 3681 1668 3734 testim
1707 3675 1856 3746 (an.
1879 3673 1969 3728 20.
1999 3672 2112 3740 l8).

552 3788 646 3841 Hic
669 3785 900 3840 declarat
927 3795 1088 3849 regna
1115 3794 1219 3832 non
1243 3790 1396 3844 posse
1421 3773 1727 3826 subsistere.
1759 3768 1824 3820 Et
1852 3765 2025 3820 extulit
2058 3779 2116 3816 ea

549 3875 853 3930 vehementia
895 3871 1056 3936 venti,
1102 3877 1149 3921 et
1195 3867 1331 3919 locus
1372 3879 1474 3918 non
1517 3871 1588 3915 est
1622 3861 1848 3912 inventus
1874 3859 1995 3909 illis.
2039 3856 2113 3910 lta

549 3982 775 4036 namque
803 3969 1110 4020 evertuntur
1133 3971 1316 4027 regna,
1339 3953 1488 4023 quasi
1511 3951 1557 4005 si
1587 3963 1871 4017 numquam
1900 3946 2115 3999 fuerint.

549 4061 613 4114 Et
630 4061 794 4128 factus
825 4067 894 4109 est
917 4054 1046 4121 lapis
1069 4053 1121 4104 in
1149 4057 1365 4102 montem
1392 4058 1650 4114 magnum.
1680 4040 1806 4094 Vide
1823 4047 1881 4092 ut
1907 4044 2118 4106 aposto-

550 4125 724 4206 lor-um
754 4147 914 4200 verba
943 4153 1108 4197 totum
1153 4139 1335 4194 orbem
1367 4145 1627 4190 terrarum
1651 4128 1993 4198 repleverint.
2022 4125 2120 4195 lgi-

549 4249 638 4295 tur
662 4237 796 4307 lapis
840 4234 930 4287 ille
956 4227 1235 4300 aliquando
1259 4225 1449 4279 dicitur
1478 4235 1632 4274 mons
1651 4259 1667 4284 ,
1700 4215 1982 4286 aliquando
2027 4230 2122 4268 au-

551 4342 657 4384 tem
713 4323 1010 4395 angularis,
1068 4314 1348 4387 aliquando
1395 4324 1523 4365 vero
1576 4308 2007 4370 fundamentum,
2062 4311 2121 4356 ut

549 4391 822 4475 edocearis
847 4427 966 4468 eum
993 4409 1167 4463 omnia
1195 4404 1436 4473 implere.
1464 4399 1614 4454 Mons
1642 4396 1780 4459 ideo,
1804 4394 1924 4462 quia
1945 4391 2121 4444 omnia

550 4510 789 4566 continet
820 4521 833 4556 :
880 4501 1145 4570 angularis
1175 4496 1312 4557 ideo,
1341 4493 1460 4562 quia
1484 4491 1728 4544 universa
1761 4486 1812 4539 in
1845 4486 1958 4551 ipso
1995 4497 2123 4535 con-

550 4601 732 4654 stituta
773 4600 914 4649 sunt.
959 4590 1080 4645 Ideo
1114 4586 1532 4644 fundamentum,
1557 4587 1611 4632 et
1651 4575 1774 4629 vitis
1812 4572 1986 4627 radix.
2013 4570 2122 4640 Ego

553 4691 692 4744 enim
719 4702 828 4740 sum
854 4683 996 4747 vitis,
1025 4696 1107 4733 vos
1135 4677 1363 4749 palmites
1409 4671 1584 4741 (Joan.
1619 4669 1705 4722 15.
1734 4667 1814 4735 5).
1836 4663 1922 4719 36.
1953 4681 1970 4713 ‹
2011 4662 2122 4716 Hoc

553 4791 634 4835 est
659 4779 920 4833 somnium
941 4815 956 4839 ,
983 4793 1006 4825 ›
1027 4771 1212 4839 inquit,
1237 4785 1257 4818 ι
1285 4775 1338 4820 et
1361 4764 1476 4833 ejus
1500 4759 1859 4828 conjecturam
1887 4755 2123 4807 dicemus

557 4883 737 4922 coram
769 4879 911 4934 rege.
943 4864 1029 4916 5⁸7.
1079 4860 1158 4914 Tu
1209 4873 1267 4911 es
1294 4871 1388 4909 rex
1427 4866 1632 4921 regum.
1662 4847 1782 4901 Tibi
1829 4846 1966 4934 Deus
2006 4842 2123 4934 calli

556 4971 778 5028 regnum
830 4931 965 5007 lorte
1003 4959 1055 5004 ct
1097 4945 1331 5000 validum
1381 4951 1438 4996 ct
1471 4941 1785 4994 honoratum
1815 4933 1979 4995 dedit,
2030 4931 2123 5028 :58.

559 5022 794 5103 in'omni
846 5045 982 5105 loco,
1027 5040 1113 5094 ubi
1168 5036 1407 5090 habitant
1449 5032 1538 5086 lilii
1579 5029 1850 5082 hominum
1885 5041 1897 5075 :
1935 5032 1988 5077 et
2030 5022 2124 5076 be-

559 5139 692 5195 stias
722 5135 852 5204 agri,
885 5142 938 5186 et
973 5130 1215 5184 volucres
1266 5124 1381 5178 (ιωιὶ
1427 5119 1572 5175 dedit
1621 5119 1673 5171 in
1713 5129 1872 5170 manu
1923 5122 2046 5165 tua:
2076 5117 2130 5163 et

562 5202 833 5283 constituit
872 5232 922 5275 te
959 5221 1227 5273 dominum
1269 5213 1524 5268 omnium.
1562 5227 1580 5262 ι
1615 5207 1898 5274 Postquam
1924 5202 2018 5256 Dei
2045 5215 2134 5271 po.

564 5320 780 5371 tentiam
810 5308 1208 5371 demonstravit,
1263 5313 1389 5357 tunc
1430 5315 1549 5355 cum
1596 5296 1782 5351 ﬁducia
1810 5294 2131 5362 praeconium

565 5407 722 5459 etiam
754 5400 991 5456 veritatis
1020 5397 1118 5465 ipsi
1150 5393 1417 5463 prmdicat.
1446 5390 1512 5444 Et
1537 5387 1656 5440 vide
1676 5392 1870 5454 quanta
1900 5396 2020 5436 cum
2056 5395 2135 5433 as—

568 5495 885 5553 sentationc,
917 5496 1219 5559 quantoque
1237 5497 1354 5536 cum
1387 5481 1588 5534 honore
1614 5487 1911 5534 sermonem
1935 5471 2134 5524 immit-

569 5594 645 5640 tat
675 5583 768 5652 (a).
803 5598 820 5632 ι
848 5580 929 5634 Tu
953 5592 1029 5642 es,
1062 5595 1082 5628 ι
1102 5573 1289 5642 inquit,
1316 5584 1451 5623 srex
1481 5581 1688 5636 regum.
1718 5563 1835 5617 Tibi
1858 5562 1994 5616 Deus
2021 5560 2140 5615 cteli

631 5734 702 5794 (α)
729 5732 1147 5794 Mit‘umquantttnt
1162 5724 1206 5794 in
1231 5720 1588 5794 laudes‘regutln
1608 5715 1759 5794 θίξιεὲ
1782 5712 2138 5794 antiquitas:

574 5797 607 5843 ι
629 5772 1250 5854 ὺῐὲἁῷῗὲἆῑζὶόζδυάιιιιω
1295 5783 1369 5841 ιι,
1405 5782 1453 5840 5,
1476 5772 1602 5827 ista.
1633 5778 1710 5837 to,
1737 5777 1778 5825 ι.
1805 5772 2054 5824 Aiscb‘uies
2073 5772 2137 5822 de

1279 407 1339 465 S.
1377 409 1654 468 JOANNIS
1689 411 2158 470 CHRYSOSTOHI
2185 414 2498 474 ARClllEP.
2538 420 3067 483 CONSTANTINOP.

3682 453 3796 508 208

2218 539 2435 593 regnum
2480 527 2616 586 forte
2669 541 2722 584 et
2768 534 2996 588 validum
3046 543 3100 590 et
3161 535 3470 594 honoratum
3530 541 3682 596 dedit
3731 547 3783 598 in

2214 619 2359 671 omni
2415 619 2570 684 loco,
2629 620 2717 676 ubi
2774 623 3009 678 habitant
3064 627 3157 680 filii
3203 628 3469 684 hominum
3520 650 3534 684 :
3581 641 3637 686 et
3691 632 3789 687 be-

2212 709 2340 761 stias
2386 712 2516 778 agri,
2566 720 2619 766 et
2668 713 2910 770 volucres
2955 717 3068 770 cmli
3119 716 3262 771 dedit
3313 720 3363 773 in
3410 735 3564 774 manu
3606 730 3724 776 tua.
3762 739 3782 773 ι

2211 797 2325 853 Non
2370 801 2497 855 solis
2529 801 2843 870 hominibus,
2873 806 2958 874 qui
2988 806 3220 874 ejusdem
3251 818 3416 863 tecum
3465 813 3677 879 generis
3724 826 3788 866 ac

2213 897 2411 942 natum
2437 901 2579 955 sunt,
2610 893 2702 946 sed
2724 895 2878 947 etiam
2901 895 3129 959 deserto,
3157 906 3210 949 et
3239 897 3319 962 iis,
3337 899 3592 969 quisupra
3619 911 3787 970 caput

2212 986 2365 1043 sunt,
2395 978 2641 1048 imperas.
2675 982 2865 1049 Aspice
2903 986 3164 1052 quomodo
3200 987 3487 1042 ostenderit
3524 989 3657 1043 illud
3687 991 3783 1044 Dei

2212 1065 2427 1128 donum,
2463 1069 2601 1136 quod
2624 1071 2676 1123 in
2703 1071 2956 1139 principio
2985 1073 3173 1126 factum
3200 1084 3315 1128 est:
3362 1075 3426 1127 Et
3447 1077 3782 1132 dominamini

2212 1156 2426 1222 piscibus
2448 1159 2620 1225 maris,
2645 1169 2691 1212 et
2728 1160 3008 1214 volatilibus
3029 1163 3137 1215 σαίιὲ
3158 1164 3174 1231 (
3193 1162 3318 1216 Gen.
3351 1165 3402 1217 1.
3432 1165 3534 1235 28)
3557 1183 3571 1229 ;
3607 1177 3666 1221 ut
3691 1168 3783 1221 di—

2212 1258 2328 1299 scas
2356 1246 2522 1301 Deum
2561 1249 2855 1304 solitudinis
2889 1250 3046 1304 etiam
3073 1267 3191 1306 esse
3217 1254 3569 1320 conditorem,
3600 1265 3657 1310 et
3696 1258 3783 1311 fe-

2212 1349 2386 1388 rarum
2430 1352 2640 1406 quoque
2684 1339 2967 1404 factorem;
3025 1356 3127 1394 non
3167 1351 3338 1395 autem
3379 1355 3780 1400 mansuetorum

2209 1424 2549 1479 animantium
2592 1427 2884 1482 dumtaxat.
2930 1427 2998 1480 Et
3032 1430 3082 1482 in
3109 1432 3244 1483 omni
3271 1431 3407 1496 loco,
3435 1433 3517 1485 ubi
3546 1434 3782 1487 habitant

2208 1515 2303 1581 ﬁlii
2329 1514 2604 1581 hominum,
2647 1517 2733 1570 tibi
2765 1534 2970 1588 regnum
2996 1519 3130 1571 dedit
3177 1518 3309 1573 Deus
3339 1522 3462 1574 cteli.
3489 1521 3604 1575 Non
3657 1539 3780 1577 am-

2210 1603 2348 1670 plius
2371 1602 2497 1660 dicit
2525 1623 2538 1659 :
2570 1605 2663 1659 Est
2683 1605 2817 1660 Deus
2842 1608 2892 1661 in
2913 1609 3053 1661 caelo.
3074 1608 3203 1662 Vide
3222 1619 3279 1662 ut
3311 1611 3554 1679 paulatim
3581 1611 3780 1681 dogma

2208 1691 2440 1748 inducat.
2468 1695 2704 1749 Primum
2725 1697 2862 1750 dixit
2891 1715 2904 1752 :
2934 1697 3044 1752 Illic
3067 1697 3295 1764 habitat;
3329 1714 3395 1754 ne
3415 1700 3552 1754 circa
3574 1710 3778 1755 terram

2211 1783 2375 1839 Deum
2403 1787 2602 1841 versari
2631 1787 3020 1856 imaginaretur.
3050 1789 3118 1842 At
3148 1798 3418 1858 postquam
3447 1790 3574 1844 illud
3609 1791 3777 1845 docu-

2212 1883 2447 1928 mentum
2494 1891 2584 1930 rex
2605 1881 2828 1945 accepit,
2851 1893 3030 1933 rursus
3051 1893 3168 1932 eum
3190 1879 3419 1943 abducit,
3438 1880 3778 1949 ostenditque

2210 1963 2374 2017 Deum
2399 1965 2512 2018 cteli
2538 1979 2745 2036 quoque
2774 1981 2890 2022 esse
2916 1966 3154 2034 opificem
3201 1981 3264 2020 ac
3288 1967 3564 2022 Dominum
3593 1978 3650 2022 et
3673 1970 3778 2022 Do~

2209 2052 2520 2106 minatorem
2553 2071 2566 2106 :
2595 2071 2699 2108 non
2730 2062 2902 2108 tamen
2930 2055 2982 2109 in
3008 2069 3072 2109 eo
3099 2064 3363 2124 utinquam
3387 2057 3436 2108 in
3461 2056 3577 2110 loco
3599 2059 3774 2111 conti-

2213 2144 2350 2207 neri,
2379 2144 2470 2199 sed
2499 2145 2690 2198 ctelum
2719 2145 2883 2214 ipsius
2913 2160 3031 2200 esse
3055 2160 3205 2213 opus.
3224 2145 3351 2199 Nam
3378 2147 3421 2199 si
3451 2148 3564 2200 caui
3591 2148 3773 2200 Domi-

2209 2250 2312 2289 nus
2353 2245 2468 2302 est,
2514 2246 2709 2290 terram
2757 2236 2848 2290 tibi
2873 2235 3001 2290 daie
3039 2244 3234 2305 potest.
3277 2236 3392 2304 ipse
3421 2236 3519 2291 sibi
3550 2237 3775 2306 sumpsit

2209 2328 2418 2391 cmlum,
2442 2337 2494 2382 et
2524 2328 2614 2384 tibi
2641 2335 2835 2382 terram
2861 2328 3074 2396 largitus
3094 2335 3192 2381 est.
3216 2327 3363 2393 Quod
3385 2328 3526 2381 enim
3548 2327 3658 2381 illic
3671 2335 3771 2391 est,

2211 2418 2263 2471 id
2286 2427 2338 2472 tu
2368 2433 2427 2472 cs
2447 2420 2498 2472 in
2525 2427 2698 2484 terra;
2737 2419 2981 2473 omnibus
3004 2433 3194 2486 nempe
3227 2418 3486 2487 superior,
3529 2419 3775 2472 omnibus

2213 2507 2497 2576 imperans,
2521 2508 2753 2561 omnium
2783 2515 2955 2576 caput.
2980 2506 3097 2560 Tibi
3121 2521 3302 2560 eorum
3324 2522 3441 2576 quae
3468 2517 3594 2560 sunt
3618 2521 3778 2576 super

2213 2606 2410 2652 terram
2431 2599 2546 2668 plus
2561 2614 2717 2668 quam
2739 2598 2946 2652 caneris
2961 2597 3240 2663 concessit,
3264 2612 3380 2650 cum
3403 2607 3455 2651 te
3479 2606 3637 2664 caput
3652 2611 3778 2650 con-

2210 2691 2459 2756 stituerit,
2477 2699 2529 2745 et
2549 2705 2764 2761 regnum
2791 2697 2937 2743 tuum
2958 2703 3172 2742 aureum
3191 2704 3252 2743 ex
3275 2703 3403 2743 auro
3417 2702 3546 2756 puro
3569 2686 3777 2741 fecerit.

2219 2797 2238 2832 ‹
2270 2779 2348 2833 Tu
2375 2794 2432 2834 es
2475 2787 2632 2848 caput
2663 2778 3011 2834 aureum.59.
3057 2777 3123 2831 Et
3148 2787 3264 2846 post
3303 2786 3354 2832 te
3394 2787 3645 2846 exsurget
3689 2791 3776 2830 re-

2213 2882 2375 2935 gnum
2413 2868 2552 2921 aliud
2583 2870 2758 2921 miuus
2784 2877 2892 2931 tuo,
2923 2867 3079 2935 idque
3100 2876 3406 2935 argenteum
3431 2883 3445 2919 :
3472 2875 3527 2919 et
3555 2879 3778 2934 regnum

2215 2957 2448 3022 tertium,
2502 2955 2642 3026 quod
2689 2965 2767 3009 est
2804 2970 2908 3020 tes,
2953 2955 3090 3022 quod
3144 2955 3494 3008 dominabitur
3520 2952 3783 3007 universa:

2213 3053 2384 3100 terrae.
2419 3064 2436 3097 ι
2467 3044 2597 3099 Tale
2622 3045 2764 3099 enim
2790 3043 3129 3098 Macedonum
3154 3057 3369 3112 regnum
3392 3042 3508 3096 luit.
3536 3041 3624 3096 40.
3654 3060 3675 3093 ι
3713 3041 3785 3094 Et

2213 3152 2433 3207 regnum
2477 3145 2721 3205 quartum
2770 3135 2910 3204 quod
2962 3143 3044 3189 est
3083 3134 3310 3187 validum
3345 3133 3498 3187 sicuti
3553 3131 3781 3188 ferrum.

2213 3227 2344 3281 Nam
2398 3224 2841 3296 quemadmodum
2885 3223 3088 3276 ferrum
3138 3222 3444 3276 comminuit
3484 3234 3550 3273 ac
3598 3220 3785 3272 domat

2215 3317 2416 3382 omnia,
2456 3315 2534 3369 sic
2562 3314 2741 3368 omnia
2765 3313 3086 3367 comminuet
3108 3325 3169 3364 ac
3196 3309 3447 3364 domabit.
3484 3326 3503 3359 ι
3533 3306 3600 3361 Et
3622 3323 3784 3375 quar-

2216 3418 2354 3473 tum,
2398 3407 2600 3474 inquit,
2641 3404 2694 3458 id
2746 3412 2866 3469 est,
2907 3403 3280 3456 Romanorum.
3332 3398 3554 3452 Nomina
3599 3406 3782 3450 autem

2216 3511 2321 3549 non
2366 3494 2589 3564 profert.
2635 3493 2808 3559 Quare
2845 3491 3076 3558 apertius
3105 3504 3209 3542 non
3245 3497 3326 3542 est
3370 3487 3654 3556 loquutus?
3705 3483 3783 3538 Ne

2215 3585 2367 3640 multi
2394 3583 2750 3637 sacroslibros
2766 3581 3042 3635 abolerint.
3073 3579 3160 3632 41.
3195 3595 3213 3628 ι
3244 3577 3308 3630 Et
3326 3578 3445 3645 quia
3482 3575 3661 3629 vidisti
3693 3588 3787 3644 pe-

2215 3675 2326 3739 des,
2371 3681 2424 3728 et
2461 3673 2668 3742 digitos,
2697 3679 2899 3740 partem
2943 3668 3150 3737 quidem
3172 3666 3446 3734 quamdam
3471 3675 3784 3728 testaceam,

2217 3776 2418 3834 partem
2453 3778 2580 3818 vero
2609 3763 2833 3831 aliquam
2872 3760 3119 3821 ferream,
3152 3771 3366 3826 regnum
3392 3755 3621 3808 divisum
3653 3755 3782 3816 erit,

2217 3864 2270 3910 et
2297 3871 2326 3908 a
2374 3853 2551 3908 radice
2605 3852 2771 3906 ferrea
2805 3850 2905 3904 erit
2943 3849 2994 3901 iu
3043 3861 3128 3912 co,
3160 3843 3598 3913 quemadmodum
3642 3842 3786 3898 vidi-

2218 3947 2285 4000 sti
2339 3944 2536 4000 l'errum
2581 3942 2863 3995 admistum
2890 3947 3035 3993 testae
3062 3938 3235 3989 Iuleae.
3279 3935 3366 3989 42.
3417 3934 3486 3986 Et
3509 3933 3659 4002 digiti
3694 3948 3787 4000 pe-

2217 4036 2363 4102 dum,
2409 4049 2527 4103 pars
2554 4032 2764 4101 quidem
2811 4030 2982 4097 aliqua
3038 4026 3225 4088 ferrea,
3265 4036 3386 4090 pars
3426 4032 3600 4076 autem
3633 4032 3786 4090 qua:-

2217 4124 2340 4179 dam
2379 4130 2541 4176 testea
2574 4137 2588 4172 :
2635 4129 2762 4185 pars
2795 4116 2944 4189 regni
2978 4114 3077 4167 erit
3104 4112 3273 4176 fortis,
3301 4119 3354 4163 et
3383 4114 3449 4168 ab
3481 4124 3546 4165 ea
3578 4104 3785 4175 aliquid

2219 4216 2320 4268 erit
2378 4208 2680 4265 contritum.
2739 4205 2825 4259 45.
2873 4204 2939 4256 Ει
2978 4204 3096 4272 quia
3148 4201 3323 4254 vidisti
3364 4198 3560 4252 ferrum
3610 4195 3790 4250 admi-

2220 4313 2362 4358 stum
2398 4309 2545 4355 testae
2594 4298 2783 4360 Iuleae;
2829 4292 3307 4348 commiscebuutur
3348 4290 3400 4342 in
3439 4287 3645 4340 semine
3681 4287 3784 4338 ho-

2222 4391 2421 4444 minum
2463 4404 2476 4440 :
2533 4397 2585 4440 et
2655 4400 2761 4438 non
2810 4383 3184 4446 adltmrebunt,
3233 4381 3369 4431 sicut
3419 4376 3617 4430 ferrum
3678 4388 3790 4429 nol

2225 4479 2547 4533 immiscetur
2582 4488 2700 4527 eum
2744 4481 2895 4526 testa.
2923 4489 2941 4521 ι
2994 4469 3211 4541 Quando
3237 4466 3354 4520 idin
3376 4465 3632 4519 Romanis
3657 4478 3793 4516 con-

2226 4567 2375 4638 tigit?
2405 4563 2562 4620 Vides
2591 4563 2706 4616 haec
2731 4576 2892 4632 regna
2914 4559 3037 4613 talia
3063 4553 3262 4612 fuisse?
3281 4551 3391 4607 Nec
3417 4554 3468 4608 in
3493 4553 3562 4608 iis
3599 4563 3796 4604 omnes

2224 4682 2390 4731 Xerxe
2417 4693 2429 4728 :
2457 4685 2605 4726 Ausus
2626 4673 2677 4724 in
2699 4669 2905 4736 epistolis
2935 4666 3168 4736 scribere,
3195 4678 3245 4714 se
3272 4676 3372 4714 esse
3637 4659 3802 4736 litauit

2225 4723 2639 4793 {Haemum
2671 4723 2858 4795 ab'ortu
2880 4742 3024 4791 usque
3061 4727 3124 4776 ad
3158 4723 3399 4795 occasum.
3424 4723 3555 4795 solis.
3581 4730 3804 4795 ἶιοςωιιεξθ

2226 4782 2667 4858 ἶῖέίῑεῖἑζξὶιίἷὶὲᾶε
2689 4794 2830 4858 tertia
2861 4805 2873 4839 :
2905 4782 3002 4839 Rea:
3029 4787 3325 4856 Assyriorum
3344 4782 3803 4858 ίζιᾳᾷξβξῳξνίδὶςξε

2227 4844 2444 4919 sese},
2464 4844 2629 4920 ’ἰὰ-τω
2677 4853 2952 4920 Diodotum
3000 4844 3322 4920 Assyl'io.’3"?,‘_
3336 4844 3629 4920 PF?"‘.‘.’"E’.“'.L

2228 4903 2666 4982 ἷιῖιῖιῖιῖὶῖἷιρῗείῖὶὶὺίτ,Δ
2681 4911 2847 4963 currui
2870 4903 2952 4982 suo
2971 4903 3486 4982 regeiisiitbjungensz‘et
3503 4903 3706 4982 diiipsi:

2228 4965 2534 5043 ὶῐὶιέῖεόᾰὲἠί
2551 4965 2698 5043 meo
2720 4986 2813 5043 σμο
2836 4969 2997 5043 mari
3010 4965 3075 5043 .«w
3099 4965 3237 5043 εσεέξδ,
3250 4965 3498 5043 aliter?
3530 4965 3807 5043 53:15:55:

2231 5023 2867 5092 iiiiﬁéi'iﬁiiiziii'ami'mus,
2905 5039 2959 5092 et
2989 5030 3104 5092 deus
3139 5023 3493 5092 appellabatur.
3519 5023 3808 5092 Ammianus

2232 5083 2717 5153 iiin‘EEéiiiiiis'iiii.“ts
2743 5083 2753 5142 έ
2782 5083 2878 5152 Quo
2908 5090 2988 5140 ille
3012 5083 3319 5153 Constantius
3340 5084 3504 5153 studio
3539 5083 3812 5153 blanditia-

2231 5143 2842 5223 iiipiiéiiiiiieiié'statuetis,
2859 5143 3458 5223 imnt‘wtemquese‘deinde
3475 5144 3664 5223 {origo
3674 5143 3812 5223 gigni

2232 5204 2560 5273 nim-"talitatis"
2571 5204 2870 5274 incommodo
2910 5211 3111 5274 fidenter
3125 5204 3134 5210 ’
3156 5207 3452 5259 eaistimans,
3501 5204 3759 5274 confestim
3783 5217 3816 5250 α

2231 5269 2685 5344 ἶιίςὶῖέίᾰςάεειίηζιυὶι
2709 5269 3181 5344 ἱεαῄἰῃιεήιρςζρηῑςςε
3223 5269 3816 5344 u‘tuq’ferntntatint‘pﬁaﬁ

2234 5325 2515 5406 Eiiibitégf
2527 5325 2790 5406 subsereret
2818 5335 2924 5406 ipse
2943 5325 2951 5331 ’
2963 5325 3215 5406 άξειαηᾴόῖ¹
3226 5325 3587 5406 scribendoque

2234 5384 2706 5454 Eiiii'éiiixibﬁe
2723 5384 2772 5446 se
2796 5384 3037 5443 dominum
3059 5387 3337 5454 appellaret.
3378 5388 3456 5454 His
3480 5391 3532 5431 et
3567 5384 3816 5451 similibus

2237 5452 2379 5528 plena
2402 5471 2515 5512 sunt
2551 5467 2776 5528 veterum
2802 5456 2991 5528 scripta.
3019 5452 3550 5528 cnstititqu-e“
3572 5454 3816 5528 m‘e‘t't‘w‘r‘i‘a

2237 5505 2724 5578 iibiih"eﬁid}'ctii'iam
2745 5515 2868 5565 tituli
2889 5505 2981 5578 non
3013 5505 3554 5578 displicuerunt.‘_9mitti
3597 5516 3698 5578 non
3723 5505 3817 5578 de-

2239 5563 2698 5635 i32i"i6éii§‘s$iinin
2713 5563 2929 5638 episcopi
2963 5563 3260 5638 Massiliensis
3288 5569 3352 5638 iu.
3371 5563 3452 5638 lib.
3484 5566 3517 5638 ly
3542 5564 3619 5638 ad
3643 5564 3816 5638 Eccles-

2242 5623 2697 5698 §i§HE§dBMﬁig
2712 5623 2772 5685 dé
2790 5623 2969 5684 eodem
2991 5634 3174 5698 quippe
3187 5624 3643 5698 sabuchodonosoro
3661 5623 3820 5698 loqui:

2244 5695 2320 5756 tur
2347 5721 2357 5752 :
2385 5714 2545 5753 sermo
2566 5695 2821 5760 eratcum
2842 5709 2970 5760 rege,
2995 5699 3038 5742 et
3062 5695 3254 5760 quidem
3277 5698 3385 5753 cum
3418 5697 3529 5746 rege
3551 5697 3644 5733 non
3672 5695 3818 5734 nium

2248 5747 2601 5825 ἱιῖὺίδξὲὲᾶξυῖ
2614 5768 2720 5810 tunc
2742 5747 3006 5818 videbitur,
3025 5747 3162 5802 totius
3185 5747 3324 5797 orbis.
