4016 6456
238 359 355 416 207

255 461 501 531 ’Δγάπης
547 461 603 516 δὲ
651 462 981 534 ψυγομένης,
1027 462 1236 532 ἀνάγκη
1285 460 1482 531 ἔχθρας
1530 457 1667 514 εἷναι
1715 463 1807 514 καὶ

242 547 514 614 πολέμους
537 563 551 577 ·
626 549 732 603 τῶν
793 548 1243 601 ἐπιϐουλευόντων
1302 547 1466 599 όντων
1541 549 1633 599 καὶ
1701 547 1810 599 τῶν

243 633 475 700 ἐχθρῶν,
518 635 728 704 ἀνάγκη
769 637 1003 686 συνεῖναι
1035 634 1158 696 τοὺς
1199 632 1512 701 ἀνθρώπους
1541 633 1808 702 ἀλλήλοις,

243 719 433 789 ὥσπερ
456 719 534 787 τῷ
560 720 760 789 σιδήρῳ
784 720 876 772 τὸν
902 721 1186 789 δστρακον.
1209 719 1471 788 Καθάπερ
1507 720 1603 788 μὲν
1630 720 1812 772 ἐκεῖνα

242 807 313 872 ’τῇ
341 804 499 872 φύσει
533 805 832 873 διέστηκεν,
853 805 946 856 καὶ
983 805 1081 856 οὐκ
1102 803 1169 856 ἀν
1200 804 1442 873 ἀλλήλοις
1469 805 1772 873 ὁμιλήσειεν
1791 823 1806 839 ο

245 889 390 942 οὕτω
410 892 503 941 καὶ
531 889 718 942 ταῦτα.
756 890 924 941 Τοῦτο
961 889 1052 940 καὶ
1088 890 1137 940 οἱ
1168 890 1437 957 προφῆται
1475 892 1566 942 καὶ
1594 892 1640 941 οί
1671 891 1805 943 ἀπό-

247 975 425 1026 στολοι
454 975 683 1040 λέγουσι,
711 976 799 1026 Διὸ
829 977 917 1026 καὶ
941 974 1214 1026 συντέλεια
1237 975 1438 1028 λοιπόν.
1465 976 1672 1045 ’Ὠσπερ
1702 978 1807 1049 γάρ

247 1059 341 1112 ἐπὶ
389 1059 482 1112 τοῦ
534 1059 676 1125 Νῶε,
731 1060 828 1128 τῆς
869 1061 1063 1121 κακίας
1095 1059 1459 1129 ἐπιταθείσης,
1511 1063 1730 1128 γέγονεν
1779 1064 1808 1114 6

245 1145 656 1213 κατακλυσμόςο
708 1145 845 1196 οὕτω
904 1145 995 1197 καὶ
1047 1144 1157 1197 νῦν.
1207 1145 1595 1214 Καὶςκαθάπερ
1652 1147 1807 1216 σῶμα

245 1231 471 1298 κάμνον,
498 1231 622 1281 ὅταν
655 1231 786 1298 πρὸς
811 1230 1016 1299 τρυφὴν
1054 1241 1079 1269 ι
1126 1230 1274 1299 ἔλθῃ,
1315 1231 1434 1282 τότε
1475 1231 1764 1284 ἀπόλλυται
1790 1249 1803 1262 ⁸

243 1314 388 1366 οῦτω
410 1316 502 1366 καὶ
523 1318 549 1367 6
584 1316 799 1384 κόσμος.
830 1316 890 1366 Εἰ
919 1316 1026 1385 γὰρ
1058 1317 1182 1368 ὅταν
1208 1309 1305 1368 ὦσι
1329 1318 1489 1369 πέντε
1516 1318 1708 1370 δίκαιοι
1750 1320 1806 1370 ἐν

242 1401 417 1460 πόλει,
461 1402 695 1469 φείδεται
750 1401 845 1469 τῆς
885 1402 1108 1464 πόλεως,
1151 1401 1326 1470 πολλῷ
1370 1403 1563 1470 μᾶλλον
1595 1405 1684 1454 καὶ
1715 1404 1804 1455 ἐπὶ

238 1488 336 1540 τοῦ
389 1489 611 1557 κόσμου,
642 1489 766 1540 ὅταν
796 1482 894 1539 ὦσι
953 1489 1044 1540 καὶ
1089 1488 1226 1540 κατά
1271 1489 1571 1556 ἀναλογίαν.
1622 1490 1729 1544 Kal
1772 1493 1805 1543 ό

238 1573 410 1638 λίθος
453 1576 484 1626 ό
532 1573 797 1637 πατάξας
841 1571 954 1638 τὴν
999 1575 1198 1627 εἰκόνα
1234 1573 1481 1642 ἐγενήθη
1529 1577 1614 1639 εἰς
1669 1576 1803 1643 ὄρος

234 1658 408 1727 μέγα,
456 1658 552 1710 καὶ
602 1659 949 1724 ἐπλήρωσεν
998 1659 1200 1712 πᾶσαν
1260 1658 1372 1726 τὴν
1419 1659 1552 1729 γῆν.
1606 1661 1799 1726 Λίσος,

241 1745 427 1813 φησὶν,
463 1744 680 1797 ἔπεσεν
713 1744 780 1807 ἐξ
816 1744 1008 1811 ὄρους.
1060 1745 1200 1814 Ὀρα
1239 1746 1387 1798 πότε.
1432 1747 1538 1814 Οὐχ
1571 1747 1728 1816 ἡνίκα
1766 1748 1800 1816 η

239 1833 434 1902 χρυσῆ,
460 1832 636 1902 ούδὲή
670 1833 900 1902 ἀργυρᾶ,
946 1832 1063 1884 οὐδὲ
1093 1835 1127 1902 ἡ
1167 1833 1360 1902 χαλκῆ,
1404 1834 1536 1886 ἀλλά
1572 1834 1730 1903 ἡνίκα
1771 1836 1800 1887 6

241 1917 458 1986 σίδηρος
481 1917 670 1986 ἐφάνη,
700 1920 960 1970 Ἔπεσεν
986 1916 1103 1970 ἀπὸ
1143 1917 1339 1984 ὄρους,
1376 1917 1538 1986 φησί’
1580 1918 1637 1969 τὸ
1664 1919 1800 1988 ὑψη-

237 2002 328 2054 λὸν
356 2005 651 2072 ἐμφαίνων,
697 2004 838 2058 Ἀπὸ
881 2003 1076 2070 ὅρους,
1122 1999 1291 2056 εἶπεν.
1333 2003 1466 2055 Ἀλλ’
1497 2003 1798 2074 ἔμπροσθεν

235 2089 334 2143 τοῦ
394 2091 650 2159 βασιλέως
699 2090 914 2154 ἔδειξεν,
973 2091 1053 2143 ὅτι
1109 2089 1234 2159 περ)⁵
1289 2089 1399 2142 τῶν
1451 2091 1799 2160 ἀνθρωπίνων

237 2177 576 2247 πραγμάτων
623 2177 786 2231 ἐστίν.
843 2177 903 2229 ’0
937 2175 1004 2228 δὲ
1044 2176 1210 2241 λίθος
1242 2176 1358 2230 ἀπὸ
1388 2176 1562 2243 ὄρους
1593 2177 1796 2243 ἔπεσε,

237 2263 392 2332 φησί.
427 2263 496 2314 Τὸ
523 2261 762 2314 ἑκούσιον
787 2261 1042 2324 δείκνυσι,
1067 2262 1160 2314 καὶ
1187 2262 1263 2324 ὡς
1285 2262 1382 2314 οὐκ
1409 2263 1795 2330 ἀναγκασθείς·

235 2351 299 2404 οὐ
348 2351 454 2420 γάρ
500 2348 677 2413 εἶπεν,
743 2351 968 2419 ἐρρίφη,
1009 2349 1155 2414 ἀλλ’,
1220 2350 1474 2403 Ἔπεσεν
1521 2351 1640 2405 ἀπὸ
1692 2352 1796 2405 τοῦ

238 2435 418 2502 ὅρους
439 2449 452 2464 '
486 2435 579 2487 καὶ
617 2435 679 2487 τὸ
726 2435 1149 2505 ἀπροσδόκητον,
1194 2435 1287 2488 καὶ
1323 2435 1544 2504 μηδενὸς
1573 2437 1790 2499 εἰδότος.

237 2523 349 2576 Kal
380 2521 597 2589 ἐτμήθη
624 2520 768 2574 ἄνευ
797 2519 1027 2588 χειρῶν.
1048 2520 1156 2590 Τὴν
1181 2521 1317 2573 κατά
1349 2522 1526 2592 σάρκα
1544 2523 1794 2593 γέννησιν

240 2605 394 2676 [⁸115]
429 2607 739 2659 αἰνίττεται.
773 2602 924 2657 Εἷδεν
948 2606 1071 2674 δρος
1087 2606 1264 2672 λέγειν
1291 2607 1383 2657 καὶ
1411 2609 1694 2673 γυναῖκας,
1718 2608 1792 2670 ὡς

235 2690 366 2741 ὃταν
413 2688 574 2758 λέγῃ·
633 2688 726 2739 Ἐκ
764 2687 866 2739 τοῦ
899 2687 1166 2748 ,ϐοθύνου
1205 2681 1275 2740 οὗ
1320 2687 1640 2754 ὠρύχθητε.
1684 2690 1792 2742 Καὶ

237 2774 504 2844 πολλαχοῦ
533 2775 588 2826 δὲ
616 2773 761 2836 λίθος
789 2774 1004 2842 λέγεται
1039 2773 1126 2825 διά
1153 2773 1216 2825 τὸ
1245 2774 1473 2843 ἑδραῖον.
1517 2775 1632 2842 Ἐφ’
1665 2773 1696 2828 ὃ
1738 2775 1790 2828 δ’

235 2859 314 2915 ἂν
333 2851 513 2928 πέσῄ,
537 2859 812 2927 λικμήσει
845 2860 1051 2921 αὑτὸν,
1087 2860 1236 2928 φησὶ,
1265 2858 1465 2927 ὥσπερ
1487 2860 1792 2928 κονιορτὸν

233 2946 353 3000 ἀπὸ
392 2945 621 3009 ἅλωνος
651 2944 913 3012 θερινῆςο
954 2944 1015 2997 τὸ
1044 2945 1406 2997 ἀνυπόστατον
1432 2945 1660 2998 ἐνταῦθα
1698 2946 1791 3016 δη-

234 3030 362 3082 λῶν.
395 3028 441 3082 Κ
447 3031 503 3082 al
532 3029 744 3096 ἐξῆρεν
768 3030 917 3082 αὐτὰ
939 3028 1166 3096 πλῆθος
1184 3030 1290 3084 τοῦ
1313 3031 1665 3099 πνεύματος,
1691 3033 1788 3086 καί

233 3118 416 3181 τόπος
437 3117 546 3183 οὺχ
564 3115 770 3182 εὑρέθη
793 3115 1012 3180 αὐτοῖς.
1047 3115 1201 3168 Οῦτω
1235 3115 1341 3185 γάρ
1371 3117 1585 3169 λύονται
1611 3119 1664 3168 al
1694 3117 1790 3187 βα-

236 3202 430 3255 σιλεῖαι
461 3201 533 3262 ὡς
563 3202 692 3270 μηδὲ
725 3201 1030 3268 γενόμεναι.
1065 3201 1174 3253 Kal
1195 3201 1426 3269 ἐγένετο
1450 3206 1482 3256 ὀ
1509 3205 1670 3268 λίθος
1703 3206 1790 3269 εἰς

235 3288 373 3355 ὄρος
411 3286 582 3356 μέγα.
622 3286 700 3338 Τά
740 3286 1066 3339 ἀποστολικά
1093 3288 1312 3357 ῥήματα
1343 3289 1440 3358 τὴν
1470 3291 1789 3360 οἰκουμένην

234 3374 551 3444 ἐπλήρωσεν
575 3373 807 3426 ἃπασαν.
833 3372 976 3425 Ποτέ
1006 3373 1102 3442 μὲν
1131 3368 1221 3426 οὖν
1248 3373 1370 3442 δρος
1402 3375 1430 3425 6
1466 3374 1628 3436 λίθος,
1659 3373 1787 3427 ποτὲ

233 3461 293 3513 δέ
325 3461 730 3529 ἀκρογωνιαίος,
766 3458 896 3510 ποτὲ
920 3459 976 3511 δέ
999 3458 1260 3527 θεμέλιος,
1293 3459 1376 3512 ἵνα
1412 3459 1587 3528 μάθῃς
1615 3461 1694 3512 ὅτι
1720 3460 1788 3512 τὰ

233 3546 411 3599 πάντα
439 3545 648 3616 πληροῖ.
673 3545 768 3596 Διά
789 3545 942 3596 τοῦτο
967 3545 1111 3615 ὄρος,
1135 3546 1216 3597 ὃτι
1245 3545 1312 3597 τά
1336 3544 1510 3598 πάντα
1542 3547 1753 3616 συνέχει
1771 3565 1784 3577 ο

233 3633 322 3690 διὰ
351 3631 504 3684 τοῦτο
540 3633 943 3699 ἀκρογωνιαῖος,
979 3633 1059 3683 ὅτι
1085 3631 1154 3684 τὰ
1182 3633 1358 3685 πάντα
1398 3634 1455 3684 ἐν
1489 3632 1635 3702 αὐτῷ
1667 3649 1790 3683 συν-

235 3727 451 3786 ιστηκε.
475 3719 571 3770 Διά
604 3717 757 3769 τοῦτο
789 3716 1055 3786 θεμέλιος,
1077 3718 1171 3770 καὶ
1193 3718 1314 3787 ῥίζα
1341 3718 1604 3788 ἀμπέλου.
1643 3717 1788 3786 Ἐγὼ

233 3804 344 3874 γάρ
371 3806 484 3871 ειμι
501 3803 536 3869 ἡ
565 3803 845 3871 ἄμπελος,
865 3802 1030 3871 ὑμεῖς
1055 3802 1124 3854 τὰ
1148 3802 1435 3870 κλήματα.
1461 3804 1640 3856 Τοῦτό
1657 3805 1788 3857 ἐστι

232 3890 304 3943 τὸ
329 3889 632 3949 ἐνύπνιον,
662 3889 814 3957 φησὶ,
837 3889 932 3940 καὶ
955 3886 1069 3954 τὴν
1091 3889 1411 3956 σύγκρισιν
1429 3889 1610 3943 αὑτοῦ
1631 3890 1789 3958 ἐροῦ-

225 3985 343 4044 μεν
379 3973 629 4028 ἐνώπιον
662 3972 768 4026 τοῦ
817 3972 1138 4038 βασιλέως.
1179 3973 1262 4025 Σὺ
1299 3973 1594 4040 ,ϐασιλεὺς
1615 3976 1788 4038 βασι-

229 4061 405 4116 λέων.
424 4059 526 4112 Σοί
556 4061 587 4112 ό
617 4058 759 4123 Θεὸς
783 4058 886 4111 τοῦ
912 4059 1173 4124 οὐρανοῦ
1189 4059 1511 4120 ,βασιλείαν
1535 4059 1787 4128 ἰσχυράν

231 4147 332 4199 καί
363 4147 647 4213 κραταιὰν
672 4144 768 4196 καὶ
789 4143 1030 4210 ἔντιμον
1058 4142 1282 4195 ἔδωκεν
1311 4144 1379 4195 ἐν
1403 4145 1579 4199 παντί
1603 4148 1783 4211 τόπῳ,

229 4233 382 4285 ὅπου
423 4231 807 4284 κατοικοῦσιν
839 4232 892 4280 οί
927 4227 1042 4280 υιοι
1071 4227 1187 4279 τῶν
1215 4228 1536 4295 ἀνθρώπων
1559 4247 1572 4261 ·
1613 4234 1785 4300 θηρία

227 4332 292 4371 τε
321 4317 523 4386 ἀγροῦ,
553 4316 644 4368 καὶ
668 4313 905 4368 πετεινὰ
928 4314 1186 4380 οὐρανοῦ
1210 4314 1431 4368 ἔδωκεν
1447 4317 1515 4369 ὲν
1536 4317 1609 4384 τῇ
1637 4319 1786 4386 χειρί

225 4417 362 4466 σου,
387 4403 483 4455 καί
513 4399 883 4466 κατέστησέν
902 4416 974 4453 σε
997 4401 1203 4467 κύριον
1228 4401 1489 4457 πάντων.
1525 4404 1652 4456 Ὀτε
1681 4407 1781 4456 ἐπ-

225 4487 461 4553 εδείξατο
496 4487 586 4539 τοῦ
633 4486 762 4538 Θεοῦ
806 4486 903 4556 τὴν
934 4486 1102 4553 ἰσχὺν,
1133 4486 1252 4537 τότε
1296 4487 1430 4555 μετά
1475 4491 1783 4558 παρρησίας

223 4575 373 4644 αὐτῷ
403 4576 494 4628 καὶ
519 4575 578 4626 τὸ
604 4576 859 4643 κήρυγμα
894 4573 1171 4641 κηρύττει.
1206 4575 1313 4625 Καὶ
1337 4575 1436 4644 δρα
1474 4577 1607 4643 μετὰ
1632 4577 1784 4628 κολα-

219 4662 373 4722 gata;
398 4662 525 4727 ὅσης
551 4659 576 4697 ιι
623 4659 792 4725 ἐνίησι
821 4657 909 4708 τὸν
954 4658 1128 4723 λόγον,
1171 4659 1262 4709 καὶ
1309 4659 1443 4726 μετά
1470 4662 1650 4730 τιμῆς.
1699 4662 1780 4714 Σὺ

283 4791 310 4820 ⁸
330 4791 529 4863 τρυφήν.
557 4788 928 4863 Intelligende
955 4785 1158 4863 πρίω-οι·
1176 4789 1236 4834 de
1257 4788 1517 4863 edapilarl‘e:
1541 4790 1777 4863 ﬂesych.:

218 4849 387 4914 {Pu-1‘7,
411 4849 765 4910 γαστριμαργία,
787 4849 1068 4908 πολυφαγία,
1103 4849 1407 4909 είκαιοφαγία.
1438 4851 1608 4898 Suidas
1636 4849 1652 4898 ί
1672 4870 1781 4915 τρυ-

219 4879 377 4973 φηλὸς,
399 4911 476 4955 καὶ
494 4911 744 4978 τρυφητής,
760 4910 785 4954 ὁ
806 4909 1024 4978 ἀπληστα
1051 4910 1257 4978 τρῴγων.
1285 4909 1390 4974 Ιηιο
1407 4905 1555 4978 .qphd
1576 4913 1782 4976 Chrysa-

215 4967 418 5020 ilomum
455 4967 751 5040 βων-στρυφὴ
794 4968 1010 5015 ciborum
1051 4967 1251 5016 delicias
1292 4967 1544 5032 signiﬁcat,
1585 4980 1634 5019 el
1671 4967 1782 5036 ’τρυε

215 5039 302 5094 ᾳᾷν
325 5039 582 5078 (‘ODVIVM‘L

279 5091 304 5126 δ
329 5088 593 5160 [ξδςὺβίηρει
611 5089 672 5132 de
696 5086 890 5160 {ierim}
974 5088 1168 5160 τολμῷνλ
1185 5089 1230 5158 ἐν
1262 5089 1360 5142 ταῖς
1380 5089 1647 5160 έπιστοιλαῖς
1667 5093 1781 5160 γρά-

214 5168 330 5212 φειν,
358 5153 427 5198 ὅτι
455 5149 682 5212 δεσπότης
707 5149 830 5212 ἐστὶν
853 5149 1069 5212 ἁπάντων
1091 5149 1341 5212 ἀνθρῴπ-ων
1371 5152 1447 5210 ἀφ’
1474 5152 1606 5204 ἡλίου
1629 5149 1779 5201 ἀνιὸν-

210 5207 290 5266 τος
310 5212 445 5288 μέχρι
468 5209 708 5267 δυομένου.
731 5207 942 5253 Joannes
962 5207 1160 5254 'l‘zelzes
1178 5207 1395 5256 l‘hiliade
1414 5207 1559 5258 lerlia
1581 5229 1591 5256 :

218 5270 278 5315 '0
328 5269 572 5315 Ασσυοίων
596 5267 808 5315 Βασιλεὺς
838 5269 863 5312 6
888 5268 1146 5315 Σέσωστρις
1169 5269 1356 5315 ἐκεῖνος.

218 5270 278 5319 ⁸0
310 5270 572 5340 Ἀσσυρίων
596 5270 808 5335 βασιλεὺς
838 5270 863 5312 6
888 5270 1146 5340 Σέσωστρις
1169 5270 1356 5328 ἐκεῖνος,

211 5333 347 5381 Κατά
366 5332 416 5377 δὲ
436 5347 514 5377 τον
537 5329 769 5387 Διοδωρον
796 5328 1031 5380 Σεσόωσις
1050 5344 1133 5383 την
1154 5331 1336 5385 κλῆσιν,

209 5395 317 5440 Τῶν
353 5390 615 5450 Ἀσσυρίων
637 5390 904 5450 μοναρχῶν,
931 5402 1045 5445 ηρχε
1068 5393 1149 5450 τῆς
1165 5394 1248 5446 γῆς
1269 5389 1471 5447 ἀπάσης,

210 5451 450 5511 Ζευγνύων
468 5446 608 5511 έντῷ
631 5446 988 5511 ἀρματιτοὺτου
1011 5447 1116 5511 τοὺς
1135 5450 1368 5511 βασιλέας,

210 5507 407 5561 Καὶ’ὑπ’
429 5509 582 5570 αὐτῶν
605 5522 876 5570 συρομενλος,
897 5507 1057 5570 ὀξυ-περ
1082 5508 1156 5566 ὑφ’
1182 5509 1336 5570 ἵππων
1362 5511 1514 5570 ἄλλοι,

211 5573 305 5632 Κᾷὶ
327 5566 678 5632 κοσμοκράτωρξ
699 5567 777 5611 καὶ
799 5566 904 5632 θεὸς,
919 5566 1141 5632 ἐκέκλητο
1159 5568 1252 5621 τοῖς
1272 5571 1396 5632 τότε,

216 5628 411 5683 Videtis
424 5625 590 5679 'nou'zm
615 5625 986 5684 interpretationi
1011 5625 1188 5685 Latina:
1205 5627 1473 5690 subjectum.

1607 350 1672 404 IN
1706 348 2071 409 DANIELEM.

3357 370 3468 426 208

1907 464 2222 531 βασιλεὺς,
2242 469 2392 538 φησὶ,
2412 468 2736 532 βασιλέων.
2759 468 2901 526 Σοίό
2919 473 3057 538 Θεὸς
3079 473 3184 527 τοῦ
3204 475 3461 541 οὐρανοῦ

1900 550 2223 612 ,βασιλείαν
2244 555 2498 621 ἱσχιφὰν
2513 556 2607 608 καί
2638 558 2918 623 κραταιὰν
2942 557 3036 610 καὶ
3055 559 3292 627 ἔντιμον
3318 561 3458 614 66w-

1907 657 2015 693 κεν
2041 642 2110 695 ἐν
2139 644 2316 695 παντί
2335 645 2514 709 τόπῳ,
2541 647 2691 699 ὅπου
2711 647 3095 701 κατοικοῦσιν
3116 651 3170 700 nl
3194 649 3308 702 vlol
3344 649 3455 701 τιὶῖν

1909 733 2232 800 ἀνθρώπων
2253 751 2269 767 ο
2311 738 2480 804 θηρία
2512 755 2574 790 τε
2599 737 2803 806 ἀγροῦ,
2838 739 2936 790 καί
2968 738 3206 793 πετεινὰ
3226 735 3330 788 τοῦ
3358 737 3453 788 οὐ·

1900 829 2090 895 ρανοῦ
2118 831 2334 885 ἔδωκεν
2373 835 2442 885 ἐν
2470 833 2542 899 τῇ
2581 835 2728 900 χειρί
2764 849 2896 886 σου.
2937 833 3012 883 Ού
3050 830 3155 883 τῶν
3183 831 3453 896 συγγενῶν

1907 919 2207 988 ἀνθρώπων
2229 923 2404 990 μόνον,
2430 921 2563 974 ἀλλὰ
2581 922 2674 974 καὶ
2697 922 2792 989 τῆς
2818 921 3044 988 ἐρήμου,
3078 921 3170 971 καὶ
3191 919 3297 971 τῶν
3319 919 3455 988 ὑπὲρ

1907 1011 2144 1080 κεφαλῆς
2174 1011 2380 1082 ἄρχεις,
2414 1013 2552 1080 Ὅρα
2588 1012 2702 1074 πῶς
2735 1009 3030 1075 ἐνεδείξατο
3058 1009 3151 1060 τοῦ
3184 1008 3313 1060 Θεοῦ
3357 1008 3454 1078 τὴν

1906 1099 2107 1169 δωρεάν
2135 1103 2344 1171 ἐκείνην
2377 1103 2475 1172 τὴν
2495 1105 2550 1154 ἐν
2581 1103 2718 1171 ἀρχῇ
2746 1101 3038 1169 γενομένην
3063 1117 3074 1128 ·
3108 1101 3210 1152 Καὶ
3248 1101 3454 1166 ἄρχετε

1906 1189 2022 1242 τῶν
2043 1193 2260 1258 ἰχθύων
2288 1192 2396 1257 τῆς
2429 1192 2759 1256 θαλάσσης,
2783 1190 2880 1243 καὶ
2909 1187 3023 1240 τῶν
3043 1187 3319 1241 πετεινῶν
3350 1189 3453 1241 τοῦ

1906 1282 2162 1347 οὐρανοῦ
2185 1295 2200 1312 ·
2229 1283 2314 1333 ἵνα
2343 1283 2518 1352 μάθῃς
2543 1285 2621 1336 ὅτι
2652 1283 2745 1334 καὶ
2770 1283 2865 1351 τῆς
2890 1282 3095 1350 ἐρήμου
3130 1280 3452 1348 δημιουργὸς

1905 1371 2085 1432 αὐτὸς,
2112 1373 2192 1423 ὅτι
2220 1373 2312 1424 καὶ
2345 1372 2544 1442 θηρίων
2581 1373 2827 1441 ποιητὴς,
2851 1373 2968 1440 οὐχὶ
2995 1370 3102 1421 τῶν
3126 1371 3339 1438 ἡμέρων
3358 1371 3449 1438 μό-

1905 1477 2011 1512 νον.
2053 1462 2161 1513 Καὶ
2195 1463 2250 1514 ἐν
2284 1463 2446 1514 παντὶ
2489 1463 2657 1531 τόπῳ,
2690 1463 2821 1513 ὅπου
2872 1461 3212 1514 κατοικοῦσιν
3252 1463 3299 1513 οἱ
3346 1461 3450 1514 υίοὶ

1902 1548 2008 1600 τῶν
2039 1549 2360 1619 ἀνθρώπων,
2393 1552 2474 1602 σοὶ
2511 1550 2674 1602 ἔδωκε
2711 1549 2806 1619 τὴν
2835 1550 3106 1619 βασιλείαν
3141 1553 3168 1602 6
3196 1551 3324 1612 Θεὸς
3355 1551 3447 1604 τοῦ

1902 1637 2150 1707 οὐρανοῦ.
2175 1640 2367 1692 Οὐκέτι
2389 1639 2521 1708 φησί
2542 1656 2554 1669 ·
2591 1641 2761 1693 Ἔστι
2785 1639 2925 1702 Θεὸς
2946 1640 3014 1690 ἐν
3034 1638 3280 1704 οὐρανῷ.
3310 1640 3448 1709 Ὅρα

1904 1729 2018 1790 πῶς
2058 1729 2198 1782 κατά
2238 1731 2429 1799 μικρὸν
2466 1730 2672 1796 εἰσάγει
2700 1729 2757 1780 τὸ
2785 1729 2975 1797 δόγμα.
3020 1729 3238 1798 Πρῶτον
3276 1727 3445 1794 εἶπεν,

1899 1818 1979 1869 ὅτι
2006 1819 2121 1870 ἐκεῖ
2145 1821 2299 1882 οἰκεῖ,
2329 1819 2416 1870 ἴνα
2451 1817 2524 1888 μὴ
2547 1819 2671 1886 περὶ
2697 1817 2793 1886 τὴν
2819 1817 2921 1886 γῆν
2949 1818 3108 1870 αὐτὸν
3145 1818 3441 1888 φαντασθῇ.

1911 1909 2127 1979 Ἐπειδὴ
2167 1909 2221 1962 δὲ
2263 1908 2480 1972 ἐδέξατο
2521 1908 2582 1960 τὸ
2619 1909 2793 1978 δόγμα
2835 1909 3030 1972 ἐκεῖνο,
3070 1910 3228 1962 πάλιν
3284 1910 3445 1964 αὐτὸν

1897 1999 2176 2069 ἀφίστησι,
2227 2000 2506 2053 καὶτοῦτο
2534 2001 2764 2063 δεικνὺς,
2810 2001 2892 2054 ὅτι
2935 2002 3257 2070 δημιουργός
3299 2005 3444 2056 ἐστιν

1896 2090 2059 2143 αὑτοῦ
2092 2089 2184 2143 τοῦ
2219 2090 2469 2160 οὐρανοῦ,
2503 2092 2596 2143 καὶ
2633 2090 2906 2161 Δεσπότης
2940 2092 3031 2144 καὶ
3073 2091 3294 2162 Κύριος,
3325 2093 3444 2162 οὐχὶ

1894 2182 2055 2234 τόπον
2094 2182 2253 2235 αὐτὸν
2297 2182 2453 2251 ἔχων,
2486 2182 2597 2234 ἀλλ’
2641 2181 2794 2252 ἔργον
2833 2181 2992 2235 αὐτοῦ
3024 2183 3196 2236 τοῦτο.
3232 2184 3293 2236 El
3337 2184 3442 2254 γὰρ

1892 2271 1986 2324 τοῦ
2020 2272 2246 2343 ούρανοῦ
2295 2272 2516 2342 Κύριος,
2563 2272 2780 2326 δύναται
2816 2272 2993 2325 δοῦναί
3041 2289 3123 2325 σοι
3173 2273 3270 2343 τὴν
3319 2277 3441 2344 γῆν.

1895 2360 2046 2433 [216]
2075 2363 2241 2424 Αὐτὸς
2267 2363 2420 2414 ἔλαϐε
2449 2363 2540 2413 τον
2559 2363 2804 2432 οὐρανὸν,
2844 2364 2937 2415 καὶ
2969 2362 3048 2414 σοὶ
3076 2364 3172 2433 τὴν
3197 2365 3298 2432 γῆν
3316 2365 3445 2417 ἐδω-

1894 2468 2007 2506 κεν.
2041 2452 2216 2522 Ὅπερ
2248 2453 2354 2520 γάρ
2377 2454 2522 2505 ἐστιν
2549 2453 2749 2515 ἐκεῖνος
2777 2454 2910 2516 ἐκεῖ,
2950 2453 3104 2506 τοῦτο
3141 2456 3203 2506 σὺ
3236 2455 3325 2506 ἐπὶ
3347 2455 3444 2523 τῆς

1893 2545 2013 2612 γῆς.
2043 2544 2257 2597 πάντων
2286 2545 2575 2616 ἀνώτερος,
2610 2543 2824 2596 πάντων
2861 2544 3059 2614 ἄρχων,
3097 2545 3310 2597 πάντων
3348 2561 3443 2597 κε-

1893 2635 2053 2705 φαλή.
2085 2637 2194 2688 Καὶ
2222 2635 2328 2688 τῶν
2361 2636 2453 2687 ἐπὶ
2478 2635 2578 2703 τῆς
2610 2636 2710 2705 γῆς
2745 2653 2824 2687 σοι
2847 2635 3003 2687 πλέον
3028 2635 3245 2696 ἔδωκεν,
3275 2651 3444 2701 κεφα-

1891 2727 1985 2795 λήν
2020 2742 2076 2777 σε
2110 2728 2358 2794 ποιήσας,
2388 2726 2479 2778 καὶ
2502 2727 2706 2796 χρυσῆν
2727 2725 2900 2789 δείξας
2918 2742 3011 2777 σου
3027 2726 3123 2795 τὴν
3149 2725 3440 2794 βασιλείαν.

1890 2817 2113 2886 χρυσίου
2153 2815 2412 2885 καθαροῦ.
2457 2815 2540 2868 Σὺ
2577 2812 2634 2869 εἷ
2673 2815 2710 2881 ή
2748 2814 2979 2882 κεφαλὴ
3014 2815 3052 2882 ἡ
3084 2814 3302 2883 χρυσῆ.
3334 2817 3442 2870 Kal

1891 2909 2082 2959 ὀπίσω
2129 2922 2243 2959 σου
2283 2905 2687 2970 ἀναστήσεται
2726 2906 3015 2968 βασιλεία
3049 2905 3219 2973 ἑτέρα
3254 2907 3445 2972 ἥττων

1888 3013 2024 3058 σου,
2049 2997 2085 3062 ἤ
2103 2997 2270 3048 ἐστιν
2290 2995 2542 3062 ἄργυρος
2556 3011 2568 3023 ·
2588 2997 2682 3048 καὶ
2705 2995 2990 3058 βασιλεία
3011 2997 3192 3062 τρίτη,
3218 2997 3254 3062 ἢ
3277 2998 3445 3050 ἐστιν

1888 3090 1921 3140 ό
1945 3087 2189 3154 χαλκὸς,
2215 3084 2251 3151 ἣ
2279 3086 2531 3152 κυριεύει
2558 3087 2617 3152 (ί.
2643 3084 2936 3152 κυριεύσει)
2960 3085 3160 3151 πάσης
3180 3085 3292 3152 τῆς
3313 3086 3440 3155 γῆς,

1887 3177 2117 3246 Τοιαύτη
2165 3176 2270 3246 γὰρ
2309 3178 2341 3246 ἡ
2386 3176 2703 3228 Μακεδόνων
2742 3174 2973 3241 ἐγένετο.
3026 3176 3134 3228 Kal
3160 3177 3443 3239 βασιλεία

1887 3266 2160 3335 τετάρτη.
2209 3266 2338 3332 ἣτις
2378 3266 2548 3318 ἐστὶν
2579 3265 2794 3333 ὶσχιφὰ
2835 3265 2914 3329 ὠς
2942 3268 2974 3318 ό
3008 3266 3273 3333 σίδηρος.
3335 3271 3444 3320 ’ον

1886 3360 2106 3424 τρόπον
2116 3357 2224 3425 γὰρ
2242 3359 2520 3410 λεπτύνει
2535 3359 2567 3410 ό
2593 3357 2843 3424 σίδηρος
2859 3357 2951 3411 καί
2973 3353 3206 3425 δαμάζει
3227 3357 3439 3419 πάντα,

1887 3447 2038 3499 οὕτω
2070 3447 2263 3499 πάντα
2298 3447 2576 3500 λεπτυνεῐ
2610 3447 2705 3499 καὶ
2738 3447 3008 3514 δαμάσει.
3038 3448 3146 3500 Kal
3176 3449 3438 3515 τετάρτη,

1890 3539 2071 3606 φησιν,
2109 3540 2140 3606 ἡ
2183 3538 2484 3606 Ῥωμαίων.
2533 3539 2606 3590 Οὐ
2641 3538 2784 3604 λέγει
2824 3538 2972 3590 δὲτὰ
2999 3538 3252 3607 ὀνόματα.
3288 3540 3442 3602 Τίνος

1889 3626 2102 3688 ἐνεκενς
2150 3627 2182 3695 ἢ
2234 3627 2295 3694 (f.
2351 3627 2470 3696 μή)
2514 3626 2621 3697 γάρ
2667 3627 2734 3680 ἂν
2786 3627 3113 3697 σαφέστερον
3150 3629 3237 3680 τὸν
3287 3629 3441 3696 λόγον

1888 3717 2175 3784 ἐποίησεν,
2225 3716 2363 3768 ὥστε
2418 3717 2491 3786 μὴ
2543 3717 2766 3778 πολλοὺς
2812 3717 3069 3784 ἀφανίσαι
3122 3719 3189 3770 τά
3242 3718 3439 3788 βιϐλία.

1885 3806 1994 3858 Kal
2025 3806 2114 3859 ὅτι
2148 3804 2303 3871 εἶδες
2345 3806 2485 3872 τοὺς
2515 3806 2724 3871 πόδας,
2775 3806 2870 3857 καὶ
2902 3806 3039 3870 τοὺς
3081 3805 3436 3874 δακτύλους,

1881 3896 2061 3964 μέρος
2084 3897 2200 3964 μέν
2233 3914 2287 3949 τι
2319 3895 2692 3963 ὀστράκινον,
2733 3894 2910 3961 μέρος
2950 3895 3014 3947 δέ
3049 3913 3099 3947 τι
3131 3899 3435 3963 σιδηροῦν,

1879 3989 2167 4051 βασιλεία
2199 3989 2520 4056 διῃρημένη
2548 3986 2736 4050 ἔσται,
2760 3986 2856 4038 καί
2886 3987 3000 4040 ἀπὸ
3022 3985 3129 4051 τῆς
3141 3987 3304 4052 ῥίζης
3330 3986 3438 4052 τῆς

1884 4076 2134 4145 σιδηρᾶς
2164 4079 2332 4131 ἕσται
2358 4079 2428 4130 έν
2467 4075 2641 4144 αὐτῇ,
2677 4077 2750 4129 ὃν
2775 4078 2992 4142 τρόπον
3021 4073 3172 4143 εἶδες
3207 4079 3310 4130 τὸν
3341 4082 3436 4130 σι’-

1883 4168 2067 4235 δηρον
2107 4167 2580 4236 ἀναμεμιγμένον
2621 4167 2698 4231 τῷ
2739 4166 3006 4234 ὀστράκῳ
3057 4166 3135 4232 τῷ
3182 4171 3432 4235 πηλίνῳ.

1883 4259 1991 4311 Kal
2026 4260 2078 4310 οἱ
2111 4257 2392 4310 δάκτυλοι
2420 4255 2538 4309 τῶν
2563 4256 2763 4309 ποδῶν
2788 4257 2968 4325 μέρος
3011 4257 3126 4324 μέν
3167 4275 3219 4310 τι
3268 4258 3438 4322 σιδη-

1875 4348 2050 4415 ροῦν,
2093 4347 2274 4416 μέρος
2319 4346 2386 4400 δέ
2426 4364 2480 4399 τι
2511 4346 2884 4414 όστράκινον,
2912 4347 3090 4412 μέρος
3123 4346 3231 4412 τῆς
3253 4348 3435 4409 βασις

1882 4441 2051 4504 λείας
2096 4441 2264 4491 ἔσται
2302 4438 2571 4505 ἰσχυρὸν,
2609 4436 2705 4488 καί
2729 4437 2829 4488 ἀπ’
2871 4433 3055 4500 αὐτῆς
3090 4435 3257 4488 ἕσται
3287 4453 3435 4489 συν-

1882 4528 2243 4594 τριϐόμενον.
2261 4526 2366 4578 Καὶ
2384 4526 2469 4577 ὅτι
2492 4522 2644 4588 εἶδες
2668 4524 2773 4576 τὸν
2792 4523 3441 4593 σίδηρονάναμεμιτμέ-

1880 4633 1990 4669 νον
2014 4614 2093 4679 τῷ
2110 4616 2376 4681 ὀστράκῳ
2406 4614 2484 4676 τῷ
2505 4614 2756 4676 πηλίνῳ,
2774 4614 3083 4680 συμμιγεῖς
3104 4616 3342 4668 ἔσονται
3363 4618 3436 4668 ἐν

1880 4706 2167 4773 σπέρματι
2189 4705 2306 4756 τῶν
2332 4704 2669 4770 ἀνθρώπων,
2701 4703 2798 4755 καί
2831 4706 2940 4756 οὐκ
2972 4705 3214 4759 ἔσονται
3244 4722 3430 4773 προσ-

1880 4795 2260 4863 κολλώμενοι,
2301 4793 2487 4858 καθὼς
2533 4797 2564 4846 ό
2603 4794 2850 4860 σίδηρος
2894 4797 3002 4847 οὐκ
3047 4797 3430 4864 ἀναμίγνυται

1874 4887 2023 4954 μετὰ
2054 4885 2156 4937 τοῦ
2190 4883 2507 4950 ὀστράκου.
2543 4885 2679 4936 Πότε
2709 4885 2864 4936 τοῦτο
2897 4887 2988 4937 ἐπὶ
3029 4887 3305 4954 Ῥωμαίων
3340 4887 3429 4954 γέ-

1880 4997 2065 5048 γονεν;
2125 4979 2283 5047 Ὁρᾷς
2343 4977 2436 5029 καὶ
2484 4975 2756 5046 βασιλείας
2806 4977 3097 5043 γενομένας
3151 4974 3426 5039 τοιαύτας;

1882 5071 2016 5138 Οὐχὶ
2048 5068 2152 5120 ἀπὸ
2201 5066 2475 5136 βασιλικοῦ
2505 5065 2695 5134 γένους
2735 5066 2992 5125 ἅπαντας,
3032 5064 3204 5126 ἄλλως
3249 5066 3304 5117 δέ
3338 5068 3432 5120 καὶ

1880 5160 2138 5220 ἀπίστους
2174 5160 2233 5226 (ί.
2257 5158 2496 5219 ἀπίστως
2522 5158 2540 5227 )
2567 5155 2788 5217 πολλοὺς
2815 5156 3200 5223 διακειμένους.
3233 5157 3337 5209 Kal
3362 5159 3433 5210 ἐν

1880 5249 2004 5312 ταῖς
2028 5248 2270 5316 ἡμέραις
2298 5245 2415 5298 τῶν
2443 5242 2747 5308 ,ϐασιλέων
2772 5243 3017 5296 ἐκείνων
3039 5242 3362 5308 ἀναστήσει
3397 5247 3430 5296 ό

1883 5341 2024 5403 Θεὸς
2045 5340 2145 5393 τοῦ
2165 5337 2420 5405 οὐρανοῦ
2438 5337 2780 5400 βασιλείαν,
2802 5336 2930 5403 ἣτις
2951 5340 3036 5402 εὶς
3053 5337 3191 5402 τοὺς
3213 5337 3429 5401 αἰῶνας

1879 5431 1950 5483 οὐ
1997 5429 2488 5497 διαφθαρήσεται·
2531 5426 2626 5478 καί
2670 5426 2707 5491 η
2753 5427 3037 5489 ,βασιλεία
3077 5426 3259 5479 αὑτοῦ
3305 5425 3432 5489 λαῷ

1877 5519 2053 5586 ἑτέρῳ
2083 5522 2191 5586 οὐχ
2224 5515 2754 5585 ὐπολειφθήσεται·
2795 5517 3080 5569 λεπτυνεῒ
3106 5517 3200 5568 καὶ
3225 5515 3431 5583 λικμή-

1878 5627 1971 5666 σει
2003 5610 2202 5677 πὰσας
2225 5609 2328 5676 τὰς
2349 5609 2666 5675 ,ϐασιλείας
2683 5623 2698 5639 ο
2728 5609 2825 5662 και
2852 5609 3004 5677 αὑτὴ
3030 5607 3431 5675 ἀναστήσεται
