4016 6458
235 339 355 397 209

233 444 499 514 originem
530 446 750 504 duxisse
790 462 853 503 cx
901 463 1098 517 genere
1148 449 1330 519 regio;
1375 449 1631 520 plurimos
1660 451 1817 504 etiam

230 534 399 591 fuisse
422 538 679 594 infideles.
704 541 792 594 44.
822 559 840 591 ‹
873 540 940 595 Ει
963 542 1013 594 in
1041 541 1226 595 diebus
1265 557 1447 611 regum
1472 542 1679 595 illorum
1700 556 1817 594 sus-

227 628 417 681 citabit
459 628 597 684 Deus
635 632 748 685 caeli
782 646 1020 700 regnum,
1075 632 1215 701 quod
1256 632 1308 686 in
1349 632 1540 686 szecula
1575 647 1679 687 non
1703 647 1820 687 cor-

227 728 511 788 rumpetur
542 736 555 772 :
588 732 642 775 et
691 736 907 790 regnum
951 722 1067 792 ejus
1111 723 1305 793 populo
1332 724 1486 779 alteri
1525 739 1629 778 non
1657 724 1821 779 relin-

231 819 431 878 quetur
456 827 470 862 :
497 812 825 866 comminuet
875 822 928 866 et
954 814 1227 868 ventilabit
1263 814 1503 870 universa
1533 830 1693 885 regna
1726 832 1739 868 :
1768 824 1822 870 et

232 901 414 967 ipsum
444 910 694 971 exsurget
722 902 774 956 in
812 904 1026 958 smcula.
1062 923 1080 956 ι
1111 905 1374 965 Adducito
1412 906 1542 961 mihi
1585 908 1689 962 huc
1723 907 1818 962 Ju-

226 990 402 1045 dmos.
428 991 563 1059 Quid
581 993 647 1047 de
674 994 772 1048 hac
788 994 1061 1063 prephetia
1077 996 1265 1051 dicturi
1283 998 1439 1052 sunt?
1466 997 1649 1068 Neque
1676 1000 1820 1054 enim

226 1081 475 1149 profecto
495 1083 562 1138 de
580 1084 809 1139 humano
834 1101 998 1156 regno
1033 1087 1147 1143 haec
1174 1088 1250 1142 ias
1276 1098 1357 1143 est
1382 1089 1582 1157 dicere,
1613 1091 1818 1147 scilicet

225 1188 455 1243 regnum
482 1175 746 1231 inﬁnitum
774 1180 922 1233 fore:
954 1178 1050 1234 sed
1075 1190 1285 1249 oportet
1309 1182 1541 1251 aliquem
1569 1199 1688 1239 esse
1706 1224 1721 1249 ,
1745 1184 1813 1241 de

226 1280 341 1334 quo
381 1266 496 1320 haec
524 1268 663 1322 dicta
692 1278 832 1322 sunt.
859 1269 1012 1335 Quod
1054 1272 1097 1325 si
1124 1271 1320 1327 dixeris
1341 1312 1356 1340 ,
1385 1273 1451 1328 de
1482 1274 1636 1330 Patre
1686 1291 1810 1343 pro-

226 1355 335 1410 lata
382 1357 578 1423 fuisse,
604 1368 659 1413 at
686 1359 807 1414 audi
849 1361 973 1430 quid
1004 1362 1211 1417 dicatur
1245 1382 1258 1418 :
1286 1363 1355 1417 In
1405 1365 1578 1420 diebus
1642 1384 1816 1437 regum

226 1447 436 1501 illorum
466 1466 485 1503 :
516 1450 871 1506 Romanorum
898 1452 1159 1509 videlicet.
1182 1454 1331 1523 Quod
1355 1456 1399 1510 si
1426 1456 1604 1512 dieant
1628 1475 1640 1511 :
1668 1458 1814 1524 Quo-

226 1538 393 1592 modo
435 1553 619 1594 aurum
648 1549 925 1596 conterere
951 1544 1148 1610 potuit,
1176 1558 1366 1615 nempe
1388 1561 1606 1617 regnum
1638 1548 1812 1619 Baby-

227 1627 494 1683 loniorum
515 1669 531 1695 ,
563 1631 701 1700 quod
726 1630 834 1700 jam
857 1632 984 1686 olim
1005 1642 1120 1687 erat
1145 1633 1517 1689 destructum?
1546 1637 1814 1707 quomodo

226 1722 393 1774 etiam
444 1732 753 1790 argentum,
815 1722 1066 1777 nimirum
1112 1739 1333 1795 regnum
1385 1726 1703 1781 Persarum?
1757 1738 1812 1783 et

224 1811 499 1880 quomodo
523 1826 628 1877 ωε,
651 1812 852 1867 scilicet
876 1828 1093 1882 regnum
1114 1814 1496 1870 Macedonum?
1529 1817 1643 1871 haec
1668 1819 1810 1871 enim

227 1902 501 1972 quondam
527 1904 732 1957 fuerant
759 1912 812 1958 et
839 1904 997 1958 linem
1026 1914 1361 1975 acceperant.
1396 1907 1590 1961 Verum
1622 1923 1688 1962 ne
1714 1910 1812 1962 mi-

226 1994 400 2057 reris,
459 1993 758 2049 carissime.
815 1994 869 2049 Si
922 1996 1062 2050 enim
1116 1996 1310 2050 Paulus
1360 2012 1522 2051 ausus
1570 2013 1676 2053 non
1730 2010 1812 2054 est

225 2092 411 2151 aperte
434 2083 611 2153 loqui;
646 2084 735 2139 sed
776 2086 847 2138 ait
880 2104 892 2140 :
936 2085 1104 2139 Donec
1126 2087 1214 2156 qui
1243 2096 1371 2141 tenet
1401 2088 1463 2141 de
1490 2090 1652 2142 medio
1678 2091 1767 2157 ﬁat
1791 2106 1810 2144 :

225 2176 399 2228 multo
430 2177 595 2246 magis
625 2177 899 2246 preplieta.
940 2177 1193 2245 Quantam
1222 2179 1363 2234 enim
1384 2221 1399 2246 ,
1445 2195 1629 2251 quasso
1649 2223 1662 2248 ,
1697 2183 1804 2235 uti-

228 2263 354 2317 litas
384 2280 453 2318 ex
480 2274 661 2333 aperta
708 2266 1016 2335 loquutione
1042 2275 1156 2321 orta
1184 2267 1405 2323 fuisset?
1432 2268 1488 2325 Si
1517 2279 1692 2325 autem
1723 2271 1808 2325 di-

226 2354 423 2422 xerint,
445 2356 561 2421 Quo
588 2366 740 2426 pacto
756 2358 1004 2412 contrivit
1019 2374 1092 2413 tes
1112 2374 1175 2413 ac
1194 2359 1428 2414 ferrum?
1450 2359 1565 2415 hanc
1585 2364 1807 2431 quaestio

225 2446 331 2499 erit
361 2447 681 2502 communis.
734 2447 943 2503 Etenim
986 2449 1053 2503 de
1101 2450 1227 2518 ipsis
1254 2450 1474 2519 perinde
1518 2462 1804 2521 qumretur,

225 2536 496 2603 quomodo
512 2536 622 2605 jam
635 2538 896 2593 exstincta
922 2554 1084 2608 regna
1111 2538 1532 2607 destruatiQuia
1557 2542 1806 2596 nimirum

224 2626 459 2681 destruit
478 2629 582 2681 alia
612 2644 775 2698 regna
796 2671 810 2695 ,
840 2631 893 2683 in
918 2631 1109 2699 quibus
1134 2630 1248 2686 haec
1274 2632 1632 2687 continentur.
1662 2634 1806 2687 Alio-

224 2719 353 2786 quin
378 2727 555 2773 autem
588 2718 637 2772 id
666 2720 895 2773 latenter
924 2720 1265 2789 operabatur,
1293 2735 1415 2775 cum
1461 2723 1622 2776 etiam
1650 2734 1805 2778 antea

222 2812 370 2865 Deus
397 2820 571 2873 esset,
601 2811 696 2866 sed
728 2813 959 2866 nondum
988 2813 1109 2868 ideo
1140 2814 1285 2868 visus
1304 2853 1319 2877 ,
1366 2823 1424 2867 ut
1450 2828 1545 2867 vos
1566 2814 1684 2883 jure
1707 2815 1800 2871 du-

225 2899 488 2956 bitaretis.
514 2900 665 2967 Quod
696 2903 738 2955 si
762 2902 880 2972 quis
903 2903 1125 2957 voluerit
1150 2903 1307 2957 etiam
1330 2903 1383 2957 in
1407 2904 1650 2973 praesenti
1676 2915 1806 2958 tem-

224 3007 357 3061 pore
416 2992 658 3061 accipere
714 2993 1048 3063 pr0phetiam
1078 3036 1093 3059 ,
1140 3009 1471 3064 nequaquam
1519 2994 1801 3050 aberravit.

222 3082 496 3151 Siquidem
544 3099 687 3139 nunc
736 3100 946 3155 quoque
993 3088 1241 3140 contrivit
1265 3101 1459 3155 regna,
1504 3088 1804 3155 superbizun

224 3176 573 3232 Macedonum
602 3180 677 3249 (et
706 3176 1088 3250 Romanorum)
1139 3179 1452 3247 potentiam.
1501 3179 1631 3233 Cum
1662 3181 1804 3234 enim

223 3268 424 3323 videris
477 3277 739 3339 martyres
784 3269 851 3324 ad
882 3270 973 3325 Dei
1024 3268 1333 3322 mandatum
1381 3268 1706 3338 implendum
1753 3270 1806 3325 id

224 3357 519 3424 facientes,
568 3360 675 3415 imo
701 3370 757 3415 et
782 3372 1008 3415 mortem
1066 3360 1432 3415 sustinentes:
1477 3360 1679 3415 videbis
1719 3377 1807 3416 re-

222 3466 386 3520 gnum
438 3452 612 3513 illius.
658 3461 715 3508 et
756 3451 1026 3522 quomodo
1073 3461 1267 3507 terram
1314 3452 1620 3523 repleverit.
1656 3452 1807 3509 Nosti

225 3542 554 3611 prophetias.
584 3544 637 3598 Si
667 3558 786 3613 qum
810 3544 878 3597 ab
904 3544 1007 3597 illis
1036 3543 1285 3613 praedicta
1316 3542 1526 3598 fuerant
1552 3559 1656 3599 non
1683 3560 1809 3600 eve-

225 3643 449 3697 nerunt,
479 3651 577 3690 nec
622 3636 1065 3690 consummationi
1120 3636 1299 3691 crede.
1352 3636 1550 3691 Deinde
1581 3637 1805 3707 adjicit:

224 3724 317 3779 45.
356 3740 374 3774 ι
413 3721 560 3777 Sicut
590 3723 766 3777 vidisti
788 3724 855 3779 de
884 3734 1061 3778 monte
1086 3726 1382 3780 abscissum
1412 3740 1531 3781 esse
1576 3727 1804 3796 lapidem

224 3814 343 3868 sine
398 3814 676 3880 manibus,
713 3815 800 3884 qui
829 3815 1144 3869 comminuit
1173 3824 1359 3869 testam
1382 3856 1397 3879 ,
1430 3814 1627 3869 l‘errum
1649 3857 1663 3881 ,
1694 3831 1767 3870 aes
1786 3858 1803 3883 ,

224 3914 503 3974 argentum
522 3947 535 3969 ,
565 3920 751 3959 aurum
778 3944 793 3970 ,
820 3904 961 3960 Deus
993 3904 1242 3959 iudicavi:
1274 3906 1383 3975 regi
1415 3921 1534 3976 qua:
1563 3916 1807 3976 Oporteat

227 3994 341 4049 ﬁeri
376 4003 498 4065 post
524 3996 657 4050 haec.
687 3995 752 4049 Et
774 4010 957 4050 verum
980 4004 1059 4050 est
1086 3997 1381 4061 somnium,
1407 4005 1461 4051 et
1484 3995 1653 4051 ﬁdelis
1678 4012 1809 4052 cou-

220 4087 426 4156 jectura
456 4089 589 4157 ejus.
640 4087 769 4143 Vide
794 4088 1061 4157 quomodo
1100 4088 1255 4142 iidem
1300 4088 1540 4142 adstruat
1583 4089 1646 4142 iis
1687 4103 1807 4158 qnze

223 4176 453 4230 dixerat.
488 4177 568 4230 Ex
612 4176 771 4232 rebus
806 4176 1102 4231 manifestis
1131 4176 1358 4231 obscura
1405 4177 1627 4246 probat,
1652 4178 1805 4246 quasi

224 4267 435 4323 diceret
486 4286 499 4322 :
536 4267 756 4322 Narravi
801 4268 1101 4333 somnium,
1158 4268 1581 4337 interpretationi
1620 4268 1804 4323 crede.

223 4358 360 4425 Quid
387 4357 545 4427 igitur
571 4358 696 4411 rex?
719 4356 806 4412 46.
843 4356 1012 4422 Tunc,
1044 4358 1245 4426 inquit,
1272 4374 1362 4412 rex
1393 4356 1804 4411 Nabuchodono-

223 4466 306 4503 sor
349 4449 527 4502 cecidit
556 4449 607 4501 in
636 4449 816 4520 faciem
853 4464 1022 4512 suam,
1050 4456 1093 4500 et
1133 4447 1393 4501 Danielcm
1438 4448 1711 4502 adoravit:
1756 4456 1803 4501 et

224 4556 414 4592 manna
440 4548 587 4609 atque
615 4539 798 4593 bonum
834 4539 1035 4593 odorem
1084 4538 1281 4592 dixitut
1326 4538 1533 4593 libarent
1578 4540 1641 4593 ei.
1672 4539 1805 4594 Tam

223 4631 332 4684 cito
362 4629 851 4683 Danielicreditum
883 4638 983 4683 est.
1014 4631 1090 4683 Ac
1117 4631 1305 4683 merito
1338 4630 1587 4699 praecepit
1614 4645 1807 4685 manna

224 4730 278 4775 et
301 4720 500 4774 bonum
527 4718 745 4774 odorem
780 4720 932 4773 libari
952 4719 1025 4774 ei.
1054 4720 1212 4773 Vides
1250 4722 1535 4773 maximum
1576 4721 1806 4776 miracu-

226 4811 361 4864 lum.
400 4809 558 4864 Vides
581 4819 637 4863 ut
666 4824 781 4864 mos
812 4811 883 4864 sit
923 4810 1207 4880 gentilibus
1236 4826 1298 4864 ex
1332 4810 1633 4864 hominibus
1675 4811 1803 4867 deos

224 4902 425 4957 facere.
475 4899 655 4970 Itaque
684 4900 897 4970 quando
938 4900 1213 4955 dixerint:
1270 4900 1421 4957 Unde
1467 4899 1802 4955 idololatria?

226 4992 546 5062 principium
578 4991 719 5044 illius
749 4991 915 5044 disce.
942 4990 1028 5045 Sic
1055 4992 1322 5061 apostolos
1352 5006 1563 5061 quoque
1606 5006 1669 5045 ex
1702 4991 1803 5047 lio-

226 5084 463 5137 minibus
488 5081 617 5137 deos
657 5080 917 5135 faciebant
945 5082 1079 5150 (Act.
1108 5082 1192 5136 t4.
1223 5082 1311 5136 ll.
1352 5092 1395 5136 et
1415 5080 1502 5135 28.
1527 5080 1603 5151 6).
1632 5082 1721 5137 Sic
1750 5090 1804 5138 et

227 5173 473 5227 diabolus
508 5172 573 5226 ab
596 5172 746 5225 initio
768 5172 1091 5241 impietatem
1120 5172 1457 5228 introducere
1493 5173 1800 5241 contendit,

227 5266 452 5320 dicens:
478 5262 638 5319 Eritis
663 5264 789 5317 sicut
830 5262 899 5315 dii
927 5262 1076 5332 (Gen.
1120 5264 1170 5318 '5.
1196 5264 1270 5332 5).
1312 5264 1378 5317 Et
1403 5265 1650 5333 quoniam
1680 5272 1804 5319 tunc

230 5370 337 5411 non
364 5353 564 5420 valuit,
596 5361 717 5423 post
752 5352 840 5406 illa
872 5351 923 5406 id
951 5361 1154 5420 tentat,
1185 5354 1378 5423 ubique
1402 5354 1651 5408 obnitens
1676 5352 1805 5408 deo-

231 5462 349 5501 rum
373 5443 763 5499 multitudinem
791 5442 1149 5497 introducere.
1178 5445 1264 5497 47.
1292 5443 1359 5497 Et
1386 5445 1689 5514 respondens
1714 5459 1803 5498 rea:

232 5537 361 5591 dixit
386 5534 589 5590 Dauieli
613 5550 630 5587 :
656 5532 723 5587 1η
745 5533 948 5586 veritate
972 5534 1084 5586 novi
1104 5535 1236 5603 quod
1264 5534 1396 5589 Deus
1419 5545 1572 5589 vester
1600 5536 1705 5605 ipse
1730 5545 1803 5590 est

233 5624 374 5679 Deus
415 5625 602 5689 vivens,
647 5631 694 5676 et
721 5622 964 5676 Dominus
986 5639 1175 5692 regum.
1218 5624 1329 5679 [loc
1357 5625 1473 5679 solo
1513 5625 1755 5679 inductus
1784 5664 1799 5688 .

230 5717 409 5772 statim
443 5712 669 5772 credidit
708 5730 799 5771 rex
829 5730 841 5768 :
871 5712 1037 5770 iud-.ri
1066 5728 1219 5776 vero.
1267 5729 1386 5769 cuiu
1430 5714 1589 5770 millia
1620 5714 1798 5785 hujus-

1611 336 1674 391 ΙΝ
1715 335 2059 391 DANIELEM

3399 362 3513 421 210

1927 450 2069 504 modi
2092 450 2368 517 audirent,
2388 468 2491 507 non
2510 456 3041 516 attendebant.Vides
3060 478 3163 531 qua
3182 464 3386 520 ratione
3408 467 3502 519 tibi

1925 541 2170 595 ostendat
2216 544 2446 613 gentium
2490 556 2694 615 gratum
2742 552 3017 606 animum?
3061 554 3505 625 Quandoquidem

1925 635 2065 687 enim
2088 634 2530 698 aderatdeinci-ps
2548 648 2775 708 tempus,
2801 642 2851 695 in
2870 659 2973 712 quo
2990 647 3271 715 oportebat
3289 648 3355 701 ad
3370 664 3509 717 gen-

1925 724 2042 779 tiles
2070 726 2495 794 praedicationem
2520 732 2776 801 evangelii
2802 737 3104 804 exportari,
3126 739 3427 808 auticipans
3446 756 3507 797 se

1923 826 2141 872 excusat
2158 834 2250 888 per
2268 819 2475 873 illorum
2498 824 2879 891 progenitores,
2907 828 3249 898 ostenditque
3268 846 3371 885 non
3399 830 3506 885 fru-

1924 915 2033 961 stra
2052 921 2150 962 nec
2167 916 2368 963 temere
2390 910 2614 979 gentiles
2639 910 2835 968 Judseis
2857 930 2885 966 a
2902 930 2961 970 se
2977 913 3143 972 fuisse
3163 919 3501 989 prapositos.

2526 1042 2748 1101 CAPUT
2788 1047 2875 1101 Ill.

1994 1173 2047 1227 l.
2086 1192 2104 1225 ι
2141 1174 2295 1227 Anno
2318 1173 2525 1229 decimo
2548 1186 2735 1232 octavo
2764 1178 2842 1251 (a)
2881 1179 3378 1239 Nabuchodonosor
3406 1201 3501 1241 rex

1922 1261 2053 1319 fecit
2095 1266 2375 1336 imaginem
2406 1282 2619 1321 auream
2658 1286 2674 1323 :
2729 1270 2954 1326 altitudo
3017 1272 3135 1341 ejus
3193 1274 3499 1330 cubitorum

1919 1356 2227 1426 sexaginta,
2261 1366 2317 1412 et
2360 1357 2587 1414 latitudo
2626 1360 2741 1429 ejus
2776 1362 3077 1417 cubitorum
3116 1378 3210 1420 sex
3249 1383 3264 1419 :
3305 1376 3359 1420 et
3393 1378 3504 1421 sta-

1922 1448 2022 1502 tuit
2057 1463 2173 1502 eam
2215 1450 2266 1503 in
2305 1464 2493 1520 campo
2534 1451 2702 1506 Decra
2754 1454 2807 1507 in
2862 1455 3134 1523 provincia
3187 1457 3475 1529 Babylonis

1916 1535 1971 1590 2.
2035 1539 2100 1593 Et
2149 1539 2639 1597 Nabuchodonosor
2676 1545 2818 1598 misit
2878 1556 3256 1617 congregatum
3307 1564 3496 1605 omnes

1918 1637 2226 1694 summates,
2248 1638 2299 1684 et
2324 1639 2596 1700 praetores,
2631 1634 2910 1702 pnesidcs,
2943 1636 3108 1691 duces
3137 1646 3191 1693 et
3214 1646 3494 1710 tyrannos,

1916 1725 1969 1769 ct
1999 1718 2050 1770 in
2097 1719 2449 1787 potestatibus
2493 1723 2849 1784 consﬁtutos,
2888 1734 2943 1777 et
2979 1740 3166 1781 omnes
3216 1728 3492 1799 regionum

1919 1808 2273 1876 magistratus,
2305 1820 2362 1864 ut
2406 1812 2645 1866 venirent
2672 1815 2735 1866 ad
2775 1814 3165 1872 dedicationem
3206 1819 3489 1887 imaginis.

1917 1915 2075 1967 quam
2106 1911 2361 1955 statuerat
2385 1902 2874 1959 Nabuchodonosor
2896 1921 3008 1961 rex.
3047 1926 3065 1960 ι
3098 1908 3288 1977 Aspice
3315 1910 3501 1977 splen-

1921 1990 2133 2044 dentem
2166 2007 2343 2046 rerum
2375 1996 2650 2048 veritatem
2678 2012 2690 2045 τ
2727 2004 2781 2049 et
2808 2006 2953 2050 certe
2976 2013 3129 2066 quem
3158 2014 3261 2052 non
3291 1999 3504 2069 puduis-

1911 2089 1995 2135 set
2023 2079 2274 2150 ilagitium
2306 2084 2441 2152 regis
2468 2085 2773 2139 revelasse?
2799 2084 2932 2152 Quid
2964 2085 3131 2139 dicis?
3159 2087 3248 2141 ille
3282 2089 3370 2156 qui
3402 2089 3498 2143 ad-

1912 2172 2107 2236 oravit,
2140 2174 2227 2241 qui
2255 2189 2443 2228 manna
2472 2174 2686 2238 libavit,
2716 2176 2803 2245 qui
2845 2177 3007 2231 Deum
3038 2177 3172 2232 adeo
3194 2178 3495 2248 honoravit,

1911 2261 1997 2330 qui
2025 2261 2312 2317 admiratus
2335 2273 2447 2329 est,
2476 2274 2530 2319 et
2555 2280 2713 2333 supra
2742 2265 2957 2319 modum
2983 2266 3280 2336 obstupuit,
3308 2269 3493 2336 illene,

1912 2366 2010 2406 nec
2037 2353 2191 2421 longo
2220 2363 2454 2422 tempore
2495 2354 2678 2422 elapso
2696 2395 2709 2419 ,
2752 2357 2929 2410 statim
2959 2356 3024 2411 ad
3053 2358 3282 2425 priorem
3311 2374 3497 2416 rever-

1912 2444 2038 2498 titur
2077 2446 2358 2500 errorem?
2387 2446 2612 2501 Pulchre
2651 2462 2795 2502 sane.
2830 2448 2945 2504 Non
2986 2449 3128 2503 enim
3170 2466 3291 2505 eum
3331 2453 3499 2522 signis

1910 2534 2331 2605 ohstupeiecistis
2356 2558 2367 2593 :
2396 2552 2515 2591 nam
2544 2537 2673 2591 nihil
2700 2538 2888 2592 horum
2914 2543 3214 2609 cogitarunt
3228 2542 3493 2609 juvenes;

1908 2636 1962 2677 at
2002 2642 2160 2679 unum
2200 2627 2531 2683 solummodo
2569 2641 2953 2698 respexerunt,
2999 2633 3266 2700 quomodo
3296 2635 3496 2689 verita-

1911 2724 2013 2769 tem
2037 2716 2228 2771 nudam
2251 2717 2596 2788 deponerent.
2620 2721 2904 2789 Postquam
2926 2721 3068 2775 enim
3090 2721 3177 2776 ille
3198 2723 3384 2778 urbem
3407 2739 3499 2778 ce-

1910 2816 2061 2875 perat
2099 2808 2117 2876 (
2143 2816 2267 2862 tune
2292 2810 2486 2879 quippe
2514 2809 2898 2881 Jerosolymam
2932 2813 3284 2882 expugnavit,
3315 2822 3370 2869 et
3408 2814 3495 2869 illa

1910 2899 2102 2967 potitus
2143 2902 2299 2971 est),
2331 2903 2497 2955 erexit
2540 2902 2819 2972 imaginem
2845 2944 2861 2970 ,
2906 2904 3039 2958 forte
3090 2904 3141 2957 in
3190 2904 3496 2974 superbiam

1908 2991 2095 3044 elatus.
2120 2991 2341 3058 Quidam
2362 2992 2563 3054 dicunt.
2588 2993 2726 3062 quod
2747 2994 2987 3063 imaginis
3006 2994 3146 3049 illius
3165 2993 3493 3060 recordatus,

1907 3093 2027 3147 qua:
2054 3080 2154 3149 ipsi
2187 3081 2236 3133 in
2269 3083 2467 3135 somnis
2503 3090 2715 3136 ostensa
2743 3083 2913 3136 fuerat
2941 3100 2954 3137 :
2982 3083 3071 3136 alii
3100 3092 3278 3139 autem
3308 3084 3491 3148 aiunt,

1907 3169 2048 3238 quod
2070 3170 2297 3239 seipsum
2328 3172 2378 3225 in
2406 3170 2535 3226 deos
2564 3173 2763 3227 referre
2784 3173 2987 3227 volens.
3026 3173 3233 3226 Etenim
3264 3173 3365 3228 hoc
3392 3173 3495 3228 de-

1908 3262 2103 3317 siderio
2134 3263 2446 3318 tenebantur
2474 3265 2707 3333 antiqui,
2742 3273 2799 3318 ut
2838 3264 2910 3319 dii
2945 3274 3325 3329 censerentur,
3358 3264 3497 3320 sicut

1907 3351 2167 3406 diabolus.
2202 3351 2269 3407 Et
2297 3352 2417 3408 vide
2468 3354 2687 3409 exitum.
2718 3354 2850 3408 Cum
2879 3355 3147 3410 omisisset
3184 3353 3407 3424 jubere,
3437 3366 3497 3410 ut

1908 3443 2083 3512 ipsum
2111 3442 2420 3509 adorarent,
2449 3444 2623 3500 effecit
2651 3455 2706 3499 ut
2735 3446 2908 3515 imago
2932 3460 3027 3501 sua
3055 3445 3365 3501 adoraretur
3383 3488 3398 3512 ,
3426 3461 3495 3501 ex

1909 3535 2072 3588 multa
2100 3550 2275 3589 rerum
2306 3534 2622 3589 abundantia
2664 3535 2712 3589 id
2744 3537 3008 3591 coniicere
3050 3537 3269 3602 volens,
3300 3545 3355 3592 et
3382 3553 3498 3592 ma-

1908 3623 2182 3693 gnitudine
2211 3632 2367 3691 atque
2393 3623 2634 3691 corporis
2661 3624 2799 3679 mole
2824 3626 3043 3694 cupiens
3070 3627 3364 3695 percellere
3390 3668 3404 3691 ,
3426 3642 3491 3682 ac

1909 3732 2091 3773 rursus
2111 3732 2140 3770 a
2168 3720 2304 3771 loco.
2332 3716 2397 3770 In
2418 3716 2527 3769 loco
2554 3715 2743 3780 Decra,
2776 3717 2964 3785 inquit.
2991 3716 3223 3788 Campus
3252 3728 3367 3774 erat
3389 3718 3493 3773 for-

1910 3819 2050 3866 tasse
2076 3808 2306 3863 acclivis.
2342 3806 2427 3862 12.
2461 3827 2479 3860 ι
2514 3808 2648 3862 Sunt
2668 3806 2765 3860 viri
2788 3806 2954 3860 Judzci
2974 3849 2986 3869 ,
3012 3822 3145 3876 quos
3170 3809 3493 3863 constituisti

1909 3918 2070 3973 super
2109 3917 2267 3971 opera
2311 3901 2614 3971 Babylonis,
2644 3899 2965 3965 Sedracbus,
2994 3898 3284 3964 Misachus,
3314 3900 3493 3954 Abde-

1909 4008 2063 4062 nago.
2092 3992 2203 4046 Viri
2229 3993 2305 4045 illi
2347 4007 2450 4045 non
2474 3990 2790 4046 obedierunt
2814 4029 2829 4055 ,
2861 4005 2955 4045 rex
2978 4030 2993 4057 ,
3031 3990 3248 4045 decreto
3276 3998 3368 4044 tuo
3390 4031 3406 4055 ,
3438 3998 3493 4045 et

1909 4083 2038 4137 deos
2063 4091 2182 4137 tuos
2208 4097 2309 4136 non
2331 4081 2515 4136 colunt
2542 4121 2555 4143 ,
2582 4089 2638 4135 et
2664 4080 2946 4149 imaginem
2969 4095 3183 4134 auream
3207 4095 3365 4150 quam
3393 4088 3492 4133 sta-

1910 4173 2051 4226 tuisti
2082 4187 2185 4226 non
2210 4172 2449 4226 adorant.
2482 4172 2569 4225 13.
2614 4171 2762 4224 Tunc
2803 4169 3291 4225 Nabuchodonosor
3320 4169 3373 4223 in
3412 4168 3495 4223 fu-

1908 4277 2030 4317 rore
2051 4271 2105 4319 et
2128 4264 2204 4316 ira
2225 4262 2377 4328 dixit,
2402 4270 2459 4316 ut
2478 4261 2804 4316 adducerent
2824 4259 3175 4324 Sedrachum,
3199 4259 3491 4315 Misachum

1908 4364 1962 4409 et
1986 4352 2416 4424 Ahdenagonem.
2448 4370 2466 4404 ι
2513 4350 2790 4418 Quomodo
2821 4350 2905 4404 hic
2933 4364 3038 4404 non
3076 4357 3351 4418 comparet
3379 4349 3488 4403 Da-

1908 4445 2043 4499 niel?
2073 4444 2197 4498 Mihi
2236 4443 2442 4498 videtur
2462 4483 2476 4507 ,
2506 4440 2785 4496 Chaldaeos
2826 4448 3124 4495 metuentes
3153 4454 3259 4492 non
3313 4440 3487 4508 ipsum

1907 4535 2280 4599 denuntiasse,
2324 4532 2406 4587 vel
2451 4545 2628 4601 regem
2672 4530 2969 4585 reverentia
3008 4528 3294 4584 adductum
3338 4528 3488 4583 illum

1908 4641 2011 4679 non
2051 4624 2322 4693 coegisse,
2363 4637 2431 4677 ne
2467 4620 2805 4676 manifestum
2843 4620 3062 4673 haberet
3098 4627 3486 4673 accusatorem.

1908 4715 2127 4781 Quidam
2155 4726 2281 4767 vero
2307 4712 2517 4776 dicunt,
2540 4712 2662 4779 quia
2687 4709 2972 4764 vocabatur
2993 4707 3236 4762 Baltasar
3256 4707 3275 4777 (
3298 4706 3363 4779 b)
3391 4728 3404 4763 :
3434 4707 3489 4762 id

1907 4819 2083 4859 autem
2117 4819 2304 4858 nomen
2349 4812 2461 4856 erat
2492 4803 2613 4855 idoli
2643 4800 2783 4869 quod
2814 4800 2952 4869 apud
2985 4799 3302 4870 Babylonios
3340 4800 3489 4853 cole.

1907 4896 2077 4951 batur.
2113 4895 2249 4949 Deus
2277 4894 2431 4963 igitur
2457 4892 2686 4961 providit
2712 4900 2768 4945 ut
2796 4891 2847 4944 in
2874 4889 3145 4945 fornacem
3173 4904 3281 4942 non
3306 4888 3488 4943 mitte-

1907 4998 2072 5052 retur,
2097 5003 2162 5042 ne
2183 4987 2386 5041 scilicet
2408 4985 2594 5049 virtus,
2618 4998 2718 5052 qua
2744 4981 3035 5049 periculum
3058 4980 3320 5034 vitaturus
3346 4991 3483 5041 erat,

1906 5081 1955 5137 ei
1981 5078 2178 5134 nomini
2198 5077 2607 5133 adscriberetur.
2633 5072 2770 5141 Quid
2796 5071 2952 5143 igitur
2978 5080 3087 5126 tres
3109 5069 3297 5142 pueri?
3321 5068 3484 5125 Μακί-

1974 5228 2044 5299 (al
2058 5228 2200 5299 Anne.
2219 5232 2473 5299 asceam
2486 5231 2577 5299 ρει.
2592 5224 3140 5299 "lemmata-leads
3158 5226 3291 5299 extim
3315 5241 3473 5299 21w.-

1975 5286 2074 5339 atio
2097 5286 2297 5355 urbis—iu
2317 5286 2800 5355 Nabuchodonosoris
2817 5286 2894 5355 _18,
2919 5292 2969 5355 et
2996 5286 3057 5355 1-D
3082 5301 3093 5335 :
3119 5288 3148 5334 4
3176 5290 3300 5355 Reg;
3319 5286 3397 5345 233,
3419 5289 3469 5345 8,

1941 5365 2092 5399 erem.
2120 5351 2198 5407 52,
2225 5350 2299 5409 12,
2322 5350 2398 5396 29.
2422 5348 2593 5409 Neque
2620 5346 2890 5409 audiendus
2923 5346 3137 5409 Grotius,
3164 5346 3467 5408 qui'Jei-em.

1911 5412 1999 5475 δῇ,
2028 5412 2117 5475 29,
2144 5412 2482 5475 corrigendum
2515 5408 2625 5475 esse
2650 5420 2773 5459 anno
2806 5408 2872 5475 19_
2895 5408 3469 5475 suspicatur._Josephus

1910 5470 1994 5539 lib.
2016 5472 2055 5539 _l_
2066 5480 2228 5539 contra
2242 5470 2289 5539 ﬁ
2300 5472 2489 5539 pionem
2513 5482 2528 5539 :_
2547 5470 2805 5539 I‘tfyporttfat
2818 5470 2912 5539 ,γὰρ
2924 5470 3140 5539 evastat;
3156 5470 3466 5539 (Sermonis)

1911 5536 1981 5581 ὅτι
2016 5529 2482 5601 Ναῶυχοδοῆρσορεξς
2510 5529 2903 5601 squamea?
2929 5538 3012 5601 τῇς
3046 5529 3189 5601 enim}
3210 5529 3471 5601 ⁸ρὀιινιξείιις

1912 5596 2003 5643 ἔτει
2024 5595 2102 5641 τὸν
2122 5589 2230 5655 πάρ’
2251 5594 2360 5653 ἡμῖν
2384 5589 2495 5639 vas.
2512 5592 2756 5653 ἠρήμωσε,
2778 5593 2857 5638 καὶ
2873 5593 2930 5650 ἦν
2952 5594 3125 5655 ἀφανὴς
3150 5589 3323 5655 ξτιὶγίτη
3350 5589 3469 5637 {ad

1916 5654 1977 5718 (ι.
2006 5652 2379 5718 ἐϐδομῄὴοντγαγ
2407 5652 2606 5718 δευτέρῳ
2703 5660 2784 5718 τῆς
2811 5652 3243 5718 ιςύρουβασιξηςίας,
3270 5656 3366 5697 etc.

1976 5718 2042 5778 (ὁ)
2064 5708 2127 5766 si
2154 5708 2240 5765 fuit
2258 5708 2423 5778 postea
2442 5708 2606 5775 opinio
2631 5708 2803 5764 lsidoti
2823 5708 3087 5763 l'c'tusi'ota
3111 5710 3198 5763 lib.
3218 5713 3259 5771 ι,
3280 5724 3360 5773 ep.
3386 5708 3460 5759 19.
