4016 6462
563 392 668 446 211

558 519 644 556 me
670 502 911 572 equidem
942 500 1040 570 ipsi
1069 515 1278 570 quoque
1307 513 1421 554 rem
1458 494 1775 552 confutaturi
1802 498 1972 546 erant.
2002 488 2123 544 Ca:-

556 601 727 645 terutn
774 592 824 645 in
878 591 964 645 illa
1014 589 1351 659 prmdietione
1384 586 1641 656 superiori
1677 582 1944 653 quomodo
1991 580 2128 634 Deus

557 683 697 738 idem
729 699 832 737 non
861 682 1160 751 disposuit?
1209 681 1637 737 Criminabantur
1684 679 1802 732 illos
1854 674 2124 730 Chaldtei:

557 776 839 843 plurimum
871 775 1010 827 enim
1059 782 1231 843 potest
1269 772 1481 826 invidia.
1532 771 1692 825 Ferre
1736 783 1839 822 non
1886 775 2128 836 poterant

556 865 796 931 captivos
825 867 949 932 ipsis
975 866 1296 919 imperantes
1323 862 1577 929 aspicere.
1601 859 1704 914 Sed
1733 859 1870 913 vide.
1901 859 2045 911 Sicut
2074 857 2125 910 in

558 951 774 1004 Danielc
794 993 809 1017 ,
856 955 998 1020 prius
1025 952 1320 1005 didicerunt
1360 951 1498 1003 illius
1526 964 1701 1004 mores
1726 963 1787 1002 ac
1825 956 2122 1002 mansuetu-

557 1042 769 1105 dinem,
801 1052 853 1095 et
884 1051 1009 1095 tunc
1048 1042 1194 1110 signa
1222 1039 1500 1095 viderunt:
1530 1041 1598 1093 ita
1626 1038 1782 1092 etiam
1815 1038 1897 1091 hic
1937 1038 1986 1090 in
2015 1051 2127 1090 me-

556 1131 697 1182 diam
745 1130 1008 1183 ducuntur
1033 1133 1209 1198 pueri,
1237 1139 1290 1182 et
1320 1130 1540 1196 primum
1579 1143 1762 1182 eorum
1804 1126 2127 1196 propositum

556 1219 840 1270 denudavit
869 1219 1006 1272 Deus
1037 1235 1051 1271 :
1083 1228 1134 1271 et
1164 1218 1238 1270 iiii
1269 1218 1337 1270 ita
1370 1217 1643 1285 prmparati
1676 1231 1778 1269 non
1812 1216 1862 1268 in
1896 1215 2124 1268 medium

559 1308 876 1361 insilierunt.
906 1307 1060 1361 Scitis
1091 1318 1265 1360 autem
1294 1307 1560 1360 hominem
1579 1347 1592 1368 ,
1621 1306 1708 1373 qui
1737 1305 1979 1372 praisenti
2009 1305 2130 1357 vita:

557 1399 914 1463 renuntiavit,
942 1399 1136 1467 quique
1177 1398 1330 1452 facile
1361 1409 1584 1452 mortem
1610 1398 1866 1462 sustinet,
1897 1413 2000 1450 non
2031 1397 2127 1450 de-

559 1498 903 1542 trectatnrum
943 1489 1201 1558 quidlibet
1236 1489 1464 1553 audere,
1507 1489 1664 1542 etiam
1694 1502 1877 1543 eorum
1908 1503 2023 1557 qua:
2055 1495 2131 1542 te-

559 1581 784 1634 meraria
806 1595 924 1635 esse
946 1580 1206 1634 videntur.
1230 1583 1474 1634 Attamen
1497 1580 1580 1634 isti
1602 1621 1617 1644 ,
1641 1581 1739 1633 etsi
1761 1588 1982 1633 mortem
2004 1594 2130 1633 eon-

559 1681 893 1734 temnerent.
926 1674 1183 1727 mansueti
1215 1681 1400 1736 erant;
1432 1687 1529 1725 nec
1560 1672 1676 1726 illos
1703 1671 1964 1726 ullatenus
1994 1671 2131 1724 laesit

560 1761 811 1815 fortitudo
832 1805 845 1826 ,
879 1778 975 1817 nee
1000 1763 1051 1815 in
1089 1762 1356 1815 audaciam
1396 1763 1648 1826 adduxit;
1681 1777 1852 1831 neque
1881 1762 1933 1816 id
1963 1762 2131 1816 ambi-

561 1853 703 1906 tione
746 1853 1026 1907 faciebant.
1060 1853 1150 1906 25.
1199 1870 1218 1904 ι
1266 1853 1333 1905 Et
1370 1853 1469 1905 viri
1508 1853 1581 1906 illi
1621 1861 1762 1918 tres,
1795 1851 2124 1917 Sedrachus,

561 1940 825 1995 Misachus
885 1951 939 1996 et
964 1941 1248 2010 Abdenago
1268 1980 1284 2004 ,
1310 1940 1614 1996 ceciderunt
1638 1942 1688 1994 in
1717 1941 1940 1995 mediam
1965 1941 2131 1994 forna-

560 2046 676 2085 cem
708 2032 840 2101 ignis
875 2032 1178 2098 ardentem,
1211 2034 1374 2101 ligati.
1412 2034 1502 2088 (ξι.
1550 2033 1615 2087 Ει
1650 2033 2050 2088 deambulabam
2077 2034 2128 2088 in

560 2121 739 2174 medio
789 2122 1047 2186 flammae,
1096 2123 1369 2177 laudantes
1415 2123 1617 2189 Deum,
1659 2132 1714 2177 et
1755 2122 2130 2178 benedicentes

560 2209 861 2264 Dominum.
896 2211 1026 2265 Vide
1054 2227 1226 2265 nonne
1253 2212 1507 2266 mirabilis
1535 2227 1597 2266 ae
1621 2213 1884 2281 inopinata
1912 2222 1991 2267 est
2018 2213 2130 2266 base

560 2312 648 2352 res
664 2340 678 2366 ,
705 2300 973 2354 ambulare
997 2300 1155 2354 simul
1174 2315 1238 2355 ac
1262 2301 1492 2366 laudare,
1515 2302 1666 2370 quasi
1693 2311 1869 2356 essent
1890 2303 1940 2354 in
1963 2316 2129 2371 aqua-

560 2404 677 2443 rum
708 2391 956 2446 lavacro?
992 2391 1316 2462 Quamquam
1347 2393 1474 2446 nihil
1512 2393 1582 2446 ibi
1618 2401 1769 2457 erat,
1798 2392 1933 2462 quod
1966 2393 2132 2461 impe-

564 2479 742 2536 diret:
785 2482 1206 2552 quandoquidem
1243 2485 1380 2538 Deus
1409 2484 1664 2539 voluerat.
1696 2484 1822 2537 Tale
1849 2483 1972 2553 quid
2003 2484 2131 2537 mihi

559 2571 772 2626 videtur
813 2572 978 2628 fuisse
1004 2582 1058 2628 et
1084 2574 1171 2628 ille
1213 2574 1347 2644 ignis
1367 2617 1382 2641 ,
1417 2589 1522 2644 quo
1545 2575 1802 2630 combusti
1833 2583 1953 2628 sunt
1980 2575 2012 2627 ii
2042 2574 2132 2643 qui

560 2673 708 2716 extra
737 2661 1003 2718 fornacem
1034 2673 1184 2720 erant
1210 2681 1222 2716 :
1250 2675 1303 2718 et
1329 2663 1416 2717 hic
1442 2664 1574 2732 ignis
1600 2673 1713 2718 erat
1733 2705 1746 2730 ,
1771 2671 1822 2717 et
1849 2664 1936 2717 ille
1962 2663 2129 2732 ignis;

559 2763 612 2806 et
641 2753 754 2808 haec
796 2769 1020 2824 corpora
1042 2795 1058 2820 ,
1104 2764 1158 2810 et
1185 2755 1270 2809 illa
1295 2769 1516 2824 corpora
1543 2771 1557 2818 ;
1589 2763 1643 2810 et
1671 2763 1842 2809 tamen
1879 2755 1991 2809 haec
2019 2755 2132 2808 atti-

559 2844 668 2913 git,
697 2846 798 2898 illis
820 2861 944 2899 vero
964 2847 1234 2901 abstinuit.
1262 2846 1420 2901 Vides
1443 2856 1694 2916 quantum
1723 2848 1789 2900 sit
1815 2847 2012 2900 bonum
2037 2862 2130 2902 vo-

559 2936 735 2990 luntas
764 2938 996 3007 optima?
1025 2939 1311 2992 admiratus
1341 2954 1398 2993 es
1425 2953 1608 2992 eorum
1639 2939 2003 2992 voluntatem?
2031 2940 2127 2992 Mi-

557 3042 681 3082 rare
703 3029 911 3082 Domini
937 3029 1383 3093 benevolentiam,
1410 3038 1462 3084 et
1487 3029 1739 3084 honorem
1762 3045 1918 3098 quem
1941 3030 1991 3083 in
2015 3029 2131 3084 illos

559 3120 815 3173 exhibuit.
843 3119 1194 3188 Gloriﬁcantes
1223 3137 1301 3174 me
1323 3121 1612 3191 glori/icabo
1667 3121 1751 3192 (1.
1783 3119 1907 3190 Reg.
1931 3120 1983 3173 Ξ.
2014 3121 2130 3189 50),

558 3211 746 3280 inquit.
777 3212 1006 3267 Steterat
1046 3215 1345 3268 universum
1378 3212 1659 3266 theatrum.
1693 3213 1860 3282 Supra
1891 3221 2128 3266 naturam

558 3301 760 3371 loquuti
787 3311 945 3367 sunt;
975 3318 1132 3371 supra
1165 3311 1405 3356 naturam
1434 3303 1552 3356 illos
1582 3303 1822 3356 honorat.
1857 3303 2047 3370 Aspice
2076 3311 2132 3355 ut

559 3391 738 3446 famuli
765 3392 948 3447 eadem
979 3408 1095 3463 qua:
1121 3392 1373 3446 Dominus
1401 3393 1622 3461 possint.
1653 3393 1790 3458 Quid
1820 3393 2026 3445 miraris
2046 3432 2058 3454 ,
2087 3393 2130 3445 si

559 3496 739 3552 regem
767 3482 1079 3550 derideant,
1107 3499 1227 3537 eum
1255 3484 1374 3536 illos
1413 3483 1674 3537 elementa
1703 3491 2044 3536 revereantur
2070 3497 2132 3536 ac

561 3574 868 3642 suspiciant.
891 3573 1140 3628 Cominus
1167 3573 1335 3627 factus
1378 3581 1459 3626 est
1483 3572 1719 3626 Ecclesia
1751 3571 1826 3643 (a)
1855 3590 1868 3626 :
1899 3572 1995 3641 ipsi
2026 3588 2130 3626 ea:-

561 3661 617 3717 lo
645 3672 760 3717 erat
785 3663 994 3717 similis.
1022 3662 1118 3717 Hic
1139 3662 1248 3730 jam
1277 3663 1687 3730 incorruptionis
1711 3662 2129 3731 experimentum

561 3760 838 3821 ceperunt.
885 3751 1319 3820 Quandoquidem
1350 3761 1404 3806 et
1431 3751 1499 3805 ab
1525 3752 1675 3805 initio
1703 3767 1924 3820 corpora
1955 3761 2132 3805 nostra

561 3843 828 3912 passibilia
850 3851 1121 3911 peceatum
1150 3842 1302 3896 fecit:
1333 3857 1453 3896 cum
1479 3840 1636 3910 igitur
1656 3841 1796 3910 justa
1822 3851 2128 3910 operantur,

561 3933 752 3986 iterum
777 3932 1115 4001 impassibilia
1139 3929 1285 3985 fiunt.
1311 3931 1373 3984 Et
1394 3931 1797 3997 deambulabam,
1819 3933 2003 4001 inquit.
2029 3931 2132 3986 Sed

562 4022 835 4089 videamus
854 4020 978 4090 quid
1000 4020 1313 4089 loquantur;
1342 4021 1618 4074 audiamus
1647 4035 1828 4074 vocem
1857 4021 2132 4091 mysticam

561 4127 681 4166 cum
711 4113 887 4182 quiete
920 4111 1100 4164 multa.
1131 4110 1319 4164 Vidisti
1342 4126 1524 4166 vocem
1554 4111 1904 4165 inordinatam
1925 4120 1979 4165 et
2003 4125 2129 4165 con-

561 4201 731 4260 fusam
760 4200 1028 4256 sambucze
1058 4209 1106 4253 et
1138 4201 1369 4269 psalterii
1388 4242 1401 4264 ,
1434 4209 1487 4253 et
1512 4201 1764 4254 musicae?
1790 4201 1922 4254 Audi
1947 4214 2130 4256 vocem

561 4293 629 4346 ab
655 4293 773 4360 igne
797 4293 1066 4346 emissam.
1097 4291 1284 4347 Nonne
1309 4292 1501 4346 mirum
1533 4291 1627 4346 tibi
1655 4291 1927 4346 videbatur
1948 4310 2130 4348 vocem

562 4383 656 4437 Dei
685 4384 751 4437 ab
783 4384 902 4453 igne
931 4384 1053 4437 edi?
1086 4385 1219 4438 Ecce
1248 4385 1404 4439 etiam
1435 4385 1604 4439 servis
1633 4385 1741 4437 suis
1771 4383 1874 4438 hoc
1899 4384 2128 4438 donavit.

560 4473 692 4539 Quis
717 4489 810 4528 aer
838 4488 1118 4544 percussus
1158 4490 1342 4528 vocem
1379 4491 1496 4530 eam
1535 4473 1830 4529 efficiebat?
1868 4473 2053 4529 Nonne
2082 4475 2132 4529 id

563 4579 778 4634 semper
799 4579 892 4618 eos
916 4565 1007 4634 qui
1033 4564 1377 4619 comburendi
1408 4574 1530 4618 sunt
1573 4565 1891 4631 admonent,
1923 4575 1979 4618 ut
2006 4580 2131 4634 ape-

560 4655 703 4712 riant
747 4669 876 4718 ora,
936 4654 1076 4724 quod
1128 4657 1204 4710 sic
1233 4669 1301 4708 ne
1348 4656 1560 4725 paulum
1605 4657 1812 4723 quidem
1842 4658 2010 4725 possit
2056 4657 2133 4709 vis

563 4746 814 4813 deinceps
852 4746 904 4799 in
958 4761 1181 4815 corpore
1222 4747 1613 4816 permanere“?
1645 4747 1772 4801 Vide
1818 4759 2130 4802 concentum

563 4834 844 4900 musicum,
871 4850 1058 4890 omnes
1097 4837 1340 4890 nimirum
1381 4838 1525 4906 quasi
1573 4853 1637 4891 ex
1679 4852 1782 4892 uno
1826 4853 1920 4893 ore
1967 4838 2130 4892 Deum

561 4925 860 4980 laudantes.
887 4925 976 4987 25.
1012 4924 1077 4978 Et
1102 4937 1239 4979 stans
1270 4927 1476 4978 Azarias
1503 4927 1661 4979 oravit
1686 4928 1756 4980 sic
1787 4943 1804 4980 :
1834 4936 1880 4980 et
1906 4931 2132 4998 aperiens

564 5029 620 5066 os
643 5030 793 5067 suum
819 5015 869 5068 in
895 5014 1058 5068 medio
1085 5015 1216 5084 ignis
1242 5015 1389 5068 dixit.
1415 5015 1482 5071 Ut
1510 5032 1613 5069 non
1644 5017 1915 5071 existimes
1942 5031 2034 5071 eos
2067 5017 2131 5070 de

565 5106 916 5174 praesentibus
946 5105 1102 5158 rebus
1129 5104 1326 5174 gratias
1351 5119 1528 5173 agere,
1564 5106 1684 5160 ideo
1711 5107 1777 5160 de
1804 5107 2128 5175 captivitate,

565 5203 619 5250 et
660 5195 919 5249 molestiis
954 5196 1020 5249 iis
1057 5211 1174 5264 quae
1214 5195 1340 5265 ipsis
1377 5198 1730 5266 contigerant,
1777 5197 1942 5251 Deum
1994 5197 2132 5251 invo-

628 5353 646 5384 ι
681 5358 924 5400 Genmnus
945 5348 1079 5398 locns
1108 5350 1156 5412 in
1186 5353 1418 5412 Parmnesi
1458 5351 1608 5412 prima
1645 5348 1702 5397 ad
1729 5349 2026 5412 Theodorum
2062 5349 2132 5398 la-

565 5424 704 5474 psum
732 5425 840 5474 cap.
865 5412 921 5470 5,
947 5411 1132 5474 Tomol
1157 5424 1169 5458 :
1196 5410 1352 5459 Sciunt
1375 5410 1532 5461 autem
1553 5423 1730 5474 aranea,
1748 5410 1838 5474 qui
1859 5411 2130 5474 adfuerunt,

564 5469 676 5532 bum
692 5469 840 5532 aliqui
864 5471 1296 5532 comburebantur,
1313 5485 1389 5520 eos
1412 5472 1640 5532 quamdiu
1677 5469 1872 5532 quidem
1902 5469 2032 5532 labia
2049 5469 2134 5519 ha:-

563 5528 952 5594 buerintrlausa,
970 5531 1210 5594 paulisper
1227 5531 1392 5580 saltem
1416 5528 1646 5594 sustinere
1670 5528 1974 5589 incendium;
1991 5530 2034 5580 si
2054 5545 2131 5581 ve-

564 5607 618 5703 tl'o
642 5592 879 5703 gontingat
904 5600 952 5640 ut
970 5591 1026 5640 ὀδ
1048 5591 1286 5655 aperiant,
1327 5591 1486 5642 statim
1521 5593 1730 5642 animam
1752 5605 1779 5641 e
1800 5603 2000 5653 corpore
2022 5605 2132 5641 avo-

586 5665 644 5702 ar
676 5689 685 5698 .

627 5714 698 5775 (a)
728 5713 850 5775 quia
867 5711 1077 5763 Ecclesia
1098 5719 1183 5774 est,
1209 5713 1290 5764 ubi
1308 5717 1419 5773 tm,
1446 5713 1600 5776 inquit
1622 5711 1959 5763 Tertullianus.

1231 380 1286 439 S.
1327 376 1602 437 JOANNIS
1636 365 2110 431 CIIRYSOSTOMI
2146 364 2459 422 ARCHIEP.
2499 363 3024 422 CONSTANTLNOP.

3694 381 3821 434 212

2236 492 2375 539 eant.
2407 482 2537 538 Vide
2565 492 2622 538 ut
2648 484 2918 553 incipiant.
2953 483 3042 536 26.
3077 501 3095 534 ι
3128 482 3444 539 Benedictus
3470 498 3549 553 es,
3580 481 3830 538 Domine

2238 574 2372 627 Deus
2411 583 2615 642 patrum
2654 583 2976 635 nostrorum,
3009 580 3063 627 et
3088 572 3348 628 laudabile
3372 581 3424 628 et
3447 573 3830 642 glorificamus

2233 679 2425 720 nomen
2455 675 2600 719 tuum
2626 666 2677 719 in
2707 665 2920 719 saecula.
2954 665 3043 719 49.
3091 664 3325 733 Angelus
3365 673 3541 719 autem
3590 663 3830 719 Domini

2233 755 2507 811 descendit
2543 771 2661 809 cum
2699 756 2884 809 Azaria
2913 763 2967 809 et
2996 755 3155 808 sociis
3187 755 3302 824 ejus
3330 756 3380 808 in
3411 755 3690 809 fornacem
3725 771 3742 806 :
3771 762 3834 807 et

2233 845 2465 898 excussit
2491 843 2754 896 ﬂammam
2783 843 2916 912 ignis
2957 843 3024 897 de
3054 841 3288 906 fornace,
3331 842 3413 896 50.
3449 851 3504 896 et
3529 842 3662 894 fecit.
3696 857 3831 894 me-

2232 935 2376 988 dium
2416 933 2665 998 fornacis,
2715 933 2866 1002 quasi
2918 941 3134 986 ventum
3184 933 3322 985 roris
3369 932 3716 994 sibilantem;
3773 939 3837 984 et

2235 1037 2335 1078 non
2363 1022 2530 1091 tetigit
2562 1036 2655 1075 eos
2688 1021 2905 1074 omnino
2942 1021 3097 1090 ignis,
3124 1030 3179 1075 et
3205 1036 3306 1074 non
3332 1021 3661 1073 contristavit
3697 1033 3832 1083 eos,

2233 1124 2288 1168 et
2313 1113 2609 1167 molestiam
2647 1127 2750 1166 non
2785 1111 2980 1165 intulit.
3007 1131 3031 1172 ›
3083 1111 3154 1165 ita
3186 1126 3288 1164 non
3321 1111 3529 1164 fortuito
3577 1111 3682 1164 ista
3736 1109 3836 1164 ﬁe-

2234 1206 2380 1260 bant.
2417 1205 2482 1258 Et
2506 1220 2611 1257 non
2645 1203 2815 1257 solum
2845 1218 2950 1255 non
2982 1211 3106 1256 sunt
3133 1201 3428 1263 combusti;
3461 1200 3550 1254 sed
3583 1216 3687 1254 nec
3717 1201 3836 1254 illis

2232 1297 2527 1350 molestiam
2565 1293 2803 1347 exhibuit
2843 1293 3000 1362 ignis,
3043 1306 3140 1346 nec
3168 1291 3250 1345 vel
3277 1291 3552 1343 minimum
3600 1291 3831 1355 nocuit,

2233 1401 2406 1456 neque
2450 1385 2678 1439 calorem
2709 1391 3016 1439 senserunt.
3065 1382 3132 1436 Et
3177 1391 3454 1450 eapmpter
3498 1380 3638 1434 adeo
3694 1395 3837 1434 sese

2233 1476 2494 1530 extulerat
2520 1474 2754 1538 flamma,
2782 1483 2836 1526 ut
2869 1472 3013 1526 etab
3053 1473 3115 1525 iis
3146 1472 3232 1540 qui
3275 1470 3400 1524 foris
3440 1478 3594 1524 erant
3623 1484 3836 1524 cerne-

2232 1575 2398 1620 retur.
2447 1565 2512 1619 Et
2547 1577 2676 1618 vero
2705 1562 2920 1616 materia
2949 1561 3184 1616 immissa
3214 1558 3509 1613 sufficiebat
3549 1558 3618 1611 ad
3653 1558 3834 1612 ﬁdem

2234 1657 2335 1710 illis
2366 1654 2678 1718 faciendam,
2723 1663 2777 1707 ct
2799 1651 2942 1722 quod
2971 1652 3107 1722 ignis
3136 1665 3240 1704 non
3267 1649 3540 1715 deﬁceret,
3571 1657 3627 1702 et
3668 1647 3833 1716 quod

2233 1748 2322 1802 diu
2357 1746 2551 1801 ardens
2586 1752 2885 1815 appareret,
2933 1751 2987 1798 et
3019 1741 3158 1810 quod
3207 1756 3291 1795 res
3332 1755 3510 1793 coram
3559 1739 3834 1792 omnibus

2235 1838 2402 1892 fieret.
2433 1837 2521 1890 9|.
2553 1835 2618 1888 Et
2657 1833 3128 1888 Nabuchodonosor
3169 1831 3358 1884 audivit
3401 1830 3670 1883 laudantes
3702 1846 3796 1884 eos
3809 1847 3832 1894 ;

2233 1936 2278 1980 et
2311 1927 2589 1979 admiratus
2628 1936 2718 1990 est,
2751 1933 2797 1978 et
2823 1924 3035 1977 surrexit
3076 1938 3302 1992 propere,
3330 1932 3375 1974 et
3401 1921 3525 1973 dixit
3551 1923 3828 1988 aptimati-

2232 2017 2322 2072 bus
2349 2019 2472 2073 suis.
2519 2017 2573 2071 Id
2615 2017 2787 2086 ipsum
2817 2023 2992 2068 autem
3055 2023 3112 2068 ut
3146 2013 3372 2073 audiret,
3421 2013 3561 2066 unde
3591 2010 3830 2080 contigit

2233 2107 2771 2163 Nabuchodonosori?
2815 2111 2882 2159 At
2922 2121 3016 2174 per
3059 2115 3226 2159 totum
3267 2113 3473 2172 tempus
3516 2104 3823 2158 assederat.

2235 2197 2359 2252 Ideo
2399 2198 2538 2251 Deus
2584 2211 2689 2250 non
2731 2195 2971 2264 permisit
3015 2202 3070 2248 ιιι
3099 2194 3275 2247 statim
3322 2192 3409 2246 ille
3447 2192 3678 2256 audiret,
3709 2207 3825 2261 quo

2235 2289 2408 2356 ipsum
2461 2288 2622 2341 etiam
2683 2294 2891 2352 tempus
2945 2284 3306 2337 testimonium
3367 2281 3678 2350 perhiberet
3743 2282 3822 2334 rei

2235 2387 2430 2448 gestze;
2460 2377 2598 2446 quod
2625 2376 2827 2430 scilicet
2869 2390 2962 2442 per
3005 2374 3228 2427 multum
3274 2382 3477 2440 tempus
3518 2371 3570 2424 in
3601 2371 3824 2424 camino

2237 2469 2577 2533 commorati,
2626 2467 2757 2520 nihil
2799 2465 2924 2518 mali
2969 2465 3106 2534 passi
3144 2471 3340 2518 essent.
3393 2481 3411 2514 ι
3444 2462 3634 2515 Nonne
3671 2461 3822 2515 viros

2239 2567 2345 2612 tres
2400 2557 2674 2625 injecimus
2714 2557 2763 2608 in
2798 2554 3028 2609 medium
3062 2553 3196 2623 ignis
3233 2551 3600 2618 compeditos?
3634 2551 3699 2603 Et
3728 2564 3819 2602 re-

2236 2647 2553 2714 spondentes
2576 2646 2754 2699 dicunt
2775 2644 2919 2713 regi:
2949 2643 3102 2707 Vere,
3131 2657 3162 2696 ο
3185 2657 3297 2695 rex.
3323 2640 3409 2696 99..
3438 2641 3500 2694 Et
3524 2640 3660 2694 dixit
3679 2654 3774 2693 rex
3801 2655 3816 2692 :

2238 2737 2332 2793 llic
2357 2751 2455 2806 ego
2483 2736 2637 2791 video
2667 2735 2809 2789 viros
2851 2741 3075 2802 quatuor
3117 2732 3341 2797 solutos,
3385 2739 3439 2784 et
3477 2729 3819 2783 ambulantes

2238 2825 2291 2879 in
2315 2825 2490 2879 medio
2517 2824 2652 2892 ignis
2673 2840 2687 2878 :
2706 2831 2760 2877 et
2787 2823 3055 2890 corruptio
3081 2836 3183 2874 non
3207 2828 3291 2874 est
3315 2820 3367 2873 in
3386 2818 3466 2874 eis
3491 2835 3503 2870 :
3535 2826 3589 2873 et
3610 2818 3821 2886 species

2237 2915 2406 2984 quarti
2429 2913 2612 2968 similis
2635 2912 2740 2966 filio
2763 2912 2874 2967 Dei.
2906 2930 2924 2962 ι
2947 2911 3026 2965 Ab
3042 2911 3176 2964 ostio
3191 2909 3396 2963 viderat
3411 2923 3602 2962 eorum
3622 2906 3812 2961 facies.

2237 3007 2323 3062 95.
2355 3024 2375 3059 ι
2409 3005 2556 3059 Tunc
2580 3003 2804 3058 accessit
2830 3001 3316 3057 Nabuchodonosor
3341 2999 3405 3053 ad
3427 2999 3624 3053 ostium
3647 2998 3821 3051 forna-

2235 3100 2313 3154 cis
2341 3099 2476 3168 ignis
2503 3113 2620 3166 quze
2650 3096 2888 3159 ardebat,
2918 3105 2970 3149 et
2997 3094 3070 3148 ait
3103 3111 3115 3146 :
3153 3093 3196 3148 Ο
3233 3091 3520 3154 Sedrache,
3551 3091 3813 3154 Misaehe,

2237 3188 2546 3257 Abdenago,
2576 3187 2714 3241 servi
2743 3185 2838 3239 Dei
2879 3184 3143 3247 altissimi,
3184 3181 3516 3252 egredimini,
3559 3191 3614 3235 et
3641 3182 3822 3234 venito

2239 3277 2362 3333 huc.
2390 3278 2457 3331 Et
2481 3277 2680 3347 egressi
2707 3286 2829 3330 sunt
2860 3274 3180 3338 Sedrachus,
3211 3272 3493 3335 Misachus,
3520 3270 3819 3338 Abdenago

2236 3368 2303 3422 de
2352 3366 2528 3421 medio
2568 3367 2723 3434 ignis.
2761 3383 2779 3414 ι
2825 3364 3001 3430 Quare
3047 3371 3221 3416 autem
3270 3376 3373 3415 non
3422 3361 3570 3429 prius
3616 3359 3820 3428 egressi

2238 3465 2380 3520 sunt,
2411 3470 2567 3525 quam
2595 3455 2808 3508 vocavit
2836 3452 2967 3507 eos?
3002 3453 3067 3506 Et
3098 3453 3317 3521 pulchre
3351 3450 3496 3518 prius
3526 3451 3820 3518 interrogat

2238 3549 2517 3617 primores,
2548 3554 2604 3599 ut
2626 3544 2974 3613 responsione
3003 3557 3094 3596 sua
3121 3540 3494 3612 praeoccupati,
3526 3540 3658 3593 nihil
3691 3555 3820 3593 con-

2241 3638 2385 3692 trarii
2452 3635 2835 3704 respondeant,
2887 3648 3056 3702 neque
3116 3632 3395 3687 occasione
3461 3630 3813 3699 abripiantur.

2238 3726 2691 3792 Quemadmodum
2721 3723 2886 3794 Moysi
2916 3723 3124 3778 dicebat
3163 3722 3302 3775 Deus
3327 3737 3339 3773 :
3375 3718 3510 3784 Quid
3539 3729 3613 3773 est
3640 3721 3735 3772 hoc
3765 3721 3817 3772 in

2239 3835 2389 3872 manu
2415 3827 2498 3870 tua
2526 3815 2716 3888 (Exod.
2740 3816 2792 3870 ι.
2815 3813 2910 3883 2)?
2933 3815 3010 3869 sic
3028 3814 3187 3869 etiam
3206 3811 3697 3866 Nabuchodonosor
3718 3810 3818 3865 hos

2240 3906 2647 3975 interrogatione
2676 3904 2944 3970 anticipat.
2973 3901 3127 3967 Ecce,
3155 3903 3340 3971 inquit,
3368 3902 3509 3954 video
3536 3902 3670 3954 viros
3694 3917 3818 3970 qua-

2243 4007 2354 4050 tuor
2382 3997 2570 4049 solutos
2599 4003 2644 4047 et
2673 3993 2988 4047 ambulantes
3012 3993 3066 4045 in
3090 3992 3251 4044 medio
3282 3992 3411 4060 ignis
3439 4006 3457 4045 .'
3485 4001 3532 4044 et
3558 3992 3817 4058 corruptio

2239 4103 2338 4140 non
2363 4095 2435 4139 est
2461 4086 2511 4137 in
2534 4085 2606 4139 eis
2629 4099 2649 4139 :
2671 4093 2716 4138 et
2743 4091 2972 4150 aspectus
3000 4081 3166 4151 quarti
3191 4080 3370 4133 similis
3397 4080 3505 4147 ﬁlio
3534 4077 3651 4132 Dei.
3681 4081 3818 4133 Plu—

2239 4177 2427 4231 rimam
2458 4175 2593 4229 forte
2623 4171 3064 4243 pulchritudinem
3091 4185 3201 4239 prae
3230 4183 3289 4222 se
3324 4169 3549 4222 ferebat.
3581 4167 3755 4231 Unde,
3783 4183 3817 4221 o

2239 4267 2745 4331 Nabuchodonosor,
2777 4265 2914 4319 nosti
2947 4262 3113 4319 filium
3141 4263 3274 4317 Dei?
3301 4261 3493 4330 ASpice
3523 4261 3666 4313 hunc
3694 4260 3816 4312 bar-

2238 4359 2423 4413 barum
2451 4357 2766 4425 prephetarc
2793 4371 2856 4409 ex
2881 4363 3096 4422 aspectu
3122 4352 3254 4406 solo.
3288 4350 3357 4404 Et
3384 4352 3616 4414 accessit,
3649 4360 3697 4402 et
3725 4366 3817 4401 vo-

2240 4453 2364 4504 cavit
2394 4466 2476 4503 eos
2508 4465 2525 4502 :
2560 4448 2602 4500 0
2626 4447 2900 4508 Sedrache,
2940 4444 2989 4496 Μ
2999 4445 3184 4505 isache,
3227 4441 3517 4510 Abdenago,
3549 4441 3679 4493 serui
3720 4439 3816 4492 Dei

2238 4539 2490 4604 altissimi,
2514 4535 2825 4606 egredimini,
2849 4543 2893 4587 et
2915 4533 3092 4586 venite.
3117 4531 3266 4586 Vide.
3295 4529 3408 4584 Non
3427 4529 3588 4598 jussit
3608 4529 3814 4583 exstin-

2238 4629 2325 4698 gui
2365 4628 2629 4682 fornacem
2673 4643 2686 4679 :
2730 4624 2823 4679 sed
2864 4623 3027 4693 quid?
3059 4622 3274 4677 Voeavit
3320 4635 3433 4686 eos,
3470 4632 3529 4674 ut
3574 4621 3806 4675 exirent.

2241 4717 2400 4771 Vides
2415 4715 2718 4770 miraculum
2741 4728 2983 4784 magnum
3002 4720 3052 4766 et
3071 4709 3396 4765 incredibile.
3411 4708 3561 4775 Quod
3582 4709 3814 4764 maxime

2239 4815 2457 4862 noverat
2484 4821 2575 4861 eos
2601 4804 2959 4867 deliniturum,
2998 4801 3049 4854 id
3093 4802 3208 4855 illos
3232 4802 3456 4854 vocavit.
3505 4799 3649 4853 Nihil
3691 4799 3813 4853 huic

2238 4898 2495 4953 nobilitati
2522 4912 2618 4967 par
2644 4904 2743 4950 est.
2777 4894 2910 4948 Audi
2942 4893 3082 4947 enim
3114 4892 3279 4945 Deum
3303 4890 3570 4944 dicentem
3596 4907 3610 4942 :
3643 4888 3812 4942 Moses

2238 5006 2404 5042 servus
2428 5003 2565 5041 meus
2595 4994 2817 5038 mortuus
2844 4993 2912 5035 est
2939 4980 3075 5050 (los.
3110 4982 3160 5035 1.
3188 4979 3266 5051 2).
3297 4979 3384 5043 Et,
3413 4978 3586 5044 Isaac,
3626 4979 3810 5046 inquit,

2237 5094 2404 5131 servus
2430 5086 2542 5128 tuus
2568 5073 2719 5142 (Gen.
2748 5073 2836 5126 24.
2868 5071 2978 5138 id).
3013 5070 3122 5124 I-lac
3159 5069 3513 5139 appellatione
3542 5067 3815 5122 exsultant

2238 5166 2431 5236 angeli,
2462 5175 2514 5218 et
2536 5161 2844 5227 Cherubini,
2872 5170 2924 5215 et
2948 5159 3248 5229 Seraphlni.
3275 5158 3383 5213 Nec
3405 5157 3559 5212 sicuti
3588 5167 3812 5211 conten-

2239 5256 2404 5312 tiosus
2429 5254 2617 5323 aliquis
2648 5252 2876 5316 fecisset,
2917 5250 2973 5303 in
3003 5248 3217 5303 fornace
3263 5254 3572 5302 manserunt
3603 5244 3752 5312 pueri
3795 5261 3808 5297 :

2238 5346 2331 5400 sed
2359 5345 2533 5399 statim
2559 5340 2872 5396 obedierunt
2901 5357 2912 5393 :
2942 5348 2996 5394 et
3023 5338 3087 5394 ad
3118 5336 3463 5407 spectandum
3493 5334 3806 5390 miraculum

2238 5451 2423 5493 omnes
2446 5447 2762 5490 convenere.

2841 5563 3064 5621 CAPUT
3103 5563 3191 5618 IV.

2312 5703 2361 5756 1.
2406 5699 2511 5769 Ego
2562 5697 3027 5754 Nabuchodonosor
3070 5694 3329 5750 abundans
3373 5709 3512 5748 erant
3562 5693 3616 5747 in
3675 5699 3812 5753 domo
