4016 6462
211 382 328 436 211

206 491 359 561 άπερ
391 490 482 545 ἐπὶ
512 492 606 546 τοῦ
639 493 869 563 Δανιὴλ,
917 494 1177 564 πρότερον
1209 491 1410 562 ἔμαθον
1439 489 1598 545 αὐτοῦ
1647 491 1771 551 τοὺς

207 578 448 648 τρόπους
485 581 580 633 καὶ
604 581 700 650 τὴν
740 583 1062 646 ἐπιείκειαν,
1092 582 1186 633 καὶ
1212 582 1332 633 τότε
1360 579 1430 632 τά
1455 582 1652 649 σημεῖα
1675 577 1772 629 ἐώ-

215 680 345 732 ρων’
365 664 504 717 οὕτω
531 669 625 718 καὶ
645 666 874 719 ἐνταῦθα
895 669 1114 733 ἄγονται
1139 667 1214 728 είς
1241 667 1422 734 μέσον,
1446 666 1538 716 καὶ
1562 664 1772 734 πρῶτον

209 750 394 802 αὐτῶν
424 751 521 819 τὴν
545 752 860 822 προαίρεσιν
885 752 1278 820 ἀπεγύμνωσεν
1301 755 1328 804 ὁ
1352 751 1480 813 Θεός
1499 768 1512 781 ’
1532 747 1768 803 κάκεῖνοί

207 852 271 887 τε
301 836 443 888 οὕτω
472 839 974 907 παρεσκευασμένοι
1001 840 1098 892 οὐκ
1121 839 1465 906 ἐπεπήδησαν
1491 839 1568 898 εἰς
1595 835 1654 888 τὸ
1681 836 1773 905 μέ-

211 937 327 975 σον.
367 923 510 974 Ἵστε
540 923 595 975 δέ
635 925 713 975 ὅτι
762 923 1042 996 ἄνθρωπος
1066 924 1162 992 τῆς
1196 922 1470 993 παρούσης
1500 922 1641 990 ζωῆς
1669 923 1772 973 ἀπ-

211 1006 490 1072 εγνωκὼς,
522 1008 616 1061 καὶ
639 1008 832 1078 ῥᾳδίως
848 1009 1026 1078 φέρων
1054 1008 1150 1077 τὴν
1170 1008 1442 1078 τελευτὴν,
1459 1008 1605 1059 οὐδὲν
1628 1023 1771 1075 παρ-

211 1094 494 1163 αιτήσαιτο
563 1095 855 1163 τολμῆσαι,
907 1096 999 1146 καὶ
1063 1093 1171 1146 τῶν
1220 1095 1422 1163 σφόδρα
1481 1093 1770 1145 δοκούντων

215 1177 366 1250 [219]
396 1180 679 1250 τολμηρῶν
712 1178 865 1234 εἶναι.
905 1181 1041 1233 Ἀλλ’
1073 1182 1219 1250 ὅμως
1245 1182 1340 1235 καὶ
1377 1175 1517 1234 οὗτοι
1544 1180 1768 1232 Θανάτου

213 1265 590 1334 ὑπερορῶντες
620 1268 875 1328 ἐπιεικεῖς
899 1261 1056 1336 ἦσαν,
1079 1267 1229 1319 οὐδὲν
1263 1267 1369 1319 άπὸ
1397 1267 1494 1334 τῆς
1523 1265 1768 1335 ἀνδρείας

211 1351 294 1412 είς
333 1350 645 1419 θρασύτητα
685 1352 1141 1421 παραϐλαϐέντες,
1170 1351 1288 1405 οὐδέ
1318 1351 1593 1420 φιλοτιμίᾳ
1618 1351 1771 1402 τοῦτο

213 1435 512 1497 ποιοῦντες.
544 1437 650 1488 Καὶ
683 1440 734 1490 οί
769 1437 982 1503 ἄνδρες
995 1437 1209 1491 ἐκεῖνοι
1243 1440 1296 1490 οι
1313 1437 1487 1504 τρεῖς,
1520 1436 1762 1503 Σεδρὰχ,

211 1519 438 1588 Μισὰχ,
475 1522 809 1591 Ἀϐδεναγώ,
830 1524 1049 1576 ἔπεσον
1063 1525 1149 1587 είς
1171 1523 1365 1591 μέσον
1391 1523 1499 1589 τῆς
1518 1523 1767 1590 καμίνου

211 1606 319 1660 τοῦ
348 1606 538 1673 πυρὸς
564 1606 674 1674 τῆς
707 1607 1040 1676 καιομένης,
1077 1608 1493 1676 πεπεδημένοι.
1533 1608 1639 1661 Καὶ
1671 1623 1767 1659 πεο

201 1696 536 1763 ριεπάτουν
576 1697 646 1749 ἐν
689 1698 857 1764 μέσῳ
882 1696 993 1763 τῆς
1035 1696 1277 1764 φλογὸς,
1305 1694 1632 1765 ὑμνοῦντες
1665 1695 1770 1747 τὸν

214 1785 385 1848 Θεὸν,
416 1783 514 1837 καί
552 1785 946 1854 εὐλογοῦντες
971 1784 1076 1837 τὸν
1099 1785 1333 1854 Κύριον.
1370 1785 1528 1854 Ὅρα,
1562 1784 1618 1835 οὐ
1643 1783 1769 1836 θαυ-

217 1872 422 1942 μαστὸν
445 1870 602 1925 τοῦτο
639 1875 730 1925 καὶ
760 1873 1078 1942 παράδοξον,
1112 1873 1172 1925 τὸ
1196 1874 1288 1924 καὶ
1330 1876 1645 1941 περιπατεῖν
1679 1873 1768 1923 καὶ

211 1959 441 2028 ὑμνεῖν,
489 1958 739 2027 καθάπερ
784 1961 841 2011 ἐν
891 1958 1244 2030 κολυμϐήθρᾳ
1291 1957 1528 2016 ὐδάτων;
1579 1959 1768 2010 Καίτοι

210 2043 364 2096 οὐδὲν
416 2043 621 2098 κωλύον
670 2041 736 2115 ἧν
799 2046 950 2109 ἐκεῖ,
1010 2047 1238 2115 ἐπείπερ
1293 2045 1422 2108 Θεὸς
1475 2044 1763 2114 ἠϐουλήθη.

209 2129 466 2182 Τοιοῦτον
512 2126 651 2183 εἶναι
685 2131 806 2199 ἐμοὶ
841 2131 984 2182 δοκεῖ
1017 2132 1231 2183 κάκεῖνο
1272 2131 1328 2182 τὸ
1359 2131 1485 2200 πῦρ,
1540 2131 1599 2181 τὸ
1645 2131 1769 2192 τοὺς

209 2213 318 2277 ἔξω
347 2215 697 2268 κατακαῦσαν
722 2230 735 2242 ·
771 2216 864 2266 καὶ
907 2215 1062 2267 τοῦτο
1099 2215 1229 2286 πῦρ,
1276 2217 1491 2268 κάκεῖνο
1529 2216 1588 2267 τὸ
1628 2215 1764 2286 πῦρ*

209 2302 309 2354 καὶ
352 2300 523 2352 ταῦτα
569 2300 816 2370 σώματα,
853 2302 1078 2354 κάκεῖνα
1114 2302 1182 2354 τὰ
1230 2301 1484 2372 σώματαο
1521 2305 1612 2354 καὶ
1661 2303 1768 2355 τῶν

213 2385 316 2456 μὲν
373 2385 568 2455 ἥψατο,
614 2387 720 2438 τῶν
766 2387 822 2438 δὲ
870 2387 1153 2456 ἀπέσχετο.
1207 2383 1357 2449 Εἶδες
1403 2389 1524 2440 ὅσον
1571 2387 1768 2454 ἀγαθὸν

211 2472 529 2542 προαίρεσις
568 2471 860 2541 καλλίστης
894 2473 1204 2542 ἐθαύμασας
1237 2473 1410 2525 αὐτῶν
1440 2474 1537 2542 τὴν
1583 2474 1768 2542 προαί-

211 2574 397 2628 pem;
433 2557 720 2627 Θαύμασον
748 2559 840 2610 τοῦ
871 2560 1138 2612 Δεσπότου
1163 2560 1258 2628 τὴν
1290 2559 1517 2622 εὐνοιαν,
1558 2562 1650 2612 καὶ
1670 2561 1767 2630 τὴν

208 2644 397 2715 τιμὴν,
423 2646 488 2713 ἥν
531 2645 608 2705 είς
650 2644 844 2705 αὐτοὺς
871 2643 1199 2708 ἐπεδείξατο.
1233 2643 1377 2709 Τοὺς
1415 2643 1769 2708 δοξάζοντάς

204 2747 286 2800 με
322 2730 578 2793 δοξάσω,
610 2728 758 2798 φησί.
789 2728 1041 2797 Εἰστήκει
1067 2730 1126 2781 τὸ
1159 2729 1379 2799 θέατρον
1412 2729 1572 2782 ἅπαν.
1600 2730 1768 2798 ’Υπὲρ

207 2819 310 2888 τὴν
333 2817 492 2886 φύσιν
523 2815 868 2882 ἐφθέγξαντο,
901 2817 1039 2884 ὑπὲρ
1060 2817 1160 2871 τὴν
1197 2818 1356 2884 φύσιν
1385 2818 1580 2880 αὐτοὺς
1612 2819 1762 2887 τιμᾷ.

211 2907 358 2976 Ὅρα
384 2905 452 2958 τὰ
477 2904 570 2956 τοῦ
608 2903 874 2956 Δεσπότου
915 2903 1241 2972 δυναμένους
1272 2904 1396 2968 τοὺς
1425 2906 1660 2967 οἰκέτας.
1704 2906 1767 2956 Τί

210 2990 533 3062 θαυμάζεις,
577 2990 625 3040 εί
677 2988 936 3058 βασιλέως
977 2989 1364 3055 καταγελῶσιν,
1402 2991 1530 3042 ὅταν
1575 2991 1770 3051 αὐτοῦς

207 3079 284 3135 τὰ
328 3079 562 3146 στοιχεῖα
601 3076 812 3144 αἰδῆται
853 3076 943 3126 καὶ
991 3075 1276 3144 θαυμάζῃ;
1351 3076 1640 3143 Ἐκκλησία
1681 3079 1771 3144 γέ-

208 3182 372 3234 γονεν
395 3167 427 3233 ἡ
463 3163 710 3232 κάμινος.
759 3161 906 3228 αὐτῷ
939 3161 1098 3229 ἐῴκει
1137 3161 1215 3228 τῷ
1240 3161 1468 3230 οὐρανῷ.
1511 3162 1771 3216 Ἐνταῦθα

211 3252 317 3321 ἠδη
355 3251 452 3319 τῆς
490 3247 795 3316 ἀφθαρσίας
826 3249 1016 3313 πεῖραν
1063 3245 1268 3298 ἔλαθον.
1316 3247 1466 3299 Ἐπεὶ
1498 3249 1590 3301 καὶ
1624 3249 1772 3318 παρὰ

211 3339 316 3407 τὴν
347 3337 517 3406 ἀρχὴν
546 3334 762 3403 παθητὰ
810 3333 876 3386 τά
916 3332 1139 3402 σώματα
1167 3333 1374 3404 ήμῶνή
1412 3335 1651 3406 ἁμαρτία
1681 3353 1772 3387 πε-

215 3423 443 3492 ποίηκεν
468 3439 478 3451 ·
509 3423 636 3474 ὃταν
669 3420 798 3488 γοῦν
838 3419 905 3472 τά
925 3420 1106 3473 δίκαια
1135 3423 1368 3492 πράττῃ,
1403 3422 1562 3473 πάλιν
1589 3424 1770 3493 ἀπαθῆ

213 3510 445 3579 γίνεται,
488 3509 598 3562 Καὶ
647 3508 1059 3575 περιεπάτουν,
1111 3507 1261 3577 φησί.
1310 3508 1445 3560 Ἀλλ’
1483 3510 1676 3578 ἴδωμεν
1720 3513 1771 3562 τί

215 3596 563 3665 φθέγγονταιο
583 3595 679 3664 τῆς
700 3593 962 3663 μυστικῆς
983 3592 1298 3662 ἀκούσωμεν
1321 3594 1500 3663 φωνῆς
1517 3594 1636 3663 μεθ’
1651 3596 1774 3663 ἡσυ-

215 3684 340 3756 χίας
368 3683 582 3751 πολλῆς.
607 3679 756 3744 Εἶδες
785 3682 1014 3734 ἄτακτον
1044 3681 1223 3752 φωνὴν
1253 3681 1343 3734 καὶ
1368 3683 1771 3754 συγκεχυμένην

215 3771 318 3840 τῆς
352 3767 655 3837 σαμϐύκης,
676 3767 768 3821 καὶ
788 3766 881 3820 τοῦ
902 3766 1218 3836 ψαλτηρίου,
1245 3768 1338 3819 καὶ
1354 3768 1450 3836 τῆς
1480 3768 1768 3838 μουσικῆς;

220 3858 489 3909 Ἀκουσον
517 3853 697 3922 φωνῆς
726 3854 831 3906 ἀπὸ
857 3853 1046 3922 πυρός.
1070 3853 1143 3905 Οὐ
1163 3853 1472 3922 θαυμαστὸν
1499 3855 1667 3906 ἐδόκει
1692 3872 1771 3906 σοι

213 3943 281 3995 τὸ
311 3940 490 4010 φωνὴν
521 3939 626 3992 ἀπὸ
656 3939 825 4010 πυρὸς
870 3938 1126 4009 φέρεσθαι
1156 3939 1324 4004 Θεοῦ;
1378 3941 1504 3993 Ἰδοὺ
1544 3942 1634 3992 καὶ
1660 3944 1771 4004 τοῖς

215 4028 423 4091 δούλοις
449 4025 613 4080 αὐτοῦ
643 4025 798 4077 τοῦτο
823 4024 1131 4094 ἐχαρίσατο.
1167 4026 1320 4088 Ποῖος
1343 4025 1449 4096 ἀὴρ
1477 4026 1774 4098 πληττόμεο

214 4130 308 4177 νος
343 4115 441 4184 τὴν
483 4111 662 4182 φωνὴν
691 4108 971 4176 ἀπετέλεις
997 4111 1129 4180 Οὐχὶ
1166 4111 1322 4163 τοῦτο
1351 4112 1437 4164 ἀεὶ
1459 4125 1484 4152 ι
1504 4115 1616 4173 τοῖς
1647 4114 1774 4182 μέλ-

217 4201 371 4253 λουσι
406 4196 793 4252 κατακαίεσθαι
831 4197 1174 4266 παραινοῦσι,
1225 4196 1509 4264 διανοίγειν
1553 4198 1621 4250 τά
1656 4199 1772 4252 στό-

222 4303 392 4357 ματα,
417 4284 490 4347 ὡς
512 4284 630 4336 οὐδὲ
669 4284 859 4352 μικρὸν
900 4282 1200 4352 δυναμένης
1238 4281 1334 4352 τῆς
1381 4282 1658 4353 δυνάμεως
1691 4287 1767 4338 ἐν·

218 4373 510 4440 απομεῖναι
529 4368 606 4439 τῷ
628 4369 834 4436 σώματι
863 4367 1074 4432 λοιπὸν;
1099 4369 1234 4438 Ὅρα
1252 4369 1564 4438 συμφωνίαν
1588 4387 1773 4440 μουσι-

218 4460 345 4529 κὴν,
374 4455 560 4524 ὥσπερ
589 4453 646 4517 ἐξ
671 4455 785 4516 ἐνὸς
813 4453 1074 4521 στόματος
1096 4453 1299 4516 πάντας
1326 4454 1642 4524 ὑμνοῦντας.
1665 4457 1776 4510 Καί

220 4545 460 4609 συστὰς
494 4541 746 4607 Ἀζαρίας
762 4541 1144 4607 προσηύξατο
1167 4540 1350 4605 οὕτως
1375 4559 1387 4572 ο
1412 4543 1506 4593 καὶ
1528 4542 1776 4609 ἀνοίξας

219 4633 287 4686 τὸ
319 4632 511 4698 στόμα
537 4627 721 4683 αὑτοῦ
757 4628 825 4680 ἐν
855 4626 1020 4694 μέσῳ
1060 4627 1164 4680 τοῦ
1213 4627 1399 4692 πυρὸς
1438 4623 1624 4680 εἶπεν.
1660 4630 1775 4680 ἰνα

224 4717 301 4789 μὴ
327 4717 571 4786 νομίσῃς,
600 4716 681 4768 ὃτι
702 4715 841 4784 ὑπὲρ
865 4712 971 4764 τῶν
995 4712 1268 4784 παρόντων
1291 4713 1662 4782 εὐχαριστοῦσι
1685 4715 1777 4783 μό-

219 4823 330 4874 νον,
368 4805 504 4872 ὐπέρ
531 4802 629 4872 τῆς
652 4801 1019 4871 αἰχμαλωσίας
1038 4841 1051 4865 ,
1091 4799 1183 4851 καὶ
1209 4799 1314 4851 τῶν
1345 4799 1530 4853 δεινῶν
1562 4801 1776 4852 ἐκείνων

218 4893 328 4945 τῶν
351 4909 412 4944 συ
420 4887 764 4960 μὸεόηκότων
785 4889 960 4948 αὐτοῖς
981 4884 1349 4955 παρακαλοῦσι
1368 4886 1455 4937 τὸν
1475 4886 1623 4939 Θεὸν.
1639 4887 1776 4956 Ὅρα

220 4981 338 5041 πῶς
359 4978 634 5047 ἄρχονται.
656 4974 986 5041 Εὐλογητὸς
1012 4968 1083 5034 εἶ,
1112 4972 1285 5039 Κύριε
1307 4974 1338 5024 ὀ
1369 4971 1508 5038 Θεὸς
1529 4972 1644 5024 τῶν
1670 4983 1778 5025 πα-

221 5066 407 5132 τέρων
458 5059 644 5129 ήμῶν,
692 5057 788 5110 καὶ
826 5057 1062 5110 αίνετὸν
1094 5057 1193 5110 καὶ
1233 5057 1669 5125 δεδοξασμένον
1713 5061 1779 5112 τὸ

222 5152 408 5220 ὄνομά
436 5164 553 5203 σου
575 5149 662 5212 είς
681 5145 817 5210 τοὺς
851 5144 1086 5209 αἰῶνας.
1121 5146 1182 5198 ὀ
1211 5145 1277 5198 δὲ
1300 5145 1544 5214 ἄγγελος
1567 5147 1779 5213 Κυρίου

221 5238 556 5308 συγκατέϐη
577 5235 694 5299 τοῖς
719 5233 847 5300 περὶ
865 5234 972 5284 τὸν
1003 5231 1264 5299 Ἀᾱιρίαν
1281 5235 1365 5298 είς
1381 5233 1493 5301 τὴν
1511 5233 1777 5302 κάμινον,

223 5328 320 5380 καί
348 5321 650 5389 ἐξετίναξε
679 5319 791 5387 τὴν
815 5317 1011 5387 φλόγα
1036 5317 1142 5371 τοῦ
1169 5322 1354 5386 πυρὸς
1383 5320 1449 5372 ἐκ
1477 5319 1586 5388 τῆς
1611 5321 1778 5381 καμί-

287 5462 310 5489 ⁸
338 5459 528 5508 Ρπεη.
563 5469 638 5517 pr.
663 5454 722 5503 ad
742 5450 928 5503 Theod.
957 5451 1076 5512 lam.
1114 5462 1218 5557 cali).
1261 5450 1290 5498 5
1318 5465 1329 5498 :
1353 5451 1512 5499 Ἵσασι
1545 5452 1595 5500 δέ
1617 5452 1782 5508 πάντες

287 5537 329 5557 ω
352 5520 446 5557 mi:
465 5517 727 5557 xamuévmc
765 5511 1152 5557 παραγεγόνασιν.
1199 5528 1261 5557 ως
1288 5512 1367 5557 μὲν
1391 5513 1445 5557 ἂν
1467 5514 1611 5557 ιγωσι
1637 5530 1782 5557 nauu-

224 5525 330 5569 δσοι
352 5520 449 5573 τοῖς
465 5511 732 5578 καιομένοις
765 5511 1152 5578 παραγεγόνασιν,
1176 5511 1261 5578 ἕως
1285 5512 1445 5578 μὲν-ἂν
1467 5514 1620 5578 ιχωσι,
1637 5530 1782 5578 μεμρ,

221 5582 341 5628 κότα
368 5571 536 5626 ἐκεῖνοι
564 5571 623 5623 τὰ
648 5576 817 5636 χείλη,
946 5571 1103 5636 *βραχὺ
1126 5571 1238 5636 γοῦν
1276 5571 1525 5636 ἀντέχουσι
1541 5571 1660 5636 πρὸς
1681 5571 1780 5636 ,τὸν

223 5639 514 5706 ςμπρησμὸν·
545 5639 586 5705 ιε
607 5631 679 5706 δέξ
698 5631 1094 5706 συμϐαξηβιᾶραι
1132 5631 1186 5678 τὸ
1224 5631 1389 5692 στόμα
1405 5631 1589 5692 αὐτῶν,
1621 5633 1783 5687 εὐθέως

223 5694 476 5759 ἀφίπταται
507 5695 592 5744 τοῦ
614 5694 832 5755 σώματος
843 5695 880 5748 -ἠ

1595 372 1662 427 ΙΝ
1696 370 2051 427 DANIELEM.

3329 394 3443 446 212

1872 506 2001 555 νου,
2024 493 2116 544 καί
2138 493 2384 561 ἐποίησε
2407 503 2469 550 τὸ
2484 501 2677 566 μέσον
2699 499 2803 567 τῆς
2825 500 3075 569 καμίνου
3097 499 3174 564 ὡς
3194 497 3425 566 πνεῦμα

1871 575 2089 641 δρόσου
2110 579 2445 648 διασιδοίζον
2464 600 2475 613 ·
2501 585 2596 637 καί
2627 586 2737 652 οὐχ
2769 586 2963 652 ἥψατο
2992 582 3185 638 αὐτῶν
3211 584 3274 636 τὸ
3297 586 3426 636 ιιιαθ⁶

1873 664 2016 718 όλου
2041 669 2106 718 τὸ
2134 670 2251 736 πῦρ
2273 711 2286 732 ,
2324 673 2419 722 καί
2457 675 2566 726 οὐκ
2605 673 2913 739 ἐλύπησεν
2944 671 3162 737 αὐτοὺς
3185 710 3200 735 ,
3227 676 3322 724 καὶ
3351 673 3422 725 οὐ

1871 753 2358 821 παρηνώχλησεν.
2429 757 2610 821 Οῦτως
2682 760 2780 811 οὐκ
2862 760 3178 828 αὐτομάτως
3253 756 3421 809 ταῦτα

1871 838 2101 905 ἐγένετο.
2156 841 2262 892 Καὶ
2309 843 2367 894 οὐ
2415 843 2570 910 μόνον
2597 844 2656 895 οὐ
2691 845 3119 912 κατεκαύθησαν,
3159 843 3269 896 ἀλλ’
3304 843 3420 895 οὐδὲ

1873 925 2289 994 παρηνώχλησεν
2322 926 2514 990 αὐτοὺς
2559 930 2619 980 τὸ
2647 929 2773 999 πῦρ,
2801 931 2918 982 οὐδέ
2947 929 3096 1001 [920]
3131 929 3416 999 ἐλύπησεν,

1871 1012 1989 1062 οὐδὲ
2033 1012 2092 1062 τὸ
2157 1013 2314 1081 τυχὸν
2370 1009 2509 1080 οἷον,
2595 1015 2713 1068 οὐδέ
2773 1017 2977 1085 θέρμην
3032 1014 3274 1084 ᾔσθοντο.
3323 1015 3418 1067 Διά

1870 1095 2024 1147 τοῦτο
2051 1097 2226 1149 δὲκαὶ
2273 1100 2362 1150 ἐπὶ
2410 1099 2661 1152 τοσοῦτον
2719 1102 2752 1170 ἡ
2804 1101 2933 1167 φλὸξ
2976 1100 3236 1169 ἀνῆλθεν,
3283 1099 3419 1152 ὥστε

1869 1183 1961 1233 καὶ
2006 1185 2116 1244 τοῖς
2161 1183 2355 1248 ἔξωθεν
2395 1186 2695 1251 φαίνεσθαι.
2734 1186 2840 1239 Καὶ
2876 1187 2907 1256 ἡ
2956 1186 3322 1256 ἐμϐαλλομένη
3364 1185 3421 1238 δὲ

1871 1266 1967 1336 ὕλη
2002 1268 2155 1338 ἱκανὴ
2188 1266 2212 1321 ἶ
2284 1272 2487 1337 ,αὐτοὺς
2532 1272 2919 1334 πιστώσασθαι,
2967 1273 3059 1324 καὶ
3092 1272 3150 1323 τὸ
3197 1273 3268 1340 μὴ
3305 1272 3419 1322 δια-

1868 1351 2090 1417 λείπειν,
2120 1356 2211 1405 καὶ
2250 1368 2308 1406 Ὀ
2337 1356 2428 1407 ἐπὶ
2468 1355 2600 1408 πολὺ
2650 1357 2928 1423 φαίνεσθαι
2975 1355 3263 1425 καιομένην
3284 1397 3298 1419 ,
3328 1357 3422 1409 καὶ

1869 1439 2083 1492 πάντων
2109 1441 2280 1510 ἐμπρ-
2299 1443 2411 1494 εθεν
2432 1442 2587 1495 τοῦτο
2625 1443 2888 1510 γενέσθαι.
2919 1445 3024 1498 Καὶ
3051 1443 3422 1510 Ναϐουχοδο-

1869 1528 2050 1593 νόσορ
2077 1526 2152 1594 ἦν
2198 1544 2342 1581 οσεν
2367 1531 2715 1596 ὑμνούντων
2742 1529 2954 1592 αὐτῶν,
2981 1531 3075 1583 καί
3105 1530 3420 1597 ἐθαύμασε,

1869 1614 1961 1666 καὶ
1989 1613 2112 1665 ὲέη.
2196 1629 2233 1665 ἰ
2249 1632 2280 1680 η
2303 1615 2371 1666 ὲν
2390 1613 2648 1680 σπουδῇ,
2673 1616 2768 1667 καὶ
2790 1611 2916 1668 εἷπε
2937 1616 3058 1680 τοῖς
3071 1613 3424 1683 μεγιστᾶσιν

1868 1699 2071 1751 αὺτοῦ.
2101 1716 2236 1750 Αυτυ
2275 1700 2330 1750 δὲ
2368 1700 2521 1752 τοῦτο
2560 1701 2757 1769 ἐπῆλθε
2788 1700 2948 1754 πόθεν
2987 1701 3060 1770 τῷ
3089 1700 3422 1769 Ναϐουχοδο·

1867 1784 2022 1852 νόσορ
2057 1784 2313 1851 ἀκοῦσαι;
2341 1787 2480 1854 ’Δρα
2505 1787 2678 1839 πάντα
2715 1787 2804 1838 τὸν
2836 1787 3018 1856 χρόνον
3057 1786 3418 1855 παρεκάθητο.

1867 1869 1961 1919 Διά
1984 1867 2089 1937 γὰρ
2129 1868 2283 1921 τοῦτο
2316 1870 2514 1933 εὐθέως
2538 1873 2635 1923 οὐκ
2664 1874 2840 1924 εἴασεν
2867 1872 3026 1924 αὐτὸν
3053 1871 3275 1923 ἀκοῦσαι
3299 1909 3314 1932 ,
3335 1871 3422 1923 ἵνα

1867 1957 1961 2008 καὶ
1992 1959 2019 2008 ὁ
2047 1957 2231 2024 χρόνος
2255 1959 2413 2020 αὐτὸς
2441 1962 2758 2029 μαρτυρήσῃ
2792 1960 2868 2029 τῷ
2891 1960 3178 2029 γενομένῳ,
3209 1960 3290 2010 ὅτι
3329 1958 3422 2011 καὶ

1868 2042 2030 2094 πολὺν
2055 2043 2424 2112 διατρίψαντες
2445 2044 2650 2114 χρόνον,
2673 2047 2821 2097 οὐδὲν
2849 2045 3044 2097 ἔπαθον
3063 2045 3250 2097 δεινόν.
3277 2041 3423 2110 οὐχί

1867 2129 2086 2195 ἀνδρας
2106 2131 2258 2198 τρεῖς
2281 2132 2637 2200 ἑνεϐιίλομεν
2658 2136 2743 2199 εἰς
2762 2131 2952 2200 μέσον
2981 2133 3083 2186 τοῦ
3116 2131 3302 2198 πυρὸς
3325 2145 3425 2183 πε-

1868 2215 2234 2285 πεδημένους
2252 2234 2270 2280 ;
2290 2219 2395 2271 Καὶ
2428 2218 2844 2286 ἀποκριθέντες
2867 2217 3114 2287 λέγουσι
3145 2217 3224 2282 τῷ
3245 2218 3427 2280 ,ϐασι-

1865 2302 1995 2356 λεῖ’
2039 2302 2286 2370 Ἀληθῶς
2307 2343 2320 2366 ,
2353 2304 2635 2367 βασιλεῦ.
2689 2305 2793 2358 Καὶ
2824 2299 2989 2356 εἶπεν
3025 2307 3056 2358 ό
3089 2304 3384 2368 ,ϐασιλεύς
3408 2319 3423 2334 ·

1868 2381 2003 2438 Ὧδε
2020 2387 2131 2454 ἐγὼ
2164 2387 2278 2453 ὀρῶ
2319 2386 2538 2455 ἄνδρας
2580 2390 2876 2455 τέσσαρας
2905 2386 3289 2456 λελυμένους,
3329 2389 3427 2442 καὶ

1868 2473 2335 2539 περιπατοῦντας
2363 2475 2430 2525 ἐν
2453 2474 2619 2541 μέσῳ
2642 2473 2744 2526 τοῦ
2777 2477 2991 2540 πυρός·
3026 2474 3120 2526 καί
3145 2475 3430 2542 διαφθορὰ

1869 2559 1978 2610 οῦκ
2012 2557 2179 2610 ἔστιν
2206 2559 2273 2610 ἐν
2305 2559 2536 2623 αὐτοῖς·
2573 2559 2666 2612 καὶ
2694 2560 2729 2626 ἡ
2770 2560 2975 2626 ὅρασις
3008 2559 3112 2612 τοῦ
3149 2559 3428 2626 τετάρτου

1870 2645 2040 2710 ὁμοία
2059 2643 2164 2708 υίῷ
2192 2645 2298 2697 τοῦ
2320 2647 2485 2699 Θεοῦ.
2518 2646 2646 2697 ’Λπὸ
2665 2647 2760 2715 τῆς
2790 2646 2958 2715 θύρας
2985 2644 3117 2698 εἶδεν
3139 2647 3234 2707 τὰς
3257 2646 3425 2713 ὄψεις.

1875 2734 2010 2784 Τότε
2033 2732 2336 2800 προσῆλθε
2374 2735 2900 2802 Ναϐουχοδονόσορ
2931 2735 3077 2802 πρὸς
3113 2734 3224 2801 τὴν
3244 2735 3429 2801 θύραν

1869 2816 1978 2884 τῆς
2001 2819 2251 2885 καμίνου
2281 2820 2383 2871 τοῦ
2407 2819 2594 2886 πυρὸς
2625 2817 2728 2885 τῆς
2753 2819 3087 2887 καιομένης,
3111 2819 3206 2870 καί
3231 2815 3424 2871 εἶπενο

1870 2902 2092 2972 Σεδρὰχ
2114 2945 2128 2967 ,
2163 2903 2363 2972 Μισὰχ
2383 2945 2396 2965 ,
2441 2904 2754 2974 Ἀϐδεναγὼ
2779 2945 2793 2967 ,
2823 2908 2876 2956 οι
2903 2904 3108 2958 δοῦλοι
3139 2905 3244 2958 τοῦ
3281 2903 3426 2957 Θεοῦ

1869 2991 1973 3043 τοῦ
2000 2991 2282 3056 ὑψίστου,
2304 2991 2596 3055 ἐξέλθετε,
2623 2992 2718 3044 καί
2750 2991 2920 3044 δεῦτε
2942 2986 3074 3046 ὧδε.
3121 2991 3225 3044 Καὶ
3249 2989 3430 3057 ἐξῆλ-

1872 3080 1978 3130 θον
2003 3075 2250 3143 Σεδρὰχ.
2279 3078 2496 3143 Μισὰχ,
2541 3077 2861 3144 Ἀὅδεναγὼ
2886 3077 2954 3129 ἐκ
2975 3077 3168 3145 μέσου
3189 3078 3292 3129 τοῦ
3320 3092 3432 3128 πυ-

1863 3163 1991 3227 ρός.
2023 3161 2120 3212 Διά
2143 3161 2192 3212 τί
2217 3162 2260 3212 δ’
2290 3162 2350 3213 οὐ
2378 3163 2635 3233 πρότερον
2657 3162 2876 3232 ἐξῆλθον
2904 3162 3004 3224 ἕως
3041 3162 3292 3215 ἐκάλεσεν
3325 3162 3425 3213 αὐ-

1871 3246 1995 3310 τούς
2021 3267 2034 3312 ;
2070 3249 2177 3300 Καὶ
2198 3248 2374 3312 καλῶς
2411 3250 2664 3319 πρότερον
2687 3251 2860 3319 ἐρωτᾷ
2888 3250 3010 3308 τοὺς
3038 3249 3318 3318 ἄρχοντας,
3340 3249 3430 3300 ἵνα

1873 3337 1938 3404 τῇ
1975 3336 2255 3406 ἀποκρίσει
2300 3334 2826 3406 προκατασχεθέντες
2865 3335 3026 3402 μηδὲν
3049 3335 3280 3387 ἐναντίον
3303 3336 3431 3387 ἀπο-

1874 3421 2182 3491 κρίνωνται,
2214 3420 2344 3490 μηδὲ
2374 3421 2475 3473 ὐπὸ
2495 3420 2588 3473 τοῦ
2611 3419 2796 3490 καιροῦ
2829 3420 3263 3491 συναρπαγῶσιν.
3299 3421 3432 3472 Ὠσ-

1873 3525 1976 3576 περ
2008 3506 2084 3575 τῷ
2114 3509 2336 3560 Μωῦσεῖ
2363 3508 2584 3574 ἐλεγενδ
2611 3509 2739 3568 Θεός
2758 3523 2772 3537 ο
2805 3507 2864 3559 Τί
2894 3506 3067 3559 τοῦτο
3087 3507 3152 3558 ἐν
3181 3505 3254 3572 τῇ
3280 3507 3434 3574 χειρί

1872 3608 2028 3655 σου;
2075 3592 2215 3644 οὕτω
2257 3593 2351 3645 καὶ
2391 3593 2611 3654 τούτους
2653 3592 3114 3660 Ναϐουχοδονόσορ
3155 3610 3434 3662 προκατα-

1872 3678 2128 3748 λαμϐάνει
2156 3681 2222 3748 τῇ
2268 3680 2544 3748 ἐρωτήσει.
2597 3677 2751 3730 Ἰδοὺ
2777 3717 2792 3741 ,
2841 3679 3021 3747 φησὶν,
3049 3678 3165 3744 ὁρῶ
3207 3678 3428 3745 ἄνδρας

1871 3765 2165 3832 τέσσαρας
2182 3763 2567 3832 λελυμένους,
2588 3764 2682 3816 καὶ
2701 3763 3165 3830 περιπατοῦντας
3183 3764 3251 3815 ἐν
3263 3765 3428 3831 μέσῳ

1872 3851 1976 3904 τοῦ
2007 3853 2222 3918 πυρός·
2262 3851 2358 3902 καὶ
2393 3850 2680 3916 διαφθορὰ
2716 3853 2824 3902 οὐκ
2869 3849 3038 3901 ἔστιν
3072 3849 3140 3901 ἐν
3182 3851 3383 3913 αὐτοῖς
3407 3866 3422 3880 ·

1873 3937 1969 3990 καί
1997 3939 2033 4004 ή
2062 3937 2266 4003 ὅρασις
2295 3935 2399 3989 τοῦ
2429 3935 2704 4000 τετάρτου
2741 3935 2910 4002 ὁμοία
2945 3933 3050 3998 υίῷ
3080 3935 3246 3989 Θεοῦ.
3287 3937 3427 3988 Πολὺ

1874 4025 2065 4086 κάλλος
2092 4025 2216 4086 ἴσως
2233 4024 2496 4091 ἐνέφαινε.
2518 4023 2684 4074 Πόθεν
2701 4018 2864 4087 οἶδας,
2885 4017 2929 4076 ὦ
2948 4023 3425 4093 Ναϐουχοδονόσορ,

1875 4111 1984 4163 υἱὸν
2013 4109 2177 4171 Θεοῦ;
2203 4111 2343 4178 Ὅρα
2367 4108 2552 4161 τοῦτον
2583 4108 2985 4177 προφητεύοντα
3018 4110 3106 4161 τὸν
3160 4110 3427 4179 βάρϐαρον

1875 4197 1981 4250 ἀπὸ
2011 4197 2108 4266 τῆς
2132 4195 2303 4264 ὂψεως
2342 4196 2526 4263 μόνης.
2559 4195 2668 4247 Καὶ
2696 4195 2962 4263 προσῆλθε
2989 4233 3004 4258 ,
3040 4197 3132 4247 καὶ
3174 4196 3428 4248 ἐκάλεσεν

1875 4282 2091 4345 αὐτούς·
2119 4282 2363 4348 Σεδρὰχ,
2391 4283 2610 4348 Μισὰχ,
2656 4280 2987 4348 Ἀϐδεναγὼ,
3010 4284 3063 4333 οἱ
3091 4281 3291 4333 δοῦλοι
3323 4283 3428 4334 τοῦ

1878 4370 2022 4424 Θεοῦ
2062 4367 2165 4420 τοῦ
2202 4367 2462 4434 ὑψίστου
2486 4405 2500 4429 ,
2543 4364 2847 4430 ἐξέλθετε,
2890 4365 2986 4417 καὶ
3017 4365 3212 4418 δεῦτε.
3265 4367 3426 4435 Ὅρα.

1876 4457 1990 4508 Οὐκ
2019 4454 2188 4506 ἐκέλει
2215 4469 2265 4504 τε
2288 4451 2571 4518 σϐεσθῆναι
2600 4451 2695 4520 τὴν
2721 4451 2961 4520 κάμινον,
2989 4450 3120 4504 ἀλλά
3143 4451 3224 4517 τίς
3268 4451 3430 4502 Ἐκά-

1875 4542 2026 4594 λεσεν
2055 4541 2246 4600 αὐτοὺς
2274 4537 2522 4603 ἐξελθεῖν.
2553 4534 2702 4599 Εἶδες
2741 4537 2922 4607 θαῦμα
2952 4539 3090 4607 μέγα
3129 4540 3222 4591 καὶ
3248 4540 3429 4609 παρά..

1876 4627 2040 4691 δοξον.
2089 4627 2150 4678 Ὃ
2186 4625 2418 4694 μάλιστα
2445 4623 2558 4694 ⁴ᾔδει
2602 4622 2952 4693 θεραπεῦσον,
2975 4623 3129 4676 τοῦτο
3153 4624 3429 4677 ἐκάλεσεν.

1878 4714 2038 4768 Οὐδέν
2053 4711 2253 4778 ταύτης
2271 4711 2370 4778 τῆς
2389 4710 2658 4776 εὐγενείας
2686 4708 2814 4762 ἴσον.
2842 4709 3033 4762 Ἄκουε
3053 4708 3159 4779 γὰρ
3177 4709 3270 4762 τοῦ
3293 4709 3423 4762 Θεοῦ

1877 4801 2144 4867 λέγοντος·
2188 4797 2441 4864 Μωῢσῆς
2482 4800 2513 4850 ό
2568 4796 2830 4864 θεράπων
2859 4815 2972 4865 μου
3025 4797 3424 4862 τετελεύτηκε.

1878 4888 1985 4941 Καὶ
2030 4887 2245 4947 Ἰσαὰκ,
2278 4885 2426 4953 φησὶ,
2476 4886 2507 4935 ό
2549 4881 2763 4946 δοῦλός
2791 4898 2923 4935 σου.
2957 4883 3140 4952 Ταύτῃ
3176 4883 3226 4933 οἱ
3260 4882 3428 4947 ἀγγε-

1878 4972 1958 5022 λοι
2006 4973 2068 5039 τῇ
2126 4967 2458 5039 προσηγορίᾳ
2491 4966 2825 5032 ἀγάλλονται,
2864 4966 2954 5016 καὶ
3009 4966 3075 5016 τὰ
3127 4957 3431 5034 Χερουϐὶμ,

1880 5064 1972 5116 καὶ
1987 5063 2052 5114 τά
2074 5059 2334 5131 Σεραφίμ.
2365 5060 2473 5110 Καὶ
2511 5057 2608 5126 οὐχ
2640 5057 2712 5118 ὡς
2737 5057 2800 5108 ἄν
2829 5073 2911 5119 τις
2946 5055 3239 5123 φιλόνεικος
3273 5055 3427 5122 ποιήο

1877 5166 2052 5216 σειεν,
2096 5151 2458 5220 ἀναπέμειναν
2501 5147 2563 5216 (1.
2611 5143 3024 5215 ἐναπέμειναν),
3067 5142 3182 5196 ἀλλ’
3226 5141 3432 5203 εὐθέως

1875 5239 2209 5309 ὑπήκουσαν·
2242 5238 2333 5291 καὶ
2363 5234 2620 5305 συνῆλθον
2649 5233 2881 5293 ἅπαντες
2914 5231 3040 5284 ἰδεῖν
3067 5228 3128 5280 τὸ
3152 5227 3354 5294 θαῦμα.

2480 5428 2731 5481 ΚΕΦΑΔ.
2761 5430 2832 5478 Δ’.

1964 5589 2126 5657 Ἐτὼ
2171 5582 2696 5652 Ναθουχοδονόσορ
2729 5581 2994 5647 εὐθηνῶν
3044 5581 3204 5647 ἢμην
3241 5579 3312 5632 ἐν
3355 5577 3435 5645 τῷ

1884 5682 2024 5742 οτκῳ
2058 5695 2193 5748 μου,
2227 5676 2323 5730 καί
2359 5673 2624 5729 εὐθαλῶν
2657 5674 2749 5727 ἐπὶ
2782 5673 3126 5742 τοῦηθρόνου
3150 5686 3301 5739 μου,
3334 5672 3432 5726 κλει
