4016 6490
526 415 640 467 213

528 522 681 573 ,πίων
715 521 784 574 ἐν
813 521 892 587 τῷ
931 521 1055 588 λαῷ
1075 541 1213 592 μου.
1247 525 1399 586 Τίνος
1433 524 1616 576 ἕνεκεν
1658 521 1794 576 οὕτω
1835 520 1987 572 τοῦτο
2030 518 2077 570 Ξ-

526 624 760 693 TWd/5V.
785 627 878 678 καὶ
909 626 1030 695 οὐχὶ
1066 626 1319 697 ἔγραψεν·
1343 626 1800 696 Νασουχοδονόσορ
1826 619 1892 693 ἦν
1928 621 2085 691 εὐθη-

529 731 657 794 νῶν,
677 731 790 784 ἀλλ’
816 733 890 795 ὡς
913 735 975 786 ἐκ
1003 735 1291 804 προσώπου
1313 736 1549 803 ἐκείνου;
1581 735 1730 804 Ἐμοὶ
1752 734 1896 786 δοκεῖ
1916 731 2086 784 ταῦτα

527 841 598 895 τά
625 842 776 914 [221]
824 846 1043 914 ῥήματα
1085 845 1245 898 αὐτοῦ
1291 842 1429 900 εἶναι
1458 846 1549 898 τοῦ
1604 845 2080 915 Ναδουχοδονόσορ.

545 947 758 1018 Ἐπειδὴ
781 945 888 1018 γάρ
916 950 1205 1018 ἀνήνεγκεν
1236 950 1329 1002 ἀπ’
1372 949 1585 1018 ἐκείνης
1623 949 1721 1018 τῆς
1747 947 1979 1018 πλάνης,
2028 949 2086 999 ἐν

527 1060 806 1130 δημοσίοις
847 1060 987 1114 αὐτά
1025 1060 1277 1114 κατέθετο
1309 1061 1606 1131 γράμματα
1640 1059 1786 1122 ἴσως.
1817 1059 1952 1110 Αὐτὸ
1996 1051 2087 1109 οὖν

536 1165 837 1235 σύνταγμα,
866 1164 1003 1218 ὥστε
1037 1165 1340 1229 ἀξιόπιστον
1369 1165 1636 1232 γενέσθαι,
1663 1162 1896 1234 παράγει
1926 1163 1952 1213 6
1989 1163 2088 1211 Δα-

532 1275 671 1344 νιήλ.
699 1276 774 1344 Τῇ
807 1275 913 1346 γάρ
936 1275 1040 1328 τῶν
1063 1275 1358 1344 ἀνθρώπων
1385 1268 1541 1344 φύσει
1573 1275 1727 1336 αὐτὸς
1752 1276 1779 1325 6
1812 1272 2088 1335 πεπονθὼς

532 1383 856 1451 διαλέγεται.
883 1386 992 1438 Καὶ
1023 1385 1117 1438 θέα
1144 1404 1233 1455 μοι
1256 1386 1393 1456 πόση
1425 1387 1695 1448 παίδευσις
1718 1385 1920 1452 γίνεται
1951 1385 2089 1437 κατά

532 1483 642 1536 τῶν
693 1485 1068 1554 ὑπερηφάνων.
1119 1488 1248 1538 Ἀπὸ
1287 1487 1393 1558 γάρ
1419 1487 1786 1557 ὑπερηφανίας
1833 1486 2090 1540 πέπονθεν

535 1595 680 1665 ὅπερ
719 1595 938 1660 ἔπαθεν,
972 1597 1065 1650 καὶ
1095 1597 1325 1650 δείκνυσι
1358 1599 1456 1668 τὴν
1489 1599 1662 1650 αἰτίαν
1692 1597 1789 1667 τῆς
1815 1597 2091 1667 ὑπερηφα-

534 1698 655 1761 νίας
674 1699 778 1752 άπό
801 1716 860 1751 τε
875 1699 968 1752 τοῦ
993 1700 1175 1762 τέλους
1191 1699 1397 1769 καὶτῆς
1417 1699 1586 1770 ἀρχῆς
1607 1716 1618 1729 ·
1661 1699 1716 1750 ἐν
1737 1699 1831 1768 μὲν
1849 1700 1924 1767 τῷ
1950 1700 2091 1751 τέλει

535 1799 735 1869 λέγων,
769 1803 889 1854 Ὀτι
940 1802 1165 1867 πάντας
1208 1801 1349 1868 τοὺς
1389 1801 1806 1869 ὑπερηφάνους
1850 1801 2094 1853 δύναται

536 1906 898 1962 ταπεινῶσαι
917 1926 930 1938 ο
953 1909 1011 1960 ἐν
1031 1909 1170 1978 ἀρχῇ
1194 1907 1249 1959 δὲ
1275 1909 1370 1960 καὶ
1390 1907 1455 1959 ἐκ
1482 1907 1774 1976 προοιμίων
1798 1905 1892 1974 τὴν
1918 1905 2094 1957 αἰτίαν

535 2009 637 2077 τῆς
668 2009 1036 2080 ὑπερηφανίας
1074 2008 1354 2061 διδάσκων.
1418 2008 1561 2060 Ἐκεῖ
1597 2007 1694 2077 μὲν
1721 2006 1857 2075 γὰρ,
1895 2007 1975 2058 ὃτι
2009 2006 2095 2058 διὰ

537 2107 693 2161 τοῦτο
724 2107 1077 2178 ἐταπεινώθη,
1110 2107 1370 2176 ἐδήλωσεν
1392 2123 1406 2138 ο
1436 2106 1666 2160 ἐνταῦθα
1709 2105 1764 2157 δὲ
1792 2105 1951 2157 πόθεν
1989 2123 2095 2158 τοι-

538 2208 665 2262 οῦτο
694 2209 908 2276 ἐγένετο
926 2249 942 2274 ,
979 2210 1041 2260 ἐκ
1065 2208 1154 2260 τοῦ
1185 2207 1381 2273 πολλῆς
1431 2205 1732 2260 ἀπολαῦσαι
1757 2207 2092 2276 εὐπραγίαςο

540 2313 729 2383 ὥσπερ
757 2313 849 2366 καὶ
873 2315 901 2366 6
924 2312 1081 2366 Δαυῒδ
1109 2312 1251 2378 λέγει
1272 2326 1285 2341 ·
1316 2309 1415 2363 Διὰ
1443 2310 1614 2363 τοῦτο
1640 2308 1968 2377 ἐκράτησεν
1997 2311 2097 2362 αὺ-

540 2414 663 2470 τῶν
692 2417 732 2484 ἡ
767 2416 1176 2484 ὑπερηφανία·
1220 2413 1360 2467 οὓτω
1406 2414 1467 2483 δὴ
1496 2414 1587 2466 καὶ
1633 2413 1860 2465 ἐνταῦθα
1901 2412 2098 2475 πολλάς

543 2520 754 2588 τίθησιν
799 2519 1123 2589 εὐπραγίας.
1182 2519 1271 2571 Ἐν
1297 2521 1359 2588 τῇ
1413 2519 1551 2588 ἀρχῇ
1604 2535 1786 2587 φησιν·
1817 2517 2101 2583 Εὺθηνῶν

543 2620 707 2690 ἥμην
726 2622 795 2676 ἐν
818 2620 896 2686 τῷ
922 2622 1063 2685 οἴκῳ
1096 2639 1236 2688 μου,
1270 2620 1364 2674 καί
1389 2619 1658 2673 εὐθαλῶν
1705 2618 1805 2670 ἐπὶ
1838 2617 1943 2670 τοῦ
1973 2619 2104 2683 θρό-

545 2740 655 2777 νου
673 2741 812 2792 μου,
849 2722 946 2776 καί
979 2724 1129 2775 πίων
1157 2723 1225 2775 ἐν
1255 2722 1331 2787 τῷ
1366 2719 1489 2784 λαῷ
1540 2739 1670 2788 μου.
1715 2721 1786 2773 06
1840 2721 1946 2790 γὰρ
1991 2720 2102 2771 ἔστι

547 2826 723 2879 πάντα
774 2824 909 2890 ὁμοῦ
980 2826 1314 2894 συνδραμεῖν.
1377 2827 1590 2878 Ἕνεστι
1638 2823 1777 2878 κατά
1843 2823 1938 2890 μέν
2008 2823 2103 2892 τὴν

549 2928 723 2998 ἀρχὴν
750 2929 1064 2996 εὐπραγεῖν,
1099 2927 1242 2979 κατά
1277 2927 1333 2979 δέ
1382 2927 1478 2998 τὴν
1529 2928 1701 2978 οίκίαν
1745 2926 2100 2995 δυσπραγείν,

550 3029 802 3098 καθάπερ
864 3031 892 3081 6
950 3028 1224 3097 Ἦρώδης’
1282 3027 1528 3098 καθάπερ
1580 3031 1607 3079 6
1668 3027 1861 3079 Δαυΐδο
1932 3026 2106 3079 ἔνεστι

551 3131 714 3185 πάλιν
755 3130 1054 3185 τούναντίον
1105 3132 1162 3182 ἐν
1218 3131 1314 3199 μὲν
1350 3129 1428 3199 τῷ
1473 3128 1584 3197 λαῷ
1629 3128 1969 3197 δυσπραγεῖν,
2003 3127 2107 3179 ἀπὸ

551 3231 610 3284 δέ
640 3231 737 3300 τῆς
771 3230 946 3292 οἰκίας
986 3231 1147 3300 μηδὲν
1189 3230 1414 3298 πάσχειν
1447 3228 1612 3280 δεινόν
1637 3246 1648 3255 ·
1689 3227 1890 3279 ἔνεστιν
1930 3229 1986 3280 ἐν
2012 3227 2107 3295 μὲν

552 3335 619 3402 τῇ
648 3333 797 3385 πόλει
822 3333 1140 3405 εἰρηνεύειν,
1167 3332 1262 3402 τὴν
1296 3333 1351 3384 δὲ
1378 3331 1546 3402 ἀρχὴν
1565 3331 1939 3400 ταράττεσθαι.
1971 3331 2106 3382 Ἀλλ’

554 3427 707 3496 οὗτος
733 3432 990 3485 πάντοθεν
1017 3432 1304 3502 εὐπραγεῖν
1345 3427 1517 3500 εἶχεν·
1556 3431 1702 3484 οὐδὲν
1723 3426 1787 3499 ἦν
1822 3431 1979 3483 αὐτὸν
2023 3432 2111 3483 λυ-

557 3532 714 3586 ποῦν.
762 3532 922 3602 Ὁρᾷς
971 3530 1134 3584 πόσον
1173 3531 1336 3589 κακὸν
1377 3530 1557 3594 ἄδειας
1586 3530 1844 3599 Καθάπερ
1873 3529 1978 3600 γὰρ
2021 3531 2106 3583 ἐπὶ

557 3635 667 3688 τῶν
716 3634 1002 3704 σωμάτων,
1033 3634 1159 3686 ὅταν
1208 3633 1280 3702 μὴ
1325 3632 1577 3700 γίνωνται
1607 3633 1654 3684 οί
1693 3632 1830 3684 κατὰ
1873 3633 2110 3702 ἀνάγκην

562 3737 749 3809 μόχθοι
772 3739 864 3791 καὶ
884 3737 1160 3806 ἀσχολίαι,
1196 3736 1568 3806 ἐπιτηδευτούς
1605 3755 1750 3799 τινας
1787 3737 2111 3807 ἐπιχειροῦσι

561 3842 756 3904 ποιεῖν,
789 3839 923 3909 πρὸς¹
958 3839 1260 3908 γυμνασίαν
1295 3839 1386 3890 τοῦ
1425 3841 1666 3907 σώματος
1695 3854 1708 3867 ·
1759 3837 1896 3891 οὕτω
1945 3839 2036 3891 καὶ
2084 3840 2112 3890 6

559 3945 692 4008 Θεὸς
720 3947 890 3997 ποιεῖν
915 3944 1089 4006 είωθε,
1119 3943 1256 3995 ὥστε
1288 3943 1347 3994 τὸ
1394 3941 1603 3994 εὐτονον
1643 3942 1930 4011 περιελεῖν.
1981 3944 2112 3994 Ἐν-

559 4045 774 4097 ύπνιον
801 4039 980 4109 εἴδον,
1008 4043 1105 4095 καί
1123 4040 1467 4109 ἐφοόἐρισέν
1509 4057 1585 4108 με
1604 4079 1618 4104 ,
1639 4040 1736 4093 καὶ
1783 4040 2114 4108 ἐταράχθην

559 4150 657 4202 ἐπὶ
688 4147 796 4216 τῆς
820 4148 1019 4211 κοίτης
1042 4163 1179 4214 μου,
1208 4145 1304 4198 καί
1339 4146 1397 4198 αι
1427 4145 1662 4212 ὁράσεις
1698 4143 1808 4211 τῆς
1845 4144 2114 4212 κεφαλῆς

559 4268 675 4320 μου
720 4248 1134 4317 συνετάραξάν
1184 4265 1278 4317 με.
1339 4247 1448 4301 Καὶ
1503 4249 1635 4314 παρ’
1685 4247 1827 4315 ἐμοῦ
1876 4247 2111 4315 ἐξετέθη

561 4355 785 4423 δόγμα,
825 4353 979 4407 ὥστε
1024 4351 1359 4420 εἰσαγαγεῖν
1399 4349 1651 4402 ἐνώπιον
1693 4350 1834 4417 ἐμοῦ
1890 4350 2114 4415 πάντας

561 4458 707 4520 τοὺς
756 4457 986 4526 σοφοὺς
1022 4454 1404 4520 Βαϐυλῶνος,
1453 4453 1609 4518 ὅπως
1651 4450 1762 4518 τὴν
1801 4453 2115 4520 σύγκρισιν

563 4563 671 4615 τοῦ
728 4560 1016 4614 ἐνυπνίου
1070 4556 1401 4626 γνωρίσωσί
1451 4573 1572 4624 μοι.
1607 4555 1747 4626 Ὅρα
1795 4554 1910 4617 πῶς
1957 4555 2115 4608 αὐτὸν

565 4661 908 4717 καταστεῖλαι
944 4659 1204 4729 βούλεται,
1241 4658 1359 4726 οὐχὶ
1406 4659 1471 4726 τῇ
1523 4657 1685 4726 πείρᾳ
1732 4656 1837 4708 τῶν
1864 4656 2117 4726 πραγμά-

564 4781 691 4828 των,
737 4762 871 4817 ἀλλὰ
905 4765 970 4833 τῇ
1013 4762 1310 4832 προρρήσει
1354 4760 1461 4813 τῶν
1511 4759 1951 4829 συμϐαινομένων
1977 4774 1988 4787 ·
2025 4761 2116 4811 καὶ

563 4868 712 4930 ὅπως
737 4862 803 4937 ἦν
833 4865 1058 4936 φοϐερὸν
1084 4865 1143 4917 τὸ
1177 4865 1454 4929 ἐνύπνιον;
1480 4864 1632 4925 Τίνος
1659 4858 1747 4915 οὖν
1781 4863 1962 4914 ἐνεκεν
2001 4863 2117 4930 οὐχί

567 4970 660 5022 καὶ
698 4967 793 5020 νῦν
836 4968 1042 5038 ἀπέστη
1088 4965 1244 5019 αὐτοῦ
1292 4967 1351 5019 τὸ
1391 4965 1620 5034 πνεῦμα,
1649 4965 1764 5016 οὐδὲ
1793 4965 2025 5033 ὴγνόησε
2055 4963 2116 5015 τὸ

569 5073 834 5136 ἐνύπνιον,
857 5071 1102 5140 καθάπερ
1129 5069 1221 5122 καὶ
1251 5069 1540 5136 πρότερον;
1569 5069 1689 5120 Ὅτι
1715 5066 1900 5136 ἱκανὴν
1930 5067 2117 5135 πεῖραν

569 5173 853 5236 δεδωκότος
899 5171 993 5226 τού
1026 5171 1218 5240 Δανιὴλ
1265 5170 1556 5239 πρότερον,
1612 5169 1775 5238 ὴγουν
1808 5168 1864 5220 ἐν
1894 5165 1969 5235 τῷ
2014 5165 2119 5234 πρὸ

569 5281 758 5338 τούτου
789 5282 1039 5351 ἐνυπνίῳ,
1073 5279 1292 5349 οὐδεμία
1330 5277 1512 5329 λοιπὸν
1555 5275 1708 5344 χρεία
1753 5269 1821 5344 ἦν
1866 5273 2118 5342 δευτέραν

571 5390 991 5461 προσενεχθῆναι
1015 5388 1350 5458 δοκιμασίαν.
1375 5386 1556 5438 Πάντα
1587 5382 1690 5450 γὰρ
1710 5382 1892 5451 χρείας
1915 5382 2114 5446 ἕνεκεν,

571 5497 634 5548 οὐ
667 5496 989 5566 φιλοτιμίας,
1021 5496 1049 5546 6
1076 5493 1204 5555 Θεὸς
1223 5489 1681 5563 πραγματεύεται.
1710 5488 1912 5549 ’Δλλως
1939 5489 1993 5540 δέ
2025 5489 2117 5539 καὶ

574 5605 710 5673 πρὸς
740 5605 954 5675 ἔλεγχον
973 5605 1178 5672 γίνεται
1204 5602 1310 5654 τῶν
1333 5602 1540 5669 μάγων.
1561 5600 1675 5652 Ἵνα
1692 5597 1798 5667 γὰρ
1827 5597 1900 5667 μὴ
1917 5598 2115 5665 λέγωσι

574 5711 754 5764 πάλιν·
785 5710 1013 5765 Είπάτω
1051 5713 1083 5764 d
1118 5707 1414 5773 ,ϐασιλεὺς
1436 5707 1501 5760 τὸ
1527 5705 1830 5770 ἐνύπνιον,
1871 5705 1967 5759 καί
2005 5705 2117 5772 τὴν

1208 411 1265 468 S.
1299 407 1579 467 JOANNIS
1614 403 2090 464 CIIRYSOSTOMI

2209 406 2443 464 lCHlEP.
2484 409 3017 472 CONSTANTINOP.

3635 435 3770 488 214

2188 523 2506 592 σύγκρισιν
2544 529 2728 583 αὐτοῦ
2782 529 3223 599 ἀναγγελοῦμεν
3273 530 3459 597 ἡμεῖς·
3496 525 3770 595 ἐλέγχονο

2186 640 2276 676 ται
2309 627 2439 694 μηδέ
2459 629 2612 683 τοῦτο
2645 631 2773 683 αὐτὸ
2803 633 3102 701 δυνάμενοι,
3138 633 3197 685 οὐ
3231 632 3388 700 μόνον
3413 632 3606 682 ἐκεῖνο.
3633 630 3771 687 Οὐκ

2191 731 2332 804 εἶχον
2358 735 2531 805 λέγειν
2560 739 2736 793 πάλιν·
2763 742 2832 794 T6
2841 740 3027 809 ῥῆμα,
3053 741 3082 794 ὃ
3109 745 3138 794 ό
3151 741 3437 804 βασιλεὺς
3461 735 3766 806 ἐπερωτᾷ,

2185 838 2364 906 ,βαρύ-
2402 841 2498 893 καὶ
2543 844 2652 895 οὐκ
2695 845 2865 896 ἐστιν
2911 845 3249 910 ἅνθρωπος,
3303 843 3369 908 ὃς
3416 843 3772 908 δυνήσεται

2190 939 2481 1007 διακρῖναι
2531 944 2717 1006 αὐτὸ,
2763 944 2898 996 ἀλλ’
2933 944 2972 1011 ἣ
3021 944 3173 1009 θεοὶ,
3221 938 3306 996 ὧν
3349 946 3456 996 οὐκ
3505 943 3688 995 ἔστιν
3723 941 3768 1007 ἠ

2191 1046 2459 1097 κατοικία
2480 1046 2629 1114 μετὰ
2665 1045 2866 1112 πάσης
2896 1048 3140 1114 σαρκός.
3176 1047 3497 1116 Ἐμάνθανεν
3533 1048 3601 1097 ἐκ
3631 1045 3773 1096 τού-

2191 1163 2319 1209 των,
2355 1148 2434 1200 ὅτι
2465 1149 2584 1201 οὐδέ
2613 1149 2677 1202 τὰ
2707 1152 2940 1220 πρότερα
2961 1153 3022 1202 ἐκ
3050 1150 3148 1218 τῆς
3169 1151 3355 1217 σοφίας
3378 1149 3578 1218 ταύτης
3601 1145 3772 1201 εἶπεν

2193 1259 2221 1310 ὁ
2251 1260 2465 1329 Δανιήλ.
2492 1260 2735 1331 Ἐμαθεν
2754 1263 2833 1315 ὅτι
2866 1263 2982 1315 οὐδὲ
3007 1264 3063 1315 ἐν
3084 1265 3192 1324 τοῖς
3216 1261 3515 1332 ἔμπροσθεν
3535 1261 3773 1330 χρόνοις

2195 1361 2375 1430 ἔλεγόν
2403 1381 2454 1415 τι
2484 1364 2653 1431 ὑγιὲς,
2691 1365 2939 1435 καθάπερ
2972 1366 3130 1428 αὐτός
3173 1382 3353 1434 φησιν,
3390 1364 3500 1416 ἀλλ’
3531 1364 3566 1432 ἢ
3618 1363 3771 1416 πάν-

2197 1484 2307 1520 των
2334 1467 2390 1518 ἐν
2413 1467 2620 1538 ἐρημίᾳ.
2654 1467 2760 1520 τῶν
2791 1469 3111 1538 ἐλεγχόντων
3143 1469 3308 1531 ὄντες.
3355 1466 3501 1538 [222]
3539 1468 3676 1519 Ὅτε
3710 1467 3776 1520 δὲ

2195 1567 2356 1639 ἦλθεν
2384 1571 2562 1633 αὐτοῖς
2591 1572 2859 1638 ἀπόδειξις
2887 1573 2944 1638 ἐξ
2978 1572 3251 1635 Ἰουδαίας,
3275 1571 3302 1621 6
3327 1570 3538 1638 Δανιὴλ,
3571 1569 3775 1620 οὐκέτι

2200 1669 2465 1739 τολμῶσιν
2493 1670 2612 1723 οὐδὲ
2639 1669 2982 1725 πλάττεσθαι.
3016 1671 3175 1722 Ὥστε
3217 1669 3564 1739 οἰκονομικῶς
3598 1668 3774 1722 πάλιν

2199 1773 2482 1828 καλοῦνται
2502 1772 2664 1829 οὗτοι.
2683 1776 2793 1828 Καὶ
2814 1775 2920 1845 γὰρ
2941 1773 3084 1839 ἀξιον
3103 1774 3395 1842 θαυμάσαι.
3417 1774 3555 1836 τίνος
3575 1774 3775 1827 ἐνεκεν

2197 1881 2374 1934 λαῦὼν
2406 1885 2600 1954 πεῖραν
2629 1884 2726 1953 τῆς
2749 1882 2841 1935 τοῦ
2861 1882 3054 1954 Δανιὴλ
3081 1882 3356 1952 δυνάμεως
3376 1884 3432 1934 ἐν
3460 1881 3770 1946 τοσούτοις,

2199 1995 2258 2047 οὐ
2292 1995 2503 2065 πρῶτον
2535 1996 2693 2048 αὐτὸν
2725 1996 2997 2052 ἐκάλεσεν.
3033 1999 3091 2049 '0
3114 1996 3242 2058 Θεὸς
3268 1995 3427 2058 αὐτὸς
3465 1996 3572 2064 γὰρ
3601 1996 3769 2048 τοῦτο

2202 2099 2618 2158 κατεσκεύασεν,
2645 2099 2784 2152 ὥστε
2811 2100 2947 2169 μετά
2975 2100 3071 2169 τὴν
3093 2099 3310 2151 ἐκείνων
3339 2094 3505 2168 ἧτταν
3532 2100 3775 2167 φανῆναι

2201 2208 2299 2278 τὴν
2350 2209 2524 2278 νίκην.
2574 2208 2947 2277 Ἑφοόἐρισέν
2973 2226 3080 2277 με,
3113 2208 3278 2278 φησί·
3312 2208 3404 2260 καὶ
3436 2208 3553 2260 οὐδέ
3594 2207 3776 2270 οὕτως

2205 2316 2419 2384 ἐγένετο
2446 2315 2685 2385 βελτίων,
2718 2314 2831 2369 ἀλλ’
2869 2317 2953 2368 ἐπ’
2987 2313 3153 2383 αὐτὴν
3190 2312 3415 2381 ἠθέλησε
3447 2312 3544 2381 τὴν
3572 2313 3776 2379 πεῖραν

2205 2419 2395 2472 ἐλθεῖν.
2428 2417 2610 2481 Οὕτως
2653 2417 2890 2479 ἀναίτιος
2930 2419 2956 2469 ὁ
3002 2416 3131 2478 Θεὸς
3179 2413 3472 2483 πανταχοῦ.
3504 2412 3614 2466 Καὶ
3642 2415 3776 2466 820'-

2205 2520 2558 2586 επορεύοντο
2590 2519 2643 2569 οὶ
2687 2515 2964 2578 ἐπαοιδοι,
3005 2516 3198 2584 μάγοι,
3241 2513 3588 2581 Γαζαρηνοί,
3615 2516 3775 2567 Χαλ-

2208 2621 2378 2672 δαῖοιο
2413 2619 2507 2672 καί
2539 2624 2602 2671 τὸ
2629 2619 2913 2670 ἐνύπνιον
2941 2613 3110 2670 εἷπον
3135 2616 3387 2669 ἐνώπιον
3415 2615 3634 2670 αὐτῶν·
3675 2616 3776 2670 καί

2208 2721 2321 2787 τὴν
2344 2723 2662 2790 σύγκρισιν
2685 2719 2868 2774 αὑτοῦ
2903 2722 3012 2772 οὐκ
3053 2716 3382 2787 ἐγνώρισὰν
3403 2735 3526 2786 μοι,
3564 2717 3676 2782 ἕως
3698 2713 3774 2771 οὗ

2209 2824 2406 2890 ἔτερος
2425 2821 2688 2889 εἰσῆλθε,
2706 2821 2948 2888 Δανιὴλ,
2974 2819 3227 2872 ἐνώπιόν
3240 2836 3378 2887 μου,
3405 2813 3477 2872 οὗ
3500 2818 3564 2870 τὸ
3589 2817 3780 2884 ὄνομα

2211 2925 2530 2992 Βαλτάσαρ
2549 2925 2696 2977 κατὰ
2721 2924 2786 2977 τὸ
2804 2925 2987 2991 ὄνομα
3005 2923 3109 2975 τοῦ
3136 2921 3273 2976 θεοῦ
3290 2937 3429 2989 μου,
3456 2921 3524 2985 ὃς
3541 2919 3782 2988 πνεῦμα

2216 3028 2360 3080 Θεοῦ
2411 3028 2534 3095 ἕχει
2581 3028 2649 3079 ὲν
2698 3026 2904 3090 ἐαυτῷ
2947 3025 3044 3078 καί
3081 3026 3147 3078 τὸ
3201 3024 3485 3078 ἐνύπνιον
3520 3023 3783 3076 ἐνώπιον

2213 3129 2395 3182 αὐτοῦ
2455 3126 2642 3182 εἷπον.
2687 3129 2833 3192 Ἕως
2878 3125 2948 3183 οὗ
2997 3128 3228 3194 ἔτερος,
3272 3126 3436 3196 φησὶ,
3486 3125 3782 3193 εἰσῆλθεν

2213 3232 2464 3286 ἐνώπιόν
2485 3248 2622 3300 μου.
2667 3230 2753 3293 Ὠς
2779 3229 3158 3299 ἐπιλαθόμενος
3183 3227 3321 3280 οὕτω
3352 3225 3502 3296 φησί.
3531 3227 3644 3280 Καὶ
3672 3226 3781 3295 γὰρ

2215 3333 2383 3385 πολλά
2439 3333 2531 3402 ἔτη
2583 3331 2974 3402 παρεληλύθει,
3014 3331 3106 3383 κα)⁸
3159 3329 3366 3399 ταχέως
3411 3327 3508 3398 τὴν
3558 3328 3781 3397 μνήμην

2215 3435 2500 3498 ἀπέϐαλεν,
2520 3434 2613 3487 ἅτε
2639 3436 2694 3486 ἐν
2719 3433 2999 3495 τοσαύταις
3020 3433 3291 3502 φροντίσιν
3311 3432 3406 3494 ὣν,
3425 3430 3519 3483 καλ⁹
3539 3430 3781 3500 τοσαύτῃ

2218 3537 2393 3600 συζῶν
2426 3539 2596 3607 τροφῇ
2628 3536 2689 3604 (ί.
2713 3537 2935 3604 τρυφῇ).
2971 3534 3043 3586 Τὸ
3075 3535 3249 3585 εἰπεῖν
3288 3533 3506 3601 ἓτερον,
3557 3532 3781 3600 σημεῖόν

2217 3641 2331 3691 ἐστι
2373 3638 2465 3690 τοῦ
2502 3639 2705 3708 σφόδρα
2749 3637 2908 3690 αὐτὸν
2955 3638 3183 3702 ἀγνοεῖν.
3235 3635 3393 3689 Κατὰ
3439 3635 3507 3686 τὸ
3561 3634 3781 3702 ὄνομα,

2220 3740 2373 3810 φησὶ,
2402 3739 2504 3793 τοῦ
2535 3739 2670 3792 θεοῦ
2702 3757 2840 3807 μου.
2871 3733 2947 3791 Ἦ
2986 3738 3141 3790 τοῦτο
3174 3736 3414 3806 βούλεται
3458 3737 3633 3787 είπεῖν
3655 3775 3670 3797 ,
3703 3736 3785 3788 ὅτι

2216 3844 2385 3907 οὕτως
2435 3843 2665 3913 ἐτίμησα
2715 3843 2789 3905 ὼς
2838 3844 2930 3894 καὶ
2975 3842 3080 3894 ἀπὸ
3130 3840 3220 3892 τοῦ
3267 3839 3386 3892 θεοῦ
3431 3837 3590 3890 τοῦτο
3631 3832 3786 3890 εἶπεν

2219 3946 2282 4016 (f.
2319 3947 2531 4012 είπεῖν);
2565 3946 2672 3996 Καὶ
2693 3945 2797 4014 γὰρ
2821 3944 2936 4005 ἐθος
2960 3945 3139 4006 αὐτοῖς
3160 3944 3244 3995 ἐπ’
3268 3941 3489 4010 ὀνόματι
3516 3941 3624 3994 τῶν
3646 3941 3785 3993 θεῶν

2219 4048 2342 4109 τοὺς
2389 4047 2579 4108 παῖδας
2633 4043 2933 4114 ὀνομάζειν·
2983 4044 3169 4113 ἐπειδὴ
3224 4045 3316 4096 καὶ
3372 4043 3429 4107 ἐξ
3481 4041 3785 4110 ἀνθρώπων

2217 4149 2427 4202 ἐποίουν
2458 4147 2629 4210 θεούς.
2665 4147 2847 4211 Οὕτως
2880 4149 2909 4200 6
2935 4148 3140 4211 δϐελος,
3181 4146 3322 4199 οὕτω
3368 4147 3459 4198 καὶ
3493 4147 3520 4198 ὀ
3549 4146 3785 4216 Βήλαιος

2217 4252 2419 4322 ἐκλήθη
2448 4269 2533 4312 τις
2561 4252 2688 4320 παρ’
2717 4252 2864 4320 ἡμῖν.
2904 4249 3119 4318 Ἐπειδὴ
3151 4248 3256 4318 γὰρ
3293 4243 3429 4301 είδον
3455 4249 3504 4300 οἱ
3532 4247 3784 4317 δαίμονες

2217 4356 2384 4427 ταύτῃ
2411 4355 2743 4425 τιμωμένους
2774 4356 2898 4413 τοὺς
2929 4350 3269 4421 ἀνθρώπους,
3301 4351 3393 4404 καὶ
3415 4351 3567 4414 θεοὺς
3595 4351 3786 4404 καλου-

2223 4459 2434 4528 μένους,
2466 4457 2559 4510 καὶ
2575 4455 2724 4509 αὐτοὶ
2743 4458 2903 4511 τοῦτο
2917 4455 3211 4524 ἐζήλωσαν.
3244 4454 3397 4517 Τίνος
3422 4453 3606 4506 ἕνεκέν
3627 4471 3782 4524 φησι,

2221 4561 2464 4628 Δανιὴλ,
2493 4555 2563 4614 οὗ
2595 4559 2661 4612 τὸ
2690 4559 2873 4628 ὄνομα
2893 4556 3206 4622 Βαλτάσαρ
3228 4555 3383 4621 ;”Οτι
3402 4555 3534 4608 Θεοῦ
3555 4555 3785 4625 δύναμιν

2221 4665 2351 4737 εἶχε.
2399 4666 2568 4718 Τοῦτο
2609 4664 2714 4734 γάρ
2765 4665 2892 4732 παρ’
2942 4661 3164 4722 ἐκείνοις
3213 4660 3440 4730 μεγίστη
3477 4661 3632 4729 τιμή.
3674 4659 3785 4711 Καὶ

2220 4770 2461 4839 ὴνείχετο
2490 4766 2680 4836 Δανιὴλ
2704 4766 2768 4818 δι’
2799 4766 3037 4826 ἐκείνους
3081 4763 3235 4815 τοῦτο
3281 4760 3581 4814 καλεῖσθαι·
3623 4761 3780 4813 οὐδα-

2225 4871 2324 4943 μοῦ
2349 4871 2404 4923 δὲ
2433 4869 2681 4932 ἐνταῦθα,
2707 4867 2868 4920 αὐτοῦ
2902 4867 3272 4936 μνημονεύων,
3304 4864 3589 4932 Βαλτάσαρ
3622 4862 3783 4914 αὐτὸν

2221 4975 2390 5029 καλεῖν
2419 4972 2553 5026 ἀλλὰ
2573 4973 2654 5036 τίς
2694 4971 2838 5038 Ἐγὼ
2880 4967 3119 5033 Δανιὴλ.
3157 4968 3328 5036 Ὅσης
3366 4965 3570 5034 ἠξιώθη
3619 4965 3783 5034 τιμῆς

2220 5077 2249 5127 6
2279 5076 2369 5128 τοῦ
2403 5073 2657 5144 βασιλέως
2685 5071 2826 5134 υίὸς,
2857 5071 3117 5138 τοσαύτης
3160 5069 3254 5122 καὶ
3298 5062 3450 5129 οὗτος
3473 5103 3489 5128 ,
3530 5065 3627 5117 καὶ
3674 5066 3782 5136 πρὸ

2223 5178 2321 5246 τῆς
2373 5176 2564 5240 πείρας
2613 5171 2784 5235 ἔδοξεν
2822 5166 2959 5222 εἶναι
2992 5168 3296 5238 θαυμαστὸς
3348 5169 3442 5220 ἀπ’
3485 5165 3655 5232 αὐτῆς
3682 5165 3781 5234 τῆς

2223 5281 2414 5349 ὂψεως,
2461 5277 2533 5330 οὐ
2570 5275 2760 5344 μὴντῇ
2792 5272 2995 5326 ἐκείνου
3046 5271 3304 5340 δυνάμει,
3358 5267 3518 5336 φησὶ,
3571 5267 3779 5335 ἔλεγεν.

2224 5384 2358 5436 ἀλλά
2382 5381 2615 5448 πνεῦμα
2645 5376 2787 5430 Θεοῦ
2821 5376 2989 5444 ἅγιον
3029 5370 3190 5441 εἶχεν
3220 5373 3288 5424 ἐν
3312 5368 3520 5434 ἐαυτῷ.
3550 5370 3776 5440 Πνεῦμα

2224 5493 2342 5562 οὐχὶ
2374 5490 2552 5553 τοῦτο,
2580 5487 2607 5539 6
2637 5487 2860 5555 λέγομεν
2899 5485 3058 5554 ἡμεῖς
3110 5482 3201 5533 τὸν
3243 5479 3616 5548 Παράκλητον,
3663 5482 3778 5534 ἀλλ’

2222 5601 2295 5661 ὼς
2328 5597 2391 5651 ἂν
2420 5599 2560 5649 είποι
2599 5610 2680 5656 τις
2727 5592 3004 5644 ἐπίπνοιαν
3027 5630 3041 5654 ,
3087 5587 3266 5649 ἔνθους
3314 5581 3399 5655 ἦν.
3435 5586 3779 5653 Βαλτάσαρ,

2230 5703 2412 5773 φησὶν,
2442 5703 2472 5755 d
2503 5700 2696 5768 ἄρχων
2743 5697 2859 5750 τῶν
2902 5691 3204 5748 ἐπααδῶν.
3238 5691 3454 5760 Πρῶτος
3488 5692 3668 5744 αὐτῶν
3687 5687 3779 5761 ἦν,
