4016 6482
258 371 375 423 213

254 484 388 531 mea,
420 480 465 521 et
493 469 676 536 ﬂorens
703 471 755 525 in
780 473 904 526 solio
932 488 1058 540 meo,
1095 483 1140 528 et
1171 476 1369 547 pinguis
1395 478 1448 531 in
1473 478 1660 547 papula
1683 494 1815 531 meo.

250 558 359 613 Cur
392 560 462 612 ita
490 559 590 614 hoc
605 563 836 631 scripsit,
860 574 912 619 et
937 581 1040 619 non
1065 566 1275 635 scripsit
1301 585 1315 621 :
1338 568 1819 623 Nabuchodonosor

250 656 366 698 erat
390 646 660 702 abundans
691 669 703 704 :
733 652 827 705 sed
853 653 1002 720 quasi
1030 668 1095 707 ex
1135 670 1357 723 persona
1388 658 1565 711 illius?
1591 658 1716 711 Mihi
1740 659 1817 711 vi-

247 733 444 789 dentur
468 736 581 792 haec
603 740 758 793 verba
782 742 941 810 ipsius
956 742 1487 801 Nabuchodonosoris
1512 762 1647 802 esse.
1667 749 1817 802 Post-

243 840 406 893 quam
434 828 574 882 enim
604 845 633 883 a
665 832 886 898 pristino
914 848 1097 887 errore
1122 836 1408 904 collegerat
1431 852 1506 901 se,
1533 838 1585 889 in
1606 838 1813 906 publica

233 918 368 968 acta
406 932 497 971 eas
520 919 695 973 literas
722 923 973 977 retulerat
998 923 1154 979 forte.
1182 928 1351 994 ipsam
1381 929 1536 996 igitur
1560 932 1813 985 constitu-

242 1004 470 1071 tionem,
502 1017 558 1061 ut
583 1010 685 1064 (ide
712 1011 899 1080 dignus
927 1014 1016 1077 sit,
1054 1014 1268 1069 adducit
1299 1017 1501 1070 Daniel.
1545 1019 1675 1072 Nam
1714 1020 1811 1073 ho-

243 1094 450 1149 minum
480 1108 680 1152 natura:
707 1100 819 1168 ipse
856 1105 943 1171 qui
982 1118 1168 1172 passus
1195 1115 1277 1159 est
1305 1107 1555 1176 loquitur.
1587 1110 1652 1162 Et
1683 1110 1811 1164 mihi

242 1186 423 1251 aspice
457 1197 704 1254 quantum
734 1190 1109 1247 documentum
1144 1196 1213 1249 sit
1255 1196 1507 1251 adversus
1532 1200 1806 1265 superbos.

242 1276 287 1325 Α
317 1277 564 1343 superbia
592 1279 730 1333 enim
763 1296 947 1347 passus
975 1292 1058 1337 est
1096 1299 1440 1354 qumcumque
1468 1301 1649 1354 passus
1675 1297 1755 1341 est
1789 1306 1804 1342 :

238 1371 298 1415 et
328 1366 558 1420 ostendit
586 1383 796 1423 causam
824 1373 1103 1439 superbite,
1139 1385 1246 1428 tum
1275 1390 1303 1428 a
1340 1376 1443 1430 fine
1462 1418 1478 1442 ,
1507 1387 1614 1431 tum
1640 1380 1707 1433 ab
1730 1380 1809 1433 in-

240 1452 339 1506 itio
369 1472 380 1506 :
412 1456 463 1508 in
492 1456 595 1511 fine
619 1459 828 1526 quidem
856 1461 1059 1526 dicens,
1085 1463 1335 1528 Quoniam
1362 1482 1531 1520 omnes
1569 1469 1807 1537 superbos

242 1554 403 1612 potest
450 1549 711 1602 humiliare
755 1550 823 1619 (υ.
869 1550 995 1618 3i);
1043 1553 1094 1606 in
1138 1554 1395 1623 principio
1430 1566 1606 1611 autent
1646 1568 1699 1612 et
1741 1560 1806 1615 ab

237 1634 471 1689 exordiis
507 1650 721 1691 causam
766 1640 1027 1707 superbia:
1062 1642 1277 1697 docens.
1330 1644 1404 1700 Ibi
1446 1648 1639 1701 etenim
1683 1664 1802 1703 eum

234 1721 358 1775 ideo
397 1723 556 1779 fuisse
595 1725 924 1782 bumiliatum
969 1730 1201 1786 declarat
1241 1750 1254 1786 :
1294 1734 1379 1787 hic
1421 1750 1549 1791 vero
1599 1753 1700 1806 qua
1738 1739 1803 1793 de

234 1825 393 1864 causa
423 1814 678 1881 superbus
724 1819 971 1884 evaserit,
1022 1836 1212 1889 nempe
1240 1837 1305 1876 ex
1348 1839 1413 1878 eo
1454 1826 1591 1894 quod
1636 1829 1801 1882 multa

233 1900 499 1958 frueretur
528 1904 809 1971 felicitate;
850 1912 925 1963 sic
952 1918 1006 1964 et
1038 1911 1200 1966 David
1237 1915 1365 1968 dicit
1412 1934 1423 1969 :
1464 1916 1590 1970 Ideo
1614 1935 1697 1971 eos
1723 1929 1797 1973 te-

232 1992 342 2043 nuit
385 1995 617 2062 superbia
642 1995 808 2065 (Psal.
839 2000 922 2051 72.
958 1999 1013 2065 6)
1044 2016 1057 2052 :
1092 2002 1161 2054 ita
1201 2003 1383 2057 et.hic
1422 2006 1616 2059 multas
1653 2010 1800 2076 ponit

230 2084 632 2151 prosperitates.
684 2087 739 2140 In
785 2089 1040 2157 principio
1086 2092 1160 2144 ait
1206 2094 1523 2149 :Abundans
1565 2113 1702 2149 eram
1746 2099 1797 2151 in

228 2170 381 2222 domo
406 2188 534 2237 mea,
562 2183 608 2224 et
632 2175 816 2241 ﬂorens
842 2176 894 2228 in
921 2178 1046 2231 solio
1074 2195 1199 2244 meo,
1235 2192 1279 2231 et
1309 2182 1507 2251 pinguis
1534 2185 1583 2235 in
1610 2187 1796 2253 populo

226 2272 357 2310 meo.
386 2257 502 2312 Non
525 2262 663 2314 enim
692 2260 804 2316 ﬁeri
833 2274 1003 2331 potest
1028 2277 1085 2319 ut
1114 2269 1289 2321 omnia
1319 2270 1452 2323 bona
1490 2272 1643 2325 simul
1671 2288 1797 2327 con-

228 2357 465 2401 currant.
512 2348 776 2420 Contingit
814 2354 864 2407 in
899 2356 1118 2425 imperio
1147 2359 1358 2427 quidem
1402 2376 1520 2416 esse
1562 2362 1791 2431 felicem,

224 2436 367 2491 dumi
397 2454 524 2493 vero
551 2440 830 2509 infelicem,
855 2450 1294 2513 quemadmodum
1325 2452 1580 2521 Herodes,
1607 2472 1791 2525 quem-

223 2527 509 2582 admodum
533 2531 693 2586 David
716 2550 727 2583 :
754 2537 943 2589 accidit
960 2554 1145 2593 rursus
1160 2552 1363 2607 contra,
1392 2546 1443 2597 in
1463 2548 1655 2615 populo
1677 2549 1792 2617 qui-

220 2615 343 2670 dem
376 2617 633 2673 infelicem
656 2636 803 2688 esse;
826 2640 853 2676 a
876 2625 1035 2680 domo
1060 2637 1234 2682 autem
1261 2631 1389 2684 nihil
1413 2647 1571 2701 grave
1592 2650 1653 2689 ac
1677 2652 1791 2691 mo-

220 2706 417 2762 lestum
435 2710 696 2767 sustinere
720 2730 733 2765 :
759 2715 870 2769 fieri
889 2719 1046 2772 etiam
1072 2732 1243 2789 potest
1267 2732 1321 2776 ut
1346 2726 1395 2777 in
1419 2726 1546 2780 urbe
1572 2742 1669 2795 pax
1691 2731 1786 2793 sit;

214 2808 275 2852 at
301 2814 517 2867 regnum
548 2805 853 2860 tumultibus
890 2811 1172 2877 quatiatur.
1218 2813 1410 2868 Verum
1451 2818 1534 2871 isti
1584 2820 1787 2874 felicem

220 2887 451 2956 undique
476 2904 594 2945 esse
621 2896 837 2963 contigit
867 2914 878 2948 :
904 2898 1034 2951 nihil
1052 2909 1166 2953 erat
1186 2902 1325 2969 quod
1355 2905 1521 2973 ipsum
1544 2909 1784 2963 molestia

214 2976 471 3032 afﬁceret.
501 2978 660 3035 Vides
680 2995 931 3050 quantum
960 2990 1153 3042 malum
1178 2991 1246 3045 sit
1274 2996 1475 3047 vacatio
1498 3011 1561 3049 ac
1588 3000 1786 3051 securi-

216 3067 333 3120 tas?
352 3067 501 3122 Sicut
528 3072 666 3125 enim
689 3074 740 3125 in
761 3077 1089 3144 corporibus,
1114 3094 1230 3133 cum
1259 3099 1360 3136 non
1384 3100 1446 3137 ex
1470 3088 1784 3143 necessitate

214 3155 551 3225 fatigationes
567 3170 619 3212 et
639 3165 1009 3230 occupationes
1029 3170 1403 3236 suscipiuntur,
1432 3173 1496 3227 de
1526 3175 1777 3230 industria

212 3245 467 3312 quasdam
498 3250 847 3317 aggredimur,
881 3254 947 3307 ad
974 3259 1211 3325 corporis
1232 3263 1545 3316 exercitium
1575 3282 1588 3319 :
1630 3267 1698 3321 ita
1727 3278 1780 3322 et

211 3335 353 3390 Deus
376 3335 549 3393 facere
570 3340 725 3407 solet,
743 3352 801 3395 ut
821 3345 960 3399 vires
986 3347 1174 3402 nimias
1192 3350 1356 3404 tollat.
1376 3352 1429 3404 2.
1450 3371 1469 3403 ι
1503 3354 1777 3412 Somnium

211 3425 339 3491 vidi,
368 3436 423 3481 et
450 3432 737 3496 perterruit
763 3449 866 3498 me,
888 3444 942 3490 et
971 3437 1210 3493 turbatus
1235 3458 1349 3495 sum
1380 3443 1433 3497 in
1457 3446 1612 3501 cubili
1635 3464 1773 3516 meo,

208 3524 261 3569 et
289 3516 519 3571 visiones
548 3521 735 3589 capitis
758 3526 859 3577 mei
888 3528 1337 3585 conturbaverunt
1369 3549 1474 3586 me.
1502 3537 1553 3589 5.
1591 3538 1651 3590 Et
1680 3554 1772 3607 per

207 3619 294 3658 me
348 3608 674 3675 propositum
715 3622 798 3665 est
834 3614 1132 3681 decretum,
1163 3630 1219 3672 ut
1265 3622 1662 3681 introducerent
1715 3630 1767 3682 in

199 3704 493 3762 conspectu
523 3712 642 3751 meo
682 3714 867 3756 omnes
906 3707 1175 3772 sapientes
1218 3708 1524 3781 Babylonis,
1551 3725 1609 3770 ut
1638 3732 1768 3771 con-

203 3782 462 3838 iacturam
512 3790 700 3841 somnii
756 3792 1049 3865 indicarent
1090 3796 1238 3851 mihi.
1278 3819 1298 3851 υ
1332 3801 1461 3857 Vide
1505 3807 1769 3873 quomodo

200 3873 349 3927 illum
374 3880 722 3946 comprimere
746 3882 875 3948 vult,
912 3900 1014 3937 non
1046 3902 1221 3941 rerum
1251 3895 1645 3961 experimento,
1674 3899 1766 3953 sed

200 3964 498 4020 futurorum
548 3970 922 4039 prtetiictione;
962 3985 1017 4030 et
1068 3982 1333 4047 quomodo
1374 3987 1607 4042 terribile
1653 3999 1768 4043 erat

199 4056 487 4109 somnium.
534 4056 639 4112 Cur
690 4061 848 4130 igitur
895 4081 1035 4120 nunc
1081 4083 1290 4138 quoque
1342 4089 1445 4126 non
1498 4075 1765 4145 obstUpuit

195 4144 420 4209 spiritus
447 4146 582 4213 ejus,
621 4164 716 4203 nec
770 4153 963 4205 somnii
1014 4155 1206 4211 oblitus
1239 4168 1339 4225 est,
1392 4163 1527 4216 sicut
1562 4169 1763 4219 antea?

193 4232 331 4297 Quia
359 4236 563 4290 scilicet
590 4252 708 4292 cum
740 4241 921 4296 Daniel
952 4246 1102 4312 prius
1131 4247 1401 4305 sufﬁciens
1428 4256 1762 4322 experimen-

194 4332 308 4375 tum
338 4323 587 4389 dedisset,
621 4328 861 4385 videlicet
889 4332 941 4385 in
972 4337 1179 4389 somnio
1205 4340 1343 4405 quod
1368 4356 1718 4409 prmcesserat
1740 4390 1755 4415 ,

192 4426 301 4463 non
333 4422 449 4467 erat
489 4415 739 4486 deinceps
770 4435 988 4478 necesse
1030 4428 1317 4482 secundam
1357 4433 1593 4489 adhiberi
1637 4453 1758 4505 pro-

191 4499 479 4555 bationem.
506 4504 691 4559 Omnia
737 4511 929 4579 quippe
976 4515 1115 4568 Deus
1168 4522 1499 4575 necessitatis
1548 4499 1752 4593 gratia,

191 4604 301 4642 non
349 4596 731 4663 ostentationis,
778 4612 1048 4667 operatur.
1103 4606 1347 4676 Alioquin
1390 4622 1565 4665 autem
1599 4624 1652 4667 et
1703 4617 1752 4671 id

188 4679 251 4731 fit
279 4679 343 4733 ad
379 4681 765 4753 redarguendos
792 4704 993 4759 magos.
1026 4692 1156 4747 Nam
1204 4712 1268 4749 ne
1313 4699 1499 4753 iterum
1529 4703 1705 4759 dicant
1735 4724 1749 4760 :

189 4766 428 4839 Proferat
456 4788 543 4825 rea:
568 4779 815 4831 somnium
839 4819 853 4842 ,
880 4789 929 4832 et
967 4782 1106 4836 illius
1134 4786 1467 4854 conjecturam
1498 4796 1751 4847 renuntia-

184 4858 350 4912 bimus
400 4877 493 4914 nos
521 4862 675 4931 (Dan.
712 4868 765 4920 2.
794 4870 847 4937 7)
877 4888 889 4923 :
917 4884 1211 4941 arguuntur
1255 4891 1359 4930 non
1415 4879 1584 4934 Solum
1622 4884 1747 4939 illud

184 4963 290 5001 non
316 4964 487 5018 posse,
517 4953 611 5007 sed
647 4971 817 5025 neque
842 4959 961 5014 hoc.
988 4962 1284 5032 Nequibant
1309 4968 1483 5023 dicere
1512 4972 1702 5026 iterum
1729 4994 1742 5029 :

187 5054 204 5086 ι
233 5037 480 5104 Verbum,
500 5042 640 5109 quod
663 5060 753 5097 rex
779 5047 1083 5119 interrogat,
1113 5068 1273 5123 grave
1303 5066 1383 5109 est
1410 5077 1421 5110 :
1452 5068 1503 5112 et
1534 5075 1635 5115 non
1664 5072 1746 5130 est

180 5128 371 5194 homo,
400 5133 487 5201 qui
533 5135 698 5201 possit
734 5135 1024 5203 diiudicare
1077 5142 1222 5207 illud,
1254 5147 1352 5198 nisi
1385 5147 1491 5213 dii,
1520 5128 1741 5217 quorum

180 5236 284 5272 non
307 5229 388 5274 est
408 5222 661 5278 habitatio
683 5239 803 5279 cum
832 5229 974 5281 omni
998 5244 1159 5285 carne
1181 5252 1199 5283 ι
1229 5233 1388 5303 (Ibid.
1414 5253 1458 5288 υ.
1481 5238 1587 5307 ll).
1616 5240 1741 5295 inde

171 5309 363 5363 didicit
396 5326 568 5379 neque
598 5315 772 5381 priora
817 5330 883 5369 ex
922 5317 1010 5371 illa
1038 5323 1235 5389 vulgari
1262 5325 1516 5392 sapientia
1546 5328 1738 5383 Danie-

177 5400 279 5453 lem
311 5402 614 5468 protulisse.
649 5404 835 5457 Didicit
862 5406 1141 5463 Chaldaeos
1170 5426 1338 5481 neque
1380 5418 1738 5484 superioribus

176 5493 503 5559 temporibus
528 5495 808 5563 quidquam
832 5499 942 5549 sani
962 5499 1159 5553 dixisse
1179 5519 1191 5552 :
1215 5505 1350 5557 sicut
1379 5506 1603 5573 ipsemet
1624 5510 1696 5561 ait
1721 5527 1733 5561 :

175 5590 227 5631 at
256 5581 430 5635 nullus
458 5592 570 5636 erat
593 5585 681 5651 qui
713 5586 834 5639 illos
864 5589 1295 5655 reprehenderet.
1315 5594 1447 5649 Cum
1474 5605 1647 5650 autem
1671 5598 1733 5651 ad

172 5684 265 5726 eos
288 5674 431 5727 venit
455 5689 516 5728 ex
540 5674 718 5731 Judaea
746 5677 1149 5747 demonstratio,
1177 5682 1356 5740 Daniel
1380 5702 1591 5758 nempe,
1624 5705 1726 5745 non

1618 364 1684 421 1N
1724 364 2088 422 DANiELEM.

3371 407 3480 462 214

1923 478 2150 546 amplius
2190 480 2385 537 audent
2430 499 2494 539 ne
2522 487 2731 555 quidem
2780 490 2993 561 tingere.
3030 492 3189 563 igitur
3218 511 3320 550 non
3367 503 3482 553 stne

1927 567 2250 634 providentia
2282 587 2462 627 rursus
2488 576 2560 629 illi
2594 589 2864 632 vocantur.
2896 582 3100 636 Etenim
3136 584 3479 645 admiratione

1922 655 2134 725 dignum
2166 667 2264 723 est,
2297 676 2453 729 quam
2483 663 2550 716 ob
2592 681 2702 718 rem
2751 683 2842 721 rex
2892 684 3009 723 cum
3045 673 3094 725 in
3125 675 3277 727 tantis
3324 677 3479 731 rebus

1921 748 2335 814 experimentum
2372 759 2601 820 cepisset
2646 762 2936 825 potestatis,
2969 777 3067 831 qua
3097 766 3321 832 pollebat
3369 769 3475 822 Da-

1921 835 2052 897 niel,
2085 852 2185 890 non
2218 850 2389 893 tamen
2422 844 2648 909 primunt
2683 862 2801 899 eum
2828 852 3052 905 vocavit.
3085 854 3309 921 lpscmet
3334 861 3474 912 enim

1922 920 2060 975 Deus
2087 925 2135 976 id
2164 927 2375 980 molitus
2396 939 2495 991 est,
2519 940 2571 983 ut
2594 945 2711 999 post
2739 948 3010 1003 magorum
3030 920 3231 995 cladem
3256 945 3473 999 victoria

1919 1023 2211 1078 appareret.
2244 1013 2522 1070 Pet-terruit
2561 1036 2656 1084 me,
2689 1023 2856 1090 inquit
2890 1044 2901 1077 :
2937 1036 2990 1079 et
3032 1044 3200 1097 neque
3248 1032 3323 1084 sic
3360 1050 3473 1088 me-

1918 1100 2019 1152 lior
2052 1102 2252 1166 evasit;
2290 1106 2383 1159 sed
2436 1110 2597 1161 voluit
2644 1112 2935 1178 periculum
2985 1115 3176 1171 facere.
3226 1121 3295 1172 lta
3335 1122 3474 1177 Deus

1916 1190 2142 1261 undique
2170 1193 2349 1248 insons
2379 1206 2454 1252 est
2482 1198 2579 1269 (a).
2604 1201 2656 1253 4.
2692 1219 2710 1250 ι
2742 1202 2809 1255 Ει
2834 1206 3262 1272 ingrediebantur
3293 1211 3472 1265 incan-

1917 1288 2143 1347 tatores,
2175 1285 2346 1354 magi,
2379 1287 2655 1354 Gazareni,
2689 1292 2919 1346 Chaldzei
2948 1313 2959 1347 :
2996 1306 3048 1349 et
3074 1302 3331 1353 somnium
3363 1303 3471 1357 dixi

1917 1368 1966 1421 in
1994 1382 2277 1439 conspectu
2317 1389 2497 1429 eorum
2532 1394 2544 1429 :
2574 1388 2627 1433 et
2654 1382 3011 1449 conjecturam
3047 1386 3161 1454 ejus
3202 1404 3304 1443 non
3334 1392 3470 1445 indi-

1916 1470 2168 1513 caverunt
2210 1462 2356 1526 mihi,
2384 1466 2436 1519 5.
2467 1466 2634 1522 donec
2660 1470 2792 1524 alius
2824 1472 3087 1540 ingressus
3114 1487 3229 1541 est,
3265 1480 3464 1546 Daniel,

1912 1546 1967 1600 in
1994 1562 2279 1618 conspectu
2312 1567 2431 1607 meo
2452 1594 2466 1619 ,
2498 1556 2648 1624 cujus
2672 1574 2861 1614 nomen
2894 1563 3128 1618 Baltasar
3146 1608 3159 1629 ,
3183 1572 3468 1626 secundum

1911 1651 2101 1691 nomen
2142 1639 2225 1695 dei
2270 1644 2505 1713 mei,qui
2544 1647 2781 1713 spiritum
2828 1650 2918 1703 Dei
2964 1651 3118 1708 habet
3165 1656 3215 1708 in
3262 1670 3469 1713 semet-

1908 1726 2023 1793 ipso
2047 1746 2059 1779 :
2088 1738 2140 1782 et
2169 1733 2425 1786 somnium
2454 1748 2630 1789 coram
2661 1752 2724 1791 eo
2754 1738 2880 1791 dixi.
2912 1739 3097 1809 Donec,
3129 1745 3312 1815 inquit,
3335 1750 3466 1803 alius

1906 1817 2156 1885 ingressus
2196 1829 2267 1873 est
2311 1823 2362 1874 in
2402 1834 2667 1892 conspectu
2707 1841 2833 1878 meo.
2873 1827 3029 1893 Quasi
3078 1832 3352 1890 immemor
3396 1838 3464 1891 ita

1909 1905 2142 1974 loquitur
2169 1909 2263 1978 (ὁ).
2291 1912 2499 1966 Etenim
2528 1916 2676 1967 multi
2701 1918 2823 1969 anni
2854 1920 3219 1985 praiterierant
3238 1966 3252 1988 ,
3280 1934 3332 1978 et
3357 1928 3462 1981 cito

1906 1997 2217 2053 memoriam
2246 2002 2517 2067 amiserat,
2573 2013 2752 2072 utpote
2804 2014 2880 2059 tot
2920 2010 3061 2062 curis
3105 2013 3369 2078 obsessus,
3409 2026 3462 2070 et

1904 2099 2025 2139 cum
2077 2089 2232 2142 tantis
2286 2090 2494 2145 deliciis
2551 2094 2754 2146 vivens.
2812 2096 2977 2149 Porro
3032 2100 3208 2155 dicere
3267 2105 3460 2172 alium,

1903 2177 2108 2244 signum
2139 2188 2219 2232 est
2250 2195 2369 2234 cum
2400 2181 2549 2235 valde
2592 2184 2728 2237 illius
2761 2185 2981 2240 oblitum
3008 2203 3143 2242 esse.
3178 2190 3462 2248 Secundum

1902 2281 2077 2319 nomen
2101 2306 2113 2329 ,
2148 2268 2333 2337 inquit,
2368 2272 2445 2323 dei
2473 2274 2585 2323 mei.
2610 2276 2693 2326 An
2728 2274 2826 2328 hoc
2854 2276 3030 2331 dicere
3054 2281 3193 2333 vult:
3226 2283 3313 2337 Sic
3340 2300 3459 2341 eum

1902 2358 2152 2411 ltonoravi
2244 2372 2297 2413 ut
2328 2378 2353 2413 a
2384 2363 2485 2416 deo
2516 2379 2705 2417 nomen
2754 2364 2853 2418 hoc
2886 2369 2955 2421 illi
3004 2369 3322 2427 indiderim?
3349 2376 3460 2431 Mos

1899 2448 2037 2500 enim
2068 2458 2181 2501 erat
2211 2449 2311 2501 illis
2334 2491 2348 2513 ,
2381 2451 2447 2504 de
2477 2452 2695 2504 deorum
2738 2457 2952 2508 nomine
2989 2472 3180 2525 pueros
3208 2477 3330 2517 suos
3362 2480 3456 2519 no-

1898 2538 2101 2591 minare
2136 2556 2147 2590 :
2180 2540 2603 2609 quandoquidem
2635 2554 2687 2597 et
2716 2560 2778 2597 ex
2809 2545 3106 2603 hominibus
3136 2552 3262 2606 deos
3298 2554 3456 2610 facie-

1896 2628 2039 2683 bant.
2075 2630 2161 2684 Sic
2202 2632 2377 2699 Belus,
2402 2634 2477 2687 sic
2520 2642 2573 2688 et
2600 2636 2802 2691 Delatus
2836 2638 2905 2707 (c)
2932 2641 3141 2708 quidam
3173 2648 3309 2711 apud
3354 2663 3450 2702 nos

1894 2720 2187 2788 appellatus
2217 2732 2316 2775 est.
2348 2722 2561 2777 Scilicet
2599 2735 2873 2795 postquam
2914 2729 3179 2793 dwuwnes
3206 2736 3448 2791 viderunt

1893 2822 1953 2861 ea
1987 2810 2188 2863 ratione
2215 2811 2457 2866 homines
2481 2813 2727 2868 honorari
2751 2830 2812 2869 ac
2835 2817 3180 2887 deosvocari,
3200 2833 3251 2876 et
3278 2826 3374 2893 ipsi
3402 2828 3451 2881 id

1891 2900 2121 2953 simulati
2162 2902 2484 2973 sunt.Cujus
2514 2906 2683 2973 gratia
2710 2907 2803 2973 ait,
2852 2908 3063 2975 Daniel,
3091 2915 3234 2982 cujus
3276 2933 3452 2971 nomen

1889 2987 2123 3042 Baltasar
2145 2992 2168 3041 Ρ
2194 2992 2322 3057 Quia
2363 2994 2454 3045 Dei
2483 2996 2725 3048 virtutem
2760 2997 3004 3051 habebat.
3046 3000 3099 3053 Id
3126 3005 3266 3055 enim
3314 3008 3449 3075 apud

1888 3078 2007 3129 illos
2032 3081 2260 3132 maxime
2292 3080 2475 3133 honori
2507 3093 2639 3134 erat.
2676 3083 2740 3135 Et
2768 3087 3060 3139 sustinebat
3091 3090 3267 3143 Daniel
3299 3107 3356 3146 se
3382 3094 3447 3146 ab

1886 3168 1989 3222 illis
2014 3185 2077 3224 eo
2104 3171 2315 3225 nomine
2338 3173 2575 3241 insigniri
2618 3190 2633 3227 :
2674 3190 2930 3242 nusquam
2973 3188 3150 3231 autem
3180 3180 3292 3245 hic,
3323 3184 3445 3235 dum

1872 3261 1963 3311 .sui
2011 3261 2329 3315 mentionem
2380 3262 2541 3329 facit,
2588 3264 2905 3319 Baltasarem
2974 3271 3203 3336 seipsum
3272 3276 3444 3327 nomi-

1883 3355 1992 3413 nat,
2022 3349 2112 3401 sed
2144 3349 2267 3417 quid
2292 3350 2314 3402 ’ὲ
2343 3349 2454 3421 Ego
2483 3351 2686 3404 Daniel.
2718 3352 2925 3418 Quanto
2970 3356 3171 3413 honore
3200 3360 3441 3429 dignatus

1881 3448 1960 3491 est
1991 3439 2125 3507 regis
2150 3439 2307 3503 (ilius,
2337 3449 2481 3494 tanto
2508 3450 2561 3493 et
2597 3443 2694 3495 iste
2718 3459 2732 3495 :
2761 3443 2917 3495 etiam
2947 3454 3069 3498 ante
3091 3450 3429 3513 experimen-

1880 3536 2008 3593 tum,
2035 3544 2098 3582 ex
2131 3529 2246 3596 ipso
2275 3538 2488 3598 aspectu
2520 3532 2659 3583 visus
2677 3540 2757 3584 est
2785 3532 3133 3588 admirabilis.
3160 3537 3266 3592 Nec
3288 3556 3434 3606 vero,

1878 3618 2141 3685 inquit,ex
2174 3619 2311 3670 illius
2332 3620 2522 3673 virtute
2552 3620 2851 3688 proferebat
2870 3637 2930 3675 ea
2954 3639 3069 3691 qua:
3096 3626 3434 3694 loquebatur:

1936 3748 2013 3823 (a).
2028 3746 2367 3823 [Pulcherrima
2394 3750 2499 3797 haec
2533 3752 3073 3823 sententiaLdesumpta
3115 3769 3175 3823 ex
3204 3758 3435 3823 _Platone,

1874 3807 1958 3857 lib.
1996 3810 2055 3857 10
2100 3810 2278 3883 ῐιβνιιιῖ.
2303 3812 2533 3883 ,Ιὶιῃοτε
2582 3819 2659 3883 est
2699 3813 2861 3883 attritis
2902 3807 3239 3883 ecclesiasticis

1872 3871 2206 3942 stris,n.tustino
2231 3869 2457 3942 Apologia
2476 3874 2705 3942 secunda,
2732 3872 2879 3942 Clem.
2906 3874 3047 3922 Alex.
3076 3878 3258 3942 l‘tcgag.
3282 3869 3431 3942 iibfi,

1870 3942 1974 3991 cap.
1999 3931 2028 3977 8
2047 3964 2059 3987 ,
2087 3936 2135 3976 et
2158 3938 2324 3976 Strom.
2355 3932 2373 3977 ι
2400 3964 2413 3986 ,
2440 3940 2491 3993 et.
2514 3934 2572 3993 5,
2598 3935 2823 3991 Gregorio
2858 3942 2956 3980 ΜΖ.
2997 3942 3122 3983 Orat.
3149 3940 3176 3984 ὅ
3196 3931 3433 3993 ,”Ιῖυςει›ίὸ

1872 3989 1971 4055 tuin
1998 3998 2195 4055 Przepar.
2226 4002 2396 4051 evang.
2439 3989 2520 4037 lib.
2547 3991 2577 4038 6
2598 4029 2609 4048 ,
2637 3989 2765 4049 cili,
2805 4000 2903 4041 tum
2938 3996 2986 4043 in
3021 3993 3114 4043 [ine
3140 3989 3244 4047 liliri
3270 3989 3431 4055 contra

1870 4048 2151 4096 Hieroclem.

2038 4108 2091 4155 In
2114 4115 2291 4165 CPilfCO,
2416 4116 2455 4158 οὗ
2475 4122 2589 4177 lupos
2604 4152 2613 4167 ,
2638 4138 2733 4177 95m,
2751 4126 2912 4177 slum"
2938 4128 3079 4166 ἆνώιιόν
3098 4144 3175 4177 μου.
3200 4123 3246 4177 ὸς
3268 4135 3426 4173 ικιλιοό.

1867 4193 1967 4240 μναῖς
1992 4180 2081 4239 eam
2104 4184 2197 4240 mi.
2224 4171 2433 4240 Legebat
2466 4173 2588 4230 apud
2626 4171 3013 4240 'theodotioneni,
3049 4171 3162 4237 ῑτὶρος
3183 4220 3192 4235 ,
3214 4171 3428 4240 άιὶπζςίιίι

1870 4236 1919 4305 et
1940 4228 2117 4290 legisse
2140 4228 2708 4305 'I'beod'oretu‘m‘constat.
2737 4240 2821 4281 Eos
2845 4236 2971 4305 enim
2998 4228 3115 4285 nihil
3135 4228 3422 4305 morem-qui

1864 4288 1975 4335 dum
1995 4288 2240 4353 conantur
2278 4293 2570 4353 emendare,
2610 4293 2887 4353 depravant.
2915 4295 2982 4342 Ac
3015 4308 3149 4345 certe
3186 4288 3253 4347 ea
3280 4288 3423 4353 leciio

1866 4308 1975 4335 uuui
2013 4308 2240 4336 curuantur
2278 4308 2570 4345 emendare,
2610 4308 2672 4339 ae
2694 4308 2887 4341 iravant.
2915 4308 2982 4342 Ac
3015 4308 3149 4345 certe
3186 4314 3243 4347 ea
3280 4308 3421 4353 lectio

1866 4351 2059 4418 propius
2081 4351 2261 4419 accedit
2281 4352 2337 4397 ad
2365 4353 2615 4419 veritatem
2639 4308 3115 4461 Clialdaicantbﬂuam
3139 4357 3245 4416 alia,
3272 4373 3421 4424 ιηιρος,

1866 4422 2031 4457 socrus.
2060 4411 2206 4456 Mirari
2239 4417 2399 4461 itaque
2422 4418 2536 4457 satis
2555 4424 2646 4457 non
2671 4425 2858 4461 possum
2881 4426 2943 4461 au
3030 4416 3105 4461 hic
3127 4420 3348 4461 observat
3371 4430 3417 4461 ii-

1862 4410 2031 4457 socius.
2060 4410 2206 4456 Mirari
2239 4411 2399 4469 itaque
2422 4412 2536 4457 satis
2555 4424 2646 4457 non
2670 4425 2858 4473 possunt
2881 4410 3006 4473 quod
3030 4416 3105 4464 bic
3127 4410 3359 4470 observat:
3371 4410 3419 4471 ti:

1861 4471 2186 4530 Hieronymus,
2212 4479 2386 4542 praeter
2410 4476 2514 4516 Lxx
2541 4471 2878 4542 translator-es,
2900 4471 2982 4534 qui
3007 4476 3109 4542 haec
3126 4482 3277 4528 omnia
3300 4495 3419 4542 prte-

1861 4532 2121 4599 terieraiit,
2150 4537 2250 4599 tres
2280 4530 2492 4599 reliquos
2529 4530 2755 4599 collegam
2792 4530 3128 4599 interpretatos
3153 4551 3277 4588 esse.
3300 4530 3415 4599 buid

1860 4589 2039 4658 igitur?
2062 4600 2120 4634 an
2144 4589 2383 4664 cod-ictibus
2403 4589 2881 4664 corruptis'utelratur
2896 4589 3192 4664 doctissimus
3211 4589 3414 4664 Scripta:

1858 4648 1925 4696 rae
1964 4650 2202 4715 interpres
2219 4648 2240 4695 Ῥ
2259 4648 2317 4715 _Id_
2342 4662 2457 4697 vero
2477 4648 2721 4715 afﬁrmare
2750 4652 2929 4700 durum
2959 4652 3137 4715 fuerit,
3180 4673 3286 4709 cum
3308 4648 3412 4713 ‘dici

1856 4717 2003 4769 queat
2028 4709 2135 4775 ideo
2159 4709 2402 4775 panieiem
2422 4722 2451 4756 a
2474 4710 2926 4775 Nabuchodonosoro
2948 4709 3235 4775 appellatum
3269 4709 3413 4772 colle:

1855 4768 1982 4826 gam,
2007 4768 2261 4841 quia-alter
2294 4771 2507 4841 ipsiet;
2534 4773 2772 4841 secundus
2794 4785 2821 4819 a
2844 4768 3139 4841 regeZésset.
3166 4768 3411 4841 Atqueﬁit'a

1856 4833 2031 4888 exponi
2056 4836 2213 4888 potest
2245 4841 2333 4876 vox
2359 4834 2505 4907 ῙΠΠΝ
2528 4872 2541 4895 ,
2570 4838 2620 4878 et
2644 4838 2685 4879 S.
2714 4833 3274 4895 Hieronymtisacensura
3290 4850 3407 4892 Dru-

1853 4923 1909 4968 sii
1935 4921 2177 4968 vindicari.
2192 4928 2477 4982 Quamquam
2500 4927 2659 4969 autem
2678 4922 2745 4982 ide
2759 4934 2893 4980 voce,
2907 4925 3146 4982 ιπτρος,ὴὶε
3163 4928 3406 4982 disserere

1853 4990 1989 5029 extra
2013 4992 2116 5027 rem
2140 4994 2249 5028 esse
2275 4981 2506 5045 videatur,
2529 4981 2738 5045 monebo
2762 4989 2936 5045 tamen,
2964 4981 3087 5031 illius
3109 4981 3404 5045 ignoratione

1850 5040 2023 5088 factum
2048 5053 2183 5098 esse,
2211 5048 2265 5088 ut
2306 5040 2647 5088 disertissimus
2670 5042 2739 5087 vir
2762 5041 2995 5091 Antonius
3019 5040 3221 5095 Muretus
3243 5050 3290 5097 in
3315 5040 3404 5099 Va;

1849 5103 2025 5149 riarum
2046 5099 2305 5171 lectionum
2328 5100 2409 5171 lib:
2425 5100 2457 5171 nl
2485 5135 2499 5157 ,
2523 5114 2625 5159 cap.
2646 5101 2673 5171 il.
2699 5138 2711 5156 ,
2740 5102 2929 5171 tertium
2955 5102 3210 5171 Isocratem
3234 5122 3403 5171 magno

1851 5173 2016 5208 errore
2051 5161 2352 5221 procuderet.
2379 5159 2586 5226 Aderam
2612 5162 2752 5207 etiam
2790 5160 2943 5226 locum
2981 5166 3196 5225 Origenis
3214 5202 3227 5226 ,
3255 5159 3401 5219 Heini-

1848 5220 1910 5268 lia
1936 5220 2007 5290 18.
2029 5219 2078 5288 iit
2122 5229 2349 5290 Numeros
2371 5233 2384 5267 :
2412 5219 2683 5290 Ite‘leglamus
2704 5233 2889 5288 eaquae
2920 5221 2967 5270 in
2999 5219 3191 5290 Da'uiele
3216 5219 3400 5290 scripta

1846 5288 1952 5329 sunt
1976 5280 2035 5329 de
2058 5280 2375 5350 ipsopaniele
2398 5280 2612 5347 et__tribus
2634 5280 2799 5329 amicis
2822 5284 2940 5341 ejus.
2966 5287 3075 5345 Scrit
3091 5295 3221 5335 serat
3239 5280 3399 5350 Orige-

1845 5354 1951 5399 nes,
1980 5354 2139 5399 ίταιροις,
2161 5342 2205 5388 id
2231 5349 2323 5397 est,
2347 5342 2500 5388 sociis.

1908 5402 1978 5462 (c)
2012 5401 2065 5448 In
2087 5409 2274 5467 prince,
2303 5411 2420 5467 quia,
2445 5410 2464 5447 ὁ
2488 5411 2625 5467 ξε-ιλος,
2649 5411 2738 5467 οῦς..
2760 5414 2818 5467 irai.
2845 5412 2864 5451 ό
2889 5416 3048 5467 δήμιος.
3070 5411 3231 5467 Magno
3252 5420 3396 5467 cupe-

1842 5460 1965 5520 rem,
1979 5464 2127 5521 inquit
2143 5460 2421 5514 Cotelerius,
2446 5460 2504 5506 ad
2529 5462 2666 5521 hujus
2687 5462 2775 5509 loci
2798 5460 3272 5514 restitutionem'mihi
3294 5460 3394 5519 dari

1842 5520 2085 5582 antiquum
2104 5520 2320 5583 Codicem
2345 5532 2405 5567 ex
2431 5533 2525 5583 quo
2542 5520 2815 5583 istenoster
2833 5523 3097 5583 descriptus
3119 5522 3218 5572 fuit.
3243 5527 3395 5577 Aliter

1843 5584 1971 5628 enim
1994 5583 2069 5628 vix
2093 5594 2146 5629 ac
2168 5593 2231 5628 ne
2256 5582 2331 5627 vix
2359 5582 2551 5639 quidem
2568 5582 2761 5647 .videtur
2781 5594 2890 5629 esse
2908 5582 3143 5647 sanabilis.
3164 5583 3392 5647 conjicie-

1841 5641 1966 5698 bam,
1989 5652 2007 5689 ὁ
2027 5648 2236 5710 Βῆλος-ιρι,
2263 5650 2282 5687 t
2302 5639 2580 5710 Btlmg..Qll_Dd
2607 5648 2896 5710 postremum
2922 5644 3194 5710 vocabulum
3217 5639 3392 5709 legitur

1840 5702 1964 5762 apud
1986 5700 2344 5762 Tertullianum,
2371 5707 2420 5751 et
2443 5701 2490 5749 in
2513 5700 2925 5764 mendosibyllinis
2946 5704 3246 5755 carminibus.
