4016 6496
474 444 587 499 215

468 548 564 605 sed
597 546 846 618 Spiritum
871 544 968 600 Dei
1002 549 1228 597 sanctum
1259 534 1471 593 habebat
1516 535 1569 588 in
1615 531 1898 598 semetipso.
1941 523 2056 618 rfieri

473 642 622 696 illutn
642 617 907 709 Spiritum
933 678 948 702 ,
977 651 1132 706 quem
1163 648 1263 688 nos
1303 641 1556 685 vocamus
1598 622 1927 679 Paracletum
1952 617 2055 686 (a),

474 730 570 785 sed
602 731 743 785 velut
773 729 816 783 si
846 728 965 799 quis
992 726 1189 781 dixerit
1229 721 1630 792 iuspirationem
1653 757 1667 781 ,
1697 723 1812 770 erat
1842 709 2060 765 numine

477 822 707 876 afﬂatus.
755 821 809 876 6.
856 819 1125 882 Baltasar,
1157 817 1359 886 inquit,
1389 815 1621 883 princeps
1665 809 2058 860 incantatorum.

483 917 694 970 Primus
726 916 959 984 ipsorum
985 921 1131 976 erat,
1165 911 1358 979 inquit.
1398 907 1531 961 Vide
1560 912 1689 973 quot
1735 902 1926 955 indicia
1970 899 2064 952 de-

476 1009 684 1062 clarent
728 1022 852 1062 eum
899 1005 1112 1060 creteris
1166 1000 1594 1072 praestantiorem
1643 1011 1781 1050 esse.
1829 993 2064 1046 Baltasar

479 1099 710 1168 princeps
723 1098 1116 1159 incantatorum,
1137 1110 1280 1163 quem
1307 1091 1536 1161 tagnovi,
1557 1089 1694 1158 quod
1719 1086 1941 1156 Spiritus
1968 1083 2064 1138 Dei

482 1200 686 1244 sanctus
709 1190 761 1243 in
789 1200 857 1244 te.
886 1189 987 1255 Qui
1028 1188 1236 1252 melior,
1269 1185 1584 1253 caeterisque
1610 1184 1784 1254 potior
1811 1194 1890 1243 es,
1922 1193 2067 1247 quem

485 1299 575 1353 ego
603 1283 830 1352 cognovi.
861 1281 995 1335 Nam
1031 1296 1098 1335 ne
1128 1281 1322 1334 iterum
1353 1277 1617 1346 redigeret
1641 1289 1762 1329 eum
1791 1273 1856 1326 ad
1883 1287 2070 1326 neces-

487 1375 704 1427 sitatem
727 1371 936 1426 dicendi
959 1389 975 1424 :
997 1371 1062 1424 Et
1089 1388 1180 1441 ego
1205 1379 1371 1422 autent
1390 1385 1490 1421 non
1518 1369 1569 1420 in
1597 1367 1843 1434 sapientia
1871 1379 1983 1434 qua:
2011 1364 2069 1431 fit

487 1467 542 1520 in
572 1483 649 1519 ine
676 1465 835 1532 (Dan.
869 1464 924 1518 2.
957 1464 1050 1533 30)
1085 1482 1097 1518 :
1132 1463 1214 1518 his
1244 1462 1420 1516 verbis
1467 1460 1699 1514 maxime
1745 1473 1866 1512 eum
1908 1465 2073 1509 attra-

487 1571 630 1613 ctum
655 1559 716 1612 iri
744 1559 1012 1628 speravit,
1036 1566 1088 1610 et
1117 1555 1168 1610 id
1197 1563 1321 1609 ante
1353 1553 1456 1607 alia
1481 1551 1635 1606 dixit.
1665 1549 1796 1604 Nam
1830 1564 1915 1612 ne,
1941 1562 2069 1615 quo.

489 1651 632 1705 niam
650 1659 698 1705 te
713 1650 891 1704 vocavi
909 1649 1200 1719 principem
1220 1648 1631 1701 incautatorum.
1651 1642 1926 1697 existimes
1955 1639 2073 1693 ideo

492 1756 580 1795 me
607 1740 826 1807 dixisse,
861 1740 1010 1810 quasi
1041 1747 1266 1793 testarer
1297 1737 1397 1789 ista
1432 1751 1522 1803 per
1548 1734 1833 1787 humanam
1866 1730 2076 1799 sapien-

492 1833 620 1888 tiam
646 1833 928 1886 enarrari:
974 1832 1221 1902 princeps
1273 1828 1484 1899 quidem
1533 1841 1589 1881 es
1643 1826 2073 1887 iucantatorum;

495 1926 618 1980 novi
641 1936 821 1979 autem
857 1941 907 1979 te
943 1942 969 1977 a
997 1925 1177 1978 divina
1209 1923 1260 1976 vi
1289 1931 1515 1984 motum,
1546 1919 1723 1973 omnia
1752 1917 1934 1971 dicere
1963 1932 1977 1969 :
2008 1930 2073 1969 ex

496 2030 675 2069 rerum
711 2016 1040 2084 experientia
1077 2015 1322 2085 cognovi.
1353 2013 1420 2067 Et
1443 2028 1591 2066 omne
1624 2008 1952 2079 mysterium,
1993 2006 2078 2059 iu-

498 2109 637 2178 quit,
667 2125 768 2161 non
809 2117 881 2161 est
929 2107 1238 2178 impossibile
1285 2105 1393 2160 tibi.
1439 2102 1752 2172 Hujusmodi
1784 2101 1924 2155 enim
1957 2108 2082 2154 sunt

504 2213 595 2252 res
620 2199 840 2251 divinae.
885 2198 1143 2252 Humana:
1173 2197 1370 2266 quippe
1406 2211 1494 2251 res
1541 2194 1864 2263 imperfectae
1915 2201 2079 2245 sunt:

509 2287 603 2341 Dei
631 2297 807 2342 autem
839 2304 943 2342 non
987 2289 1136 2342 item.
1171 2305 1192 2341 s
1229 2288 1368 2341 Audi
1407 2288 1568 2357 igitur
1595 2287 1854 2339 visionem
1890 2282 2084 2338 somnii

501 2378 630 2442 mei,
661 2377 805 2446 quod
859 2380 995 2444 vidi,
1040 2388 1095 2432 et
1142 2378 1507 2447 conjecturam
1551 2379 1667 2446 ejus
1715 2376 1801 2429 dic
1853 2374 2003 2436 mihi,
2031 2381 2086 2426 et

501 2473 738 2528 visiones
776 2474 966 2543 capitis
993 2475 1095 2528 mei
1129 2475 1179 2527 in
1209 2473 1372 2526 cubili
1404 2486 1544 2526 meo.
1571 2490 1590 2522 ι
1628 2471 1761 2538 Quid
1789 2471 1947 2539 igitur
1978 2470 2083 2523 ait:

505 2561 560 2616 7.
593 2581 611 2614 t
645 2564 924 2631 Videbam,
957 2573 1012 2619 et
1040 2581 1164 2620 ecce
1189 2566 1351 2619 arbor
1391 2565 1444 2618 in
1476 2564 1653 2618 medio
1683 2573 1857 2627 terrm,
1883 2572 1936 2616 et
1967 2562 2088 2614 alti-

508 2659 637 2714 tudo
655 2659 770 2728 ejus
795 2661 959 2714 multa
987 2658 1080 2732 (b).
1109 2660 1160 2713 8.
1182 2660 1512 2729 Magnificata
1542 2668 1624 2714 est
1651 2658 1828 2722 arbor,
1867 2665 1922 2712 et
1945 2660 2096 2711 inva-

509 2753 630 2821 luit,
657 2761 711 2806 et
748 2753 973 2808 altitudo
1030 2752 1145 2820 ejus
1193 2754 1432 2820 pervenit
1464 2765 1629 2821 usque
1668 2749 1734 2803 ad
1782 2748 1970 2803 caelum
1997 2792 2010 2814 ,
2041 2759 2096 2805 et

511 2850 682 2903 moles
713 2848 828 2915 ejus
855 2847 919 2900 ad
950 2846 1209 2900 terminos
1250 2844 1516 2898 universae
1562 2854 1750 2907 terrzc,
1782 2843 1834 2896 9.
1866 2851 1922 2897 et
1969 2843 2094 2896 folia

515 2941 633 3010 ejus
663 2940 911 3009 pulchra,
936 2947 991 2993 et
1027 2939 1232 2992 fructus
1262 2937 1380 3005 ejus
1425 2938 1645 2999 multus,
1679 2943 1734 2988 et
1771 2933 1923 2988 cibus
1975 2933 2097 2987 uni-

516 3046 797 3086 versorum
825 3032 879 3085 iu
903 3045 986 3093 ea,
1016 3039 1068 3084 et
1096 3029 1280 3082 subter
1309 3040 1426 3081 eam
1455 3027 1638 3081 bestiae
1667 3035 1907 3095 agrestes
1928 3025 2096 3096 dege-

510 3121 673 3186 bant,
719 3130 774 3175 et
810 3121 860 3174 in
906 3121 1071 3174 ramis
1121 3119 1238 3187 ejus
1282 3117 1595 3172 habitabant
1638 3133 1766 3172 aves
1811 3116 1928 3171 caeli
1979 3131 2094 3171 :ex

521 3226 584 3264 ea
613 3211 928 3266 vescebatur
955 3211 1131 3265 omnis
1157 3225 1302 3264 caro.
1327 3228 1348 3262 ι
1373 3209 1508 3275 Quid
1539 3209 1638 3263 sibi
1664 3209 1779 3262 vult
1799 3207 1971 3262 visio?
1999 3207 2103 3262 lte-

521 3319 640 3359 rum
668 3304 992 3372 temporaria
1022 3317 1200 3357 rerum
1234 3303 1588 3356 humanarum
1626 3300 1864 3356 conditio
1911 3309 2096 3355 osten-

521 3395 685 3449 ditur.
709 3394 765 3449 ln
794 3409 888 3457 ea,
925 3395 1114 3464 inquit,
1142 3393 1388 3448 volucres
1417 3402 1471 3446 et
1510 3392 1695 3446 bestia:
1726 3391 1911 3445 umbra
1951 3390 2102 3444 fruev

525 3486 744 3549 bantur,
778 3495 832 3541 et
863 3485 1214 3549 habitabant;
1241 3494 1291 3538 et
1322 3485 1450 3552 ipsis
1476 3499 1597 3537 esca
1625 3480 1746 3536 inde
1771 3491 1905 3535 erat.
1934 3480 2104 3549 Impe-

521 3577 663 3632 rium
695 3579 837 3631 illius
865 3577 1026 3643 dicit,
1060 3575 1203 3646 quod
1251 3576 1563 3629 universum
1606 3583 1865 3628 terrarum
1918 3572 2105 3625 orbem

524 3669 820 3723 obtinebat.
848 3669 1002 3723 Prius
1033 3669 1211 3738 itaque
1237 3683 1331 3736 per
1361 3668 1668 3736 imaginem,
1700 3681 1842 3719 nunc
1863 3680 1990 3719 vero
2013 3679 2108 3734 per

523 3760 771 3814 arborem
797 3761 897 3829 ipsi
929 3761 1102 3814 futura
1129 3759 1503 3815 ostenduntur.
1533 3758 1642 3811 Cur
1671 3759 1814 3812 enim
1842 3772 1949 3810 non
1981 3757 2107 3810 mis-

526 3863 620 3902 sus
639 3859 722 3903 est
749 3851 957 3916 Daniel,
985 3852 1074 3918 qui
1104 3850 1218 3904 lucc
1244 3849 1489 3903 diceret?
1510 3849 1643 3916 Quia
1670 3848 1745 3902 sic
1774 3847 1874 3901 [ide
1895 3847 2109 3917 dignior

528 3941 738 3993 titturus
768 3951 884 3994 erat
915 3955 1114 4006 sermo,
1145 3950 1199 3995 ct
1230 3939 1520 3995 terribilior
1539 3980 1553 4004 ,
1586 3941 1746 3994 rebus
1775 3949 1899 3994 ante
1926 3941 2110 3993 oculos

529 4032 795 4100 adductis,
821 4043 880 4089 ut
931 4034 1196 4104 intelligas
1225 4050 1347 4090 eum
1375 4077 1389 4099 ,
1421 4035 1509 4104 qui
1559 4034 1753 4103 plantis
1798 4034 1890 4088 dat
1934 4036 2111 4089 incre-

529 4135 791 4191 mentum,
826 4142 1044 4195 regnum
1077 4127 1304 4181 latenter
1339 4141 1403 4180 ac
1433 4142 1539 4179 non
1567 4125 1926 4180 sentientibus
1958 4126 2111 4181 nobis

531 4217 820 4287 adaugere.
854 4220 941 4273 10.
974 4236 992 4268 ‹
1024 4219 1276 4272 Videbam
1319 4217 1374 4271 in
1394 4218 1600 4272 visione
1645 4218 1815 4271 noctis
1858 4217 1908 4270 in
1951 4217 2113 4271 cubili

529 4326 677 4378 meo,
704 4320 757 4364 et
803 4326 929 4367 ecce
979 4311 1052 4376 Ir,
1083 4319 1139 4364 et
1177 4319 1397 4364 sanctus
1442 4309 1510 4365 de
1558 4310 1693 4363 caelo
1731 4309 2012 4365 descendit
2059 4308 2112 4361 in

533 4404 878 4471 tortitudine;
904 4413 957 4459 et
977 4405 1054 4458 sic
1077 4405 1248 4458 dixit:
1281 4403 1366 4458 11.
1393 4403 1633 4459 Excidite
1663 4405 1934 4470 arborem,
1964 4406 2114 4459 evel-

536 4499 629 4554 lite
659 4511 837 4552 ramos
865 4497 980 4566 ejus
999 4538 1014 4563 ,
1039 4507 1096 4552 et
1125 4499 1358 4553 excutite
1411 4497 1539 4552 folia
1567 4497 1702 4565 ejus,
1735 4507 1790 4552 et
1821 4498 2116 4567 dispergite

535 4591 739 4645 fructus
765 4591 902 4660 ejus.
937 4591 1222 4661 Diffugient
1263 4592 1448 4646 bestiae
1499 4609 1616 4662 qua:
1648 4594 1748 4647 sub
1778 4607 1840 4647 ea
1871 4600 2031 4656 sunt,
2059 4599 2119 4646 et

533 4697 664 4739 aves
703 4683 768 4738 de
811 4684 970 4738 ramis
1001 4685 1136 4754 ejus.
1177 4685 1554 4739 Verumtamen
1604 4700 1821 4751 germen
1873 4683 2115 4739 radicum

537 4775 654 4844 ejus
678 4777 729 4830 in
755 4785 896 4831 terra
921 4777 1080 4833 sinite
1107 4795 1120 4831 :
1151 4785 1205 4832 et
1235 4778 1286 4831 in
1309 4777 1523 4831 vinculo
1553 4777 1732 4832 ferreo
1758 4787 1920 4848 atque
1951 4793 2112 4844 aereo,

539 4881 593 4925 et
621 4872 671 4926 in
697 4872 857 4925 herba
880 4889 999 4942 quae
1027 4873 1156 4928 foris
1180 4883 1284 4939 est,
1311 4883 1362 4930 et
1387 4877 1437 4930 in
1462 4889 1584 4928 rore
1603 4875 1715 4928 caeli
1744 4874 2117 4938 stabulabitur,

535 4974 595 5017 et
618 4978 738 5018 cum
764 4963 951 5018 bestiis
981 4981 1103 5033 pars
1125 4969 1240 5034 ejus
1270 4967 1321 5021 in
1355 4968 1518 5022 herba
1545 4976 1698 5021 terra:
1727 4984 1739 5019 :
1772 4968 1856 5021 i3.
1884 4981 1978 5020 cor
2003 4964 2120 5033 ejus

537 5055 609 5108 ab
664 5054 971 5110 hominibus
998 5057 1434 5121 commutabitur,
1465 5066 1519 5112 et
1547 5072 1640 5111 eor
1682 5055 1868 5111 bestiae
1904 5055 2122 5109 dabitur

539 5153 615 5216 ei,
640 5161 694 5208 et
722 5162 925 5220 septem
949 5159 1189 5220 tempora
1209 5152 1554 5205 mutabuntur
1570 5164 1732 5219 super
1753 5164 1896 5204 eum.
1917 5149 2002 5202 M.
2020 5147 2122 5201 Per

545 5245 907 5313 conjecturam
939 5243 988 5297 lr
1010 5257 1190 5297 sermo
1211 5250 1267 5297 et
1293 5241 1514 5295 verbum
1544 5251 1853 5294 sanctorum
1885 5239 2123 5292 interro-

546 5336 690 5407 gatio
719 5356 733 5390 :
767 5343 823 5390 ut
859 5343 1186 5404 cognoscant
1235 5333 1508 5398 viventes,
1551 5330 1693 5401 quod
1743 5330 1999 5384 Dominus
2043 5337 2127 5384 est

608 5518 685 5580 (α)
711 5515 1044 5580 Theodoretus
1063 5515 1228 5580 hic,__et
1249 5516 1486 5580 Origenes
1506 5512 1590 5580 lib.
1607 5512 1631 5561 1
1647 5510 1712 5558 de
1730 5511 2056 5580 Principiis,__e.
2076 5511 2124 5570 5,

549 5570 806 5640 de'spititu
841 5585 1008 5640 sancto
1046 5570 1415 5640 explicantJta
1455 5577 1503 5624 iu
1539 5570 2124 5640 interpretatioueittius,

549 5632 680 5690 Gen:
698 5640 716 5686 1
737 5677 749 5696 ,
775 5639 830 5697 2,
855 5639 1057 5698 Spiritus
1087 5632 1274 5687 Domini
1294 5635 1533 5699 ferebatur
1557 5632 1703 5697 super
1727 5645 1877 5696 aqum
1897 5667 1911 5692 ,
1935 5632 2127 5681 discre-

553 5713 666 5766 ram
688 5702 839 5750 sane“
864 5709 1028 5766 Patres

612 5764 696 5877 sb)‘
718 5769 815 5813 Non
839 5763 1073 5812 absimilis
1098 5761 1320 5824 Astyagis
1344 5767 1396 5810 et
1419 5757 1597 5809 Xerxis
1627 5767 1811 5807 somnis
1837 5761 1999 5806 retert
2034 5761 2125 5804 tte-

612 5853 613 5864 ι
651 5843 680 5875 0
706 5842 776 5876 US.

555 5842 776 5878 τοί-101118.

1220 419 1277 476 S.
1316 415 1594 474 JOANNIS
1632 399 2108 468 CHRYSOSTOMI
2149 395 2469 453 ARCIIIEP.
2500 396 3038 456 CONSTANTINOP.

3651 412 3774 468 216

2165 512 2458 568 altissimus
2503 514 2693 582 regni,
2727 521 2780 567 et
2819 518 3134 580 cuicumque
3177 509 3348 565 visum
3389 509 3578 574 fuerit,
3610 510 3761 564 dabit

2168 604 2294 658 illud
2318 620 2333 670 ;
2355 614 2410 658 et
2433 604 2573 674 quod
2598 620 2692 672 pro
2719 603 2884 657 nihilo
2907 603 3134 656 habetur
3157 601 3226 656 ab
3247 602 3568 662 hominibus,
3590 602 3762 671 eriget

2167 711 2329 764 super
2369 695 2518 750 illud.
2556 714 2574 748 ι
2610 695 2740 749 Vide
2774 713 2786 748 :
2819 693 2878 748 1r
2927 703 3083 747 vocat
3134 694 3308 746 lumen
3359 708 3609 760 magnum
3636 732 3651 754 ,
3704 699 3763 746 et

2169 786 2508 854 splendorem
2538 791 2634 854 (α).
2666 785 2734 840 Et
2759 795 2963 841 sanctus
2990 801 3016 836 e
3042 786 3165 838 cmlo
3195 784 3467 847 descendit,
3494 793 3541 835 et
3566 783 3766 835 clama-

2168 883 2235 933 vit
2278 881 2330 932 in
2386 881 2710 950 fortitudine,
2762 881 2834 932 ita
2883 888 2941 932 ut
2993 876 3140 930 illum
3182 875 3546 945 perterruerit.
3582 873 3650 926 Et
3687 875 3767 927 sie

2170 969 2300 1022 dixit
2321 984 2340 1022 :
2375 967 2606 1022 Excidite
2633 968 2863 1021 arborem
2885 981 2904 1020 :
2930 975 3272 1020 verumtamen
3301 980 3502 1033 germen
3527 963 3762 1016 radicum

2171 1061 2281 1130 ejus
2306 1061 2359 1112 in
2388 1069 2521 1112 terra
2545 1059 2710 1112 sinite.
2744 1057 2848 1112 Sed
2877 1055 3130 1126 quoniam
3160 1055 3444 1124 plurinmm
3485 1055 3766 1122 corrumpi

2172 1153 2309 1207 solet
2344 1166 2582 1222 germen,
2617 1151 2706 1205 Sic
2732 1151 2911 1214 sinite,
2939 1149 3143 1216 inquit,
3169 1155 3225 1200 ut
3267 1147 3321 1200 in
3362 1146 3564 1200 vinculo
3595 1147 3768 1215 ferreo

2173 1253 2218 1297 et
2243 1258 2394 1296 terea.
2422 1241 2488 1294 Et
2526 1251 2714 1309 septem
2735 1282 2750 1306 ,
2784 1240 2982 1308 inquit,
3012 1248 3236 1308 tempora
3263 1253 3413 1306 super
3453 1253 3567 1290 eum
3599 1247 3770 1289 muta-

2173 1334 2377 1397 buntur,
2407 1342 2455 1386 et
2495 1349 2609 1385 cum
2653 1332 2822 1384 bestiis
2851 1330 3092 1383 habitatio
3125 1331 3250 1399 ejus.
3280 1329 3432 1396 Quod
3473 1331 3616 1382 enim
3653 1327 3772 1382 haec

2175 1426 2244 1481 de
2282 1426 2496 1478 homine
2526 1422 2865 1492 intelligenda
2897 1420 3032 1485 sint,
3066 1420 3339 1474 declarant
3367 1433 3485 1487 qua:
3526 1432 3772 1488 sequun-

2179 1527 2281 1571 tur.
2315 1515 2380 1569 Et
2409 1533 2513 1577 cor,
2545 1516 2740 1583 inquit,
2775 1514 2940 1567 bestia:
2976 1512 3178 1565 dabitur
3219 1513 3284 1564 ei.
3309 1511 3440 1577 Quia
3471 1527 3560 1579 per
3588 1512 3772 1581 conje-

2177 1619 2372 1662 cturam
2402 1606 2456 1660 Ir
2475 1622 2635 1660 sermo
2663 1623 2682 1659 :
2711 1621 2804 1674 per
2825 1620 2884 1659 se
2921 1620 3024 1657 non
3051 1611 3228 1673 potest
3252 1603 3530 1667 illustrari,
3567 1603 3768 1672 inquit;

2180 1697 2275 1754 sed
2298 1699 2590 1766 interprete
2612 1711 2745 1764 opus
2779 1704 2880 1749 est.
2906 1693 2970 1746 Et
2995 1693 3199 1746 verbum
3218 1734 3232 1756 ,
3259 1693 3446 1758 inquit,
3477 1702 3774 1745 sanctorum

2181 1789 2509 1858 interrogatio
2535 1802 2552 1840 :
2581 1797 2634 1841 et
2662 1786 2829 1839 sancti
2873 1793 3120 1853 poterunt
3149 1783 3278 1838 illud
3306 1784 3505 1838 dicere.
3537 1783 3635 1838 Vel
3671 1783 3776 1837 hoc

2183 1879 2353 1943 dicit,
2387 1879 2468 1932 vel
2512 1877 2648 1931 istud
2683 1895 2694 1930 :
2728 1876 2868 1947 quod
2907 1890 3100 1943 nempe
3149 1876 3350 1944 possint
3397 1875 3778 1943 interrogatio-

2186 1986 2306 2025 nem
2329 1969 2572 2030 reddere,
2603 1978 2655 2022 et
2685 1983 2900 2021 causam
2928 1975 3147 2035 propter
3173 1981 3330 2034 quam
3367 1965 3468 2018 ista
3508 1964 3644 2018 ﬁunt
3667 2005 3683 2029 ,
3720 1972 3778 2018 et

2189 2079 2283 2134 per
2311 2063 2711 2133 responsionem
2744 2060 3064 2130 patefactum
3094 2066 3196 2112 est.
3233 2057 3301 2112 Ut
3330 2067 3668 2126 cognoscant,
3698 2057 3782 2111 in-

2187 2156 2335 2225 quit,
2368 2156 2580 2208 viventes
2603 2195 2617 2219 ,
2651 2152 2784 2221 quod
2817 2149 3061 2202 Dominus
3099 2157 3171 2202 est
3197 2149 3472 2202 artissimas
3511 2149 3658 2218 regni
3688 2148 3782 2201 ho-

2191 2248 2404 2300 minum.
2437 2246 2557 2299 llaac
2588 2253 2670 2299 est
2699 2257 2878 2298 causa.
2907 2242 3067 2296 Vides
3103 2251 3159 2295 ut
3189 2242 3330 2296 Deus
3361 2240 3636 2309 provideat
3679 2241 3782 2294 ho-

2191 2338 2458 2392 minibus?
2509 2345 2670 2405 utque
2723 2351 2828 2389 non
2871 2335 3007 2387 intra
3058 2332 3271 2388 Judzros
3314 2333 3624 2386 conclusum
3668 2341 3786 2386 erat

2193 2431 2358 2500 ipsius
2409 2426 2732 2498 imperium?
2764 2429 2851 2482 15.
2882 2444 2900 2477 ι
2939 2426 3050 2480 lloc
3094 2426 3358 2478 somnium
3404 2423 3511 2477 vidi
3553 2438 3655 2493 ego
3689 2438 3784 2477 rex

2250 2625 2326 2686 (α)
2345 2624 2400 2673 In
2411 2622 2876 2686 ϐΐέοορριθησὶννβῖρ
2975 2631 3078 2679 μίγα,
3093 2630 3152 2686 sui
3165 2624 3386 2686 ᾈαμπηδόνι.
3408 2614 3465 2664 In
3483 2615 3611 2686 hunc
3627 2615 3790 2686 locum

2197 2678 2359 2736 notam
2380 2678 2922 2746 sequentem'COtele'rii
2948 2678 3318 2746 e’xScripsituus,
3347 2679 3580 2746 quamvis
3591 2678 3663 2746 ad
3677 2685 3789 2746 tex-

2198 2757 2298 2799 tum
2309 2741 2521 2796 Graecum
2541 2745 2781 2807 praecipue
2800 2743 3082 2807 ordinatam,
3095 2749 3149 2788 ut
3164 2741 3694 2807 quaeipsutnversionis
3714 2744 3793 2787 La-

2199 2812 2313 2859 tina:
2340 2801 2924 2858 lectioni'incumhentem
2942 2805 3113 2865 juvare
3139 2801 3307 2861 pOSSit.
3328 2818 3350 2844 α
3377 2801 3446 2848 lla
3463 2801 3619 2847 suidae
3646 2812 3697 2862 ιῖρ
3716 2807 3794 2849 est

2197 2879 2406 2930 λαμπηδὼν.
2431 2870 2569 2926 Quasi
2593 2870 2641 2916 in
2664 2866 2886 2915 Chaldaeo
2909 2867 3139 2923 scriptum
3165 2870 3316 2920 esset,
3335 2869 3426 2916 ’ττκ
3449 2902 3460 2920 ,
3499 2874 3602 2909 non
3626 2869 3794 2910 autem

2199 2947 2312 2999 Ἶνῖ.
2339 2942 2484 2990 Certe
2523 2947 2566 2987 S.
2603 2937 2861 2998 Gregorius
2893 2937 3100 2983 Nazianz.
3127 2970 3139 2987 ,
3165 2940 3220 2980 ut
3240 2933 3302 2980 de
3327 2932 3432 2979 aliis
3455 2930 3576 2978 nihil
3599 2930 3756 2979 dicam
3776 2965 3792 2989 ,

2202 3011 2405 3073 angelos
2427 3009 2603 3057 lumina
2626 3005 2839 3067 appellat
2860 3006 2906 3051 in
2930 3009 3058 3051 Orat.
3088 3002 3166 3073 40,
3194 3008 3244 3049 et
3265 3001 3342 3049 45.
3370 3001 3444 3073 Ab
3466 3006 3563 3073 me;
3585 3003 3692 3073 Job.
3713 3003 3794 3059 36,

2202 3070 2288 3141 5οξ
2309 3081 2488 3142 legitur
2511 3084 2623 3134 111st
2649 3091 2658 3123 :
2687 3074 2809 3137 apud
2835 3079 2941 3122 Lxx
2967 3072 3189 3133 quardam
3223 3070 3522 3131 exemplaria
3549 3071 3796 3142 habebant

2203 3163 2321 3208 τάξον,
2343 3141 2470 3212 quod
2495 3149 2558 3196 de
2578 3159 2696 3212 arcu
2719 3145 2901 3212 caelesti
2923 3149 3178 3212 espouunt
3197 3142 3361 3212 Graeci,
3386 3149 3440 3212 et
3464 3149 3635 3212 auctor
3659 3141 3796 3212 Gom-

2203 3203 2425 3262 mentarii
2449 3213 2497 3259 in
2520 3210 2690 3257 .tobum
2713 3207 2837 3266 apud
2858 3203 3153 3266 Orige'nenr.
3179 3205 3259 3264 qui
3295 3209 3355 3266 et_
3383 3203 3430 3249 in
3466 3208 3582 3266 Dan.
3611 3203 3674 3259 4,
3703 3205 3761 3253 10
3780 3239 3794 3262 ,

2205 3288 2292 3336 pro
2318 3274 2390 3330 Ir,
2424 3271 2574 3333 legit,
2597 3271 2701 3327 tris,
2734 3263 2795 3315 ab
2815 3273 2911 3322 1m
2928 3263 3098 3330 [unde
3123 3263 3212 3312 Iris
3235 3263 3357 3336 apud
3382 3271 3427 3336 5ἶ
3449 3265 3798 3336 Hieronymum

2205 3333 2300 3394 hic.
2326 3344 2415 3392 Sed
2442 3350 2493 3391 et
2514 3354 2606 3388 vox
2644 3345 2696 3397 tte
2721 3336 3024 3387 restituenda
3059 3344 3135 3384 est
3155 3336 3220 3397 _in
3254 3341 3296 3397 s.
3335 3333 3520 3382 Isidoro
3555 3335 3796 3397 Pelusiota

2207 3405 2518 3466 Epistolarum
2543 3403 2625 3450 lib.
2649 3395 2699 3459 2,
2727 3400 2871 3466 epist.
2900 3398 3007 3466 t7},
3034 3409 3130 3466 quo
3155 3395 3515 3466 loeiinteryres
3539 3395 3798 3466 admodum

2207 3457 2370 3516 suavis
2393 3473 2487 3515 est.
2511 3472 2654 3512 Porro
2677 3457 2901 3509 seniores
2922 3465 3031 3506 LXX
3053 3457 3134 3506 hic
3157 3463 3421 3513 verterant,
3436 3462 3604 3516 ἄγγελον,
3627 3457 3798 3506 cmteti

2209 3539 2394 3591 ιτρήτορον
2410 3526 2644 3591 ,_optime.
2668 3529 2735 3570 De
2758 3534 2953 3591 ιτεηόροις
2963 3520 3134 3591 _omn_ia
3159 3523 3269 3591 no_ta
3296 3524 3413 3591 sunt
3437 3516 3766 3591 exni'hreu._.4
3782 3556 3795 3576 ,

2211 3547 2226 3575 ι
2291 3553 2394 3591 Tages
2410 3568 2421 3585 ,
2443 3547 2644 3588 υμιιιιιῠ.
2669 3547 2735 3570 uc
2758 3547 2794 3582 ιτ
2838 3547 2953 3582 γοροις
2976 3547 3134 3568 usuum
3161 3547 3269 3565 uvw
3301 3547 3413 3565 ουιιι
3437 3547 3502 3565 on
3538 3547 3549 3563 ι
3565 3547 3614 3564 ιιι
3628 3547 3711 3565 cu.
3738 3547 3766 3566 ιιι
3782 3556 3795 3576 ,

2211 3547 2302 3647 1T,
2324 3589 2452 3650 apud
2475 3593 2581 3650 LXX
2599 3620 2614 3644 ,
2640 3592 2778 3650 et_ex
2795 3547 2929 3629 tlibro
2963 3579 3135 3650 tinochi
3157 3613 3170 3636 ,
3207 3577 3471 3639 Ptedagogo
3495 3576 3767 3650 gementis
3783 3615 3798 3640 ,

2209 3639 2369 3707 suida;
2387 3639 2632 3706 Cedreno,
2658 3642 3032 3707 Chronographo
3054 3652 3305 3707 anonymo,
3329 3652 3478 3707 quem
3499 3639 3802 3707 llmschelius

2209 3715 2259 3762 in
2283 3700 2413 3760 notis
2430 3708 2489 3756 ad
2513 3700 2733 3770 origenis
2757 3700 2904 3753 libros
2927 3700 3092 3752 contra
3118 3700 3309 3770 celsum
3328 3701 3470 3770 citat;
3496 3707 3547 3770 et
3568 3713 3632 3749 ex
3651 3703 3802 3770 sacris

2211 3764 2976 3830 ordinationibus'Syrorum,_eum
3000 3764 3343 3830 Maronitarum,
3369 3767 3473 3830 tum
3497 3764 3804 3830 Nestoriano-

2211 3847 2339 3892 rum,
2362 3845 2482 3894 quas
2516 3832 2564 3879 iu
2602 3822 2759 3894 lucem
2797 3826 2952 3894 edidit
2986 3827 3058 3873 vir
3090 3824 3365 3894 linguarum
3399 3822 3713 3894 orientalium
3752 3831 3804 3875 et

2213 3886 2518 3945 historiarum
2542 3890 2974 3940 ecclesiasticarum
2998 3887 3313 3947 peritissimus
3334 3892 3542 3947 Joannes
3567 3886 3802 3947 atorinus,

2215 3957 2271 4004 ad
2296 3944 2433 4018 cujus
2448 3955 2780 4018 adoptationes
2805 3944 3038 4018 lectorem
3061 3948 3367 4018 remittimus.
3391 3944 3481 3992 Sed
3511 3953 3566 3994 et
3587 3945 3686 3995 huc
3710 3948 3804 4018 for-

2215 4030 2301 4065 san
2323 4006 2613 4076 réferendus
2647 4011 2893 4076 estumiris
2915 4008 3068 4057 modis
3102 4013 3355 4076 corruptus
3377 4018 3433 4054 ac
3456 4018 3594 4076 penei
3613 4006 3804 4076 concla-

2217 4084 2374 4126 matus
2411 4075 2546 4124 locus
2585 4076 2632 4122 in
2669 4072 2920 4120 utilissimo
2957 4070 3162 4118 Pastoris
3195 4067 3316 4116 libro
3355 4081 3366 4114 :
3403 4067 3530 4116 Misit
3573 4069 3806 4120 Dominus

2217 4139 2441 4208 angelum
2463 4148 2617 4208 suum,
2644 4133 2726 4208 qui
2747 4138 2814 4181 est
2834 4145 2978 4208 super
3002 4130 3189 4208 bestias,
3215 4128 3295 4178 cui
3315 4140 3489 4208 gomet:
3505 4129 3802 4208 qstHIJegtin.

2217 4186 2331 4259 Quid
2360 4186 2491 4249 enim
2512 4186 2730 4259 sibi'v'ult
2753 4186 2958 4259 monstri
2977 4191 3146 4259 similis
3169 4203 3284 4259 vox,
3308 4189 3490 4251 Hegrin
3512 4186 3536 4237 ?
3568 4186 3771 4239 Hermas
3789 4230 3802 4248 ,

2218 4251 2404 4323 opinor,
2452 4258 2684 4323 angelum
2694 4296 2708 4323 _,
2751 4267 2908 4323 qu_em_
2947 4254 3115 4302 bestiis
3151 4251 3470 4323 praefecerat,
3514 4260 3804 4323 vocaverat,

2219 4311 2431 4385 ιγ’ρήτοροᾷ,
2453 4311 2579 4385 quod
2602 4311 2788 4385 scilicet
2812 4315 3013 4376 legisset
3040 4311 3173 4385 apud
3197 4311 3443 4385 Danielcm
3462 4349 3475 4371 ,
3503 4324 3694 4385 ξτρητέφεδ
3711 4317 3807 4384 .mi-

2219 4371 2430 4431 nis't'erio'
2465 4371 2972 4428 Rabucitodonosorem
3015 4371 3082 4423 ad'
3119 4375 3380 4421 hestiarmn
3421 4371 3608 4422 sortem
3637 4371 3808 4425 'fuisse

2220 4445 2468 4492 redactum
2494 4455 2505 4489 :
2534 4441 2580 4487 id
2604 4448 2768 4487 autem
2804 4439 3008 4484 nominis
3028 4475 3041 4490 ,
3066 4448 3174 4484 cum
3195 4448 3220 4482 a
3241 4433 3536 4494 calligrapho
3571 4446 3808 4494 compen-

2221 4505 2351 4553 diosa
2377 4501 2617 4552 seribendi
2641 4503 2829 4548 ratione
2852 4498 2979 4545 hunc
3019 4499 3068 4545 in
3109 4495 3300 4547 modum
3342 4502 3596 4542 exaratum
3640 4505 3808 4552 esset,

2224 4578 2340 4627 imp.
2365 4564 2636 4627 exscriptor
2659 4559 2799 4617 alter,
2827 4558 2904 4607 vel
2928 4565 3066 4627 certe
3090 4557 3478 4627 interj‘res‘ipse,
3506 4567 3604 4624 non
3629 4555 3811 4627 intelli:

2222 4618 2365 4687 gaii's,
2388 4631 2472 4674 aut
2494 4618 2919 4687 etiamperperam
2942 4619 3133 4679 legens,
3154 4618 3617 4687 mutantia-tteng
3642 4627 3660 4664 :
3682 4618 3808 4687 quod

2223 4639 2365 4687 gens,
2388 4631 2472 4674 aut
2494 4630 2639 4673 etiam
2665 4632 2919 4682 perperam
2942 4630 3133 4679 tegens,
3154 4630 3352 4666 mutavit
3370 4630 3415 4664 tu
3437 4630 3617 4672 ueqrtn
3642 4630 3660 4664 :
3719 4630 3808 4666 nou

2223 4700 2365 4749 quam
2389 4688 2438 4735 in
2465 4683 2658 4749 proclivi
2691 4681 2869 4749 fuerit,
2904 4693 3054 4749 nemo
3095 4668 3574 4749 nonAintelligitaIta
3613 4630 3808 4749 magia],

2223 4736 2366 4811 quam
2389 4736 2515 4810 quod
2537 4743 2790 4811 aliquando
2812 4736 3158 4811 cenjectabatn,
3174 4739 3323 4811 _Evin,
3350 4736 3497 4788 id'est
3514 4773 3543 4811 ,Α
3554 4736 3808 4811 bellut'rtus,

2223 4799 2279 4859 tit
2299 4799 3063 4872 interpretaturtmg_enes'_aom.
3173 4804 3220 4849 in
3246 4809 3490 4849 Numeros.
3520 4801 3630 4871 scio
3654 4799 3812 4872 videri

2224 4872 2367 4920 aliter
2391 4859 2445 4919 iri
2460 4883 2549 4919 suo
2568 4868 2735 4917 codice
2751 4859 3003 4913 "habuisse
3031 4872 3075 4913 s.
3108 4865 3461 4924 Hieronymum,
3485 4862 3568 4923 qui
3594 4862 3645 4909 in
3672 4859 3810 4910 Com-

2225 4933 2464 4982 mentario
2487 4931 2544 4979 ad
2567 4929 2802 4978 Hahaeuci
2836 4927 3220 4988 caputprimum
3256 4924 3321 4971 ita
3362 4924 3578 4988 scribat:
3612 4929 3685 4988 Ea:
3723 4934 3812 4980 quo

2224 4994 2345 5043 liber
2384 4991 2465 5042 itte
2502 4989 2803 5054 apocryplius
2838 4985 3050 5054 stultitim
3085 4985 3470 5054 condemnandus
3505 4989 3576 5032 est
3609 4994 3627 5030 :
3650 4985 3702 5029 in
3723 4994 3814 5054 quo

2226 5055 2457 5118 scriptum
2471 5043 3064 5118 est',queindam_angetmn
3084 5046 3272 5118 nombte
3301 5044 3411 5108 tyri
3433 5043 3812 5118 Γερρέ-

2230 5103 2370 5166 libu's.
2399 5122 2452 5178 Et
2577 5103 2700 5178 hanc
2724 5103 3534 5178 similitudinem_piscib_tts:guoque
3549 5103 3810 5178 et‘arbori-

2227 5163 2382 5229 tota
2583 5171 2816 5234 immersis
2849 5170 3069 5234 proprios
3090 5163 3145 5218 sit
3174 5163 3673 5234 eustodihm'tmgelos
3695 5163 3813 5234 assi-

2322 5225 2417 5289 t'os.
2435 5225 2747 5286 Verum’haee
2768 5225 2913 5282 leciio
2939 5225 3068 5280 forte
3104 5232 3263 5279 sanior
3287 5241 3381 5277 non
3415 5231 3492 5289 est
3527 5225 3711 5289 priore.
3739 5225 3810 5289 An

2251 5283 2652 5364 éEi'ﬁdssa',’
2665 5336 2684 5364 ,_
2699 5293 2796 5352 vel,
2813 5307 2960 5364 οηειιυν,
2981 5293 3105 5364 adeo
3121 5300 3174 5341 ut
3189 5291 3236 5364 id
3257 5283 3811 5364 staminisfeferaturﬁd

2229 5320 2329 5364 legi
2385 5320 2520 5357 05811,
2533 5320 2675 5358 δῆμον,
2702 5320 2796 5352 νει,
2813 5320 2852 5352 οη
2877 5320 2960 5351 ων,
2981 5320 3104 5341 «sucu
3124 5320 3174 5341 ut.
3192 5320 3236 5340 ιυ
3261 5320 3464 5360 nuntiata
3486 5320 3498 5333 -
3513 5320 3612 5358 ‘1...-
3623 5320 3723 5358 ...εδει
3754 5320 3811 5356 τι.

2229 5320 2422 5423 reptilia
2439 5396 2454 5420 ,
2496 5373 2611 5423 non
2629 5358 2689 5405 ad
2729 5320 2955 5418 angelum
2969 5354 3208 5423 dicunt
3240 5351 3386 5423 docti.
3413 5355 3663 5423 summam
3701 5359 3811 5423 quis

2231 5405 2747 5486 δῑεςειιε
2764 5405 2918 5486 ,ἒὶοξη-
2949 5405 3020 5486 .ίὲ
3057 5416 3115 5486 in.
3141 5405 3558 5486 rediisses.
3581 5405 3809 5486 lie-11°

2231 5467 2498 5545 iir'iﬁéibiis;
2520 5467 2680 5542 cépf‘s
2698 5519 2710 5535 ,
2736 5477 2879 5545 alludi
2904 5477 2963 5524 ad
2987 5473 3248 5545 Ezechielis
3264 5467 3650 5545 .prophetiasAde

2231 5529 2540 5596 biié'iitiiiér'
2568 5529 2746 5588 annoto
2771 5553 2783 5587 :
2812 5541 3030 5599 primum
3051 5545 3159 5593 est,
3198 5529 3458 5599 origen'em
3492 5535 3630 5577 Hom.
3668 5529 3729 5578 11
3764 5529 3808 5599 in

2231 5592 2494 5661 numeros,
2527 5603 2589 5651 2-5
2619 5604 2666 5650 in
2692 5592 2911 5656 Josu'am,
2938 5598 3041 5662 et_8
3064 5599 3113 5646 in
3136 5595 3430 5662 Jeremiam,
3447 5602 3734 5662 respexisse
3752 5592 3809 5662 ad

2231 5653 2384 5716 verba
2408 5653 2625 5713 Pastoris.
2650 5653 2915 5710 Secundum
2934 5699 2946 5718 ,
2973 5659 3033 5705 ab
3057 5653 3660 5718 accusatione‘ttieronymi
3677 5653 3809 5702 facil-

2233 5712 2414 5778 limum
2431 5725 2535 5774 fore
2570 5732 2789 5772 Hermae]
2811 5712 3084 5770 defendere
3105 5757 3118 5775 ,
3143 5719 3184 5766 si
3219 5728 3345 5778 nunc
3368 5712 3415 5762 id
3439 5712 3704 5778 ageremus
3720 5751 3734 5776 ,
3757 5719 3808 5763 et

2233 5773 2682 5840 nis-i—eidiverticmo
2713 5785 2760 5833 in
2786 5785 2907 5833 viam
2931 5781 3071 5829 nobis
3093 5773 3224 5829 esset
3245 5773 3564 5827 redeundum.
3598 5790 3623 5820 υ
