4016 6478
186 477 304 532 215

187 584 346 656 φησί.
376 585 517 656 Ὅρα
545 584 686 639 πόσα
709 585 985 656 τεκμήρια
1025 582 1117 637 τοῦ
1143 583 1299 656 {223]
1330 584 1575 654 βελτίονα
1613 586 1777 638 αὐτὸν

186 688 350 747 εἶναι.
374 694 701 762 Βαλτάσαρ
726 697 758 748 ό
779 696 980 763 ἅρχων
1003 693 1120 746 τῶν
1141 694 1455 751 ἐπαοιδῶν.
1478 695 1548 748 ὃν
1565 697 1776 763 ἔγνων,

187 800 281 853 ὅτι
313 800 558 870 πνεῦμα
602 800 751 855 Θεοῦ
777 801 949 870 ἅγιον
969 802 1040 855 ἐν
1060 802 1181 855 σοί.
1228 803 1285 854 '0
1317 800 1559 870 βελτίων,
1585 803 1613 854 ὁ
1642 803 1778 853 πάν-

188 925 297 962 των
324 907 606 978 κρείττων,
655 906 730 960 ὃν
774 906 891 978 ἐγὼ
925 908 1176 978 ἔγνωκα.
1214 908 1331 959 ’Ὶνα
1364 908 1472 979 γὰρ
1506 908 1579 978 μὴ
1619 900 1778 959 πάλιν

194 1020 276 1079 εἰς
309 991 556 1087 ἀνάγκην
586 1017 906 1088 καταστήσῃ
942 1016 1035 1069 τοῦ
1066 1018 1257 1069 εἰπεῖν’
1289 1015 1397 1069 Καὶ
1429 1015 1544 1085 ἐγὼ
1571 1015 1639 1067 δὲ
1666 1017 1776 1068 οὐκ

188 1126 263 1179 ἐν
282 1126 470 1195 σοςοίᾳ
497 1124 571 1193 τῇ
596 1126 754 1193 οὔσῃ
785 1125 853 1178 ἐν
876 1124 1025 1193 ἐμοί’
1059 1124 1236 1195 τούτῳ
1269 1128 1505 1194 μάλιστα
1539 1123 1778 1176 ἐπισπά-

193 1234 394 1287 σασθαι
429 1233 592 1288 αὑτὸν
624 1234 1021 1305 προσεδόκησεν
1043 1274 1057 1300 ,
1095 1234 1189 1287 καὶ
1227 1232 1382 1287 τοῦτο
1417 1232 1524 1305 πρὸ
1550 1231 1659 1284 τῶν
1683 1230 1777 1283 διλ-

190 1344 298 1395 λων
330 1336 498 1395 εἶπεν.
533 1341 622 1413 Μὴ
652 1343 778 1415 γὰρ,
807 1342 995 1413 ἐπειδὴ
1022 1343 1260 1413 ἄρχοντα
1300 1339 1454 1395 εἷπον
1487 1338 1776 1402 ὲπαοιδῶν,

191 1448 420 1521 νομίσῃς
447 1448 534 1501 διὰ
573 1448 729 1501 τοῦτό
759 1465 828 1518 με
856 1450 1134 1519 εἰρηκέναι
1172 1449 1246 1513 ὡς
1282 1448 1659 1519 μαρτυροῦντα
1686 1448 1779 1500 ἀν-

194 1555 441 1625 θρωπίνῃ
474 1556 633 1626 σοφία
665 1556 835 1609 ταῦτα
875 1556 1126 1624 λέγεσθαι
1153 1574 1166 1586 ο
1211 1556 1393 1626 ἄρχων
1426 1557 1524 1626 μὲν
1568 1550 1619 1607 εἷ
1668 1553 1776 1605 τῶν

200 1666 487 1718 ὲπαοιδῶν·
523 1663 637 1719 οἴδα
662 1666 719 1719 δὲ
742 1670 822 1721 ὅτι
853 1669 955 1721 ὑπὸ
978 1670 1125 1733 θείας
1151 1670 1433 1738 δυνάμεως
1459 1668 1774 1738 κινούμενος

194 1775 408 1828 ἅπαντα
430 1775 625 1844 λέγεις·
647 1776 817 1845 ἔγνων
841 1778 927 1830 διὰ
954 1778 1051 1847 τῆς
1076 1777 1270 1847 πείρας
1288 1777 1396 1830 τῶν
1416 1776 1773 1848 πραγμάτων.

192 1885 305 1939 Καὶ
355 1884 480 1940 πᾶν
530 1886 902 1955 μυστήριον,
936 1886 1106 1956 φησὶ,
1157 1888 1267 1939 οὐκ
1320 1886 1607 1940 ἀδυνατεῖ
1654 1903 1773 1940 σοι.

194 1992 432 2046 Τοιαῦτα
462 1994 561 2063 μὲν
584 1994 651 2046 τὰ
682 1994 817 2049 θεῖα.
854 1993 935 2046 Td
963 1994 1060 2064 μὲν
1093 1994 1200 2064 γὰρ
1230 1993 1547 2064 ἀνθρώπινα
1588 1994 1773 2063 ἀτελῆ·

191 2101 261 2153 τὰ
291 2101 348 2153 δὲ
377 2100 470 2155 τοῦ
502 2101 635 2154 Θεοῦ
672 2101 877 2155 οὐκέτι.
930 2103 1231 2157 Ἄκουσον
1272 2098 1386 2156 οὖν
1420 2102 1536 2170 τὴν
1558 2102 1765 2170 ὅρασιν

192 2207 303 2260 τοῦ
326 2208 617 2261 ἐνυπνίου
644 2226 785 2277 μου,
820 2204 891 2264 οὗ
919 2204 1087 2263 εἶδον
1107 2248 1124 2275 ,
1175 2210 1273 2263 καί
1308 2210 1423 2278 τὴν
1454 2211 1780 2280 σύγκρισιν

192 2314 383 2368 αὑτοῦ
424 2315 553 2369 εἰπέ
598 2334 721 2385 μοι,
773 2318 1017 2383 καὶτὰς
1049 2319 1292 2387 δράσεις
1340 2316 1452 2386 τῆς
1504 2316 1779 2386 κεφαλῆς

188 2438 312 2490 μου
330 2422 429 2476 ὲπί
450 2422 560 2492 τῆς
586 2425 792 2493 κοίτης
811 2443 949 2495 μου.
978 2426 1042 2478 Τί
1074 2422 1166 2480 οὖν
1193 2443 1356 2497 φησιν
1380 2446 1393 2494 ;
1433 2428 1770 2496 Ἐθεώρουν,

194 2530 295 2583 καὶ
318 2530 449 2584 ἰδοὺ
485 2530 737 2600 δένδρον
760 2534 830 2587 ἐν
854 2534 1023 2603 μέσῳ
1068 2534 1177 2603 τῆς
1207 2534 1340 2605 γῆς,
1387 2536 1486 2589 καὶ
1528 2536 1591 2589 τὸ
1620 2536 1776 2605 ὕψος

195 2636 385 2691 αὑτοῦ
412 2639 590 2693 πολύ.
626 2640 1034 2710 Ἔμεταλύνθη
1059 2641 1125 2694 τὸ
1145 2640 1398 2709 δένδρον
1414 2643 1510 2696 καί
1530 2643 1634 2711 ίσχ
1644 2659 1773 2709 υσε,

196 2741 301 2795 καί
328 2742 395 2795 τὸ
433 2743 592 2811 ὕψος
620 2745 805 2799 αὑτοῦ
844 2746 1109 2815 ἔφθασεν
1161 2746 1273 2813 ἕως
1326 2748 1433 2802 τοῦ
1476 2749 1772 2818 οὐρανοῦ,

196 2851 297 2903 καί
329 2850 395 2903 τὸ
425 2853 603 2917 κύτος
628 2854 814 2907 αὑτοῦ
838 2857 925 2920 είς
947 2858 1019 2909 τὰ
1040 2855 1265 2921 πέρατα
1281 2856 1484 2924 πάσης
1507 2858 1617 2927 τῆς
1644 2859 1773 2928 γῆς,

199 2958 301 3012 καί
331 2958 401 3013 τὰ
429 2960 634 3027 φύλλα
660 2961 843 3015 αὑτοῦ
880 2961 1083 3028 ὡραῖα,
1112 2961 1211 3013 καί
1264 2964 1297 3014 ό
1332 2962 1560 3028 καρπὸς
1591 2963 1777 3016 αὑτοῦ

198 3068 417 3133 πολὺς,
453 3067 550 3120 καί
570 3066 758 3136 τροφὴ
790 3068 1031 3121 πάντων
1058 3069 1129 3122 έν
1155 3067 1335 3133 αὐτῷ,
1364 3070 1463 3122 καί
1498 3070 1778 3125 ὑποκάτω

195 3175 384 3229 αὑτοῦ
421 3174 841 3241 κατεσκήνουν
884 3177 957 3230 τὰ
990 3177 1165 3244 θηρία
1195 3176 1271 3230 τὰ
1314 3176 1524 3247 ἄγρια,
1571 3179 1667 3231 καί
1709 3178 1778 3230 έν

196 3284 324 3351 τοῖς
356 3283 599 3350 κλάδοις
640 3283 825 3338 αὑτοῦ
864 3283 1172 3349 κατῴκουν
1208 3285 1281 3339 τὰ
1314 3284 1491 3354 ὄρνεα
1525 3285 1630 3339 τοῦ
1674 3288 1777 3340 οὑ-

188 3394 407 3463 ρανοῦ·
429 3394 498 3459 ἐξ
517 3394 701 3448 αὑτοῦ
730 3393 1006 3462 ἐτρέφετο
1030 3392 1199 3448 πᾶσα
1222 3394 1379 3463 σάρξ
1386 3435 1399 3448 .
1438 3384 1503 3446 Τί
1528 3394 1777 3474 θούλεται

197 3507 231 3575 ἡ
258 3503 414 3573 Mdg;
442 3504 609 3559 Πάλιν
630 3504 689 3557 τὸ
718 3504 1045 3575 πρόσκαιρον
1074 3505 1350 3557 δείκνυται
1380 3503 1488 3556 τῶν
1520 3504 1779 3574 πραγμά-

196 3630 309 3666 των
335 3611 445 3665 τῶν
469 3610 844 3683 ἀνθρωπίνων.
877 3611 959 3665 Τὰ
985 3612 1224 3677 πετεινὰ,
1260 3612 1415 3681 φησὶ,
1456 3612 1550 3664 καὶ
1580 3612 1651 3664 τὰ
1682 3612 1776 3682 θηο

200 3721 295 3792 ρία
318 3722 376 3773 ὲν
408 3721 557 3790 αὐτῴ
585 3722 742 3784 σκιᾶς
786 3720 1075 3788 ἀπέλαυον,
1108 3720 1203 3775 καὶ
1234 3721 1411 3791 ᾤκουν
1431 3738 1444 3753 ·
1479 3721 1573 3773 καὶ
1606 3721 1778 3792 τροφὴ

197 3828 383 3891 αὐτοῖς
407 3827 615 3881 ἐκεῖθεν
644 3824 732 3895 ἦν.
789 3828 899 3899 Τὴν
950 3829 1125 3900 ἀρχὴν
1175 3827 1339 3881 αὑτοῦ
1366 3828 1546 3897 -λέγει,
1598 3830 1779 3882 πᾶσαν

200 3935 535 4006 ἐπισχοῦσαν
586 3937 685 4006 τὴν
731 3938 1074 4008 οἰκουμένην.
1111 3937 1383 4009 Πρότερον
1430 3938 1527 4007 μὲν
1572 3933 1665 3990 οὖν
1710 3938 1777 3991 δι’

198 4046 429 4109 εἰκόνος,
458 4044 552 4099 νῦν
593 4045 650 4098 δὲ
678 4045 768 4098 διὰ
792 4046 1009 4116 δένδρου
1038 4046 1312 4099 δείκνυται
1347 4044 1496 4115 αὺτῷ
1523 4045 1593 4098 τὰ
1638 4046 1779 4115 πρά-

198 4170 409 4223 γματα.
441 4154 540 4207 Διὰ
579 4153 630 4205 τί
661 4158 771 4225 γὰρ
808 4153 883 4224 μὴ
916 4153 1126 4223 ἔπεμψε
1175 4154 1265 4206 τὸν
1308 4153 1505 4224 Δανιὴλ
1552 4154 1779 4223 ὲροῦντα

197 4263 411 4327 ταῦτα;
445 4263 568 4317 Ὅτι
611 4261 784 4326 οὕτως
823 4262 1265 4333 ἀξιοπιστότερος
1302 4263 1330 4316 ό
1373 4262 1526 4331 λόγος
1554 4262 1780 4333 ἔμελλεν

198 4372 439 4438 ισεσθαι,
470 4373 562 4426 καὶ
586 4370 974 4443 φοϐερώτερος,
1021 4373 1111 4425 ὑπ’
1143 4372 1264 4441 ὄψιν
1296 4371 1403 4425 τῶν
1438 4372 1779 4444 πραγμάτων

197 4483 504 4553 ἀγομένων,
533 4484 619 4536 ἵνα
650 4482 827 4553 μάθῃς
856 4484 936 4536 ὅτι
962 4485 990 4536 ό
1016 4482 1195 4547 αὔξων
1224 4483 1292 4535 τὰ
1319 4482 1481 4551 φυτὰ,
1511 4476 1665 4545 οὗτος
1688 4485 1781 4535 καὶ

197 4593 300 4664 τὴν
333 4591 609 4662 βασιλείαν
651 4592 1044 4656 λανθανόντως,
1082 4593 1175 4645 καὶ
1211 4592 1312 4645 οὐκ
1348 4592 1566 4645 εἰδότων
1598 4590 1776 4662 ἡμῶν.

213 4700 534 4768 Ἐθεώρουν
562 4701 632 4753 ἐν
658 4700 905 4769 ὁράματι
933 4700 1045 4769 τῆς
1065 4701 1286 4766 νυκτὸς
1312 4700 1409 4753 ἐπὶ
1442 4699 1552 4768 τῆς
1574 4702 1781 4767 κοίτης

192 4827 338 4879 μου,
369 4809 468 4862 καὶ
494 4809 621 4863 ίδοὺ
643 4808 751 4877 εῑρ,
798 4808 893 4862 καί
934 4809 1100 4877 ἅγιος
1140 4809 1240 4863 ἀπ’
1266 4808 1528 4876 οὐρανοῦ
1562 4808 1779 4877 κατέϐη

197 4920 269 4971 ἐν
297 4914 494 4982 ἰσχὺτι
512 4954 527 4981 ,
542 4914 636 4969 καί
653 4913 835 4980 οὕτως
848 4912 1033 4971 εἶπεν·
1066 4916 1399 4985 Ἐκκόψατε
1419 4917 1482 4970 τὸ
1506 4917 1777 4985 δένδρον,

197 5022 476 5075 ἐκτίλατε
499 5022 641 5087 τοὺς
664 5022 931 5088 κλάδους
969 5024 1176 5088 αὑτοῦ,
1214 5025 1311 5077 καί
1338 5024 1683 5087 ἐκτινάξατε
1709 5024 1782 5077 td

199 5129 411 5197 φύλλα
457 5129 683 5195 αὑτοῦ,
732 5131 831 5185 καί
880 5130 1347 5198 διασκορπίσατε
1395 5133 1500 5184 τὸν
1551 5133 1783 5199 καρπὸν

199 5236 410 5291 αὐτοῦ.
446 5238 921 5299 Σαλευθήτωσαν
951 5240 1021 5293 τὰ
1050 5241 1227 5307 θηρία
1266 5241 1649 5295 ὑποκάτωθεν
1678 5244 1782 5293 αὑ-

201 5345 331 5409 τοῦ,
366 5347 461 5400 καί
498 5348 569 5400 td
588 5348 762 5415 ὄρνεα
791 5350 905 5402 ἀπὸ
939 5348 1057 5400 τῶν
1095 5348 1330 5401 κλάδων
1362 5349 1565 5403 αὐτοῦ.
1610 5350 1782 5416 Πλὴν

201 5459 321 5525 τὴν
347 5457 513 5526 φυὴν
538 5457 652 5510 τῶν
668 5459 841 5525 ῥιζῶν
868 5458 1052 5513 αὑτοῦ
1098 5461 1167 5512 ἐν
1202 5461 1275 5528 τῇ
1302 5460 1378 5528 τῇ
1408 5461 1645 5513 ἐάσατε·
1682 5461 1780 5514 καί

200 5572 272 5626 ἐν
302 5568 502 5639 δεσμῷ
530 5568 753 5637 σιδηρῷ
783 5570 876 5622 καὶ
912 5571 1137 5638 χαλκῷ,
1168 5570 1263 5623 καί
1298 5572 1365 5623 ἐν
1393 5572 1465 5639 τῇ
1513 5573 1663 5640 χλόῃ
1707 5572 1780 5639 τῇ

276 5859 301 5887 ⁸
327 5852 513 5913 Supple
534 5852 726 5905 κατέϐη.
752 5853 828 5899 καί
851 5852 1085 5911 ἐφώνησεν
1109 5852 1155 5897 ἐν
1174 5852 1319 5915 ἰσχύϊ,
1337 5858 1388 5901 ul
1407 5852 1616 5901 habetur
1640 5849 1762 5902 infra

511 5924 776 5982 ΡΑτιιοι..
820 5919 937 5977 (in.
986 5916 1139 5975 LVI.

1570 469 1634 523 IN
1675 466 2041 524 DANIELEM.

3342 490 3459 549 216

1878 584 2013 649 ἔξω,
2048 586 2144 639 καί
2163 587 2234 639 ἐν
2255 584 2327 654 τῇ
2359 584 2559 653 δρόσῳ
2586 585 2692 640 τοῦ
2720 583 2979 653 οὐρανοῦ
3002 584 3454 647 αὑλιτθήσεται,

1878 698 1975 748 καὶ
1996 696 2147 764 μετὰ
2182 692 2302 746 τῶν
2320 694 2539 761 θηρίων
2564 695 2602 762 τ’,
2626 694 2796 762 μερίς
2832 693 3018 748 αὑτοῦ
3062 694 3130 746 ἐν
3154 690 3233 755 τῷ
3263 694 3458 759 χόρτῳ

1876 804 1985 872 τῆς
2010 805 2140 873 γῆς’
2170 805 2209 871 ἡ
2244 804 2457 872 καρδιά
2485 805 2671 858 αὑτοῦ
2702 804 2820 858 ἀπὸ
2845 802 2965 856 τῶν
3002 802 3326 870 ἀνθρώπων
3347 802 3456 855 άλ-

1874 914 2283 981 λοιωθήσεται,
2308 912 2408 966 καί
2438 912 2649 980 καρδία
2677 913 2885 980 θηρίου
2915 910 3230 976 δοθήσεται
3271 908 3455 973 αὐτῷ.

1876 1024 1973 1074 καὶ
2006 1020 2155 1075 ἑπτὰ
2204 1020 2393 1088 καιροί
2444 1020 2903 1088 ἀλλαγήσονται
2958 1020 3050 1072 ἐπ’
3096 1020 3300 1071 αὐτόν.
3354 1020 3457 1070 Διά

1875 1132 2280 1200 συγκρίιαιτος
2328 1130 2417 1198 εἳρ
2460 1132 2493 1182 ὁ
2542 1130 2763 1197 λόγος,
2811 1128 2910 1181 καὶ
2951 1126 3116 1197 ῥῆμα
3157 1128 3340 1196 ἁγίων
3389 1126 3452 1177 τὸ

1876 1241 2240 1308 ἐπερώτημα,
2301 1240 2401 1291 ἵνα
2450 1235 2675 1307 γνῶσιν
2721 1239 2777 1289 οἰ
2833 1234 3075 1298 ζῶντες,
3127 1233 3215 1286 ὅτι
3241 1232 3453 1297 Κύριός

1874 1348 2045 1403 ἐστιν
2077 1352 2109 1401 ό
2132 1348 2388 1414 ὕψιστος
2415 1345 2524 1413 τῆς
2546 1342 2891 1408 βασιλείας,
2932 1341 3029 1394 καὶ
3063 1334 3110 1405 ᾧ
3132 1340 3241 1392 ἐὰν
3277 1339 3450 1403 δόξῃ,

1874 1457 2051 1511 δώσει
2078 1455 2310 1520 αὐτὴν,
2354 1454 2451 1509 καί
2508 1452 2879 1518 ἐξουθένημα
2929 1446 3258 1513 ἀνθρώπων
3311 1445 3453 1497 ἀνα-

1875 1564 2093 1633 στήσει
2116 1562 2208 1615 ἐπ’
2235 1561 2449 1629 αὑτήν.
2480 1561 2642 1629 "Opa-
2674 1560 2837 1628 φησὶν
2867 1556 2969 1624 Εἳρ
3000 1554 3115 1622 φῶς
3155 1551 3316 1623 μέγα,
3360 1549 3453 1601 καὶ

1874 1670 2208 1742 λαμπηδόνα.
2246 1669 2355 1721 Καὶ
2390 1667 2556 1736 ἅγιος
2598 1668 2699 1721 ἀπ’
2747 1663 3006 1732 οὐρανοῦ
3063 1661 3300 1725 κατέϐη,
3354 1655 3451 1709 καί

1872 1777 2191 1848 ἐφώνησεν
2224 1774 2374 1847 [224]
2399 1776 2469 1828 ἐν
2503 1775 2675 1843 ίσχὺτ
2697 1814 2712 1836 ,
2746 1773 2884 1825 ὥστε
2931 1770 3118 1823 τοῦτον
3164 1764 3449 1833 ἐκπλῆξαι.

1874 1885 1985 1940 Καὶ
2004 1884 2192 1948 οὕτως
2209 1878 2397 1935 εἶπεν⁶
2436 1881 2759 1947 Ἐκκόψατε
2781 1876 2845 1929 τὸ
2865 1874 3135 1943 δένδρον,
3156 1871 3323 1938 πλὴν
3339 1876 3451 1936 τὴν

1874 1992 2040 2063 φυὴν
2059 1989 2177 2044 τῶν
2188 1987 2373 2057 ῥιζῶν
2388 1987 2572 2041 αὑτοῦ
2586 1988 2655 2040 έν
2670 1982 2743 2053 τῇ
2758 1982 2833 2053 τῇ
2853 1982 3086 2036 ἐάσατε.
3107 1980 3242 2032 Ἀλλ’
3266 1978 3449 2047 ἐπειδὴ

1876 2100 2191 2173 φθείρεσθαι
2216 2098 2404 2152 εἴωθεν
2437 2098 2470 2168 ἡ
2506 2096 2613 2168 φυὴ
2648 2095 2927 2157 πολλάκις.
2967 2090 3139 2153 οὕτως
3181 2089 3447 2145 Ἔάσατε,

1875 2212 2029 2280 φησὶ,
2053 2211 2125 2275 ὡς
2163 2209 2233 2261 ἐν
2258 2204 2459 2276 δεσμῷ
2489 2201 2713 2271 σιδηρῷ
2758 2205 2857 2256 καί
2889 2199 3116 2269 χαλκῷ.
3154 2198 3259 2252 Καὶ
3303 2194 3451 2249 ἑπτὰ

1875 2322 2086 2389 καιροί,
2122 2319 2276 2389 φησὶ,
2316 2316 2409 2369 ἐπ’
2456 2314 2645 2369 αὑτὸν
2675 2310 3145 2379 ἀλλαγήσονται,
3179 2306 3275 2359 καί
3302 2302 3453 2374 μετὰ

1874 2429 1992 2483 τῶν
2024 2428 2241 2496 θηρίων
2285 2427 2324 2494 ὴ
2364 2424 2714 2489 κατοίκησις
2759 2420 2965 2475 αὑτοῦ.
3003 2420 3124 2471 Ὅτι
3169 2418 3276 2486 γὰρ
3324 2416 3452 2486 περὶ

1874 2536 2159 2609 ἀνθρώπου
2189 2533 2360 2587 ταῦτα
2393 2529 2481 2604 ἦν,
2508 2530 2577 2585 τὰ
2609 2529 2811 2600 ὕστερα
2842 2527 3106 2598 ἐδήλωσεν
3173 2524 3280 2586 Kal
3314 2540 3451 2591 καρ-

1874 2646 1990 2708 δία,
2009 2646 2161 2715 φησί,
2182 2645 2390 2713 θηρίου
2412 2641 2735 2711 δοθήσεται
2754 2636 3064 2703 αὐτῷ.”οτι
3084 2636 3186 2688 Διά
3207 2635 3453 2704 συγκρί-

1868 2770 2055 2821 ματος
2078 2752 2104 2791 ¹³
2139 2750 2228 2819 εἳρ
2258 2753 2290 2804 δ
2315 2750 2518 2818 λόγος’
2557 2744 2781 2799 αὐτόθεν
2825 2745 2886 2796 οὐ
2931 2741 3152 2801 δυνατὸς
3185 2738 3456 2807 φωτισθῆ-

1873 2884 1981 2927 ναι,
2016 2867 2171 2933 φησὶ,
2223 2863 2357 2916 ἀλλὰ
2400 2863 2482 2914 δεῖ
2522 2861 2616 2913 τοῦ
2666 2859 3078 2929 ὲρμηνεύοντος.
3129 2854 3234 2909 Καὶ
3263 2852 3451 2923 ῥῆμα,

1875 2973 2026 3042 φησί,
2077 2970 2259 3038 ἁγίων
2302 2969 2369 3022 τὸ
2411 2967 2777 3035 έπερώτημω
2813 2964 2904 3017 καὶ
2945 2965 3090 3031 ἆγιοι
3141 2964 3455 3031 δυνήσονται

1873 3079 2031 3136 τοῦτο
2062 3079 2255 3131 εἰπεῖν.
2287 3078 2358 3129 Ἦ
2386 3077 2545 3129 τοῦτο
2571 3074 2742 3142 λέγει,
2768 3073 2802 3144 ἢ
2840 3074 3033 3135 ἐκεῖνο,
3068 3072 3150 3123 ὃτι
3191 3068 3287 3139 τὴν
3319 3067 3455 3137 ἐρώ-

1872 3208 2030 3263 τησιν
2068 3189 2275 3255 δοῦναι,
2322 3188 2416 3241 καὶ
2444 3186 2540 3257 τὴν
2570 3184 2769 3250 αἰτίαν,
2809 3184 2874 3236 δι’
2922 3182 2988 3252 ἢν
3023 3180 3194 3233 ταῦτα
3229 3179 3452 3247 γίνεται,

1875 3301 1969 3354 καὶ
2006 3298 2092 3352 διὰ
2121 3295 2467 3367 ἀποκρίσεως
2500 3290 2793 3361 ἐφωτίσθη.
2832 3289 2955 3343 Ἵνα
2984 3286 3190 3355 γνῶσι,
3228 3285 3381 3356 φησὶ,
3402 3287 3455 3337 οί

1874 3406 2103 3470 ζῶντες,
2157 3405 2246 3457 ὅτι
2298 3403 2514 3469 Κύριός
2552 3401 2722 3452 ἐστιν
2766 3400 2797 3450 ό
2854 3397 3112 3463 ὕψιστος
3144 3392 3251 3459 τῆς
3281 3394 3455 3455 βασι-

1874 3515 2042 3579 λείας
2060 3510 2179 3565 τῶν
2200 3509 2547 3577 ἀνθρώπων.
2575 3507 2723 3575 Αὕτη
2744 3507 2778 3576 ἠ
2798 3504 2965 3557 αἰτία.
3002 3503 3163 3573 Ὁρᾷς
3184 3501 3300 3565 πῶς
3319 3518 3456 3572 προη

1877 3623 1987 3674 νοεῖ
2014 3619 2119 3673 τῶν
2166 3617 2467 3690 ἀνθρώπων
2509 3619 2538 3669 ὁ
2578 3616 2745 3679 Θεόςς
2780 3614 2897 3676 πῶς
2931 3612 3031 3666 οὐκ
3063 3614 3140 3676 είς
3174 3611 3456 3674 Ἰουδαίους

1879 3726 2265 3796 συγκέκλειστο
2319 3720 2483 3778 αὑτοῦ
2530 3724 2564 3792 ἡ
2607 3722 2784 3792 ἀρχή;
2830 3719 3006 3772 Τοῦτο
3053 3716 3119 3769 τὸ
3170 3717 3457 3769 ἐνύπνιον

1876 3840 2039 3895 εἶδον
2065 3838 2177 3905 ἐγὼ
2214 3840 2247 3891 ό
2296 3834 2595 3900 ,ϐασιλεὺς
2656 3828 3209 3898 Ναϐουχοδονόσορ,
3239 3829 3335 3880 καί
3376 3828 3457 3881 σὺ

1875 3946 2198 4011 Βαλτάσαρ
2234 3944 2533 4011 σύγκριμα
2572 3937 2721 4002 εἰπὲ,
2770 3937 2859 3989 ὅτι
2910 3936 3131 4003 πάντες
3192 3938 3245 3989 οί
3279 3936 3460 4004 σοφοί

1878 4052 1987 4122 τῆς
2033 4049 2357 4117 ,ϐασιλείας
2388 4064 2507 4116 μου
2566 4046 2638 4098 οὺ
2696 4043 2980 4096 δύνανται
3038 4043 3102 4095 τὸ
3165 4042 3462 4111 σύγκριμα

1876 4159 2063 4215 αὑτοῦ
2097 4156 2368 4226 δηλῶσαί
2401 4171 2524 4223 μοι.
2566 4154 2650 4207 Σὺ
2691 4152 2759 4205 δὲ
2796 4152 3074 4215 δύνασαι,
3100 4150 3187 4202 ὅτι
3225 4150 3462 4218 πνεῦμα

1880 4270 2027 4325 Θεοῦ
2081 4270 2249 4337 ἅγιον
2280 4267 2349 4320 ἑν
2414 4265 2536 4318 σοί.
2568 4264 2689 4315 Ὅτι
2736 4260 2958 4324 πάντες
3019 4261 3073 4313 οί
3129 4260 3306 4326 σοφοί
3350 4257 3460 4323 τῆς

1874 4381 2196 4445 βασιλείας
2232 4393 2351 4444 μου
2399 4376 2472 4427 οὐ
2536 4373 2840 4425 δύνανται.
2881 4369 3034 4440 Ιᾘδει
3089 4368 3245 4419 τοῦτο
3300 4366 3461 4419 πάλιν

1880 4488 2165 4558 εὐφραῖνον
2198 4483 2290 4537 τὸν
2327 4481 2542 4550 Δανιὴλ,
2584 4479 2647 4532 τὸ
2684 4479 2890 4539 πάντας
2932 4475 3260 4546 ὁμολογῆσαι
3299 4474 3463 4543 ἡττῆ-

1883 4597 2029 4655 σθαι,
2059 4596 2118 4647 οὐ
2153 4593 2239 4646 διὰ
2272 4594 2370 4662 τὴν
2404 4589 2565 4643 αὐτοῦ
2609 4588 2787 4654 δόξαν,
2836 4585 2974 4640 ἀλλὰ
3006 4585 3094 4637 διὰ
3123 4584 3181 4637 τὸ
3225 4584 3323 4652 τὴν
3362 4581 3457 4634 τοῦ

1879 4706 2013 4759 Θεοῦ
2053 4704 2280 4773 δύναμιν
2330 4698 2698 4771 κηρύττεσθαι
2743 4697 2927 4750 πάλιν.
2964 4695 3045 4748 Σὺ
3082 4693 3149 4746 δὲ
3178 4693 3457 4749 δύνασαι,

1882 4816 2034 4886 φησί,
2069 4812 2215 4867 εἰπέ.
2256 4811 2352 4863 Διὰ
2383 4811 2466 4873 τί;
2492 4811 2621 4861 ’Ότι
2639 4806 2873 4873 πνεῦμα
2905 4802 3051 4857 Θεοῦ
3081 4802 3151 4854 ἐν
3178 4799 3297 4853 σοί.
3320 4800 3462 4867 Ὅρα.

1880 4927 2127 4978 ἐντεῦθεν
2156 4925 2479 4994 ἀρχόμενον,
2512 4920 2605 4972 καὶ
2636 4916 2885 4969 ὲντεῦοεν
2912 4914 3168 4984 λήξαντα.
3216 4913 3283 4965 Τὸ
3328 4911 3463 4964 δέν-

1880 5034 2043 5101 δρον,
2079 5033 2109 5085 ὃ
2141 5028 2319 5096 εἶδες,
2362 5028 2428 5081 τό
2453 5023 2833 5095 μεγαλυνθὲν
2866 5024 2964 5077 καί
2988 5023 3054 5076 τὸ
3087 5023 3359 5091 ίσχυκὸς,
3387 5014 3459 5073 οὗ

1882 5140 1947 5193 td
1985 5140 2140 5206 ὕψος
2168 5138 2433 5204 ἔφθασεν
2461 5135 2548 5198 εἰς
2582 5132 2690 5184 τὸν
2736 5130 3011 5197 οὐρανὸν,
3049 5129 3144 5182 καὶ
3173 5129 3237 5181 τὸ
3283 5129 3464 5191 κύτος

1883 5247 2066 5301 αὑτοῦ
2097 5249 2183 5310 εὶς
2223 5244 2430 5296 πᾶσαν
2469 5241 2583 5307 τὴν
2629 5238 2767 5308 γῆν,
2800 5240 2897 5291 καί
2927 5238 2999 5291 τὰ
3038 5239 3242 5305 φύλλα
3274 5235 3460 5287 αὑτοῦ

1884 5354 2130 5418 εὐθαλῆ,
2171 5353 2267 5405 καὶ
2317 5354 2349 5404 ό
2387 5349 2614 5415 καρπὸς
2650 5348 2835 5401 αὑτοῦ
2875 5348 3088 5411 πολὺς,
3124 5347 3218 5399 καί
3274 5345 3459 5411 τροφὴ

1883 5458 2069 5518 πᾶσιν
2094 5464 2163 5515 ἐν
2192 5458 2350 5523 αὐτῷ
2369 5477 2381 5489 ο
2416 5456 2688 5511 ὑποκάτω
2708 5457 2895 5510 αὑτοῦ
2918 5455 3162 5519 κατῴκει
3194 5455 3262 5507 τὰ
3288 5454 3463 5521 θηρία

1942 5724 1972 5763 ὶ)
1996 5725 2083 5771 Διὰ.
2107 5723 2435 5786 συγκρίματος.
2466 5720 2533 5769 Ex
2558 5719 2781 5786 Chaldaeo
2813 5717 3101 5786 vgrlendum
3128 5722 3249 5785 qrat,
3268 5727 3352 5786 ρει·
3375 5713 3465 5763 de-

1880 5794 2103 5835 cretum:
2133 5776 2293 5832 se'd'S'.
2337 5785 2707 5839 (‘.hrysoslomus
2748 5784 2807 5825 de
2851 5776 3256 5838 inlerprelulionu
3303 5777 3461 5824 lucum

1883 5842 2090 5909 accopii,
2118 5854 2171 5894 ut
2198 5854 2247 5895 cl
2265 5846 2314 5896 S.
2346 5846 2556 5894 Isidorus
2580 5842 2628 5891 in
2652 5840 2860 5901 epistola
2882 5853 2987 5888 mox
3013 5840 3215 5886 laudata.

3012 5910 3081 5969 ib.
