4016 6468
192 493 307 548 217

200 588 717 651 Nabuchodonosor;
743 599 790 642 et
812 597 862 641 tu
885 587 1138 654 Baltasar,
1164 587 1516 656 conjecturam
1536 586 1636 648 die,
1657 587 1776 655 quia

199 698 389 736 omnes
415 682 682 750 sapientes
707 681 852 749 regni
893 681 992 734 mei
1021 693 1124 734 non
1167 689 1388 750 possunt
1423 679 1777 748 conjecturam

197 773 601 841 ejusdeelarare
628 771 862 826 tnihi.Tu
883 781 1055 825 autem
1082 783 1251 840 potes,
1281 771 1399 840 quia
1429 771 1652 840 Spiritus
1681 770 1774 823 Dei

197 875 416 919 sanctus
439 866 490 917 in
520 874 568 918 te
601 865 819 917 habitat.
850 864 980 930 Quia
1003 877 1186 916 omnes
1217 864 1483 932 sapientes
1507 863 1654 931 regni
1677 863 1779 916 mei

198 969 318 1007 non
343 966 585 1023 possunt.
630 973 648 1004 ι
695 953 924 1008 Noverat
950 953 999 1006 id
1032 954 1219 1006 iterum
1263 953 1440 1006 laetitia
1473 952 1778 1007 aiIecturum

201 1045 516 1110 Dmiielem;
552 1060 737 1098 omnes
764 1044 967 1097 scilicet
1012 1044 1254 1097 conﬁteri
1302 1058 1360 1098 se
1387 1045 1554 1097 victos
1597 1043 1776 1105 fuisse,

198 1151 305 1190 non
342 1145 560 1203 propter
583 1135 803 1204 gloriam
832 1149 1002 1196 suam,
1022 1133 1114 1187 sed
1146 1142 1202 1186 ut
1220 1133 1310 1187 Dei
1338 1142 1570 1202 potestas
1599 1149 1781 1186 rursus

199 1224 603 1293 praedicaretur.
652 1223 732 1276 Tu
775 1233 958 1286 autem,
1009 1223 1197 1292 inquit,
1233 1234 1389 1292 potes,
1419 1224 1517 1275 die.
1561 1223 1671 1287 Qua
1713 1223 1780 1276 de

197 1318 399 1372 causa?
433 1318 567 1384 Quia
611 1316 838 1384 Spiritus
881 1315 977 1369 Dei
1018 1317 1070 1368 in
1099 1325 1143 1369 te
1170 1326 1258 1370 est.
1289 1317 1418 1370 Vide
1469 1318 1589 1370 hinc
1632 1317 1778 1370 illum

199 1409 458 1477 incipere,
488 1416 541 1462 et
572 1407 641 1460 ibi
672 1407 938 1461 desinere.
984 1407 1070 1459 17.
1105 1425 1123 1455 ί
1160 1407 1350 1472 Arbor,
1379 1421 1534 1475 quam
1579 1406 1773 1470 vidisti,

199 1499 286 1552 illa
334 1497 668 1567 magniﬁcata
715 1506 768 1551 et
804 1496 1166 1561 corroborata,
1199 1495 1348 1564 cujus
1390 1496 1609 1550 altitudo
1654 1511 1774 1564 per-

196 1591 346 1643 venit
387 1590 436 1641 in
475 1589 681 1651 caelum,
715 1597 767 1641 et
801 1587 968 1641 moles
998 1589 1110 1656 ejus
1139 1587 1189 1640 in
1221 1588 1516 1641 universam
1549 1597 1773 1641 terram:

197 1683 286 1735 18.
319 1690 372 1734 et
415 1680 538 1733 folia
582 1680 695 1748 ejus
737 1679 1011 1742 ﬂorentia,
1057 1686 1110 1732 et
1155 1679 1354 1731 fruetus
1397 1679 1510 1747 ejus
1556 1679 1772 1740 nmltus,

195 1783 250 1826 et
274 1786 394 1825 esca
422 1771 666 1823 omnibus
696 1770 746 1823 in
769 1784 829 1823 ea
860 1787 872 1820 τ
905 1770 1087 1823 subter
1117 1785 1232 1822 eam
1263 1769 1571 1824 habitabant
1594 1771 1776 1825 bestiae:

194 1873 457 1932 agrestes.
482 1871 536 1914 et
567 1861 616 1912 in
645 1860 806 1914 ramis
835 1860 949 1927 ejus
978 1860 1238 1928 degebant
1258 1861 1498 1914 volucres
1522 1861 1656 1926 cadi,
1686 1861 1771 1915 19.

196 1963 248 2005 tu
298 1968 376 2014 es,
410 1966 440 2002 ο
469 1966 595 2013 rex;
642 1950 761 2019 quia
805 1947 1168 2018 magnificatus
1210 1965 1267 2003 es
1307 1961 1359 2004 et
1409 1951 1693 2015 invaluisti,
1723 1961 1776 2005 et

194 2042 506 2110 magnitudo
539 2051 622 2093 tua
666 2041 997 2110 magniﬁcata
1029 2049 1130 2103 est,
1168 2052 1221 2094 et
1248 2042 1491 2110 pervenit
1515 2057 1679 2110 usque
1723 2042 1772 2095 in

193 2135 405 2194 Caium,
441 2141 492 2184 et
523 2131 814 2184 dominatio
858 2138 945 2184 tua
990 2131 1042 2183 in
1080 2131 1336 2185 terminos
1380 2142 1553 2185 terrai.
1583 2131 1672 2186 20.
1707 2132 1775 2185 Et

193 2225 335 2293 quod
371 2224 498 2277 vidit
528 2240 617 2277 rex
661 2223 730 2289 lr,
759 2232 813 2278 et
840 2234 1080 2278 sanctum
1108 2225 1514 2280 descendentem
1547 2242 1576 2281 e
1603 2228 1768 2292 emlo;

190 2325 248 2369 ct
279 2315 446 2366 dixit:
479 2313 702 2368 Evellite
728 2315 996 2378 arborem,
1025 2323 1078 2368 et
1107 2317 1326 2370 evertite
1353 2318 1492 2370 illam
1522 2333 1535 2371 :
1563 2334 1772 2371 verum-

197 2414 373 2456 tamen
419 2419 634 2471 germen
687 2403 922 2457 radicum
965 2404 1081 2472 ejus
1123 2405 1175 2459 in
1220 2415 1360 2460 terra
1405 2409 1579 2471 sinite,
1625 2417 1679 2462 et
1720 2409 1769 2461 in

194 2496 410 2547 vincalo
444 2496 614 2548 ferreo
641 2503 696 2548 et
720 2510 879 2559 :ereo,
910 2504 965 2551 et
1003 2497 1054 2550 in
1088 2496 1250 2552 herba
1279 2514 1396 2567 qua:
1439 2498 1564 2552 foris
1593 2508 1693 2562 est,
1720 2508 1774 2553 et

193 2585 246 2636 in
298 2599 418 2636 rore
448 2585 561 2637 caeli
606 2586 973 2653 stabulabitur,
1001 2598 1055 2642 et
1093 2603 1211 2642 cum
1258 2589 1437 2644 bestiis
1479 2592 1771 2659 agrestibus

194 2691 317 2742 pars
366 2677 500 2742 ejus,
550 2676 720 2730 donec
770 2688 971 2745 septem
1020 2689 1256 2747 tempora
1295 2691 1561 2733 mutentur
1613 2697 1770 2751 super

192 2781 311 2818 eum
333 2783 344 2817 :
369 2764 458 2817 2|.
490 2765 589 2818 hoc
617 2776 697 2820 est
726 2767 1028 2835 conjectura
1059 2768 1192 2836 ejus,
1224 2784 1256 2822 ο
1286 2785 1400 2832 rex,
1431 2778 1483 2823 et
1509 2773 1764 2824 sententia

190 2854 451 2908 Altissimi
495 2862 598 2917 est,
638 2872 754 2924 qua:
805 2858 1045 2924 pervenit
1091 2873 1248 2926 super
1277 2858 1546 2912 dominum
1594 2877 1766 2914 meum

191 2959 376 3013 regem
412 2961 422 2995 :
455 2944 544 2996 22.
593 2956 644 2998 et
685 2955 735 3000 te
773 2947 1039 3016 expellent
1080 2949 1146 3002 ab
1194 2948 1526 3016 hominibus,
1557 2961 1608 3005 et
1649 2967 1767 3006 cum

192 3038 381 3091 bestiis
409 3038 508 3091 erit
539 3037 794 3093 habitatio
828 3048 948 3102 tua;
998 3051 1049 3095 et
1079 3040 1221 3096 ramo
1249 3051 1307 3096 ut
1331 3039 1516 3097 bovem
1556 3053 1770 3112 pasceut

192 3137 265 3191 te,
305 3138 361 3182 et
400 3145 428 3181 a
475 3145 594 3183 rore
621 3130 736 3183 caeli
768 3131 995 3200 tiugetur
1032 3147 1226 3200 corpus
1275 3142 1440 3197 tuum,
1473 3143 1525 3188 et
1566 3144 1766 3204 septem

194 3231 438 3289 tempora
478 3223 821 3276 mutabuntur
847 3239 1003 3292 super
1028 3234 1097 3289 te,
1128 3225 1297 3280 donec
1325 3229 1460 3281 scias
1485 3228 1624 3296 quod
1669 3228 1768 3281 do-

192 3311 430 3363 minatur
452 3312 751 3365 Altissimus
784 3312 835 3364 in
865 3329 1081 3382 regnum
1106 3315 1397 3378 hominum,
1423 3328 1476 3372 et
1495 3319 1578 3372 cui
1601 3319 1768 3373 visum

192 3399 356 3453 fuerit
385 3400 531 3453 dabit
562 3402 710 3454 illud.
756 3403 844 3457 25.
891 3405 958 3457 Ει
995 3407 1115 3474 quia
1154 3407 1325 3461 dixit:
1359 3409 1524 3464 Sinite
1554 3426 1768 3479 germen

193 3491 433 3543 radicum
458 3493 664 3546 arboris
697 3511 708 3544 :
744 3510 961 3564 regnum
993 3506 1136 3552 tuum
1169 3500 1261 3553 tibi
1293 3503 1545 3568 manebit,
1577 3519 1643 3558 ex
1666 3520 1771 3572 quo

191 3584 512 3649 cognoveris
562 3593 877 3652 potestatem
909 3588 1193 3643 caelestem.
1231 3609 1249 3642 ι
1283 3593 1416 3658 Quid
1463 3595 1617 3662 igitur
1663 3596 1770 3648 ait?

190 3687 298 3740 quo
333 3683 484 3739 pacto
506 3677 819 3730 calamitatis
844 3679 1035 3733 solutio
1059 3683 1362 3751 continget?
1386 3685 1472 3742 24.
1503 3706 1520 3736 «
1555 3687 1772 3756 Propter

191 3760 316 3822 hoc,
351 3778 462 3823 rex,
497 3765 776 3819 consilium
805 3784 981 3822 meum
1028 3771 1231 3839 placeat
1284 3775 1408 3838 tibi;
1458 3787 1509 3830 et
1556 3789 1768 3845 peccata

191 3861 280 3904 tua
322 3853 374 3903 in
406 3853 758 3924 eleeiuosynis
789 3859 1009 3924 redime,
1037 3871 1088 3913 et
1114 3862 1414 3931 iniquitates
1444 3876 1556 3920 tuas
1587 3870 1634 3919 in
1667 3870 1766 3922 mi-

189 3941 550 3996 serationibus
581 3959 866 4012 pauperum
887 3947 1244 4019 (a).Forsitan
1274 3956 1374 4007 erit
1403 3957 1768 4026 longanimitas

193 4032 406 4085 delictis
438 4034 560 4085 tuis.
605 4053 621 4084 ›
651 4035 785 4102 Quid
825 4038 924 4102 ais,
954 4038 1194 4094 Forsitan
1232 4045 1367 4096 erit?
1412 4057 1465 4099 et
1496 4049 1768 4104 medicina:

198 4123 297 4175 vim
337 4124 435 4177 sub
460 4125 676 4179 dubium
711 4129 974 4196 quoddam
1006 4135 1319 4190 constituis?
1348 4137 1460 4191 Non
1493 4152 1766 4209 propterea

190 4215 323 4280 dixi,
356 4214 614 4278 Forsitan,
652 4234 822 4288 neque
850 4222 1117 4289 dubitans,
1147 4226 1303 4292 absit,
1335 4229 1429 4283 sed
1455 4230 1528 4284 illi
1572 4244 1766 4287 metum

189 4308 435 4360 incutere
465 4308 667 4372 volens,
701 4325 762 4363 ac
792 4312 834 4364 si
863 4326 1018 4381 supra
1042 4329 1252 4370 onmem
1285 4320 1540 4374 medelam
1568 4334 1621 4377 et
1651 4340 1765 4378 oui-

191 4413 315 4450 nein
357 4398 563 4452 veniam
607 4413 898 4468 peccasset.
926 4404 1055 4459 Nam
1092 4407 1137 4460 si
1166 4409 1324 4463 etiam
1363 4423 1636 4481 postquam
1670 4417 1768 4470 hoc

193 4487 269 4538 illi
297 4487 496 4540 dictum
531 4488 648 4555 fuit,
678 4492 728 4544 in
761 4493 961 4547 insania
1006 4505 1182 4550 tamen
1227 4503 1515 4568 permansit
1546 4520 1558 4558 :
1604 4507 1768 4561 multo

188 4576 359 4644 magis
397 4577 439 4629 si
472 4579 672 4647 absque
701 4582 1041 4649 ambiguitate
1089 4603 1265 4642 sermo
1315 4589 1515 4646 fuisset.
1559 4593 1765 4650 Etenim

191 4661 244 4714 id
273 4679 482 4732 quoque
515 4667 637 4720 alibi
665 4670 776 4722 vult
811 4671 974 4736 Deus,
995 4688 1113 4727 cum
1143 4691 1238 4744 per
1264 4680 1571 4748 prepbetam
1599 4683 1762 4740 dicit:

191 4752 253 4807 Si
275 4754 456 4806 laveris
484 4756 536 4806 in
567 4759 719 4823 nitro,
741 4763 990 4814 maculata
1011 4781 1060 4816 es
1077 4782 1245 4819 coram
1268 4785 1365 4836 me,
1385 4771 1503 4824 dicit
1523 4772 1766 4829 Dominus

190 4843 325 4912 (Jer.
359 4843 410 4897 2.
445 4846 556 4916 22).
593 4848 657 4900 Et
684 4849 871 4902 iterum
901 4869 914 4902 :
939 4854 1010 4906 {Si
1048 4856 1256 4909 mutabit
1284 4859 1526 4930 Ethiops
1565 4865 1762 4930 pellem,

189 4945 236 4986 et
258 4935 449 5003 pardus
478 4939 741 4992 varietates
767 4956 884 4994 suas
924 4942 1056 5010 (Jer.
1088 4947 1173 4999 15.
1201 4945 1315 5014 25).
1340 4948 1489 5003 Sicut
1518 4952 1674 5020 igitur
1696 4954 1762 5007 ibi

190 5024 425 5079 excludit
451 5029 835 5099 paenitentiam,
869 5048 972 5086 non
1021 5044 1076 5088 ut
1105 5037 1366 5103 excludat,
1389 5040 1480 5094 sed
1513 5052 1567 5094 ut
1598 5045 1764 5112 magis

191 5115 434 5170 homines
462 5127 654 5171 terreat
682 5137 694 5172 :
730 5120 798 5174 ita
826 5131 880 5176 et
923 5123 1009 5178 hic
1036 5128 1218 5180 volens
1245 5131 1525 5186 ostendere
1556 5135 1760 5202 magni-

191 5206 429 5260 tudinem
475 5224 657 5262 eorum
689 5225 807 5278 quas
840 5227 1169 5283 peccaverat,
1214 5219 1373 5285 dixit,
1405 5221 1641 5277 Forsitan
1665 5225 1760 5296 (b).

254 5354 327 5433 (α)
365 5359 584 5405 Memoria
620 5357 798 5433 laliitur
822 5368 1280 5433 Nosteritomiliain
1306 5371 1537 5420 Psalmum
1559 5375 1619 5424 95
1638 5414 1649 5433 ,
1678 5377 1759 5425 ubi

190 5415 552 5488 bieictamqua‘m
576 5420 632 5467 ad
658 5421 939 5471 Baltasarem
964 5425 1089 5474 dicta
1115 5415 1316 5488 profert;
1332 5415 1547 5481 Error—em
1561 5415 1762 5486 "minimi;

179 5471 512 5551 Ehry'soslomi
547 5491 783 5551 sequutus
807 5491 898 5551 est
934 5471 1760 5551 Joannes—

180 5533 506 5609 Ξξιζξιίιβιξὶίξι,
548 5533 846 5609 Continentia
881 5551 939 5609 _et
962 5533 1411 5609 VirginitateJT-neve

180 5594 856 5667 PhiladeIphiaimctt‘opolita
881 5604 962 5654 lib.
991 5609 1018 5655 5
1041 5594 1758 5667 ὄᾱέἑὲιῖεῖηὲιῖᾗεῗνᾸιιῐέἙίιῖὶ

181 5671 274 5735 nues
296 5661 423 5735 ide-Im
455 5661 725 5735 scripserat
738 5669 968 5735 Origenes
988 5669 1034 5715 in
1060 5674 1216 5735 Matth.
1245 5675 1303 5721 26
1321 5661 1335 5729 ξ
1349 5661 1758 5735 *6',“¢u$f‘(iioiiii-

186 5718 462 5796 (iamuillam
485 5723 535 5770 in
552 5718 800 5796 'l'sttlrnttnt
815 5718 884 5776 ’95
908 5740 996 5776 non
1016 5742 1115 5780 esse
1139 5718 1757 5796 L‘Itry—sostoinidimidius-in

186 5779 362 5847 Manilo
380 5778 454 5830 ad
466 5787 725 5847 eamdem.)

249 5840 322 5903 (ὁ)
359 5847 518 5907 Longe
555 5840 795 5897 aliterue
835 5851 1034 5899 Danielis
1065 5855 1224 5904 verbis
1259 5861 1407 5908 sensit
1441 5868 1481 5907 5.
1521 5864 1758 5912 Salvianus

1619 470 1682 524 ΙΝ
1725 469 2087 524 ΒΑΝΙΕΙΕΜ.

3354 487 3465 543 218

1891 584 2057 650 Quam
2088 594 2263 638 autem
2302 584 2370 639 ob
2400 599 2609 642 causam
2654 603 2755 643 non
2784 589 2916 645 dixit
2947 610 2960 643 ι
2995 589 3269 650 lluniilitet
3300 592 3367 648 de
3412 604 3462 646 to.

1885 676 2058 738 senti;
2094 675 2256 728 Deum
2294 679 2558 745 agnosce?
2583 679 2714 733 Nam
2744 681 2788 735 si
2838 691 3051 751 prepter
3077 683 3179 738 boc
3221 684 3318 738 ista
3367 700 3458 753 pa-

1885 766 2030 830 titur,
2058 774 2190 820 utet
2219 766 2332 835 ipse
2362 768 2455 834 ait,
2498 784 2659 838 quare
2687 771 2786 824 alia
2816 772 3154 828 adhortaris?
3201 774 3360 840 Dixit,
3396 775 3462 830 Ut

1883 866 2186 925 cognoscant
2205 857 2339 926 quod
2369 858 2655 913 dominatur
2675 860 2959 916 Altissimus
2988 865 3038 917 in
3066 881 3274 935 regnum
3301 866 3465 920 Itami-

1884 961 2024 997 num.
2054 946 2186 1012 Quid
2233 948 2400 1016 ergo?
2445 959 2504 1003 ut
2547 950 2634 1003 alii
2674 953 3044 1020 emendentur,
3091 970 3189 1025 ego
3235 957 3464 1025 punior?

1885 1034 2042 1090 Nullo
2071 1037 2230 1092 modo
2265 1057 2276 1091 :
2308 1038 2400 1093 sed
2431 1039 2483 1092 in
2531 1045 2737 1096 somnio
2761 1043 2993 1111 quidem,
3025 1061 3144 1100 cum
3175 1063 3277 1101 non
3305 1049 3464 1105 vellet

1884 1136 2067 1194 aperte
2097 1144 2206 1182 rem
2239 1131 2544 1198 ostendere,
2575 1132 2708 1186 dixit
2733 1151 2744 1186 :
2781 1133 2846 1188 Ut
2875 1148 3176 1206 cognoscant
3213 1141 3463 1196 viventes:

1886 1216 2066 1272 Daniel
2097 1229 2272 1273 autem
2299 1221 2408 1274 ait:
2446 1220 2614 1275 Donec
2654 1234 2705 1276 tu
2741 1241 3032 1294 cognoscas,
3066 1230 3198 1296 quod
3227 1231 3464 1284 domina-

1885 1320 1966 1363 tur
1999 1312 2282 1365 Altissimus
2309 1315 2361 1367 in
2386 1332 2594 1384 regnum
2622 1315 2902 1383 hominum,
2932 1328 2979 1371 et
3008 1320 3093 1372 cui
3123 1323 3281 1374 visum
3312 1325 3461 1392 fuerit

1883 1401 2020 1454 dabit
2059 1403 2210 1454 illud.
2237 1401 2394 1456 Vides
2428 1405 2694 1472 quomodo
2725 1406 2808 1460 hic
2844 1408 2912 1462 de
2953 1409 3252 1465 humilitate
3278 1413 3453 1466 disse-

1882 1490 2090 1544 ruerit?
2137 1494 2205 1545 At
2234 1493 2285 1546 in
2323 1494 2530 1547 somnio
2554 1496 2787 1564 quidem,
2823 1497 3008 1568 inquit,
3040 1501 3138 1554 hoc
3164 1502 3454 1557 remedium

1881 1581 2077 1640 dictum
2109 1594 2190 1637 est
2223 1601 2235 1637 :
2277 1599 2373 1653 ego
2414 1595 2590 1639 autem
2639 1597 2692 1641 et
2719 1588 2859 1643 aliud
2886 1589 3066 1644 utier-0.
3093 1593 3454 1658 Quemadmo-

1881 1672 2004 1726 dum
2032 1673 2245 1741 quando
2273 1675 2434 1728 iratus
2459 1685 2540 1729 est
2570 1679 2928 1747 magistratus,
2971 1697 3061 1750 pse
3089 1683 3299 1752 quidem
3329 1685 3458 1739 nihil

1879 1762 2100 1830 dixerit,
2135 1764 2467 1820 familiarium
2512 1775 2687 1821 autem
2747 1769 2888 1824 illius
2938 1773 3150 1840 quidam
3201 1775 3459 1830 accedens

1879 1852 1943 1906 ad
1971 1869 2119 1907 reum
2167 1854 2350 1908 dicet:
2401 1856 2511 1910 Hoc
2559 1856 2658 1922 fac,
2688 1867 2740 1911 et
2787 1856 2920 1923 hoc;
2972 1861 3037 1914 da
3088 1866 3359 1932 pecunias,
3405 1876 3459 1920 et

1879 1959 2042 2014 smpe,
2078 1953 2135 1999 ut
2162 1947 2426 2015 possimus
2454 1948 2660 2017 eripere
2691 1957 2742 2003 te
2769 1949 2835 2004 ab
2875 1951 3302 2020 impendentibus
3344 1971 3456 2008 ma-

1879 2035 1960 2088 lis.
1991 2037 2081 2090 28.
2120 2055 2138 2088 ι
2185 2037 2316 2091 Cum
2349 2037 2521 2092 adhuc
2570 2055 2745 2093 sermo
2787 2052 2927 2095 esset
2957 2045 3008 2096 in
3039 2058 3132 2098 ore
3161 2047 3319 2114 regis,
3353 2062 3452 2101 vox

1878 2128 1944 2181 de
1969 2129 2103 2182 caelo
2130 2127 2266 2182 facta
2288 2138 2402 2182 est:
2433 2129 2550 2184 Tibi
2577 2131 2789 2197 dicitur,
2813 2132 3302 2192 Nabuchodonosor
3327 2154 3451 2193 rex:

1877 2233 2097 2287 regnum
2139 2226 2284 2271 tuum
2332 2220 2539 2273 transiit
2564 2235 2591 2272 a
2623 2232 2694 2287 te,
2733 2223 2820 2277 ﬁt).
2855 2233 2905 2277 et
2937 2225 3003 2279 ab
3036 2225 3338 2282 hominibus
3361 2244 3454 2283 ex-

1880 2311 2075 2377 pellent
2113 2319 2184 2376 te,
2214 2321 2266 2364 et
2294 2326 2411 2365 cum
2439 2313 2620 2368 bestiis
2664 2316 2763 2369 erit
2791 2315 3045 2372 habitatio
3077 2328 3183 2383 tua,
3216 2329 3269 2375 et
3307 2319 3454 2375 fama

1878 2411 1937 2454 ut
1964 2402 2154 2456 bovem
2181 2403 2429 2457 cibabunt
2460 2413 2511 2458 te
2543 2422 2556 2458 :
2586 2414 2639 2459 et
2662 2416 2866 2476 septem
2899 2417 3136 2478 tempora
3171 2411 3453 2466 mutabun-

1877 2499 1962 2544 tur
1987 2507 2148 2560 super
2178 2502 2249 2557 te,
2281 2492 2451 2547 donec
2478 2509 2766 2564 cognoscas
2799 2497 2922 2565 quia
2965 2497 3268 2553 dominatur
3291 2499 3453 2555 Altis-

1875 2581 2041 2634 simus
2067 2597 2230 2650 regno
2263 2582 2553 2647 hominum,
2573 2595 2625 2638 et
2653 2586 2737 2638 cui
2758 2587 2926 2641 visum
2955 2587 3114 2643 fuerit
3136 2588 3280 2644 dabit
3301 2591 3447 2644 illud.

1875 2756 1957 2828 lib.
1983 2760 2135 2828 primo
2156 2759 2216 2806 ad
2239 2758 2493 2828 Feelesiam
2517 2758 2805 2828 Catholicam
2832 2762 3140 2828 :Hogipsum
3163 2763 3291 2828 quod
3314 2767 3450 2826 dicit,

1876 2823 2099 2890 ttat-sitan,
2124 2832 2257 2890 spem
2280 2819 2594 2890 indicat,_non
2625 2820 2857 2890 ﬁduciam
2879 2819 3145 2890 pollicetur.
3163 2819 3244 2890 _i€_a:
3268 2841 3358 2890 quo
3381 2819 3452 2878 in;

1879 2879 2028 2944 telligi
2045 2887 2212 2950 potest,
2235 2892 2380 2950 quam
2411 2879 2725 2950 diﬁcilejam
2742 2885 2790 2950 in
2813 2879 3210 2950 supremispositi
3232 2879 3449 2950 peccato-

1875 2951 1952 3009 t'es
1975 2940 2180 3014 Qualibet
2202 2940 2527 3014 muniﬁceniia
2557 2940 2627 3014 ad
2645 2940 2904 3014 per/iectarit
2926 2940 3268 3014 indulgentiam
3287 2964 3450 3014 perre-

1872 2999 1977 3070 nire
1989 2999 2173 3070 possint
2189 3015 2205 3061 ;
2221 2999 2412 3070 quando
2429 2999 2658 3067 praplteta
2674 2999 2775 3068 ipse
2793 3009 2872 3068 qui
2889 2999 3453 3070 suadetjiropitiatrionem

1876 3061 1966 3110 Dei
1984 3061 2354 3135 inquirendam,-
2364 3061 2646 3135 promittere
2662 3061 2820 3117 tamen
2855 3081 2946 3118 non
2982 3061 3127 3135 ausus
3159 3061 3234 3135 'est
3266 3061 3451 3135 prorite-

1873 3123 2094 3195 rendam.
2117 3133 2206 3172 Dat
2226 3123 2473 3195 consili-um
2492 3128 2552 3175 de
2573 3134 2699 3195 actu,
2725 3137 2769 3178 et
2793 3135 2949 3195 tamen
2974 3131 3236 3195 dubitatde
3257 3123 3453 3195 effectu:

1873 3182 2160 3255 ltor’tatorem
2177 3198 2226 3234 se
2244 3186 2416 3255 agendi
2422 3199 2551 3255 ,_tton
2572 3182 2860 3250 impetrandi
2876 3201 3117 3255 auctorem
3138 3193 3270 3255 facit.
3285 3182 3452 3254 'buare

1872 3242 1938 3292 ita
1958 3244 1980 3292 ?
2003 3246 2119 3314 Quia
2148 3242 2307 3317 omnes
2332 3242 2524 3317 scilicet
2564 3242 2836 3317 peccatores
2874 3242 3168 3317 debentpr'o
3205 3242 3257 3303 se
3291 3242 3365 3302 uel
3387 3242 3450 3305 "ai

1872 3306 2108 3375 supremis
2131 3313 2302 3376 cuneta
2325 3313 2538 3376 tentare2
2560 3309 2648 3358 etsi
2671 3323 2766 3376 non
2799 3320 2992 3376 possunt
3015 3306 3114 3362 ulla
3136 3328 3448 3376 prtestmtere.

1872 3366 2079 3438 sienim
2102 3367 2205 3438 regi
2224 3369 2563 3438 propltrta‘ille
2587 3383 2673 3438 per
2696 3366 2844 3420 soloin
2880 3374 3114 3438 bonorum
3129 3366 3334 3438 operum
3349 3376 3448 3425 lar-

1872 3381 1922 3435 δξ
1952 3381 2079 3416 emm
2102 3381 2205 3430 regi
2218 3381 2459 3477 [Iropttcta
2483 3381 2563 3418 ιιιε
2696 3381 2844 3420 satam
2880 3381 3114 3444 00710111.)".
3129 3381 3448 3445 operantlar-

1872 3428 2215 3508 Menelae
2238 3436 2364 3508 '{Ffi’l‘
2397 3429 2878 3508 ireelaetltweroa
2905 3442 3160 3508 τινοηυιςιιν
3186 3436 3451 3508 metuere

1873 3495 2093 3558 peccator
2124 3502 2217 3558 non
2246 3497 2353 3539 acta
2387 3503 2607 3558 errorum
2638 3495 2909 3558 pptitentia
2942 3503 3114 3558 potest,
3141 3505 3314 3557 quanta
3337 3495 3386 3548 si
3405 3507 3451 3550 et

2039 3548 2178 3614 larga
2200 3549 2251 3620 in
2273 3551 2508 3614 supremis
2530 3548 2853 3620 nunii/icentiu
2885 3548 3002 3618 opus
3024 3565 3092 3606 est
3107 3548 3125 3616 ’,
3150 3548 3229 3620 aui
3255 3560 3347 3608 vult
3367 3548 3449 3610 ob?

1873 3609 2025 3661 linere
2047 3626 2078 3660 a
2105 3609 2302 3684 Domino
2331 3609 2425 3675 "per
2460 3628 2622 3684 sei-pm
2658 3609 2947 3684 devotionem
2967 3656 2980 3676 ,
3006 3609 3143 3684 quod
3163 3609 3264 3669 'non
3302 3609 3452 3684 potest

1875 3684 2112 3742 usurpare
2138 3685 2228 3742 p_er_
2246 3673 2416 3742 legem.
2445 3675 2506 3723 At
2530 3675 2891 3738 Cbrysostomus
2915 3673 3175 3742 inscriptis
3196 3673 3450 3731 suis'sem-

1874 3746 1963 3794 per
2002 3735 2080 3804 ad_
2100 3734 2445 3804 indulgentiam
2486 3734 2767 3804 propensior
2802 3743 2991 3804 videtur
3017 3754 3028 3789 :
3058 3734 3118 3790 (ἐκ
3145 3757 3239 3804 quo
3271 3742 3449 3794 factum

1875 3801 1967 3864 est,
1993 3796 2161 3864 utjam
2187 3794 2306 3864 olim
2339 3797 2386 3843 in
2426 3794 2709 3864 calumniam
2750 3801 3000 3864 inciderit;
3026 3794 3176 3864 utque
3197 3805 3258 3852 ab
3280 3806 3450 3854 obtre-

1873 3856 2134 3924 ctatoribus
2155 3857 2398 3924 objectqu
2426 3859 2521 3924 ipsi
2537 3863 2699 3920 luerit,
2719 3863 2843 3922 quod
2868 3856 3190 3924 peccatoribus
3213 3865 3452 3916 licentiam

1874 3917 2013 3986 daret
2032 3952 2046 3976 ,
2073 3918 2286 3988 docendo
2303 3917 2372 3966 sic
2402 3931 2418 3967 :
2443 3917 2485 3967 si
2506 3917 2693 3988 iterum
2703 3917 2899 3988 pecces,
2925 3924 3095 3973 iterum
3128 3927 3452 3988 paenitentiam

1872 3977 2000 4047 ggito
2019 3992 2036 4047 ς
2058 3985 2104 4027 et
2124 3980 2303 4047 quoties
2321 3980 2594 4047 peccaveris
2612 4019 2625 4040 ,
2650 3977 2757 4047 peni
2787 3977 2949 4047 adma
2971 4019 2984 4042 ,
3009 3991 3054 4034 et
3077 3977 3162 4047 eg'o
3183 3995 3230 4035 te
3250 3989 3454 4037 curabo.

1873 4037 1944 4086 lia
1962 4037 2361 4106 iniquasynodus
2383 4042 2504 4106 apud
2531 4037 2744 4106 Photium
2770 4037 3071 4106 Bibliotheca:
3161 4048 3248 4106 59,
3273 4051 3452 4106 quibus

1873 4102 2004 4177 paria
2025 4109 2248 4177 socrates
2268 4105 2485 4177 Historias
2503 4102 2843 4177 ecclesiasticae
2867 4103 2950 4152 lib.
2974 4107 3022 4162 6,
3038 4120 3146 4177 cap.
3171 4102 3247 4158 19.
3266 4102 3449 4159 Verum

1871 4163 1912 4208 si
1956 4162 2064 4231 quis
2104 4163 2254 4231 divini
2298 4163 2516 4231 praesulis
2554 4164 2819 4231 doctrinam
2857 4179 2914 4231 ac
2953 4162 3248 4229 potissimum
3289 4186 3452 4222 mores

1873 4222 2073 4293 penitus
2105 4222 2345 4282 insliieere
2371 4223 2521 4293 velit,
2560 4238 2656 4293 non
2687 4227 2924 4293 dubitabit
2954 4222 3150 4278 'mecum
3187 4244 3412 4282 asserere
3432 4268 3448 4293 ,

1871 4281 2005 4350 illum
2030 4291 2083 4332 ut
2105 4281 2221 4344 erga
2249 4296 2367 4332 vere
2390 4297 2446 4332 ac
2468 4285 2713 4350 humiliter
2737 4291 3031 4350 paenitentes
3048 4293 3360 4350 mitissimum,
3385 4281 3450 4343 ita

1874 4343 2106 4414 adversus
2127 4343 2436 4393 contumaces
2457 4343 2821 4414 severissimum
2854 4352 3002 4400 fuisse
3040 4360 3186 4414 atque
3224 4343 3448 4403 constan-

1877 4405 2108 4473 pssimum
2129 4439 2142 4463 ,
2167 4417 2375 4473 eamque
2415 4408 2691 4473 adhibuisse
2711 4414 3035 4473 teconomiam
3057 4447 3070 4470 ,
3095 4405 3189 4473 qua
3221 4427 3358 4462 nsunt
3391 4429 3449 4464 se

1877 4464 2023 4536 fuisse
2048 4464 2559 4536 beatigimusmartyr
2583 4468 2841 4536 Cyprianus
2878 4464 3082 4536 testatur
3105 4464 3153 4520 in
3176 4479 3318 4536 Epist.
3344 4478 3404 4536 53
3433 4492 3444 4525 :

1874 4533 1992 4587 Opto
2009 4540 2168 4576 omnes
2189 4528 2237 4592 in
2264 4527 2522 4592 Ecclesium
2542 4527 2752 4588 regredi,
2780 4537 2888 4592 opto
2908 4532 3147 4582 universos
3169 4527 3448 4586 conmilito-

1872 4598 1954 4636 nes
1977 4594 2160 4637 nostros
2183 4589 2316 4636 intra
2335 4589 2510 4638 (lu-isti
2534 4597 2691 4638 castra
2714 4597 2758 4639 et
2789 4589 2872 4640 Dei
2894 4591 3051 4641 Patris
3072 4594 3314 4646 domicilia
3332 4611 3447 4647 con-

1871 4647 2004 4697 cludi
2032 4662 2049 4697 .'
2074 4649 2262 4697 remitto
2282 4648 2457 4706 omnia,
2483 4649 2632 4697 multa
2664 4651 2911 4703 dissimulo
2932 4654 3090 4703 studio
3121 4663 3166 4704 et
3189 4662 3288 4706 t‘oto
3308 4659 3446 4708 colli-

1869 4709 2391 4778 gendteﬂaternitatis;
2410 4710 2554 4778 etiam
2575 4725 2682 4778 qua,
2700 4712 2750 4761 in
2773 4723 2922 4778 neum
2937 4716 3184 4778 conmissa
3206 4727 3332 4778 sunt,
3356 4734 3448 4771 non

1869 4768 2214 4844 ptengjudlicio
2237 4768 2742 4844 religionislea‘a'mitw;
2761 4775 2948 4844 delictis
2972 4775 3077 4840 plus
3103 4768 3246 4841 quam
3267 4768 3448 4844 oportet

1869 4830 2169 4906 terunt-endis
2191 4843 2309 4890 pene
2330 4830 2438 4906 ipse
2455 4831 2698 4906 delinquo;
2723 4830 2981 4899 amplector
3001 4830 3216 4902 prompta
3238 4830 3449 4906 et'plena

1870 4889 2118 4962 dilectione
2142 4889 2249 4962 eum
2270 4889 2866 4962 pipititentia__t‘etertenies
2885 4935 2899 4958 ,
2924 4889 3178 4962 peccatum
3192 4889 3446 4953 divitia;

1869 4949 2135 5022 tis-[actione
2153 4949 2322 5022 humili
2345 4960 2390 5002 et
2414 4953 2622 5022 simplici
2646 4949 2935 5022 conﬁtentes:
2954 4949 3001 5011 Si
3025 4961 3108 5022 qui
3129 4949 3445 5022 amantia},

1867 5010 1949 5072 qui
1971 5019 2136 5085 putant
2159 5026 2208 5062 se
2232 5010 2578 5085 atlEcclesiapt
2597 5031 2688 5068 non
2713 5010 2951 5085 precibus,
2977 5010 3062 5085 sed
3086 5010 3228 5074 minis
3237 5010 3445 5085 regredi

1868 5085 2009 5138 posse
2019 5108 2033 5131 ,
2057 5082 2137 5138 aut
2161 5077 2433 5138 egistimant
2457 5077 2642 5128 aditum
2664 5077 2722 5130 δέ
2736 5082 2824 5131 sibi
2849 5077 2946 5132 non'
2970 5077 3376 5136 immutationibus
3398 5095 3446 5138 et

1867 5133 2267 5209 satis/“actionibus
2287 5169 2301 5195 ,
2327 5139 2412 5187 sed
2435 5141 2697 5209 terroribus
2731 5145 2915 5209 facere,
2944 5157 3032 5196 nro
3055 5153 3185 5209 certo
3207 5133 3443 5209 lubeant,

1868 5203 2042 5263 contra
2067 5197 2185 5263 tales
2222 5198 2441 5263 clausam
2466 5207 2593 5251 stare
2632 5197 2913 5253 Ecclesiam'
2932 5204 3119 5254 Domini
3138 5243 3151 5263 ,
3177 5221 3262 5258 nec
3285 5197 3445 5261 castra

1867 5255 2042 5328 Clu-isti
2065 5257 2240 5308 invicta
2261 5267 2306 5308 et
2327 5260 2501 5322 fortia,
2539 5269 2586 5310 et
2623 5264 2823 5328 nomino
2858 5273 3012 5316 tuente
3051 5255 3264 5328 munita,
3289 5255 3446 5322 iiii-iis}

1867 5318 2036 5367 cedere
2057 5357 2069 5375 ,
2097 5328 2271 5393 etc..t.‘t
2301 5318 2357 5393 ut
2377 5329 2470 5393 est,
2492 5318 2662 5393 negari
2685 5334 2824 5393 certe
2845 5330 3048 5393 nequit,
3074 5331 3189 5392 quin
3213 5318 3444 5391 iacilitas,

1865 5391 2007 5450 quam
2022 5381 2261 5450 nonnulla
2286 5387 2435 5450 patris
2457 5381 2595 5450 aurei
2633 5389 2782 5450 verba
2822 5381 3118 5450 praferunt',
3142 5381 3443 5443 oecasioueui

1864 5441 2059 5512 dederit
2084 5441 2433 5512 posterioribus
2443 5448 2640 5512 _Gr2ccis,
2669 5441 2871 5497 multum
2894 5451 2958 5504 de
2982 5441 3230 5512 pinnarum
3255 5468 3280 5501 a
3303 5441 3443 5503 cano;

1867 5502 2008 5550 nibus
2047 5505 2388 5574 impositarurn
2413 5502 2942 5574 rigoreremittendi;
2971 5502 3022 5561 tit
3069 5513 3240 5574 legere
3280 5502 3354 5564 ρει
3392 5502 3441 5565 in

1867 5574 2033 5634 eorum
2044 5565 2476 5634 paruitentialibus’
2492 5565 2629 5634 libris
2647 5607 2658 5627 ,
2683 5565 3014 5634 imprimisque
3037 5565 3226 5622 Joannis
3248 5583 3440 5634 Jejuua-

1867 5625 1996 5695 toris.
2044 5625 2180 5673 Idem
2225 5629 2500 5695 generatim
2545 5625 2790 5695 observari
2845 5625 2996 5682 deb'et
3043 5634 3106 5682 de
3158 5625 3439 5695 quibusdam

1865 5693 2088 5752 veterum
2112 5695 2300 5756 patrum
2324 5687 2481 5758 dictis,
2499 5692 2813 5758 quodeorum
2837 5702 3052 5758 mentem
3079 5687 3441 5758 non'assequuti

1863 5744 1959 5792 sint
1982 5744 2302 5817 recentiores,
2330 5744 2676 5819 etiamltatini;
2701 5766 2845 5819 quos
2854 5755 2985 5819 inter
3009 5757 3239 5819 inventus
3261 5744 3334 5807 esi
3356 5744 3442 5819 qui

1866 5809 2172 5913 ικἮιὶιριηίαε
2207 5811 2456 5858 canonieas
2480 5809 2795 5872 (horrendum
2819 5814 2967 5875 dictu)
3006 5815 3332 5875 carui/trinam
3361 5809 3448 5879 tip-

1867 5880 1924 5913 I.t:
1965 5877 2085 5913 aret.

1865 5877 2085 5926 [.tttlat‘et.
