4016 6482
534 488 646 544 219

530 591 620 648 50.
673 593 866 648 Eadem
912 592 1040 645 hora
1088 603 1262 644 sermo
1299 587 1592 656 emnpletns
1629 592 1709 637 est
1731 597 1888 650 super
1911 580 2088 634 Nabu-

532 681 976 742 chodonosorem,
1006 687 1061 734 et
1093 678 1159 732 ab
1188 676 1486 730 hominibus
1509 673 1759 742 eXptilsus
1784 679 1882 734 est,
1917 678 1970 723 et
1997 668 2092 722 fm-

535 786 661 824 num
702 780 756 824 ut
787 771 882 824 bos
908 767 1158 833 comedit,
1189 775 1242 820 et
1268 780 1296 819 a
1324 779 1443 819 rore
1484 763 1596 818 cadi
1625 776 1814 829 corpus
1861 759 1974 828 ejus
2008 760 2088 810 iu-

533 859 730 913 feetum
758 867 859 924 est,
888 857 1055 912 donec
1093 855 1267 924 capilli
1296 854 1408 923 ejus
1434 864 1491 906 ut
1514 852 1723 906 leonum
1773 849 1862 918 pili
1907 862 2090 902 creve-

534 956 678 1011 runt,
706 956 760 1001 et
803 960 1005 1012 ungues
1038 945 1152 1014 ejus
1181 944 1345 998 instar
1390 941 1640 1010 unguium
1685 939 1816 990 avis.
1853 956 1870 988 ι
1904 936 2094 1005 Aspice

532 1036 848 1090 sententiam
878 1050 993 1104 qua:
1019 1033 1245 1102 desuper
1280 1031 1442 1086 fertur
1463 1030 1527 1084 ad
1555 1031 1719 1099 ipsum
1749 1025 2092 1080 Nabuchodo-

535 1141 802 1180 nosorem.
829 1127 894 1180 Et
913 1125 977 1179 ad
1005 1124 1161 1178 finem
1190 1123 1450 1178 devenere
1480 1135 1582 1175 res.
1602 1118 1877 1188 lgnorasti,
1903 1117 2089 1184 inquit,

535 1215 819 1271 humanam
875 1215 1219 1279 nobilitatem,
1268 1215 1318 1267 in
1372 1213 1658 1266 bestiarum
1715 1209 2092 1278 ignobilitatem

535 1306 797 1361 decidisti.
842 1305 981 1359 Nihil
1023 1304 1420 1374 ignominiosius
1463 1303 1561 1356 ism
1614 1316 1671 1354 re
1714 1299 1824 1353 fieri
1869 1307 2089 1368 poterat,

538 1413 710 1468 neque
748 1398 792 1451 si
816 1396 882 1452 ad
906 1404 1285 1466 paupertatem,
1315 1408 1480 1463 neque
1507 1393 1550 1445 si
1578 1392 1642 1444 ad
1669 1390 1896 1454 vincula,
1927 1402 2095 1456 neque

537 1488 580 1540 si
612 1486 677 1541 ad
719 1487 1042 1550 servitutem,
1078 1498 1245 1554 neque
1294 1483 1338 1537 si
1375 1482 1440 1536 ad
1487 1480 1626 1534 aliud
1669 1479 1791 1548 quid
1839 1477 2093 1546 ejusmodi

539 1577 686 1630 illum
717 1576 1024 1645 redegisset.
1067 1574 1232 1628 Porro
1262 1573 1405 1626 nullo
1449 1571 1604 1625 modo
1641 1585 1760 1625 eum
1799 1584 1829 1622 a
1875 1567 2096 1621 naturali

539 1667 812 1721 nobilitate
851 1666 1005 1734 ejecit
1039 1683 1052 1719 :
1096 1679 1194 1719 nec
1232 1678 1422 1733 corpus
1463 1663 1605 1716 illius
1648 1662 1698 1714 in
1736 1661 1918 1715 bestiae
1948 1667 2098 1712 natu-

541 1769 655 1808 ram
696 1756 918 1809 mutavit
947 1773 960 1808 :
1001 1753 1092 1809 sed
1135 1753 1260 1807 illud
1288 1768 1392 1821 quo
1419 1752 1485 1806 ab
1526 1749 1914 1804 irrationalibus
1936 1747 2098 1800 dista-

541 1844 654 1909 bat,
682 1845 732 1898 in
761 1843 1022 1898 feritatem
1055 1843 1354 1897 transtulit?
1384 1841 1658 1907 Quomodo
1703 1838 1899 1907 igitur?
1943 1836 2010 1892 Ut
2045 1844 2100 1891 et

545 1934 733 2002 reliqui
778 1933 982 1988 discant
1009 1949 1074 1988 ex
1123 1933 1260 1987 illius
1302 1931 1440 1996 cibo,
1468 1941 1520 1985 et
1567 1947 1629 1984 ex
1674 1930 1814 1984 illius
1860 1937 2096 1997 aspectu.

541 2024 677 2091 Quid
703 2035 876 2080 autem
908 2039 1003 2094 per
1030 2025 1142 2078 haec
1169 2024 1464 2078 docemur?
1493 2022 1691 2088 Nempe
1719 2018 1858 2089 quod
1886 2018 1984 2073 etsi
2013 2032 2102 2072 ea-

542 2115 664 2170 dem
705 2114 855 2169 uobis
883 2129 986 2169 non
1015 2115 1285 2179 eveniant,
1318 2124 1489 2166 tamen
1531 2111 1721 2166 melius
1763 2109 1851 2164 illo
1881 2124 1984 2162 non
2013 2123 2101 2160 su-

545 2219 664 2260 mus
692 2205 886 2272 affecti,
921 2204 1130 2276 quando
1159 2205 1210 2258 in
1251 2203 1549 2272 superbiam
1595 2209 1684 2256 aut
1727 2202 1779 2254 in
1817 2200 2101 2255 belluinant

543 2299 990 2367 perturbationem
1020 2299 1330 2354 delabimur.
1362 2298 1500 2364 Quot
1549 2311 1688 2351 nunc
1731 2311 1835 2350 non
1864 2310 2015 2352 secus
2039 2309 2102 2350 ac

545 2385 1027 2443 Nabuchodonosor
1057 2389 1161 2454 ille,
1194 2388 1376 2442 bestia:
1424 2395 1652 2442 mentem
1687 2386 1915 2442 habent!
1968 2386 2102 2440 Audi

547 2475 722 2545 itaque
743 2477 996 2532 Joannem
1028 2477 1290 2531 dicentem
1323 2494 1335 2530 :
1367 2474 1649 2545 Serpentes,
1672 2476 1923 2545 genimina
1963 2475 2103 2544 vipe-

547 2582 721 2618 rarum
741 2565 948 2636 (Mattlt.
972 2567 1023 2621 5.
1051 2567 1102 2620 7.
1134 2577 1179 2620 et
1207 2566 1295 2620 25.
1337 2567 1459 2634 5'5);
1491 2575 1542 2619 et
1571 2579 1752 2619 rursus
1781 2565 1940 2618 alium
1983 2579 2104 2634 pro-

550 2657 763 2725 phetam
794 2658 1019 2712 alentem
1049 2675 1062 2711 :
1097 2656 1227 2726 Equi
1254 2658 1470 2726 {urentes
1499 2658 1551 2709 in
1580 2657 1790 2727 feminas
1812 2657 1932 2726 facti
1957 2666 2104 2722 sunt;

548 2748 885 2816 unusquisque
917 2749 984 2800 ad
1004 2764 1208 2801 uxorem
1245 2749 1458 2816 proximi
1483 2748 1768 2800 [tinniebant
1789 2748 1840 2816 (J
1847 2764 1919 2800 er.
1945 2748 1995 2802 5.
2019 2747 2104 2816 8);

548 2847 603 2890 et
629 2838 785 2890 alium
814 2837 982 2892 adhuc
1007 2855 1019 2890 :
1048 2835 1207 2892 Canes
1236 2838 1356 2889 muti
1388 2854 1484 2890 non
1509 2838 1720 2890 valentes
1742 2837 1925 2890 latrare
1954 2835 2103 2906 (Isai.

548 2928 637 2982 56.
664 2928 750 2998 10)
773 2947 786 2982 :
813 2939 860 2982 et
894 2929 1052 2982 alium
1085 2944 1266 2982 rursus
1291 2928 1472 2997 vulpes
1501 2929 1849 2997 appellantem
1897 2927 2106 2994 (Ezech.

551 3020 639 3073 15.
667 3018 744 3087 4).
773 3029 826 3072 et
847 3019 1003 3072 alium
1035 3019 1292 3074 dracones
1312 3033 1374 3073 ac
1399 3019 1670 3073 basiliscos
1694 3017 1860 3089 (Psal.
1890 3018 2104 3088 90.15).

551 3107 716 3162 Multo
741 3117 915 3161 autem
965 3108 1196 3162 deterius
1237 3118 1318 3163 est
1347 3123 1464 3163 cum
1512 3108 1562 3162 in
1607 3108 1704 3162 hac
1753 3109 1859 3162 vita
1903 3123 2106 3176 sumus,

552 3197 778 3262 ell‘erari,
805 3213 960 3267 quam
982 3199 1168 3253 eadem
1195 3214 1314 3253 cum
1342 3197 1853 3253 Nabuchodonosore
1880 3199 2004 3268 pati.
2021 3197 2111 3253 Ille

552 3286 811 3354 siquidem
853 3287 983 3340 nihil
1023 3288 1148 3341 mali
1177 3290 1226 3341 in
1254 3288 1486 3342 animum
1510 3288 1816 3342 admittebat
1848 3305 1861 3341 :
1895 3303 1990 3342 nos
2016 3303 2110 3341 au-

553 3385 657 3429 tem
684 3376 809 3430 dum
863 3378 932 3431 ita
981 3379 1251 3433 innumera
1294 3389 1504 3447 peceata
1553 3381 1866 3447 colligimus,
1916 3389 2112 3449 quanto

556 3467 764 3535 pejores
792 3467 1118 3536 sumusjam,
1148 3469 1282 3522 sicut
1308 3468 1501 3522 dictqu
1531 3479 1629 3521 est.
1654 3470 1750 3533 Qui
1778 3480 1950 3522 autem
1975 3469 2110 3537 apud

553 3557 792 3610 etluiicos
815 3558 1078 3626 sapientes
1109 3557 1448 3619 habebantur,
1480 3559 1747 3611 mutabant
1785 3559 2023 3612 homines
2060 3560 2112 3612 in

558 3647 767 3701 bestias.
799 3647 904 3702 Sed
944 3648 1216 3703 videamus
1245 3648 1526 3718 quomodo.
1586 3649 1870 3703 Gentilium
1899 3649 2110 3718 quidem

553 3737 1010 3804 tnetatnorphoses
1036 3737 1225 3790 fabulae
1253 3748 1434 3801 erant;
1469 3739 1564 3791 ista
1610 3748 1784 3792 autem
1821 3754 1942 3793 vera
1969 3749 2110 3794 sunt.

553 3826 665 3892 Qua
689 3826 826 3880 enim
850 3825 914 3880 de
935 3841 1089 3880 causa
1114 3827 1354 3881 homines
1378 3829 1495 3882 illos
1530 3832 1901 3884 mutaverunt?
1929 3831 2109 3885 Nulla:

555 3927 606 3970 at
648 3916 912 3986 Scriptura
944 3932 1152 3971 causam
1181 3934 1389 3988 quoque
1435 3919 1669 3988 profert:
1706 3919 1771 3974 Ut
1810 3931 2112 3991 cognoscant

556 4023 742 4068 omnes,
761 4009 877 4078 quia
898 4009 1184 4060 dominatur
1200 4009 1481 4063 Altissimus
1502 4026 1653 4080 regno
1675 4011 2115 4068 hontinunt.Vides

556 4107 614 4151 ut
642 4099 816 4152 omnia
869 4098 976 4153 Deo
1029 4099 1299 4168 possibilia
1328 4100 1470 4153 sint?
1519 4101 1673 4154 etiam
1721 4117 1783 4154 ex
1816 4101 2115 4158 hominibus

557 4188 750 4243 bestias
777 4188 968 4254 facere,
1001 4201 1053 4245 et
1079 4199 1306 4245 mentem
1336 4193 1572 4247 mutare?
1600 4193 1783 4263 COgita
1813 4203 2002 4262 quanta
2032 4209 2115 4248 res

558 4287 700 4332 esset
725 4294 866 4342 eum,
892 4281 979 4348 qui
1009 4289 1160 4334 antea
1189 4283 1240 4333 in
1263 4288 1407 4335 tanto
1431 4282 1713 4350 Splendore
1744 4283 1976 4348 vixisset,
2001 4299 2116 4338 cer-

559 4382 688 4422 nere
709 4383 823 4422 eum
854 4369 1034 4423 bestiis
1056 4369 1352 4439 degentem,
1387 4371 1603 4428 nudum.
1631 4371 1742 4425 Non
1771 4373 1909 4426 enim
1938 4374 2116 4442 utique

559 4456 782 4512 formam
816 4461 1068 4524 mutavit;
1100 4461 1519 4529 quandoquidem
1557 4461 1608 4515 id
1652 4462 1970 4515 horrendum
2011 4479 2115 4516 nou

559 4547 764 4602 fuisset.
805 4549 907 4604 Cor
936 4561 1110 4604 autem
1137 4551 1318 4605 bestiae
1345 4553 1611 4619 accepisse
1658 4569 1761 4606 non
1806 4552 1923 4606 ideo
1966 4553 2113 4616 dicit,

559 4636 699 4703 quod
748 4649 922 4693 mente
973 4641 1131 4694 fuerit
1182 4641 1457 4708 alienatus,
1505 4643 1594 4696 sed
1641 4643 1778 4712 quod
1835 4643 2116 4697 lmmanum

560 4724 794 4778 animum
828 4726 1041 4790 habens,
1083 4739 1272 4783 cuncta
1317 4735 1550 4784 sentiret.
1595 4731 1723 4784 Nam
1755 4732 1798 4784 si
1829 4747 2118 4786 conversus

561 4812 746 4868 fuisset
774 4816 824 4868 in
853 4815 1094 4877 bestiam,
1122 4833 1181 4870 ea
1211 4835 1325 4884 quas
1366 4822 1677 4876 eveniebant
1713 4839 1813 4875 non
1839 4825 2114 4892 cognovis-

560 4913 661 4958 set.
685 4905 818 4971 Quid
852 4906 1006 4974 igitur
1034 4907 1310 4975 signiﬁcat,
1341 4908 1437 4960 Cor
1464 4912 1627 4964 bestia:
1652 4913 1823 4964 datum
1850 4922 1919 4966 est
1945 4915 1988 4967 ei
2010 4914 2118 4982 (a)?

562 4991 618 5047 Id
649 5003 748 5058 est,
779 4997 996 5064 agrestis
1024 5012 1084 5050 ac
1126 4996 1264 5052 ferus
1298 4999 1482 5062 evasit,
1512 5014 1609 5053 nec
1639 5002 1844 5055 volebat
1869 5018 1985 5056 cum
2020 5005 2116 5057 ho-

562 5084 793 5138 minibus
820 5088 1014 5140 versari
1043 5103 1056 5151 ;
1105 5087 1184 5141 vel
1229 5087 1406 5152 etiam,
1434 5089 1648 5142 timebat
1669 5105 1787 5142 cum
1822 5091 2117 5146 hominibus

561 5171 788 5240 degere;
833 5176 940 5239 vel,
969 5175 1208 5229 homines
1244 5185 1301 5230 ut
1328 5176 1465 5230 feras
1496 5180 1780 5233 metuebat.
1827 5179 1960 5244 Quid
2007 5181 2117 5236 fieri

559 5265 727 5331 possit
771 5264 861 5317 illo
889 5266 1204 5320 sublimius?
1229 5268 1350 5336 quid
1378 5268 1563 5322 eodem
1609 5269 1895 5323 humilius?
1939 5270 2006 5323 Et
2033 5289 2118 5325 ea:-

561 5352 736 5421 pulsus
765 5363 836 5406 est
859 5354 919 5405 ab
944 5355 1241 5409 hominibus.
1279 5357 1544 5427 Nusquam
1589 5359 1725 5412 illius
1767 5364 1992 5428 potentia
2025 5363 2118 5417 de-

565 5442 732 5496 fendit
778 5445 939 5498 illum.
987 5443 1100 5497 Non
1129 5455 1241 5498 erat
1268 5449 1540 5502 carnivora
1586 5450 1770 5513 bestia,
1805 5451 1894 5504 sed
1924 5454 2116 5507 ftenum

561 5533 870 5587 comedebat
921 5543 972 5588 et
1001 5543 1113 5587 erat
1160 5536 1330 5604 imago
1374 5537 1532 5590 bruti.
1567 5539 1634 5593 Ut
1672 5541 1878 5603 eredas,
1921 5543 2116 5611 inquit:

562 5621 708 5674 velut
732 5637 826 5690 pro
848 5632 1100 5676 consueto
1131 5624 1317 5690 pabulo
1349 5624 1562 5680 habebis
1592 5629 1824 5683 herbam.
1849 5630 2120 5694 Quomodo

622 5754 696 5817 (a)
728 5762 835 5805 tta:c
858 5759 904 5805 in
940 5759 1171 5822 scriptura
1213 5771 1304 5806 non
1343 5759 1612 5822 habentur,
1652 5764 1738 5812 sed
1783 5763 1873 5812 huc
1911 5766 2121 5816 traducta

559 5827 670 5865 sunt
693 5830 757 5866 ex
781 5832 922 5868 versu
949 5820 1025 5868 15.

1251 478 1304 533 S.
1342 469 1612 532 JOANNIS
1647 465 2111 526 CIIRYSOSTOMI
2153 464 2459 520 ARCH‘IEP.
2499 462 3015 522 CONSTANTINOP.

3654 474 3776 530 220

2200 577 2322 631 forte
2365 580 2508 632 illum
2554 595 2656 631 non
2687 579 3039 632 devorarunt‘t
3081 575 3349 644 quomodo
3395 589 3592 642 corpus
3625 576 3774 629 illius

2194 670 2340 726 cibos
2390 671 2650 738 ejusmodi
2704 671 2870 738 potuit
2926 669 3296 737 concoquere?
3340 667 3610 737 quomodo
3660 682 3773 720 non

2199 762 2390 830 periit?
2431 761 2608 830 Neque
2638 761 2777 814 enim
2822 761 2983 815 breve
3031 771 3239 828 tempus
3283 759 3584 812 intercessit
3614 775 3626 808 :
3655 758 3775 811 cir-

2197 852 2389 914 euihat,
2420 852 2663 906 onmibus
2695 851 2862 905 factus
2888 852 3184 918 exemplum
3213 849 3543 913 humilitatis,
3579 849 3630 901 in
3679 863 3776 902 se-

2199 943 2313 1010 ipso
2345 941 2517 995 ferens
2545 941 2732 994 iudicia
2761 941 3069 1008 punitionis,
3097 939 3542 1007 quemadmodum
3576 952 3773 991 servos

2198 1033 2337 1086 notis
2371 1041 2730 1098 compunctus.
2763 1035 2831 1086 At
2863 1039 3006 1084 certe
3047 1031 3395 1099 praestitisset,
3423 1029 3618 1082 dixerit
3655 1027 3774 1081 for-

2202 1130 2339 1175 tasse
2363 1122 2570 1190 aliquis,
2597 1137 2714 1175 cum
2751 1121 3055 1174 hominibus
3094 1119 3236 1173 illum
3264 1120 3485 1180 versari,
3516 1129 3678 1187 atque
3714 1118 3776 1171 id

2201 1213 2342 1281 pati:
2377 1213 2467 1266 sed
2491 1223 2545 1265 ut
2575 1227 2727 1280 paena
2769 1213 2868 1280 ipsi
2896 1211 3264 1279 adaugeretur,
3298 1210 3399 1262 hoc
3429 1209 3622 1262 factum
3664 1218 3779 1262 est.

2199 1304 2327 1358 Nam
2351 1305 2624 1372 castigatio
2663 1304 2879 1373 perinde
2916 1303 3183 1368 manebat,
3209 1317 3327 1356 cum
3354 1317 3472 1369 qua:
3515 1302 3613 1368 ipsi
3641 1316 3779 1354 eve-

2200 1407 2408 1457 nerant,
2429 1409 2614 1448 omnes
2636 1395 2992 1459 enuntiarent,
3010 1407 3234 1461 cumque
3259 1393 3426 1460 ipsum
3446 1407 3597 1459 atque
3623 1391 3776 1444 vide-

2199 1496 2315 1539 rent
2337 1485 2484 1550 foris,
2504 1485 2552 1538 id
2577 1495 2750 1539 autem
2768 1499 2985 1539 cernere
3010 1484 3175 1537 multo
3202 1482 3489 1536 terribilius
3511 1491 3644 1534 erat.
3661 1481 3780 1535 Nec

2199 1583 2406 1644 tempus
2423 1576 2581 1630 breve
2599 1574 2710 1638 fuit,
2727 1576 2816 1629 sed
2833 1587 2882 1629 et
2901 1577 3070 1643 ipsum
3087 1572 3567 1628 sabbaticum.Nam
3582 1582 3779 1641 septem

2201 1675 2442 1732 tempora,
2458 1666 2640 1734 inquit,
2657 1665 3007 1718 mutabuntur:
3030 1664 3081 1717 id
3098 1672 3196 1724 est,
3221 1671 3326 1717 tres
3343 1664 3462 1716 anui
3479 1678 3600 1715 eum
3625 1662 3784 1715 dimi-

2200 1753 2495 1824 dio(a).31.
2517 1773 2536 1806 ‹
2563 1755 2626 1808 Ει
2644 1766 2756 1822 post
2778 1755 2929 1808 finem
2951 1754 3155 1808 dierum
3169 1769 3318 1820 ego,»
3342 1751 3527 1822 inquit,
3554 1771 3572 1801 ι
3599 1751 3784 1804 Nalm-

2201 1846 2535 1900 chodonosor
2563 1847 2744 1900 oculos
2762 1860 2907 1900 meos
2927 1847 2977 1898 in
3002 1845 3188 1898 czelum
3213 1844 3455 1907 levavi,et
3479 1857 3628 1895 mens
3656 1857 3783 1895 mea

2203 1951 2411 1990 reversa
2425 1936 2586 1991 estad
2611 1952 2715 1998 me,
2738 1935 3132 1990 etAltissimum
3159 1935 3494 1999 benedixi,et
3512 1934 3784 1987 viventem

2206 2028 2260 2082 in
2287 2027 2477 2081 smcula
2511 2026 2736 2091 laudavi,
2767 2035 2821 2080 et
2870 2024 3177 2092 glorificavi,
3218 2025 3338 2092 quia
3393 2032 3630 2092 potestas
3657 2023 3785 2091 ejus

2205 2125 2435 2186 potestas
2456 2124 2674 2180 aeterna,
2689 2126 2742 2170 et
2755 2130 2973 2184 regnum
2992 2115 3104 2183 ejus
3133 2116 3183 2168 iu
3209 2116 3600 2183 generationem
3615 2123 3666 2167 et
3681 2129 3787 2181 ge-

2204 2206 2557 2260 nerationem.
2600 2204 2688 2260 52.
2720 2205 2783 2258 Et
2808 2219 2992 2258 omnes
3020 2203 3339 2257 habitatores
3388 2213 3579 2264 terras,
3622 2202 3784 2270 quasi

2204 2295 2427 2350 nihilum
2453 2295 2680 2364 reputati
2701 2304 2842 2349 sunt.
2868 2295 2936 2348 Et
2947 2297 3095 2362 juxta
3118 2295 3438 2347 voluntatem
3468 2308 3621 2346 suam
3649 2291 3784 2346 facit

2206 2385 2258 2441 in
2281 2386 2474 2440 virtute
2500 2386 2632 2451 cmli,
2657 2393 2710 2439 et
2731 2386 2780 2438 in
2809 2384 3132 2438 habitatione
3151 2393 3336 2438 terrae:
3365 2392 3418 2437 et
3447 2398 3552 2437 non
3573 2395 3654 2438 est
3680 2383 3779 2452 qui

2205 2476 2418 2531 resistat
2436 2476 2608 2529 manui
2631 2475 2763 2544 ejus,
2787 2483 2841 2529 et
2863 2475 3004 2529 dicat
3028 2474 3074 2528 ei
3099 2473 3303 2540 :Quare
3335 2473 3545 2528 fecisti?
3582 2491 3598 2524 ι
3635 2473 3782 2527 Ocu-

2206 2569 2282 2622 los
2311 2585 2477 2634 meos,
2512 2567 2710 2637 inquit,
2737 2567 2789 2620 in
2839 2567 3014 2620 ccelum
3057 2565 3229 2619 levavi.
3268 2565 3378 2620 Hoc
3421 2575 3535 2626 est,
3568 2567 3697 2619 adiit
3726 2575 3788 2622 et

2208 2669 2453 2730 precatus
2473 2668 2552 2714 est
2578 2659 2762 2722 Deum,
2791 2666 2843 2711 et
2868 2657 2987 2712 inde
3016 2656 3264 2711 auxilium
3285 2657 3542 2725 quzesivit.
3576 2657 3786 2723 Quam-

2209 2765 2366 2818 quam
2388 2758 2592 2818 tempus
2609 2747 3096 2817 completumforet,
3127 2761 3228 2799 non
3256 2745 3554 2800 confidebat
3576 2756 3780 2801 tamen.

2211 2839 2360 2894 Sicut
2385 2841 2523 2893 enim
2558 2839 2606 2893 in
2640 2840 2802 2908 ipsius
2851 2847 3112 2907 potestate
3165 2847 3301 2904 erat,
3334 2847 3389 2891 ut
3439 2852 3544 2890 non
3573 2839 3786 2891 sineret

2215 2945 2302 2984 res
2335 2931 2384 2982 in
2413 2929 2655 2983 effectum
2684 2929 2932 2984 devenire
2964 2947 2976 2983 :
3003 2930 3072 2983 ita
3100 2929 3279 2990 etiam,
3300 2929 3343 2983 si
3369 2938 3608 2997 tempore
3638 2928 3785 2996 quod

2211 3019 2481 3073 definitum
2513 3018 2681 3073 fuerat
2707 3021 2988 3088 completo,
3020 3021 3341 3075 incorrectus
3363 3020 3663 3078 mansisset.
3689 3021 3777 3072 ni-

2214 3110 2287 3163 hil
2325 3111 2420 3181 ipsi
2450 3111 2724 3178 profuisset
2765 3111 2848 3164 illa
2898 3111 3150 3181 temporis
3194 3111 3448 3164 definitio.
3483 3110 3611 3164 Nam
3644 3125 3775 3163 sen-

2216 3203 2377 3254 tentia
2408 3200 2497 3254 Dei
2548 3216 2649 3254 non
2681 3200 2743 3253 ad
2776 3201 3138 3255 necessitatem
3161 3241 3174 3264 ,
3209 3201 3299 3255 sed
3336 3200 3400 3254 ad
3433 3216 3518 3255 res
3565 3211 3786 3253 nostras

2215 3291 2542 3358 exprimitur.
2574 3289 2647 3344 lla
2678 3299 2731 3344 et
2757 3291 2959 3356 Daniel,
2990 3292 3227 3359 quamvis
3258 3301 3460 3357 tempus
3503 3291 3784 3358 impletum

2213 3389 2372 3443 esset,
2407 3381 2593 3433 merito
2624 3388 2758 3444 orat,
2812 3395 2875 3434 ne
2906 3380 3191 3433 accedente
3217 3380 3436 3444 malitia,
3458 3378 3631 3431 adhuc
3656 3394 3782 3447 pas-

2213 3484 2295 3521 nce
2343 3485 2404 3524 ac
2445 3472 2665 3538 tempori
2711 3471 3023 3539 adjungatur
3064 3471 3190 3539 quid
3237 3470 3417 3538 (Dan.
3451 3471 3503 3525 9.
3536 3472 3614 3538 4).
3647 3471 3785 3525 Nam

2216 3562 2352 3614 sicut
2401 3575 2464 3614 ex
2493 3560 2818 3614 humanitate
2850 3561 2898 3614 id
2927 3561 3218 3627 contingit,
3250 3560 3696 3628 quemadmodum
3730 3565 3788 3616 in

2216 3649 2403 3703 Ezekia
2437 3667 2448 3702 :
2479 3651 2544 3702 ita
2585 3658 2637 3703 et
2659 3649 2709 3702 in
2739 3651 3006 3718 punitione
3036 3650 3148 3702 fieri
3184 3666 3277 3719 par
3300 3659 3400 3712 est,
3431 3661 3488 3704 ut
3514 3661 3568 3705 et
3609 3653 3661 3704 in
3690 3652 3789 3706 Ju-

2215 3741 2345 3794 dteis
2372 3760 2383 3792 :
2410 3741 2614 3794 volebat
2635 3755 2727 3794 eos
2761 3741 2897 3795 Deus
2922 3741 3097 3795 statim
3120 3741 3171 3792 in
3202 3740 3536 3794 Palmstinam
3569 3743 3784 3798 redire:

2220 3833 2292 3886 illi
2345 3832 2687 3901 quadraginta
2732 3847 2898 3887 annos
2953 3832 3052 3885 sibi
3104 3831 3258 3898 adjici
3308 3847 3402 3898 per
3448 3833 3786 3901 iniquitatem

2218 3938 2366 3977 suam
2387 3931 2690 3977 meruerunt
2710 3923 2786 3991 (4.
2819 3923 2944 3992 Reg.
2971 3922 3085 3990 20).
3110 3921 3243 3976 Vide
3268 3932 3443 3975 autem
3473 3923 3620 3975 illum
3648 3939 3783 3975 cou—

2219 4011 2396 4080 fugere
2424 4012 2485 4065 ad
2517 4013 2697 4065 Deum.
2722 4013 2966 4080 Suspexi,
2990 4013 3178 4082 inquit,
3203 4013 3254 4064 in
3282 4012 3492 4073 cadum,
3521 4021 3574 4065 et
3600 4029 3791 4068 rursus

2219 4101 2384 4155 factus
2431 4117 2546 4155 sum
2594 4102 2770 4156 homo.
2827 4100 2892 4154 Et
2921 4106 3081 4172 forma
3117 4118 3225 4155 mea
3251 4117 3442 4154 reversa
3471 4112 3541 4154 est
3577 4103 3646 4154 ad
3684 4119 3784 4155 me.

2280 4255 2351 4362 Sa)
2385 4254 2486 4303 Imo
2503 4262 2690 4316 septem
2712 4257 2839 4304 anni.
2858 4258 3011 4305 Potior
3035 4269 3162 4304 enim
3181 4257 3420 4305 sententia
3437 4255 3649 4316 Josepht,
3666 4263 3787 4305 Ter-

2280 4316 2284 4362 Ι
2310 4318 2397 4362 iani
2419 4354 2432 4362 .
2458 4318 2723 4362 Hieronvmi
2747 4355 2758 4362 .
2784 4319 2962 4362 Severi.
2998 4315 3148 4362 Valde
3184 4319 3326 4362 miror
3356 4315 3419 4362 de
3447 4317 3753 4362 Theodorelo
3771 4354 3785 4362 .

2219 4315 2397 4365 lulliani
2419 4354 2432 4372 ,
2458 4318 2723 4378 Hieronymi
2747 4355 2759 4373 ,
2784 4319 2962 4378 Severi.
2998 4315 3148 4365 Valde
3184 4319 3326 4364 miror
3356 4315 3419 4378 de
3447 4315 3753 4365 Theodoreto
3771 4354 3785 4375 ,

2219 4379 2298 4438 qui
2322 4390 2428 4438 eum
2455 4383 2566 4424 Dan.
2591 4377 2641 4434 7,
2661 4377 2738 4434 25,
2773 4385 2821 4424 et
2849 4377 2920 4438 172,
2945 4378 2990 4431 7,
3019 4390 3154 4438 καιροὺς
3175 4415 3188 4432 ,
3211 4389 3353 4438 asinos
3371 4409 3391 4438 ,ᾗ
3409 4377 3786 4438 interpretetur,

2219 4403 2298 4438 ιμιι
2322 4403 2427 4424 υυυΙ
2457 4403 2566 4424 Udll-
2599 4403 2636 4434 Ι,
2663 4403 2738 4434 ω,
2773 4403 2821 4424 ει
2851 4403 2920 4433 Ib,
2953 4403 2990 4431 Ι,
3019 4403 3076 4425 ιιι
3117 4403 3154 4432 υς
3175 4415 3188 4432 η
3211 4403 3353 4424 ωυιυυ
3371 4409 3384 4427 9
3411 4403 3526 4424 ιιιιῠι
3542 4403 3583 4438 ιη
3598 4403 3786 4437 ειυιυτ,

2219 4438 2294 4485 hic
2318 4437 2650 4498 Chrysostomo
2673 4439 2816 4484 favet.
2857 4437 2911 4484 lu
2945 4403 3392 4498 Pseudo-Epirdiauii
3425 4436 3548 4484 libro
3581 4438 3644 4485 de
3672 4447 3787 4486 Pro-

2221 4498 2377 4557 plietis
2403 4511 2413 4544 ζ
2441 4509 2487 4545 τὸ
2510 4509 2598 4545 ἰατὰ
2621 4509 2694 4555 In),
2716 4507 2741 4546 ἃ
2765 4504 2854 4546 ιῖπιν
2875 4509 2971 4558 αὐτῷ
2994 4509 3121 4554 Δανιὴλ
3144 4509 3232 4546 ἑκτὰ
3255 4509 3416 4559 natoque,
3441 4511 3602 4557 ιποὶησιν
3625 4513 3789 4560 τινάσσει

2220 4569 2308 4606 ἰπτά
2329 4575 2437 4616 μῆνας
2455 4596 2465 4611 .
2489 4565 2650 4616 διόμινος
2672 4571 2749 4618 stipi
2769 4570 2877 4606 αὺτοῦ
2899 4571 2982 4618 πρὸς
3018 4572 3156 4619 Κύριον.
3179 4571 3227 4607 Τὸ
3247 4572 3435 4622 praesidem
3457 4577 3525 4607 νῦν
3546 4571 3636 4608 ἔπτὰ
3661 4579 3791 4622 ιιφῦ-

2220 4631 2382 4677 ιτιλίσθη
2407 4631 2457 4667 ἧς’
2483 4630 2599 4675 αἰπὺν,
2623 4629 2679 4668 ὅτι
2699 4632 2984 4676 incude-snam
3008 4631 3096 4668 ἱπτὰ
3118 4632 3274 4678 μεσίτης.
3300 4619 3345 4673 ἐξ
3370 4624 3433 4667 οὖν
3450 4630 3510 4676 in
3534 4637 3595 4674 ιοὶ
3616 4632 3653 4674 ιε
3677 4619 3790 4680 piis;

2219 4689 2405 4729 ὓπίπιπτιν
2429 4694 2544 4740 Κυρίῳ
2564 4698 2613 4742 τῷ
2635 4696 2710 4742 Gtt?
2727 4719 2737 4736 ,
2760 4694 2820 4729 καὶ
2841 4691 3086 4741 liminum
3109 4695 3172 4738 τὴν
3193 4692 3358 4730 ἀσίϐιιιιν
3381 4691 3504 4729 αὐτοῦ’
3527 4695 3588 4730 ιιι
3610 4694 3702 4740 prd
3724 4697 3792 4740 τήν

2219 4748 2341 4802 ipsum
2364 4757 2425 4798 τῆς
2446 4753 2589 4802 (inpia;
2613 4753 2734 4795 αὺτοῦ,
2757 4749 2932 4802 deﬂuxu
2954 4753 3048 4802 αὐτῷ
3071 4752 3089 4789 ὁ
3113 4754 3199 4797 Ou}:
3219 4755 3281 4800 τὴν
3305 4753 3499 4801 βασιλείαν.
3523 4749 3636 4796 Quae
3659 4755 3793 4790 men-

2221 4801 2468 4849 daciorum
2499 4801 2812 4862 loquacissimi
2849 4801 3092 4862 scriptoris
3129 4803 3276 4849 verba
3311 4815 3370 4849 eo
3403 4802 3611 4862 protuli,
3635 4813 3691 4851 ut
3718 4803 3788 4850 lo-

2222 4875 2348 4918 cum,
2369 4863 2539 4909 Petavii
2559 4863 2732 4922 judicio
2759 4870 3031 4924 corruptum
3053 4900 3065 4919 ,
3093 4863 3419 4924 emendarem.
3447 4863 3518 4911 sic
3541 4863 3789 4924 interpre-

2222 4929 2345 4969 tatur
2390 4925 2462 4969 vir
2508 4924 2701 4985 ingenio
2746 4931 2796 4982 et
2838 4923 3052 4970 doctrina
3107 4923 3525 4985 prmstantissimus
3573 4937 3585 4971 :
3643 4923 3790 4985 Igitur

2221 4990 2394 5043 septem
2418 4983 2546 5038 anni,
2573 4995 2679 5040 qua?
2701 4989 2911 5041 tempora
2934 4990 3108 5043 septem
3131 4996 3161 5030 a
3187 4982 3381 5031 Daniele
3405 4982 3724 5042 vocantnam
3742 4985 3790 5032 in

2221 5042 2414 5090 totidem
2431 5049 2669 5090 menstrua
2691 5043 2842 5103 spatia
2865 5042 3253 5090 contraherentur
3268 5077 3282 5099 ,
3307 5043 3528 5103 precibus
3550 5047 3651 5094 suis
3674 5046 3790 5093 obti-

2221 5103 2338 5149 nuit.
2379 5109 2560 5166 septem
2578 5102 2995 5166 ergo’temporum
3026 5104 3302 5166 mysterium
3323 5103 3375 5152 in
3397 5102 3480 5152 illo
3501 5106 3790 5166 completum

2220 5169 2306 5220 est,
2332 5163 2455 5222 quod
2479 5162 2710 5210 mediator
2733 5171 2909 5230 septem
2947 5162 3166 5230 restituit.
3196 5173 3266 5214 Ita
3287 5178 3373 5213 sea:
3397 5178 3541 5230 annos
3567 5162 3787 5214 totidem-

2221 5235 2310 5290 que
2347 5235 2526 5290 menses
2569 5231 2664 5271 Deo
2689 5224 2980 5290 supplicans
2997 5262 3009 5280 ,
3050 5226 3204 5290 scelus
3239 5239 3378 5275 suum
3419 5227 3659 5290 confessus
3699 5233 3785 5275 est.

2228 5283 2406 5330 Deinde
2428 5295 2646 5348 concessa
2665 5283 2980 5348 delic'tivenia
3000 5320 3014 5343 ,
3052 5284 3101 5333 in
3139 5299 3337 5348 regnum
3358 5300 3389 5335 a
3413 5283 3515 5334 Deo'
3540 5285 3789 5336 restitutus

2221 5350 2304 5390 est.
2333 5349 2425 5401 Ego
2449 5343 2543 5402 legi
2567 5344 2750 5393 debere
2772 5346 2994 5408 arbitror,
3007 5343 3231 5406 ἀποκατισῆ
3257 5360 3290 5396 tv
3309 5359 3396 5396 ιιιτά
3418 5360 3528 5404 μησίε
3552 5355 3603 5394 et
3623 5357 3788 5408 postea

2222 5415 2257 5456 ῑξ
2290 5415 2349 5461 ῑτη
2382 5418 2437 5452 καὶ
2466 5417 2566 5453 nim
2602 5422 2722 5464 μῆνας.
2761 5407 3115 5455 Correctionem
3152 5409 3393 5455 confirmat
3433 5408 3704 5456 Dorotheus
3743 5413 3788 5456 iu

2222 5465 2428 5531 Syunorsi.
2474 5465 2640 5531 Daniel
2678 5466 2849 5531 igitur,
2893 5470 3075 5528 inquit,
3114 5470 3352 5528 preame
3390 5470 3451 5514 ad
3494 5467 3789 5518 Altis-sinum

2223 5527 2400 5585 effecit,
2440 5530 2489 5572 ut
2521 5527 2707 5592 septeni
2736 5529 2847 5576 anni
2886 5527 3000 5589 quos
3036 5527 3213 5589 septem
3254 5537 3464 5592 tempora
3505 5538 3785 5586 vocaverat,

2223 5592 2511 5651 mutarentur
2534 5589 2581 5633 in
2604 5593 2779 5647 septem
2802 5602 3006 5644 menses,
3033 5595 3076 5636 et
3108 5589 3380 5651 mysterium
3403 5595 3581 5651 septem
3607 5599 3786 5651 tempo-

2223 5646 2400 5714 ritmin
2416 5646 2498 5714 illo
2515 5646 2932 5714 cqnsuhunaretur.
2952 5646 3354 5714 Septemitamque
3379 5646 3613 5696 mensium
3638 5646 3790 5711 spatio

2224 5707 2310 5774 sibi
2333 5707 2424 5764 ipsi
2448 5708 2711 5766 restitutus,
2737 5723 2822 5774 sex
2845 5722 2990 5758 annos
3010 5707 3092 5769 qui
3116 5707 3510 5774 desiderabantur
3535 5717 3578 5758 et
3606 5707 3786 5762 menses

2225 5769 2425 5828 quinque
2440 5780 2606 5836 coram
2629 5769 2822 5818 Domino
2842 5777 3104 5836 prostratus
3127 5772 3213 5831 fuit
3233 5806 3246 5830 ,
3272 5769 3560 5831 impietatem
3590 5786 3729 5822 suam
3752 5782 3795 5824 et

2227 5840 2408 5876 omnem
2431 5829 2718 5889 iniquitatem
2742 5829 2995 5892 confessus,
3017 5839 3109 5880 etc.
