4016 6468
240 469 356 523 219

222 579 324 633 σορ
369 566 581 623 παθεῖν.
629 569 860 638 Ἐκεῖνος
895 576 993 645 μὲν
1038 579 1149 650 γὰρ
1195 585 1346 638 οὐδὲν
1383 588 1585 660 ἔπασχε
1633 592 1807 647 δεινὸν

217 673 304 734 είς
330 674 509 747 ψυχήν
532 694 545 708 ·
584 681 739 749 ἡμεῖς
776 683 831 736 δὲ
862 685 1001 739 οὕτω
1038 690 1205 757 μυρία
1238 694 1605 766 ἁμαρτήματα
1629 701 1808 755 συλλέ-

218 796 432 847 γοντες,
488 786 639 858 πόσῳ
683 792 896 862 χείρους
957 797 1123 866 ἐσμὲν
1181 799 1303 870 ἤδη,
1341 804 1482 856 καθά
1534 804 1803 864 λέλεκται.

217 888 536 944 Μετέϐαλον
574 893 630 946 δὲ
659 901 707 949 οἱ
738 898 843 951 τῶν
867 901 1063 965 ἔξωθεν
1098 917 1124 944 ﬁ
1160 907 1476 978 ἀνθρώπους
1499 916 1577 976 είς
1617 914 1801 986 θηρία.

230 992 377 1047 Ἀλλ’
433 999 631 1069 ίδωμεν
696 1004 838 1071 πῶςς
888 1008 1097 1064 Ἐκεῖνα
1152 1014 1249 1083 μὲν
1301 1016 1489 1085 μῦθος,
1540 1021 1711 1077 ταῦτα
1744 1024 1801 1077 δὲ

219 1101 469 1173 ἀλήθεια.
508 1108 662 1172 Τίνος
705 1112 812 1184 γὰρ
848 1115 1031 1171 ἕνεκεν
1077 1120 1314 1185 ἐκείνους
1354 1127 1675 1195 μετέϐαλον;
1725 1132 1804 1184 Δι’

218 1210 405 1264 οὐδέν·
442 1216 474 1284 ή
510 1216 566 1272 δὲ
594 1218 781 1290 Γραφὴ
807 1225 899 1277 καὶ
933 1224 1030 1296 τὴν
1069 1229 1246 1283 αίτίαν
1276 1234 1442 1303 φησί·
1479 1236 1632 1310 [227]
1668 1239 1805 1294 Ἵνα

219 1317 413 1385 γνῶσι
438 1323 680 1391 πάντες,
700 1332 789 1387 ὅτι
815 1336 1072 1401 κυριεύει
1098 1341 1130 1391 ό
1158 1338 1455 1408 ’Υψιστος
1484 1344 1594 1413 τῆς
1621 1348 1803 1411 βασι-

219 1429 392 1495 λείας
429 1433 547 1486 τῶν
576 1438 918 1505 ἀνθρώπων.
984 1445 1148 1517 Ὀρᾷς
1192 1449 1309 1512 πῶς
1359 1454 1535 1507 πάντα
1572 1454 1650 1527 τῷ
1684 1456 1803 1529 Θεῷ

219 1534 453 1607 δυνατά;
479 1544 570 1597 καὶ
594 1544 652 1611 ἐξ
682 1548 983 1619 ἀνθρώπων
1001 1553 1163 1624 θηρία
1196 1562 1435 1631 ποιῆσαι,
1453 1564 1547 1615 καὶ
1567 1564 1803 1620 διάνοιαν

222 1648 578 1717 μεταϐαλεῖν;
622 1655 816 1710 Ἐννόει
860 1658 982 1715 ὅσον
1038 1658 1106 1733 ἦν
1162 1666 1296 1738 ὁρᾷ-ι
1340 1669 1431 1721 τὸν
1472 1672 1531 1724 ἐν
1569 1674 1801 1747 τοσαύτῃ

221 1755 331 1825 πρὸ
383 1757 574 1812 τούτου
630 1760 971 1838 λαμπρότητι
1025 1773 1163 1840 μετὰ
1203 1774 1312 1829 τῶν
1352 1777 1554 1850 θηρίων
1592 1782 1806 1838 διαιτώ-

223 1879 405 1933 μενον,
458 1870 680 1939 γυμνόν.
713 1874 788 1927 Οὐ
840 1875 947 1947 γὰρ
974 1878 1037 1951 δὴ
1092 1881 1190 1952 τὴν
1236 1886 1451 1957 μορφὴν
1490 1891 1801 1959 μετέϐαλεν,

220 1971 344 2022 ἐπεὶ
374 1974 527 2027 οὐδὲν
552 1972 619 2046 ἦν
648 1982 893 2050 φρικτόν.
928 1985 1001 2038 Τὸ
1025 1986 1081 2040 δὲ
1121 1988 1308 2061 θηρίου
1354 1997 1578 2066 καρδίαν
1618 2001 1803 2056 λαϐεῖν

219 2078 285 2131 οὐ
314 2080 471 2135 τοῦτό
513 2101 666 2154 φησι,
714 2088 795 2142 ὅτι
825 2090 1108 2164 ἐξεστήκει
1143 2096 1243 2165 τῆς
1269 2098 1537 2168 διανοίας,
1571 2103 1686 2158 ἀλλ’
1721 2107 1804 2161 ὅτι

220 2187 572 2261 ἀνθρωπίνην
604 2192 741 2263 ἔχων
780 2196 957 2268 ψυχὴν
996 2201 1259 2272 ᾐσθάνετο
1304 2207 1413 2262 τῶν
1440 2212 1799 2282 πραγμάτων.

220 2296 339 2349 Οὐκ
367 2299 454 2361 ἂν,
479 2301 526 2353 εί
562 2303 866 2377 μετεϐλήθη
898 2310 980 2372 είς
1034 2311 1219 2383 θηρίον
1239 2355 1253 2379 ,
1284 2315 1423 2385 ἔγνω
1473 2320 1540 2373 τὰ
1571 2323 1801 2392 συμϐαί-

218 2420 401 2461 νοντα.
439 2408 503 2460 Τί
532 2407 625 2465 υῦν
674 2415 809 2480 ἐστι,
854 2419 1079 2487 Καρδία
1130 2424 1338 2490 θηρίου
1382 2426 1558 2496 ἐδόθη
1610 2432 1800 2498 αὑτῷ;

234 2513 578 2589 Έξηγριώθη
600 2522 893 2588 τουτέστιν,
918 2526 1037 2579 οὐδὲ
1064 2528 1309 2584 ἐϐούλετο
1336 2536 1473 2604 μετὰ
1501 2536 1801 2609 ἀνθρώπων

220 2612 383 2685 εἶναι,
415 2620 446 2692 ἢ
483 2623 575 2676 καὶ
611 2624 860 2681 ἐδεδοίκει
897 2629 1035 2699 μετὰ
1087 2632 1386 2704 ἀνθρώπων
1420 2635 1575 2707 εἶναι,
1611 2642 1643 2711 ἢ
1673 2646 1800 2708 τοὺς

218 2726 541 2796 ἀνθρώπους
577 2732 824 2805 καθάπερ
865 2736 934 2790 τὰ
968 2737 1150 2810 θηρία.
1180 2743 1244 2795 Τί
1276 2744 1472 2810 γένοιτ’
1497 2748 1562 2801 ἂν
1597 2749 1798 2821 ὑψηλό-

216 2846 378 2900 τερον
429 2834 665 2903 ἐκείνου;
726 2839 779 2891 τί
835 2844 1215 2916 ταπεινότερον
1286 2850 1484 2916 αὐτοῦ;
1548 2856 1657 2908 Kal
1703 2857 1799 2920 ἐξ-

216 2940 470 3011 εδιώχθη
506 2946 622 3000 ἀπὸ
655 2948 1265 3026 ἀνθρώπων.ούδαμοῦ
1297 2961 1329 3029 ἡ
1368 2960 1596 3033 δύναμις
1632 2967 1797 3021 αὐτοῦ

218 3050 483 3121 προέστη.
520 3054 635 3108 Ούκ
677 3051 744 3127 ἦν
775 3062 1119 3133 σαρκοφάγον
1169 3065 1375 3138 θηρίον,
1431 3072 1565 3126 ἀλλὰ
1604 3075 1796 3147 χόρτον

218 3158 426 3228 ἤσθιεν,
458 3161 549 3214 καὶ
588 3157 656 3233 ἦν
697 3165 861 3219 εἰκὼν
902 3168 996 3222 τοῦ
1033 3170 1246 3241 ἀλόγου.
1304 3176 1419 3231 Ἵνα
1480 3185 1795 3258 πιστεύσῃς,

217 3265 383 3335 φησίν
401 3284 413 3297 ·
450 3268 524 3332 ὠς
549 3272 639 3323 ἐπὶ
666 3274 867 3346 συνήθη
902 3278 1108 3350 τροφὴν
1140 3281 1279 3346 ἕξεις
1301 3285 1390 3340 τὸν
1419 3288 1629 3359 χόρτον.
1666 3294 1792 3358 Πῶς

214 3373 380 3427 αὐτὸν
411 3374 472 3427 οὐ
524 3378 797 3448 κατέφαγε
839 3382 906 3436 τὰ
944 3383 1137 3457 θηρία;
1179 3390 1295 3455 πῶς
1333 3394 1520 3463 ἴσχυσε
1545 3397 1605 3451 τὸ
1638 3400 1796 3471 σῶμα

214 3478 416 3549 πέψαις
447 3481 639 3547 πῶςού
669 3486 930 3559 διεφθάρη
953 3507 967 3555 ;
997 3492 1071 3545 Οὐ
1092 3494 1198 3565 γὰρ
1226 3495 1403 3566 ὀλίγος
1421 3502 1449 3554 ὁ
1485 3503 1675 3574 χρόνος
1703 3503 1790 3578 ἦν’

217 3589 457 3661 περιῄει,
477 3592 643 3646 πᾶσιν
660 3594 961 3669 ὑπόδειγμα
987 3605 1503 3679 ταπεινοφροσύνης,
1536 3613 1592 3663 ἐν
1616 3614 1795 3686 ἐαυτῷ

212 3697 286 3751 τὰ
332 3702 686 3773 γνωρίσματα
720 3708 900 3777 φέρων
953 3710 1053 3780 τῆς
1078 3708 1370 3779 κολάσεως,
1400 3716 1648 3792 καθάπερ
1681 3740 1797 3776 στι-

212 3805 595 3874 γματίας.Καὶ
624 3810 731 3880 μὴν
753 3811 958 3881 βέλτιον
987 3809 1076 3884 ἦν,
1117 3818 1243 3882 ἴσως
1273 3820 1416 3875 εἴποι
1442 3840 1526 3887 τις
1547 3826 1632 3892 ἂν,
1656 3831 1793 3897 μετὰ

211 3911 520 3983 ἀνθρώπων
547 3917 707 3971 αὐτὸν
735 3914 874 3973 εἶναι
894 3960 909 3981 .
932 3923 1024 3975 καὶ
1060 3923 1217 3978 τοῦτο
1244 3927 1435 3983 παθεῖν
1459 3947 1473 3962 ·
1512 3932 1627 3987 ἀλλ’
1652 3935 1792 3990 ὥστε

211 4023 536 4096 ἐπιταθῆναι
575 4025 646 4079 τά
666 4029 765 4099 τῆς
795 4031 1063 4103 τιμωρίας
1086 4035 1255 4108 αὐτῷ,
1287 4039 1446 4094 τοῦτο
1470 4042 1711 4112 γέγονεν.
1728 4047 1792 4104 Ὀ

211 4131 322 4203 γὰρ
354 4135 732 4205 σωφρονισμδς
788 4136 985 4207 ὁμοίως
1014 4139 1191 4210 ἔμενε,
1239 4144 1454 4200 πάντων
1510 4149 1795 4219 ἀπαγγελ-

210 4240 412 4295 λόντων
446 4242 515 4295 τὰ
545 4244 664 4296 κατ’
685 4244 975 4309 αὐτὸν,καὶ
1003 4247 1131 4325 ῐσως
1160 4250 1338 4303 αὐτῶν
1362 4253 1645 4325 θεωμένων
1660 4257 1785 4322 ἐξωο

209 4345 372 4400 τοῦτο
416 4347 473 4400 δὲ
516 4347 643 4401 ίδεῖν
688 4349 869 4421 πολλῷ
920 4352 1289 4426 φοϐερώτερον
1348 4352 1435 4427 ἦν.
1468 4361 1574 4413 Καὶ
1617 4362 1790 4418 οὐδὲό

210 4458 401 4529 χρόνος
434 4460 613 4528 ὀλίγος
642 4455 731 4532 ἦν,
759 4461 896 4515 ἀλλὰ
928 4463 1020 4517 καὶ
1043 4465 1205 4529 αὐτὸς
1234 4469 1576 4536 σαϐϐατικός.
1613 4474 1790 4530 Ἑπτὰ

210 4567 320 4639 γάρ
351 4569 564 4637 καιροὶ,
599 4572 751 4641 φησὶ,
779 4572 1228 4642 ἀλλαγήσονται
1249 4591 1261 4604 °
1292 4579 1420 4650 τρία
1468 4582 1638 4652 ἥμισυ
1668 4583 1784 4656 ἐτη.

209 4674 322 4731 Kal
343 4676 493 4745 μετὰ
517 4678 584 4731 τὸ
611 4676 786 4746 τέλος
811 4679 930 4733 τῶν
950 4681 1203 4751 ἡμερῶν,
1226 4684 1359 4755 ἐγὼ,
1392 4689 1541 4759 φησὶ,
1570 4692 1789 4748 Ναϐου-

210 4781 542 4852 χοδονόσορ
563 4784 706 4852 τοὺς
737 4786 1080 4856 ὀφθαλμούς
1104 4807 1217 4857 μου
1262 4794 1347 4859 είς
1391 4796 1497 4849 τὸν
1531 4799 1789 4866 οὐρανὸν

207 4889 527 4955 ἀνέλαϐον,
568 4892 667 4948 καὶ
718 4895 780 4948 al
824 4895 1037 4964 φρένες
1060 4916 1177 4966 μου
1210 4899 1301 4952 ἐπ’
1361 4903 1464 4971 ἐμὲ
1502 4906 1787 4976 ἐπεστρά-

207 5011 437 5067 φησαν,
478 4998 579 5052 καί
642 5000 750 5055 τὸν
785 5002 1074 5070 Ὕψιστον
1132 5008 1471 5078 ηὺλόγησα,
1533 5014 1631 5067 καί
1678 5016 1785 5069 τὸν

210 5102 397 5164 ζῶντα
423 5106 510 5172 είς
547 5104 692 5172 τοὺς
723 5106 943 5175 αἰῶνας
981 5110 1174 5180 ᾔνεσα
1216 5113 1313 5166 καὶ
1345 5116 1609 5181 ἐδόξασα
1634 5160 1649 5184 ,
1694 5121 1783 5177 ὅτι

208 5213 251 5281 ἠ
281 5211 530 5278 ἐξουσία
557 5215 743 5268 αὑτοῦ
766 5214 1020 5280 ἐξουσία
1041 5218 1295 5287 αἰώνιος,
1318 5223 1416 5276 καί
1436 5223 1473 5292 ἡ
1494 5226 1786 5289 ,βασιλειά

205 5320 394 5375 αὐτοῦ
425 5324 512 5388 εις
542 5323 753 5392 γενεὰν
783 5325 882 5378 καὶ
915 5328 1146 5393 γενεάν.
1167 5332 1275 5385 Kal
1305 5332 1526 5401 πάντες
1555 5339 1609 5390 ol
1641 5355 1780 5392 κατ-

207 5427 518 5495 οικοῦντες
570 5429 682 5497 τὴν
723 5429 860 5500 γῆν,
897 5432 979 5498 ὡς
1009 5435 1189 5489 οὐδὲν
1215 5438 1641 5509 ἐλογίσθησαν.
1668 5447 1780 5499 Kal

207 5535 361 5590 κατὰ
392 5534 459 5588 τὸ
496 5536 725 5607 θέλημα
744 5537 929 5593 αὑτοῦ
962 5541 1121 5595 ποιεῖ
1156 5543 1227 5597 ἐν
1274 5545 1352 5615 τῇ
1390 5545 1637 5618 δυνάμει
1674 5551 1780 5604 τοῦ

270 5800 294 5830 ι
320 5801 563 5873 Exiguum
814 5802 892 5873 vae]
927 5802 1083 5873 gelari
1121 5806 1233 5873 τῶν,
1280 5810 1361 5873 νει
1416 5812 1525 5873 addi
1566 5817 1780 5873 ποιηταί,

204 5868 293 5912 aut
312 5862 473 5927 σοφοί,
494 5869 577 5912 aut
593 5863 710 5925 quid
730 5864 909 5914 simile.
932 5862 1183 5927 Inlcrpres
1207 5868 1389 5932 legisse
1425 5872 1617 5923 videtur
1640 5862 1781 5940 σοφοί

1625 476 1693 530 IN
1733 478 2095 543 DANIELEM.

3376 532 3490 590 220

1911 602 2189 669 οὐρανοῦ,
2239 610 2337 662 καί
2368 612 2437 664 ἐν
2482 613 2557 683 τῇ
2586 622 2855 688 κατοικία
2890 622 2994 692 τῆς
3038 624 3179 695 γῆς·
3234 630 3331 685 καὶ
3369 635 3483 690 οὐκ

1907 707 2077 763 ἐστιν
2100 712 2167 779 ὃς
2222 716 2643 789 ἀντιστήσεται
2671 724 2747 795 τῇ
2784 729 2936 797 χειρί
2990 735 3205 799 αὑτοῦ,
3236 740 3334 792 καί
3365 740 3484 809 ἐρεῖ

1906 821 2091 886 αὐτῷ’
2127 824 2185 877 Τί
2219 826 2543 896 ἐποίησας;
2578 833 2721 901 Τοὺς
2760 836 3107 908 ὀφθαλμούς
3145 861 3285 912 μου,
3326 849 3481 917 φησὶ,

1904 928 1989 992 είς
2018 928 2123 982 τὸν
2152 933 2412 1000 οὐρανὸν
2429 936 2745 996 ἀνέλαϐον.
2782 943 3061 1011 Τουτέστι,
3084 950 3355 1022 προσῆλθε
3384 955 3481 1007 καὶ

1904 1033 2101 1104 ηὔξατο
2114 1038 2193 1109 τῷ
2209 1041 2345 1112 Θεῷ,
2364 1046 2456 1098 καὶ
2470 1046 2677 1103 ἐκεῖθεν
2696 1050 2794 1122 τὴν
2811 1051 3060 1123 βοήθειαν
3081 1057 3329 1129 ἐζήτησε.
3350 1061 3487 1115 Καί-

1903 1158 1984 1194 τοι
2020 1144 2111 1197 τοῦ
2149 1147 2338 1216 χρόνου
2367 1149 2766 1224 πληρωθέντος,
2797 1159 2899 1212 οὐκ
2924 1160 3166 1233 ἐθάρρει.
3214 1165 3483 1238 Καθάπερ

1905 1247 2055 1321 [228]
2073 1253 2177 1325 γὰρ
2215 1255 2399 1327 κύριος
2435 1254 2503 1330 ἦν
2534 1262 2668 1332 μηδέ
2692 1263 2903 1334 ἀφεῖναι
2922 1268 2999 1332 είς
3023 1272 3215 1342 πεῖραν
3247 1274 3315 1326 τὰ
3347 1276 3484 1347 πρά-

1904 1374 2088 1427 γματα
2114 1362 2303 1430 ἐλθεῖν,
2327 1364 2497 1432 οὕτως
2524 1370 2571 1421 εί
2602 1372 2694 1424 καὶ
2716 1372 2808 1426 τοῦ
2832 1375 3025 1445 χρόνου
3046 1377 3139 1430 τοῦ
3169 1381 3473 1448 ὁρισθέντος

1904 1464 2278 1537 πληρωθέντος
2306 1471 2525 1543 ἔμελλεν
2558 1478 2881 1551 ἀδιόρθωτος
2914 1484 3112 1553 μένειν,
3134 1488 3285 1543 οὐδὲν
3314 1492 3476 1546 αὐτὸν

1904 1576 2175 1649 ὠφελῆσαι
2204 1582 2232 1634 ὁ
2260 1584 2484 1655 ὁρισμὸς
2520 1583 2681 1658 εἶχεν.
2716 1591 2790 1645 Ού
2822 1591 2930 1663 γὰρ
2983 1596 3122 1650 κατὰ
3170 1598 3414 1672 ἀνάγκην
3448 1604 3482 1672 ή

1904 1683 2176 1755 ἀπόφασις
2200 1690 2294 1742 τοῦ
2327 1692 2481 1756 Θεοῦ,
2505 1695 2640 1750 ἀλλὰ
2666 1699 2801 1772 πρὸς
2829 1702 2895 1755 τὰ
2923 1705 3163 1780 ἡμέτερα
3188 1711 3484 1783 πράγματα

1902 1790 2186 1847 τυποῦται.
2230 1795 2386 1851 Οὖτω
2424 1801 2516 1853 καὶ
2558 1802 2586 1855 ὁ
2614 1805 2832 1877 Δανιὴλ,
2885 1811 2935 1863 εί
2966 1813 3059 1867 καὶ
3122 1815 3415 1892 ἐπληρώθη
3444 1826 3476 1879 ὁ

1904 1900 2113 1970 χρόνος,
2152 1905 2378 1970 εἰκότως
2418 1906 2655 1980 εὔχεται,
2711 1914 2919 1984 μήποτε
2963 1920 3158 1986 κακίας
3193 1942 3482 1995 προσγινο-

1907 2008 2096 2080 μένης,
2134 2013 2404 2086 προστεθῇ
2441 2018 2620 2073 πάλιν.
2659 2022 2866 2095 Ὠσπερ
2900 2026 3008 2098 γὰρ
3048 2029 3138 2082 ἐπὶ
3171 2031 3481 2105 φιλανθρω-

1904 2117 2034 2181 πίας
2050 2120 2256 2188 γίνεται
2285 2123 2460 2189 τοῦτο,
2494 2122 2603 2183 οἷον
2630 2130 2721 2184 ἐπὶ
2747 2132 2840 2186 τοῦ
2883 2135 3120 2199 Ἐζεκίου
3143 2154 3157 2169 '
3208 2139 3349 2195 οὕτω
3384 2144 3482 2197 καὶ

1904 2226 1998 2279 ἐπὶ
2027 2231 2296 2301 τιμωρίας
2321 2233 2468 2298 εἰκὸς
2503 2236 2747 2305 γίνεσθαι
2776 2280 2791 2305 ,
2836 2244 3084 2316 καθάπερ
3122 2247 3215 2301 καὶ
3245 2249 3337 2302 ἐπὶ
3372 2250 3481 2306 τῶν

1915 2330 2205 2400 Ἰουδαίων,
2248 2336 2494 2392 ἐϐούλετο
2525 2342 2721 2406 αὐτοὺς
2756 2345 2957 2411 εὐθέως
2984 2350 3064 2413 είς
3115 2351 3481 2425 Παλαιστίνην

1903 2436 2152 2491 ἀπελθεῖν
2172 2455 2186 2470 ο
2212 2441 2407 2495 ἐκεῖνοι
2439 2446 2842 2513 τεσσαράκοντα
2874 2450 2968 2521 ἐτη
2998 2455 3357 2527 προστεθῆναι
3384 2459 3500 2512 σύμ

1900 2542 2012 2604 τοῖς
2036 2542 2293 2614 ἐποίησαν
2314 2546 2401 2600 διά
2418 2548 2517 2618 τῆς
2536 2553 2897 2623 παρανομίας.
2920 2556 3062 2627 Ὅρα
3076 2558 3133 2612 δέ
3160 2561 3321 2616 αὑτὸν
3343 2564 3480 2634 πρὸς

1899 2642 1988 2695 τὸν
2008 2644 2138 2698 Θεὸν
2168 2648 2452 2715 φεύγοντα.
2475 2652 2782 2724 Ἀνέϐλεψα,
2812 2658 2964 2728 φησὶ,
2994 2663 3073 2724 είς
3102 2663 3194 2717 τὸν
3225 2666 3474 2737 οὐρανὸν,

1898 2747 1993 2798 καὶ
2021 2748 2218 2816 γέγονα
2248 2752 2408 2805 πάλιν
2434 2753 2735 2825 ἄνθρωπος.
2765 2759 2873 2813 Kal
2899 2763 2936 2830 ἠ
2958 2764 3157 2833 μορφή
3209 2785 3328 2836 μου
3370 2770 3477 2824 ἐπα

1896 2849 2192 2920 ἔστρεψεν
2216 2855 2307 2908 ἐπ’
2327 2857 2668 2934 ἐμέ.”οσπερ
2696 2864 2728 2932 η
2760 2867 2941 2938 μορφὴ
2977 2870 3146 2924 αὐτοῦ
3178 2870 3478 2944 ἐξήλλακτο

1903 2949 1999 3019 μὲν
2025 2952 2123 3022 τῆς
2150 2954 2515 3025 ἀνθρωπείας,
2538 2960 2599 3011 οὐ
2627 2960 2732 3031 μὴν
2761 2964 2840 3025 είς
2875 2963 3060 3036 θηρίον
3091 2971 3471 3044 μετεϐέϐλητο·

1898 3061 2038 3116 οὕτω
2071 3066 2163 3118 καὶ
2214 3068 2246 3137 ἡ
2289 3068 2515 3124 διάνοια.
2560 3073 2669 3125 Καὶ
2717 3075 2798 3142 τί;
2857 3079 3063 3150 ᾜνεσα
3099 3083 3192 3135 καὶ
3227 3083 3470 3150 ἐδόξασα.

1900 3171 1965 3224 Τί
2025 3176 2350 3246 τεκμήριον;
2412 3178 2523 3233 Τὸν
2568 3181 2891 3250 "ML-lator,
2933 3190 3089 3259 φησὶ,
3130 3192 3470 3262 ηὑλόγησα,

1897 3283 1995 3336 καὶ
2027 3284 2133 3338 τὸν
2164 3285 2347 3346 ζῶντα
2392 3293 2478 3356 εις
2526 3294 2669 3361 τσὺς
2718 3297 2938 3366 αἰῶνας
2978 3301 3190 3370 ᾔνεσα,
3226 3303 3325 3357 καί
3352 3303 3483 3359 ἐδό-

1896 3395 2073 3459 ξασα.
2095 3400 2257 3454 Οὐδὲν
2278 3403 2385 3473 γὰρ
2407 3404 2547 3458 οὕτω
2572 3407 2849 3478 νομίζουσι
2871 3412 3005 3466 Θεοῦ
3035 3409 3174 3469 εῖναι
3205 3415 3372 3484 ἄξιον,
3397 3418 3473 3484 ὡς

1894 3506 2064 3562 τὸδιὰ
2113 3513 2312 3577 παντὸς
2357 3510 2513 3573 εἶναι.
2548 3519 2668 3573 Ὅτι
2698 3523 2736 3590 η
2764 3523 3017 3587 ἐξουσία
3062 3528 3271 3594 αὑτοῦ,
3313 3532 3471 3600 φησὶ,

1894 3621 2145 3685 ἐξουσία
2165 3624 2422 3692 αἰώνιος,
2441 3629 2537 3682 καί
2574 3632 2913 3697 ήβασιλεία
2932 3637 3117 3691 αὐτοῦ
3141 3642 3227 3705 είς
3254 3644 3468 3705 γενεὰν

1893 3739 1989 3791 καὶ
2016 3741 2244 3808 γενεάν.
2296 3744 2510 3816 Ἐπειδὴ
2544 3745 2717 3818 τούτῳ
2767 3750 2997 3819 μάλιστα
3040 3752 3320 3822 ἄνθρωπος
3364 3757 3499 3811 αύ-η.

1891 3849 1984 3903 τοῦ
2017 3851 2318 3922 διέστηκεν,
2340 3855 2436 3909 καὶ
2469 3856 2629 3910 τοῦτο
2654 3854 2722 3930 ἦν
2750 3862 2902 3933 παρὰ
2929 3863 3241 3935 ἀνθρώποις
3271 3869 3332 3922 τὸ
3367 3887 3472 3940 μα-

1892 3961 2167 4030 καριστόν.
2197 3962 2318 4017 Ὅτι
2376 3967 2414 4034 ἡ
2473 3966 2725 4032 ἐξουσία
2771 3972 2977 4033 αὐτοῦ.
3025 3977 3177 4045 φησὶ,
3219 3978 3470 4044 ἐξουσία

1890 4077 2144 4144 αἰώνιος,
2168 4079 2319 4151 παρὰ
2341 4081 2514 4135 πάντα
2541 4083 2631 4138 τὸν
2649 4085 2836 4155 χρόνον
2863 4088 2999 4143 ἐστί.
3024 4090 3205 4161 Χωρὶς
3236 4095 3464 4165 τροφῆς,

1892 4188 2041 4257 φησὶ,
2099 4187 2326 4259 ἐθρεψεο
2387 4193 2557 4263 χωρὶς
2602 4194 2713 4248 τῶν
2769 4197 3101 4269 ἐνδυμάτων,
3145 4205 3315 4275 χωρὶς
3355 4207 3466 4261 τῶν

1888 4296 2060 4350 ἄλλων
2093 4299 2347 4354 ἁπάντων
2392 4302 2451 4354 ού
2496 4302 2764 4376 διεφθάρη
2807 4324 2897 4377 μοι
2933 4308 2995 4363 τὸ
3034 4310 3212 4382 σῶμα.
3250 4315 3468 4387 Ἐννόη-

1891 4426 1981 4460 σον
2006 4403 2114 4472 οἷος
2147 4405 2213 4480 ἦν
2242 4412 2476 4467 ἐπανιὼν
2508 4416 2616 4469 άπὸ
2640 4418 2736 4488 τῆς
2768 4419 2977 4490 ἐρήμου
3011 4422 3146 4492 πρὸς
3174 4424 3271 4497 τὴν
3308 4426 3462 4497 βασι-

1888 4521 2054 4575 λείαν.
2083 4523 2254 4590 Αὐτῷ
2286 4528 2415 4595 γὰρ,
2456 4529 2610 4598 φησὶ,
2654 4529 2732 4595 τῷ
2788 4532 2971 4604 κίειρῷ
3004 4538 3062 4589 αι
3102 4536 3315 4605 φρένες
3342 4558 3461 4609 μου

1887 4635 2373 4707 ἐπεστράφησαν,
2409 4640 2508 4694 καί
2538 4645 2625 4707 είς
2664 4643 2776 4710 τὴν
2802 4646 2982 4714 τιμὴν
3010 4647 3117 4713 τῆς
3140 4649 3462 4717 βασιηείας

1881 4767 2001 4817 μου
2032 4749 2247 4816 ἧλθον’
2296 4752 2395 4803 καί
2447 4754 2485 4820 ἠ
2532 4753 2734 4823 μορφή
2785 4772 2905 4823 μου
2958 4756 3331 4829 ἐπέστρεψεν
3367 4762 3459 4815 ἐπ’

1884 4862 2013 4930 ἐμέ·
2043 4862 2139 4915 καί
2166 4866 2219 4916 οί
2275 4865 2556 4933 τύραννοί
2593 4885 2732 4936 μου,
2772 4870 2869 4923 καί
2893 4873 2945 4925 οί
2958 4872 3317 4941 μετιστᾶνές
3340 4893 3462 4944 μου

1886 4974 2179 5043 ἐζήτησάν
2218 4994 2325 5045 με’
2363 4978 2460 5032 καὶ
2507 4980 2605 5033 ἐπί
2650 4981 2764 5051 τὴν
2783 4983 3112 5047 ,βασιλείαν
3135 5005 3253 5057 μου
3292 4989 3461 5058 ἐκρα-

1884 5084 2153 5154 ταιώθην,
2182 5090 2277 5141 καί
2300 5093 2699 5162 ιιεγαῖωσύνη
2737 5098 3137 5166 περισσοτέρα
3176 5102 3460 5167 προσετέ-

1884 5197 1957 5262 θη
1980 5212 2101 5264 μοι.
2156 5197 2262 5251 Kal
2299 5198 2595 5267 ἐζήτησάν
2646 5219 2742 5271 με,
2799 5205 2952 5275 φησὶ,
2994 5210 3047 5261 οἱ
3102 5208 3460 5277 μεγιστᾶνές

1879 5327 2016 5378 μου,
2052 5315 2103 5365 ol
2133 5310 2465 5378 κρατοῦντα
2507 5312 2602 5365 καὶ
2653 5315 3065 5378 βασιλεύοντα
3115 5321 3456 5389 διώξαντες.

1897 5420 2056 5475 Ἀλλὰ
2088 5421 2174 5475 διὰ
2205 5422 2265 5475 τὸ
2292 5422 2611 5494 πρόσταγμα
2644 5424 2739 5479 τοῦ
2757 5426 2902 5480 ’Θεοῦ
2925 5429 2972 5481 δ.
3015 5432 3113 5485 Διὰ
3150 5433 3257 5503 γὰρ
3300 5433 3456 5487 τοῦτο

1883 5534 2070 5605 χρόνος
2134 5537 2370 5606 ὁρίζεται
2408 5579 2424 5603 ,
2483 5538 2571 5592 ἵνα
2622 5540 2695 5611 μὴ
2745 5542 3066 5614 αὐτομάτως
3124 5546 3349 5617 νομίσῃς
3400 5566 3453 5602 τι

1943 5757 1970 5796 ιτ
1994 5757 2410 5835 Aliquigyidejlm:
2433 5762 2640 5835 ¹(Ὶεεεειεἒ
2684 5762 2946 5835 ῐιιιειιιπηξς.1
2967 5772 3102 5833 ρει-ιβ
3136 5767 3281 5835 habet
3309 5787 3319 5815 :
3344 5780 3473 5835 gum:

1881 5813 2055 5891 iterum
2091 5813 2262 5891 ’παίετε
2307 5816 2656 5891 αεείάιζαραὶιι,
2684 5836 2775 5872 non
2807 5813 3001 5887 fnoplcr
3032 5813 3143 5891 ejus’
3174 5813 3470 5888 ιιὺεειιιίξιιιᾴ

1880 5878 1963 5929 sed
1985 5887 2175 5942 prapler
2198 5880 2441 5932 decretum
2469 5884 2568 5933 Dei.
