4016 6468
211 473 321 528 221

209 574 666 642 Quemadmodum
717 571 881 626 forma
908 571 1044 624 illius
1072 567 1290 622 multum
1321 564 1530 634 quidem
1558 562 1624 614 ab
1671 559 1770 612 huc

206 680 372 720 mana
403 675 519 720 eral.
544 674 739 717 mutata
764 681 778 727 ;
807 679 910 715 non
943 671 1113 714 tamen
1164 660 1212 711 in
1245 657 1465 710 bestiam
1492 665 1779 706 conversus

207 757 385 812 ft-erat
416 776 429 810 :
461 758 530 809 ita
561 767 612 808 et
639 770 786 809 mens
809 754 965 807 illius.
1003 753 1063 804 Et
1088 749 1249 820 quid?
1281 745 1511 802 Laudari
1536 754 1588 799 et
1615 745 1778 814 glori-

214 847 392 900 Iicavi.
427 846 700 912 Quodnam
733 840 1022 897 indicium?
1053 840 1382 898 Altisslmum.
1418 835 1607 904 inquit,
1633 835 1778 885 bene-

215 939 349 1002 dixi,
381 947 428 990 et
453 939 688 991 viventem
712 936 762 988 in
781 935 966 987 sarcula
992 932 1210 995 laudavi,
1234 946 1291 981 ac
1312 926 1610 998 gloriﬁcavi.
1641 925 1779 979 Nihil

211 1030 358 1084 enim
407 1028 478 1082 ita
539 1027 752 1095 dignum
805 1025 913 1077 Deo
970 1037 1087 1076 esse
1130 1031 1360 1090 putatur,
1412 1029 1469 1072 ut
1521 1026 1780 1086 perpetuo

210 1119 494 1172 exsistere.
525 1116 656 1182 Quia
691 1122 905 1184 potestas
933 1113 1062 1180 ejus,
1097 1110 1281 1179 inquit,
1311 1119 1528 1176 potestas
1570 1117 1777 1168 (eterna,

211 1220 264 1263 et
301 1225 512 1278 regnum
535 1209 643 1278 ejus
668 1207 718 1259 in
752 1205 1116 1276 generationem
1154 1210 1198 1255 et
1229 1200 1618 1270 generationem.
1641 1198 1781 1263 Quo-

212 1299 358 1353 niam
387 1299 439 1351 in
463 1311 528 1351 eo
551 1294 879 1365 potissimum
923 1293 1080 1345 homo
1108 1291 1174 1344 ab
1199 1290 1291 1344 illo
1320 1289 1654 1357 distinguitur
1686 1305 1699 1340 :
1730 1297 1782 1340 et

213 1389 319 1442 hoc
361 1395 476 1441 erat
503 1385 640 1454 quod
688 1383 825 1452 apud
878 1383 1118 1435 homines
1171 1379 1382 1434 beatum
1459 1378 1774 1432 habebatur.

218 1477 356 1544 Quia
400 1484 612 1543 potestas
642 1475 769 1543 ejus,
818 1473 1003 1541 lnquit,
1034 1478 1248 1541 potestas
1283 1478 1491 1530 teterna,
1545 1469 1595 1521 in
1624 1481 1782 1521 omne

226 1582 435 1637 tempus
460 1566 682 1621 exsistit.
713 1564 840 1618 Sine
865 1563 1002 1626 cibo,
1027 1563 1120 1624 ait,
1148 1574 1233 1614 me
1263 1560 1480 1616 nutrivit
1507 1577 1519 1612 :
1547 1558 1661 1611 sine
1691 1572 1781 1610 ve-

223 1661 510 1724 stimentis,
543 1657 656 1710 sine
699 1656 814 1708 aliis
843 1653 1089 1706 omnibus
1133 1650 1293 1705 rebus
1337 1657 1643 1718 corruptum
1678 1662 1782 1701 non

216 1761 301 1806 est
326 1764 502 1804 meum
529 1760 740 1816 corpus.
769 1744 951 1814 Cogita
979 1740 1149 1811 qualis
1174 1749 1322 1804 erat,
1351 1739 1476 1792 dum
1498 1753 1527 1790 a
1571 1738 1784 1791 deserto

211 1842 281 1896 ad
310 1854 526 1910 regnum
552 1837 723 1892 rediit.
752 1836 836 1890 55.
876 1852 893 1884 ‹
924 1833 1002 1887 Εο
1026 1832 1187 1893 enim,
1229 1849 1246 1881 ι
1281 1829 1466 1898 inquit,
1488 1844 1506 1878 ι
1546 1836 1785 1896 tempore

219 1947 373 1988 mens
418 1945 533 1985 mea
572 1943 779 1983 reversa
827 1934 908 1980 est
937 1942 947 1977 :
974 1931 1026 1976 et
1077 1921 1144 1975 ad
1184 1924 1442 1974 honorem
1495 1919 1641 1989 regni
1681 1919 1783 1971 mei

217 2022 341 2075 veni
376 2039 388 2074 :
417 2029 471 2075 et
496 2019 662 2073 forma
689 2032 803 2070 mea
830 2014 985 2069 rediit
1007 2012 1074 2066 ad
1107 2027 1191 2065 me
1220 2030 1232 2065 :
1256 2021 1309 2065 et
1336 2009 1541 2080 tyranni
1577 2009 1712 2071 mei,
1733 2015 1786 2061 et

220 2113 508 2181 optimates
532 2110 637 2164 mei
663 2107 988 2178 qumsierunt
1016 2119 1100 2158 me
1129 2122 1141 2156 :
1172 2112 1224 2156 et
1250 2103 1300 2155 in
1352 2115 1568 2168 regnum
1609 2113 1783 2153 meum

223 2202 568 2257 conﬁrmatus
611 2214 726 2253 sum
752 2215 763 2250 :
789 2205 841 2251 et
885 2193 1188 2264 magnitudo
1215 2192 1436 2259 amplior
1480 2188 1653 2243 addita
1707 2197 1788 2241 est

221 2294 376 2349 mihi.
410 2311 430 2345 ι
469 2292 528 2344 Et
561 2290 863 2360 quazsierunt
883 2303 978 2348 me,
1007 2284 1209 2353 inquit,
1242 2282 1504 2347 aptimates
1534 2280 1668 2343 mei;
1699 2279 1786 2347 qui

214 2385 579 2440 dominantem
628 2395 689 2433 ac
735 2385 1038 2447 regnantem
1090 2373 1400 2442 expulerant
1441 2379 1498 2425 et
1545 2368 1784 2423 oderant.

219 2476 384 2545 quue
411 2489 474 2528 ex
501 2473 712 2525 decreto
741 2468 850 2522 Dei.
882 2465 1005 2520 Ideo
1029 2464 1168 2519 enim
1199 2472 1404 2531 tempus
1430 2459 1697 2520 delinitur,
1723 2474 1789 2512 ne

218 2565 492 2621 existimes
507 2561 789 2632 quidquam
815 2558 1034 2612 fortuito
1056 2556 1319 2630 evenisse.
1349 2552 1418 2605 Et
1427 2569 1632 2622 regnum
1655 2550 1789 2603 illius

220 2658 273 2709 in
316 2654 687 2724 generationem
730 2659 776 2703 et
806 2649 1170 2718 generationem
1206 2660 1224 2698 :
1254 2655 1298 2697 et
1324 2659 1491 2696 omnes
1537 2651 1682 2724 terra:
1714 2649 1789 2690 in-

218 2745 364 2804 colat,
397 2742 538 2810 quasi
591 2738 803 2792 nihilum
842 2737 1056 2806 reputati
1095 2745 1231 2788 sunt.
1275 2732 1406 2786 Nam
1451 2731 1495 2786 si
1550 2744 1648 2798 ego
1700 2728 1787 2796 qui

220 2832 467 2886 omnibus
498 2828 817 2898 imperabam
844 2868 858 2888 .
888 2826 1034 2896 quasi
1075 2823 1294 2878 nihilum
1348 2827 1621 2890 repulatus
1648 2833 1787 2882 sum,

221 2923 389 2977 multo
418 2920 582 2988 magis
614 2917 819 2986 reliqui.
851 2917 1065 2972 Scilicet
1111 2914 1198 2982 qui
1247 2911 1378 2966 adeo
1407 2920 1675 2979 potentem
1723 2909 1790 2963 de

223 3027 390 3081 regno
433 3009 640 3078 dejecit,
689 3009 854 3062 multo
894 3007 1060 3075 magis
1105 3004 1390 3074 subjectos.
1422 3001 1484 3055 Et
1514 3000 1789 3054 secundum

221 3103 530 3154 voluntatem
555 3116 695 3152 suam
723 3099 843 3168 facit
870 3099 922 3150 in
955 3098 1129 3150 virtute
1155 3096 1287 3160 ca'li,
1321 3104 1364 3146 et
1390 3095 1441 3147 in
1483 3093 1785 3146 habitatione

233 3203 399 3246 terrm.
429 3189 583 3252 Illud,
627 3189 782 3253 Quasi
829 3188 1040 3240 nihilum
1085 3186 1304 3255 reputati
1351 3195 1487 3246 sunt,
1519 3199 1622 3237 non
1651 3183 1789 3251 quod

225 3289 534 3336 contemnat
563 3280 700 3342 illos,
727 3278 882 3339 absit,
907 3277 998 3330 sed
1025 3277 1144 3344 quia
1175 3284 1360 3343 potens
1389 3282 1488 3336 est,
1519 3282 1570 3326 et
1601 3287 1787 3341 quem-

223 3375 507 3429 admodum
536 3373 664 3435 vult,
706 3371 824 3423 illos
845 3370 970 3438 agit.
1018 3368 1126 3421 lloc
1157 3367 1311 3436 igitur
1357 3365 1627 3433 sequentia
1662 3380 1792 3432 quo»

220 3480 325 3532 que
355 3463 623 3517 declarant
656 3480 667 3514 :
698 3459 764 3512 Et
793 3459 1065 3513 secundum
1092 3459 1394 3510 voluntatem
1418 3471 1559 3506 suam
1592 3453 1712 3521 facit
1739 3454 1789 3506 in

221 3559 403 3611 virtute
425 3554 554 3616 ca'li,
573 3562 616 3606 et
638 3553 688 3605 in
712 3551 1015 3603 habitatione
1039 3558 1201 3600 terrm.
1225 3545 1352 3598 Esto
1378 3559 1526 3608 sane,
1555 3543 1620 3597 de
1651 3552 1790 3596 terra

223 3648 363 3702 nosti
398 3663 411 3698 :
442 3655 496 3698 at
526 3645 589 3698 de
617 3643 765 3703 caelo,
795 3639 931 3694 unde
957 3638 1058 3692 scis
1078 3638 1099 3690 ?
1123 3639 1163 3691 A
1194 3636 1418 3690 somnio.
1447 3634 1626 3688 Jussit.
1649 3632 1788 3700 Quos

223 3736 382 3790 modo
432 3733 777 3786 obedierunt?
823 3729 898 3781 Ex
937 3729 1055 3796 igne
1087 3725 1334 3778 fornacis.
1384 3722 1448 3775 Et
1480 3739 1577 3774 non
1607 3731 1675 3774 est
1705 3723 1790 3791 qui

221 3827 419 3879 resistat
449 3822 620 3875 manui
667 3822 796 3889 ejus,
830 3827 874 3870 et
901 3819 1032 3869 dicat
1084 3817 1127 3868 ei
1161 3831 1176 3866 :
1210 3814 1375 3878 Quare
1420 3813 1620 3881 fecisti?
1669 3812 1780 3865 Non

226 3924 429 3968 tantum
454 3953 468 3976 ,
500 3910 700 3978 inquit,
734 3922 836 3960 non
892 3904 1255 3960 adversabitur
1302 3920 1313 3954 :
1347 3901 1440 3956 sed
1473 3917 1570 3956 nec
1619 3902 1790 3955 verbis

224 4013 377 4058 tenus
403 3998 764 4068 interrogabit.
799 3997 1059 4050 Omnibus
1089 3995 1179 4048 ille
1203 3994 1444 4062 imperat,
1477 3993 1652 4047 omnia
1679 3993 1789 4061 ipse

223 4102 321 4147 cst.
355 4090 431 4143 Eo
452 4131 464 4153 ,
506 4089 702 4155 inquit,
732 4097 951 4155 tempore
977 4101 1114 4138 mens
1145 4101 1252 4136 mea
1283 4100 1476 4136 reversa
1504 4091 1573 4136 est
1599 4081 1664 4133 ad
1692 4097 1786 4134 me.

225 4185 300 4237 l-lo
336 4181 520 4250 :quo?
549 4180 663 4247 Quo
692 4179 828 4231 Deus
853 4177 1080 4230 dixerat.
1115 4174 1266 4230 Unde
1307 4175 1450 4227 illum
1503 4184 1555 4227 et
1604 4174 1654 4224 in
1701 4187 1786 4226 re-

221 4287 379 4340 gnum
411 4268 776 4323 reduxerunt?
826 4266 914 4334 qui
945 4266 1087 4319 enim
1115 4264 1248 4317 adeo
1281 4272 1544 4330 potentem
1575 4261 1786 4327 dejece-

220 4371 376 4422 rant,
420 4359 684 4428 quomodo
719 4357 985 4412 inﬁrmum
1040 4356 1230 4407 factmu
1285 4353 1640 4406 revocarunt?
1675 4371 1690 4402 t
1725 4352 1788 4404 lit

219 4452 285 4506 ad
317 4450 574 4504 honorem
604 4448 750 4518 regni
783 4448 885 4500 mei
913 4445 1031 4499 veni
1069 4463 1080 4498 :
1113 4453 1165 4498 et
1195 4443 1364 4497 forma
1395 4458 1509 4495 mea
1536 4443 1687 4495 rediit
1720 4442 1784 4494 ad

218 4558 304 4597 mc
329 4555 344 4595 :
376 4550 430 4595 et
458 4540 663 4611 tyranni
693 4538 793 4591 mei
816 4547 867 4592 et
897 4536 1179 4603 eptimates
1205 4535 1302 4586 mei
1334 4534 1744 4601 qumrebantme
1771 4547 1783 4584 :

218 4645 270 4689 et
293 4634 342 4687 in
383 4647 547 4701 regno
578 4645 696 4684 meo
719 4628 1058 4682 conﬁrmatus
1080 4641 1216 4687 sum,
1247 4635 1299 4678 et
1338 4626 1642 4695 magnitudo
1669 4641 1783 4678 am-

220 4727 354 4794 plior
377 4722 551 4778 addita
598 4731 680 4774 est
709 4720 856 4773 mihi.
906 4738 924 4770 ι
966 4718 1123 4771 Vides
1155 4727 1208 4770 ut
1237 4717 1372 4770 Deus
1405 4729 1455 4770 et
1481 4726 1710 4771 statuere
1735 4726 1788 4769 et

216 4822 458 4868 evertere
481 4811 646 4879 possit
675 4824 891 4878 regnum
914 4810 934 4860 ?
966 4808 1252 4876 Oportebat
1277 4807 1535 4875 siquidem
1562 4808 1672 4859 haec
1694 4822 1785 4875 per

216 4922 298 4972 ea,
326 4920 446 4975 quae
498 4912 651 4956 antea
691 4901 1042 4969 contigerant,
1075 4899 1346 4968 explorata
1401 4898 1594 4952 habere
1627 4917 1638 4951 :
1691 4900 1783 4952 sed

215 4997 464 5068 quoniam
497 5003 550 5048 tu
575 4993 820 5063 ignorasti
853 5007 935 5055 ea,
965 5007 1185 5058 regnum
1219 4992 1466 5044 Dominus
1489 4992 1696 5055 evertit,
1731 4999 1783 5044 et

217 5086 344 5142 illud
371 5086 560 5140 iterum
586 5084 780 5137 erexit.
831 5083 917 5136 54.
951 5099 967 5131 ε
1001 5081 1147 5134 Nunc
1196 5081 1351 5150 igitur
1377 5098 1472 5150 ego
1503 5081 1784 5134 Nabucho-

217 5180 450 5232 donosor
479 5175 631 5228 laudo
652 5183 705 5227 et
727 5173 902 5226 exalto
923 5183 973 5226 ct
1002 5172 1236 5240 gloriﬁco
1270 5171 1467 5240 Regem
1495 5173 1630 5234 caeli,
1663 5172 1783 5240 quia

214 5267 387 5323 omnia
427 5281 588 5334 opera
641 5265 777 5316 illius
805 5279 946 5325 vera,
990 5271 1042 5314 et
1072 5261 1272 5314 semita:
1310 5261 1422 5328 ejus
1461 5261 1678 5327 judicia,
1732 5270 1784 5313 et

210 5365 396 5413 omnes
425 5354 729 5409 incedentes
757 5353 807 5405 in
831 5351 1072 5419 superbia
1103 5358 1274 5418 potest
1298 5349 1592 5401 humiliare.
1629 5369 1643 5400 ι
1672 5350 1779 5402 Dici

212 5449 429 5517 nequit,
461 5463 581 5501 eum
636 5453 947 5513 potestatem
993 5443 1202 5508 quidem
1250 5441 1467 5506 habere,
1518 5440 1608 5493 sed
1644 5440 1779 5508 inju-

212 5551 346 5595 stam
380 5556 393 5592 :
428 5537 567 5591 illius
596 5537 789 5606 quippe
818 5547 1002 5600 magna
1029 5541 1108 5584 est
1132 5531 1353 5599 justitia.
1385 5530 1449 5581 Et
1476 5547 1665 5594 omnes,
1697 5531 1781 5596 qui

210 5629 511 5701 gradiuntur
535 5627 586 5678 in
637 5622 899 5689 superbia,
947 5631 1105 5689 potest
1135 5620 1419 5672 humiliore.
1475 5619 1587 5672 Non
1626 5617 1774 5684 dixit,

215 5719 480 5780 llumiliat,
515 5726 567 5769 ut
596 5711 692 5767 tibi
737 5715 873 5767 illius
903 5714 1058 5766 etiam
1110 5713 1556 5779 atquanimitatem
1603 5722 1779 5766 osten-

214 5815 378 5879 deret,
413 5820 538 5870 etut
571 5808 918 5878 intelligeres,
945 5804 1082 5875 quod
1112 5820 1215 5860 non
1246 5820 1310 5860 ex
1336 5805 1656 5874 inﬁrmitate,
1678 5806 1772 5861 sed

1584 449 1645 505 IN
1689 445 2044 502 DANIELEM.

3355 463 3468 504 999

1889 555 2028 623 quod
2053 571 2145 623 per
2173 572 2332 611 unum
2366 558 2497 612 alios
2526 559 2792 613 emendat.
2830 559 2985 614 \‘idcs
3015 560 3302 629 potentiam
3332 562 3354 614 τ
3383 563 3461 616 vi-

1889 648 1985 699 des
2031 647 2323 714 justitiam?
2355 651 2502 704 vides
2550 667 2673 719 erga
2726 653 2968 706 homines
3016 656 3487 712 amoremHides-

1887 738 2000 793 haec
2021 740 2086 794 ab
2115 755 2207 794 ore
2234 741 2458 794 barbaro
2489 745 2852 810 pronuntiari?
2884 745 3136 813 Quisnam
3170 746 3240 801 ita
3285 747 3455 815 philo-

1888 829 2140 896 SOphatns
2170 831 2289 883 est?
2311 831 2408 896 Qui
2434 835 2704 899 prophetis
2736 845 2884 887 erant
2915 837 3150 889 innutriti
3177 878 3190 897 ,
3223 837 3351 892 nihil
3379 840 3456 892 si-

1889 921 2013 974 mile
2043 921 2418 990 loquebantur,
2469 923 2564 978 sed
2599 929 2862 980 contraria
2893 929 3121 995 penitus.
3157 928 3276 982 Non
3304 931 3456 1000 faciet

1887 1011 2008 1065 bene
2037 1012 2302 1077 Dominus,
2328 1016 2495 1078 aiunt,
2522 1025 2692 1069 etnon
2714 1019 2862 1086 faciet
2887 1021 3017 1073 male
3043 1021 3230 1090 (Soph.
3257 1024 3308 1076 l.
3339 1022 3450 1090 12).

1888 1103 1951 1156 Et
1980 1105 2165 1157 iterum
2193 1121 2204 1156 :
2234 1104 2417 1159 Nonne
2432 1107 2481 1158 iu
2494 1107 2787 1176 fortitudine
2812 1120 2980 1163 nostra
2993 1111 3252 1166 habuimus
3269 1130 3458 1168 cornua

1891 1195 1906 1258 (
1935 1195 2082 1247 Amos
2111 1194 2163 1247 6.
2190 1197 2254 1248 Η
2278 1197 2340 1264 )‘l
2369 1196 2436 1249 Et
2466 1216 2479 1250 :
2511 1197 2686 1252 Omnis
2701 1200 2784 1268 qui
2804 1200 2922 1266 facit
2951 1201 3156 1264 malum,
3184 1203 3365 1254 bonum
3383 1212 3458 1258 est

1888 1288 1939 1338 in
1965 1298 2230 1357 conspectu
2261 1288 2482 1356 Domini,
2514 1301 2560 1344 et
2583 1291 2635 1343 in
2650 1293 3362 1361 hiscomplacaitei(dlalach.
3393 1295 3452 1347 ‘2.

1889 1379 1999 1447 l7).
2023 1380 2083 1432 lit
2109 1396 2122 1433 :
2153 1380 2300 1445 Quod
2312 1382 2692 1436 emolumentum
2713 1424 2728 1446 ,
2757 1383 2874 1453 quia
2901 1384 3159 1437 serviimus
3186 1383 3264 1438 illi
3292 1384 3453 1454 (Ibid.

1887 1471 1940 1523 5.
1974 1469 2104 1540 14)?
2133 1470 2295 1526 Vides
2347 1472 2400 1525 in
2447 1472 2727 1528 Palmstina
2777 1475 3022 1544 dogmata
3062 1477 3295 1529 satanica
3321 1478 3344 1530 'l
3371 1477 3452 1530 vi-

1887 1559 1982 1613 des
2023 1559 2074 1612 in
2123 1560 2401 1615 barbarico
2440 1561 2558 1616 solo
2599 1563 2985 1632 philosonhiam
3040 1565 3456 1634 propheticam?

1889 1650 2014 1705 llmc
2037 1651 2215 1719 ﬁgura:
2236 1655 2560 1722 suntgratiaz
2589 1655 2726 1724 apud
2765 1666 2953 1725 gentes
2978 1658 3164 1712 futura:
3189 1676 3203 1722 ;
3235 1667 3288 1713 et
3316 1659 3457 1727 quod

1887 1741 2113 1809 gentiles
2140 1743 2370 1797 debeant
2396 1755 2729 1800 antevertere
2753 1747 2965 1801 Judzeos
2991 1789 3004 1810 ,
3035 1764 3096 1802 ac
3123 1750 3454 1817 pratsultarc.

1892 1831 2078 1885 Postea
2109 1832 2350 1888 Baltasar
2377 1835 2479 1903 (α),
2525 1852 2646 1890 cum
2698 1837 2748 1891 in
2777 1837 2866 1890 illo
2896 1839 3138 1895 convivio
3169 1840 3347 1897 ebrius
3374 1855 3457 1897 cs-

1891 1933 1992 1985 svt,
2021 1921 2173 1989 jubet
2203 1939 2326 1977 vasa
2354 1925 2506 1979 educi
2541 1945 2552 1979 :
2583 1928 2729 1994 quasi
2771 1928 2827 1982 in
2867 1929 3086 1985 vietoria
3139 1931 3300 1996 patris
3345 1931 3458 1998 glo-

1893 2010 2054 2076 rians,
2087 2013 2253 2082 magis
2278 2029 2404 2068 vero
2425 2017 2720 2084 petulanter
2748 2018 3004 2074 inSultans
3029 2041 3040 2073 :
3070 2035 3184 2085 seu,
3210 2021 3456 2088 quoniam

1891 2101 2126 2155 convivae
2151 2118 2336 2157 eorum
2363 2121 2481 2174 qua:
2511 2109 2840 2176 contigerant
2870 2109 3076 2163 fuerant
3100 2119 3458 2179 spectatores;

1891 2200 1946 2243 ut
1971 2191 2182 2246 tolleret
2207 2208 2321 2246 eam
2351 2209 2506 2263 quam
2527 2196 2593 2250 de
2613 2198 2719 2251 Deo
2751 2198 3010 2254 habebant
3035 2201 3459 2258 admirationem.

1894 2281 1958 2334 Et
1990 2280 2090 2335 hoc
2114 2297 2178 2336 ex
2207 2285 2448 2351 superbia
2476 2297 2530 2340 et
2559 2287 2816 2342 ebrietate
2843 2288 3127 2346 faciebant.
3169 2292 3462 2346 Careamus

1894 2372 2270 2437 temulentiam,
2327 2374 2522 2431 dilecti.
2576 2377 2731 2431 Multa
2788 2379 2928 2433 enim
2977 2381 3203 2435 absurda
3253 2382 3319 2434 ab
3360 2383 3459 2435 hac

1893 2461 2044 2517 liunt.
2068 2463 2172 2518 Sed
2194 2473 2248 2518 et
2271 2480 2489 2536 magnos
2510 2469 2647 2522 viros
2677 2482 2888 2539 superat
2920 2472 3170 2527 ebrietas.
3205 2473 3332 2526 Nam
3359 2475 3457 2527 istc

1892 2565 2010 2604 cum
2043 2553 2218 2605 vinum
2236 2565 2520 2622 gustasset,
2554 2573 2676 2611 vasa
2719 2559 2895 2614 efferri
2921 2562 3096 2629 jussit.
3129 2563 3329 2629 Quibus
3372 2579 3462 2630 pe-

1899 2654 2138 2712 percerat
2161 2655 2311 2714 pater
2330 2647 2492 2711 illius,
2513 2650 2600 2717 qui
2624 2665 2685 2703 ea
2713 2666 2744 2704 e
2774 2654 2969 2721 templo
3009 2654 3410 2722 deprompserat
3445 2675 3459 2708 :

1897 2743 1950 2786 et
1983 2734 2024 2785 is
2043 2748 2164 2787 cum
2188 2736 2416 2804 cepisset
2436 2737 2844 2808 Jerosolymam,
2876 2757 2978 2794 non
3005 2757 3166 2796 ausus
3192 2754 3271 2799 cst
3300 2745 3348 2796 in
3377 2745 3466 2798 hu-

1894 2839 2106 2878 manum
2143 2828 2493 2882 ministerium
2538 2830 2624 2883 illa
2648 2831 2943 2897 deducere;
2972 2837 3072 2888 iste
3119 2852 3222 2888 non
3251 2837 3348 2890 sibi
3373 2851 3461 2890 so-

1896 2915 2182 2980 lummodo,
2231 2919 2323 2972 sed
2353 2929 2407 2973 et
2443 2923 2791 2989 optimatibus
2846 2924 2958 2980 suis
3005 2934 3057 2979 et
3090 2927 3371 2994 pollicibus
3411 2939 3467 2986 ct

1893 3007 2202 3062 concubinis
2232 3009 2282 3061 in
2315 3025 2464 3064 nsum
2507 3013 2739 3068 tradidit.

2519 3147 2742 3202 CAPUT
2797 3148 2859 3204 V.

1967 3281 2017 3335 ‘l.
2065 3299 2082 3330 ι
2122 3281 2361 3339 Baltasar
2393 3299 2481 3337 rex
2508 3285 2632 3340 fecit
2660 3286 2961 3340 convivium
2994 3288 3192 3356 grande
3233 3290 3466 3358 optima-

1895 3371 2034 3424 tibus
2065 3374 2174 3426 suis
2197 3375 2340 3429 mille
2375 3395 2386 3428 :
2418 3385 2470 3430 et
2510 3391 2542 3431 e
2578 3379 2794 3447 regione
2821 3380 3056 3447 ipsorum
3107 3381 3251 3435 mille
3288 3383 3467 3436 vinum

1895 3471 2026 3516 erat.
2057 3463 2111 3516 ‘2.
2147 3464 2342 3518 Bibens
2365 3465 2605 3520 Baltasar
2627 3482 2717 3522 rex
2743 3470 2992 3537 praecepit
3024 3469 3074 3522 in
3117 3481 3274 3538 gustu
3313 3475 3416 3525 vini
3445 3515 3462 3536 ,

1893 3565 1956 3608 ut
1979 3556 2233 3612 afferrent
2262 3574 2386 3612 vasa
2419 3575 2578 3615 aurea
2619 3570 2672 3615 et
2696 3572 2942 3630 argentea
2967 3603 2980 3622 ,
3005 3579 3122 3630 qua:
3147 3575 3461 3634 aSportave-

1893 3658 1974 3700 rat
1996 3647 2482 3703 Nabuchodonosor
2512 3661 2658 3719 pater
2683 3654 2797 3719 ejus
2825 3653 2891 3706 de
2944 3654 3158 3722 templo,
3217 3655 3356 3722 quod
3409 3656 3464 3710 in

1894 3737 2350 3807 .lerosolymis:et
2376 3740 2617 3794 biberent
2669 3743 2718 3794 in
2759 3743 2862 3797 illis
2911 3760 3001 3797 rex
3040 3786 3054 3806 ,
3087 3754 3139 3798 et
3186 3747 3470 3813 optimates

1893 3825 2030 3893 ejus,
2057 3837 2109 3879 et
2136 3829 2416 3883 concubini
2457 3831 2592 3899 ejus,
2638 3840 2692 3886 et
2718 3832 2936 3900 pollices
2965 3834 3101 3901 ejus.
3138 3837 3190 3889 5.
3212 3835 3276 3888 Ει
3305 3836 3466 3889 allata

1893 3927 2017 3971 sunt
2045 3932 2169 3972 vasa
2203 3931 2453 3988 argentea
2498 3931 2550 3976 et
2579 3936 2760 3987 aurea,
2805 3939 2922 3992 quze
2962 3935 3325 3993 asportaverat
3363 3925 3464 3979 Na-

1895 4007 2303 4064 buchodonosor
2343 4025 2407 4065 ex
2443 4013 2639 4081 templo
2671 4014 2784 4077 Dei,
2816 4014 2954 4081 quod
2984 4015 3034 4067 in
3074 4015 3420 4086 Jerosolymis
3451 4034 3464 4069 :

1893 4112 1946 4154 et
1972 4102 2219 4156 bibebant
2244 4103 2294 4156 in
2318 4104 2395 4156 eis
2422 4118 2537 4168 rex,
2571 4111 2623 4157 et
2647 4106 2928 4172 Optimatcs
2947 4105 3082 4173 ejus,
3107 4115 3160 4160 ct
3185 4110 3465 4162 concubini

1893 4192 2026 4259 ejus,
2051 4202 2102 4244 et
2133 4193 2347 4259 pellices
2373 4193 2510 4261 ejus.
2535 4194 2588 4248 4.
2619 4194 2686 4247 Ει
2714 4195 3182 4262 bibebantrimun,
3207 4207 3259 4252 et
3286 4198 3467 4253 lauda-

1893 4291 2083 4333 rerunt
2111 4281 2240 4334 deos
2271 4297 2480 4344 aureos,
2515 4292 2570 4337 et
2617 4293 2918 4352 argenteos,
2953 4295 3005 4338 et
3035 4302 3234 4352 amcos,
3266 4298 3318 4342 et
3365 4287 3468 4341 fer-

1893 4386 2010 4424 reos
2030 4411 2043 4434 ,
2072 4380 2123 4423 et
2144 4371 2366 4441 ligneos,
2395 4383 2448 4427 et
2473 4373 2728 4443 lapideos.
2763 4395 2781 4427 ι
2815 4375 2974 4430 Vides
3002 4393 3124 4431 vasa
3160 4380 3316 4446 cepi?
3361 4381 3464 4434 Sed

1891 4463 2008 4515 vide
2033 4478 2215 4515 eorum
2250 4465 2517 4526 virtutem,
2545 4466 2702 4518 etiam
2737 4478 3012 4533 postquam
3041 4476 3192 4535 capta
3222 4479 3376 4528 sunt.
3406 4486 3466 4523 ne

1892 4554 2062 4621 posita
2097 4559 2148 4606 in
2201 4553 2462 4606 idolorum
2498 4555 2713 4622 templo.
2748 4557 2872 4610 Esto
2898 4557 3046 4611 deiis
3074 4558 3159 4612 ille
3193 4575 3286 4627 pro
3315 4561 3466 4613 liliito

1891 4643 2154 4696 statuerit.
2187 4643 2298 4707 Qua
2337 4643 2402 4696 de
2429 4657 2586 4696 causa
2617 4644 2707 4697 id?
2759 4648 2923 4715 Capta
2976 4658 3099 4702 Sunt
3128 4660 3343 4718 propter
3375 4651 3466 4703 Ju-

1890 4733 2123 4786 datorum
2153 4743 2366 4800 peccata
2401 4751 2412 4786 :
2445 4734 2515 4786 illi
2553 4749 2733 4803 poenas
2762 4737 3044 4793 dederunt.
3075 4739 3298 4805 Quinam
3343 4740 3464 4795 ﬁnis

1890 4828 2046 4881 etiam
2082 4837 2200 4895 post
2224 4829 2472 4881 ostenta?
2499 4844 2603 4898 quo
2651 4837 2806 4897 pacto
2847 4831 2976 4884 nihil
3016 4833 3152 4899 passi
3195 4842 3316 4886 sunt
3364 4832 3467 4886 ma-

1889 4929 2096 4985 guates,
2121 4917 2213 4971 sed
2237 4918 2381 4972 solus
2411 4919 2546 4972 rex?
2570 4919 2702 4984 Quia
2743 4921 2949 4975 scilicet
2973 4923 3062 4976 ille
3087 4923 3338 4990 jusserat,
3378 4924 3464 4976 ille

1889 5009 2092 5061 cartcris
2121 5017 2306 5062 auctor
2337 5008 2530 5062 fuerat.
2563 5009 2880 5074 Laudarunt,
2916 5013 3104 5080 inquit,
3136 5014 3253 5064 deos
3287 5029 3464 5066 aureos

1889 5110 1932 5151 et
1958 5107 2232 5168 argenteos.
2265 5099 2441 5165 Quare
2469 5100 2581 5153 hmc
2621 5100 2758 5168 apud
2791 5101 2911 5153 illos
2940 5101 3159 5153 deorum
3209 5101 3462 5155 diﬁ'eren-

1889 5192 1956 5244 tia
1993 5189 2142 5242 erat?
2175 5189 2424 5243 Diabolus
2451 5190 2669 5257 cupiens
2697 5190 2814 5242 illos
2843 5189 2986 5242 omni
3034 5190 3185 5243 venia
3209 5192 3418 5258 privare
3442 5232 3460 5258 ,

1887 5298 2027 5351 saepe
2057 5284 2305 5352 praecepit
2331 5294 2389 5336 ut
2417 5282 2544 5336 deos
2588 5282 2788 5351 ligneos
2838 5283 3103 5346 facerent,
3157 5298 3224 5338 nc
3249 5287 3315 5340 ab
3349 5285 3460 5353 ipsa

1949 5440 2018 5501 (Ii)
2055 5437 2126 5484 Ah
2160 5439 2237 5487 his
2258 5437 2487 5502 vocibus,
2515 5442 2683 5502 Postea
2710 5437 2941 5502 Baltasar,
2969 5439 3284 5489 inchoandum
3317 5452 3464 5502 caput

1885 5495 2099 5562 quintum
2134 5509 2350 5562 putarem
2380 5499 2441 5558 (si
2477 5504 2636 5544 tamen
2675 5500 2737 5546 ita
2762 5501 3077 5562 distribuerat
3100 5509 3293 5550 sanctus
3315 5495 3461 5562 lib'iy-

1885 5561 2155 5620 sestertius),
2184 5563 2270 5609 nisi
2297 5573 2404 5620 qua:
2430 5565 2701 5619 sequuntur
2723 5561 2782 5608 ad
2807 5561 3110 5622 doxologiam
3137 5564 3286 5621 magis
3315 5561 3462 5622 perti-

1885 5638 2007 5672 nere
2063 5625 2361 5671 Viderentur.
2393 5628 2540 5683 Sane
2586 5622 2626 5668 is
2669 5636 2695 5668 a
2741 5634 2837 5683 quo
2881 5622 3008 5669 hunc
3054 5623 3460 5673 Commentariun:

1884 5689 2169 5744 accepimus,
2190 5683 2302 5730 dttm
2330 5681 2404 5730 vel
2433 5681 2953 5744 indiligentittsﬂiclata
2978 5683 3192 5742 magistri
3218 5686 3458 5743 excerpit,

1887 5749 1959 5797 vel
1989 5742 2293 5806 perorantem
2310 5742 2511 5807 assequi
2537 5757 2628 5807 non
2655 5744 2812 5801 valet,
2841 5743 2918 5807 rel
2946 5746 2991 5807 in
3015 5748 3262 5807 epilomen
3290 5742 3460 5798 cuncta

1885 5804 2078 5872 redigit,
2106 5821 2225 5869 opus
2253 5804 2388 5854 valde
2416 5804 2749 5866 imperfectum
2783 5805 2991 5866 reliquit.
