4016 6462
267 473 380 531 223

257 579 558 650 ’ῌνεσαν,
594 579 755 648 φησι,
814 579 952 644 τοὺς
997 579 1173 644 θεοὺς
1218 579 1360 643 τοὺς
1415 579 1679 646 χρυσοῦς
1720 579 1820 632 καί

251 670 570 738 ἀργιφοῦς.
601 671 753 733 Τίνος
793 670 978 723 ἕνεκεν
1021 673 1051 740 ἡ
1083 671 1314 740 διαφορὰ
1358 671 1494 740 αὕτη
1542 671 1647 722 τῶν
1686 669 1822 722 θεῶν

253 760 386 829 παρ’
420 759 600 822 αὐτοῖς
628 755 729 829 ἦν;
771 760 826 811 Ὀ
857 759 1099 822 διάϐολος
1135 759 1453 829 βουλόμενος
1482 760 1676 822 αὐτοὺς
1715 759 1823 811 πά-

256 865 356 918 σης
393 849 759 919 ἀποστερῆσαι
792 849 1139 918 συγγνώμης,
1171 851 1425 914 πολλάκις
1454 851 1704 902 ἐκέλευσε
1735 849 1826 913 ξυ-

256 939 433 1003 λίνους
466 942 735 1008 γενέσθαι,
765 943 848 995 ἵνα
877 943 1010 1011 μηδὲ
1039 943 1148 996 ἀπὸ
1175 945 1273 1013 τῆς
1314 943 1442 1013 ὕλης
1473 944 1821 996 πολυτέλειαν

257 1029 454 1099 ἔχωσιν
486 1033 563 1093 είς
601 1031 910 1098 ἀπολογίαν.
935 1033 1177 1103 ’Ύμνουν
1214 1035 1293 1094 είς
1324 1033 1536 1095 αὐτούς.
1565 1034 1704 1102 Ὀρα
1733 1034 1816 1086 οὺο

256 1117 426 1189 δαμοῦ
459 1119 550 1173 τὸν
582 1121 710 1175 Θεὸν
738 1122 991 1193 ἄρχοντα,
1017 1124 1131 1176 ἀλλ’
1163 1125 1611 1194 ὲπόμενον.Τίνος
1637 1126 1820 1178 ἕνεκεν

257 1210 692 1282 ἐπηκολούθησεν
717 1217 748 1284 ἡ
769 1213 888 1284 δίκη
913 1215 1141 1285 ταχέως.
1166 1218 1258 1268 καὶ
1283 1217 1416 1285 αὐτῇ
1450 1219 1513 1286 τῇ
1543 1217 1657 1286 ὥρᾳ
1677 1233 1689 1280 ;
1706 1218 1820 1269 ’Ὶνα

261 1304 334 1372 μὴ
358 1303 425 1354 τὰ
459 1305 719 1374 γενόμενα
760 1309 821 1358 ἐκ
853 1307 958 1358 τῶν
997 1307 1275 1377 προτέρων
1322 1308 1609 1378 θαυμάτων
1649 1327 1817 1362 κατα-

259 1393 392 1464 λυθῇ
436 1394 785 1466 ὑϐριζομένου
821 1398 912 1450 τοῦ
951 1397 1084 1450 Θεοῦ
1127 1398 1214 1452 διὸ.
1253 1399 1358 1452 τῶν
1399 1400 1638 1465 σκευῶν,
1669 1401 1821 1453 ἐϐου-

260 1482 398 1552 λήθη
420 1485 615 1555 ἄνδρας
638 1486 930 1556 ἐνυϐρίσαι.
957 1489 1180 1558 Καὶόρα
1206 1490 1257 1542 τί
1283 1491 1507 1557 γίνεταί.
1527 1491 1815 1562 Ἐϐουλήθη

262 1576 466 1647 σκεύηο
510 1579 601 1631 καὶ
639 1579 770 1650 αὐτῇ
809 1584 874 1651 τῇ
909 1581 1028 1652 ὥρᾳ
1069 1584 1101 1652 ἡ
1145 1584 1403 1652 τιμωρία.
1442 1585 1596 1648 Τίνος
1637 1585 1818 1637 ἕνεκεν

257 1667 356 1720 οὐκ
375 1669 753 1723 ἀποστέλλεται
772 1673 799 1724 ὁ
820 1673 1102 1743 προφήτης
1128 1673 1452 1741 ὲγκαλέσων,
1470 1675 1602 1728 ἀλλὰ
1625 1674 1820 1747 ἀστρά-

258 1757 421 1823 γαλος
451 1759 665 1829 χειρός;
700 1761 856 1814 Ὥστε
894 1764 1063 1832 μείζω
1108 1765 1358 1832 γενέσθαι
1395 1767 1493 1837 τὴν
1535 1766 1814 1837 ἔκπληξιν.

271 1849 366 1902 Ἑν
398 1851 550 1919 αὐτῇ
590 1851 663 1920 τῇ
706 1851 823 1920 ὥρᾳ
861 1855 1123 1922 ἐξῆλθον
1165 1856 1447 1913 δάκτυλοι
1487 1860 1684 1926 χειρὸς
1714 1861 1819 1914 άν-

258 1938 524 2004 θρώπου,
569 1941 663 1995 καί
703 1943 962 2013 ἔγραφον
1007 1947 1320 2000 κατέναντι
1358 1947 1468 2016 τῆς
1509 1949 1816 2016 λαμπάδος

257 2030 357 2082 ἐπὶ
395 2032 461 2083 τὸ
493 2033 744 2102 κονίαμα
774 2036 878 2089 τοῦ
905 2038 1110 2106 τοίχου
1155 2037 1262 2092 τοῦ
1303 2039 1467 2092 οίκου
1514 2040 1619 2093 τοῦ
1643 2041 1818 2104 ,ϐασι-

257 2121 407 2187 λέως
427 2138 442 2153 ο
474 2124 569 2176 καί
607 2127 640 2177 ό
664 2125 960 2193 ,ϐασιλεὺς
986 2129 1214 2196 ἐθεώρει
1238 2130 1376 2196 τοὺς
1405 2131 1818 2200 ἀστραγάλους

260 2211 370 2279 τῆς
399 2215 596 2282 χειρὸς
631 2213 737 2282 τῆς
772 2221 1137 2287 γραφούσης.
1177 2222 1414 2291 Πρόσθες
1451 2225 1544 2275 καὶ
1582 2224 1816 2294 ἑσπέραν

257 2297 443 2355 οὖσαν.
468 2303 613 2355 Ἔδει
647 2305 742 2376 τὴν
776 2307 980 2376 οῖδησιν
1009 2309 1108 2378 τὴν
1155 2311 1261 2362 ἀπὸ
1288 2315 1383 2382 τῆς
1439 2312 1604 2381 μέθης
1648 2330 1816 2365 κατα-

260 2393 540 2461 σταλῆναι.
572 2391 700 2448 Εἶτα
728 2397 832 2450 ἔδει
869 2399 1061 2466 μαθεῖν
1088 2403 1214 2464 τοὺς
1241 2403 1511 2472 παρόντας
1550 2404 1813 2466 ἅπαντας,

255 2483 339 2535 ὅτι
372 2484 525 2554 δίκην
543 2487 772 2542 δίδωσιν.
801 2491 898 2542 Διὰ
928 2492 981 2542 τί
1016 2492 1089 2562 μὴ
1120 2495 1358 2562 σκηπτὸν
1382 2496 1590 2562 ἀφῆκεν
1617 2496 1817 2557 εὐθέως

256 2572 321 2624 ὲκ
348 2573 442 2626 τοῦ
480 2576 916 2645 οὐρανοῦ;”Ωστε
951 2581 1110 2634 πάλιν
1148 2584 1241 2636 καὶ
1287 2585 1375 2636 τὸν
1421 2588 1633 2654 οἰκέτην
1664 2586 1816 2651 δοξα-

258 2662 449 2731 σοῆναι
478 2664 568 2718 τὸν
594 2668 754 2720 αὑτοῦ
773 2686 785 2699 °
826 2671 963 2723 ὥστε
999 2674 1160 2726 αὑτὸν
1187 2676 1414 2728 ἀκοῦσαι
1449 2678 1534 2729 διὰ
1563 2677 1614 2728 τί
1646 2678 1814 2729 ταῦτα

256 2754 473 2823 πάσχει.
517 2757 571 2808 Ὀ
607 2758 711 2828 γὰρ
755 2761 949 2830 Δανιὴλ
997 2764 1250 2817 εἰσελθὼν
1296 2767 1413 2836 οὐχὶ
1465 2767 1560 2838 τὴν
1599 2769 1814 2840 γραφὴν

255 2843 544 2913 ἑρμηνεύει
577 2847 753 2914 μόνον,
773 2851 904 2904 ἀλλὰ
933 2855 1024 2905 καὶ
1049 2857 1290 2925 μακροὺς
1313 2859 1580 2912 ἀποτείνει
1605 2861 1813 2928 λόγους,

256 2936 348 2987 καὶ
383 2937 885 3006 συμϐουλευτικοὺς,
927 2948 1021 3015 οὐχ
1053 2949 1128 3011 ὡς
1165 2950 1458 3021 ὠφελήσων
1487 2955 1667 3020 αὑτὸν,
1698 2957 1813 3008 ἀλλ’

255 3025 330 3088 ὡς
351 3028 473 3090 τοὺς
500 3029 688 3093 ἄλλους
715 3033 954 3102 βελτίους
982 3040 1241 3109 ποιήσων.
1282 3045 1416 3095 Τότε
1447 3046 1667 3113 Δανιὴλ
1693 3051 1818 3101 εισ-

254 3113 441 3180 ῆλθεν
465 3119 715 3174 ἐνώπιον
733 3125 836 3177 τοῦ
861 3126 1186 3194 βασιλέως.
1218 3133 1326 3184 Kal
1359 3130 1527 3187 εἶπεν
1564 3141 1596 3190 ό
1631 3139 1813 3200 ,βασι-

253 3212 293 3262 λ
328 3209 400 3275 ὺς
420 3210 497 3276 τῷ
511 3215 731 3282 Δανιήλ
746 3232 758 3244 ·
779 3218 862 3270 Σὺ
881 3215 939 3272 εἴ
949 3221 1191 3288 Δανιὴλ,
1211 3227 1242 3276 ό
1263 3224 1380 3277 ἀπὸ
1402 3225 1519 3279 τῶν
1542 3228 1686 3281 υἱῶν
1706 3229 1815 3296 τῆς

254 3304 658 3369 αἰχμαλωσίας
682 3305 790 3373 τῆς
819 3309 1210 3383 Ἰουδαι⁶ας,ἧς
1239 3314 1572 3384 κατήγαγεν
1592 3322 1623 3371 ό
1641 3320 1816 3381 ,ϐασι-

253 3391 398 3457 λεὺς
419 3396 452 3446 ό
467 3395 658 3463 πατήρ
666 3415 783 3464 μου
803 3399 918 3453 ἀπὸ
941 3400 1050 3468 τῆς
1073 3403 1393 3470 Ἰουδαίας;
1410 3409 1494 3469 Ὠς
1511 3410 1816 3481 καταπλητ-

253 3481 314 3532 τό
320 3498 475 3549 μενος
497 3484 656 3536 αὑτὸν
670 3487 763 3538 καὶ
779 3491 854 3551 είς
871 3490 1114 3560 ἀνάγκην
1130 3494 1416 3557 καθιστῶν,
1441 3498 1608 3552 ταῦτά
1630 3518 1811 3570 φησιν.

255 3571 436 3625 Εἰπὼν
451 3573 645 3633 δὲ.’ον
663 3577 882 3648 ἤγαγεν
899 3580 1045 3654 [231]
1067 3588 1099 3638 ό
1117 3587 1413 3653 βασιλεὺς
1431 3593 1462 3642 ό
1480 3591 1672 3659 πατήρ
1696 3611 1813 3660 μου

252 3661 369 3716 ἀπὸ
387 3663 494 3731 τῆς
512 3667 913 3736 αίχμαλωσίας
932 3673 1042 3739 τῆς
1066 3675 1373 3741 Ἰουδαίας,
1393 3679 1563 3734 ταῦτα
1582 3684 1696 3733 κατ’
1719 3684 1814 3734 αὺ-

250 3751 344 3804 τοῦ
366 3753 432 3805 τὰ
455 3756 670 3824 ῥήματα
689 3757 888 3826 ἔλεγεν,
911 3763 959 3812 εί
982 3763 1090 3816 τῶν
1113 3766 1465 3834 αἰχμαλώτων
1486 3769 1659 3822 δέεται
1682 3790 1810 3824 παν·

251 3841 436 3911 ταχοῦ.
473 3846 730 3900 Ἤκουσα
762 3851 892 3917 περὶ
921 3853 1055 3910 σοῦ.
1089 3854 1176 3907 ὅτι
1212 3857 1444 3925 πνεῦμα
1476 3861 1620 3912 Θεοῦ
1644 3861 1813 3929 ᾶγιον

247 3928 318 3980 ἐν
341 3930 460 3994 σοί,
495 3931 592 3984 καὶ
619 3934 930 4004 ῃρήγορσις
955 3940 1053 3993 καί
1087 3943 1336 4010 σύνεσις
1372 3948 1469 3999 καὶ
1499 3928 1812 4016 σοφίαπε-

241 4019 434 4086 ρισσὴ
461 4022 667 4090 εὑρέθη
700 4025 769 4078 ἐν
799 4029 916 4081 σοί.
948 4030 1058 4082 Kal
1091 4033 1209 4086 νῦν
1244 4034 1530 4103 εἰσῆλθον
1555 4039 1812 4094 ἐνώπιόν

241 4124 362 4176 μου
412 4112 464 4162 οί
498 4112 702 4180 σοφοί,
742 4115 917 4184 μάγοι
939 4157 952 4180 ,
988 4120 1342 4189 Γαζαρηνοί,
1377 4127 1674 4191 Χαλδαῖοι,
1711 4131 1810 4183 ἵνα

249 4199 361 4266 τὴν
383 4204 618 4270 γραφὴν
643 4207 863 4274 ταύτην
890 4210 1214 4278 ἀναγνῶσι,
1235 4215 1330 4266 καί
1351 4215 1464 4280 τὴν
1489 4219 1808 4286 σύγκρισιν

247 4290 436 4358 αὐτῆς
464 4295 799 4360 γνωρίσωσί
820 4315 948 4364 μοι’
999 4301 1097 4353 καί
1133 4303 1242 4355 οὐκ
1273 4303 1663 4374 ἠδυνήθησαν
1695 4310 1808 4377 τὴν

247 4383 569 4449 σύγκρισιν
594 4385 698 4438 τοῦ
725 4390 909 4455 λόγου
937 4392 1149 4447 τούτου
1179 4394 1523 4462 ἀναγγεῖλαί
1549 4415 1669 4465 μοι.
1696 4400 1806 4452 Kal

245 4471 358 4542 ἐγὼ
396 4472 631 4542 ἥκουσα
665 4479 797 4547 περὶ
827 4481 972 4544 σοῦ,
1016 4482 1104 4535 ὅτι
1136 4483 1392 4538 δύνασαι
1438 4490 1806 4558 συγκρίματα

245 4567 573 4633 συγκρῖναι,
622 4570 717 4622 καί
749 4571 918 4624 λύειν
966 4573 1365 4643 συνδέσμους.
1408 4579 1515 4632 Kal
1547 4580 1662 4633 νῦν
1697 4581 1806 4634 ἐὰν

244 4653 510 4721 δυνηθῇς
529 4657 860 4728 ἀναγνῶναι
890 4661 1004 4729 τὴν
1022 4664 1278 4732 γραφὴν,
1301 4667 1395 4720 καί
1417 4668 1529 4733 thr
1563 4672 1804 4738 σύγκρι-

242 4759 346 4796 σιν
373 4743 559 4811 αὺτῆς
579 4751 856 4816 γνωρίσαι
887 4769 1002 4820 μοι,
1033 4757 1343 4822 πορφύραν
1359 4759 1604 4827 ἐνδύσῃ,
1643 4763 1739 4814 καί
1771 4766 1802 4816 ό

234 4835 533 4902 μανιάκης
563 4840 595 4890 ό
621 4841 887 4906 χρυσοῦς
914 4843 1084 4896 ἕσται
1098 4846 1194 4899 ἐπὶ
1216 4848 1320 4900 τὸν
1340 4849 1638 4918 τράχηλον
1661 4869 1798 4915 σου,

241 4927 339 4979 καί
368 4928 560 4995 τρίτος
586 4931 653 4983 ἐν
687 4931 763 5000 τῇ
800 4934 1089 5002 βασιλείᾳ
1115 4956 1234 5006 μου
1260 4940 1479 5008 ἄρξεις.
1523 4944 1803 5014 ὐμολογετ

241 5017 334 5070 καὶ
360 5017 455 5088 τὴν
503 5019 607 5072 τῶν
643 5022 855 5075 οἰκείων
898 5021 1097 5095 ἧτταν,
1137 5029 1230 5082 καί
1277 5048 1468 5101 φησιν·
1513 5036 1631 5088 είπὲ
1655 5077 1671 5102 ,
1705 5038 1799 5091 καὶ

240 5108 370 5162 λαϐὲ
395 5109 536 5163 τάδε.
575 5109 710 5163 Ἀλλ’
737 5114 836 5184 ὅρα
865 5115 952 5169 τὸν
987 5123 1289 5190 προφήτην,
1315 5125 1406 5176 ἐπὶ
1441 5125 1539 5194 μὲν
1565 5128 1656 5180 τοῦ
1691 5146 1797 5182 πα·

238 5199 362 5269 τρὸς
391 5200 552 5253 αὑτοῦ
582 5201 696 5265 πῶς
721 5203 1015 5274 ἠθύμησεν,
1036 5211 1267 5264 ἐνταῦθα
1288 5214 1342 5266 δὲ
1371 5216 1518 5268 οὐδὲν
1536 5219 1792 5273 τοιοῦτον

239 5289 373 5342 ἀλλὰ
413 5290 465 5342 τί
504 5308 664 5361 φησις
705 5294 838 5347 Τότε
885 5298 1170 5368 ἀπεκρίθη
1213 5307 1454 5373 Δανιὴλ,
1498 5310 1594 5362 καί
1627 5308 1796 5364 εἶπεν

235 5380 486 5436 ἐνώπιον
513 5385 616 5438 τοῦ
661 5387 998 5454 βασιλέως·
1054 5394 1124 5446 Τὸ
1157 5395 1308 5464 δόμα
1346 5415 1458 5452 σου
1487 5401 1581 5453 σοὶ
1615 5405 1791 5467 ἐστω,

236 5473 332 5526 καί
359 5474 472 5541 thr
497 5475 717 5543 δωρεὰν
738 5477 847 5546 τῆς
870 5483 1059 5548 οἰκίας
1080 5502 1194 5540 σου
1222 5489 1396 5556 ἑτέρῳ
1419 5491 1521 5557 δός
1542 5510 1554 5521 ο
1581 5495 1694 5562 ἐγὼ
1724 5496 1791 5548 δὲ

236 5565 346 5631 thr
389 5567 625 5636 γραφὴν
673 5570 1086 5639 ἀναγνώσομαι
1128 5578 1206 5643 τῷ
1233 5582 1496 5646 βασιλεῖ,
1538 5586 1632 5640 καί
1677 5588 1790 5654 τὴν

233 5655 548 5722 σύγκρισιν
593 5656 778 5723 αὐτῆς
821 5664 1088 5728 γνωρίσω
1132 5680 1260 5729 σοι,
1301 5671 1582 5732 βασιλεῦ.
1635 5677 1788 5740 Τίνος

234 5745 418 5802 ἕνεκεν
439 5750 779 5821 παραιτεῖται
803 5767 817 5816 ;
856 5751 968 5806 Ἵνα
998 5754 1194 5826 μάθῃς,
1219 5760 1298 5812 ὅτι
1328 5763 1386 5814 οὐ
1413 5763 1478 5816 δι’
1500 5766 1680 5821 ἐκεῖνα
1711 5769 1786 5823 λέ-

1615 465 1682 520 ιι(
1721 462 2080 522 DANIELEM.

3366 494 3477 553 224

1921 595 2028 644 γει.
2060 580 2180 634 Ὀτι
2219 583 2326 652 γὰρ
2366 594 2464 639 οὑκ
2515 587 2859 658 ὀργιζόμενος
2891 589 3077 654 ἁπλῶς
3109 591 3274 646 ταῦτα
3300 595 3474 659 εἶπεν,

1935 671 2071 737 Ἐγὼ
2098 671 2184 735 δὲ,
2222 677 2373 744 φησι,
2397 676 2509 742 τὴν
2530 679 2764 746 γραφὴν
2784 681 3218 752 ἀναγνώσομαι,
3241 686 3337 737 καί
3364 684 3478 753 thr

1918 763 2238 831 σύγκρισιν
2285 766 2474 833 αὐτῆς
2520 769 2825 838 ἀναγγελῶ
2872 771 2951 836 τῷ
2990 773 3255 835 βασιλεῖ.
3316 775 3474 847 Ὁρᾷς

1918 853 2078 905 αὑτὸν
2109 857 2403 924 χρημάτων
2445 861 2703 929 κρείττω;
2738 862 2902 931 τιμῆς
2930 863 3229 934 ἁνώτερονς
3265 868 3470 932 οὐδενὸς

1916 941 2162 1011 δεόμενον
2194 946 2299 998 τῶν
2335 947 2663 1015 βασιλικῶνς
2696 950 2849 1003 Οὕτω
2869 952 2950 1003 δεῖ
2971 955 3093 1016 τοὺς
3127 950 3194 1009 τὰ
3217 955 3351 1008 Θεοῦ
3383 956 3469 1009 λέ-

1915 1048 2106 1098 γοντας
2144 1029 2298 1088 εἶναι.
2341 1036 2455 1088 Ἵνα
2487 1039 2560 1108 μὴ
2589 1038 2778 1109 νομίσῃ
2831 1041 2910 1093 ὅτι
2951 1042 3120 1113 ταύτῃ
3171 1046 3330 1099 αὐτὸν
3374 1049 3472 1099 ἑπ-

1916 1125 2206 1188 εσπάσατο,
2234 1125 2266 1194 ἢ
2301 1126 2634 1196 ἀνθρώπινόν
2671 1147 2721 1182 τι
2760 1130 2867 1185 τῶν
2896 1132 3199 1202 λεγομένων
3233 1136 3365 1190 ὲστί.
3405 1137 3470 1190 Τί

1914 1209 2006 1265 οὖν
2033 1229 2189 1282 φησι;
2221 1215 2401 1282 Ἀφεὶς
2425 1217 2596 1270 εἰπεῖν
2620 1218 2718 1287 τὴν
2746 1220 2978 1288 γραφὴν,
3003 1220 3307 1292 συμϐουλὴν
3336 1225 3469 1277 ἀπο-

1913 1303 2094 1362 τείνει.
2120 1304 2177 1369 ἐξ
2197 1305 2374 1358 αὐτῶν
2403 1306 2507 1358 τῶν
2537 1308 2831 1376 προοιμίων
2859 1309 3018 1361 αὐτὸν
3044 1312 3467 1383 ἀναμιμνήσκων

1914 1394 2022 1446 τῶν
2046 1394 2124 1464 τῷ
2148 1399 2312 1466 πατρὶ
2336 1398 2768 1470 συμϐεϐηκότων.
2787 1401 2848 1453 '0
2873 1402 3015 1465 Θεὸς
3034 1405 3065 1454 ό
3085 1403 3336 1470 ὕψιστος
3355 1405 3468 1473 τὴν

1909 1485 2253 1550 βασιλείαν,
2281 1488 2376 1540 καί
2405 1487 2520 1554 τὴν
2535 1492 2992 1558 μεγαλωσύνην,
3016 1494 3111 1545 καί
3139 1495 3250 1559 τὴν
3268 1494 3462 1562 τιμὴν,

1914 1577 2009 1629 καί
2042 1575 2154 1644 τὴν
2185 1576 2368 1641 δόξαν
2407 1579 2587 1632 ἔδωκε
2628 1581 3152 1650 Ναϐουχοδονόσορ
3189 1581 3266 1648 τῷ
3292 1586 3466 1652 πατρί

1913 1683 2046 1721 σου.
2071 1668 2177 1723 Kal
2203 1669 2319 1724 ἀπὸ
2334 1669 2442 1738 τῆς
2468 1674 2918 1739 μεγαλωσύνης,
2947 1669 3021 1742 ἧς
3039 1674 3260 1727 ἔδωκεν
3284 1674 3461 1740 αὐτῷ,

1912 1758 2134 1824 πάντες
2161 1762 2215 1813 οί
2248 1763 2404 1826 λαοὶ,
2430 1763 2632 1828 φυλαί,
2654 1759 2924 1828 γλῶσσαι
2948 1760 3110 1832 ἦσαν
3136 1764 3460 1831 τρέμοντες,

1911 1851 2009 1905 καὶ
2037 1853 2386 1920 φοϐούμενοι
2424 1854 2542 1908 ἀπὸ
2575 1853 2893 1921 προσώπου
2921 1855 3123 1908 αὑτοῦ.
3158 1856 3272 1921 Οὓς
3299 1855 3464 1909 ἐϐού-

1911 1946 2048 1996 λετο
2078 1945 2259 2009 αὑτὸς
2288 1945 2511 2012 ἀνῄρει,
2545 1947 2641 1998 καί
2675 1945 2781 2011 οῦς
2807 1945 3084 2000 ἐϐούλετο
3121 1948 3298 2012 αὐτὸς
3330 1949 3463 2001 ἐτυ-

1912 2047 2076 2094 πτεν,
2103 2034 2198 2086 καί
2217 2035 2323 2098 οὓς
2348 2035 2622 2088 ἐϐούλετο
2647 2036 2826 2101 αὐτὸς
2845 2036 3214 2090 ὲταπείνουι.
3234 2037 3340 2090 Kal
3367 2038 3465 2092 ὅτε

1911 2123 2120 2190 ὑψώθη
2157 2125 2193 2191 η
2241 2124 2449 2192 καρδία
2497 2124 2709 2188 αὑτοῦ,
2757 2125 2853 2178 καί
2900 2127 2964 2179 τὸ
3020 2126 3248 2194 πνεῦμα
3280 2128 3463 2182 αὑτοῦ

1910 2213 2267 2282 ἐκραταιώθη
2308 2215 2413 2268 τοῦ
2455 2217 3090 2283 ὑπερηφανεύσασθαι,
3129 2218 3460 2286 κατηνέχθη

1910 2304 2027 2359 ἀπὸ
2059 2305 2162 2358 τοῦ
2201 2306 2413 2371 θρόνου
2440 2305 2546 2373 τῆς
2564 2307 2880 2372 ,βασιλείας
2897 2309 3099 2372 αὺτοῦ,
3129 2310 3223 2361 καὶ
3260 2310 3297 2374 ἡ
3325 2309 3459 2377 τιμὴ

1909 2396 2092 2450 αὑτοῦ
2112 2397 2373 2465 ἀφῃρέθη
2399 2398 2496 2451 ἀπ’
2520 2396 2723 2461 αὑτοῦ,
2745 2397 2840 2450 καί
2869 2398 2984 2451 ἀπὸ
3004 2397 3120 2452 τῶν
3145 2399 3462 2466 ἀνθρώπων

1907 2483 2238 2553 ἐξεδιώχθη,
2269 2486 2365 2538 καί
2406 2487 2442 2552 ἠ
2475 2485 2682 2553 καρδία
2715 2485 2898 2538 αὑτοῦ
2919 2488 3069 2554 μετὰ
3107 2487 3222 2540 τῶν
3247 2490 3462 2556 θηρίων

1909 2577 2104 2642 ἐδόθη,
2158 2577 2252 2629 καί
2294 2577 2442 2644 μετὰ
2471 2577 2622 2629 ὄνων
2660 2577 2874 2646 ἀγρίων
2915 2577 2953 2642 ἠ
3001 2577 3150 2650 [252]
3197 2581 3462 2632 κατοικία

1908 2665 2113 2728 αὺτοῦ,
2142 2666 2235 2718 καὶ
2270 2667 2485 2732 χόρτον
2513 2666 2593 2731 ὠς
2628 2665 2788 2729 ,ϐοῦν
2822 2665 3106 2734 ἐψώμιζον
3132 2666 3333 2730 αὐτὸν,
3364 2667 3461 2720 καί

1909 2756 2026 2808 ἀπὸ
2073 2755 2181 2824 τῆς
2227 2756 2446 2824 δρόσου
2494 2757 2598 2809 τοῦ
2647 2757 2902 2822 οἰῬανοῦ
2946 2756 3011 2809 τὸ
3059 2755 3226 2825 σῶμα
3277 2757 3460 2811 αὐτοῦ

1907 2847 2116 2915 ἐϐάρη,
2135 2848 2243 2913 ἕως
2265 2844 2334 2902 οὗ
2363 2849 2512 2916 ἔγνω
2535 2848 2622 2900 ὅτι
2651 2848 2904 2914 κυριεύει
2933 2850 2963 2900 o'
2983 2848 3118 2912 Θεὸς
3151 2851 3182 2901 o'
3207 2849 3461 2915 ὕψιστος

1908 2938 2018 3004 τῆς
2052 2939 2369 3002 βασιλείας
2401 2937 2517 2991 τῶν
2544 2936 2864 3004 ἀνθρώπων
2885 2977 2899 3000 ,
2938 2937 3033 2990 καὶ
3081 2931 3128 3002 ᾧ
3158 2937 3265 2990 ἐὰν
3313 2937 3459 3006 δόξῃ

1909 3026 2083 3079 δώσει
2115 3027 2323 3092 αὐτήν.
2371 3027 2433 3078 El
2469 3025 2576 3096 γὰρ
2615 3027 2835 3088 ἐκεῖνος,
2871 3026 3020 3094 φησὶ,
3063 3025 3458 3091 ἁσύγγνωστος,

1911 3118 1974 3168 σὺ
2019 3120 2046 3169 ὁ
2094 3117 2228 3186 μετὰ
2277 3118 2618 3188 παράδειγμα
2666 3115 2901 3170 τοιοῦτον
2936 3117 3008 3185 μὴ
3043 3116 3458 3185 σωφρονισθεὶς,

1907 3209 2050 3269 τίνος
2095 3206 2270 3271 ἄξιος,
2306 3209 2423 3259 εἰπέ
2459 3224 2573 3276 μοις
2610 3207 2738 3260 Οὐδὲ
2787 3208 2894 3277 γὰρ
2940 3209 3016 3269 είς
3060 3207 3276 3274 ἄγνοιαν
3321 3207 3461 3275 ἔχεις

1910 3302 2262 3367 καταφυγεῖν.
2321 3299 2452 3351 Οὐδὲ
2490 3299 2662 3351 πάντα
2714 3297 2883 3350 ταῦτα
2934 3297 3104 3366 ᾔδειςς
3149 3297 3280 3349 Τίνα
3321 3297 3460 3360 τίνος

1911 3391 2212 3459 προτιμᾷςς
2252 3392 2373 3450 τοὺς
2396 3390 2492 3440 οὐκ
2520 3388 2829 3451 ἀκούοντας,
2853 3387 2973 3440 οὐδὲ
3004 3387 3320 3456 βλέπονταςς
3354 3385 3460 3440 Kal

1909 3479 1989 3530 σὺ
2014 3481 2044 3530 ό
2066 3478 2190 3542 υίὸς
2209 3477 2410 3540 αὐτοῦ,
2439 3476 2770 3542 Βυλτάσαρ,
2799 3478 2906 3528 οὐκ
2923 3475 3324 3541 ἐταπείνωσας
3349 3475 3460 3541 τὴν

1908 3567 2157 3633 καρδίαν
2188 3582 2301 3619 σου
2349 3569 2472 3618 κατ’
2521 3564 2772 3617 ἐνώπιον
2800 3563 2904 3616 τοῦ
2935 3561 3098 3615 Θεοῦ.
3146 3562 3226 3613 Οὐ
3267 3559 3460 3613 πάντα

1907 3657 2091 3709 ταῦτα
2116 3658 2334 3723 ἕγνως;
2373 3655 2478 3708 Καὶ
2514 3655 2610 3706 ἐπὶ
2642 3654 2748 3707 τὸν
2789 3653 3005 3719 Κύριον
3040 3651 3145 3704 τὸν
3177 3651 3324 3704 Θεὸν
3353 3649 3458 3704 τοῦ

1908 3749 2162 3815 οὐρανοῦ
2195 3748 2454 3816 ὑψώθης,
2490 3747 2586 3800 καί
2625 3747 2696 3800 τὰ
2720 3747 2906 3812 σκεύη
2936 3744 3040 3798 τοῦ
3079 3743 3246 3797 οίκου
3273 3743 3456 3796 αὑτοῦ

1906 3839 2162 3907 ἤνεγκας
2189 3839 2441 3893 ἐνώπιόν
2470 3855 2610 3891 σου·
2652 3837 2745 3889 καί
2778 3836 2879 3900 σὺ,
2911 3835 3008 3888 καὶ
3040 3837 3091 3887 οί
3106 3834 3458 3904 μεγιστᾶνές

1907 3947 2040 3991 σου,
2063 3931 2158 3982 καὶ
2193 3933 2244 3982 ol
2273 3929 2613 3996 παράκοιτοί
2634 3945 2768 3991 σου,
2805 3927 2901 3980 καὶ
2924 3930 2981 3980 αἱ
3011 3926 3312 3980 παλλακαί
3341 3940 3455 3977 σου

1903 4023 2134 4076 ἐπίνετε
2164 4019 2327 4075 οἶνον
2346 4024 2414 4075 ἐν
2433 4021 2653 4086 αὐτοῖς·
2680 4022 2773 4073 καί
2796 4019 2934 4083 τοὺς
2954 4017 3122 4081 θεοὺς
3153 4015 3292 4080 τοὺς
3316 4033 3456 4082 χρυ·-

1904 4115 2072 4178 σοῦς,
2109 4113 2534 4182 καὶάργιῳοῦς,
2575 4113 2668 4163 καὶ
2699 4108 2990 4179 χαλκοῦς,
3024 4105 3119 4159 καί
3152 4104 3451 4171 σιδηροῦς,

1904 4201 1999 4252 καὶ
2032 4201 2346 4264 ξυλίνους,
2382 4199 2477 4252 καὶ
2513 4200 2797 4263 λιθίνους,
2817 4196 2873 4249 ol‘
2903 4199 2972 4250 οὐ
3006 4197 3326 4259 βλέπουσι,
3356 4196 3452 4248 καί

1903 4293 2013 4343 οὐκ
2041 4291 2350 4355 ἀκούουσι,
2379 4291 2476 4342 καὶ
2519 4292 2589 4342 οὐ
2618 4289 3034 4357 γινώσκουσιν,
3073 4287 3315 4354 ᾔνεσας.
3355 4286 3452 4339 καὶ

1901 4383 2005 4434 τὸν
2025 4384 2191 4444 Θεὸν,
2206 4379 2275 4438 οὗ
2305 4385 2342 4449 ἡ
2369 4383 2520 4448 πνοή
2542 4398 2656 4436 σου
2677 4382 2744 4433 ἐν
2764 4380 2910 4449 χειρί
2932 4379 3134 4441 αὑτοῦ,
3149 4379 3243 4432 καί
3267 4378 3454 4431 πᾶσαι

1901 4478 1958 4527 al
1997 4474 2123 4527 όδοί
2154 4491 2288 4537 σου,
2329 4474 2514 4526 αὑτὸν
2555 4476 2661 4526 οὐκ
2699 4472 3010 4536 ἐδόξασας.
3045 4470 3144 4524 Διὰ
3184 4470 3357 4524 τοῦτο
3384 4472 3452 4524 ἐκ

1901 4566 2220 4632 προσώπου
2254 4564 2439 4617 αὐτοῦ
2478 4563 2786 4628 ἀπεστάλη
2831 4561 3199 4630 ἀστράγαλος
3237 4561 3449 4630 χειρὸς,

1900 4657 1997 4708 καί
2038 4656 2151 4722 τὴν
2196 4654 2431 4722 γραφὴν
2481 4655 2701 4718 ταύτην
2756 4652 3014 4715 ένέταξε.
3057 4652 3165 4705 Kal
3214 4653 3361 4718 αὕτη
3411 4655 3449 4720 ἠ

1900 4745 2090 4814 γραφὴ
2122 4746 2158 4811 ἡ
2185 4742 2603 4812 ἐντεταγμένη·
2627 4743 2819 4808 Marh,
2861 4741 3065 4805 Θεκὲλ,
3106 4741 3292 4810 Φαρές
3313 4758 3325 4771 ·
3355 4743 3452 4796 καί

1899 4837 2071 4889 τοῦτο
2110 4837 2174 4888 τὸ
2205 4838 2497 4904 σύγκριμα
2517 4835 2621 4889 τοῦ
2653 4833 2960 4904 ὁράματος.
2992 4834 3160 4900 Μανή
3182 4852 3195 4866 ·
3216 4835 3452 4904 ἐμέτρη-

1898 4943 2009 4981 σεν
2038 4931 2070 4980 ό
2097 4927 2236 4992 Θεὸς
2268 4927 2380 4995 thr
2418 4927 2742 4991 βασιλείαν
2780 4943 2916 4988 σου,
2962 4926 3059 4980 καί
3103 4926 3451 4992 ἐπλήρωσεν

1898 5017 2103 5083 αὐτήν.
2133 5020 2316 5071 Θεκέλ
2340 5033 2352 5046 ·
2384 5017 2604 5085 ἐστάθη
2633 5018 2700 5070 ἐν
2726 5015 2892 5085 ζυγῷ,
2917 5017 3012 5069 καὶ
3043 5015 3247 5083 εὑρέθη
3273 5017 3450 5070 ὑστε-

1887 5105 2102 5174 ροῦσα.
2124 5107 2335 5173 Φαρές·
2361 5107 2595 5174 διῃρέθη
2630 5110 2667 5174 ἡ
2683 5109 2969 5170 ,ϐασιλειά
2993 5124 3126 5170 σου,
3152 5107 3245 5160 καί
3274 5107 3448 5176 ἐδόθη

1894 5197 2118 5263 Μήδοις
2139 5200 2232 5251 καὶ
2266 5199 2537 5266 Πέρσαις.
2557 5201 2654 5251 Διὰ
2676 5199 2868 5262 τοῦτο,
2891 5200 3041 5266 φησὶ,
3068 5197 3386 5266 ἐμέτρησεν
3415 5201 3448 5252 ό

1896 5287 2038 5352 Θεὸς
2068 5287 2180 5354 τὴν
2215 5288 2540 5351 ⁸βασιλείαν
2571 5303 2707 5351 σου,
2736 5286 2832 5338 καὶ
2861 5284 3119 5352 διῃρέθη.
3151 5286 3260 5338 Καὶ
3294 5285 3451 5338 τοῦτο

1891 5381 1970 5441 είς
1999 5380 2281 5449 τιμωρίαν,
2329 5379 2386 5431 τὸ
2418 5378 2770 5448 διαιρεθῆναι,
2807 5379 2897 5431 καὶ
2946 5378 3020 5449 μὴ
3069 5378 3246 5448 μένειν
3281 5377 3450 5447 αὐτὴν

1951 5597 1975 5624 ⁸
2001 5597 2091 5643 Καὶ
2117 5595 2194 5649 οὒς
2233 5593 2448 5640 ἐϐούλετο
2491 5593 2631 5648 αὐτὸς
2673 5593 2927 5641 ἐταπείνου.
2959 5592 3024 5640 Ita
3063 5591 3334 5648 explendas
3369 5595 3448 5639 est

1887 5659 1980 5706 iste
2012 5659 2161 5712 locus,
2191 5657 2270 5701 καὶ
2295 5656 2372 5708 οὓς
2409 5655 2626 5701 ἐϐούλετο
2650 5655 2788 5715 ὕψου,
2825 5656 2902 5700 καὶ
2923 5655 3019 5715 ,οὓς
3050 5653 3266 5700 ἐϐούλετο
3309 5651 3451 5715 ᾳρτὸς

1887 5710 2157 5772 ὲταπείνου,
2187 5717 2242 5762 Et
2263 5727 2379 5776 quos
2415 5715 2612 5775 vo!ebat,
2632 5710 2731 5776 ipse
2753 5713 3006 5774 exultabat,
3045 5719 3089 5764 et
3112 5724 3226 5776 quos
3250 5710 3447 5773 volebat,

1886 5777 1986 5839 ipse
2008 5776 2314 5840 deprimebat.
