4016 6468
269 480 380 532 225

263 576 446 631 datum
480 586 562 632 est
602 578 766 634 Medis
811 595 874 636 ac
921 582 1096 638 Persis
1134 585 1232 654 (a).
1257 612 1274 644 ι
1317 586 1531 652 Idcirco,
1564 589 1652 653 ait,
1685 587 1820 642 Deus

263 681 474 734 regnum
499 678 638 718 tuum
665 685 859 722 mensus
899 683 1003 735 est,
1043 683 1087 724 et
1133 675 1342 728 divisum
1380 687 1469 729 est.
1520 678 1585 730 Et
1631 677 1730 731 hoc
1774 678 1824 730 in

263 754 580 822 supplicium
613 755 707 809 fuit
727 796 742 821 ,
774 758 914 826 quod
946 761 1166 815 divisum
1194 773 1308 828 est,
1343 780 1438 819 nec
1467 767 1658 818 mansit
1688 767 1824 820 inte-

261 857 436 908 grum.
466 843 614 909 Quod
645 855 696 899 et
726 847 776 899 in
808 847 1091 904 Salomone
1119 855 1352 922 conligit.
1384 854 1497 908 Non
1527 855 1683 909 modo
1707 858 1826 923 quia

263 931 549 987 llaltasaris
577 934 715 989 illius
750 951 853 990 non
891 941 1098 1008 excepit
1125 957 1364 1011 regnum,
1395 944 1486 998 sed
1513 953 1566 1000 et
1593 946 1712 1015 quia
1743 946 1827 1001 di-

262 1021 435 1074 visum
467 1035 567 1076 est.
598 1023 730 1077 Vide
762 1035 816 1079 ut
847 1028 983 1082 Deus
1011 1044 1069 1083 se
1097 1031 1169 1084 illi
1199 1043 1414 1087 excuset
1442 1051 1454 1086 :
1489 1035 1607 1088 vide
1643 1046 1698 1088 ut
1736 1051 1828 1090 rex

263 1111 538 1164 infortunii
579 1115 658 1167 sui
702 1116 770 1168 sit
799 1127 998 1172 auctor.
1039 1117 1104 1172 In
1142 1123 1318 1190 cujus,
1349 1123 1540 1192 inquit,
1573 1141 1723 1178 manu
1758 1135 1828 1179 est

262 1203 419 1268 ﬂatus
439 1211 574 1257 tuus.
601 1204 786 1260 Nonne
814 1209 953 1261 enim
979 1219 1185 1278 poterat
1212 1212 1388 1265 statim
1413 1222 1462 1267 te
1488 1213 1828 1268 interimere?

263 1290 366 1345 Sed
395 1293 597 1361 patiens
627 1294 742 1347 luit.
771 1295 936 1362 Quem
964 1313 1068 1351 non
1101 1301 1211 1353 haec
1242 1315 1392 1368 ptena
1433 1302 1825 1370 perterruisset,

261 1395 429 1444 eaque
459 1383 509 1436 in
545 1385 878 1454 propinquo?
905 1385 1063 1441 Vides
1091 1396 1400 1456 potestatem
1426 1391 1490 1443 ad
1517 1392 1828 1461 utrumque?

263 1471 424 1534 unde,
456 1487 654 1540 quaiso,
687 1475 838 1528 venia
869 1474 1058 1544 dignus
1084 1477 1181 1531 es?
1208 1487 1261 1532 ct
1293 1489 1347 1534 tu
1384 1478 1520 1533 filius
1557 1480 1692 1548 ejus,
1721 1496 1826 1535 non

262 1560 433 1615 habeo
479 1561 655 1618 dicere
700 1579 860 1633 nepos
901 1566 1012 1635 (b),
1049 1583 1224 1622 nonne
1265 1570 1438 1622 omnia
1482 1569 1595 1626 haec
1635 1573 1829 1626 noras?

262 1649 715 1714 Quemadmodum
745 1654 796 1707 in
826 1653 938 1708 foro
971 1655 1202 1724 judiciali
1248 1658 1506 1711 sententia
1545 1659 1825 1725 scribitur,

264 1740 364 1793 iste
389 1755 451 1794 ea
475 1757 591 1810 qua:
619 1743 1022 1810 pronuntiantur
1049 1744 1440 1812 interpretatur.
1469 1746 1618 1802 Unde
1645 1750 1750 1818 regi
1777 1751 1827 1804 in

263 1839 496 1884 mentem
531 1833 675 1886 venit
713 1833 976 1888 Danielem
1017 1834 1312 1892 honorare?
1343 1838 1410 1892 Ut
1444 1839 1569 1892 mihi
1600 1841 1826 1908 videtur,

263 1939 328 1976 ne
355 1923 422 1977 ab
447 1925 509 1978 iis
535 1925 622 1994 qui
652 1925 868 1979 aderant
892 1927 1349 1994 condemnaretur,
1374 1940 1426 1984 et
1453 1932 1586 1988 forte
1610 1947 1829 2002 sperans

262 2025 320 2066 sc
351 2027 446 2080 per
475 2014 588 2068 lucc
617 2013 980 2070 liberationem
1010 2015 1363 2073 inventurum.

879 2171 1102 2228 CAPUT
1141 2172 1226 2227 Vl.

333 2326 385 2378 4.
434 2343 452 2375 ‹
499 2325 564 2378 Εῑ
609 2339 698 2379 rex
737 2325 1009 2379 constituit
1047 2310 1186 2379 eum,
1213 2341 1374 2395 super
1413 2343 1569 2384 omne
1610 2345 1828 2398 regnum

263 2428 440 2466 suum.
473 2414 534 2467 Et
561 2414 890 2470 ordinatores
928 2424 979 2469 et
1013 2427 1236 2485 satrapa:
1267 2419 1570 2485 qumrebant
1599 2419 1833 2474 invenire

263 2515 447 2556 contra
480 2504 748 2558 Daniclem
790 2507 1120 2560 occasionem
1143 2547 1156 2570 ,
1188 2522 1253 2559 ex
1288 2523 1468 2575 regno.
1514 2507 1580 2560 Et
1619 2524 1828 2563 omnem

267 2603 578 2660 praetextum
605 2610 665 2648 ac
690 2594 941 2648 offensam
972 2610 1073 2648 nou
1102 2597 1414 2650 invenerunt
1442 2598 1492 2650 in
1523 2598 1688 2663 illum,
1712 2598 1831 2666 quia

266 2685 436 2738 fidelis
460 2694 574 2738 erat
611 2704 629 2736 ι
667 2704 678 2737 :
710 2685 758 2736 id
785 2692 885 2749 est,
911 2685 1020 2753 regi
1046 2696 1160 2738 erat
1189 2687 1468 2740 benevolus
1489 2688 1525 2739 ’.
1556 2687 1670 2750 Vel,
1703 2688 1831 2753 Quia

263 2774 430 2839 ﬁdelis
459 2783 562 2826 erat
595 2790 612 2826 :
641 2774 737 2827 hoc
774 2783 885 2838 est,
926 2775 1222 2827 confidebat
1261 2776 1395 2839 Deo;
1436 2785 1488 2829 et
1528 2777 1616 2830 ille
1656 2777 1832 2831 omnia

263 2861 522 2929 gubernat
547 2879 558 2912 :
587 2861 693 2915 Deo
714 2871 887 2915 autem
909 2863 1255 2931 gubernante,
1281 2863 1417 2932 quod
1441 2864 1689 2917 damnum
1714 2879 1833 2918 eve-

266 2951 381 3004 nire
416 2950 645 3017 poterit?
674 2951 808 3015 Quid
841 2953 996 3021 igitur
1031 2953 1136 3005 ait?
1162 2954 1213 3006 5.
1251 2951 1500 3006 Dixerunt
1529 2956 1832 3008 ordinatores

263 3041 322 3102 ii,
357 3038 474 3092 Non
502 3041 801 3094 inveniemus
824 3053 997 3094 contra
1025 3040 1281 3095 Daniele'u
1309 3044 1633 3107 occasionem,
1662 3043 1756 3097 nisi
1781 3044 1833 3097 in

265 3131 495 3201 legitimis
520 3131 613 3185 Dei
641 3132 737 3184 sui.
767 3131 924 3194 Nihil,
956 3132 1215 3200 inquiunt,
1241 3133 1462 3186 inveniri
1490 3142 1680 3201 potest.
1707 3133 1834 3186 Pro-

265 3233 384 3292 pter
410 3222 571 3295 quid?
599 3221 783 3275 Nonne
822 3223 978 3276 homo
1006 3223 1123 3276 est?
1151 3239 1215 3275 an
1250 3222 1300 3274 in
1332 3223 1573 3276 omnibus
1616 3232 1832 3290 peccato

263 3314 358 3368 fuit
397 3314 682 3366 immunis?
724 3313 978 3366 Futurum
1021 3313 1276 3365 incertum
1316 3321 1397 3366 est
1433 3330 1444 3365 :
1477 3321 1530 3365 ct
1566 3312 1632 3366 de
1676 3312 1832 3366 rebus

266 3404 451 3456 futuris
481 3418 583 3471 qua
623 3403 826 3456 ratione
854 3402 1168 3454 affirmatis?
1193 3403 1257 3455 Et
1281 3403 1424 3455 aiunt
1449 3419 1460 3456 :
1487 3402 1830 3468 Experimen-

266 3501 375 3544 tmn
403 3507 467 3544 ex
502 3491 627 3558 ipsis
668 3491 824 3544 rebus
863 3490 1202 3557 sumpsimus.
1234 3489 1352 3542 Nisi
1378 3490 1429 3541 in
1456 3490 1684 3558 legitimis
1709 3530 1721 3554 ,
1751 3490 1833 3542 iu--

263 3581 471 3647 quiunt,
501 3578 595 3631 Dei
617 3580 712 3641 sui,
748 3595 843 3630 non
868 3579 1165 3631 inveniemus
1190 3578 1516 3630 occasionem.
1539 3579 1694 3644 Atqui
1720 3578 1834 3632 istic

265 3671 434 3723 multo
463 3670 630 3738 magis
659 3679 739 3722 est
774 3667 1273 3736 irreprehensibilis.
1306 3667 1670 3721 Tentationem
1713 3683 1832 3735 per-

265 3759 426 3812 mittit
453 3759 590 3811 Deus
619 3757 685 3810 ad
715 3757 1095 3824 probationem.
1121 3756 1302 3810 Nonne
1329 3757 1467 3809 enim
1499 3766 1701 3824 poterat
1727 3757 1833 3810 illo-

267 3862 383 3900 rum
409 3845 660 3899 cohibere
690 3844 980 3897 malitiam?
1008 3843 1203 3896 Verum
1232 3853 1285 3895 ut
1307 3859 1399 3911 per
1423 3843 1474 3896 id
1501 3845 1751 3908 disceres,
1781 3854 1833 3898 et

268 3937 407 3989 hunc
453 3936 753 4000 mirareris,
793 3949 897 3987 non
940 3933 1138 3986 invidet
1177 3933 1384 3986 famulis
1424 3934 1530 3986 suis
1559 3950 1828 3988 coronam.

268 4025 320 4079 6.
359 4043 374 4074 ι
412 4024 557 4077 Tunc
593 4024 926 4077 ordinatores
962 4032 1016 4076 et
1052 4032 1276 4090 satrapa:
1304 4023 1584 4076 astiterunt
1608 4025 1714 4092 regi
1738 4066 1751 4089 ,
1782 4034 1835 4077 et

268 4116 513 4168 dixerunt
537 4115 585 4167 ei
613 4131 624 4165 :
657 4114 775 4166 Dari
805 4127 915 4174 rex,
942 4111 993 4164 in
1021 4123 1273 4165 alternum
1302 4113 1436 4166 vive.
1465 4114 1518 4166 7.
1547 4115 1832 4167 Consilium

269 4208 502 4261 inierunt
527 4219 708 4258 omnes
738 4203 828 4272 qui
852 4217 1011 4271 super
1037 4218 1254 4271 regnum
1290 4213 1431 4256 tuum
1459 4203 1642 4268 duces,
1673 4212 1727 4257 et
1752 4219 1834 4256 sa-

336 4420 351 4450 ι
387 4416 714 4478 Theodoretus
743 4416 813 4463 sic
845 4415 992 4478 habet
1014 4428 1024 4461 :
1047 4413 1276 4478 Pietatem
1299 4414 1423 4478 enim
1444 4412 1694 4465 observans
1719 4429 1834 4478 erga

273 4487 424 4528 Deum
448 4477 594 4540 multa
614 4489 746 4537 reges
771 4473 1084 4540 lienevolcntia
1109 4473 1514 4540 complectebatur.

334 4541 403 4599 (a)
438 4547 533 4585 Non
553 4536 699 4599 dicit,
729 4537 919 4583 Dabitur
943 4536 1088 4582 Medis
1111 4547 1165 4599 ac
1190 4536 1370 4593 Persis;
1409 4549 1498 4599 uec
1515 4572 1528 4594 ,
1559 4543 1724 4584 Datum
1758 4545 1834 4586 est

269 4594 577 4656 Nabo'nnido;
603 4597 714 4655 sed,
742 4603 914 4646 Datum
935 4602 1003 4658 est
1028 4594 1192 4658 Medis
1210 4608 1266 4643 ac
1290 4595 1465 4653 Persis,
1487 4605 1538 4643 ut
1559 4599 1621 4644 de
1658 4611 1713 4658 re
1741 4600 1838 4658 jam

269 4659 447 4717 futura;
475 4667 636 4706 errant
655 4660 799 4719 igitur
823 4658 908 4719 viri
931 4657 1056 4703 docti
1081 4657 1160 4719 qui
1183 4656 1270 4704 hoc
1297 4658 1566 4719 vaticinium
1592 4656 1838 4718 impletum

270 4722 408 4766 annis
431 4715 537 4777 post
562 4715 908 4778 septemdecim
932 4715 1239 4778 contendunt.
1281 4718 1450 4764 Eadem
1473 4715 1667 4777 quippe'
1699 4727 1838 4766 nocte

270 4774 459 4827 occisus
481 4786 558 4826 est
581 4774 782 4826 Baltasar
802 4811 816 4833 ,
844 4785 894 4824 et
917 4774 1117 4836 Babylon
1156 4785 1447 4836 expugnata.
1473 4774 1567 4824 Nec
1588 4774 1742 4826 obstat
1766 4779 1837 4826 lo-

271 4826 357 4888 cus
381 4839 403 4886 1
433 4845 546 4898 Reg.
576 4839 650 4893 15,
670 4838 746 4896 ‘28,
767 4826 912 4897 quem
930 4826 1092 4898 objicit
1108 4826 1399 4898 pclari‘ssiumus
1425 4839 1642 4898 Petavius
1662 4852 1672 4884 :
1693 4838 1838 4887 Scidit

273 4895 720 4959 Dominus—regnum
736 4895 893 4959 'Isirael
912 4911 940 4944 α
957 4895 1001 4944 te
1022 4896 1177 4959 hodie,
1198 4904 1240 4943 et
1260 4895 1461 4959 tradidit
1480 4896 1600 4945 illud
1619 4898 1839 4959 proximo

273 4967 369 5014 tuo,
382 4957 564 5006 meliori
578 4955 640 5018 te.
659 4955 1007 5018 lutelligendus
1028 4957 1158 5004 enim
1177 4964 1252 5004 est
1269 4957 1335 5018 de
1347 4955 1834 5017 inunctione'Davidis,

272 5033 381 5079 quae
407 5033 500 5066 non
525 5016 673 5064 multo
698 5016 900 5079 postjest
927 5019 1062 5065 facta.
1088 5023 1203 5064 Sunt
1225 5025 1283 5079 et
1297 5017 1387 5064 alia
1413 5032 1504 5065 non
1524 5032 1675 5078 pauca
1700 5016 1837 5079 argu-

272 5076 464 5140 menta,
491 5079 665 5139 quibus
701 5076 856 5140 fabula
898 5080 1018 5140 Darii
1051 5078 1305 5125 Nabonnidi
1338 5076 1577 5139 iugulatur
1600 5093 1612 5140 ;
1638 5076 1836 5140 quorum

276 5138 621 5193 nonnulla'uos,
647 5140 683 5184 si
709 5138 892 5184 occasio
915 5138 1066 5192 feret,
1094 5151 1186 5185 non
1209 5138 1500 5186 omittemus.

335 5201 405 5261 (ὁ)
442 5207 536 5261 una
560 5200 767 5261 omnium
793 5197 1134 5261 verisimillima
1159 5201 1402 5246 sententia
1432 5208 1521 5256 est,
1551 5199 1836 5261 Baltasarem

271 5258 419 5308 fuisse
444 5260 588 5307 filium
611 5258 975 5305 Evilmerodaclii
992 5292 1003 5312 ,
1031 5266 1256 5317 nepotem
1279 5272 1393 5306 vero
1416 5260 1837 5309 Nabuchodonoso-

269 5325 354 5378 ris,
379 5323 491 5382 quia
512 5317 791 5382 Jerein._g‘:?7,
817 5317 864 5382 7,
890 5321 1339 5382 gentesservitura:
1361 5319 1580 5367 dicuntur
1605 5322 1837 5370 nabucho-

269 5377 523 5435 douosori,
565 5386 616 5427 et
651 5378 744 5426 lilio
785 5379 921 5437 ejus,
962 5385 1010 5424 et
1046 5377 1140 5424 filio
1179 5377 1259 5426 lilii
1294 5381 1413 5439 ejus.
1449 5382 1644 5427 Omnino
1678 5389 1836 5430 tamen

270 5443 520 5500 rejiciendi
547 5453 639 5488 non
673 5444 781 5487 sunt
806 5439 834 5484 ii
861 5440 1152 5497 interpretes
1164 5476 1182 5500 _,
1209 5448 1404 5488 veteres
1429 5454 1481 5488 ac
1504 5442 1802 5489 recentiores

268 5477 446 5564 quibus
467 5499 970 5566 Nabuchodonosorus‘
988 5477 1061 5544 est
1101 5477 1197 5566 vel:
1219 5513 1420 5558 proavus
1458 5501 1701 5566 Baltasaris
1719 5537 1731 5557 ,
1760 5477 1836 5566 vel

305 5571 408 5622 ater
431 5559 799 5609 Evilmerodachi
817 5572 877 5622 _ac
900 5557 1142 5622 Baltasaris
1174 5557 1403 5622 fratrum;
1441 5561 1520 5609 vel
1556 5570 1687 5622 pater
1712 5564 1835 5610 unici

305 5575 408 5610 πρι-
432 5575 799 5609 evumerooacm
824 5575 877 5606 ac
900 5575 1142 5604 battasarts
1174 5575 1403 5619 lraU‘um;
1441 5575 1520 5609 vei
1556 5575 1687 5622 pater
1712 5576 1835 5610 untCl

270 5575 351 5670 Elii
377 5623 648 5679 binominis,
675 5627 726 5669 et
747 5620 826 5680 qui
852 5620 987 5666 modo
1010 5616 1418 5680 Evilmerodachus
1436 5656 1449 5680 ,
1475 5624 1613 5670 modo
1636 5623 1837 5671 Baltasar

269 5686 331 5730 sit
355 5690 670 5746 nuncupatus.
708 5679 863 5737 Quare
902 5679 1210 5746 temerarium
1251 5679 1654 5746 h‘eterodoxorum
1690 5695 1836 5732 sacrte

268 5739 531 5808 scripturae
560 5739 1155 5808 intermetumconsilium
1190 5741 1376 5808 probari
1411 5754 1505 5790 non
1539 5750 1728 5805 potest,
1754 5748 1835 5808 qui

270 5803 358 5855 hoc
373 5801 540 5865 capite
564 5805 612 5852 in
636 5801 791 5851 locum
815 5801 982 5862 patris,
1008 5812 1145 5848 arum
1169 5802 1477 5854 substituunt.

1629 473 1693 529 IN
1732 471 2094 533 DANIELEM.

3366 514 3477 568 226

1927 595 2106 658 trapre,
2130 591 2428 660 optimates,
2455 603 2506 648 et
2531 595 2815 664 toparchm,
2843 605 3074 652 statuere
3089 606 3292 654 statuto
3323 597 3490 667 regio,

1925 690 1976 734 et
2003 684 2312 736 confirmare
2339 686 2767 739 constitutionem
2797 703 2810 739 :
2840 696 2896 741 ut
2920 689 3236 758 quicumque
3273 689 3484 757 petierit

1926 769 1992 822 ab
2019 771 2123 824 ullo
2146 771 2247 826 deo
2276 773 2354 827 vel
2395 773 2607 830 homine
2637 777 2943 844 petitionem
2973 792 3136 846 usque
3161 779 3228 831 ad
3253 778 3367 832 dies
3393 779 3486 830 tri-

1926 861 2064 927 ginta
2090 865 2126 923 ι,
2157 862 2255 916 nisi
2280 877 2309 916 a
2336 873 2417 946 δε,
2447 879 2576 930 rex,
2607 867 2843 919 mittatur
2879 867 2930 920 in
2971 867 3141 921 lacum
3173 868 3404 922 leonum.
3428 867 3481 922 8.

1926 949 2074 1004 Nunc
2102 951 2274 1020 igitur,
2305 969 2396 1006 rex
2419 994 2434 1019 ,
2464 962 2634 1008 statue
2671 957 3097 1011 constitutionem
3119 997 3132 1021 ,
3165 967 3218 1011 et
3251 973 3485 1026 propono

1927 1041 2258 1109 scripturam,
2290 1052 2474 1096 utnon
2507 1045 2810 1099 immutctur
2836 1046 3106 1100 decretum
3134 1047 3400 1100 Medorum
3431 1057 3486 1102 et

1930 1129 2206 1184 Persarum
2236 1131 2331 1200 (a),
2357 1143 2413 1186 ut
2436 1147 2503 1188 ne
2525 1133 2648 1202 quid
2677 1135 3044 1202 prazscribatur
3065 1136 3316 1190 adversus
3337 1136 3483 1190 illud.

1932 1220 1984 1274 9.
2015 1220 2160 1274 Tunc
2189 1236 2281 1276 rex
2310 1223 2494 1277 Darius
2525 1225 2768 1292 praecepit
2797 1226 2953 1279 scribi
2983 1226 3270 1280 decretum.
3301 1243 3322 1279 ι
3353 1227 3486 1282 Vide

1929 1311 2052 1379 quid
2080 1321 2261 1380 agant,
2289 1321 2449 1380 utque
2477 1315 2829 1368 inconsultum
2858 1316 3082 1370 edictum
3112 1326 3341 1371 statuere
3368 1325 3483 1370 stu-

1928 1401 2106 1457 deant.
2133 1402 2199 1457 Et
2218 1403 2402 1471 cupide
2431 1404 2532 1457 hoc
2561 1413 2761 1473 petunt.
2787 1405 2916 1460 Nam
2942 1407 3116 1461 dicere
3140 1424 3152 1460 :
3181 1407 3488 1476 Quicumque

1930 1492 2120 1560 petierit
2149 1491 2208 1544 ab
2239 1493 2467 1558 homine,
2495 1493 2744 1548 habuitne
2769 1495 3016 1548 causam?
3049 1495 3150 1550 Sed
3179 1497 3489 1550 videbantur

1929 1581 2183 1635 rationem
2231 1582 2494 1651 petitionis
2535 1598 2628 1651 per
2670 1583 2976 1638 brevitatem
3018 1587 3264 1654 temporis
3300 1585 3488 1640 callide

1928 1671 2210 1726 occultare.
2239 1672 2418 1738 Qualis
2436 1682 2516 1726 est
2543 1673 2642 1727 iste
2668 1675 2990 1741 praetextas?
3015 1691 3177 1743 quare
3201 1676 3250 1728 id
3271 1675 3488 1730 dixisti?

1929 1760 2109 1816 Visum
2131 1771 2230 1827 est,
2255 1763 2454 1832 inquit;
2474 1778 2656 1818 omnes
2675 1765 3043 1820 convenientes
3066 1766 3116 1819 id
3144 1767 3486 1831 firmavimus,

1931 1860 1988 1904 ut
2028 1853 2162 1905 intra
2205 1851 2412 1921 triginta
2441 1853 2556 1907 dies
2586 1868 2618 1906 a
2649 1864 2699 1907 te
2731 1853 2844 1906 solo
2874 1864 3066 1921 petant.
3088 1853 3131 1908 Ο
3160 1854 3488 1909 barbaricam

1932 1940 2234 2009 petitionem
2260 1941 2273 1992 !
2302 1955 2335 1994 o
2363 1942 2539 1995 multa:
2568 1941 3021 1996 inconsiderantia:
3051 1943 3259 2011 plenum
3291 1943 3489 1997 benefl-

1931 2032 2089 2092 cium,
2113 2046 2232 2084 eum
2255 2031 2342 2099 qui
2363 2032 2608 2086 honorari
2631 2031 2834 2086 videtur
2851 2033 3086 2088 afficiens
3110 2033 3332 2101 probro!
3356 2033 3487 2088 Nam

1930 2121 1974 2174 si
2002 2135 2086 2174 res
2111 2121 2327 2175 honesta
2347 2131 2478 2186 erat,
2500 2123 2772 2190 oportebat
2795 2133 3095 2191 perpetuam
3117 2137 3232 2177 esse
3259 2140 3271 2174 :
3297 2123 3339 2176 si
3362 2137 3487 2178 vero

1932 2213 2186 2281 improba,
2212 2227 2278 2267 ne
2298 2213 2505 2281 quidem
2523 2213 2586 2266 ad
2610 2214 2816 2282 triginta
2838 2213 2950 2266 dies
2969 2213 3174 2264 durare.
3201 2212 3421 2280 Rursus,
3441 2213 3487 2266 si

1931 2300 2066 2354 bona
2087 2342 2100 2365 ,
2131 2315 2227 2355 cur
2265 2301 2652 2355 multitudinem
2691 2301 3008 2355 obtenditis?
3036 2301 3240 2354 Etenim
3280 2301 3392 2354 sine
3423 2315 3488 2355 ea

1931 2404 2165 2444 annuere
2201 2391 2430 2458 oportuit
2459 2407 2470 2442 :
2500 2391 2544 2445 si
2573 2405 2698 2444 vero
2733 2391 2867 2443 mala
2889 2429 2903 2451 ,
2945 2405 3042 2442 nec
3080 2390 3320 2443 universo
3356 2389 3488 2442 orbe

1928 2480 2142 2546 jubente
2182 2479 2650 2548 obtemperandum
2690 2490 2821 2532 erat.
2870 2479 3054 2531 Dolum
3101 2493 3203 2530 non
3251 2476 3488 2544 prmvidit

1934 2585 2020 2622 rex
2054 2585 2065 2620 :
2095 2579 2146 2623 et
2176 2569 2273 2622 hoc
2298 2584 2360 2622 ex
2389 2570 2452 2622 iis
2469 2584 2584 2637 qua:
2603 2578 2780 2637 postea
2802 2569 3130 2634 contigerunt
3154 2565 3484 2618 manifestum

1931 2666 2030 2709 est.
2062 2656 2342 2710 Constituit
2371 2657 2530 2720 enim,
2557 2666 2609 2709 et
2637 2655 3058 2708 constitutionem
3083 2654 3300 2719 publicis
3321 2653 3484 2705 literis

1932 2747 2224 2810 firmarunt,
2259 2755 2313 2798 ut
2342 2761 2509 2814 neque
2536 2746 2728 2798 volenti
2759 2745 2865 2812 regi
2893 2754 3096 2810 tempus
3125 2742 3375 2795 renuendi
3402 2756 3486 2795 es-

1933 2843 2014 2886 set
2036 2834 2300 2903 deinceps.
2325 2834 2458 2900 Quid
2484 2835 2656 2901 itaque
2675 2833 2745 2886 ait
2769 2833 2964 2896 Dauiel,
2993 2847 3108 2885 cum
3134 2833 3227 2883 ista
3255 2832 3488 2900 accepit?

1931 2921 2188 2976 Turbatus
2215 2939 2318 2974 non
2346 2933 2456 2986 est;
2484 2922 2714 2989 pristina:
2737 2921 3096 2974 consuetudini
3118 2920 3245 2973 nihil
3273 2919 3486 2988 adjecit,

1931 3011 2060 3063 nihil
2106 3010 2318 3063 ademit.
2366 3010 2553 3078 Aspice
2606 3012 2798 3063 virtute
2844 3010 3115 3077 praeditum
3164 3009 3490 3076 aequabiliter

1932 3113 2139 3166 semper
2169 3099 2451 3163 viventem,
2475 3099 2649 3151 omnia
2672 3100 2810 3152 velut
2831 3107 3205 3166 praetereuntes
3229 3098 3408 3161 flores,
3432 3111 3493 3150 ac

1933 3191 2074 3243 velut
2104 3191 2152 3242 in
2184 3189 2379 3242 umbris
2411 3198 2515 3241 tum
2545 3189 2815 3241 couunoda
2846 3199 2951 3240 tum
2985 3188 3147 3240 tristia
3180 3187 3487 3238 intuentem.

1931 3279 2058 3332 Nam
2087 3279 2129 3330 si
2157 3278 2222 3329 ab
2248 3277 2392 3330 initio
2425 3277 2555 3330 adeo
2596 3277 2976 3342 imperterritus
3015 3276 3292 3338 manebat,
3326 3274 3490 3327 multo

1933 3370 2096 3436 magis
2125 3383 2263 3420 nunc
2285 3409 2298 3432 ,
2331 3378 2448 3436 post
2478 3368 2820 3421 certaminum
2863 3367 3150 3435 periculum
3181 3375 3255 3418 tot
3281 3365 3492 3418 coronis

1932 3456 2221 3511 redimitus.
2246 3455 2351 3510 Cur
2376 3473 2478 3508 non
2499 3458 2715 3510 accessit
2739 3456 2758 3504 τ
2779 3471 2871 3508 cur
2893 3467 3106 3524 questus
3126 3465 3350 3520 nonest,
3372 3470 3490 3508 cum

1933 3556 2129 3602 tantam
2173 3546 2418 3614 loquendi
2465 3546 2759 3600 libertatem
2800 3547 2934 3615 apud
2973 3562 3148 3614 regem
3190 3546 3493 3598 obtineret?

1933 3635 2152 3691 Nolebat
2186 3637 2235 3689 id
2275 3650 2430 3705 agere
2466 3636 2638 3690 verbis
2661 3674 2675 3697 ,
2707 3636 2799 3689 sed
2837 3636 2992 3688 rebus
3045 3635 3285 3702 Alioquin
3316 3643 3490 3688 autem

1933 3727 2124 3796 ubique
2151 3741 2269 3780 cum
2299 3726 2610 3790 invenimus,
2639 3740 2756 3778 cum
2783 3740 2908 3778 usus
2938 3735 3104 3786 vocat,
3141 3725 3382 3792 prosilire
3409 3734 3490 3777 at-

1933 3833 2035 3885 que
2063 3816 2330 3870 accedere.
2365 3816 2449 3870 l0.
2485 3833 2502 3865 ‹
2538 3815 2602 3868 Ει
2632 3815 2813 3867 Daniel
2839 3813 3046 3884 quando
3085 3815 3329 3883 cognovit
3363 3815 3496 3867 scri-

1934 3916 2078 3976 ptum
2109 3922 2226 3961 esse
2253 3905 2522 3961 decretum
2543 3947 2557 3971 ,
2587 3907 2852 3973 ingressus
2876 3915 2955 3960 est
2990 3907 3037 3958 iu
3065 3906 3278 3958 domum
3309 3920 3491 3970 suam,

1934 4007 1987 4050 et
2014 3997 2257 4050 fenestra:
2283 4005 2480 4063 aperta:
2509 3997 2559 4049 iu
2586 3996 2852 4048 caenaculo
2880 3996 2991 4062 ejus
3021 4005 3200 4048 contra
3227 3994 3492 4064 Jerosoly-

1935 4102 2072 4139 mam
2105 4105 2117 4138 :
2146 4095 2198 4139 et
2239 4087 2403 4139 tribus
2439 4086 2759 4153 temporibus
2797 4087 2899 4138 diei
2936 4085 3174 4138 ﬂectebat
3205 4101 3406 4154 genua,
3439 4092 3494 4139 et

1935 4177 2115 4229 orabat
2143 4175 2239 4245 (b),
2266 4185 2318 4228 et
2345 4177 2688 4230 conﬁtebatur
2716 4190 2892 4229 coram
2934 4176 3045 4229 Deo
3083 4192 3210 4240 suo,
3251 4186 3308 4229 ut
3339 4187 3491 4230 antea

1933 4264 2116 4317 solitus
2135 4273 2244 4318 erat
2266 4264 2454 4318 facere.
2486 4282 2503 4314 ι
2526 4264 2698 4328 Quare
2721 4279 2814 4316 uos
2832 4264 3099 4317 admonuit
3121 4265 3488 4329 fenestrarum,

1936 4354 2072 4420 quod
2099 4363 2292 4421 aperta:
2328 4363 2504 4407 essent
2535 4369 2714 4406 versus
2734 4352 3152 4422 Jcrosolymam?
3176 4354 3302 4418 Quia
3325 4347 3494 4407 Judaei

1936 4443 2228 4497 vehementi
2282 4443 2424 4495 urbis
2475 4443 2612 4495 illius
2659 4443 2887 4495 visenda:
2935 4443 3244 4496 tenebantur
3285 4442 3494 4495 deside-

1941 4535 2039 4588 rio.
2072 4533 2216 4588 Sicut
2257 4534 2410 4601 igitur
2435 4535 2520 4600 qui
2553 4542 2774 4585 amatam
2807 4533 2962 4585 habet
2985 4533 3255 4586 absentem
3277 4573 3289 4594 ,
3329 4533 3485 4585 etiam

1939 4626 2122 4678 itinera
2148 4639 2212 4677 eo
2237 4624 2476 4676 ducentia
2515 4624 2683 4691 diligit
2712 4641 2724 4674 :
2755 4624 2821 4674 ita
2853 4636 2980 4675 sane
3010 4632 3062 4674 et
3088 4623 3204 4674 iste.
3235 4623 3333 4675 Alii
3366 4638 3492 4677 vero

1938 4713 2306 4767 desiderabant
2354 4712 2533 4764 urbem
2579 4721 2792 4778 propter
2844 4725 2930 4763 res
2974 4711 3274 4777 corporales
3328 4729 3341 4763 :
3386 4727 3488 4764 nou

1939 4811 2111 4854 autem
2141 4801 2258 4864 hic,
2304 4808 2357 4851 at
2400 4808 2614 4868 propter
2653 4798 2872 4866 gloriam
2922 4799 3032 4850 Dei.
3063 4799 3486 4867 Quandoquidem

1939 4892 1988 4944 id
2016 4893 2084 4945 ita
2114 4905 2170 4944 se
2200 4891 2393 4943 habere
2417 4889 2536 4942 inde
2567 4886 2899 4941 manifestum
2927 4899 3005 4941 est
3030 4928 3044 4951 ,
3086 4887 3224 4956 quod
3271 4889 3498 4942 noluerit

2001 5085 2014 5114 ι
2053 5083 2106 5131 In
2143 5090 2266 5130 Orat.
2301 5082 2452 5142 prima
2474 5081 2537 5128 de
2563 5080 2840 5128 Precatione
2876 5091 3114 5142 numerus?
3142 5081 3380 5128 ternarius
3413 5095 3500 5142 pro

1939 5146 2117 5191 triceno
2151 5141 2386 5200 habetur,
2429 5149 2586 5190 errato
2626 5141 2848 5188 nimirum
2879 5141 3176 5200 scriptionis,
3216 5155 3305 5188 seu
3345 5141 3501 5203 potius

1937 5217 2195 5252 memorate.

2003 5265 2071 5324 (a)
2107 5263 2278 5313 Confer
2317 5275 2423 5310 cum
2460 5263 2670 5310 Fsthera:
2708 5261 2765 5314 l,
2809 5261 2892 5317 19,
2936 5268 2986 5308 et
3029 5259 3295 5324 intelliges
3308 5265 3499 5324 parium

1938 5323 2120 5372 Medum
2145 5326 2405 5384 imperasse
2447 5324 2590 5370 Medis
2620 5335 2675 5369 ac
2709 5325 2896 5384 Persis,
2935 5334 3028 5368 non
3069 5329 3229 5384 autem
3268 5323 3500 5372 Chaldmis

1937 5385 2074 5438 solis;
2096 5381 2388 5445 proindeque
2405 5396 2499 5430 non
2522 5395 2631 5430 esse
2648 5382 2988 5429 Nabonuidun't.
3012 5381 3126 5437 Quid
3152 5385 3297 5440 enim,
3315 5397 3496 5474 quaeso,

1940 5447 1994 5474 ml
2023 5443 2317 5474 nnhulnninnv
2343 5455 2514 5474 ranam
2559 5442 2800 5474 \lnrlnrnm
2826 5456 2878 5474 em
2904 5450 3148 5474 Daren-nni
3175 5441 3314 5474 lanna

1939 5447 1994 5493 ad
2023 5441 2323 5504 Babylonium
2343 5455 2531 5500 regem,
2559 5442 2802 5504 Medorum
2824 5456 2878 5504 ac
2904 5450 3150 5504 Persarum
3172 5441 3340 5504 leges?

2001 5504 2070 5563 (ὁ)
2104 5500 2217 5551 tunc
2239 5504 2367 5550 hora:
2393 5504 2631 5563 canonica:
2655 5502 2777 5562 apud
2817 5500 3105 5563 Christianos
3124 5535 3138 5557 ,
3165 5500 3260 5560 jam
3293 5503 3403 5550 inde
3435 5505 3497 5552 ab

1937 5561 2220 5624 ApoStolicis
2243 5563 2549 5624 temporibus.
2572 5561 2715 5624 Cujus
2733 5561 2996 5624 traditionis
3012 5562 3219 5624 rationes
3237 5563 3497 5624 produntur

1937 5639 1962 5673 a
1983 5620 2239 5674 Clemente
2272 5620 2597 5671 Alexandrino
2628 5620 2890 5670 Stromaton
2929 5620 3009 5668 lib.
3036 5622 3081 5679 7,
3112 5630 3160 5669 et
3183 5634 3209 5667 a
3331 5622 3496 5673 Basilio

1938 5699 1991 5734 ac
2015 5688 2318 5744 Hieronymo.
2344 5682 2660 5731 Tertullianus
2681 5683 2744 5730 de
2761 5683 2960 5742 Jejuniis
2977 5681 3187 5744 decimo:
3209 5683 3336 5744 Quod
3355 5683 3496 5734 etiam

1937 5745 2103 5795 suadet
2132 5741 2538 5806 Da‘nielisquoque
2561 5741 2889 5806 argumentum
2911 5747 2982 5790 ter
3006 5741 3083 5790 die
3103 5743 3279 5806 orantis
3300 5757 3315 5801 ;
3339 5743 3497 5806 utique

1937 5819 2020 5869 per
2045 5806 2312 5870 aliquarum
2333 5800 2560 5855 horarum
2588 5800 2948 5865 ciceptionem;
2981 5814 3068 5851 non
3102 5800 3307 5854 altarum
3339 5800 3494 5857 autem
