4016 6440
548 444 662 499 229

532 551 749 620 τάλην.
783 545 892 600 Kal
920 544 1184 612 τέσσαρα
1231 548 1404 613 θηρία
1429 544 1659 615 μεγάλα
1693 543 2004 596 «ἰνέϐαινεν
2028 543 2096 595 ἐκ

530 631 642 698 τῆς
665 629 998 694 θαλάσσης,
1026 627 1383 695 διαφέροντα
1412 627 1720 690 ἀλλήλων.
1755 626 1822 676 Τὸ
1842 623 2095 692 πρῶτον,

531 711 674 764 ὠσεί
696 710 925 769 λέαινα,
952 707 1050 761 καὶ
1074 710 1255 774 πτερὰ
1285 708 1474 775 αὐτῆς
1510 707 1651 760 ὡσεί
1675 704 1870 760 ἀετοῦ.
1903 704 2101 758 Ἐθεώ-

525 811 683 863 ρουν
709 793 818 856 ἕως
843 786 912 844 οὗ
952 791 1296 854 ἐξετίλαντο
1319 790 1389 843 τὰ
1418 792 1604 856 πτερὰ
1632 787 1842 855 αὐτῆς,
1873 789 1968 841 καὶ
1997 789 2097 851 ἐξ·

531 876 683 941 ήρθη
707 873 824 926 ἀπὸ
847 871 955 938 τῆς
973 870 1102 939 γῆς,
1125 871 1223 923 κ(ιί
1245 872 1344 924 ἐπὶ
1377 871 1578 924 ποδῶν
1595 869 1902 936 ἀνθρώπου
1922 869 2092 922 ἐστά-

535 961 638 1021 θη,
680 954 778 1007 καί
812 953 1023 1019 καρδία
1051 953 1361 1020 ἀνθρώπου
1413 953 1584 1018 ἐδόθη
1614 951 1786 1017 αὐτῇ.
1823 951 1932 1002 Καὶ
1973 950 2098 1003 ἰδοὺ

535 1038 744 1104 θηρίον
769 1037 973 1102 ἕτερον
989 1035 1192 1103 ὅμοιον
1216 1036 1393 1102 ἄρκῳ,
1415 1035 1510 1085 καί
1539 1035 1623 1097 εἰς
1645 1033 1816 1100 μέρος
1837 1032 1904 1084 ἐν
1925 1031 2100 1085 ἐστάο

537 1125 638 1184 θη·
669 1120 764 1170 καί
812 1119 941 1183 τριά
975 1118 1206 1184 πλευρὰ
1242 1117 1310 1168 ἐν
1338 1114 1416 1178 τῷ
1450 1116 1700 1181 στόματι
1745 1112 1950 1178 αὐτῆς,
1985 1113 2100 1167 dra

530 1200 724 1270 μέσον
770 1201 887 1253 τῶν
933 1200 1194 1252 ὀδόντων
1231 1196 1439 1264 αὐτῆς.
1487 1199 1594 1251 Καὶ
1643 1197 1828 1263 οὕτως
1886 1199 2100 1265 ἔλεγον

537 1281 730 1350 αὐτῇ·
763 1281 1044 1346 Ἀνάστα,
1086 1281 1236 1350 φάγε
1291 1283 1522 1349 σάρκας
1577 1280 1826 1345 πολλάς.
1888 1281 2099 1332 Ὀπίσω

535 1365 747 1418 τούτου
788 1363 1102 1430 ἐθεώρουν,
1150 1364 1246 1415 καί
1292 1362 1418 1415 ίδοὺ
1461 1362 1664 1428 ἕτερον
1714 1361 1918 1427 θηρίον
1958 1357 2098 1413 ὡσεί

537 1445 861 1512 πάρδαλις·
919 1445 1014 1497 καὶ
1063 1443 1215 1510 αὐτῇ
1279 1447 1460 1510 πτερὰ
1502 1442 1768 1509 τέσσαρα
1826 1441 2097 1493 πετεινοῦ

536 1526 808 1596 ὑπεράνω
831 1526 1040 1592 αὐτῆς,
1075 1528 1170 1580 καί
1199 1525 1490 1592 τέσσαρες
1520 1526 1772 1592 κεφαλαὶ
1801 1523 1880 1587 τῷ
1900 1524 2094 1589 θηρίῳ,

537 1608 634 1661 καὶ
654 1608 904 1671 ἐξουσία
933 1607 1106 1670 ἐδόθη
1133 1606 1310 1671 αὐτῷ.
1331 1609 1542 1660 Ὀπίσω
1566 1609 1777 1659 τούτου
1811 1605 2098 1672 ἐθεώρουν

536 1691 606 1741 ἐν
631 1689 874 1756 ὁράματι
899 1687 1005 1756 τῆς
1026 1689 1264 1754 νυκτὸς,
1287 1689 1382 1741 καί
1413 1688 1542 1741 ίδοὺ
1568 1689 1772 1754 θηρίον
1799 1687 2094 1753 τέταρτον,

537 1770 808 1839 φοϐερὸν,
841 1769 938 1824 καὶ
975 1770 1288 1837 ἕκθαμϐον,
1336 1769 1432 1822 καί
1475 1768 1726 1836 ἰσχυρὸν
1767 1765 2058 1835 περισσῶς
2081 1782 2094 1795 ο

539 1851 635 1906 καί
661 1855 715 1905 οί
737 1852 976 1916 ὀδόντες
999 1851 1182 1904 αὑτοῦ
1203 1850 1444 1918 σιδηροῖ
1460 1851 1558 1902 καὶ
1582 1849 1850 1918 μεγάλοι·
1869 1849 2095 1910 ἐσθίον,

539 1934 638 1986 καί
665 1934 1002 1987 λεπτῦνον·
1045 1932 1142 1985 καὶ
1183 1934 1253 1985 τὰ
1287 1933 1572 1985 ἐπίλοιπα
1602 1931 1725 1996 τοῖς
1769 1931 1910 1982 ποσί
1953 1944 2100 1981 συν-

539 2015 744 2069 επάτει
764 2032 776 2045 ·
799 2015 898 2068 καὶ
925 2014 1069 2067 αὐτὸ
1099 2013 1381 2082 διαφέρον
1403 2012 1702 2079 περισσῶς
1728 2011 1886 2079 παρὰ
1904 2009 2100 2062 πάντα

538 2100 611 2151 τὰ
635 2098 805 2165 θηρία
829 2097 902 2149 τὰ
933 2097 1272 2164 ἔμπροσθεν
1298 2096 1484 2149 αὑτοῦ
1505 2111 1518 2124 ·
1554 2094 1651 2147 καὶ
1678 2095 1891 2162 κέριιτα
1914 2092 2098 2144 αὑτοῦ

539 2181 709 2232 δέκα.
739 2179 1120 2246 Προσενόουν
1151 2178 1273 2243 τοῖς
1300 2178 1550 2244 κέρασιν
1577 2177 1760 2229 αὐτοῦ
1780 2192 1792 2204 ·
1826 2177 1922 2228 καί
1971 2175 2098 2228 ίδοὺ

540 2261 723 2328 κέρας
750 2261 952 2328 ἓτερον
981 2259 1194 2327 μικρὸν
1242 2258 1552 2312 ἀνέϐαινεν
1582 2257 1650 2310 ἐν
1678 2257 1756 2322 τῷ
1787 2257 1952 2325 μέσῳ
1997 2257 2100 2308 αὑ·

539 2343 668 2406 τοῦ,
702 2343 798 2394 καί
849 2343 980 2408 τριά
1019 2340 1231 2408 κέρατα
1269 2338 1384 2392 τῶν
1419 2341 1754 2408 ἔμπροσθεν
1787 2339 1970 2391 αὑτοῦ
2007 2337 2102 2400 ἐξ·

540 2424 812 2491 ερριζώθη
847 2423 964 2476 ἀπὸ
996 2421 1316 2489 προσώπου
1351 2421 1558 2475 αὐτοῦ.
1585 2422 1693 2474 Kal
1724 2420 1852 2474 ίδοὺ
1883 2421 2102 2488 ὀφθαλ-

535 2508 661 2577 μοί,
695 2505 842 2577 μῦη
869 2505 1011 2558 ὡσεὶ
1050 2504 1340 2573 ὀφθαλμοί
1372 2501 1681 2570 ἀνθρώπου
1705 2504 1773 2556 ἐν
1793 2502 1871 2566 τῷ
1903 2502 2100 2568 κέρατι

541 2590 766 2650 τούτῳ,
808 2587 907 2640 καὶ
945 2584 1399 2654 στόμαλαλοῦν
1433 2585 1681 2653 μεγάλα.
1722 2585 1874 2648 Τίνος
1918 2584 2100 2634 ἕνεκεν

539 2673 661 2742 οὐχὶ
687 2673 946 2738 γυναῖκας
978 2665 1128 2720 εἶπεν
1167 2669 1248 2720 ὅτι
1281 2663 1419 2719 εἶδεν
1446 2685 1461 2733 ;
1501 2666 1637 2718 Ἀλλ’
1670 2668 1757 2719 ὅτε
1805 2668 1901 2736 μὲν
1947 2667 2102 2734 δίκην

542 2755 635 2807 καὶ
662 2753 802 2823 άρᾶιν
834 2752 938 2803 ἔδει
965 2751 1331 2821 παραστῆσαι,
1359 2752 1620 2819 γυναῖκας
1649 2752 1987 2820 παρήγαγεν·
2014 2750 2099 2800 ὅτε

538 2837 595 2888 δὲ
652 2835 955 2903 βασιλείας,
1001 2833 1184 2902 θηρία.
1238 2833 1475 2904 Πρᾶγμά
1525 2835 1712 2884 ιὶστινε1
1756 2831 2098 2902 ήβασιλεία,

542 2917 906 2986 σωματοποιεῖ
932 2910 1022 2966 οὖν
1061 2914 1209 2966 αὑτό.
1258 2916 1371 2966 Οὐκ
1395 2911 1487 2966 οὖν
1514 2916 1714 2982 ὲχρῆν;
1760 2914 1866 2964 Καὶ
1901 2914 2097 2974 καλῶς.

554 3000 690 3051 Ἀλλ’
714 2998 898 3066 ἐπειδὴ
929 2998 984 3048 αἱ
1008 2996 1285 3065 ποιότητες
1317 2996 1497 3048 αὐτῶν
1527 2997 1755 3065 μάλιστα
1789 2995 1846 3045 ἐν
1875 2997 1984 3056 τοῖς
2011 2995 2100 3062 θη-

545 3082 680 3152 ρίοις
710 3081 831 3144 εἰσὶ,
861 3079 950 3130 διὰ
975 3077 1131 3130 τοῦτο
1156 3077 1332 3131 αὐτῶν
1361 3077 1573 3148 ἐδεήθη.
1613 3075 1910 3145 Ἐὂουλήθη
1935 3075 2101 3138 δεῖξαι

539 3164 601 3216 τὸ
648 3166 705 3216 έν
755 3163 1034 3233 ἀγριότητι
1083 3161 1276 3231 ἁδρὸν,
1333 3159 1424 3212 καὶ
1485 3160 1694 3211 λέαιναν
1764 3161 2098 3227 παρήγαγεν.

554 3245 851 3315 Ἐὕουλήθη
902 3244 1068 3308 δεῖξαι
1096 3242 1155 3294 τὸ
1200 3242 1386 3304 νωθὲς,
1437 3242 1528 3293 καὶ
1570 3240 1734 3310 ἄρκον
1765 3241 2100 3309 παρήγαγεν.

556 3327 847 3397 Ἐϐουλήθη
891 3325 1059 3388 δεῖξαι
1105 3325 1165 3376 τὸ
1205 3325 1338 3392 ταχὺ
1379 3323 1473 3374 καὶ
1514 3323 1732 3389 κοῦφον,
1782 3323 1875 3374 καὶ
1920 3321 2103 3390 ἐπειδὴ

541 3409 797 3480 πολέμοις
828 3408 1125 3462 κατέλυσαν
1149 3407 1384 3466 ἅπαντες
1402 3406 1429 3443 ιι
1453 3404 1549 3466 τὰς
1569 3405 1739 3474 ἀρχάς
1759 3420 1769 3432 ·
1786 3405 1880 3456 καὶ
1901 3405 2103 3474 πάρδα-

543 3493 626 3546 λιν
669 3494 973 3561 παρήγαγε.
1025 3490 1132 3542 Kal
1163 3489 1262 3557 ὅρα
1308 3489 1453 3548 ὅπως
1486 3485 1662 3548 καλῶς
1700 3485 1968 3555 ἐθεώρησε
2007 3487 2104 3556 τὴν

541 3575 814 3627 θάλασσαν
847 3571 1075 3641 πρῶτον,
1109 3571 1286 3622 πᾶσαν
1315 3569 1411 3637 τὴν
1445 3568 1785 3636 οἰκουμένην.
1829 3567 2104 3637 Τοσαύτης

540 3659 648 3727 γάρ
681 3657 839 3725 γέμει
867 3653 1107 3724 ταραχῆς
1127 3694 1140 3716 ,
1177 3654 1270 3704 καὶ
1301 3651 1443 3704 οὕτω
1472 3652 1693 3720 φέρεται
1719 3692 1737 3717 ,_
1780 3651 1854 3713 ὼς
1889 3651 2101 3719 ἰχθύων,

539 3740 660 3808 οὺχί
692 3735 992 3805 ἀνθρώπων
1031 3735 1452 3804 πεπληρωμένη.
1485 3733 1654 3786 Τοῦτο
1691 3733 1786 3785 καὶ
1823 3735 1850 3785 ό
1878 3733 2105 3802 Χριστὸς

540 3820 708 3891 δηλοῖ,
743 3819 824 3870 ὅτι
858 3816 1099 3869 Θάλασσα
1120 3817 1147 3866 ὁ
1173 3814 1358 3884 παρὼν
1388 3816 1503 3885 βίος
1530 3815 1694 3877 ἐστὶν,
1726 3816 1781 3866 ὲν
1803 3813 1878 3882 τῷ
1906 3814 2102 3880 λέγειν·

554 3899 830 3969 Ὡμοιώθη
863 3900 899 3965 η
921 3897 1207 3961 ,ϐασιλεία
1228 3896 1344 3948 τῶν
1373 3894 1645 3964 οὐρανῶν
1679 3894 1918 3962 σαγήνῃ
1948 3897 2106 3962 βλη-

541 3984 712 4051 θείσῃ
747 3984 833 4045 εις
866 3981 981 4047 τὴν
1017 3979 1354 4037 θάλασσαν,
1385 3979 1480 4030 καί
1525 3978 1592 4030 ἐκ
1630 3977 1854 4041 παντὸς
1895 3977 2108 4045 γένους

540 4065 917 4133 συναγούση.
942 4061 1055 4114 Kal
1096 4059 1245 4124 ῑδοὺ,
1293 4061 1428 4130 φησί
1451 4099 1464 4123 ,
1494 4062 1548 4113 οί
1581 4059 1872 4127 τέσσαρες
1903 4058 2107 4126 ἄνεμοι

541 4147 647 4200 τοῦ
682 4143 941 4212 οὐρανοῦ
963 4143 1381 4210 προσέϐαλλον
1407 4145 1493 4207 εἰς
1522 4141 1634 4209 τὴν
1655 4141 1975 4198 θάλασσαν
1995 4140 2107 4208 τὴν

541 4227 830 4297 μεγάλην.
871 4225 1030 4296 Δηλοῖ
1066 4225 1145 4276 ὅτι
1174 4223 1381 4276 ἐκεῖθεν
1402 4224 1472 4276 τὰ
1495 4223 1677 4294 θηρία,
1710 4222 1849 4294 [ml]
1886 4224 1945 4276 16
1969 4224 2104 4292 ταχὺ

542 4313 639 4382 τῆς
662 4310 752 4363 τοῦ
784 4308 917 4362 Θεοῦ
949 4307 1219 4376 προνοίας.
1277 4307 1385 4359 Καὶ
1428 4308 1533 4378 γὰρ
1577 4309 1736 4376 ἡμεῖς
1769 4308 1860 4358 ἐπὶ
1888 4306 1985 4374 τῆς
2013 4323 2108 4359 ται-

540 4394 771 4464 χυτῆτος
803 4392 927 4454 τοὺς
964 4391 1198 4460 ἀνέμους
1231 4389 1548 4460 παράγομεν
1577 4391 1655 4451 εἰς
1691 4389 1867 4457 μέσον.
1889 4389 2105 4440 Ἐνέπε-

542 4493 642 4528 σαν
689 4477 769 4537 εἰς
797 4475 894 4546 τὴν
936 4473 1239 4527 θάλασσαν·
1293 4473 1386 4525 καὶ
1428 4473 1606 4534 ἀνέδυ,
1651 4472 1802 4542 φησι,
1845 4470 1912 4522 τὰ
1947 4471 2107 4540 θηρία

541 4557 652 4611 ἀπὸ
695 4557 794 4626 τῆς
845 4555 1137 4624 θαλάσσης.
1172 4555 1282 4608 Καὶ
1325 4555 1432 4624 γὰρ
1477 4554 1583 4607 ἀπὸ
1623 4555 1721 4624 τῆς
1765 4553 1977 4621 φύσεως
2010 4553 2106 4620 τῆς

539 4639 812 4708 ἡμετέρας
844 4640 892 4689 οἰ
947 4639 1203 4708 ἄρχοντες
1233 4636 1407 4706 ἡμῶν.
1445 4634 1601 4688 Οὕτω
1635 4637 1725 4689 καί
1757 4636 1846 4688 τὸν
1887 4634 2106 4706 βασιλέα

540 4719 728 4772 λέοντα
771 4720 924 4772 καλεῖ
960 4720 1250 4784 πολλάκις,
1296 4719 1357 4772 τὸ
1402 4718 1671 4788 βασιλικὸν
1699 4719 1832 4789 ὁμοῦ
1878 4721 1970 4772 καὶ
2005 4720 2104 4791 θη-

543 4810 733 4882 ριῶδες
762 4808 928 4872 δεῖξαι
973 4808 1308 4877 βουλόμενος.
1338 4809 1410 4860 Ἢ
1442 4807 1628 4877 ἐπειδὴ
1661 4807 1688 4858 6
1724 4809 1819 4876 μὲν
1852 4808 2095 4860 ἀνατολι-

542 4891 800 4962 κώτερος,
832 4892 860 4942 6
884 4890 940 4942 δὲ
969 4889 1027 4955 ἐξ
1057 4891 1278 4958 ἄρκτου,
1305 4891 1333 4941 6
1365 4891 1420 4940 δὲ
1443 4890 1551 4941 ἀπὺ
1576 4890 1745 4941 νότου.
1765 4891 1850 4951 Ὠς
1873 4890 1937 4941 ἂν
1965 4891 2105 4942 εἴποι

542 4992 644 5036 τις,
670 4973 1058 5046 Ἀνέτρεψετὴν
1076 4972 1362 5034 Θάλασσαν,
1401 4973 1417 4987 ⁹
1441 4971 1772 5037 ἀνετάραξαν
1804 4973 1868 5022 ὲκ
1893 4971 1985 5022 τοῦ
2015 4973 2104 5022 οὐ-

547 5055 707 5126 ρανοῦ
808 5054 1162 5124 Διαφέροντα
1207 5051 1510 5116 ἀλλήλων.
1569 5051 1639 5103 Τὸ
1681 5052 1912 5117 πρῶτον
1965 5054 2106 5105 ὠσεί

541 5137 775 5193 λέαινα.
802 5139 1064 5204 Καθάπερ
1096 5137 1150 5186 ὲν
1179 5134 1369 5205 ὀνείρῳ
1389 5149 1402 5162 ·
1443 5133 1504 5183 οὐ
1534 5132 1638 5199 γὰρ
1663 5132 1799 5201 αὕτη
1832 5134 1940 5186 τῶν
1973 5151 2106 5204 πρα-

541 5220 768 5288 γμάτων
793 5220 826 5286 ή
863 5219 1022 5286 φύσις
1053 5214 1139 5288 ἦν.
1172 5215 1267 5268 Διὰ
1305 5216 1394 5267 δύο
1426 5213 1703 5282 συμὸόλων
1732 5213 1792 5265 τὸ
1831 5215 2105 5283 βασιλικὸν

542 5299 894 5352 ἐνδείκνυται.
925 5300 1080 5361 Τινὲς
1103 5299 1158 5351 δέ
1190 5316 1371 5368 φασιν,
1396 5298 1476 5349 ὅτι
1511 5296 1600 5348 τὸν
1634 5296 1914 5365 Ἀσσύριον
1937 5299 2103 5367 ἐκρά-

541 5398 702 5452 τησε,
752 5380 837 5432 διὰ
865 5381 1020 5433 τοῦτο
1054 5381 1162 5434 δύο.
1195 5381 1302 5433 Kal
1351 5379 1638 5446 ἐθεώρουν
1670 5379 1778 5444 ἕως
1815 5375 1884 5434 οὗ
1919 5380 2104 5442 ἐξετί-

543 5469 731 5517 λαντο
761 5463 833 5517 τὰ
862 5465 1045 5531 πτερὰ
1065 5461 1270 5530 αὐτῆς,
1300 5464 1545 5517 τουτέστι
1570 5465 1600 5534 ἡ
1628 5463 1797 5534 ἀρχὴ,
1832 5464 1925 5516 καὶ
1957 5463 2104 5530 ἤρθη

605 5726 631 5754 ⁸
655 5725 838 5771 Deesse
862 5724 1062 5784 conjicio
1083 5723 1349 5784 ἀσώματον.

613 5785 640 5825 b
655 5789 729 5833 An
747 5782 964 5842 άπάσαςτ

1216 434 1275 490 S.
1316 431 1594 487 JOANNIS
1630 427 2113 486 CHRYSOSTOMI
2154 425 2468 484 ARCIIIEP.
2514 428 3055 486 CONSTANTINOP.

3677 449 3795 503 230

2200 543 2316 596 άπὸ
2348 541 2454 609 τῆς
2487 543 2617 613 γῆς,
2659 544 2752 594 καὶ
2783 543 2876 595 ἐπί
2922 541 3123 596 ποδῶν
3153 541 3466 608 ἀνθρώπου
3496 538 3747 607 ἐστάθη
3774 560 3787 572 ·

2199 627 2293 678 καὶ
2326 627 2537 692 καρδία
2568 625 2877 692 ἀνθρώπου
2898 625 3072 691 ἐδόθη
3103 623 3274 690 αὐτῇ.
3295 625 3495 694 Γοργὺν
3525 625 3588 675 τὸ
3613 623 3787 685 ζῶον.

2209 708 2574 779 Ἐκατέρωθεν
2618 704 2728 777 εἶχε
2754 709 2851 777 τὴν
2887 708 3036 776 ἰσχὺν
3067 709 3384 777 ταχυτῆτος,
3414 706 3627 758 άνωθεν
3685 706 3789 773 μὲν

2199 790 2305 842 άπὸ
2350 789 2456 842 τῶν
2499 789 2733 859 πτερῶν,
2777 788 3018 842 κάτωθεν
3042 789 3097 841 δὲ
3129 789 3237 841 άπὸ
3263 789 3369 840 τῶν
3405 787 3620 840 ποδῶν·
3663 787 3787 838 ἀλλ’

2200 873 2433 942 ἑκατέρα
2458 873 2491 941 ἡ
2519 871 2750 941 ταχυτὴς
2772 870 3029 941 ἀνῃρέθη,
3060 871 3282 923 ἐκείνων
3307 871 3402 939 μὲν
3431 869 3786 922 ὲκταλέντων

2200 955 2278 1023 (ί.
2313 955 2480 1007 ὲκτιλ.
2506 954 2522 1024 )
2549 994 2564 1018 ,
2618 956 2711 1007 καὶ
2751 957 2882 1024 μηδὲ
2918 955 3188 1022 φανέντων
3222 955 3433 1015 λοιπὸν,
3479 953 3698 1005 τούτων
3729 953 3789 1005 δὲ

2203 1038 2612 1107 μεταπεσόντων
2644 1039 2736 1089 ἐπὶ
2768 1039 2891 1098 τοὺς
2925 1036 3361 1100 ἀσθενεστέρους,
3396 1036 3523 1096 τοὺς
3550 1033 3787 1102 ἀνθρώ-

2199 1129 2394 1180 πουςο,
2439 1119 2546 1170 Kal
2576 1119 2782 1184 καρδία
2814 1116 3125 1184 ἀνθρώπου
3161 1117 3334 1183 ἐδόθη
3379 1116 3551 1182 αὐτῇ.
3602 1115 3790 1168 Τοῦτο

2201 1198 2309 1267 γὰρ
2337 1201 2394 1250 ὲν
2424 1198 2614 1268 ἐκείνῳ
2647 1197 2892 1268 τῴζώῳ,
2938 1199 2998 1250 τὸ
3027 1198 3248 1268 γαῦρον.
3298 1199 3582 1260 Ταπεινὸς,
3618 1197 3785 1266 φησὶ,

2197 1282 2420 1350 ἥμερος,
2451 1281 2734 1350 χειροήθης
2761 1282 2971 1348 ἐγένετο
3003 1284 3030 1333 6
3056 1281 3323 1348 βασιλεύς.
3354 1280 3458 1334 Kal
3495 1275 3630 1333 ιδοὺ
3675 1283 3786 1345 θη-

2191 1363 2328 1429 ρίον
2349 1363 2551 1431 ἕτερον
2575 1361 2774 1429 ὅμοιον
2794 1363 2972 1429 άρκφ,
2999 1363 3095 1414 καὶ
3119 1365 3204 1428 εὶς
3233 1362 3406 1430 μέρος
3428 1361 3495 1413 ἐν
3515 1360 3785 1426 ἐστάθη,

2200 1445 2295 1497 καί
2321 1446 2451 1512 τρία
2479 1444 2707 1512 πλευρὰ
2731 1445 2798 1497 ἐν
2837 1443 2913 1508 τῷ
2941 1446 3187 1513 στόματι
3215 1443 3401 1510 αὐτῆς
3425 1443 3538 1497 ἀνὰ
3568 1443 3787 1510 μέσον

2197 1527 2317 1580 τῶν
2358 1528 2617 1581 ὀδόντων
2657 1526 2861 1594 αὐτῆς.
2912 1527 3019 1580 Kal
3082 1527 3264 1591 οὕτως
3312 1527 3522 1593 ἐλεγον
3571 1523 3782 1589 αὐτῇ·

2215 1606 2543 1677 Ἀνάστηθι,
2569 1607 2713 1676 φάγε
2743 1607 2972 1675 σάρκας
2994 1608 3247 1671 πολλάς.
3267 1609 3386 1659 Ἐπί
3412 1607 3519 1658 τῶν
3538 1607 3786 1667 Περσῶν

2200 1691 2411 1757 ἐγένετο
2448 1690 2507 1741 τὸ
2545 1690 2710 1760 βραδὺ
2734 1689 2840 1741 τῶν
2870 1689 3186 1755 ἀνθρώπων.
3235 1689 3354 1741 Ἐπὶ
3383 1688 3581 1757 Μήδων
3617 1686 3782 1758 [9.58]

2201 1773 2290 1822 καὶ
2316 1770 2537 1841 Περσῶν
2566 1770 2691 1839 τρία
2720 1770 2948 1842 πλευρά,
2991 1771 3108 1839 ἡτοι
3132 1771 3346 1832 τόπους,
3379 1771 3410 1838 ἢ
3462 1769 3558 1830 τὰς
3613 1770 3786 1837 βασι-

2199 1851 2380 1916 λείας,
2433 1851 2498 1914 άς
2566 1851 2822 1905 συνεῖλεν.
2871 1855 3118 1920 Ἔλεγον
3163 1851 3356 1914 αὐτῷ·
3418 1850 3781 1916 Ἀνάστηθι,

2199 1935 2348 2001 φάγε
2375 1932 2603 1999 σάρκας
2637 1932 2890 1998 πολλάς.
2932 1927 3088 1985 Οὗτοι
3123 1933 3228 2003 γάρ
3262 1928 3403 1985 εἶλον
3453 1934 3544 1986 καὶ
3589 1933 3784 1984 Βαϐυ-

2200 2014 2358 2076 λῶνα,
2395 2014 2604 2077 καὶτὰς
2630 2014 2823 2076 πολλὰς
2847 2015 3163 2083 εἰργάσαντο
3200 2016 3502 2084 συμφοράς.
3546 2014 3783 2066 Ὀπίσω

2200 2097 2412 2148 τούτου
2441 2095 2759 2162 ἐθεώρουν·
2807 2094 2903 2147 καὶ
2939 2095 3066 2148 ίδοὺ
3113 2096 3316 2162 ἕτερον
3355 2097 3576 2164 θηρίον,
3623 2095 3783 2148 ὡσεί

2201 2176 2522 2243 πάρδαλις·
2568 2176 2666 2232 καὶ
2718 2175 2871 2244 αὐτῇ
2925 2180 3106 2243 πτερὰ
3175 2177 3440 2244 τέσσαρα
3488 2177 3782 2230 πετεινοῦ

2198 2258 2472 2326 ὑπεράνω
2498 2259 2706 2325 αὐτῆς,
2734 2260 2830 2312 καί
2858 2260 3147 2328 τέσσαρες
3170 2261 3422 2328 κεφαλαὶ
3454 2259 3531 2322 τῷ
3554 2261 3778 2325 θηρίῳ·

2201 2342 2294 2394 καί
2329 2342 2580 2405 ἐξουσία
2615 2342 2788 2409 ἐδόθη
2819 2341 2995 2406 αὐτῷ.
3038 2339 3201 2404 Εἶτα,
3239 2342 3398 2410 φησὶ,
3433 2340 3742 2407 πάρδαλις
3763 2354 3776 2368 ·

2215 2424 2555 2494 Ἀλέξανδρος
2582 2426 2610 2475 6
2646 2425 2751 2476 τῶν
2784 2425 3102 2477 Μακεδόνων
3138 2423 3402 2494 βασιλεὺς,
3444 2425 3625 2476 πᾶσαν
3655 2425 3781 2473 δια-

2202 2507 2340 2570 πτάς
2369 2509 2464 2577 τὴν
2495 2508 2832 2577 οἰκουμένην.
2862 2507 3023 2560 Οὐδὲν
3056 2508 3160 2579 γὰρ
3194 2508 3380 2560 τούτου
3413 2504 3778 2576 γοργότερον,

2201 2591 2319 2642 οὐδὲ
2343 2589 2591 2658 ὀξύτερον
2617 2589 2853 2656 γέγονεν,
2883 2589 3015 2642 ἀλλὰ
3046 2589 3270 2658 σφοδρός
3303 2606 3385 2650 τις
3413 2584 3478 2658 ἦν
3501 2587 3591 2639 καὶ
3616 2586 3777 2650 ὀξὺς,

2201 2672 2453 2741 καθάπερ
2481 2672 2633 2724 τοῦτο
2677 2673 2736 2724 16
2772 2672 2975 2743 θηρίον.
3032 2673 3320 2738 Τέσσαρα,
3375 2669 3528 2738 φησί,
3578 2668 3781 2734 πτερὰ

2203 2757 2472 2809 πετεινοῦ
2492 2756 2762 2822 ὑπεράνω
2786 2755 2992 2822 αὐτῆς.
3019 2756 3325 2817 Τουτέστιν,
3357 2754 3571 2806 ἃπασαν
3596 2767 3781 2819 προτ-

2204 2838 2360 2890 έλαδε
2389 2839 2486 2905 τὴν
2523 2838 2691 2908 ἰσχύν.
2735 2839 2946 2907 Πέρσας
2993 2837 3100 2907 γὰρ
3149 2840 3228 2900 εἰς
3264 2837 3392 2889 δέκα
3431 2838 3577 2904 τρεῖς
3621 2832 3782 2899 βασι·

2202 2919 2349 2982 λείας
2371 2918 2617 2982 διελὼνά,
2653 2921 2894 2982 ἅπαντας
2919 2920 3268 2989 ἐχειρώσατο.
3293 2917 3442 2978 Εἶδες
3471 2914 3639 2968 αὑτοῦ
3669 2914 3777 2982 τὴν

2200 3001 2505 3068 ταχυτῆτας
2534 3002 2642 3052 Καὶ
2671 3000 2776 3052 ἀπὸ
2801 3004 2898 3068 τῆς
2939 3001 3150 3067 φύσεως
3178 2999 3270 3051 τοῦ
3303 2998 3510 3068 θηρίου,
3539 2996 3636 3047 καὶ
3661 2997 3779 3047 ἀπὸ

2202 3081 2306 3133 τῶν
2351 3080 2582 3150 πτερῶν.
2633 3081 2817 3133 Πᾶσαν
2851 3082 3100 3150 διέδραμε
3135 3081 3230 3150 τὴν
3274 3078 3615 3148 οἰκουμένην.
3658 3077 3779 3130 Kal

2203 3163 2451 3229 κεφαλαὶ
2476 3200 2490 3222 ,
2527 3162 2687 3229 φησι,
2731 3162 3020 3229 τέσσαρες
3055 3161 3134 3225 τῷ
3157 3161 3348 3228 θηρίῳ-
3387 3159 3494 3214 Kal
3522 3161 3559 3224 ἡ
3587 3160 3778 3222 ,ϐασι-

2203 3245 2336 3297 λεία
2373 3245 2467 3295 καί
2509 3245 2545 3310 η
2589 3244 2838 3307 ἐξουσία
2883 3245 3053 3308 ἐδόθη
3085 3241 3262 3306 αὐτῷ.
3301 3241 3435 3299 Εῐτι
3465 3242 3607 3308 λέγει
3642 3241 3782 3293 1a!)-

2204 3343 2301 3393 της
2323 3337 2344 3363 ο
2389 3327 2483 3393 τὴν
2510 3327 2829 3396 παρουσίαν,
2865 3327 2961 3393 τὴν
2997 3326 3245 3393 ποικίλην
3281 3326 3375 3377 καὶ
3420 3324 3736 3393 παντοδαπῆ
3759 3365 3776 3386 ,

2207 3407 2296 3457 καὶ
2329 3407 2426 3457 οὐκ
2459 3407 2566 3474 ἔχει
2595 3408 2774 3459 εἰκόνα
2805 3409 2974 3460 εἰπεῖν
2996 3423 3009 3436 ·
3043 3407 3211 3470 οὕτως
3257 3406 3574 3469 ὲξαλλάττον
3618 3423 3671 3456 τι
3713 3406 3778 3456 τὺ

2207 3488 2391 3556 θηρίον
2417 3485 2502 3558 ἦν.
2534 3491 2716 3552 Ιιάσας
2743 3489 2845 3557 γάρ
2879 3490 3089 3549 ὲκείνας
3116 3489 3349 3556 ἐνίκησε.
3384 3489 3516 3548 Ταῖς
3552 3487 3651 3556 μὲν
3682 3489 3777 3539 άλ-

2204 3571 2340 3637 λαιε,
2372 3571 2478 3623 ἀπὸ
2507 3570 2597 3622 τοῦ
2629 3572 2820 3638 τάχους
2852 3567 2918 3640 ἦν
2947 3573 2978 3641 ή
3011 3570 3159 3640 ἰσχύς
3180 3586 3194 3600 ·
3228 3569 3416 3622 τούτου
3443 3570 3497 3621 δὲ
3522 3569 3628 3621 ἀπὸ
3663 3570 3777 3620 τῶν

2204 3653 2459 3706 ὀδόντων·
2500 3653 2705 3721 σιδηροῖ
2751 3654 2906 3722 ἦσαν.
2939 3654 3045 3706 Kal
3073 3652 3144 3704 τὰ
3183 3653 3467 3705 ἐπίλοιπα
3501 3651 3626 3716 τοῖς
3667 3667 3777 3703 που

2205 3738 2309 3790 σίν
2329 3735 2510 3789 αὐτοῦ
2533 3735 2874 3788 συνεπάτει.
2899 3736 3034 3797 Τοὺς
3061 3736 3282 3798 πολλοὺς
3307 3735 3451 3801 λέγει
3478 3734 3774 3802 πολέμους.

2206 3819 2360 3881 Τίνες
2385 3818 2434 3870 ol
2468 3817 2598 3870 δέκα
2631 3817 2891 3886 βασιλείς;
2922 3817 2973 3868 τί
3000 3817 3059 3869 τὸ
3091 3817 3282 3886 μικρὸν
3303 3817 3466 3886 κέρας
3487 3834 3501 3880 ;
3521 3816 3664 3882 Ἐγὼ
3686 3817 3778 3867 τὸν

2219 3899 2578 3971 Ἀντίχριστόν
2631 3917 2767 3969 φημι
2824 3898 3023 3969 μεταξύ
3072 3917 3230 3951 τινων
3289 3898 3573 3966 φαίνεσθαι
3621 3898 3777 3965 βασι-

2207 3984 2360 4036 λέων.
2392 3982 2499 4036 Kal
2521 3982 2830 4049 d;0a.lpol,
2853 3983 2930 4045 ὡς
2957 3980 3246 4049 ὀφθαλμοί
3268 3981 3580 4048 ἀνθρώπου
3605 3981 3674 4032 ἐν
3695 3980 3777 4043 τῷ

2207 4065 2403 4130 κέρατι
2427 4065 2634 4129 τούτῳ,
2663 4063 2760 4115 καὶ
2801 4065 2992 4130 στόμα
3029 4063 3262 4116 λαλοῦν
3281 4064 3532 4130 μεγάλα.
3568 4063 3630 4113 Τί
3665 4063 3776 4130 γὰρ

2208 4147 2415 4199 ἐκείνου
2463 4147 2556 4198 τοῦ
2603 4145 2867 4214 στόματος
2911 4146 3092 4214 μεῖζον
3131 4145 3327 4213 γένοιτ’
3364 4144 3429 4197 ἂν
3459 4145 3550 4196 τοῦ
3585 4144 3771 4210 λέγον-

2207 4246 2329 4293 τος,
2397 4228 2526 4281 Ἐπί
2582 4227 2777 4281 πάντα
2823 4229 3147 4296 λεγόμενον
3211 4226 3349 4280 θεὸν
3391 4226 3428 4292 ἢ
3474 4227 3769 4292 σέϐασμα,

2208 4310 2364 4364 ὥστε
2401 4310 2587 4364 αὑτὸν
2608 4313 2693 4373 είς
2719 4310 2823 4362 τὸν
2855 4309 3002 4362 ναὸν
3025 4308 3129 4361 τοῦ
3157 4309 3302 4361 Θεοῦ
3321 4308 3594 4368 καθίσαι;
3623 4308 3682 4358 Εἰ
3719 4308 3775 4361 δὲ

2209 4391 2476 4460 ὀφθαλμοὶ
2511 4391 2817 4461 ἀνθρώπου,
2861 4391 2934 4459 μὴ
2963 4390 3245 4460 θαυμάσῃς
3265 4405 3279 4419 ⁸
3309 4389 3528 4457 καὶγὰρ
3551 4389 3777 4442 τοιαῦτα

2213 4471 2525 4540 φθέγγεται.
2559 4472 2876 4540 Ἄνθρωπός
2907 4473 3042 4533 ἐστι,
3070 4472 3218 4539 φησί.
3256 4471 3354 4522 Διὰ
3380 4471 3432 4522 τί
3473 4472 3528 4522 δὲ
3556 4473 3775 4541 μικρὸν,

2207 4553 2301 4606 καὶ
2333 4554 2432 4605 ούκ
2461 4552 2520 4617 ἐξ
2557 4553 2734 4624 ἀρχῆς
2765 4553 2904 4623 μέγα
2935 4553 3214 4620 φαίνεται;
3248 4553 3386 4604 Ἀλλ’
3422 4553 3647 4621 ὕστερον
3679 4554 3776 4604 αύ-

2210 4635 2536 4705 ξηθήσεται,
2589 4637 2682 4688 καὶ
2717 4637 2977 4706 κρατήσει
3023 4636 3184 4689 τινῶν
3217 4634 3497 4704 βασιλέων.
3545 4635 3611 4686 Τί
3645 4632 3773 4700 οὗν;

2209 4718 2402 4770 Οὐκέτι
2433 4717 2674 4786 βασιλεία
2692 4718 2992 4785 διαδέχεται
3012 4717 3220 4779 τοῦτον,
3246 4716 3357 4768 ἁλλ’
3383 4717 3546 4779 αὐτὸς
3585 4720 3612 4769 6
3645 4718 3777 4776 Θεὸς

2208 4799 2483 4853 καταλύει.
2547 4799 2897 4866 Ἐθεώρουν,
2943 4800 3054 4864 ἕως
3095 4795 3167 4854 οὗ
3223 4800 3420 4866 θρόνοι
3459 4799 3777 4865 ἐτέθησαν,

2209 4883 2310 4935 καὶ
2335 4882 2598 4947 Παλαιὸς
2641 4881 2872 4950 ἡμερῶν
2901 4882 3154 4950 ἐκάθητο
3173 4899 3184 4913 ·
3211 4882 3305 4934 καὶ
3334 4882 3399 4933 τὸ
3423 4881 3651 4949 ένδυμα
3674 4883 3779 4934 αὐ-

2209 4965 2313 5017 τοῦ
2362 4963 2586 5017 λευκὸν
2614 4963 2754 5016 ὡσεὶ
2787 4961 2962 5031 χιών·
2991 4963 3086 5015 καὶ
3121 4964 3160 5029 ἠ
3207 4963 3336 5029 θρίξ
3364 4961 3474 5029 τῆς
3508 4960 3778 5030 κεφαλῆς

2208 5046 2392 5099 αὑτοῦ
2421 5047 2559 5098 ὡσεὶ
2581 5045 2742 5111 ἔριον
2778 5046 3035 5111 καθαρόν
3055 5063 3070 5077 ·
3099 5049 3132 5097 ό
3154 5049 3364 5113 θρόνος
3396 5047 3582 5099 αὐτοῦ
3617 5047 3776 5112 φλὸξ

2209 5129 2433 5191 πυρός·
2487 5131 2540 5178 οί
2596 5126 2796 5195 τροχοὶ
2831 5127 3014 5180 αὐτοῦ
3054 5123 3174 5195 πῦρ
3217 5129 3459 5196 φλέγον.
3505 5126 3778 5193 Ποταμὸς

2273 5367 2293 5436 ξ
2317 5360 2607 5436 γεςῑείηιίιὶε
2627 5367 3326 5436 ειῃριιόυιίοάνθρῳπείους,χει
3341 5369 3776 5436 ροιίυεάνθρὼπου.

2268 5426 2292 5462 d
2320 5426 2511 5495 Διελών.
2538 5425 2639 5495 Imp
2663 5427 2953 5495 δίῃρῃμένας.
2984 5425 3067 5478 Πιε
3091 5425 3462 5495 ειιὶιηῬετειόὶε
3488 5433 3544 5495 it_I_
3572 5425 3776 5495 l‘rmjm-

2207 5489 2305 5553 ςίεε
2348 5486 2518 5551 djvisio
2559 5486 2840 5553 Alexandro
2888 5495 3040 5538 multo
3092 5494 3464 5553 estiamiquior.
3508 5491 3779 5550 Xenophon

2207 5547 2523 5616 llislogiarurp
2546 5547 2624 5616 ἀρ
2648 5547 2980 5616 ⁵Ιηδιὶιυῑὶ-οοε
3007 5550 3114 5616 Cyri
3157 5552 3238 5600 lib.
3262 5547 3337 5616 1}
3357 5553 3541 5616 δώδεκα
3581 5547 3668 5612 γὰρ
3701 5556 3780 5600 καὶ

2208 5608 2404 5680 Περσῶν
2425 5607 2561 5680 φυλαὶ
2590 5608 2848 5680 διῄρηνται.
2869 5614 3155 5680 lit-limatus
3189 5613 3466 5680 in_'l'h_a_I-ial;
3494 5607 3782 5680 άρχὰςάοσ-

2209 5667 2721 5733 εστήσατο(’10‹]ιιίιιιι·
2759 5674 2819 5718 de
2869 5675 3010 5721 Durio
3037 5675 3284 5733 “)‘SLaSpiS
3327 5675 3444 5731 lilio)
3486 5667 3658 5732 εἰκόσι,
3697 5677 3785 5733 τὰς

2210 5727 2582 5791 αὐτοὶηκα)μέουσῇι
2606 5733 2909 5791 σατραπηίας.

2283 5801 2304 5826 c
2336 5788 2880 5846 chuoniiucstbmlum
2905 5794 3233 5856 reponendum
3273 5807 3378 5844 esse
3410 5796 3646 5853 τετέρτης.
