4016 6466
212 496 329 552 229

219 607 444 660 ruebant
470 603 522 657 in
548 617 691 657 mare
721 614 987 669 magnum.
1014 600 1065 653 ’5.
1090 599 1156 652 Et
1174 605 1399 667 quatuor
1428 593 1609 648 bestia:
1633 594 1787 660 gran-

218 696 315 749 des
342 693 696 748 ascendebant
722 692 788 745 de
812 692 967 754 mari,
996 689 1220 743 diversze
1254 686 1391 741 inter
1416 701 1496 739 sc.
1528 684 1580 737 4.
1615 682 1790 737 Prima

218 784 410 839 similis
440 784 650 846 leaenas,
679 789 733 836 et
759 781 856 835 alte
882 780 996 849 ejus
1019 779 1160 832 velut
1187 778 1284 831 ala:
1312 775 1519 844 aquilae.
1551 772 1792 843 Aspicie-

221 877 343 931 bam
368 916 382 941 ,
412 875 579 930 donec
607 874 800 929 evulsa:
826 880 949 925 sunt
975 871 1073 925 ala:
1110 869 1226 939 ejus
1250 886 1264 924 :
1305 877 1358 923 et
1391 866 1594 920 sublata
1621 874 1702 919 est
1724 863 1791 918 de

223 975 383 1029 terra,
436 972 492 1019 et
539 966 590 1017 in
635 962 854 1032 pedibus
894 960 1122 1014 hominis
1156 958 1322 1023 stetit,
1364 964 1419 1009 et
1442 970 1535 1008 cor
1563 952 1792 1007 hominis

220 1058 401 1113 datum
430 1067 510 1111 est
533 1057 602 1110 ei.
630 1056 683 1109 5.
721 1056 787 1113 Et
812 1068 937 1108 ecce
966 1052 1134 1107 bestia
1174 1051 1276 1104 alia
1324 1048 1511 1102 similis
1555 1060 1713 1109 urso,
1738 1051 1792 1098 et

222 1153 272 1206 in
301 1162 503 1221 partem
531 1164 685 1203 unam
712 1147 875 1209 stetit,
899 1155 953 1200 et
982 1145 1080 1198 tria
1110 1144 1271 1196 latera
1302 1141 1352 1193 in
1377 1156 1469 1194 ore
1494 1139 1629 1208 ejus,
1654 1138 1792 1191 inter

222 1243 410 1297 dentes
440 1242 622 1309 ipsius.
652 1240 721 1294 Et
743 1240 819 1293 sic
837 1238 1081 1292 dicebant
1107 1235 1155 1289 ei
1184 1253 1197 1288 :
1228 1234 1414 1302 Surge,
1433 1231 1651 1287 comede
1678 1244 1794 1282 car-

224 1346 318 1385 nes
345 1331 555 1384 multas.
586 1329 640 1383 6.
672 1329 797 1383 Post
826 1328 924 1380 hoc
949 1324 1269 1394 aSpiciebam
1292 1364 1307 1390 ,
1339 1333 1393 1376 et
1430 1336 1552 1376 ecce
1576 1320 1676 1373 alia
1700 1318 1791 1372 be-

224 1422 320 1475 stia
355 1430 618 1489 tamquam
649 1419 881 1489 pardalis
912 1435 924 1469 :
950 1425 1003 1471 et
1031 1416 1129 1485 ipsi
1172 1414 1267 1468 ala:
1304 1422 1528 1484 quatuor
1558 1411 1791 1465 volucris

224 1524 385 1577 super
409 1525 523 1563 eam
544 1549 556 1570 ,
586 1516 640 1562 et
662 1516 888 1577 quatuor
912 1506 1081 1576 capita
1113 1505 1314 1567 bestim,
1344 1513 1397 1557 et
1420 1512 1648 1571 poteStas
1670 1501 1791 1555 data

225 1610 304 1652 cst
334 1599 429 1651 illi.
471 1600 522 1651 7.
555 1598 679 1651 Post
710 1598 809 1650 hoc
848 1596 1165 1665 aspiciebam
1194 1595 1245 1648 in
1274 1594 1475 1647 visione
1505 1592 1676 1645 noctis
1698 1632 1712 1654 ,
1738 1598 1793 1643 et

223 1705 349 1743 ecce
388 1689 551 1743 bestia
594 1697 797 1757 quarta,
836 1686 1103 1752 terribilis,
1130 1695 1183 1739 et
1223 1683 1477 1753 stupenda
1502 1721 1516 1747 ,
1549 1690 1601 1735 et
1640 1680 1791 1734 fortis

224 1780 384 1834 nimis
418 1797 431 1834 :
470 1789 524 1834 et
561 1780 745 1834 dentes
770 1780 883 1846 ejus
909 1778 1063 1832 ferrei
1116 1785 1169 1830 et
1194 1776 1367 1844 magni
1394 1791 1409 1838 ;
1433 1772 1717 1826 comedens
1739 1779 1792 1825 et

223 1870 585 1924 comminuens
620 1886 633 1933 ;
666 1879 719 1923 et
757 1869 965 1936 reliqua
1008 1854 1231 1935 pedibus
1262 1865 1371 1917 suis
1397 1862 1743 1917 conculcabat
1774 1878 1786 1914 :

227 1972 283 2016 et
312 1962 422 2030 ipsa
453 1962 658 2015 diversa
690 1960 842 2013 valde
883 1974 990 2027 pra:
1015 1956 1260 2011 omnibus
1289 1955 1473 2009 bestiis
1509 1969 1626 2023 quae
1668 1962 1791 2006 ante

222 2066 341 2103 eam
368 2069 379 2103 :
412 2061 465 2103 et
492 2064 687 2104 cornua
708 2048 821 2117 ejus
855 2048 1059 2101 decem.
1084 2046 1137 2100 8.
1157 2044 1564 2099 Considerabam
1591 2058 1788 2097 cornua

221 2141 422 2205 cjus,et
450 2141 574 2194 ecce
603 2154 769 2193 cornu
809 2137 951 2191 aliud
988 2150 1204 2205 parvum
1248 2134 1565 2189 ascendebat
1593 2134 1643 2187 in
1673 2148 1788 2187 me-

220 2228 312 2282 dio
340 2243 545 2295 eorum,
568 2237 622 2283 et
642 2228 738 2281 tria
764 2242 961 2281 cornua
988 2226 1123 2294 ejus,
1152 2226 1219 2280 de
1242 2225 1305 2279 iis
1332 2240 1450 2293 qua:
1468 2232 1641 2286 antea,
1666 2236 1787 2276 era-

220 2319 394 2373 dicata
429 2329 551 2373 sunt
578 2334 609 2373 a
635 2319 763 2373 facie
789 2319 925 2387 ejus.
972 2317 1041 2371 Et
1085 2331 1210 2371 ecce
1256 2316 1414 2378 oculi,
1456 2314 1604 2383 quasi
1650 2312 1788 2367 oculi

220 2410 451 2465 hominis
484 2414 535 2464 in
562 2425 724 2466 cornu
754 2410 889 2475 isto,
930 2420 984 2463 et
1009 2423 1071 2463 os
1097 2408 1321 2477 loquens
1349 2405 1585 2475 grandia.
1629 2424 1647 2456 ι
1682 2404 1789 2458 Cur

219 2518 327 2562 non
372 2504 501 2557 dixit
546 2518 603 2557 se
630 2502 824 2557 vidisse
866 2501 1160 2556 mulieres?
1186 2501 1253 2553 At
1281 2498 1491 2568 quidem
1521 2511 1640 2551 cum
1671 2510 1785 2563 poe-

219 2610 346 2649 nam
389 2606 443 2648 et
481 2593 905 2648 maledictionem
949 2590 1185 2660 oportuit
1226 2589 1498 2651 exhibere,
1537 2586 1787 2641 mulieres

217 2685 440 2739 adduxit
463 2684 731 2753 Scriptura
760 2702 772 2736 :
805 2698 924 2736 cum
955 2691 1131 2735 autem
1157 2694 1321 2748 regna
1349 2677 1664 2746 exprimere,
1690 2675 1784 2729 be-

217 2778 350 2831 stias
376 2777 606 2845 protulit.
630 2776 943 2843 lncorporea
972 2787 1061 2827 res
1089 2782 1171 2825 est
1196 2786 1441 2840 regnum:
1468 2781 1658 2837 corpus
1687 2766 1785 2837 igi-

217 2875 308 2921 tur
329 2866 402 2920 illi
428 2866 625 2919 tribuit.
650 2866 733 2918 An
760 2879 862 2917 non
894 2861 1202 2930 Oportebat?
1226 2860 1290 2913 Et
1313 2867 1475 2912 recte.
1498 2857 1627 2910 Nam
1649 2870 1784 2925 quo-

217 2959 363 3011 niam
411 2970 691 3025 regnorum
737 2954 1019 3022 qualitates
1067 2956 1328 3018 praecipue
1368 2950 1417 3000 in
1455 2950 1635 3001 bestiis
1670 2947 1785 3000 istis

216 3046 511 3110 exsistunt;
540 3044 658 3098 ideo
674 3044 737 3096 iis
760 3055 893 3110 Opus
913 3040 1113 3093 habuit.
1135 3037 1427 3092 Ostendere
1456 3037 1620 3090 voluit
1639 3036 1783 3089 illam

216 3137 271 3191 in
304 3134 513 3189 feritate
548 3132 849 3202 superbiam
878 3140 1035 3199 atque
1062 3130 1318 3183 luxuriam
1346 3128 1444 3197 (a),
1478 3137 1531 3182 et
1559 3127 1782 3181 leaenam

218 3225 487 3295 produxit.
517 3224 697 3278 Voluit
722 3222 1003 3277 ostendere
1033 3221 1330 3274 tarditatem
1356 3260 1371 3285 ,
1397 3228 1450 3273 et
1476 3233 1655 3290 ursum
1687 3216 1782 3271 ad-

216 3316 388 3371 duxit.
436 3314 611 3368 Voluit
647 3313 924 3383 designare
949 3312 1283 3366 velocitatem
1314 3321 1366 3364 et
1396 3310 1781 3379 pernicitatem,

215 3416 272 3461 et
298 3405 437 3475 quod
476 3404 626 3459 bellis
659 3404 834 3458 omnia
874 3402 1096 3469 imperia
1122 3401 1407 3455 everterint
1433 3419 1445 3452 :
1474 3408 1631 3467 atque
1661 3413 1782 3467 par-

214 3496 377 3551 dalim
409 3498 642 3565 protulit.
666 3496 855 3564 Aspice
890 3503 945 3547 ut
977 3493 1120 3563 prius
1150 3491 1367 3561 pulchre
1393 3490 1584 3544 viderit
1614 3504 1780 3554 mare,

214 3586 360 3656 quod
401 3594 746 3655 reprmsentat
784 3584 1091 3638 universum
1129 3581 1311 3637 orbem
1360 3592 1642 3635 terrarum.
1675 3580 1783 3634 To-

216 3677 378 3732 tidem
417 3678 557 3731 enim
614 3677 800 3745 plenus
843 3684 925 3729 est
964 3673 1293 3737 tumultibus,
1326 3680 1382 3726 et
1405 3671 1594 3727 eodem
1627 3669 1783 3725 modo

215 3768 467 3837 agitatur,
497 3767 642 3837 quasi
677 3766 907 3836 piscibus
928 3806 942 3829 ,
972 3781 1078 3819 non
1108 3764 1409 3818 hominibus
1432 3764 1663 3833 repletus
1685 3762 1780 3833 (b).

216 3856 273 3910 ld
300 3858 459 3911 etiam
478 3854 716 3911 Christus
743 3857 1014 3921 declarat,
1045 3865 1360 3923 praesentem
1401 3868 1592 3924 nempe
1624 3854 1783 3907 vitam

216 3966 367 4005 mare
395 3967 545 4014 esse,
574 3951 696 4003 dum
726 3950 854 4004 dicit
884 3969 895 4001 :
933 3966 952 3999 ι
986 3948 1169 4002 Simile
1209 3948 1401 4001 factum
1448 3956 1529 4003 est
1563 3960 1784 4016 regnum

217 4042 468 4093 caelorum
495 4055 703 4108 sagenze
730 4040 905 4093 missae
934 4039 985 4091 iu
1020 4054 1206 4101 mare,
1244 4046 1298 4090 et
1320 4052 1387 4091 ex
1412 4036 1556 4090 omni
1589 4051 1786 4105 genere

218 4128 584 4196 congreganti.
617 4147 635 4178 ι
680 4127 885 4196 (Matth.
920 4128 1007 4180 t5.
1038 4125 1150 4195 47.)
1202 4145 1219 4175 ι
1250 4125 1316 4178 Ει
1354 4139 1503 4190 ecce,
1531 4143 1549 4175 ι
1583 4124 1781 4192 inquit,

226 4235 245 4267 ε
272 4224 503 4286 quatuor
532 4217 676 4271 venti
730 4217 843 4270 caeli
882 4216 1161 4270 irruebant
1194 4215 1249 4269 in
1284 4231 1431 4269 mare
1461 4230 1732 4285 magnum.
1759 4233 1777 4265 ι

218 4308 466 4361 Declarat
487 4307 687 4361 bestias
704 4308 821 4361 illas
838 4308 962 4361 inde
987 4307 1280 4377 prodiisse:
1303 4306 1505 4360 indicat
1522 4306 1680 4359 etiam
1703 4320 1787 4359 ce-

217 4396 485 4450 leritatem
503 4397 693 4451 divinae
708 4397 1076 4466 providentire.
1096 4397 1303 4451 F-tenim
1323 4413 1440 4458 nos,
1464 4413 1588 4450 cum
1614 4397 1681 4449 de
1696 4409 1789 4449 ve-

219 4487 436 4541 locitate
478 4502 653 4541 sermo
681 4497 785 4552 est,
826 4496 1018 4543 ventos
1046 4488 1101 4542 in
1140 4489 1377 4542 medium
1415 4486 1784 4556 producimus.

217 4576 500 4630 lrruerunt
526 4576 581 4629 in
606 4592 784 4643 mare;
820 4585 876 4631 et
903 4586 1263 4639 emerserunt,
1300 4576 1494 4645 inquit,
1534 4573 1721 4629 bestias
1754 4586 1790 4628 θ

222 4664 376 4717 mari.
421 4662 551 4716 Nam
586 4672 786 4717 naturze
816 4673 1012 4716 nostra:
1049 4665 1335 4732 participes
1368 4672 1491 4717 sunt
1523 4663 1787 4733 principes

221 4753 414 4807 nostri.
454 4752 541 4809 Sic
568 4756 723 4807 etiam
758 4768 936 4822 regem
964 4753 1169 4807 leonem
1194 4768 1333 4822 saepe
1365 4763 1551 4820 vocat,
1587 4754 1787 4824 regiam

224 4843 536 4913 dignitatem
581 4852 636 4897 et
684 4844 882 4898 ferinos
927 4858 1104 4898 mores
1151 4844 1384 4899 indicare
1424 4846 1663 4914 cupiens.
1692 4845 1789 4900 Vel

222 4932 346 5003 quia
367 4942 643 4987 ventorum
665 4931 753 4987 ille
776 4930 989 5000 quidem
1019 4932 1293 4989 orientalis
1318 4942 1421 4999 est,
1452 4933 1538 4988 hic
1566 4948 1691 4989 vero
1716 4949 1787 4990 ex

286 5084 361 5159 tu)
392 5083 449 5159 in
468 5090 628 5159 gaeso
644 5098 807 5159 φερέ..
832 5087 1111 5159 Pot-rohiae
1139 5100 1232 5159 vox
1254 5123 1267 5145 ,
1292 5095 1421 5159 teste
1452 5088 1623 5159 Suida,
1650 5102 1789 5138 arro-

471 5152 615 5208 atque
646 5148 845 5198 delicias
874 5148 1123 5219 significat.
1147 5156 1301 5207 mare
1324 5157 1582 5211 utrumque
1606 5152 1655 5198 in
1678 5164 1790 5198 ver-

238 5221 245 5229 ’
265 5218 362 5253 oue
378 5208 542 5255 iunxi.
565 5207 734 5255 ductus
755 5216 1037 5255 auctoritate
1068 5216 1112 5255 8.
1144 5212 1413 5255 Hieronvmi
1432 5245 1447 5255 .
1471 5213 1552 5255 aui
1584 5212 1633 5255 iu
1657 5211 1790 5255 Com-

238 5212 362 5278 sioue
377 5207 734 5278 junxi,’_d_uctus
755 5207 1037 5278 auctoritate
1068 5216 1112 5257 s.
1136 5212 1413 5278 hieronij
1432 5245 1447 5267 ,
1471 5207 1552 5278 qui
1572 5212 1633 5278 _iu
1657 5211 1792 5261 Com-

225 5268 463 5335 mentario
500 5268 558 5314 ad
594 5268 719 5335 hunc
744 5268 911 5335 locum
949 5283 1104 5335 regno
1125 5268 1389 5335 _Babyl_oiiio
1420 5268 1788 5335 crudelitatem,

225 5326 465 5396 luxuriam
490 5336 541 5376 et
562 5326 1419 5396 mperbiamattribuittgflrudelitatis
1436 5334 1683 5393 specimen
1707 5326 1790 5380 da;

225 5389 298 5435 bit
318 5394 460 5454 caput
493 5389 802 5454 praecedens;
840 5392 1044 5454 luxuriae
1081 5391 1205 5454 liber
1242 5389 1477 5442 Judithrel
1524 5396 1786 5454 praesertim

226 5459 331 5518 gap:
353 5446 434 5513 .12,
450 5446 587 5518 ἔξω.
606 5448 668 5518 gi
690 5446 987 5518 ;_s_uperbite,
1012 5460 1066 5501 ut
1087 5452 1179 5501 alia
1201 5459 1431 5513 omittam,
1457 5446 1547 5503 rei
1571 5455 1792 5516 Assyrius

225 5507 410 5569 Luciaer
431 5508 585 5558 dictus
606 5508 669 5568 Is.
690 5507 771 5569 ⁷14,
786 5507 871 5560 ’12.

291 5566 361 5629 (b)
395 5570 602 5619 Piscibus
623 5566 679 5619 ae
703 5566 908 5636 invicem
930 5572 1272 5636 devorantibus
1309 5575 1551 5636 improbos
1573 5575 1793 5624 homines

225 5638 527 5697 comparant,
682 5634 979 5703 Itabacuctuu
1013 5634 1293 5707 prophetam
1312 5673 1325 5693 ,
1353 5634 1686 5741 Kthenaigoras
1710 5643 1793 5685 Le-

225 5695 423 5741 statione
446 5702 531 5741 pro
649 5697 848 5741 lSllanlS.
870 5699 916 5739 Β.
944 5692 1161 5741 Ire-naeus
1184 5695 1264 5741 lib.
1292 5698 1345 5741 5.
1372 5710 1475 5741 can.
1501 5695 1535 5741 2
1575 5734 1587 5741 .
1616 5706 1665 5741 et
1688 5710 1793 5741 om-

224 5692 423 5749 gatione
446 5702 531 5750 pro
554 5692 848 5750 Christianis,
870 5699 916 5739 Β.
944 5692 1161 5743 Ireuaaus
1184 5695 1264 5744 lib.
1292 5698 1345 5753 5,
1372 5710 1475 5757 cap.
1501 5692 1587 5749 εἴ.
1616 5706 1665 5744 et
1688 5710 1794 5745 om-

225 5748 747 5819 nium__e_legantlssime
778 5760 821 5801 s.
848 5752 1043 5802 Basilius
1064 5762 1198 5819 item.
1223 5758 1424 5819 septima
1451 5760 1497 5807 in
1522 5764 1793 5807 Hexaeme-

224 5822 332 5861 ron.
354 5815 518 5861 Notum
541 5820 617 5863 est
636 5825 694 5863 ea
715 5813 779 5863 de
807 5826 863 5863 re
888 5816 1210 5875 proverbium.

1612 473 1675 530 IN
1714 472 2078 531 DANIELEM.

3344 500 3457 559 230

1897 590 2277 657 septentrione,
2307 591 2442 647 alter
2465 606 2591 649 vero
2619 594 2685 649 ab
2705 606 2908 654 austro.
2935 599 3002 657 Ut
3029 603 3073 657 si
3105 606 3223 673 quis
3243 610 3457 667 dixerit:

1896 678 2097 733 Evertit
2135 696 2283 737 mare
2310 698 2325 748 ;
2367 684 2493 738 illud
2523 685 2591 741 de
2625 688 2755 742 caelo
2783 691 3066 759 agitarunt.
3092 693 3314 753 Diversa:
3327 704 3457 755 inter

1894 784 1969 825 se.
2009 770 2208 837 Prima,
2252 774 2395 842 quasi
2433 774 2609 829 (cena.
2642 777 3095 841 Quemadmodum
3124 786 3176 840 iv
3204 787 3445 842 somnio:

1898 874 2001 915 non
2030 862 2172 916 enim
2200 862 2314 919 haec
2343 880 2518 919 rerum
2547 879 2730 921 natura
2753 879 2885 925 erat.
2918 872 3019 927 Per
3038 874 3143 929 duo
3166 876 3313 948 signa
3337 892 3450 932 ma-

1890 950 2057 1019 jestas
2100 954 2242 1023 regia
2289 956 2603 1010 ostenditur.
2632 958 2852 1026 Quidam
2895 978 3021 1017 vero
3064 966 3265 1035 dicunt,
3313 972 3452 1040 quod

1895 1044 2014 1111 quia
2041 1044 2313 1114 Assyrium
2344 1048 2629 1114 superavit,
2672 1049 2790 1104 ideo
2823 1067 2939 1107 cum
2977 1056 3183 1113 duobus
3208 1060 3451 1118 animali-

1896 1131 1991 1186 bus
2029 1133 2315 1188 confertur.
2363 1135 2427 1188 Et
2463 1138 2789 1205 aspiciebam,
2820 1143 2976 1197 donec
3016 1148 3197 1203 evulsis
3222 1162 3336 1205 sunt
3360 1156 3455 1209 ala

1894 1222 2003 1290 ejus
2022 1263 2036 1285 ,
2061 1222 2111 1276 id
2137 1232 2248 1289 est,
2282 1225 2594 1294 imperium,
2623 1237 2671 1280 et
2698 1230 2896 1283 sublata
2934 1242 3006 1286 est
3042 1238 3105 1291 de
3125 1247 3254 1293 terra
3284 1257 3303 1295 :
3331 1256 3377 1297 ct
3402 1248 3453 1300 in

1896 1311 2103 1377 pedibus
2129 1313 2340 1369 hominis
2367 1316 2537 1370 stetit:
2565 1328 2610 1370 et
2633 1334 2717 1371 cor
2745 1322 2958 1376 hominis
2985 1324 3159 1381 datum
3186 1341 3255 1385 est
3275 1335 3338 1390 ei.
3358 1335 3452 1392 Fe-

1895 1417 1990 1456 rox
2019 1404 2231 1457 animal.
2263 1405 2518 1476 Utrinque
2564 1409 2793 1465 habebat
2832 1414 3121 1472 celeritatis
3162 1424 3265 1477 vim
3299 1443 3313 1479 :
3361 1442 3451 1481 su-

1896 1508 2059 1561 perne
2098 1496 2311 1564 quidem
2351 1501 2417 1554 ab
2445 1500 2542 1554 alis
2565 1542 2581 1567 ,
2614 1502 2819 1559 inferne
2847 1520 2974 1561 vero
3011 1524 3038 1563 a
3071 1512 3289 1579 pedibus
3318 1533 3333 1573 :
3362 1520 3451 1573 sed

1897 1598 2115 1657 utraque
2135 1590 2392 1645 velocitas
2420 1592 2593 1647 ablata
2626 1605 2727 1657 est,
2758 1596 2856 1652 alis
2885 1600 3097 1668 quidem
3119 1607 3331 1672 evulsis,
3358 1625 3452 1667 nec

1894 1679 2119 1746 amplius
2158 1683 2563 1749 apparentibus,
2602 1684 2823 1753 pedibus
2861 1704 2986 1744 vero
3013 1691 3454 1762 degenerantibu:

1895 1768 1946 1823 iu
1973 1769 2273 1837 debiliores,
2306 1773 2564 1827 humanos
2592 1775 2811 1831 scilicet.
2847 1777 2915 1831 Et
2938 1796 3024 1834 cor
3053 1783 3265 1839 hominis
3282 1789 3454 1845 datum

1894 1867 1964 1912 est
1989 1858 2051 1912 ei.
2082 1858 2248 1913 Tanta
2275 1860 2326 1914 in
2354 1861 2445 1915 illo
2470 1863 2683 1919 animali
2707 1864 2878 1921 fuerat
2906 1872 3173 1939 superbia.
3206 1876 3448 1947 Humilis,

1894 1949 2092 2017 inquit,
2116 1950 2256 2003 mitis
2285 1959 2339 2005 et
2372 1962 2675 2009 mansuetus
2702 1953 2871 2012 factus
2894 1968 2976 2014 est
3001 1976 3117 2017 rex.
3148 1964 3216 2019 Et
3239 1984 3347 2023 ecce
3366 1972 3443 2025 be-

1893 2041 1987 2094 stia
2012 2040 2114 2093 alia
2141 2041 2317 2094 similis
2344 2058 2460 2095 urso
2487 2058 2506 2096 :
2532 2053 2578 2098 et
2598 2045 2651 2097 in
2679 2059 2869 2114 partem
2895 2065 3045 2105 unam
3078 2056 3211 2108 stetit
3238 2068 3256 2105 :
3284 2064 3332 2107 et
3352 2059 3453 2113 tria

1893 2130 2051 2183 latera
2070 2131 2120 2182 in
2144 2146 2228 2183 ore
2247 2132 2375 2200 ejus,
2398 2133 2526 2185 inter
2549 2139 2718 2189 dentes
2738 2136 2912 2205 ipsius.
2945 2140 3013 2194 Et
3038 2144 3109 2196 sic
3128 2145 3350 2200 dicebant
3377 2160 3446 2212 ei;

1893 2221 2077 2291 Surge,
2106 2230 2305 2277 comede
2329 2239 2500 2277 carnes
2520 2227 2721 2281 multas.
2745 2228 2855 2283 Sub
2886 2230 3061 2288 Persis
3082 2233 3321 2293 homines
3341 2239 3439 2295 fue-

1891 2321 2015 2366 runt
2044 2315 2177 2367 tardi
2204 2328 2266 2368 ac
2290 2329 2501 2384 segnes.
2525 2316 2635 2371 Sub
2664 2317 2831 2374 Medis
2860 2331 2913 2375 et
2936 2321 3111 2379 Persis
3139 2329 3451 2389 exstiterunt

1894 2403 1992 2456 tria
2013 2404 2176 2458 latera
2202 2422 2214 2457 :
2244 2405 2293 2458 id
2322 2417 2429 2473 est,
2462 2408 2546 2461 vel
2574 2408 2718 2475 loca,
2745 2412 2825 2465 vel
2853 2427 3044 2483 regna,
3066 2432 3184 2486 qua:
3210 2420 3260 2473 in
3290 2437 3447 2476 unum

1892 2494 1965 2549 illi
1996 2506 2393 2552 contraxerunt.
2440 2497 2682 2555 Dicebant
2718 2504 2763 2555 ei
2785 2519 2805 2557 :
2839 2503 3019 2577 Surge,
3059 2515 3260 2565 comede
3278 2530 3451 2569 carnes

1891 2585 2091 2639 multas.
2115 2586 2178 2640 Hi
2219 2589 2359 2642 enim
2396 2601 2648 2659 ceperunt
2691 2602 2745 2647 et
2787 2594 3126 2666 Babylonem,
3164 2610 3218 2654 et
3259 2605 3450 2659 multas

1888 2679 2211 2733 calamitates
2239 2682 2544 2736 intulerunt.
2571 2702 2589 2735 (
2614 2683 2737 2739 Post
2762 2685 2862 2740 hoc
2886 2689 3223 2758 aspiciebam;
3246 2704 3299 2749 et
3325 2710 3451 2752 ecce

1888 2767 1990 2821 alia
2008 2768 2191 2835 bestia,
2209 2771 2357 2840 quasi
2374 2773 2603 2841 pardalis
2624 2790 2636 2826 :
2664 2783 2718 2830 et
2743 2776 2840 2844 ipsi
2867 2777 2962 2832 ala:
2982 2790 3207 2847 quatuor
3222 2783 3451 2839 volucris

1889 2873 2050 2926 super
2071 2877 2207 2923 eam,
2226 2872 2279 2917 et
2301 2865 2470 2933 capita
2500 2876 2726 2935 quatuor
2751 2869 2932 2924 bestia:
2954 2889 2967 2925 :
2990 2881 3044 2926 et
3071 2883 3302 2942 potestas
3328 2877 3446 2933 data

1888 2958 1969 3002 est
1989 2950 2081 3003 illi.
2117 2970 2136 3002 s
2172 2951 2385 3019 Deinde,
2416 2955 2600 3024 inquit,
2646 2959 2869 3025 pardalis
2896 2976 2914 3014 :
2946 2963 3243 3020 Alexander
3279 2968 3450 3024 Mace—

1888 3038 2083 3131 donum
2114 3056 2225 3104 rex,
2252 3044 2339 3111 qui
2372 3053 2536 3099 totum
2566 3048 2745 3102 orbem
2764 3053 3072 3118 pervolavit.
3091 3054 3231 3111 Nihil
3254 3061 3449 3131 quippe

1888 3129 1980 3185 illo
2011 3130 2106 3186 fuit
2137 3134 2436 3199 terribilius,
2458 3151 2553 3192 nec
2578 3139 2839 3197 velocius:
2868 3154 2921 3197 at
2947 3145 3233 3203 vehemens
3253 3129 3366 3205 erat
3384 3129 3447 3208 ac

1888 3222 2049 3288 celer,
2064 3225 2217 3278 sicuti
2237 3224 2347 3279 hare
2362 3227 2546 3281 bestia.
2562 3229 2809 3297 Quatuor,
2829 3231 3011 3303 inquit,
3033 3237 3131 3290 alte
3145 3240 3355 3295 volucris
3369 3259 3448 3296 su-

1888 3330 1975 3383 per
1994 3332 2122 3369 eam.
2146 3316 2249 3373 Hoc
2265 3326 2365 3383 est,
2385 3333 2593 3372 omnem
2618 3323 2904 3390 potentiam
2922 3325 3020 3380 sibi
3042 3327 3105 3380 ad
3108 3329 3297 3395 junxit.
3322 3332 3450 3387 Per-

1886 3419 1974 3458 sas
1999 3406 2139 3459 enim
2166 3408 2217 3460 in
2241 3408 2489 3461 tredecim
2524 3425 2685 3479 regna
2711 3411 2777 3465 ab
2805 3426 2863 3466 se
2889 3413 3086 3469 divisos
3111 3418 3210 3472 sibi
3226 3420 3450 3490 subjecit

1886 3496 2345 3551 universosNides
2369 3497 2507 3552 illius
2534 3499 2894 3554 celeritatem?
2917 3502 2981 3556 Et
2999 3518 3064 3557 ex
3082 3504 3265 3562 bestia:
3290 3519 3445 3566 natu-

1887 3603 1966 3653 ra,
1994 3596 2047 3642 et
2071 3603 2136 3642 cx
2161 3587 2278 3642 alis.
2308 3588 2625 3644 Universum
2647 3592 2827 3646 orbem
2862 3597 3138 3663 percurrit.
3169 3598 3233 3652 Et
3260 3603 3450 3670 capita,

1887 3678 2071 3747 inquit,
2088 3688 2301 3747 quatuor
2322 3679 2501 3732 bestiae.
2519 3680 2582 3733 Et
2602 3698 2808 3752 regnum
2837 3692 2881 3737 et
2909 3695 3123 3754 potestas
3147 3690 3264 3741 data
3287 3701 3358 3744 est
3382 3693 3447 3745 ei.

1887 3769 2088 3823 Dehinc
2126 3780 2298 3823 narrat
2328 3778 2529 3840 quarta:
2558 3770 2743 3827 bestia:
2767 3774 3046 3829 adventum
3074 3778 3448 3836 multiformem

1887 3869 1941 3912 et
1972 3858 2328 3928 omnigenum,
2364 3869 2417 3914 et
2447 3874 2549 3915 non
2582 3872 2755 3931 potest
2790 3863 2978 3920 ali‘erre
3006 3867 3400 3925 similitudinem
3433 3890 3447 3927 :

1887 3949 2018 4003 adeo
2047 3949 2211 4003 bestia
2230 3950 2313 4003 illa
2339 3949 2551 4005 varians
2568 3961 2700 4006 erat.
2729 3954 2840 4007 Alia
2862 3957 3051 4025 quippe
3064 3960 3237 4011 omnia
3260 3962 3452 4018 devicit

1893 4054 2073 4107 regna.
2114 4039 2334 4094 Caeteris
2377 4041 2587 4111 quidem
2628 4044 2865 4112 imperiis
2892 4062 2921 4099 a
2960 4048 3235 4104 velocitate
3282 4052 3450 4107 inerat

1887 4130 1967 4182 vis
1997 4147 2010 4183 :
2035 4129 2190 4198 hujus
2214 4144 2339 4183 vero
2363 4132 2605 4187 animalis
2633 4134 2771 4188 vires
2794 4135 2844 4189 in
2872 4134 3115 4192 dentibus
3138 4180 3151 4202 ,
3184 4141 3269 4209 qui
3293 4143 3449 4198 ferrei

1888 4230 2063 4275 erant.
2087 4219 2154 4273 Et
2177 4222 2365 4289 reliqua
2392 4223 2597 4290 pedibus
2621 4225 2725 4277 suis
2754 4227 3091 4281 conculcabat.
3118 4230 3273 4283 Multa
3299 4232 3452 4287 intel-

1886 4310 1999 4381 ligit
2026 4310 2180 4365 bella.
2221 4312 2441 4378 Quinam
2473 4322 2596 4365 sunt
2619 4312 2799 4367 decem
2828 4330 2979 4385 reges
3008 4318 3029 4370 ?
3064 4320 3203 4387 quod
3234 4336 3448 4389 parvum

1887 4401 2094 4455 Cornu?
2120 4401 2231 4470 Ego
2252 4401 2336 4454 aio
2366 4402 2748 4457 Antichristum
2788 4405 2926 4461 inter
2949 4409 3149 4478 aliquot
3175 4427 3324 4481 reges
3351 4430 3449 4485 ap-

1888 4510 2095 4565 parere.
2122 4495 2188 4549 Et
2216 4496 2352 4549 oculi
2372 4537 2386 4561 ,
2416 4499 2561 4568 quasi
2586 4500 2717 4553 oculi
2736 4500 2949 4555 hominis
2969 4542 2983 4567 ,
3012 4504 3064 4556 in
3086 4521 3241 4559 cornu
3266 4509 3379 4576 isto,
3405 4520 3450 4563 et

1890 4604 1944 4641 os
1957 4589 2159 4657 loquens
2176 4587 2407 4658 grandia.
2426 4587 2559 4654 Quid
2580 4589 2719 4642 enim
2742 4589 2832 4644 illo
2852 4606 2944 4646 ore
2960 4594 3209 4661 grandius
3224 4610 3342 4651 esse
3358 4613 3452 4667 po-

1890 4687 1995 4732 test
2021 4677 2160 4747 quod
2188 4679 2447 4745 loquitur,
2481 4677 2651 4747 Supra
2678 4679 2921 4749 quidquid
2952 4682 3136 4734 dicitur
3166 4684 3297 4738 Deus
3317 4726 3332 4747 ,
3367 4697 3453 4741 aut

1892 4785 2096 4831 numen,
2122 4769 2247 4821 adeo
2270 4775 2323 4819 ut
2347 4769 2399 4820 in
2428 4768 2613 4837 templo
2639 4768 2733 4822 Dei
2758 4771 2925 4823 sedeat
2946 4771 3023 4841 (2.
3052 4771 3228 4827 Thess.
3260 4775 3316 4830 2.
3352 4778 3407 4847 Δ)
3432 4780 3455 4831 ?

1890 4857 1945 4912 Si
1988 4869 2161 4911 autem
2215 4857 2352 4911 oculi
2398 4857 2645 4920 hominis,
2699 4873 2763 4911 ne
2803 4859 3049 4914 mireris:
3089 4864 3284 4917 etenim
3332 4865 3455 4921 talia

1893 4950 2144 5020 loquitur.
2172 4949 2341 5003 Homo
2385 4959 2466 5003 est
2508 4948 2581 5017 (2.
2610 4947 2783 5003 Thess.
2814 4950 2870 5004 2.
2896 4953 2973 5021 5),
3002 4953 3189 5022 inquit.
3223 4956 3328 5010 Cur
3357 4972 3453 5011 au-

1896 5048 1998 5093 tem
2022 5056 2185 5095 cornu
2217 5054 2432 5108 parvum
2453 5078 2467 5099 ,
2509 5046 2564 5091 et
2599 5054 2702 5091 non
2733 5039 2798 5093 ab
2829 5040 2979 5095 initio
3008 5058 3253 5112 magnum
3292 5062 3453 5115 appa-

1894 5130 2095 5185 ret?At
2116 5130 2334 5199 posthac
2355 5138 2587 5193 crescet,
2618 5139 2671 5183 et
2696 5132 3041 5199 quorumdam
3071 5148 3253 5203 regum
3282 5135 3457 5189 donni-

1895 5222 2121 5276 nabitur.
2166 5221 2301 5287 Quid
2334 5220 2532 5290 igitur?
2564 5220 2772 5275 Nullum
2811 5237 3026 5291 regnum
3056 5226 3283 5296 excipiet
3319 5226 3459 5283 hunc

1894 5330 2071 5384 regem
2108 5332 2120 5367 :
2149 5314 2240 5367 sed
2269 5313 2413 5366 illum
2442 5313 2577 5367 Deus
2604 5313 2827 5381 ipsemet
2843 5314 3093 5370 dissolvet
3115 5332 3176 5371 ac
3201 5317 3457 5374 destruet.

1896 5409 1948 5462 9.
1985 5426 2003 5457 ‹
2034 5405 2387 5475 Aspiciebam,
2412 5404 2580 5459 donec
2608 5404 2779 5459 throni
2803 5406 2957 5474 positi
2981 5418 3122 5474 sunt,
3145 5419 3195 5461 et
3217 5411 3464 5479 antiquus

1896 5497 2098 5551 dierum
2117 5496 2272 5550 sedit:
2292 5504 2344 5549 et
2366 5495 2736 5549 vestimentum
2761 5497 2876 5564 ejus
2897 5498 3174 5551 candidum
3192 5500 3325 5553 sicut
3346 5502 3461 5553 nix:

1896 5597 1949 5641 et
1977 5586 2196 5655 capillus
2236 5586 2426 5654 capitis
2457 5584 2572 5653 ejus
2612 5586 2759 5653 quasi
2805 5586 2924 5639 lana
2969 5587 3158 5640 munda
3194 5605 3207 5641 :
3244 5589 3466 5642 thronus

1898 5677 2012 5746 ejus
2038 5676 2244 5729 flamma
2273 5676 2406 5743 ignis
2440 5692 2453 5729 :
2494 5683 2625 5728 rota:
2659 5673 2773 5742 ejus
2816 5674 2949 5744 ignis
2986 5676 3196 5732 ardens.
3226 5677 3315 5732 to.
3340 5677 3464 5732 Flu.

1897 5772 2016 5827 vius
2059 5769 2191 5839 ignis
2221 5766 2466 5823 manabat
2496 5764 2770 5837 egrediens
2796 5780 2825 5819 a
2851 5780 2949 5821 con
2982 5773 3134 5835 pectu
3160 5766 3292 5837 ejus.
3324 5767 3464 5825 Mille
