4016 6444
522 440 628 495 231

511 542 676 598 millia
702 538 1070 594 ministrabant
1095 536 1144 592 ei
1168 576 1184 600 ,
1210 545 1261 590 ct
1278 534 1415 589 dena
1445 533 1603 587 millia
1633 531 1828 585 denum
1856 529 2078 582 millium

514 632 832 687 assistebant
864 642 986 684 ante
1013 643 1157 684 eum.
1185 625 1447 681 Iudicium
1475 622 1648 682 sedit.
1683 630 1734 674 et
1761 619 1878 673 libri
1913 618 2080 686 aperti

513 729 658 775 sunt.
719 739 740 773 ι
785 717 1181 774 Contendamus
1226 715 1426 780 animo,
1467 712 1746 767 carissimi.
1785 709 1900 766 Non
1939 709 2081 762 enim

511 812 689 883 parvis
715 811 782 865 de
808 809 967 864 rebus
990 809 1181 878 agitur.
1213 804 1430 869 Throni,
1461 801 1630 872 inquit
1650 842 1663 862 ,
1688 801 1839 869 positi
1864 807 1979 853 sunt
1996 838 2010 862 ,
2037 806 2083 850 et

513 901 749 970 antiquus
776 899 971 952 dierum
1003 897 1150 951 sedit.
1181 895 1312 961 Quis
1338 902 1420 948 est
1447 893 1590 946 iste?
1623 888 1788 948 Sicuti
1828 903 1948 943 cum
1987 901 2081 940 au-

513 989 657 1045 diisti
685 1002 861 1042 ursum
885 1027 901 1052 ,
932 1001 1036 1040 non
1064 986 1130 1040 de
1156 1000 1278 1038 urso
1309 983 1588 1054 cogitasti,
1617 989 1810 1034 etcum
1838 979 2079 1041 lea-nam,

514 1097 620 1136 non
664 1079 718 1134 id
745 1078 939 1133 animal
977 1076 1354 1147 suspicabaris,
1386 1073 1478 1128 sed
1501 1086 1659 1142 regna
1691 1089 1705 1137 ;
1736 1080 1788 1124 et
1817 1085 1935 1125 cum
1965 1084 2080 1121 ma-

512 1187 604 1238 re,
633 1187 740 1225 non
766 1184 909 1224 mare
933 1209 948 1232 ,
974 1169 1068 1223 sed
1091 1167 1275 1222 orbem
1304 1175 1599 1228 terrarum,
1630 1163 1683 1216 in
1712 1162 1830 1215 aliis
1856 1161 1957 1214 alia
1987 1174 2082 1212 co-

508 1263 686 1331 gitans
717 1278 731 1315 :
762 1261 832 1314 ita
861 1269 916 1315 et
942 1274 1100 1314 llllllc.
1127 1259 1390 1325 Antiquus
1418 1254 1623 1308 dierum
1650 1253 1774 1322 quid
1803 1261 1884 1305 est
1911 1251 1935 1301 ‘t
1960 1250 2082 1304 Seni

513 1351 723 1406 cuidam
746 1351 932 1405 similis
953 1357 1087 1404 erat.
1105 1347 1236 1401 Nam
1254 1345 1319 1398 ad
1342 1357 1468 1398 usus
1495 1358 1695 1402 rerum,
1718 1350 1936 1412 propter
1955 1353 2085 1407 quas

515 1448 756 1509 apparet,
783 1439 1016 1508 seipsum
1057 1435 1250 1490 format
1279 1451 1292 1491 :
1319 1442 1476 1502 atque
1502 1431 1586 1486 bic
1602 1429 1834 1486 ostendit
1870 1428 2086 1483 senibus

512 1528 704 1599 judicia
725 1542 844 1583 esse
864 1523 1257 1582 committenda.
1286 1521 1594 1578 Sicuteuim
1622 1534 1742 1574 cum
1771 1518 1920 1572 audis
1943 1517 2087 1570 tbro-

513 1636 640 1674 num
659 1659 676 1686 ,
701 1633 807 1674 non
831 1617 1133 1674 cathedram
1161 1614 1408 1682 intelligis
1440 1631 1452 1666 :
1486 1626 1672 1667 verum
1698 1609 1814 1678 quis
1847 1607 1980 1662 adeo
2004 1607 2084 1660 vi-

513 1709 619 1765 lem
644 1723 708 1764 ac
733 1708 1000 1778 vulgarem
1028 1720 1241 1762 sensum
1263 1702 1544 1772 arriperet,
1570 1715 1689 1754 cum
1721 1707 1774 1752 et
1800 1696 1923 1751 alibi
1949 1696 2086 1750 Deus

514 1808 749 1853 armatus
793 1798 1052 1860 videatur,
1081 1805 1134 1850 et
1185 1794 1306 1848 alibi
1349 1799 1657 1848 cruentatus
1702 1789 1718 1856 (
1750 1789 1880 1854 Sap.
1910 1787 1963 1840 5.
1994 1787 2081 1839 18.

513 1888 641 1944 Isai.
660 1888 748 1944 63.
771 1887 990 1959 3)?Hoc
1019 1887 1194 1955 itaque
1225 1884 1459 1938 indicare
1486 1881 1627 1944 vult,
1658 1888 1869 1948 tempus
1904 1875 2084 1945 judicii

513 1994 653 2034 esse.
689 1977 1043 2032 Vestimentum
1086 1978 1219 2046 ejus,
1247 1973 1389 2042 quasi
1415 1972 1524 2035 nix,
1562 1969 1852 2024 candidum.
1877 1966 2086 2033 Quare?

515 2070 772 2137 Quoniam
802 2084 905 2123 non
943 2067 1101 2122 modo
1140 2076 1349 2136 tempus
1371 2071 1452 2119 est
1477 2061 1658 2131 judicii
1685 2102 1700 2128 ,
1729 2059 1823 2115 sed
1859 2059 2088 2114 retribu-

513 2160 674 2214 tionis
700 2173 906 2228 quoque
932 2175 946 2213 :
973 2155 1220 2226 quoniam
1250 2163 1467 2208 cunctos
1492 2152 1588 2221 ipsi
1619 2150 1828 2204 adstare
1855 2157 2082 2218 oportet:

514 2250 758 2318 quoniam
798 2247 1055 2301 Iudicium
1089 2246 1258 2309 illius,
1303 2242 1502 2312 inquit,
1531 2242 1672 2310 quasi
1698 2241 1787 2294 lux
1813 2240 2088 2311 egredietur

518 2339 684 2411 (Osee
709 2341 757 2394 6.
785 2340 818 2394 5
845 2339 886 2408 ).
917 2337 1115 2392 Deinde
1143 2335 1338 2389 Τὴνοηί
1360 2334 1508 2403 positi
1535 2341 1669 2386 sunt.
1697 2331 1882 2386 Nonne
1909 2329 2086 2385 throni

513 2431 570 2486 in
615 2430 805 2500 quibus
846 2427 1113 2491 Sedebitis,
1159 2427 1355 2496 inquit,
1384 2440 1532 2493 super
1582 2423 1842 2475 duodecim
1884 2423 2088 2476 thronos

519 2519 821 2589 (Hatth.19.
838 2518 954 2587 28)?
969 2516 1031 2570 Et
1041 2517 1254 2588 capillus
1267 2515 1445 2580 capitis
1459 2514 1566 2584 ejus
1584 2514 1726 2582 quasi
1743 2513 1861 2565 lana
1877 2511 2084 2565 munda.

515 2609 657 2679 Ignis
678 2608 808 2663 nihil
828 2607 1190 2671 consumebat,
1225 2603 1651 2674 quandoquidem
1674 2601 1810 2656 lenis
1837 2609 1970 2656 erat.
1993 2601 2086 2654 Vi-

516 2698 613 2753 des
637 2698 821 2754 faciem
846 2707 901 2753 et
921 2697 1153 2752 habitum
1171 2696 1378 2751 civilem
1396 2708 1458 2748 ac
1473 2692 1820 2763 popularem?
1840 2691 2088 2745 Thronus

518 2788 768 2853 terrebat,
785 2785 924 2858 quod
946 2787 1066 2856 igne
1081 2784 1404 2847 abundaret;
1423 2793 1476 2838 et
1496 2797 1597 2838 non
1618 2783 1734 2851 igne
1754 2781 2085 2850 simpliciter,

521 2880 611 2937 sed
640 2881 759 2950 igne
779 2879 1016 2934 ardente.
1045 2877 1175 2932 Nam
1199 2893 1265 2931 nc
1281 2876 1641 2935 existimares,
1665 2888 1759 2942 per
1785 2872 2083 2927 similitudi-

516 2986 639 3026 nem
656 2972 841 3025 factam
859 2984 976 3025 esse
996 2969 1461 3038 comparationem,
1480 2965 1679 3020 addidit
1697 2966 1830 3035 ignis
1853 2965 1991 3018 illius
2009 2962 2088 3018 ef-

516 3061 772 3121 ﬁcaciam,
789 3075 892 3112 non
906 3059 1076 3113 solum
1092 3058 1265 3128 ignem
1279 3057 1479 3121 dicens,
1493 3057 1588 3111 sed
1606 3057 1776 3124 ignem
1790 3057 2082 3110 ardentem.

516 3147 724 3202 Flavius
741 3148 869 3218 ignis
885 3146 1118 3200 manabat
1133 3161 1164 3198 a
1179 3155 1444 3214 conspectu
1457 3145 1585 3213 ejus.
1603 3144 1656 3196 Μ
1661 3145 1746 3196 ille
1762 3145 1921 3197 millia
1933 3145 2086 3197 mini-

516 3237 738 3292 strabant
766 3239 811 3292 ei
831 3280 845 3303 ,
877 3247 923 3292 et
960 3237 1090 3291 dena
1125 3236 1287 3290 millia
1323 3235 1506 3288 denum
1545 3233 1759 3287 millium
1791 3233 2083 3287 assistebant

518 3338 633 3383 ante
659 3346 770 3383 eum
793 3325 889 3400 (a).
931 3327 1190 3382 Iudicium
1215 3325 1360 3380 sedit.
1405 3324 1515 3378 Hoc
1541 3331 1622 3378 est
1645 3364 1659 3388 ,
1692 3322 1811 3377 ideo
1840 3323 2086 3388 advenit,

517 3428 577 3474 ut
598 3419 851 3489 judicium
875 3418 1104 3473 daretur.
1132 3417 1194 3472 Et
1218 3417 1330 3470 libri
1353 3415 1513 3484 aperti
1536 3424 1651 3468 sunt
1677 3413 1836 3482 (Dan.
1861 3414 1947 3468 15.
1973 3413 2084 3483 ΔΞ).

523 3509 657 3577 Quid
689 3509 806 3563 ais?
835 3509 981 3564 libris
1022 3509 1160 3563 Deus
1189 3507 1415 3576 indiget,
1453 3505 1551 3569 Qui
1580 3505 1748 3558 omnia
1789 3506 1920 3558 novit
1951 3515 2090 3556 ante-

518 3615 667 3668 quam
693 3600 857 3668 ﬁant?
883 3599 981 3664 Qui
1005 3599 1148 3667 ﬁnxit
1168 3598 1424 3668 stgillatim
1445 3596 1600 3649 corda
1619 3613 1789 3649 eorum
1812 3596 1976 3667 (Psal.
1997 3595 2086 3650 52.

522 3690 650 3757 15)?
678 3690 778 3743 Sed
803 3689 952 3757 juxta
981 3687 1415 3743 consuetudinem
1447 3688 1846 3757 magistratuum
1877 3696 2089 3742 nostro-

520 3796 637 3834 rum
665 3780 925 3849 loquitur;
962 3790 1014 3834 et
1040 3781 1116 3834 sic
1141 3788 1259 3833 acta
1285 3778 1413 3832 ﬁunt
1440 3776 1577 3846 apud
1609 3791 1726 3832 nos.
1773 3777 1918 3832 Sicut
1945 3778 2087 3832 enim

519 3878 635 3924 acta
665 3884 768 3922 non
796 3868 914 3923 ideo
945 3869 1207 3939 leguntur,
1236 3878 1292 3922 ut
1317 3869 1651 3938 magistratus
1676 3868 1846 3923 solum
1868 3867 2090 3924 edocea-

522 3969 640 4023 tur,
671 3958 763 4012 sed
791 3959 947 4012 etiam
974 3969 1030 4012 ut
1052 3967 1301 4027 appareat
1322 3959 1520 4028 justum
1550 3973 1667 4013 esse
1687 3958 1940 4027 judicium
1973 3977 1986 4010 :
2019 3959 2090 4012 ita

523 4057 576 4104 et
605 4057 728 4104 tunc
749 4049 943 4104 evenit.
975 4048 1103 4102 Nam
1131 4048 1255 4103 licet
1281 4048 1420 4102 Deus
1444 4049 1575 4103 sciat
1595 4063 1653 4102 se
1675 4049 1812 4116 juste
1832 4048 2089 4117 judicare,

523 4149 751 4195 attamen
781 4140 944 4195 libros
971 4140 1160 4209 aperit.
1192 4138 1353 4208 Cujus
1383 4140 1461 4196 rei
1488 4141 1694 4210 gratia?
1737 4141 1870 4206 Quid
1896 4142 1974 4194 ais
1993 4181 2008 4206 ,
2039 4150 2095 4196 et

523 4231 650 4300 quid
672 4231 762 4286 tibi
785 4231 899 4287 vis?
924 4231 1030 4286 Cur
1050 4247 1153 4285 non
1177 4232 1389 4301 prtemia
1415 4248 1622 4302 quoque
1644 4233 1811 4287 dixit?
1832 4236 1900 4288 At
1923 4233 2055 4288 dixit
2078 4253 2090 4289 :

526 4321 716 4375 Throni
733 4321 878 4391 positi
894 4330 1008 4374 sunt
1021 4337 1040 4385 ;
1053 4321 1475 4390 quandoquidem
1496 4323 1634 4377 Deus
1649 4332 1700 4377 et
1720 4322 1805 4375 illa
1824 4322 2090 4379 definivit:

523 4420 799 4482 postquam
827 4424 953 4466 vero
979 4425 1076 4465 nos
1098 4425 1202 4465 non
1232 4412 1518 4476 audiimus,
1543 4422 1668 4467 tunc
1687 4413 2013 4483 punitionem
2041 4423 2095 4470 et

586 4565 658 4627 (α)
689 4572 923 4627 Numerus
944 4569 1108 4627 certus
1129 4565 1438 4627 pro__incerto.
1467 4571 1620 4627 Quare
1651 4564 1756 4627 ιπξο
1789 4565 1939 4627 verba
1963 4568 2093 4615 varie

524 4628 587 4680 ab
599 4625 830 4676 Ecclesiae
864 4625 1144 4675 doctoribus
1174 4625 1315 4674 allata
1353 4626 1574 4674 invenies
1592 4662 1606 4684 ,
1633 4631 1677 4672 S.
1704 4625 1889 4674 Irenwo
1914 4626 1995 4674 lib.
2032 4629 2062 4673 2
2080 4661 2094 4686 ,

523 4701 628 4757 cap.
643 4687 684 4757 κϐ
703 4723 716 4746 ,
737 4686 1029 4757 'tertulllano
1049 4687 1282 4757 adversus
1302 4693 1536 4757 eratiram.
1551 4699 1654 4757 cap.
1681 4687 1727 4757 ξ,
1754 4686 1959 4757 Auctore
1986 4687 2096 4735 libri

525 4749 585 4796 ad
623 4751 926 4810 Novatiauum
963 4748 1278 4810 interVVOpera
1318 4754 1362 4795 S.
1403 4747 1618 4810 Cypriani
1640 4781 1654 4804 ,
1681 4748 1882 4795 Eusebio
1920 4754 2091 4810 tivang.

526 4817 733 4870 Prtepar.
756 4808 836 4856 lib.
862 4811 910 4864 7,
931 4820 1036 4869 cap.
1062 4808 1136 4866 15,
1163 4807 1309 4869 atque
1334 4807 1478 4870 etiam
1501 4815 1546 4870 Β.
1565 4807 1896 4870 Chrysostomo
1915 4807 2098 4857 Ηοηιῖϐ

525 4868 690 4917 contra
712 4868 1002 4928 Anomtnos;
1019 4881 1110 4918 nec
1131 4868 1236 4916 non
1259 4870 1306 4916 in
1329 4868 1713 4918 Ordinationibus
1747 4871 2092 4917 Maronitarum.

527 4928 851 4991 AtEditiones
881 4937 924 4978 S.
965 4929 1234 4991 Hieronymi
1273 4929 1499 4991 adhunc
1532 4928 1686 4978 locum
1726 4932 1907 4978 vitiosae
1945 4937 2093 4978 sunt:

529 4987 722 5052 Duplea:
753 4996 910 5052 autem
931 4987 1206 5052 tmgelortim
1227 4987 1434 5052 o/ﬁcium
1455 4995 1562 5052 est:
1599 4990 1804 5039 aliorum
1842 4990 1922 5052 qui
1949 4991 2097 5052 justis

527 5050 728 5111 praemia
750 5050 990 5110 tribuunt;
1009 5050 1212 5099 aliorum
1235 5050 1318 5112 qui
1338 5051 1537 5112 singulis
1550 5059 1768 5112 ,pra’sunt
1787 5050 2093 5101 cruciatibus.

526 5116 672 5159 Nemo
697 5125 794 5174 non
819 5112 949 5160 videt
984 5111 1295 5160 scribendum
1315 5111 1442 5171 esse,
1464 5111 1726 5162 civitatibus
1744 5152 1755 5168 ,
1782 5120 1832 5161 ut
1856 5120 1907 5159 et
1930 5122 2095 5174 postea

525 5174 737 5234 comperi
763 5173 934 5233 legere
957 5180 1003 5234 S.
1019 5174 1240 5222 Thomam
1267 5174 1314 5220 in
1337 5176 1640 5234 Exposuione
1665 5175 1712 5221 in
1739 5175 1864 5221 hunc
1884 5173 2097 5234 prophe-

528 5233 645 5295 tam.
667 5241 807 5281 Porro
830 5233 1053 5295 notabilis
1091 5234 1323 5293 imprimis
1358 5233 1677 5295 discrepantia
1715 5237 1841 5282 inter
1865 5240 1912 5280 Β.
1939 5233 2096 5285 'rbeo-

527 5293 750 5356 doretum
776 5302 826 5356 et
933 5294 1154 5341 Thomam
1173 5331 1191 5356 ,_
1212 5307 1302 5342 seu
1321 5296 1479 5354 potius
1515 5293 1559 5342 Ξ.
1597 5299 1880 5356 Dionysium,
1906 5297 1953 5344 in
1979 5300 2096 5345 assi-

527 5355 714 5419 gnanda
765 5354 1367 5419 dignitate-angelorum,
1423 5356 1506 5416 qui
1561 5354 1862 5410 ministrant,
1921 5366 1970 5406 et
2014 5362 2096 5419 qui

527 5369 714 5412 gnanaa
765 5369 1367 5462 Gignlww‘aflgelorum,
1423 5369 1506 5416 qui
1561 5369 1862 5410 ministrant,
1921 5369 1970 5406 et
2014 5369 2096 5419 qui

527 5418 797 5482 assis_tunt._
849 5417 879 5462 b
912 5415 1376 5482 utroque__dissentit
1410 5423 1453 5463 s.
1491 5419 1935 5482 Gregoriuspapa;
1962 5422 2097 5482 cujus

525 5475 736 5548 ppinioni
774 5474 902 5548 favet
934 5474 1080 5548 vellis
1111 5475 1337 5548 Clemens
1370 5474 1606 5548 Romanus;
1625 5474 1895 5548 infp‘istola
1922 5474 1976 5525 ad
2004 5474 2093 5528 C0-

528 5535 728 5600 t'inthios
747 5550 781 5600 ;h
799 5535 1228 5600 mendo-Clemens
1263 5544 1437 5600 autem,
1460 5538 1510 5585 in
1534 5535 1961 5600 Constitutionibus
1983 5553 2098 5600 apo-

522 5593 701 5658 stolicis
719 5593 838 5658 ,lib.
872 5598 930 5654 8.
962 5610 1065 5658 cap.
1104 5597 1162 5644 12
1180 5633 1193 5654 ,
1221 5608 1248 5643 a
1280 5598 1583 5658 'rheodoreto
1607 5607 1700 5647 stat
1725 5613 1735 5645 :
1763 5599 1849 5646 sed
1872 5599 1934 5647 de
1959 5593 2100 5651 variis

523 5657 647 5718 circa
669 5656 868 5718 angelos
899 5656 1156 5706 scntéutiis
1188 5657 1419 5718 prmclare
1452 5659 1647 5707 disserit
1672 5667 1876 5707 Joannes
1896 5664 2100 5711 Morinos

523 5715 579 5822 :3
603 5715 932 5822 gratulationes
966 5715 1202 5782 Syriacas;
1233 5725 1362 5781 Lege
1395 5721 1650 5782 Origenem
1681 5721 1740 5770 ad
1768 5733 1871 5782 cap.
1899 5723 1928 5770 5
1952 5725 2096 5784 Epist.

635 5790 729 5822 Olli.

635 5790 729 5823 Olli.

1215 423 1272 480 S.
1311 421 1587 479 JOANNIS
1623 416 2093 476 CIIRYSOSTOMI
2130 415 2445 472 ARCIIIEP.
2485 415 3013 474 CONSTANTINOP.

3669 429 3793 484 232

2191 529 2504 596 supplicium
2537 531 2764 583 minatus
2791 540 2893 585 est.
2926 531 2989 585 Et
3014 547 3191 587 nonne
3213 533 3364 588 nobis
3384 537 3521 590 hanc
3545 535 3784 604 primam

2191 633 2375 672 vocem
2398 619 2612 672 emisit?
2641 618 2839 674 Exinde
2859 623 3026 691 coepit,
3055 623 3241 691 inquit,
3265 625 3542 692 prwdicare
3559 641 3782 697 regnum

2189 705 2427 759 calorum
2456 706 2663 776 (Matth.
2697 710 2750 762 4.
2791 710 2899 778 17).
2928 711 3069 764 Nihil
3100 727 3413 780 corporeum
3439 716 3740 783 suspiceris
3765 756 3784 780 ,

2189 793 2399 858 dilecte,
2429 811 2527 850 nec
2553 798 2824 853 existimes
2849 801 3011 854 Deum
3029 842 3044 866 ,
3073 803 3161 871 qui
3192 803 3480 860 immensus
3502 813 3607 872 est,
3636 809 3783 862 solio

2191 899 2310 939 esse
2335 886 2611 940 inclusum.
2655 888 2786 942 Nam
2828 889 2872 944 si
2911 890 2980 945 In
3005 909 3159 946 manu
3185 895 3292 964 ejus
3317 905 3434 949 sunt
3468 897 3596 962 ﬁnes
3626 907 3786 951 terra

2192 973 2362 1040 (Psal.
2393 976 2481 1030 94.
2501 978 2554 1047 4)
2580 995 2592 1028 :
2618 979 2662 1031 si
2691 977 2892 1032 Montes
2917 982 3090 1034 statuit
3114 991 3297 1036 statera
3318 999 3339 1039 :
3359 985 3405 1038 si
3433 984 3623 1040 Omnes
3643 1003 3784 1057 gen-

2194 1072 2265 1116 tes
2292 1066 2435 1132 quasi
2459 1068 2616 1120 saliva
2644 1069 2696 1122 in
2725 1078 2990 1140 conspectu
3026 1073 3136 1140 ejus
3177 1084 3420 1143 reputatae
3454 1084 3574 1129 sunt
3597 1118 3612 1141 ,
3643 1087 3695 1130 et
3735 1077 3782 1131 si

2190 1163 2369 1207 cuncta
2407 1156 2532 1208 sicut
2572 1159 2733 1224 pulvis
2771 1177 2942 1213 coram
2982 1178 3040 1215 eo
3084 1161 3251 1230 (lsai.
3281 1165 3368 1220 40.
3400 1165 3485 1219 12.
3516 1166 3665 1237 15),
3720 1176 3783 1221 ut

2192 1245 2304 1312 ipse
2331 1245 2404 1298 ait
2429 1262 2443 1296 ε
2474 1248 2590 1314 quis
2619 1249 2763 1302 locus
2790 1259 2958 1305 totum
2995 1253 3151 1306 simul
3178 1253 3634 1322 comprehendere
3677 1271 3785 1325 po-

2190 1334 2352 1388 terit?
2379 1334 2482 1390 Sed
2514 1337 2635 1405 quid
2657 1339 2679 1389 ?
2705 1339 2812 1394 Res
2838 1356 2942 1394 non
2971 1342 3040 1395 ita
3063 1357 3121 1396 se
3149 1342 3304 1398 habet
3334 1361 3347 1396 :
3377 1345 3511 1398 solio
3542 1361 3652 1399 non
3685 1348 3773 1401 iu-

2191 1425 2420 1480 cluditur
2449 1427 2603 1480 Deus.
2636 1427 2690 1481 Si
2729 1441 2903 1483 autem
2943 1432 3315 1486 vestimentum
3343 1432 3607 1496 habebat,
3636 1450 3775 1503 quo:

2191 1515 2348 1568 modo
2397 1515 2529 1584 ignis
2576 1517 2704 1571 illud
2752 1534 2856 1576 non
2905 1523 3273 1590 consumpsit?
3318 1534 3371 1576 et
3410 1538 3513 1592 qua
3562 1525 3781 1579 ratione

2188 1607 2454 1677 Antiquus
2469 1606 2673 1664 dierum
2700 1608 2891 1663 dicitur
2918 1610 3008 1665 ille
3031 1651 3047 1676 ,
3081 1613 3170 1679 qui
3207 1621 3330 1669 ante
3366 1615 3543 1669 omnia
3573 1617 3783 1670 saecula

2190 1695 2427 1749 exstitit?
2445 1712 2549 1766 quo
2567 1706 2719 1766 pacto
2736 1707 2906 1753 autem
2924 1707 2978 1754 et
2996 1701 3276 1768 antiquus?
3294 1701 3374 1755 Tu
3393 1706 3555 1770 enim,
3577 1707 3780 1775 inquit,

2189 1783 2320 1836 idem
2341 1785 2447 1855 ipse
2471 1803 2521 1840 es
2543 1785 2713 1856 (Psal.
2745 1789 2865 1843 101.
2891 1789 3005 1858 28).
3036 1789 3143 1844 Cur
3171 1791 3325 1860 igitur
3347 1797 3615 1864 antiquus,
3647 1811 3779 1851 cum

2190 1871 2397 1929 dicatur
2426 1874 2532 1928 :Et
2570 1880 2692 1930 anni
2734 1879 2804 1930 tui
2844 1895 2945 1932 non
2971 1880 3202 1949 deﬁcient
3231 1882 3597 1954 (lbid.)?'Qui
3643 1901 3783 1940 vero

2191 1964 2559 2018 vestimentum
2581 1982 2787 2036 quoque
2812 1967 2970 2022 fuerit
2994 1972 3132 2025 circa
3160 1972 3471 2031 immensum
3500 1991 3563 2030 ac
3594 1976 3782 2031 incor-

2190 2057 2450 2123 poreum?
2472 2057 2671 2111 Etenim
2693 2061 3052 2128 magnitudinis
3072 2065 3201 2132 ejus,
3226 2065 3411 2135 inquit,
3438 2084 3539 2120 non
3559 2080 3632 2121 est
3651 2069 3781 2137 ﬁnis

2191 2144 2362 2214 (Psal.
2394 2147 2513 2203 144.
2547 2149 2623 2217 5).
2658 2149 2726 2203 Et
2752 2166 2931 2206 rursus
2960 2171 2972 2205 :
3005 2152 3066 2207 Si
3094 2157 3362 2209 ascendero
3387 2159 3438 2210 in
3463 2160 3644 2214 calum
3668 2202 3684 2226 ,
3723 2175 3781 2215 tu

2188 2238 2294 2290 illic
2323 2256 2409 2302 es;
2435 2242 2478 2293 si
2502 2241 2798 2296 descendero
2823 2245 2876 2297 in
2899 2245 3171 2314 infernum,
3194 2249 3314 2302 ades
3335 2248 3502 2319 (Psal.
3534 2255 3656 2307 131.
3687 2253 3777 2324 8).

2189 2329 2468 2396 Quomodo
2489 2333 2645 2401 igitur
2667 2346 2811 2388 veste
2836 2336 3370 2393 circumseribebatur
3395 2341 3646 2402 humana.
3671 2359 3781 2398 nec

2192 2419 2333 2471 illam
2374 2423 2759 2475 consumebat?
2800 2425 2866 2476 At
2912 2440 3039 2480 vero
3077 2435 3130 2480 et
3169 2428 3269 2482 alia
3298 2429 3556 2498 ejusmodi
3602 2433 3780 2486 multa

2195 2508 2376 2562 videre
2404 2525 2464 2563 ae
2494 2511 2667 2580 legere
2707 2523 2912 2580 poterat
2951 2518 3227 2585 propheta.
3273 2520 3549 2586 Quomodo
3587 2533 3781 2579 autem

2192 2598 2367 2666 capilli
2399 2599 2449 2652 in
2483 2600 2599 2669 igne
2630 2618 2730 2653 non
2759 2606 3209 2660 absumebantur?
3240 2608 3458 2678 Propter
3481 2610 3581 2665 hoc
3602 2613 3782 2682 siqui-

2191 2689 2311 2743 dem
2338 2691 2557 2758 subjecit
2580 2711 2594 2746 :
2620 2693 2852 2748 Tlironus
2872 2698 2983 2766 ejus
3003 2699 3134 2767 ignis
3155 2702 3351 2754 ardens.
3385 2700 3447 2754 Et
3473 2703 3590 2756 libri
3605 2716 3780 2773 apertt

2192 2789 2326 2833 sunt.
2362 2779 2430 2834 Ut
2457 2782 2543 2836 ille
2571 2783 2660 2852 qui
2690 2784 3001 2850 damnatur,
3030 2804 3127 2842 suo
3152 2789 3250 2843 sibi
3268 2790 3467 2859 judicio
3511 2794 3780 2850 condem-

2194 2879 2370 2924 netur.
2403 2873 2487 2926 11.
2525 2891 2544 2923 ‹
2573 2875 2902 2941 Aspiciebam
2931 2885 3054 2931 tunc
3079 2893 3108 2930 a
3131 2894 3258 2934 voce
3281 2894 3583 2936 sermonum
3609 2899 3780 2952 gran-

2191 2961 2355 3026 dium,
2386 2979 2518 3032 quos
2546 2981 2709 3019 cornu
2741 2967 2868 3020 illud
2900 2968 3228 3037 loquebatur.
3257 2974 3564 3040 Spectabunt
3592 2975 3780 3031 donec

2192 3051 2467 3107 interiecta
2482 3064 2560 3107 cst
2575 3055 2736 3110 bestia
2753 3057 2858 3116 illa,
2877 3061 2932 3106 ct
2944 3056 3125 3123 periit,
3139 3059 3232 3114 iob
3245 3063 3776 3132 magniloquentiam.

2193 3141 2520 3210 Quamquam
2564 3144 2861 3199 Alexander
2905 3148 3066 3200 Deum
3116 3150 3370 3204 adorant.
3418 3172 3438 3204 ε
3475 3154 3542 3206 Et
3569 3171 3782 3225 corpus

2189 3231 2309 3298 ejus
2329 3231 2506 3284 datum
2528 3242 2609 3286 est
2630 3232 2678 3285 in
2704 3234 3121 3290 combustionem
3155 3238 3306 3307 ignis.
3340 3239 3422 3292 12.
3451 3242 3513 3294 Et
3533 3244 3780 3314 reliqua-

2194 3338 2312 3376 rum
2336 3324 2618 3377 bestiarum
2643 3327 2926 3381 translatus
2947 3337 3028 3383 est
3051 3330 3367 3399 principatus
3390 3352 3402 3387 :
3423 3345 3475 3386 et
3494 3335 3780 3404 longitudo

2195 3416 2316 3468 vita:
2338 3414 2457 3468 data
2484 3424 2564 3468 est
2584 3416 2659 3470 eis
2685 3432 2850 3486 usque
2876 3417 2942 3472 ad
2971 3427 3178 3488 tempus
3197 3431 3249 3474 et
3270 3431 3496 3490 tempus.
3527 3442 3544 3475 ι
3570 3425 3782 3492 Quam-

2196 3507 2276 3560 vis
2295 3507 2449 3562 linem
2471 3509 2764 3574 habuerint,
2785 3519 3017 3565 attamen
3037 3511 3137 3565 hoc
3154 3513 3341 3566 factum
3360 3525 3458 3568 est.
3479 3513 3545 3567 Et
3561 3519 3781 3572 combuo

2193 3609 2270 3651 sta
2292 3609 2360 3651 est
2391 3599 2616 3662 bestia,et
2632 3616 2809 3669 corpus
2831 3602 2968 3655 illius
2989 3603 3103 3672 igne
3128 3603 3464 3672 absumptum.
3509 3607 3782 3663 Funditus

2195 3692 2418 3759 periisse
2441 3692 2693 3746 declarat.
2727 3693 2812 3746 15.
2846 3693 3158 3761 Aspiciebam
3194 3696 3244 3748 in
3279 3697 3462 3750 visione
3489 3701 3684 3762 noctis,
3730 3709 3801 3754 ev

2195 3799 2309 3836 ecce
2347 3799 2458 3836 cum
2502 3784 2709 3837 nubibus
2750 3785 2860 3838 caeli
2895 3787 3038 3853 quasi
3083 3784 3247 3839 Filius
3286 3787 3498 3841 hominis
3523 3789 3776 3846 veniebat.

2197 3875 2325 3940 Quis
2352 3878 2463 3928 lucc
2489 3876 2733 3944 ignorat?
2760 3877 2877 3945 quis
2903 3878 3201 3946 pet-Spiccrc
3229 3879 3458 3947 poterit?
3480 3895 3603 3933 num
3625 3882 3780 3937 enim

2196 3968 2385 4022 Petrus
2413 3975 2495 4021 est
2527 3967 2615 4036 qui
2646 3968 2742 4020 ista
2773 3967 2932 4030 dicit,
2970 3983 3004 4022 ο
3032 3967 3254 4023 Judaze?
3293 3985 3415 4024 num
3442 3969 3677 4026 Paulus?
3701 3970 3782 4026 Et

2195 4073 2326 4122 ecce,
2353 4058 2541 4126 inquit,
2570 4059 2711 4126 quasi
2747 4056 2914 4110 Filius
2939 4058 3154 4112 hominis
3180 4059 3419 4126 veniebat,
3448 4070 3492 4112 et
3519 4077 3674 4129 usque
3701 4065 3784 4117 ad

2197 4148 2457 4213 antiquum
2480 4148 2673 4200 dierum
2693 4149 2932 4216 pervenit.
2966 4150 3102 4202 Ecce
3127 4159 3178 4204 et
3207 4164 3301 4218 par
3324 4149 3549 4219 dignitas
3574 4152 3784 4207 utrius-

2198 4251 2319 4306 que.
2350 4235 2417 4289 Et
2441 4239 2494 4290 in
2523 4247 2789 4305 conspectu
2815 4239 2922 4306 ejus
2949 4239 3144 4292 oblatus
3169 4249 3238 4293 est
3262 4241 3356 4293 illi.
3386 4240 3453 4295 Ut
3478 4256 3596 4295 cum
3623 4243 3784 4299 vide-

2198 4329 2273 4382 ris
2302 4330 2398 4397 ipsi
2425 4341 2644 4398 regnum
2674 4330 2826 4394 tradi,
2858 4331 3008 4397 illud,
3043 4331 3196 4393 tradi,
3224 4331 3453 4388 humano
3478 4334 3638 4389 modo
3665 4351 3780 4392 non

2199 4433 2417 4473 censeas
2459 4420 2842 4488 accipiendum.
2887 4420 3019 4474 Nam
3053 4423 3090 4473 Α
3123 4421 3331 4475 nubibus
3370 4424 3480 4477 ειειὶ
3501 4465 3516 4489 ,
3554 4425 3727 4495 inquit
3760 4444 3779 4480 :

2200 4510 2370 4564 nubes
2408 4520 2582 4563 autem
2625 4525 2719 4578 pro
2761 4511 2891 4564 caelo
2933 4526 3146 4566 sumere
3181 4513 3315 4566 solet
3343 4513 3632 4583 Scriptura.
3684 4519 3779 4576 14.

2205 4617 2223 4649 α
2256 4600 2322 4653 Et
2351 4599 2446 4668 ipsi
2476 4601 2627 4654 datus
2649 4608 2731 4654 est
2757 4601 3101 4669 principatus,
3132 4611 3184 4654 et
3213 4601 3401 4666 honor,
3428 4613 3482 4657 et
3507 4617 3732 4673 regnum
3760 4627 3778 4663 :

2200 4699 2252 4742 et
2281 4704 2465 4742 omnes
2497 4691 2670 4757 p0puli
2697 4730 2710 4751 ,
2742 4691 2908 4742 tribus
2933 4729 2949 4754 ,
2979 4690 3171 4759 lingua:
3200 4691 3298 4759 ipsi
3330 4693 3579 4746 servient.
3613 4693 3782 4751 Pote-

2200 4787 2308 4832 stas
2339 4780 2452 4846 ejus
2481 4789 2714 4847 potestas
2743 4789 2944 4834 acterna
2966 4821 2982 4846 ,
3029 4796 3146 4849 quae
3181 4797 3286 4837 non
3315 4785 3687 4853 pcrtransibit,
3726 4799 3786 4844 et

2200 4886 2419 4940 regnum
2465 4870 2580 4939 ejus
2608 4887 2711 4925 non
2752 4884 3142 4942 corrumpetur.
3179 4893 3198 4927 s
3231 4875 3367 4941 Quid
3391 4918 3406 4940 ,
3441 4893 3624 4946 qutcso
3649 4917 3667 4944 ,
3697 4880 3787 4936 his

2199 4961 2374 5015 verbis
2414 4962 2778 5015 manifestius?
2821 4962 2889 5014 Et
2928 4979 3098 5016 omnes
3138 4966 3331 5032 pOpuli,
3363 4966 3550 5036 inquit,
3585 4969 3785 5036 tribus,

2201 5050 2388 5119 lingua:
2432 5052 2530 5118 ipsi
2574 5058 2801 5104 sert'ient.
2848 5052 2981 5106 Vide
3025 5063 3081 5104 ut
3127 5069 3337 5108 omnem
3377 5055 3520 5110 orbis
3564 5069 3781 5128 gentem

2199 5143 2509 5208 complexus
2535 5144 2618 5195 sit.
2653 5143 2782 5195 Vide
2808 5153 2864 5195 ut
2890 5152 2944 5197 et
2961 5143 3155 5211 judicis
3178 5145 3441 5214 acceperit
3466 5146 3693 5202 tribunal
3717 5163 3782 5204 ac

2203 5242 2533 5301 potesmtem.
2564 5233 2638 5285 Ne
2663 5235 2803 5285 enim
2835 5233 2883 5284 id
2915 5247 3034 5286 esse
3068 5236 3440 5301 temporarium
3473 5237 3776 5302 existimes,

2200 5324 2274 5375 ait
2305 5343 2316 5375 :
2351 5325 2475 5388 Qum
2514 5341 2611 5376 non
2653 5323 2971 5388 pertransibit
3011 5339 3029 5375 :
3069 5333 3113 5376 et
3140 5339 3347 5392 regnum
3377 5326 3511 5377 illius
3540 5343 3639 5378 non
3667 5343 3780 5379 cor—

2200 5425 2460 5482 rumpetur
2488 5430 2505 5466 :
2531 5413 2622 5466 sed
2651 5422 2752 5465 stat
2780 5429 2842 5466 ac
2872 5422 3070 5466 manet.
3106 5414 3255 5478 Quod
3285 5415 3328 5468 si
3362 5416 3515 5469 tidem
3550 5432 3653 5470 non
3684 5417 3781 5470 ha-

2203 5506 2296 5559 bes
2317 5549 2330 5567 ,
2362 5521 2388 5556 a
2417 5506 2574 5558 rebus
2606 5505 2945 5572 persuadere.
2976 5505 3136 5558 Vides
3172 5505 3521 5574 aequalitatem
3556 5507 3780 5564 honoris

2201 5612 2319 5651 cum
2354 5597 2546 5649 Patre?
2586 5596 2715 5648 Nam
2744 5595 2866 5663 quia
2903 5595 3070 5648 Filius
3109 5603 3226 5662 post
3257 5596 3462 5649 Patrem
3494 5599 3780 5665 apparuit,

2203 5697 2416 5755 propter
2445 5687 2544 5739 hoc
2574 5687 2645 5739 ait
2674 5700 2792 5739 eum
2822 5686 3030 5740 venisse
3061 5700 3179 5739 cum
3208 5686 3452 5740 nubibus.
3501 5688 3655 5755 Quod
3686 5704 3781 5743 au-

2209 5786 2314 5830 tem
2346 5775 2594 5829 existeret
2623 5785 2673 5828 et
2703 5783 2878 5843 antea,
2905 5776 3101 5830 clarum
3132 5786 3212 5831 est
3241 5789 3304 5830 ex
3346 5775 3477 5844 ipsis
3507 5778 3772 5835 nubibus:
