4016 6458
256 349 367 401 231

234 446 432 510 πυρὸς
464 440 663 498 εἷλκεν
703 448 1168 514 ἐκπορευόμενος
1208 449 1541 515 ἔμπροσθεν
1581 445 1783 498 αὐτοῦ.

233 530 434 579 Χίλιαι
482 530 745 594 χιλιάδες
797 531 1210 598 ἐλειτούργουν
1246 531 1424 593 αὐτῷ,
1454 531 1549 582 καὶ
1588 531 1787 596 μύριαι

229 614 522 679 μυριάδες
553 616 1055 683 παρειστήκεισαν
1076 619 1410 684 ἔμπροσθεν
1433 616 1634 669 αὑτοῦ.
1652 619 1785 681 Κρι-

235 699 443 767 τήριον
462 700 717 763 ἐκάθισε,
738 701 830 752 καὶ
853 702 1052 762 ,ϐίϐλοι
1074 701 1479 767 ἀνεῴχθησαν.
1506 701 1787 750 Συντείνω-

1606 335 1671 388 IN
1706 333 2069 393 οΑΝιειΕῑιι.

1889 465 2015 500 πται
2032 450 2217 519 θρόνῳ.
2241 450 2370 503 Είδὲ
2387 450 2580 517 ἔνδυμα
2603 445 2733 517 εἶχε,
2758 448 2871 510 πῶς
2900 452 2996 502 οὐκ
3023 450 3290 519 ἀνήλωσεν
3312 450 3442 502 αὐτὸ

1884 533 1941 583 τὸ
1966 534 2107 601 πῦρ;
2140 535 2256 596 πῶς
2280 532 2329 585 εἶ
2352 534 2407 585 δὲ
2432 535 2495 601 (f.
2528 535 2633 602 εἴη)
2659 534 2888 595 Παλαιὸς
2917 533 3156 602 ἡμερῶν,
3186 536 3214 584 ό
3244 533 3325 602 li.
3346 534 3439 602 δςι

1882 618 1986 687 πρὸ
2006 621 2217 672 πάντων
2238 620 2344 671 τῶν
2365 621 2571 672 αἰώνων
2596 621 2834 688 ὑπῆρχες
2858 620 2972 680 πῶς
2993 619 3046 670 δὲ
3069 620 3159 669 καὶ
3182 619 3404 678 παλαιός
3423 634 3437 679 ;

1879 703 1961 752 Σὺ
1982 703 2109 772 7&9,
2127 704 2276 771 φησὶ,
2296 704 2443 773 [240]
2470 707 2502 755 ό
2520 704 2695 767 αὐτὸς
2712 700 2779 755 εἷ.
2803 703 2923 764 Πῶς
2946 699 3036 753 οὖν
3060 702 3313 766 παλαιός;
3334 703 3439 753 Kal

234 805 340 855 μεν
370 788 467 857 τὴν
499 788 756 851 διάνοιαν,
787 788 1071 856 ἀγαπητοί.
1108 789 1179 839 Οὐ
1214 789 1320 857 γὰρ
1360 787 1484 855 περὶ
1520 786 1725 853 μικρῶν
1758 786 1786 834 ὁ
1880 786 1949 836 τὰ
1973 787 2075 851 ἐτη
2093 801 2209 840 σου
2236 787 2362 856 γὰρ,
2391 788 2540 855 φησὶ,
2567 789 2675 839 οὐκ
2697 787 3104 853 ἐκλείψουσιν.
3133 785 3253 847 Πῶς
3273 784 3439 837 δὲκαὶ

230 874 393 939 λόγος
436 875 570 926 ἐστί.
607 877 842 940 Θρόνοι,
884 876 1064 942 φησιν,
1099 874 1406 938 ἐτέθησαν,
1455 873 1551 925 καὶ
1590 877 1622 925 ό
1670 878 1785 926 Πα-

229 960 408 1024 λαιὸς
455 961 687 1028 ἡμερῶν
730 962 997 1025 ἐκάθητο.
1051 959 1144 1021 Τίς
1183 962 1327 1011 ἐστιν
1360 956 1543 1021 οὖτοςς
1576 960 1783 1029 ’Ὠσπερ

232 1045 474 1106 ἀκούσας
504 1046 689 1115 ἄρκον,
722 1047 819 1097 οὑκ
852 1048 1016 1115 ἄρκον
1048 1046 1289 1113 ἐνόησας,
1322 1047 1415 1097 καὶ
1446 1045 1679 1106 λέαιναν,
1721 1046 1779 1096 οὐ

232 1129 391 1180 τοῦτο
422 1130 755 1191 ὑπώπτευες,
782 1129 913 1181 ἀλλὰ
944 1128 1243 1196 βασιλείας·
1274 1131 1365 1180 καὶ
1400 1127 1687 1191 θάλασσαν,
1717 1128 1777 1179 οὐ

233 1214 528 1277 Θάλασσαν,
574 1213 704 1265 ἀλλὰ
730 1215 826 1281 τὴν
870 1212 1209 1280 οἰκουμένην,
1244 1212 1309 1264 δι’
1339 1212 1535 1281 ἐτέρων
1583 1212 1775 1279 ἔτερα·

231 1297 377 1349 οὕτω
418 1300 509 1350 καὶ
545 1297 656 1350 νῦν.
691 1298 918 1358 Παλαιὸς
957 1298 1174 1364 ἡμερῶν
1207 1297 1258 1347 τί
1303 1298 1480 1360 ἐστιν;
1527 1298 1771 1363 Γεγηρα-

232 1385 349 1436 κότι
380 1386 484 1435 τινὶ
516 1384 694 1451 ἐῴκει.
727 1384 866 1453 Πρὸς
889 1384 995 1453 γὰρ
1017 1386 1115 1445 τὰς
1143 1384 1326 1452 χρείας
1363 1384 1469 1435 τῶν
1524 1384 1778 1451 πραγμά-

229 1486 360 1531 των,
394 1470 458 1519 δι“
498 1468 560 1529 ἃς
599 1468 862 1534 φαίνεται,
907 1471 1063 1520 τυποῖ
1105 1469 1312 1529 ἑαυτὸν,
1371 1468 1518 1537 [259]
1568 1468 1777 1528 δεικνυς

230 1554 313 1605 ὅτι
367 1556 475 1614 τοῖς
535 1553 789 1614 τοιούτοις
837 1553 1178 1605 πιστεύεσθαι
1229 1553 1297 1603 τὰ
1341 1554 1592 1621 κριτήρια
1647 1554 1773 1619 χρή.

232 1639 443 1707 ’Ὠσπερ
488 1639 595 1707 γὰρ
640 1640 820 1708 θρόνον
867 1638 1073 1691 ἀκούων
1122 1639 1242 1706 οὐχὶ
1292 1638 1555 1707 καθέδραν
1603 1641 1770 1699 νοεῖς·

227 1723 367 1774 ἀλλὰ
398 1725 512 1784 πῶς
550 1724 640 1776 τὸν
682 1724 937 1791 χυδαϊόνι
982 1740 1065 1785 τις
1097 1723 1475 1786 ἐπισπάσαιτο,
1512 1724 1631 1774 ἐπεὶ
1684 1724 1775 1775 καὶ

227 1808 457 1875 ἀλλαχοῦ
484 1809 817 1875 ὡπλισμένος
843 1807 1106 1875 φαίνεται,
1130 1808 1219 1859 καὶ
1248 1808 1505 1876 ἑτέρωθεν
1529 1810 1775 1877 ᾑμαγμέ-

227 1910 353 1954 νοςς
387 1893 548 1944 Τοῦτο
575 1890 669 1945 οὖν
709 1893 948 1959 βούλεται
975 1893 1160 1955 δεῖξαι,
1192 1892 1270 1943 δτι
1302 1892 1531 1960 κρίσεως
1560 1894 1767 1961 καιρός.

235 1980 304 2029 Τὸ
358 1978 582 2045 ἔνδυμα
633 1979 842 2041 αὑτοῦ,
895 1978 1036 2029 ὡσεὶ
1090 1976 1253 2045 χιὼν,
1313 1979 1551 2031 λευκόν.
1616 1980 1770 2041 Τίνος

225 2062 412 2112 ἕνεκεν
438 2077 451 2124 ;
481 2062 601 2112 ’Ὁτι
649 2062 767 2129 οὐχὶ
816 2062 1044 2130 κρίσεως
1096 2062 1279 2132 καιρὸς
1311 2063 1485 2130 μόνον,
1518 2063 1649 2114 ἀλλὰ
1678 2066 1771 2115 καὶ

223 2146 663 2208 άνταποδὸσεωςθ
712 2148 790 2198 ὅτι
838 2146 1040 2207 πάντας
1085 2146 1161 2196 δεῖ
1212 2146 1356 2214 αὐτῴ
1402 2147 1769 2215 παραστῆναι·

221 2230 305 2279 ὅτι
346 2231 415 2281 Τὸ
457 2231 630 2297 κρῖμα
668 2230 870 2293 αὑτοῦ,
916 2232 1076 2298 φησὶ,
1110 2231 1190 2294 ὠς
1223 2230 1346 2297 φῶς
1374 2231 1769 2294 ἐξελεύσεται.

222 2311 357 2366 Εἶτα
393 2320 595 2381 Θρόνοι
646 2318 953 2382 ἐτέθησαν.
991 2318 1063 2370 Οὐ
1116 2319 1310 2387 θρόνοι,
1349 2322 1406 2373 ἐν
1467 2316 1545 2381 οἷς
1585 2322 1772 2383 Καθή-

220 2407 428 2461 σεσθε,
454 2404 603 2470 φησι,
630 2404 725 2454 ἐπὶ
754 2404 977 2455 δώδεκα
1005 2404 1283 2469 θρόνους;
1315 2404 1419 2457 Kal
1442 2406 1478 2471 ἠ
1507 2406 1635 2472 θρὶξ
1664 2407 1771 2474 τῆς

219 2486 489 2553 κεφαλῆς
519 2488 700 2540 αὑτοῦ
732 2488 872 2539 ὡσεὶ
899 2490 1058 2555 ἔριον
1082 2490 1355 2557 καθαρόν.
1388 2491 1459 2541 Τὸ
1490 2491 1600 2560 πῦρ
1620 2494 1769 2546 οὐδὲν

218 2572 527 2640 ἀνήλισκεν,
556 2573 737 2640 ἐπειδὴ
765 2574 869 2643 7&9
897 2575 1122 2643 ἥμερον.
1157 2573 1305 2636 Εἶδες
1328 2575 1447 2643 ὄψιν
1474 2578 1564 2629 καὶ
1588 2580 1767 2648 σχῆμα

216 2657 490 2709 πολιτικὸν
535 2660 627 2710 καὶ
679 2659 1089 2728 δημαγωγικόν;
1131 2661 1187 2711 '0
1221 2660 1400 2729 θρόνος
1445 2663 1660 2729 ἐφόϐει,
1693 2666 1770 2732 τῷ

219 2742 527 2811 πολύπυρος
553 2742 720 2795 εἶναι’
754 2745 861 2815 πῦρ
892 2746 988 2813 οὐχ
1016 2746 1218 2807 ἁπλῶς,
1251 2747 1383 2798 ἀλλὰ
1412 2748 1628 2814 φλέγον.
1655 2751 1768 2801 Ἵνα

216 2829 329 2895 7&9
385 2829 456 2896 μὴ
517 2831 737 2897 νομίσῃς
784 2831 870 2880 διὰ
920 2832 1017 2898 τὴν
1068 2831 1245 2882 είκόνα
1309 2832 1764 2902 παραϐεϐλῆσθαι,

219 2912 559 2981 προσέθηκεν
583 2914 743 2965 αὑτοῦ
786 2915 883 2981 τὴν
925 2915 1220 2982 ἐνέργειαν,
1253 2915 1418 2967 εἰπὼν
1458 2918 1553 2985 οὐχ
1585 2919 1767 2980 ἁπλῶς

219 2997 355 3065 πῦρ,
400 2997 553 3060 ἀλλὰ,
604 3000 726 3065 Πῦρ
773 2998 1014 3065 φλέγεν.
1057 3000 1323 3067 Ποταμὸς
1352 3002 1538 3066 πυρὸς
1568 2998 1767 3056 εἷλκεν

218 3083 556 3149 ἔμπροσθεν
598 3085 799 3137 αὑτοῦ.
846 3086 1035 3136 Χίλιαι
1070 3084 1331 3151 χιλιάδες
1358 3086 1767 3155 ἐλειτούργουν

214 3168 393 3231 αὐτῷ,
436 3170 533 3221 καὶ
569 3171 766 3237 μύριαι
812 3171 1091 3237 μυριάδες
1130 3172 1627 3240 παρειστήκεισαν
1670 3176 1766 3243 ἔμ-

214 3260 477 3321 προσθεν
500 3259 701 3311 αὑτοῦ.
726 3260 1029 3326 Κριτήριον
1056 3259 1349 3313 ἐκάθισεν.
1383 3261 1655 3323 Τουτέστι,
1681 3263 1765 3314 διά

212 3340 372 3391 τοῦτο
402 3342 744 3410 παρεγένετο,
783 3344 921 3395 ὥστε
959 3346 1231 3413 κριτήριον
1265 3346 1501 3396 καθίσαι.
1534 3347 1636 3398 Kal
1670 3348 1767 3408 ,Βί-

213 3427 347 3476 ϐλοι
383 3426 788 3492 ἀνεῴχθησαν.
816 3428 877 3478 Τί
904 3428 1105 3494 λέγεις;
1137 3429 1352 3496 βιϐλίων
1376 3432 1402 3481 ὁ
1427 3430 1554 3491 Θεὸς
1578 3432 1763 3494 δεῖται,

224 3510 289 3560 '0
316 3509 385 3560 τὰ
412 3510 602 3562 πάντα
624 3512 789 3576 εἰδὼς
814 3512 953 3579 πρὶν
974 3512 1256 3581 γενέσεως
1283 3512 1508 3577 αύτῶν;
1541 3515 1593 3564 '0
1624 3516 1767 3568 πλά-

210 3611 329 3658 σας
362 3595 509 3647 κατὰ
542 3597 730 3662 μόνας
766 3600 871 3660 τὰς
908 3598 1146 3664 καρδίας
1177 3598 1400 3661 αὑτῶν;
1440 3601 1594 3652 Ἀλλὰ
1628 3603 1763 3653 κατὰ

210 3681 303 3730 τὸν
352 3681 509 3747 νόμον
557 3682 662 3733 τῶν
707 3684 977 3750 ἀρχόντων
1018 3684 1215 3735 τούτων
1257 3684 1427 3751 λέγει,
1468 3686 1653 3756 ὥσπερ
1700 3689 1765 3740 τὰ

211 3766 574 3833 ὑπομνήματα
604 3768 892 3834 πράττεται
923 3771 1048 3837 παρ’
1080 3772 1229 3837 ἡμῖν.
1260 3772 1520 3841 Καθάπερ
1550 3773 1651 3844 7&9
1677 3777 1760 3824 ἐν·

207 3849 382 3900 ταῦοα
414 3851 473 3899 ού
503 3852 589 3902 διὰ
626 3852 780 3902 τοῦτο
808 3853 1242 3917 ἀναγινώσκεται,
1276 3854 1414 3905 ὥστε
1452 3856 1636 3923 μαθεῖν
1671 3857 1760 3908 τὸν

208 3934 441 4000 ἄρχοντα
481 3935 652 4001 μόνον,
686 3936 794 3986 ἀλλ’
818 3936 953 3987 ὥστε
982 3938 1208 4004 φανῆναι
1239 3938 1445 3990 δικαίαν
1472 3934 1631 3992 οὖσαν
1662 3944 1759 4010 τὴν

209 4018 391 4085 κρίσιν
420 4034 431 4047 ·
464 4018 601 4069 οὕτω
636 4022 725 4071 καὶ
752 4021 888 4083 τότε,
922 4024 967 4071 εί
1002 4022 1094 4071 καὶ
1125 4019 1231 4073 οἶδε
1260 4022 1478 4085 δικαίως
1508 4026 1757 4089 δικάζων,

207 4102 322 4153 ἀλλ’
355 4103 501 4170 ὅμως
534 4106 730 4172 ἀνοίγει
760 4106 855 4167 τὰς
890 4108 1114 4175 βίϐλους.
1154 4110 1305 4170 Τίνος
1342 4112 1547 4174 ἓνεκεν;
1586 4113 1648 4162 Τί
1676 4112 1759 4163 λέ-

208 4203 268 4252 γε
279 4203 345 4247 ις,
360 4188 453 4238 καὶ
468 4190 517 4237 τί
535 4188 702 4250 θέλεις
720 4192 886 4243 εἰπεῖν
904 4208 917 4254 ;
936 4192 1087 4253 Τίνος
1102 4194 1278 4245 ἕνεκεν
1307 4196 1363 4244 οὐ
1383 4195 1523 4260 λέγει
1552 4197 1641 4247 καὶ
1662 4197 1756 4259 τὰς

206 4272 403 4338 τιμάς;
450 4268 611 4323 Εἶπεν
644 4291 656 4303 ·
691 4276 892 4341 Θρόνοι
936 4276 1241 4341 ἐτέθησαν,
1287 4280 1406 4329 ἐπεὶ
1442 4280 1532 4331 καὶ
1565 4283 1591 4330 ό
1628 4281 1755 4342 Θεὸς

204 4355 405 4417 ταύτας
440 4356 632 4426 ῶρισεν
669 4374 682 4387 ’
721 4360 983 4427 ἐπειδὴδὲ
1018 4362 1105 4411 καὶ
1141 4362 1238 4412 οὐκ
1273 4362 1599 4432 ἠκούσαμεν,
1635 4365 1753 4416 τότε

204 4442 307 4510 τὴν
336 4444 593 4511 τιμωρίαν
623 4447 712 4496 καὶ
744 4447 838 4513 τὴν
866 4446 1097 4499 κόλασιν.
1123 4447 1229 4499 Καὶ
1255 4447 1347 4514 οὑχ
1376 4450 1504 4516 ἡμῖν
1536 4450 1752 4518 πρώτην

207 4523 409 4592 ταύτην
434 4527 603 4594 ἀφῆκε
640 4531 845 4595 φωνήν;
893 4530 1029 4582 Ἀπὸ
1052 4533 1179 4583 τότε
1209 4531 1445 4597 ἤρξατο,
1475 4535 1624 4603 φησὶ,
1653 4554 1753 4601 κηο

196 4610 455 4676 ρύσσειν
475 4612 583 4676 τὴν
599 4615 919 4675 βασιλείαν
939 4617 1053 4667 τῶν
1076 4616 1358 4682 οὐρανῶν.
1376 4621 1553 4687 Μηδὲν
1572 4639 1753 4689 σωμα-

202 4697 350 4749 τικὸν
381 4700 667 4769 ὑπολάϐῃς,
685 4702 950 4768 ἀγαπητὲ,
974 4704 1102 4772 μηδὲ
1120 4708 1143 4755 ὲ
1152 4721 1259 4771 μπε
1270 4707 1566 4776 ριειλῆφθαι
1585 4710 1752 4779 θρόνῳ

201 4782 292 4833 τὸν
309 4784 526 4852 ἄπειρον
547 4785 673 4837 Θεὸν
692 4786 931 4855 νομίσῃς.
959 4791 1017 4839 Εί
1048 4790 1152 4859 γὰρ
1180 4794 1278 4844 Ἐν
1305 4792 1377 4857 τῇ
1408 4796 1551 4859 χειρὶ
1570 4797 1751 4848 αὑτοῦ

200 4868 274 4917 τὰ
315 4868 539 4932 πέρατα
576 4868 683 4935 τῆς
710 4871 820 4938 γῆς
854 4888 866 4902 ·
902 4874 949 4923 εί
984 4871 1060 4924 Τὰ
1093 4873 1195 4939 ὄρη
1233 4876 1453 4941 ἔστησε
1483 4878 1627 4944 ζυγῷ
1656 4897 1667 4908 ·
1705 4882 1750 4931 εί

199 4950 401 5003 Πάντα
440 4957 509 5006 τὰ
548 4956 687 5022 ἔθνη
720 4959 797 5021 ὠς
828 4959 1034 5023 σίελος
1067 4961 1316 5012 ἐνώπιον
1346 4964 1525 5016 αὑτοῦ
1558 4965 1751 5031 ἐλογιο

195 5040 336 5103 σθη,
371 5042 464 5091 καὶ
494 5042 572 5105 ὡς
600 5045 898 5109 κονιορτὸς
936 5044 1187 5097 ἐνώπιον
1222 5048 1403 5099 αὑτοῦ
1436 5050 1506 5099 τὰ
1538 5051 1748 5112 πάντα,

191 5124 271 5185 ὡς
309 5127 468 5187 αὐτός
509 5145 637 5195 φησι
672 5147 686 5161 ·
731 5134 879 5192 ποῖος
914 5132 1073 5193 τόπος
1115 5134 1232 5185 ὅλον
1276 5135 1406 5201 ὁμοῦ
1449 5137 1751 5202 περιϐαλεῖν

185 5212 506 5279 δυνήσεταις
547 5215 701 5267 Ἀλλὰ
731 5218 813 5279 τί;
842 5220 954 5270 Οὐκ
986 5219 1099 5270 ἔστι
1132 5222 1305 5285 τοῦτο,
1341 5225 1435 5275 οὐκ
1472 5226 1751 5293 έναπεί).η-

257 5488 357 5552 δίει
383 5489 599 5552 legamus
617 5492 669 5537 τὸ
693 5492 900 5552 χυδαῖον.
931 5494 1057 5543 clara
1100 5501 1244 5544 erunt
1267 5500 1439 5545 omnia.
1468 5498 1636 5547 Postea
1677 5514 1728 5549 re

189 5548 349 5597 ucrlbo
373 5550 573 5609 ἑτέρωθι.

502 5623 766 5680 ΡΑτιιοι..
800 5620 915 5678 Gn.
962 5623 1110 5681 LVI.

1879 868 2077 938 ἔνδυμα
2114 872 2304 937 γένοιτ’
2343 872 2407 923 ἂν
2445 872 2572 939 περὶ
2608 871 2697 921 τὸν
2736 870 2955 936 ἄπειρον
2992 871 3082 922 καὶ
3115 870 3433 938 ἀσώματον;

1883 952 2032 1004 Οὐδὲ
2058 953 2167 1021 γὰρ
2194 952 2300 1018 τῆς
2318 955 2744 1022 μεγαλωσύνης
2770 954 2973 1015 αὑτοῦ,
2999 954 3151 1023 φησὶ,
3177 955 3304 1007 ἐστι
3328 957 3433 1006 πέ-

1873 1052 2002 1100 ρας.
2036 1040 2142 1089 Καὶ
2171 1039 2328 1091 πάλιν
2356 1055 2368 1069 ·
2413 1038 2551 1091 Ἐὰν
2575 1038 2769 1091 ἀναϐῶ
2804 1041 2888 1102 εὶς
2922 1040 3023 1090 τὸν
3048 1041 3324 1106 οὐρανὸν,
3351 1040 3433 1092 σὺ

1875 1122 1999 1172 ἐκεῖ
2016 1120 2074 1174 ετ
2092 1139 2104 1151 ·
2130 1123 2237 1175 ἐὰν
2260 1123 2486 1177 καταϐῶ
2519 1127 2605 1189 εἰς
2634 1124 2737 1175 τὸν
2761 1124 2932 1189 ᾅδην,
2964 1124 3151 1190 πάρει.
3194 1127 3313 1187 Πῶς
3342 1122 3435 1178 οὖν

1879 1208 2072 1276 ίματίῳ
2099 1213 2490 1280 περιεγράψετο
2519 1211 2854 1280 ἀνθρωπίνῳ,
2879 1211 2969 1262 καὶ
3007 1210 3126 1262 οὕτε
3162 1212 3314 1264 τοῦτο
3349 1214 3435 1265 ἀνα

1875 1293 2118 1360 ήλισκεν;
2161 1295 2317 1347 Ἀλλὰ
2346 1298 2450 1365 μὴν
2478 1297 2569 1348 καὶ
2598 1296 2758 1364 ἕτερα
2792 1296 2956 1347 πολλὰ
2980 1296 3206 1363 ἠδύνατο
3244 1296 3369 1348 ἰδεῖν
3405 1300 3434 1349 ὁ

1878 1380 2174 1447 προφήτης.
2221 1382 2340 1442 Πῶς
2367 1383 2421 1433 δὲ
2456 1384 2633 1450 τρίχες
2671 1385 2728 1433 ἐν
2762 1383 2892 1448 πυρὶ
2922 1383 3020 1434 οὐκ
3052 1381 3427 1450 άνηλίσκοντος

1873 1463 1971 1515 Διὰ
2011 1465 2119 1533 γὰρ
2160 1465 2313 1516 τοῦτο
2359 1468 2630 1534 ἐπήγαγεν
2674 1484 2687 1497 ο
2730 1468 2793 1519 '0
2835 1468 3045 1533 θρόνος
3089 1467 3272 1519 αὐτοῦ
3314 1468 3432 1532 πῦρ

1871 1549 2110 1615 φλέγον.
2151 1551 2257 1603 Kal
2282 1552 2482 1613 βίϐλοι
2515 1551 2922 1619 ἀνεῴχθησαν.
2949 1554 3111 1603 Ὥστε
3141 1553 3433 1604 αὐτοκατά-

1872 1650 2053 1702 κριτον
2082 1636 2324 1701 γενέσθαι
2348 1637 2434 1687 τὸν
2459 1638 2791 1705 κρινόμενον.
2825 1637 3145 1703 Ἐθεώρουν
3165 1639 3293 1689 τότε
3314 1638 3430 1690 άπὸ

1869 1719 2072 1785 φωνῆς
2119 1719 2235 1771 τῶν
2281 1723 2475 1787 λόγων
2516 1719 2633 1772 τῶν
2669 1722 2962 1789 μεγάλων,
3009 1716 3095 1773 ὧν
3140 1722 3205 1773 τὸ
3255 1721 3430 1785 κέρας

1868 1803 2059 1855 ἐκεῖνο
2087 1804 2308 1857 ἐλάλει.
2348 1805 2585 1871 Θεωρῶν
2611 1806 2790 1874 ἤμην,
2817 1806 2925 1870 ἕως
2952 1806 3203 1872 ἀνῃρέθη
3231 1808 3294 1857 τὸ
3328 1810 3429 1871 θη-

1860 1890 2015 1954 ρίον,
2058 1890 2153 1941 καὶ
2198 1889 2482 1953 ἀπώλετο,
2522 1892 2627 1943 ἀπὸ
2659 1892 2755 1959 τῆς
2790 1892 3205 1959 μεγαληγορίας.
3240 1891 3427 1942 Καίτοι

1882 1972 2217 2040 Ἀλέξανδρος
2258 1976 2620 2044 προσεκύνησε
2665 1977 2754 2028 τὸν
2797 1976 2947 2027 Θεόν.
2989 1976 3095 2027 Kal
3144 1974 3209 2026 τὸ
3258 1975 3427 2041 σῶμα

1867 2058 2050 2110 αὑτοῦ
2088 2060 2263 2125 ἐδόθη
2297 2062 2382 2124 είς
2417 2061 2633 2113 καῦσιν
2671 2062 2873 2126 πυρός.
2916 2060 3021 2113 Kal
3056 2060 3172 2111 τῶν
3201 2058 3426 2111 λοιπῶν

1869 2144 2083 2207 θηρίων
2111 2143 2439 2211 μετεστάθη
2475 2147 2513 2211 ἡ
2551 2145 2701 2211 ἀρχή
2728 2161 2741 2175 °
2781 2146 2874 2196 καὶ
2910 2144 3246 2212 μακρότηςδ
3280 2144 3427 2209 ζωῆς

1868 2227 2040 2292 ἐδόθη
2064 2230 2263 2293 αὐτοῖς
2290 2230 2398 2294 ἓως
2434 2230 2648 2296 καιρῶν
2680 2232 2773 2282 καὶ
2810 2231 3033 2297 καιροῦ.
3060 2231 3119 2281 Εἰ
3152 2230 3245 2280 καὶ
3277 2230 3427 2291 τέλος

1867 2314 2039 2380 ἔσχον,
2077 2314 2186 2365 ἀλλ’
2219 2316 2363 2381 ὅμως
2394 2315 2547 2367 τοῦτο
2587 2316 2815 2382 ἐγένετο.
2860 2317 2965 2369 Kal
3006 2318 3324 2379 κετεκαύθη
3360 2316 3425 2365 τὸ

1868 2401 2092 2464 θηρίον,
2124 2400 2311 2452 καὶτὸ
2336 2400 2503 2468 σῶμα
2536 2404 2718 2454 αὑτοῦ
2756 2403 2993 2467 ἐκαύθη.
3038 2403 3110 2453 Τὸ
3150 2399 3427 2462 παντελῶς

1864 2486 2164 2554 ἀνῃρῆσθαι
2180 2488 2341 2556 δηλοῖ.
2362 2489 2673 2554 Ἐθεώρουν
2692 2490 2760 2541 ἐν
2781 2488 3019 2555 ὁράματι
3050 2487 3154 2552 τῆς
3175 2487 3389 2549 νυκτός
3406 2502 3422 2517 ·

1864 2573 1961 2623 καὶ
1990 2572 2116 2624 Ιδοὺ
2143 2574 2289 2640 μετὰ
2320 2575 2432 2625 τῶν
2458 2574 2726 2640 νεφελῶν
2758 2574 2863 2625 τοῦ
2897 2572 3152 2638 οὐρανοῦ
3180 2572 3259 2634 ὼς
3297 2570 3427 2634 Υἱὸς

1863 2656 2170 2721 ἀνθρώπου
2209 2657 2525 2723 ἐρχόμενος
2555 2652 2650 2725 ἦν.
2693 2658 2787 2719 Τίς
2827 2657 2994 2709 ταῦτα
3028 2657 3235 2722 ἀγνοεῖς
3282 2666 3304 2693 ε
3344 2656 3428 2716 τίς

1862 2739 2139 2805 διαϐλέψαι
2170 2740 2482 2809 δυνήσεται;
2521 2743 2594 2809 μὴ
2623 2742 2729 2808 7&9
2756 2741 2957 2812 Πέτρος
2989 2743 3156 2793 ταῦτα
3191 2742 3355 2807 λέγει,
3379 2733 3427 2791 ὦ

1865 2825 2108 2888 Ἰουδαῖες
2148 2826 2221 2893 μὴ
2256 2826 2361 2895 7&9
2389 2826 2627 2891 Παῦλος;
2660 2826 2764 2879 Kal
2803 2828 2950 2889 ἰδοὺ,
2981 2829 3143 2896 φησὶ,
3177 2827 3257 2893 ὡς
3293 2827 3426 2890 Υἱὸς

1863 2909 2169 2975 ἀνθρώπου
2192 2910 2505 2978 ἐρχόμενος
2528 2908 2626 2980 ἦν,
2648 2912 2742 2966 καὶ
2763 2911 2871 2978 ἕως
2890 2911 2996 2964 τοῦ
3020 2912 3283 2965 Παλαιοῦ
3307 2911 3425 2963 τῶν

1864 2997 2093 3063 ἡμερῶν
2118 2997 2397 3065 ἔφθασεν.
2446 2999 2573 3051 Ἰδοὺ
2605 3000 2695 3051 καὶ
2731 3000 2789 3051 τὸ
2818 3000 3099 3068 ὁμότιμον.
3146 2998 3424 3050 Ἐνώπιον

1862 3082 2044 3135 αὑτοῦ
2073 3084 2450 3150 προσηνέχθη
2490 3084 2665 3149 αὐτῷ.
2693 3087 2807 3137 Ἵνα
2836 3087 2962 3137 ὅταν
2994 3086 3106 3153 ἴδῃς
3144 3085 3420 3152 διδομένην

1862 3167 2009 3235 αὐτῷ
2034 3167 2130 3237 τὴν
2157 3166 2447 3235 βασιλείαν,
2480 3168 2555 3238 μὴ
2577 3168 2923 3239 ἀνθρωπίνως
2953 3170 3175 3238 νομίσῃς
3197 3165 3332 3221 εἶναι
3358 3168 3419 3219 τὸ

1860 3251 2117 3304 δεδόσθαι.
2138 3252 2266 3304 Ἀπὸ
2289 3253 2394 3319 γὰρ
2414 3252 2530 3303 τῶν
2550 3254 2815 3319 νεφελῶν
2834 3253 2938 3305 τοῦ
2958 3254 3233 3318 οὐρανοῦ,
3253 3254 3416 3321 φησί·

1861 3334 1958 3395 τὰς
1973 3335 2027 3385 δὲ
2045 3336 2267 3401 νεφέλας
2293 3336 2411 3386 ἀντὶ
2426 3335 2516 3387 τοῦ
2532 3337 2756 3406 οὐρανοῦ
2774 3337 3215 3407 παραλαμϐάνειν
3234 3338 3418 3388 είωθεν

1864 3419 1895 3487 ὴ
1918 3419 2125 3487 Γραφή.
2156 3420 2262 3471 Kal
2289 3419 2445 3484 αὑτῷ
2472 3420 2645 3485 ἐδόθη
2675 3422 2712 3487 ἡ
2743 3421 2918 3489 ἀρχὴ.
2941 3422 3038 3474 καὶ
3065 3422 3103 3486 ἠ
3133 3421 3291 3488 τιμὴ,
3319 3420 3417 3472 καὶ

1862 3506 1899 3569 ἡ
1924 3504 2205 3566 ,ϐασιλεία
2231 3521 2245 3535 ·
2276 3504 2373 3556 καὶ
2397 3505 2613 3569 πάντες
2643 3508 2696 3557 οι
2727 3508 2880 3569 λαοί,
2912 3507 3116 3573 φυλαὶ,
3146 3506 3415 3575 γλῶσσαι

1860 3588 2016 3651 αὐτῷ
2058 3588 2514 3641 δουλεύσουσιν.
2559 3590 2619 3641 Ἠ
2658 3591 2904 3652 ἐξουσία
2944 3592 3127 3644 αὑτοῦ
3168 3591 3415 3653 ἐξουσία

1860 3672 2109 3737 αἰώνιος,
2147 3673 2275 3738 ἥτις
2310 3676 2380 3726 οὐ
2414 3676 2837 3740 παρελεύσεται
2873 3692 2886 3706 ο
2930 3676 3027 3728 καὶ
3059 3675 3097 3741 ἠ
3130 3676 3416 3739 ,ϐασιλεία

1859 3760 2041 3812 αὑτοῦ
2084 3762 2153 3811 οὐ
2199 3760 2673 3827 διαφθαρήσεται.
2714 3762 2778 3813 Τί
2824 3761 3009 3813 τούτου
3054 3762 3411 3834 σαφέστερονς

1860 3845 1975 3897 είπέ
2003 3862 2109 3913 μοι.
2140 3846 2243 3897 Kal
2275 3845 2490 3908 πάντες
2524 3846 2679 3907 λαοὶ,
2716 3847 2865 3915 φησὶ,
2903 3848 3106 3915 φυλαὶ,
3144 3847 3414 3916 γλῶσσαι

1857 3930 2014 3993 αὺτῷ
2050 3930 2504 3984 δουλεύσουσιν.
2535 3933 2672 4001 Ὅρα
2716 3931 2829 3993 πῶς
2868 3933 3011 3985 ἆπαν
3040 3933 3099 3985 τὸ
3138 3934 3284 3996 ἔθνος
3314 3934 3414 4001 τῆς

1857 4018 2172 4086 οἰκουμένης
2206 4018 2586 4086 περιέγραψεν.
2620 4019 2771 4088 Ὀρα
2803 4020 2894 4071 καὶ
2926 4020 2984 4071 τὸ
3014 4021 3287 4089 κριτήριον
3315 4020 3412 4071 αὐ-

1855 4104 1945 4154 τὸν
1971 4102 2216 4155 λαϐόντα.
2238 4104 2353 4154 Ἵνα
2386 4104 2493 4173 7&9
2527 4103 2600 4173 μὴ
2624 4105 2811 4173 χρόνου
2834 4106 3057 4176 νομίσῃς
3076 4102 3211 4157 εἶναι
3235 4105 3409 4166 τοῦτο,

1858 4188 1987 4254 φησί
2014 4201 2026 4213 ·
2053 4188 2210 4250 Ἦτις
2231 4190 2300 4239 οὐ
2331 4189 2756 4254 παρελεύσεται
2780 4205 2793 4219 ·
2823 4190 2918 4241 και
2947 4190 2984 4255 ἠ
3006 4192 3288 4252 βασιλεία
3308 4192 3411 4242 αὐ-

1856 4274 1960 4325 τοῦ
1987 4275 2057 4325 οὐ
2088 4273 2546 4340 διαφθαρήσεται
2577 4291 2591 4305 ⁸
2631 4275 2742 4327 ἀλλ’
2781 4276 2973 4345 ἔστηκε
3015 4278 3107 4328 καὶ
3150 4278 3317 4345 μένει.
3345 4274 3406 4326 Εἰ

1856 4358 1909 4409 δὲ
1942 4360 2203 4419 ἀπιστεῖς,
2227 4359 2333 4409 ἀπὸ
2364 4360 2693 4427 πραγμάτων
2727 4360 2929 4412 πείθου.
2956 4357 3103 4423 Εἶδες
3124 4363 3409 4431 ὁμοτιμίαν

1854 4442 2015 4493 αὑτοῦ
2047 4442 2177 4510 πρὸς
2206 4442 2293 4493 τὸν
2328 4444 2568 4513 Πατέρα;
2605 4443 2818 4513 Ἐπειδὴ
2845 4444 2952 4513 7&9
2988 4446 3208 4516 ὕστερος
3238 4447 3407 4516 ἐφάνη

1852 4526 1943 4578 τοῦ
1972 4528 2199 4595 Πατρὸς,
2230 4527 2317 4577 διὰ
2344 4527 2495 4578 τοῦτό
2521 4546 2668 4594 φησι,
2701 4530 2779 4580 ὅτι
2804 4525 2933 4597 ἦλθε
2964 4530 3097 4598 μετὰ
3122 4531 3227 4582 τῶν
3255 4548 3408 4597 νεφε-

1851 4612 1975 4665 λῶν.
2007 4613 2128 4662 ’Ὀτι
2166 4612 2221 4662 δὲ
2255 4607 2322 4679 ἦν
2358 4612 2447 4665 καὶ
2476 4613 2683 4681 πρώην,
2721 4613 2873 4681 δῆλον
2904 4616 2968 4665 ἐκ
2999 4615 3105 4667 τῶν
3132 4616 3366 4683 νεφελῶν
3387 4630 3405 4648 ο

1851 4695 2065 4746 ἐπὶτῶν
2088 4696 2319 4762 νεφελῶν
2340 4696 2445 4763 γὰρ
2467 4697 2697 4763 ἔρχεται.
2724 4697 2832 4749 Kal
2852 4698 3007 4762 αὺτῷ
3028 4700 3402 4768 προσηνέχθη

1853 4784 1887 4847 ἠ
1916 4781 2067 4848 τιμή.
2097 4783 2195 4831 Ἢν
2216 4777 2347 4848 εἶχε,
2372 4781 2631 4832 τουτέστι.
2657 4783 2763 4834 Kal
2788 4784 2943 4845 λαοὶ,
2974 4786 3177 4851 φυλαί,
3213 4785 3403 4855 γλῶσ-

1850 4882 1951 4917 σαι
1983 4864 2139 4927 αὺτῷ
2176 4864 2597 4918 δουλεύσουσι.
2645 4868 2752 4935 Τὴν
2791 4868 2888 4936 μὲν
2924 4870 3028 4937 7&9
3063 4872 3232 4940 ἀρχὴν
3262 4868 3403 4942 εἶχεν

1852 4951 1978 5012 ἄνω,
2011 4950 2127 5001 τότε
2158 4950 2213 5001 δὲ
2245 4948 2429 4999 ἔλαϐεν
2459 4950 2627 5018 αὐτὴν
2658 4951 2723 5020 ἢν
2750 4948 2911 5021 εἶχεν.
2943 4956 3146 5025 Ὠσπερ
3180 4958 3284 5027 γὰρ
3313 4960 3404 5010 ἐπὶ

1852 5036 1939 5087 τοῦ
1970 5037 2176 5103 Πατρὸς
2200 5038 2335 5096 νοεῖς
2363 5036 2457 5095 τὰς
2482 5037 2689 5104 τρίχας,
2716 5040 2808 5090 καὶ
2830 5040 2897 5091 τὰ
2918 5040 3079 5093 λοιπά
3102 5059 3115 5071 °
3146 5042 3284 5095 οὕτω
3312 5044 3403 5095 καὶ

1850 5121 2022 5171 τοῦτο.
2050 5121 2120 5170 Τὸ
2147 5120 2202 5170 δὲ
2233 5118 2441 5184 Ἐδόθη
2479 5119 2647 5189 [2ΜῙ,
2677 5124 2767 5174 καὶ
2798 5124 2895 5176 ὅσα
2924 5126 3143 5179 τοιαῦτα
3171 5128 3400 5192 ἀκούων,

1909 5436 1937 5473 b
1960 5435 2013 5481 1n
2032 5435 2340 5504 Theodorglg
2358 5448 2609 5504 perpefam
2625 5438 2829 5504 habegur
2839 5444 3133 5504 μακαριότης.
3154 5446 3258 5493 Mox
3277 5449 3396 5497 male

1851 5498 1947 5563 ιεπῑι
1960 5508 2086 5563 29m.
2108 5497 2298 5563 θεειεςίε
2316 5495 2484 5563 ιεεεξτε
2504 5497 2592 5549 τως
2610 5498 2773 5563 meo?»
2795 5495 2874 5563 τιάι
2895 5495 3074 5563 mima.

1916 5558 1938 5583 ⁸⁵
1960 5555 2040 5608 Τίς
2063 5555 2304 5614 διαελέψαι
2327 5554 2586 5609 δυνήσεται.
2612 5554 2894 5609 Δόόευόυω
2914 5554 3037 5610 ΐοτιο
3060 5566 3133 5623 οὐ,
3157 5567 3235 5614 vel
3257 5569 3317 5620 μέ
3323 5604 3332 5613 .

3006 5650 3079 5709 15
