4016 6490
590 429 703 486 233

587 531 750 600 μηδὲν
790 529 1120 600 ἀνθρώπινον
1150 530 1517 600 ὑποπτεύσῃς.
1565 533 1693 599 μηδὲ
1726 530 1970 582 ταπεινὸν
2008 529 2133 596 περὶ

585 620 677 672 τοῦ
699 621 845 672 Υίοῦ.
867 621 1070 689 Ὥσπερ
1096 621 1202 688 γὰρ
1226 621 1564 689 γεγηρακότα
1588 622 1743 688 ὁρῶν,
1769 621 1886 688 οὐχὶ
1910 620 2133 687 γέροντα

1258 417 1316 476 S.
1354 418 1628 473 JOANNIS
1665 414 2143 471 CIIRYSOSTOMI
2183 415 2494 474 ARCIIIEP.
2534 419 3070 474 CONSTANTINOP.

3679 434 3800 488 234

2236 523 2347 581 ὧδε
2380 531 2443 582 τό
2472 531 2651 598 πέρας
2676 530 2780 582 τοῦ
2808 533 3008 598 λόγου.
3028 531 3171 597 Ἐγὼ
3199 531 3444 596 Δανιήλ·
3487 533 3540 583 οί
3588 531 3802 583 διαλο-

2232 617 2430 683 γισμοί
2459 634 2574 684 μου
2610 617 2705 668 ἐπὶ
2738 617 2946 668 πλεῖον
2988 617 3440 683 συνετάρασσόν
3481 632 3579 682 με,
3614 613 3719 666 καί
3759 614 3800 677 ἡ

588 709 925 772 ὑποπτεύεις,
964 708 1101 760 οὕτω
1138 712 1228 760 καὶ
1269 711 1336 760 τὰ
1373 709 1549 760 λοιπά.
1592 709 1680 776 Μὴ
1713 710 1818 777 γὰρ
1859 709 2005 774 ζήτει
2038 707 2134 774 τὴν
2227 705 2422 774 μορφή
2448 723 2563 774 μου
2600 695 2912 768 ἧλλοιώθη,
2939 706 3033 757 καὶ
3070 706 3135 756 τὸ
3167 706 3328 772 ῥῆμα
3370 706 3437 756 ἑν
3469 703 3544 769 τῇ
3575 702 3802 767 καρδίᾳ

589 799 877 866 σαφήνειαν
906 799 962 850 ὲν
986 802 1101 860 ταῖς
1132 798 1497 866 προφητείαις,
1525 797 1647 849 ἔνθα
1680 799 1826 849 σκιαὶ
1852 798 1943 848 καὶ
1968 797 2135 861 αἰνίγ-

595 903 736 957 ματα
767 903 780 916 ·
821 887 1006 955 ὥσπερ
1034 888 1122 938 ἐπὶ
1159 887 1258 954 τῆς
1286 887 1561 956 ἀστραπῆς
1588 887 1646 937 οὐ
1680 887 1858 956 ζητεῖς
1897 886 2133 954 διηνεκὲς

592 977 724 1042 φῶς,
755 977 886 1028 ἀλλὰ
905 979 1061 1047 ἀρκεῖ
1084 976 1310 1044 φανῆναι
1341 977 1512 1043 μόνον.
1541 977 1778 1043 Ἕφριξε
1809 975 1871 1026 τό
1905 975 2136 1042 πνεῦμα

588 1083 723 1132 μου,
759 1064 870 1133 ἐγὼ
901 1064 1120 1130 Δανιὴλ
1146 1067 1213 1116 ἐν
1241 1064 1313 1130 τῇ
1339 1065 1454 1126 ἔξει
1481 1082 1596 1132 μου
1619 1080 1632 1092 ·
1666 1066 1764 1118 καὶ
1804 1067 1862 1116 al
1899 1065 2134 1129 ὁράσεις

592 1152 697 1220 τῆς
729 1153 989 1219 κεφαλῆς
1011 1171 1127 1219 μου
1158 1153 1491 1218 ἐτάρασσόν
1515 1171 1607 1220 με.
1645 1154 1876 1215 Εἰκότως
1910 1154 2011 1204 ὑπὸ
2037 1156 2132 1222 τῆς

596 1242 763 1309 ὂψεως
787 1241 888 1292 τῶν
909 1241 1209 1310 ὁρωμένων.
1231 1243 1442 1310 Πατέρα
1462 1243 1552 1293 καὶ
1569 1243 1692 1294 Υίὸν
1714 1236 1863 1303 οὗτος
1883 1244 1972 1293 καὶ
1987 1243 2133 1312 πρῶ-

592 1347 680 1394 τος
713 1335 802 1385 καὶ
832 1334 985 1400 μόνος
1013 1334 1131 1401 ορᾷ,
1156 1333 1229 1392 ὡς
1257 1333 1311 1383 ὲν
1337 1333 1472 1400 ὄψει.
1509 1333 1571 1383 Τί
1605 1333 1669 1384 ἂν
1703 1332 1872 1400 ἔχοιεν
1896 1333 2132 1385 Ἰουδαῖοι

592 1419 726 1488 πρὸς
766 1420 919 1472 τοῦτο
954 1422 1156 1482 εἰπεῖν,
1199 1421 1508 1488 Μελλούσης
1552 1421 1657 1489 γὰρ
1703 1422 1800 1488 τῆς
1839 1422 2134 1490 παρουσίας

591 1510 750 1562 αὑτοῦ
787 1511 966 1562 λοιπὸν
1003 1511 1276 1578 ἐγγυτέρω
1312 1505 1467 1574 εἶναι,
1519 1511 1736 1572 εἰκότως
1770 1513 1862 1563 καὶ
1898 1514 1953 1563 αἱ
1986 1511 2132 1579 ὄψεις

591 1598 894 1666 Θαυμασταὶ
950 1599 1241 1665 φαίνονται.
1301 1598 1408 1650 Kal
1476 1598 1819 1664 προσῆλθον
1876 1600 1963 1651 ἐνὶ
2018 1599 2134 1651 τῶν

591 1683 942 1748 ἑστηκότων,
981 1685 1076 1736 καὶ
1119 1685 1232 1750 τὴν
1265 1685 1562 1749 ἀκρίϐειαν
1606 1683 1848 1748 ἐζήτουν
1873 1685 2003 1750 παρ’
2026 1687 2131 1736 αὺ-

589 1773 694 1826 τοῦ
728 1773 935 1839 μαθεῖν
975 1776 1104 1840 περὶ
1155 1776 1373 1827 τούτων
1427 1776 1680 1828 πάντων.
1723 1777 1828 1829 Kal
1873 1771 2000 1828 εἶπέ
2035 1793 2133 1843 μοι

591 1864 701 1930 τὴν
749 1864 1047 1928 ἀλήθειαν,
1095 1865 1193 1917 καί
1254 1865 1369 1917 τῶν
1425 1868 1618 1934 λόγων
1665 1866 1778 1931 τὴν
1820 1867 2134 1932 σύγκρισιν

589 1953 866 2020 έγνώρισέ
903 1954 1245 2024 μοι.Ἐρωτᾷ
1273 1957 1324 2006 τί
1362 1956 1486 2007 ποτέ
1523 1958 1634 2007 ἐστι
1684 1956 1746 2006 τὰ
1800 1956 2091 2024 φαινόμενα
2115 1972 2129 1986 ·

590 2043 681 2095 καὶ
723 2044 973 2112 μανθάνει
1024 2045 1151 2114 περὶ
1190 2044 1283 2096 τοῦ
1331 2046 1706 2113 Ἀντιχρίστου,
1740 2046 1831 2096 καὶ
1879 2046 2132 2114 μανθάνει

591 2132 861 2202 βασιλείαν
883 2133 1027 2197 τέλος
1057 2135 1154 2186 οὐκ
1181 2135 1424 2203 ἔχουσαν.
1459 2136 1664 2198 Ταῦτα,
1693 2136 1842 2204 φησὶ,
1867 2135 1937 2187 τὰ
1963 2136 2134 2202 θηρία

589 2219 660 2273 τὰ
701 2221 948 2290 μεγάλα,
985 2222 1273 2291 τέσσαρες
1313 2225 1616 2287 ,βασιλεῖαι
1670 2225 2129 2292 ἀναστήσονται.

591 2309 697 2361 Kal
723 2310 1172 2377 παραλήψονται
1195 2311 1305 2377 τὴν
1323 2314 1643 2374 ,ϐασιλείαν
1661 2313 1809 2380 ἅγιοι
1834 2314 2130 2379 Ὑψίστου,

589 2398 687 2451 καὶ
726 2399 1081 2462 καθέξουσιν
1107 2401 1296 2464 αὐτὴν
1315 2402 1424 2465 ἕως
1442 2402 1668 2466 αἰῶνος,
1687 2404 1780 2453 καὶ
1799 2403 1908 2464 ἕως
1925 2402 2135 2466 αίῶνος

588 2484 829 2539 αἰώνων.
873 2487 982 2540 Kal
1019 2487 1262 2553 ἐζήτουν
1305 2490 1552 2555 ἀκριϐῶς
1598 2493 1724 2556 περὶ
1775 2493 1878 2544 τοῦ
1931 2495 2132 2560 θηρίου

590 2574 693 2628 τοῦ
726 2576 1020 2643 τετάρτου,
1055 2577 1139 2632 ὅτι
1173 2576 1247 2648 ἦν
1278 2579 1552 2647 διαφέρον
1578 2581 1731 2647 παρὰ
1763 2581 1882 2635 πᾶν
1910 2584 2130 2649 θηρίον,

589 2665 688 2718 καὶ
714 2667 963 2732 φοϐερὸν
981 2668 1278 2735 περισσῶς
1299 2687 1310 2698 ·
1345 2674 1397 2722 ol
1421 2671 1655 2736 ὀδόντες
1675 2673 1856 2726 αὐτοῦ
1883 2672 2129 2740 σιδηροῖ,

587 2759 643 2811 al
684 2757 896 2825 ὄνυχες
945 2759 1128 2812 αὐτοῦ
1169 2761 1406 2828 χαλκοῖ⁸
1443 2761 1646 2815 ἐσθίον
1674 2761 1771 2814 καὶ
1816 2761 2132 2828 λεπτῦνον,

589 2847 686 2900 καί
733 2849 803 2901 τὰ
847 2848 1124 2902 ἐπίλοιπα
1175 2852 1295 2914 τοῖς
1341 2853 1522 2904 ποσὶν
1567 2855 1748 2905 αὑτοῦ
1795 2856 2129 2908 συνεπάτει.

589 2935 696 2987 Kal
723 2937 851 3001 περὶ
879 2938 996 2988 τῶν
1018 2938 1273 3004 κεράτων
1299 2940 1481 2992 αὐτοῦ
1509 2939 1624 2993 τῶν
1649 2941 1808 3004 δέκα,
1834 2942 1950 2994 τῶν
1967 2944 2035 2995 ἐν
2059 2943 2132 3012 τῇ

591 3022 822 3089 κεφαλῇ
857 3025 1060 3085 αὑτοῦ,
1101 3027 1194 3077 καὶ
1234 3024 1337 3080 τοῦ
1386 3028 1582 3094 ἐτέρου
1631 3029 1736 3082 τοῦ
1786 3032 2128 3096 ἀναϐάντος,

589 3113 688 3163 καί
731 3113 1143 3179 ὲκτινάξαντος
1166 3115 1282 3168 τῶν
1310 3119 1602 3184 προτέρων
1629 3122 1758 3186 τρία
1780 3138 1792 3150 ο
1822 3122 1918 3175 καὶ
1952 3125 2017 3174 τὸ
2041 3124 2133 3175 κέ-

583 3215 698 3265 ρας
722 3200 932 3264 έκεῒνο,
959 3196 1006 3267 ᾦ
1039 3205 1321 3271 ὀφθαλμοί
1350 3206 1525 3271 αὐτῷ,
1552 3209 1647 3259 καὶ
1683 3211 1870 3277 στόμα
1905 3213 2135 3264 λαλοῦν

586 3291 834 3356 μεγάλα,
863 3293 959 3344 καί
995 3293 1032 3358 ή
1062 3293 1266 3359 ὅρασις
1296 3295 1477 3347 αὐτοῦ
1501 3296 1707 3364 μείζων
1746 3298 1860 3350 τῶν
1889 3301 2130 3353 λοιπῶν.

606 3381 930 3447 Ἐθεώρουν,
961 3382 1055 3433 καὶ
1092 3383 1158 3435 τὸ
1196 3383 1369 3450 κέρας
1411 3386 1602 3438 ἐκεῖνο
1638 3388 1821 3440 ἐποίει
1871 3391 2135 3456 πόλεμον

586 3469 731 3534 μετὰ
755 3471 867 3522 τῶν
896 3472 1093 3537 ἀγίων,
1129 3474 1224 3524 καὶ
1254 3476 1470 3540 ἴσχυσε
1498 3477 1642 3542 πρὸς
1668 3479 1901 3542 αὐτοὺς,
1933 3479 2040 3542 ἕως
2061 3475 2131 3534 οὗ

589 3553 773 3625 ἦλθεν
804 3563 835 3610 ό
867 3560 1122 3624 Παλαιὸς
1149 3560 1263 3612 τῶν
1293 3563 1537 3630 ήμερῶν,
1573 3565 1668 3616 καὶ
1707 3567 1772 3617 τὸ
1797 3566 1969 3633 κρῖμα
1995 3567 2134 3620 ἐδω-

589 3664 694 3721 κεν
720 3649 905 3721 ἀγίοις
947 3651 1253 3721 Ὑψίστουο
1290 3653 1384 3704 καὶ
1430 3656 1462 3705 ό
1509 3655 1706 3719 καιρὸς
1745 3655 1986 3721 ἔφθασε,
2037 3659 2132 3710 καὶ

589 3715 702 3783 τὴν
741 3715 1062 3780 βασιλείαν
1090 3719 1385 3787 κατέσχον
1426 3725 1477 3774 οἱ
1508 3715 1814 3789 ἅγιοι.’Καί
1847 3715 2012 3777 εἶπεν
2039 3727 2135 3778 οῦ-

587 3819 726 3868 τως⁶
777 3807 845 3857 Τὸ
893 3806 1096 3872 θηρίον
1137 3807 1204 3857 τὸ
1246 3806 1522 3875 τέταρτον
1563 3810 1846 3871 ,βασιλεία
1893 3812 2132 3880 τετάρτη

587 3894 753 3944 ἕσται
779 3893 848 3943 ἐν
881 3892 954 3958 τῇ
995 3893 1090 3961 γῆ,
1119 3894 1248 3959 ἣτις
1276 3897 1544 3962 ὑπερέξει
1577 3897 1773 3963 πάσας
1814 3902 1919 3965 τὰς
1953 3903 2134 3963 βασι-

587 3982 773 4044 λείας,
803 3980 899 4032 καί
928 3981 1317 4050 καταφάγεταί
1343 3982 1545 4037 πᾶσαν
1564 3986 1673 4052 τὴν
1699 3987 1834 4054 γῆν,
1861 3990 1957 4041 καὶ
1983 4005 2134 4058 συμ-

589 4076 839 4141 πατήσει
885 4078 1094 4143 αὐτὴν.
1141 4079 1237 4131 καί
1283 4081 1600 4148 κατακόψει
1651 4083 1860 4147 αὑτήν.
1912 4084 2018 4135 Καὶ
2065 4085 2134 4137 τὰ

589 4163 732 4216 δέκα
757 4166 970 4230 κέρατα
989 4166 1170 4218 αὑτοῦ
1194 4166 1335 4218 δέκα
1352 4166 1630 4232 ,βασιλεῖς
1655 4170 2097 4237 ἀναστήσονται
2115 4189 2129 4203 ο

589 4251 687 4305 καὶ
727 4254 913 4305 ὀπίσω
945 4253 1137 4305 αὐτῶν
1167 4255 1566 4320 ἀναστήσεται
1603 4258 1816 4323 ἔτερος,
1852 4260 1916 4323 ὃς
1954 4263 2132 4324 ὑπερ-

591 4342 740 4395 οίσει
776 4342 978 4407 κακοῖς
1016 4342 1241 4407 πάντας
1282 4345 1420 4408 τοὺς
1452 4346 1801 4412 ἔμπροσθεν,
1843 4349 1938 4400 καὶ
1982 4351 2134 4416 τρεῖς

587 4432 860 4496 ,ϐασιλεῖς
893 4433 1255 4485 ταπεινώσει.
1281 4435 1387 4487 Kal
1418 4437 1633 4502 λόγους
1661 4438 1806 4503 πρὸς
1843 4439 1946 4489 τὸν
1968 4440 2131 4506 Ὕψι-

590 4535 737 4572 στον
760 4519 1033 4584 λαλήσει,
1066 4519 1162 4571 καὶ
1189 4520 1326 4583 τοὺς
1351 4521 1554 4587 ἀγίους
1586 4523 1859 4588 Ὑψίστου
1883 4525 2132 4577 παλαιώ-

588 4620 703 4668 σει,
738 4609 834 4660 καὶ
868 4609 1190 4673 ὐπονοήσει
1239 4609 1343 4662 τοῦ
1390 4610 1712 4662 ἀλλοιῶσαι
1757 4613 1994 4677 καιροὺς
2036 4615 2134 4667 καὶ

588 4697 797 4761 νόμον·
825 4697 921 4748 καί
945 4696 1253 4760 δοθήσεται
1277 4697 1345 4750 ἐν
1369 4698 1516 4765 χειρὶ
1543 4699 1726 4750 αὐτοῦ
1747 4699 1854 4763 ἕως
1874 4700 2073 4765 καιροῦ
2093 4704 2129 4751 ⁸.

589 4782 693 4833 Kal
716 4783 782 4835 τὸ
815 4784 1109 4851 κριτήριον
1142 4785 1377 4837 ἐκάθισε
1397 4803 1408 4815 ·
1442 4787 1538 4838 καί
1574 4785 1685 4852 τὴν
1717 4787 1911 4854 ἀρχὴν
1951 4788 2134 4841 αὑτοῦ

582 4871 1052 4936 μεταστήσουσι,
1100 4873 1204 4924 τοῦ
1253 4874 1537 4940 ἀφανίσαι
1567 4874 1662 4925 καὶ
1701 4875 1994 4928 ἀπολέσαι
2026 4877 2134 4942 ἕως

588 4955 816 5021 τέλους.
847 4959 952 5010 Kal
981 4962 1016 5025 ή
1042 4962 1340 5023 βασιλεία,
1371 4963 1464 5014 καὶ
1497 4964 1534 5028 ή
1565 4963 1832 5026 ἐξουσία,
1859 4966 1952 5017 καὶ
1978 4967 2015 5031 ή
2033 4983 2133 5032 με·

586 5047 899 5111 γαλωσύνη
944 5047 1059 5098 τῶν
1099 5049 1404 5110 ,βασιλέων
1447 5050 1562 5102 τῶν
1600 5052 1872 5104 ὑποκάτω
1912 5053 2133 5120 παντὸς

582 5135 688 5187 τοῦ
715 5136 967 5200 οὐρανοῦ
999 5137 1170 5202 ἐδόθη
1200 5137 1386 5204 ἁγίοις
1419 5139 1693 5206 Ὑψίστου
1714 5157 1728 5170 ·
1767 5144 1863 5194 καί
1898 5145 1933 5209 ἡ
1956 5145 2133 5206 ,ϐασι-

583 5226 713 5278 λεία
745 5225 947 5286 αὺτοῦ,
977 5227 1261 5289 ,βασιλεία
1295 5227 1524 5292 αίώνὼς
1544 5247 1556 5258 ·
1585 5232 1680 5283 καὶ
1724 5230 1911 5285 πᾶσαι
1941 5238 1998 5285 al
2030 5235 2131 5300 ἀρ-

584 5314 681 5380 χαὶ
719 5317 874 5378 αὐτῷ
918 5317 1314 5369 δουλεύσουσι
1365 5319 1459 5371 καὶ
1501 5321 1961 5378 ὑπακούσονται.
1986 5326 2133 5389 ’Ἑως

634 5608 668 5640 ⁸
704 5605 903 5681 ρωίςεω
921 5615 1033 5656 sunt
1052 5623 1196 5658 voces
1214 5618 1588 5671 sequentes,xal
1613 5618 1896 5679 χαιρῶν,καί
1916 5635 1966 5678 γε
1992 5622 2136 5681 ἥμισυ

582 5685 763 5730 ιαιρου,

2229 813 2343 862 μου
2387 795 2782 863 συνετήρησα.
2813 796 2919 846 Kal
2946 796 3085 856 τίνος
3111 796 3291 847 ἕνεκεν
3337 797 3436 847 οὐκ
3481 791 3652 855 εἶπες,
3701 793 3803 843 ἇν-

2233 886 2443 954 θρωπε;
2482 886 2600 937 Ὀτι
2627 885 2774 938 οὐδὲν
2806 885 2938 952 πρὸς
2966 885 3244 947 Ἰουδαίους
3267 882 3334 954 ἦν
3355 902 3366 912 ·
3402 885 3537 936 ἀλλὰ
3568 885 3804 934 τούναν-

2231 973 2340 1025 τίον
2369 975 2423 1024 ὲν
2452 974 2547 1042 μὲν
2573 977 2682 1035 τοῖς
2715 974 2918 1041 ῥήμασι
2945 973 3032 1024 διὰ
3074 975 3170 1042 τῆς
3198 973 3458 1040 ἀσαφείας
3491 970 3632 1023 αὐτὰ
3661 986 3802 1021 συν-

2232 1061 2543 1126 εκάλυπτεν,
2571 1063 2626 1113 ὲν
2652 1062 2706 1113 δὲ
2734 1061 2810 1130 τῷ
2834 1063 3080 1131 προφήτῃ
3102 1063 3460 1131 συνετήρησεν
3487 1063 3542 1111 ἐν
3564 1062 3628 1128 τῇ
3651 1075 3802 1126 καρ-

2231 1151 2335 1218 δίᾳ.
2368 1151 2474 1202 Kal
2501 1152 2605 1217 γὰρ
2637 1151 2769 1220 πρὸς
2810 1151 2886 1218 τῷ
2926 1151 3062 1202 τέλει
3097 1152 3284 1219 φησίν·
3329 1151 3481 1203 ἰδοὺ
3529 1153 3586 1200 οί
3617 1149 3801 1215 λόγοι

2232 1240 2714 1307 ἐσφραγισμένοι·
2747 1240 2842 1292 καὶ
2877 1241 3160 1301 ,ϐούλεται
3208 1240 3424 1302 αὐτοὺς
3456 1237 3606 1307 [ἳιίὲ]
3636 1239 3802 1288 ἀσα-

2231 1327 2361 1395 φεῖς
2387 1324 2556 1381 εἶναι.
2584 1327 2750 1380 Τοῦτο
2785 1332 2923 1380 ποιεῖ
2948 1330 3040 1381 καὶ
3060 1329 3216 1391 αὐτὸς
3244 1329 3331 1381 διὰ
3358 1327 3682 1396 παραϐολῶν
3713 1327 3807 1376 λέ-

2232 1419 2508 1488 γων.”ορα
2536 1416 2804 1486 πανταχοῦ
2850 1418 2964 1480 πῶς
2996 1420 3090 1487 τὴν
3131 1419 3400 1487 βασιλείαν
3432 1419 3672 1487 ἐπαίρει,
3705 1418 3806 1468 ἵνα

2235 1507 2395 1575 μηδὲν
2422 1507 2750 1576 ἀνθρώπινον
2775 1508 3133 1580 ὑποπτεύσῃς.
3158 1511 3219 1561 Εί
3245 1510 3350 1579 γὰρ
3371 1509 3464 1561 καὶ
3485 1511 3669 1560 πᾶσαν
3693 1509 3806 1575 τὴν

2231 1596 2333 1664 γῆν
2377 1598 2637 1664 κατέσχον
2681 1598 2729 1648 οἱ
2777 1597 3066 1668 ἄνθρωποι,
3110 1599 3344 1652 ἀλλὀὐκ
3395 1599 3500 1663 ἀεὶ,
3544 1598 3665 1650 οὐδὲ
3713 1599 3804 1658 είς

2231 1687 2448 1755 ἄπειρον
2493 1686 2678 1740 αἰῶνα.
2711 1689 2817 1740 Καὶ
2853 1689 2926 1757 μή
2964 1706 3051 1757 μοι
3077 1688 3275 1755 λεγέτω
3317 1707 3420 1750 τις,
3451 1691 3533 1740 ὅτι
3583 1689 3804 1756 βραχὺν

2233 1775 2416 1844 χρόνον
2459 1775 2626 1842 λέγει.
2652 1776 2724 1827 Τὸ
2753 1777 2986 1845 γὰρ,οὺ
3023 1780 3462 1844 παρελεύσεται,
3495 1779 3548 1829 τί
3596 1779 3753 1829 eam
3783 1795 3800 1838 ;

2233 1866 2371 1919 οὐδὲ
2402 1866 2555 1918 ἔθνει
2582 1865 2754 1932 ἑτέρῳ
2779 1867 3118 1932 δοθήσεται;
3166 1866 3267 1919 Καὶ
3292 1868 3391 1935 ὅρα
3418 1866 3488 1917 τὰ
3514 1866 3655 1917 κατὰ
3687 1870 3798 1917 Δα-

2235 1961 2372 2025 ρεῖον
2404 1958 2495 2009 καὶ
2537 1959 2869 2019 Μακεδόνας.
2905 1957 3058 2019 Τίνος
3089 1957 3268 2008 ἕνεκεν
3297 1955 3504 2019 ταῦτα;
3533 1955 3632 2007 Διὰ
3662 1956 3801 2016 τοὺς

2245 2047 2541 2107 Ἰουδαίους.
2569 2047 2665 2098 Διὰ
2702 2046 2856 2098 τοῦτο
2899 2047 2990 2097 καὶ
3031 2047 3366 2114 Ἀλέξανδρος
3412 2045 3800 2115 προσεκύνησα

2231 2138 2320 2190 τὸν
2347 2137 2490 2199 ναὸν,
2520 2137 2594 2198 ῶς
2618 2152 2767 2203 φασι,
2796 2135 2855 2188 τὸ
2883 2135 3078 2204 βιϐλίον
3107 2136 3256 2187 τοῦτο
3285 2134 3405 2186 ἰδών
3434 2152 3445 2163 ·
3476 2138 3570 2186 καὶ
3589 2135 3799 2201 Ἐλλη-

2232 2244 2318 2289 νες
2367 2225 2677 2295 ἐθαύμασαν
2721 2224 2881 2277 αὐτοῦ
2926 2226 3022 2295 τὴν
3069 2225 3216 2292 ἰσχὺν
3261 2225 3359 2291 τῆς
3405 2227 3796 2295 προρρήσεως.

2233 2318 2365 2386 Περὶ
2388 2315 2587 2368 τούτων
2621 2316 2789 2376 οὐδεὶς
2822 2311 2990 2379 εἶπεν,
3017 2316 3128 2368 ἀλλ’
3157 2316 3187 2385 ἢ
3218 2312 3366 2378 οὗτος
3395 2317 3573 2384 μόνος.

2819 2450 3068 2502 ΚΕΦΑΛ.
3109 2451 3186 2501 Η’.

2313 2557 2414 2608 Ἐν
2438 2555 2550 2608 έτει
2573 2557 2742 2622 τρίτῳ
2769 2556 2876 2624 τῆς
2899 2557 3216 2622 ⁸βασιλείας
3235 2556 3551 2622 Βαλτάσαρ
3583 2562 3805 2622 ὀρασις

2233 2645 2394 2714 ὤφθη
2433 2649 2579 2714 πρός
2619 2664 2714 2714 με,
2750 2645 2861 2713 ἐγὼ
2893 2646 3132 2711 Δανιὴλ,
3165 2647 3311 2714 μετὰ
3348 2647 3461 2712 τὴν
3502 2648 3807 2712 ὀφθεῖσάν

2229 2755 2326 2804 μοι
2353 2737 2421 2789 ἐν
2447 2735 2519 2803 τῇ
2545 2736 2718 2803 ἀρχῇ.
2749 2737 2854 2790 Kal
2884 2735 3044 2790 εἶδον
3079 2737 3147 2788 ἐν
3177 2735 3251 2803 τῇ
3277 2737 3480 2803 ὁράσει
3505 2751 3517 2763 ·
3550 2737 3646 2789 καὶ
3678 2737 3808 2803 ἑτέ·

2235 2843 2366 2880 νετο
2390 2827 2458 2878 ἐν
2479 2826 2556 2890 τῷ
2579 2826 2720 2878 ίδεῐν
2741 2844 2834 2894 με,
2871 2828 2966 2879 καὶ
3006 2826 3166 2894 ήμην
3205 2827 3271 2878 ἐν
3299 2829 3550 2892 Σούσοις
3576 2826 3653 2892 τῇ
3674 2828 3774 2888 ,ϐιί

2226 2932 2337 2981 ρει,
2364 2915 2400 2980 ἤ
2423 2915 2590 2968 ἐστιν
2617 2916 2687 2968 ἐν
2707 2915 2862 2983 χώρᾳ
2897 2917 3093 2984 Ἐλάμ.
3116 2916 3222 2970 Kal
3247 2913 3408 2970 εἶδον
3428 2918 3496 2968 έν
3523 2916 3804 2984 δράματι,

2233 3004 2327 3057 καὶ
2352 3003 2508 3071 ήμην
2534 3005 2628 3056 ἐπὶ
2649 3004 2752 3056 τοῦ
2780 3005 2993 3058 Οὑϐάλ.
3019 3005 3123 3057 Kal
3144 3001 3255 3073 ἦρα
3283 3006 3420 3070 τοὺς
3449 3008 3810 3075 ὀφθαλμούς

2229 3111 2365 3161 μου,
2395 3094 2489 3144 καί
2517 3091 2708 3145 εἶδον·
2753 3094 2848 3145 καὶ
2894 3094 3020 3145 ίδοὺ
3051 3095 3209 3161 κριὸς
3243 3092 3328 3158 εἷς
3367 3097 3638 3161 έστηκὼς
3677 3098 3809 3164 πρὸ

2233 3181 2337 3234 τοῦ
2373 3182 2586 3235 Οὺϐάλ·
2607 3183 2701 3232 καὶ
2731 3181 2887 3245 αὐτῷ
2920 3182 3150 3248 κέρατα,
3176 3185 3270 3235 καὶ
3296 3185 3365 3237 τὰ
3393 3185 3608 3252 κέρατα
3631 3189 3808 3252 ὑψη-

2231 3270 2342 3322 λά’
2401 3271 2496 3322 καὶ
2539 3269 2604 3322 τὸ
2649 3269 2716 3322 ἓν
2748 3272 3120 3337 ὑψηλότερον
3160 3271 3262 3324 τοῦ
3307 3271 3531 3338 ἐτέρου,
3579 3274 3677 3325 καὶ
3736 3278 3810 3326 τὸ

2233 3361 2601 3426 ὑψηλότερον
2662 3358 2966 3412 ἀνέϐαινεν
3023 3361 3112 3411 ἐπ’
3143 3359 3428 3428 ἐσχάτων.
3472 3361 3579 3414 Kal
3626 3358 3812 3414 εἶδον

2231 3453 2336 3502 τὸν
2375 3450 2541 3516 κριὸν
2570 3448 2936 3517 κερατίζοντα
2970 3449 3118 3502 κατὰ
3163 3451 3496 3515 θάλασσαν,
3526 3451 3623 3503 καὶ
3645 3453 3810 3519 ,ϐορ-

2225 3537 2361 3604 ριῑν,
2388 3539 2484 3590 καὶ
2515 3538 2711 3600 νότον,
2749 3538 2846 3593 καὶ
2875 3539 3011 3590 λίϐα
3031 3555 3042 3567 ·
3086 3538 3181 3591 καὶ
3210 3539 3403 3591 πάντα
3425 3539 3492 3591 τὰ
3514 3541 3691 3606 θηρία
3726 3545 3808 3594 οὐ

2232 3629 2553 3694 στήσονται
2585 3627 2834 3680 ἐνώπιον
2861 3629 3063 3691 αὐτοῦ,
3093 3630 3188 3680 καί
3217 3632 3326 3682 οὐκ
3356 3627 3432 3698 ἦν
3457 3634 3488 3682 ό
3520 3631 3808 3696 ἐξαιροῦ·

2230 3734 2409 3784 μενος
2437 3716 2505 3768 ἐκ
2535 3715 2726 3782 χειρὸς
2751 3715 2932 3767 αὑτοῦ
2953 3733 2965 3746 ·
2995 3716 3092 3768 καὶ
3117 3716 3362 3783 ἐποίησε
3391 3719 3535 3769 κατὰ
3559 3718 3810 3786 θέλημα

2234 3805 2436 3867 αὑτοῦ,
2471 3805 2566 3857 καὶ
2597 3805 2983 3872 ὲμεγαλύνθη.
3024 3805 3132 3857 Kal
3169 3805 3282 3874 ἐγὼ
3320 3805 3478 3872 ήμην
3519 3808 3764 3862 συνιών
3790 3829 3804 3839 ·

2235 3897 2329 3948 καὶ
2373 3895 2498 3948 ίδοὺ
2553 3894 2762 3962 τράγος
2823 3894 3001 3962 αίγιῖιν
3047 3894 3260 3961 ἤρχετο
3316 3897 3430 3949 ἀπὸ
3473 3898 3643 3961 λιϐὸς
3695 3900 3808 3952 ἐπὶ

2234 3981 2550 4046 πρόσωπον
2575 3979 2775 4046 πάσης
2798 3978 2906 4046 τῆς
2921 3979 3060 4047 γῆς·
3095 3981 3189 4033 καὶ
3225 3983 3332 4034 οὐκ
3357 3979 3433 4050 ἦν
3456 3983 3808 4051 ἁπτόμενος

2233 4067 2341 4134 τῆς
2371 4066 2510 4135 γῆς·
2549 4067 2645 4119 καὶ
2685 4066 2763 4130 τῷ
2804 4067 2994 4136 τράγῳ
3033 4069 3238 4131 ἐκείνῳ
3277 4071 3451 4136 κέρας
3495 4075 3810 4138 θεωρητόν

2234 4154 2347 4208 ἀνὰ
2375 4154 2567 4221 μέσον
2614 4154 2732 4206 τῶν
2771 4155 3088 4225 ὀφθαλμῶν
3137 4159 3338 4212 αὑτοῦ.
3386 4159 3493 4211 Kal
3533 4156 3728 4228 ἦλθεν
3770 4169 3808 4216 ό

2233 4244 2446 4312 τράγος
2476 4244 2583 4308 ἕως
2609 4245 2715 4296 τοῦ
2747 4245 2913 4310 κριοῦ
2947 4246 3050 4298 τοῦ
3090 4248 3161 4299 τὰ
3186 4246 3396 4314 κέρατα
3428 4249 3696 4317 ἔχοντος,
3726 4255 3808 4305 ὃν

2234 4329 2394 4385 εἶδον
2435 4332 2662 4386 έστῶτα
2697 4333 2950 4387 ἐνώπιον
2996 4336 3098 4389 τοῦ
3147 4337 3340 4389 Οὺϐάλ
3363 4353 3376 4366 ⁸
3426 4340 3520 4390 καὶ
3573 4340 3806 4409 έδραμε

2234 4423 2380 4488 πρὸς
2406 4422 2588 4475 αὑτὸν
2618 4423 2693 4474 ἐν
2721 4422 2864 4490 ὀργῇ
2882 4436 2908 4463 ι
2940 4423 3047 4490 τῆς
3075 4425 3284 4490 ίσχύος
3308 4426 3509 4480 αὐτοῦ.
3556 4431 3662 4480 Kal
3710 4432 3806 4482 ει-

2233 4511 2340 4562 δον
2355 4510 2536 4562 αὑτὸν
2554 4510 2865 4577 φθάσαντα
2884 4510 2991 4574 ἕως
3012 4512 3114 4564 τοῦ
3135 4513 3320 4579 κριοῦ,
3348 4514 3440 4565 καὶ
3463 4515 3802 4584 ἐξηγριώθη

2233 4600 2380 4666 πρὸς
2405 4601 2604 4662 αὐτὸν,
2635 4600 2730 4651 καὶ
2751 4601 2959 4652 ἔπαισε
2980 4602 3083 4653 τόν
3103 4603 3287 4667 κριὸν,
3312 4605 3407 4655 καὶ
3430 4605 3804 4672 συνέτριψεν

2234 4691 2531 4756 ἀμφότερα
2556 4689 2625 4740 τὰ
2665 4688 2877 4754 κέρατα
2899 4691 3109 4742 αὐτοῦ·
3138 4693 3233 4744 καὶ
3257 4695 3363 4745 οὐκ
3392 4689 3467 4761 ἦν
3499 4695 3678 4760 ἰσχὺς
3713 4698 3802 4762 τῷ

2237 4777 2375 4843 κριῷ
2405 4779 2507 4829 τοῦ
2535 4776 2750 4842 στῆναι
2767 4777 3019 4831 ἐνώπιον
3048 4781 3249 4834 αὐτοῦ.
3280 4783 3386 4832 Kal
3417 4783 3662 4848 ἕρῤιψεν
3685 4789 3799 4838 αὐ-

2236 4865 2341 4917 τὸν
2371 4866 2466 4916 ἐπὶ
2504 4865 2616 4930 τὴν
2657 4865 2791 4934 γῆν.
2841 4866 2940 4918 καὶ
2981 4869 3400 4934 συνεπάτησεν
3437 4873 3641 4933 αὑτὸν,
3693 4875 3798 4926 καί

2237 4955 2344 5004 οὐκ
2374 4949 2450 5019 ἦν
2479 4954 2510 5004 ό
2535 4951 2948 5019 ἐξαιρούμενος
2967 4953 3072 5005 τὸν
3091 4956 3257 5018 κριὸν
3277 4955 3342 5005 ἐκ
3367 4957 3562 5021 χειρὸς
3580 4959 3792 5012 αὐτοῦ.

2237 5039 2343 5090 Kal
2366 5042 2397 5090 ό
2431 5038 2638 5104 τράγος
2666 5037 2780 5089 τῶν
2811 5039 2990 5105 αἰγῶν
3014 5039 3380 5106 έμεψλύνθη
3406 5042 3510 5107 ἕως
3533 5045 3790 5111 σφόδρα.

2236 5127 2342 5179 Kal
2385 5127 2452 5176 ἐν
2492 5126 2568 5189 τῷ
2607 5127 2855 5194 ίσχῦσαι
2898 5128 3098 5192 αὐτόν,
3147 5133 3462 5197 συνετρίϐη
3503 5134 3570 5184 τὸ
3615 5136 3795 5201 κέρας

2236 5215 2418 5266 αὑτοῦ
2450 5215 2510 5266 τὸ
2537 5215 2688 5282 μέγα
2707 5232 2718 5244 ·
2753 5216 2850 5268 καί
2891 5217 3072 5282 ἀνέϐη
3101 5218 3364 5286 τέσσαρα
3399 5221 3612 5286 κέρατα
3643 5227 3794 5277 ὐπο-

2239 5305 2494 5358 κάτωθεν
2536 5307 2719 5359 αὐτοῦ
2765 5309 2850 5371 είς
2884 5307 3022 5371 τοὺς
3057 5309 3348 5375 τέσσαρας
3389 5312 3646 5379 ἀνέμους
3691 5319 3800 5369 τοῦ

2303 5565 2326 5591 ⁸
2355 5563 2419 5611 lla
2440 5564 2487 5621 in
2510 5562 2728 5609 Hebraeo.
2754 5563 2816 5609 At
2839 5577 2963 5612 nunc.
2987 5567 3035 5611 In
3061 5566 3385 5614 Theodolione
3421 5582 3475 5616 ac
3498 5572 3548 5618 in
3573 5572 3801 5621 Theodo-

2241 5630 2347 5670 relo
2370 5620 2574 5684 legimus
2593 5627 2730 5684 ὁρμῇ.
2758 5622 3062 5682 Frequenter
3084 5639 3144 5673 ex
3169 5629 3273 5674 istis
3295 5629 3482 5676 duobus
3518 5620 3796 5682 nominide

2243 5697 2388 5731 unum
2409 5681 2495 5743 pro
2518 5682 2609 5731 alio
2624 5681 2840 5731 scr-ibunt
2862 5681 3056 5732 librarii.
