4016 6452
279 397 403 455 233

277 492 545 561 siquidem
571 493 625 546 in
652 493 714 546 iis
741 492 900 545 venit.
932 490 999 543 Et
1023 490 1096 543 illi
1125 488 1315 542 delatus
1343 496 1417 542 est
1444 487 1617 540 honor.
1664 485 1831 548 Quem

279 580 514 635 habebat
539 581 754 635 scilicet.
779 581 844 632 Et
870 580 1059 649 pepuli,
1083 578 1256 641 tribus,
1282 579 1465 645 lingua:
1488 576 1583 643 ipsi
1603 573 1829 627 servient.

277 668 640 738 Principatum
682 670 873 723 etenim
905 669 1127 721 habebat
1169 674 1318 718 antea
1342 704 1358 729 ,
1387 672 1511 717 tunc
1534 677 1660 717 vero
1690 662 1833 716 illum

277 758 456 824 ipsum
484 774 638 826 quem
666 757 932 811 obtinebat
956 755 1171 823 accepit.
1199 754 1326 807 Nam
1353 754 1488 807 sicut
1508 754 1559 804 in
1586 753 1738 804 Patre
1759 752 1837 804 in-

278 847 474 914 telligis
500 848 735 915 capillos,
764 856 815 901 et
840 847 1035 912 reliqua
1064 861 1076 895 :
1105 844 1173 896 ita
1202 853 1253 896 et
1283 842 1417 895 istud
1448 841 1830 907 accipiendum.

274 932 414 986 Cum
436 942 610 987 autem
641 935 818 997 audis,
848 933 1033 985 Datum
1060 940 1158 996 est,
1190 939 1243 984 et
1269 931 1368 984 alia
1399 930 1447 983 id
1477 944 1641 998 genus
1661 970 1675 993 ,
1707 929 1835 982 nihil

276 1020 569 1075 humanum
599 1023 899 1091 suspiceris,
930 1035 1026 1074 nec
1051 1020 1245 1073 humile
1270 1020 1333 1072 de
1354 1019 1504 1072 Filio.
1527 1018 1671 1071 Sicut
1694 1018 1831 1071 enim

274 1109 465 1162 videns
492 1126 611 1163 eum
640 1112 729 1179 qui
765 1111 968 1170 senuit,
1002 1124 1106 1162 non
1144 1123 1325 1163 senem
1353 1107 1621 1162 arbitraris
1645 1126 1657 1160 :
1688 1109 1757 1162 ita
1783 1118 1837 1163 et

274 1207 493 1251 cetera.
518 1199 630 1252 Noli
653 1200 842 1267 quippe
865 1198 1284 1267 perspicuitatem
1310 1196 1361 1249 in
1383 1196 1667 1265 prophetiis
1688 1212 1831 1265 quae-

274 1299 401 1338 rere
427 1326 441 1347 ,
473 1285 558 1337 ubi
588 1287 787 1339 umbra:
815 1294 935 1338 sunt
960 1300 1021 1338 ac
1048 1286 1321 1352 aenigmata
1351 1302 1363 1335 :
1395 1284 1835 1351 quemadmodum

277 1374 334 1424 in
364 1373 568 1441 fulgure
592 1390 695 1428 non
723 1374 952 1442 exquiris
977 1374 1151 1427 lumen
1177 1380 1501 1441 perpetuum,
1530 1373 1620 1427 sed
1646 1374 1836 1426 sufficit

274 1462 321 1512 si
355 1462 510 1514 modo
537 1471 802 1531 appareat.
834 1464 920 1516 15.
958 1462 1163 1514 Horruit
1188 1462 1391 1529 spiritus
1419 1478 1554 1514 meus
1574 1503 1587 1527 ,
1617 1477 1705 1530 ego
1732 1462 1834 1513 Da-

274 1549 379 1600 niel
406 1549 458 1601 in
481 1551 651 1602 habitu
677 1567 782 1603 meo
805 1568 823 1603 :
842 1561 887 1603 et
912 1550 1118 1603 visiones
1139 1549 1316 1617 capitis
1338 1551 1431 1601 mei
1456 1549 1715 1601 turbabant
1738 1567 1830 1601 me.

276 1636 467 1689 Merito
513 1639 610 1691 sub
648 1647 860 1706 aspectu
901 1652 1083 1691 eorum
1114 1652 1228 1705 quae
1256 1637 1516 1691 videntur.
1551 1639 1753 1691 Patrem
1783 1649 1834 1691 et

280 1726 472 1779 Filium
518 1728 615 1779 iste
642 1738 694 1780 et
739 1728 933 1795 primus
960 1736 1010 1779 et
1040 1726 1182 1779 solus
1208 1766 1221 1790 ,
1271 1734 1324 1777 ut
1368 1726 1419 1778 in
1448 1727 1831 1794 visione,videt.

276 1817 413 1882 Quid
438 1815 503 1869 ad
535 1816 635 1869 hoc
676 1816 1025 1884 respondeant
1051 1815 1261 1869 Judmi?
1304 1814 1434 1868 Cum
1461 1816 1598 1868 enim
1631 1817 1831 1868 Domini

278 1902 537 1957 adventus
576 1904 823 1972 deinceps
868 1905 1080 1972 propior
1119 1904 1320 1957 futurus
1354 1914 1525 1969 esset,
1557 1906 1744 1957 merito
1781 1918 1833 1959 et

278 1996 509 2048 visiones
536 1996 800 2049 mirabiles
819 2005 1089 2063 apparent.
1120 1997 1203 2049 16.
1236 2014 1253 2046 ‹
1284 1996 1349 2049 Et
1367 1998 1563 2050 accessi
1587 1998 1650 2049 ad
1675 2013 1831 2050 unum

273 2083 652 2151 assistentium,
682 2096 735 2138 et
765 2086 1034 2139 veritatem
1064 2085 1130 2139 de
1162 2086 1241 2139 liis
1268 2086 1508 2140 omnibus
1536 2088 1830 2155 quaerebam

276 2170 344 2222 ab
370 2186 431 2223 eo
461 2172 682 2227 discere.
715 2174 782 2226 Et
808 2174 939 2227 dixit
967 2173 1095 2227 mihi
1121 2174 1389 2228 veritatem
1409 2215 1424 2239 ,
1452 2184 1504 2229 et
1530 2190 1831 2229 sermonum

274 2258 759 2327 interpretationem
788 2262 1032 2316 indicavit
1056 2262 1203 2315 mihi.
1234 2279 1253 2313 ι
1280 2263 1569 2332 interrogat
1593 2280 1832 2332 quzcnam

275 2348 488 2401 tandem
520 2360 697 2403 essent
734 2367 849 2419 (μιςὲ
886 2352 1207 2420 apparebant
1236 2371 1248 2406 :
1276 2363 1327 2407 et
1353 2354 1602 2408 edocetur
1628 2357 1694 2409 de
1719 2359 1829 2410 An-

273 2434 514 2488 tichristo
538 2478 550 2500 ,
603 2448 655 2491 et
684 2439 838 2492 discit
873 2455 1090 2508 regnum
1120 2441 1257 2509 quod
1289 2456 1391 2495 non
1435 2442 1592 2497 habet
1652 2444 1829 2499 finem.

274 2525 359 2577 I7.
394 2544 411 2576 ι
447 2526 569 2591 Hac,
612 2548 632 2580 ι
666 2530 858 2598 inquit,
899 2549 917 2581 ‹
950 2531 1128 2584 bestia:
1157 2547 1387 2600 magnaz,
1422 2543 1644 2601 quatuor
1674 2550 1831 2603 regna

271 2629 607 2685 consurgent.
631 2621 715 2674 18.
743 2622 807 2673 Et
827 2622 990 2675 sancti
1014 2622 1264 2675 Altissimi
1286 2625 1570 2691 suscipient
1590 2640 1825 2692 regnum,

270 2713 327 2757 et
365 2705 675 2760 obtinebunt
709 2710 832 2761 illud
870 2726 1033 2778 usque
1072 2711 1122 2763 in
1166 2711 1440 2778 smculum,
1482 2721 1534 2765 et
1576 2728 1739 2781 usque
1777 2715 1826 2766 in

268 2794 518 2848 saeculum
556 2797 884 2850 saeculorum.
921 2798 1003 2852 19.
1050 2800 1111 2851 Ει
1138 2802 1434 2866 qutercbam
1463 2800 1739 2871 diligenter
1766 2803 1829 2855 de

268 2884 437 2938 bestia
473 2895 652 2954 quarta
677 2928 691 2952 ,
725 2890 841 2957 quia
874 2896 986 2942 erat
1022 2889 1226 2943 diversa
1267 2892 1334 2944 ab
1373 2894 1514 2946 omni
1542 2894 1704 2946 bestia
1730 2934 1743 2957 ,
1777 2902 1829 2947 ct

269 2975 518 3027 terribilis
565 2976 717 3030 valde
764 2995 775 3029 :
822 2977 1005 3031 dentes
1058 2978 1171 3045 ejus
1220 2978 1412 3043 ferrei,
1470 2996 1669 3049 ungues
1716 2984 1827 3049 ejus

268 3063 405 3115 :enei
438 3080 450 3113 :
482 3065 765 3119 comedens
791 3075 839 3119 et
866 3067 1228 3121 comminuens
1253 3108 1267 3131 ,
1297 3078 1349 3121 et
1378 3069 1573 3137 reliqua
1604 3070 1824 3138 pedibus

265 3150 378 3204 suis
419 3153 774 3206 conculcabat.
824 3153 909 3208 20.
956 3154 1022 3207 Et
1063 3154 1129 3208 de
1155 3156 1401 3209 cornibus
1444 3157 1557 3224 ejus
1599 3158 1779 3211 decem
1807 3199 1820 3221 ,

263 3255 384 3306 quae
416 3240 466 3292 in
497 3241 667 3308 capite
692 3242 861 3306 illius;
887 3251 940 3296 et
963 3243 1030 3297 de
1051 3243 1155 3296 alio
1179 3282 1193 3305 ,
1226 3244 1364 3311 quod
1395 3245 1740 3311 ascenderat,
1771 3256 1824 3299 et

264 3327 822 3395 excusseratpriorum
855 3330 951 3382 tria
982 3346 993 3381 :
1024 3338 1073 3382 et
1103 3345 1265 3383 cornu
1290 3371 1303 3393 ,
1344 3333 1425 3383 cui
1462 3340 1613 3386 erant
1653 3334 1819 3399 oculi,

263 3421 319 3465 et
339 3427 399 3466 os
424 3414 640 3482 loquens
666 3417 900 3484 grandia,
928 3425 981 3469 et
1002 3428 1244 3484 aspectus
1268 3418 1382 3485 ejus
1408 3420 1574 3487 major
1595 3423 1819 3475 caeteris.

261 3501 351 3554 2i.
377 3504 705 3571 Aspiciebam
727 3546 741 3570 ,
772 3513 825 3558 et
861 3519 1023 3558 cornu
1064 3506 1189 3559 illud
1230 3506 1450 3561 faciebat
1476 3508 1669 3562 bellum
1700 3525 1819 3565 cum

260 3591 460 3643 sanctis
480 3632 494 3656 ,
527 3600 582 3645 et
625 3594 895 3661 prtevaluit
934 3595 1183 3648 adversus
1227 3610 1336 3661 eos,
1367 3596 1455 3648 22.
1486 3597 1651 3652 donec
1676 3603 1819 3654 venit

260 3679 507 3746 antiquus
534 3681 759 3747 dierum,
789 3691 839 3735 et
863 3681 1115 3751 judicium
1143 3683 1285 3737 dedit
1310 3685 1503 3737 sanctis
1524 3686 1777 3741 Altissimi
1802 3705 1813 3740 :

258 3778 314 3820 et
346 3778 551 3837 tempus
580 3771 813 3837 advenit,
846 3780 899 3825 et
926 3786 1148 3839 regnum
1174 3773 1508 3828 obtinuerunt
1536 3777 1722 3830 sancti.
1754 3778 1818 3832 Et

260 3856 395 3910 dixit
430 3860 505 3912 sic
535 3877 548 3911 :
575 3860 665 3915 25.
696 3860 867 3913 Bestia
907 3870 1090 3929 quarta
1122 3877 1336 3930 regnum
1366 3873 1608 3931 quartum
1636 3867 1735 3920 erit
1764 3868 1814 3922 in

261 3953 398 3998 terra
423 3985 438 4010 ,
489 3947 630 4015 quod
672 3949 939 4016 superabit
982 3950 1157 4003 omnia
1200 3966 1393 4019 regna,
1448 3961 1501 4006 et
1546 3953 1817 4009 devorabit

258 4049 472 4089 omnem
499 4047 715 4103 terram,
741 4047 792 4092 et
813 4039 1139 4093 conculcabit
1164 4056 1301 4106 eam,
1333 4052 1385 4096 et
1412 4044 1652 4099 concidet
1674 4061 1813 4101 eam.

256 4125 347 4179 24.
381 4126 449 4179 Et
475 4127 656 4183 decem
683 4143 875 4182 cornua
902 4129 1063 4199 ipsius
1087 4130 1269 4185 decem
1298 4147 1446 4202 reges
1466 4145 1812 4205 consurgent;

258 4225 312 4270 et
334 4224 453 4286 post
472 4231 563 4271 eos
584 4227 863 4287 consurget
882 4220 1034 4283 alius,
1060 4220 1146 4288 qui
1174 4222 1442 4288 superabit
1462 4225 1613 4278 malis
1633 4240 1815 4281 omnes

257 4306 495 4374 priores,
528 4314 581 4359 et
623 4314 730 4359 tres
770 4322 920 4375 reges
958 4308 1269 4363 humiliabit.
1311 4312 1399 4364 25.
1449 4312 1516 4364 Et
1542 4328 1814 4369 sermones

257 4404 441 4447 contra
470 4396 795 4449 Altissimum
827 4397 1066 4465 loquetur
1090 4439 1102 4460 ,
1135 4408 1189 4452 et
1216 4408 1425 4454 sanctos
1452 4402 1704 4456 Altissimi
1731 4405 1813 4458 in-

256 4483 515 4536 veterabit
538 4523 553 4548 ,
586 4494 639 4537 et
674 4486 922 4553 cogitabit
952 4496 1153 4541 mutare
1187 4495 1420 4555 tempora
1450 4499 1504 4543 et
1532 4490 1730 4559 legem;
1763 4499 1815 4545 et

256 4570 497 4622 tradetur
538 4571 586 4623 in
619 4587 775 4625 manu
805 4574 918 4641 ejus
948 4589 1109 4642 usque
1149 4575 1212 4628 ad
1250 4585 1454 4645 tempus
1490 4576 1586 4647 (α).
1627 4579 1714 4632 26.
1747 4580 1814 4633 Et

255 4658 511 4725 judicium
549 4662 712 4725 sedit;
754 4672 805 4715 et
840 4664 1183 4731 principatum
1222 4666 1336 4733 ejus
1374 4667 1716 4733 transferant,
1758 4680 1814 4723 ut

253 4746 464 4800 deleant
483 4754 535 4799 et
568 4748 870 4816 disperdant
896 4766 1059 4819 usque
1081 4753 1131 4805 in
1156 4753 1331 4807 finem.
1362 4756 1448 4807 27.
1479 4757 1543 4808 Et
1563 4772 1808 4825 regnum,

253 4844 305 4888 et
338 4843 590 4903 potestas,
616 4846 667 4889 et
694 4838 993 4905 magnitudo
1015 4854 1192 4907 regum
1219 4841 1309 4908 qui
1330 4842 1510 4895 subter
1530 4858 1684 4898 omne
1710 4860 1812 4899 cte-

253 4926 380 4987 lum,
415 4926 534 4978 data
562 4936 684 4979 sunt
708 4929 900 4981 sanctis
926 4928 1177 4983 Altissimi
1208 4948 1220 4981 :
1244 4942 1296 4984 et
1323 4947 1539 4999 regnum
1566 4935 1697 5001 ejus,
1726 4950 1809 4988 re-

250 5026 411 5079 gnum
460 5017 835 5082 sempiternum
866 5034 877 5067 :
909 5025 961 5068 et
999 5031 1181 5071 omnes
1225 5020 1543 5087 principatus
1583 5023 1811 5078 servient

250 5099 350 5165 ipsi
381 5113 441 5152 ac
468 5100 734 5154 obedient.
771 5102 859 5157 28.
890 5103 1000 5157 Huc
1029 5119 1193 5173 usque
1222 5107 1338 5159 finis
1369 5110 1531 5162 verbi.
1567 5111 1676 5180 Ego
1708 5114 1808 5167 Da-

250 5186 357 5239 niel
386 5201 400 5238 :
427 5188 769 5255 cogitationes
799 5204 929 5243 mea;
963 5193 1182 5245 multum
1215 5197 1658 5254 conturbaverunt
1685 5217 1767 5256 me
1790 5246 1804 5270 ,

250 5283 303 5326 et
342 5274 507 5327 forma
539 5290 653 5329 mea
693 5286 888 5329 mutata
929 5287 1009 5331 est
1044 5294 1058 5330 :
1086 5289 1139 5333 et
1165 5284 1381 5338 verbum
1425 5288 1474 5339 in
1504 5290 1662 5344 corde
1692 5308 1807 5346 meo

251 5366 581 5417 conservavi.
619 5384 637 5415 ι
670 5365 736 5417 Ει
772 5380 934 5433 quare
964 5369 1178 5423 verbum
1221 5372 1348 5425 illud
1392 5390 1493 5429 non
1534 5377 1747 5443 dixisti,
1775 5398 1807 5433 ο

250 5453 445 5505 homo?
472 5454 600 5519 Quia
629 5455 693 5507 ad
722 5454 933 5509 Judmos
964 5457 1108 5510 nullo
1138 5462 1293 5515 modo
1320 5466 1588 5531 spectabat
1614 5484 1626 5522 :
1657 5471 1747 5523 sed
1776 5488 1806 5525 e

316 5582 389 5643 (α)
423 5582 609 5633 Incuria
641 5585 944 5646 exscriptoris
978 5584 1149 5650 factum
1184 5591 1373 5650 videtur
1392 5626 1406 5650 ,
1432 5600 1482 5641 ut
1505 5598 1689 5647 omissae
1712 5603 1806 5650 sint

253 5654 395 5693 voces
418 5651 700 5704 sequentes,
724 5650 770 5695 et
786 5651 994 5705 tempora
1016 5653 1059 5696 et
1082 5647 1335 5701 dimidium
1356 5647 1595 5715 temporis.

1640 371 1704 428 IN
1744 370 2101 425 DANIELEM.

3377 392 3486 447 234

1946 485 2208 535 contrario
2232 482 2283 535 in
2304 481 2476 535 verbis
2494 482 2701 551 quidem
2728 497 2789 535 ea
2817 496 2909 549 per
2928 481 3294 535 obscuritatem
3316 483 3489 533 occul-

1943 572 2117 636 tabat,
2147 573 2197 625 in
2243 572 2492 641 propheta
2522 582 2695 626 autem
2727 572 3055 626 conservavit
3090 573 3140 623 in
3171 570 3346 623 corde.
3392 568 3487 622 Et-

1940 661 2078 714 enim
2106 661 2203 713 sub
2225 661 2377 714 fincm
2400 664 2503 714 ait:
2528 660 2657 714 Ecce
2676 678 2922 715 sermones
2941 663 3122 730 signati
3139 661 3386 729 (Dan.l2.
3408 661 3487 726 9);

1941 758 1994 802 et
2032 752 2139 803 vult
2182 751 2303 804 illos
2345 751 2595 803 obscuros
2620 766 2757 804 esse.
2803 752 2856 803 ld
2904 752 3023 804 facit
3065 752 3221 804 etiam
3268 750 3377 816 ipse
3416 749 3490 816 (τι)

1943 839 2117 906 (Jesus
2144 840 2403 907 Christus)
2432 855 2525 907 per
2550 841 2821 909 parabolas
2851 842 3089 909 loquens.
3122 839 3248 892 Vide
3275 853 3492 906 quomo-

1942 929 2008 979 do
2049 928 2238 995 ubique
2267 944 2481 996 regnum
2522 929 2735 981 extollat
2774 929 2985 994 Daniel,
3017 937 3074 981 ut
3110 928 3240 981 nihil
3279 927 3490 980 humani

1942 1017 2242 1083 suspiceris.
2294 1017 2404 1069 Etsi
2442 1020 2579 1071 enim
2625 1019 2919 1071 universum
2961 1018 3140 1071 orbem
3173 1015 3493 1069 obtinuerint

1942 1102 2208 1165 homines;
2232 1115 2285 1158 at
2306 1122 2407 1159 non
2430 1122 2655 1174 semper,
2678 1123 2844 1175 neque
2862 1109 2911 1158 in
2937 1107 3196 1159 infinitum
3220 1106 3489 1159 smculum.

1941 1192 2046 1247 Nec
2083 1194 2208 1247 mihi
2239 1196 2511 1264 quisquam
2539 1197 2709 1259 dicat,
2747 1197 2904 1251 breve
2943 1206 3147 1266 tempus
3187 1197 3489 1251 memorari.

1941 1285 2075 1351 Quid
2114 1287 2252 1339 enim
2289 1286 2386 1339 sibi
2429 1288 2538 1340 vult
2579 1288 2704 1341 illud
2743 1304 2756 1339 :
2799 1287 2915 1340 Non
2956 1289 3263 1354 pertransibit
3288 1328 3301 1350 ,
3340 1302 3495 1355 neque

1940 1376 2071 1442 genti
2099 1376 2242 1427 alteri
2271 1376 2491 1427 tradetur
2514 1376 2531 1443 (
2554 1375 2689 1427 Dan.
2719 1376 2771 1427 2.
2799 1378 2867 1428 14
2889 1374 2946 1444 )?
2988 1378 3050 1429 Et
3075 1376 3190 1429 vide
3216 1391 3330 1444 qua:
3359 1376 3495 1427 inter

1941 1462 2153 1515 Darium
2197 1472 2249 1516 et
2287 1463 2594 1517 Macedonas
2632 1473 2774 1531 gesta
2806 1474 2944 1517 sunt.
2991 1465 3154 1529 Quam
3186 1465 3252 1517 ob
3279 1478 3492 1518 causam

1942 1550 2090 1603 haec?
2131 1551 2353 1617 Pr0pter
2392 1551 2620 1605 Judaaos.
2669 1552 2789 1605 Ideo
2832 1561 2884 1606 et
2925 1553 3219 1606 Alexander
3260 1553 3497 1606 adoravit

1941 1639 2191 1705 templum
2221 1638 2313 1707 (b),
2346 1648 2403 1692 ut
2426 1639 2589 1706 aiunt,
2622 1654 2740 1693 cum
2771 1641 2907 1695 hunc
2934 1642 3160 1696 Daniclis
3192 1643 3381 1695 librum
3411 1643 3494 1694 in-

1941 1728 2198 1793 spexisset
2239 1745 2252 1778 :
2285 1737 2336 1780 et
2362 1727 2527 1781 Graeci
2559 1731 2658 1781 vim
2692 1731 3088 1797 prwdictionum
3133 1732 3294 1799 ipsius
3323 1732 3495 1784 admi-

1940 1818 2036 1868 rati
2080 1827 2218 1869 sunt.
2263 1819 2425 1872 Porro
2463 1819 2527 1872 de
2571 1820 2682 1873 istis
2723 1821 2876 1873 rebus
2918 1835 3070 1874 nemo
3106 1820 3349 1889 loquutus
3378 1831 3491 1883 est,

1940 1907 2036 1958 nisi
2069 1907 2153 1960 hic
2182 1909 2344 1962 solus.

2512 2041 2734 2097 CAPUT
2774 2043 2904 2097 VIII.

2010 2172 2059 2222 1.
2093 2189 2110 2219 ‹
2155 2172 2208 2224 1η
2248 2187 2387 2226 anno
2427 2174 2577 2228 tertio
2604 2175 2746 2242 regni
2788 2175 3070 2229 Baltasaris
3100 2177 3229 2230 visio
3256 2179 3495 2247 apparuit

1939 2259 2063 2312 mihi
2087 2260 2153 2330 (c)
2178 2301 2190 2323 ,
2216 2275 2313 2329 ego
2345 2262 2555 2325 Daniel,
2591 2270 2706 2328 post
2734 2278 2850 2315 eam
2886 2279 3002 2332 quae
3029 2265 3157 2318 mihi
3182 2277 3493 2333 apparuerat

1938 2348 1988 2399 in
2019 2349 2289 2417 principio.
2324 2350 2377 2402 2.
2411 2349 2475 2403 Et
2499 2350 2605 2402 vidi
2628 2352 2675 2403 in
2703 2352 2901 2405 visione
2928 2369 2940 2401 :
2963 2362 3017 2405 et
3040 2351 3231 2407 factum
3266 2365 3345 2407 cst
3370 2370 3489 2407 cum

1936 2449 2033 2503 ego
2059 2437 2317 2499 viderem,
2349 2447 2401 2491 et
2422 2454 2563 2491 eram
2595 2440 2644 2491 in
2667 2439 2813 2492 Susis
2843 2442 2981 2508 regia
3014 2442 3110 2510 (ά),
3140 2458 3255 2510 qua:
3294 2443 3342 2494 in
3373 2458 3492 2509 pro-

1938 2525 2102 2577 vincia
2143 2526 2419 2579 Elamitide
2443 2528 2542 2580 sita
2567 2536 2662 2581 est.
2696 2528 2760 2580 Et
2785 2528 2887 2581 vidi
2928 2531 2977 2582 in
3008 2531 3237 2593 visione,
3266 2543 3318 2583 et
3344 2547 3489 2586 eram

1934 2624 2093 2677 super
2136 2613 2285 2665 Ubal.
2328 2615 2379 2665 5.
2423 2614 2489 2665 Et
2526 2615 2689 2667 levavi
2732 2617 2910 2671 oculos
2946 2634 3112 2684 meos,
3160 2628 3213 2673 et
3262 2622 3361 2673 vidi
3395 2640 3407 2674 :
3436 2633 3488 2676 et

1933 2714 2058 2752 ecce
2096 2702 2231 2754 aries
2262 2717 2395 2755 unus
2436 2710 2583 2756 stans
2626 2713 2747 2758 ante
2779 2704 2907 2759 Ubal
2937 2722 2949 2757 :
2987 2714 3041 2760 et
3070 2709 3167 2775 ipsi
3191 2718 3340 2762 erant
3365 2726 3485 2764 cor-

1934 2804 2054 2852 nua,
2092 2797 2144 2841 et
2172 2804 2370 2844 cornua
2397 2792 2603 2845 excelsa
2634 2811 2647 2845 :
2678 2802 2731 2846 et
2759 2810 2918 2848 unum
2939 2798 3198 2851 excelsius
3228 2800 3409 2863 altero,
3434 2811 3489 2855 ct

1932 2877 2188 2930 excelsius
2221 2878 2534 2933 ascendebat
2555 2882 2605 2933 in
2635 2884 2906 2936 extremis.
2936 2886 2988 2937 4.
3018 2886 3083 2938 Et
3121 2887 3223 2940 vidi
3269 2890 3486 2943 arietem

1932 2980 2095 3019 cornu
2139 2977 2402 3035 petentem
2445 2978 2629 3023 contra
2675 2986 2838 3037 mare,
2862 2982 2916 3027 et
2951 2975 3266 3043 aquilonem,
3298 2988 3350 3031 et
3393 2993 3485 3031 au-

1930 3067 2096 3111 strum
2132 3066 2185 3112 ct
2222 3058 2441 3113 africum
2476 3078 2488 3111 :
2520 3069 2571 3115 et
2596 3076 2781 3117 omnes
2805 3064 2986 3119 bestias
3014 3082 3116 3119 non
3144 3068 3355 3121 stabunt
3394 3084 3482 3122 co-

1930 3163 2040 3201 ram
2081 3164 2145 3203 eo
2180 3167 2191 3201 :
2224 3160 2276 3203 et
2304 3165 2408 3203 non
2436 3161 2549 3205 erat
2587 3155 2673 3221 qui
2714 3166 2919 3209 erueret
2946 3157 3011 3211 de
3038 3173 3192 3211 manu
3232 3161 3345 3226 ejus
3387 3179 3400 3213 :
3431 3172 3485 3215 et

1930 3236 2049 3287 fecit
2069 3237 2353 3290 secundum
2380 3240 2697 3293 voluntatem
2728 3258 2896 3308 suam,
2920 3254 2972 3297 et
2997 3247 3353 3314 magnificatus
3378 3261 3476 3303 est.

1927 3325 1979 3377 5.
2013 3325 2077 3377 Et
2101 3341 2197 3394 ego
2232 3342 2377 3380 eram
2408 3329 2697 3399 intelligens
2730 3342 2819 3386 :et
2852 3349 2973 3388 ecce
2999 3336 3175 3390 hircus
3207 3354 3479 3406 caprarum

1927 3413 2168 3466 veniebat
2196 3415 2261 3467 ab
2286 3415 2449 3469 africo
2476 3432 2633 3486 super
2663 3422 2845 3475 faciem
2888 3426 3043 3478 totius
3073 3435 3225 3480 terras
3253 3446 3265 3479 :
3294 3439 3345 3481 et
3374 3445 3477 3484 non

1926 3503 2174 3570 tangebat
2215 3513 2407 3560 terram
2454 3524 2466 3558 :
2509 3518 2562 3561 et
2598 3509 2745 3564 hirco
2788 3512 2863 3565 illi
2903 3528 3065 3568 cornu
3107 3518 3388 3584 spectabile
3427 3521 3479 3573 in

1924 3590 2097 3644 medio
2143 3594 2413 3647 oculorum
2460 3596 2590 3664 ejus.
2622 3598 2672 3650 6.
2713 3599 2778 3651 Et
2819 3601 2961 3655 venit
2986 3602 3163 3657 hircus
3210 3621 3374 3674 usque
3412 3607 3477 3661 ad

1924 3678 2143 3733 arietem
2169 3680 2315 3734 illum
2347 3683 2624 3737 habentem
2649 3700 2864 3753 cornua,
2897 3705 3055 3757 quem
3077 3692 3307 3746 videram
3330 3707 3445 3748 stan

1926 3772 2030 3818 tem
2070 3781 2249 3821 coram
2276 3768 2405 3823 Ubal
2434 3788 2446 3823 :
2470 3780 2522 3824 et
2546 3774 2773 3827 cucurrit
2797 3776 2863 3828 ad
2890 3790 3008 3830 eum
3036 3780 3087 3831 in
3114 3780 3187 3833 ira
3219 3780 3477 3837 fortitudi-

1922 3854 2004 3906 nis
2030 3869 2156 3907 sute.
2188 3857 2235 3908 7.
2263 3857 2327 3910 Et
2356 3860 2458 3912 vidi
2484 3875 2602 3913 eum
2624 3864 2923 3929 pervenisse
2944 3883 3108 3936 usque
3134 3870 3198 3923 ad
3226 3872 3473 3928 arietem:

1921 3951 1974 3995 et
1998 3944 2245 4000 efferatus
2266 3956 2347 4000 est
2367 3950 2416 4000 in
2447 3964 2586 4013 eum,
2616 3954 2974 4023 percussitquc
3003 3958 3239 4023 arietem,
3270 3968 3322 4013 et
3343 3976 3472 4014 con-

1921 4032 2065 4085 trivit
2089 4043 2305 4103 utraqne
2330 4051 2523 4090 cornua
2555 4040 2703 4105 ejus:
2740 4051 2920 4095 etnon
2953 4054 3066 4097 erat
3104 4047 3264 4099 robur
3298 4051 3471 4114 arieti,

1920 4128 1976 4172 ut
2012 4129 2174 4174 staret
2207 4138 2382 4176 coram
2415 4140 2496 4177 eo.
2532 4126 2598 4178 Et
2634 4128 2849 4196 projecit
2888 4130 3055 4199 ipsum
3088 4134 3138 4187 in
3167 4144 3356 4191 terram
3382 4181 3395 4202 ,
3420 4151 3472 4195 et

1918 4209 2244 4263 conculcavit
2274 4212 2474 4280 ipsum,
2503 4223 2555 4267 et
2586 4230 2687 4268 non
2718 4227 2829 4271 erat
2864 4220 2951 4288 qui
2982 4223 3225 4279 liberaret
3254 4228 3469 4283 arietem

1917 4298 1983 4352 de
2024 4314 2180 4354 manu
2215 4302 2349 4370 ejus.
2386 4303 2439 4356 8.
2468 4304 2534 4358 Et
2572 4305 2752 4361 hircus
2793 4322 3066 4378 caprarum
3114 4317 3470 4383 magnificatus

1918 4398 1998 4443 est
2023 4390 2211 4443 mirum
2236 4391 2287 4444 in
2315 4392 2546 4447 modum.
2577 4396 2777 4449 Etcum
2799 4399 3137 4453 invalesceret
3166 4404 3278 4469 ipse
3298 4446 3312 4467 ,
3342 4422 3468 4461 con-

1977 4497 2401 4575 ςρλΡ-Θῌβὴτὶδὶοι
2431 4504 2509 4575 hic
2547 4506 2756 4563 dicitur,
2795 4506 2895 4575 ipse
2932 4507 3046 4569 facit
3086 4512 3237 4575 (ποιεῖ
3271 4515 3458 4575 αὐτός),

1915 4569 2004 4623 per
2028 4557 2255 4638 ellipst
2275 4564 2621 4638 emphaticam‘,
2660 4557 2761 4638 qua
2787 4557 3051 4638 utebantur
3071 4557 3460 4638 olim—Pylbago:

1913 4618 2016 4686 rei,
2032 4618 2099 4686 de
2120 4632 2207 4667 suo
2226 4618 2424 4686 doctore
2451 4618 2707 4686 dicentes':
2738 4629 2883 4682 Αὐτὸς
2907 4629 3011 4686 ἔφη.

1977 4677 2043 4756 ρ)
2057 4678 2384 4756 -Slupnra»d\ixit
2406 4682 2726 4756 :‘Aleasar‘uler
2753 4677 2990 4756 adoravit.
3013 4692 3160 4756 Deum
3198 4695 3213 4747 ί
3227 4698 3458 4756 προσεκύ-

1912 4738 2293 4811 misfoyesav)
2310 4776 2334 4806 ,_
2355 4744 2592 4811 quomodo
2612 4744 2690 4793 hic
2714 4760 2911 4811 quoque
2944 4738 3041 4811 legi
3059 4738 3458 4805 'débérérhhiiés

1912 4794 2083 4875 ggbito
2108 4810 2117 4841 :
2143 4794 2387 4875 nec‘epini
2418 4802 2613 4875 Macedo
2647 4794 3261 4875 templtimvado‘i'ayitjsved

1910 4866 2020 4935 EtEt-1“
2027 4868 2212 4935 {tamen
2232 4863 2687 4935 tetragrammatgn,
2716 4863 2843 4928 quod
2875 4874 2922 4917 in
2950 4863 3140 4935 lamina.
3162 4863 3455 4935 insculptum

1906 4914 2123 4984 pomiferi
2146 4914 2564 4984 fronteggeStabat.
2601 4914 2922 4977 Heminarrat—
2943 4914 3133 4981 casei};

1907 4970 2475 5095 gthggnlyibﬁuisfjcap.
2506 4970 2920 5048 atumo,"aé"poéi

1974 5095 2042 5168 ςε)
2060 5094 2208 5168 fidem
2229 5098 2463 5168 Iosephus
2486 5100 2533 5168 in
2556 5098 2650 5149 fine
2673 5100 2781 5149 Ilbl‘l
2803 5105 2974 5152 decimi
3000 5107 3149 5156 refert
3171 5108 3259 5158 hoc
3286 5112 3463 5168 visum,

1911 5154 1997 5221 sed
2021 5154 2435 5221 confuseLaCJUti
2460 5159 2609 5217 solet,
2636 5174 2796 5221 parum
2819 5174 3054 5213 accurate.
3084 5154 3465 5218 s'dn"éiiié'iéiii

1914 5192 1997 5223 ..νγ
2024 5192 2215 5225 ...μ-...υτ
2265 5192 2345 5213 ειν,
2371 5192 2435 5205 υιιι
2460 5192 2609 5217 σν-υι,
2636 5192 2707 5221 μοι
2720 5192 2796 5209 uul
2819 5192 3054 5213 αυυιιαις.
3084 5192 3177 5215 ιῐυυ
3202 5192 3338 5218 cntra
3361 5192 3465 5218 rem

1914 5222 2005 5287 erit.
2026 5214 2213 5287 Jos_epht
2417 5218 2587 5287 legere
2606 5234 2798 5287 quoque
2820 5225 2943 5283 apud
2967 5233 3006 5273 s.
3024 5225 3413 5287 _Chrysostomum
3436 5231 3466 5277 3

1912 5275 2215 5346 (nunchom.
2239 5275 2544 5346 1),.advers'us
2566 5275 2776 5338 Judaeo's,
2802 5275 2862 5329 ut"
2878 5298 2940 5332 ex
2966 5275 3234 5346 collatione,
3262 5275 3461 5346 mendis,

1911 5333 2040 5399 quod,
2060 5333 2181 5399 factu
2207 5333 2450 5394 perfacile,
2476 5333 2778 5399 repurgetur.

1972 5393 2048 5453 (ά)
2085 5393 2135 5440 In
2360 5409 2392 5444 ιν
2416 5393 2555 5469 usus;
2578 5393 2756 5460 τίβάριι.
2784 5400 2885 5450 Vox
2906 5438 2919 5455 .
2944 5410 3048 5458 ΓΠ).
3066 5447 3077 5468 ,
3106 5406 3232 5453 unde
3256 5421 3351 5469 eam
3376 5409 3462 5457 de-

1910 5460 2114 5515 duc-itur,
2156 5460 2388 5529 significat
2420 5464 2628 5569 Slurima
2673 5469 2717 5514 in
2756 5472 3019 5529 Scripturis.
3060 5460 3139 5520 ilic
3175 5460 3367 5532 autem,
3412 5488 3463 5528 ut

1913 5522 2164 5569 existimo.
2203 5533 2382 5569 reatum
2455 5532 2629 5569 enotat.
2668 5530 2872 5569 Jmenlm
2909 5544 2963 5569 an
2998 5533 3293 5569 τιιρίιήηι-ρίη
3318 5545 3462 5569 am...

1913 5522 2179 5604 existinlo,'
2203 5523 2382 5604 regiona:
2420 5522 2644 5604 denotat;
2668 5522 2872 5589 Josepho
2909 5544 2963 5578 ac
2998 5533 3293 5604 Iheodoreto
3317 5522 3462 5604 atque

1913 5581 2057 5649 etiarn
2080 5588 2241 5649 Nostro
2261 5583 2539 5649 3_adversus
2561 5586 2762 5649 Judaeos,
2780 5581 3053 5649 'Metropolis
3074 5581 3462 5646 Persarumwdic—i:

1915 5645 1989 5686 tur
2014 5640 2116 5689 haec
2138 5645 2267 5688 urbs.
2293 5640 2481 5691 Videsis
2509 5644 2526 5692 1
2548 5646 2699 5695 Esdrae
2721 5640 2767 5706 δ’,
2794 5649 2839 5706 2,
2867 5658 2917 5697 et
2937 5640 2984 5709 Ξ,
3011 5652 3055 5710 1,
3079 5652 3125 5699 1.
