4016 6468
470 424 583 479 235

476 523 655 576 tritum
686 523 765 571 est
785 529 946 569 cornu
976 510 1110 564 illius
1139 522 1382 575 magnum
1414 514 1497 559 :et
1525 505 1871 558 ascenderunt
1894 516 2023 570 qua-

484 618 601 662 tuor
629 617 825 659 cornua
865 601 1046 654 subter
1077 596 1224 660 illud,
1257 596 1308 647 in
1335 601 1554 662 quatuor
1591 601 1775 644 ventos
1813 591 1946 642 celi.
1975 588 2031 642 9.

485 697 547 752 Et
591 710 657 749 ex
688 705 791 746 uno
826 702 1007 742 eorum
1028 697 1295 753 egressum
1322 690 1406 734 est
1442 693 1605 732 cornu
1649 692 1807 730 unum
1831 675 1965 728 forte
1993 675 2033 739 ¹,

486 794 541 841 ει
570 784 760 837 factum
783 785 864 832 est
886 774 1082 845 grande
1119 771 1293 831 nimis,
1321 769 1382 822 ad
1404 777 1634 821 austrum
1656 807 1670 829 ,
1697 774 1749 819 et
1774 764 1840 817 ad
1862 763 2038 817 orien-

489 883 617 938 tem,
663 877 718 924 et
759 866 826 920 ad
875 862 1215 918 occidentem.
1270 859 1352 912 10.
1405 858 1468 910 Et
1523 854 1910 924 tnagniﬁcatum
1958 859 2041 904 est

496 974 660 1028 usque
682 957 745 1010 ad
775 955 1016 1008 virtutem
1061 950 1174 1003 cxli
1201 967 1212 1000 :
1237 956 1290 1002 et
1313 945 1503 1014 dejccit
1541 945 1590 996 in
1623 954 1813 996 terram
1839 939 1906 994 de
1933 940 2042 992 vir-

500 1059 610 1104 tute
652 1046 788 1109 caeli,
831 1053 883 1098 et
926 1043 991 1096 de
1039 1040 1225 1103 stellis,
1255 1047 1308 1091 et
1349 1033 1673 1089 conculcavit
1708 1046 1818 1086 eas.
1849 1030 1936 1082 11.
1977 1029 2044 1082 Et

495 1151 659 1207 usque
686 1135 752 1188 ad
779 1131 1062 1202 principem
1090 1126 1295 1181 virtutis
1328 1123 1710 1192 magniﬁcatum
1741 1125 1822 1172 est
1845 1118 1917 1188 (a)
1947 1133 1960 1168 :
1993 1124 2047 1168 et

497 1242 592 1296 per
616 1226 785 1294 ipsum
815 1219 1124 1274 sacriﬁcium
1170 1214 1429 1268 turbatum
1473 1219 1591 1263 est:
1630 1217 1683 1262 et
1724 1208 1915 1260 factum
1942 1212 2042 1267 est,

497 1291 550 1370 ct
579 1291 830 1383 prospere
866 1305 1116 1361 successit
1142 1305 1207 1358 ei.
1240 1301 1325 1354 12.
1355 1301 1418 1354 Et
1450 1296 1800 1351 sanctuarium
1834 1291 2044 1347 desola-

499 1404 636 1457 bitur
665 1419 678 1453 :
703 1410 754 1454 et
779 1399 957 1452 datum
996 1407 1076 1448 est
1117 1407 1272 1459 super
1314 1387 1621 1442 sacriﬁcium
1669 1391 1968 1453 peccatum,
1996 1387 2049 1432 et

502 1491 729 1562 projecta
776 1496 856 1542 est
895 1485 1033 1539 humi
1069 1482 1285 1551 jnstitia.
1318 1480 1381 1531 Et
1419 1476 1574 1538 fecit,
1615 1484 1668 1530 et
1713 1486 1962 1542 prospere
1999 1468 2048 1523 ei

501 1559 614 1635 fuit.
648 1579 733 1633 15.
759 1577 824 1629 Ει
848 1574 1017 1627 audivi
1043 1586 1200 1624 unutn
1230 1579 1464 1620 sanctum
1488 1567 1784 1634 loquentem
1810 1578 1823 1612 :
1848 1569 1899 1613 et
1919 1559 2050 1612 dixit

504 1682 636 1723 unus
679 1674 888 1719 sanctus
931 1659 1195 1713 Pliehnoni
1245 1655 1476 1723 loquenti
1531 1671 1543 1705 :
1593 1651 1876 1719 Usquequo
1920 1647 2050 1700 visio

502 1757 680 1820 stabit,
716 1763 769 1807 et
794 1749 1104 1805 sacriﬁcium
1146 1747 1395 1806 ablatum,
1437 1753 1489 1796 et
1535 1748 1804 1810 peceatum
1845 1735 2052 1790 desola—

505 1846 658 1898 tionis
686 1844 883 1903 datum,
931 1847 984 1893 et
1020 1846 1275 1900 sanctum,
1316 1843 1371 1887 et
1424 1833 1586 1886 virtus
1631 1825 2052 1883 conculcabitur?

505 1935 592 1988 14.
629 1933 691 1985 Ει
729 1931 863 1983 dixit
897 1929 943 1982 ei
976 1949 988 1982 :
1021 1926 1195 1993 Usque
1237 1925 1302 1976 ad
1346 1935 1615 1987 vesperam
1658 1927 1710 1971 et
1749 1931 1904 1969 mane
1941 1914 2055 1966 dies

508 2023 585 2075 his
627 2021 768 2074 mille
811 2033 870 2072 ac
917 2015 1170 2077 trecenti,
1213 2022 1266 2067 et
1308 2009 1641 2064 mundabitur
1683 2005 2052 2059 sanctuarium.

508 2111 593 2164 15.
623 2109 686 2162 Et
710 2108 898 2159 factum
930 2112 1010 2159 est
1034 2103 1155 2157 dum
1190 2101 1420 2154 viderem
1449 2112 1544 2166 ego
1571 2094 1747 2148 Daniel
1779 2092 2054 2155 visionem,

508 2209 560 2252 et
587 2210 879 2266 quaererem
921 2191 1333 2261 intelligentiam.
1368 2188 1434 2240 Et
1483 2201 1604 2240 ecce
1645 2184 1789 2237 stetit
1836 2183 1888 2235 in
1929 2196 2057 2234 con-

511 2294 691 2355 speetu
725 2299 862 2337 meo.
897 2283 961 2335 Et
996 2281 1126 2332 visio
1150 2278 1245 2331 viri
1277 2278 1412 2330 inter
1442 2274 1592 2328 Ubal.
1624 2272 1707 2326 16.
1739 2271 1805 2324 Et
1833 2269 2056 2334 vocavit,

511 2387 564 2431 et
588 2376 716 2428 dixit
745 2393 755 2426 :
785 2371 994 2427 Gabriel
1019 2412 1032 2434 ,
1065 2373 1143 2422 lac
1172 2369 1324 2421 istum
1354 2365 1643 2432 intelligere
1666 2363 1937 2414 visionem.
1969 2358 2055 2411 17.

513 2466 578 2519 Et
607 2465 762 2526 venit,
788 2471 840 2515 et
865 2461 1007 2515 stetit
1031 2460 1175 2526 juxta
1212 2457 1488 2509 stationem
1518 2467 1708 2506 meam.
1741 2450 1949 2503 Etcum
1976 2446 2064 2500 ille

515 2555 730 2615 veniret.
777 2551 990 2605 territus
1029 2561 1174 2610 sum,
1205 2554 1256 2599 et
1293 2543 1424 2597 cado
1463 2543 1514 2595 in
1558 2541 1740 2594 faciem
1781 2551 1972 2592 meam.
2002 2535 2064 2590 Et

515 2644 644 2696 dixit
683 2641 746 2694 ad
772 2656 856 2694 me
887 2656 901 2695 :
932 2638 1183 2705 Intelligo,
1217 2633 1291 2687 ﬁli
1320 2632 1579 2695 hominis;
1628 2630 1798 2683 adhuc
1828 2627 1970 2680 enim
2014 2627 2065 2678 in

516 2731 766 2799 temporis
809 2730 964 2781 linem
1006 2727 1156 2778 visio.
1201 2723 1286 2776 18.
1329 2722 1560 2788 Cumque
1609 2719 1908 2786 loqueretur
1957 2715 2068 2781 ipse

516 2835 739 2881 mecum,
769 2817 898 2871 cado
928 2818 976 2870 in
1009 2814 1191 2868 faciem
1233 2827 1399 2866 meam
1428 2824 1582 2877 super
1609 2816 1800 2861 terram
1832 2822 1843 2857 :
1875 2814 1926 2858 et
1952 2804 2070 2857 teti-

519 2911 594 2976 git
623 2922 725 2968 me,
754 2915 806 2958 et
830 2905 1008 2957 statuit
1034 2917 1118 2954 me
1139 2917 1295 2967 super
1323 2899 1481 2967 pedes
1506 2910 1671 2950 meos.
1699 2895 1780 2948 19.
1813 2894 1878 2946 Ει
1903 2893 2066 2945 dixit:

519 3000 656 3053 Ecce
695 3011 790 3064 ego
821 2993 991 3047 indico
1035 2991 1125 3044 tibi
1166 3006 1278 3058 quze
1316 2989 1484 3040 futura
1524 2996 1645 3038 sunt
1684 2986 1736 3037 in
1776 2983 2071 3036 novissimis

522 3090 614 3142 ira:
643 3105 655 3139 :
687 3085 857 3138 adhuc
883 3083 1019 3135 enim
1049 3081 1101 3134 in
1134 3078 1384 3146 temporis
1417 3076 1594 3128 ﬁnem.
1622 3073 1709 3126 20.
1742 3073 1890 3126 Aries
1917 3085 2070 3139 quem

525 3177 720 3243 vidisti,
747 3176 834 3243 qui
877 3173 1099 3226 habebat
1129 3183 1323 3223 cornua
1346 3209 1358 3230 ,
1391 3181 1479 3219 rex
1512 3165 1780 3217 Medorum
1811 3172 1888 3215 est
1919 3171 2076 3228 atque

527 3268 822 3321 Persarum.
850 3263 944 3315 2i.
977 3261 1040 3314 Et
1068 3261 1242 3312 hircus
1266 3270 1539 3324 caprarum
1560 3293 1574 3318 ,
1619 3269 1708 3306 rex
1751 3252 2071 3306 Grtecorum.

529 3355 592 3407 Et
618 3368 776 3408 cornu
812 3363 1075 3416 magnum,
1103 3347 1236 3413 quod
1274 3354 1385 3396 erat
1421 3345 1554 3394 inter
1592 3343 1770 3394 oculos
1799 3341 1934 3407 ejus,
1967 3339 2078 3405 ipse

534 3451 613 3496 est
638 3457 726 3494 rex
752 3441 966 3507 primus.
1007 3436 1093 3488 22.
1131 3435 1194 3486 Et
1215 3433 1348 3500 quod
1378 3433 1656 3484 contritum
1687 3439 1796 3491 cst,
1827 3439 1880 3482 et
1907 3442 2082 3481 surre-

533 3537 721 3582 xerunt
763 3535 984 3594 quatuor
1019 3537 1213 3576 cornua
1240 3520 1418 3572 subter
1457 3520 1653 3584 ipsum;
1685 3526 1906 3584 quatuor
1932 3527 2081 3582 reges

533 3625 849 3685 consurgent
876 3615 942 3666 de
967 3622 1121 3682 gente
1148 3612 1280 3678 ejus,
1305 3619 1356 3663 et
1384 3625 1486 3660 non
1511 3609 1560 3659 in
1593 3606 1893 3659 fortitudine
1921 3604 2079 3658 illius.

537 3708 626 3761 25.
659 3707 726 3759 Et
747 3707 795 3758 in
827 3703 1076 3757 extremis
1104 3699 1247 3768 regni
1274 3700 1534 3766 ipsorum,
1564 3695 1835 3763 completis
1858 3694 2084 3763 peccatis

534 3809 736 3856 eorum,
764 3799 1044 3857 consurget
1069 3803 1159 3840 rex
1199 3785 1472 3853 impudens
1499 3783 1650 3849 facie,
1691 3793 1744 3837 et
1790 3782 2085 3850 intelligens

538 3882 877 3949 problemata.
908 3877 998 3928 2t.
1033 3876 1094 3928 Et
1123 3874 1333 3926 robuSIa
1374 3872 1621 3924 fortitudo
1657 3872 1769 3938 ejus
1789 3910 1802 3934 ,
1827 3879 1880 3924 et
1906 3885 2008 3923 non
2032 3871 2086 3923 in

539 3971 732 4023 viribus
775 3967 925 4020 suis:
961 3972 1012 4016 et
1051 3961 1358 4015 mirabiliter
1401 3967 1694 4027 pervertet,
1734 3968 1787 4012 et
1833 3957 2006 4022 faciet,
2034 3965 2088 4010 et

538 4066 835 4125 corrumpet
861 4056 1040 4118 fortes,
1074 4061 1126 4106 ει
1147 4051 1389 4120 populum
1416 4057 1673 4102 sanctum.
1701 4047 1793 4100 25.
1825 4046 1891 4098 Et
1904 4046 2085 4115 jugum

541 4160 735 4204 catena:
756 4148 870 4213 ejus
889 4145 1158 4212 dirigetur.
1186 4141 1343 4194 Dolus
1370 4141 1419 4192 in
1447 4154 1601 4192 manu
1625 4138 1757 4206 ejus,
1782 4148 1834 4191 et
1857 4137 1906 4189 in
1928 4135 2090 4190 corde

541 4252 634 4291 suo
660 4233 1086 4303 magniﬁcabitur,
1111 4240 1164 4284 et
1188 4229 1308 4282 dolo
1329 4229 1564 4282 destruet
1587 4228 1798 4292 multos,
1823 4235 1876 4280 et
1895 4226 1945 4279 in
1973 4241 2091 4294 pcr-

542 4327 739 4382 ditione
769 4323 1051 4377 multorum
1073 4319 1249 4384 stabit,
1273 4329 1326 4372 et
1352 4319 1498 4386 quasi
1530 4331 1627 4370 ova
1649 4318 1700 4370 in
1732 4332 1888 4369 manu
1908 4326 2090 4370 conte-

518 4425 622 4473 ,ret
647 4429 755 4469 eos.
796 4414 883 4467 26.
917 4413 982 4464 Et
1007 4411 1138 4464 visio
1161 4407 1441 4476 vespertini
1480 4420 1542 4460 ac
1580 4405 1818 4458 matutini
1842 4405 2090 4472 temporis

544 4502 827 4571 supiadicti
875 4513 996 4552 vera
1038 4507 1140 4551 est.
1174 4495 1240 4549 Et
1283 4505 1335 4548 tu
1372 4495 1519 4562 signa
1558 4492 1811 4546 visionem
1836 4531 1852 4556 ,
1894 4493 2012 4559 quia
2038 4492 2089 4543 in

543 4595 654 4648 dies
685 4593 876 4645 multos
904 4589 1024 4644 erit.
1067 4607 1085 4639 ι
1117 4585 1180 4639 Et
1208 4586 1352 4648 dixit,
1377 4584 1561 4652 inquit,
1597 4581 1686 4635 Illi
1719 4583 1953 4635 visionem
1979 4596 2090 4632 ma-

541 4684 741 4749 nifesta,
791 4679 1008 4732 Gabriel.
1045 4677 1234 4744 Aspice
1271 4675 1415 4742 jussa
1460 4673 1762 4739 angelorum
1794 4680 1845 4723 et
1872 4669 2093 4722 archan-

542 4773 797 4842 gelornm.
824 4769 1058 4834 Majorne
1094 4775 1174 4818 est
1205 4774 1435 4831 potestas
1461 4763 1598 4814 alia?
1626 4761 1690 4812 Et
1720 4763 1868 4824 venit,
1899 4760 2089 4826 inquit,

542 4872 586 4916 et
617 4861 809 4913 territus
835 4872 962 4909 sum.
991 4853 1053 4905 Et
1079 4855 1204 4904 stetit
1219 4853 1370 4918 juxta
1398 4852 1653 4902 stationem
1681 4865 1862 4900 nteant.
1891 4847 1955 4900 Et
1983 4863 2094 4899 cum

542 4953 627 5005 ille
650 4949 850 5010 veniret,
898 4945 1090 4996 territus
1122 4957 1251 4994 sum.
1281 4939 1501 4992 Ubinam
1546 4939 1701 5005 igitur
1726 4947 1847 4992 sunt
1881 4937 1967 5004 qui
1997 4951 2094 4988 an-

545 5040 691 5108 gelos
727 5032 1013 5089 maledictis
1055 5027 1476 5097 prosequuntur?
1513 5026 1628 5078 Non
1673 5041 1700 5077 a
1729 5027 1902 5092 seipso
1940 5025 2094 5093 quid-

545 5140 700 5194 quam
745 5125 865 5176 fccit
905 5122 1058 5175 Deus.
1098 5117 1255 5172 Vides
1281 5125 1332 5169 et
1370 5117 1482 5168 illos
1530 5115 1580 5166 in
1626 5114 1839 5168 ordines
1881 5115 2092 5179 multos,

545 5214 740 5268 formas
762 5253 776 5276 ,
807 5223 870 5262 ac
906 5208 1285 5276 descriptiones
1327 5219 1444 5259 esse
1488 5203 1806 5272 dispositos?
1848 5203 1902 5255 ln
1929 5204 2095 5270 prima

613 5375 627 5402 ι
659 5368 851 5416 Veritas
881 5365 1112 5412 Hebraica
1147 5364 1391 5422 postulare
1423 5361 1618 5408 videtur
1653 5364 1707 5406 ut
1748 5359 1966 5422 legatur,
2003 5368 2094 5422 non

551 5434 854 5496 {or_le_,_pro,
868 5438 1017 5496 unum
1043 5417 1166 5496 forte
1180 5425 1206 5496 η(
1225 5423 1312 5496 Gr;
1337 5422 1608 5495 dvioyypov,
1634 5419 1833 5496 ἕωθεν,
1852 5417 2091 5496 immugit;

617 5443 698 5486 'te,
769 5443 846 5485 ro,
873 5443 1017 5475 unum
1043 5443 1166 5486 [orte
1194 5443 1306 5478 tur.
1337 5443 1608 5482 ανισχυρον,
1636 5443 1748 5478 μιυ,
1784 5443 1828 5464 ιν
1856 5443 2091 5476 ιυλυμυν).

617 5492 687 5551 (α)
709 5443 821 5551 tim
842 5489 1047 5551 (Grece.
1068 5485 1165 5551 rei
1178 5483 1264 5547 ἕως
1286 5482 1506 5551 ἀρκογτοε
1527 5476 2095 5551 τῆέ.δυνοὲμξξξέξῖξρύ39ηὶ

553 5535 931 5599 non'liaben‘tnr
965 5548 1012 5592 in
1037 5535 1045 5541 ’
1066 5539 1291 5590 Editione
1321 5535 1527 5599 'v'ulgata
1574 5535 2098 5599 Tbe9_dotl0ni5;_guaa

552 5595 769 5666 inridet
794 5622 853 5655 ex
879 5603 1205 5658 Theodoreto,
1228 5597 1381 5658 magis
1407 5595 1568 5647 a'utem
1600 5610 1659 5644 ex
1683 5595 1906 5651 Hebrum,
1929 5595 2099 5642 viden-

557 5678 635 5718 tur
668 5667 953 5729 adjicienda.

1230 396 1284 451 S.
1325 395 1597 450 JOANNIS
1633 389 2091 451 CIIRYSOSTOMI
2132 387 2440 442 ARCIIIEP.
2481 382 3001 440 CONSTANTINOP.

3591 388 3705 440 236

2140 498 2363 560 visione,
2406 496 2618 557 Accessi,
2663 494 2845 561 inquit,
2888 504 2932 544 et
2974 493 3272 562 interrogavi
3306 490 3464 558 (Dan.
3498 491 3551 543 7.
3589 491 3699 555 16).

2144 586 2237 638 llic
2264 600 2365 637 non
2402 585 2547 637 item.
2579 582 2647 634 Et
2673 583 2839 634 audivi
2865 598 3016 633 unum
3041 591 3265 634 sanctum
3301 579 3600 647 loquentem.
3635 576 3702 629 Et

2142 674 2272 726 alius
2295 671 2633 739 interrogavit
2665 687 2677 722 :
2708 685 2800 723 seu
2832 670 3102 737 ignorans,
3130 676 3190 722 ut
3231 668 3411 721 Daniel
3451 667 3703 720 disceret.

2146 760 2210 812 Et
2236 760 2505 827 respondit,
2550 760 2732 826 inquit.
2771 757 2835 808 Et
2860 759 2911 809 in
2941 758 3216 810 novissimis
3254 756 3411 824 regni.
3444 753 3708 820 completis

2145 851 2355 917 peccatis
2375 865 2564 910 eorum,
2594 858 2859 916 consurget
2895 863 2984 899 rex
3012 847 3272 915 impudens
3293 846 3440 915 facie.
3473 844 3609 898 Vide
3647 852 3709 896 ut

2146 938 2342 991 Judaeis
2369 937 2644 1001 ostendat,
2689 937 2829 1004 ipsos
2856 951 2975 989 esse
3012 943 3253 988 auctores
3299 934 3521 988 istarum
3561 933 3706 987 calao

2147 1027 2406 1078 mitatum.
2435 1023 2556 1078 ltleo
2580 1034 2757 1076 autem
2788 1038 2890 1076 non
2931 1023 3172 1090 patefecit
3197 1035 3470 1076 sermones
3490 1061 3508 1087 ,
3536 1037 3606 1076 ne
3634 1021 3707 1073 illi

2147 1115 2214 1168 de
2243 1115 2494 1168 industria
2526 1116 2575 1166 in
2611 1115 2804 1167 malitia
2833 1128 2924 1166 sua
2963 1128 3024 1166 ac
3055 1113 3255 1182 ignavia
3291 1121 3594 1181 perstarent
3623 1129 3637 1166 :
3664 1111 3709 1166 si

2149 1207 2309 1267 enim,
2336 1220 2455 1258 cum
2485 1205 2608 1258 nihil
2635 1204 2822 1257 horum
2850 1205 3043 1257 dictum
3073 1205 3246 1268 fuerit,
3279 1215 3451 1257 tamen
3480 1203 3554 1255 illi
3583 1217 3710 1270 pcr-

2150 1302 2454 1347 manscrunt
2479 1311 2489 1344 :
2511 1293 2674 1345 multo
2699 1294 2860 1362 magis
2884 1294 2926 1346 si
2955 1308 3014 1346 ea
3032 1292 3357 1346 manifestata
3382 1292 3632 1353 fuissent;
3657 1297 3714 1342 et

2152 1392 2206 1434 ut
2233 1383 2492 1450 intelligas
2531 1382 2782 1450 Spiritum
2827 1382 3016 1450 ubique
3060 1382 3162 1434 vim
3202 1381 3419 1446 habere,
3449 1391 3503 1433 et
3550 1381 3712 1432 Deum

2151 1473 2325 1524 omnia
2353 1471 2660 1539 praevidere,
2705 1481 2758 1525 et
2797 1485 2914 1524 cum
2954 1472 3112 1523 sciret
3138 1469 3348 1524 Judaaos
3375 1480 3713 1541 peccaturos.

2155 1570 2326 1614 tamen
2376 1576 2469 1615 eos
2511 1562 2560 1614 in
2604 1563 2820 1631 patriam
2868 1562 3153 1617 reduxisse.
3206 1562 3270 1616 Et
3309 1561 3449 1626 vide,
3503 1561 3624 1629 quia
3671 1560 3718 1614 si

2156 1652 2374 1705 dixisset
2399 1666 2564 1706 annos
2583 1692 2597 1715 ,
2630 1652 2892 1706 modicum
2926 1661 3128 1721 tempus
3157 1654 3321 1705 visum
3352 1652 3530 1705 fuisset
3554 1693 3567 1712 ,
3597 1651 3720 1704 ideo

2156 1744 2206 1796 in
2241 1741 2441 1796 dierum
2469 1757 2741 1794 numerum
2784 1743 3017 1808 resolvit,
3050 1752 3106 1796 ut
3128 1743 3454 1796 multitudine
3495 1752 3718 1806 terreat,

2158 1849 2262 1886 non
2293 1834 2404 1886 dies
2429 1842 2646 1892 tantum.
2677 1833 2766 1886 sed
2791 1843 2841 1886 et
2863 1843 3042 1887 noctes
3070 1834 3412 1887 numerando.
3441 1835 3506 1887 Et
3530 1835 3721 1887 immo-

2160 1931 2306 1973 ratur
2337 1922 2543 1987 tragica:
2572 1920 2891 1982 calamitati,
2920 1936 3035 1988 qua:
3067 1936 3160 1988 per
3185 1922 3502 1976 Antiochum
3545 1923 3719 1974 conti-

2159 2011 2265 2077 git;
2311 2019 2370 2062 ut
2413 2009 2494 2062 vel
2534 2010 2609 2062 sic
2648 2017 2901 2062 terrorem
2947 2010 3180 2063 incutiat.
3214 2010 3279 2063 Ut
3315 2028 3412 2064 non
3459 2014 3511 2063 in
3537 2012 3722 2063 viribus

2161 2099 2281 2150 suis.
2313 2096 2364 2150 ld
2394 2105 2493 2160 est,
2523 2107 2726 2165 poterat
2762 2098 2898 2152 Deus
2921 2098 3063 2151 illum
3103 2098 3391 2166 reprimere
3421 2117 3434 2150 :
3463 2099 3555 2153 sed
3599 2115 3722 2167 per-

2163 2187 2303 2238 misit
2334 2185 2401 2238 ob
2429 2197 2640 2253 peccata
2661 2226 2675 2249 ,
2705 2195 2757 2239 ct
2784 2201 2885 2238 non
2926 2201 3105 2240 eorum
3132 2189 3218 2255 qui
3259 2188 3570 2254 simpliciter
3598 2203 3722 2254 pec-

2163 2287 2390 2339 cassent,
2425 2276 2516 2328 sed
2555 2287 2827 2344 postquam
2869 2278 3128 2345 completa
3150 2287 3270 2330 sunt
3297 2288 3530 2344 peccata.
3562 2278 3724 2347 Igitur

2165 2366 2476 2418 delictorum
2515 2366 2686 2433 aliqua
2717 2380 2958 2418 mensura
3005 2367 3123 2420 est?
3163 2366 3402 2418 Nondum
3439 2368 3604 2431 enim,
3648 2368 3728 2418 in-

2166 2454 2294 2522 quitI
2327 2455 2570 2522 completa
2599 2463 2736 2505 erant
2775 2463 2975 2521 peccata
3015 2455 3416 2507 Antorrltazorum
3456 2454 3607 2524 (Gen.
3639 2455 3724 2509 15.

2170 2547 2277 2613 16).
2307 2546 2371 2598 Ει
2400 2545 2632 2609 adverte,
2665 2543 2893 2596 nondum
2937 2545 3110 2612 itaque
3143 2545 3470 2606 incendium,
3495 2545 3587 2598 sed
3619 2559 3727 2598 ca:-

2169 2636 2310 2689 dium
2335 2635 2648 2688 occisiones.
2671 2633 2797 2686 Nam
2821 2649 2938 2688 cum
2967 2633 3174 2701 quidam
3205 2634 3360 2686 futuri
3383 2644 3560 2686 essent
3583 2634 3725 2694 boni,

2171 2735 2224 2779 et
2251 2726 2482 2792 patrihus
2531 2724 2952 2791 prteslantiores,
2984 2723 3234 2790 supplicia
3280 2735 3487 2790 quoque
3527 2724 3730 2774 minora

2174 2814 2338 2867 fuere.
2382 2814 2504 2867 llmc
2541 2822 2713 2864 autem
2752 2811 3028 2874 dicuntur,
3070 2826 3134 2864 ne
3172 2811 3422 2874 victoriis,
3458 2826 3591 2878 quas
3635 2811 3734 2863 Sub

2174 2903 2492 2954 Zorobabele
2533 2900 2844 2967 reportaturi
2898 2908 3064 2961 erant,
3118 2899 3263 2962 elati,
3304 2913 3493 2966 segnes
3523 2899 3728 2951 ﬁerent.

2179 2992 2239 3042 Et
2268 2990 2384 3042 vide
2433 3000 2488 3041 ut
2525 2987 2795 3054 splendida
2842 2987 3080 3055 qua-dam
3128 3002 3230 3038 non
3278 2995 3435 3052 ponat
3463 2985 3578 3047 hic,
3614 2993 3734 3051 post

2179 3081 2262 3131 illa
2285 3094 2401 3146 qua:
2428 3077 2490 3130 ad
2520 3077 2835 3129 Antiochum
2864 3076 3144 3142 pertinent,
3174 3074 3264 3128 sed
3291 3075 3560 3128 dumtaxat
3593 3073 3737 3126 solu-

2181 3169 2371 3221 tionem
2423 3183 2450 3217 a
2509 3165 2931 3228 calamitatibus,
2976 3175 3029 3219 et
3082 3176 3284 3233 tempus
3322 3165 3458 3232 quod
3511 3165 3738 3218 obtinuit

2180 3257 2332 3308 dicat.
2379 3255 2511 3322 Quid
2557 3255 2746 3323 igitur?
2790 3255 3012 3320 lmjusne
3059 3254 3309 3321 temporis
3349 3269 3450 3306 non
3495 3255 3739 3322 prmdixit

2181 3346 2565 3410 captivitatem?
2592 3345 2728 3398 Sane
2751 3344 3008 3412 prmdixit,
3035 3343 3126 3397 scd
3151 3345 3295 3399 valde
3320 3345 3563 3398 obscure.
3596 3344 3741 3398 Ideo-

2181 3451 2280 3501 que
2307 3434 2543 3486 Christus
2583 3435 2654 3485 ait
2694 3451 2705 3484 :
2744 3434 2867 3486 Cum
2893 3435 3111 3484 videritis
3150 3435 3564 3485 abominationem
3591 3435 3739 3486 deso-

2185 3522 2402 3583 lationis,
2441 3521 2525 3586 qui
2563 3521 2679 3588 legit
2721 3520 2962 3586 intelligat
2991 3519 3195 3589 (Matth.
3231 3521 3317 3571 24.
3353 3519 3464 3587 15).
3494 3520 3738 3580 Venicnt,

2186 3611 2381 3678 inquit,
2414 3611 2560 3678 quasi
2607 3610 2718 3677 ipse
2761 3624 2862 3662 non
2906 3610 3216 3663 vaticinatus
3263 3609 3466 3662 fuisset.
3512 3610 3574 3661 Et
3605 3625 3739 3661 non-

2189 3702 2312 3754 nulli
2341 3700 2551 3769 quidem
2577 3699 2792 3762 dicunt,
2821 3699 3008 3752 merito
3035 3700 3131 3751 ista
3156 3713 3258 3750 non
3289 3713 3406 3751 esse
3439 3697 3690 3765 przcdicta
3727 3713 3740 3748 :

2188 3790 2432 3858 quoniam
2474 3791 2586 3842 haec
2623 3787 2895 3856 captivitas
2939 3795 3141 3853 tempus
3179 3801 3238 3839 ac
3265 3786 3418 3838 ﬁnem
3461 3796 3745 3853 acceptura

2191 3895 2292 3932 non
2334 3886 2466 3932 erat.
2501 3876 2639 3929 Dabo
2665 3877 2795 3929 enim
2816 3916 2830 3940 ,
2863 3875 3062 3942 inquit,
3095 3885 3138 3927 et
3169 3875 3416 3942 improbos
3449 3890 3540 3940 pro
3573 3874 3744 3942 δέραια

2190 3979 2302 4021 tura
2327 3970 2452 4036 ejus,
2479 3975 2522 4019 et
2548 3967 2720 4018 divites
2739 3981 2830 4032 pro
2853 3975 3007 4017 morte
3029 3966 3155 4031 eius.
3179 3964 3240 4016 Et
3265 3975 3316 4016 tu
3342 3971 3485 4034 signa
3509 3965 3748 4016 visionem

2193 4060 2319 4110 hanc
2340 4098 2354 4120 ,
2394 4057 2510 4123 quia
2552 4055 2602 4107 in
2644 4055 2748 4107 dies
2777 4054 2955 4106 multos
2983 4055 3072 4107 erit
3101 4052 3254 4122 (Isai.
3284 4055 3368 4108 55.
3401 4053 3476 4121 9).
3506 4052 3618 4106 Hoc
3642 4063 3749 4116 εει,

2189 4145 2420 4206 Custodi.
2456 4157 2727 4204 conserva,
2759 4158 2824 4195 ne
2846 4141 3188 4195 diuturnitate
3220 4141 3470 4209 temporis
3503 4155 3748 4192 corrum-

2195 4245 2364 4304 patur.
2393 4234 2522 4287 Vide
2549 4233 2710 4286 Deum
2739 4231 2930 4298 ubique
2962 4230 3063 4282 illis
3093 4243 3325 4296 parcere.
3353 4226 3750 4280 Descenderunt

2195 4328 2244 4379 in
2275 4325 2576 4393 lEgyptum,
2607 4321 2828 4389 improbi
2856 4326 3163 4381 evaserunt;
3195 4332 3296 4369 non
3325 4315 3614 4380 abscessit,
3645 4315 3750 4369 du-

2193 4414 2268 4466 xit
2293 4427 2384 4466 eos
2419 4413 2468 4463 in
2514 4411 2801 4464 desertum.
2836 4408 3243 4460 Permanserunt
3283 4406 3333 4457 in
3373 4405 3608 4468 malitia;
3645 4421 3750 4458 non

2195 4502 2414 4562 abstitit.
2449 4498 2732 4551 introduxit
2767 4511 2859 4550 eos
2892 4498 2940 4548 in
2974 4505 3164 4548 terram
3199 4494 3580 4561 promissionis.
3609 4493 3751 4548 Rur-

2196 4605 2284 4644 sos
2309 4591 2423 4642 illos
2448 4587 2648 4640 reduxit
2683 4586 2779 4639 sub
2819 4585 3110 4648 Antiocho;
3143 4584 3313 4638 adhuc
3348 4583 3504 4638 iidem
3537 4599 3752 4638 manse-

2197 4688 2334 4732 runt.
2372 4677 2632 4744 Tempore
2670 4675 2861 4728 Christi
2910 4673 3079 4727 adhuc
3129 4672 3284 4728 iidem
3317 4681 3410 4726 :et
3462 4686 3632 4742 neque
3677 4674 3755 4727 sic

2198 4768 2470 4833 abscessit,
2502 4766 2593 4819 sed
2623 4779 2832 4833 semper
2860 4779 3040 4818 eorum
3079 4778 3256 4818 curam
3285 4765 3438 4832 gerit.
3472 4763 3538 4816 Et
3563 4779 3754 4832 quem-

2199 4859 2477 4911 admodum
2513 4856 2785 4919 naturalia,
2813 4869 3032 4923 quazque
3077 4869 3106 4908 a
3147 4863 3328 4905 natura
3361 4853 3510 4906 nobis
3551 4853 3752 4919 insunt,

2201 4965 2479 5018 numquam
2525 4947 2910 5008 abscesserint,
2959 4943 3207 5012 quidquid
3253 4944 3502 4996 eveniat:
3534 4942 3605 4995 ita
3659 4957 3756 4996 nec

2203 5040 2370 5101 Deus;
2401 5038 2503 5089 imo
2547 5034 2660 5086 ﬁeri
2701 5031 2910 5099 quidem
2941 5039 3114 5097 potest
3157 5039 3213 5082 ut
3257 5030 3340 5083 illa
3382 5030 3626 5083 deﬁciant
3660 5048 3672 5081 :
3707 5042 3758 5083 at

2202 5127 2291 5178 Dei
2322 5122 2696 5192 providentiam
2728 5133 2788 5172 ac
2817 5131 2993 5171 curam
3024 5117 3274 5171 recedere
3296 5119 3621 5186 impossibile
3649 5129 3752 5171 est.

2208 5214 2340 5266 Nam
2366 5214 2427 5278 si,
2457 5211 2640 5277 inquit,
2671 5218 2716 5260 et
2740 5207 2893 5260 oblita
2921 5209 3069 5276 fuerit
3110 5209 3287 5261 mulier
3320 5209 3538 5261 misereri
3562 5208 3756 5274 fetuum

2203 5305 2326 5355 uteri
2352 5303 2448 5362 sui,
2470 5300 2556 5352 sed
2581 5315 2666 5367 ego
2696 5314 2794 5350 non
2824 5296 3082 5348 obliviscar
3105 5299 3178 5348 tui
3205 5297 3353 5366 (lsai.
3381 5295 3466 5350 49.
3504 5297 3610 5364 15).
3642 5296 3754 5348 Sic-

2206 5403 2260 5446 ut
2287 5394 2424 5445 enim
2457 5398 2620 5442 mater
2658 5402 2759 5439 non
2812 5387 3026 5454 respicit
3053 5385 3118 5439 ad
3167 5386 3448 5439 liberorum
3480 5385 3753 5448 virtutem,

2204 5481 2294 5536 sed
2323 5490 2518 5532 natura:
2549 5477 2713 5542 legem
2741 5474 2923 5542 implet
2952 5493 2963 5526 :
2999 5477 3089 5538 ita,
3118 5483 3172 5528 et
3196 5474 3358 5526 multo
3385 5474 3568 5541 magis,
3612 5471 3755 5525 Deus

2205 5586 2410 5637 semper
2459 5583 2634 5621 curam
2665 5567 2815 5632 gerit,
2850 5581 2947 5620 nec
2993 5581 3237 5634 umquam
3280 5566 3514 5628 destitit;
3544 5579 3755 5632 semper

2207 5659 2442 5713 cannlcm
2475 5669 2773 5708 mensuram
2805 5655 3035 5708 exhibet.
3068 5654 3154 5706 27.
3184 5655 3245 5706 Et
3273 5670 3360 5722 ego
3386 5652 3570 5706 Daniel
3604 5653 3754 5706 decu-
