4016 6468
256 417 373 473 235

254 517 532 588 οὐρανοῦ.
563 516 666 571 Kal
696 515 762 567 ἐκ
789 514 894 568 τοῦ
922 513 1055 578 ἐνὸς
1080 511 1273 565 αὐτῶν
1302 507 1517 576 ἐξῆλθε
1539 507 1711 588 κέρας
1737 507 1804 560 ἓν

259 587 532 668 ἰσχυρὸν,
555 597 651 650 καὶ
678 595 1042 662 έμεγαλύνθη
1078 590 1374 658 περισσῶς
1407 590 1552 656 πρὸς
1580 587 1685 640 τὸν
1709 588 1808 639 νό-

258 699 385 743 τον,
420 680 518 732 καὶ
561 677 705 744 πρὸς
742 674 1060 740 ἀνατολὴν,
1090 673 1186 725 καὶ
1220 669 1369 743 [Ξιὸ]
1399 671 1544 737 πρὸς
1570 669 1684 733 τὴν
1712 668 1812 721 δύ-

254 777 364 812 σιν
377 773 427 811 ι.
459 759 563 811 Kal
591 757 958 824 έμεγαλύνθη
987 754 1093 819 ἕως
1118 752 1225 818 τῆς
1253 750 1553 818 δυνάμεως
1583 749 1688 801 τοῦ
1713 750 1812 802 οὐ·

251 839 474 906 ρανοῦ’
502 837 599 890 καί
619 838 837 890 ἔπεσεν
853 835 948 887 ἐπὶ
974 833 1085 899 τὴν
1111 831 1224 900 γῆν
1243 832 1360 885 ἀπὸ
1386 830 1493 898 τῆς
1513 829 1811 897 δυνάμεως

260 922 367 974 τοῦ
385 919 661 986 οὐρανοῦ,
694 918 789 971 καὶ
819 918 932 970 ἀπὸ
962 916 1077 968 τῶν
1111 914 1394 981 ἀστέρων,
1418 915 1511 967 καί
1548 911 1810 966 συνεπά-

261 1018 451 1067 τησεν
483 1001 720 1065 αὐτούς.
751 997 859 1050 Kal
903 997 1009 1061 ἕως
1038 996 1324 1063 ἄρχοντος
1363 995 1472 1060 τῆς
1513 991 1812 1060 δυνάμεως

262 1082 557 1148 ήδρύνθη·
613 1079 708 1131 καὶ
760 1077 832 1130 δι’
856 1077 1038 1130 αὑτὸν
1094 1077 1273 1131 θυσία
1323 1074 1613 1142 ἐταράχθη
1642 1111 1656 1132 .
1711 1073 1808 1125 καὶ

259 1163 544 1230 ἐγενήθη,
591 1162 687 1214 καί
744 1157 1120 1225 κατευωδώθη
1166 1155 1343 1220 αὐτῷ.
1384 1158 1489 1209 Kal
1534 1155 1598 1208 τὸ
1646 1155 1814 1221 ἅγιον

261 1241 728 1308 ἐρημωθήσεται·
777 1239 875 1292 καὶ
915 1238 1088 1304 ἐδόθη
1117 1238 1216 1291 ἐπὶ
1241 1238 1354 1304 τὴν
1391 1237 1607 1292 θυσίαν
1637 1237 1816 1303 ἁμαρ-

261 1325 380 1386 τία,
400 1323 494 1374 καὶ
519 1323 722 1390 ἐρρίφη
747 1320 925 1388 χαμαί
949 1320 986 1387 ἠ
1011 1319 1381 1384 δικαιοσύνη.
1413 1319 1521 1372 Kal
1543 1319 1810 1384 ἐποίησε,

261 1403 365 1454 καὶ
393 1402 677 1467 εὐωδώθη.
701 1401 808 1455 Καὶ
838 1400 1072 1467 ἤκουσα
1098 1400 1233 1464 ἐνὸς
1264 1400 1431 1466 ἁγίου
1459 1398 1810 1461 λαλοῦντος,

262 1488 363 1534 καὶ
392 1483 558 1536 εἶπεν
586 1477 674 1546 εἷς
702 1483 865 1552 ἅγιος
903 1480 983 1545 τῷ
1024 1483 1355 1549 ερελμουνὶι³
1388 1482 1466 1546 τῷ
1495 1482 1778 1534 λαλοῦντι
1797 1497 1809 1509 ·

262 1561 421 1624 Ἕως
434 1559 839 1630 πότεήὸρασις
877 1562 1185 1630 στήσεται,
1229 1563 1323 1616 καὶ
1353 1563 1389 1629 ή
1420 1565 1599 1618 θυσία
1643 1564 1680 1629 η
1714 1563 1813 1629 ἁρ-

262 1642 453 1705 θεῖσα,
485 1643 580 1695 καί
607 1643 645 1709 ἠ
678 1643 925 1710 ἁμαρτία
961 1643 1067 1708 τῆς
1095 1643 1436 1713 ἐρημώσεως
1477 1647 1514 1710 ἡ
1553 1644 1808 1707 δοθεῖσα,

263 1722 366 1774 καὶ
415 1723 481 1774 τὸ
527 1721 710 1789 ἅγιον,
746 1724 842 1775 καὶ
880 1723 918 1789 ἡ
960 1724 1207 1791 δύναμις
1252 1725 1811 1792 συμπατηθήσεται;

268 1803 379 1856 Kal
426 1799 589 1857 εἶπεν
609 1799 959 1868 αὑτῷοἝως
990 1806 1244 1872 ἑσπέρας
1292 1804 1390 1857 καὶ
1428 1806 1574 1872 πρωῒ
1609 1805 1812 1873 ἡμέραι

263 1885 552 1953 δισχίλιαι
579 1884 675 1937 καὶ
701 1889 1045 1951 τριακόσιαι,
1086 1887 1180 1939 καὶ
1219 1887 1709 1953 καθαρισθήσεται
1746 1889 1808 1940 τὸ

261 1968 453 2034 ἅγιον.
481 1967 590 2019 Kal
629 1967 860 2034 ἐγένετο
899 1969 967 2020 έν
994 1969 1074 2033 τῷ
1101 1969 1244 2022 ἰδεῖν
1277 1985 1372 2038 με,
1415 1969 1526 2037 ἐγὼ
1570 1969 1807 2036 Δανιὴλ,

264 2048 379 2114 τὴν
406 2048 634 2115 ὅρασιν,
666 2047 846 2114 ζητῶν
889 2050 962 2109 (ί.
995 2051 1086 2102 καὶ
1117 2051 1359 2120 ἐζήτουν)
1406 2053 1674 2104 σύνεσιν.
1703 2052 1810 2105 Kal

264 2129 397 2182 ἰδοὺ
424 2130 570 2194 ἔστη
599 2129 850 2182 ἐνώπιόν
869 2147 1005 2199 μου.
1027 2131 1136 2184 Kal
1155 2131 1360 2198 ὅρασις
1383 2130 1442 2191 (ί,
1469 2149 1586 2200 μου,
1610 2131 1684 2193 ὡς
1704 2133 1807 2200 ὄρ.)

257 2209 480 2274 ἀνδρὸς
503 2211 618 2262 ἀνὰ
651 2209 842 2278 μέσον
876 2211 980 2263 τοῦ
1014 2212 1228 2265 Οὺόάλ.
1269 2212 1373 2266 Kal
1398 2212 1670 2276 ἐκάλεσε,
1713 2215 1810 2267 καὶ

260 2287 464 2341 εἶπεν·
498 2290 779 2355 Γαϐριὴλ,
809 2291 1128 2344 συνέτισον
1169 2291 1396 2344 ἐκεῖνον
1431 2292 1542 2357 τὴν
1584 2293 1811 2358 ὅρασιν.

263 2370 376 2423 Kal
402 2366 564 2438 ἦλθε,
597 2369 694 2422 καὶ
716 2369 860 2437 ἔστη
896 2371 1148 2438 ἐχόμενα
1173 2373 1277 2424 τόν
1313 2372 1386 2442 (ί.
1423 2373 1671 2440 ἐχόμενος
1694 2375 1812 2442 τῆς)

260 2449 529 2514 στάσεώς
560 2467 696 2518 μου.
727 2453 834 2504 Kal
879 2453 948 2505 ἐν
983 2454 1061 2518 τῷ
1098 2454 1294 2507 ἐλθεῖν
1333 2455 1536 2518 αὐτόν,
1569 2456 1814 2523 ἐθαμϐή-

261 2539 395 2597 θην,
436 2533 532 2584 καὶ
580 2534 769 2584 πίπτω
825 2534 919 2586 ἐπὶ
972 2537 1292 2601 πρόσωπόν
1335 2553 1471 2602 μου.
1523 2539 1629 2590 Kal
1685 2535 1813 2589 εἷπε

263 2614 411 2677 πρός
432 2627 536 2678 με·
581 2616 784 2680 Σύνες,
820 2613 912 2667 υίὲ
943 2615 1252 2682 ἀνθρώπου
1276 2633 1289 2647 ·
1324 2616 1412 2669 ἔτι
1440 2617 1546 2684 γὰρ
1576 2620 1661 2682 εις
1693 2635 1814 2670 και-

257 2694 374 2760 ροῦ
408 2696 588 2760 πέρας
613 2696 649 2760 h
671 2694 897 2760 ὅρασις.
919 2695 1026 2749 Kal
1055 2698 1125 2749 έν
1155 2697 1232 2760 τῷ
1259 2697 1468 2750 λαλεῖν
1492 2698 1675 2751 αὑτὸν
1688 2702 1811 2766 μετ’

262 2774 431 2839 ἐμοῦ,
461 2774 651 2826 πίπτω
680 2775 776 2827 ἐπὶ
802 2778 1123 2842 πρόσωπόν
1145 2793 1262 2844 μου
1282 2777 1379 2828 ἐπὶ
1404 2778 1514 2844 τὴν
1547 2777 1661 2846 γῆν
1679 2795 1692 2809 ·
1716 2780 1814 2832 καὶ

265 2857 305 2921 ἥ
318 2858 466 2922 gmw
491 2873 627 2922 μου,
667 2856 762 2910 καὶ
786 2857 1009 2924 έστησέ
1037 2874 1113 2925 με
1146 2858 1242 2910 ἐπὶ
1281 2857 1420 2922 τοὺς
1461 2859 1647 2923 πόδας
1678 2877 1809 2924 μου.

263 2937 374 2991 Kal
405 2932 569 2989 εἶπεν
591 2954 604 2969 ’
630 2936 779 2992 Ἰδοὺ
802 2937 914 3004 ἐγὼ
931 2937 1179 3007 γνωρίζω
1211 2952 1308 2990 σοι
1340 2939 1410 2991 τὰ
1441 2939 1696 3006 ἐσόμενα
1721 2941 1813 2992 ἐπ’

261 3016 521 3080 ἐσχάτων
558 3016 666 3082 τῆς
688 3017 864 3085 ὀργῆς
886 3034 900 3049 ·
930 3018 1018 3071 ἔτι
1045 3018 1152 3087 γὰρ
1180 3022 1266 3083 είς
1296 3020 1502 3086 καιροῦ
1532 3020 1733 3086 πέρας.
1751 3021 1814 3073 '0

265 3099 430 3163 κριὸς
454 3098 525 3150 δν
547 3095 720 3161 εἶδες,
755 3102 787 3150 ό
811 3100 965 3164 έχων
995 3101 1064 3152 τὰ
1098 3100 1331 3166 κέρατα,
1363 3101 1655 3164 βασιλεὺς
1691 3101 1813 3166 Μή-

265 3180 388 3230 δων
421 3178 518 3229 καὶ
550 3177 808 3243 Περσῶν.
840 3179 944 3230 Kal
976 3183 1009 3232 ό
1035 3179 1244 3247 τράγος
1274 3179 1390 3232 τῶν
1411 3179 1612 3248 αἰγῶν,
1637 3180 1813 3243 ,ϐασι-

263 3260 415 3324 λεὺς
453 3259 774 3324 Ἑλλήνων.
800 3259 904 3311 Kal
938 3261 1002 3312 τὸ
1035 3260 1211 3325 κέρας
1245 3260 1311 3312 τό
1335 3260 1505 3328 μέγα,
1545 3261 1576 3312 ὃ
1602 3257 1677 3329 ἦν
1700 3262 1814 3314 ἀνὰ

260 3341 456 3410 μέσον
489 3338 606 3392 τῶν
643 3339 958 3408 ὀφθαλμῶν
992 3340 1196 3402 αὐτοῦ,
1235 3341 1412 3405 αὑτός
1443 3341 1608 3392 ἐστιν
1638 3344 1670 3394 ό
1699 3341 1812 3402 ,βα-

266 3421 477 3485 σιλεὺς
509 3421 539 3473 ὁ
574 3420 815 3486 πρῶτος.
845 3420 953 3473 Kal
981 3421 1068 3473 ὅτι
1094 3423 1428 3488 συνετρίϐη,
1467 3421 1563 3473 καὶ
1593 3421 1811 3488 ἀνέστη

267 3503 537 3568 τέσσαρα
591 3503 800 3568 κέρατα
836 3503 1211 3555 ὑποκάτωθεν
1259 3501 1440 3554 αὑτοῦ
1464 3537 1480 3565 ,
1527 3501 1813 3568 τέσσαρες

261 3582 541 3646 βασιλεῖς
583 3582 1023 3646 ἀναστήσονται
1069 3582 1184 3635 ἀπὸ
1217 3582 1321 3634 τοῦ
1353 3583 1563 3646 ἔθνους
1607 3585 1808 3648 αὑτοῦ,

267 3664 364 3715 καί
393 3667 500 3716 οὐκ
527 3665 594 3715 ἐν
622 3663 696 3729 τῇ
723 3666 890 3730 ίσχύτ
908 3665 1109 3716 αὑτοῦ.
1149 3665 1256 3716 Kal
1287 3665 1376 3715 ἐπ’
1398 3663 1666 3731 ἐσχάτων
1706 3664 1812 3731 τῆς

261 3745 581 3809 ,βασιλείας
630 3745 844 3807 αὐτῶν,
887 3745 1310 3811 πληρουμένων
1352 3743 1470 3795 τῶν
1523 3745 1814 3811 ἁμαρτιῶν

267 3824 482 3888 αὐτῶν,
509 3825 904 3888 ἀναστήσεται
921 3825 1216 3889 βασιλεὺς
1236 3823 1482 3889 ἀναιδὴς
1501 3823 1810 3890 προσώπῳ,

269 3906 366 3956 καὶ
413 3904 636 3957 συνιὼν
666 3905 1062 3971 προϐλήματα.
1109 3905 1219 3957 Kal
1263 3906 1510 3971 κραταιὰ
1555 3907 1593 3972 h
1639 3907 1814 3971 ίσχὺς

267 3984 474 4047 αὑτοῦ,
503 3985 596 4036 καὶ
629 3988 738 4038 οὐκ
769 3987 836 4038 ὲν
863 3985 935 4051 τῇ
966 3987 1135 4052 ἰσχύϊ
1152 3987 1360 4039 αὑτοῦ·
1385 3988 1479 4038 καί
1509 3989 1814 4054 θαυμαστὰ

269 4068 582 4134 διαφθερεῖ,
615 4069 710 4120 καὶ
753 4067 1004 4132 ποιήσει,
1039 4069 1134 4120 καὶ
1181 4068 1474 4134 διαφθερεῖ
1509 4069 1808 4133 ίσχυροὺς,

271 4149 370 4200 καί
400 4147 550 4200 λαὸν
589 4149 773 4215 ἅγιον.
805 4148 912 4200 Kal
953 4151 985 4200 ό
1029 4146 1200 4215 ζυγὸς
1243 4148 1346 4200 τοῦ
1386 4148 1589 4200 κλοιοῦ
1630 4149 1812 4201 αὐτοῦ

272 4229 630 4282 κατευθυνεί
663 4231 844 4293 Δόλος
870 4231 937 4281 ἐν
966 4229 1038 4295 τῇ
1060 4229 1205 4296 χειρὶ
1235 4229 1435 4291 αὑτοῦ,
1467 4230 1560 4282 καὶ
1585 4229 1653 4282 ὲν
1678 4247 1814 4297 καρ-

272 4312 373 4374 δία
415 4311 597 4363 αὐτοῦ
639 4312 1164 4376 μεγαλυνθήσεται,
1202 4310 1295 4361 καὶ
1341 4309 1497 4373 δόλῳ
1527 4309 1816 4376 διαφθερεῖ

273 4390 559 4452 πολλοὺς,
583 4391 676 4442 καὶ
710 4391 804 4441 ἐπὶ
831 4390 1089 4454 ἀπωλείᾳ
1117 4389 1354 4442 πολλῶν
1383 4389 1684 4454 στήσεται,
1719 4392 1814 4444 καὶ

271 4470 353 4532 ὠς
380 4469 462 4520 an
499 4469 566 4519 ἐν
607 4469 753 4537 χειρὶ
779 4470 1090 4534 συντρίψει
1117 4469 1353 4532 αὐτούς.
1385 4468 1492 4520 Kal
1535 4470 1572 4534 η
1612 4470 1816 4535 ὅρασις

275 4549 383 4614 τῆς
413 4549 686 4616 ἑσπέρας,
718 4551 812 4602 καὶ
844 4549 950 4616 τῆς
977 4551 1190 4615 πρωτας
1212 4547 1316 4614 τῆς
1335 4551 1638 4614 ρηθείσης,
1666 4551 1813 4614 άλη-

273 4628 385 4694 θής
415 4629 600 4681 ἐστιν.
633 4629 736 4682 Kal
769 4630 848 4683 σὺ
877 4631 1197 4697 σφράγισαι
1230 4629 1342 4694 τὴν
1366 4629 1590 4694 ὅρασιν,
1619 4628 1706 4680 ὅτι
1731 4631 1815 4692 είς

272 4709 495 4776 ἡμέρας
532 4711 762 4775 πολλὰς
809 4712 993 4763 ἕσται.
1031 4712 1137 4762 Kal
1170 4706 1314 4773 εἷπε,
1347 4708 1815 4777 φησὶ,1’νώρισον

275 4789 479 4850 ἐκείνῳ
510 4789 620 4853 τὴν
646 4789 871 4855 ὅρασιν,
905 4791 1328 4858 Γαϐριὴλ.”ορα
1358 4789 1698 4856 ἐπιτάγματα
1721 4789 1815 4854 ἀγ-

277 4869 448 4934 γέλων
479 4869 570 4919 καὶ
598 4869 962 4936 ἁρχαγγέλων.
989 4871 1198 4933 Μείζων
1225 4872 1350 4929 ῐσως
1374 4870 1596 4936 δύναμις
1623 4870 1812 4938 ἐτέρας

277 4948 386 5002 Kal
423 4944 584 5013 ἦλθε,
624 4950 773 5017 φησὶ,
808 4951 905 5001 καὶ
948 4951 1297 5018 ἐθαμϐήθην.
1347 4952 1452 5003 Kal
1501 4952 1644 5014 ἔστη
1687 4951 1817 5016 ἑχό-

272 5045 425 5096 μενα
465 5029 571 5094 τῆς
603 5029 868 5093 στάσεώς
891 5049 1028 5097 μου.
1057 5033 1162 5084 Kal
1196 5033 1264 5083 ἐν
1293 5031 1368 5094 τῷ
1394 5030 1588 5082 ἐλθεῖν
1616 5031 1814 5092 αὑτὸν,

275 5108 630 5176 ἐλαμϐήθην.
662 5109 764 5162 Τοῦ
790 5110 847 5177 (ί.
877 5112 997 5178 ποῦ)
1020 5114 1195 5164 τοίνυν
1224 5114 1270 5164 ol
1299 5112 1421 5172 τοὺς
1442 5111 1702 5176 ἀγγέλους
1727 5129 1819 5163 κα-

337 5317 366 5345 ι
391 5314 519 5374 Har,
538 5315 617 5362 καὶ
641 5313 752 5374 πρὸς
787 5314 869 5368 τὴν
891 5312 1035 5369 δύσιν,
1072 5325 1165 5358 non
1190 5310 1335 5374 hab9_.t_
1376 5307 1822 5374 B._Chryspsl9mus

277 5372 486 5421 Homilia
505 5367 595 5431 iam
620 5367 776 5420 cum.
792 5367 854 5420 At
872 5367 1142 5430 paulo’post
1160 5384 1263 5416 cum
1283 5369 1589 5416 Theodorelo
1611 5367 1819 5422 legilxal

277 5435 339 5478 δι’
363 5432 499 5492 αῦτὸν
517 5433 650 5478 θυσία
673 5431 896 5492 ἐταράχθη
910 5431 1268 5492 παραπτώματι.

343 5492 368 5529 b
393 5489 524 5536 Idem
549 5502 682 5536 error
703 5485 948 5536 in'nbhlris
969 5485 1125 5542 éodd.,
1147 5485 1208 5533 'ac
1244 5489 1387 5534 etiam
1412 5488 1460 5532 in
1497 5485 1817 5531 Theodoreto.

277 5549 550 5607 Sc-ripseral
572 5551 698 5594 enim
721 5547 994 5596 Theodotio
1013 5546 1227 5607 φελμωκί.
1251 5542 1639 5593 AuctorConsm.
1667 5549 1817 5602 aposl.

282 5561 550 5655 ηνηςειεηι
572 5561 698 5594 enim
721 5561 850 5596 ‘l‘neu

282 5607 367 5654 Ιώ.
423 5643 436 5659 .
458 5621 503 5656 c.
525 5607 601 5658 56.
621 5607 850 5669 (pzllmvti.

1632 382 1695 437 IN
1731 382 2089 439 DANIELEM.

3357 407 3467 460 236

1917 497 2029 560 κῶς
2077 498 2353 565 λέγοντες;
2401 500 2512 552 Οὐκ
2556 499 2646 566 ἀφ’
2681 498 2869 552 ἐαυτοῦ
2917 517 2966 550 τι
3013 499 3279 568 ἐποίησεν.
3299 499 3454 567 Ὁρᾷς

1913 579 2005 632 καὶ
2037 581 2230 644 αὐτοὺς
2255 584 2332 644 είς
2361 582 2538 645 τάξεις
2574 582 2770 642 πολλὰς
2797 583 2889 634 καὶ
2911 580 3258 642 διατυπώσεις
3297 597 3446 631 τετα-

1913 662 2170 731 γμένους;
2215 664 2301 715 Ἐν
2361 667 2426 732 τῇ
2485 663 2692 733 πρώτῃ,
2732 661 3105 730 Προσῆλθεε,
3163 660 3314 729 φησὶ,
3357 662 3454 712 καὶ

1912 741 2188 810 ἠρώτησα
2217 741 2383 814 [2M].
2403 743 2658 796 Ἐνταῦθα
2689 744 2887 795 οὐκέτι.
2918 745 3022 796 Kal
3055 741 3288 808 ἥκουσα
3319 742 3453 806 ἑνός

1913 825 2083 891 ἁγίου
2153 825 2500 889 λαλοῦντος.
2577 824 2684 876 Kal
2735 823 2914 892 ἐτερος
2969 824 3243 892 ἠρώτησεν
3271 862 3286 887 ,
3337 824 3451 892 ἦτοι

1914 905 2144 972 ἀγνοῶν,
2195 907 2278 957 ἵνα
2324 902 2474 968 οὗτος
2529 905 2690 976 μάθῃ.
2718 904 2826 958 Kal
2881 905 3252 972 ἁπεκρίνατο,
3299 904 3449 971 φησι.

1915 986 2025 1039 Kal
2069 988 2159 1039 ἐπ’
2193 986 2461 1055 ἐσχάτων
2508 986 2617 1053 τῆς
2655 987 2987 1050 βασιλείας,
3034 984 3453 1053 πληρουμένων

1913 1068 2031 1122 τῶν
2079 1069 2369 1136 ἁμαρτιῶν
2414 1067 2644 1129 αὐτῶν,
2696 1065 3093 1129 ἀναστήσεται
3158 1067 3453 1131 ,βασιλεὺς

1915 1149 2164 1215 ἀναιδὴς
2207 1149 2660 1218 προσώπῳ.Ὅρα
2693 1149 2807 1209 πῶς
2836 1149 3096 1200 δείκνυσιν
3145 1148 3339 1211 αὐτοῖς,
3370 1149 3451 1200 ὅτι

1915 1229 2066 1282 αὐτοὶ⁵
2112 1231 2287 1283 αἴτιοι.
2319 1233 2418 1283 Διά
2449 1230 2602 1281 τοῦτο
2634 1231 2693 1280 οὺ
2741 1231 2958 1297 φανεροῖ
2981 1229 3104 1289 τοὺς
3131 1227 3333 1293 λόγους,
3366 1229 3451 1280 ἵνα

1918 1311 1993 1380 μὴ
2017 1311 2493 1380 ἐθελοκακήσαντες
2517 1311 2772 1379 μένωσινο
2796 1311 2842 1360 εί
2864 1308 2988 1377 γὰρ,
3016 1308 3234 1377 μηδενὸς
3251 1309 3451 1361 τούτων

1917 1392 2234 1462 εἰρημένων,
2279 1392 2483 1460 ἔμενον,
2530 1391 2704 1459 πολλῷ
2745 1391 2957 1460 μᾶλλον,
3003 1391 3406 1460 φανερωθέντων
3433 1406 3447 1421 ⁸

1915 1475 2006 1526 καὶ
2037 1474 2122 1527 ἵνα
2157 1473 2328 1543 μάθῃς
2354 1474 2434 1525 ὅτι
2467 1473 2732 1542 πανταχοῦ
2763 1473 2822 1523 τὸ
2868 1471 3084 1541 Πνεῦμα
3129 1473 3277 1541 ἰσχὺν
3320 1473 3448 1542 ἔχει,

1915 1558 2007 1608 καὶ
2028 1557 2106 1608 ὅτι
2135 1557 2306 1608 πάντα
2325 1555 2563 1624 πρόοιδεν
2589 1557 2617 1606 ὁ
2641 1554 2788 1617 Θεὸς,
2818 1555 2909 1606 καὶ
2927 1555 3004 1606 ὅτι
3026 1554 3174 1617 είδὼς
3206 1557 3450 1624 ἁμαρτή-

1918 1652 2104 1698 σοντας
2148 1637 2403 1704 ἀνήγαγε.
2428 1637 2536 1688 Kal
2584 1636 2702 1705 ὅρα,
2746 1635 2929 1702 ἐπειδὴ
2976 1631 3122 1686 εἶπεν
3158 1637 3449 1699 ἐνιαυτοὺς,

1914 1719 2088 1787 ὀλίγος
2112 1719 2298 1788 χρόνος
2321 1718 2585 1784 ἐφαίνετο,
2615 1717 2692 1777 είς
2716 1716 2932 1784 ἡμερῶν
2965 1716 3176 1767 ἀναλύει
3203 1716 3447 1785 ἀριθμὸν,

1916 1801 2001 1853 ἵνα
2031 1799 2106 1869 τῷ
2132 1799 2319 1868 πλήθει
2351 1799 2578 1869 φοϐήσῃ,
2605 1799 2698 1867 οὐχ
2724 1799 2953 1868 ἡμέρας,
2984 1798 3115 1850 ἀλλά
3139 1800 3229 1849 καὶ
3256 1799 3451 1861 νύκτας

1917 1880 2179 1950 ἀριθμῶν.
2209 1880 2316 1933 Kal
2348 1879 2662 1951 ἐνδιατρίϐει
2684 1883 2749 1949 τῇ
2774 1879 3043 1949 τραγῳδίᾳ
3071 1883 3131 1947 τῇ
3163 1879 3298 1932 κατά
3333 1881 3450 1932 Ἀν-

1914 1963 2106 2032 τίοχον,
2139 1962 2224 2013 ἵνα
2252 1961 2352 2014 κᾶν
2377 1962 2514 2014 οῦιω
2545 1961 2772 2032 φοϐήσῃ.
2817 1963 2926 2014 Kal
2955 1963 3062 2014 οὐκ
3093 1962 3160 2013 ἐν
3185 1960 3256 2028 τῇ
3288 1963 3454 2029 ίσχύτ

1916 2045 2117 2099 αὑτοῦ.
2158 2044 2458 2108 Τουτέστιν,
2498 2045 2575 2096 ὅτι
2612 2043 2834 2112 ἠδύνατο
2873 2044 2900 2094 ό
2943 2043 3071 2106 Θεὸς
3097 2043 3330 2096 κωλῦσαι
3360 2047 3453 2096 αὐ·-

1915 2127 2024 2190 τὸν,
2061 2125 2173 2178 ἀλλ’
2197 2125 2457 2195 ἐπέτρεψε
2480 2125 2566 2177 διὰ
2601 2125 2697 2186 τὰς
2722 2125 3007 2194 ἁμαρτίας,
3037 2126 3129 2178 καὶ
3154 2125 3248 2194 οὐχ
3272 2126 3449 2187 ἁπλῶς

1915 2207 2280 2277 ἁμαρτόντων,
2315 2208 2423 2260 ἀλλ’
2456 2206 2614 2276 ἡνίκα
2660 2202 3211 2276 ἐπληρώθησαν.*Λρα
3260 2207 3450 2276 μέτρον

1913 2291 1966 2344 τί
2015 2294 2188 2355 ἐστιν;
2242 2291 2412 2343 Οὔπω
2457 2289 2563 2357 γὰρ
2607 2288 2682 2341 ἂν
2716 2288 3152 2354 ὲπεπλήρωντο,
3199 2290 3350 2357 φησὶ,
3391 2291 3452 2342 al

1915 2372 2185 2439 ἁμαρτίαι
2228 2371 2344 2424 τῶν
2387 2370 2746 2437 Ἀμορραίων.
2788 2371 2893 2422 Kal
2931 2371 3048 2438 δρα,
3076 2370 3225 2421 οὔπω
3270 2370 3450 2422 λοιπὸν

1915 2453 2252 2521 ἐμπρησμὸς,
2299 2450 2432 2502 ἀλλά
2476 2450 2692 2516 σφαγῶν
2729 2449 3047 2518 ἀναιρέσεις.
3083 2451 3294 2518 Ἐπειδὴ
3344 2453 3450 2520 γὰρ

1915 2533 2132 2601 ἔμελλόν
2179 2549 2320 2594 τινες
2368 2528 2502 2583 εἶναι
2526 2533 2575 2581 οἱ
2606 2530 2776 2592 καλοὶ,
2815 2531 2908 2582 xal
2938 2533 3315 2599 προϊστάμενοι
3343 2531 3449 2583 τῶν

1915 2614 2183 2682 πατέρων,
2209 2614 2300 2666 καὶ
2326 2612 2392 2664 τὰ
2416 2613 2511 2681 τῆς
2531 2612 2789 2681 τιμωρίας
2817 2611 3017 2664 ἐλάττω
3037 2612 3244 2678 γέγονε.
3270 2612 3450 2664 Ταῦτα

1912 2694 1967 2747 δὲ
1998 2694 2232 2761 λέγεται,
2260 2695 2345 2746 ἵνα
2387 2693 2460 2762 μὴ
2508 2696 2624 2754 ταῖς
2667 2694 2838 2753 νίκαις
2876 2695 2990 2754 ταῖς
3018 2693 3108 2743 ἐπὶ
3141 2692 3450 2760 Ζορωόάόελ

1913 2775 2252 2845 ἐπαρθέντες.
2283 2775 2505 2845 ρᾴθυμοι
2526 2774 2790 2840 γίνωνται.
2816 2774 2922 2825 Kal
2941 2774 3039 2842 ὅρα
3062 2773 3173 2834 πῶς
3193 2773 3252 2824 οὺ
3274 2772 3450 2842 τίθησι

1913 2855 2138 2926 λαμπρά
2165 2873 2280 2908 τινα
2311 2855 2536 2910 ἐνταῦθα
2572 2856 2703 2923 μετά
2735 2855 2799 2907 τὰ
2828 2854 2966 2906 κατὰ
3005 2856 3286 2923 Ἀντίοχον,
3317 2855 3449 2907 ἀλλά

1915 2939 2072 3007 μόνον
2111 2937 2260 2990 λύσιν
2291 2937 2397 2990 τῶν
2441 2937 2621 2990 δεινῶν
2669 2937 2832 3003 λέγει,
2869 2937 2958 2988 καὶ
2988 2936 3076 2987 τὸν
3117 2938 3450 3004 κατασχόντα

1914 3021 2119 3090 καιρόν.
2146 3021 2208 3072 Τί
2233 3017 2353 3083 οὖν;
2379 3019 2573 3088 ταύτην
2602 3020 2664 3070 οὐ
2688 3022 2907 3086 προεῖπε
2934 3019 3027 3087 τὴν
3049 3019 3448 3087 αἰχμαλωσίαν;

1913 3103 2037 3165 Ναὶ,
2067 3103 2264 3171 σφόδρα
2286 3101 2712 3170 αἰνιγματωδῶς⁹
2741 3101 2818 3152 διὸ
2844 3101 2932 3151 καὶ
2963 3103 2989 3153 ό
3021 3101 3246 3170 Χριστὸς
3267 3097 3413 3153 εἶπεν
3433 3119 3448 3134 ο

1915 3183 2097 3234 Ὅταν
2141 3183 2300 3247 ῑδητε
2355 3182 2419 3233 τό
2470 3182 2779 3249 βδέλυγμα
2831 3181 2938 3246 τῆς
2996 3182 3364 3249 ἐρημώσεως,
3419 3187 3450 3236 ό

1914 3261 2331 3329 ἀναγινώσκων
2377 3263 2597 3314 νοείτω.
2635 3261 2982 3325 Ἐλεύσονται,
3035 3263 3184 3330 φησι,
3237 3264 3330 3330 οὐχ
3376 3264 3452 3325 ὡς

1915 3343 2280 3412 προειπόντος.
2331 3343 2436 3394 Καί
2479 3359 2620 3404 τινες
2673 3343 2769 3409 μὲν
2817 3341 3078 3408 λέγουσιν,
3111 3345 3190 3395 ὃτι
3234 3345 3452 3405 εἰκότως

1912 3424 2082 3476 ταῦτα
2111 3424 2170 3474 οὐ
2210 3423 2514 3492 προερρήθη
2535 3439 2550 3454 ο
2598 3423 2656 3473 οὐ
2689 3424 2794 3490 γὰρ
2825 3419 2934 3490 εἶχε
2970 3425 3154 3491 χρόνον
3183 3427 3214 3492 ὴ
3249 3427 3449 3493 αἰχμα-

1914 3503 2082 3557 λωσία
2109 3504 2243 3572 αὕτη
2273 3504 2470 3555 λαϐεῖν.
2497 3503 2668 3554 Δώσω
2700 3504 2826 3572 γὰρ,
2855 3505 3002 3572 φησὶ,
3036 3505 3132 3555 καὶ
3171 3505 3309 3568 τοὺς
3349 3520 3452 3557 πο-

1915 3588 2130 3655 νηροὺς
2159 3587 2287 3640 ἀντὶ
2323 3587 2429 3651 τῆς
2473 3585 2661 3652 ταφῆς
2702 3585 2901 3646 αὑτοῦ,
2951 3585 3046 3637 καὶ
3090 3585 3226 3650 τοὺς
3268 3589 3452 3639 πλου-

1916 3670 2089 3733 σίους
2116 3668 2245 3721 ἀντὶ
2278 3667 2380 3719 τοῦ
2401 3665 2652 3719 θανάτου
2678 3664 2876 3718 αὐτοῦ.
2901 3665 3006 3718 Kal
3033 3665 3111 3717 σὺ
3132 3665 3453 3732 σφράγισαι

1917 3748 2029 3813 τὴν
2056 3748 2265 3815 ὅρασιν
2292 3748 2528 3812 ταύτην,
2553 3747 2638 3798 ὅτι
2659 3749 2745 3810 είς
2768 3746 2987 3813 ἡμέρας
3011 3747 3239 3812 πολλὰς
3264 3748 3451 3801 ἐσται.

1917 3830 2187 3888 Τουτέστι,
2235 3826 2480 3892 φύλαξον,
2522 3827 2861 3894 διατήρησον,
2893 3827 2976 3878 ἵνα
3021 3827 3094 3895 μὴ
3142 3827 3216 3895 τῷ
3262 3829 3453 3898 μακρῷ

1917 3909 2088 3978 χρόνῳ
2116 3907 2546 3976 διαφθαρῇ.”ορα
2581 3908 2845 3976 πανταχοῦ
2878 3909 2967 3960 τὸν
2987 3909 3116 3960 Θεὸν
3149 3910 3453 3977 φειδόμενον

1917 3989 2111 4042 αὐτῶν.
2140 3990 2414 4057 Κατῆλθον
2446 3991 2522 4050 είς
2547 3988 2831 4055 Αἴγυπτον,
2863 3990 3100 4055 ἐγένοντο
3123 3991 3306 4057 φαῦλοι
3323 4007 3335 4021 ⁸
3357 3993 3455 4044 οὐκ

1918 4073 2142 4139 ἀπέστη,
2165 4071 2366 4139 ἢγαγεν
2389 4072 2464 4132 εἰς
2483 4070 2577 4139 τὴν
2604 4070 2820 4139 ἔρημον.
2839 4072 3149 4138 Ἐπέμειναν
3168 4075 3230 4139 τῇ
3258 4073 3422 4141 κακίᾳ
3437 4089 3450 4102 ο

1921 4153 2016 4204 οὐκ
2040 4151 2266 4219 ἀπέστη,
2299 4152 2581 4218 εισήγαγεν
2609 4151 2798 4212 αὐτοὺς
2822 4153 2899 4212 είς
2922 4154 3017 4219 τὴν
3043 4152 3142 4219 γῆν
3167 4154 3262 4221 τῆς
3287 4154 3454 4218 ἐπαγ-

1922 4233 2120 4299 γελίας.
2140 4232 2399 4298 Ἀνήγαγε
2431 4230 2585 4282 πάλιν
2615 4231 2806 4292 αὐτοὺς
2835 4231 2925 4281 ἐπὶ
2969 4233 3230 4300 Ἀντιόχου
3252 4249 3264 4262 ο
3295 4234 3453 4285 πάλιν

1921 4317 1968 4365 οί
1995 4313 2144 4364 αὐτοὶ
2168 4312 2372 4379 ἔμενον.
2391 4312 2510 4361 Ἐπὶ
2533 4310 2623 4361 τοῦ
2645 4312 2871 4380 Χριστοῦ
2897 4311 3052 4362 πάλιν
3076 4314 3124 4361 οἱ
3159 4313 3304 4362 αὐτοί
3325 4329 3337 4341 -
3361 4312 3454 4363 καὶ

1921 4394 2037 4444 οὑδέ
2081 4392 2248 4452 οὕτως
2284 4391 2510 4458 ἀπέστη,
2545 4390 2656 4442 ἀλλ’
2687 4392 2771 4440 ἀεὶ
2816 4391 3044 4458 κήδεται.
3078 4393 3180 4442 Kal
3211 4393 3456 4460 καθάπερ

1922 4475 1988 4526 τά
2028 4472 2224 4540 φυσικά
2270 4473 2366 4522 οὐκ
2417 4471 2480 4522 ἂν
2524 4471 2804 4535 ἀποσταίη,
2833 4469 2898 4519 τὰ
2939 4470 3145 4536 φύσεως
3193 4472 3458 4539 προσόντα

1921 4552 2069 4618 ἡμῖν,
2097 4549 2229 4614 ὅπερ
2254 4546 2318 4599 ἂν
2347 4546 2590 4612 γένηται·
2635 4543 2802 4605 οὕτως
2828 4545 2944 4596 οὐδὲ
2981 4546 3107 4606 Θεός
3126 4562 3137 4573 ·
3173 4549 3366 4614 μᾶλλον
3398 4548 3454 4599 δέ

1921 4629 2097 4679 ἐκεῖνα
2133 4626 2348 4678 δυνατὸν
2397 4625 2710 4692 ἀποστῆναι,
2742 4626 2897 4676 αὑτὸν
2941 4627 2994 4677 δέ
3042 4628 3281 4695 οὐδαμῶς
3323 4646 3453 4697 προ-

1923 4707 2157 4768 νοοῦντα,
2207 4708 2296 4757 καὶ
2335 4706 2639 4773 κηδόμενον.
2685 4709 2750 4758 El
2800 4707 2905 4774 γὰρ
2959 4711 3053 4760 καὶ
3104 4710 3454 4772 ἐπιλάθοιτο,

1924 4787 2071 4858 φησὶ,
2120 4788 2269 4854 γυνὴ
2314 4787 2416 4838 τοῦ
2446 4786 2688 4851 ἐλεῆσαι
2726 4787 2798 4838 τὰ
2837 4788 3047 4854 ἔκγονα
3090 4789 3193 4852 τῆς
3232 4792 3456 4853 κοιλίας

1922 4869 2123 4933 αὐτῆς,
2139 4869 2270 4921 ἀλλ’
2292 4867 2403 4934 ἐγὼ
2423 4869 2530 4919 οὐκ
2553 4868 2903 4932 ἐπιλήσομαί
2922 4883 3053 4919 σου.
3079 4869 3332 4938 Καθάπερ
3352 4871 3455 4938 γὰρ

1923 4952 2102 5018 ἐκείνη
2145 4951 2202 5001 οὐ
2259 4950 2390 5016 πρὸς
2436 4948 2530 5016 τὴν
2576 4949 2768 5015 ἀρετὴν
2796 4949 2894 5016 δρᾷ
2935 4948 3040 4998 τῶν
3074 4951 3295 5010 παίδων,
3325 4951 3457 5002 ἀλλὰ

1925 5033 2133 5097 φύσεως
2163 5031 2320 5098 νόμον
2346 5030 2560 5097 πληροῖ·
2583 5028 2739 5088 οὕτω,
2762 5030 2850 5079 καὶ
2875 5027 3018 5097 [245]
3044 5031 3215 5098 πολλῷ
3244 5032 3455 5099 μᾶλλον,

1925 5115 1950 5164 ό
1981 5113 2107 5171 Θεὸς
2139 5112 2222 5162 ἀεὶ
2252 5110 2486 5177 κήδεται,
2514 5108 2760 5159 οὐδέποτε
2791 5109 3093 5174 ἀφίσταται,
3124 5112 3207 5161 ἀεὶ
3237 5113 3294 5162 τὸ
3331 5114 3459 5164 αὐτὸ

1929 5195 2116 5262 μέτρον
2159 5191 2527 5242 ἐπιδείκνυται.
2563 5187 2670 5240 Kal
2716 5187 2826 5254 ἐγὼ
2871 5191 3088 5254 Δανιὴλ
3120 5192 3455 5259 ἐκοιμήθην,

1927 5277 2021 5329 καὶ
2079 5275 2482 5342 ἐμαλακίσθην
2535 5271 2790 5339 ημέριιςο
2849 5274 2946 5324 καὶ
3011 5275 3299 5338 ἀνέστην,
3363 5277 3456 5327 καὶ

1989 5480 2281 5546 c‘lfibgqliqs
2303 5478 2571 5546 sgripserifp
2591 5479 2877 5546 προσῆλθονζ
2900 5485 2950 5546 u_t
2969 5491 3128 5546 supra,
3172 5477 3356 5546 Dan.'_7,
3383 5475 3454 5545 lt}.

1925 5540 2003 5607 S_ic
2024 5539 2106 5643 In}.
2133 5540 2190 5583 20
2221 5538 2280 5586 de
2306 5537 2494 5588 Civilate
2516 5537 2617 5597 Dei,
2633 5537 2740 5598 τερ.
2771 5539 2844 5595 25,
2867 5537 3084 5595 habetur,
3119 5537 3346 5585 accessit:
3388 5539 3458 5582 νὶ-

1927 5608 2047 5646 twsc
2089 5610 2242 5644 ursam.
