  <div class='ocr_page' id='page_1' title='image "/cluster/home/n/w/nwhite01/storage/ocr_20150623/56/ien.35556001660836/243.png"; bbox 0 0 3990 6460; ppageno 0'>
   <div class='ocr_carea' id='block_1_1' title="bbox 503 395 613 450">
    <p class='ocr_par' dir='ltr' id='par_1_1' title="bbox 503 395 613 450">
     <span class='ocr_line' id='line_1_1' title="bbox 503 395 613 450; baseline 0 0"><span class='ocrx_word' id='word_1_1' title='bbox 503 395 613 450; x_wconf 88' lang='grc'><em>237</em></span> 
     </span>
    </p>
   </div>
   <div class='ocr_carea' id='block_1_2' title="bbox 499 489 2042 569">
    <p class='ocr_par' dir='ltr' id='par_1_2' title="bbox 499 489 2042 569">
     <span class='ocr_line' id='line_1_2' title="bbox 499 489 2042 569; baseline -0.012 -11"><span class='ocrx_word' id='word_1_2' title='bbox 499 505 737 559; x_wconf 72' lang='grc' dir='ltr'><em>ἐποίουν</em></span> <span class='ocrx_word' id='word_1_3' title='bbox 755 501 824 554; x_wconf 80' lang='grc' dir='ltr'><em>τὰ</em></span> <span class='ocrx_word' id='word_1_4' title='bbox 840 500 978 569; x_wconf 73' lang='grc' dir='ltr'><em>ἔργα</em></span> <span class='ocrx_word' id='word_1_5' title='bbox 993 499 1403 563; x_wconf 77' lang='grc' dir='ltr'><em>τοῦβασιλέως</em></span> <span class='ocrx_word' id='word_1_6' title='bbox 1422 513 1435 526; x_wconf 85' lang='lat'>&#39;</span> <span class='ocrx_word' id='word_1_7' title='bbox 1465 499 1559 550; x_wconf 73' lang='grc' dir='ltr'><em>καί</em></span> <span class='ocrx_word' id='word_1_8' title='bbox 1589 491 1908 561; x_wconf 80' lang='grc' dir='ltr'><em>ἐθαύμαζον</em></span> <span class='ocrx_word' id='word_1_9' title='bbox 1933 489 2042 554; x_wconf 83' lang='grc' dir='ltr'><em>τὴν</em></span> 
     </span>
    </p>
   </div>
   <div class='ocr_carea' id='block_1_3' title="bbox 501 578 2039 663">
    <p class='ocr_par' dir='ltr' id='par_1_3' title="bbox 501 578 2039 663">
     <span class='ocr_line' id='line_1_3' title="bbox 501 578 2039 663; baseline -0.012 -15"><span class='ocrx_word' id='word_1_10' title='bbox 501 597 738 663; x_wconf 83' lang='grc' dir='ltr'><em>ὅρασιν·</em></span> <span class='ocrx_word' id='word_1_11' title='bbox 781 592 878 644; x_wconf 78' lang='grc' dir='ltr'><em>καὶ</em></span> <span class='ocrx_word' id='word_1_12' title='bbox 916 593 1022 642; x_wconf 83' lang='grc' dir='ltr'><em>οὐκ</em></span> <span class='ocrx_word' id='word_1_13' title='bbox 1046 586 1123 657; x_wconf 85' lang='grc' dir='ltr'><em>ἦν</em></span> <span class='ocrx_word' id='word_1_14' title='bbox 1149 592 1180 641; x_wconf 84' lang='grc' dir='ltr'><em>ό</em></span> <span class='ocrx_word' id='word_1_15' title='bbox 1208 587 1448 640; x_wconf 86' lang='grc' dir='ltr'><em>συνιών.</em></span> <span class='ocrx_word' id='word_1_16' title='bbox 1487 587 1651 637; x_wconf 81' lang='grc' dir='ltr'><em>Πόθεν</em></span> <span class='ocrx_word' id='word_1_17' title='bbox 1676 578 2039 650; x_wconf 71' lang='grc' dir='ltr'><em>ἐμαλακίσθη,</em></span> 
     </span>
    </p>
   </div>
   <div class='ocr_carea' id='block_1_4' title="bbox 515 667 2043 751">
    <p class='ocr_par' dir='ltr' id='par_1_4' title="bbox 515 667 2043 751">
     <span class='ocr_line' id='line_1_4' title="bbox 515 667 2043 751; baseline -0.014 -15"><span class='ocrx_word' id='word_1_18' title='bbox 515 684 650 737; x_wconf 74' lang='grc' dir='ltr'><em>Ὑπὸ</em></span> <span class='ocrx_word' id='word_1_19' title='bbox 681 684 774 751; x_wconf 84' lang='grc' dir='ltr'><em>τῆς</em></span> <span class='ocrx_word' id='word_1_20' title='bbox 809 680 1038 746; x_wconf 76' lang='grc' dir='ltr'><em>ἀθυμίας</em></span> <span class='ocrx_word' id='word_1_21' title='bbox 1064 677 1193 738; x_wconf 82' lang='grc' dir='ltr'><em>ίσως</em></span> <span class='ocrx_word' id='word_1_22' title='bbox 1222 677 1327 728; x_wconf 88' lang='grc' dir='ltr'><em>τῶν</em></span> <span class='ocrx_word' id='word_1_23' title='bbox 1357 675 1620 742; x_wconf 89' lang='grc' dir='ltr'><em>ἐσομένων</em></span> <span class='ocrx_word' id='word_1_24' title='bbox 1665 669 1866 732; x_wconf 85' lang='grc' dir='ltr'><em>δεινῶν,</em></span> <span class='ocrx_word' id='word_1_25' title='bbox 1900 667 2043 730; x_wconf 89' lang='grc' dir='ltr'><em>λογι-</em></span> 
     </span>
    </p>
   </div>
   <div class='ocr_carea' id='block_1_5' title="bbox 509 755 2045 841">
    <p class='ocr_par' dir='ltr' id='par_1_5' title="bbox 509 755 2045 841">
     <span class='ocr_line' id='line_1_5' title="bbox 509 755 2045 841; baseline -0.015 -14"><span class='ocrx_word' id='word_1_26' title='bbox 509 776 735 841; x_wconf 85' lang='grc' dir='ltr'><em>σάμενος</em></span> <span class='ocrx_word' id='word_1_27' title='bbox 778 771 910 839; x_wconf 78' lang='grc' dir='ltr'><em>πρὸς</em></span> <span class='ocrx_word' id='word_1_28' title='bbox 942 767 1149 830; x_wconf 79' lang='grc' dir='ltr'><em>ἑαυτὸν,</em></span> <span class='ocrx_word' id='word_1_29' title='bbox 1182 767 1260 818; x_wconf 85' lang='grc' dir='ltr'><em>ὅτι</em></span> <span class='ocrx_word' id='word_1_30' title='bbox 1288 766 1492 816; x_wconf 80' lang='grc' dir='ltr'>οὐδέπω</span> <span class='ocrx_word' id='word_1_31' title='bbox 1518 763 1584 814; x_wconf 70' lang='grc' dir='ltr'><em>τὰ</em></span> <span class='ocrx_word' id='word_1_32' title='bbox 1617 761 1855 828; x_wconf 87' lang='grc' dir='ltr'><em>παρόντα</em></span> <span class='ocrx_word' id='word_1_33' title='bbox 1898 755 2045 815; x_wconf 87' lang='grc' dir='ltr'><em>τέλος</em></span> 
     </span>
    </p>
   </div>
   <div class='ocr_carea' id='block_1_6' title="bbox 508 842 2048 932">
    <p class='ocr_par' dir='ltr' id='par_1_6' title="bbox 508 842 2048 932">
     <span class='ocr_line' id='line_1_6' title="bbox 508 842 2048 932; baseline -0.016 -17"><span class='ocrx_word' id='word_1_34' title='bbox 508 864 636 932; x_wconf 74' lang='grc' dir='ltr'><em>ἔχει.</em></span> <span class='ocrx_word' id='word_1_35' title='bbox 673 861 779 913; x_wconf 78' lang='grc' dir='ltr'><em>Καὶ</em></span> <span class='ocrx_word' id='word_1_36' title='bbox 803 859 1052 916; x_wconf 87' lang='grc' dir='ltr'><em>τοσαῦτα,</em></span> <span class='ocrx_word' id='word_1_37' title='bbox 1083 856 1232 922; x_wconf 77' lang='grc' dir='ltr'><em>φησὶ,</em></span> <span class='ocrx_word' id='word_1_38' title='bbox 1265 853 1422 904; x_wconf 78' lang='grc' dir='ltr'><em>πάλιν</em></span> <span class='ocrx_word' id='word_1_39' title='bbox 1451 850 1691 902; x_wconf 84' lang='grc' dir='ltr'><em>δεινά.Ἢ</em></span> <span class='ocrx_word' id='word_1_40' title='bbox 1724 845 1878 897; x_wconf 86' lang='grc' dir='ltr'><em>πάλιν</em></span> <span class='ocrx_word' id='word_1_41' title='bbox 1900 842 2048 893; x_wconf 79' lang='grc' dir='ltr'><em>οὔπω</em></span> 
     </span>
    </p>
   </div>
   <div class='ocr_carea' id='block_1_7' title="bbox 509 932 2048 1018">
    <p class='ocr_par' dir='ltr' id='par_1_7' title="bbox 509 932 2048 1018">
     <span class='ocr_line' id='line_1_7' title="bbox 509 932 2048 1018; baseline -0.016 -15"><span class='ocrx_word' id='word_1_42' title='bbox 509 949 808 1018; x_wconf 83' lang='grc' dir='ltr'><em>κατήλλαξα</em></span> <span class='ocrx_word' id='word_1_43' title='bbox 841 949 1016 1007; x_wconf 80' lang='grc' dir='ltr'><em>αὐτοῖς</em></span> <span class='ocrx_word' id='word_1_44' title='bbox 1039 947 1126 997; x_wconf 81' lang='grc' dir='ltr'><em>τὸν</em></span> <span class='ocrx_word' id='word_1_45' title='bbox 1150 945 1296 1005; x_wconf 82' lang='grc' dir='ltr'><em>Θεὸν,</em></span> <span class='ocrx_word' id='word_1_46' title='bbox 1325 944 1418 993; x_wconf 78' lang='grc' dir='ltr'><em>καὶ</em></span> <span class='ocrx_word' id='word_1_47' title='bbox 1439 939 1588 992; x_wconf 70' lang='grc' dir='ltr'><em>αὐτοὶ</em></span> <span class='ocrx_word' id='word_1_48' title='bbox 1617 932 2001 1001; x_wconf 86' lang='grc' dir='ltr'><em>ἐκπολεμοῦσιν</em></span> <span class='ocrx_word' id='word_1_49' title='bbox 2021 941 2048 968; x_wconf 75' lang='grc' dir='ltr'>ι</span> 
     </span>
    </p>
   </div>
   <div class='ocr_carea' id='block_1_8' title="bbox 512 1018 2050 1097">
    <p class='ocr_par' dir='ltr' id='par_1_8' title="bbox 512 1018 2050 1097">
     <span class='ocr_line' id='line_1_8' title="bbox 512 1018 2050 1097; baseline -0.016 -5"><span class='ocrx_word' id='word_1_50' title='bbox 512 1040 687 1092; x_wconf 76' lang='grc' dir='ltr'><em>αὐτόν.</em></span> <span class='ocrx_word' id='word_1_51' title='bbox 714 1038 820 1090; x_wconf 77' lang='grc' dir='ltr'><em>Καὶ</em></span> <span class='ocrx_word' id='word_1_52' title='bbox 852 1037 1128 1097; x_wconf 81' lang='grc' dir='ltr'><em>ἀνέστην,</em></span> <span class='ocrx_word' id='word_1_53' title='bbox 1163 1033 1255 1084; x_wconf 76' lang='grc' dir='ltr'><em>καὶ</em></span> <span class='ocrx_word' id='word_1_54' title='bbox 1288 1030 1530 1083; x_wconf 76' lang='grc' dir='ltr'><em>ἐποίουν</em></span> <span class='ocrx_word' id='word_1_55' title='bbox 1549 1027 1620 1077; x_wconf 83' lang='grc' dir='ltr'><em>τὰ</em></span> <span class='ocrx_word' id='word_1_56' title='bbox 1648 1025 1788 1089; x_wconf 75' lang='grc' dir='ltr'><em>ἔργα</em></span> <span class='ocrx_word' id='word_1_57' title='bbox 1813 1019 1914 1071; x_wconf 87' lang='grc' dir='ltr'><em>τοῦ</em></span> <span class='ocrx_word' id='word_1_58' title='bbox 1940 1018 2050 1078; x_wconf 83' lang='grc' dir='ltr'><em>,Βα-</em></span> 
     </span>
    </p>
   </div>
   <div class='ocr_carea' id='block_1_9' title="bbox 511 1105 2052 1192">
    <p class='ocr_par' dir='ltr' id='par_1_9' title="bbox 511 1105 2052 1192">
     <span class='ocr_line' id='line_1_9' title="bbox 511 1105 2052 1192; baseline -0.019 -9"><span class='ocrx_word' id='word_1_59' title='bbox 511 1130 743 1192; x_wconf 85' lang='grc' dir='ltr'><em>σιλέως.</em></span> <span class='ocrx_word' id='word_1_60' title='bbox 778 1125 1078 1184; x_wconf 83' lang='grc' dir='ltr'><em>Τουτέστιν,</em></span> <span class='ocrx_word' id='word_1_61' title='bbox 1114 1121 1428 1190; x_wconf 84' lang='grc' dir='ltr'><em>ὑπηρέτουν.</em></span> <span class='ocrx_word' id='word_1_62' title='bbox 1465 1115 1569 1168; x_wconf 83' lang='grc' dir='ltr'><em>Καὶ</em></span> <span class='ocrx_word' id='word_1_63' title='bbox 1599 1107 1915 1176; x_wconf 79' lang='grc' dir='ltr'><em>ἐθαύμαζον</em></span> <span class='ocrx_word' id='word_1_64' title='bbox 1941 1105 2052 1168; x_wconf 82' lang='grc' dir='ltr'><em>τὴν</em></span> 
     </span>
    </p>
   </div>
   <div class='ocr_carea' id='block_1_10' title="bbox 513 1193 2051 1286">
    <p class='ocr_par' dir='ltr' id='par_1_10' title="bbox 513 1193 2051 1286">
     <span class='ocr_line' id='line_1_10' title="bbox 513 1193 2051 1286; baseline -0.02 -14"><span class='ocrx_word' id='word_1_65' title='bbox 513 1221 721 1286; x_wconf 84' lang='grc' dir='ltr'><em>ὅρασιν</em></span> <span class='ocrx_word' id='word_1_66' title='bbox 740 1235 752 1245; x_wconf 91' lang='grc'>·</span> <span class='ocrx_word' id='word_1_67' title='bbox 783 1215 879 1268; x_wconf 80' lang='grc' dir='ltr'><em>καὶ</em></span> <span class='ocrx_word' id='word_1_68' title='bbox 904 1209 1106 1279; x_wconf 72' lang='grc' dir='ltr'><em>οῠκξῆν</em></span> <span class='ocrx_word' id='word_1_69' title='bbox 1133 1214 1163 1263; x_wconf 85' lang='grc' dir='ltr'><em>ό</em></span> <span class='ocrx_word' id='word_1_70' title='bbox 1189 1206 1430 1261; x_wconf 87' lang='grc' dir='ltr'><em>συνιών.</em></span> <span class='ocrx_word' id='word_1_71' title='bbox 1461 1204 1706 1256; x_wconf 81' lang='grc' dir='ltr'><strong>Μάλιστα</strong></span> <span class='ocrx_word' id='word_1_72' title='bbox 1727 1198 1879 1251; x_wconf 88' lang='grc' dir='ltr'><em>τοῦτο</em></span> <span class='ocrx_word' id='word_1_73' title='bbox 1899 1193 2051 1262; x_wconf 81' lang='grc' dir='ltr'>φέρει</span> 
     </span>
    </p>
   </div>
   <div class='ocr_carea' id='block_1_11' title="bbox 512 1280 2052 1370">
    <p class='ocr_par' dir='ltr' id='par_1_11' title="bbox 512 1280 2052 1370">
     <span class='ocr_line' id='line_1_11' title="bbox 512 1280 2052 1370; baseline -0.018 -11"><span class='ocrx_word' id='word_1_74' title='bbox 512 1280 632 1361; x_wconf 62' lang='grc' dir='ltr'><em>τινὰ</em></span> <span class='ocrx_word' id='word_1_75' title='bbox 677 1305 880 1370; x_wconf 79' lang='grc' dir='ltr'><em>ὀδύνην,</em></span> <span class='ocrx_word' id='word_1_76' title='bbox 909 1303 1030 1352; x_wconf 83' lang='grc' dir='ltr'><em>ὅταν</em></span> <span class='ocrx_word' id='word_1_77' title='bbox 1068 1298 1197 1368; x_wconf 86' lang='grc' dir='ltr'><em>μηδέ</em></span> <span class='ocrx_word' id='word_1_78' title='bbox 1228 1295 1522 1361; x_wconf 74' lang='grc' dir='ltr'>ἐξενεγκεῖν</span> <span class='ocrx_word' id='word_1_79' title='bbox 1568 1291 1660 1358; x_wconf 81' lang='grc' dir='ltr'><em>ἐξῇ</em></span> <span class='ocrx_word' id='word_1_80' title='bbox 1712 1288 1788 1349; x_wconf 80' lang='grc' dir='ltr'><em>είς</em></span> <span class='ocrx_word' id='word_1_81' title='bbox 1833 1300 1950 1336; x_wconf 89' lang='grc' dir='ltr'><em>τινα</em></span> <span class='ocrx_word' id='word_1_82' title='bbox 1985 1280 2052 1332; x_wconf 89' lang='grc' dir='ltr'>τά</span> 
     </span>
    </p>
   </div>
   <div class='ocr_carea' id='block_1_12' title="bbox 514 1366 2054 1463">
    <p class='ocr_par' dir='ltr' id='par_1_12' title="bbox 514 1366 2054 1463">
     <span class='ocr_line' id='line_1_12' title="bbox 514 1366 2054 1463; baseline -0.02 -14"><span class='ocrx_word' id='word_1_83' title='bbox 514 1394 758 1463; x_wconf 89' lang='grc' dir='ltr'><em>λυπηρά·</em></span> <span class='ocrx_word' id='word_1_84' title='bbox 790 1366 829 1461; x_wconf 58' lang='grc' dir='ltr'><em>-ίὶ⁷</em></span> <span class='ocrx_word' id='word_1_85' title='bbox 852 1391 930 1441; x_wconf 83' lang='grc' dir='ltr'><em>ὅτι</em></span> <span class='ocrx_word' id='word_1_86' title='bbox 964 1366 1183 1454; x_wconf 75' lang='grc' dir='ltr'><em>πονηροὶ</em></span> <span class='ocrx_word' id='word_1_87' title='bbox 1207 1380 1363 1452; x_wconf 74' lang='grc' dir='ltr'><em>ἦσαν.</em></span> <span class='ocrx_word' id='word_1_88' title='bbox 1393 1379 1500 1434; x_wconf 74' lang='grc' dir='ltr'><em>Καὶ</em></span> <span class='ocrx_word' id='word_1_89' title='bbox 1524 1378 1786 1436; x_wconf 77' lang='grc' dir='ltr'><em>ἐποίουν,</em></span> <span class='ocrx_word' id='word_1_90' title='bbox 1813 1371 1964 1439; x_wconf 75' lang='grc' dir='ltr'><em>φησὶ,</em></span> <span class='ocrx_word' id='word_1_91' title='bbox 1984 1366 2054 1419; x_wconf 85' lang='grc' dir='ltr'><em>τὰ</em></span> 
     </span>
    </p>
   </div>
   <div class='ocr_carea' id='block_1_13' title="bbox 516 1459 2052 1551">
    <p class='ocr_par' dir='ltr' id='par_1_13' title="bbox 516 1459 2052 1551">
     <span class='ocr_line' id='line_1_13' title="bbox 516 1459 2052 1551; baseline -0.018 -15"><span class='ocrx_word' id='word_1_92' title='bbox 516 1459 672 1551; x_wconf 28' lang='grc' dir='ltr'><em>ἔργα-</em></span> <span class='ocrx_word' id='word_1_93' title='bbox 703 1459 819 1533; x_wconf 10' lang='grc' dir='ltr'><em>τοῦθ</em></span> <span class='ocrx_word' id='word_1_94' title='bbox 857 1475 1174 1540; x_wconf 79' lang='grc' dir='ltr'><em>βασιλέως.</em></span> <span class='ocrx_word' id='word_1_95' title='bbox 1210 1470 1508 1531; x_wconf 90' lang='grc' dir='ltr'><em>Τουτέστιν,</em></span> <span class='ocrx_word' id='word_1_96' title='bbox 1535 1465 1685 1518; x_wconf 76' lang='grc' dir='ltr'><em>οὐδὲν</em></span> <span class='ocrx_word' id='word_1_97' title='bbox 1713 1459 2052 1529; x_wconf 77' lang='grc' dir='ltr'><em>παρελίμπα-</em></span> 
     </span>
    </p>
   </div>
   <div class='ocr_carea' id='block_1_14' title="bbox 516 1561 1290 1633">
    <p class='ocr_par' dir='ltr' id='par_1_14' title="bbox 516 1561 1290 1633">
     <span class='ocr_line' id='line_1_14' title="bbox 516 1561 1290 1633; baseline -0.019 -7"><span class='ocrx_word' id='word_1_98' title='bbox 516 1589 627 1633; x_wconf 85' lang='grc' dir='ltr'>νον,</span> <span class='ocrx_word' id='word_1_99' title='bbox 662 1569 775 1622; x_wconf 88' lang='grc' dir='ltr'><em>ἀλλ⁹</em></span> <span class='ocrx_word' id='word_1_100' title='bbox 806 1565 1016 1618; x_wconf 87' lang='grc' dir='ltr'><em>ἐποίουν</em></span> <span class='ocrx_word' id='word_1_101' title='bbox 1045 1562 1110 1614; x_wconf 86' lang='grc' dir='ltr'>τά</span> <span class='ocrx_word' id='word_1_102' title='bbox 1140 1561 1290 1629; x_wconf 76' lang='grc' dir='ltr'><em>ἔργα.</em></span> 
     </span>
    </p>
   </div>
   <div class='ocr_carea' id='block_1_15' title="bbox 1105 1663 1467 1720">
    <p class='ocr_par' dir='ltr' id='par_1_15' title="bbox 1105 1663 1467 1720">
     <span class='ocr_line' id='line_1_15' title="bbox 1105 1663 1467 1720; baseline -0.014 0"><span class='ocrx_word' id='word_1_103' title='bbox 1105 1667 1350 1720; x_wconf 77' lang='grc' dir='ltr'><em>ΚΕΦΑΛ.</em></span> <span class='ocrx_word' id='word_1_104' title='bbox 1391 1663 1467 1715; x_wconf 84' lang='grc' dir='ltr'><em>Θ¹.</em></span> 
     </span>
    </p>
   </div>
   <div class='ocr_carea' id='block_1_16' title="bbox 602 1755 2058 1844">
    <p class='ocr_par' dir='ltr' id='par_1_16' title="bbox 602 1755 2058 1844">
     <span class='ocr_line' id='line_1_16' title="bbox 602 1755 2058 1844; baseline -0.017 -9"><span class='ocrx_word' id='word_1_105' title='bbox 602 1782 701 1835; x_wconf 85' lang='grc' dir='ltr'><em>Ἐν</em></span> <span class='ocrx_word' id='word_1_106' title='bbox 723 1777 800 1841; x_wconf 84' lang='grc' dir='ltr'><em>τῷ</em></span> <span class='ocrx_word' id='word_1_107' title='bbox 824 1776 1023 1844; x_wconf 81' lang='grc' dir='ltr'>πρώτῳ</span> <span class='ocrx_word' id='word_1_108' title='bbox 1047 1773 1161 1824; x_wconf 77' lang='grc' dir='ltr'><em>ἔτει</em></span> <span class='ocrx_word' id='word_1_109' title='bbox 1183 1771 1442 1836; x_wconf 81' lang='grc' dir='ltr'><em>Δαρείου,</em></span> <span class='ocrx_word' id='word_1_110' title='bbox 1473 1767 1576 1820; x_wconf 84' lang='grc' dir='ltr'><em>τοῦ</em></span> <span class='ocrx_word' id='word_1_111' title='bbox 1603 1762 1737 1818; x_wconf 84' lang='grc' dir='ltr'><em>υίοῦ</em></span> <span class='ocrx_word' id='word_1_112' title='bbox 1766 1755 2058 1820; x_wconf 79' lang='grc' dir='ltr'><em>Ἀσσουή-</em></span> 
     </span>
    </p>
   </div>
   <div class='ocr_carea' id='block_1_17' title="bbox 517 1848 2059 1936">
    <p class='ocr_par' dir='ltr' id='par_1_17' title="bbox 517 1848 2059 1936">
     <span class='ocr_line' id='line_1_17' title="bbox 517 1848 2059 1936; baseline -0.02 -13"><span class='ocrx_word' id='word_1_113' title='bbox 517 1886 646 1936; x_wconf 89' lang='grc' dir='ltr'><em>ρου,</em></span> <span class='ocrx_word' id='word_1_114' title='bbox 680 1867 791 1919; x_wconf 83' lang='grc' dir='ltr'><em>ἀπὸ</em></span> <span class='ocrx_word' id='word_1_115' title='bbox 818 1863 922 1917; x_wconf 86' lang='grc' dir='ltr'><em>τοῦ</em></span> <span class='ocrx_word' id='word_1_116' title='bbox 947 1862 1278 1928; x_wconf 82' lang='grc' dir='ltr'><em>σπέρματος</em></span> <span class='ocrx_word' id='word_1_117' title='bbox 1313 1855 1545 1923; x_wconf 77' lang='grc' dir='ltr'><em>Μήδων,</em></span> <span class='ocrx_word' id='word_1_118' title='bbox 1582 1850 1646 1914; x_wconf 82' lang='grc' dir='ltr'><em>ὃς</em></span> <span class='ocrx_word' id='word_1_119' title='bbox 1673 1848 2059 1902; x_wconf 80' lang='grc' dir='ltr'><em>ἐϐασίλευσεν</em></span> 
     </span>
    </p>
   </div>
   <div class='ocr_carea' id='block_1_18' title="bbox 522 1930 2060 2021">
    <p class='ocr_par' dir='ltr' id='par_1_18' title="bbox 522 1930 2060 2021">
     <span class='ocr_line' id='line_1_18' title="bbox 522 1930 2060 2021; baseline -0.02 -11"><span class='ocrx_word' id='word_1_120' title='bbox 522 1930 617 2010; x_wconf 52' lang='grc' dir='ltr'><em>ἐπὶ</em></span> <span class='ocrx_word' id='word_1_121' title='bbox 651 1956 762 2021; x_wconf 81' lang='grc' dir='ltr'><em>τὴν</em></span> <span class='ocrx_word' id='word_1_122' title='bbox 777 1952 1098 2016; x_wconf 80' lang='grc' dir='ltr'><em>,βασιλείαν</em></span> <span class='ocrx_word' id='word_1_123' title='bbox 1117 1946 1439 2005; x_wconf 81' lang='grc' dir='ltr'><em>Χαλδαίων,</em></span> <span class='ocrx_word' id='word_1_124' title='bbox 1473 1943 1540 1993; x_wconf 83' lang='grc' dir='ltr'><em>ἐν</em></span> <span class='ocrx_word' id='word_1_125' title='bbox 1563 1940 1677 1990; x_wconf 75' lang='grc' dir='ltr'><em>ἔτει</em></span> <span class='ocrx_word' id='word_1_126' title='bbox 1709 1936 1796 1986; x_wconf 78' lang='grc' dir='ltr'><em>ἑνὶ</em></span> <span class='ocrx_word' id='word_1_127' title='bbox 1819 1931 1927 1998; x_wconf 69' lang='grc' dir='ltr'><em>τῆς</em></span> <span class='ocrx_word' id='word_1_128' title='bbox 1948 1930 2060 1992; x_wconf 82' lang='grc' dir='ltr'><em>,ϐα-</em></span> 
     </span>
    </p>
   </div>
   <div class='ocr_carea' id='block_1_19' title="bbox 525 2019 2060 2106">
    <p class='ocr_par' dir='ltr' id='par_1_19' title="bbox 525 2019 2060 2106">
     <span class='ocr_line' id='line_1_19' title="bbox 525 2019 2060 2106; baseline -0.02 -9"><span class='ocrx_word' id='word_1_129' title='bbox 525 2019 751 2106; x_wconf 85' lang='grc' dir='ltr'><em>σιλείας</em></span> <span class='ocrx_word' id='word_1_130' title='bbox 787 2039 988 2101; x_wconf 85' lang='grc' dir='ltr'><em>αὑτοῦ,</em></span> <span class='ocrx_word' id='word_1_131' title='bbox 1022 2035 1131 2104; x_wconf 74' lang='grc' dir='ltr'><em>ἐγὼ</em></span> <span class='ocrx_word' id='word_1_132' title='bbox 1166 2033 1384 2098; x_wconf 77' lang='grc' dir='ltr'><em>Δανιὴλ</em></span> <span class='ocrx_word' id='word_1_133' title='bbox 1427 2027 1664 2093; x_wconf 83' lang='grc' dir='ltr'><em>συνῆκα</em></span> <span class='ocrx_word' id='word_1_134' title='bbox 1703 2025 1769 2075; x_wconf 83' lang='grc' dir='ltr'><em>ἐν</em></span> <span class='ocrx_word' id='word_1_135' title='bbox 1811 2021 1937 2084; x_wconf 83' lang='grc' dir='ltr'><em>ταῖς</em></span> <span class='ocrx_word' id='word_1_136' title='bbox 1966 2019 2060 2082; x_wconf 79' lang='grc' dir='ltr'><em>βί-</em></span> 
     </span>
    </p>
   </div>
   <div class='ocr_carea' id='block_1_20' title="bbox 527 2107 2062 2193">
    <p class='ocr_par' dir='ltr' id='par_1_20' title="bbox 527 2107 2062 2193">
     <span class='ocr_line' id='line_1_20' title="bbox 527 2107 2062 2193; baseline -0.018 -8"><span class='ocrx_word' id='word_1_137' title='bbox 527 2135 687 2193; x_wconf 76' lang='grc' dir='ltr'><em>ϐλοις</em></span> <span class='ocrx_word' id='word_1_138' title='bbox 735 2129 839 2180; x_wconf 83' lang='grc' dir='ltr'><em>τὸν</em></span> <span class='ocrx_word' id='word_1_139' title='bbox 882 2125 1122 2193; x_wconf 77' lang='grc' dir='ltr'><em>ἀριθμὸν</em></span> <span class='ocrx_word' id='word_1_140' title='bbox 1166 2121 1280 2173; x_wconf 83' lang='grc' dir='ltr'><em>τῶν</em></span> <span class='ocrx_word' id='word_1_141' title='bbox 1315 2118 1492 2180; x_wconf 76' lang='grc' dir='ltr'><em>ἐτῶν,</em></span> <span class='ocrx_word' id='word_1_142' title='bbox 1534 2115 1660 2181; x_wconf 77' lang='grc' dir='ltr'><em>περὶ</em></span> <span class='ocrx_word' id='word_1_143' title='bbox 1704 2107 1774 2165; x_wconf 83' lang='grc' dir='ltr'><em>οὗ</em></span> <span class='ocrx_word' id='word_1_144' title='bbox 1817 2107 2062 2176; x_wconf 76' lang='grc' dir='ltr'><em>ἐγενήθη</em></span> 
     </span>
    </p>
   </div>
   <div class='ocr_carea' id='block_1_21' title="bbox 525 2195 2065 2286">
    <p class='ocr_par' dir='ltr' id='par_1_21' title="bbox 525 2195 2065 2286">
     <span class='ocr_line' id='line_1_21' title="bbox 525 2195 2065 2286; baseline -0.019 -14"><span class='ocrx_word' id='word_1_145' title='bbox 525 2218 703 2286; x_wconf 70' lang='grc' dir='ltr'><em>λόγος</em></span> <span class='ocrx_word' id='word_1_146' title='bbox 734 2215 948 2280; x_wconf 82' lang='grc' dir='ltr'><em>Κυρίου</em></span> <span class='ocrx_word' id='word_1_147' title='bbox 994 2214 1137 2276; x_wconf 81' lang='grc' dir='ltr'><em>πρὸς</em></span> <span class='ocrx_word' id='word_1_148' title='bbox 1176 2205 1441 2273; x_wconf 84' lang='grc' dir='ltr'><em>Ἱερεμίαν</em></span> <span class='ocrx_word' id='word_1_149' title='bbox 1474 2205 1577 2253; x_wconf 81' lang='grc' dir='ltr'><em>τόν</em></span> <span class='ocrx_word' id='word_1_150' title='bbox 1607 2196 1931 2266; x_wconf 75' lang='grc' dir='ltr'><em>προφήτην,</em></span> <span class='ocrx_word' id='word_1_151' title='bbox 1983 2195 2065 2256; x_wconf 78' lang='grc' dir='ltr'><em>εἷς</em></span> 
     </span>
    </p>
   </div>
   <div class='ocr_carea' id='block_1_22' title="bbox 527 2281 2066 2372">
    <p class='ocr_par' dir='ltr' id='par_1_22' title="bbox 527 2281 2066 2372">
     <span class='ocr_line' id='line_1_22' title="bbox 527 2281 2066 2372; baseline -0.019 -12"><span class='ocrx_word' id='word_1_152' title='bbox 527 2281 957 2372; x_wconf 56' lang='grc' dir='ltr'><em>συμπλήρωσιν</em></span> <span class='ocrx_word' id='word_1_153' title='bbox 982 2298 1320 2366; x_wconf 82' lang='grc' dir='ltr'><em>ἐρημώσεως</em></span> <span class='ocrx_word' id='word_1_154' title='bbox 1363 2292 1470 2357; x_wconf 83' lang='grc' dir='ltr'><em>τῆς</em></span> <span class='ocrx_word' id='word_1_155' title='bbox 1505 2286 1879 2356; x_wconf 78' lang='grc' dir='ltr'><em>Ἰερουσαλὴμ</em></span> <span class='ocrx_word' id='word_1_156' title='bbox 1909 2281 2066 2333; x_wconf 75' lang='grc' dir='ltr'><em>ἐϐδο-</em></span> 
     </span>
    </p>
   </div>
   <div class='ocr_carea' id='block_1_23' title="bbox 525 2369 2066 2463">
    <p class='ocr_par' dir='ltr' id='par_1_23' title="bbox 525 2369 2066 2463">
     <span class='ocr_line' id='line_1_23' title="bbox 525 2369 2066 2463; baseline -0.019 -15"><span class='ocrx_word' id='word_1_157' title='bbox 525 2369 790 2463; x_wconf 63' lang='grc' dir='ltr'><em>μήκοντα</em></span> <span class='ocrx_word' id='word_1_158' title='bbox 815 2391 934 2454; x_wconf 81' lang='grc' dir='ltr'><em>ἐτη.</em></span> <span class='ocrx_word' id='word_1_159' title='bbox 963 2387 1072 2440; x_wconf 78' lang='grc' dir='ltr'><em>Καὶ</em></span> <span class='ocrx_word' id='word_1_160' title='bbox 1099 2385 1285 2440; x_wconf 75' lang='grc' dir='ltr'><em>ἔδωκα</em></span> <span class='ocrx_word' id='word_1_161' title='bbox 1329 2382 1392 2433; x_wconf 84' lang='grc' dir='ltr'><em>τὸ</em></span> <span class='ocrx_word' id='word_1_162' title='bbox 1438 2377 1752 2444; x_wconf 78' lang='grc' dir='ltr'><em>πρόσωπόν</em></span> <span class='ocrx_word' id='word_1_163' title='bbox 1774 2390 1889 2440; x_wconf 84' lang='grc' dir='ltr'><em>μου</em></span> <span class='ocrx_word' id='word_1_164' title='bbox 1922 2369 2066 2435; x_wconf 82' lang='grc' dir='ltr'><em>πρὸς</em></span> 
     </span>
    </p>
   </div>
   <div class='ocr_carea' id='block_1_24' title="bbox 531 2456 2066 2546">
    <p class='ocr_par' dir='ltr' id='par_1_24' title="bbox 531 2456 2066 2546">
     <span class='ocr_line' id='line_1_24' title="bbox 531 2456 2066 2546; baseline -0.017 -12"><span class='ocrx_word' id='word_1_165' title='bbox 531 2456 745 2546; x_wconf 48' lang='grc' dir='ltr'><em>Κύριον</em></span> <span class='ocrx_word' id='word_1_166' title='bbox 782 2478 887 2529; x_wconf 85' lang='grc' dir='ltr'><em>τὸν</em></span> <span class='ocrx_word' id='word_1_167' title='bbox 925 2475 1088 2538; x_wconf 79' lang='grc' dir='ltr'><em>Θεὸν,</em></span> <span class='ocrx_word' id='word_1_168' title='bbox 1123 2471 1225 2524; x_wconf 85' lang='grc' dir='ltr'><em>τοῦ</em></span> <span class='ocrx_word' id='word_1_169' title='bbox 1264 2467 1577 2535; x_wconf 79' lang='grc' dir='ltr'><em>ἐκζητῆσαι</em></span> <span class='ocrx_word' id='word_1_170' title='bbox 1602 2456 2066 2546; x_wconf 32' lang='grc' dir='ltr'><em>προσευχὴνῌκαὶ</em></span> 
     </span>
    </p>
   </div>
   <div class='ocr_carea' id='block_1_25' title="bbox 531 2539 2067 2635">
    <p class='ocr_par' dir='ltr' id='par_1_25' title="bbox 531 2539 2067 2635">
     <span class='ocr_line' id='line_1_25' title="bbox 531 2539 2067 2635; baseline -0.018 -12"><span class='ocrx_word' id='word_1_171' title='bbox 531 2539 738 2635; x_wconf 71' lang='grc' dir='ltr'><em>δέησιν</em></span> <span class='ocrx_word' id='word_1_172' title='bbox 775 2568 842 2619; x_wconf 85' lang='grc' dir='ltr'><em>ἐν</em></span> <span class='ocrx_word' id='word_1_173' title='bbox 869 2564 1164 2630; x_wconf 82' lang='grc' dir='ltr'><em>νηστείαις</em></span> <span class='ocrx_word' id='word_1_174' title='bbox 1195 2560 1289 2612; x_wconf 81' lang='grc' dir='ltr'><em>καὶ</em></span> <span class='ocrx_word' id='word_1_175' title='bbox 1313 2557 1512 2618; x_wconf 81' lang='grc' dir='ltr'><em>σάκκῳ</em></span> <span class='ocrx_word' id='word_1_176' title='bbox 1542 2556 1635 2607; x_wconf 74' lang='grc' dir='ltr'><em>καὶ</em></span> <span class='ocrx_word' id='word_1_177' title='bbox 1661 2549 1879 2612; x_wconf 80' lang='grc' dir='ltr'><em>σποδῷ.</em></span> <span class='ocrx_word' id='word_1_178' title='bbox 1905 2539 2067 2607; x_wconf 75' lang='grc' dir='ltr'><em>οὗτος</em></span> 
     </span>
    </p>
   </div>
   <div class='ocr_carea' id='block_1_26' title="bbox 530 2636 2069 2724">
    <p class='ocr_par' dir='ltr' id='par_1_26' title="bbox 530 2636 2069 2724">
     <span class='ocr_line' id='line_1_26' title="bbox 530 2636 2069 2724; baseline -0.017 -14"><span class='ocrx_word' id='word_1_179' title='bbox 530 2660 562 2709; x_wconf 91' lang='lat'><em>6</em></span> <span class='ocrx_word' id='word_1_180' title='bbox 591 2659 766 2724; x_wconf 81' lang='grc' dir='ltr'><em>Μῆδος</em></span> <span class='ocrx_word' id='word_1_181' title='bbox 799 2657 1031 2722; x_wconf 85' lang='grc' dir='ltr'><em>Δαρεῖος.</em></span> <span class='ocrx_word' id='word_1_182' title='bbox 1067 2650 1282 2719; x_wconf 87' lang='grc' dir='ltr'><em>Πρῶτον</em></span> <span class='ocrx_word' id='word_1_183' title='bbox 1315 2648 1368 2699; x_wconf 88' lang='grc' dir='ltr'><em>δέ</em></span> <span class='ocrx_word' id='word_1_184' title='bbox 1397 2647 1508 2707; x_wconf 77' lang='grc' dir='ltr'><em>ἔτος</em></span> <span class='ocrx_word' id='word_1_185' title='bbox 1536 2645 1652 2711; x_wconf 69' lang='grc' dir='ltr'><em>οὐχὶ</em></span> <span class='ocrx_word' id='word_1_186' title='bbox 1677 2642 1771 2709; x_wconf 79' lang='grc' dir='ltr'><em>τῆς</em></span> <span class='ocrx_word' id='word_1_187' title='bbox 1802 2636 2069 2706; x_wconf 79' lang='grc' dir='ltr'><em>βασιλείας</em></span> 
     </span>
    </p>
   </div>
   <div class='ocr_carea' id='block_1_27' title="bbox 534 2725 2070 2811">
    <p class='ocr_par' dir='ltr' id='par_1_27' title="bbox 534 2725 2070 2811">
     <span class='ocr_line' id='line_1_27' title="bbox 534 2725 2070 2811; baseline -0.016 -13"><span class='ocrx_word' id='word_1_188' title='bbox 534 2745 692 2798; x_wconf 78' lang='grc' dir='ltr'><em>αὐτοῦ</em></span> <span class='ocrx_word' id='word_1_189' title='bbox 738 2759 898 2811; x_wconf 84' lang='grc' dir='ltr'><em>φησι·</em></span> <span class='ocrx_word' id='word_1_190' title='bbox 947 2742 1004 2790; x_wconf 78' lang='grc' dir='ltr'>οὐ</span> <span class='ocrx_word' id='word_1_191' title='bbox 1039 2739 1144 2806; x_wconf 78' lang='grc' dir='ltr'><em>γάρ</em></span> <span class='ocrx_word' id='word_1_192' title='bbox 1177 2734 1343 2799; x_wconf 73' lang='grc' dir='ltr'><em>εἶπεν,</em></span> <span class='ocrx_word' id='word_1_193' title='bbox 1373 2737 1427 2785; x_wconf 82' lang='grc' dir='ltr'><em>ἐν</em></span> <span class='ocrx_word' id='word_1_194' title='bbox 1465 2733 1538 2800; x_wconf 82' lang='grc' dir='ltr'><em>τῷ</em></span> <span class='ocrx_word' id='word_1_195' title='bbox 1580 2729 1773 2799; x_wconf 82' lang='grc' dir='ltr'><em>πρώτῳ</em></span> <span class='ocrx_word' id='word_1_196' title='bbox 1797 2728 1894 2793; x_wconf 81' lang='grc' dir='ltr'><em>τῆς</em></span> <span class='ocrx_word' id='word_1_197' title='bbox 1923 2725 2070 2792; x_wconf 90' lang='grc' dir='ltr'><em>βασι-</em></span> 
     </span>
    </p>
   </div>
   <div class='ocr_carea' id='block_1_28' title="bbox 533 2811 2069 2894">
    <p class='ocr_par' dir='ltr' id='par_1_28' title="bbox 533 2811 2069 2894">
     <span class='ocr_line' id='line_1_28' title="bbox 533 2811 2069 2894; baseline -0.015 -9"><span class='ocrx_word' id='word_1_198' title='bbox 533 2833 678 2894; x_wconf 82' lang='grc' dir='ltr'><em>λείας</em></span> <span class='ocrx_word' id='word_1_199' title='bbox 714 2829 894 2890; x_wconf 84' lang='grc' dir='ltr'><em>αὐτοῦ,</em></span> <span class='ocrx_word' id='word_1_200' title='bbox 928 2827 1176 2889; x_wconf 82' lang='grc' dir='ltr'><em>ἀλλ’,Ἐν</em></span> <span class='ocrx_word' id='word_1_201' title='bbox 1207 2822 1285 2887; x_wconf 82' lang='grc' dir='ltr'><em>τῷ</em></span> <span class='ocrx_word' id='word_1_202' title='bbox 1325 2821 1523 2886; x_wconf 82' lang='grc' dir='ltr'><em>πρώτῳ</em></span> <span class='ocrx_word' id='word_1_203' title='bbox 1561 2819 1676 2870; x_wconf 70' lang='grc' dir='ltr'><em>ἔτει</em></span> <span class='ocrx_word' id='word_1_204' title='bbox 1709 2815 1964 2881; x_wconf 86' lang='grc' dir='ltr'><em>Δαρείου,</em></span> <span class='ocrx_word' id='word_1_205' title='bbox 2004 2811 2069 2862; x_wconf 77' lang='grc' dir='ltr'><em>ἐν·</em></span> 
     </span>
    </p>
   </div>
   <div class='ocr_carea' id='block_1_29' title="bbox 534 2899 2070 2982">
    <p class='ocr_par' dir='ltr' id='par_1_29' title="bbox 534 2899 2070 2982">
     <span class='ocr_line' id='line_1_29' title="bbox 534 2899 2070 2982; baseline -0.016 -9"><span class='ocrx_word' id='word_1_206' title='bbox 534 2921 623 2972; x_wconf 78' lang='grc' dir='ltr'><em>ἐνί</em></span> <span class='ocrx_word' id='word_1_207' title='bbox 657 2920 772 2971; x_wconf 69' lang='grc' dir='ltr'><em>ἔτει</em></span> <span class='ocrx_word' id='word_1_208' title='bbox 808 2916 914 2982; x_wconf 82' lang='grc' dir='ltr'><em>τῆς</em></span> <span class='ocrx_word' id='word_1_209' title='bbox 931 2913 1243 2978; x_wconf 76' lang='grc' dir='ltr'><em>βασιλείας</em></span> <span class='ocrx_word' id='word_1_210' title='bbox 1271 2910 1471 2973; x_wconf 86' lang='grc' dir='ltr'><em>αὑτοῦ,</em></span> <span class='ocrx_word' id='word_1_211' title='bbox 1502 2908 1636 2960; x_wconf 82' lang='grc' dir='ltr'><em>ὥστε</em></span> <span class='ocrx_word' id='word_1_212' title='bbox 1673 2902 1892 2956; x_wconf 81' lang='grc' dir='ltr'><em>δυνατὸν</em></span> <span class='ocrx_word' id='word_1_213' title='bbox 1917 2899 2070 2966; x_wconf 79' lang='grc' dir='ltr'><em>λέγι-</em></span> 
     </span>
    </p>
   </div>
   <div class='ocr_carea' id='block_1_30' title="bbox 540 2990 2071 3074">
    <p class='ocr_par' dir='ltr' id='par_1_30' title="bbox 540 2990 2071 3074">
     <span class='ocr_line' id='line_1_30' title="bbox 540 2990 2071 3074; baseline -0.014 -13"><span class='ocrx_word' id='word_1_214' title='bbox 540 3009 660 3060; x_wconf 89' lang='grc' dir='ltr'><em>σθαι</em></span> <span class='ocrx_word' id='word_1_215' title='bbox 693 3009 780 3059; x_wconf 71' lang='grc' dir='ltr'><em>καὶ</em></span> <span class='ocrx_word' id='word_1_216' title='bbox 807 3004 1016 3074; x_wconf 87' lang='grc' dir='ltr'><em>πρῶτον</em></span> <span class='ocrx_word' id='word_1_217' title='bbox 1040 3002 1173 3064; x_wconf 74' lang='grc' dir='ltr'><em>ἔτος,</em></span> <span class='ocrx_word' id='word_1_218' title='bbox 1205 2997 1565 3068; x_wconf 82' lang='grc' dir='ltr'><em>βασιλεύοντος</em></span> <span class='ocrx_word' id='word_1_219' title='bbox 1602 2995 1696 3062; x_wconf 81' lang='grc' dir='ltr'><em>μὲν</em></span> <span class='ocrx_word' id='word_1_220' title='bbox 1740 2991 1921 3052; x_wconf 84' lang='grc' dir='ltr'><em>αὐτοῦ,</em></span> <span class='ocrx_word' id='word_1_221' title='bbox 1956 2990 2071 3040; x_wconf 91' lang='grc' dir='ltr'><em>τότε</em></span> 
     </span>
    </p>
   </div>
   <div class='ocr_carea' id='block_1_31' title="bbox 535 3077 2071 3156">
    <p class='ocr_par' dir='ltr' id='par_1_31' title="bbox 535 3077 2071 3156">
     <span class='ocr_line' id='line_1_31' title="bbox 535 3077 2071 3156; baseline -0.012 -9"><span class='ocrx_word' id='word_1_222' title='bbox 535 3097 590 3147; x_wconf 86' lang='grc' dir='ltr'><em>δὲ</em></span> <span class='ocrx_word' id='word_1_223' title='bbox 614 3094 883 3154; x_wconf 78' lang='grc' dir='ltr'><em>ἀνελόντος</em></span> <span class='ocrx_word' id='word_1_224' title='bbox 911 3092 1036 3152; x_wconf 78' lang='grc' dir='ltr'><em>ἴσως</em></span> <span class='ocrx_word' id='word_1_225' title='bbox 1055 3091 1175 3150; x_wconf 77' lang='grc' dir='ltr'>τοὺς</span> <span class='ocrx_word' id='word_1_226' title='bbox 1202 3088 1326 3156; x_wconf 69' lang='grc' dir='ltr'><em>περὶ</em></span> <span class='ocrx_word' id='word_1_227' title='bbox 1355 3086 1652 3152; x_wconf 85' lang='grc' dir='ltr'><em>Βαλτάσαρ.</em></span> <span class='ocrx_word' id='word_1_228' title='bbox 1672 3083 1809 3148; x_wconf 81' lang='grc' dir='ltr'><em>Ἐγὼ</em></span> <span class='ocrx_word' id='word_1_229' title='bbox 1849 3077 2071 3143; x_wconf 81' lang='grc' dir='ltr'><em>Δανιὴλ</em></span> 
     </span>
    </p>
   </div>
   <div class='ocr_carea' id='block_1_32' title="bbox 535 3164 2067 3248">
    <p class='ocr_par' dir='ltr' id='par_1_32' title="bbox 535 3164 2067 3248">
     <span class='ocr_line' id='line_1_32' title="bbox 535 3164 2067 3248; baseline -0.014 -12"><span class='ocrx_word' id='word_1_230' title='bbox 535 3183 771 3248; x_wconf 85' lang='grc' dir='ltr'><em>συνῆκα</em></span> <span class='ocrx_word' id='word_1_231' title='bbox 814 3182 880 3232; x_wconf 86' lang='grc' dir='ltr'><em>ἑν</em></span> <span class='ocrx_word' id='word_1_232' title='bbox 923 3179 1046 3241; x_wconf 83' lang='grc' dir='ltr'><em>ταῖς</em></span> <span class='ocrx_word' id='word_1_233' title='bbox 1071 3177 1302 3239; x_wconf 82' lang='grc' dir='ltr'><em>βίϐλοις</em></span> <span class='ocrx_word' id='word_1_234' title='bbox 1334 3175 1438 3224; x_wconf 79' lang='grc' dir='ltr'><em>τόν</em></span> <span class='ocrx_word' id='word_1_235' title='bbox 1468 3171 1710 3237; x_wconf 81' lang='grc' dir='ltr'><em>ἀριθμὸν</em></span> <span class='ocrx_word' id='word_1_236' title='bbox 1754 3167 1868 3220; x_wconf 80' lang='grc' dir='ltr'><em>τῶν</em></span> <span class='ocrx_word' id='word_1_237' title='bbox 1906 3164 2067 3218; x_wconf 80' lang='grc' dir='ltr'><em>ἐτῶν.</em></span> 
     </span>
    </p>
   </div>
   <div class='ocr_carea' id='block_1_33' title="bbox 535 3254 2071 3337">
    <p class='ocr_par' dir='ltr' id='par_1_33' title="bbox 535 3254 2071 3337">
     <span class='ocr_line' id='line_1_33' title="bbox 535 3254 2071 3337; baseline -0.014 -14"><span class='ocrx_word' id='word_1_238' title='bbox 535 3271 808 3330; x_wconf 86' lang='grc' dir='ltr'><em>Τουτέστι,</em></span> <span class='ocrx_word' id='word_1_239' title='bbox 849 3267 941 3337; x_wconf 80' lang='grc' dir='ltr'><em>τὴν</em></span> <span class='ocrx_word' id='word_1_240' title='bbox 974 3267 1201 3332; x_wconf 74' lang='grc' dir='ltr'><em>σφαγήν.</em></span> <span class='ocrx_word' id='word_1_241' title='bbox 1248 3263 1354 3314; x_wconf 76' lang='grc' dir='ltr'><em>Καὶ</em></span> <span class='ocrx_word' id='word_1_242' title='bbox 1391 3257 1944 3325; x_wconf 73' lang='grc' dir='ltr'><em>ἀνελογισάμην,”ορα</em></span> <span class='ocrx_word' id='word_1_243' title='bbox 1978 3254 2071 3303; x_wconf 86' lang='grc' dir='ltr'><em>αὺ-</em></span> 
     </span>
    </p>
   </div>
   <div class='ocr_carea' id='block_1_34' title="bbox 535 3339 2076 3427">
    <p class='ocr_par' dir='ltr' id='par_1_34' title="bbox 535 3339 2076 3427">
     <span class='ocr_line' id='line_1_34' title="bbox 535 3339 2076 3427; baseline -0.014 -15"><span class='ocrx_word' id='word_1_244' title='bbox 535 3360 624 3412; x_wconf 79' lang='grc' dir='ltr'><em>τὸν</em></span> <span class='ocrx_word' id='word_1_245' title='bbox 653 3360 755 3427; x_wconf 83' lang='grc' dir='ltr'><em>πρὸ</em></span> <span class='ocrx_word' id='word_1_246' title='bbox 782 3358 880 3424; x_wconf 81' lang='grc' dir='ltr'><em>τῆς</em></span> <span class='ocrx_word' id='word_1_247' title='bbox 914 3355 1244 3424; x_wconf 79' lang='grc' dir='ltr'><em>προθεσμίας</em></span> <span class='ocrx_word' id='word_1_248' title='bbox 1276 3353 1333 3402; x_wconf 87' lang='grc' dir='ltr'><em>ού</em></span> <span class='ocrx_word' id='word_1_249' title='bbox 1365 3349 1637 3416; x_wconf 82' lang='grc' dir='ltr'><em>τολμῶντα</em></span> <span class='ocrx_word' id='word_1_250' title='bbox 1671 3344 1974 3413; x_wconf 73' lang='grc' dir='ltr'>προσελθεῖν</span> <span class='ocrx_word' id='word_1_251' title='bbox 2002 3339 2076 3408; x_wconf 81' lang='grc' dir='ltr'><em>τῷ</em></span> 
     </span>
    </p>
   </div>
   <div class='ocr_carea' id='block_1_35' title="bbox 537 3431 2076 3516">
    <p class='ocr_par' dir='ltr' id='par_1_35' title="bbox 537 3431 2076 3516">
     <span class='ocr_line' id='line_1_35' title="bbox 537 3431 2076 3516; baseline -0.012 -17"><span class='ocrx_word' id='word_1_252' title='bbox 537 3447 792 3516; x_wconf 82' lang='grc' dir='ltr'><em>Δεσπότῃ.</em></span> <span class='ocrx_word' id='word_1_253' title='bbox 814 3444 946 3496; x_wconf 82' lang='grc' dir='ltr'><em>Ἀλλ’</em></span> <span class='ocrx_word' id='word_1_254' title='bbox 979 3445 1026 3494; x_wconf 86' lang='grc' dir='ltr'><em>οί</em></span> <span class='ocrx_word' id='word_1_255' title='bbox 1071 3443 1164 3510; x_wconf 78' lang='grc' dir='ltr'><em>μὲν</em></span> <span class='ocrx_word' id='word_1_256' title='bbox 1205 3443 1347 3509; x_wconf 86' lang='grc' dir='ltr'><em>τρεῖς</em></span> <span class='ocrx_word' id='word_1_257' title='bbox 1385 3438 1568 3498; x_wconf 90' lang='grc' dir='ltr'><em>παῖδες</em></span> <span class='ocrx_word' id='word_1_258' title='bbox 1597 3434 1834 3486; x_wconf 87' lang='grc' dir='ltr'><em>ποιοῦσιν</em></span> <span class='ocrx_word' id='word_1_259' title='bbox 1864 3431 1990 3483; x_wconf 81' lang='grc' dir='ltr'>αὐτὸ</span> <span class='ocrx_word' id='word_1_260' title='bbox 2021 3432 2076 3481; x_wconf 85' lang='grc' dir='ltr'><em>ἐν</em></span> 
     </span>
    </p>
   </div>
   <div class='ocr_carea' id='block_1_36' title="bbox 536 3518 2079 3603">
    <p class='ocr_par' dir='ltr' id='par_1_36' title="bbox 536 3518 2079 3603">
     <span class='ocr_line' id='line_1_36' title="bbox 536 3518 2079 3603; baseline -0.012 -17"><span class='ocrx_word' id='word_1_261' title='bbox 536 3538 602 3603; x_wconf 84' lang='grc' dir='ltr'><em>τῆ</em></span> <span class='ocrx_word' id='word_1_262' title='bbox 630 3534 835 3602; x_wconf 83' lang='grc' dir='ltr'>καμίνῳ</span> <span class='ocrx_word' id='word_1_263' title='bbox 855 3550 866 3562; x_wconf 87' lang='grc'><strong>·</strong></span> <span class='ocrx_word' id='word_1_264' title='bbox 904 3527 1050 3590; x_wconf 75' lang='grc' dir='ltr'><em>οὗτος</em></span> <span class='ocrx_word' id='word_1_265' title='bbox 1080 3530 1132 3581; x_wconf 86' lang='grc' dir='ltr'><em>δέ</em></span> <span class='ocrx_word' id='word_1_266' title='bbox 1159 3531 1214 3580; x_wconf 85' lang='grc' dir='ltr'><em>ἐν</em></span> <span class='ocrx_word' id='word_1_267' title='bbox 1246 3528 1322 3594; x_wconf 80' lang='grc' dir='ltr'><em>τῷ</em></span> <span class='ocrx_word' id='word_1_268' title='bbox 1358 3527 1538 3594; x_wconf 84' lang='grc' dir='ltr'>λάκκῳ</span> <span class='ocrx_word' id='word_1_269' title='bbox 1568 3524 1713 3575; x_wconf 80' lang='grc' dir='ltr'><em>οὐδὲν</em></span> <span class='ocrx_word' id='word_1_270' title='bbox 1747 3522 1982 3588; x_wconf 87' lang='grc' dir='ltr'><em>ἐποίησε.</em></span> <span class='ocrx_word' id='word_1_271' title='bbox 2016 3518 2079 3570; x_wconf 88' lang='grc' dir='ltr'><em>Τί</em></span> 
     </span>
    </p>
   </div>
   <div class='ocr_carea' id='block_1_37' title="bbox 538 3610 2078 3688">
    <p class='ocr_par' dir='ltr' id='par_1_37' title="bbox 538 3610 2078 3688">
     <span class='ocr_line' id='line_1_37' title="bbox 538 3610 2078 3688; baseline -0.011 -14"><span class='ocrx_word' id='word_1_272' title='bbox 538 3619 657 3684; x_wconf 77' lang='lat' dir='ltr'><strong>06v;</strong></span> <span class='ocrx_word' id='word_1_273' title='bbox 705 3621 738 3688; x_wconf 82' lang='grc' dir='ltr'>ἢ</span> <span class='ocrx_word' id='word_1_274' title='bbox 787 3621 978 3671; x_wconf 88' lang='grc' dir='ltr'><em>ἐκεῖνοι</em></span> <span class='ocrx_word' id='word_1_275' title='bbox 1020 3617 1220 3676; x_wconf 87' lang='grc' dir='ltr'><em>κακῶς,</em></span> <span class='ocrx_word' id='word_1_276' title='bbox 1255 3617 1286 3683; x_wconf 80' lang='grc' dir='ltr'>ἢ</span> <span class='ocrx_word' id='word_1_277' title='bbox 1333 3611 1511 3675; x_wconf 79' lang='lat'><strong>0610;;</strong></span> <span class='ocrx_word' id='word_1_278' title='bbox 1549 3610 2078 3674; x_wconf 83' lang='grc' dir='ltr'><em>Ούδέτεροι.Ἐκεῖνοι</em></span> 
     </span>
    </p>
   </div>
   <div class='ocr_carea' id='block_1_38' title="bbox 544 3695 2078 3779">
    <p class='ocr_par' dir='ltr' id='par_1_38' title="bbox 544 3695 2078 3779">
     <span class='ocr_line' id='line_1_38' title="bbox 544 3695 2078 3779; baseline -0.01 -17"><span class='ocrx_word' id='word_1_279' title='bbox 544 3712 640 3779; x_wconf 83' lang='grc' dir='ltr'><em>μὲν</em></span> <span class='ocrx_word' id='word_1_280' title='bbox 670 3710 774 3777; x_wconf 90' lang='grc' dir='ltr'><em>γάρ</em></span> <span class='ocrx_word' id='word_1_281' title='bbox 802 3708 896 3775; x_wconf 85' lang='grc' dir='ltr'><em>τὴν</em></span> <span class='ocrx_word' id='word_1_282' title='bbox 927 3703 1318 3773; x_wconf 78' lang='grc' dir='ltr'><em>φιλοστοργίαν,</em></span> <span class='ocrx_word' id='word_1_283' title='bbox 1351 3697 1501 3761; x_wconf 73' lang='grc' dir='ltr'><em>οὗτος</em></span> <span class='ocrx_word' id='word_1_284' title='bbox 1546 3700 1600 3750; x_wconf 83' lang='grc' dir='ltr'><em>δὲ</em></span> <span class='ocrx_word' id='word_1_285' title='bbox 1627 3699 1721 3766; x_wconf 84' lang='grc' dir='ltr'><em>τὴν</em></span> <span class='ocrx_word' id='word_1_286' title='bbox 1757 3697 1963 3748; x_wconf 89' lang='grc' dir='ltr'><em>σύνεσιν</em></span> <span class='ocrx_word' id='word_1_287' title='bbox 1990 3695 2078 3746; x_wconf 89' lang='grc' dir='ltr'><em>τοῦ</em></span> 
     </span>
    </p>
   </div>
   <div class='ocr_carea' id='block_1_39' title="bbox 544 3782 2081 3867">
    <p class='ocr_par' dir='ltr' id='par_1_39' title="bbox 544 3782 2081 3867">
     <span class='ocr_line' id='line_1_39' title="bbox 544 3782 2081 3867; baseline -0.013 -15"><span class='ocrx_word' id='word_1_288' title='bbox 544 3797 734 3867; x_wconf 80' lang='grc' dir='ltr'><em>καιροῦ</em></span> <span class='ocrx_word' id='word_1_289' title='bbox 787 3795 1219 3865; x_wconf 77' lang='grc' dir='ltr'><em>παραγενομένου</em></span> <span class='ocrx_word' id='word_1_290' title='bbox 1266 3791 1499 3842; x_wconf 74' lang='grc' dir='ltr'><em>ἐδείκνυ.</em></span> <span class='ocrx_word' id='word_1_291' title='bbox 1542 3783 1666 3855; x_wconf 64' lang='grc' dir='ltr'><em>’Ἆρ’</em></span> <span class='ocrx_word' id='word_1_292' title='bbox 1707 3782 1796 3838; x_wconf 76' lang='grc' dir='ltr'><em>οῦν</em></span> <span class='ocrx_word' id='word_1_293' title='bbox 1855 3783 2081 3843; x_wconf 86' lang='grc' dir='ltr'><em>συνετῶς</em></span> 
     </span>
    </p>
   </div>
   <div class='ocr_carea' id='block_1_40' title="bbox 543 3871 2083 3952">
    <p class='ocr_par' dir='ltr' id='par_1_40' title="bbox 543 3871 2083 3952">
     <span class='ocr_line' id='line_1_40' title="bbox 543 3871 2083 3952; baseline -0.011 -13"><span class='ocrx_word' id='word_1_294' title='bbox 543 3885 869 3952; x_wconf 85' lang='grc' dir='ltr'><em>ἀνεγίνωσκε</em></span> <span class='ocrx_word' id='word_1_295' title='bbox 920 3884 986 3934; x_wconf 88' lang='grc' dir='ltr'>τά</span> <span class='ocrx_word' id='word_1_296' title='bbox 1038 3881 1378 3950; x_wconf 75' lang='grc' dir='ltr'><em>προφητικά;</em></span> <span class='ocrx_word' id='word_1_297' title='bbox 1422 3871 1583 3944; x_wconf 75' lang='grc' dir='ltr'><em>Οἶμαι</em></span> <span class='ocrx_word' id='word_1_298' title='bbox 1620 3875 1661 3926; x_wconf 90' lang='grc' dir='ltr'><em>δ’</em></span> <span class='ocrx_word' id='word_1_299' title='bbox 1698 3875 1852 3925; x_wconf 82' lang='grc' dir='ltr'>αὐτὸν</span> <span class='ocrx_word' id='word_1_300' title='bbox 1888 3873 1984 3924; x_wconf 76' lang='grc' dir='ltr'><em>οὐκ</em></span> <span class='ocrx_word' id='word_1_301' title='bbox 2022 3873 2083 3923; x_wconf 86' lang='grc' dir='ltr'><em>ἐκ</em></span> 
     </span>
    </p>
   </div>
   <div class='ocr_carea' id='block_1_41' title="bbox 543 3960 2083 4045">
    <p class='ocr_par' dir='ltr' id='par_1_41' title="bbox 543 3960 2083 4045">
     <span class='ocr_line' id='line_1_41' title="bbox 543 3960 2083 4045; baseline -0.011 -18"><span class='ocrx_word' id='word_1_302' title='bbox 543 3977 639 4045; x_wconf 79' lang='grc' dir='ltr'><em>τῆς</em></span> <span class='ocrx_word' id='word_1_303' title='bbox 687 3974 931 4032; x_wconf 81' lang='grc' dir='ltr'><em>ἁλώσεως</em></span> <span class='ocrx_word' id='word_1_304' title='bbox 980 3971 1254 4038; x_wconf 80' lang='grc' dir='ltr'>ἀριθμεῖν,</span> <span class='ocrx_word' id='word_1_305' title='bbox 1305 3967 1414 4019; x_wconf 90' lang='grc' dir='ltr'><em>ἀλλ’</em></span> <span class='ocrx_word' id='word_1_306' title='bbox 1459 3968 1520 4017; x_wconf 92' lang='grc' dir='ltr'><em>ἐκ</em></span> <span class='ocrx_word' id='word_1_307' title='bbox 1568 3965 1663 4033; x_wconf 77' lang='grc' dir='ltr'><em>τῆς</em></span> <span class='ocrx_word' id='word_1_308' title='bbox 1715 3960 2083 4030; x_wconf 86' lang='grc' dir='ltr'><em>αἰχμαλωσίας</em></span> 
     </span>
    </p>
   </div>
   <div class='ocr_carea' id='block_1_42' title="bbox 547 4050 2087 4127">
    <p class='ocr_par' dir='ltr' id='par_1_42' title="bbox 547 4050 2087 4127">
     <span class='ocr_line' id='line_1_42' title="bbox 547 4050 2087 4127; baseline -0.011 -11"><span class='ocrx_word' id='word_1_309' title='bbox 547 4066 672 4126; x_wconf 75' lang='grc' dir='ltr'><em>ἴσως</em></span> <span class='ocrx_word' id='word_1_310' title='bbox 714 4062 802 4113; x_wconf 91' lang='grc' dir='ltr'><em>τοῦ</em></span> <span class='ocrx_word' id='word_1_311' title='bbox 856 4059 1082 4127; x_wconf 80' lang='grc' dir='ltr'><em>Ἰσραήλ.</em></span> <span class='ocrx_word' id='word_1_312' title='bbox 1139 4058 1438 4125; x_wconf 84' lang='grc' dir='ltr'><em>Ἐρήμωσιν</em></span> <span class='ocrx_word' id='word_1_313' title='bbox 1480 4054 1584 4123; x_wconf 86' lang='grc' dir='ltr'><em>γάρ</em></span> <span class='ocrx_word' id='word_1_314' title='bbox 1634 4052 1851 4112; x_wconf 78' lang='grc' dir='ltr'><em>εἰκότως</em></span> <span class='ocrx_word' id='word_1_315' title='bbox 1897 4050 1959 4102; x_wconf 84' lang='grc' dir='ltr'><em>ἄν</em></span> <span class='ocrx_word' id='word_1_316' title='bbox 2005 4065 2087 4110; x_wconf 89' lang='grc' dir='ltr'><em>τις</em></span> 
     </span>
    </p>
   </div>
   <div class='ocr_carea' id='block_1_43' title="bbox 548 4136 2086 4222">
    <p class='ocr_par' dir='ltr' id='par_1_43' title="bbox 548 4136 2086 4222">
     <span class='ocr_line' id='line_1_43' title="bbox 548 4136 2086 4222; baseline -0.013 -15"><span class='ocrx_word' id='word_1_317' title='bbox 548 4156 684 4207; x_wconf 86' lang='grc' dir='ltr'><em>είποι</em></span> <span class='ocrx_word' id='word_1_318' title='bbox 720 4149 1064 4222; x_wconf 80' lang='grc' dir='ltr'><em>Ἰερουσαλὴμ</em></span> <span class='ocrx_word' id='word_1_319' title='bbox 1100 4145 1190 4198; x_wconf 71' lang='grc' dir='ltr'><em>καὶ</em></span> <span class='ocrx_word' id='word_1_320' title='bbox 1226 4145 1347 4205; x_wconf 80' lang='grc' dir='ltr'><em>τοὺς</em></span> <span class='ocrx_word' id='word_1_321' title='bbox 1380 4143 1662 4210; x_wconf 81' lang='grc' dir='ltr'><em>πολέμους.</em></span> <span class='ocrx_word' id='word_1_322' title='bbox 1698 4141 1834 4208; x_wconf 82' lang='grc' dir='ltr'><em>Ὅρα</em></span> <span class='ocrx_word' id='word_1_323' title='bbox 1875 4140 1964 4189; x_wconf 71' lang='grc' dir='ltr'>καὶ</span> <span class='ocrx_word' id='word_1_324' title='bbox 1998 4136 2086 4188; x_wconf 82' lang='grc' dir='ltr'><em>τὸν</em></span> 
     </span>
    </p>
   </div>
   <div class='ocr_carea' id='block_1_44' title="bbox 546 4225 2087 4311">
    <p class='ocr_par' dir='ltr' id='par_1_44' title="bbox 546 4225 2087 4311">
     <span class='ocr_line' id='line_1_44' title="bbox 546 4225 2087 4311; baseline -0.014 -16"><span class='ocrx_word' id='word_1_325' title='bbox 546 4242 770 4311; x_wconf 79' lang='grc' dir='ltr'><em>ἀριθμὸν</em></span> <span class='ocrx_word' id='word_1_326' title='bbox 821 4235 1157 4290; x_wconf 74' lang='grc' dir='ltr'><em>σαϐϐατικὸν.</em></span> <span class='ocrx_word' id='word_1_327' title='bbox 1208 4234 1413 4300; x_wconf 83' lang='grc' dir='ltr'><em>Ὥσπερ</em></span> <span class='ocrx_word' id='word_1_328' title='bbox 1462 4230 1566 4298; x_wconf 85' lang='grc' dir='ltr'><em>γὰρ</em></span> <span class='ocrx_word' id='word_1_329' title='bbox 1613 4229 1728 4280; x_wconf 91' lang='grc' dir='ltr'><em>τότε</em></span> <span class='ocrx_word' id='word_1_330' title='bbox 1771 4225 2087 4294; x_wconf 84' lang='grc' dir='ltr'><em>τετρακόσια</em></span> 
     </span>
    </p>
   </div>
   <div class='ocr_carea' id='block_1_45' title="bbox 547 4312 2087 4396">
    <p class='ocr_par' dir='ltr' id='par_1_45' title="bbox 547 4312 2087 4396">
     <span class='ocr_line' id='line_1_45' title="bbox 547 4312 2087 4396; baseline -0.012 -16"><span class='ocrx_word' id='word_1_331' title='bbox 547 4330 828 4396; x_wconf 86' lang='grc' dir='ltr'><em>τριάκοντα</em></span> <span class='ocrx_word' id='word_1_332' title='bbox 876 4327 965 4378; x_wconf 75' lang='grc' dir='ltr'><em>καὶ</em></span> <span class='ocrx_word' id='word_1_333' title='bbox 1010 4325 1250 4376; x_wconf 84' lang='grc' dir='ltr'><em>διακόσια</em></span> <span class='ocrx_word' id='word_1_334' title='bbox 1293 4320 1577 4372; x_wconf 87' lang='grc' dir='ltr'><em>δεκαπέντε</em></span> <span class='ocrx_word' id='word_1_335' title='bbox 1621 4315 1884 4382; x_wconf 86' lang='grc' dir='ltr'><em>ἐποίησεν,</em></span> <span class='ocrx_word' id='word_1_336' title='bbox 1919 4312 2087 4373; x_wconf 73' lang='grc' dir='ltr'><em>οὕτως</em></span> 
     </span>
    </p>
   </div>
   <div class='ocr_carea' id='block_1_46' title="bbox 546 4398 2084 4484">
    <p class='ocr_par' dir='ltr' id='par_1_46' title="bbox 546 4398 2084 4484">
     <span class='ocr_line' id='line_1_46' title="bbox 546 4398 2084 4484; baseline -0.011 -17"><span class='ocrx_word' id='word_1_337' title='bbox 546 4414 693 4484; x_wconf 82' lang='grc' dir='ltr'><em>οῐμαι</em></span> <span class='ocrx_word' id='word_1_338' title='bbox 723 4415 812 4467; x_wconf 72' lang='grc' dir='ltr'><em>καὶ</em></span> <span class='ocrx_word' id='word_1_339' title='bbox 843 4414 934 4466; x_wconf 89' lang='grc' dir='ltr'>νῦν</span> <span class='ocrx_word' id='word_1_340' title='bbox 969 4411 1166 4464; x_wconf 78' lang='grc' dir='ltr'><em>ἐλάττω</em></span> <span class='ocrx_word' id='word_1_341' title='bbox 1197 4403 1348 4459; x_wconf 82' lang='grc' dir='ltr'><em>εῖναι.</em></span> <span class='ocrx_word' id='word_1_342' title='bbox 1389 4405 1538 4476; x_wconf 71' lang='grc'><em>[246]</em></span> <span class='ocrx_word' id='word_1_343' title='bbox 1565 4403 1699 4470; x_wconf 78' lang='grc' dir='ltr'><em>Περὶ</em></span> <span class='ocrx_word' id='word_1_344' title='bbox 1723 4398 1792 4456; x_wconf 87' lang='grc' dir='ltr'><em>οὗ</em></span> <span class='ocrx_word' id='word_1_345' title='bbox 1820 4399 2084 4467; x_wconf 74' lang='grc' dir='ltr'><em>ἐγενήθη,</em></span> 
     </span>
    </p>
   </div>
   <div class='ocr_carea' id='block_1_47' title="bbox 548 4487 2094 4570">
    <p class='ocr_par' dir='ltr' id='par_1_47' title="bbox 548 4487 2094 4570">
     <span class='ocr_line' id='line_1_47' title="bbox 548 4487 2094 4570; baseline -0.012 -17"><span class='ocrx_word' id='word_1_346' title='bbox 548 4503 710 4570; x_wconf 78' lang='grc' dir='ltr'><em>φησὶ,</em></span> <span class='ocrx_word' id='word_1_347' title='bbox 762 4501 938 4566; x_wconf 77' lang='grc' dir='ltr'><em>λόγος</em></span> <span class='ocrx_word' id='word_1_348' title='bbox 985 4497 1130 4562; x_wconf 79' lang='grc' dir='ltr'><em>πρὸς</em></span> <span class='ocrx_word' id='word_1_349' title='bbox 1185 4495 1461 4559; x_wconf 84' lang='grc' dir='ltr'><em>Ἰερεμίαν</em></span> <span class='ocrx_word' id='word_1_350' title='bbox 1505 4492 1607 4543; x_wconf 82' lang='grc' dir='ltr'><em>τὸν</em></span> <span class='ocrx_word' id='word_1_351' title='bbox 1648 4488 1973 4555; x_wconf 74' lang='grc' dir='ltr'><em>προφήτην,</em></span> <span class='ocrx_word' id='word_1_352' title='bbox 2009 4487 2094 4548; x_wconf 86' lang='grc' dir='ltr'><em>είς</em></span> 
     </span>
    </p>
   </div>
   <div class='ocr_carea' id='block_1_48' title="bbox 548 4571 2091 4656">
    <p class='ocr_par' dir='ltr' id='par_1_48' title="bbox 548 4571 2091 4656">
     <span class='ocr_line' id='line_1_48' title="bbox 548 4571 2091 4656; baseline -0.013 -13"><span class='ocrx_word' id='word_1_353' title='bbox 548 4588 975 4656; x_wconf 82' lang='grc' dir='ltr'><em>συμπλήρωσιν</em></span> <span class='ocrx_word' id='word_1_354' title='bbox 1026 4582 1366 4649; x_wconf 75' lang='grc' dir='ltr'><em>ἐρημώσεως</em></span> <span class='ocrx_word' id='word_1_355' title='bbox 1421 4577 1798 4644; x_wconf 84' lang='grc' dir='ltr'><em>Ἰερουσαλὴμ</em></span> <span class='ocrx_word' id='word_1_356' title='bbox 1851 4571 2091 4639; x_wconf 79' lang='grc' dir='ltr'><em>ἐϐδομή-</em></span> 
     </span>
    </p>
   </div>
   <div class='ocr_carea' id='block_1_49' title="bbox 549 4661 2091 4739">
    <p class='ocr_par' dir='ltr' id='par_1_49' title="bbox 549 4661 2091 4739">
     <span class='ocr_line' id='line_1_49' title="bbox 549 4661 2091 4739; baseline -0.014 -7"><span class='ocrx_word' id='word_1_357' title='bbox 549 4694 725 4732; x_wconf 80' lang='grc' dir='ltr'><em>κοντα</em></span> <span class='ocrx_word' id='word_1_358' title='bbox 753 4678 871 4739; x_wconf 81' lang='grc' dir='ltr'><em>ἐτη.</em></span> <span class='ocrx_word' id='word_1_359' title='bbox 895 4674 997 4726; x_wconf 79' lang='grc' dir='ltr'><em>Καὶ</em></span> <span class='ocrx_word' id='word_1_360' title='bbox 1029 4672 1214 4723; x_wconf 77' lang='grc' dir='ltr'><em>ἔδωκα</em></span> <span class='ocrx_word' id='word_1_361' title='bbox 1239 4670 1300 4720; x_wconf 83' lang='grc' dir='ltr'><em>τὸ</em></span> <span class='ocrx_word' id='word_1_362' title='bbox 1332 4667 1647 4733; x_wconf 81' lang='grc' dir='ltr'><em>πρόσωπόν</em></span> <span class='ocrx_word' id='word_1_363' title='bbox 1669 4681 1782 4731; x_wconf 85' lang='grc' dir='ltr'><em>μου</em></span> <span class='ocrx_word' id='word_1_364' title='bbox 1810 4662 1952 4727; x_wconf 72' lang='grc' dir='ltr'><em>πρὸς</em></span> <span class='ocrx_word' id='word_1_365' title='bbox 1980 4661 2091 4712; x_wconf 82' lang='grc' dir='ltr'><em>Κύ-</em></span> 
     </span>
    </p>
   </div>
   <div class='ocr_carea' id='block_1_50' title="bbox 543 4749 2094 4833">
    <p class='ocr_par' dir='ltr' id='par_1_50' title="bbox 543 4749 2094 4833">
     <span class='ocr_line' id='line_1_50' title="bbox 543 4749 2094 4833; baseline -0.015 -13"><span class='ocrx_word' id='word_1_366' title='bbox 543 4784 676 4833; x_wconf 88' lang='grc' dir='ltr'><em>ριον</em></span> <span class='ocrx_word' id='word_1_367' title='bbox 691 4767 790 4817; x_wconf 85' lang='grc' dir='ltr'><em>τὸν</em></span> <span class='ocrx_word' id='word_1_368' title='bbox 805 4762 967 4824; x_wconf 84' lang='grc' dir='ltr'><em>Θεὸν,</em></span> <span class='ocrx_word' id='word_1_369' title='bbox 984 4760 1085 4812; x_wconf 82' lang='grc' dir='ltr'><em>τοῦ</em></span> <span class='ocrx_word' id='word_1_370' title='bbox 1103 4756 1408 4821; x_wconf 80' lang='grc' dir='ltr'><em>ἑκζητῆσαι</em></span> <span class='ocrx_word' id='word_1_371' title='bbox 1426 4752 1766 4819; x_wconf 79' lang='grc' dir='ltr'><em>προσευχὴν</em></span> <span class='ocrx_word' id='word_1_372' title='bbox 1779 4751 1871 4801; x_wconf 81' lang='grc' dir='ltr'><em>καὶ</em></span> <span class='ocrx_word' id='word_1_373' title='bbox 1890 4749 2094 4812; x_wconf 81' lang='grc' dir='ltr'><em>δέησιν</em></span> 
     </span>
    </p>
   </div>
   <div class='ocr_carea' id='block_1_51' title="bbox 550 4837 2089 4919">
    <p class='ocr_par' dir='ltr' id='par_1_51' title="bbox 550 4837 2089 4919">
     <span class='ocr_line' id='line_1_51' title="bbox 550 4837 2089 4919; baseline -0.015 -11"><span class='ocrx_word' id='word_1_374' title='bbox 550 4858 618 4908; x_wconf 79' lang='grc' dir='ltr'><em>ἐν</em></span> <span class='ocrx_word' id='word_1_375' title='bbox 634 4853 933 4919; x_wconf 86' lang='grc' dir='ltr'><em>νηστείαις</em></span> <span class='ocrx_word' id='word_1_376' title='bbox 950 4849 1051 4901; x_wconf 63' lang='grc' dir='ltr'><em>καὶ</em></span> <span class='ocrx_word' id='word_1_377' title='bbox 1065 4847 1265 4910; x_wconf 83' lang='grc' dir='ltr'>σάκκῳ</span> <span class='ocrx_word' id='word_1_378' title='bbox 1285 4845 1378 4895; x_wconf 78' lang='grc' dir='ltr'><em>καὶ</em></span> <span class='ocrx_word' id='word_1_379' title='bbox 1399 4843 1618 4904; x_wconf 83' lang='grc' dir='ltr'><em>σποδῷ.</em></span> <span class='ocrx_word' id='word_1_380' title='bbox 1640 4841 1776 4906; x_wconf 86' lang='grc' dir='ltr'><em>’Ὀρα</em></span> <span class='ocrx_word' id='word_1_381' title='bbox 1794 4837 2089 4888; x_wconf 74' lang='grc' dir='ltr'><em>εὐλάϐειαν.</em></span> 
     </span>
    </p>
   </div>
   <div class='ocr_carea' id='block_1_52' title="bbox 552 4926 2093 5004">
    <p class='ocr_par' dir='ltr' id='par_1_52' title="bbox 552 4926 2093 5004">
     <span class='ocr_line' id='line_1_52' title="bbox 552 4926 2093 5004; baseline -0.015 -9"><span class='ocrx_word' id='word_1_382' title='bbox 552 4943 656 4996; x_wconf 82' lang='grc' dir='ltr'><em>Καὶ</em></span> <span class='ocrx_word' id='word_1_383' title='bbox 685 4942 891 5002; x_wconf 79' lang='grc' dir='ltr'><em>ἔδωκα,</em></span> <span class='ocrx_word' id='word_1_384' title='bbox 917 4937 1066 5004; x_wconf 72' lang='grc' dir='ltr'><em>φησὶ,</em></span> <span class='ocrx_word' id='word_1_385' title='bbox 1098 4935 1160 4986; x_wconf 88' lang='grc' dir='ltr'><em>τὸ</em></span> <span class='ocrx_word' id='word_1_386' title='bbox 1183 4931 1497 4998; x_wconf 82' lang='grc' dir='ltr'><em>πρόσωπόν</em></span> <span class='ocrx_word' id='word_1_387' title='bbox 1516 4945 1649 4994; x_wconf 84' lang='grc' dir='ltr'><em>μου.</em></span> <span class='ocrx_word' id='word_1_388' title='bbox 1674 4926 1943 4986; x_wconf 86' lang='grc' dir='ltr'><em>Τουτέστι,</em></span> <span class='ocrx_word' id='word_1_389' title='bbox 1963 4941 2093 4975; x_wconf 87' lang='grc' dir='ltr'><em>κατ-</em></span> 
     </span>
    </p>
   </div>
   <div class='ocr_carea' id='block_1_53' title="bbox 552 5012 2092 5104">
    <p class='ocr_par' dir='ltr' id='par_1_53' title="bbox 552 5012 2092 5104">
     <span class='ocr_line' id='line_1_53' title="bbox 552 5012 2092 5104; baseline -0.014 -23"><span class='ocrx_word' id='word_1_390' title='bbox 552 5027 891 5104; x_wconf 76' lang='grc' dir='ltr'><em>ῃσχυμμένος</em></span> <span class='ocrx_word' id='word_1_391' title='bbox 915 5026 1058 5090; x_wconf 77' lang='grc' dir='ltr'><em>ἤμην</em></span> <span class='ocrx_word' id='word_1_392' title='bbox 1082 5022 1184 5091; x_wconf 82' lang='grc' dir='ltr'><em>πρὸ</em></span> <span class='ocrx_word' id='word_1_393' title='bbox 1203 5020 1409 5078; x_wconf 89' lang='grc' dir='ltr'><em>τούτου,</em></span> <span class='ocrx_word' id='word_1_394' title='bbox 1429 5016 1529 5083; x_wconf 71' lang='grc' dir='ltr'><em>πρὸ</em></span> <span class='ocrx_word' id='word_1_395' title='bbox 1561 5016 1657 5081; x_wconf 84' lang='grc' dir='ltr'><em>τῆς</em></span> <span class='ocrx_word' id='word_1_396' title='bbox 1689 5012 2058 5071; x_wconf 82' lang='grc' dir='ltr'><em>ταπεινώσεως</em></span> <span class='ocrx_word' id='word_1_397' title='bbox 2078 5024 2092 5039; x_wconf 86' lang='grc'>⁶</span> 
     </span>
    </p>
   </div>
   <div class='ocr_carea' id='block_1_54' title="bbox 553 5099 2097 5172">
    <p class='ocr_par' dir='ltr' id='par_1_54' title="bbox 553 5099 2097 5172">
     <span class='ocr_line' id='line_1_54' title="bbox 553 5099 2097 5172; baseline -0.014 -1"><span class='ocrx_word' id='word_1_398' title='bbox 553 5099 646 5172; x_wconf 72' lang='grc' dir='ltr'><em>νῦν</em></span> <span class='ocrx_word' id='word_1_399' title='bbox 674 5116 729 5166; x_wconf 85' lang='grc' dir='ltr'><em>δὲ</em></span> <span class='ocrx_word' id='word_1_400' title='bbox 753 5114 996 5171; x_wconf 84' lang='grc' dir='ltr'><em>Ἔδωκα,</em></span> <span class='ocrx_word' id='word_1_401' title='bbox 1024 5110 1139 5160; x_wconf 70' lang='grc' dir='ltr'>ἀντὶ</span> <span class='ocrx_word' id='word_1_402' title='bbox 1165 5107 1254 5158; x_wconf 84' lang='grc' dir='ltr'><em>τοῦ</em></span> <span class='ocrx_word' id='word_1_403' title='bbox 1285 5106 1567 5171; x_wconf 88' lang='grc' dir='ltr'><em>ἐτόλμησα.</em></span> <span class='ocrx_word' id='word_1_404' title='bbox 1594 5103 1653 5152; x_wconf 69' lang='lat' dir='ltr'><strong>Et</strong></span> <span class='ocrx_word' id='word_1_405' title='bbox 1679 5101 1733 5151; x_wconf 81' lang='grc' dir='ltr'><em>δὲ</em></span> <span class='ocrx_word' id='word_1_406' title='bbox 1763 5099 2097 5166; x_wconf 79' lang='grc' dir='ltr'><em>ὀφειλόμενον</em></span> 
     </span>
    </p>
   </div>
   <div class='ocr_carea' id='block_1_55' title="bbox 555 5191 2096 5274">
    <p class='ocr_par' dir='ltr' id='par_1_55' title="bbox 555 5191 2096 5274">
     <span class='ocr_line' id='line_1_55' title="bbox 555 5191 2096 5274; baseline -0.014 -14"><span class='ocrx_word' id='word_1_407' title='bbox 555 5205 776 5274; x_wconf 76' lang='grc' dir='ltr'><em>ἀπῄτει,</em></span> <span class='ocrx_word' id='word_1_408' title='bbox 807 5202 904 5253; x_wconf 88' lang='grc' dir='ltr'>οὑκ</span> <span class='ocrx_word' id='word_1_409' title='bbox 942 5199 1006 5252; x_wconf 77' lang='grc' dir='ltr'><em>ἂν</em></span> <span class='ocrx_word' id='word_1_410' title='bbox 1037 5197 1214 5261; x_wconf 75' lang='grc' dir='ltr'><em>ἔλεγε,</em></span> <span class='ocrx_word' id='word_1_411' title='bbox 1251 5194 1472 5245; x_wconf 80' lang='grc' dir='ltr'><em>Ἔδωκα</em></span> <span class='ocrx_word' id='word_1_412' title='bbox 1505 5191 1568 5242; x_wconf 83' lang='grc' dir='ltr'><em>τὸ</em></span> <span class='ocrx_word' id='word_1_413' title='bbox 1608 5191 1922 5257; x_wconf 82' lang='grc' dir='ltr'><em>πρόσωπόν</em></span> <span class='ocrx_word' id='word_1_414' title='bbox 1957 5204 2096 5255; x_wconf 83' lang='grc' dir='ltr'><em>μου,</em></span> 
     </span>
    </p>
   </div>
   <div class='ocr_carea' id='block_1_56' title="bbox 619 5435 2096 5546">
    <p class='ocr_par' dir='ltr' id='par_1_56' title="bbox 619 5435 2096 5546">
     <span class='ocr_line' id='line_1_56' title="bbox 619 5435 2096 5546; baseline -0.012 -45"><span class='ocrx_word' id='word_1_415' title='bbox 619 5460 642 5486; x_wconf 79' lang='grc'>⁸</span> <span class='ocrx_word' id='word_1_416' title='bbox 667 5454 786 5503; x_wconf 73' lang='lat' dir='ltr'><em>Vide</em></span> <span class='ocrx_word' id='word_1_417' title='bbox 811 5449 1022 5503; x_wconf 82' lang='lat' dir='ltr'><em>Suidam,</em></span> <span class='ocrx_word' id='word_1_418' title='bbox 1048 5443 1167 5505; x_wconf 80' lang='lat' dir='ltr'><strong>apud</strong></span> <span class='ocrx_word' id='word_1_419' title='bbox 1192 5453 1334 5546; x_wconf 44' lang='lat' dir='ltr'><em>q‘t‘Jem</em></span> <span class='ocrx_word' id='word_1_420' title='bbox 1357 5439 1404 5487; x_wconf 85' lang='lat' dir='ltr'><strong>in</strong></span> <span class='ocrx_word' id='word_1_421' title='bbox 1427 5438 1576 5486; x_wconf 82' lang='lat' dir='ltr'><em>verbo</em></span> <span class='ocrx_word' id='word_1_422' title='bbox 1597 5438 1943 5498; x_wconf 77' lang='grc' dir='ltr'><em>ἐμπολεμῶσαι,</em></span> <span class='ocrx_word' id='word_1_423' title='bbox 1977 5435 2096 5504; x_wconf 55' lang='grc' dir='ltr'><em>ηἱίξὶι</em></span> 
     </span>
     <span class='ocr_line' id='line_1_57' title="bbox 623 5494 2096 5546; baseline -0.004 0"><span class='ocrx_word' id='word_1_424' title='bbox 623 5522 738 5546; x_wconf 74' lang='grc' dir='ltr'><em>ιιιηι</em></span> <span class='ocrx_word' id='word_1_425' title='bbox 761 5511 996 5546; x_wconf 70' lang='grc' dir='ltr'><em>δοὶιηρταὶ</em></span> <span class='ocrx_word' id='word_1_426' title='bbox 1014 5503 1073 5546; x_wconf 72' lang='lat' dir='ltr'><em>ll.</em></span> <span class='ocrx_word' id='word_1_427' title='bbox 1097 5504 1214 5546; x_wconf 76' lang='lat' dir='ltr'><em>Slen</em></span> <span class='ocrx_word' id='word_1_428' title='bbox 1256 5536 1264 5544; x_wconf 91' lang='lat'><em>.</em></span> <span class='ocrx_word' id='word_1_429' title='bbox 1313 5499 1571 5546; x_wconf 62' lang='lat' dir='ltr'><em>Eleganter</em></span> <span class='ocrx_word' id='word_1_430' title='bbox 1590 5504 1766 5546; x_wconf 74' lang='lat' dir='ltr'><em>autem.</em></span> <span class='ocrx_word' id='word_1_431' title='bbox 1793 5496 1872 5546; x_wconf 74' lang='lat' dir='ltr'><em>qui</em></span> <span class='ocrx_word' id='word_1_432' title='bbox 1897 5494 2096 5542; x_wconf 74' lang='lat' dir='ltr'><em>Consul.</em></span> 
     </span>
    </p>
   </div>
   <div class='ocr_carea' id='block_1_57' title="bbox 553 5494 2097 5562">
    <p class='ocr_par' dir='ltr' id='par_1_57' title="bbox 553 5494 2097 5562">
     <span class='ocr_line' id='line_1_58' title="bbox 553 5494 2097 5562; baseline -0.015 2"><span class='ocrx_word' id='word_1_433' title='bbox 553 5494 996 5562; x_wconf 57' lang='grc' dir='ltr'><em>τηιιωτῖἆεὶῖιὲτθὶ</em></span> <span class='ocrx_word' id='word_1_434' title='bbox 1010 5494 1264 5562; x_wconf 62' lang='grc' dir='ltr'><em>ἱῐὶειθρῖ).</em></span> <span class='ocrx_word' id='word_1_435' title='bbox 1313 5499 1571 5562; x_wconf 64' lang='grc' dir='ltr'><em>Ειεεθηιει·</em></span> <span class='ocrx_word' id='word_1_436' title='bbox 1590 5494 1780 5562; x_wconf 62' lang='lat' dir='ltr'><em>am_em_.&#39;</em></span> <span class='ocrx_word' id='word_1_437' title='bbox 1793 5496 1872 5554; x_wconf 76' lang='lat' dir='ltr'><em>qui</em></span> <span class='ocrx_word' id='word_1_438' title='bbox 1891 5494 2097 5562; x_wconf 38' lang='grc' dir='ltr'><em>,ϐοαὶ-»ῆι</em></span> 
     </span>
    </p>
   </div>
   <div class='ocr_carea' id='block_1_58' title="bbox 555 5554 2098 5632">
    <p class='ocr_par' dir='ltr' id='par_1_58' title="bbox 555 5554 2098 5632">
     <span class='ocr_line' id='line_1_59' title="bbox 555 5554 2098 5632; baseline -0.016 -10"><span class='ocrx_word' id='word_1_439' title='bbox 555 5554 1022 5632; x_wconf 45' lang='grc' dir='ltr'><em>Ξξέὸῖξίξῶιὶἓέιιηικ</em></span> <span class='ocrx_word' id='word_1_440' title='bbox 1045 5554 1335 5632; x_wconf 48' lang='grc' dir='ltr'><em>πξρατᾴξξοὶς</em></span> <span class='ocrx_word' id='word_1_441' title='bbox 1372 5554 1644 5616; x_wconf 72' lang='grc' dir='ltr'><em>ἁμαρτάνειν</em></span> <span class='ocrx_word' id='word_1_442' title='bbox 1669 5558 1713 5599; x_wconf 76' lang='grc' dir='ltr'><em>ιη</em></span> <span class='ocrx_word' id='word_1_443' title='bbox 1738 5554 1823 5599; x_wconf 77' lang='lat' dir='ltr'><em>hac</em></span> <span class='ocrx_word' id='word_1_444' title='bbox 1863 5554 2098 5611; x_wconf 72' lang='lat' dir='ltr'><em>signiﬁca-</em></span> 
     </span>
    </p>
   </div>
   <div class='ocr_carea' id='block_1_59' title="bbox 556 5617 1330 5685">
    <p class='ocr_par' dir='ltr' id='par_1_59' title="bbox 556 5617 1330 5685">
     <span class='ocr_line' id='line_1_60' title="bbox 556 5617 1330 5685; baseline -0.03 -1"><span class='ocrx_word' id='word_1_445' title='bbox 556 5617 1030 5685; x_wconf 15' lang='grc' dir='ltr'><em>δοιιένυίευτιπῐιίιίδ.</em></span> <span class='ocrx_word' id='word_1_446' title='bbox 1063 5617 1122 5680; x_wconf 67' lang='lat'><em>2,‘</em></span> <span class='ocrx_word' id='word_1_447' title='bbox 1135 5630 1234 5677; x_wconf 80' lang='lat' dir='ltr'><em>cap.</em></span> <span class='ocrx_word' id='word_1_448' title='bbox 1259 5617 1330 5662; x_wconf 68' lang='lat'><em>23.</em></span> 
     </span>
    </p>
   </div>
   <div class='ocr_carea' id='block_1_60' title="bbox 1190 368 2998 442">
    <p class='ocr_par' dir='ltr' id='par_1_60' title="bbox 1190 368 2998 442">
     <span class='ocr_line' id='line_1_61' title="bbox 1190 368 2998 442; baseline -0.011 0"><span class='ocrx_word' id='word_1_449' title='bbox 1190 388 1247 442; x_wconf 89' lang='lat' dir='ltr'><em>S.</em></span> <span class='ocrx_word' id='word_1_450' title='bbox 1285 383 1562 442; x_wconf 75' lang='lat' dir='ltr'><em>JOANNIS</em></span> <span class='ocrx_word' id='word_1_451' title='bbox 1598 376 2074 438; x_wconf 78' lang='lat' dir='ltr'><em>CHRYSOSTOMI</em></span> <span class='ocrx_word' id='word_1_452' title='bbox 2121 375 2434 433; x_wconf 78' lang='lat' dir='ltr'><em>ARCHIEP.</em></span> <span class='ocrx_word' id='word_1_453' title='bbox 2471 368 2998 432; x_wconf 76' lang='lat' dir='ltr'><em>CONSTANTINOP.</em></span> 
     </span>
    </p>
   </div>
   <div class='ocr_carea' id='block_1_61' title="bbox 3580 346 3690 403">
    <p class='ocr_par' dir='ltr' id='par_1_61' title="bbox 3580 346 3690 403">
     <span class='ocr_line' id='line_1_62' title="bbox 3580 346 3690 403; baseline -0.027 0"><span class='ocrx_word' id='word_1_454' title='bbox 3580 346 3690 403; x_wconf 82' lang='lat'><em>238</em></span> 
     </span>
    </p>
   </div>
   <div class='ocr_carea' id='block_1_62' title="bbox 2150 464 3690 557">
    <p class='ocr_par' dir='ltr' id='par_1_62' title="bbox 2150 464 3690 557">
     <span class='ocr_line' id='line_1_63' title="bbox 2150 464 3690 557; baseline -0.016 -17"><span class='ocrx_word' id='word_1_455' title='bbox 2150 490 2222 550; x_wconf 87' lang='grc' dir='ltr'><em>ὼς</em></span> <span class='ocrx_word' id='word_1_456' title='bbox 2241 489 2329 540; x_wconf 77' lang='grc' dir='ltr'><em>ἐπὶ</em></span> <span class='ocrx_word' id='word_1_457' title='bbox 2353 482 2946 557; x_wconf 83' lang='grc' dir='ltr'><em>παρακεκινδυνευμένῳ</em></span> <span class='ocrx_word' id='word_1_458' title='bbox 2966 478 3258 548; x_wconf 78' lang='grc' dir='ltr'><em>πράγματι.</em></span> <span class='ocrx_word' id='word_1_459' title='bbox 3280 471 3345 524; x_wconf 73' lang='lat' dir='ltr'><em>El</em></span> <span class='ocrx_word' id='word_1_460' title='bbox 3361 469 3501 535; x_wconf 66' lang='grc' dir='ltr'><em>ὑπὲρ</em></span> <span class='ocrx_word' id='word_1_461' title='bbox 3521 464 3690 519; x_wconf 71' lang='grc' dir='ltr'><em>ἄλλων</em></span> 
     </span>
    </p>
   </div>
   <div class='ocr_carea' id='block_1_63' title="bbox 2148 558 3695 650">
    <p class='ocr_par' dir='ltr' id='par_1_63' title="bbox 2148 558 3695 650">
     <span class='ocr_line' id='line_1_64' title="bbox 2148 558 3695 650; baseline -0.015 -20"><span class='ocrx_word' id='word_1_462' title='bbox 2148 579 2379 650; x_wconf 81' lang='grc' dir='ltr'><em>τοσαύτῃ</em></span> <span class='ocrx_word' id='word_1_463' title='bbox 2415 580 2605 648; x_wconf 84' lang='grc' dir='ltr'><em>χρῆται</em></span> <span class='ocrx_word' id='word_1_464' title='bbox 2647 575 2866 643; x_wconf 80' lang='grc' dir='ltr'><em>σπουδῇ,</em></span> <span class='ocrx_word' id='word_1_465' title='bbox 2907 574 2954 645; x_wconf 68' lang='grc' dir='ltr'><em>εί</em></span> <span class='ocrx_word' id='word_1_466' title='bbox 2981 567 3264 626; x_wconf 81' lang='grc' dir='ltr'><em>τοσαύταις</em></span> <span class='ocrx_word' id='word_1_467' title='bbox 3295 560 3576 615; x_wconf 83' lang='grc' dir='ltr'><em>ἀπολαύων</em></span> <span class='ocrx_word' id='word_1_468' title='bbox 3603 558 3695 609; x_wconf 73' lang='grc' dir='ltr'><em>καὶ</em></span> 
     </span>
    </p>
   </div>
   <div class='ocr_carea' id='block_1_64' title="bbox 2152 651 3697 741">
    <p class='ocr_par' dir='ltr' id='par_1_64' title="bbox 2152 651 3697 741">
     <span class='ocr_line' id='line_1_65' title="bbox 2152 651 3697 741; baseline -0.015 -18"><span class='ocrx_word' id='word_1_469' title='bbox 2152 673 2298 741; x_wconf 87' lang='grc' dir='ltr'><em>παρά</em></span> <span class='ocrx_word' id='word_1_470' title='bbox 2319 673 2410 724; x_wconf 90' lang='grc' dir='ltr'><em>τοῦ</em></span> <span class='ocrx_word' id='word_1_471' title='bbox 2435 671 2566 724; x_wconf 87' lang='grc' dir='ltr'><em>Θεοῦ</em></span> <span class='ocrx_word' id='word_1_472' title='bbox 2592 673 2683 724; x_wconf 71' lang='grc' dir='ltr'><em>καὶ</em></span> <span class='ocrx_word' id='word_1_473' title='bbox 2709 669 2856 738; x_wconf 84' lang='grc' dir='ltr'><em>παρὰ</em></span> <span class='ocrx_word' id='word_1_474' title='bbox 2879 665 2969 718; x_wconf 86' lang='grc' dir='ltr'><em>τοῦ</em></span> <span class='ocrx_word' id='word_1_475' title='bbox 2999 661 3252 734; x_wconf 87' lang='grc' dir='ltr'><em>βασιλέως</em></span> <span class='ocrx_word' id='word_1_476' title='bbox 3274 657 3506 715; x_wconf 84' lang='grc' dir='ltr'><em>εὐνοίαις</em></span> <span class='ocrx_word' id='word_1_477' title='bbox 3528 653 3581 712; x_wconf 70' lang='grc' dir='ltr'><em>δ,</em></span> <span class='ocrx_word' id='word_1_478' title='bbox 3603 651 3697 702; x_wconf 74' lang='grc' dir='ltr'>οὐκ</span> 
     </span>
    </p>
   </div>
   <div class='ocr_carea' id='block_1_65' title="bbox 2152 742 3701 831">
    <p class='ocr_par' dir='ltr' id='par_1_65' title="bbox 2152 742 3701 831">
     <span class='ocr_line' id='line_1_66' title="bbox 2152 742 3701 831; baseline -0.014 -17"><span class='ocrx_word' id='word_1_479' title='bbox 2152 765 2259 831; x_wconf 78' lang='grc' dir='ltr'><em>ἔχει</em></span> <span class='ocrx_word' id='word_1_480' title='bbox 2279 763 2398 815; x_wconf 87' lang='grc' dir='ltr'><em>τινά</em></span> <span class='ocrx_word' id='word_1_481' title='bbox 2419 763 2662 830; x_wconf 76' lang='grc' dir='ltr'><em>αἴσθησιν</em></span> <span class='ocrx_word' id='word_1_482' title='bbox 2686 762 2790 813; x_wconf 89' lang='grc' dir='ltr'><em>τῶν</em></span> <span class='ocrx_word' id='word_1_483' title='bbox 2820 757 3168 827; x_wconf 84' lang='grc' dir='ltr'><em>πραγμάτων,</em></span> <span class='ocrx_word' id='word_1_484' title='bbox 3196 750 3307 804; x_wconf 90' lang='grc' dir='ltr'><em>ἀλλ’</em></span> <span class='ocrx_word' id='word_1_485' title='bbox 3338 748 3413 809; x_wconf 84' lang='grc' dir='ltr'><em>ὡς</em></span> <span class='ocrx_word' id='word_1_486' title='bbox 3444 744 3603 805; x_wconf 81' lang='grc' dir='ltr'><em>αὐτὸς</em></span> <span class='ocrx_word' id='word_1_487' title='bbox 3629 742 3701 794; x_wconf 76' lang='grc' dir='ltr'><em>ὢν</em></span> 
     </span>
    </p>
   </div>
   <div class='ocr_carea' id='block_1_66' title="bbox 2153 841 3702 920">
    <p class='ocr_par' dir='ltr' id='par_1_66' title="bbox 2153 841 3702 920">
     <span class='ocr_line' id='line_1_67' title="bbox 2153 841 3702 920; baseline -0.014 -11"><span class='ocrx_word' id='word_1_488' title='bbox 2153 861 2208 910; x_wconf 82' lang='grc' dir='ltr'><em>ἐν</em></span> <span class='ocrx_word' id='word_1_489' title='bbox 2244 859 2351 917; x_wconf 90' lang='grc' dir='ltr'><em>τοῖς</em></span> <span class='ocrx_word' id='word_1_490' title='bbox 2383 857 2588 920; x_wconf 82' lang='grc' dir='ltr'><em>δεινοῖς,</em></span> <span class='ocrx_word' id='word_1_491' title='bbox 2630 855 2804 907; x_wconf 80' lang='grc' dir='ltr'><em>αὐτῶν</em></span> <span class='ocrx_word' id='word_1_492' title='bbox 2836 853 2942 905; x_wconf 88' lang='grc' dir='ltr'><em>τῶν</em></span> <span class='ocrx_word' id='word_1_493' title='bbox 2984 851 3149 902; x_wconf 78' lang='grc' dir='ltr'><em>όντων</em></span> <span class='ocrx_word' id='word_1_494' title='bbox 3181 844 3374 914; x_wconf 79' lang='grc' dir='ltr'><em>μᾶλλον</em></span> <span class='ocrx_word' id='word_1_495' title='bbox 3404 841 3656 892; x_wconf 74' lang='grc' dir='ltr'><em>ἐδάκνετο</em></span> <span class='ocrx_word' id='word_1_496' title='bbox 3687 852 3702 860; x_wconf 76' lang='grc'><strong>-</strong></span> 
     </span>
    </p>
   </div>
   <div class='ocr_carea' id='block_1_67' title="bbox 2155 930 3707 1011">
    <p class='ocr_par' dir='ltr' id='par_1_67' title="bbox 2155 930 3707 1011">
     <span class='ocr_line' id='line_1_68' title="bbox 2155 930 3707 1011; baseline -0.014 -10"><span class='ocrx_word' id='word_1_497' title='bbox 2155 951 2268 1011; x_wconf 85' lang='grc' dir='ltr'><em>πῶς</em></span> <span class='ocrx_word' id='word_1_498' title='bbox 2306 950 2369 1001; x_wconf 78' lang='grc' dir='ltr'><em>ἄν</em></span> <span class='ocrx_word' id='word_1_499' title='bbox 2410 967 2493 1011; x_wconf 90' lang='grc' dir='ltr'><em>τις</em></span> <span class='ocrx_word' id='word_1_500' title='bbox 2533 948 2690 1000; x_wconf 82' lang='grc' dir='ltr'><em>αὐτὸν</em></span> <span class='ocrx_word' id='word_1_501' title='bbox 2732 947 2849 998; x_wconf 88' lang='grc' dir='ltr'><em>κατ’</em></span> <span class='ocrx_word' id='word_1_502' title='bbox 2883 943 3036 1006; x_wconf 80' lang='grc' dir='ltr'>ἀξίαν</span> <span class='ocrx_word' id='word_1_503' title='bbox 3069 937 3421 1007; x_wconf 85' lang='grc' dir='ltr'><em>θαυμάσειεν;</em></span> <span class='ocrx_word' id='word_1_504' title='bbox 3469 933 3610 1000; x_wconf 87' lang='grc' dir='ltr'><em>Ὅρα</em></span> <span class='ocrx_word' id='word_1_505' title='bbox 3649 930 3707 980; x_wconf 69' lang='grc' dir='ltr'><em>δὲ</em></span> 
     </span>
    </p>
   </div>
   <div class='ocr_carea' id='block_1_68' title="bbox 2155 1026 3707 1111">
    <p class='ocr_par' dir='ltr' id='par_1_68' title="bbox 2155 1026 3707 1111">
     <span class='ocr_line' id='line_1_69' title="bbox 2155 1026 3707 1111; baseline -0.014 -16"><span class='ocrx_word' id='word_1_506' title='bbox 2155 1044 2248 1094; x_wconf 58' lang='grc' dir='ltr'><em>καὶ⁵</em></span> <span class='ocrx_word' id='word_1_507' title='bbox 2293 1044 2426 1111; x_wconf 86' lang='grc' dir='ltr'><em>μετὰ</em></span> <span class='ocrx_word' id='word_1_508' title='bbox 2455 1043 2550 1103; x_wconf 88' lang='grc' dir='ltr'><em>τάς</em></span> <span class='ocrx_word' id='word_1_509' title='bbox 2583 1041 2786 1108; x_wconf 75' lang='grc' dir='ltr'><em>θλίψεις</em></span> <span class='ocrx_word' id='word_1_510' title='bbox 2818 1038 3021 1098; x_wconf 86' lang='grc' dir='ltr'><em>ἐκείνας</em></span> <span class='ocrx_word' id='word_1_511' title='bbox 3050 1036 3109 1086; x_wconf 78' lang='grc' dir='ltr'><em>ού</em></span> <span class='ocrx_word' id='word_1_512' title='bbox 3143 1029 3440 1101; x_wconf 70' lang='grc' dir='ltr'><em>θαρροῦντα</em></span> <span class='ocrx_word' id='word_1_513' title='bbox 3475 1026 3707 1094; x_wconf 86' lang='grc' dir='ltr'><em>προσελ-</em></span> 
     </span>
    </p>
   </div>
   <div class='ocr_carea' id='block_1_69' title="bbox 2158 1118 3711 1201">
    <p class='ocr_par' dir='ltr' id='par_1_69' title="bbox 2158 1118 3711 1201">
     <span class='ocr_line' id='line_1_70' title="bbox 2158 1118 3711 1201; baseline -0.011 -12"><span class='ocrx_word' id='word_1_514' title='bbox 2158 1139 2294 1200; x_wconf 83' lang='grc' dir='ltr'><em>θεῖν,</em></span> <span class='ocrx_word' id='word_1_515' title='bbox 2335 1137 2439 1198; x_wconf 72' lang='grc' dir='ltr'><em>ἓως</em></span> <span class='ocrx_word' id='word_1_516' title='bbox 2477 1131 2581 1186; x_wconf 74' lang='grc' dir='ltr'><em>εἶδε</em></span> <span class='ocrx_word' id='word_1_517' title='bbox 2620 1133 2706 1186; x_wconf 80' lang='grc' dir='ltr'>τὸν</span> <span class='ocrx_word' id='word_1_518' title='bbox 2747 1132 2933 1201; x_wconf 85' lang='grc' dir='ltr'><em>χρόνον</em></span> <span class='ocrx_word' id='word_1_519' title='bbox 2971 1125 3336 1196; x_wconf 81' lang='grc' dir='ltr'><em>πληρωθέντα.</em></span> <span class='ocrx_word' id='word_1_520' title='bbox 3384 1121 3492 1172; x_wconf 88' lang='grc' dir='ltr'><em>Ποῦ</em></span> <span class='ocrx_word' id='word_1_521' title='bbox 3534 1118 3711 1172; x_wconf 84' lang='grc' dir='ltr'><em>τοίνυν</em></span> 
     </span>
    </p>
   </div>
   <div class='ocr_carea' id='block_1_70' title="bbox 2157 1208 3714 1296">
    <p class='ocr_par' dir='ltr' id='par_1_70' title="bbox 2157 1208 3714 1296">
     <span class='ocr_line' id='line_1_71' title="bbox 2157 1208 3714 1296; baseline -0.012 -16"><span class='ocrx_word' id='word_1_522' title='bbox 2157 1227 2446 1296; x_wconf 83' lang='grc' dir='ltr'><em>κεισόμεθα</em></span> <span class='ocrx_word' id='word_1_523' title='bbox 2483 1225 2663 1278; x_wconf 84' lang='grc' dir='ltr'><em>λοιπὸν</em></span> <span class='ocrx_word' id='word_1_524' title='bbox 2703 1226 2859 1292; x_wconf 82' lang='grc' dir='ltr'><em>ἡμεῖς</em></span> <span class='ocrx_word' id='word_1_525' title='bbox 2890 1223 2937 1274; x_wconf 91' lang='grc' dir='ltr'><em>οἱ</em></span> <span class='ocrx_word' id='word_1_526' title='bbox 2967 1220 3168 1282; x_wconf 82' lang='grc' dir='ltr'><em>άθλιοι;</em></span> <span class='ocrx_word' id='word_1_527' title='bbox 3211 1217 3274 1268; x_wconf 95' lang='grc' dir='ltr'><em>Τί</em></span> <span class='ocrx_word' id='word_1_528' title='bbox 3305 1215 3505 1281; x_wconf 84' lang='grc' dir='ltr'><em>λέγεις,</em></span> <span class='ocrx_word' id='word_1_529' title='bbox 3538 1208 3582 1264; x_wconf 81' lang='grc' dir='ltr'><strong>ὦ</strong></span> <span class='ocrx_word' id='word_1_530' title='bbox 3609 1217 3714 1265; x_wconf 87' lang='grc' dir='ltr'><em>Δα-</em></span> 
     </span>
    </p>
   </div>
   <div class='ocr_carea' id='block_1_71' title="bbox 2157 1306 3710 1388">
    <p class='ocr_par' dir='ltr' id='par_1_71' title="bbox 2157 1306 3710 1388">
     <span class='ocr_line' id='line_1_72' title="bbox 2157 1306 3710 1388; baseline -0.009 -17"><span class='ocrx_word' id='word_1_531' title='bbox 2157 1319 2303 1388; x_wconf 86' lang='grc' dir='ltr'><em>νιήλ;</em></span> <span class='ocrx_word' id='word_1_532' title='bbox 2335 1321 2390 1370; x_wconf 88' lang='grc' dir='ltr'><em>ἐν</em></span> <span class='ocrx_word' id='word_1_533' title='bbox 2422 1318 2640 1384; x_wconf 85' lang='grc' dir='ltr'>ἀγαθοῖς</span> <span class='ocrx_word' id='word_1_534' title='bbox 2667 1313 2715 1368; x_wconf 78' lang='grc' dir='ltr'><em>εἷ</em></span> <span class='ocrx_word' id='word_1_535' title='bbox 2744 1317 2828 1377; x_wconf 84' lang='grc' dir='ltr'><em>σὺ,</em></span> <span class='ocrx_word' id='word_1_536' title='bbox 2863 1315 3024 1383; x_wconf 77' lang='grc' dir='ltr'><em>τιμῆς</em></span> <span class='ocrx_word' id='word_1_537' title='bbox 3058 1309 3340 1370; x_wconf 86' lang='grc' dir='ltr'><em>ἀπολαύεις</em></span> <span class='ocrx_word' id='word_1_538' title='bbox 3375 1308 3525 1376; x_wconf 86' lang='grc' dir='ltr'><em>παρά</em></span> <span class='ocrx_word' id='word_1_539' title='bbox 3555 1306 3710 1368; x_wconf 83' lang='grc' dir='ltr'><em>Θεοῦ,</em></span> 
     </span>
    </p>
   </div>
   <div class='ocr_carea' id='block_1_72' title="bbox 2160 1400 3714 1479">
    <p class='ocr_par' dir='ltr' id='par_1_72' title="bbox 2160 1400 3714 1479">
     <span class='ocr_line' id='line_1_73' title="bbox 2160 1400 3714 1479; baseline -0.008 -16"><span class='ocrx_word' id='word_1_540' title='bbox 2160 1411 2306 1479; x_wconf 86' lang='grc' dir='ltr'><em>παρά</em></span> <span class='ocrx_word' id='word_1_541' title='bbox 2342 1409 2634 1479; x_wconf 83' lang='grc' dir='ltr'><em>ἀνθρώπων</em></span> <span class='ocrx_word' id='word_1_542' title='bbox 2670 1426 2682 1438; x_wconf 90' lang='grc'><strong>·</strong></span> <span class='ocrx_word' id='word_1_543' title='bbox 2723 1409 2775 1460; x_wconf 89' lang='grc' dir='ltr'><em>τί</em></span> <span class='ocrx_word' id='word_1_544' title='bbox 2815 1424 2894 1459; x_wconf 92' lang='grc' dir='ltr'><em>σοι</em></span> <span class='ocrx_word' id='word_1_545' title='bbox 2937 1405 3112 1476; x_wconf 83' lang='grc' dir='ltr'><em>μέλλει</em></span> <span class='ocrx_word' id='word_1_546' title='bbox 3144 1403 3202 1472; x_wconf 85' lang='grc' dir='ltr'><em>(ί.</em></span> <span class='ocrx_word' id='word_1_547' title='bbox 3242 1402 3410 1471; x_wconf 87' lang='grc' dir='ltr'><em>μέλει)</em></span> <span class='ocrx_word' id='word_1_548' title='bbox 3443 1400 3572 1470; x_wconf 73' lang='grc' dir='ltr'><em>περὶ</em></span> <span class='ocrx_word' id='word_1_549' title='bbox 3606 1400 3714 1452; x_wconf 86' lang='grc' dir='ltr'><em>τῶν</em></span> 
     </span>
    </p>
   </div>
   <div class='ocr_carea' id='block_1_73' title="bbox 2160 1495 3716 1570">
    <p class='ocr_par' dir='ltr' id='par_1_73' title="bbox 2160 1495 3716 1570">
     <span class='ocr_line' id='line_1_74' title="bbox 2160 1495 3716 1570; baseline -0.006 -14"><span class='ocrx_word' id='word_1_550' title='bbox 2160 1503 2359 1566; x_wconf 78' lang='grc' dir='ltr'><em>ἀλλων;</em></span> <span class='ocrx_word' id='word_1_551' title='bbox 2394 1501 2546 1555; x_wconf 82' lang='grc' dir='ltr'><em>υῦτω</em></span> <span class='ocrx_word' id='word_1_552' title='bbox 2572 1503 2664 1554; x_wconf 79' lang='grc' dir='ltr'>καὶ</span> <span class='ocrx_word' id='word_1_553' title='bbox 2692 1500 2925 1570; x_wconf 79' lang='grc' dir='ltr'><em>Μωῦσῆς</em></span> <span class='ocrx_word' id='word_1_554' title='bbox 2950 1499 3138 1550; x_wconf 84' lang='grc' dir='ltr'><em>ἐποίει.</em></span> <span class='ocrx_word' id='word_1_555' title='bbox 3176 1496 3283 1548; x_wconf 71' lang='grc' dir='ltr'><em>Καὶ</em></span> <span class='ocrx_word' id='word_1_556' title='bbox 3317 1495 3369 1546; x_wconf 86' lang='grc' dir='ltr'><em>τί</em></span> <span class='ocrx_word' id='word_1_557' title='bbox 3410 1512 3578 1563; x_wconf 75' lang='grc' dir='ltr'><em>φησις</em></span> <span class='ocrx_word' id='word_1_558' title='bbox 3622 1495 3716 1548; x_wconf 77' lang='grc' dir='ltr'><em>Ἐν</em></span> 
     </span>
    </p>
   </div>
   <div class='ocr_carea' id='block_1_74' title="bbox 2162 1591 3717 1662">
    <p class='ocr_par' dir='ltr' id='par_1_74' title="bbox 2162 1591 3717 1662">
     <span class='ocr_line' id='line_1_75' title="bbox 2162 1591 3717 1662; baseline -0.005 -12"><span class='ocrx_word' id='word_1_559' title='bbox 2162 1598 2463 1662; x_wconf 82' lang='grc' dir='ltr'><em>νηστείαις</em></span> <span class='ocrx_word' id='word_1_560' title='bbox 2512 1596 2610 1649; x_wconf 79' lang='grc' dir='ltr'><em>καί</em></span> <span class='ocrx_word' id='word_1_561' title='bbox 2657 1595 2859 1660; x_wconf 81' lang='grc' dir='ltr'><em>σάκκῳ</em></span> <span class='ocrx_word' id='word_1_562' title='bbox 2909 1595 3002 1646; x_wconf 79' lang='grc' dir='ltr'><em>καί</em></span> <span class='ocrx_word' id='word_1_563' title='bbox 3035 1591 3234 1654; x_wconf 85' lang='grc' dir='ltr'><em>σποδῷ</em></span> <span class='ocrx_word' id='word_1_564' title='bbox 3283 1591 3350 1643; x_wconf 88' lang='grc' dir='ltr'><em>τά</em></span> <span class='ocrx_word' id='word_1_565' title='bbox 3395 1591 3717 1659; x_wconf 83' lang='grc' dir='ltr'><em>ὀφειλόμενα</em></span> 
     </span>
    </p>
   </div>
   <div class='ocr_carea' id='block_1_75' title="bbox 2166 1684 3715 1756">
    <p class='ocr_par' dir='ltr' id='par_1_75' title="bbox 2166 1684 3715 1756">
     <span class='ocr_line' id='line_1_76' title="bbox 2166 1684 3715 1756; baseline -0.005 -14"><span class='ocrx_word' id='word_1_566' title='bbox 2166 1689 2426 1742; x_wconf 83' lang='grc' dir='ltr'><em>ἀπαιτῶν.</em></span> <span class='ocrx_word' id='word_1_567' title='bbox 2470 1689 2533 1738; x_wconf 88' lang='grc' dir='ltr'><em>Τί</em></span> <span class='ocrx_word' id='word_1_568' title='bbox 2566 1688 2693 1756; x_wconf 90' lang='grc' dir='ltr'><em>γάρ,</em></span> <span class='ocrx_word' id='word_1_569' title='bbox 2733 1689 2779 1738; x_wconf 87' lang='grc' dir='ltr'><em>εί</em></span> <span class='ocrx_word' id='word_1_570' title='bbox 2817 1685 3102 1751; x_wconf 82' lang='grc' dir='ltr'><em>ὠφείλετο;</em></span> <span class='ocrx_word' id='word_1_571' title='bbox 3137 1685 3358 1753; x_wconf 88' lang='grc' dir='ltr'><em>Μήποτε</em></span> <span class='ocrx_word' id='word_1_572' title='bbox 3401 1685 3493 1736; x_wconf 78' lang='grc' dir='ltr'><em>καὶ</em></span> <span class='ocrx_word' id='word_1_573' title='bbox 3528 1684 3715 1736; x_wconf 87' lang='grc' dir='ltr'><em>τούτου</em></span> 
     </span>
    </p>
   </div>
   <div class='ocr_carea' id='block_1_76' title="bbox 2167 1776 3716 1846">
    <p class='ocr_par' dir='ltr' id='par_1_76' title="bbox 2167 1776 3716 1846">
     <span class='ocr_line' id='line_1_77' title="bbox 2167 1776 3716 1846; baseline -0.003 -12"><span class='ocrx_word' id='word_1_574' title='bbox 2167 1782 2410 1844; x_wconf 80' lang='grc' dir='ltr'><em>ἀναξίους</em></span> <span class='ocrx_word' id='word_1_575' title='bbox 2454 1781 2672 1840; x_wconf 76' lang='grc' dir='ltr'><em>ἑαυτοὺς</em></span> <span class='ocrx_word' id='word_1_576' title='bbox 2722 1779 2993 1846; x_wconf 81' lang='grc' dir='ltr'><em>ἐποίησαν.</em></span> <span class='ocrx_word' id='word_1_577' title='bbox 3045 1776 3120 1830; x_wconf 82' lang='grc' dir='ltr'><em>Οὐ</em></span> <span class='ocrx_word' id='word_1_578' title='bbox 3169 1778 3275 1844; x_wconf 83' lang='grc' dir='ltr'><em>γάρ</em></span> <span class='ocrx_word' id='word_1_579' title='bbox 3317 1778 3460 1828; x_wconf 89' lang='grc' dir='ltr'><em>ἐστιν</em></span> <span class='ocrx_word' id='word_1_580' title='bbox 3506 1778 3716 1846; x_wconf 83' lang='grc' dir='ltr'><em>ἀνάγκη</em></span> 
     </span>
    </p>
   </div>
   <div class='ocr_carea' id='block_1_77' title="bbox 2169 1868 3714 1943">
    <p class='ocr_par' dir='ltr' id='par_1_77' title="bbox 2169 1868 3714 1943">
     <span class='ocr_line' id='line_1_78' title="bbox 2169 1868 3714 1943; baseline -0.003 -17"><span class='ocrx_word' id='word_1_581' title='bbox 2169 1875 2314 1943; x_wconf 87' lang='grc' dir='ltr'><em>παρά</em></span> <span class='ocrx_word' id='word_1_582' title='bbox 2336 1872 2452 1941; x_wconf 85' lang='grc' dir='ltr'><em>Θεῷ</em></span> <span class='ocrx_word' id='word_1_583' title='bbox 2472 1890 2484 1899; x_wconf 86' lang='grc'><strong>·</strong></span> <span class='ocrx_word' id='word_1_584' title='bbox 2511 1871 2773 1940; x_wconf 87' lang='grc' dir='ltr'><em>ἀνώτερος</em></span> <span class='ocrx_word' id='word_1_585' title='bbox 2795 1871 2968 1938; x_wconf 89' lang='grc' dir='ltr'><em>νόμων</em></span> <span class='ocrx_word' id='word_1_586' title='bbox 2989 1869 3118 1922; x_wconf 85' lang='grc' dir='ltr'><em>ἐστί.</em></span> <span class='ocrx_word' id='word_1_587' title='bbox 3147 1870 3252 1923; x_wconf 84' lang='grc' dir='ltr'><em>Τοῦ</em></span> <span class='ocrx_word' id='word_1_588' title='bbox 3275 1868 3538 1934; x_wconf 71' lang='grc' dir='ltr'><em>ζητῆσαι,</em></span> <span class='ocrx_word' id='word_1_589' title='bbox 3565 1873 3714 1940; x_wconf 78' lang='grc' dir='ltr'><em>φησὶ,</em></span> 
     </span>
    </p>
   </div>
   <div class='ocr_carea' id='block_1_78' title="bbox 2168 1962 3718 2034">
    <p class='ocr_par' dir='ltr' id='par_1_78' title="bbox 2168 1962 3718 2034">
     <span class='ocr_line' id='line_1_79' title="bbox 2168 1962 3718 2034; baseline -0.002 -16"><span class='ocrx_word' id='word_1_590' title='bbox 2168 1966 2513 2034; x_wconf 79' lang='grc' dir='ltr'><em>προσευχὴν</em></span> <span class='ocrx_word' id='word_1_591' title='bbox 2540 1965 2636 2018; x_wconf 81' lang='grc' dir='ltr'><em>καὶ</em></span> <span class='ocrx_word' id='word_1_592' title='bbox 2673 1964 2896 2030; x_wconf 83' lang='grc' dir='ltr'><em>δέησιν.</em></span> <span class='ocrx_word' id='word_1_593' title='bbox 2937 1963 3152 2032; x_wconf 90' lang='grc' dir='ltr'><em>Πρῶτον</em></span> <span class='ocrx_word' id='word_1_594' title='bbox 3179 1962 3332 2013; x_wconf 85' lang='grc' dir='ltr'><em>τοῦτο</em></span> <span class='ocrx_word' id='word_1_595' title='bbox 3357 1963 3620 2030; x_wconf 83' lang='grc' dir='ltr'><em>ἐπιζητεῖ.</em></span> <span class='ocrx_word' id='word_1_596' title='bbox 3654 1965 3718 2015; x_wconf 69' lang='lat' dir='ltr'><em>Et</em></span> 
     </span>
    </p>
   </div>
   <div class='ocr_carea' id='block_1_79' title="bbox 2169 2057 3718 2131">
    <p class='ocr_par' dir='ltr' id='par_1_79' title="bbox 2169 2057 3718 2131">
     <span class='ocr_line' id='line_1_80' title="bbox 2169 2057 3718 2131; baseline -0.002 -19"><span class='ocrx_word' id='word_1_597' title='bbox 2169 2062 2444 2131; x_wconf 80' lang='grc' dir='ltr'><em>ἐπιτρέπει</em></span> <span class='ocrx_word' id='word_1_598' title='bbox 2488 2078 2594 2129; x_wconf 90' lang='grc' dir='ltr'><em>μοι,</em></span> <span class='ocrx_word' id='word_1_599' title='bbox 2625 2059 2773 2128; x_wconf 74' lang='grc' dir='ltr'>φησὶ,</span> <span class='ocrx_word' id='word_1_600' title='bbox 2814 2057 3064 2121; x_wconf 73' lang='grc' dir='ltr'><em>εὔξασθαι</em></span> <span class='ocrx_word' id='word_1_601' title='bbox 3098 2057 3232 2124; x_wconf 84' lang='grc' dir='ltr'><em>ὑπὲρ</em></span> <span class='ocrx_word' id='word_1_602' title='bbox 3271 2057 3447 2108; x_wconf 81' lang='grc' dir='ltr'><em>αὐτῶν</em></span> <span class='ocrx_word' id='word_1_603' title='bbox 3483 2072 3496 2084; x_wconf 88' lang='grc'><strong>·</strong></span> <span class='ocrx_word' id='word_1_604' title='bbox 3534 2058 3718 2126; x_wconf 80' lang='grc' dir='ltr'><em>ἐπειδὴ</em></span> 
     </span>
    </p>
   </div>
   <div class='ocr_carea' id='block_1_80' title="bbox 2170 2150 3720 2226">
    <p class='ocr_par' dir='ltr' id='par_1_80' title="bbox 2170 2150 3720 2226">
     <span class='ocr_line' id='line_1_81' title="bbox 2170 2150 3720 2226; baseline -0.002 -19"><span class='ocrx_word' id='word_1_605' title='bbox 2170 2159 2392 2226; x_wconf 72' lang='grc' dir='ltr'><em>ἥκουσεν</em></span> <span class='ocrx_word' id='word_1_606' title='bbox 2424 2155 2679 2224; x_wconf 85' lang='grc' dir='ltr'><em>Ἱερεμίου</em></span> <span class='ocrx_word' id='word_1_607' title='bbox 2706 2151 2858 2204; x_wconf 88' lang='grc' dir='ltr'><em>τοῦτο</em></span> <span class='ocrx_word' id='word_1_608' title='bbox 2889 2150 3184 2211; x_wconf 89' lang='grc' dir='ltr'><em>ἀκούοντος,</em></span> <span class='ocrx_word' id='word_1_609' title='bbox 3215 2151 3294 2200; x_wconf 85' lang='grc' dir='ltr'><em>ὅτι</em></span> <span class='ocrx_word' id='word_1_610' title='bbox 3339 2150 3436 2216; x_wconf 78' lang='grc' dir='ltr'><em>Μὴ</em></span> <span class='ocrx_word' id='word_1_611' title='bbox 3471 2155 3720 2217; x_wconf 74' lang='grc' dir='ltr'><em>προσεύ-</em></span> 
     </span>
    </p>
   </div>
   <div class='ocr_carea' id='block_1_81' title="bbox 2171 2242 3723 2315">
    <p class='ocr_par' dir='ltr' id='par_1_81' title="bbox 2171 2242 3723 2315">
     <span class='ocr_line' id='line_1_82' title="bbox 2171 2242 3723 2315; baseline -0.002 -16"><span class='ocrx_word' id='word_1_612' title='bbox 2171 2266 2280 2315; x_wconf 83' lang='grc' dir='ltr'><em>χου</em></span> <span class='ocrx_word' id='word_1_613' title='bbox 2319 2248 2464 2312; x_wconf 81' lang='grc' dir='ltr'><em>ὑπὲρ</em></span> <span class='ocrx_word' id='word_1_614' title='bbox 2504 2247 2606 2299; x_wconf 85' lang='grc' dir='ltr'><em>τοῦ</em></span> <span class='ocrx_word' id='word_1_615' title='bbox 2648 2244 2795 2298; x_wconf 88' lang='grc' dir='ltr'><em>λαοῦ</em></span> <span class='ocrx_word' id='word_1_616' title='bbox 2837 2244 3064 2305; x_wconf 84' lang='grc' dir='ltr'><em>τούτου,</em></span> <span class='ocrx_word' id='word_1_617' title='bbox 3107 2242 3201 2295; x_wconf 79' lang='grc' dir='ltr'><em>καί</em></span> <span class='ocrx_word' id='word_1_618' title='bbox 3238 2243 3321 2309; x_wconf 83' lang='grc' dir='ltr'><em>μὴ</em></span> <span class='ocrx_word' id='word_1_619' title='bbox 3359 2243 3534 2305; x_wconf 79' lang='grc' dir='ltr'><em>ἀξίου</em></span> <span class='ocrx_word' id='word_1_620' title='bbox 3573 2243 3723 2312; x_wconf 71' lang='grc' dir='ltr'><em>ὑπὲρ</em></span> 
     </span>
    </p>
   </div>
   <div class='ocr_carea' id='block_1_82' title="bbox 2171 2335 3718 2406">
    <p class='ocr_par' dir='ltr' id='par_1_82' title="bbox 2171 2335 3718 2406">
     <span class='ocr_line' id='line_1_83' title="bbox 2171 2335 3718 2406; baseline -0.002 -14"><span class='ocrx_word' id='word_1_621' title='bbox 2171 2339 2382 2392; x_wconf 86' lang='grc' dir='ltr'><em>αὐτῶν.</em></span> <span class='ocrx_word' id='word_1_622' title='bbox 2421 2340 2593 2405; x_wconf 89' lang='grc' dir='ltr'><em>Ἔχων</em></span> <span class='ocrx_word' id='word_1_623' title='bbox 2629 2337 2700 2406; x_wconf 88' lang='lat' dir='ltr'><em>(f.</em></span> <span class='ocrx_word' id='word_1_624' title='bbox 2749 2339 2871 2390; x_wconf 87' lang='lat' dir='ltr'><em>add.</em></span> <span class='ocrx_word' id='word_1_625' title='bbox 2903 2335 3030 2405; x_wconf 83' lang='grc' dir='ltr'><em>τὴν)</em></span> <span class='ocrx_word' id='word_1_626' title='bbox 3069 2335 3174 2386; x_wconf 83' lang='grc' dir='ltr'><em>ἀπὸ</em></span> <span class='ocrx_word' id='word_1_627' title='bbox 3205 2336 3297 2403; x_wconf 80' lang='grc' dir='ltr'><em>τῆς</em></span> <span class='ocrx_word' id='word_1_628' title='bbox 3327 2337 3718 2404; x_wconf 74' lang='grc' dir='ltr'><em>αἰχμαλωσίας,</em></span> 
     </span>
    </p>
   </div>
   <div class='ocr_carea' id='block_1_83' title="bbox 2171 2427 3724 2500">
    <p class='ocr_par' dir='ltr' id='par_1_83' title="bbox 2171 2427 3724 2500">
     <span class='ocr_line' id='line_1_84' title="bbox 2171 2427 3724 2500; baseline 0.001 -19"><span class='ocrx_word' id='word_1_629' title='bbox 2171 2432 2266 2500; x_wconf 87' lang='grc' dir='ltr'><em>τὴν</em></span> <span class='ocrx_word' id='word_1_630' title='bbox 2317 2431 2421 2484; x_wconf 83' lang='grc' dir='ltr'><em>ἀπὸ</em></span> <span class='ocrx_word' id='word_1_631' title='bbox 2477 2430 2580 2482; x_wconf 84' lang='grc' dir='ltr'><em>τῶν</em></span> <span class='ocrx_word' id='word_1_632' title='bbox 2641 2431 2840 2500; x_wconf 84' lang='grc' dir='ltr'><em>χρόνων</em></span> <span class='ocrx_word' id='word_1_633' title='bbox 2911 2428 3245 2498; x_wconf 81' lang='grc' dir='ltr'><em>συμμαχίαν,</em></span> <span class='ocrx_word' id='word_1_634' title='bbox 3310 2427 3406 2496; x_wconf 82' lang='grc' dir='ltr'><em>τὴν</em></span> <span class='ocrx_word' id='word_1_635' title='bbox 3461 2429 3572 2482; x_wconf 76' lang='grc' dir='ltr'><em>ἀπὸ</em></span> <span class='ocrx_word' id='word_1_636' title='bbox 3627 2431 3724 2499; x_wconf 86' lang='grc' dir='ltr'><em>τῆς</em></span> 
     </span>
    </p>
   </div>
   <div class='ocr_carea' id='block_1_84' title="bbox 2174 2522 3723 2596">
    <p class='ocr_par' dir='ltr' id='par_1_84' title="bbox 2174 2522 3723 2596">
     <span class='ocr_line' id='line_1_85' title="bbox 2174 2522 3723 2596; baseline 0.001 -19"><span class='ocrx_word' id='word_1_637' title='bbox 2174 2526 2378 2587; x_wconf 82' lang='grc' dir='ltr'>οἰκείας</span> <span class='ocrx_word' id='word_1_638' title='bbox 2402 2525 2614 2593; x_wconf 84' lang='grc' dir='ltr'><em>ἀρετῆς,</em></span> <span class='ocrx_word' id='word_1_639' title='bbox 2642 2525 2731 2575; x_wconf 79' lang='grc' dir='ltr'><em>καὶ</em></span> <span class='ocrx_word' id='word_1_640' title='bbox 2755 2523 2845 2575; x_wconf 88' lang='lat'><em>106</em></span> <span class='ocrx_word' id='word_1_641' title='bbox 2872 2524 3035 2592; x_wconf 84' lang='grc' dir='ltr'><em>μυρία</em></span> <span class='ocrx_word' id='word_1_642' title='bbox 3058 2522 3261 2586; x_wconf 82' lang='grc' dir='ltr'><em>παθεῖν,</em></span> <span class='ocrx_word' id='word_1_643' title='bbox 3281 2522 3488 2574; x_wconf 84' lang='grc' dir='ltr'><em>οὐδέπω</em></span> <span class='ocrx_word' id='word_1_644' title='bbox 3513 2524 3723 2596; x_wconf 77' lang='grc' dir='ltr'><em>θαρρεῖ,</em></span> 
     </span>
    </p>
   </div>
   <div class='ocr_carea' id='block_1_85' title="bbox 2176 2616 3724 2687">
    <p class='ocr_par' dir='ltr' id='par_1_85' title="bbox 2176 2616 3724 2687">
     <span class='ocr_line' id='line_1_86' title="bbox 2176 2616 3724 2687; baseline 0 -15"><span class='ocrx_word' id='word_1_645' title='bbox 2176 2620 2307 2672; x_wconf 88' lang='grc' dir='ltr'><em>ἀλλά</em></span> <span class='ocrx_word' id='word_1_646' title='bbox 2321 2620 2519 2687; x_wconf 89' lang='grc' dir='ltr'><em>τέφραν</em></span> <span class='ocrx_word' id='word_1_647' title='bbox 2536 2618 3010 2687; x_wconf 88' lang='grc' dir='ltr'><em>ύποστρωσάμενος</em></span> <span class='ocrx_word' id='word_1_648' title='bbox 3023 2617 3113 2668; x_wconf 69' lang='grc' dir='ltr'><em>καὶ</em></span> <span class='ocrx_word' id='word_1_649' title='bbox 3128 2617 3342 2678; x_wconf 82' lang='grc' dir='ltr'>σάκκον,</span> <span class='ocrx_word' id='word_1_650' title='bbox 3357 2616 3528 2678; x_wconf 76' lang='grc' dir='ltr'><em>οὕτως</em></span> <span class='ocrx_word' id='word_1_651' title='bbox 3541 2618 3724 2673; x_wconf 85' lang='grc' dir='ltr'><em>ἐδεῖτο.</em></span> 
     </span>
    </p>
   </div>
   <div class='ocr_carea' id='block_1_86' title="bbox 2177 2708 3728 2783">
    <p class='ocr_par' dir='ltr' id='par_1_86' title="bbox 2177 2708 3728 2783">
     <span class='ocr_line' id='line_1_87' title="bbox 2177 2708 3728 2783; baseline 0.001 -19"><span class='ocrx_word' id='word_1_652' title='bbox 2177 2715 2240 2765; x_wconf 89' lang='grc' dir='ltr'><em>Τί</em></span> <span class='ocrx_word' id='word_1_653' title='bbox 2268 2714 2556 2781; x_wconf 88' lang='grc' dir='ltr'><em>ποιήσομεν</em></span> <span class='ocrx_word' id='word_1_654' title='bbox 2578 2713 2733 2780; x_wconf 78' lang='grc' dir='ltr'><em>ἡμεῖς</em></span> <span class='ocrx_word' id='word_1_655' title='bbox 2758 2711 2807 2761; x_wconf 85' lang='grc' dir='ltr'><em>οί</em></span> <span class='ocrx_word' id='word_1_656' title='bbox 2834 2710 3116 2777; x_wconf 86' lang='grc' dir='ltr'><em>ἀνάλγητοι</em></span> <span class='ocrx_word' id='word_1_657' title='bbox 3137 2727 3150 2774; x_wconf 90' lang='grc'>;</span> <span class='ocrx_word' id='word_1_658' title='bbox 3175 2708 3371 2762; x_wconf 87' lang='grc' dir='ltr'><em>Τοῦτον</em></span> <span class='ocrx_word' id='word_1_659' title='bbox 3394 2712 3539 2778; x_wconf 78' lang='grc' dir='ltr'>ἡμᾶς</span> <span class='ocrx_word' id='word_1_660' title='bbox 3562 2713 3728 2783; x_wconf 77' lang='grc' dir='ltr'><em>ἐχρῆν</em></span> 
     </span>
    </p>
   </div>
   <div class='ocr_carea' id='block_1_87' title="bbox 2181 2802 3730 2875">
    <p class='ocr_par' dir='ltr' id='par_1_87' title="bbox 2181 2802 3730 2875">
     <span class='ocr_line' id='line_1_88' title="bbox 2181 2802 3730 2875; baseline 0 -19"><span class='ocrx_word' id='word_1_661' title='bbox 2181 2804 2473 2874; x_wconf 86' lang='grc' dir='ltr'><em>μιμεῖσθαι.</em></span> <span class='ocrx_word' id='word_1_662' title='bbox 2509 2803 2619 2854; x_wconf 83' lang='grc' dir='ltr'><em>Ἵνα</em></span> <span class='ocrx_word' id='word_1_663' title='bbox 2662 2802 2768 2871; x_wconf 84' lang='grc' dir='ltr'><em>γὰρ</em></span> <span class='ocrx_word' id='word_1_664' title='bbox 2809 2803 2881 2870; x_wconf 89' lang='grc' dir='ltr'><em>μή</em></span> <span class='ocrx_word' id='word_1_665' title='bbox 2916 2819 2996 2864; x_wconf 88' lang='grc' dir='ltr'><em>τις</em></span> <span class='ocrx_word' id='word_1_666' title='bbox 3028 2802 3178 2875; x_wconf 81' lang='grc' dir='ltr'><em>λέγῃ,</em></span> <span class='ocrx_word' id='word_1_667' title='bbox 3215 2802 3294 2854; x_wconf 82' lang='grc' dir='ltr'><em>ὅτι</em></span> <span class='ocrx_word' id='word_1_668' title='bbox 3332 2802 3416 2853; x_wconf 77' lang='grc' dir='ltr'><em>διὰ</em></span> <span class='ocrx_word' id='word_1_669' title='bbox 3455 2805 3646 2855; x_wconf 85' lang='grc' dir='ltr'><em>πενίαν</em></span> <span class='ocrx_word' id='word_1_670' title='bbox 3682 2806 3730 2856; x_wconf 76' lang='grc' dir='ltr'><em>οἱ</em></span> 
     </span>
    </p>
   </div>
   <div class='ocr_carea' id='block_1_88' title="bbox 2177 2895 3731 2967">
    <p class='ocr_par' dir='ltr' id='par_1_88' title="bbox 2177 2895 3731 2967">
     <span class='ocr_line' id='line_1_89' title="bbox 2177 2895 3731 2967; baseline 0 -18"><span class='ocrx_word' id='word_1_671' title='bbox 2177 2899 2346 2949; x_wconf 73' lang='grc' dir='ltr'><em>λοιποὶ</em></span> <span class='ocrx_word' id='word_1_672' title='bbox 2385 2899 2650 2967; x_wconf 74' lang='grc' dir='ltr'><em>προφῆται</em></span> <span class='ocrx_word' id='word_1_673' title='bbox 2688 2895 2856 2947; x_wconf 85' lang='grc' dir='ltr'><em>ταῦτα</em></span> <span class='ocrx_word' id='word_1_674' title='bbox 2892 2895 3100 2947; x_wconf 81' lang='grc' dir='ltr'><em>ἐποίουν</em></span> <span class='ocrx_word' id='word_1_675' title='bbox 3131 2909 3150 2927; x_wconf 84' lang='grc'>⁶</span> <span class='ocrx_word' id='word_1_676' title='bbox 3184 2895 3211 2945; x_wconf 97' lang='lat'><em>6</em></span> <span class='ocrx_word' id='word_1_677' title='bbox 3250 2896 3479 2963; x_wconf 85' lang='grc' dir='ltr'><em>μάλιστα</em></span> <span class='ocrx_word' id='word_1_678' title='bbox 3517 2897 3731 2950; x_wconf 77' lang='grc' dir='ltr'><em>πάντων</em></span> 
     </span>
    </p>
   </div>
   <div class='ocr_carea' id='block_1_89' title="bbox 2181 2983 3732 3061">
    <p class='ocr_par' dir='ltr' id='par_1_89' title="bbox 2181 2983 3732 3061">
     <span class='ocr_line' id='line_1_90' title="bbox 2181 2983 3732 3061; baseline -0.001 -17"><span class='ocrx_word' id='word_1_679' title='bbox 2181 2992 2312 3061; x_wconf 85' lang='grc' dir='ltr'><em>πρὸς</em></span> <span class='ocrx_word' id='word_1_680' title='bbox 2358 2990 2671 3059; x_wconf 77' lang='grc' dir='ltr'><em>ἀξιωμάτων</em></span> <span class='ocrx_word' id='word_1_681' title='bbox 2715 2989 2937 3056; x_wconf 86' lang='grc' dir='ltr'><em>μέγεθος</em></span> <span class='ocrx_word' id='word_1_682' title='bbox 2980 2987 3257 3056; x_wconf 74' lang='grc' dir='ltr'><em>ἀναχθεὶς,</em></span> <span class='ocrx_word' id='word_1_683' title='bbox 3303 2983 3453 3051; x_wconf 75' lang='grc' dir='ltr'><em>οὗτος</em></span> <span class='ocrx_word' id='word_1_684' title='bbox 3503 2991 3732 3059; x_wconf 87' lang='grc' dir='ltr'><em>μάλιστα</em></span> 
     </span>
    </p>
   </div>
   <div class='ocr_carea' id='block_1_90' title="bbox 2181 3080 3735 3151">
    <p class='ocr_par' dir='ltr' id='par_1_90' title="bbox 2181 3080 3735 3151">
     <span class='ocr_line' id='line_1_91' title="bbox 2181 3080 3735 3151; baseline -0.004 -14"><span class='ocrx_word' id='word_1_685' title='bbox 2181 3085 2392 3137; x_wconf 89' lang='grc' dir='ltr'><em>πάντων</em></span> <span class='ocrx_word' id='word_1_686' title='bbox 2414 3081 2768 3135; x_wconf 88' lang='grc' dir='ltr'><em>ταπεινοῦται.</em></span> <span class='ocrx_word' id='word_1_687' title='bbox 2796 3081 2902 3132; x_wconf 80' lang='grc' dir='ltr'><em>Καὶ</em></span> <span class='ocrx_word' id='word_1_688' title='bbox 2928 3080 3031 3133; x_wconf 84' lang='grc' dir='ltr'><em>ἀπὸ</em></span> <span class='ocrx_word' id='word_1_689' title='bbox 3060 3080 3150 3133; x_wconf 89' lang='grc' dir='ltr'><em>τοῦ</em></span> <span class='ocrx_word' id='word_1_690' title='bbox 3179 3080 3482 3149; x_wconf 87' lang='grc' dir='ltr'><em>σπέρματος</em></span> <span class='ocrx_word' id='word_1_691' title='bbox 3512 3083 3613 3150; x_wconf 84' lang='grc' dir='ltr'><em>τῆς</em></span> <span class='ocrx_word' id='word_1_692' title='bbox 3643 3083 3735 3151; x_wconf 83' lang='grc' dir='ltr'><em>βα-</em></span> 
     </span>
    </p>
   </div>
   <div class='ocr_carea' id='block_1_91' title="bbox 2183 3175 3735 3246">
    <p class='ocr_par' dir='ltr' id='par_1_91' title="bbox 2183 3175 3735 3246">
     <span class='ocr_line' id='line_1_92' title="bbox 2183 3175 3735 3246; baseline 0.001 -17"><span class='ocrx_word' id='word_1_693' title='bbox 2183 3179 2376 3239; x_wconf 87' lang='grc' dir='ltr'><em>σιλείας</em></span> <span class='ocrx_word' id='word_1_694' title='bbox 2400 3175 2483 3246; x_wconf 81' lang='grc' dir='ltr'><em>ἦν,</em></span> <span class='ocrx_word' id='word_1_695' title='bbox 2506 3179 2596 3229; x_wconf 80' lang='grc' dir='ltr'><em>καὶ</em></span> <span class='ocrx_word' id='word_1_696' title='bbox 2623 3175 2882 3227; x_wconf 85' lang='grc' dir='ltr'><em>τοσούτων</em></span> <span class='ocrx_word' id='word_1_697' title='bbox 2907 3175 3221 3228; x_wconf 88' lang='grc' dir='ltr'><em>ἀπέλαυσεν.</em></span> <span class='ocrx_word' id='word_1_698' title='bbox 3245 3175 3394 3226; x_wconf 80' lang='grc' dir='ltr'><em>Οὕτω</em></span> <span class='ocrx_word' id='word_1_699' title='bbox 3416 3176 3495 3226; x_wconf 89' lang='grc' dir='ltr'><em>δεῖ</em></span> <span class='ocrx_word' id='word_1_700' title='bbox 3524 3176 3735 3231; x_wconf 85' lang='grc' dir='ltr'><em>πενθεῖν</em></span> 
     </span>
    </p>
   </div>
   <div class='ocr_carea' id='block_1_92' title="bbox 2179 3266 3731 3333">
    <p class='ocr_par' dir='ltr' id='par_1_92' title="bbox 2179 3266 3731 3333">
     <span class='ocr_line' id='line_1_93' title="bbox 2179 3266 3731 3333; baseline -0.001 -12"><span class='ocrx_word' id='word_1_701' title='bbox 2179 3270 2246 3320; x_wconf 85' lang='grc' dir='ltr'><em>τὰ</em></span> <span class='ocrx_word' id='word_1_702' title='bbox 2264 3271 2430 3321; x_wconf 78' lang='grc' dir='ltr'><em>οἰκεῖα</em></span> <span class='ocrx_word' id='word_1_703' title='bbox 2449 3268 2611 3329; x_wconf 86' lang='grc' dir='ltr'><em>δεινὰ,</em></span> <span class='ocrx_word' id='word_1_704' title='bbox 2629 3268 2766 3318; x_wconf 75' lang='grc' dir='ltr'><em>οὕτω</em></span> <span class='ocrx_word' id='word_1_705' title='bbox 2781 3267 2884 3317; x_wconf 89' lang='grc' dir='ltr'><em>τῶν</em></span> <span class='ocrx_word' id='word_1_706' title='bbox 2908 3266 3076 3333; x_wconf 88' lang='grc' dir='ltr'><em>μελῶν</em></span> <span class='ocrx_word' id='word_1_707' title='bbox 3099 3266 3360 3331; x_wconf 84' lang='grc' dir='ltr'><em>φείδεσθαι</em></span> <span class='ocrx_word' id='word_1_708' title='bbox 3378 3269 3485 3319; x_wconf 87' lang='grc' dir='ltr'><em>τῶν</em></span> <span class='ocrx_word' id='word_1_709' title='bbox 3501 3270 3731 3321; x_wconf 73' lang='grc' dir='ltr'><em>οἰκείων.</em></span> 
     </span>
    </p>
   </div>
   <div class='ocr_carea' id='block_1_93' title="bbox 2182 3361 3737 3432">
    <p class='ocr_par' dir='ltr' id='par_1_93' title="bbox 2182 3361 3737 3432">
     <span class='ocr_line' id='line_1_94' title="bbox 2182 3361 3737 3432; baseline -0.001 -14"><span class='ocrx_word' id='word_1_710' title='bbox 2182 3366 2346 3418; x_wconf 88' lang='lat' dir='ltr'><strong>T0610</strong></span> <span class='ocrx_word' id='word_1_711' title='bbox 2370 3363 2672 3432; x_wconf 88' lang='grc' dir='ltr'><em>συμπάθεια</em></span> <span class='ocrx_word' id='word_1_712' title='bbox 2695 3361 2797 3413; x_wconf 88' lang='grc' dir='ltr'><em>τῶν</em></span> <span class='ocrx_word' id='word_1_713' title='bbox 2820 3361 3124 3428; x_wconf 72' lang='grc' dir='ltr'><em>προφητῶν.</em></span> <span class='ocrx_word' id='word_1_714' title='bbox 3145 3361 3283 3430; x_wconf 87' lang='grc' dir='ltr'><em>Ὅρα</em></span> <span class='ocrx_word' id='word_1_715' title='bbox 3303 3362 3472 3431; x_wconf 82' lang='grc' dir='ltr'><em>ταύτῃ</em></span> <span class='ocrx_word' id='word_1_716' title='bbox 3506 3365 3737 3430; x_wconf 84' lang='grc' dir='ltr'><em>μάλιστα</em></span> 
     </span>
    </p>
   </div>
   <div class='ocr_carea' id='block_1_94' title="bbox 2185 3453 3738 3526">
    <p class='ocr_par' dir='ltr' id='par_1_94' title="bbox 2185 3453 3738 3526">
     <span class='ocr_line' id='line_1_95' title="bbox 2185 3453 3738 3526; baseline -0.005 -16"><span class='ocrx_word' id='word_1_717' title='bbox 2185 3457 2613 3526; x_wconf 86' lang='grc' dir='ltr'><em>θαυμασιώτερον</em></span> <span class='ocrx_word' id='word_1_718' title='bbox 2655 3454 2797 3505; x_wconf 71' lang='grc' dir='ltr'><em>ὄντα.</em></span> <span class='ocrx_word' id='word_1_719' title='bbox 2828 3453 3059 3520; x_wconf 82' lang='grc' dir='ltr'><em>Μωῡσῆς</em></span> <span class='ocrx_word' id='word_1_720' title='bbox 3091 3453 3270 3520; x_wconf 77' lang='grc' dir='ltr'><em>ἔλεγεν</em></span> <span class='ocrx_word' id='word_1_721' title='bbox 3303 3467 3315 3481; x_wconf 88' lang='grc'>·</span> <span class='ocrx_word' id='word_1_722' title='bbox 3345 3455 3411 3505; x_wconf 80' lang='lat' dir='ltr'><em>El</em></span> <span class='ocrx_word' id='word_1_723' title='bbox 3440 3454 3556 3521; x_wconf 73' lang='grc' dir='ltr'><em>μὲν</em></span> <span class='ocrx_word' id='word_1_724' title='bbox 3581 3454 3738 3522; x_wconf 64' lang='grc' dir='ltr'><em>ἀφῇς</em></span> 
     </span>
    </p>
   </div>
   <div class='ocr_carea' id='block_1_95' title="bbox 2186 3542 3739 3613">
    <p class='ocr_par' dir='ltr' id='par_1_95' title="bbox 2186 3542 3739 3613">
     <span class='ocr_line' id='line_1_96' title="bbox 2186 3542 3739 3613; baseline -0.004 -10"><span class='ocrx_word' id='word_1_725' title='bbox 2186 3549 2403 3613; x_wconf 82' lang='grc' dir='ltr'><em>αὐτοῖς,</em></span> <span class='ocrx_word' id='word_1_726' title='bbox 2437 3548 2561 3599; x_wconf 75' lang='grc' dir='ltr'><em>ἐπεὶ</em></span> <span class='ocrx_word' id='word_1_727' title='bbox 2592 3545 2738 3612; x_wconf 84' lang='grc' dir='ltr'><em>κάμὲ</em></span> <span class='ocrx_word' id='word_1_728' title='bbox 2765 3543 3082 3611; x_wconf 74' lang='grc' dir='ltr'><em>ἐξάλειψον</em></span> <span class='ocrx_word' id='word_1_729' title='bbox 3101 3545 3166 3595; x_wconf 83' lang='grc' dir='ltr'><em>ἐκ</em></span> <span class='ocrx_word' id='word_1_730' title='bbox 3190 3544 3296 3608; x_wconf 85' lang='grc' dir='ltr'><em>τῆς</em></span> <span class='ocrx_word' id='word_1_731' title='bbox 3313 3545 3552 3606; x_wconf 72' lang='grc' dir='ltr'><em>βίϐλου.</em></span> <span class='ocrx_word' id='word_1_732' title='bbox 3577 3542 3739 3607; x_wconf 78' lang='lat'><strong>0610;</strong></span> 
     </span>
    </p>
   </div>
   <div class='ocr_carea' id='block_1_96' title="bbox 2188 3634 3738 3711">
    <p class='ocr_par' dir='ltr' id='par_1_96' title="bbox 2188 3634 3738 3711">
     <span class='ocr_line' id='line_1_97' title="bbox 2188 3634 3738 3711; baseline -0.009 -17"><span class='ocrx_word' id='word_1_733' title='bbox 2188 3646 2244 3696; x_wconf 86' lang='grc' dir='ltr'><em>ἐν</em></span> <span class='ocrx_word' id='word_1_734' title='bbox 2272 3641 2541 3711; x_wconf 84' lang='grc' dir='ltr'><em>νηστείαις</em></span> <span class='ocrx_word' id='word_1_735' title='bbox 2569 3634 2635 3707; x_wconf 83' lang='grc' dir='ltr'><em>ἦν</em></span> <span class='ocrx_word' id='word_1_736' title='bbox 2664 3638 2753 3690; x_wconf 75' lang='grc' dir='ltr'><em>καὶ</em></span> <span class='ocrx_word' id='word_1_737' title='bbox 2781 3637 3002 3705; x_wconf 82' lang='grc' dir='ltr'><em>δάκρυσι</em></span> <span class='ocrx_word' id='word_1_738' title='bbox 3030 3636 3303 3704; x_wconf 86' lang='grc' dir='ltr'><em>διηνεκῶς.</em></span> <span class='ocrx_word' id='word_1_739' title='bbox 3337 3638 3542 3700; x_wconf 81' lang='grc' dir='ltr'><em>Παῦλος</em></span> <span class='ocrx_word' id='word_1_740' title='bbox 3565 3641 3738 3708; x_wconf 82' lang='grc' dir='ltr'><em>διηνε-</em></span> 
     </span>
    </p>
   </div>
   <div class='ocr_carea' id='block_1_97' title="bbox 2189 3725 3734 3796">
    <p class='ocr_par' dir='ltr' id='par_1_97' title="bbox 2189 3725 3734 3796">
     <span class='ocr_line' id='line_1_98' title="bbox 2189 3725 3734 3796; baseline -0.003 -14"><span class='ocrx_word' id='word_1_741' title='bbox 2189 3732 2294 3791; x_wconf 89' lang='grc' dir='ltr'><em>κῶς</em></span> <span class='ocrx_word' id='word_1_742' title='bbox 2329 3732 2384 3781; x_wconf 91' lang='grc' dir='ltr'><em>ἐν</em></span> <span class='ocrx_word' id='word_1_743' title='bbox 2425 3729 2670 3796; x_wconf 85' lang='grc' dir='ltr'><em>δάκρυσι,</em></span> <span class='ocrx_word' id='word_1_744' title='bbox 2719 3725 2810 3777; x_wconf 80' lang='grc' dir='ltr'><em>καὶ</em></span> <span class='ocrx_word' id='word_1_745' title='bbox 2852 3725 3069 3794; x_wconf 84' lang='grc' dir='ltr'><em>γεέννης</em></span> <span class='ocrx_word' id='word_1_746' title='bbox 3114 3725 3278 3792; x_wconf 81' lang='grc' dir='ltr'><em>αὐτῆς</em></span> <span class='ocrx_word' id='word_1_747' title='bbox 3319 3728 3734 3796; x_wconf 86' lang='grc' dir='ltr'><em>κατετόλμησεν.</em></span> 
     </span>
    </p>
   </div>
   <div class='ocr_carea' id='block_1_98' title="bbox 2189 3818 3740 3888">
    <p class='ocr_par' dir='ltr' id='par_1_98' title="bbox 2189 3818 3740 3888">
     <span class='ocr_line' id='line_1_99' title="bbox 2189 3818 3740 3888; baseline -0.003 -11"><span class='ocrx_word' id='word_1_748' title='bbox 2189 3825 2371 3885; x_wconf 77' lang='grc' dir='ltr'><em>Οὐδεὶς</em></span> <span class='ocrx_word' id='word_1_749' title='bbox 2394 3821 2568 3876; x_wconf 69' lang='grc' dir='ltr'><em>αὐτῶν</em></span> <span class='ocrx_word' id='word_1_750' title='bbox 2595 3820 2702 3888; x_wconf 77' lang='grc' dir='ltr'><em>ἔχει</em></span> <span class='ocrx_word' id='word_1_751' title='bbox 2726 3819 2828 3869; x_wconf 88' lang='grc' dir='ltr'><em>τῶν</em></span> <span class='ocrx_word' id='word_1_752' title='bbox 2853 3818 3061 3870; x_wconf 87' lang='grc' dir='ltr'><em>οίκείων</em></span> <span class='ocrx_word' id='word_1_753' title='bbox 3085 3818 3295 3884; x_wconf 84' lang='grc' dir='ltr'><em>ἀγαθῶν</em></span> <span class='ocrx_word' id='word_1_754' title='bbox 3322 3819 3568 3886; x_wconf 75' lang='grc' dir='ltr'><em>αἴσθησιν</em></span> <span class='ocrx_word' id='word_1_755' title='bbox 3589 3837 3602 3849; x_wconf 74' lang='grc' dir='ltr'><strong><em>ο</em></strong></span> <span class='ocrx_word' id='word_1_756' title='bbox 3629 3822 3740 3873; x_wconf 87' lang='grc' dir='ltr'><em>ἀλλ’</em></span> 
     </span>
    </p>
   </div>
   <div class='ocr_carea' id='block_1_99' title="bbox 2189 3911 3739 3986">
    <p class='ocr_par' dir='ltr' id='par_1_99' title="bbox 2189 3911 3739 3986">
     <span class='ocr_line' id='line_1_100' title="bbox 2189 3911 3739 3986; baseline -0.003 -16"><span class='ocrx_word' id='word_1_757' title='bbox 2189 3920 2370 3986; x_wconf 82' lang='grc' dir='ltr'><em>ὥσπερ</em></span> <span class='ocrx_word' id='word_1_758' title='bbox 2401 3919 2454 3967; x_wconf 86' lang='grc' dir='ltr'><em>ἐν</em></span> <span class='ocrx_word' id='word_1_759' title='bbox 2489 3913 2714 3982; x_wconf 86' lang='grc' dir='ltr'><em>σώματι,</em></span> <span class='ocrx_word' id='word_1_760' title='bbox 2742 3911 2832 3963; x_wconf 88' lang='lat'><em>106</em></span> <span class='ocrx_word' id='word_1_761' title='bbox 2870 3911 3141 3979; x_wconf 62' lang='grc' dir='ltr'><em>ὀφθαλμοῦ</em></span> <span class='ocrx_word' id='word_1_762' title='bbox 3181 3911 3339 3963; x_wconf 88' lang='grc' dir='ltr'><em>καλοῦ</em></span> <span class='ocrx_word' id='word_1_763' title='bbox 3369 3915 3739 3979; x_wconf 76' lang='grc' dir='ltr'><em>τυγχάνοντος,</em></span> 
     </span>
    </p>
   </div>
   <div class='ocr_carea' id='block_1_100' title="bbox 2191 4006 3742 4076">
    <p class='ocr_par' dir='ltr' id='par_1_100' title="bbox 2191 4006 3742 4076">
     <span class='ocr_line' id='line_1_101' title="bbox 2191 4006 3742 4076; baseline -0.006 -9"><span class='ocrx_word' id='word_1_764' title='bbox 2191 4016 2287 4067; x_wconf 82' lang='grc' dir='ltr'>οὐκ</span> <span class='ocrx_word' id='word_1_765' title='bbox 2321 4014 2384 4065; x_wconf 78' lang='grc' dir='ltr'>ἂν</span> <span class='ocrx_word' id='word_1_766' title='bbox 2420 4010 2569 4062; x_wconf 73' lang='grc' dir='ltr'><em>λάϐοι</em></span> <span class='ocrx_word' id='word_1_767' title='bbox 2604 4007 2695 4059; x_wconf 88' lang='grc' dir='ltr'><em>τοῦ</em></span> <span class='ocrx_word' id='word_1_768' title='bbox 2729 4006 2951 4068; x_wconf 86' lang='grc' dir='ltr'><em>κάλλους</em></span> <span class='ocrx_word' id='word_1_769' title='bbox 2986 4006 3248 4075; x_wconf 74' lang='grc' dir='ltr'><em>αἴσθησιν,</em></span> <span class='ocrx_word' id='word_1_770' title='bbox 3292 4008 3601 4076; x_wconf 85' lang='grc' dir='ltr'><em>σεσηπὸτων</em></span> <span class='ocrx_word' id='word_1_771' title='bbox 3639 4010 3742 4062; x_wconf 83' lang='grc' dir='ltr'><em>τῶν</em></span> 
     </span>
    </p>
   </div>
   <div class='ocr_carea' id='block_1_101' title="bbox 2196 4100 3743 4173">
    <p class='ocr_par' dir='ltr' id='par_1_101' title="bbox 2196 4100 3743 4173">
     <span class='ocr_line' id='line_1_102' title="bbox 2196 4100 3743 4173; baseline -0.002 -13"><span class='ocrx_word' id='word_1_772' title='bbox 2196 4108 2366 4162; x_wconf 85' lang='grc' dir='ltr'><em>ποδῶν</em></span> <span class='ocrx_word' id='word_1_773' title='bbox 2403 4107 2496 4159; x_wconf 73' lang='grc' dir='ltr'><em>καὶ</em></span> <span class='ocrx_word' id='word_1_774' title='bbox 2531 4102 2931 4171; x_wconf 81' lang='grc' dir='ltr'><em>διεφθαρμένων</em></span> <span class='ocrx_word' id='word_1_775' title='bbox 2960 4118 2972 4130; x_wconf 89' lang='grc'><strong>·</strong></span> <span class='ocrx_word' id='word_1_776' title='bbox 3008 4101 3146 4153; x_wconf 77' lang='grc' dir='ltr'><em>οὕτω</em></span> <span class='ocrx_word' id='word_1_777' title='bbox 3185 4103 3276 4154; x_wconf 78' lang='grc' dir='ltr'><em>καὶ</em></span> <span class='ocrx_word' id='word_1_778' title='bbox 3309 4103 3427 4154; x_wconf 85' lang='grc' dir='ltr'><em>τότε</em></span> <span class='ocrx_word' id='word_1_779' title='bbox 3468 4100 3555 4173; x_wconf 84' lang='grc' dir='ltr'><em>ἦν.</em></span> <span class='ocrx_word' id='word_1_780' title='bbox 3590 4106 3743 4167; x_wconf 86' lang='grc' dir='ltr'><em>Τίνος</em></span> 
     </span>
    </p>
   </div>
   <div class='ocr_carea' id='block_1_102' title="bbox 2193 4200 3747 4271">
    <p class='ocr_par' dir='ltr' id='par_1_102' title="bbox 2193 4200 3747 4271">
     <span class='ocr_line' id='line_1_103' title="bbox 2193 4200 3747 4271; baseline -0.002 -14"><span class='ocrx_word' id='word_1_781' title='bbox 2193 4208 2372 4258; x_wconf 75' lang='grc' dir='ltr'>ἕνεκεν</span> <span class='ocrx_word' id='word_1_782' title='bbox 2414 4206 2445 4271; x_wconf 86' lang='grc' dir='ltr'>ἠ</span> <span class='ocrx_word' id='word_1_783' title='bbox 2489 4201 2707 4265; x_wconf 86' lang='grc' dir='ltr'><em>σποδός;</em></span> <span class='ocrx_word' id='word_1_784' title='bbox 2758 4200 3177 4268; x_wconf 87' lang='grc' dir='ltr'><em>Ἀνεμίμνησκεν</em></span> <span class='ocrx_word' id='word_1_785' title='bbox 3215 4200 3372 4252; x_wconf 83' lang='grc' dir='ltr'><em>αὑτὸν</em></span> <span class='ocrx_word' id='word_1_786' title='bbox 3410 4201 3508 4268; x_wconf 86' lang='grc' dir='ltr'><em>τῆς</em></span> <span class='ocrx_word' id='word_1_787' title='bbox 3541 4203 3747 4266; x_wconf 79' lang='grc' dir='ltr'><em>οἰκείας</em></span> 
     </span>
    </p>
   </div>
   <div class='ocr_carea' id='block_1_103' title="bbox 2195 4293 3747 4365">
    <p class='ocr_par' dir='ltr' id='par_1_103' title="bbox 2195 4293 3747 4365">
     <span class='ocr_line' id='line_1_104' title="bbox 2195 4293 3747 4365; baseline -0.008 -16"><span class='ocrx_word' id='word_1_788' title='bbox 2195 4298 2421 4365; x_wconf 81' lang='grc' dir='ltr'><em>φύσεως.</em></span> <span class='ocrx_word' id='word_1_789' title='bbox 2447 4296 2598 4355; x_wconf 90' lang='grc' dir='ltr'><em>Τίνος</em></span> <span class='ocrx_word' id='word_1_790' title='bbox 2627 4295 2808 4345; x_wconf 73' lang='grc' dir='ltr'><em>ἕνεκεν</em></span> <span class='ocrx_word' id='word_1_791' title='bbox 2836 4294 2863 4342; x_wconf 88' lang='lat'><em>6</em></span> <span class='ocrx_word' id='word_1_792' title='bbox 2890 4293 3116 4356; x_wconf 89' lang='grc' dir='ltr'><em>σάκκος;</em></span> <span class='ocrx_word' id='word_1_793' title='bbox 3145 4294 3220 4360; x_wconf 83' lang='grc' dir='ltr'><em>Τῇ</em></span> <span class='ocrx_word' id='word_1_794' title='bbox 3249 4293 3538 4360; x_wconf 82' lang='grc' dir='ltr'><em>τραχύτητι</em></span> <span class='ocrx_word' id='word_1_795' title='bbox 3565 4313 3747 4347; x_wconf 79' lang='grc' dir='ltr'><em>ταπει.</em></span> 
     </span>
    </p>
   </div>
   <div class='ocr_carea' id='block_1_104' title="bbox 2195 4385 3746 4459">
    <p class='ocr_par' dir='ltr' id='par_1_104' title="bbox 2195 4385 3746 4459">
     <span class='ocr_line' id='line_1_105' title="bbox 2195 4385 3746 4459; baseline -0.006 -18"><span class='ocrx_word' id='word_1_796' title='bbox 2195 4392 2288 4441; x_wconf 83' lang='grc' dir='ltr'><em>νοῖ.</em></span> <span class='ocrx_word' id='word_1_797' title='bbox 2322 4388 2473 4448; x_wconf 89' lang='grc' dir='ltr'><em>Τίνος</em></span> <span class='ocrx_word' id='word_1_798' title='bbox 2497 4387 2678 4437; x_wconf 74' lang='grc' dir='ltr'>ἕνεκεν</span> <span class='ocrx_word' id='word_1_799' title='bbox 2712 4386 2744 4452; x_wconf 85' lang='grc' dir='ltr'>ὴ</span> <span class='ocrx_word' id='word_1_800' title='bbox 2778 4385 3024 4453; x_wconf 75' lang='grc' dir='ltr'><em>νηστείας</em></span> <span class='ocrx_word' id='word_1_801' title='bbox 3048 4386 3156 4437; x_wconf 81' lang='grc' dir='ltr'><em>Καὶ</em></span> <span class='ocrx_word' id='word_1_802' title='bbox 3183 4385 3316 4453; x_wconf 82' lang='grc' dir='ltr'><em>αῦτη</em></span> <span class='ocrx_word' id='word_1_803' title='bbox 3339 4387 3445 4437; x_wconf 89' lang='grc' dir='ltr'><em>τῶν</em></span> <span class='ocrx_word' id='word_1_804' title='bbox 3480 4389 3538 4439; x_wconf 92' lang='grc' dir='ltr'><em>ἐν</em></span> <span class='ocrx_word' id='word_1_805' title='bbox 3569 4407 3746 4459; x_wconf 77' lang='grc' dir='ltr'><em>παρα-</em></span> 
     </span>
    </p>
   </div>
   <div class='ocr_carea' id='block_1_105' title="bbox 2194 4477 3748 4552">
    <p class='ocr_par' dir='ltr' id='par_1_105' title="bbox 2194 4477 3748 4552">
     <span class='ocr_line' id='line_1_106' title="bbox 2194 4477 3748 4552; baseline -0.001 -15"><span class='ocrx_word' id='word_1_806' title='bbox 2194 4485 2352 4552; x_wconf 89' lang='grc' dir='ltr'><em>δείσῳ</em></span> <span class='ocrx_word' id='word_1_807' title='bbox 2373 4481 2788 4549; x_wconf 86' lang='grc' dir='ltr'><em>ἀνεμίμνησκεν.</em></span> <span class='ocrx_word' id='word_1_808' title='bbox 2822 4477 2990 4530; x_wconf 90' lang='grc' dir='ltr'><em>Τοῦτο</em></span> <span class='ocrx_word' id='word_1_809' title='bbox 3009 4479 3186 4539; x_wconf 82' lang='grc' dir='ltr'><em>αὐτοῖς</em></span> <span class='ocrx_word' id='word_1_810' title='bbox 3209 4478 3323 4539; x_wconf 76' lang='grc' dir='ltr'><em>ἔθος</em></span> <span class='ocrx_word' id='word_1_811' title='bbox 3343 4478 3492 4549; x_wconf 68' lang='lat'><em>[247]</em></span> <span class='ocrx_word' id='word_1_812' title='bbox 3522 4482 3655 4544; x_wconf 81' lang='grc' dir='ltr'><em>ἐστὶ,</em></span> <span class='ocrx_word' id='word_1_813' title='bbox 3681 4484 3748 4536; x_wconf 84' lang='grc' dir='ltr'>τά</span> 
     </span>
    </p>
   </div>
   <div class='ocr_carea' id='block_1_106' title="bbox 2202 4571 3746 4648">
    <p class='ocr_par' dir='ltr' id='par_1_106' title="bbox 2202 4571 3746 4648">
     <span class='ocr_line' id='line_1_107' title="bbox 2202 4571 3746 4648; baseline -0.003 -17"><span class='ocrx_word' id='word_1_814' title='bbox 2202 4577 2546 4648; x_wconf 79' lang='grc' dir='ltr'><em>βασανίζοντα</em></span> <span class='ocrx_word' id='word_1_815' title='bbox 2570 4574 2801 4626; x_wconf 85' lang='grc' dir='ltr'><em>διώκειν.</em></span> <span class='ocrx_word' id='word_1_816' title='bbox 2830 4573 2958 4624; x_wconf 86' lang='grc' dir='ltr'><em>Οὐδὲ</em></span> <span class='ocrx_word' id='word_1_817' title='bbox 2983 4572 3078 4641; x_wconf 85' lang='grc' dir='ltr'><em>τῆς</em></span> <span class='ocrx_word' id='word_1_818' title='bbox 3105 4573 3202 4640; x_wconf 84' lang='grc' dir='ltr'><em>γῆς</em></span> <span class='ocrx_word' id='word_1_819' title='bbox 3233 4571 3377 4634; x_wconf 79' lang='grc' dir='ltr'><em>ἄξιός</em></span> <span class='ocrx_word' id='word_1_820' title='bbox 3403 4575 3535 4641; x_wconf 88' lang='grc' dir='ltr'><em>είμι,</em></span> <span class='ocrx_word' id='word_1_821' title='bbox 3562 4576 3746 4642; x_wconf 75' lang='grc' dir='ltr'><em>φησὶν,</em></span> 
     </span>
    </p>
   </div>
   <div class='ocr_carea' id='block_1_107' title="bbox 2199 4664 3745 4736">
    <p class='ocr_par' dir='ltr' id='par_1_107' title="bbox 2199 4664 3745 4736">
     <span class='ocr_line' id='line_1_108' title="bbox 2199 4664 3745 4736; baseline -0.003 -12"><span class='ocrx_word' id='word_1_822' title='bbox 2199 4672 2315 4724; x_wconf 79' lang='grc' dir='ltr'>οὐδὲ</span> <span class='ocrx_word' id='word_1_823' title='bbox 2343 4671 2446 4722; x_wconf 89' lang='grc' dir='ltr'><em>τῶν</em></span> <span class='ocrx_word' id='word_1_824' title='bbox 2476 4666 2719 4736; x_wconf 82' lang='grc' dir='ltr'><em>ἱματίων,</em></span> <span class='ocrx_word' id='word_1_825' title='bbox 2752 4665 2867 4717; x_wconf 83' lang='grc' dir='ltr'><em>ούδέ</em></span> <span class='ocrx_word' id='word_1_826' title='bbox 2901 4665 3005 4716; x_wconf 88' lang='grc' dir='ltr'><em>τῶν</em></span> <span class='ocrx_word' id='word_1_827' title='bbox 3034 4664 3170 4716; x_wconf 86' lang='grc' dir='ltr'><em>κατά</em></span> <span class='ocrx_word' id='word_1_828' title='bbox 3202 4665 3356 4731; x_wconf 79' lang='grc' dir='ltr'><em>φύσιν</em></span> <span class='ocrx_word' id='word_1_829' title='bbox 3388 4667 3745 4734; x_wconf 86' lang='grc' dir='ltr'><em>πραγμάτων,</em></span> 
     </span>
    </p>
   </div>
   <div class='ocr_carea' id='block_1_108' title="bbox 2200 4756 3747 4832">
    <p class='ocr_par' dir='ltr' id='par_1_108' title="bbox 2200 4756 3747 4832">
     <span class='ocr_line' id='line_1_109' title="bbox 2200 4756 3747 4832; baseline -0.006 -14"><span class='ocrx_word' id='word_1_830' title='bbox 2200 4765 2332 4818; x_wconf 90' lang='grc' dir='ltr'><em>ἀλλά</em></span> <span class='ocrx_word' id='word_1_831' title='bbox 2362 4760 2734 4832; x_wconf 82' lang='grc' dir='ltr'><em>χαλεπωτέρας</em></span> <span class='ocrx_word' id='word_1_832' title='bbox 2765 4756 3053 4825; x_wconf 88' lang='grc' dir='ltr'><em>τιμωρίας,</em></span> <span class='ocrx_word' id='word_1_833' title='bbox 3087 4759 3114 4808; x_wconf 89' lang='lat'><em>6</em></span> <span class='ocrx_word' id='word_1_834' title='bbox 3142 4757 3206 4808; x_wconf 76' lang='grc' dir='ltr'><em>τά</em></span> <span class='ocrx_word' id='word_1_835' title='bbox 3248 4757 3489 4824; x_wconf 84' lang='grc' dir='ltr'><em>Περσικὰ</em></span> <span class='ocrx_word' id='word_1_836' title='bbox 3528 4759 3747 4826; x_wconf 72' lang='grc' dir='ltr'><em>περιϐε-</em></span> 
     </span>
    </p>
   </div>
   <div class='ocr_carea' id='block_1_109' title="bbox 2203 4850 3749 4926">
    <p class='ocr_par' dir='ltr' id='par_1_109' title="bbox 2203 4850 3749 4926">
     <span class='ocr_line' id='line_1_110' title="bbox 2203 4850 3749 4926; baseline -0.004 -15"><span class='ocrx_word' id='word_1_837' title='bbox 2203 4858 2460 4926; x_wconf 78' lang='grc' dir='ltr'><em>ϐλημένος</em></span> <span class='ocrx_word' id='word_1_838' title='bbox 2496 4856 2802 4921; x_wconf 81' lang='grc' dir='ltr'><em>ὑφάσματα,</em></span> <span class='ocrx_word' id='word_1_839' title='bbox 2847 4853 2874 4902; x_wconf 90' lang='lat'><em>6</em></span> <span class='ocrx_word' id='word_1_840' title='bbox 2918 4850 3106 4920; x_wconf 88' lang='grc' dir='ltr'><em>τιάραν</em></span> <span class='ocrx_word' id='word_1_841' title='bbox 3142 4852 3275 4919; x_wconf 80' lang='grc' dir='ltr'><em>ἔχων</em></span> <span class='ocrx_word' id='word_1_842' title='bbox 3314 4853 3600 4919; x_wconf 84' lang='grc' dir='ltr'><em>Περσικήν.</em></span> <span class='ocrx_word' id='word_1_843' title='bbox 3642 4855 3749 4905; x_wconf 76' lang='grc' dir='ltr'><em>Καὶ</em></span> 
     </span>
    </p>
   </div>
   <div class='ocr_carea' id='block_1_110' title="bbox 2203 4945 3750 5020">
    <p class='ocr_par' dir='ltr' id='par_1_110' title="bbox 2203 4945 3750 5020">
     <span class='ocr_line' id='line_1_111' title="bbox 2203 4945 3750 5020; baseline -0.011 -14"><span class='ocrx_word' id='word_1_844' title='bbox 2203 4956 2253 5006; x_wconf 90' lang='grc' dir='ltr'><em>τί</em></span> <span class='ocrx_word' id='word_1_845' title='bbox 2284 4967 2441 5020; x_wconf 84' lang='grc' dir='ltr'><em>φησι;</em></span> <span class='ocrx_word' id='word_1_846' title='bbox 2474 4950 2692 5016; x_wconf 86' lang='grc' dir='ltr'><em>Ἵδωμεν</em></span> <span class='ocrx_word' id='word_1_847' title='bbox 2721 4947 2814 5015; x_wconf 84' lang='grc' dir='ltr'><em>τὴν</em></span> <span class='ocrx_word' id='word_1_848' title='bbox 2847 4945 3237 5014; x_wconf 79' lang='grc' dir='ltr'><em>ἐξομολόγησιν.</em></span> <span class='ocrx_word' id='word_1_849' title='bbox 3271 4947 3377 4998; x_wconf 81' lang='grc' dir='ltr'><em>Καί</em></span> <span class='ocrx_word' id='word_1_850' title='bbox 3403 4947 3750 5011; x_wconf 78' lang='grc' dir='ltr'><em>προσηυξά-</em></span> 
     </span>
    </p>
   </div>
   <div class='ocr_carea' id='block_1_111' title="bbox 2198 5038 3750 5115">
    <p class='ocr_par' dir='ltr' id='par_1_111' title="bbox 2198 5038 3750 5115">
     <span class='ocr_line' id='line_1_112' title="bbox 2198 5038 3750 5115; baseline -0.004 -17"><span class='ocrx_word' id='word_1_851' title='bbox 2198 5063 2318 5115; x_wconf 80' lang='grc' dir='ltr'><em>μην</em></span> <span class='ocrx_word' id='word_1_852' title='bbox 2345 5044 2491 5110; x_wconf 81' lang='grc' dir='ltr'><em>πρὸς</em></span> <span class='ocrx_word' id='word_1_853' title='bbox 2531 5043 2742 5107; x_wconf 85' lang='grc' dir='ltr'><em>Κύριον</em></span> <span class='ocrx_word' id='word_1_854' title='bbox 2771 5038 2874 5091; x_wconf 83' lang='grc' dir='ltr'><em>τὸν</em></span> <span class='ocrx_word' id='word_1_855' title='bbox 2904 5038 3049 5091; x_wconf 82' lang='grc' dir='ltr'><em>Θεόν</em></span> <span class='ocrx_word' id='word_1_856' title='bbox 3080 5055 3217 5104; x_wconf 88' lang='grc' dir='ltr'><em>μου.</em></span> <span class='ocrx_word' id='word_1_857' title='bbox 3249 5039 3385 5107; x_wconf 84' lang='grc' dir='ltr'><em>Ὅρα</em></span> <span class='ocrx_word' id='word_1_858' title='bbox 3425 5039 3485 5089; x_wconf 84' lang='grc' dir='ltr'><em>τὸ</em></span> <span class='ocrx_word' id='word_1_859' title='bbox 3530 5039 3750 5108; x_wconf 86' lang='grc' dir='ltr'><em>φίλτρον</em></span> 
     </span>
    </p>
   </div>
   <div class='ocr_carea' id='block_1_112' title="bbox 2203 5131 3749 5208">
    <p class='ocr_par' dir='ltr' id='par_1_112' title="bbox 2203 5131 3749 5208">
     <span class='ocr_line' id='line_1_113' title="bbox 2203 5131 3749 5208; baseline -0.005 -15"><span class='ocrx_word' id='word_1_860' title='bbox 2203 5143 2259 5193; x_wconf 83' lang='grc' dir='ltr'><em>τὸ</em></span> <span class='ocrx_word' id='word_1_861' title='bbox 2288 5140 2411 5208; x_wconf 75' lang='grc' dir='ltr'><em>περὶ</em></span> <span class='ocrx_word' id='word_1_862' title='bbox 2438 5137 2526 5188; x_wconf 82' lang='grc' dir='ltr'><em>τὸν</em></span> <span class='ocrx_word' id='word_1_863' title='bbox 2551 5133 2839 5202; x_wconf 88' lang='grc' dir='ltr'><em>Δεσπότην.</em></span> <span class='ocrx_word' id='word_1_864' title='bbox 2885 5132 2995 5184; x_wconf 88' lang='grc' dir='ltr'><em>Τὸν</em></span> <span class='ocrx_word' id='word_1_865' title='bbox 3021 5133 3167 5185; x_wconf 78' lang='grc' dir='ltr'><em>Θεόν</em></span> <span class='ocrx_word' id='word_1_866' title='bbox 3191 5149 3325 5198; x_wconf 86' lang='grc' dir='ltr'><em>μου,</em></span> <span class='ocrx_word' id='word_1_867' title='bbox 3366 5132 3493 5199; x_wconf 84' lang='grc' dir='ltr'><em>φησι</em></span> <span class='ocrx_word' id='word_1_868' title='bbox 3519 5148 3531 5159; x_wconf 88' lang='grc'><strong>·</strong></span> <span class='ocrx_word' id='word_1_869' title='bbox 3561 5131 3620 5183; x_wconf 80' lang='grc' dir='ltr'>ὃν</span> <span class='ocrx_word' id='word_1_870' title='bbox 3650 5133 3749 5186; x_wconf 79' lang='grc' dir='ltr'><em>οὐκ</em></span> 
     </span>
    </p>
   </div>
   <div class='ocr_carea' id='block_1_113' title="bbox 2205 5223 3750 5303">
    <p class='ocr_par' dir='ltr' id='par_1_113' title="bbox 2205 5223 3750 5303">
     <span class='ocr_line' id='line_1_114' title="bbox 2205 5223 3750 5303; baseline -0.005 -15"><span class='ocrx_word' id='word_1_871' title='bbox 2205 5237 2396 5303; x_wconf 85' lang='grc' dir='ltr'><em>ἐτόλμα</em></span> <span class='ocrx_word' id='word_1_872' title='bbox 2423 5229 2696 5290; x_wconf 78' lang='grc' dir='ltr'><em>ἱκετεύειν,</em></span> <span class='ocrx_word' id='word_1_873' title='bbox 2722 5227 2899 5279; x_wconf 85' lang='grc' dir='ltr'><em>τοῦτον</em></span> <span class='ocrx_word' id='word_1_874' title='bbox 2926 5225 3053 5278; x_wconf 73' lang='grc' dir='ltr'>Θεὸν</span> <span class='ocrx_word' id='word_1_875' title='bbox 3077 5224 3234 5277; x_wconf 83' lang='grc' dir='ltr'><em>αὐτοῦ</em></span> <span class='ocrx_word' id='word_1_876' title='bbox 3263 5223 3428 5276; x_wconf 86' lang='grc' dir='ltr'><em>καλεῖ.</em></span> <span class='ocrx_word' id='word_1_877' title='bbox 3461 5226 3581 5277; x_wconf 86' lang='grc' dir='ltr'><em>Ἕτι</em></span> <span class='ocrx_word' id='word_1_878' title='bbox 3605 5225 3750 5292; x_wconf 77' lang='grc' dir='ltr'><em>ἐμοῦ</em></span> 
     </span>
    </p>
   </div>
   <div class='ocr_carea' id='block_1_114' title="bbox 2265 5473 3754 5541">
    <p class='ocr_par' dir='ltr' id='par_1_114' title="bbox 2265 5473 3754 5541">
     <span class='ocr_line' id='line_1_115' title="bbox 2265 5473 3754 5541; baseline -0.005 -13"><span class='ocrx_word' id='word_1_879' title='bbox 2265 5485 2290 5520; x_wconf 82' lang='lat' dir='ltr'><strong>b</strong></span> <span class='ocrx_word' id='word_1_880' title='bbox 2314 5484 2445 5541; x_wconf 77' lang='lat' dir='ltr'><em>Lege</em></span> <span class='ocrx_word' id='word_1_881' title='bbox 2467 5479 2797 5541; x_wconf 50' lang='lat'><strong>10006-1114.&quot;:</strong></span> <span class='ocrx_word' id='word_1_882' title='bbox 2821 5475 3012 5541; x_wconf 63' lang='grc' dir='ltr'><em>εὐνοίας,</em></span> <span class='ocrx_word' id='word_1_883' title='bbox 3040 5481 3092 5522; x_wconf 80' lang='grc' dir='ltr'><em>ιιι</em></span> <span class='ocrx_word' id='word_1_884' title='bbox 3111 5473 3229 5541; x_wconf 58' lang='grc' dir='ltr'><em>ἰοῦ-ᾳ</em></span> <span class='ocrx_word' id='word_1_885' title='bbox 3251 5480 3393 5541; x_wconf 45' lang='grc' dir='ltr'><em>τιμῆς·</em></span> <span class='ocrx_word' id='word_1_886' title='bbox 3414 5473 3684 5541; x_wconf 52' lang='grc' dir='ltr'><em>ἀπολαύεις,</em></span> <span class='ocrx_word' id='word_1_887' title='bbox 3701 5479 3754 5541; x_wconf 57' lang='grc' dir='ltr'><em>οι</em></span> 
     </span>
    </p>
   </div>
   <div class='ocr_carea' id='block_1_115' title="bbox 2203 5531 3747 5662">
    <p class='ocr_par' dir='ltr' id='par_1_115' title="bbox 2203 5531 3747 5662">
     <span class='ocr_line' id='line_1_116' title="bbox 2203 5531 3747 5662; baseline -0.009 -71"><span class='ocrx_word' id='word_1_888' title='bbox 2203 5531 2434 5662; x_wconf 51' lang='grc' dir='ltr'><em>Βοσρὸὸτῶν</em></span> <span class='ocrx_word' id='word_1_889' title='bbox 2455 5531 2726 5586; x_wconf 70' lang='grc' dir='ltr'><em>ἀπέλαυσεν.</em></span> <span class='ocrx_word' id='word_1_890' title='bbox 2764 5531 3166 5594; x_wconf 70' lang='lat' dir='ltr'><em>PraivilSegaar.</em></span> <span class='ocrx_word' id='word_1_891' title='bbox 3196 5531 3442 5581; x_wconf 73' lang='lat' dir='ltr'><em>Animadv.</em></span> <span class='ocrx_word' id='word_1_892' title='bbox 3474 5532 3532 5580; x_wconf 79' lang='lat' dir='ltr'><strong>ad</strong></span> <span class='ocrx_word' id='word_1_893' title='bbox 3556 5531 3747 5582; x_wconf 71' lang='lat' dir='ltr'><em>Daniel.</em></span> 
     </span>
    </p>
   </div>
  </div>
