3990 6436
230 334 352 392 237

218 434 330 495 ὺιὶ,
357 442 402 487 et
429 434 655 500 αρτ-οιαυὶ
697 435 799 486 dies
830 435 1056 503 aliquot:
1083 442 1127 487 et
1165 436 1355 488 surrexi
1377 474 1390 496 ,
1434 442 1476 485 et
1516 430 1753 501 faciebam

216 532 374 584 Opera
414 521 541 587 regis
569 531 651 572 :et
689 521 971 573 admirabar
1018 523 1252 574 visionem
1277 537 1294 573 :
1323 530 1367 573 et
1409 537 1507 572 non
1542 528 1643 571 erat
1684 518 1768 586 qui

216 604 537 673 intelligeret.
585 606 732 659 Unde
761 609 1063 675 mgrotavit?
1087 608 1347 660 Fortassis
1376 622 1438 659 ex
1468 604 1672 658 tristitia
1702 606 1769 659 ob

218 691 424 747 futuras
456 696 799 761 calamitates,
833 711 1008 750 secum
1040 705 1285 764 reputans
1305 736 1318 757 ,
1356 695 1583 747 nondum
1613 694 1765 745 linem

218 781 415 834 habere
458 798 543 835 res
586 793 888 850 praesentes.
920 786 983 837 Et
1024 794 1127 848 tot,
1158 784 1356 851 inquit,
1384 782 1553 834 adhuc
1581 795 1766 848 snper-

213 879 344 920 sunt
369 868 523 921 mala.
552 869 641 922 Vel
672 872 880 934 iterum,
912 871 1149 923 Nondum
1173 871 1365 923 Judanis
1390 871 1552 922 Deum
1578 884 1762 922 recon-

211 957 414 1020 ciliavi,
443 966 496 1009 et
525 959 621 1025 ipsi
651 974 768 1011 eum
802 960 865 1012 ad
893 959 1087 1011 bellum
1120 968 1418 1027 provocant,
1444 974 1504 1011 ac
1530 958 1624 1010 sibi
1648 958 1767 1011 red-

210 1041 351 1095 dunt
379 1044 662 1097 inimicum.
695 1045 756 1097 Et
780 1047 1000 1111 surrexi,
1026 1056 1070 1097 et
1102 1047 1339 1115 faciebam
1361 1062 1508 1111 opera
1531 1046 1678 1113 regis.
1710 1045 1763 1097 ld

211 1140 318 1194 est,
355 1132 733 1185 Ministrabam.
766 1134 829 1185 Et
854 1134 1137 1185 admirabar
1164 1135 1396 1186 uisionem
1416 1150 1433 1196 ;
1458 1143 1501 1185 et
1539 1150 1636 1185 non
1660 1142 1764 1185 erat

208 1219 302 1285 qui
347 1220 657 1287 intelligeret.
700 1220 920 1274 Maxime
964 1222 1013 1273 id
1056 1222 1205 1275 affert
1246 1223 1499 1285 dolorem,
1541 1236 1658 1274 cum
1699 1237 1763 1275 ne

209 1305 423 1371 quidem
450 1306 571 1359 licet
613 1322 698 1361 res
742 1310 915 1361 tristes
953 1308 1137 1362 ell‘erre
1170 1310 1218 1361 in
1243 1310 1472 1377 aliquem
1504 1326 1514 1360 :
1548 1324 1612 1360 an
1642 1310 1760 1376 quia

210 1391 439 1459 improbi
481 1404 652 1446 erant.
689 1394 751 1445 Et
796 1396 1053 1461 faciebam,
1082 1396 1267 1463 inquit,
1300 1413 1448 1463 opera
1478 1397 1621 1463 regis.
1653 1396 1761 1447 Hoc

208 1489 314 1541 est,
342 1478 478 1532 Nihil
512 1484 995 1548 praetermittebam,
1026 1483 1115 1535 sed
1144 1482 1395 1549 fungebar
1420 1482 1591 1535 officio
1621 1498 1755 1535 meo.

813 1610 1033 1664 CAPUT
1071 1610 1160 1664 IX.

284 1746 335 1797 I.
368 1762 385 1795 ι
418 1745 468 1796 In
514 1746 678 1811 primo
711 1759 847 1796 anno
884 1744 1041 1808 Darii,
1075 1745 1165 1797 filii
1205 1745 1439 1809 Assueri,
1472 1745 1537 1799 de
1563 1746 1758 1800 semine

207 1833 477 1887 Medorum
507 1831 600 1902 (a),
632 1834 717 1900 qui
758 1832 994 1901 regnavit
1037 1847 1192 1899 super
1235 1848 1448 1900 regnum
1490 1833 1759 1885 Chaldaeo-

208 1937 329 1974 rum
352 1963 365 1986 ,
394 1922 446 1972 2.
482 1923 529 1973 in
559 1937 694 1973 anno
718 1938 821 1973 uno
845 1922 989 1989 regni
1015 1922 1128 1988 ejus
1152 1962 1166 1984 ,
1194 1935 1291 1988 ego
1319 1921 1498 1973 Daniel
1525 1921 1756 1975 intellexi

208 2009 261 2059 in
288 2008 432 2061 libris
461 2024 733 2061 numerum
755 2024 1006 2060 annorum
1033 2048 1046 2069 ,
1075 2010 1139 2061 de
1164 2023 1267 2076 quo
1294 2007 1456 2061 factus
1482 2019 1560 2062 est
1586 2024 1757 2061 sermo

210 2097 416 2149 Domini
438 2097 500 2148 ad
516 2097 789 2149 Jeremiam
805 2098 1127 2163 prephetam,
1149 2099 1196 2149 in
1214 2098 1647 2165 complementum
1664 2099 1755 2151 dc-

207 2186 478 2237 solationis
500 2185 836 2254 Jcrosolymae
863 2188 1179 2254 septuaginta
1202 2188 1321 2239 anni
1349 2187 1488 2256 (Jer.
1512 2189 1598 2241 25.
1622 2190 1674 2241 ll
1713 2189 1749 2255 ).

206 2273 259 2326 5.
297 2274 361 2325 Et
386 2273 503 2326 dedi
535 2274 714 2327 faciem
751 2290 917 2327 meam
957 2276 1020 2326 ad
1056 2276 1330 2329 Dominum
1362 2278 1542 2338 Deum,
1572 2288 1626 2329 ut
1654 2294 1752 2330 ex-

205 2366 470 2427 quirerem
501 2364 787 2417 orationem
828 2372 881 2416 et
923 2364 1342 2431 deprecationem
1383 2367 1432 2417 in
1467 2367 1677 2433 jejuniis
1704 2376 1755 2420 et

206 2462 363 2501 sacco
409 2460 460 2502 et
501 2450 693 2501 cinere.
725 2466 743 2499 ι
791 2449 891 2502 lste
934 2460 1013 2503 est
1060 2452 1241 2503 Darius
1278 2452 1473 2504 Medus.
1525 2454 1753 2505 Primum

205 2546 384 2591 autem
416 2554 607 2591 annum
639 2554 739 2591 non
778 2541 920 2607 regni
965 2540 1124 2606 ipsius
1162 2541 1232 2591 ait
1264 2557 1274 2590 :
1305 2556 1404 2591 non
1436 2542 1573 2593 enim
1604 2542 1749 2605 dixit,

206 2626 263 2677 In
294 2627 459 2693 primo
487 2628 627 2694 regni
658 2627 786 2693 ejus,
818 2627 927 2687 sed,
958 2626 1021 2677 In
1048 2628 1205 2694 primo
1227 2644 1356 2679 anno
1385 2627 1543 2693 Darii,
1574 2631 1621 2679 in
1654 2646 1751 2681 uno

203 2731 340 2767 anno
356 2717 491 2784 regni
512 2717 616 2784 ejus
639 2717 738 2767 :ita
768 2726 820 2768 ut
845 2724 895 2768 et
919 2716 1016 2769 dici
1046 2718 1207 2774 possit
1229 2718 1423 2783 primus
1444 2733 1629 2781 annus,
1651 2733 1752 2785 quo

203 2803 416 2869 quidem
442 2804 527 2855 ille
553 2803 818 2870 regnabat,
852 2812 970 2855 tunc
997 2819 1120 2856 vero
1147 2804 1281 2857 forte
1307 2804 1603 2857 occiderant
1630 2805 1751 2857 Bal-

203 2900 448 2942 tasarem.
484 2890 588 2958 Ego
626 2890 804 2942 Daniel
830 2892 1047 2943 intellexi
1073 2893 1123 2943 in
1144 2892 1281 2943 libris
1308 2909 1564 2945 numerum
1589 2910 1749 2945 anno-

200 2995 333 3029 rum.
364 2978 416 3030 ιιι
445 2988 520 3030 est
542 3020 555 3039 ,
587 2979 864 3032 Baltasaris
893 2979 1110 3032 caedem.
1155 2981 1219 3032 Et
1255 2982 1509 3048 reputavi.
1540 2982 1667 3034 Vide
1697 2990 1750 3035 ut

199 3074 325 3117 ante
361 3067 673 3131 praefinitum
701 3076 902 3133 tempus
929 3084 1031 3120 non
1058 3068 1246 3119 audeat
1278 3069 1524 3121 accedere
1552 3070 1614 3122 ad
1642 3070 1751 3121 Do-

201 3154 423 3206 minum.
454 3155 518 3205 At
543 3163 644 3206 tres
667 3155 873 3221 quidem
902 3156 1044 3221 pueri
1066 3155 1113 3207 id
1131 3166 1287 3225 agunt
1312 3157 1360 3207 in
1385 3156 1626 3220 fornace;
1654 3159 1749 3211 iste

199 3257 331 3296 vero
355 3242 404 3293 in
434 3243 545 3293 lacu
577 3257 677 3293 non
705 3241 843 3294 fecit.
886 3243 1017 3308 Quid
1044 3243 1232 3310 igitur?
1263 3244 1339 3296 vel
1372 3245 1443 3295 illi
1471 3245 1604 3297 male
1624 3286 1636 3307 ,
1665 3246 1749 3298 vel

199 3332 325 3385 hic?
348 3332 546 3384 Neutri.
572 3331 651 3383 llli
671 3331 922 3398 siquidem
945 3346 1173 3384 amorem
1194 3349 1311 3400 erga
1338 3335 1551 3400 patriam
1574 3343 1749 3388 osten-

198 3422 413 3482 debant,
447 3420 532 3472 hic
569 3435 692 3474 vero
731 3421 1121 3487 intelligentiam
1155 3424 1399 3488 temporis
1428 3423 1564 3490 quod
1592 3423 1749 3476 adve-

199 3519 371 3563 nerat.
424 3509 606 3562 Nonne
633 3524 755 3576 ergo
780 3510 1127 3576 intelligenter
1153 3510 1351 3578 legebat
1380 3513 1744 3579 prophetarum

196 3598 447 3650 oracula?
475 3598 724 3649 Existimo
745 3606 916 3649 autem
943 3598 1085 3649 illum
1110 3614 1209 3649 non
1234 3599 1298 3651 ab
1326 3602 1451 3652 urbe
1475 3612 1621 3668 capta
1653 3619 1747 3654 nu-

196 3699 425 3745 merare,
449 3683 541 3736 sed
573 3684 704 3736 forte
730 3698 756 3735 a
786 3683 1082 3750 captivitate
1108 3683 1309 3737 Israelis
1337 3686 1425 3752 (b).
1455 3686 1577 3740 iure
1602 3692 1741 3741 enim

194 3773 569 3826 desolationem
600 3774 715 3838 quis
742 3773 999 3825 vocaverit
1040 3772 1377 3842 Jerosolymaz
1406 3776 1558 3828 etiam
1589 3778 1738 3830 bella.

194 3861 330 3913 Vide
372 3870 423 3913 et
461 3874 732 3912 numerum
761 3860 1099 3911 sabbatieum.
1129 3859 1255 3911 Nam
1299 3863 1430 3914 sicut
1468 3866 1742 3932 aliquando

192 3950 601 4019 quadringentos
622 3958 673 4001 et
694 3949 899 4015 triginta
929 3963 1093 4000 annos
1124 3948 1309 4015 (Exod.
1337 3952 1419 4003 ω.
1451 3953 1538 4019 40)
1569 3955 1617 4006 in
1643 3954 1741 4007 du-

191 4048 375 4095 centos
397 4049 447 4091 et
470 4038 762 4105 quindecim
792 4038 1024 4101 mutavit,
1055 4039 1121 4089 ita
1168 4047 1289 4104 puto
1316 4049 1366 4091 et
1410 4057 1543 4093 nunc
1578 4057 1740 4096 annos

190 4128 467 4196 pauciores
487 4140 621 4178 esse.
648 4143 664 4173 ‹
690 4126 760 4177 De
782 4138 884 4191 quo
911 4124 1073 4176 factus
1089 4134 1183 4187 est,
1201 4143 1217 4175 ι
1241 4126 1421 4192 inquit,
1450 4143 1648 4181 «sermo
1675 4130 1738 4182 ad

254 4317 327 4376 (α)
361 4318 469 4378 Quis
490 4313 999 4378 assentiatur_.losepho
1016 4312 1510 4378 Scaligero‘asserenti
1530 4330 1736 4378 progna-

190 4372 293 4425 tum
310 4372 448 4423 '.\Ied0
472 4386 653 4433 genere
685 4372 871 4433 Medum
898 4385 1007 4433 esse
1031 4386 1121 4418 non
1147 4374 1390 4431 potuisse?
1422 4372 1737 4429 Mardochvteus

187 4437 337 4496 igitur
361 4448 451 4482 non
463 4432 578 4496 gerat
608 4432 816 4496 dudaaus,
842 4433 951 4496 quia
978 4432 1049 4496 de
1075 4433 1264 4496 semine
1281 4434 1544 4481 Judaaorum
1562 4436 1586 4483 τ
1606 4438 1732 4487 Estb.

186 4491 237 4550 6',
265 4496 338 4541 13.
360 4494 472 4551 Quid
498 4491 620 4552 quod
658 4491 819 4552 Darius
840 4492 931 4536 iste
962 4492 1150 4552 dicitur
1168 4492 1325 4538 Medus
1363 4500 1469 4540 Dan.
1496 4496 1541 4550 5,
1566 4497 1642 4552 3i,
1684 4506 1736 4545 ct

190 4549 316 4617 171,71
335 4549 535 4617 {Certe
568 4563 662 4617 non
692 4549 839 4607 majus
862 4550 1058 4617 pondus
1082 4550 1259 4617 habent
1289 4558 1477 4617 extera:
1504 4549 1731 4617 scaligerl

188 4611 611 4674 probajionegqui
636 4608 745 4674 dum
769 4609 1053 4674 sententiam
1073 4620 1205 4674 suam
1227 4609 1288 4655 de
1306 4612 1579 4674 _.\'abonnido
1596 4608 1733 4663 nobis

188 4624 510 4674 promuones,
529 4624 611 4715 3m
636 4624 745 4654 dum
769 4624 1053 4675 sententiam
1073 4624 1205 4653 suam
1227 4624 1288 4655 (te
1315 4624 1579 4659 aanonmuo
1596 4624 1668 4661 nol

186 4672 491 4733 persuadeat,
512 4673 527 4733 i
581 4669 751 4733 quibus
772 4666 921 4733 modis
940 4672 1233 4733 assequatur,
1255 4670 1494 4733 minimum
1520 4681 1668 4733 curat.

250 4732 320 4791 (b)
356 4725 901 4791 Captivitatemjsraelis
937 4725 1380 4791 interpretor,_non_
1413 4728 1730 4780 lsraelitarum

184 4784 566 4841 deportationem
589 4801 615 4833 a
638 4784 953 4832 Salmanasare
980 4784 1162 4841 factam,
1190 4786 1275 4831 sed
1298 4787 1561 4835 Judzcotum
1582 4798 1731 4839 trans-

186 4844 414 4899 lationem
450 4848 538 4893 sub
569 4844 1017 4907 Nabuchodonosoro
1058 4846 1291 4907 primam.‘
1312 4852 1453 4907 necte
1484 4848 1628 4907 igitur
1650 4863 1728 4897 se-

184 4912 429 4972 ptuaginta
451 4906 693 4972 servitutis
714 4915 859 4972 annos
880 4903 1020 4972 ordiri
1048 4904 1232 4950 videtur
1254 4905 1313 4972 ab
1331 4905 1459 4972 initio
1478 4903 1726 4972 bellorum,

183 4964 237 5017 Et
272 4964 476 5027 a'prima
497 4964 782 5028 captivitate,
802 4974 893 5028 seu
916 4964 974 5028 ah
998 4970 1307 5028 anno_qua_rto
1328 4966 1532 5028 Joacimi.
1571 4964 1728 5028 Atque

183 5033 245 5077 ita
272 5019 472 5075 censent
494 5019 579 5085 qui
612 5024 734 5085 inter
772 5019 1081 5085 chronologos
1126 5019 1341 5085 familiam
1376 5024 1566 5071 ducunt.
1602 5019 1725 5081 Quod

179 5088 344 5136 subdit
376 5086 438 5132 de
476 5084 611 5129 anuis
649 5082 694 5126 in
740 5082 983 5136 pauciores
1022 5084 1287 5137 contractis,
1326 5084 1479 5141 magis
1522 5090 1726 5135 oratorie

180 5149 363 5195 aestimo
380 5145 570 5203 dictum,
596 5151 735 5203 quam
761 5150 905 5203 vere;
930 5152 1077 5203 quare
1108 5140 1502 5203 verisimilius’cst
1531 5145 1655 5203 quod
1678 5149 1725 5193 in

178 5210 208 5253 5
228 5207 457 5253 adversus
477 5195 676 5253 Judzeos,
693 5202 743 5261 et
762 5195 877 5241 infra
892 5195 1301 5258 scribit,unun
1327 5200 1435 5247 alibi
1456 5195 1723 5261 scripserat,

178 5275 369 5323 tempus
403 5262 548 5308 fuisse
571 5256 854 5323 completum
880 5268 890 5300 :
935 5268 1040 5323 qua;
1066 5256 1141 5303 eist
1165 5256 1304 5304 etiam
1330 5264 1487 5318 opinio
1508 5256 1721 5322 Origenis

179 5314 311 5371 Itoni.
352 5323 382 5368 4
421 5323 467 5367 in
504 5314 793 5379 Ezechielem
820 5326 829 5379 ς
856 5316 1088 5379 quamvis
1112 5328 1201 5362 una
1236 5314 1620 5367 vera'sententia
1644 5326 1720 5379 sit,

178 5384 303 5442 quod
337 5379 635 5442 septuaginta
674 5373 783 5419 anni
816 5378 927 5418 tunc
966 5373 1202 5442 adﬁnem
1241 5379 1519 5442 vergebant.
1560 5373 1721 5427 locum

179 5431 321 5489 έχοόί
350 5431 419 5494 ιῖ,
446 5431 532 5491 ll):
548 5434 705 5487 aliter,
730 5443 784 5477 ac
806 5443 911 5476 mea
938 5431 1127 5489 quidem
1150 5431 1390 5495 sentenfia
1431 5437 1571 5495 longe
1594 5452 1720 5487 C0lll-

178 5504 362 5547 modius
384 5506 615 5555 accepere
649 5504 758 5549 cxx,
782 5502 835 5537 ac
861 5496 961 5548 [ost
994 5502 1078 5537 eos
1109 5494 1353 5553 Joscphus,
1377 5494 1617 5554 Eusebius,
1644 5509 1719 5546 se-

183 5573 341 5617 vei-us,
365 5556 667 5617 Augustinus.

1589 321 1651 373 IN
1694 320 2053 376 DANIELEM.

3296 341 3405 398 238

1876 428 2152 483 Jcremiam
2179 430 2505 498 preplietam,
2539 432 2587 483 in
2616 431 3049 499 complementum
3081 431 3416 484 desolationis

1872 517 2207 585 Jerusolyma:
2234 519 2558 586 septuaginta
2587 520 2728 570 anni.
2780 519 2843 570 Et
2877 518 2993 570 dedi
3028 519 3209 571 faciem
3244 532 3413 571 meam

1871 605 1934 656 ad
1965 605 2233 656 Dominum
2268 606 2427 658 Deum
2450 645 2465 669 ,
2494 615 2548 657 ut
2572 607 2898 672 exquirerem
2925 607 3214 657 orationem
3243 614 3296 658 ct
3320 606 3413 657 de-

1872 694 2219 758 precationem
2260 692 2309 743 in
2344 693 2551 759 jejuniis
2590 702 2643 745 et
2684 707 2835 745 sacco
2874 701 2923 743 et
2964 694 3155 745 cinere.
3188 710 3204 742 ι
3249 693 3417 745 Cerne

1871 780 2170 847 religionem
2210 780 2494 845 propheta}.
2541 779 2607 831 Et
2644 781 2778 842 dedi,
2812 781 2993 846 inquit,
3026 781 3202 847 faciem
3235 796 3413 831 meam.

1870 866 1977 918 lloc
2022 875 2118 927 est,
2166 866 2372 918 Robore
2415 867 2637 918 suffusus
2676 882 2817 918 eram
2861 875 3010 919 antea
3036 906 3051 930 ,
3080 881 3268 932 nempe
3297 877 3416 919 ante

1869 953 2310 1015 humiliationem;
2344 968 2481 1004 nunc
2511 968 2633 1005 vero
2662 953 2805 1014 Dedi,
2836 954 2883 1005 id
2932 962 3031 1015 est,
3066 955 3239 1005 Ausus
3276 968 3411 1005 sum.

1868 1040 2012 1104 Quod
2044 1042 2086 1093 si
2125 1056 2233 1093 rem
2269 1041 2494 1094 debitam
2537 1041 2866 1108 postulasset,
2895 1058 3019 1095 sane
3047 1059 3149 1094 non
3176 1045 3409 1107 dixisset,

1867 1125 1997 1179 Dedi
2024 1128 2197 1194 facient
2225 1144 2401 1189 meam,
2427 1130 2571 1195 quasi
2595 1129 2644 1180 in
2675 1128 2807 1180 facto
2834 1130 3119 1195 periculose
3149 1141 3409 1199 suscepto.

1865 1214 1919 1266 Si
1946 1229 2038 1281 pro
2064 1216 2177 1267 aliis
2201 1224 2339 1268 tanto
2366 1218 2524 1268 utitur
2550 1216 2742 1279 studio,
2773 1216 2815 1269 si
2842 1226 2979 1269 tanta
3010 1232 3125 1270 cum
3153 1218 3413 1273 frueretur

1867 1310 1968 1355 tam
2000 1303 2133 1370 apud
2166 1304 2350 1367 Deum,
2378 1319 2531 1372 quam
2574 1305 2709 1372 apud
2751 1320 2923 1373 regem
2953 1348 2966 1370 ,
3012 1308 3367 1362 benevolentia
3392 1350 3407 1373 ,

1866 1390 2046 1442 harum
2071 1399 2239 1443 tamen
2268 1407 2439 1444 rerum
2468 1393 2663 1445 nullum
2695 1408 2902 1445 sensum
2933 1394 3121 1459 habet,
3147 1398 3234 1449 sed
3262 1400 3408 1466 quasi

1865 1478 1976 1543 ipse
1999 1480 2048 1530 in
2080 1479 2229 1531 malis
2250 1488 2545 1532 versaretur
2568 1520 2583 1545 ,
2612 1482 2773 1548 magis
2812 1481 3078 1534 mordetur
3104 1498 3163 1535 ac
3193 1486 3409 1540 moleste

1864 1563 1981 1629 fert,
2016 1580 2167 1633 quam
2210 1566 2243 1617 ii
2288 1568 2375 1633 qui
2421 1568 2486 1619 ab
2524 1582 2584 1620 ea
2629 1568 2924 1622 calamitate
2951 1580 3099 1622 erant
3130 1574 3363 1639 oppressi
3394 1592 3405 1625 :

1863 1654 2121 1721 quomodo
2164 1655 2279 1721 quis
2317 1670 2433 1706 eum
2476 1655 2629 1722 digne
2671 1656 2921 1709 miretur?
2960 1657 3089 1711 Vide
3114 1670 3319 1723 autem,
3354 1671 3410 1715 ut

1864 1741 2016 1792 etiam
2054 1750 2169 1807 post
2209 1742 2322 1793 illas
2363 1741 2692 1806 afﬂictioncs,
2726 1759 2826 1796 non
2858 1759 3012 1797 ausus
3040 1746 3106 1797 sit
3134 1747 3401 1813 accedere,

1863 1828 2032 1881 donec
2052 1828 2177 1880 vidit
2201 1837 2401 1896 tempus
2422 1844 2535 1882 esse
2565 1831 2900 1897 completum.
2932 1833 3027 1885 Ubi
3053 1848 3175 1900 ergo
3205 1835 3409 1888 deside-

1864 1918 2030 1969 bimus
2059 1917 2325 1984 deinceps,
2370 1932 2464 1969 nos
2501 1918 2714 1970 miseri?
2757 1920 2889 1982 Quid
2918 1920 3011 1983 ais,
3046 1936 3077 1973 0
3105 1921 3323 1975 Daniel?
3354 1925 3406 1977 in

1861 2008 2122 2073 prosperis
2154 2016 2204 2057 tu
2232 2022 2315 2067 es;
2350 2007 2601 2059 honorem
2629 2008 2789 2061 habes
2825 2023 2852 2060 a
2896 2009 3002 2062 Deo
3022 2051 3034 2073 ,
3064 2019 3115 2062 et
3146 2012 3208 2063 ab
3238 2012 3404 2065 homi-

1862 2096 2046 2157 nibus;
2079 2096 2199 2160 quid
2229 2096 2317 2148 tibi
2344 2111 2482 2148 cura:
2512 2097 2675 2149 estde
2705 2099 2943 2151 cccleris?
2986 2099 3073 2153 Sic
3110 2110 3163 2153 et
3201 2102 3404 2171 Moyses

1860 2186 2064 2253 agebat.
2093 2186 2155 2237 Et
2180 2186 2300 2253 quid
2330 2187 2434 2238 ait?
2464 2186 2527 2238 In
2546 2188 2753 2256 jejuniis
2783 2198 2828 2239 et
2864 2206 3005 2242 sacco
3030 2200 3073 2242 et
3096 2193 3277 2255 cinere,
3307 2195 3402 2247 de-

1859 2273 1961 2324 bita
1997 2274 2228 2340 exigens.
2257 2274 2388 2338 Quid
2430 2275 2589 2338 enim,
2622 2276 2663 2325 si
2694 2275 3015 2330 debebatur?
3040 2279 3113 2331 Ne
3143 2280 3276 2332 forte
3304 2281 3396 2333 Ju-

1859 2361 1956 2412 dmi
1995 2375 2050 2413 se
2086 2362 2184 2413 hoc
2220 2377 2426 2429 quoque
2467 2363 2705 2431 indignos
2746 2364 3006 2419 fecissent.
3054 2369 3201 2436 Apud
3235 2370 3398 2425 Deum

1858 2449 2049 2516 quippe
2088 2464 2188 2501 non
2236 2458 2315 2501 est
2355 2454 2668 2514 necessitas;
2699 2452 2938 2517 superior
2965 2454 3161 2521 legibus
3189 2464 3285 2507 est.
3334 2456 3399 2509 Ut

1857 2554 2140 2605 quau-erem,
2172 2539 2353 2605 inquit,
2381 2541 2651 2592 orationem
2677 2549 2721 2591 et
2750 2541 3160 2608 deprecationem.
3207 2544 3258 2596 Id
3291 2546 3397 2611 pri-

1856 2644 1995 2681 mum
2020 2629 2205 2695 poscit.
2234 2628 2288 2681 Si
2308 2630 2573 2695 permittat
2594 2629 2739 2693 mihi,
2765 2630 2948 2695 inquit,
2974 2646 3066 2696 pro
3090 2632 3188 2683 illis
3210 2646 3391 2696 orare;

1856 2717 2097 2783 quoniam
2126 2715 2359 2768 audierat
2386 2715 2663 2769 Jeremiam
2691 2717 2786 2769 ista
2816 2716 2974 2770 verba
3003 2733 3030 2769 a
3062 2718 3278 2773 Domino
3309 2736 3393 2775 re-

1856 2806 2037 2857 tulisse
2064 2822 2077 2855 :
2108 2805 2187 2856 Ne
2212 2821 2318 2857 ores
2344 2820 2433 2873 pro
2465 2805 2645 2871 populo
2672 2806 2784 2869 isto,
2818 2816 2861 2857 et
2888 2822 2947 2859 ne
2969 2808 3183 2875 postules
3212 2826 3301 2877 pro
3324 2812 3393 2863 eis

1857 2892 1999 2963 (Jer.
2023 2895 2074 2946 7.
2101 2893 2225 2961 16).
2274 2894 2600 2947 Auxiliantur
2646 2895 2743 2962 ipsi
2789 2897 3058 2963 captivitas
3082 2938 3095 2960 ,
3126 2908 3355 2967 tempora
3378 2942 3391 2965 ,

1855 2983 2058 3049 propria
2090 2984 2267 3042 virtus,
2293 2990 2344 3033 et
2372 2982 2509 3049 quod
2532 2984 2797 3035 innumera
2830 2999 2921 3049 pro
2953 2986 3060 3037 Deo
3083 3000 3261 3052 passus
3288 2990 3389 3049 sit;

1853 3080 1906 3123 et
1949 3080 2119 3122 tamen
2154 3069 2380 3122 nondum
2408 3070 2641 3133 confidit,
2673 3071 2762 3122 sed
2802 3072 3030 3124 cinerem
3060 3074 3393 3127 substernens

1854 3171 1905 3211 et
1934 3174 2159 3221 saccum,
2193 3160 2261 3209 ita
2290 3158 2611 3225 precabatur.
2642 3158 2775 3221 Quid
2803 3158 3049 3211 faciemus
3078 3174 3172 3211 nos
3198 3162 3282 3227 qui
3317 3162 3394 3212 in-

1852 3248 2077 3301 dolentia
2107 3261 2285 3299 sumus
2311 3246 2550 3312 praediti?
2578 3246 2724 3297 llunc
2752 3246 2980 3312 oportuit
3008 3246 3155 3298 nobis
3182 3248 3389 3300 imitan«

1851 3338 1971 3390 dum
1998 3351 2300 3405 proponere.
2318 3336 2447 3388 Nam
2469 3351 2533 3387 ne
2554 3336 2667 3401 quis
2690 3334 2846 3397 dicat,
2868 3336 3093 3401 reliquos
3112 3337 3390 3402 prophetas

1851 3439 2059 3495 propter
2083 3435 2434 3493 paupertatem
2457 3427 2549 3477 ista
2575 3425 2756 3476 fecisse
2782 3425 2895 3490 :qui
2920 3425 3141 3475 maxime
3162 3426 3388 3477 omnium

1850 3523 2056 3568 evectus
2070 3514 2230 3565 fuerat
2245 3514 2307 3564 ad
2322 3513 2622 3578 dignitatum
2636 3510 3047 3578 amplitudinem,
3067 3511 3151 3563 ille
3173 3510 3395 3565 maxime

1850 3604 2078 3654 omnium
2100 3616 2155 3654 se
2175 3601 2436 3667 deprimit.
2466 3599 2532 3651 Et
2551 3599 2615 3652 de
2636 3599 2831 3652 semine
2864 3599 3026 3665 regni,
3049 3614 3109 3650 ac
3138 3603 3203 3655 de
3227 3603 3387 3666 stirpe

1848 3693 1987 3760 regia
2026 3700 2155 3753 erat,
2198 3699 2249 3743 et
2293 3698 2367 3741 tot
2414 3699 2654 3755 tantaque
2696 3689 2858 3740 fuerat
2904 3698 3271 3756 consequutus.
3316 3691 3384 3742 lta

1847 3788 2051 3847 oportet
2071 3780 2245 3846 lugere
2265 3792 2354 3830 sua
2378 3777 2532 3839 mala,
2552 3777 2624 3829 sic
2646 3777 2865 3843 prepriis
2884 3778 3128 3829 membris
3150 3793 3380 3845 parcere.

1846 3871 1968 3924 llcec
1987 3877 2066 3923 est
2087 3867 2467 3921 commiseratio
2494 3865 2880 3932 prophetarum.
2914 3866 3038 3917 \‘ide
3067 3877 3299 3919 nostrum
3324 3882 3384 3920 ea

1846 3968 1992 4025 parte
2040 3956 2299 4022 prmcipue
2340 3968 2456 4005 esse
2495 3952 2868 4004 admirabilem.
2913 3952 3113 4021 Moyses
3139 3954 3336 4009 dicehat
3369 3972 3381 4004 τ

1845 4046 2100 4115 Siquidem
2136 4044 2353 4095 remittas
2395 4044 2461 4093 eis
2492 4057 2508 4093 :
2532 4044 2606 4092 sin
2648 4043 2841 4100 minus,
2885 4044 3029 4093 etiam
3067 4059 3140 4094 me
3173 4038 3282 4092 dele
3323 4045 3383 4095 de

1842 4135 1965 4187 libro
1993 4133 2181 4201 (Exod.
2212 4132 2297 4184 52.
2330 4131 2437 4199 32).
2470 4131 2561 4182 llic
2590 4131 2639 4182 in
2666 4130 2876 4197 jejuniis
2902 4142 2953 4183 et
2978 4132 3215 4199 lacrymis
3242 4148 3381 4185 con—

1844 4226 1984 4277 tinue
2008 4223 2245 4288 degebat.
2290 4221 2476 4273 Paulus
2513 4220 2720 4273 assidue
2762 4222 2809 4269 in
2854 4222 3173 4287 laerymis,et
3200 4232 3377 4275 contra

1839 4312 2126 4379 gehennam
2154 4311 2316 4377 ipsam
2344 4325 2499 4361 ausus
2526 4317 2621 4360 est.
2665 4307 2895 4373 Ipsorum
2926 4310 3093 4360 nullus
3118 4324 3269 4362 sensu
3301 4312 3379 4361 al-

1840 4399 2009 4452 ficitur
2032 4398 2357 4463 prepriorum
2393 4397 2675 4456 bonorum;
2708 4394 2795 4446 sed
2821 4404 2875 4445 ut
2905 4396 2951 4445 in
2980 4410 3213 4461 corpore,
3250 4411 3373 4449 ocu-

1838 4488 1917 4540 lus
1937 4488 2055 4538 licet
2078 4485 2291 4551 pulcher
2312 4483 2393 4544 sit,
2422 4498 2523 4534 non
2548 4492 2717 4534 tamen
2745 4484 2986 4548 percipiet
3008 4498 3113 4534 suae
3134 4484 3377 4537 bonitatis

1836 4590 1897 4627 ac
1927 4571 2321 4641 pulchritudinis
2359 4585 2591 4634 sensum,
2628 4571 2670 4622 si
2711 4570 2865 4636 pedes
2893 4571 3160 4636 putrefacti
3190 4572 3293 4625 sint
3315 4587 3377 4624 ac

1835 4660 2099 4726 corrupti;
2131 4659 2196 4709 ita
2214 4668 2266 4711 et
2288 4667 2408 4710 tunc
2430 4666 2558 4709 erat.
2591 4658 2693 4709 Cur
2715 4658 2878 4709 cinis?
2905 4658 3227 4710 Admonebat
3255 4676 3372 4709 eum

1835 4751 2056 4818 prppria:
2074 4756 2287 4799 naturae.
2310 4747 2413 4799 Cur
2432 4747 2645 4799 saccus?
2671 4747 2961 4813 ASperitate
2984 4748 3245 4813 deprimit.
3273 4749 3376 4801 Cur

1832 4839 2123 4908 jejunium?
2154 4838 2217 4889 Et
2245 4837 2409 4904 ipsum
2440 4851 2499 4887 ea
2526 4852 2640 4902 quae
2661 4836 2711 4887 in
2736 4837 2973 4901 paradiso
2996 4846 3135 4902 gesta
3162 4842 3298 4890 «unt.
3322 4836 3371 4887 in

1832 4928 2133 4981 memoriam
2178 4926 2469 4978 revocabat.
2512 4925 2605 4977 llic
2642 4925 2762 4976 viris
2801 4926 2992 4975 sanctis
3033 4936 3143 4975 mos
3185 4932 3285 4988 est,
3314 4941 3379 4979 ea

1830 5032 1944 5084 qua;
1984 5014 2216 5081 afﬂigunt
2255 5013 2563 5066 consectari.
2613 5012 2789 5077 Neque
2830 5019 2962 5063 terra
3008 5011 3195 5083 dignus
3232 5024 3362 5073 sum,

1830 5108 2011 5172 inquit,
2043 5119 2208 5169 neque
2250 5104 2493 5161 vestibus.
2521 5116 2693 5168 neque
2734 5100 2889 5151 rebus
2931 5114 3045 5165 quas
3084 5098 3366 5151 secundum

1830 5204 2064 5247 naturam
2109 5205 2248 5252 sunt,
2288 5192 2377 5244 sed
2421 5190 2641 5255 graviori
2684 5190 2970 5256 supplicio,
3018 5190 3103 5255 qui
3147 5189 3367 5241 Persicis

1827 5284 2043 5334 amictus
2069 5298 2181 5333 sum
2216 5280 2463 5343 vestibus,
2498 5281 2583 5346 qui
2612 5280 2791 5330 tiaram
2818 5288 2964 5346 gesto
2987 5278 3267 5329 Persicam.
3302 5276 3363 5327 Et

1826 5373 1945 5438 quid
1972 5372 2077 5423 ait?
2101 5370 2378 5422 Videamus
2405 5367 2806 5420 confessionem.
2838 5368 2888 5418 4.
2924 5366 2985 5417 Et
3010 5365 3145 5416 oravi
3170 5364 3235 5413 ad
3265 5362 3366 5413 Do-

1824 5463 2010 5513 minum
2051 5461 2209 5510 Deum
2251 5474 2427 5509 meum.
2470 5456 2636 5509 Cerne
2663 5471 2893 5509 amorem
2922 5469 3039 5520 erga
3072 5452 3362 5504 Domintnn.

1829 5550 1982 5601 Deum
2005 5564 2183 5608 meum,
2210 5546 2392 5613 inquit.
2424 5544 2518 5598 Cui
2538 5559 2637 5598 non
2659 5544 2878 5599 audebat
2899 5542 3207 5610 supplicare.
3232 5542 3365 5591 hunc
