3990 6440
586 351 691 404 241

581 463 736 516 τερον
767 445 863 514 τῆς
891 446 1111 508 πόλεως.
1146 445 1238 509 Τίς
1269 447 1323 498 δὲ
1351 447 1481 510 ὅλως
1510 449 1636 517 περὶ
1661 447 1912 500 ἐπανόδου
1947 442 2127 509 εἶπενς

583 531 789 592 Οὐδείς.

1194 615 1431 667 ΚΕΦΑΛ.
1473 619 1528 668 l'.

665 698 760 751 Ἐν
789 699 904 751 ἔτει
943 699 1113 764 τρίτῳ
1155 700 1258 752 τοῦ
1305 699 1606 765 ,ϐασιλέως
1649 700 1895 766 Περσῶν
1939 701 2132 768 Κύρου

585 785 763 850 λόγος
799 785 1186 849 ἀπεκαλύφθη
1225 784 1302 847 τῷ
1330 784 1569 850 Δανιὴλ,
1600 781 1670 838 οὗ
1714 786 1779 837 τὸ
1817 787 1998 852 ὄνομα
2036 787 2136 836 ἐπ-

586 867 809 932 εκλήθη
867 867 1197 935 Βαλτάσαρ.
1250 869 1358 920 Kal
1389 869 1670 934 ἀληθινὸς
1713 873 1746 922 ό
1794 872 2006 936 λόγος’
2040 869 2134 921 καὶ

590 950 839 1017 δύναμις
865 952 1091 1016 μεγάλη
1124 952 1217 1002 καὶ
1268 953 1514 1014 σύνεσις
1555 953 1725 1019 ἐδόθη
1766 953 1922 1016 αὐτῷ
1966 953 2034 1004 ἐν
2063 953 2138 1019 τῇ

589 1033 859 1097 ὀπτασίᾳ.
897 1035 989 1085 Ἐν
1032 1034 1158 1098 ταῖς
1198 1035 1437 1101 ἡμέραις
1482 1036 1734 1099 ἐκείναις
1770 1035 1880 1103 ἐγὼ
1919 1037 2139 1103 Δανιὴλ

590 1115 747 1184 ἤμην
777 1115 1006 1168 πενθῶν
1035 1117 1186 1182 τρεῖς
1213 1118 1551 1184 ἑϐδομάδας.
1595 1121 1795 1186 Ἄρτον
1825 1119 2140 1187 ἐπιθυμιῶν

591 1204 698 1254 οὐκ
730 1202 970 1269 ἔφαγον,
999 1204 1095 1255 καὶ
1129 1203 1268 1269 κρέα
1294 1204 1389 1256 καὶ
1421 1205 1582 1269 οἶνος
1609 1208 1718 1257 οὐκ
1747 1203 2028 1270 εἰσῆλθον
2054 1207 2140 1270 είς

592 1287 655 1339 τὸ
688 1289 877 1354 στόμα
907 1304 1044 1353 μου,
1085 1289 1178 1339 καί
1219 1288 1470 1356 ᾶλειμμα
1511 1291 1619 1342 οὐκ
1662 1289 2004 1356 ἠλειψάμην
2033 1289 2140 1354 ἕως

593 1371 765 1436 τριῶν
795 1371 1128 1439 ἑϐδομάδων
1154 1373 1400 1440 ἡμερῶν.
1438 1373 1590 1436 Τίνος
1622 1375 1802 1427 ἐνεκεν
1831 1374 1989 1426 πάλιν
2019 1390 2142 1426 πεν-

596 1456 700 1518 θεῖς
730 1457 790 1507 El
815 1455 920 1524 γὰρ
944 1456 1003 1506 τὸ
1028 1455 1236 1523 πρῶτον
1256 1457 1370 1517 ἔτος
1392 1457 1572 1526 Κύρου
1594 1458 1779 1526 ἀνέϐη,
1801 1458 1941 1520 τίνος
1963 1458 2142 1510 ἕνεκεν

596 1539 806 1602 πενθεῖς
837 1541 928 1591 καὶ
960 1539 1133 1601 πάσας
1162 1540 1388 1609 ἡμέρας,
1418 1543 1562 1603 είκὸς
1607 1543 1772 1610 μίαν;
1807 1542 1963 1595 πάλιν
1995 1543 2142 1594 οὐδὲν

597 1625 811 1691 ἀκούει,
843 1626 982 1693 ὑπὲρ
1027 1620 1098 1677 ὧν
1134 1626 1363 1694 εὗχεται.
1406 1628 1556 1697 Ἐμοὶ
1601 1628 1772 1688 δοκεῖ,
1815 1629 1894 1680 ὅτι
1931 1627 2143 1696 εὔχεται

600 1713 737 1766 ὥστε
769 1711 989 1780 λυθῆναι
1018 1713 1083 1764 τὰ
1111 1713 1254 1764 δεινὰ
1279 1714 1467 1768 ταῦτα.
1507 1713 1641 1765 Ἀλλ’
1679 1714 1825 1767 οὐδὲν
1859 1714 2091 1766 τοιοῦτον
2118 1714 2144 1764 ὀ

599 1798 759 1859 Θεός·
801 1798 895 1850 καὶ
925 1797 1067 1864 λέγει
1119 1798 1441 1866 σαφέστερον
1486 1799 1631 1852 αὐτό.
1664 1799 1876 1851 Μᾶλλον
1908 1800 1961 1850 δέ
2006 1798 2143 1850 ὥστε

600 1883 806 1943 πάντας
850 1881 1084 1933 ἀνελθεῖν
1113 1881 1344 1951 εὔχεται.
1391 1882 1454 1934 El
1487 1883 1578 1934 καὶ
1612 1883 1819 1951 μεγάλα
1859 1883 1925 1935 τά
1971 1883 2142 1948 δεινὰ,

605 1963 696 2015 καὶ
728 1961 971 2013 ἐϐούλετο
1003 1962 1288 2015 ἀποϐαλεῖν
1329 1964 1427 2034 τὴν
1467 1965 1715 2033 πατρίδα.
1747 1964 1928 2026 Οὕτως
1967 1965 2020 2016 δὲ
2055 1982 2147 2017 σα-

605 2047 860 2114 φέστερον
885 2046 1013 2098 αὐτὸ
1038 2047 1200 2114 λέγει,
1228 2049 1319 2099 καὶ
1343 2049 1738 2119 ἀκριϐέστερον.
1767 2051 1905 2120 Ὅρα
1934 2050 1994 2117 δὴ
2023 2067 2148 2102 παν·

605 2131 767 2199 ταχοῦ
812 2132 900 2183 τὸν
951 2131 1143 2202 Δανιὴλ
1189 2133 1284 2202 οὺχ
1337 2133 1516 2195 ἁπλῶς
1567 2135 1982 2202 ἐπιτυγχάνοντα
2041 2134 2145 2186 τῶν

607 2217 795 2282 ὄψεων,
840 2215 971 2267 ἀλλά
1021 2219 1152 2284 μετά
1184 2216 1456 2285 νηστειῶν.
1485 2219 1611 2270 ’Ὀτε
1645 2219 1746 2270 ἔδει
1785 2219 1843 2269 τὸ
1881 2219 2010 2288 δναρ
2044 2237 2146 2288 μα-

609 2301 740 2362 θεῖν,
774 2301 990 2368 νηστεία
1020 2304 1380 2370 προηγήσατο.
1409 2303 1534 2354 Ὅτε
1563 2303 1798 2372 Γαϐριὴλ
1829 2305 2019 2373 ἐφάνη,
2061 2322 2149 2372 νη-

612 2386 755 2435 στεία
792 2385 949 2436 πάλιν
976 2386 1064 2436 καὶ
1100 2386 1284 2446 σποδὸς
1314 2386 1404 2437 καὶ
1439 2387 1653 2447 σάκκος.
1677 2388 1802 2438 Ὅτε
1835 2382 1985 2448 οὗτος
2023 2390 2146 2454 φαί-

608 2483 774 2532 νεται,
819 2470 907 2520 καὶ
947 2470 1162 2536 νηστεία
1203 2471 1294 2520 καὶ
1331 2472 1483 2539 εὐχή.
1526 2471 1660 2522 Ἀλλ’
1698 2472 1796 2538 ὅρα
1837 2473 1926 2522 καὶ
1969 2471 2153 2524 τοῦτον

610 2552 1032 2620 ἀπολογούμενον
1057 2553 1199 2622 αὑτῷ
1231 2554 1429 2621 σχεδόν.
1461 2553 1565 2606 Καὶ
1596 2555 1664 2605 ἐν
1700 2556 1880 2622 ἡμέρᾳ
1913 2557 2153 2623 εἰκοστῇ

610 2640 706 2689 καὶ
752 2639 992 2704 τετάρτῃ
1027 2639 1130 2690 τοῦ
1171 2640 1361 2704 μηνὸς
1412 2640 1514 2692 τοῦ
1552 2640 1798 2705 πρώτου,
1845 2640 1955 2708 ἐγὼ
1996 2642 2154 2709 ἥμην

610 2722 887 2790 ἐχόμενος
929 2724 1031 2774 τοῦ
1065 2724 1323 2790 ποταμοῦ
1361 2725 1463 2776 τοῦ
1503 2725 1784 2792 μεγάλου,
1813 2723 1988 2789 οὗτός
2026 2729 2153 2780 ἐστι

619 2810 824 2875 ΤίγῬις.
859 2809 963 2860 Καὶ
997 2806 1105 2875 ἦρα
1139 2809 1275 2872 τοὺς
1308 2811 1644 2877 ὀφθαλμούς
1677 2830 1814 2878 μου,
1847 2813 1941 2863 καὶ
1965 2809 2152 2866 εἶδον·

615 2893 710 2945 καὶ
736 2892 863 2944 ὶδοὺ
889 2894 1040 2960 ἀνὴρ
1085 2893 1466 2961 ἐνδεδυμένος
1491 2896 1676 2962 ,ϐαδὶμ
1695 2932 1710 2956 ς
1751 2897 1847 2949 καὶ
1880 2899 1917 2964 ἦ
1961 2898 2152 2965 ὀσφὺς

615 2977 798 3030 αὐτοῦ
830 2977 1247 3045 περιεζωσμένη
1287 2980 1512 3045 χρυσίῳ
1535 2978 1716 3046 Ὀφὰᾷ
1760 2981 1854 3032 καὶ
1885 2981 1949 3032 τὸ
1990 2980 2157 3048 σῶμα

615 3064 798 3116 αὐτοῦ
821 3062 960 3114 ὡσεὶ
985 3063 1247 3128 Θαρσεῖς,
1271 3062 1365 3114 καί
1390 3065 1452 3114 τὸ
1475 3064 1792 3130 πρόσωπον
1813 3066 1994 3119 αὐτοῦ
2017 3067 2156 3118 ώσεί

616 3148 818 3214 ὅρασις
873 3147 1200 3214 ἀστραπῆς,
1235 3148 1331 3199 καὶ
1384 3151 1434 3200 οἰ
1464 3149 1749 3217 ὀφθαλμοί
1801 3151 1983 3204 αὐτοῦ
2017 3153 2156 3205 ὡσεί

618 3232 921 3297 λαμπάδες
952 3232 1156 3297 πυρὸς,
1189 3232 1283 3282 καὶ
1311 3235 1361 3283 οἰ
1385 3233 1701 3299 βραχίονες
1750 3235 1931 3286 αὑτοῦ
1965 3237 2056 3287 καί
2089 3237 2159 3287 τὰ

619 3316 806 3382 σκέλη
830 3319 904 3380 ὠς
930 3316 1126 3382 ὅρασις
1157 3317 1380 3382 χαλκοῦ
1410 3319 1771 3381 στίλϐοντος,
1805 3320 1899 3373 καὶ
1927 3320 1963 3384 η
1993 3322 2157 3386 φωνὴ

623 3401 734 3453 τῶν
765 3404 956 3470 λόγων
981 3401 1162 3454 αὑτοῦ
1193 3402 1269 3466 ὠς
1300 3401 1465 3468 φωνὴ
1496 3402 1699 3470 ὄχλου.
1730 3405 1836 3455 Kal
1864 3399 2023 3456 εἶδον
2049 3405 2160 3474 ἐγὼ

621 3487 839 3551 Δανιὴλ
875 3487 1058 3553 μόνος
1106 3486 1216 3550 την
1265 3488 1576 3550 ὀπτασίαν,
1622 3489 1716 3541 καί
1752 3492 1802 3541 οἱ
1856 3489 2058 3555 ἄνδρες
2108 3494 2160 3542 οί

614 3575 738 3640 μετ’
767 3572 908 3639 ἐμοῦ
948 3574 1055 3624 οὐκ
1102 3567 1260 3622 εἶδον
1306 3571 1417 3636 τὴν
1468 3573 1777 3636 ὀπτασίαν,
1821 3574 1954 3626 ἀλλ’
1995 3574 2030 3641 ἢ
2067 3575 2164 3626 έκ-

621 3672 835 3718 στασις
863 3656 1088 3722 μεγάλη
1116 3656 1406 3706 ἐπέπεσεν
1435 3657 1523 3707 ἐπ’
1549 3657 1784 3722 αὐτοὺς,
1822 3659 1913 3712 καί
1944 3657 2164 3725 ἔφυγον

625 3744 692 3794 ἐν
729 3742 904 3809 φόϐῳ.
946 3741 1047 3793 Kal
1079 3740 1191 3808 ἐγὼ
1232 3743 1597 3808 ἀπελείφθην
1631 3743 1836 3810 μόνος,
1877 3744 1973 3796 καὶ
2006 3741 2165 3798 εἶδον

628 3828 737 3893 τὴν
784 3825 1076 3880 ὀπτασίαν
1132 3825 1246 3892 τὴν
1285 3819 1554 3894 μεγάλην
1601 3829 1850 3894 ταύτην,
1905 3828 2000 3881 καὶ
2055 3831 2164 3897 οὺχ

627 3913 947 3978 ὑπελείφθη
986 3911 1051 3962 ἐν
1085 3912 1212 3977 ἐμοὶ
1246 3911 1450 3979 ἰσχὺς,
1484 3913 1577 3963 καί
1619 3913 1654 3976 ἡ
1689 3912 1834 3975 δόξα
1878 3931 1995 3979 μου
2035 3931 2167 3980 μετ-

625 3995 889 4061 εστράφη
916 3997 992 4058 είς
1019 3996 1355 4062 διαφθορὰν,
1380 3996 1473 4047 καὶ
1495 3998 1601 4048 οὐκ
1619 3997 1915 4063 ἐκράτησα
1937 3999 2161 4065 ἰσχύος.

628 4080 735 4134 Kal
775 4079 1007 4145 ἤκουσα
1047 4095 1157 4144 την
1195 4080 1398 4145 φωνὴν
1439 4078 1553 4131 τῶν
1585 4083 1778 4147 λόγων
1823 4083 2032 4134 αὐτοῦ·
2072 4083 2167 4134 καὶ

627 4164 696 4216 ἐν
718 4164 793 4227 τῷ
814 4163 1067 4216 ἀκοῦσαί
1083 4179 1158 4230 με
1175 4162 1331 4228 ἤμην
1355 4163 1856 4230 κατανενυγμένος
1879 4168 1972 4217 ἐπὶ
1997 4169 2170 4232 πρόσ-

630 4252 791 4301 ωπόν
825 4267 962 4316 μου,
1007 4248 1101 4300 καὶ
1134 4249 1198 4300 τὸ
1244 4249 1561 4315 πρόσωπόν
1587 4267 1703 4316 μου
1753 4251 1847 4301 ἐπὶ
1883 4250 1993 4315 τὴν
2035 4250 2167 4316 γῆν.

631 4336 736 4388 Kal
771 4335 895 4386 ίδοὺ
931 4334 1053 4401 χεὶρ
1100 4335 1393 4402 ἁπτομένη
1423 4353 1560 4402 μου,
1604 4336 1698 4387 καί
1743 4335 1934 4414 ἧγειρέ
1970 4353 2044 4403 με
2077 4337 2170 4388 ἐπὶ

630 4421 702 4473 τὰ
729 4421 944 4486 γόνατά
967 4438 1102 4486 μου,
1135 4420 1227 4471 καὶ
1256 4421 1350 4472 ἐπὶ
1377 4423 1443 4473 τὰ
1471 4423 1607 4488 ἴχνη
1633 4421 1747 4474 τῶν
1775 4421 1970 4474 ποδῶν
1988 4434 2012 4460 ι
2035 4439 2172 4488 μου.

633 4507 741 4558 Kal
761 4503 886 4557 εἷπε
912 4508 1056 4570 πρός
1073 4523 1148 4572 με
1165 4521 1176 4533 ·
1200 4507 1435 4573 Δανιὴλ,
1464 4507 1614 4573 ἀνὴρ
1637 4507 1971 4575 ἐπιθυμιῶν,
1995 4508 2176 4569 σύνες

631 4595 701 4646 ἐν
737 4593 854 4656 τοῖς
891 4593 1107 4658 λόγοις,
1134 4588 1221 4655 οἷς
1253 4593 1362 4658 ἐγὼ
1390 4591 1555 4645 λαλῶ
1582 4593 1726 4658 πρὸς
1751 4596 1842 4656 σὲ,
1871 4595 1964 4645 καὶ
2003 4593 2176 4656 στῆθι

634 4678 703 4730 ἐν
730 4676 801 4742 τῇ
831 4676 1037 4728 στάσει
1069 4692 1201 4736 σου,
1234 4677 1318 4728 ὅτι
1359 4678 1473 4729 νῦν
1504 4678 1851 4744 ἀπεστάλην
1887 4679 1997 4745 ἐγὼ
2033 4679 2179 4743 πρὸς

637 4762 730 4816 σέ.
755 4762 860 4813 Kal
892 4753 957 4812 ἐν
991 4759 1069 4823 τῷ
1095 4761 1360 4825 λαλῆσαι
1389 4765 1572 4815 αὐτώ⁵
1592 4764 1740 4830 πρὸς
1761 4763 1838 4831 μὲ
1867 4764 1969 4816 τὸν
1998 4764 2181 4829 λόγον

637 4847 867 4908 τοῦτον,
907 4847 1168 4912 ἀνέστην
1200 4849 1498 4912 ἔντρομος.
1538 4849 1643 4900 Kal
1686 4845 1812 4900 εἶπε
1850 4848 1996 4918 [250]
2036 4848 2178 4914 πρός

633 4952 737 5003 με*
768 4934 862 4999 Μὴ
903 4933 1105 4999 φοϐοῦ,
1140 4934 1378 5000 Δανιὴλ,
1409 4933 1493 4985 ὅτι
1532 4935 1646 4986 ἀπὸ
1676 4935 1784 5002 τῆς
1823 4935 2040 5002 ἡμέρας
2074 4934 2182 5000 τῆς

639 5019 888 5086 πρώτης,
929 5015 1001 5087 ἧς
1024 5019 1245 5083 ἔδωκας
1279 5019 1390 5084 τὴν
1418 5020 1666 5085 καρδίαν
1701 5037 1814 5073 σου
1841 5021 1944 5072 τοῦ
1983 5019 2182 5072 συνεῖ-

637 5120 736 5157 ναι
772 5104 868 5156 καὶ
902 5102 1235 5170 κακωθῆναι
1272 5105 1468 5155 ἔναντι
1499 5105 1715 5169 Κυρίου
1749 5105 1852 5155 τοῦ
1878 5105 2020 5157 Θεοῦ
2046 5118 2182 5166 σου,

639 5190 1029 5255 ἠκούσθησαν
1057 5192 1108 5241 οί
1132 5189 1295 5256 λόγοι
1329 5202 1464 5252 σου,
1492 5190 1587 5240 καὶ
1622 5187 1733 5256 ἐγὼ
1759 5185 1944 5257 ἦλθον
1968 5189 2035 5241 ἐν
2064 5188 2186 5254 τοῖς

637 5278 838 5342 λόγοις
871 5289 1006 5326 σου.
1043 5271 1200 5342 Ὀρᾷς
1233 5258 1366 5342 ὅπερ
1395 5273 1546 5341 ἔφην,
1580 5274 1670 5325 καὶ
1695 5272 1876 5325 τοῦτον
1901 5273 2187 5340 ἀπολογού-

645 5377 799 5429 μενον
842 5358 986 5427 αὐτῷ
1018 5358 1228 5426 σχεδόν;
1268 5359 1396 5413 Ἀπὸ
1444 5358 1675 5428 πρώτης
1717 5359 1957 5427 ἡμέρας,
2005 5359 2184 5428 φησὶν,

701 5591 729 5622 ³
751 5593 1084 5639 'l'hcodorclus
1103 5591 1288 5651 χειρῶν.

1240 333 1296 388 8.
1332 333 1613 389 JOANNIS
1645 332 2131 388 CHRYSUSTOMI
2166 333 2482 391 ARClIlEP.
2521 336 3054 397 CONSTANTINOP.

3682 354 3790 407 242

2232 451 2595 519 ἀπεστάλην.
2623 454 2773 515 Τίνος
2793 450 2883 507 οὖν
2917 455 3098 507 ἐνεκεν
3124 453 3448 523 ἐϐράδυναςς
3485 455 3598 506 Kal
3629 459 3661 509 ὀ
3686 457 3783 524 ἀρ-

2229 551 2350 600 χων
2371 537 2687 601 βασιλείας
2719 539 2961 606 Περσῶν
2984 539 3242 603 εἱστήκει
3274 540 3341 602 ἐξ
3367 540 3647 604 ἐναντίας
3667 558 3784 607 μου

2231 623 2420 675 εἴκοσι
2479 626 2572 676 καὶ
2621 629 2765 694 μίαν
2812 627 3054 695 ἡμέραν.
3107 630 3375 689 Ἤκουσας
3419 629 3500 678 ὅτι
3535 629 3786 691 Ἔθηκεν

2232 708 2358 774 ὅρια
2413 711 2596 762 ἐθνῶν
2634 714 2778 765 κατὰ
2818 715 3061 782 ἀριθμὸν
3098 713 3361 782 ἀγγέλων
3416 714 3637 774 αὐτοῦ;
3678 714 3784 765 Καὶ

2231 793 2452 845 ἕκαστον
2478 796 2622 858 ἔθνος
2653 798 2762 866 ἐχει
2789 799 2876 852 τὸν
2908 799 3200 867 ἐφεστῶτα,
3233 800 3324 850 καλ⁵
3354 798 3600 866 βούλεται
3628 799 3784 858 αὐτὸς

2235 872 2367 927 εἶναι
2400 877 2773 950 δυνατώτερος.
2809 884 2913 934 Kal
2940 884 3188 944 σύνεσις
3219 881 3391 946 ἐδόθη
3418 880 3577 943 αὐτῷ
3615 880 3686 932 ἐν
3710 878 3785 946 τῇ

2235 962 2506 1026 ὀπτασίᾳ.
2537 966 2609 1016 Οὐ
2643 965 2748 1034 γὰρ
2775 967 2929 1036 ἤρκει
2962 968 3028 1018 τὰ
3061 968 3275 1036 ῥήματα
3304 964 3508 1027 διδάξαι
3538 964 3608 1015 τὰ
3639 964 3787 1030 λεγό-

2239 1063 2388 1112 μενα.
2431 1047 2588 1117 Ὁρᾷς
2631 1050 2827 1119 ἑτέρως
2870 1051 3276 1119 παιδευομένους
3308 1050 3430 1110 τοὺς
3469 1051 3785 1118 προφήτας;

2234 1134 2342 1183 Kal
2377 1133 2621 1201 δύναμις
2653 1136 2882 1203 μεγάλη
2931 1137 3026 1205 τῆς
3074 1136 3262 1202 ὅψεως.
3294 1137 3498 1196 Ὄντως
3533 1136 3645 1204 γὰρ
3694 1154 3789 1204 με·

2236 1219 2395 1289 γάλη,
2425 1220 2484 1271 τὸ
2518 1222 2642 1282 τοὺς
2679 1223 3038 1290 ἠσθενηκότας
3076 1222 3280 1273 ἐκείνου
3306 1222 3398 1273 τοῦ
3429 1221 3670 1273 τοσαῦτα
3695 1237 3791 1272 πε-

2240 1304 2575 1372 ριγενομένου
2613 1306 2984 1373 περιγενέσθαι
3017 1307 3303 1374 Ἀντιόχου.
3344 1305 3451 1358 Kal
3499 1305 3792 1371 ἀληθινὸς

2239 1390 2271 1440 ό
2312 1389 2505 1454 λόγος.
2546 1389 2755 1458 Ἐπειδή
2801 1407 2940 1452 τινες
3005 1390 3220 1460 ἔμελλον
3275 1391 3539 1444 άπιστεῖν.
3596 1385 3680 1443 Οὖ
3725 1388 3792 1440 τὸ

2241 1470 2423 1538 ὄνομα
2463 1474 2792 1542 Βαλτάσαρ.
2833 1476 3244 1544 Ἀναμιμνήσκει
3290 1492 3348 1526 σε
3386 1473 3491 1526 τῶν
3535 1474 3791 1543 πρώτων,

2242 1555 2324 1606 ἵνα
2370 1556 2670 1620 ἀξιόπιστος
2709 1563 2868 1628 φανῇ.
2904 1561 3030 1611 Ἰδοὺ
3070 1561 3157 1611 καὶ
3184 1561 3240 1610 τὸ
3271 1560 3450 1628 πάσχα
3483 1559 3696 1609 ἔλυσεν.
3729 1557 3792 1608 El

2239 1640 2345 1708 γὰρ
2378 1644 2433 1692 ἐν
2461 1641 2538 1709 τῷ
2566 1641 2762 1712 πρώτῳ
2807 1643 2935 1712 μηνὶ
2975 1644 3034 1695 τὺ
3069 1645 3246 1713 πάσχα
3278 1645 3502 1711 γίνεται,
3545 1638 3702 1704 οὗτος
3733 1643 3794 1694 δὲ

2246 1726 2402 1794 μέχρι
2445 1727 2541 1794 τῆς
2583 1729 2842 1798 τετάρτης
2869 1730 3075 1792 εἰκάδος
3114 1729 3206 1781 τοῦ
3244 1730 3406 1798 μηνὸς
3443 1731 3788 1799 ἐνήστευσεν.

2255 1810 2536 1878 Ἐμπίπτει
2574 1812 2629 1864 δέ
2663 1816 2738 1876 είς
2767 1814 2864 1882 τὴν
2903 1815 3504 1883 τεσσαρεσκαιδεκάτην,
3537 1815 3646 1866 ἀπὸ
3693 1817 3792 1882 τῆς

2241 1897 2816 1968 τεσσαρεσκαιδεκάτης
2841 1899 2930 1950 ἐπὶ
2956 1899 3050 1968 τὴν
3081 1898 3296 1968 πρώτην
3327 1900 3532 1958 εἰκάδα,
3562 1899 3656 1950 καὶ
3684 1898 3796 1950 ἐτέ-

2247 1997 2342 2047 ρας
2378 1980 2468 2032 δύο
2495 1983 2718 2050 ἡμέρας.
2749 1984 2887 2053 Ὅρα
2929 1985 2995 2037 τὰ
3022 1984 3223 2052 νόμιμα
3263 1983 3357 2051 ἥδη
3393 1984 3788 2050 καταλυόμενα.

2245 2065 2356 2115 Οὐκ
2382 2065 2626 2134 ἐνέτρεψέ
2656 2084 2712 2118 σε
2742 2068 2768 2117 ὁ
2792 2067 2968 2132 φόϐος,
2993 2062 3035 2119 ὧ
3061 2068 3281 2135 Δανιήλ;
3311 2067 3617 2135 Οὐχὶ,φησί.
3649 2069 3794 2137 Ὅρα

2246 2148 2346 2199 ποῦ
2380 2151 2474 2216 τὴν
2502 2151 2759 2202 ὀπτασίαν
2790 2151 3003 2219 βλέπεν
3038 2154 3127 2204 ἐπὶ
3159 2153 3253 2221 τῆς
3286 2154 3507 2221 ἐρήμου,
3541 2153 3795 2221 καθάπερ

2246 2233 2339 2283 καὶ
2367 2235 2618 2302 Μωῠσῆς.
2648 2236 2712 2286 Al
2741 2237 2847 2305 γὰρ
2903 2238 3080 2298 πόλεις
3138 2236 3374 2304 θορύϐων
3418 2235 3673 2303 γέμουσι,
3702 2237 3796 2288 καὶ

2245 2319 2502 2386 ταραχῆς.
2533 2319 2684 2370 Οὕτω
2717 2320 2809 2372 καὶ
2851 2323 2878 2372 ὁ
2915 2321 3141 2388 Χριστὸς
3168 2322 3258 2372 ἐπὶ
3297 2320 3388 2371 τοῦ
3418 2321 3578 2390 ὅρους
3631 2337 3799 2388 μετα-

2253 2403 2562 2470 μορφοῦται.
2615 2405 2724 2455 Kal
2777 2403 2901 2455 ίδοὺ
2967 2403 3199 2471 Μιχαὴλ
3260 2399 3346 2468 εἷς
3404 2404 3520 2456 τῶν
3579 2406 3798 2472 ἀρχόν-

2249 2502 2363 2537 των
2403 2485 2638 2552 πρώτων
2677 2484 2816 2556 ἦλθε
2845 2487 3148 2554 βοηθῆσαί·
3165 2505 3281 2555 μοι,
3312 2490 3405 2541 καὶ
3431 2491 3616 2541 αὐτὸν
3663 2507 3800 2542 κατ-

2248 2569 2456 2621 έλιπον
2486 2570 2608 2622 ἐκεῖ
2647 2573 2792 2638 μετά
2835 2573 2936 2624 τοῦ
2982 2571 3265 2638 ἄρχοντος
3302 2572 3609 2636 βασιλέως
3653 2577 3798 2640 Περ-

2250 2653 2394 2707 σῶν.
2439 2658 2544 2708 Kal
2585 2656 2772 2722 ἦλθον
2803 2659 3108 2709 συνετίσαι
3153 2673 3221 2709 σε
3255 2657 3367 2709 ὅσα
3392 2660 3803 2721 ἀπαντήσεται

2249 2738 2328 2802 τῷ
2368 2740 2491 2804 λαῷ
2511 2758 2624 2794 σου
2650 2743 2741 2793 ἐπ’
2772 2743 3037 2810 ἐσχάτων
3063 2744 3178 2795 τῶν
3205 2743 3453 2809 ἡμερῶν,
3492 2744 3581 2795 ὅτι
3603 2745 3734 2796 ἰδοὺ
3762 2745 3800 2807 ἠ

2254 2825 2457 2890 ὅρασις
2478 2830 2562 2891 είς
2586 2829 2820 2894 ἡμέρας.
2855 2830 2958 2880 Kal
2989 2830 3055 2880 ἐν
3077 2827 3153 2892 τῷ
3172 2830 3435 2895 λαλῆσαι
3466 2831 3653 2881 αὑτὸν
3678 2833 3806 2897 μετ’

2253 2910 2395 2978 ἐμοῦ
2447 2910 2670 2975 πάντας
2717 2913 2853 2977 τοὺς
2906 2915 3120 2981 λόγους
3169 2915 3443 2977 τούτους,
3491 2914 3685 2965 ἔδωκα
3743 2916 3806 2966 τὸ

2253 2995 2567 3059 πρόσωπόν
2587 3013 2703 3062 μου
2741 2997 2834 3048 ἐπὶ
2866 2997 2977 3062 τὴν
3006 2997 3144 3065 γῆν,
3182 2997 3275 3049 καὶ
3305 3001 3657 3066 κατενύγην.
3698 3000 3807 3052 Kal

2256 3079 2379 3131 ίδοὺ
2395 3082 2472 3144 ὡς
2488 3083 2740 3148 ὁμοίωμα
2759 3083 2888 3134 υἰοῦ
2903 3082 3204 3148 ἀνθρώπου
3218 3082 3410 3149 ἥψατο
3427 3082 3545 3134 τῶν
3561 3084 3811 3150 χειλέων

2250 3183 2384 3232 μου.
2423 3167 2526 3217 Kal
2558 3167 2765 3232 ἧνοιξα
2793 3167 2854 3219 τὸ
2876 3169 3063 3235 στόμα
3090 3186 3225 3236 μου,
3260 3168 3354 3219 καὶ
3381 3169 3680 3233 ἐλάλησα,
3714 3171 3810 3222 καί

2255 3247 2423 3302 εἷπον
2437 3252 2582 3317 πρὸς
2607 3251 2710 3303 τὸν
2727 3252 2949 3304 ἐστῶτα
2969 3254 3240 3306 ἐναντίον
3251 3267 3388 3321 μου’
3420 3255 3617 3318 Κύριε,
3643 3255 3716 3306 ἐν
3738 3254 3811 3321 τῇ

2257 3335 2456 3399 όράσει
2497 3350 2610 3388 σου
2640 3335 2905 3402 ἐστράφη
2945 3338 3012 3388 τὰ
3054 3338 3221 3400 ἐντός
3247 3356 3361 3404 μου
3409 3339 3477 3389 ἐν
3511 3339 3663 3405 ἐμοὶ,
3715 3340 3812 3391 καὶ

2259 3419 2386 3471 ίδοὺ
2425 3421 2533 3470 οὐκ
2561 3419 2676 3486 ἔχω
2710 3422 2907 3486 ἰσχύν.
2943 3421 3049 3472 Kal
3080 3421 3201 3485 πῶς
3234 3422 3557 3485 δυνήσεται
3600 3426 3634 3475 ό
3672 3424 3814 3487 παῖς

2260 3521 2393 3565 σου,
2427 3506 2617 3568 Κύριε,
2651 3503 2916 3568 λαλῆσαι
2951 3507 3096 3571 μετὰ
3128 3507 3229 3558 τοῦ
3267 3509 3481 3571 Κυρίου
3530 3526 3650 3573 μου
3682 3510 3815 3560 τού-

2260 3605 2398 3651 του;
2423 3589 2528 3640 Kal
2559 3587 2690 3655 ἐγὼ,
2730 3589 2845 3640 ἀπὸ
2871 3590 2975 3642 τοῦ
3012 3591 3123 3641 νῦν
3160 3593 3228 3643 οὐ
3264 3591 3548 3656 στήσεται
3585 3593 3657 3642 ἐν
3685 3592 3814 3659 ἐμοὶ

2261 3671 2454 3739 ἰσχὺς,
2475 3673 2568 3724 καὶ
2587 3672 2739 3737 πνοὴ
2765 3675 2832 3726 οῦ
2838 3692 2872 3739 χ
2891 3675 3213 3741 ὑπελείφθη
3235 3675 3301 3725 ἐν
3327 3676 3471 3741 ἐμοί.
3501 3676 3609 3727 Kal
3631 3691 3817 3742 προσ-

2261 3757 2442 3818 έθετο,
2486 3758 2582 3808 καὶ
2616 3757 2814 3822 ἣψατό
2844 3775 2960 3824 μου
2999 3760 3076 3821 ὼς
3109 3759 3312 3825 ὅρασις
3343 3760 3679 3825 ἀνθρώπου,
3718 3762 3817 3814 καί

2262 3842 2548 3909 ἐνίσχυσέ
2573 3859 2666 3909 με,
2697 3844 2788 3894 καί
2816 3840 2942 3894 εἶπέ
2959 3861 3055 3910 μοι
3084 3860 3098 3873 ο
3127 3848 3218 3913 Μὴ
3251 3844 3452 3911 φοϐοῦ,
3493 3845 3649 3913 ἀνὴρ
3686 3849 3810 3899 ἐπι-

2265 3926 2502 3994 θυμιῶν,
2533 3926 2731 3993 εἰρήνη
2773 3942 2889 3990 σοι,
2920 3928 3209 3994 άνδρίζου,
3250 3928 3345 3980 καί
3375 3931 3569 3994 ῐσχυε.
3607 3932 3721 3982 Kal
3750 3932 3818 3982 ἐν

2265 4012 2344 4076 τῷ
2395 4013 2656 4079 λαλῆσαι
2704 4013 3031 4082 αὺτόνμετ⁹
3084 4015 3227 4081 ἐμοῦ
3256 4054 3270 4077 ,
3315 4015 3617 4082 ἐνίσχυσα
3647 4057 3662 4078 ,
3717 4018 3819 4071 καί

2266 4097 2462 4151 εἶπονο
2489 4099 2733 4164 Λαλήτω
2762 4103 2794 4152 ό
2834 4102 3045 4167 Κύριός
3068 4117 3205 4166 μου,
3239 4100 3325 4152 ὅτι
3344 4102 3687 4167 ἐνίσχυσάς
3719 4121 3816 4171 με.

2268 4184 2376 4236 Kal
2405 4185 2590 4247 εἶπεν,
2608 4185 2673 4235 El
2697 4180 2858 4248 οἶδας
2898 4185 2952 4235 τί
2994 4181 3180 4251 ἦλθον
3218 4184 3362 4250 πρὸς
3395 4187 3506 4248 σέ;
3547 4189 3656 4239 Kal
3705 4189 3824 4241 νῦν

2269 4271 2602 4336 ἐπιστρέψω
2643 4271 2745 4321 τοῦ
2791 4270 3118 4337 πολεμῆσαι
3179 4271 3320 4337 μετὰ
3372 4274 3474 4325 τοῦ
3526 4274 3823 4340 ἄρχοντος

2271 4354 2531 4420 Περσῶν.
2557 4355 2660 4408 Καὶ
2694 4355 2803 4422 ἐγὼ
2829 4356 3277 4422 ἐξεπορευόμην,
3300 4358 3397 4408 καί
3420 4361 3450 4409 ό
3474 4359 3675 4425 ἅρχων
3705 4361 3824 4412 τῶν

2287 4441 2583 4505 Ἑλλήνων
2605 4441 2834 4508 ἤρχετο.
2871 4442 3014 4511 [251]
3057 4443 3205 4495 Ἀλλ’
3237 4443 3274 4509 ἣ
3308 4445 3614 4511 ἀνάγ-γελῶ
3638 4463 3739 4500 σοι
3761 4450 3825 4502 τὸ

2275 4528 2625 4596 τεταγμένον
2661 4529 2729 4580 ἐν
2780 4527 2973 4596 γραφῇ
3001 4530 3304 4595 ἀληθείας’
3347 4531 3442 4582 καί
3490 4535 3600 4584 οὐκ
3657 4535 3828 4586 ἐστιν

2277 4609 2360 4678 εἷς
2397 4614 2785 4680 ἀντεχόμενος
2808 4615 2931 4680 μετ’
2971 4613 3111 4680 ἐμοῦ
3160 4615 3287 4681 περὶ
3317 4615 3538 4667 τούτων
3559 4655 3572 4675 ,
3623 4619 3764 4670 ἀλλ’
3789 4617 3824 4684 ἢ

2280 4697 2516 4762 Μιχαὴλ
2532 4700 2563 4747 ό
2582 4697 2776 4762 ἄρχων
2797 4698 2977 4764 ὑμῶν.
2991 4698 3096 4749 Kal
3114 4698 3237 4749 ἰδοὺ
3258 4699 3409 4765 ἀνηρ
3430 4700 3828 4768 ἐνδεδυμένος

2279 4781 2523 4844 στολήν.
2544 4783 2698 4841 Ἴσως
2720 4782 3004 4850 ίερατικήν.
3035 4782 3093 4833 Ἡ
3107 4781 3240 4848 ὄψις
3255 4785 3434 4836 αὑτοῦ
3449 4785 3527 4848 ὡς
3543 4786 3826 4852 ἀστραπὴ

2279 4861 2357 4932 ἦν
2385 4865 2571 4930 πυρὸς
2597 4865 2713 4916 ἀπὸ
2755 4865 3069 4932 ὀφθαλμῶν
3098 4867 3300 4924 αὑτοῦ.
3337 4869 3459 4929 Πῶς
3484 4871 3541 4920 ἐν
3570 4871 3827 4939 ἀστραπῇ

2282 4944 2503 5010 ἐκείνοι’ς
2525 4948 2705 5014 ἔφαινε
2726 4965 2740 5012 ;
2762 4948 2898 5009 τίνος
2920 4949 3100 5001 ἐνεκεν
3119 4951 3256 5003 οὕτω
3283 4952 3523 5020 φαίνεται
3549 4957 3576 5005 ὁ
3602 4955 3833 5020 ἄγγελος

2283 5035 2430 5098 οὗτος
2452 5055 2466 5103 ;
2505 5033 2589 5104 ἆρ’
2612 5038 2696 5089 ἵνα
2722 5037 2960 5108 ἐκπλήξῃ
2990 5038 3077 5089 τὸν
3101 5040 3266 5108 δῆμον
3290 5058 3306 5106 ;
3330 5043 3421 5092 καὶ
3445 5042 3495 5092 τί
3515 5043 3575 5092 τὸ
3596 5043 3794 5112 κέρδος
3824 5065 3837 5109 ;

2285 5128 2399 5179 Ἵνα
2445 5127 2606 5196 πείσῃ
2659 5126 2848 5195 μηκέτι
2892 5127 3101 5180 πενθεῖν
3159 5129 3218 5179 τὸ
3279 5129 3356 5197 (Ῑ.
3402 5130 3516 5197 τῷ)
3572 5131 3840 5194 πολλάκις

2285 5218 2450 5268 ταῦτα
2495 5215 2772 5282 λέγεσθαι·
2829 5215 3114 5285 μαρτυρῶν
3164 5221 3423 5288 μαρτυρεῖ
3451 5219 3678 5286 δυνάμει
3731 5222 3841 5272 τῶν

2287 5307 2587 5375 ἐσομένων·
2639 5305 2671 5371 ἢ
2728 5305 2811 5355 ἵνα
2843 5305 3174 5373 πιστώσηται
3219 5307 3396 5359 αὐτόν,
3443 5304 3555 5357 Kal
3588 5309 3625 5372 ἡ
3668 5309 3841 5375 φωνὴ

2283 5395 2532 5465 μεγάλη.
2563 5394 2720 5443 Ὥστε
2756 5392 2847 5445 καὶ
2875 5393 3040 5461 τούτῳ
3077 5393 3545 5461 καταπλήξασθαι.
3596 5395 3840 5459 Ἐξίστα-

2291 5503 2396 5548 ται,
2430 5483 2521 5534 καὶ
2570 5482 2727 5535 πάλιν
2763 5483 3070 5550 ὁμιλοῦντος
3102 5483 3394 5547 ἐξίσταται,
3433 5484 3842 5552 συγχωροῦντος

2295 5577 2441 5637 ἴσως,
2476 5572 2573 5625 οὐκ
2600 5571 3004 5634 ἀδυνατοῦντος*
3037 5571 3155 5623 ἐπεὶ
3199 5569 3456 5640 πρότερον
3489 5568 3676 5624 εῐπενο
3721 5573 3841 5627 Ἁν-
