3990 6450
95 353 206 408 241

107 458 307 512 urbem
331 469 435 509 non
453 455 718 522 remigrat,
742 461 796 508 ut
816 463 967 509 antea
991 453 1085 524 (a).
1114 453 1241 521 Quis
1263 459 1436 505 autem
1458 452 1673 504 omnino

109 545 177 599 de
211 545 386 599 reditu
417 545 659 613 loquutus
687 544 804 599 est?
830 544 1016 599 Nemo.

769 676 919 731 CAP.
959 675 1024 730 Χ.

189 806 219 859 1
287 821 304 854 ι
341 803 395 857 In
420 818 557 859 anno
585 805 737 858 tertio
757 804 875 874 Cyri
896 804 1029 872 regis
1056 803 1331 856 Persarum
1360 799 1432 871 (ὁ)
1461 799 1675 854 verbum

115 894 418 947 revelatum
445 903 523 946 est
551 893 767 958 Danieli,
796 894 879 961 qui
905 894 1201 945 nominatus
1222 901 1301 945 est
1328 892 1580 942 Baltasar.
1612 889 1678 943 Et

115 997 310 1036 verum
337 992 449 1035 eral.
474 983 687 1035 verbum
713 999 727 1047 ;
760 991 812 1036 et
833 983 1063 1050 potentia
1090 995 1273 1049 magna
1300 989 1354 1033 et
1381 979 1680 1046 intelligen-

115 1076 190 1127 tia
219 1074 340 1127 data
368 1082 448 1126 est
469 1075 516 1128 ei
547 1075 596 1126 in
621 1074 836 1126 visione.
865 1073 916 1124 2.
947 1073 1002 1125 ln
1026 1071 1206 1125 diebus
1236 1071 1337 1123 illis
1365 1084 1461 1137 ego
1489 1068 1671 1122 Daniel

115 1163 171 1214 in
199 1164 342 1215 luctu
372 1177 513 1215 eram
544 1171 645 1215 tres
674 1160 1044 1214 hebdomadas.
1070 1161 1120 1212 5.
1161 1160 1353 1212 Panem
1388 1157 1677 1210 desiderio-

115 1267 242 1305 rum
272 1267 376 1305 non
408 1252 637 1315 comedi,
667 1262 719 1305 ct
751 1265 936 1304 carnes
963 1265 1023 1302 ac
1045 1250 1218 1302 vinum
1241 1262 1343 1300 non
1368 1247 1681 1299 introierunt

117 1343 178 1395 in
220 1359 284 1396 os
310 1358 484 1396 meum
515 1382 529 1406 ,
561 1353 613 1395 et
643 1350 904 1410 unguento
942 1355 1045 1392 non
1075 1347 1259 1391 unctus
1286 1351 1400 1390 sum
1433 1349 1594 1403 usque
1616 1334 1680 1387 ad

119 1439 236 1485 tres
267 1429 625 1484 hebdomadas
655 1428 854 1481 dierum
893 1445 911 1477 ι
948 1427 1040 1494 (c).
1071 1426 1243 1490 Quare
1278 1424 1467 1476 iterum
1496 1422 1682 1490 luget?

120 1519 259 1573 Nam
299 1520 345 1573 si
376 1519 572 1587 primus
602 1534 768 1571 annus
801 1518 920 1586 Cyri
963 1517 1279 1578 advenerat,
1309 1529 1403 1568 cur
1431 1512 1684 1581 luget?et

122 1624 318 1663 omnes
342 1609 454 1662 dies
475 1649 490 1674 ,
521 1623 635 1661 cum
673 1623 830 1660 unum
865 1606 1132 1658 dumtaxat
1163 1605 1340 1672 lugere
1380 1600 1684 1656 debuisset?

124 1698 338 1751 Rursus
367 1696 494 1748 nillil
523 1693 665 1747 audit
686 1694 748 1748 de
773 1694 835 1746 iis
860 1694 1034 1756 rebus,
1071 1708 1166 1760 pro
1195 1691 1381 1759 quibus
1402 1697 1538 1742 orat.
1557 1687 1684 1740 Mihi

126 1786 343 1838 videtur
381 1783 519 1851 quod
552 1798 643 1850 pro
681 1782 938 1834 solutione
972 1781 1322 1833 calamitatum
1350 1776 1685 1846 prmsentium

127 1881 400 1944 precatur.
430 1873 494 1924 At
516 1871 650 1925 Deus
671 1871 797 1923 nihil
829 1872 950 1934 tale,
983 1869 1075 1923 sed
1101 1869 1324 1936 idipsum
1354 1866 1489 1935 quod
1507 1879 1682 1932 supra,

128 1973 295 2030 atque
320 1963 548 2030 apertius
573 1963 714 2015 dicit.
743 1961 847 2012 lmo
871 1969 924 2010 ut
945 1973 1128 2012 omnes
1153 1957 1403 2017 redeant,
1432 1963 1548 2008 orat
1581 1954 1686 2006 Da-

129 2052 261 2105 niel.
319 2052 462 2103 Licet
500 2051 636 2103 enim
665 2064 850 2117 magna
879 2055 1056 2101 essent
1098 2047 1231 2099 mala
1257 2086 1270 2107 ,
1301 2044 1487 2112 quibus
1519 2042 1686 2096 Judaei

131 2141 557 2210 premebantur,
619 2154 722 2192 non
778 2148 949 2191 tamen
1021 2138 1139 2190 ideo
1197 2135 1402 2188 volebat
1463 2132 1685 2201 patriam

131 2236 400 2285 amittere.
442 2230 542 2283 Iste
584 2238 756 2283 autem
800 2229 1012 2296 angelus
1054 2227 1244 2280 clarius
1281 2241 1340 2279 ac
1371 2224 1601 2278 exactius
1637 2222 1686 2275 id

133 2319 284 2372 dicit.
314 2318 444 2372 Vide
468 2327 639 2370 autem
671 2318 860 2386 ubique
881 2316 1146 2368 Danielem
1174 2329 1275 2367 non
1304 2313 1605 2380 simpliciter
1627 2325 1688 2363 ac

135 2410 255 2462 sine
283 2408 461 2461 labore
482 2408 715 2460 obtinuere
739 2407 984 2468 visiones,
1014 2404 1105 2458 sed
1123 2402 1485 2470 cumjejuniis.
1513 2401 1689 2466 Quatt-

135 2497 206 2550 do
249 2496 482 2562 Oporttiit
526 2495 786 2548 somnium
833 2494 1070 2556 discere,
1113 2492 1365 2558 jejunium
1398 2491 1683 2558 prmcessit.

136 2584 267 2639 Cum
291 2584 500 2637 Gabriel
527 2583 786 2650 apparuit,
807 2582 1060 2649 jejunium
1099 2581 1285 2633 iterum
1313 2620 1326 2644 ,
1364 2589 1417 2631 et
1444 2579 1573 2631 cinis
1593 2619 1606 2640 ,
1637 2587 1689 2631 et

137 2687 328 2728 saccus
360 2691 370 2725 :
397 2687 512 2726 cum
544 2674 640 2726 iste
668 2673 986 2740 conspicitur
1010 2710 1022 2734 ,
1063 2679 1114 2723 et
1136 2670 1391 2737 jejunium
1418 2680 1470 2722 et
1497 2670 1684 2720 oratio.

137 2764 244 2819 Sed
270 2762 388 2816 vide
412 2763 651 2831 angelum
690 2778 748 2816 se
790 2761 1165 2828 propemodum
1192 2773 1440 2813 excusare
1469 2760 1686 2812 Danieli.

137 2855 193 2907 4.
224 2870 241 2902 ι
281 2853 344 2905 Ει
365 2852 413 2904 in
444 2852 527 2904 die
557 2852 799 2919 vigesima
823 2860 1005 2919 quarta
1035 2850 1226 2903 mensis
1252 2851 1402 2917 primi
1429 2866 1522 2918 ego
1546 2866 1686 2903 eram

133 2941 285 3007 juxta
322 2939 530 2992 fluvium
563 2945 838 3005 magnum;
874 2939 956 2991 hic
985 2950 1066 2991 est
1095 2939 1281 3005 Tigris.
1324 2939 1375 2992 5.
1420 2940 1483 2990 Et
1526 2939 1688 2992 levavi

138 3031 326 3083 oculos
353 3043 496 3082 meos
516 3069 530 3092 ,
557 3037 608 3081 et
630 3028 731 3084 vidi
760 3045 772 3080 :
805 3037 857 3080 et
897 3042 1020 3082 ecce
1049 3028 1127 3079 vir
1148 3027 1357 3080 indutus
1382 3027 1560 3079 Badim
1591 3068 1603 3088 ,
1638 3036 1691 3080 et

137 3119 352 3172 lumbus
373 3117 485 3185 ejus
507 3118 811 3184 praecinctus
829 3132 956 3170 auro
979 3117 1171 3185 Ophaz,
1194 3117 1246 3170 6.
1275 3125 1327 3170 et
1343 3131 1533 3185 corpus
1555 3118 1686 3184 ejus,

137 3209 292 3276 quasi
321 3207 556 3270 Tharsis,
584 3215 635 3259 et
663 3207 820 3260 facies
841 3208 954 3274 ejus
975 3247 988 3270 ,
1013 3216 1069 3259 ut
1091 3215 1334 3274 aspectus
1358 3205 1572 3275 fulguris
1592 3245 1608 3271 ,
1638 3214 1691 3259 et

137 3297 276 3349 oculi
322 3295 433 3363 ejus
453 3336 467 3359 ,
499 3297 640 3348 velut
677 3297 939 3364 lampades
968 3296 1098 3364 ignis
1120 3337 1133 3361 ,
1165 3304 1218 3350 et
1245 3296 1454 3349 brachia
1485 3298 1600 3364 ejus
1627 3312 1689 3350 ac

136 3399 317 3449 crura,
341 3385 475 3437 sicut
501 3385 631 3437 visio
656 3385 775 3437 uaris
799 3386 1119 3439 coruscantis
1143 3427 1156 3451 ,
1180 3395 1227 3439 et
1259 3401 1355 3439 vox
1389 3401 1687 3439 sermonum

136 3475 276 3542 ejus,
310 3474 456 3542 quasi
479 3489 576 3526 vox
603 3475 788 3528 turbae.
819 3476 867 3526 7.
896 3477 958 3528 Et
985 3476 1086 3528 vidi
1113 3491 1210 3544 ego
1241 3478 1418 3530 Daniel
1440 3479 1582 3531 solus
1614 3479 1690 3532 vi—

136 3565 342 3617 sionem
365 3604 380 3627 ,
415 3572 468 3616 et
506 3565 600 3616 viri
627 3567 711 3633 qui
745 3575 893 3619 erant
929 3582 1131 3619 mecum
1172 3568 1422 3621 visionem
1465 3585 1567 3622 non
1613 3571 1691 3622 vi-

136 3651 349 3714 derunt,
384 3651 476 3704 sed
501 3661 666 3704 terror
690 3657 861 3720 gravis
888 3655 1032 3706 irruit
1055 3671 1212 3722 super
1234 3671 1344 3720 eos,
1373 3667 1427 3710 et
1449 3657 1690 3725 fugerunt

137 3742 188 3795 in
218 3742 428 3794 timore.
451 3742 501 3795 8.
536 3742 601 3794 Et
630 3757 725 3810 ego
747 3744 956 3797 relictus
980 3759 1094 3797 sum
1117 3747 1281 3812 solus,
1305 3758 1357 3800 et
1384 3747 1487 3800 vidi
1518 3748 1684 3802 visio-

135 3846 258 3885 nem
292 3845 530 3900 magnam
556 3833 706 3896 hanc,
735 3842 787 3885 et
816 3848 916 3886 non
944 3837 1194 3889 remansit
1224 3839 1273 3890 in
1303 3853 1387 3890 me
1414 3837 1682 3905 fortitudo,

135 3929 189 3974 et
218 3920 387 3988 gloria
433 3935 546 3973 mea
574 3935 821 3974 conversa
853 3932 932 3976 est
962 3925 1010 3976 in
1050 3926 1435 3993 corruptionem
1462 3968 1475 3988 ,
1505 3937 1555 3980 et
1580 3943 1682 3982 non

133 4010 332 4062 retinui
359 4007 538 4062 robur.
563 4010 614 4063 9.
643 4009 706 4062 Et
726 4010 896 4062 audivi
920 4027 1097 4065 vocem
1124 4028 1425 4066 sermonum
1455 4016 1601 4080 ejus:
1633 4025 1686 4069 et

133 4113 253 4151 cum
282 4112 381 4166 ego
421 4099 652 4151 audirem
684 4139 699 4162 ,
737 4115 877 4152 eram
920 4113 1260 4169 compunctus
1300 4118 1456 4170 super
1497 4104 1682 4159 faciem

134 4202 306 4241 meam
333 4229 347 4252 ,
379 4197 432 4241 ct
463 4187 622 4241 facies
649 4203 760 4242 mea
789 4204 944 4255 super
972 4199 1182 4242 terram.
1214 4193 1297 4245 10.
1330 4193 1391 4244 Et
1416 4208 1538 4247 ecce
1568 4210 1682 4247 ma-

134 4291 235 4330 nus
260 4277 424 4344 tetigit
457 4291 560 4340 me,
591 4291 650 4329 ac
678 4279 847 4330 erexit
870 4294 952 4330 me
977 4292 1131 4345 super
1159 4295 1324 4346 genua
1349 4297 1486 4346 mea,
1513 4293 1563 4336 et
1589 4299 1682 4337 su-

134 4379 228 4432 per
274 4365 487 4433 vestigia
532 4366 724 4432 pedum
771 4381 1002 4418 meorum
1038 4368 1074 4417 ¹.
1102 4368 1185 4419 11.
1219 4368 1281 4421 Ει
1307 4369 1436 4422 dixit
1461 4371 1525 4423 ad
1555 4388 1637 4426 me
1666 4389 1678 4425 :

134 4453 355 4516 Daniel,
402 4454 480 4504 vir
508 4453 930 4516 desideriorum,
978 4454 1205 4523 intellige
1253 4456 1304 4509 in
1352 4461 1682 4514 sermonibus

133 4557 265 4610 quos
300 4556 397 4610 ego
428 4542 611 4610 loquor
648 4543 712 4595 ad
747 4553 823 4602 te,
857 4556 909 4596 et
944 4552 1020 4597 sta
1057 4545 1107 4597 in
1155 4548 1377 4599 statione
1409 4555 1491 4599 tua
1515 4588 1528 4611 ,
1558 4550 1680 4617 quia

196 4716 210 4746 ⁸
251 4713 576 4762 Theodoretus
597 4714 733 4776 legit,
753 4728 971 4763 manuum
995 4729 1221 4775 mearum,
1238 4730 1340 4777 pro,
1362 4717 1536 4779 pedum
1553 4733 1680 4769 meo-

131 4787 256 4822 rum.

193 4835 264 4895 (α)
297 4833 854 4904 interdixerantquippe
894 4839 1074 4883 Romani
1107 4837 1293 4904 Judmis,
1343 4851 1404 4885 ne
1443 4840 1678 4904 Jerosoly-

130 4894 264 4962 {nam-
289 4894 680 4962 jngrgqergnmt.
720 4900 889 4962 .resges
918 4904 1029 4962 sunt
1068 4899 1301 4953 Justinus,
1342 4894 1673 4962 Tertullianus,

131 4954 378 5023 Eusebius,
400 4952 611 5012 Hilarius,
636 4955 888 5013 Gregorius
921 4957 1247 5017 Nazianzenus,
1289 4952 1495 5007 Severus
1531 4952 1678 5022 atque

130 5019 452 5070 Hieronymus.

193 5071 264 5131 (ὁ)
295 5084 390 5119 nec
411 5073 556 5132 igitur
577 5078 791 5131 tempore
813 5071 862 5119 in
879 5080 1093 5124 extrema
1117 5083 1349 5126 senectute
1369 5087 1472 5126 erat
1493 5081 1674 5130 Daniel.

127 5137 177 5179 Et
194 5130 359 5200 tamen
382 5130 817 5200 s.'Cliry'sostomus,
848 5137 988 5182 tertio
1010 5137 1072 5200 de
1105 5139 1566 5200 incomprehensibili
1594 5143 1675 5190 Dei

128 5191 701 5260 natura,jttvenemlacit.
719 5191 735 5249 (
754 5199 922 5252 Nempe
951 5203 996 5241 T.
1025 5197 1068 5260 l_.
1099 5203 1150 5246 .4t
1184 5194 1538 5260 Cnitysostomus
1560 5213 1674 5260 par-

125 5263 248 5317 vum,
273 5249 462 5317 ct_’scep_e
487 5249 945 5317 nullamtemporinn
966 5257 1194 5304 rationem
1215 5249 1391 5317 habet.)

186 5309 253 5379 (ε)
285 5309 607 5379 Τιιεόόοτθιμε
633 5311 724 5368 hic,
742 5309 787 5357 S.
805 5311 1206 5379 basiliustlo_milia
1229 5309 1450 5377 prima'de
1472 5321 1670 5379 Jejunio,

125 5376 174 5436 et
198 5377 360 5418 Noster
382 5371 590 5418 secunda
612 5372 998 5436 00_nll_'a_.lltdlB_OS.
1021 5375 1122 5422 cibo
1155 5371 1345 5436 penitus
1370 5387 1421 5425 et
1443 5371 1550 5434 patir
1570 5371 1672 5428 abs;

122 5431 338 5500 liuentem
389 5443 472 5500 per
517 5437 615 5500 tres
663 5431 1247 5500 hebdomadasmansisse
1289 5431 1537 5500 Danielem
1569 5442 1665 5500 cpi-

125 5498 293 5535 nantur
320 5501 330 5534 :
358 5498 410 5552 ut
431 5489 492 5552 de
517 5496 641 5537 Mose
663 5489 839 5552 legitur
862 5493 1004 5539 Exodi
1027 5495 1103 5549 54,
1130 5496 1206 5542 28.
1236 5498 1362 5552 Quod
1385 5510 1491 5544 cum
1513 5489 1671 5547 divino

124 5548 632 5621 tJ-ontextuiadvcrsari
657 5551 886 5611 videatur,
916 5552 963 5599 i’n
993 5548 1282 5604 sententiam
1317 5566 1359 5606 S.
1399 5559 1668 5621 tlieronymi

123 5606 316 5656 discedo
341 5609 510 5656 libens.

1477 338 1542 392 IN
1580 339 1922 394 DANIEIEM

3233 355 3342 410 242

1787 467 1924 505 nunc
1951 465 2050 519 ego
2074 451 2265 505 missus
2293 468 2406 505 sum
2434 453 2497 506 ad
2528 461 2598 505 te.
2627 451 2866 518 Cumque
2901 451 3201 521 loqueretur
3228 455 3338 518 ipse

1781 540 1845 592 ad
1874 555 1958 594 me.
1975 555 2276 594 sermonem
2309 542 2485 602 istum,
2513 541 2716 594 surrexi
2745 550 2992 592 tremens.
3050 539 3134 593 12.
3165 539 3231 592 Ει
3258 541 3338 592 di-

1786 629 1858 680 xit
1886 628 1950 680 ad
1974 642 2054 680 me
2081 646 2094 681 :
2123 629 2200 682 Nc
2229 630 2428 692 timeas,
2473 629 2669 691 Daniel,
2698 630 2818 697 quia
2847 643 2875 681 a
2897 629 2982 680 die
3005 629 3169 695 prima
3191 666 3206 690 ,
3235 643 3334 694 qua

1784 717 1971 769 dedisti
2001 731 2096 770 cor
2119 724 2261 769 tuum
2289 717 2354 768 ad
2387 716 2802 783 intelligendum,
2835 726 2886 768 et
2914 716 2979 768 ad
3009 715 3338 783 afﬂigendum

1790 817 1838 858 te
1861 819 2036 858 coram
2075 807 2293 858 Domino
2324 807 2432 859 Deo
2463 815 2551 858 tuo
2573 847 2585 868 ,
2617 806 2790 858 audita
2812 815 2934 858 sunt
2962 805 3117 857 verba
3150 815 3254 864 tua,
3289 813 3342 856 et

1787 911 1884 965 ego
1905 897 2020 949 veni
2047 897 2096 948 in
2118 896 2292 950 verbis
2327 897 2448 949 tuis.
2479 913 2498 946 ι
2531 896 2691 949 Vides
2719 896 2856 962 quod
2885 895 3028 958 dixi,
3063 897 3200 947 hunc
3224 905 3337 946 tan-

1787 994 1893 1038 tum
1917 1000 2018 1038 non
2059 1001 2116 1039 se
2153 1001 2402 1039 excusare
2433 986 2630 1038 Danieli
2659 986 2681 1036 ?
2714 985 2754 1036 Α
2785 985 2944 1053 prima
2972 984 3050 1034 die
3073 1023 3088 1047 ,
3135 984 3298 1051 inquit
3325 1022 3340 1045 ,

1786 1076 1961 1127 missus
1988 1090 2115 1126 sum.
2145 1074 2315 1138 Quare
2345 1089 2469 1142 ergo
2495 1084 2730 1126 moratus
2756 1074 2855 1126 es?
2885 1073 2966 1124 15.
2998 1071 3065 1123 Ει
3105 1074 3334 1139 princeps

1787 1165 1925 1232 regni
1953 1162 2219 1215 Persarum
2259 1165 2390 1216 stetit
2438 1180 2498 1216 ex
2535 1164 2742 1215 adverso
2771 1163 2866 1214 mei
2910 1178 3062 1213 unum
3099 1172 3142 1212 et
3167 1163 3340 1229 viginti

1789 1253 1912 1304 dies.
1932 1252 2135 1304 Audisti
2167 1252 2315 1316 illud,
2351 1251 2526 1305 Posuit
2571 1253 2802 1305 terminos
2828 1253 3046 1320 gentium
3072 1253 3340 1304 secundum

1788 1356 2046 1392 numerum
2064 1343 2352 1408 angelorum
2369 1358 2570 1394 suorum
2594 1341 2764 1411 (Deut.
2788 1340 2876 1394 52.
2901 1339 2991 1411 8)?
3014 1341 3077 1393 Et
3103 1356 3342 1407 unaquae-

1789 1444 1890 1498 que
1917 1444 2043 1497 gens
2066 1429 2365 1496 praefeCtum
2393 1429 2551 1483 habet
2586 1431 2827 1498 angelum
2851 1470 2865 1493 ,
2904 1432 2988 1497 qui
3021 1429 3128 1481 vult
3157 1437 3342 1496 poten-

1792 1523 1890 1574 tior
1917 1537 2036 1575 esse
2064 1522 2294 1589 reliquis.
2319 1522 2382 1573 Et
2403 1522 2723 1590 intelligentia
2754 1521 2872 1572 data
2897 1531 2966 1572 est
2993 1522 3036 1572 ei
3060 1522 3109 1571 in
3137 1520 3340 1572 visione.

1790 1609 1900 1663 Non
1948 1611 2088 1664 enim
2141 1610 2433 1664 sufliciebat
2477 1610 2720 1663 docuisse
2763 1625 2822 1663 ea
2863 1624 2978 1678 qua:
3016 1609 3335 1662 dicebantur.

1791 1700 1972 1754 Cernis
2001 1703 2151 1754 aliter
2178 1702 2372 1754 institui
2417 1699 2740 1768 prophetas?
2771 1699 2838 1751 Et
2871 1701 3026 1752 virtus
3058 1716 3241 1768 magna
3263 1700 3343 1750 vi-

1793 1792 1975 1845 sionis.
2001 1791 2136 1845 Vere
2163 1793 2300 1844 enim
2325 1807 2524 1859 magna:
2555 1792 2829 1859 potestatis
2858 1789 2970 1854 fuit,
2999 1791 3137 1858 quod
3165 1790 3335 1841 homi-

1793 1897 1886 1934 nes
1912 1882 2103 1934 infirmi
2135 1881 2353 1934 vicerint
2385 1881 2528 1933 illum
2573 1879 2890 1932 Antiochum
2913 1919 2927 1942 ,
2961 1879 3045 1945 qui
3072 1887 3145 1929 tot
3171 1887 3342 1929 tanta-

1793 1985 1894 2038 que
1935 1978 2290 2036 superaverat.
2338 1969 2400 2021 Et
2441 1986 2605 2021 verum
2650 1968 2869 2020 verbum.
2913 1967 3343 2032 Quandoquidem

1796 2059 2029 2112 nonnulli
2060 2059 2307 2112 credituri
2349 2072 2450 2110 non
2481 2066 2651 2110 erant.
2695 2055 2850 2125 Cujus
2878 2072 3053 2107 nomen
3090 2055 3343 2107 Baltasar.

1794 2151 2181 2203 (Jormnemorat
2210 2149 2298 2201 tibi
2343 2150 2547 2217 priora,
2597 2158 2651 2200 ut
2695 2148 2795 2200 fide
2839 2148 3028 2214 dignus
3070 2147 3344 2198 habeatur.

1798 2242 1874 2294 En
1921 2251 1973 2295 et
2027 2242 2224 2294 Pascl:a
2266 2241 2429 2293 solvit
2473 2240 2569 2308 (a).
2628 2239 2755 2291 Nam
2813 2239 3013 2291 Pascha
3070 2237 3121 2288 in
3177 2236 3343 2303 primo

1795 2330 2090 2382 celebratur
2117 2343 2295 2381 mense
2321 2345 2336 2390 ;
2363 2329 2460 2381 iste
2491 2343 2614 2379 vero
2638 2341 2801 2394 usque
2831 2326 2894 2377 ad
2923 2335 3159 2394 quartam
3193 2334 3246 2377 et
3271 2325 3347 2376 vi-

1794 2421 2041 2472 cesimam
2082 2419 2276 2470 mensis
2297 2417 2571 2484 jejunavit.
2606 2416 2790 2468 Incidit
2812 2425 2982 2467 autem
3013 2416 3061 2465 iu
3088 2415 3343 2465 decimam

1794 2518 2028 2574 quartam
2055 2507 2308 2573 jejunium
2341 2506 2476 2556 illius
2497 2545 2509 2566 ,
2539 2511 2592 2556 et
2618 2519 2644 2554 a
2673 2502 2874 2555 decima
2899 2513 3082 2569 quarta
3112 2500 3172 2552 ad
3201 2500 3345 2553 vice—

1793 2598 1978 2649 simam
2004 2597 2243 2663 primam,
2271 2605 2323 2647 et
2344 2594 2474 2647 duos
2504 2594 2632 2645 alios
2662 2592 2776 2645 dies
2801 2592 2970 2643 durat.
3005 2590 3132 2642 Vide
3157 2589 3342 2656 legalia

1790 2688 1895 2753 jam
1915 2695 2037 2739 tunc
2063 2685 2219 2738 fuisse
2247 2685 2513 2752 abrogata.
2545 2683 2727 2735 Nonne
2755 2698 2858 2749 prze
2881 2680 3157 2732 formidine
3181 2680 3230 2730 in
3262 2679 3345 2731 fu-

1793 2792 1908 2845 gam
1931 2789 2214 2829 conversus
2240 2789 2315 2835 es,
2344 2789 2375 2826 ο
2406 2772 2616 2826 Daniel?
2647 2772 2875 2832 Minime,
2905 2770 3085 2837 inquit.
3119 2767 3348 2821 Adv-erle

1795 2879 1898 2931 quo
1927 2864 2027 2916 loci
2055 2863 2220 2914 visum
2250 2862 2424 2915 videat
2463 2879 2474 2914 :
2509 2861 2560 2912 in
2591 2859 2801 2912 deserto
2828 2900 2842 2922 ,
2872 2858 3006 2909 sicut
3040 2865 3092 2909 et
3121 2857 3344 2924 Moyses.

1799 2952 1964 3006 Urbes
1983 2967 2206 3020 namque
2228 2951 2538 3004 tumultibus
2564 2958 2615 3002 et
2637 2947 3025 3014 perturbatione
3051 2946 3213 3013 plena‘
3227 2953 3348 2998 sunt

1795 3039 1915 3111 (ὁ).
1946 3041 2032 3094 Sic
2058 3041 2212 3092 etiam
2243 3037 2482 3090 Christus
2513 3039 2564 3090 in
2596 3045 2774 3088 monte
2804 3034 3225 3101 transfiguratur.
3261 3035 3342 3087 15.

1801 3149 1818 3181 ‹
1857 3132 1922 3184 Et
1957 3145 2081 3184 ecce
2119 3129 2336 3182 Michael
2374 3143 2510 3182 unus
2537 3129 2603 3181 de
2646 3127 2969 3195 principibus
2999 3125 3180 3193 primis
3207 3125 3347 3176 venit

1795 3220 1859 3274 ad
1897 3219 2248 3273 auxiliandum
2288 3218 2413 3271 mihi
2448 3227 2540 3272 :et
2579 3232 2662 3270 me
2709 3217 3034 3284 reliquerunt
3069 3215 3138 3267 ibi
3180 3214 3190 3242 '
3223 3227 3340 3266 cum

1796 3310 2029 3378 principe
2055 3310 2191 3375 regis
2212 3309 2509 3361 Persarum.
2550 3308 2634 3360 M.
2671 3306 2737 3358 Et
2769 3307 2886 3358 veni
2924 3314 2978 3357 ut
3022 3305 3265 3356 docerem
3295 3313 3347 3357 te

1795 3413 2134 3467 qmecumque
2174 3407 2421 3451 eventura
2465 3405 2586 3449 sunt
2617 3395 2808 3463 populo
2845 3403 2931 3446 tuo
2962 3394 3011 3445 in
3052 3394 3347 3446 novissimis

1795 3490 1978 3544 diebus
1998 3531 2013 3556 ,
2039 3490 2157 3557 quia
2183 3504 2304 3542 ecce
2334 3490 2462 3541 visio
2495 3488 2545 3540 in
2578 3488 2710 3539 dies.
2739 3486 2824 3538 15.
2860 3486 2922 3537 Et
2946 3500 3062 3539 eum
3094 3485 3337 3551 loquere-

1795 3590 1878 3632 tur
1901 3579 2010 3646 ipse
2032 3593 2235 3632 mecum
2262 3578 2436 3630 omnia
2464 3575 2619 3628 verba
2650 3574 2778 3637 haec,
2814 3573 2932 3626 dedi
2962 3572 3144 3625 faciem
3173 3587 3342 3623 meam

1793 3683 1949 3734 super
1976 3677 2188 3726 terram,
2220 3676 2273 3719 et
2297 3673 2642 3733 compunctus
2667 3677 2803 3716 sum.
2839 3663 2922 3715 16.
2958 3662 3021 3714 Et
3050 3676 3172 3715 ecce
3197 3662 3345 3728 quasi

1792 3756 2079 3810 similitudo
2109 3755 2196 3807 lilii
2221 3755 2445 3807 hominis
2474 3753 2640 3819 tetigit
2671 3751 2803 3804 labia
2836 3767 2971 3802 mea.
3007 3752 3067 3802 Et
3088 3751 3265 3816 aperui
3285 3765 3345 3802 os

1791 3848 2046 3900 meum,et
2060 3838 2308 3905 loquutus
2322 3844 2518 3897 sum,et
2531 3835 2636 3889 dixi
2654 3834 2716 3886 ad
2734 3849 2854 3886 eum
2873 3834 2959 3899 qui
2976 3835 3339 3889 stabatcorant

1789 3943 1873 3980 me
1894 3946 1904 3977 :
1927 3927 2164 3987 Domine,
2201 3926 2255 3976 in
2285 3925 2491 3977 visione
2527 3931 2612 3974 tua
2639 3935 2895 3973 conversa
2929 3931 3054 3974 sunt
3085 3922 3334 3976 interiora

1788 4033 1904 4070 mea
1932 4018 1982 4068 in
2013 4031 2114 4076 me,
2152 4022 2205 4067 et
2236 4028 2360 4066 ecce
2388 4027 2495 4064 non
2533 4012 2702 4064 habeo
2735 4010 3121 4063 fortitudinem.
3159 4013 3242 4065 17.
3272 4011 3337 4068 Et

1789 4110 2052 4179 quomodo
2081 4109 2269 4176 poterit
2292 4121 2475 4160 servus
2497 4113 2634 4170 tuus,
2661 4105 2897 4165 Domine,
2927 4104 3064 4171 loqui
3088 4119 3206 4155 eum
3236 4102 3342 4155 Do-

1790 4201 1930 4252 mino
1950 4214 2064 4251 meo
2095 4197 2230 4250 isto?
2255 4197 2318 4248 Et
2346 4211 2407 4247 ex
2434 4209 2571 4247 nunc
2590 4209 2690 4247 non
2713 4192 2868 4247 stabit
2891 4193 2938 4244 in
2963 4208 3046 4245 me
3073 4191 3342 4253 fortitudo,

1789 4297 1844 4343 et
1866 4290 2058 4342 halitus
2087 4303 2188 4340 non
2215 4295 2296 4340 est
2321 4287 2534 4339 relictus
2574 4287 2624 4337 in
2666 4299 2767 4337 me.
2797 4285 2882 4337 18.
2927 4283 2992 4335 Et
3033 4282 3263 4348 addidit,
3292 4290 3347 4334 et

1790 4381 1956 4448 tetigit
1983 4395 2066 4431 me
2094 4377 2240 4445 quasi
2270 4376 2403 4428 visio
2438 4375 2664 4427 hominis
2699 4415 2711 4438 ,
2750 4383 2803 4426 et
2831 4373 3189 4425 corroboravit
3233 4387 3338 4426 :ne.

1794 4474 1872 4526 l9.
1910 4471 2121 4525 Etdixit
2148 4470 2306 4521 mihi:
2332 4468 2407 4522 Ne
2440 4469 2643 4530 timeas,
2677 4467 2755 4519 vir
2783 4467 3160 4519 desideriorum
3190 4507 3205 4531 ,
3236 4481 3339 4535 pax

1790 4562 1877 4614 tibi
1910 4601 1924 4624 ,
1966 4561 2182 4612 viriliter
2210 4574 2326 4627 age,
2365 4574 2426 4612 ac
2455 4566 2568 4612 esto
2599 4557 2765 4610 fortis.
2800 4556 2864 4609 Et
2889 4571 3006 4608 eum
3038 4557 3342 4623 loqueretur

1787 4650 1899 4717 ipse
1928 4663 2133 4702 mecum
2158 4688 2173 4712 ,
2203 4647 2575 4701 corroboratus
2607 4662 2721 4698 sum
2757 4687 2770 4707 ,
2801 4653 2854 4698 et
2879 4645 2983 4698 dixi
3018 4663 3030 4696 :
3072 4645 3341 4713 Loquatur

1790 4738 2040 4790 Dominus
2069 4751 2217 4790 meus
2243 4777 2256 4801 ,
2291 4737 2410 4805 quia
2449 4736 2800 4790 corroborasti
2828 4751 2929 4787 me.
2957 4735 3047 4789 20.
3079 4735 3142 4787 Et
3161 4737 3291 4788 dixit
3321 4753 3334 4788 :

1786 4828 1864 4880 An
1896 4828 2028 4881 nosti
2056 4843 2150 4880 cur
2168 4826 2286 4878 veni
2314 4825 2378 4879 ad
2408 4826 2494 4879 te?
2517 4826 2582 4878 Et
2611 4840 2748 4878 nunc
2769 4836 3023 4888 revertar,
3056 4834 3106 4877 ut
3128 4827 3336 4891 prarlicr

1788 4933 1902 4970 cum
1933 4916 2164 4984 principe
2193 4917 2488 4970 Persarum.
2519 4918 2688 4984 Atque
2712 4916 3053 4985 egrediebar;
3091 4917 3328 4985 princeps

1786 5022 1912 5061 vero
1934 5007 2235 5061 Graecorum
2254 5007 2509 5060 veniebat.
2524 5007 2584 5058 21
2600 5045 2612 5057 .
2634 5006 2998 5060 Verumtamen
3015 5007 3334 5061 aununtiabo

1846 5141 1860 5170 ι
1898 5139 1951 5186 ln
1971 5139 2170 5186 ttehrreo
2193 5146 2242 5186 et
2265 5138 2310 5185 in
2333 5137 2534 5198 Vulgata
2559 5136 2754 5199 legitur,
2778 5143 2823 5187 et
2843 5150 2930 5198 ego
2953 5139 3161 5187 remansi
3181 5138 3261 5186 ibi.

1844 5199 1913 5257 (α)
1949 5201 2091 5260 Hujus
2104 5200 2378 5260 argumenti
2397 5199 2745 5260 interpretatio
2784 5199 2990 5260 petenda
3017 5207 3092 5247 est
3115 5213 3175 5246 ex
3203 5200 3334 5247 libris

1781 5257 2228 5315 adversus'Judznos,
2256 5259 2302 5305 in
2325 5259 2498 5318 quibus
2522 5257 2607 5306 iSta
2630 5257 2794 5306 omnia
2807 5257 2956 5307 quius
2975 5268 3250 5306 tractantur.

1842 5318 1910 5376 (ὁ)
1948 5320 2135 5365 L‘rbium
2175 5318 2402 5380 tumultus
2438 5331 2494 5366 ac
2533 5319 2826 5366 inc-immoda
2870 5319 3210 5380 pereleganter
3242 5319 3331 5380 de-

1778 5380 1952 5439 scripta
1981 5387 2030 5425 et
2050 5381 2150 5426 suis
2173 5379 2410 5426 coloribus
2431 5380 2619 5439 depicta
2644 5379 2792 5427 habes
2814 5378 2936 5438 apud
2958 5378 3116 5427 suada:
3143 5378 3331 5424 medul-

1779 5438 1887 5485 lam
1910 5441 2185 5498 Gregorium
2216 5438 2555 5498 Nazianzenum
2586 5441 2806 5487 Oratione
2855 5439 2933 5496 28,
2969 5439 3332 5488 Christianorum

1779 5497 2144 5545 Demosthenem
2171 5499 2384 5545 Basilium
2416 5497 2609 5546 ltomilia
2647 5499 2710 5548 de
2737 5499 2903 5547 Gordio
2927 5507 3158 5558 martyre;
3184 5511 3331 5558 atque

1778 5560 1937 5664 (ﬁlling,
1977 5559 2016 5605 si
2042 5560 2231 5619 prolatio
2277 5560 2423 5612 sacris
2460 5560 2700 5609 miscenda
2739 5567 2867 5619 sunt,
2893 5559 3014 5619 apud
3051 5557 3330 5608 Iuvenalem

1778 5628 1831 5664 sa
1857 5653 1868 5664 .
1928 5652 1938 5664 .

1777 5627 1868 5667 δᾶι.
1893 5627 1938 5664 ὃ.
