3990 6462
639 406 748 459 243

632 511 721 562 tibi
747 509 884 578 quod
905 510 1245 563 constitutum
1268 517 1347 563 est
1363 509 1413 561 in
1435 509 1687 576 scriptura
1714 506 1979 560 veritatis:
2005 515 2059 558 et
2075 515 2178 554 non

626 607 708 651 est
736 614 890 661 unus,
921 600 1008 666 qui
1035 613 1064 649 a
1095 613 1180 651 me
1208 607 1310 651 stet
1332 597 1398 651 de
1424 597 1503 651 his
1529 637 1542 660 ,
1570 599 1665 649 nisi
1695 597 1911 649 Michael
1941 595 2180 663 princeps

628 695 821 740 vester.
847 686 911 739 Et
937 701 1060 739 ecce
1091 687 1172 739 vir
1200 687 1407 739 indutus
1432 687 1640 739 stolam.
1672 705 1689 736 ι
1727 685 1986 739 Fortassis
2006 700 2182 738 sacer-

629 775 876 828 dotalem.
901 791 920 824 (
955 776 1210 842 Aspectus
1228 775 1340 842 ejus
1360 775 1507 842 quasi
1530 776 1697 842 fulgur
1713 784 1823 826 erat
1847 775 2009 842 ignea:
2036 772 2181 826 llam-

629 879 727 916 mre
743 864 808 915 ab
820 863 985 917 oculis
996 864 1126 930 ejus.
1151 881 1169 914 ι
1188 864 1458 931 Quomodo
1477 863 1524 916 in
1544 864 1743 932 fulgure
1759 865 1860 918 illis
1876 863 2179 932 apparebat?

629 969 726 1007 cur
740 956 815 1007 sic
838 965 1054 1022 apparet
1076 956 1174 1008 iste
1195 955 1449 1022 angelus?
1474 970 1539 1007 an
1565 962 1620 1006 ut
1638 954 1882 1022 populum
1906 954 2179 1024 percellat?

629 1051 683 1094 et
709 1042 968 1110 quodnam
999 1042 1118 1094 inde
1157 1042 1566 1096 emolumentum
1595 1043 1617 1094 ?
1649 1044 1850 1112 Nempe
1882 1054 1936 1096 ut
1961 1058 2179 1112 persua-

630 1133 752 1185 deat
782 1147 884 1185 non
915 1133 1137 1200 amplius
1167 1134 1344 1202 lugere
1376 1174 1390 1198 ,
1419 1134 1556 1201 quod
1590 1134 1773 1188 eadem
1814 1148 2180 1201 saepenumero

628 1222 765 1276 dicta
827 1220 1020 1276 fuerint
1052 1240 1063 1274 :
1095 1232 1148 1274 et
1202 1222 1554 1274 testimonium
1597 1222 1832 1289 perhibet
1883 1221 2177 1274 futurorum

628 1315 841 1367 virtuti:
869 1330 933 1366 an
957 1325 1010 1366 ut
1036 1315 1106 1366 illi
1131 1313 1284 1366 fidem
1307 1313 1476 1366 faciat.
1498 1313 1564 1365 Et
1585 1329 1679 1366 vox
1699 1330 1897 1382 magna.
1927 1312 1996 1367 Ut
2022 1315 2178 1366 etiam

626 1418 686 1456 ea
712 1417 767 1456 re
796 1402 1156 1471 perterruerit.
1189 1401 1371 1454 Daniel
1400 1402 1718 1469 obstupescit
1743 1443 1756 1466 ,
1785 1412 1838 1455 et
1866 1403 2052 1455 iterum
2081 1416 2177 1454 an-

625 1493 743 1559 gelo
792 1491 1120 1559 eolloquente
1147 1491 1516 1559 obstupescit,
1551 1491 1705 1560 idque
1750 1492 2047 1560 indulgente
2089 1491 2178 1543 illo

626 1580 801 1632 forsan
831 1619 844 1638 ,
869 1588 920 1632 et
949 1593 1050 1632 non
1096 1581 1434 1648 impotentem
1470 1581 1692 1634 faciente
1732 1596 1825 1634 seu
1866 1581 2178 1648 impediente

627 1670 705 1736 (ιι)
737 1668 1190 1737 :quandoquidem
1227 1671 1370 1738 prius
1407 1669 1652 1723 dixerat:
1691 1669 1906 1722 Viriliter
1943 1686 2052 1739 age.
2111 1669 2178 1723 Et

629 1758 792 1811 stetit.
833 1757 988 1812 Vides
1016 1759 1138 1826 quid
1183 1761 1251 1812 sit
1286 1770 1526 1828 aspectus
1562 1760 1771 1828 angeli?
1798 1761 1872 1814 Ne
1907 1761 2176 1815 existimes

626 1865 699 1901 a-s
719 1864 836 1903 esse
867 1849 916 1905 id
943 1850 1080 1918 quod
1112 1851 1313 1905 videtur
1341 1891 1354 1915 ,
1386 1866 1481 1904 nec
1507 1867 1708 1905 aurum.
1743 1852 1873 1918 Quis
1901 1852 2040 1905 enim
2070 1866 2174 1904 non

628 1939 786 1993 ferret
812 1955 992 1992 earum
1020 1941 1354 1994 materiarum
1389 1950 1654 2008 aspectum
1680 1942 1702 1993 ?
1727 1942 1853 1994 Cum
1883 1941 2070 2008 ubique
2095 1940 2173 1992 lu—

627 2045 744 2082 men
783 2031 1004 2096 positum
1033 2031 1118 2082 sit.
1154 2031 1406 2096 Quoniam
1438 2032 1595 2098 igitur
1627 2031 1816 2084 missus
1853 2047 1967 2083 sum
1999 2070 2012 2092 ,
2044 2045 2177 2096 pne-

625 2117 864 2179 significo
894 2117 989 2170 hoc
1021 2119 1190 2170 solum
1223 2158 1238 2182 ,
1271 2119 1434 2185 inquit
1461 2159 1474 2183 ,
1507 2133 1568 2172 ne
1603 2132 1910 2184 corrumpas
1934 2119 2172 2184 gratiam.

627 2208 813 2260 Audita
833 2215 947 2258 sunt
971 2208 1114 2259 verba
1145 2216 1229 2259 tua
1255 2249 1267 2271 ,
1293 2218 1336 2260 et
1362 2225 1450 2276 ego
1488 2209 1595 2259 veni
1635 2209 1684 2259 in
1715 2209 1868 2260 verbis
1894 2210 2008 2259 tuis.
2040 2209 2172 2274 Quid

627 2296 767 2347 enim
814 2295 1070 2362 rogabat,
1113 2304 1167 2349 et
1195 2295 1318 2362 quid
1358 2297 1711 2363 precabatur?
1754 2298 1820 2350 Et
1851 2298 2059 2366 quidem
2088 2300 2175 2353 illa

628 2383 724 2447 ipsi
754 2398 854 2435 non
877 2382 1027 2448 dicis,
1053 2398 1148 2437 nec
1176 2384 1454 2452 quidquam
1484 2385 1760 2452 ejusmodi.
1793 2386 1950 2439 Forte
1970 2386 2177 2440 volebat

627 2470 828 2524 discere
852 2481 1032 2524 exacte
1065 2480 1286 2541 tempus,
1317 2481 1370 2528 et
1396 2473 1519 2541 quid
1551 2483 1727 2542 postea
1758 2476 1981 2529 futurum
2012 2486 2169 2530 esset.

630 2561 694 2614 Et
715 2564 940 2630 princeps
970 2602 983 2626 ,
1012 2563 1180 2633 inquit
1209 2604 1223 2627 ,
1254 2567 1393 2633 regni
1424 2565 1690 2618 Persarum
1723 2569 1853 2619 stetit
1888 2583 1948 2620 ea:
1971 2567 2174 2619 adverso

634 2652 759 2704 mei.
808 2653 958 2706 Anne
1001 2653 1271 2707 hominum
1305 2655 1590 2722 principem
1633 2656 1796 2708 dicit?
1821 2656 2048 2708 Minime.
2082 2656 2174 2708 Et-

629 2743 768 2794 enim
801 2753 851 2795 et
881 2743 1001 2797 alibi
1029 2742 1103 2797 ait
1127 2757 1140 2796 :
1166 2743 1409 2813 Princeps
1437 2743 1722 2798 Graecorum
1742 2747 1910 2800 exivit.
1945 2746 2066 2798 Mihi
2094 2747 2173 2798 vi-

629 2830 782 2882 detur
819 2830 916 2883 iste
945 2831 1030 2899 qui
1061 2832 1291 2898 loquitur
1317 2849 1418 2885 non
1449 2849 1566 2887 esse
1593 2835 1658 2888 de
1689 2835 2009 2902 principibus
2036 2876 2050 2899 ,
2085 2850 2175 2887 ue-

627 2934 726 2985 que
754 2934 818 2971 ex
847 2920 908 2972 iis
933 2921 1018 2986 qui
1050 2920 1278 2988 pricfceti
1309 2930 1432 2974 sunt
1459 2924 1598 2987 genti
1638 2923 1790 2975 alicui
1823 2962 1836 2984 ,
1866 2924 1957 2976 sed
1989 2939 2051 2977 ex
2082 2937 2173 2975 su-

629 3007 806 3072 pernis
835 3007 1128 3062 virtutibus.
1162 3008 1357 3063 Deinde
1377 3010 1495 3078 quia
1518 3012 1684 3078 angeli
1702 3011 1787 3064 alii
1811 3027 1911 3066 non
1934 3013 2174 3066 valebant

627 3095 699 3146 illi
735 3096 1002 3160 resistere,
1037 3096 1158 3152 huic
1180 3099 1389 3153 dicitur.
1419 3101 1658 3154 AbSulttli
1682 3113 1803 3154 sunt
1828 3143 1840 3166 ,
1878 3103 2082 3170 inquit,
2112 3119 2173 3157 ac

627 3185 828 3238 liberati
850 3185 1049 3251 Judaei;
1079 3188 1199 3256 quid
1231 3190 1399 3242 adhuc
1424 3192 1657 3257 qumris?
1696 3191 1927 3244 «Etecce
1943 3189 2178 3252 Michael,

628 3290 760 3326 unus
805 3276 1094 3342 principum
1149 3277 1433 3344 primorum
1464 3319 1477 3342 ,
1531 3281 1671 3332 venit
1712 3279 1777 3332 ad
1822 3281 2172 3333 auxiliandum

628 3362 751 3414 mihi
777 3379 791 3427 ;
815 3373 868 3416 et
887 3379 968 3417 me
995 3365 1315 3433 reliquerunt
1338 3367 1403 3420 ibi
1427 3383 1544 3421 cum
1573 3369 1803 3436 principe
1823 3369 1960 3438 regis
1987 3368 2171 3422 Persa-

628 3467 763 3502 rum.
792 3451 855 3504 Et
884 3453 1002 3505 veni
1042 3453 1231 3507 docere
1262 3465 1310 3509 te
1337 3471 1676 3525 qumoumque
1719 3459 1960 3510 evenient
1985 3459 2175 3526 populo

627 3551 716 3591 tuo
757 3542 806 3594 in
836 3543 1135 3596 novissimis
1161 3543 1346 3597 diebus
1375 3585 1389 3609 ,
1441 3546 1562 3612 quia
1587 3561 1710 3599 ecce
1740 3547 1869 3599 visio
1897 3547 1944 3598 in
1976 3547 2110 3600 dies.
2151 3567 2168 3599 ι

625 3629 798 3693 Quare
826 3640 948 3683 ante
977 3631 1156 3699 viginti
1185 3632 1298 3685 dies
1346 3650 1450 3686 non
1483 3635 1623 3686 venit
1652 3635 1868 3688 Michael
1898 3635 1920 3686 ‘l
1951 3635 2018 3690 Ut
2046 3637 2172 3689 mihi

626 3720 850 3785 videtur,
866 3722 1147 3775 ostendere
1172 3723 1281 3775 vult
1302 3723 1589 3789 proiihctac,
1617 3725 1757 3777 illum
1782 3741 1866 3778 res
1890 3726 2176 3792 proliibitas

625 3820 679 3863 et
707 3811 911 3879 iniquas
934 3821 1093 3878 atque
1121 3821 1329 3863 coactas
1360 3813 1626 3877 postulare
1658 3853 1668 3874 ,
1704 3829 1765 3866 ac
1795 3814 2170 3879 propemodum

627 3901 827 3968 angelis
855 3901 956 3953 vim
990 3901 1176 3954 facere.
1218 3900 1437 3968 Propter
1484 3901 1582 3953 hoc
1621 3918 1787 3969 neque
1816 3902 2035 3955 Michael
2065 3912 2173 3955 sta-

629 3993 720 4044 tim
749 3992 813 4046 ab
845 3992 990 4044 initio
1017 3991 1317 4054 auxiliatur,
1351 3992 1443 4044 sed
1475 4002 1649 4059 [l05183
1673 4032 1686 4055 ,
1721 4002 1775 4043 ut
1808 3992 2069 4045 discerent
2099 3993 2177 4045 in-

626 4082 813 4149 dignos
840 4080 1007 4132 reditu
1047 4095 1162 4132 esse
1191 4095 1282 4132 eos
1311 4080 1396 4146 qui
1420 4090 1600 4148 postea
1639 4082 1686 4132 in
1730 4082 1946 4148 patriam
1979 4081 2175 4135 reversi

628 4178 768 4223 sunt.
793 4169 985 4238 lnjuria
1017 4169 1317 4222 afficiuntur
1333 4171 1524 4237 angeli.
1558 4169 1622 4221 Et
1646 4187 1720 4221 me
1738 4172 2037 4240 reliquerunt
2060 4172 2126 4223 ibi
2157 4211 2172 4236 ,

626 4261 786 4314 utvel
820 4258 1210 4328 persuaderem,
1241 4260 1321 4313 vel
1359 4260 1646 4312 inhiberem
1673 4261 1689 4326 (
1722 4261 2008 4327 principem
2037 4260 2175 4327 regis

627 4353 907 4406 Persarum
940 4353 976 4419 ).
1006 4351 1068 4404 Et
1098 4350 1214 4419 quis
1238 4351 1452 4419 angelus
1472 4351 1746 4417 ejusmodi,
1770 4351 1856 4418 qui
1884 4366 2002 4403 cum
2031 4350 2175 4402 audit

628 4445 792 4497 Deum
815 4445 1047 4511 prmliere
1076 4443 1316 4511 gratiam,
1347 4442 1591 4495 resistat?
1619 4442 1747 4495 Rem
1779 4481 1792 4502 ,
1820 4451 1876 4493 ut
1901 4442 2128 4494 arbitror
2159 4481 2173 4504 ,

627 4533 696 4583 ita
746 4533 990 4599 exprimit
1038 4547 1099 4585 ac
1142 4531 1186 4584 si
1233 4539 1372 4584 esset
1419 4545 1667 4597 corporea
1696 4549 1708 4583 :
1736 4530 2175 4598 quemadmodum

627 4639 746 4675 eum
791 4622 862 4673 ait
890 4638 903 4677 :
935 4622 1058 4686 Quis
1097 4622 1373 4690 egredietur
1417 4631 1462 4674 et
1500 4622 1706 4688 decipiet
1741 4622 1861 4673 mihi
1887 4621 2176 4673 Achaabum

628 4713 648 4776 (
673 4710 730 4764 2.
761 4708 936 4764 Paral.
968 4711 1051 4763 18.
1081 4711 1143 4763 19
1172 4709 1188 4779 )
1213 4710 1234 4759 't
1255 4720 1306 4763 et
1334 4711 1518 4762 iterum
1548 4726 1562 4762 :
1593 4710 1792 4761 Dimitte
1812 4726 1909 4771 me,
1936 4720 1981 4762 et
2013 4710 2178 4762 delebo

629 4817 712 4854 eos
745 4799 953 4870 (Exod.
986 4799 1071 4854 52.
1106 4799 1170 4854 10
1196 4801 1232 4867 ).
1265 4800 1377 4854 Non
1420 4802 1723 4868 prohibetur
1753 4802 1885 4853 Deus
1914 4842 1927 4864 ,
1952 4815 2048 4854 nec
2074 4802 2178 4853 vim

633 4893 825 4957 patitur
845 4931 858 4954 ,
884 4889 1127 4942 detentus
1155 4903 1181 4940 a
1214 4889 1486 4956 prOpheta.
1522 4891 1592 4942 lta
1615 4905 1739 4943 sane
1761 4899 1813 4942 et
1840 4889 1942 4942 hic.
1979 4889 2177 4942 Rursus

632 4993 754 5032 vrro
790 4980 912 5032 alibi
945 4980 1019 5032 ait
1051 4995 1063 5030 :
1094 4977 1296 5030 Dimitte
1323 4994 1399 5030 me
1430 5018 1443 5040 ,
1489 4979 1603 5046 quia
1640 4979 1858 5030 ascendit
1902 4979 2180 5029 diluculum

631 5068 777 5134 (ﬁeri.
805 5069 889 5120 32.
923 5070 1034 5138 26).
1069 5070 1130 5122 Et
1151 5068 1324 5121 adhuc
1349 5068 1412 5120 de
1435 5069 1618 5132 angelo
1648 5079 1699 5118 ct
1727 5068 1870 5118 asina
1907 5084 1919 5118 :
1956 5066 2071 5118 Nisi
2097 5069 2178 5134 fa-

629 5162 750 5208 ciem
797 5167 932 5209 tuum
959 5159 1391 5227 apprehendissem
1425 5158 1494 5228 (ὑ)
1528 5199 1542 5223 ,
1572 5156 1757 5225 inquit.
1788 5156 1840 5208 ld
1874 5156 2047 5222 itaque
2079 5171 2179 5208 non

694 5325 765 5386 (α)
799 5324 851 5372 ῐι]
876 5331 1051 5379 61⁸800,
1077 5339 1330 5386 Summis-ro;
1353 5332 1453 5386 ioue,
1490 5333 1550 5371 οὖι
1582 5330 1848 5377 ἀδυνατοῦντος.
1874 5323 2078 5386 Ut_pottti
2110 5321 2187 5386 in-

631 5381 924 5454 terpretatus
945 5396 1074 5454 sum;
1093 5381 1396 5454 aii'f'eliciter,
1414 5383 1533 5454 clam
1558 5396 1637 5454 me
1661 5390 1750 5428 est.
1778 5391 1893 5454 sane
1919 5381 1996 5450 illa
2014 5383 2182 5454 ‘verba,

628 5440 830 5495 viriliter
854 5457 956 5506 age,
975 5442 1230 5506 abdangclo
1255 5446 1550 5506 pronuntiata
1577 5441 1714 5506 fuere
1739 5449 1844 5501 post
1868 5440 2071 5506 Daniel‘is
2093 5448 2189 5487 stu-

636 5519 806 5564 pores;
830 5499 1055 5561 sei'l,'noli
1081 5499 1300 5560 minuere,
1329 5503 1454 5548 idem
1483 5499 1884 5561 significatflege
1907 5502 1953 5546 in
1979 5501 2189 5547 bditione

631 5574 788 5627 arrecti
816 5573 924 5612 Dan.
951 5565 995 5621 4,
1022 5565 1067 5627 ti.
1099 5625 1105 5627 _
1235 5621 1245 5627 _
1430 5623 1436 5627 Α
1543 5623 1549 5627 _
1719 5622 1725 5627 _
1858 5621 1865 5627 _

697 5625 767 5684 (ὁ)
802 5633 895 5673 Non
919 5625 1109 5672 memini
1133 5635 1209 5684 me
1235 5621 1584 5684 legerejstarin
1611 5622 1752 5684 sacris
1776 5621 2190 5684 Seripttii'is._lfoi-te

633 5680 833 5736 illusum
857 5685 914 5734 ad
938 5693 1067 5733 Num.
1093 5683 1168 5736 2:2,
1192 5684 1267 5739 25,
1292 5683 1368 5738 27,
1396 5682 1470 5739 3|,
1506 5682 1584 5727 5‘2.
1614 5681 1788 5726 Verum
1823 5693 1929 5738 quia
1974 5680 2084 5739 quid
2124 5680 2187 5726 si-

1338 395 1392 448 S.
1432 392 1702 448 JO.\NNIS
1738 381 2199 445 CIIRVSOSTOMI
2240 380 2548 438 ARCllllﬁP.
2589 387 3108 443 (IONSTANTINOP.

3754 405 3874 459 244

2291 497 2543 565 ostendit,
2573 501 2738 567 ipsum
2766 505 2874 558 Deo
2900 506 3174 573 obsistere,
3191 510 3283 562 sed
3312 509 3410 563 iioc
3443 527 3605 564 unum
3641 525 3861 566 tantum

2285 586 2470 652 injuria
2501 591 2715 658 angelos
2741 593 2898 647 affici.
2941 594 3163 649 Tantum
3193 599 3352 651 valuit
3382 601 3586 654 Daniel.
3622 602 3862 656 Deserat-

2283 674 2335 724 di
2363 685 2414 726 ut
2443 675 2666 730 docerem
2709 689 2754 732 te
2777 697 3091 750 quantumque
3116 689 3300 753 populo
3328 697 3413 740 tuo
3443 701 3558 741 sunt
3583 701 3858 746 eventura.

2285 760 2414 813 Vide
2450 765 2714 830 quomodo
2734 807 2747 830 ,
2787 783 2846 821 re
2873 773 3162 824 necessaria
3193 774 3406 827 dimissa
3439 815 3454 837 ,
3489 777 3774 844 prophetae
3797 794 3863 832 se

2282 863 2514 907 excuset.
2542 854 2732 910 lterum
2758 858 2938 913 Daniel
2961 876 3325 919 consternatur
3358 885 3372 920 :
3403 868 3597 920 iterum
3623 871 3861 938 angelus

2283 940 2427 994 illum
2461 945 2631 1012 erigit,
2662 955 2713 1000 et
2740 949 2849 1002 ait:
2881 951 2992 1020 Ego
3018 955 3305 1021 proﬁciscor
3397 967 3452 1008 ut
3499 960 3703 1026 prwlier
3729 976 3860 1012 cum

2283 1030 2506 1098 principe
2528 1031 2814 1088 Persarum.
2842 1039 3001 1107 Atque
3028 1058 3116 1110 ego
3145 1045 3443 1111 egrediebar,
3473 1048 3712 1113 princeps
3732 1065 3862 1100 vero

2285 1117 2567 1206 Graecorum
2595 1126 2832 1180 veniebat.
2863 1129 3020 1184 Forte
3046 1147 3164 1185 cum
3193 1150 3294 1186 uno
3318 1135 3714 1190 adversantium
3750 1140 3864 1206 ipsi

2283 1204 2350 1259 de
2372 1208 2530 1262 rebus
2557 1210 2764 1278 futuris,
2789 1217 2981 1284 quique
3010 1230 3192 1272 contra
3220 1222 3531 1276 Macedonas
3559 1204 3860 1293 pugnat-ct.

2282 1294 2359 1346 Ac
2385 1295 2615 1350 nondum
2643 1302 3001 1366 persuadetur.
3021 1306 3292 1362 Bellumnc
3313 1321 3393 1363 est
3419 1313 3558 1365 inter
3588 1315 3824 1381 angelos
3841 1355 3856 1378 ,

2281 1390 2334 1435 et
2364 1398 2533 1453 pugna
2561 1387 2626 1440 de
2653 1387 2950 1447 hominibus
2980 1394 3003 1446 ἲ
3035 1397 3194 1450 Sane.
3224 1399 3500 1454 Maximam
3532 1404 3735 1471 quippe
3761 1420 3865 1457 eo-

2282 1488 2396 1526 rum
2445 1490 2623 1529 curam
2655 1490 2862 1546 gerunt.
2895 1483 3130 1538 Nondum
3159 1502 3441 1554 persuasus
3470 1502 3572 1544 esu
3608 1494 3783 1556 Quasi
3815 1494 3862 1546 si

2281 1567 2396 1631 quis
2422 1563 2621 1620 diceret
2650 1585 2665 1622 ;
2691 1568 2864 1638 Cogor
2890 1588 3008 1626 cum
3039 1575 3137 1629 hoc
3163 1579 3506 1633 contendere.

2867 1703 3087 1762 CAPUT
3148 1709 3236 1764 XI.

2353 1829 2400 1881 l.
2444 1828 2507 1881 Et
2533 1835 2718 1901 factum
2749 1844 2818 1886 est
2843 1836 2895 1888 in
2918 1853 3048 1889 anno
3077 1841 3236 1904 primo
3264 1842 3396 1911 Cyri,
3432 1860 3522 1912 ego
3542 1850 3660 1899 steti
3687 1849 3740 1901 in
3767 1867 3860 1902 ro-

2279 1917 2369 1971 bur
2394 1931 2437 1972 et
2463 1924 2820 1990 fortitudinem.
2852 1926 2904 1978 2.
2935 1927 2999 1979 Et
3029 1945 3158 1981 nunc
3195 1937 3501 1987 annuntiabo
3534 1938 3625 1989 tibi
3658 1942 3858 1992 verita-

2279 2019 2394 2062 tem.
2427 2012 2492 2065 Et
2524 2023 2675 2079 tunc,
2709 2031 2807 2084 ego
2851 2034 2962 2071 sum
2989 2021 3075 2087 qui
3110 2025 3332 2076 servavi.
3363 2025 3491 2078 Nam
3535 2044 3602 2080 ne
3648 2031 3854 2099 aliquis

2277 2098 2416 2154 dicat
2443 2118 2454 2152 :
2483 2103 2589 2156 Cur
2619 2106 2773 2172 igitur
2793 2109 3041 2173 prmliaris
3065 2112 3084 2161 ?
3109 2113 3229 2178 quid
3257 2117 3452 2181 ergo,si
3475 2131 3580 2169 non
3606 2098 3807 2174 viceris
3829 2121 3854 2172 ?

2278 2206 2623 2260 nequaquam,
2650 2195 2836 2263 inquit.
2859 2198 2922 2250 Et
2940 2207 3062 2252 tunc
3081 2215 3178 2268 ego
3202 2203 3300 2253 illis
3321 2206 3682 2270 patrocinatus
3698 2223 3848 2262 sum.

2277 2278 2476 2332 Etenim
2506 2299 2603 2335 non
2625 2293 2714 2350 est,
2743 2286 2941 2353 inquit,
2971 2305 3098 2341 unus
3123 2292 3207 2356 qui
3232 2309 3260 2342 a
3296 2309 3369 2344 me
3396 2304 3487 2345 stet
3511 2295 3574 2346 de
3604 2296 3686 2347 his
3705 2339 3720 2360 ,
3744 2299 3853 2350 nisi

2281 2370 2502 2424 Michael
2528 2375 2756 2444 princeps
2777 2377 2997 2445 ipsorum
3034 2379 3187 2444 (Dan.
3214 2382 3296 2434 10.
3327 2382 3437 2449 2i).
3470 2384 3595 2437 H;ec
3622 2386 3755 2440 dicit
3791 2398 3853 2440 ut

2280 2460 2477 2514 Dauieli
2511 2464 2849 2529 persuadeat,
2879 2479 2935 2517 se
2977 2482 3076 2518 non
3119 2484 3236 2521 esse
3284 2471 3375 2535 ipsi
3420 2473 3626 2525 lio~tem
3658 2477 3850 2528 acini-

2283 2552 2508 2614 micum,
2553 2562 2744 2606 eteum
2787 2570 2872 2608 res
2901 2556 3085 2610 vetitas
3136 2569 3331 2624 petere.
3377 2560 3481 2613 Nec
3510 2562 3632 2615 ideo
3675 2564 3846 2629 dicit,

2277 2642 2414 2708 quod
2446 2642 2771 2710 adjutoribus
2797 2646 3043 2714 indigeat.
3076 2648 3344 2712 Quomodo
3374 2651 3513 2702 enim
3537 2651 3560 2701 ?
3586 2652 3846 2705 Ostendi-

2279 2739 2361 2782 tur
2382 2733 2538 2784 istum
2582 2734 2826 2801 angelum
2868 2748 2972 2787 non
3000 2749 3115 2788 esse
3161 2735 3226 2788 de
3256 2737 3602 2804 principibus.
3650 2740 3847 2793 Postea

2276 2823 2450 2874 omnia
2478 2823 2637 2876 refert
2664 2833 2928 2892 accurate,
2961 2833 3013 2880 et
3032 2827 3104 2878 ait
3130 2827 3264 2879 unde
3286 2827 3482 2880 clades.
3517 2829 3725 2882 Deinde
3751 2845 3842 2883 sa-

2275 2911 2434 2964 lutem
2475 2912 2652 2980 populi
2683 2913 2881 2982 ipsius,
2930 2923 2982 2968 et
3019 2916 3375 2984 acceptionem
3409 2919 3458 2969 in
3491 2919 3848 2986 sequentibus

2276 3011 2470 3056 narrat.

2859 3138 3082 3195 CAPUT
3136 3138 3246 3192 ΧΠ.

2347 3273 2402 3326 7.
2447 3290 2467 3323 ι
2503 3271 2632 3326 Cum
2659 3273 2916 3341 completa
2950 3272 3104 3326 fuerit
3131 3272 3387 3339 dispersio
3430 3288 3620 3326 manus
3665 3276 3846 3343 populi

2276 3364 2616 3430 sanetilicati,
2645 3373 2962 3433 cognoscent
3002 3372 3234 3416 sanctum
3272 3404 3286 3426 ,
3315 3371 3368 3415 et
3391 3366 3849 3416 consummabun-

2278 3465 2362 3506 tur
2391 3453 2503 3509 haec
2532 3456 2724 3508 omnia.
2760 3454 2812 3508 8.
2846 3456 2907 3506 Et
2934 3468 3029 3520 ego
3054 3451 3259 3514 audivi,
3281 3461 3335 3505 et
3361 3466 3462 3503 non
3491 3452 3769 3511 intellexi,
3797 3463 3848 3505 et

2277 3542 2383 3594 dixi
2419 3559 2429 3593 :
2466 3543 2717 3605 Domine,
2768 3541 2891 3609 quid
2937 3551 3173 3593 extrema
3222 3538 3443 3590 horum?
3473 3538 3528 3590 9.
3576 3537 3845 3592 Etdisit:

2283 3631 2441 3695 Vade,
2477 3630 2684 3695 Daniel,
2716 3631 2832 3697 quia
2863 3638 2914 3682 et
2934 3628 3095 3682 clausi
3125 3637 3247 3679 sunt
3274 3641 3545 3679 sermones
3577 3642 3756 3693 usque
3784 3629 3848 3680 ad

2280 3730 2485 3788 tempus
2535 3719 2669 3772 finis.
2721 3719 2802 3772 lO.
2844 3717 3024 3783 Quoad
3070 3717 3327 3782 eligantur
3363 3725 3416 3767 et
3444 3715 3771 3767 dealbentur
3797 3726 3852 3768 et

2281 3813 2397 3878 igne
2439 3811 2724 3875 probentur
2768 3809 2911 3860 multi
2961 3826 2971 3858 :
3017 3808 3191 3874 inique
3235 3814 3406 3858 autem
3431 3815 3587 3872 agent
3634 3806 3848 3872 iniqui,

2280 3916 2447 3968 neque
2470 3901 2758 3965 intelligent
2785 3913 2966 3952 omnes
2984 3899 3124 3965 impii
3150 3915 3162 3950 :
3188 3906 3241 3950 at
3265 3897 3613 3964 intelligentes
3637 3897 3850 3950 intelli-

2279 3998 2421 4058 gent.
2449 3990 2532 4042 ll.
2568 3990 2630 4041 Et
2659 4005 2686 4041 a
2716 3998 2950 4054 tempore
2978 4003 3080 4056 quo
3116 3995 3368 4039 mutatum
3409 3984 3565 4039 luerit
3589 3986 3726 4052 jnge
3760 4002 3851 4038 sa-

2281 4081 2553 4141 erilicinm,
2577 4089 2628 4133 et
2648 4080 2763 4132 data
2784 4078 2938 4131 fuerit
2958 4076 3277 4131 abominatio
3297 4076 3656 4138 desolationis,
3683 4086 3856 4129 erunt

2281 4170 2394 4223 dies
2422 4170 2562 4222 mille
2594 4168 2800 4221 ducenti
2831 4169 3128 4234 nonaginta.
3163 4166 3248 4218 l2.
3291 4165 3481 4218 Beatus
3523 4164 3612 4231 qui
3645 4179 3856 4233 exspe-

2282 4267 2389 4311 ctat
2413 4270 2462 4312 et
2491 4258 2726 4326 pervenit
2746 4257 2810 4309 ad
2833 4256 2942 4309 dies
2980 4255 3119 4308 mille
3150 4263 3410 4307 trecentos
3450 4254 3656 4320 triginta
3681 4256 3856 4320 quin-

2281 4365 2401 4415 que.
2431 4349 2512 4400 l5.
2548 4347 2608 4398 Et
2640 4357 2692 4398 tu
2721 4346 2849 4397 vade
2871 4386 2882 4406 ,
2910 4359 2970 4397 ac
2999 4344 3303 4411 requiesce:
3331 4343 3502 4394 adhuc
3547 4343 3692 4393 enim
3730 4345 3855 4398 dies

2283 4439 2332 4490 in
2355 4437 2755 4503 complctionem
2779 4433 3243 4486 consummationis
3275 4450 3286 4483 :
3315 4440 3368 4484 et
3389 4431 3685 4498 requiesces
3713 4444 3859 4486 tem-

2283 4540 2378 4593 pus
2422 4534 2562 4576 tuum
2613 4523 2661 4575 in
2708 4523 3213 4575 consummationem
3244 4521 3445 4573 dierum
3472 4538 3488 4570 ι
3529 4521 3626 4587 (α).
3671 4521 3748 4573 Ει
3774 4532 3854 4585 ιιι,

2285 4614 2483 4680 inquit,
2517 4612 2661 4665 sede.
2694 4610 2820 4663 Nam
2849 4619 2965 4678 post
2989 4609 3205 4662 multum
3253 4618 3457 4676 tempus
3501 4607 3614 4663 hac
3661 4621 3853 4664 erunt.

2288 4709 2447 4776 Igitur
2492 4722 2592 4759 non
2623 4706 2688 4758 de
2732 4704 2902 4757 reditu
2945 4704 3294 4764 lamentatur,
3319 4701 3411 4754 sed
3452 4709 3570 4768 post
3610 4702 3853 4756 reditum

2285 4815 2381 4869 pro
2412 4800 2472 4852 iis
2503 4799 2587 4867 qui
2616 4796 2898 4849 redierant.

2565 4928 2784 4985 CAPUT
2829 4926 2964 4980 Xlll.
3017 4925 3120 4994 (In
3167 4925 3318 4992 Vulg.
3369 4923 3555 4992 XIV.)

2363 5072 2408 5123 l.
2452 5088 2467 5118 ι
2499 5069 2564 5120 Et
2592 5081 2680 5119 rex
2710 5065 2963 5133 Astyages
2991 5061 3256 5129 appositus
3285 5070 3366 5114 est
3385 5058 3446 5110 ad
3481 5068 3658 5126 patres
3679 5075 3816 5116 suos
3844 5079 3860 5114 :

2292 5171 2344 5212 et
2374 5157 2575 5226 accepit
2599 5154 2766 5221 Cyrus
2795 5154 2950 5204 l‘ersa
2981 5165 3194 5216 regnum
3237 5150 3350 5212 ejus
3379 5147 3473 5211 (ιι).
3524 5148 3574 5197 2.
3632 5148 3695 5198 Et
3723 5162 3847 5204 (ξι-,ιι

2293 5312 2404 5362 mile
2440 5311 2640 5357 habetur
2676 5306 2775 5352 Jobi
2811 5304 2885 5354 Η.
2911 5302 2956 5356 8,
2985 5301 3201 5362 existimo
3234 5305 3276 5362 ξ.
3317 5297 3695 5362 Chrysostommn
3742 5313 3854 5347 eum

2295 5356 2517 5422 loc—urnin
2541 5375 2705 5415 mente
2731 5365 2968 5424 habuisse.
2994 5362 3070 5424 sic
3092 5361 3217 5406 enim
3243 5356 3855 5424 interdiim_ballucina_nt::r

2295 5416 2513 5482 ecclesiae
2546 5429 2768 5474 doctores
2796 5422 3091 5471 sanctissimi.
3118 5425 3276 5464 Posset
3301 5417 3442 5464 etiam
3469 5416 3561 5463 dici
3586 5419 3857 5478 exscripto-

2296 5508 2399 5542 rem
2423 5493 2514 5537 duo
2540 5487 2638 5533 loca
2661 5484 2927 5532 conl‘udisse
2947 5482 2991 5526 in
3017 5491 3177 5524 unum.

2361 5535 2446 5609 in)”
2465 5551 2476 5592 t
2487 5545 2754 5609 lonsulendi
2773 5551 2817 5589 Β.
2844 5542 3148 5609 Ηίθτᾳιιχιξιιις
3170 5535 3590 5609 ac_'rheodoretus.

2465 5609 2512 5655 id
2541 5608 2693 5666 primo
2716 5604 2935 5650 observo.
2963 5595 3857 5669 5.’βιιιξνεοδιοηιιιηιἔοι-ῳωξιοωῆοες

2302 5656 2570 5730 sci‘piutuni,
2606 5669 2693 5712 ista
2737 5674 2842 5708 cum
2879 5659 3198 5718 superioribus
3226 5656 3530 5715 coniunxisse
3561 5670 3573 5701 :
3609 5656 3853 5704 librarium
