  <div class='ocr_page' id='page_1' title='image "/cluster/home/n/w/nwhite01/storage/ocr_20150623/56/ien.35556001660836/250.png"; bbox 0 0 3990 6442; ppageno 0'>
   <div class='ocr_carea' id='block_1_1' title="bbox 126 354 247 407">
    <p class='ocr_par' dir='ltr' id='par_1_1' title="bbox 126 354 247 407">
     <span class='ocr_line' id='line_1_1' title="bbox 126 354 247 407; baseline 0.017 -3"><span class='ocrx_word' id='word_1_1' title='bbox 126 355 202 405; x_wconf 69' lang='lat'>2&#39;4</span> <span class='ocrx_word' id='word_1_2' title='bbox 214 354 247 407; x_wconf 88' lang='lat'>3</span> 
     </span>
    </p>
   </div>
   <div class='ocr_carea' id='block_1_2' title="bbox 116 448 1677 524">
    <p class='ocr_par' dir='ltr' id='par_1_2' title="bbox 116 448 1677 524">
     <span class='ocr_line' id='line_1_2' title="bbox 116 448 1677 524; baseline 0 -17"><span class='ocrx_word' id='word_1_3' title='bbox 116 457 343 524; x_wconf 78' lang='grc' dir='ltr'>δρίζου.</span> <span class='ocrx_word' id='word_1_4' title='bbox 371 454 477 507; x_wconf 89' lang='lat' dir='ltr'>Kal</span> <span class='ocrx_word' id='word_1_5' title='bbox 509 454 656 520; x_wconf 78' lang='grc' dir='ltr'>ἔστη.</span> <span class='ocrx_word' id='word_1_6' title='bbox 698 448 849 513; x_wconf 80' lang='grc' dir='ltr'>Εἶδες</span> <span class='ocrx_word' id='word_1_7' title='bbox 880 453 931 505; x_wconf 85' lang='grc' dir='ltr'>τί</span> <span class='ocrx_word' id='word_1_8' title='bbox 975 454 1118 505; x_wconf 86' lang='grc' dir='ltr'>ἐστιν</span> <span class='ocrx_word' id='word_1_9' title='bbox 1143 453 1263 520; x_wconf 73' lang='grc' dir='ltr'>ὄψις</span> <span class='ocrx_word' id='word_1_10' title='bbox 1296 452 1556 521; x_wconf 75' lang='grc' dir='ltr'>ἀγγέλους</span> <span class='ocrx_word' id='word_1_11' title='bbox 1588 454 1677 524; x_wconf 82' lang='grc' dir='ltr'>Μὴ</span> 
     </span>
    </p>
   </div>
   <div class='ocr_carea' id='block_1_3' title="bbox 113 537 1679 612">
    <p class='ocr_par' dir='ltr' id='par_1_3' title="bbox 113 537 1679 612">
     <span class='ocr_line' id='line_1_3' title="bbox 113 537 1679 612; baseline 0 -17"><span class='ocrx_word' id='word_1_12' title='bbox 113 543 355 612; x_wconf 80' lang='grc' dir='ltr'>νομίσῃς</span> <span class='ocrx_word' id='word_1_13' title='bbox 394 543 585 611; x_wconf 88' lang='grc' dir='ltr'>χαλκὸν</span> <span class='ocrx_word' id='word_1_14' title='bbox 611 537 746 594; x_wconf 78' lang='grc' dir='ltr'>εῖναι</span> <span class='ocrx_word' id='word_1_15' title='bbox 770 543 828 593; x_wconf 87' lang='grc' dir='ltr'>τὸ</span> <span class='ocrx_word' id='word_1_16' title='bbox 848 543 1139 611; x_wconf 71' lang='grc' dir='ltr'>δρώμενον,</span> <span class='ocrx_word' id='word_1_17' title='bbox 1174 544 1306 611; x_wconf 86' lang='grc' dir='ltr'>μηδέ</span> <span class='ocrx_word' id='word_1_18' title='bbox 1332 543 1566 612; x_wconf 74' lang='grc' dir='ltr'>χρυσίον.</span> <span class='ocrx_word' id='word_1_19' title='bbox 1585 545 1679 605; x_wconf 90' lang='grc' dir='ltr'>Τίς</span> 
     </span>
    </p>
   </div>
   <div class='ocr_carea' id='block_1_4' title="bbox 114 629 1678 699">
    <p class='ocr_par' dir='ltr' id='par_1_4' title="bbox 114 629 1678 699">
     <span class='ocr_line' id='line_1_4' title="bbox 114 629 1678 699; baseline 0.001 -18"><span class='ocrx_word' id='word_1_20' title='bbox 114 630 231 699; x_wconf 85' lang='grc' dir='ltr'>γὰρ</span> <span class='ocrx_word' id='word_1_21' title='bbox 257 630 359 681; x_wconf 83' lang='grc' dir='ltr'>οὐκ</span> <span class='ocrx_word' id='word_1_22' title='bbox 388 632 452 681; x_wconf 87' lang='grc' dir='ltr'>ἂν</span> <span class='ocrx_word' id='word_1_23' title='bbox 474 630 682 695; x_wconf 89' lang='grc' dir='ltr'>ἐνέγκοι</span> <span class='ocrx_word' id='word_1_24' title='bbox 712 629 914 681; x_wconf 84' lang='grc' dir='ltr'>τούτων</span> <span class='ocrx_word' id='word_1_25' title='bbox 944 630 1041 698; x_wconf 85' lang='grc' dir='ltr'>τὴν</span> <span class='ocrx_word' id='word_1_26' title='bbox 1073 629 1193 696; x_wconf 76' lang='grc' dir='ltr'>ὄψιν</span> <span class='ocrx_word' id='word_1_27' title='bbox 1218 647 1231 694; x_wconf 88' lang='grc'><strong>;</strong></span> <span class='ocrx_word' id='word_1_28' title='bbox 1258 629 1535 697; x_wconf 82' lang='grc' dir='ltr'>Πανταχοῦ</span> <span class='ocrx_word' id='word_1_29' title='bbox 1571 630 1678 699; x_wconf 90' lang='grc' dir='ltr'>γάρ</span> 
     </span>
    </p>
   </div>
   <div class='ocr_carea' id='block_1_5' title="bbox 113 714 1681 784">
    <p class='ocr_par' dir='ltr' id='par_1_5' title="bbox 113 714 1681 784">
     <span class='ocr_line' id='line_1_5' title="bbox 113 714 1681 784; baseline 0.001 -18"><span class='ocrx_word' id='word_1_30' title='bbox 113 715 177 766; x_wconf 87' lang='grc' dir='ltr'>τὸ</span> <span class='ocrx_word' id='word_1_31' title='bbox 218 715 337 781; x_wconf 83' lang='grc' dir='ltr'>φῶς</span> <span class='ocrx_word' id='word_1_32' title='bbox 362 716 553 767; x_wconf 86' lang='grc' dir='ltr'>κεῖται.</span> <span class='ocrx_word' id='word_1_33' title='bbox 588 715 740 765; x_wconf 80' lang='grc' dir='ltr'>Ἐπεὶ</span> <span class='ocrx_word' id='word_1_34' title='bbox 774 714 951 765; x_wconf 82' lang='grc' dir='ltr'>τοίνυν</span> <span class='ocrx_word' id='word_1_35' title='bbox 979 714 1301 782; x_wconf 84' lang='grc' dir='ltr'>ἀπεστάλην,</span> <span class='ocrx_word' id='word_1_36' title='bbox 1329 714 1681 784; x_wconf 88' lang='grc' dir='ltr'>προσημαινω</span> 
     </span>
    </p>
   </div>
   <div class='ocr_carea' id='block_1_6' title="bbox 113 800 1680 872">
    <p class='ocr_par' dir='ltr' id='par_1_6' title="bbox 113 800 1680 872">
     <span class='ocr_line' id='line_1_6' title="bbox 113 800 1680 872; baseline 0.003 -21"><span class='ocrx_word' id='word_1_37' title='bbox 113 801 279 851; x_wconf 86' lang='grc' dir='ltr'>τοῦτο</span> <span class='ocrx_word' id='word_1_38' title='bbox 308 801 486 869; x_wconf 88' lang='grc' dir='ltr'>μόνον,</span> <span class='ocrx_word' id='word_1_39' title='bbox 511 800 662 868; x_wconf 80' lang='grc' dir='ltr'>φησὶ,</span> <span class='ocrx_word' id='word_1_40' title='bbox 694 800 767 869; x_wconf 83' lang='grc' dir='ltr'>μὴ</span> <span class='ocrx_word' id='word_1_41' title='bbox 793 800 1105 872; x_wconf 78' lang='grc' dir='ltr'>διαφθείρῃς</span> <span class='ocrx_word' id='word_1_42' title='bbox 1138 802 1234 871; x_wconf 83' lang='grc' dir='ltr'>τὴν</span> <span class='ocrx_word' id='word_1_43' title='bbox 1273 801 1451 871; x_wconf 84' lang='grc' dir='ltr'>χάριν.</span> <span class='ocrx_word' id='word_1_44' title='bbox 1490 804 1680 857; x_wconf 82' lang='grc' dir='ltr'>Ἠκού-</span> 
     </span>
    </p>
   </div>
   <div class='ocr_carea' id='block_1_7' title="bbox 114 886 1679 957">
    <p class='ocr_par' dir='ltr' id='par_1_7' title="bbox 114 886 1679 957">
     <span class='ocr_line' id='line_1_7' title="bbox 114 886 1679 957; baseline -0.001 -15"><span class='ocrx_word' id='word_1_45' title='bbox 114 893 367 955; x_wconf 84' lang='grc' dir='ltr'>σθησαν</span> <span class='ocrx_word' id='word_1_46' title='bbox 387 892 439 941; x_wconf 81' lang='grc' dir='ltr'>οι</span> <span class='ocrx_word' id='word_1_47' title='bbox 454 892 619 957; x_wconf 75' lang='grc' dir='ltr'>λόγοι</span> <span class='ocrx_word' id='word_1_48' title='bbox 639 905 774 953; x_wconf 89' lang='grc' dir='ltr'>σου,</span> <span class='ocrx_word' id='word_1_49' title='bbox 793 889 889 941; x_wconf 81' lang='grc' dir='ltr'>καὶ</span> <span class='ocrx_word' id='word_1_50' title='bbox 912 888 1023 957; x_wconf 81' lang='grc' dir='ltr'>ἐγὼ</span> <span class='ocrx_word' id='word_1_51' title='bbox 1046 886 1234 957; x_wconf 78' lang='grc' dir='ltr'>ἦλθον</span> <span class='ocrx_word' id='word_1_52' title='bbox 1246 890 1316 941; x_wconf 79' lang='grc' dir='ltr'>ἐν</span> <span class='ocrx_word' id='word_1_53' title='bbox 1335 890 1456 955; x_wconf 83' lang='grc' dir='ltr'>τοῖς</span> <span class='ocrx_word' id='word_1_54' title='bbox 1478 892 1679 957; x_wconf 72' lang='grc' dir='ltr'>λόγοις</span> 
     </span>
    </p>
   </div>
   <div class='ocr_carea' id='block_1_8' title="bbox 113 976 1676 1047">
    <p class='ocr_par' dir='ltr' id='par_1_8' title="bbox 113 976 1676 1047">
     <span class='ocr_line' id='line_1_8' title="bbox 113 976 1676 1047; baseline 0 -18"><span class='ocrx_word' id='word_1_55' title='bbox 113 992 256 1029; x_wconf 88' lang='grc' dir='ltr'>σου.</span> <span class='ocrx_word' id='word_1_56' title='bbox 286 977 353 1027; x_wconf 88' lang='grc' dir='ltr'>Τί</span> <span class='ocrx_word' id='word_1_57' title='bbox 382 977 487 1045; x_wconf 84' lang='grc' dir='ltr'>γὰρ</span> <span class='ocrx_word' id='word_1_58' title='bbox 517 976 829 1046; x_wconf 72' lang='grc' dir='ltr'>παρεκάλει,</span> <span class='ocrx_word' id='word_1_59' title='bbox 864 978 955 1028; x_wconf 70' lang='grc' dir='ltr'>καὶ</span> <span class='ocrx_word' id='word_1_60' title='bbox 985 976 1037 1029; x_wconf 91' lang='grc' dir='ltr'>τί</span> <span class='ocrx_word' id='word_1_61' title='bbox 1070 976 1265 1040; x_wconf 88' lang='grc' dir='ltr'>ἐδεῖτο;</span> <span class='ocrx_word' id='word_1_62' title='bbox 1301 978 1409 1029; x_wconf 86' lang='lat' dir='ltr'>Kal</span> <span class='ocrx_word' id='word_1_63' title='bbox 1435 978 1539 1047; x_wconf 79' lang='grc' dir='ltr'>μὴν</span> <span class='ocrx_word' id='word_1_64' title='bbox 1558 978 1676 1047; x_wconf 76' lang='grc' dir='ltr'>οὐχὶ</span> 
     </span>
    </p>
   </div>
   <div class='ocr_carea' id='block_1_9' title="bbox 111 1064 1668 1133">
    <p class='ocr_par' dir='ltr' id='par_1_9' title="bbox 111 1064 1668 1133">
     <span class='ocr_line' id='line_1_9' title="bbox 111 1064 1668 1133; baseline 0.001 -16"><span class='ocrx_word' id='word_1_65' title='bbox 111 1067 293 1118; x_wconf 80' lang='grc' dir='ltr'>ταῦτα</span> <span class='ocrx_word' id='word_1_66' title='bbox 315 1066 460 1132; x_wconf 84' lang='grc' dir='ltr'>αὐτῷ</span> <span class='ocrx_word' id='word_1_67' title='bbox 492 1064 684 1132; x_wconf 85' lang='grc' dir='ltr'>λέγεις,</span> <span class='ocrx_word' id='word_1_68' title='bbox 719 1066 836 1117; x_wconf 76' lang='grc' dir='ltr'>οὐδὲ</span> <span class='ocrx_word' id='word_1_69' title='bbox 867 1064 1102 1119; x_wconf 89' lang='grc' dir='ltr'>τοιοῦτον</span> <span class='ocrx_word' id='word_1_70' title='bbox 1138 1066 1306 1118; x_wconf 72' lang='grc' dir='ltr'>οὐδέν.</span> <span class='ocrx_word' id='word_1_71' title='bbox 1344 1066 1492 1133; x_wconf 86' lang='grc' dir='ltr'>Τάχα</span> <span class='ocrx_word' id='word_1_72' title='bbox 1518 1067 1668 1118; x_wconf 68' lang='lat'>£606-</span> 
     </span>
    </p>
   </div>
   <div class='ocr_carea' id='block_1_10' title="bbox 113 1153 1672 1225">
    <p class='ocr_par' dir='ltr' id='par_1_10' title="bbox 113 1153 1672 1225">
     <span class='ocr_line' id='line_1_10' title="bbox 113 1153 1672 1225; baseline 0.004 -22"><span class='ocrx_word' id='word_1_73' title='bbox 113 1153 241 1205; x_wconf 85' lang='grc' dir='ltr'>λετο</span> <span class='ocrx_word' id='word_1_74' title='bbox 270 1154 461 1221; x_wconf 80' lang='grc' dir='ltr'>μαθεῖν</span> <span class='ocrx_word' id='word_1_75' title='bbox 487 1153 724 1223; x_wconf 77' lang='grc' dir='ltr'>ἀκριϐῶς</span> <span class='ocrx_word' id='word_1_76' title='bbox 748 1153 839 1225; x_wconf 76' lang='grc' dir='ltr'>τὸν</span> <span class='ocrx_word' id='word_1_77' title='bbox 864 1154 1069 1222; x_wconf 88' lang='grc' dir='ltr'>χρόνον,</span> <span class='ocrx_word' id='word_1_78' title='bbox 1096 1154 1187 1205; x_wconf 76' lang='grc' dir='ltr'>καὶ</span> <span class='ocrx_word' id='word_1_79' title='bbox 1220 1154 1281 1205; x_wconf 90' lang='grc' dir='ltr'>τὸ</span> <span class='ocrx_word' id='word_1_80' title='bbox 1314 1156 1451 1222; x_wconf 81' lang='grc' dir='ltr'>μετὰ</span> <span class='ocrx_word' id='word_1_81' title='bbox 1480 1155 1672 1209; x_wconf 73' lang='grc' dir='ltr'>ταῦτα.</span> 
     </span>
    </p>
   </div>
   <div class='ocr_carea' id='block_1_11' title="bbox 113 1242 1675 1311">
    <p class='ocr_par' dir='ltr' id='par_1_11' title="bbox 113 1242 1675 1311">
     <span class='ocr_line' id='line_1_11' title="bbox 113 1242 1675 1311; baseline 0.001 -15"><span class='ocrx_word' id='word_1_82' title='bbox 113 1245 225 1296; x_wconf 83' lang='lat' dir='ltr'>Kal</span> <span class='ocrx_word' id='word_1_83' title='bbox 244 1247 278 1296; x_wconf 83' lang='grc' dir='ltr'><em>ό</em></span> <span class='ocrx_word' id='word_1_84' title='bbox 300 1243 497 1309; x_wconf 75' lang='grc' dir='ltr'>ἄρχων</span> <span class='ocrx_word' id='word_1_85' title='bbox 510 1243 618 1309; x_wconf 86' lang='grc' dir='ltr'>τῆς</span> <span class='ocrx_word' id='word_1_86' title='bbox 636 1245 974 1305; x_wconf 78' lang='grc' dir='ltr'>βασιλείας,</span> <span class='ocrx_word' id='word_1_87' title='bbox 994 1244 1143 1311; x_wconf 80' lang='grc' dir='ltr'>φησὶ,</span> <span class='ocrx_word' id='word_1_88' title='bbox 1162 1242 1405 1309; x_wconf 85' lang='grc' dir='ltr'>Περσῶν</span> <span class='ocrx_word' id='word_1_89' title='bbox 1418 1244 1675 1309; x_wconf 81' lang='grc' dir='ltr'>εἱστήκει</span> 
     </span>
    </p>
   </div>
   <div class='ocr_carea' id='block_1_12' title="bbox 112 1329 1676 1401">
    <p class='ocr_par' dir='ltr' id='par_1_12' title="bbox 112 1329 1676 1401">
     <span class='ocr_line' id='line_1_12' title="bbox 112 1329 1676 1401; baseline 0.001 -18"><span class='ocrx_word' id='word_1_90' title='bbox 112 1332 183 1395; x_wconf 74' lang='grc' dir='ltr'>ἐξ</span> <span class='ocrx_word' id='word_1_91' title='bbox 215 1332 492 1395; x_wconf 70' lang='grc' dir='ltr'>ἐναντίας</span> <span class='ocrx_word' id='word_1_92' title='bbox 510 1349 645 1398; x_wconf 86' lang='grc' dir='ltr'>μου.</span> <span class='ocrx_word' id='word_1_93' title='bbox 669 1329 811 1400; x_wconf 77' lang='grc' dir='ltr'>τΑρα</span> <span class='ocrx_word' id='word_1_94' title='bbox 842 1333 914 1400; x_wconf 81' lang='grc' dir='ltr'>μὴ</span> <span class='ocrx_word' id='word_1_95' title='bbox 939 1332 1029 1383; x_wconf 83' lang='grc' dir='ltr'>τὸν</span> <span class='ocrx_word' id='word_1_96' title='bbox 1054 1330 1159 1383; x_wconf 82' lang='grc' dir='ltr'>τῶν</span> <span class='ocrx_word' id='word_1_97' title='bbox 1179 1331 1474 1401; x_wconf 86' lang='grc' dir='ltr'>ἀνθρώπων</span> <span class='ocrx_word' id='word_1_98' title='bbox 1503 1333 1676 1400; x_wconf 87' lang='grc' dir='ltr'>λέγων</span> 
     </span>
    </p>
   </div>
   <div class='ocr_carea' id='block_1_13' title="bbox 114 1422 1675 1492">
    <p class='ocr_par' dir='ltr' id='par_1_13' title="bbox 114 1422 1675 1492">
     <span class='ocr_line' id='line_1_13' title="bbox 114 1422 1675 1492; baseline 0.002 -18"><span class='ocrx_word' id='word_1_99' title='bbox 114 1423 358 1490; x_wconf 78' lang='grc' dir='ltr'>ἄρχοντα</span> <span class='ocrx_word' id='word_1_100' title='bbox 379 1424 685 1491; x_wconf 83' lang='grc' dir='ltr'>;Οὑδαμῶς.</span> <span class='ocrx_word' id='word_1_101' title='bbox 710 1423 815 1474; x_wconf 88' lang='lat' dir='ltr'>Kal</span> <span class='ocrx_word' id='word_1_102' title='bbox 837 1422 942 1490; x_wconf 82' lang='grc' dir='ltr'>γὰρ</span> <span class='ocrx_word' id='word_1_103' title='bbox 963 1423 1192 1490; x_wconf 81' lang='grc' dir='ltr'>ἀλλαχοῦ</span> <span class='ocrx_word' id='word_1_104' title='bbox 1210 1422 1373 1489; x_wconf 86' lang='grc' dir='ltr'>λέγει·</span> <span class='ocrx_word' id='word_1_105' title='bbox 1406 1424 1465 1475; x_wconf 87' lang='lat'>&#39;0</span> <span class='ocrx_word' id='word_1_106' title='bbox 1479 1424 1675 1492; x_wconf 75' lang='grc' dir='ltr'>ἅρχων</span> 
     </span>
    </p>
   </div>
   <div class='ocr_carea' id='block_1_14' title="bbox 114 1507 1675 1579">
    <p class='ocr_par' dir='ltr' id='par_1_14' title="bbox 114 1507 1675 1579">
     <span class='ocr_line' id='line_1_14' title="bbox 114 1507 1675 1579; baseline 0.002 -16"><span class='ocrx_word' id='word_1_107' title='bbox 114 1512 236 1564; x_wconf 83' lang='grc' dir='ltr'>τῶν</span> <span class='ocrx_word' id='word_1_108' title='bbox 272 1512 573 1576; x_wconf 71' lang='grc' dir='ltr'>Ἑλλήνων</span> <span class='ocrx_word' id='word_1_109' title='bbox 600 1511 869 1577; x_wconf 80' lang='grc' dir='ltr'>ἐξῆλθεν.</span> <span class='ocrx_word' id='word_1_110' title='bbox 904 1512 1051 1579; x_wconf 76' lang='grc' dir='ltr'>Ἐμοὶ</span> <span class='ocrx_word' id='word_1_111' title='bbox 1078 1511 1223 1562; x_wconf 87' lang='grc' dir='ltr'>δοκεί</span> <span class='ocrx_word' id='word_1_112' title='bbox 1244 1507 1392 1574; x_wconf 74' lang='grc' dir='ltr'>οὗτος</span> <span class='ocrx_word' id='word_1_113' title='bbox 1413 1514 1511 1566; x_wconf 79' lang='grc' dir='ltr'>οὐκ</span> <span class='ocrx_word' id='word_1_114' title='bbox 1540 1511 1675 1566; x_wconf 70' lang='grc' dir='ltr'>εἶναι</span> 
     </span>
    </p>
   </div>
   <div class='ocr_carea' id='block_1_15' title="bbox 112 1597 1673 1665">
    <p class='ocr_par' dir='ltr' id='par_1_15' title="bbox 112 1597 1673 1665">
     <span class='ocr_line' id='line_1_15' title="bbox 112 1597 1673 1665; baseline 0.004 -18"><span class='ocrx_word' id='word_1_115' title='bbox 112 1597 225 1647; x_wconf 82' lang='grc' dir='ltr'>τῶν</span> <span class='ocrx_word' id='word_1_116' title='bbox 251 1598 543 1664; x_wconf 78' lang='grc' dir='ltr'>ἀρχόντων,</span> <span class='ocrx_word' id='word_1_117' title='bbox 573 1597 689 1647; x_wconf 82' lang='grc' dir='ltr'>οὺδέ</span> <span class='ocrx_word' id='word_1_118' title='bbox 722 1597 828 1648; x_wconf 83' lang='grc' dir='ltr'>τῶν</span> <span class='ocrx_word' id='word_1_119' title='bbox 868 1599 1304 1665; x_wconf 77' lang='grc' dir='ltr'>ἐπιτεταγμένων</span> <span class='ocrx_word' id='word_1_120' title='bbox 1337 1599 1506 1662; x_wconf 72' lang='grc' dir='ltr'>ἔθνος,</span> <span class='ocrx_word' id='word_1_121' title='bbox 1540 1602 1673 1654; x_wconf 86' lang='grc' dir='ltr'>ἀλλά</span> 
     </span>
    </p>
   </div>
   <div class='ocr_carea' id='block_1_16' title="bbox 112 1681 1673 1757">
    <p class='ocr_par' dir='ltr' id='par_1_16' title="bbox 112 1681 1673 1757">
     <span class='ocr_line' id='line_1_16' title="bbox 112 1681 1673 1757; baseline 0.004 -20"><span class='ocrx_word' id='word_1_122' title='bbox 112 1685 226 1737; x_wconf 83' lang='grc' dir='ltr'>τῶν</span> <span class='ocrx_word' id='word_1_123' title='bbox 265 1686 376 1737; x_wconf 83' lang='grc' dir='ltr'>ἄνω</span> <span class='ocrx_word' id='word_1_124' title='bbox 396 1685 689 1752; x_wconf 83' lang='grc' dir='ltr'>δυνάμεων.</span> <span class='ocrx_word' id='word_1_125' title='bbox 724 1681 853 1737; x_wconf 76' lang='grc' dir='ltr'>Εἶτα</span> <span class='ocrx_word' id='word_1_126' title='bbox 874 1685 1088 1737; x_wconf 79' lang='grc' dir='ltr'>ἐπειδὰν</span> <span class='ocrx_word' id='word_1_127' title='bbox 1109 1688 1209 1738; x_wconf 83' lang='grc' dir='ltr'>οὐκ</span> <span class='ocrx_word' id='word_1_128' title='bbox 1236 1687 1415 1756; x_wconf 75' lang='grc' dir='ltr'>ἴσχυον</span> <span class='ocrx_word' id='word_1_129' title='bbox 1439 1692 1486 1741; x_wconf 77' lang='grc' dir='ltr'>οἱ</span> <span class='ocrx_word' id='word_1_130' title='bbox 1509 1690 1673 1757; x_wconf 81' lang='grc' dir='ltr'>ἄγγε-</span> 
     </span>
    </p>
   </div>
   <div class='ocr_carea' id='block_1_17' title="bbox 112 1778 1673 1847">
    <p class='ocr_par' dir='ltr' id='par_1_17' title="bbox 112 1778 1673 1847">
     <span class='ocr_line' id='line_1_17' title="bbox 112 1778 1673 1847; baseline 0.003 -16"><span class='ocrx_word' id='word_1_131' title='bbox 112 1780 198 1831; x_wconf 84' lang='grc' dir='ltr'>λοι</span> <span class='ocrx_word' id='word_1_132' title='bbox 232 1780 379 1830; x_wconf 80' lang='grc' dir='ltr'>ἄλλοι</span> <span class='ocrx_word' id='word_1_133' title='bbox 430 1780 738 1846; x_wconf 83' lang='grc' dir='ltr'>ἀντιστῆναι</span> <span class='ocrx_word' id='word_1_134' title='bbox 769 1778 946 1846; x_wconf 79' lang='grc' dir='ltr'>αὐτῷ,</span> <span class='ocrx_word' id='word_1_135' title='bbox 981 1778 1151 1847; x_wconf 85' lang='grc' dir='ltr'>τούτῳ</span> <span class='ocrx_word' id='word_1_136' title='bbox 1182 1779 1416 1846; x_wconf 88' lang='grc' dir='ltr'>λέγεται.</span> <span class='ocrx_word' id='word_1_137' title='bbox 1456 1783 1673 1835; x_wconf 76' lang='grc' dir='ltr'>Ἀπελύ-</span> 
     </span>
    </p>
   </div>
   <div class='ocr_carea' id='block_1_18' title="bbox 114 1869 1675 1942">
    <p class='ocr_par' dir='ltr' id='par_1_18' title="bbox 114 1869 1675 1942">
     <span class='ocr_line' id='line_1_18' title="bbox 114 1869 1675 1942; baseline 0.004 -21"><span class='ocrx_word' id='word_1_138' title='bbox 114 1871 314 1939; x_wconf 85' lang='grc' dir='ltr'>θησαν,</span> <span class='ocrx_word' id='word_1_139' title='bbox 341 1870 498 1939; x_wconf 80' lang='grc' dir='ltr'>φησί’</span> <span class='ocrx_word' id='word_1_140' title='bbox 524 1871 574 1922; x_wconf 89' lang='grc' dir='ltr'>τί</span> <span class='ocrx_word' id='word_1_141' title='bbox 606 1870 765 1922; x_wconf 91' lang='grc' dir='ltr'>πάλιν</span> <span class='ocrx_word' id='word_1_142' title='bbox 798 1869 1004 1938; x_wconf 80' lang='grc' dir='ltr'>ζητεῖς;</span> <span class='ocrx_word' id='word_1_143' title='bbox 1039 1870 1147 1922; x_wconf 80' lang='grc' dir='ltr'>Καὶ</span> <span class='ocrx_word' id='word_1_144' title='bbox 1183 1871 1311 1925; x_wconf 72' lang='grc' dir='ltr'>ἰδοὺ</span> <span class='ocrx_word' id='word_1_145' title='bbox 1338 1874 1575 1942; x_wconf 75' lang='grc' dir='ltr'>Μιχαὴλ</span> <span class='ocrx_word' id='word_1_146' title='bbox 1591 1872 1675 1941; x_wconf 78' lang='grc' dir='ltr'>εἷς</span> 
     </span>
    </p>
   </div>
   <div class='ocr_carea' id='block_1_19' title="bbox 112 1960 1669 2035">
    <p class='ocr_par' dir='ltr' id='par_1_19' title="bbox 112 1960 1669 2035">
     <span class='ocr_line' id='line_1_19' title="bbox 112 1960 1669 2035; baseline 0.004 -20"><span class='ocrx_word' id='word_1_147' title='bbox 112 1963 237 2015; x_wconf 84' lang='grc' dir='ltr'>τῶν</span> <span class='ocrx_word' id='word_1_148' title='bbox 258 1964 562 2030; x_wconf 75' lang='grc' dir='ltr'>ἀρχόντων</span> <span class='ocrx_word' id='word_1_149' title='bbox 603 1961 714 2013; x_wconf 82' lang='grc' dir='ltr'>τῶν</span> <span class='ocrx_word' id='word_1_150' title='bbox 740 1961 984 2030; x_wconf 88' lang='grc' dir='ltr'>πρώτων</span> <span class='ocrx_word' id='word_1_151' title='bbox 1019 1960 1165 2033; x_wconf 77' lang='grc' dir='ltr'>ἦλθε</span> <span class='ocrx_word' id='word_1_152' title='bbox 1194 1965 1502 2033; x_wconf 81' lang='grc' dir='ltr'>,βοηθῆσαί</span> <span class='ocrx_word' id='word_1_153' title='bbox 1524 1986 1625 2035; x_wconf 79' lang='grc' dir='ltr'>μοι</span> <span class='ocrx_word' id='word_1_154' title='bbox 1660 1986 1669 1999; x_wconf 91' lang='grc'><strong>·</strong></span> 
     </span>
    </p>
   </div>
   <div class='ocr_carea' id='block_1_20' title="bbox 114 2054 1673 2126">
    <p class='ocr_par' dir='ltr' id='par_1_20' title="bbox 114 2054 1673 2126">
     <span class='ocr_line' id='line_1_20' title="bbox 114 2054 1673 2126; baseline 0.001 -17"><span class='ocrx_word' id='word_1_155' title='bbox 114 2059 214 2109; x_wconf 75' lang='grc' dir='ltr'>καὶ</span> <span class='ocrx_word' id='word_1_156' title='bbox 240 2058 424 2108; x_wconf 83' lang='grc' dir='ltr'>αὐτὸν</span> <span class='ocrx_word' id='word_1_157' title='bbox 440 2054 758 2107; x_wconf 77' lang='grc' dir='ltr'>κατέλιπον</span> <span class='ocrx_word' id='word_1_158' title='bbox 787 2054 913 2107; x_wconf 87' lang='grc' dir='ltr'>ἐκεῖ</span> <span class='ocrx_word' id='word_1_159' title='bbox 932 2057 1081 2123; x_wconf 82' lang='grc' dir='ltr'>μετὰ</span> <span class='ocrx_word' id='word_1_160' title='bbox 1110 2060 1215 2111; x_wconf 90' lang='grc' dir='ltr'>τοῦ</span> <span class='ocrx_word' id='word_1_161' title='bbox 1249 2059 1534 2126; x_wconf 76' lang='grc' dir='ltr'>ἄρχοντος</span> <span class='ocrx_word' id='word_1_162' title='bbox 1558 2061 1673 2123; x_wconf 80' lang='grc' dir='ltr'>βα-</span> 
     </span>
    </p>
   </div>
   <div class='ocr_carea' id='block_1_21' title="bbox 114 2146 1675 2219">
    <p class='ocr_par' dir='ltr' id='par_1_21' title="bbox 114 2146 1675 2219">
     <span class='ocr_line' id='line_1_21' title="bbox 114 2146 1675 2219; baseline 0.003 -17"><span class='ocrx_word' id='word_1_163' title='bbox 114 2152 336 2215; x_wconf 78' lang='grc' dir='ltr'>σιλέως</span> <span class='ocrx_word' id='word_1_164' title='bbox 385 2150 647 2217; x_wconf 86' lang='grc' dir='ltr'>Περσῶν.</span> <span class='ocrx_word' id='word_1_165' title='bbox 698 2151 803 2203; x_wconf 89' lang='lat' dir='ltr'>Kal</span> <span class='ocrx_word' id='word_1_166' title='bbox 852 2146 1042 2219; x_wconf 72' lang='grc' dir='ltr'>ἦλθον</span> <span class='ocrx_word' id='word_1_167' title='bbox 1079 2153 1391 2204; x_wconf 84' lang='grc' dir='ltr'>συνετίσαι</span> <span class='ocrx_word' id='word_1_168' title='bbox 1441 2169 1513 2205; x_wconf 91' lang='grc' dir='ltr'>σε</span> <span class='ocrx_word' id='word_1_169' title='bbox 1560 2153 1675 2206; x_wconf 85' lang='grc' dir='ltr'>ὅσα</span> 
     </span>
    </p>
   </div>
   <div class='ocr_carea' id='block_1_22' title="bbox 111 2242 1673 2316">
    <p class='ocr_par' dir='ltr' id='par_1_22' title="bbox 111 2242 1673 2316">
     <span class='ocr_line' id='line_1_22' title="bbox 111 2242 1673 2316; baseline -0.002 -17"><span class='ocrx_word' id='word_1_170' title='bbox 111 2245 522 2311; x_wconf 76' lang='grc' dir='ltr'>ἀπαντήσεται</span> <span class='ocrx_word' id='word_1_171' title='bbox 542 2244 619 2307; x_wconf 83' lang='grc' dir='ltr'>τῷ</span> <span class='ocrx_word' id='word_1_172' title='bbox 650 2242 776 2307; x_wconf 74' lang='grc' dir='ltr'>λαῷ</span> <span class='ocrx_word' id='word_1_173' title='bbox 812 2259 926 2296; x_wconf 90' lang='grc' dir='ltr'>σου</span> <span class='ocrx_word' id='word_1_174' title='bbox 970 2244 1061 2295; x_wconf 83' lang='grc' dir='ltr'>ἐπ’</span> <span class='ocrx_word' id='word_1_175' title='bbox 1094 2244 1366 2312; x_wconf 80' lang='grc' dir='ltr'>ἐσχάτων</span> <span class='ocrx_word' id='word_1_176' title='bbox 1384 2245 1501 2298; x_wconf 86' lang='grc' dir='ltr'>τῶν</span> <span class='ocrx_word' id='word_1_177' title='bbox 1528 2248 1673 2316; x_wconf 75' lang='grc' dir='ltr'>ἠμε-</span> 
     </span>
    </p>
   </div>
   <div class='ocr_carea' id='block_1_23' title="bbox 106 2336 1674 2407">
    <p class='ocr_par' dir='ltr' id='par_1_23' title="bbox 106 2336 1674 2407">
     <span class='ocr_line' id='line_1_23' title="bbox 106 2336 1674 2407; baseline 0.003 -16"><span class='ocrx_word' id='word_1_178' title='bbox 106 2339 255 2407; x_wconf 83' lang='grc' dir='ltr'>ρῶν,</span> <span class='ocrx_word' id='word_1_179' title='bbox 290 2338 377 2389; x_wconf 86' lang='grc' dir='ltr'>ὅτι</span> <span class='ocrx_word' id='word_1_180' title='bbox 420 2336 547 2389; x_wconf 73' lang='grc' dir='ltr'>ἰδοὺ</span> <span class='ocrx_word' id='word_1_181' title='bbox 581 2338 619 2403; x_wconf 80' lang='grc' dir='ltr'><strong><em>ἠ</em></strong></span> <span class='ocrx_word' id='word_1_182' title='bbox 670 2337 875 2403; x_wconf 82' lang='grc' dir='ltr'>ὅρασις</span> <span class='ocrx_word' id='word_1_183' title='bbox 903 2339 987 2401; x_wconf 78' lang='grc' dir='ltr'>εὶς</span> <span class='ocrx_word' id='word_1_184' title='bbox 1018 2338 1258 2405; x_wconf 75' lang='grc' dir='ltr'>ἡμέρας.</span> <span class='ocrx_word' id='word_1_185' title='bbox 1312 2340 1465 2401; x_wconf 86' lang='grc' dir='ltr'>Τίνος</span> <span class='ocrx_word' id='word_1_186' title='bbox 1492 2340 1674 2396; x_wconf 73' lang='grc' dir='ltr'>ἕνεκεν</span> 
     </span>
    </p>
   </div>
   <div class='ocr_carea' id='block_1_24' title="bbox 112 2426 1674 2503">
    <p class='ocr_par' dir='ltr' id='par_1_24' title="bbox 112 2426 1674 2503">
     <span class='ocr_line' id='line_1_24' title="bbox 112 2426 1674 2503; baseline 0.002 -19"><span class='ocrx_word' id='word_1_187' title='bbox 112 2432 223 2502; x_wconf 86' lang='grc' dir='ltr'>πρὸ</span> <span class='ocrx_word' id='word_1_188' title='bbox 250 2433 357 2484; x_wconf 82' lang='grc' dir='ltr'>τῶν</span> <span class='ocrx_word' id='word_1_189' title='bbox 392 2431 558 2483; x_wconf 85' lang='grc' dir='ltr'>είκοσι</span> <span class='ocrx_word' id='word_1_190' title='bbox 589 2430 805 2499; x_wconf 77' lang='grc' dir='ltr'>ἡμερῶν</span> <span class='ocrx_word' id='word_1_191' title='bbox 841 2432 939 2482; x_wconf 82' lang='grc' dir='ltr'>οὐκ</span> <span class='ocrx_word' id='word_1_192' title='bbox 968 2426 1127 2500; x_wconf 83' lang='grc' dir='ltr'>ἦλθεν</span> <span class='ocrx_word' id='word_1_193' title='bbox 1157 2431 1186 2482; x_wconf 84' lang='grc' dir='ltr'>ὁ</span> <span class='ocrx_word' id='word_1_194' title='bbox 1216 2432 1466 2501; x_wconf 74' lang='grc' dir='ltr'>Μιχαήλς</span> <span class='ocrx_word' id='word_1_195' title='bbox 1516 2433 1674 2503; x_wconf 58' lang='grc' dir='ltr'>Ἐμοὶ⁸</span> 
     </span>
    </p>
   </div>
   <div class='ocr_carea' id='block_1_25' title="bbox 112 2523 1672 2595">
    <p class='ocr_par' dir='ltr' id='par_1_25' title="bbox 112 2523 1672 2595">
     <span class='ocr_line' id='line_1_25' title="bbox 112 2523 1672 2595; baseline 0.001 -17"><span class='ocrx_word' id='word_1_196' title='bbox 112 2527 279 2588; x_wconf 87' lang='grc' dir='ltr'>δοκεῖ,</span> <span class='ocrx_word' id='word_1_197' title='bbox 311 2525 477 2588; x_wconf 79' lang='grc' dir='ltr'>δεῖξαι</span> <span class='ocrx_word' id='word_1_198' title='bbox 511 2524 752 2592; x_wconf 81' lang='grc' dir='ltr'>βούλεται</span> <span class='ocrx_word' id='word_1_199' title='bbox 784 2523 859 2592; x_wconf 83' lang='grc' dir='ltr'>τῷ</span> <span class='ocrx_word' id='word_1_200' title='bbox 890 2525 1161 2593; x_wconf 76' lang='grc' dir='ltr'>προφήτῃ,</span> <span class='ocrx_word' id='word_1_201' title='bbox 1198 2524 1277 2575; x_wconf 82' lang='grc' dir='ltr'>ὅτι</span> <span class='ocrx_word' id='word_1_202' title='bbox 1325 2526 1672 2595; x_wconf 81' lang='grc' dir='ltr'>κεκωλυμένα</span> 
     </span>
    </p>
   </div>
   <div class='ocr_carea' id='block_1_26' title="bbox 113 2619 1669 2689">
    <p class='ocr_par' dir='ltr' id='par_1_26' title="bbox 113 2619 1669 2689">
     <span class='ocr_line' id='line_1_26' title="bbox 113 2619 1669 2689; baseline 0 -17"><span class='ocrx_word' id='word_1_203' title='bbox 113 2621 417 2689; x_wconf 88' lang='grc' dir='ltr'>πράγματα</span> <span class='ocrx_word' id='word_1_204' title='bbox 447 2620 585 2671; x_wconf 75' lang='grc' dir='ltr'>αἰτεῖ</span> <span class='ocrx_word' id='word_1_205' title='bbox 614 2620 703 2669; x_wconf 79' lang='grc' dir='ltr'>καὶ</span> <span class='ocrx_word' id='word_1_206' title='bbox 726 2619 1009 2687; x_wconf 88' lang='grc' dir='ltr'>παράνομα</span> <span class='ocrx_word' id='word_1_207' title='bbox 1042 2620 1134 2669; x_wconf 71' lang='grc' dir='ltr'>καὶ</span> <span class='ocrx_word' id='word_1_208' title='bbox 1159 2621 1669 2689; x_wconf 80' lang='grc' dir='ltr'>κατηναγκασμένα,</span> 
     </span>
    </p>
   </div>
   <div class='ocr_carea' id='block_1_27' title="bbox 116 2709 1672 2782">
    <p class='ocr_par' dir='ltr' id='par_1_27' title="bbox 116 2709 1672 2782">
     <span class='ocr_line' id='line_1_27' title="bbox 116 2709 1672 2782; baseline 0.001 -17"><span class='ocrx_word' id='word_1_209' title='bbox 116 2714 395 2782; x_wconf 77' lang='grc' dir='ltr'>μονονουχὶ</span> <span class='ocrx_word' id='word_1_210' title='bbox 425 2712 518 2763; x_wconf 77' lang='grc' dir='ltr'>καὶ</span> <span class='ocrx_word' id='word_1_211' title='bbox 547 2713 655 2771; x_wconf 90' lang='grc' dir='ltr'>τοῖς</span> <span class='ocrx_word' id='word_1_212' title='bbox 699 2709 946 2775; x_wconf 83' lang='grc' dir='ltr'>ἀγγέλοις</span> <span class='ocrx_word' id='word_1_213' title='bbox 1002 2710 1121 2777; x_wconf 86' lang='grc' dir='ltr'>βίαν</span> <span class='ocrx_word' id='word_1_214' title='bbox 1173 2710 1360 2764; x_wconf 83' lang='grc' dir='ltr'>ποιῶν.</span> <span class='ocrx_word' id='word_1_215' title='bbox 1388 2712 1486 2764; x_wconf 87' lang='grc' dir='ltr'>Διά</span> <span class='ocrx_word' id='word_1_216' title='bbox 1516 2712 1672 2767; x_wconf 79' lang='grc' dir='ltr'>τοῦτο</span> 
     </span>
    </p>
   </div>
   <div class='ocr_carea' id='block_1_28' title="bbox 112 2801 1667 2876">
    <p class='ocr_par' dir='ltr' id='par_1_28' title="bbox 112 2801 1667 2876">
     <span class='ocr_line' id='line_1_28' title="bbox 112 2801 1667 2876; baseline -0.001 -18"><span class='ocrx_word' id='word_1_217' title='bbox 112 2806 237 2859; x_wconf 81' lang='grc' dir='ltr'>οὐδὲ</span> <span class='ocrx_word' id='word_1_218' title='bbox 269 2804 484 2873; x_wconf 80' lang='grc' dir='ltr'>Μιχαὴλ</span> <span class='ocrx_word' id='word_1_219' title='bbox 521 2803 721 2863; x_wconf 84' lang='grc' dir='ltr'>εὐθέως</span> <span class='ocrx_word' id='word_1_220' title='bbox 754 2805 809 2853; x_wconf 89' lang='grc' dir='ltr'>ἐν</span> <span class='ocrx_word' id='word_1_221' title='bbox 840 2803 977 2871; x_wconf 79' lang='grc' dir='ltr'>ἀρχῇ</span> <span class='ocrx_word' id='word_1_222' title='bbox 1018 2801 1219 2869; x_wconf 88' lang='grc' dir='ltr'>βοηθεῖ,</span> <span class='ocrx_word' id='word_1_223' title='bbox 1268 2802 1381 2855; x_wconf 77' lang='grc' dir='ltr'>ἀλλ’</span> <span class='ocrx_word' id='word_1_224' title='bbox 1422 2803 1667 2876; x_wconf 78' lang='grc' dir='ltr'>ὕστερον,</span> 
     </span>
    </p>
   </div>
   <div class='ocr_carea' id='block_1_29' title="bbox 116 2889 1670 2966">
    <p class='ocr_par' dir='ltr' id='par_1_29' title="bbox 116 2889 1670 2966">
     <span class='ocr_line' id='line_1_29' title="bbox 116 2889 1670 2966; baseline -0.001 -15"><span class='ocrx_word' id='word_1_225' title='bbox 116 2900 205 2951; x_wconf 84' lang='grc' dir='ltr'>ἵνα</span> <span class='ocrx_word' id='word_1_226' title='bbox 246 2897 485 2966; x_wconf 81' lang='grc' dir='ltr'>μάθωσιν</span> <span class='ocrx_word' id='word_1_227' title='bbox 522 2896 732 2949; x_wconf 84' lang='grc' dir='ltr'>ὅτιούκ</span> <span class='ocrx_word' id='word_1_228' title='bbox 778 2889 916 2962; x_wconf 81' lang='grc' dir='ltr'>ἦσαν</span> <span class='ocrx_word' id='word_1_229' title='bbox 951 2894 1088 2958; x_wconf 80' lang='grc' dir='ltr'>ἄξιοι</span> <span class='ocrx_word' id='word_1_230' title='bbox 1138 2894 1376 2948; x_wconf 77' lang='grc' dir='ltr'>ἀνελθεῖν</span> <span class='ocrx_word' id='word_1_231' title='bbox 1429 2896 1478 2948; x_wconf 79' lang='grc' dir='ltr'>οἱ</span> <span class='ocrx_word' id='word_1_232' title='bbox 1536 2898 1670 2965; x_wconf 84' lang='grc' dir='ltr'>μετὰ</span> 
     </span>
    </p>
   </div>
   <div class='ocr_carea' id='block_1_30' title="bbox 114 2988 1671 3058">
    <p class='ocr_par' dir='ltr' id='par_1_30' title="bbox 114 2988 1671 3058">
     <span class='ocr_line' id='line_1_30' title="bbox 114 2988 1671 3058; baseline 0 -14"><span class='ocrx_word' id='word_1_233' title='bbox 114 2991 308 3045; x_wconf 89' lang='grc' dir='ltr'>ταῦτα.</span> <span class='ocrx_word' id='word_1_234' title='bbox 348 2990 675 3043; x_wconf 83' lang='grc' dir='ltr'>’Δδικοῦνται</span> <span class='ocrx_word' id='word_1_235' title='bbox 704 2990 751 3040; x_wconf 86' lang='grc' dir='ltr'>οί</span> <span class='ocrx_word' id='word_1_236' title='bbox 788 2988 1026 3056; x_wconf 74' lang='grc' dir='ltr'>ἄγγελοι.</span> <span class='ocrx_word' id='word_1_237' title='bbox 1069 2990 1176 3042; x_wconf 89' lang='lat' dir='ltr'>Kal</span> <span class='ocrx_word' id='word_1_238' title='bbox 1212 2989 1401 3041; x_wconf 79' lang='grc' dir='ltr'>αὑτὸν</span> <span class='ocrx_word' id='word_1_239' title='bbox 1429 2990 1671 3058; x_wconf 73' lang='grc' dir='ltr'>ἀφῆκαν</span> 
     </span>
    </p>
   </div>
   <div class='ocr_carea' id='block_1_31' title="bbox 113 3082 1669 3154">
    <p class='ocr_par' dir='ltr' id='par_1_31' title="bbox 113 3082 1669 3154">
     <span class='ocr_line' id='line_1_31' title="bbox 113 3082 1669 3154; baseline -0.003 -14"><span class='ocrx_word' id='word_1_240' title='bbox 113 3084 258 3150; x_wconf 75' lang='grc' dir='ltr'>ἐκεῖ,</span> <span class='ocrx_word' id='word_1_241' title='bbox 288 3085 426 3137; x_wconf 84' lang='grc' dir='ltr'>ὥστε</span> <span class='ocrx_word' id='word_1_242' title='bbox 469 3084 500 3154; x_wconf 86' lang='grc' dir='ltr'>ἢ</span> <span class='ocrx_word' id='word_1_243' title='bbox 549 3086 752 3145; x_wconf 89' lang='grc' dir='ltr'>πεῖσαι,</span> <span class='ocrx_word' id='word_1_244' title='bbox 793 3082 825 3150; x_wconf 88' lang='grc' dir='ltr'>ἢ</span> <span class='ocrx_word' id='word_1_245' title='bbox 878 3082 1135 3135; x_wconf 90' lang='grc' dir='ltr'>κωλῦσαι.</span> <span class='ocrx_word' id='word_1_246' title='bbox 1179 3084 1288 3135; x_wconf 82' lang='grc' dir='ltr'>Καὶ</span> <span class='ocrx_word' id='word_1_247' title='bbox 1322 3084 1405 3145; x_wconf 90' lang='grc' dir='ltr'>τίς</span> <span class='ocrx_word' id='word_1_248' title='bbox 1444 3083 1669 3151; x_wconf 79' lang='grc' dir='ltr'>ἄγγελος</span> 
     </span>
    </p>
   </div>
   <div class='ocr_carea' id='block_1_32' title="bbox 115 3174 1667 3248">
    <p class='ocr_par' dir='ltr' id='par_1_32' title="bbox 115 3174 1667 3248">
     <span class='ocr_line' id='line_1_32' title="bbox 115 3174 1667 3248; baseline 0.001 -19"><span class='ocrx_word' id='word_1_249' title='bbox 115 3178 383 3238; x_wconf 85' lang='grc' dir='ltr'>τοιοῦτος,</span> <span class='ocrx_word' id='word_1_250' title='bbox 426 3177 499 3237; x_wconf 84' lang='grc' dir='ltr'>ὡς</span> <span class='ocrx_word' id='word_1_251' title='bbox 544 3175 779 3238; x_wconf 85' lang='grc' dir='ltr'>ἀκούσας</span> <span class='ocrx_word' id='word_1_252' title='bbox 810 3174 903 3226; x_wconf 91' lang='grc' dir='ltr'>τοῦ</span> <span class='ocrx_word' id='word_1_253' title='bbox 954 3175 1088 3228; x_wconf 88' lang='grc' dir='ltr'>Θεοῦ</span> <span class='ocrx_word' id='word_1_254' title='bbox 1134 3176 1310 3241; x_wconf 87' lang='grc' dir='ltr'>δόντος</span> <span class='ocrx_word' id='word_1_255' title='bbox 1355 3179 1451 3247; x_wconf 85' lang='grc' dir='ltr'>τὴν</span> <span class='ocrx_word' id='word_1_256' title='bbox 1480 3179 1667 3248; x_wconf 83' lang='grc' dir='ltr'>χάριν,</span> 
     </span>
    </p>
   </div>
   <div class='ocr_carea' id='block_1_33' title="bbox 116 3264 1668 3341">
    <p class='ocr_par' dir='ltr' id='par_1_33' title="bbox 116 3264 1668 3341">
     <span class='ocr_line' id='line_1_33' title="bbox 116 3264 1668 3341; baseline 0 -17"><span class='ocrx_word' id='word_1_257' title='bbox 116 3270 460 3337; x_wconf 81' lang='grc' dir='ltr'>ἀντιστῆναι;</span> <span class='ocrx_word' id='word_1_258' title='bbox 508 3269 908 3337; x_wconf 90' lang='grc' dir='ltr'>Σωματοποιεῖ,</span> <span class='ocrx_word' id='word_1_259' title='bbox 944 3269 1018 3331; x_wconf 86' lang='grc' dir='ltr'>ὼς</span> <span class='ocrx_word' id='word_1_260' title='bbox 1066 3264 1237 3338; x_wconf 75' lang='grc' dir='ltr'>οἶμαι,</span> <span class='ocrx_word' id='word_1_261' title='bbox 1294 3270 1352 3322; x_wconf 86' lang='grc' dir='ltr'>τὸ</span> <span class='ocrx_word' id='word_1_262' title='bbox 1404 3274 1668 3341; x_wconf 68' lang='grc' dir='ltr'>πρᾶγμα,</span> 
     </span>
    </p>
   </div>
   <div class='ocr_carea' id='block_1_34' title="bbox 118 3361 1670 3434">
    <p class='ocr_par' dir='ltr' id='par_1_34' title="bbox 118 3361 1670 3434">
     <span class='ocr_line' id='line_1_34' title="bbox 118 3361 1670 3434; baseline 0.001 -17"><span class='ocrx_word' id='word_1_263' title='bbox 118 3364 305 3433; x_wconf 82' lang='grc' dir='ltr'>ὥσπερ</span> <span class='ocrx_word' id='word_1_264' title='bbox 334 3365 447 3415; x_wconf 88' lang='grc' dir='ltr'>ἐκεῖ</span> <span class='ocrx_word' id='word_1_265' title='bbox 475 3363 539 3434; x_wconf 71' lang='grc' dir='ltr'>[Ῐ.</span> <span class='ocrx_word' id='word_1_266' title='bbox 582 3361 726 3431; x_wconf 76' lang='grc' dir='ltr'>ἐπεὶ]</span> <span class='ocrx_word' id='word_1_267' title='bbox 774 3361 956 3428; x_wconf 75' lang='grc' dir='ltr'>ἐλεγεο</span> <span class='ocrx_word' id='word_1_268' title='bbox 992 3363 1085 3427; x_wconf 83' lang='grc' dir='ltr'>Τίς</span> <span class='ocrx_word' id='word_1_269' title='bbox 1125 3363 1536 3429; x_wconf 76' lang='grc' dir='ltr'>ἐξελεύσεται,</span> <span class='ocrx_word' id='word_1_270' title='bbox 1573 3366 1670 3419; x_wconf 79' lang='grc' dir='ltr'>καὶ</span> 
     </span>
    </p>
   </div>
   <div class='ocr_carea' id='block_1_35' title="bbox 126 3455 1667 3529">
    <p class='ocr_par' dir='ltr' id='par_1_35' title="bbox 126 3455 1667 3529">
     <span class='ocr_line' id='line_1_35' title="bbox 126 3455 1667 3529; baseline 0 -17"><span class='ocrx_word' id='word_1_271' title='bbox 126 3461 421 3523; x_wconf 81' lang='grc' dir='ltr'>ἀπατήσει</span> <span class='ocrx_word' id='word_1_272' title='bbox 442 3475 541 3526; x_wconf 83' lang='grc' dir='ltr'>μοι</span> <span class='ocrx_word' id='word_1_273' title='bbox 571 3457 676 3509; x_wconf 80' lang='grc' dir='ltr'>τὸν</span> <span class='ocrx_word' id='word_1_274' title='bbox 725 3455 935 3523; x_wconf 82' lang='grc' dir='ltr'>Ἀχαάϐ</span> <span class='ocrx_word' id='word_1_275' title='bbox 953 3472 970 3519; x_wconf 88' lang='grc'><em>;</em></span> <span class='ocrx_word' id='word_1_276' title='bbox 996 3456 1102 3507; x_wconf 92' lang='lat' dir='ltr'>Kal</span> <span class='ocrx_word' id='word_1_277' title='bbox 1134 3457 1291 3511; x_wconf 87' lang='grc' dir='ltr'>πάλιν</span> <span class='ocrx_word' id='word_1_278' title='bbox 1318 3472 1331 3487; x_wconf 87' lang='grc'><strong>·</strong></span> <span class='ocrx_word' id='word_1_279' title='bbox 1369 3460 1549 3529; x_wconf 72' lang='grc' dir='ltr'>’Δςοες</span> <span class='ocrx_word' id='word_1_280' title='bbox 1570 3476 1667 3527; x_wconf 79' lang='grc' dir='ltr'>με,</span> 
     </span>
    </p>
   </div>
   <div class='ocr_carea' id='block_1_36' title="bbox 118 3551 1669 3619">
    <p class='ocr_par' dir='ltr' id='par_1_36' title="bbox 118 3551 1669 3619">
     <span class='ocr_line' id='line_1_36' title="bbox 118 3551 1669 3619; baseline 0 -13"><span class='ocrx_word' id='word_1_281' title='bbox 118 3553 217 3606; x_wconf 77' lang='grc' dir='ltr'>καὶ</span> <span class='ocrx_word' id='word_1_282' title='bbox 253 3552 548 3619; x_wconf 74' lang='grc' dir='ltr'>ἐξαλείψω</span> <span class='ocrx_word' id='word_1_283' title='bbox 591 3552 829 3615; x_wconf 84' lang='grc' dir='ltr'>αὺτούς.</span> <span class='ocrx_word' id='word_1_284' title='bbox 885 3551 959 3603; x_wconf 84' lang='grc' dir='ltr'>Οὐ</span> <span class='ocrx_word' id='word_1_285' title='bbox 1010 3551 1276 3605; x_wconf 81' lang='grc' dir='ltr'>κωλύεται</span> <span class='ocrx_word' id='word_1_286' title='bbox 1305 3554 1333 3606; x_wconf 87' lang='grc' dir='ltr'><strong>ὁ</strong></span> <span class='ocrx_word' id='word_1_287' title='bbox 1361 3552 1520 3617; x_wconf 89' lang='grc' dir='ltr'>Θεὸς,</span> <span class='ocrx_word' id='word_1_288' title='bbox 1552 3554 1669 3606; x_wconf 82' lang='grc' dir='ltr'>οὑδέ</span> 
     </span>
    </p>
   </div>
   <div class='ocr_carea' id='block_1_37' title="bbox 119 3643 1665 3716">
    <p class='ocr_par' dir='ltr' id='par_1_37' title="bbox 119 3643 1665 3716">
     <span class='ocr_line' id='line_1_37' title="bbox 119 3643 1665 3716; baseline 0 -18"><span class='ocrx_word' id='word_1_289' title='bbox 119 3647 361 3715; x_wconf 88' lang='grc' dir='ltr'>ἀνάγκην</span> <span class='ocrx_word' id='word_1_290' title='bbox 408 3646 638 3713; x_wconf 87' lang='grc' dir='ltr'>πάσχει,</span> <span class='ocrx_word' id='word_1_291' title='bbox 680 3644 1036 3712; x_wconf 76' lang='grc' dir='ltr'>κατεχόμενος</span> <span class='ocrx_word' id='word_1_292' title='bbox 1080 3644 1182 3696; x_wconf 86' lang='grc' dir='ltr'>ὑπὸ</span> <span class='ocrx_word' id='word_1_293' title='bbox 1227 3643 1319 3697; x_wconf 88' lang='grc' dir='ltr'>τοῦ</span> <span class='ocrx_word' id='word_1_294' title='bbox 1367 3650 1665 3716; x_wconf 73' lang='grc' dir='ltr'>προφήτου.</span> 
     </span>
    </p>
   </div>
   <div class='ocr_carea' id='block_1_38' title="bbox 120 3738 1663 3810">
    <p class='ocr_par' dir='ltr' id='par_1_38' title="bbox 120 3738 1663 3810">
     <span class='ocr_line' id='line_1_38' title="bbox 120 3738 1663 3810; baseline -0.003 -15"><span class='ocrx_word' id='word_1_295' title='bbox 120 3742 275 3795; x_wconf 77' lang='grc' dir='ltr'>Οὕτω</span> <span class='ocrx_word' id='word_1_296' title='bbox 322 3740 386 3810; x_wconf 85' lang='grc' dir='ltr'>δὴ</span> <span class='ocrx_word' id='word_1_297' title='bbox 437 3740 529 3793; x_wconf 84' lang='grc' dir='ltr'>καὶ</span> <span class='ocrx_word' id='word_1_298' title='bbox 563 3738 813 3791; x_wconf 88' lang='grc' dir='ltr'>ἐνταῦθα.</span> <span class='ocrx_word' id='word_1_299' title='bbox 862 3740 970 3789; x_wconf 88' lang='lat' dir='ltr'>Kal</span> <span class='ocrx_word' id='word_1_300' title='bbox 1018 3738 1173 3791; x_wconf 90' lang='grc' dir='ltr'>πάλιν</span> <span class='ocrx_word' id='word_1_301' title='bbox 1214 3739 1445 3807; x_wconf 79' lang='grc' dir='ltr'>ἀλλαχοῦ</span> <span class='ocrx_word' id='word_1_302' title='bbox 1490 3757 1663 3809; x_wconf 81' lang='grc' dir='ltr'>φησι·</span> 
     </span>
    </p>
   </div>
   <div class='ocr_carea' id='block_1_39' title="bbox 122 3829 1669 3903">
    <p class='ocr_par' dir='ltr' id='par_1_39' title="bbox 122 3829 1669 3903">
     <span class='ocr_line' id='line_1_39' title="bbox 122 3829 1669 3903; baseline -0.002 -14"><span class='ocrx_word' id='word_1_303' title='bbox 122 3837 302 3903; x_wconf 61' lang='lat' dir='ltr'>&quot;Agnae</span> <span class='ocrx_word' id='word_1_304' title='bbox 317 3850 413 3902; x_wconf 85' lang='grc' dir='ltr'>με,</span> <span class='ocrx_word' id='word_1_305' title='bbox 451 3834 538 3885; x_wconf 85' lang='grc' dir='ltr'>ὅτι</span> <span class='ocrx_word' id='word_1_306' title='bbox 560 3833 739 3900; x_wconf 80' lang='grc' dir='ltr'>ἀνέϐη</span> <span class='ocrx_word' id='word_1_307' title='bbox 766 3836 797 3885; x_wconf 87' lang='grc' dir='ltr'>ό</span> <span class='ocrx_word' id='word_1_308' title='bbox 823 3832 1046 3899; x_wconf 79' lang='grc' dir='ltr'>ὄρθρος.</span> <span class='ocrx_word' id='word_1_309' title='bbox 1076 3829 1229 3901; x_wconf 68' lang='grc'>[252]</span> <span class='ocrx_word' id='word_1_310' title='bbox 1252 3833 1362 3884; x_wconf 85' lang='lat' dir='ltr'>Kal</span> <span class='ocrx_word' id='word_1_311' title='bbox 1392 3832 1550 3885; x_wconf 87' lang='grc' dir='ltr'>πάλιν</span> <span class='ocrx_word' id='word_1_312' title='bbox 1577 3834 1669 3886; x_wconf 73' lang='grc' dir='ltr'>ἐπὶ</span> 
     </span>
    </p>
   </div>
   <div class='ocr_carea' id='block_1_40' title="bbox 118 3924 1667 3997">
    <p class='ocr_par' dir='ltr' id='par_1_40' title="bbox 118 3924 1667 3997">
     <span class='ocr_line' id='line_1_40' title="bbox 118 3924 1667 3997; baseline -0.003 -13"><span class='ocrx_word' id='word_1_313' title='bbox 118 3931 210 3983; x_wconf 91' lang='grc' dir='ltr'>τοῦ</span> <span class='ocrx_word' id='word_1_314' title='bbox 247 3929 472 3995; x_wconf 80' lang='grc' dir='ltr'>ἀγγέλου</span> <span class='ocrx_word' id='word_1_315' title='bbox 517 3929 609 3980; x_wconf 75' lang='grc' dir='ltr'>καὶ</span> <span class='ocrx_word' id='word_1_316' title='bbox 641 3927 735 3997; x_wconf 81' lang='grc' dir='ltr'>τῆς</span> <span class='ocrx_word' id='word_1_317' title='bbox 776 3926 925 3978; x_wconf 76' lang='grc' dir='ltr'>ὄνου·</span> <span class='ocrx_word' id='word_1_318' title='bbox 973 3928 1041 3978; x_wconf 85' lang='lat' dir='ltr'><strong><em>El</em></strong></span> <span class='ocrx_word' id='word_1_319' title='bbox 1076 3924 1161 3993; x_wconf 82' lang='grc' dir='ltr'>μὴ</span> <span class='ocrx_word' id='word_1_320' title='bbox 1199 3927 1520 3993; x_wconf 82' lang='grc' dir='ltr'>πρόσωπόν</span> <span class='ocrx_word' id='word_1_321' title='bbox 1553 3942 1667 3981; x_wconf 88' lang='grc' dir='ltr'>σου</span> 
     </span>
    </p>
   </div>
   <div class='ocr_carea' id='block_1_41' title="bbox 118 4018 1668 4090">
    <p class='ocr_par' dir='ltr' id='par_1_41' title="bbox 118 4018 1668 4090">
     <span class='ocr_line' id='line_1_41' title="bbox 118 4018 1668 4090; baseline -0.003 -13"><span class='ocrx_word' id='word_1_322' title='bbox 118 4025 352 4085; x_wconf 71' lang='grc' dir='ltr'>ἔλαϐον,</span> <span class='ocrx_word' id='word_1_323' title='bbox 377 4021 553 4090; x_wconf 83' lang='grc' dir='ltr'>φησίν.</span> <span class='ocrx_word' id='word_1_324' title='bbox 582 4021 693 4072; x_wconf 88' lang='grc' dir='ltr'>Οὐκ</span> <span class='ocrx_word' id='word_1_325' title='bbox 720 4021 825 4089; x_wconf 87' lang='grc' dir='ltr'>ἀρα</span> <span class='ocrx_word' id='word_1_326' title='bbox 863 4018 1019 4070; x_wconf 88' lang='grc' dir='ltr'>τοῦτο</span> <span class='ocrx_word' id='word_1_327' title='bbox 1061 4018 1326 4071; x_wconf 83' lang='grc' dir='ltr'>δείκνυσιν</span> <span class='ocrx_word' id='word_1_328' title='bbox 1352 4020 1509 4073; x_wconf 80' lang='grc' dir='ltr'>αὑτὸν</span> <span class='ocrx_word' id='word_1_329' title='bbox 1543 4021 1668 4073; x_wconf 87' lang='grc' dir='ltr'>ἀνθ-</span> 
     </span>
    </p>
   </div>
   <div class='ocr_carea' id='block_1_42' title="bbox 124 4113 1662 4187">
    <p class='ocr_par' dir='ltr' id='par_1_42' title="bbox 124 4113 1662 4187">
     <span class='ocr_line' id='line_1_42' title="bbox 124 4113 1662 4187; baseline -0.001 -18"><span class='ocrx_word' id='word_1_330' title='bbox 124 4118 401 4187; x_wconf 83' lang='grc' dir='ltr'>ιστάμενον</span> <span class='ocrx_word' id='word_1_331' title='bbox 442 4116 520 4185; x_wconf 80' lang='grc' dir='ltr'>τῷ</span> <span class='ocrx_word' id='word_1_332' title='bbox 565 4113 703 4183; x_wconf 81' lang='grc' dir='ltr'>Θεῷ,</span> <span class='ocrx_word' id='word_1_333' title='bbox 741 4114 855 4165; x_wconf 87' lang='grc' dir='ltr'>ἀλλ’</span> <span class='ocrx_word' id='word_1_334' title='bbox 881 4114 938 4164; x_wconf 80' lang='grc' dir='ltr'>ἓν</span> <span class='ocrx_word' id='word_1_335' title='bbox 974 4114 1167 4181; x_wconf 90' lang='grc' dir='ltr'>μόνον,</span> <span class='ocrx_word' id='word_1_336' title='bbox 1215 4114 1297 4165; x_wconf 82' lang='grc' dir='ltr'>ὅτι</span> <span class='ocrx_word' id='word_1_337' title='bbox 1338 4114 1662 4169; x_wconf 76' lang='grc' dir='ltr'>ἀδικοῦνται.</span> 
     </span>
    </p>
   </div>
   <div class='ocr_carea' id='block_1_43' title="bbox 120 4205 1668 4279">
    <p class='ocr_par' dir='ltr' id='par_1_43' title="bbox 120 4205 1668 4279">
     <span class='ocr_line' id='line_1_43' title="bbox 120 4205 1668 4279; baseline -0.002 -15"><span class='ocrx_word' id='word_1_338' title='bbox 120 4212 361 4265; x_wconf 83' lang='grc' dir='ltr'>Τοσαῦτα</span> <span class='ocrx_word' id='word_1_339' title='bbox 391 4211 604 4279; x_wconf 74' lang='grc' dir='ltr'>ἴσχυσεν</span> <span class='ocrx_word' id='word_1_340' title='bbox 628 4209 656 4260; x_wconf 84' lang='grc' dir='ltr'>ό</span> <span class='ocrx_word' id='word_1_341' title='bbox 684 4208 893 4277; x_wconf 89' lang='grc' dir='ltr'>Δανιήλ.</span> <span class='ocrx_word' id='word_1_342' title='bbox 924 4205 1232 4275; x_wconf 78' lang='grc' dir='ltr'>Κατῆλθον</span> <span class='ocrx_word' id='word_1_343' title='bbox 1249 4209 1561 4262; x_wconf 85' lang='grc' dir='ltr'>συνετίσαι</span> <span class='ocrx_word' id='word_1_344' title='bbox 1595 4222 1668 4261; x_wconf 87' lang='grc' dir='ltr'>σε</span> 
     </span>
    </p>
   </div>
   <div class='ocr_carea' id='block_1_44' title="bbox 120 4299 1669 4370">
    <p class='ocr_par' dir='ltr' id='par_1_44' title="bbox 120 4299 1669 4370">
     <span class='ocr_line' id='line_1_44' title="bbox 120 4299 1669 4370; baseline -0.001 -12"><span class='ocrx_word' id='word_1_345' title='bbox 120 4306 233 4360; x_wconf 77' lang='grc' dir='ltr'>ὅσα</span> <span class='ocrx_word' id='word_1_346' title='bbox 258 4304 658 4369; x_wconf 79' lang='grc' dir='ltr'>ἀπαντήσεται</span> <span class='ocrx_word' id='word_1_347' title='bbox 672 4300 750 4365; x_wconf 87' lang='grc' dir='ltr'>τῷ</span> <span class='ocrx_word' id='word_1_348' title='bbox 774 4299 898 4365; x_wconf 80' lang='grc' dir='ltr'>,2αῷ</span> <span class='ocrx_word' id='word_1_349' title='bbox 929 4315 1063 4355; x_wconf 89' lang='grc' dir='ltr'>σου.</span> <span class='ocrx_word' id='word_1_350' title='bbox 1081 4302 1219 4370; x_wconf 86' lang='grc' dir='ltr'>Ὅρα</span> <span class='ocrx_word' id='word_1_351' title='bbox 1248 4302 1363 4366; x_wconf 82' lang='grc' dir='ltr'>πῶς</span> <span class='ocrx_word' id='word_1_352' title='bbox 1379 4303 1669 4369; x_wconf 84' lang='grc' dir='ltr'>ἀναγκαῖον</span> 
     </span>
    </p>
   </div>
   <div class='ocr_carea' id='block_1_45' title="bbox 124 4394 1668 4469">
    <p class='ocr_par' dir='ltr' id='par_1_45' title="bbox 124 4394 1668 4469">
     <span class='ocr_line' id='line_1_45' title="bbox 124 4394 1668 4469; baseline -0.001 -18"><span class='ocrx_word' id='word_1_353' title='bbox 124 4400 346 4469; x_wconf 81' lang='grc' dir='ltr'>πρᾶγμα</span> <span class='ocrx_word' id='word_1_354' title='bbox 397 4398 588 4464; x_wconf 75' lang='grc' dir='ltr'>ἀφεὶς,</span> <span class='ocrx_word' id='word_1_355' title='bbox 640 4394 983 4462; x_wconf 84' lang='grc' dir='ltr'>ἀπολογεῖται</span> <span class='ocrx_word' id='word_1_356' title='bbox 1038 4394 1115 4464; x_wconf 82' lang='grc' dir='ltr'>τῷ</span> <span class='ocrx_word' id='word_1_357' title='bbox 1167 4398 1438 4467; x_wconf 82' lang='grc' dir='ltr'>προφήτῃ.</span> <span class='ocrx_word' id='word_1_358' title='bbox 1502 4397 1668 4450; x_wconf 88' lang='grc' dir='ltr'>Πάλιν</span> 
     </span>
    </p>
   </div>
   <div class='ocr_carea' id='block_1_46' title="bbox 120 4491 1670 4563">
    <p class='ocr_par' dir='ltr' id='par_1_46' title="bbox 120 4491 1670 4563">
     <span class='ocr_line' id='line_1_46' title="bbox 120 4491 1670 4563; baseline 0 -18"><span class='ocrx_word' id='word_1_359' title='bbox 120 4493 419 4555; x_wconf 74' lang='grc' dir='ltr'>ἐξίσταταιο</span> <span class='ocrx_word' id='word_1_360' title='bbox 458 4491 615 4544; x_wconf 89' lang='grc' dir='ltr'>πάλιν</span> <span class='ocrx_word' id='word_1_361' title='bbox 648 4491 807 4543; x_wconf 84' lang='grc' dir='ltr'>αὑτὸν</span> <span class='ocrx_word' id='word_1_362' title='bbox 846 4491 1111 4559; x_wconf 81' lang='grc' dir='ltr'>ἀνίστησι,</span> <span class='ocrx_word' id='word_1_363' title='bbox 1170 4492 1261 4543; x_wconf 85' lang='grc' dir='ltr'>καί</span> <span class='ocrx_word' id='word_1_364' title='bbox 1318 4507 1480 4563; x_wconf 83' lang='grc' dir='ltr'>φησι·</span> <span class='ocrx_word' id='word_1_365' title='bbox 1532 4494 1670 4563; x_wconf 76' lang='grc' dir='ltr'>Ἐγὼ</span> 
     </span>
    </p>
   </div>
   <div class='ocr_carea' id='block_1_47' title="bbox 122 4584 1669 4656">
    <p class='ocr_par' dir='ltr' id='par_1_47' title="bbox 122 4584 1669 4656">
     <span class='ocr_line' id='line_1_47' title="bbox 122 4584 1669 4656; baseline 0.001 -17"><span class='ocrx_word' id='word_1_366' title='bbox 122 4587 431 4655; x_wconf 84' lang='grc' dir='ltr'>πορεύομαι</span> <span class='ocrx_word' id='word_1_367' title='bbox 478 4585 583 4637; x_wconf 87' lang='grc' dir='ltr'>τοῦ</span> <span class='ocrx_word' id='word_1_368' title='bbox 651 4584 986 4651; x_wconf 72' lang='grc' dir='ltr'>πολεμῆσαι</span> <span class='ocrx_word' id='word_1_369' title='bbox 1022 4586 1171 4652; x_wconf 85' lang='grc' dir='ltr'>μετὰ</span> <span class='ocrx_word' id='word_1_370' title='bbox 1224 4587 1329 4640; x_wconf 88' lang='grc' dir='ltr'>τοῦ</span> <span class='ocrx_word' id='word_1_371' title='bbox 1381 4587 1669 4656; x_wconf 77' lang='grc' dir='ltr'>ἄρχοντος</span> 
     </span>
    </p>
   </div>
   <div class='ocr_carea' id='block_1_48' title="bbox 126 4677 1668 4747">
    <p class='ocr_par' dir='ltr' id='par_1_48' title="bbox 126 4677 1668 4747">
     <span class='ocr_line' id='line_1_48' title="bbox 126 4677 1668 4747; baseline -0.001 -12"><span class='ocrx_word' id='word_1_372' title='bbox 126 4680 377 4747; x_wconf 85' lang='grc' dir='ltr'>Περσῶν.</span> <span class='ocrx_word' id='word_1_373' title='bbox 404 4679 511 4731; x_wconf 87' lang='lat' dir='ltr'><strong><em>Kal</em></strong></span> <span class='ocrx_word' id='word_1_374' title='bbox 534 4678 644 4744; x_wconf 84' lang='grc' dir='ltr'>ἐγὼ</span> <span class='ocrx_word' id='word_1_375' title='bbox 667 4677 1122 4745; x_wconf 81' lang='grc' dir='ltr'>ἐξεπορευόμην,</span> <span class='ocrx_word' id='word_1_376' title='bbox 1164 4680 1261 4731; x_wconf 84' lang='grc' dir='ltr'>καὶ</span> <span class='ocrx_word' id='word_1_377' title='bbox 1294 4683 1325 4731; x_wconf 85' lang='grc' dir='ltr'>ό</span> <span class='ocrx_word' id='word_1_378' title='bbox 1342 4680 1538 4747; x_wconf 78' lang='grc' dir='ltr'>ἅρχων</span> <span class='ocrx_word' id='word_1_379' title='bbox 1553 4682 1668 4734; x_wconf 87' lang='grc' dir='ltr'>τῶν</span> 
     </span>
    </p>
   </div>
   <div class='ocr_carea' id='block_1_49' title="bbox 134 4772 1668 4841">
    <p class='ocr_par' dir='ltr' id='par_1_49' title="bbox 134 4772 1668 4841">
     <span class='ocr_line' id='line_1_49' title="bbox 134 4772 1668 4841; baseline -0.001 -14"><span class='ocrx_word' id='word_1_380' title='bbox 134 4774 435 4839; x_wconf 75' lang='grc' dir='ltr'>Ἐλλήνων</span> <span class='ocrx_word' id='word_1_381' title='bbox 465 4772 698 4839; x_wconf 83' lang='grc' dir='ltr'>ἤρχετο.</span> <span class='ocrx_word' id='word_1_382' title='bbox 742 4774 899 4833; x_wconf 85' lang='grc' dir='ltr'>Ἴσως</span> <span class='ocrx_word' id='word_1_383' title='bbox 933 4772 1048 4833; x_wconf 83' lang='grc' dir='ltr'>ἐνὸς</span> <span class='ocrx_word' id='word_1_384' title='bbox 1098 4773 1204 4822; x_wconf 86' lang='grc' dir='ltr'>τῶν</span> <span class='ocrx_word' id='word_1_385' title='bbox 1249 4774 1668 4841; x_wconf 75' lang='grc' dir='ltr'>ἐναντιουμένων</span> 
     </span>
    </p>
   </div>
   <div class='ocr_carea' id='block_1_50' title="bbox 124 4864 1668 4935">
    <p class='ocr_par' dir='ltr' id='par_1_50' title="bbox 124 4864 1668 4935">
     <span class='ocr_line' id='line_1_50' title="bbox 124 4864 1668 4935; baseline 0 -17"><span class='ocrx_word' id='word_1_386' title='bbox 124 4868 211 4919; x_wconf 73' lang='grc' dir='ltr'>ἐπὶ</span> <span class='ocrx_word' id='word_1_387' title='bbox 263 4870 372 4927; x_wconf 81' lang='grc' dir='ltr'>τοῖς</span> <span class='ocrx_word' id='word_1_388' title='bbox 417 4867 691 4935; x_wconf 79' lang='grc' dir='ltr'>ἐσομένοις</span> <span class='ocrx_word' id='word_1_389' title='bbox 720 4904 734 4928; x_wconf 92' lang='grc'>,</span> <span class='ocrx_word' id='word_1_390' title='bbox 794 4865 934 4916; x_wconf 84' lang='grc' dir='ltr'>ὥστε</span> <span class='ocrx_word' id='word_1_391' title='bbox 988 4868 1098 4927; x_wconf 86' lang='grc' dir='ltr'>τοῖς</span> <span class='ocrx_word' id='word_1_392' title='bbox 1132 4864 1271 4916; x_wconf 88' lang='grc' dir='ltr'>κατά</span> <span class='ocrx_word' id='word_1_393' title='bbox 1333 4866 1668 4918; x_wconf 86' lang='grc' dir='ltr'>Μακεδονίαν</span> 
     </span>
    </p>
   </div>
   <div class='ocr_carea' id='block_1_51' title="bbox 123 4956 1669 5028">
    <p class='ocr_par' dir='ltr' id='par_1_51' title="bbox 123 4956 1669 5028">
     <span class='ocr_line' id='line_1_51' title="bbox 123 4956 1669 5028; baseline -0.003 -15"><span class='ocrx_word' id='word_1_394' title='bbox 123 4960 438 5028; x_wconf 82' lang='grc' dir='ltr'>πολεμῆσαι.</span> <span class='ocrx_word' id='word_1_395' title='bbox 462 4960 569 5010; x_wconf 85' lang='lat' dir='ltr'>Kal</span> <span class='ocrx_word' id='word_1_396' title='bbox 600 4956 750 5011; x_wconf 74' lang='grc' dir='ltr'>οὔπω</span> <span class='ocrx_word' id='word_1_397' title='bbox 769 4959 1034 5011; x_wconf 84' lang='grc' dir='ltr'>πείθεται.</span> <span class='ocrx_word' id='word_1_398' title='bbox 1072 4958 1309 5028; x_wconf 86' lang='grc' dir='ltr'>Πόλεμος</span> <span class='ocrx_word' id='word_1_399' title='bbox 1338 4961 1393 5010; x_wconf 89' lang='grc' dir='ltr'>ἐν</span> <span class='ocrx_word' id='word_1_400' title='bbox 1420 4960 1669 5026; x_wconf 85' lang='grc' dir='ltr'>ἀγγέλοις</span> 
     </span>
    </p>
   </div>
   <div class='ocr_carea' id='block_1_52' title="bbox 122 5051 1671 5122">
    <p class='ocr_par' dir='ltr' id='par_1_52' title="bbox 122 5051 1671 5122">
     <span class='ocr_line' id='line_1_52' title="bbox 122 5051 1671 5122; baseline -0.002 -14"><span class='ocrx_word' id='word_1_401' title='bbox 122 5056 249 5115; x_wconf 78' lang='grc' dir='ltr'>ἐστὶ,</span> <span class='ocrx_word' id='word_1_402' title='bbox 287 5053 431 5121; x_wconf 90' lang='grc' dir='ltr'>μάχη</span> <span class='ocrx_word' id='word_1_403' title='bbox 463 5052 588 5120; x_wconf 75' lang='grc' dir='ltr'>περὶ</span> <span class='ocrx_word' id='word_1_404' title='bbox 624 5051 956 5120; x_wconf 88' lang='grc' dir='ltr'>ἀνθρώπων;</span> <span class='ocrx_word' id='word_1_405' title='bbox 1007 5054 1131 5106; x_wconf 77' lang='grc' dir='ltr'>Ναί.</span> <span class='ocrx_word' id='word_1_406' title='bbox 1164 5054 1310 5107; x_wconf 87' lang='grc' dir='ltr'>Πάνυ</span> <span class='ocrx_word' id='word_1_407' title='bbox 1350 5053 1455 5122; x_wconf 81' lang='grc' dir='ltr'>γὰρ</span> <span class='ocrx_word' id='word_1_408' title='bbox 1493 5053 1671 5106; x_wconf 80' lang='grc' dir='ltr'>αὐτῶν</span> 
     </span>
    </p>
   </div>
   <div class='ocr_carea' id='block_1_53' title="bbox 123 5145 1665 5217">
    <p class='ocr_par' dir='ltr' id='par_1_53' title="bbox 123 5145 1665 5217">
     <span class='ocr_line' id='line_1_53' title="bbox 123 5145 1665 5217; baseline 0 -17"><span class='ocrx_word' id='word_1_409' title='bbox 123 5149 388 5217; x_wconf 83' lang='grc' dir='ltr'>κήδονται.</span> <span class='ocrx_word' id='word_1_410' title='bbox 437 5145 600 5199; x_wconf 78' lang='grc' dir='ltr'>Οὓπω</span> <span class='ocrx_word' id='word_1_411' title='bbox 663 5145 905 5215; x_wconf 89' lang='grc' dir='ltr'>ἐπείσθη.</span> <span class='ocrx_word' id='word_1_412' title='bbox 964 5147 1171 5214; x_wconf 85' lang='grc' dir='ltr'>Ὥσπερ</span> <span class='ocrx_word' id='word_1_413' title='bbox 1224 5148 1289 5200; x_wconf 79' lang='grc' dir='ltr'>ἂν</span> <span class='ocrx_word' id='word_1_414' title='bbox 1345 5149 1485 5201; x_wconf 73' lang='grc' dir='ltr'>εἴποι</span> <span class='ocrx_word' id='word_1_415' title='bbox 1553 5166 1665 5212; x_wconf 89' lang='grc' dir='ltr'>τις·</span> 
     </span>
    </p>
   </div>
   <div class='ocr_carea' id='block_1_54' title="bbox 127 5239 1078 5312">
    <p class='ocr_par' dir='ltr' id='par_1_54' title="bbox 127 5239 1078 5312">
     <span class='ocr_line' id='line_1_54' title="bbox 127 5239 1078 5312; baseline -0.002 -15"><span class='ocrx_word' id='word_1_416' title='bbox 127 5241 655 5312; x_wconf 80' lang='grc' dir='ltr'>Ἀναγκάζομαιτῷδε</span> <span class='ocrx_word' id='word_1_417' title='bbox 690 5239 1078 5309; x_wconf 81' lang='grc' dir='ltr'>φιλονεικῆσαι.</span> 
     </span>
    </p>
   </div>
   <div class='ocr_carea' id='block_1_55' title="bbox 670 5362 1043 5415">
    <p class='ocr_par' dir='ltr' id='par_1_55' title="bbox 670 5362 1043 5415">
     <span class='ocr_line' id='line_1_55' title="bbox 670 5362 1043 5415; baseline 0.005 -2"><span class='ocrx_word' id='word_1_418' title='bbox 670 5362 913 5414; x_wconf 83' lang='grc' dir='ltr'>ΚΕΦΑΛ.</span> <span class='ocrx_word' id='word_1_419' title='bbox 942 5363 1043 5415; x_wconf 83' lang='lat' dir='ltr'>IA&#39;.</span> 
     </span>
    </p>
   </div>
   <div class='ocr_carea' id='block_1_56' title="bbox 191 5493 1669 5564">
    <p class='ocr_par' dir='ltr' id='par_1_56' title="bbox 191 5493 1669 5564">
     <span class='ocr_line' id='line_1_56' title="bbox 191 5493 1669 5564; baseline 0.003 -18"><span class='ocrx_word' id='word_1_420' title='bbox 191 5494 294 5547; x_wconf 84' lang='lat' dir='ltr'>Kal</span> <span class='ocrx_word' id='word_1_421' title='bbox 309 5493 543 5563; x_wconf 78' lang='grc' dir='ltr'>ἐγένετο</span> <span class='ocrx_word' id='word_1_422' title='bbox 563 5493 630 5546; x_wconf 79' lang='grc' dir='ltr'>ἐν</span> <span class='ocrx_word' id='word_1_423' title='bbox 650 5493 765 5545; x_wconf 72' lang='grc' dir='ltr'>ἔτει</span> <span class='ocrx_word' id='word_1_424' title='bbox 788 5493 989 5560; x_wconf 85' lang='grc' dir='ltr'>πρώτῳ</span> <span class='ocrx_word' id='word_1_425' title='bbox 1008 5494 1226 5560; x_wconf 74' lang='grc' dir='ltr'>Κύρου,</span> <span class='ocrx_word' id='word_1_426' title='bbox 1239 5494 1351 5563; x_wconf 83' lang='grc' dir='ltr'>ἐγὼ</span> <span class='ocrx_word' id='word_1_427' title='bbox 1372 5496 1556 5564; x_wconf 79' lang='grc' dir='ltr'>ἔστην</span> <span class='ocrx_word' id='word_1_428' title='bbox 1585 5503 1669 5563; x_wconf 82' lang='grc' dir='ltr'>είς</span> 
     </span>
    </p>
   </div>
   <div class='ocr_carea' id='block_1_57' title="bbox 128 5586 1663 5659">
    <p class='ocr_par' dir='ltr' id='par_1_57' title="bbox 128 5586 1663 5659">
     <span class='ocr_line' id='line_1_57' title="bbox 128 5586 1663 5659; baseline 0.005 -22"><span class='ocrx_word' id='word_1_429' title='bbox 128 5587 329 5653; x_wconf 77' lang='grc' dir='ltr'>κράτος</span> <span class='ocrx_word' id='word_1_430' title='bbox 348 5586 445 5642; x_wconf 76' lang='grc' dir='ltr'>καὶ</span> <span class='ocrx_word' id='word_1_431' title='bbox 460 5588 658 5653; x_wconf 73' lang='grc' dir='ltr'>ἰσχύν.</span> <span class='ocrx_word' id='word_1_432' title='bbox 674 5588 775 5641; x_wconf 83' lang='lat' dir='ltr'>Kal</span> <span class='ocrx_word' id='word_1_433' title='bbox 794 5588 907 5641; x_wconf 84' lang='grc' dir='ltr'>νῦν</span> <span class='ocrx_word' id='word_1_434' title='bbox 927 5587 1231 5656; x_wconf 74' lang='grc' dir='ltr'>ἀναγγελεῖ)</span> <span class='ocrx_word' id='word_1_435' title='bbox 1248 5605 1342 5644; x_wconf 89' lang='grc' dir='ltr'>σοι</span> <span class='ocrx_word' id='word_1_436' title='bbox 1364 5592 1663 5659; x_wconf 72' lang='grc' dir='ltr'>ἀλήθειαν.</span> 
     </span>
    </p>
   </div>
   <div class='ocr_carea' id='block_1_58' title="bbox 1489 346 1952 404">
    <p class='ocr_par' dir='ltr' id='par_1_58' title="bbox 1489 346 1952 404">
     <span class='ocr_line' id='line_1_58' title="bbox 1489 346 1952 404; baseline 0.009 -4"><span class='ocrx_word' id='word_1_437' title='bbox 1489 346 1555 401; x_wconf 72' lang='grc' dir='ltr'><strong>ΙΝ</strong></span> <span class='ocrx_word' id='word_1_438' title='bbox 1591 346 1952 404; x_wconf 77' lang='lat' dir='ltr'>DANIELEM.</span> 
     </span>
    </p>
   </div>
   <div class='ocr_carea' id='block_1_59' title="bbox 3205 370 3311 424">
    <p class='ocr_par' dir='ltr' id='par_1_59' title="bbox 3205 370 3311 424">
     <span class='ocr_line' id='line_1_59' title="bbox 3205 370 3311 424; baseline 0.038 -3"><span class='ocrx_word' id='word_1_439' title='bbox 3205 370 3311 424; x_wconf 73' lang='lat'>244</span> 
     </span>
    </p>
   </div>
   <div class='ocr_carea' id='block_1_60' title="bbox 1781 455 3318 543">
    <p class='ocr_par' dir='ltr' id='par_1_60' title="bbox 1781 455 3318 543">
     <span class='ocr_line' id='line_1_60' title="bbox 1781 455 3318 543; baseline 0.011 -37"><span class='ocrx_word' id='word_1_440' title='bbox 1781 456 1887 507; x_wconf 88' lang='lat' dir='ltr'>Kal</span> <span class='ocrx_word' id='word_1_441' title='bbox 1926 455 2064 521; x_wconf 89' lang='grc' dir='ltr'>τότε,</span> <span class='ocrx_word' id='word_1_442' title='bbox 2113 458 2265 527; x_wconf 79' lang='grc' dir='ltr'>φησὶ,</span> <span class='ocrx_word' id='word_1_443' title='bbox 2299 458 2473 522; x_wconf 86' lang='grc' dir='ltr'>σώσας</span> <span class='ocrx_word' id='word_1_444' title='bbox 2504 460 2613 528; x_wconf 82' lang='grc' dir='ltr'>ἐγώ</span> <span class='ocrx_word' id='word_1_445' title='bbox 2637 462 2769 530; x_wconf 80' lang='grc' dir='ltr'>ειμι.</span> <span class='ocrx_word' id='word_1_446' title='bbox 2810 464 2925 517; x_wconf 84' lang='grc' dir='ltr'>Ἵνα</span> <span class='ocrx_word' id='word_1_447' title='bbox 2953 464 3058 537; x_wconf 87' lang='grc' dir='ltr'>γάρ</span> <span class='ocrx_word' id='word_1_448' title='bbox 3081 467 3154 537; x_wconf 79' lang='grc' dir='ltr'>μὴ</span> <span class='ocrx_word' id='word_1_449' title='bbox 3187 470 3318 543; x_wconf 79' lang='grc' dir='ltr'>λέγῃ</span> 
     </span>
    </p>
   </div>
   <div class='ocr_carea' id='block_1_61' title="bbox 1773 548 3316 635">
    <p class='ocr_par' dir='ltr' id='par_1_61' title="bbox 1773 548 3316 635">
     <span class='ocr_line' id='line_1_61' title="bbox 1773 548 3316 635; baseline 0.012 -36"><span class='ocrx_word' id='word_1_450' title='bbox 1773 565 1886 611; x_wconf 89' lang='grc' dir='ltr'>τις·</span> <span class='ocrx_word' id='word_1_451' title='bbox 1914 550 1979 600; x_wconf 89' lang='grc' dir='ltr'>Τί</span> <span class='ocrx_word' id='word_1_452' title='bbox 2022 548 2113 604; x_wconf 77' lang='grc' dir='ltr'>οὖν</span> <span class='ocrx_word' id='word_1_453' title='bbox 2149 555 2416 623; x_wconf 89' lang='grc' dir='ltr'>πολεμεῖς;</span> <span class='ocrx_word' id='word_1_454' title='bbox 2450 556 2500 607; x_wconf 88' lang='grc' dir='ltr'>τί</span> <span class='ocrx_word' id='word_1_455' title='bbox 2529 551 2640 620; x_wconf 84' lang='grc' dir='ltr'>οῦν,</span> <span class='ocrx_word' id='word_1_456' title='bbox 2678 559 2743 611; x_wconf 88' lang='grc' dir='ltr'>ἂν</span> <span class='ocrx_word' id='word_1_457' title='bbox 2773 560 2845 630; x_wconf 80' lang='grc' dir='ltr'>μὴ</span> <span class='ocrx_word' id='word_1_458' title='bbox 2878 564 3129 632; x_wconf 75' lang='grc' dir='ltr'>νικήσῃςς</span> <span class='ocrx_word' id='word_1_459' title='bbox 3165 566 3316 635; x_wconf 78' lang='grc' dir='ltr'>Οὐχὶ,</span> 
     </span>
    </p>
   </div>
   <div class='ocr_carea' id='block_1_62' title="bbox 1776 647 3321 725">
    <p class='ocr_par' dir='ltr' id='par_1_62' title="bbox 1776 647 3321 725">
     <span class='ocr_line' id='line_1_62' title="bbox 1776 647 3321 725; baseline 0.011 -28"><span class='ocrx_word' id='word_1_460' title='bbox 1776 647 1926 717; x_wconf 83' lang='grc' dir='ltr'>φησι.</span> <span class='ocrx_word' id='word_1_461' title='bbox 1952 649 2061 702; x_wconf 85' lang='lat' dir='ltr'>Kal</span> <span class='ocrx_word' id='word_1_462' title='bbox 2086 652 2205 703; x_wconf 91' lang='grc' dir='ltr'>τότε</span> <span class='ocrx_word' id='word_1_463' title='bbox 2244 651 2354 717; x_wconf 88' lang='grc' dir='ltr'>ἐγὼ</span> <span class='ocrx_word' id='word_1_464' title='bbox 2377 653 2553 705; x_wconf 79' lang='grc' dir='ltr'>αὐτῶν</span> <span class='ocrx_word' id='word_1_465' title='bbox 2574 657 2859 725; x_wconf 89' lang='grc' dir='ltr'>προέστην.</span> <span class='ocrx_word' id='word_1_466' title='bbox 2910 660 3019 711; x_wconf 89' lang='lat' dir='ltr'>Kal</span> <span class='ocrx_word' id='word_1_467' title='bbox 3050 662 3159 713; x_wconf 86' lang='grc' dir='ltr'>οὐκ</span> <span class='ocrx_word' id='word_1_468' title='bbox 3188 662 3321 714; x_wconf 75' lang='grc' dir='ltr'>ἔστι</span> 
     </span>
    </p>
   </div>
   <div class='ocr_carea' id='block_1_63' title="bbox 1776 744 3320 825">
    <p class='ocr_par' dir='ltr' id='par_1_63' title="bbox 1776 744 3320 825">
     <span class='ocr_line' id='line_1_63' title="bbox 1776 744 3320 825; baseline 0.012 -29"><span class='ocrx_word' id='word_1_469' title='bbox 1776 746 1902 813; x_wconf 86' lang='grc' dir='ltr'>γὰρ,</span> <span class='ocrx_word' id='word_1_470' title='bbox 1936 748 2086 816; x_wconf 79' lang='grc' dir='ltr'>φησὶ,</span> <span class='ocrx_word' id='word_1_471' title='bbox 2118 744 2205 813; x_wconf 79' lang='grc' dir='ltr'>εἷς</span> <span class='ocrx_word' id='word_1_472' title='bbox 2221 751 2613 818; x_wconf 83' lang='grc' dir='ltr'>ἀντεχόμενός</span> <span class='ocrx_word' id='word_1_473' title='bbox 2634 770 2734 820; x_wconf 81' lang='grc' dir='ltr'>μοι</span> <span class='ocrx_word' id='word_1_474' title='bbox 2756 757 2885 822; x_wconf 79' lang='grc' dir='ltr'>περὶ</span> <span class='ocrx_word' id='word_1_475' title='bbox 2923 760 3163 825; x_wconf 80' lang='grc' dir='ltr'>τούτων,</span> <span class='ocrx_word' id='word_1_476' title='bbox 3181 761 3320 813; x_wconf 73' lang='grc' dir='ltr'>ἀλλ’</span> 
     </span>
    </p>
   </div>
   <div class='ocr_carea' id='block_1_64' title="bbox 1773 842 3318 929">
    <p class='ocr_par' dir='ltr' id='par_1_64' title="bbox 1773 842 3318 929">
     <span class='ocr_line' id='line_1_64' title="bbox 1773 842 3318 929; baseline 0.007 -33"><span class='ocrx_word' id='word_1_477' title='bbox 1773 842 1812 908; x_wconf 83' lang='grc' dir='ltr'><strong><em>ἣ</em></strong></span> <span class='ocrx_word' id='word_1_478' title='bbox 1844 845 2084 912; x_wconf 74' lang='grc' dir='ltr'>Μιχαὴλ</span> <span class='ocrx_word' id='word_1_479' title='bbox 2113 849 2146 899; x_wconf 84' lang='grc' dir='ltr'><em>ὀ</em></span> <span class='ocrx_word' id='word_1_480' title='bbox 2178 848 2374 913; x_wconf 81' lang='grc' dir='ltr'>ἅρχων</span> <span class='ocrx_word' id='word_1_481' title='bbox 2404 848 2617 901; x_wconf 84' lang='grc' dir='ltr'>αὐτῶν.</span> <span class='ocrx_word' id='word_1_482' title='bbox 2668 850 2847 903; x_wconf 86' lang='grc' dir='ltr'>Ταῦτα</span> <span class='ocrx_word' id='word_1_483' title='bbox 2878 852 3019 919; x_wconf 85' lang='grc' dir='ltr'>λέγει</span> <span class='ocrx_word' id='word_1_484' title='bbox 3047 855 3130 908; x_wconf 78' lang='grc' dir='ltr'>ἵνα</span> <span class='ocrx_word' id='word_1_485' title='bbox 3157 858 3318 929; x_wconf 75' lang='grc' dir='ltr'>πείσῃ</span> 
     </span>
    </p>
   </div>
   <div class='ocr_carea' id='block_1_65' title="bbox 1772 943 3318 1021">
    <p class='ocr_par' dir='ltr' id='par_1_65' title="bbox 1772 943 3318 1021">
     <span class='ocr_line' id='line_1_65' title="bbox 1772 943 3318 1021; baseline 0.008 -28"><span class='ocrx_word' id='word_1_486' title='bbox 1772 943 1932 994; x_wconf 87' lang='grc' dir='ltr'>αὐτὸν</span> <span class='ocrx_word' id='word_1_487' title='bbox 1952 984 1965 1009; x_wconf 94' lang='grc'>,</span> <span class='ocrx_word' id='word_1_488' title='bbox 2007 944 2086 995; x_wconf 82' lang='grc' dir='ltr'>ὅτι</span> <span class='ocrx_word' id='word_1_489' title='bbox 2118 944 2179 995; x_wconf 79' lang='grc' dir='ltr'>οὐ</span> <span class='ocrx_word' id='word_1_490' title='bbox 2210 945 2463 1013; x_wconf 82' lang='grc' dir='ltr'>πολέμιός</span> <span class='ocrx_word' id='word_1_491' title='bbox 2515 948 2659 999; x_wconf 87' lang='grc' dir='ltr'>ἐστιν</span> <span class='ocrx_word' id='word_1_492' title='bbox 2688 950 2832 1018; x_wconf 86' lang='grc' dir='ltr'>αὺτῷ</span> <span class='ocrx_word' id='word_1_493' title='bbox 2858 952 2948 1001; x_wconf 78' lang='grc' dir='ltr'>καὶ</span> <span class='ocrx_word' id='word_1_494' title='bbox 2984 952 3188 1021; x_wconf 87' lang='grc' dir='ltr'>ἐχθρὸς,</span> <span class='ocrx_word' id='word_1_495' title='bbox 3224 956 3318 1005; x_wconf 76' lang='grc' dir='ltr'>καὶ</span> 
     </span>
    </p>
   </div>
   <div class='ocr_carea' id='block_1_66' title="bbox 1773 1041 3317 1118">
    <p class='ocr_par' dir='ltr' id='par_1_66' title="bbox 1773 1041 3317 1118">
     <span class='ocr_line' id='line_1_66' title="bbox 1773 1041 3317 1118; baseline 0.006 -25"><span class='ocrx_word' id='word_1_496' title='bbox 1773 1041 1854 1094; x_wconf 85' lang='grc' dir='ltr'>ὅτι</span> <span class='ocrx_word' id='word_1_497' title='bbox 1887 1045 2182 1113; x_wconf 85' lang='grc' dir='ltr'>πράγματα</span> <span class='ocrx_word' id='word_1_498' title='bbox 2235 1048 2376 1097; x_wconf 73' lang='grc' dir='ltr'>αἰτεῖ</span> <span class='ocrx_word' id='word_1_499' title='bbox 2422 1047 2787 1115; x_wconf 82' lang='grc' dir='ltr'>κεκωλυμένα.</span> <span class='ocrx_word' id='word_1_500' title='bbox 2836 1050 2945 1116; x_wconf 81' lang='grc' dir='ltr'>Οὐχ</span> <span class='ocrx_word' id='word_1_501' title='bbox 2990 1050 3069 1101; x_wconf 82' lang='grc' dir='ltr'>ὅτι</span> <span class='ocrx_word' id='word_1_502' title='bbox 3110 1050 3317 1118; x_wconf 80' lang='grc' dir='ltr'>βοηθῶν</span> 
     </span>
    </p>
   </div>
   <div class='ocr_carea' id='block_1_67' title="bbox 1770 1142 3315 1216">
    <p class='ocr_par' dir='ltr' id='par_1_67' title="bbox 1770 1142 3315 1216">
     <span class='ocr_line' id='line_1_67' title="bbox 1770 1142 3315 1216; baseline 0.004 -22"><span class='ocrx_word' id='word_1_503' title='bbox 1770 1143 1954 1194; x_wconf 87' lang='grc' dir='ltr'>δεῖται.</span> <span class='ocrx_word' id='word_1_504' title='bbox 1993 1142 2114 1203; x_wconf 86' lang='grc' dir='ltr'>Πῶς</span> <span class='ocrx_word' id='word_1_505' title='bbox 2145 1143 2290 1212; x_wconf 88' lang='grc' dir='ltr'>γάρ;</span> <span class='ocrx_word' id='word_1_506' title='bbox 2330 1144 2608 1196; x_wconf 89' lang='grc' dir='ltr'>Δείκνυται</span> <span class='ocrx_word' id='word_1_507' title='bbox 2649 1146 2729 1196; x_wconf 83' lang='grc' dir='ltr'>ὅτι</span> <span class='ocrx_word' id='word_1_508' title='bbox 2780 1142 2928 1209; x_wconf 68' lang='grc' dir='ltr'>οὗτος</span> <span class='ocrx_word' id='word_1_509' title='bbox 2970 1148 3068 1199; x_wconf 79' lang='grc' dir='ltr'>οὐκ</span> <span class='ocrx_word' id='word_1_510' title='bbox 3102 1144 3169 1216; x_wconf 77' lang='grc' dir='ltr'>ἦν</span> <span class='ocrx_word' id='word_1_511' title='bbox 3208 1150 3315 1201; x_wconf 83' lang='grc' dir='ltr'>τῶν</span> 
     </span>
    </p>
   </div>
   <div class='ocr_carea' id='block_1_68' title="bbox 1769 1235 3315 1314">
    <p class='ocr_par' dir='ltr' id='par_1_68' title="bbox 1769 1235 3315 1314">
     <span class='ocr_line' id='line_1_68' title="bbox 1769 1235 3315 1314; baseline 0.005 -22"><span class='ocrx_word' id='word_1_512' title='bbox 1769 1240 2056 1308; x_wconf 88' lang='grc' dir='ltr'>ἀρχόντων.</span> <span class='ocrx_word' id='word_1_513' title='bbox 2076 1235 2207 1291; x_wconf 75' lang='grc' dir='ltr'>Εἶτα</span> <span class='ocrx_word' id='word_1_514' title='bbox 2228 1242 2370 1308; x_wconf 82' lang='grc' dir='ltr'>λέγει</span> <span class='ocrx_word' id='word_1_515' title='bbox 2396 1244 2569 1295; x_wconf 83' lang='grc' dir='ltr'>πάντα</span> <span class='ocrx_word' id='word_1_516' title='bbox 2587 1244 2723 1311; x_wconf 86' lang='grc' dir='ltr'>μετά</span> <span class='ocrx_word' id='word_1_517' title='bbox 2738 1245 3035 1314; x_wconf 77' lang='grc' dir='ltr'>ἀκριϐείας,</span> <span class='ocrx_word' id='word_1_518' title='bbox 3060 1249 3149 1299; x_wconf 76' lang='grc' dir='ltr'>καὶ</span> <span class='ocrx_word' id='word_1_519' title='bbox 3172 1247 3315 1314; x_wconf 84' lang='grc' dir='ltr'>λέγει</span> 
     </span>
    </p>
   </div>
   <div class='ocr_carea' id='block_1_69' title="bbox 1769 1329 3313 1409">
    <p class='ocr_par' dir='ltr' id='par_1_69' title="bbox 1769 1329 3313 1409">
     <span class='ocr_line' id='line_1_69' title="bbox 1769 1329 3313 1409; baseline 0.009 -26"><span class='ocrx_word' id='word_1_520' title='bbox 1769 1336 1929 1387; x_wconf 88' lang='grc' dir='ltr'>πόθεν</span> <span class='ocrx_word' id='word_1_521' title='bbox 1953 1335 2008 1385; x_wconf 90' lang='grc' dir='ltr'>αἱ</span> <span class='ocrx_word' id='word_1_522' title='bbox 2036 1329 2215 1403; x_wconf 76' lang='grc' dir='ltr'>ἧτται.</span> <span class='ocrx_word' id='word_1_523' title='bbox 2266 1335 2396 1388; x_wconf 68' lang='grc' dir='ltr'>Εἶτα</span> <span class='ocrx_word' id='word_1_524' title='bbox 2441 1340 2583 1405; x_wconf 87' lang='grc' dir='ltr'>λέγει</span> <span class='ocrx_word' id='word_1_525' title='bbox 2611 1340 2708 1408; x_wconf 85' lang='grc' dir='ltr'>τὴν</span> <span class='ocrx_word' id='word_1_526' title='bbox 2740 1343 3011 1409; x_wconf 83' lang='grc' dir='ltr'>σωτηρίαν</span> <span class='ocrx_word' id='word_1_527' title='bbox 3056 1344 3149 1395; x_wconf 90' lang='grc' dir='ltr'>τοῦ</span> <span class='ocrx_word' id='word_1_528' title='bbox 3185 1344 3313 1397; x_wconf 83' lang='grc' dir='ltr'>λαοῦ</span> 
     </span>
    </p>
   </div>
   <div class='ocr_carea' id='block_1_70' title="bbox 1768 1431 2786 1505">
    <p class='ocr_par' dir='ltr' id='par_1_70' title="bbox 1768 1431 2786 1505">
     <span class='ocr_line' id='line_1_70' title="bbox 1768 1431 2786 1505; baseline 0.007 -23"><span class='ocrx_word' id='word_1_529' title='bbox 1768 1431 1931 1483; x_wconf 83' lang='grc' dir='ltr'>αὑτοῦ</span> <span class='ocrx_word' id='word_1_530' title='bbox 1960 1433 2016 1484; x_wconf 82' lang='grc' dir='ltr'>ἐν</span> <span class='ocrx_word' id='word_1_531' title='bbox 2052 1435 2160 1494; x_wconf 86' lang='grc' dir='ltr'>τοῖς</span> <span class='ocrx_word' id='word_1_532' title='bbox 2192 1434 2313 1502; x_wconf 80' lang='grc' dir='ltr'>ἑξῆς</span> <span class='ocrx_word' id='word_1_533' title='bbox 2354 1436 2527 1487; x_wconf 76' lang='grc' dir='ltr'>καὶτὸ</span> <span class='ocrx_word' id='word_1_534' title='bbox 2552 1437 2786 1505; x_wconf 85' lang='grc' dir='ltr'>δοκιμον.</span> 
     </span>
    </p>
   </div>
   <div class='ocr_carea' id='block_1_71' title="bbox 2364 1597 2761 1654">
    <p class='ocr_par' dir='ltr' id='par_1_71' title="bbox 2364 1597 2761 1654">
     <span class='ocr_line' id='line_1_71' title="bbox 2364 1597 2761 1654; baseline 0.008 -4"><span class='ocrx_word' id='word_1_535' title='bbox 2364 1597 2611 1651; x_wconf 82' lang='grc' dir='ltr'>ΚΕΦΑΛ.</span> <span class='ocrx_word' id='word_1_536' title='bbox 2666 1600 2761 1654; x_wconf 55' lang='grc' dir='ltr'>ΠΨ.</span> 
     </span>
    </p>
   </div>
   <div class='ocr_carea' id='block_1_72' title="bbox 1851 1714 3317 1794">
    <p class='ocr_par' dir='ltr' id='par_1_72' title="bbox 1851 1714 3317 1794">
     <span class='ocr_line' id='line_1_72' title="bbox 1851 1714 3317 1794; baseline 0.01 -28"><span class='ocrx_word' id='word_1_537' title='bbox 1851 1714 1949 1766; x_wconf 86' lang='grc' dir='ltr'>Ἐν</span> <span class='ocrx_word' id='word_1_538' title='bbox 1987 1714 2063 1778; x_wconf 85' lang='grc' dir='ltr'>τῷ</span> <span class='ocrx_word' id='word_1_539' title='bbox 2096 1718 2566 1785; x_wconf 82' lang='grc' dir='ltr'>συντελεσθῆναι</span> <span class='ocrx_word' id='word_1_540' title='bbox 2605 1719 3076 1790; x_wconf 86' lang='grc' dir='ltr'>διασκορπισμόν</span> <span class='ocrx_word' id='word_1_541' title='bbox 3119 1729 3317 1794; x_wconf 83' lang='grc' dir='ltr'>χειρὸς</span> 
     </span>
    </p>
   </div>
   <div class='ocr_carea' id='block_1_73' title="bbox 1767 1812 3316 1886">
    <p class='ocr_par' dir='ltr' id='par_1_73' title="bbox 1767 1812 3316 1886">
     <span class='ocr_line' id='line_1_73' title="bbox 1767 1812 3316 1886; baseline 0.01 -24"><span class='ocrx_word' id='word_1_542' title='bbox 1767 1812 1916 1864; x_wconf 73' lang='grc' dir='ltr'>λαοῦ</span> <span class='ocrx_word' id='word_1_543' title='bbox 1942 1812 2320 1880; x_wconf 78' lang='grc' dir='ltr'>ἡγιασμένον,</span> <span class='ocrx_word' id='word_1_544' title='bbox 2351 1814 2679 1883; x_wconf 81' lang='grc' dir='ltr'>γνώσονται</span> <span class='ocrx_word' id='word_1_545' title='bbox 2700 1818 2884 1886; x_wconf 78' lang='grc' dir='ltr'>ἅγιον,</span> <span class='ocrx_word' id='word_1_546' title='bbox 2914 1823 3008 1873; x_wconf 80' lang='grc' dir='ltr'>καὶ</span> <span class='ocrx_word' id='word_1_547' title='bbox 3033 1829 3316 1877; x_wconf 73' lang='grc' dir='ltr'>συντελε-</span> 
     </span>
    </p>
   </div>
   <div class='ocr_carea' id='block_1_74' title="bbox 1768 1909 3315 1981">
    <p class='ocr_par' dir='ltr' id='par_1_74' title="bbox 1768 1909 3315 1981">
     <span class='ocr_line' id='line_1_74' title="bbox 1768 1909 3315 1981; baseline 0.008 -21"><span class='ocrx_word' id='word_1_548' title='bbox 1768 1909 2055 1975; x_wconf 78' lang='grc' dir='ltr'>σθήσεται</span> <span class='ocrx_word' id='word_1_549' title='bbox 2078 1910 2262 1962; x_wconf 88' lang='grc' dir='ltr'>ταῦτα</span> <span class='ocrx_word' id='word_1_550' title='bbox 2295 1910 2507 1964; x_wconf 85' lang='grc' dir='ltr'>πάντα.</span> <span class='ocrx_word' id='word_1_551' title='bbox 2533 1913 2642 1964; x_wconf 89' lang='lat' dir='ltr'>Kal</span> <span class='ocrx_word' id='word_1_552' title='bbox 2671 1914 2783 1981; x_wconf 82' lang='grc' dir='ltr'>ἐγὼ</span> <span class='ocrx_word' id='word_1_553' title='bbox 2812 1914 3064 1981; x_wconf 77' lang='grc' dir='ltr'>ἤκουσα,</span> <span class='ocrx_word' id='word_1_554' title='bbox 3097 1921 3194 1969; x_wconf 81' lang='grc' dir='ltr'>καὶ</span> <span class='ocrx_word' id='word_1_555' title='bbox 3242 1923 3315 1972; x_wconf 82' lang='grc' dir='ltr'>οὐ</span> 
     </span>
    </p>
   </div>
   <div class='ocr_carea' id='block_1_75' title="bbox 1767 2002 3315 2078">
    <p class='ocr_par' dir='ltr' id='par_1_75' title="bbox 1767 2002 3315 2078">
     <span class='ocr_line' id='line_1_75' title="bbox 1767 2002 3315 2078; baseline 0.006 -20"><span class='ocrx_word' id='word_1_556' title='bbox 1767 2005 2028 2072; x_wconf 79' lang='grc' dir='ltr'>συνῆκα,</span> <span class='ocrx_word' id='word_1_557' title='bbox 2058 2006 2153 2057; x_wconf 81' lang='grc' dir='ltr'>καὶ</span> <span class='ocrx_word' id='word_1_558' title='bbox 2181 2002 2372 2059; x_wconf 75' lang='grc' dir='ltr'>εἷπονο</span> <span class='ocrx_word' id='word_1_559' title='bbox 2404 2009 2597 2073; x_wconf 82' lang='grc' dir='ltr'>Κύριε,</span> <span class='ocrx_word' id='word_1_560' title='bbox 2626 2010 2681 2061; x_wconf 87' lang='grc' dir='ltr'><em>τί</em></span> <span class='ocrx_word' id='word_1_561' title='bbox 2715 2012 2783 2063; x_wconf 86' lang='grc' dir='ltr'>τὰ</span> <span class='ocrx_word' id='word_1_562' title='bbox 2803 2011 3027 2078; x_wconf 75' lang='grc' dir='ltr'>ἔσχατα</span> <span class='ocrx_word' id='word_1_563' title='bbox 3056 2015 3315 2078; x_wconf 70' lang='grc' dir='ltr'>τούτων-ς</span> 
     </span>
    </p>
   </div>
   <div class='ocr_carea' id='block_1_76' title="bbox 1766 2098 3315 2178">
    <p class='ocr_par' dir='ltr' id='par_1_76' title="bbox 1766 2098 3315 2178">
     <span class='ocr_line' id='line_1_76' title="bbox 1766 2098 3315 2178; baseline 0.006 -23"><span class='ocrx_word' id='word_1_564' title='bbox 1766 2105 1874 2155; x_wconf 80' lang='grc' dir='ltr'>Καὶ</span> <span class='ocrx_word' id='word_1_565' title='bbox 1891 2098 2020 2154; x_wconf 76' lang='grc' dir='ltr'>εἷπε</span> <span class='ocrx_word' id='word_1_566' title='bbox 2046 2118 2060 2133; x_wconf 77' lang='grc' dir='ltr'><strong>ο</strong></span> <span class='ocrx_word' id='word_1_567' title='bbox 2086 2103 2285 2169; x_wconf 86' lang='grc' dir='ltr'>Δεῦρο,</span> <span class='ocrx_word' id='word_1_568' title='bbox 2325 2104 2568 2170; x_wconf 76' lang='grc' dir='ltr'>Δανιὴλ,</span> <span class='ocrx_word' id='word_1_569' title='bbox 2599 2105 2686 2157; x_wconf 83' lang='grc' dir='ltr'>ὅτι</span> <span class='ocrx_word' id='word_1_570' title='bbox 2723 2108 2817 2158; x_wconf 78' lang='grc' dir='ltr'>καὶ</span> <span class='ocrx_word' id='word_1_571' title='bbox 2850 2108 3315 2178; x_wconf 70' lang='grc' dir='ltr'>ἐμπεφραγμένοι</span> 
     </span>
    </p>
   </div>
   <div class='ocr_carea' id='block_1_77' title="bbox 1767 2201 3315 2275">
    <p class='ocr_par' dir='ltr' id='par_1_77' title="bbox 1767 2201 3315 2275">
     <span class='ocr_line' id='line_1_77' title="bbox 1767 2201 3315 2275; baseline 0.005 -23"><span class='ocrx_word' id='word_1_572' title='bbox 1767 2202 1820 2252; x_wconf 86' lang='lat' dir='ltr'><strong><em>ol</em></strong></span> <span class='ocrx_word' id='word_1_573' title='bbox 1854 2201 2020 2268; x_wconf 77' lang='grc' dir='ltr'>λόγοι</span> <span class='ocrx_word' id='word_1_574' title='bbox 2068 2201 2176 2266; x_wconf 83' lang='grc' dir='ltr'>ἔως</span> <span class='ocrx_word' id='word_1_575' title='bbox 2223 2201 2424 2268; x_wconf 85' lang='grc' dir='ltr'>καιροῦ</span> <span class='ocrx_word' id='word_1_576' title='bbox 2467 2201 2732 2269; x_wconf 84' lang='grc' dir='ltr'>πέρατος.</span> <span class='ocrx_word' id='word_1_577' title='bbox 2776 2204 2927 2270; x_wconf 84' lang='grc' dir='ltr'>Ἕως</span> <span class='ocrx_word' id='word_1_578' title='bbox 2965 2207 3315 2275; x_wconf 74' lang='grc' dir='ltr'>ἐκλεγῶσιν,</span> 
     </span>
    </p>
   </div>
   <div class='ocr_carea' id='block_1_78' title="bbox 1767 2298 3315 2369">
    <p class='ocr_par' dir='ltr' id='par_1_78' title="bbox 1767 2298 3315 2369">
     <span class='ocr_line' id='line_1_78' title="bbox 1767 2298 3315 2369; baseline 0.008 -20"><span class='ocrx_word' id='word_1_579' title='bbox 1767 2298 1860 2349; x_wconf 77' lang='grc' dir='ltr'>καὶ</span> <span class='ocrx_word' id='word_1_580' title='bbox 1896 2299 2389 2365; x_wconf 74' lang='grc' dir='ltr'>ἐκλευκανθῶσιν,</span> <span class='ocrx_word' id='word_1_581' title='bbox 2436 2300 2534 2352; x_wconf 78' lang='grc' dir='ltr'>καὶ</span> <span class='ocrx_word' id='word_1_582' title='bbox 2578 2302 2885 2367; x_wconf 79' lang='grc' dir='ltr'>πυρωθῶσι</span> <span class='ocrx_word' id='word_1_583' title='bbox 2933 2308 3168 2369; x_wconf 72' lang='grc' dir='ltr'>πολλοὶ,</span> <span class='ocrx_word' id='word_1_584' title='bbox 3218 2309 3315 2360; x_wconf 73' lang='grc' dir='ltr'>καὶ</span> 
     </span>
    </p>
   </div>
   <div class='ocr_carea' id='block_1_79' title="bbox 1767 2397 3315 2469">
    <p class='ocr_par' dir='ltr' id='par_1_79' title="bbox 1767 2397 3315 2469">
     <span class='ocr_line' id='line_1_79' title="bbox 1767 2397 3315 2469; baseline 0.005 -20"><span class='ocrx_word' id='word_1_585' title='bbox 1767 2397 2151 2463; x_wconf 83' lang='grc' dir='ltr'>άνομήσωσιν</span> <span class='ocrx_word' id='word_1_586' title='bbox 2175 2398 2400 2464; x_wconf 75' lang='grc' dir='ltr'>ἄνομοι,</span> <span class='ocrx_word' id='word_1_587' title='bbox 2454 2398 2553 2449; x_wconf 75' lang='grc' dir='ltr'>καὶ</span> <span class='ocrx_word' id='word_1_588' title='bbox 2600 2401 2670 2452; x_wconf 89' lang='grc' dir='ltr'>οὐ</span> <span class='ocrx_word' id='word_1_589' title='bbox 2733 2400 3045 2466; x_wconf 84' lang='grc' dir='ltr'>συνήσωσι</span> <span class='ocrx_word' id='word_1_590' title='bbox 3095 2404 3315 2469; x_wconf 78' lang='grc' dir='ltr'>πάντες</span> 
     </span>
    </p>
   </div>
   <div class='ocr_carea' id='block_1_80' title="bbox 1766 2495 3310 2563">
    <p class='ocr_par' dir='ltr' id='par_1_80' title="bbox 1766 2495 3310 2563">
     <span class='ocr_line' id='line_1_80' title="bbox 1766 2495 3310 2563; baseline 0.006 -16"><span class='ocrx_word' id='word_1_591' title='bbox 1766 2495 2017 2559; x_wconf 82' lang='grc' dir='ltr'>ἀσεϐεῖς,</span> <span class='ocrx_word' id='word_1_592' title='bbox 2067 2496 2163 2547; x_wconf 80' lang='grc' dir='ltr'>καὶ</span> <span class='ocrx_word' id='word_1_593' title='bbox 2210 2499 2264 2548; x_wconf 81' lang='grc' dir='ltr'>οἱ</span> <span class='ocrx_word' id='word_1_594' title='bbox 2314 2497 2605 2563; x_wconf 81' lang='grc' dir='ltr'>νοήμονες</span> <span class='ocrx_word' id='word_1_595' title='bbox 2637 2498 3007 2563; x_wconf 81' lang='grc' dir='ltr'>συνήσωσιν.</span> <span class='ocrx_word' id='word_1_596' title='bbox 3056 2503 3163 2555; x_wconf 80' lang='lat' dir='ltr'>Kal</span> <span class='ocrx_word' id='word_1_597' title='bbox 3195 2504 3310 2556; x_wconf 79' lang='grc' dir='ltr'>ἀπὸ</span> 
     </span>
    </p>
   </div>
   <div class='ocr_carea' id='block_1_81' title="bbox 1766 2593 3314 2669">
    <p class='ocr_par' dir='ltr' id='par_1_81' title="bbox 1766 2593 3314 2669">
     <span class='ocr_line' id='line_1_81' title="bbox 1766 2593 3314 2669; baseline 0.006 -23"><span class='ocrx_word' id='word_1_598' title='bbox 1766 2593 1970 2660; x_wconf 85' lang='grc' dir='ltr'>καιροῦ</span> <span class='ocrx_word' id='word_1_599' title='bbox 1992 2594 2417 2660; x_wconf 80' lang='grc' dir='ltr'>παραλλάξεως</span> <span class='ocrx_word' id='word_1_600' title='bbox 2435 2596 2540 2648; x_wconf 90' lang='grc' dir='ltr'>τοῦ</span> <span class='ocrx_word' id='word_1_601' title='bbox 2562 2596 3007 2666; x_wconf 73' lang='grc' dir='ltr'>ἐνδελεχισμοῦ,</span> <span class='ocrx_word' id='word_1_602' title='bbox 3025 2602 3121 2652; x_wconf 77' lang='grc' dir='ltr'>καὶ</span> <span class='ocrx_word' id='word_1_603' title='bbox 3138 2601 3314 2669; x_wconf 80' lang='grc' dir='ltr'>δοθῆ-</span> 
     </span>
    </p>
   </div>
   <div class='ocr_carea' id='block_1_82' title="bbox 1766 2690 3310 2763">
    <p class='ocr_par' dir='ltr' id='par_1_82' title="bbox 1766 2690 3310 2763">
     <span class='ocr_line' id='line_1_82' title="bbox 1766 2690 3310 2763; baseline 0.005 -20"><span class='ocrx_word' id='word_1_604' title='bbox 1766 2707 1865 2743; x_wconf 87' lang='grc' dir='ltr'>ναι</span> <span class='ocrx_word' id='word_1_605' title='bbox 1907 2690 2220 2758; x_wconf 75' lang='grc' dir='ltr'>,ϐδέλυγμα</span> <span class='ocrx_word' id='word_1_606' title='bbox 2261 2692 2624 2759; x_wconf 80' lang='grc' dir='ltr'>ἐρημώσεως,</span> <span class='ocrx_word' id='word_1_607' title='bbox 2655 2695 2858 2762; x_wconf 76' lang='grc' dir='ltr'>ἡμέραι</span> <span class='ocrx_word' id='word_1_608' title='bbox 2894 2698 3078 2763; x_wconf 77' lang='grc' dir='ltr'>χίλιαι</span> <span class='ocrx_word' id='word_1_609' title='bbox 3111 2700 3310 2752; x_wconf 78' lang='grc' dir='ltr'>διακό-</span> 
     </span>
    </p>
   </div>
   <div class='ocr_carea' id='block_1_83' title="bbox 1767 2787 3313 2863">
    <p class='ocr_par' dir='ltr' id='par_1_83' title="bbox 1767 2787 3313 2863">
     <span class='ocr_line' id='line_1_83' title="bbox 1767 2787 3313 2863; baseline 0.007 -23"><span class='ocrx_word' id='word_1_610' title='bbox 1767 2801 1894 2840; x_wconf 89' lang='grc' dir='ltr'>σιαι</span> <span class='ocrx_word' id='word_1_611' title='bbox 1948 2787 2369 2855; x_wconf 74' lang='grc' dir='ltr'>ἐννενήκοντα.</span> <span class='ocrx_word' id='word_1_612' title='bbox 2420 2792 2719 2859; x_wconf 82' lang='grc' dir='ltr'>Μακάριος</span> <span class='ocrx_word' id='word_1_613' title='bbox 2773 2796 2805 2847; x_wconf 82' lang='grc' dir='ltr'><em>ὁ</em></span> <span class='ocrx_word' id='word_1_614' title='bbox 2858 2796 3170 2863; x_wconf 78' lang='grc' dir='ltr'>ὑπομένων</span> <span class='ocrx_word' id='word_1_615' title='bbox 3214 2802 3313 2851; x_wconf 69' lang='grc' dir='ltr'>καὶ</span> 
     </span>
    </p>
   </div>
   <div class='ocr_carea' id='block_1_84' title="bbox 1765 2885 3313 2963">
    <p class='ocr_par' dir='ltr' id='par_1_84' title="bbox 1765 2885 3313 2963">
     <span class='ocr_line' id='line_1_84' title="bbox 1765 2885 3313 2963; baseline 0.007 -25"><span class='ocrx_word' id='word_1_616' title='bbox 1765 2885 2001 2953; x_wconf 74' lang='grc' dir='ltr'>φθάσας</span> <span class='ocrx_word' id='word_1_617' title='bbox 2056 2888 2141 2950; x_wconf 80' lang='grc' dir='ltr'>εὶς</span> <span class='ocrx_word' id='word_1_618' title='bbox 2205 2888 2425 2954; x_wconf 74' lang='grc' dir='ltr'>ἡμέρας</span> <span class='ocrx_word' id='word_1_619' title='bbox 2504 2892 2699 2956; x_wconf 75' lang='grc' dir='ltr'>χιλίας</span> <span class='ocrx_word' id='word_1_620' title='bbox 2759 2895 3096 2960; x_wconf 85' lang='grc' dir='ltr'>τριακοσίας</span> <span class='ocrx_word' id='word_1_621' title='bbox 3160 2913 3313 2963; x_wconf 82' lang='grc' dir='ltr'>τρια-</span> 
     </span>
    </p>
   </div>
   <div class='ocr_carea' id='block_1_85' title="bbox 1765 2985 3313 3053">
    <p class='ocr_par' dir='ltr' id='par_1_85' title="bbox 1765 2985 3313 3053">
     <span class='ocr_line' id='line_1_85' title="bbox 1765 2985 3313 3053; baseline 0.008 -19"><span class='ocrx_word' id='word_1_622' title='bbox 1765 2986 2147 3038; x_wconf 84' lang='grc' dir='ltr'>κονταπέντε.</span> <span class='ocrx_word' id='word_1_623' title='bbox 2199 2985 2307 3037; x_wconf 88' lang='lat' dir='ltr'>Kal</span> <span class='ocrx_word' id='word_1_624' title='bbox 2350 2985 2431 3037; x_wconf 89' lang='grc' dir='ltr'>σὺ</span> <span class='ocrx_word' id='word_1_625' title='bbox 2475 2986 2669 3053; x_wconf 84' lang='grc' dir='ltr'>δεῦρο,</span> <span class='ocrx_word' id='word_1_626' title='bbox 2705 2990 2800 3041; x_wconf 79' lang='grc' dir='ltr'>καὶ</span> <span class='ocrx_word' id='word_1_627' title='bbox 2831 2992 3177 3046; x_wconf 73' lang='grc' dir='ltr'>ἀναπαύου·</span> <span class='ocrx_word' id='word_1_628' title='bbox 3226 2994 3313 3047; x_wconf 75' lang='grc' dir='ltr'>ἔτι</span> 
     </span>
    </p>
   </div>
   <div class='ocr_carea' id='block_1_86' title="bbox 1763 3080 3311 3153">
    <p class='ocr_par' dir='ltr' id='par_1_86' title="bbox 1763 3080 3311 3153">
     <span class='ocr_line' id='line_1_86' title="bbox 1763 3080 3311 3153; baseline 0.007 -21"><span class='ocrx_word' id='word_1_629' title='bbox 1763 3080 1874 3149; x_wconf 81' lang='grc' dir='ltr'>γὰρ</span> <span class='ocrx_word' id='word_1_630' title='bbox 1920 3082 2127 3150; x_wconf 72' lang='grc' dir='ltr'>ἡμέραι</span> <span class='ocrx_word' id='word_1_631' title='bbox 2172 3086 2258 3148; x_wconf 78' lang='grc' dir='ltr'>εις</span> <span class='ocrx_word' id='word_1_632' title='bbox 2310 3086 2735 3153; x_wconf 78' lang='grc' dir='ltr'>ἀναπλήρωσιν</span> <span class='ocrx_word' id='word_1_633' title='bbox 2781 3090 3130 3153; x_wconf 80' lang='grc' dir='ltr'>συντελείας</span> <span class='ocrx_word' id='word_1_634' title='bbox 3152 3105 3165 3118; x_wconf 91' lang='grc'><strong>·</strong></span> <span class='ocrx_word' id='word_1_635' title='bbox 3214 3093 3311 3145; x_wconf 78' lang='grc' dir='ltr'>καὶ</span> 
     </span>
    </p>
   </div>
   <div class='ocr_carea' id='block_1_87' title="bbox 1765 3181 3313 3257">
    <p class='ocr_par' dir='ltr' id='par_1_87' title="bbox 1765 3181 3313 3257">
     <span class='ocr_line' id='line_1_87' title="bbox 1765 3181 3313 3257; baseline 0.006 -24"><span class='ocrx_word' id='word_1_636' title='bbox 1765 3181 2134 3243; x_wconf 82' lang='grc' dir='ltr'>ἀναπαύσεις</span> <span class='ocrx_word' id='word_1_637' title='bbox 2168 3183 2272 3234; x_wconf 83' lang='grc' dir='ltr'>τὸν</span> <span class='ocrx_word' id='word_1_638' title='bbox 2301 3186 2505 3249; x_wconf 83' lang='grc' dir='ltr'>καιρόν</span> <span class='ocrx_word' id='word_1_639' title='bbox 2534 3201 2646 3238; x_wconf 90' lang='grc' dir='ltr'>σου</span> <span class='ocrx_word' id='word_1_640' title='bbox 2674 3188 2759 3251; x_wconf 75' lang='grc' dir='ltr'>εἰς</span> <span class='ocrx_word' id='word_1_641' title='bbox 2787 3188 3139 3242; x_wconf 76' lang='grc' dir='ltr'>συντέλειαν</span> <span class='ocrx_word' id='word_1_642' title='bbox 3171 3190 3313 3257; x_wconf 80' lang='grc' dir='ltr'>ἠμε-</span> 
     </span>
    </p>
   </div>
   <div class='ocr_carea' id='block_1_88' title="bbox 1757 3279 3314 3358">
    <p class='ocr_par' dir='ltr' id='par_1_88' title="bbox 1757 3279 3314 3358">
     <span class='ocr_line' id='line_1_88' title="bbox 1757 3279 3314 3358; baseline 0.006 -26"><span class='ocrx_word' id='word_1_643' title='bbox 1757 3279 1901 3346; x_wconf 83' lang='grc' dir='ltr'>ρῶν.</span> <span class='ocrx_word' id='word_1_644' title='bbox 1934 3282 2039 3333; x_wconf 73' lang='grc' dir='ltr'>Καὶ</span> <span class='ocrx_word' id='word_1_645' title='bbox 2066 3284 2149 3343; x_wconf 83' lang='grc' dir='ltr'>σὺ,</span> <span class='ocrx_word' id='word_1_646' title='bbox 2181 3284 2331 3350; x_wconf 71' lang='grc' dir='ltr'>φησὶ,</span> <span class='ocrx_word' id='word_1_647' title='bbox 2358 3285 2604 3337; x_wconf 85' lang='grc' dir='ltr'>κάθισον·</span> <span class='ocrx_word' id='word_1_648' title='bbox 2642 3288 2778 3355; x_wconf 84' lang='grc' dir='ltr'>μετὰ</span> <span class='ocrx_word' id='word_1_649' title='bbox 2802 3288 2907 3358; x_wconf 89' lang='grc' dir='ltr'>γάρ</span> <span class='ocrx_word' id='word_1_650' title='bbox 2939 3290 3123 3358; x_wconf 90' lang='grc' dir='ltr'>χρόνον</span> <span class='ocrx_word' id='word_1_651' title='bbox 3148 3290 3314 3342; x_wconf 84' lang='grc' dir='ltr'>πολὺν</span> 
     </span>
    </p>
   </div>
   <div class='ocr_carea' id='block_1_89' title="bbox 1764 3384 3317 3464">
    <p class='ocr_par' dir='ltr' id='par_1_89' title="bbox 1764 3384 3317 3464">
     <span class='ocr_line' id='line_1_89' title="bbox 1764 3384 3317 3464; baseline 0.006 -27"><span class='ocrx_word' id='word_1_652' title='bbox 1764 3384 1937 3437; x_wconf 85' lang='grc' dir='ltr'>ταῦτά</span> <span class='ocrx_word' id='word_1_653' title='bbox 1967 3386 2131 3438; x_wconf 86' lang='grc' dir='ltr'>ἐστιν.</span> <span class='ocrx_word' id='word_1_654' title='bbox 2176 3388 2315 3456; x_wconf 80' lang='grc' dir='ltr'>Ἀρα</span> <span class='ocrx_word' id='word_1_655' title='bbox 2341 3388 2400 3439; x_wconf 80' lang='grc' dir='ltr'>οὐ</span> <span class='ocrx_word' id='word_1_656' title='bbox 2441 3390 2565 3459; x_wconf 81' lang='grc' dir='ltr'>περὶ</span> <span class='ocrx_word' id='word_1_657' title='bbox 2606 3391 2702 3459; x_wconf 83' lang='grc' dir='ltr'>τῆς</span> <span class='ocrx_word' id='word_1_658' title='bbox 2734 3392 2918 3445; x_wconf 86' lang='grc' dir='ltr'>ἀνόδου</span> <span class='ocrx_word' id='word_1_659' title='bbox 2950 3393 3152 3464; x_wconf 83' lang='grc' dir='ltr'>θρηνεῖ,</span> <span class='ocrx_word' id='word_1_660' title='bbox 3180 3395 3317 3447; x_wconf 79' lang='grc' dir='ltr'>ἀλλά</span> 
     </span>
    </p>
   </div>
   <div class='ocr_carea' id='block_1_90' title="bbox 1767 3484 2931 3555">
    <p class='ocr_par' dir='ltr' id='par_1_90' title="bbox 1767 3484 2931 3555">
     <span class='ocr_line' id='line_1_90' title="bbox 1767 3484 2931 3555; baseline 0.008 -21"><span class='ocrx_word' id='word_1_661' title='bbox 1767 3484 1903 3553; x_wconf 87' lang='grc' dir='ltr'>μετά</span> <span class='ocrx_word' id='word_1_662' title='bbox 1939 3484 1998 3535; x_wconf 86' lang='grc' dir='ltr'>τὸ</span> <span class='ocrx_word' id='word_1_663' title='bbox 2030 3484 2268 3536; x_wconf 88' lang='grc' dir='ltr'>ἀνελθεῖν</span> <span class='ocrx_word' id='word_1_664' title='bbox 2296 3487 2420 3555; x_wconf 83' lang='grc' dir='ltr'>περὶ</span> <span class='ocrx_word' id='word_1_665' title='bbox 2446 3487 2553 3538; x_wconf 86' lang='grc' dir='ltr'>τῶν</span> <span class='ocrx_word' id='word_1_666' title='bbox 2589 3489 2931 3544; x_wconf 89' lang='grc' dir='ltr'>ἀνελθόντων.</span> 
     </span>
    </p>
   </div>
   <div class='ocr_carea' id='block_1_91' title="bbox 2258 3598 2809 3669">
    <p class='ocr_par' dir='ltr' id='par_1_91' title="bbox 2258 3598 2809 3669">
     <span class='ocr_line' id='line_1_91' title="bbox 2258 3598 2809 3669; baseline 0.007 -18"><span class='ocrx_word' id='word_1_667' title='bbox 2258 3598 2408 3669; x_wconf 73' lang='lat'><strong>[255]</strong></span> <span class='ocrx_word' id='word_1_668' title='bbox 2438 3601 2682 3653; x_wconf 81' lang='grc' dir='ltr'>ΚΕΦΑΛ.</span> <span class='ocrx_word' id='word_1_669' title='bbox 2713 3603 2809 3656; x_wconf 75' lang='lat' dir='ltr'><strong><em>ll&quot;.</em></strong></span> 
     </span>
    </p>
   </div>
   <div class='ocr_carea' id='block_1_92' title="bbox 1834 3714 3316 3790">
    <p class='ocr_par' dir='ltr' id='par_1_92' title="bbox 1834 3714 3316 3790">
     <span class='ocr_line' id='line_1_92' title="bbox 1834 3714 3316 3790; baseline 0.006 -23"><span class='ocrx_word' id='word_1_670' title='bbox 1834 3714 1939 3767; x_wconf 84' lang='lat' dir='ltr'>Kal</span> <span class='ocrx_word' id='word_1_671' title='bbox 1991 3716 2023 3766; x_wconf 86' lang='grc' dir='ltr'>ό</span> <span class='ocrx_word' id='word_1_672' title='bbox 2074 3714 2369 3779; x_wconf 81' lang='grc' dir='ltr'>,βασιλεὺς</span> <span class='ocrx_word' id='word_1_673' title='bbox 2411 3716 2740 3785; x_wconf 84' lang='grc' dir='ltr'>Ἀστυάγης</span> <span class='ocrx_word' id='word_1_674' title='bbox 2792 3720 3115 3789; x_wconf 82' lang='grc' dir='ltr'>προσετέθη</span> <span class='ocrx_word' id='word_1_675' title='bbox 3167 3725 3316 3790; x_wconf 83' lang='grc' dir='ltr'>πρὸς</span> 
     </span>
    </p>
   </div>
   <div class='ocr_carea' id='block_1_93' title="bbox 1764 3812 3316 3888">
    <p class='ocr_par' dir='ltr' id='par_1_93' title="bbox 1764 3812 3316 3888">
     <span class='ocr_line' id='line_1_93' title="bbox 1764 3812 3316 3888; baseline 0.005 -21"><span class='ocrx_word' id='word_1_676' title='bbox 1764 3814 1903 3878; x_wconf 85' lang='grc' dir='ltr'>τοὺς</span> <span class='ocrx_word' id='word_1_677' title='bbox 1942 3812 2196 3878; x_wconf 83' lang='grc' dir='ltr'>πατέρας</span> <span class='ocrx_word' id='word_1_678' title='bbox 2246 3814 2428 3867; x_wconf 83' lang='grc' dir='ltr'>αὑτοῦ</span> <span class='ocrx_word' id='word_1_679' title='bbox 2451 3832 2463 3843; x_wconf 89' lang='grc'><strong>·</strong></span> <span class='ocrx_word' id='word_1_680' title='bbox 2507 3816 2603 3868; x_wconf 78' lang='grc' dir='ltr'>καὶ</span> <span class='ocrx_word' id='word_1_681' title='bbox 2668 3817 3001 3884; x_wconf 79' lang='grc' dir='ltr'>παρέλαθεν</span> <span class='ocrx_word' id='word_1_682' title='bbox 3039 3821 3231 3888; x_wconf 81' lang='grc' dir='ltr'>Κῦρος</span> <span class='ocrx_word' id='word_1_683' title='bbox 3282 3826 3316 3875; x_wconf 78' lang='lat' dir='ltr'><strong>d</strong></span> 
     </span>
    </p>
   </div>
   <div class='ocr_carea' id='block_1_94' title="bbox 1764 3911 3315 3988">
    <p class='ocr_par' dir='ltr' id='par_1_94' title="bbox 1764 3911 3315 3988">
     <span class='ocr_line' id='line_1_94' title="bbox 1764 3911 3315 3988; baseline 0.006 -24"><span class='ocrx_word' id='word_1_684' title='bbox 1764 3911 1999 3980; x_wconf 82' lang='grc' dir='ltr'>Πέρσης</span> <span class='ocrx_word' id='word_1_685' title='bbox 2048 3912 2161 3979; x_wconf 83' lang='grc' dir='ltr'>τὴν</span> <span class='ocrx_word' id='word_1_686' title='bbox 2201 3914 2525 3975; x_wconf 74' lang='grc' dir='ltr'>,ϐασιλείαν</span> <span class='ocrx_word' id='word_1_687' title='bbox 2573 3918 2776 3971; x_wconf 85' lang='grc' dir='ltr'>αὐτοῦ.</span> <span class='ocrx_word' id='word_1_688' title='bbox 2810 3919 2916 3970; x_wconf 88' lang='lat' dir='ltr'>Kal</span> <span class='ocrx_word' id='word_1_689' title='bbox 2974 3915 3051 3987; x_wconf 84' lang='grc' dir='ltr'>ἦν</span> <span class='ocrx_word' id='word_1_690' title='bbox 3094 3920 3315 3988; x_wconf 72' lang='grc' dir='ltr'>Δανιὴλ</span> 
     </span>
    </p>
   </div>
   <div class='ocr_carea' id='block_1_95' title="bbox 1765 4015 3317 4093">
    <p class='ocr_par' dir='ltr' id='par_1_95' title="bbox 1765 4015 3317 4093">
     <span class='ocr_line' id='line_1_95' title="bbox 1765 4015 3317 4093; baseline 0.007 -27"><span class='ocrx_word' id='word_1_691' title='bbox 1765 4015 2097 4082; x_wconf 81' lang='grc' dir='ltr'>συμϐιώτης</span> <span class='ocrx_word' id='word_1_692' title='bbox 2162 4015 2267 4067; x_wconf 89' lang='grc' dir='ltr'>τοῦ</span> <span class='ocrx_word' id='word_1_693' title='bbox 2309 4016 2647 4082; x_wconf 72' lang='grc' dir='ltr'>βασιλέως,</span> <span class='ocrx_word' id='word_1_694' title='bbox 2712 4020 2809 4071; x_wconf 76' lang='grc' dir='ltr'>καὶ</span> <span class='ocrx_word' id='word_1_695' title='bbox 2862 4020 3107 4087; x_wconf 74' lang='grc' dir='ltr'>ἔνδοξος</span> <span class='ocrx_word' id='word_1_696' title='bbox 3168 4026 3317 4093; x_wconf 69' lang='grc' dir='ltr'>ὑπὲρ</span> 
     </span>
    </p>
   </div>
   <div class='ocr_carea' id='block_1_96' title="bbox 1765 4113 3317 4193">
    <p class='ocr_par' dir='ltr' id='par_1_96' title="bbox 1765 4113 3317 4193">
     <span class='ocr_line' id='line_1_96' title="bbox 1765 4113 3317 4193; baseline 0.008 -29"><span class='ocrx_word' id='word_1_697' title='bbox 1765 4113 1993 4176; x_wconf 83' lang='grc' dir='ltr'>πάντας</span> <span class='ocrx_word' id='word_1_698' title='bbox 2011 4113 2149 4178; x_wconf 84' lang='grc' dir='ltr'>τοὺς</span> <span class='ocrx_word' id='word_1_699' title='bbox 2175 4114 2389 4180; x_wconf 72' lang='grc' dir='ltr'>φίλους</span> <span class='ocrx_word' id='word_1_700' title='bbox 2426 4116 2631 4169; x_wconf 86' lang='grc' dir='ltr'>αὐτοῦ.</span> <span class='ocrx_word' id='word_1_701' title='bbox 2662 4116 2741 4169; x_wconf 87' lang='grc' dir='ltr'>Τὰ</span> <span class='ocrx_word' id='word_1_702' title='bbox 2764 4119 2902 4171; x_wconf 84' lang='grc' dir='ltr'>κατά</span> <span class='ocrx_word' id='word_1_703' title='bbox 2926 4121 3015 4172; x_wconf 90' lang='grc' dir='ltr'>τὸν</span> <span class='ocrx_word' id='word_1_704' title='bbox 3050 4121 3155 4193; x_wconf 82' lang='grc' dir='ltr'>Βὴλ</span> <span class='ocrx_word' id='word_1_705' title='bbox 3184 4124 3317 4193; x_wconf 87' lang='grc' dir='ltr'>ήμῖν</span> 
     </span>
    </p>
   </div>
   <div class='ocr_carea' id='block_1_97' title="bbox 1765 4210 3315 4287">
    <p class='ocr_par' dir='ltr' id='par_1_97' title="bbox 1765 4210 3315 4287">
     <span class='ocr_line' id='line_1_97' title="bbox 1765 4210 3315 4287; baseline 0.006 -24"><span class='ocrx_word' id='word_1_706' title='bbox 1765 4210 2066 4280; x_wconf 77' lang='grc' dir='ltr'>ἀνέγραψεν</span> <span class='ocrx_word' id='word_1_707' title='bbox 2092 4212 2119 4263; x_wconf 83' lang='grc' dir='ltr'>ὁ</span> <span class='ocrx_word' id='word_1_708' title='bbox 2144 4213 2360 4281; x_wconf 89' lang='grc' dir='ltr'>Δανιήλ.</span> <span class='ocrx_word' id='word_1_709' title='bbox 2399 4216 2521 4281; x_wconf 87' lang='grc' dir='ltr'>Οὐχ</span> <span class='ocrx_word' id='word_1_710' title='bbox 2553 4214 2715 4281; x_wconf 78' lang='grc' dir='ltr'>ὁρᾷς,</span> <span class='ocrx_word' id='word_1_711' title='bbox 2764 4219 2914 4287; x_wconf 76' lang='grc' dir='ltr'>φησὶ,</span> <span class='ocrx_word' id='word_1_712' title='bbox 2946 4220 3106 4271; x_wconf 89' lang='grc' dir='ltr'>πόσα</span> <span class='ocrx_word' id='word_1_713' title='bbox 3129 4220 3315 4273; x_wconf 78' lang='grc' dir='ltr'>ἐσθίει</span> 
     </span>
    </p>
   </div>
   <div class='ocr_carea' id='block_1_98' title="bbox 1765 4308 3319 4384">
    <p class='ocr_par' dir='ltr' id='par_1_98' title="bbox 1765 4308 3319 4384">
     <span class='ocr_line' id='line_1_98' title="bbox 1765 4308 3319 4384; baseline 0.005 -22"><span class='ocrx_word' id='word_1_714' title='bbox 1765 4308 1863 4362; x_wconf 80' lang='grc' dir='ltr'>καὶ</span> <span class='ocrx_word' id='word_1_715' title='bbox 1895 4311 2092 4371; x_wconf 84' lang='grc' dir='ltr'>πίνει;</span> <span class='ocrx_word' id='word_1_716' title='bbox 2140 4310 2329 4375; x_wconf 69' lang='grc' dir='ltr'>Βαϐαῖ,</span> <span class='ocrx_word' id='word_1_717' title='bbox 2360 4312 2543 4381; x_wconf 86' lang='grc' dir='ltr'>ήλίκον</span> <span class='ocrx_word' id='word_1_718' title='bbox 2573 4316 2868 4383; x_wconf 87' lang='grc' dir='ltr'>τεκμήριον</span> <span class='ocrx_word' id='word_1_719' title='bbox 2897 4315 3035 4377; x_wconf 83' lang='grc' dir='ltr'>θεοῦ,</span> <span class='ocrx_word' id='word_1_720' title='bbox 3065 4317 3156 4368; x_wconf 76' lang='grc' dir='ltr'>καὶ</span> <span class='ocrx_word' id='word_1_721' title='bbox 3182 4317 3319 4384; x_wconf 85' lang='grc' dir='ltr'>γνώ-</span> 
     </span>
    </p>
   </div>
   <div class='ocr_carea' id='block_1_99' title="bbox 1769 4410 3313 4484">
    <p class='ocr_par' dir='ltr' id='par_1_99' title="bbox 1769 4410 3313 4484">
     <span class='ocr_line' id='line_1_99' title="bbox 1769 4410 3313 4484; baseline 0.005 -24"><span class='ocrx_word' id='word_1_722' title='bbox 1769 4427 1958 4480; x_wconf 89' lang='grc' dir='ltr'>ρισμα,</span> <span class='ocrx_word' id='word_1_723' title='bbox 1976 4410 2036 4463; x_wconf 84' lang='grc' dir='ltr'>τὸ</span> <span class='ocrx_word' id='word_1_724' title='bbox 2062 4410 2228 4463; x_wconf 90' lang='grc' dir='ltr'>πολλά</span> <span class='ocrx_word' id='word_1_725' title='bbox 2247 4411 2443 4463; x_wconf 85' lang='grc' dir='ltr'>ἐσθίειν</span> <span class='ocrx_word' id='word_1_726' title='bbox 2462 4415 2553 4463; x_wconf 75' lang='grc' dir='ltr'>καὶ</span> <span class='ocrx_word' id='word_1_727' title='bbox 2577 4412 2766 4464; x_wconf 87' lang='grc' dir='ltr'>πίνειν.</span> <span class='ocrx_word' id='word_1_728' title='bbox 2786 4414 2841 4465; x_wconf 90' lang='lat'>&#39;0</span> <span class='ocrx_word' id='word_1_729' title='bbox 2858 4414 3052 4484; x_wconf 82' lang='grc' dir='ltr'>Δανιὴλ</span> <span class='ocrx_word' id='word_1_730' title='bbox 3080 4417 3175 4467; x_wconf 76' lang='grc' dir='ltr'>οὐκ</span> <span class='ocrx_word' id='word_1_731' title='bbox 3195 4413 3313 4468; x_wconf 81' lang='grc' dir='ltr'>εἶπε</span> 
     </span>
    </p>
   </div>
   <div class='ocr_carea' id='block_1_100' title="bbox 1766 4508 3320 4586">
    <p class='ocr_par' dir='ltr' id='par_1_100' title="bbox 1766 4508 3320 4586">
     <span class='ocr_line' id='line_1_100' title="bbox 1766 4508 3320 4586; baseline 0.005 -26"><span class='ocrx_word' id='word_1_732' title='bbox 1766 4508 1920 4560; x_wconf 89' lang='grc' dir='ltr'>τοῦτο</span> <span class='ocrx_word' id='word_1_733' title='bbox 1946 4520 1974 4548; x_wconf 69' lang='grc' dir='ltr'>ι</span> <span class='ocrx_word' id='word_1_734' title='bbox 2000 4524 2014 4539; x_wconf 89' lang='grc'><strong>·</strong></span> <span class='ocrx_word' id='word_1_735' title='bbox 2098 4508 2264 4561; x_wconf 89' lang='grc' dir='ltr'>Τοῦτο</span> <span class='ocrx_word' id='word_1_736' title='bbox 2291 4508 2381 4561; x_wconf 82' lang='grc' dir='ltr'>οὖν</span> <span class='ocrx_word' id='word_1_737' title='bbox 2419 4509 2565 4566; x_wconf 80' lang='grc' dir='ltr'>Θεὸς.</span> <span class='ocrx_word' id='word_1_738' title='bbox 2595 4509 2713 4561; x_wconf 83' lang='grc' dir='ltr'>εἰπέ</span> <span class='ocrx_word' id='word_1_739' title='bbox 2744 4528 2829 4579; x_wconf 90' lang='grc' dir='ltr'>μοι</span> <span class='ocrx_word' id='word_1_740' title='bbox 2854 4528 2867 4576; x_wconf 89' lang='grc'>;</span> <span class='ocrx_word' id='word_1_741' title='bbox 2959 4512 3184 4583; x_wconf 83' lang='grc' dir='ltr'>ἀσθενὴς</span> <span class='ocrx_word' id='word_1_742' title='bbox 3208 4515 3320 4586; x_wconf 75' lang='grc' dir='ltr'>γὰρ</span> 
     </span>
    </p>
   </div>
   <div class='ocr_carea' id='block_1_101' title="bbox 1766 4601 3315 4679">
    <p class='ocr_par' dir='ltr' id='par_1_101' title="bbox 1766 4601 3315 4679">
     <span class='ocr_line' id='line_1_101' title="bbox 1766 4601 3315 4679; baseline 0.006 -23"><span class='ocrx_word' id='word_1_743' title='bbox 1766 4601 1833 4676; x_wconf 77' lang='grc' dir='ltr'>ἦν</span> <span class='ocrx_word' id='word_1_744' title='bbox 1866 4608 2099 4669; x_wconf 75' lang='grc' dir='ltr'>ἐκεῖνος’</span> <span class='ocrx_word' id='word_1_745' title='bbox 2154 4608 2267 4659; x_wconf 86' lang='grc' dir='ltr'>ἀλλ’</span> <span class='ocrx_word' id='word_1_746' title='bbox 2298 4609 2359 4658; x_wconf 79' lang='grc' dir='ltr'>ἐκ</span> <span class='ocrx_word' id='word_1_747' title='bbox 2392 4606 2700 4675; x_wconf 87' lang='grc' dir='ltr'>περιουσίας</span> <span class='ocrx_word' id='word_1_748' title='bbox 2731 4609 2996 4679; x_wconf 75' lang='grc' dir='ltr'>ἐνίκησεν.</span> <span class='ocrx_word' id='word_1_749' title='bbox 3040 4612 3178 4679; x_wconf 85' lang='grc' dir='ltr'>Ἐγώ</span> <span class='ocrx_word' id='word_1_750' title='bbox 3234 4630 3315 4666; x_wconf 88' lang='grc' dir='ltr'>σοι</span> 
     </span>
    </p>
   </div>
   <div class='ocr_carea' id='block_1_102' title="bbox 1768 4704 3317 4781">
    <p class='ocr_par' dir='ltr' id='par_1_102' title="bbox 1768 4704 3317 4781">
     <span class='ocr_line' id='line_1_102' title="bbox 1768 4704 3317 4781; baseline 0.006 -26"><span class='ocrx_word' id='word_1_751' title='bbox 1768 4704 1855 4755; x_wconf 88' lang='grc' dir='ltr'>τὸν</span> <span class='ocrx_word' id='word_1_752' title='bbox 1887 4704 2016 4756; x_wconf 80' lang='grc' dir='ltr'>Θεὸν</span> <span class='ocrx_word' id='word_1_753' title='bbox 2060 4704 2190 4775; x_wconf 88' lang='grc' dir='ltr'>[τὸν]</span> <span class='ocrx_word' id='word_1_754' title='bbox 2228 4705 2484 4756; x_wconf 88' lang='grc' dir='ltr'>κτίσαντα</span> <span class='ocrx_word' id='word_1_755' title='bbox 2515 4708 2605 4758; x_wconf 87' lang='grc' dir='ltr'>τὸν</span> <span class='ocrx_word' id='word_1_756' title='bbox 2643 4707 2869 4776; x_wconf 81' lang='grc' dir='ltr'>οὐρανὸν</span> <span class='ocrx_word' id='word_1_757' title='bbox 2906 4708 3047 4777; x_wconf 90' lang='grc' dir='ltr'>λέγω</span> <span class='ocrx_word' id='word_1_758' title='bbox 3097 4712 3189 4764; x_wconf 81' lang='grc' dir='ltr'>καὶ</span> <span class='ocrx_word' id='word_1_759' title='bbox 3218 4713 3317 4781; x_wconf 79' lang='grc' dir='ltr'>τὴν</span> 
     </span>
    </p>
   </div>
   <div class='ocr_carea' id='block_1_103' title="bbox 1767 4804 3317 4878">
    <p class='ocr_par' dir='ltr' id='par_1_103' title="bbox 1767 4804 3317 4878">
     <span class='ocr_line' id='line_1_103' title="bbox 1767 4804 3317 4878; baseline 0.019 -38"><span class='ocrx_word' id='word_1_760' title='bbox 1767 4804 1903 4870; x_wconf 77' lang='grc' dir='ltr'>γῆν·</span> <span class='ocrx_word' id='word_1_761' title='bbox 1937 4807 1999 4856; x_wconf 77' lang='grc' dir='ltr'>σὺ</span> <span class='ocrx_word' id='word_1_762' title='bbox 2029 4804 2083 4854; x_wconf 80' lang='grc' dir='ltr'>δέ</span> <span class='ocrx_word' id='word_1_763' title='bbox 2127 4821 2213 4871; x_wconf 87' lang='grc' dir='ltr'>μοι</span> <span class='ocrx_word' id='word_1_764' title='bbox 2252 4804 2487 4873; x_wconf 83' lang='grc' dir='ltr'>γαστέρα</span> <span class='ocrx_word' id='word_1_765' title='bbox 2544 4806 2873 4875; x_wconf 86' lang='grc' dir='ltr'>μαινομένην</span> <span class='ocrx_word' id='word_1_766' title='bbox 2923 4808 3186 4878; x_wconf 87' lang='grc' dir='ltr'>παράγεις</span> <span class='ocrx_word' id='word_1_767' title='bbox 3238 4812 3317 4871; x_wconf 73' lang='grc' dir='ltr'>εἰς</span> 
     </span>
    </p>
   </div>
   <div class='ocr_carea' id='block_1_104' title="bbox 1773 4902 3315 4976">
    <p class='ocr_par' dir='ltr' id='par_1_104' title="bbox 1773 4902 3315 4976">
     <span class='ocr_line' id='line_1_104' title="bbox 1773 4902 3315 4976; baseline 0.005 -25"><span class='ocrx_word' id='word_1_768' title='bbox 1773 4902 1931 4970; x_wconf 88' lang='grc' dir='ltr'>μέσον</span> <span class='ocrx_word' id='word_1_769' title='bbox 1955 4920 1969 4965; x_wconf 90' lang='grc'><strong>;</strong></span> <span class='ocrx_word' id='word_1_770' title='bbox 1994 4902 2161 4953; x_wconf 84' lang='grc' dir='ltr'>Τοῦτο</span> <span class='ocrx_word' id='word_1_771' title='bbox 2195 4903 2423 4971; x_wconf 87' lang='grc' dir='ltr'>μάλιστα</span> <span class='ocrx_word' id='word_1_772' title='bbox 2439 4904 2535 4955; x_wconf 76' lang='grc' dir='ltr'>οὐκ</span> <span class='ocrx_word' id='word_1_773' title='bbox 2558 4904 2621 4955; x_wconf 87' lang='grc' dir='ltr'>ἂν</span> <span class='ocrx_word' id='word_1_774' title='bbox 2642 4905 2726 4972; x_wconf 74' lang='grc' dir='ltr'>εἴη</span> <span class='ocrx_word' id='word_1_775' title='bbox 2758 4904 2920 4956; x_wconf 78' lang='grc' dir='ltr'>Θεοῦο</span> <span class='ocrx_word' id='word_1_776' title='bbox 2955 4905 3083 4967; x_wconf 86' lang='grc' dir='ltr'>Θεὸς</span> <span class='ocrx_word' id='word_1_777' title='bbox 3114 4907 3219 4976; x_wconf 83' lang='grc' dir='ltr'>γὰρ</span> <span class='ocrx_word' id='word_1_778' title='bbox 3254 4908 3315 4959; x_wconf 81' lang='grc' dir='ltr'>οὐ</span> 
     </span>
    </p>
   </div>
   <div class='ocr_carea' id='block_1_105' title="bbox 1771 5000 3315 5073">
    <p class='ocr_par' dir='ltr' id='par_1_105' title="bbox 1771 5000 3315 5073">
     <span class='ocr_line' id='line_1_105' title="bbox 1771 5000 3315 5073; baseline 0.005 -23"><span class='ocrx_word' id='word_1_779' title='bbox 1771 5000 2030 5062; x_wconf 85' lang='grc' dir='ltr'>πεινάσει,</span> <span class='ocrx_word' id='word_1_780' title='bbox 2044 5000 2103 5051; x_wconf 82' lang='grc' dir='ltr'>οὐ</span> <span class='ocrx_word' id='word_1_781' title='bbox 2122 5002 2389 5055; x_wconf 86' lang='grc' dir='ltr'>κοπιάσει.</span> <span class='ocrx_word' id='word_1_782' title='bbox 2407 5001 2541 5053; x_wconf 81' lang='grc' dir='ltr'>Ἀλλ’</span> <span class='ocrx_word' id='word_1_783' title='bbox 2559 5003 2617 5053; x_wconf 86' lang='grc' dir='ltr'>οὐ</span> <span class='ocrx_word' id='word_1_784' title='bbox 2642 5002 3001 5069; x_wconf 81' lang='grc' dir='ltr'>βούλεταιάπὸ</span> <span class='ocrx_word' id='word_1_785' title='bbox 3021 5003 3315 5073; x_wconf 83' lang='grc' dir='ltr'>λογισμῶν,</span> 
     </span>
    </p>
   </div>
   <div class='ocr_carea' id='block_1_106' title="bbox 2098 4506 2867 4579">
    <p class='ocr_par' dir='ltr' id='par_1_106' title="bbox 2098 4506 2867 4579">
     <span class='ocr_line' id='line_1_106' title="bbox 2098 4506 2867 4579; baseline 0.003 -19"><span class='ocrx_word' id='word_1_786' title='bbox 2098 4508 2264 4561; x_wconf 90' lang='grc' dir='ltr'>Τοῦτο</span> <span class='ocrx_word' id='word_1_787' title='bbox 2291 4506 2381 4561; x_wconf 83' lang='grc' dir='ltr'>οὖν</span> <span class='ocrx_word' id='word_1_788' title='bbox 2419 4509 2565 4566; x_wconf 80' lang='grc' dir='ltr'>Θεὸς,</span> <span class='ocrx_word' id='word_1_789' title='bbox 2595 4509 2713 4561; x_wconf 83' lang='grc' dir='ltr'>εἰπέ</span> <span class='ocrx_word' id='word_1_790' title='bbox 2744 4528 2829 4579; x_wconf 90' lang='grc' dir='ltr'>μοι</span> <span class='ocrx_word' id='word_1_791' title='bbox 2854 4528 2867 4576; x_wconf 91' lang='grc'>;</span> 
     </span>
    </p>
   </div>
   <div class='ocr_carea' id='block_1_107' title="bbox 1769 5100 3317 5173">
    <p class='ocr_par' dir='ltr' id='par_1_107' title="bbox 1769 5100 3317 5173">
     <span class='ocr_line' id='line_1_107' title="bbox 1769 5100 3317 5173; baseline 0.001 -19"><span class='ocrx_word' id='word_1_792' title='bbox 1769 5101 1899 5154; x_wconf 86' lang='grc' dir='ltr'>ἀλλά</span> <span class='ocrx_word' id='word_1_793' title='bbox 1932 5100 2037 5153; x_wconf 78' lang='grc' dir='ltr'>ἀπὸ</span> <span class='ocrx_word' id='word_1_794' title='bbox 2088 5102 2421 5170; x_wconf 84' lang='grc' dir='ltr'>πραγμάτων</span> <span class='ocrx_word' id='word_1_795' title='bbox 2452 5104 2623 5171; x_wconf 82' lang='grc' dir='ltr'>νικᾷν.</span> <span class='ocrx_word' id='word_1_796' title='bbox 2671 5102 2777 5153; x_wconf 91' lang='lat' dir='ltr'>Kal</span> <span class='ocrx_word' id='word_1_797' title='bbox 2817 5102 3081 5171; x_wconf 86' lang='grc' dir='ltr'>τιμωρίαν</span> <span class='ocrx_word' id='word_1_798' title='bbox 3121 5102 3317 5173; x_wconf 79' lang='grc' dir='ltr'>ὥρισεν</span> 
     </span>
    </p>
   </div>
   <div class='ocr_carea' id='block_1_108' title="bbox 1770 5196 3317 5269">
    <p class='ocr_par' dir='ltr' id='par_1_108' title="bbox 1770 5196 3317 5269">
     <span class='ocr_line' id='line_1_108' title="bbox 1770 5196 3317 5269; baseline 0 -20"><span class='ocrx_word' id='word_1_799' title='bbox 1770 5198 1926 5259; x_wconf 73' lang='grc' dir='ltr'>αὐτὸς</span> <span class='ocrx_word' id='word_1_800' title='bbox 1952 5198 1979 5249; x_wconf 85' lang='grc' dir='ltr'>ὁ</span> <span class='ocrx_word' id='word_1_801' title='bbox 2008 5196 2273 5265; x_wconf 76' lang='grc' dir='ltr'>βασιλεὺς.</span> <span class='ocrx_word' id='word_1_802' title='bbox 2300 5198 2454 5259; x_wconf 89' lang='grc' dir='ltr'>Τίνος</span> <span class='ocrx_word' id='word_1_803' title='bbox 2481 5198 2659 5249; x_wconf 76' lang='grc' dir='ltr'>ἕνεκεν</span> <span class='ocrx_word' id='word_1_804' title='bbox 2684 5198 2804 5267; x_wconf 74' lang='grc' dir='ltr'>οὐχὶ</span> <span class='ocrx_word' id='word_1_805' title='bbox 2829 5198 3107 5269; x_wconf 87' lang='grc' dir='ltr'>παρόντων</span> <span class='ocrx_word' id='word_1_806' title='bbox 3128 5199 3317 5261; x_wconf 73' lang='grc' dir='ltr'>ἐσθίει,</span> 
     </span>
    </p>
   </div>
   <div class='ocr_carea' id='block_1_109' title="bbox 1769 5295 3314 5366">
    <p class='ocr_par' dir='ltr' id='par_1_109' title="bbox 1769 5295 3314 5366">
     <span class='ocr_line' id='line_1_109' title="bbox 1769 5295 3314 5366; baseline 0 -18"><span class='ocrx_word' id='word_1_807' title='bbox 1769 5297 1879 5348; x_wconf 86' lang='grc' dir='ltr'>ἀλλ’</span> <span class='ocrx_word' id='word_1_808' title='bbox 1910 5298 1966 5347; x_wconf 90' lang='grc' dir='ltr'>ἐν</span> <span class='ocrx_word' id='word_1_809' title='bbox 1982 5296 2133 5349; x_wconf 81' lang='grc' dir='ltr'>νυκτί</span> <span class='ocrx_word' id='word_1_810' title='bbox 2150 5313 2163 5361; x_wconf 91' lang='grc'><strong>;</strong></span> <span class='ocrx_word' id='word_1_811' title='bbox 2183 5297 2302 5359; x_wconf 82' lang='grc' dir='ltr'>Πῶς</span> <span class='ocrx_word' id='word_1_812' title='bbox 2320 5298 2510 5348; x_wconf 87' lang='grc' dir='ltr'>ἐκεῖνοι</span> <span class='ocrx_word' id='word_1_813' title='bbox 2529 5295 2751 5348; x_wconf 83' lang='grc' dir='ltr'>τοῦτοού</span> <span class='ocrx_word' id='word_1_814' title='bbox 2774 5297 3024 5362; x_wconf 86' lang='grc' dir='ltr'>συνεῖδον,</span> <span class='ocrx_word' id='word_1_815' title='bbox 3046 5299 3125 5351; x_wconf 82' lang='grc' dir='ltr'>ὅτι</span> <span class='ocrx_word' id='word_1_816' title='bbox 3147 5296 3314 5366; x_wconf 72' lang='grc' dir='ltr'>ἡμιλ-</span> 
     </span>
    </p>
   </div>
   <div class='ocr_carea' id='block_1_110' title="bbox 1836 5597 2829 5656">
    <p class='ocr_par' dir='ltr' id='par_1_110' title="bbox 1836 5597 2829 5656">
     <span class='ocr_line' id='line_1_110' title="bbox 1836 5597 2829 5656; baseline -0.004 -5"><span class='ocrx_word' id='word_1_817' title='bbox 1836 5605 1858 5631; x_wconf 64' lang='grc' dir='ltr'><strong>δ</strong></span> <span class='ocrx_word' id='word_1_818' title='bbox 1886 5602 2052 5650; x_wconf 79' lang='grc' dir='ltr'>Τοῦτο.</span> <span class='ocrx_word' id='word_1_819' title='bbox 2085 5600 2184 5652; x_wconf 75' lang='lat' dir='ltr'>Vox</span> <span class='ocrx_word' id='word_1_820' title='bbox 2204 5599 2406 5656; x_wconf 77' lang='lat' dir='ltr'>inutilis,</span> <span class='ocrx_word' id='word_1_821' title='bbox 2427 5597 2585 5646; x_wconf 81' lang='lat' dir='ltr'>forsan</span> <span class='ocrx_word' id='word_1_822' title='bbox 2607 5597 2829 5647; x_wconf 76' lang='lat' dir='ltr'>delenda.</span> 
     </span>
    </p>
   </div>
  </div>
