3990 6446
170 392 285 444 245

163 487 353 538 Daniel
384 482 602 537 conviva
632 480 769 549 regis
790 522 802 542 ,
828 488 880 533 et
908 479 1166 548 gloriosus
1192 490 1348 543 super
1376 496 1559 534 omnes
1588 483 1721 533 ami-

162 587 256 625 cos
285 575 420 636 ejus.
460 590 477 621 ι
515 571 641 635 Qua:
669 571 732 622 ad
766 570 944 622 Delum
988 578 1226 636 spectant
1256 567 1532 638 descripsit
1577 571 1729 623 nobis

166 664 373 716 Daniel.
408 664 457 715 5.
493 661 673 713 Nonne
697 662 850 724 vides,
885 659 1087 726 inquit,
1116 668 1303 725 quanta
1331 660 1553 710 comedat
1575 671 1619 710 et
1650 659 1726 711 bi-

166 750 291 803 bat?
318 752 381 802 Pa
393 765 489 817 [κε.
515 750 664 817 quale
686 755 1047 815 argumentum
1067 761 1127 799 ac
1147 747 1394 799 indicium
1417 747 1722 812 divinitatis,

166 841 335 893 multa
366 838 524 891 cdere
555 852 615 889 ac
656 836 871 889 bibere!
911 835 1088 888 Daniel
1120 850 1222 887 non
1257 835 1388 886 dixit
1419 850 1431 885 :
1465 834 1727 899 lloccine,

166 943 350 996 qurcso
371 969 384 991 ,
414 937 493 978 est
524 925 696 978 Deus?
724 923 1016 976 imbecillus
1043 924 1182 976 enim
1217 932 1329 975 erat
1372 937 1467 975 rex
1499 940 1511 974 :
1542 921 1636 974 sed
1664 938 1729 976 ex

165 1015 455 1068 abundanti
484 1014 626 1065 vicit.
661 1013 766 1080 Ego
798 1012 887 1065 tibi
935 1013 1092 1063 Deum
1120 1009 1259 1075 dico,
1288 1011 1375 1077 qui
1400 1012 1595 1063 creavit
1625 1026 1732 1063 cae-

169 1105 278 1156 lum
308 1113 361 1157 et
385 1111 610 1162 terram;
646 1111 699 1153 tu
728 1115 854 1153 vero
883 1098 1008 1151 mihi
1042 1108 1277 1150 ventrem
1308 1098 1515 1150 avidum
1545 1098 1731 1165 produ-

168 1194 249 1246 cis
290 1194 343 1245 in
395 1191 658 1245 medium?
689 1190 797 1242 Hoc
846 1189 1071 1241 maxime
1102 1188 1191 1240 Dei
1219 1202 1337 1240 esse
1384 1202 1485 1240 non
1514 1194 1686 1256 potest
1713 1201 1728 1238 :

169 1283 313 1335 Deus
357 1281 612 1349 siquidem
659 1295 761 1332 non
790 1278 1005 1343 esuriet,
1039 1294 1141 1330 non
1185 1277 1502 1345 fatigabitur.
1537 1278 1729 1331 Verum

173 1371 469 1422 rationibus
499 1368 815 1421 contendere
857 1382 958 1418 non
986 1366 1132 1430 vult,
1164 1366 1252 1418 sed
1279 1368 1434 1419 rebus
1464 1368 1643 1421 vincit.
1670 1367 1734 1421 Et

176 1459 491 1526 supplicium
538 1458 648 1523 ipse
693 1471 783 1509 rex
832 1454 1087 1507 definivit.
1131 1453 1243 1519 Qua
1287 1456 1352 1507 de
1380 1470 1537 1508 causa
1578 1455 1733 1509 Belus

172 1601 293 1635 vero
316 1600 376 1635 ex
404 1586 605 1649 Vulgata
624 1587 901 1649 apposuisse
925 1592 1083 1633 notam
1098 1585 1273 1649 capitis
1290 1597 1315 1649 ξ
1344 1584 1391 1649 id
1426 1584 1571 1631 etiam
1604 1591 1737 1649 patet

171 1661 239 1695 ex
267 1661 328 1694 eo
347 1648 471 1707 quod
496 1644 633 1706 capiti
659 1644 721 1707 l2
738 1646 981 1707 praeﬁxum
1000 1653 1073 1692 est
1097 1647 1143 1690 in
1158 1656 1268 1690 meo
1284 1644 1474 1707 Codice,
1490 1656 1550 1701 ιβ’.
1571 1652 1634 1707 ιδ’,
1649 1646 1737 1707 hoc

173 1716 270 1762 est,
311 1702 386 1753 12’⁸
427 1707 500 1753 Η.
545 1702 804 1753 Secundum
844 1706 970 1766 quod
1006 1711 1215 1751 notatum
1239 1702 1401 1766 velim,
1433 1705 1477 1766 in
1505 1716 1562 1749 ea
1584 1705 1736 1752 videri

173 1781 288 1813 esse
312 1767 552 1813 sententia
577 1775 786 1811 nostrum
808 1763 1050 1818 Joannem,
1074 1770 1129 1809 ut
1173 1763 1415 1810 existimet
1439 1763 1562 1809 hunc
1585 1766 1735 1811 versi-

170 1827 336 1873 culum
360 1827 607 1892 pcrtinere
641 1825 696 1871 ad
709 1825 960 1892 historiam
1000 1822 1114 1879 Beli,
1145 1828 1215 1892 et
1242 1824 1309 1892 ‘ad
1344 1822 1460 1892 Cyri.
1486 1830 1734 1890 tempora;

170 1899 270 1932 non
292 1881 454 1932 autem
478 1885 534 1931 ad
559 1886 797 1931 historiam
836 1890 1073 1938 Susannte,
1110 1890 1160 1929 et
1197 1882 1254 1927 ad
1286 1881 1490 1928 nanielis
1507 1881 1736 1938 juventu-

170 1951 275 2013 tem
302 1959 313 1991 ε
336 1945 471 2013 atqui
494 1957 632 2013 supra
656 1943 867 2013 't'ornl.._2,
895 1950 946 1990 et
969 1942 1162 1988 llomilia
1186 1943 1403 2013 prima‘lin
1427 1942 1738 2013 Psalrnum_50

172 2012 306 2050 Tom.
336 2006 383 2058 5,
408 2001 454 2050 in
480 2001 712 2049 contraria
729 2003 842 2056 abit,
870 2014 923 2049 ac
946 2015 1111 2061 parum
1134 2001 1454 2048 verisimiliter
1473 2003 1635 2048 scribit
1655 2010 1739 2061 Das

176 2063 359 2110 nieletn
378 2070 491 2109 tunc
510 2062 734 2120 temporis
755 2060 1084 2109 duodecimum
1107 2061 1258 2107 aetatis
1272 2073 1446 2106 annum
1465 2060 1737 2120 egisse,qui

1586 373 1649 427 lN
1690 358 2051 431 nA‘NIELsM.

3285 398 3393 450 246

1834 484 2004 550 palam
2028 493 2079 537 et
2099 492 2221 537 ante
2244 485 2423 538 oculos
2446 486 2678 540 omnium
2703 502 2805 541 non
2823 490 3068 556 comedit,
3095 494 3185 547 sed
3204 496 3385 549 noctu?

1833 572 2105 634 Quomodo
2128 573 2427 626 sacerdotes
2470 590 2573 627 non
2607 577 2989 643 perspiciebant
3034 594 3091 633 se
3118 595 3213 648 per
3239 595 3381 638 suam

1835 662 2087 714 fallaciam
2114 663 2406 715 convictum
2431 663 2528 715 iri?
2552 664 2770 727 Quando
2794 666 2927 719 Deus
2945 668 3230 737 dispensat,
3254 672 3383 725 nihil

1834 750 2059 803 mireris.
2090 750 2177 803 2i.
2206 750 2272 802 Et
2298 750 2474 803 occidit
2495 752 2627 814 illos,
2660 753 2845 820 inquit.
2872 754 3006 818 Quid
3034 757 3190 824 igitur
3216 758 3384 811 adhuc

1834 837 1899 889 de
1926 838 2189 889 dracone?
2237 837 2463 891 belluam
2511 840 2698 906 aliquis
2746 841 2966 895 adorat?
3005 842 3153 898 Illum
3202 846 3383 900 Daniel

1835 927 2113 980 interfecit.
2146 926 2304 980 Vides
2330 943 2485 995 quam
2529 928 2834 992 dementes,
2882 948 3036 999 quam
3067 934 3236 1001 ignavi
3278 938 3385 989 sint

1834 1028 1983 1081 reges
2002 1015 2273 1070 Persarum
2289 1020 2310 1067 ν
2326 1018 2412 1072 29.
2444 1016 2666 1069 Tradidit
2686 1017 2958 1072 Danielem.
2978 1022 3141 1085 Quam
3161 1024 3227 1076 ob
3248 1040 3382 1089 rem,

1837 1114 1953 1171 post
1978 1105 2247 1159 victoriam
2271 1107 2400 1161 adeo
2425 1108 2713 1161 illustrem?
2734 1109 2817 1161 55.
2852 1110 3176 1164 Ambucumus
3197 1122 3381 1177 autem,

1837 1194 2036 1260 inquit,
2071 1196 2335 1261 prandium
2363 1198 2525 1248 attulit
2565 1196 2781 1249 Danieli.
2833 1196 3001 1250 Cerne
3048 1202 3380 1254 miraculum.

1836 1281 2019 1335 Nonne
2046 1286 2183 1336 enim
2216 1294 2415 1351 poterat
2444 1286 2517 1337 illi
2546 1285 2753 1339 aliunde
2796 1285 2967 1339 afferri
2996 1287 3141 1339 cibus
3160 1327 3174 1350 ,
3215 1305 3368 1355 quam

1838 1390 1866 1426 a
1897 1374 2121 1427 Judma?
2166 1376 2275 1428 Hoc
2317 1384 2522 1443 gratum
2570 1386 2682 1428 erat
2736 1375 3041 1443 prephetaz,
3090 1392 3154 1430 ne
3203 1378 3384 1430 eadem

1840 1465 2027 1517 iterum
2051 1474 2229 1533 ageret
2253 1507 2266 1530 ,
2291 1482 2406 1533 quze
2433 1467 2529 1518 sub
2555 1465 2795 1518 eunucho
2816 1466 3031 1530 fecerat,
3056 1481 3188 1519 neve
3210 1468 3388 1519 existi-

1839 1567 1989 1607 mans
2040 1568 2275 1606 mensam
2327 1555 2575 1621 pollutam
2622 1568 2783 1616 esse,
2835 1555 3023 1606 famem
3071 1555 3387 1608 intenderet.

1840 1640 1990 1695 Unde
2018 1642 2230 1708 agnovit
2258 1642 2661 1693 Ambacumum?
2692 1642 2765 1693 Ex
2811 1641 3064 1694 affinitate
3095 1642 3282 1709 lingua:
3327 1657 3389 1695 ac

1842 1728 2009 1782 vocis.
2038 1728 2264 1782 Futurus
2290 1737 2404 1782 erat
2434 1730 2520 1781 ille
2544 1730 2771 1781 maxime
2796 1729 3032 1781 miraculi
3058 1744 3228 1795 praeco
3253 1732 3388 1796 apud

1841 1834 1932 1872 eos
1974 1820 2061 1886 qui
2109 1821 2157 1870 in
2186 1819 2367 1871 Judzea
2416 1817 2741 1870 habitabant.
2775 1817 2871 1883 Qui
2902 1819 3065 1885 potuit
3104 1818 3260 1872 homo
3288 1834 3389 1872 non

1840 1908 2027 1961 timere
2054 1908 2229 1961 feras?
2257 1907 2351 1960 Hie
2378 1906 2588 1973 quidem
2617 1907 2941 1969 comedebat,
2976 1907 3077 1959 illa:
3104 1922 3225 1960 vero
3248 1909 3389 1975 jeju-

1842 1986 2249 2059 nabant.Esto,
2279 2010 2499 2061 corpore
2528 1996 2625 2047 viri
2649 1995 2774 2060 justi
2819 1995 3201 2047 abstinuerint:
3230 2010 3392 2061 quare

1842 2084 1998 2136 etiam
2045 2083 2378 2135 abstinebant
2424 2084 2582 2135 cibo?
2635 2082 2803 2134 Veluti
2853 2096 3035 2134 camus
3085 2081 3295 2149 quidam
3326 2096 3387 2133 ac

174 2130 255 2169 est
280 2124 425 2169 etiam
450 2121 816 2179 Pseudo-lgnatii
837 2133 985 2167 error.
1014 2129 1104 2167 Nec
1127 2132 1412 2179 quemquam
1436 2133 1632 2168 movere
1654 2121 1739 2168 de-

174 2183 263 2229 bet
286 2182 392 2231 haec
412 2170 757 2236 diversitasfiu
779 2193 837 2227 re
860 2181 1103 2241 praecipue
1122 2170 1247 2226 a'deo
1264 2170 1490 2227 obscura.
1843 2170 2046 2225 frenum
2076 2172 2191 2223 illas
2224 2171 2543 2223 continebat.

189 2314 3348 2355 Μ

1233 2660 1332 2719 ΑΙ)
1383 2660 1792 2719 HOMILIAM
1841 2660 2334 2731 SEQUENTEM.

177 2908 291 2973 ille,
320 2908 476 2975 cujus
520 2906 915 2966 strenuitatem,
959 2916 1187 2955 acumen
1214 2900 1435 2968 ingenii,
1482 2908 1641 2966 atque
1665 2899 2005 2967 διαλεκτικὴν
2034 2899 2239 2966 experti
2277 2914 2417 2967 saepe
2454 2899 2683 2951 fuerant.
2714 2896 2866 2951 Unde
2902 2896 3114 2950 mireris
3144 2894 3377 2951 Flaviani

176 3042 518 3107 modestiam,
554 3042 827 3109 pietatem,
878 3038 1039 3091 animi
1072 3036 1473 3105 ingenuitatem,
1523 3033 1612 3101 qui
1652 3048 1709 3086 se
1737 3048 1767 3085 a
1807 3034 2115 3103 presbytero
2156 3050 2254 3088 suo
2286 3034 2385 3088 sibi
2416 3034 2630 3088 subdito
2672 3034 2744 3086 ita
2774 3033 3002 3087 libenter
3039 3032 3296 3086 fateretur
3325 3043 3379 3089 et

174 3177 423 3229 doctrina
451 3184 504 3227 et
533 3172 833 3240 eloquentia
865 3183 1125 3237 superari.
1163 3165 1572 3234 Chrysostomus
1604 3178 1752 3225 vero,
1787 3172 1844 3216 ut
1869 3172 1984 3217 erat
2010 3164 2335 3226 moderatus,
2368 3171 2423 3215 et
2448 3176 2477 3214 a
2509 3161 2720 3229 propria
2765 3161 2921 3213 laude
2944 3162 3173 3227 alienus,
3223 3162 3378 3215 initio

178 3310 529 3362 vehementer
552 3306 793 3375 queritur
834 3302 937 3356 sibi
962 3301 1197 3355 delatum
1246 3314 1441 3352 munus
1475 3314 1593 3351 esse
1627 3314 1658 3351 a
1688 3298 1907 3352 doctore
1946 3313 2065 3361 suo,
2093 3298 2183 3365 qui
2210 3313 2337 3351 vere
2368 3298 2488 3350 fons
2514 3295 2770 3349 doctrina
2810 3306 2971 3358 esset,
3004 3304 3059 3348 et
3086 3296 3225 3349 hanc
3251 3312 3380 3364 pro-

177 3445 413 3497 vinciam
448 3445 610 3513 probe
640 3445 912 3513 suscipere
942 3452 1141 3513 posset.
1175 3440 1377 3495 Deinde
1405 3454 1532 3492 vero
1561 3448 1934 3507 argumentum
1962 3435 2389 3490 adversariorum
2419 3444 2527 3489 tam
2562 3443 2800 3498 strenue,
2833 3442 2941 3487 tam
2966 3434 3108 3488 clare
3140 3434 3377 3503 depellit,

178 3590 241 3635 ut
280 3581 489 3635 nescias
523 3590 695 3633 utram
727 3580 893 3649 magis
927 3580 1158 3641 mireris,
1188 3577 1549 3643 eloquentiam
1573 3590 1638 3626 an
1663 3572 1954 3627 dialectica:
1986 3572 2116 3627 vim.

246 3716 465 3769 Certum
494 3716 653 3786 igitur
697 3726 779 3769 est
809 3717 947 3769 hanc
993 3715 1307 3768 concionem
1339 3710 1636 3769 Antiochiae
1679 3709 1731 3761 in
1761 3723 1949 3778 magna
1977 3708 2224 3771 ecclesia,
2267 3718 2327 3762 ut
2352 3707 2456 3762 fert
2489 3708 2695 3774 titulus,
2730 3718 3101 3776 praesenteque
3128 3706 3381 3759 Flaviano

175 3852 413 3907 habitam
442 3850 626 3910 fuisse,
659 3866 778 3905 cum
801 3852 909 3917 jam
934 3850 1345 3918 Chrysostomus
1377 3848 1431 3899 in
1458 3858 1646 3913 magna
1672 3852 1815 3896 esset
1844 3845 1984 3911 apud
2018 3844 2382 3896 Antiochenos
2408 3842 2819 3895 existimatione.
2846 3842 2981 3894 Hinc
3010 3849 3091 3893 est
3122 3840 3261 3907 quod
3292 3838 3377 3891 illa

174 3988 279 4040 alia
310 3987 529 4039 homilia
562 3984 949 4054 Chrysostomi,
981 3997 1098 4049 qua:
1138 3981 1298 4047 hujus
1330 3978 1590 4031 habenda:
1622 3975 1834 4029 occasio
1859 3974 1978 4040 fuit,
2020 3975 2280 4041 cujusque
2310 3981 2463 4025 notas
2492 3971 2691 4038 aliquot
2736 3971 2788 4023 in
2840 3972 2939 4025 hac
2966 3972 3379 4039 Chrysostomus

176 4124 418 4188 exhibet,
448 4133 506 4177 ut
532 4139 633 4177 nos
660 4139 820 4191 supra
844 4123 1097 4184 diximus,
1137 4121 1245 4188 jam
1273 4133 1381 4171 non
1411 4126 1715 4185 compareat
1744 4117 1883 4170 inter
1925 4116 2039 4168 illas
2065 4114 2311 4167 homilias
2344 4128 2475 4180 quas
2517 4121 2700 4165 contra
2747 4111 3036 4164 Anommos
3078 4110 3203 4162 Anti
3218 4109 3378 4164 )chia:

174 4260 542 4331 pronuntiavit
592 4258 1000 4327 Chrysostomus
1057 4256 1243 4309 decem
1306 4266 1580 4304 numero:
1626 4264 1862 4317 quasque
1904 4249 2167 4301 edidimus
2225 4246 2398 4311 primo
2455 4242 2656 4305 Temo,
2720 4242 2914 4295 additis
2980 4242 3260 4295 undecima
3326 4252 3378 4295 et

177 4401 515 4463 duodecima,
547 4414 665 4467 qua
693 4392 1175 4461 Constantinopoli,
1208 4390 1333 4444 item
1366 4397 1550 4442 contra
1575 4387 1882 4449 Anomaaos,
1926 4384 2121 4437 habitae
2162 4391 2305 4435 sunt.
2349 4380 2454 4432 lllre
2488 4380 2629 4433 enim
2663 4379 2847 4431 decem
2884 4378 3114 4431 homilia:
3142 4394 3205 4431 eo
3236 4394 3377 4431 anno

180 4547 341 4600 dicta:
373 4548 502 4596 sunt
530 4553 635 4608 quo
662 4538 775 4605 ipse
804 4534 1083 4604 presbyter
1116 4530 1287 4583 factus
1313 4535 1413 4588 est,
1440 4536 1494 4579 et
1524 4524 1828 4579 concionari
1856 4521 2037 4588 coepit,
2069 4533 2260 4585 nempe
2294 4532 2435 4571 anno
2459 4515 2580 4577 586,
2622 4523 2675 4566 et
2701 4530 2843 4568 anno
2873 4514 3116 4581 sequenti
3157 4515 3277 4566 587.
3314 4514 3380 4564 At

178 4671 296 4723 hate
321 4671 561 4734 homilia,
588 4678 644 4723 ut
673 4678 727 4722 et
756 4682 819 4721 ea
865 4679 984 4734 quae
1026 4664 1196 4732 ipsam
1228 4658 1584 4730 praecedebat,
1616 4664 1737 4725 post
1765 4655 1881 4707 illas
1923 4653 2102 4705 habita
2151 4651 2269 4712 fuit,
2305 4651 2426 4703 etim
2456 4663 2520 4701 ex
2571 4644 2790 4698 assiduo
2816 4639 3173 4695 concionandi
3209 4637 3383 4690 officio

177 4818 428 4873 magnum
470 4802 571 4858 sibi
600 4801 893 4856 Antiochiae
921 4815 1117 4854 nomen
1156 4798 1454 4867 peperisset
1473 4794 1907 4862 Chrysostomus.
1940 4791 2008 4842 De
2035 4802 2174 4841 anno
2204 4797 2383 4839 autem
2404 4784 2538 4836 nihil
2573 4795 2791 4851 prorsus
2817 4780 3095 4832 habemus.

246 4938 746 5008 Interpretationem
774 4942 1012 4990 nostram
1034 4933 1277 4986 Latinam
1300 4932 1365 4985 ad
1392 4931 1552 4984 ﬁdem
1583 4926 1927 4983 Ottoboniani
1958 4922 2275 4992 exemplaris
2305 4918 2589 4973 edidimus.
