3990 6420
633 318 741 371 247

1127 523 1398 537 -ᾢσ
1423 523 1928 534 ————————_—_-

1323 303 1376 360 S.
1411 302 1684 360 JOANNIS
1719 298 2180 359 CllltYSOSTOMl
2217 300 2531 357 ARCHIEP.
2569 300 3095 358 CONSTANTINOP.

2443 522 2564 529 --η-ρ
2586 522 2710 531 _.....__..
2731 521 3443 531 ..-————.—-—.4.-_._—_.-__-.
3461 525 3574 532 ...ο-
3593 521 3660 532 -Ζ--ο

1928 516 2564 532 W——-——g
2586 522 2710 531 ...ρ-ἐ..
2731 525 2734 527 .
2747 516 3176 529 —--————7-—7-—14--’:-_V
3183 521 3443 531 -ηᾳ---ν
3461 525 3574 532 ...σι-
3593 527 3628 531 ---
3641 524 3752 532 ..κ---
3765 525 3806 532 va»
3838 516 3858 528 -

1597 660 1964 732 SANCTI
2028 655 2414 726 PATRIS
2455 657 2595 725 ΝΟ
2612 656 2863 725 STBI

1011 843 1847 993 JOANNIS
1941 839 2169 980 CF

2278 834 3430 996 iYSOSTOMI,

634 1123 693 1164 ut
740 1120 954 1165 metu
1001 1113 1312 1166 ECCLRSIA,
1358 1108 1488 1152 cum
1529 1084 1726 1145 pauca
1769 1092 2102 1138 rit/eurus
2146 1091 2169 1131 ε

2278 1089 2329 1129 ῑΤ
2372 1087 2719 1139 EPISCOPUS,
2765 1087 2829 1127 ΙΝ
2874 1086 3058 1129 ιιιυι)
3103 1089 3458 1132 BVANGEL".
3509 1091 3716 1132 FILIUS
3769 1091 3855 1132 (εἰ

912 1215 984 1257 se
1025 1211 1158 1254 IPSO
1200 1165 1378 1252 mult.
1414 1201 1622 1253 morr,
1666 1194 1787 1237 ms:
1829 1190 1996 1242 QUOD
2037 1186 2297 1231 vmenrr
2339 1184 2590 1224 PATREM
2633 1183 2993 1225 FACIENTEM
3040 1165 3250 1240 (Joan.
3298 1167 3355 1226 5.
3407 1171 3528 1247 19).

2027 1375 2421 1408 W—

698 1541 751 1594 1.
794 1536 841 1592 0
875 1532 1212 1588 violentiam!
1257 1545 1289 1582 ο
1319 1526 1683 1598 tyrannidem!
1728 1523 1924 1576 Doctor
1967 1525 2176 1578 noster,

626 1629 715 1696 qui
740 1642 786 1680 at
811 1636 865 1681 te
889 1639 985 1676 nos
1027 1619 1269 1688 przefatus
1290 1627 1389 1678 est,
1420 1615 1623 1682 plenam
1650 1627 1767 1665 ctnn
1799 1609 2012 1661 haberet
2035 1605 2178 1672 phia-

627 1718 765 1776 lam,
794 1715 1010 1767 summis
1059 1718 1255 1763 tantum
1302 1707 1462 1759 labris
1507 1704 1748 1770 poculum
1798 1695 2175 1765 degustandum

630 1804 779 1858 nobis
804 1801 1095 1870 propinavit
1118 1815 1130 1849 :
1161 1797 1211 1849 id
1233 1805 1406 1848 autem
1434 1794 1554 1847 fecit
1579 1807 1680 1843 non
1709 1791 1777 1842 ob
1804 1787 2054 1840 doctrina:
2082 1798 2176 1850 pe-

631 1894 865 1946 nuriam:
895 1904 1012 1941 nam
1040 1887 1196 1940 fontis
1218 1886 1378 1937 instar
1398 1882 1652 1934 seatnrire
1675 1879 1840 1940 solet;
1872 1877 1961 1929 sed
1989 1889 2173 1941 quem-

629 1981 906 2037 admodum
934 1979 1074 2039 dixi,
1107 1984 1162 2029 ut
1182 1983 1368 2028 vestra:
1391 1971 1620 2024 caritatis
1650 1966 1973 2038 tyrannidem
2006 1962 2173 2029 palam

628 2071 821 2124 faceret
841 2109 855 2131 ,
880 2081 1031 2134 quam
1055 2078 1176 2132 erga
1204 2062 1505 2114 tenuitatem
1538 2068 1770 2110 nostram
1815 2053 2064 2106 exhibere
2086 2065 2174 2101 so-

629 2161 778 2212 letis:
807 2173 864 2210 ea
892 2157 955 2208 de
973 2169 1129 2206 causa
1159 2153 1262 2203 cito
1293 2149 1449 2202 tacuit
1470 2157 1869 2209 sermonemque
1894 2138 2170 2200 conclusit,

627 2254 680 2298 ut
704 2254 877 2296 vestro
901 2240 1160 2294 desiderio
1181 2237 1588 2304 gratificaretur;
1617 2243 1669 2285 et
1695 2231 1786 2284 toti
1813 2228 2059 2282 solvendo
2084 2228 2177 2278 de-

629 2335 735 2386 bito
777 2345 872 2385 nos
907 2327 1161 2381 obnoxios
1185 2324 1471 2379 constituit.
1503 2322 1632 2386 Quia
1661 2319 1815 2386 igitur
1844 2325 1896 2368 et
1935 2315 1977 2368 is
2024 2314 2174 2365 nobis

627 2421 831 2474 dicendi
859 2420 972 2471 loco
1001 2415 1158 2470 cessit
1181 2455 1195 2479 ,
1218 2422 1271 2466 et
1311 2426 1406 2463 vos
1433 2419 1612 2462 nostro
1639 2408 1704 2460 ab
1733 2421 1821 2458 ore
1844 2402 2070 2472 pendere
2097 2401 2176 2453 vi-

624 2511 742 2561 deo.
774 2520 987 2560 necesse
1027 2503 1233 2556 tandem
1271 2509 1350 2553 est
1387 2508 1443 2551 ut
1481 2497 1544 2549 ad
1584 2494 1868 2548 certamina
1899 2505 1992 2543 nos
2017 2503 2175 2542 exua-

627 2611 740 2649 mns
780 2613 791 2647 :
824 2611 914 2646 vos
937 2602 1110 2646 autem
1145 2591 1267 2643 mihi
1300 2603 1450 2655 opem
1494 2586 1644 2645 ferte,
1672 2591 1726 2636 et
1763 2594 1975 2634 manum
2005 2577 2170 2645 porri-

623 2683 729 2750 gite
749 2722 763 2747 ,
807 2681 1048 2750 precibus
1079 2685 1312 2730 nostram
1338 2673 1623 2727 excitantes
1644 2671 1890 2736 linguam,
1919 2676 1972 2718 et
1999 2673 2171 2716 atteno

625 2775 765 2825 tione
786 2771 942 2823 animi
972 2769 1172 2820 facilem
1205 2773 1445 2833 parantes
1470 2760 1720 2816 doctrinae
1743 2758 1898 2809 viam.
1929 2753 2172 2820 Quando-

620 2859 829 2928 quidem
847 2857 1099 2926 propheta
1120 2869 1220 2907 non
1238 2851 1597 2905 admirabilem
1616 2847 1772 2900 modo
1789 2843 2166 2905 consiliarium,

621 2948 714 3001 sed
743 2948 898 3000 etiam
926 2945 1230 3013 prudentem
1263 2942 1551 2993 auditorem
1576 2936 1804 3005 postulat
1831 2933 1987 3001 (lsai.
2013 2932 2064 2984 5.
2089 2930 2165 2998 ὅ).

621 3037 732 3089 Non
761 3036 899 3088 enim
949 3034 1060 3085 leve
1112 3030 1259 3083 nobis
1291 3038 1557 3082 certamen
1591 3025 1746 3078 hodie
1791 3032 2020 3091 paratum
2051 3029 2164 3082 est,

621 3125 712 3178 sed
746 3124 882 3191 quod
917 3121 1091 3174 multis
1111 3127 1261 3187 egeat
1287 3117 1556 3186 precibus,
1585 3114 1746 3166 multa
1773 3111 2067 3164 auditorum
2095 3109 2169 3159 vi-

619 3213 868 3281 gilantia,
903 3210 1063 3262 multa
1105 3206 1462 3261 concinnantis
1510 3202 1806 3270 diligentia,
1853 3208 1907 3251 ut
1944 3215 2057 3266 qua!
2084 3197 2168 3248 di-

619 3301 782 3354 cenda
809 3309 929 3352 sunt
950 3308 1000 3351 et
1017 3305 1256 3350 accurate
1280 3294 1625 3363 proferantur,
1650 3303 1701 3344 et
1725 3300 1834 3343 tuto
1860 3290 1908 3341 in
1936 3287 2168 3341 caritatis

620 3397 809 3440 vestra:
825 3387 1012 3438 animis
1039 3387 1354 3437 inserantur.
1388 3381 1551 3448 Cupio
1578 3393 1803 3446 namque
1833 3390 1924 3429 vos
1948 3389 2049 3427 non
2079 3390 2168 3424 au-

619 3477 731 3529 dire
773 3485 970 3528 tantum
993 3515 1006 3538 ,
1051 3473 1142 3526 sed
1168 3474 1322 3525 etiam
1351 3469 1580 3531 institui;
1614 3484 1714 3520 non
1741 3467 1941 3519 discere
1978 3463 2162 3517 modo.

619 3563 711 3616 sed
735 3566 889 3616 etiam
918 3561 1142 3623 docere;
1174 3573 1274 3611 non
1306 3558 1541 3623 accipere
1566 3557 1729 3607 solum
1752 3594 1766 3618 ,
1797 3553 1886 3606 sed
1929 3553 2082 3604 etiam
2117 3551 2166 3602 in

619 3654 747 3706 alios
775 3653 1146 3704 transmittere.
1167 3649 1253 3702 Sic
1275 3650 1412 3701 enim
1439 3657 1489 3699 et
1510 3644 1832 3712 Splendidius
1856 3643 2002 3695 nobis
2021 3643 2167 3694 thea-

621 3754 754 3794 trum
778 3781 790 3801 ,
823 3750 876 3794 et
917 3740 1082 3806 major
1125 3748 1291 3792 coetus
1328 3738 1456 3800 erit,
1489 3735 1696 3803 quando
1724 3749 1813 3786 vos
1844 3748 1935 3800 per
1964 3746 2022 3783 ea
2052 3745 2168 3798 ane

621 3831 887 3882 audieritis
912 3869 925 3890 ,
969 3829 1098 3880 alios
1138 3830 1293 3880 etiam
1335 3825 1582 3878 inducere
1626 3822 1880 3889 poteritis.
1913 3822 1967 3874 In
1996 3822 2166 3887 priore

622 3921 794 3984 itaque
830 3916 1081 3970 concione
1102 3915 1202 3967 hoc
1230 3915 1369 3965 dicto
1410 3912 1706 3979 evangelico
1737 3912 1786 3962 in
1822 3911 2046 3962 medium
2070 3908 2163 3960 ad-

617 4009 774 4061 ducto
794 4049 807 4072 ,
840 4006 992 4057 Pater
1016 4021 1150 4057 meus
1175 4020 1323 4071 usque
1353 4003 1496 4054 modo
1521 4010 1772 4068 operatur,
1802 4010 1845 4052 et
1872 4015 1958 4066 ego
1989 4015 2166 4065 operor

623 4093 799 4161 (Joan.
833 4094 884 4146 ὃ.
917 4093 1005 4161 17)
1030 4132 1042 4154 ,
1075 4107 1193 4143 eum
1242 4091 1361 4141 hinc
1390 4089 1735 4141 ostendissent
1767 4086 1879 4150 ejus
1918 4100 2035 4137 cum
2067 4083 2168 4137 Ge-

619 4184 788 4236 nitore
836 4183 1182 4248 mqualitatem
1204 4218 1218 4241 ,
1248 4179 1382 4247 quod
1411 4186 1461 4230 et
1491 4192 1647 4244 supra
1688 4177 1918 4230 declarat
1943 4189 2167 4240 evange-

620 4274 738 4326 lista
767 4272 848 4325 his
877 4272 1078 4333 verbis,
1113 4269 1382 4335 PrOpterca
1403 4268 1558 4333 magis
1587 4267 1998 4334 persequebantur
2020 4280 2164 4326 eum,

619 4378 715 4414 non
741 4362 901 4413 solum
921 4360 1035 4428 quia
1063 4359 1273 4411 solvebat
1292 4357 1546 4408 sabbatum
1569 4395 1582 4414 ,
1611 4355 1695 4405 sed
1723 4363 1768 4404 et
1797 4354 1997 4405 Patrem
2026 4367 2166 4403 suum

618 4450 812 4502 dicebat
860 4448 1041 4512 Deum,
1073 4447 1309 4514 arqualem
1334 4462 1384 4496 se
1405 4445 1590 4511 faciem
1627 4442 1732 4494 Deo
1764 4441 1940 4508 (Joan.
1974 4442 2024 4494 5.
2054 4439 2164 4504 l8),

619 4542 688 4593 ita
731 4554 1027 4593 sermonem
1072 4537 1254 4590 clausi.
1309 4535 1470 4587 llodie
1497 4543 1671 4585 autem
1704 4545 1838 4599 opus
1866 4541 2030 4583 estea
2071 4529 2168 4581 sol-

617 4645 738 4684 vere
758 4671 771 4694 ,
805 4644 920 4697 quae
942 4628 1190 4679 adversus
1224 4625 1336 4677 haec
1364 4624 1615 4691 objiciunt
1641 4621 1893 4674 haeretici.
1923 4619 2167 4683 Quamvis

617 4721 755 4771 enim
789 4720 921 4769 inter
949 4719 1145 4767 amicos
1171 4723 1431 4766 certemus
1450 4751 1464 4771 ,
1504 4719 1644 4763 tanta
1677 4718 1846 4761 tamen
1876 4706 2167 4760 adhibenda

616 4808 881 4874 diligentia
914 4813 1028 4867 est,
1059 4814 1113 4856 ut
1141 4803 1367 4870 undique
1389 4817 1415 4852 a
1446 4800 1628 4853 fraude
1659 4809 1762 4851 tuta
1802 4808 1851 4851 et
1887 4798 2072 4850 invicta
2103 4797 2169 4849 sit

617 4897 787 4949 oratio
807 4934 820 4958 ,
852 4894 1055 4946 etiamsi
1099 4894 1148 4944 in
1175 4891 1360 4945 mediis
1390 4891 1627 4944 hostibus
1649 4899 1906 4942 versetur.
1937 4888 1999 4941 Ut
2028 4887 2166 4940 enim

617 4995 738 5038 ante
765 4985 1022 5047 dicebam,
1054 4997 1156 5035 non
1187 4982 1366 5034 audire
1390 4991 1585 5033 tantum
1609 4996 1702 5032 vos
1724 4980 1862 5044 volo,
1896 4979 1988 5032 sed
2011 4980 2167 5032 etiam

617 5075 746 5125 alios
776 5073 1062 5125 instituere.
1096 5070 1217 5123 ideo
1261 5070 1483 5123 sollicite
1523 5070 1696 5122 studui
1744 5084 1840 5121 vos
1870 5068 2030 5121 armis
2059 5070 2169 5136 spi-

625 5163 897 5215 ritualibus
927 5160 1371 5221 circummunire,
1416 5168 1470 5211 ut
1496 5159 1691 5210 nullum
1737 5158 2028 5211 membrum
2074 5174 2170 5212 nu-

618 5253 744 5304 dum
781 5259 1046 5320 appareat,
1079 5249 1165 5302 vel
1197 5249 1339 5301 letali
1369 5249 1585 5300 vulnere
1609 5248 1950 5300 confodiatur.
1983 5249 2172 5299 Armo-

623 5356 736 5392 rum
763 5341 955 5407 quippe
986 5339 1101 5391 loco
1129 5338 1279 5390 nobis
1308 5347 1388 5390 est
1418 5351 1612 5397 sermo,
1642 5338 1727 5404 qui
1753 5346 1958 5389 nostros
1981 5337 2168 5399 munit,

621 5440 672 5483 et
697 5432 873 5482 hostes
904 5429 1039 5492 ferit;
1070 5428 1216 5492 ferit,
1250 5429 1460 5495 inquam
1483 5467 1496 5489 ,
1530 5442 1632 5479 non
1660 5438 1714 5478 ut
1740 5427 1969 5494 dejiciat,
1999 5425 2090 5479 sed
2119 5434 2174 5477 ut

622 5522 857 5587 jat-entes
889 5521 1072 5587 erigat.
1105 5518 1409 5586 l‘iujusmodi
1450 5518 1588 5570 enim
1629 5532 1813 5583 pugna:
1851 5531 2016 5584 genus
2055 5525 2169 5581 est,

623 5610 762 5678 quod
791 5611 842 5662 in
866 5609 1088 5662 Salutem
1114 5617 1294 5661 contra
1325 5607 1662 5675 pugnantium
1700 5616 1951 5675 tropaeum
1981 5606 2168 5672 erigat.

2289 1509 2356 1563 Ut
2389 1510 2544 1576 igitur
2569 1509 2670 1562 hoc
2699 1509 2818 1575 fiat,
2844 1519 3043 1565 attento
3069 1512 3249 1568 adeste
3268 1514 3443 1567 animo
3463 1557 3477 1580 ,
3502 1518 3648 1569 omni
3684 1519 3787 1585 cjet
3805 1529 3852 1574 ta

2283 1598 2519 1649 saeculari
2544 1612 2670 1650 cura
2691 1599 2922 1651 animum
2945 1601 3188 1665 excitate,
3213 1612 3364 1654 acute
3383 1614 3695 1657 cernentem
3727 1623 3854 1659 ocu-

2283 1685 2387 1736 lum
2413 1686 2641 1751 praabete
2669 1687 2817 1738 mihi.
2848 1687 3000 1740 Dives
3023 1703 3087 1742 ne
3114 1691 3351 1742 socordia
3374 1691 3614 1745 difﬂuat:
3644 1709 3851 1760 pauper

2282 1788 2347 1825 ne
2374 1775 2618 1840 egestatis
2661 1775 2804 1828 curis
2846 1776 3200 1843 opprimatur;
3224 1778 3314 1831 sed
3359 1781 3518 1830 missa
3548 1782 3696 1834 omni
3726 1785 3853 1835 vita:

2281 1863 2663 1929 inmqualitate,
2713 1865 2930 1932 quisque
2972 1880 3030 1918 se
3076 1876 3311 1933 paratum
3357 1869 3654 1923 auditorem
3702 1887 3849 1938 prm-

2280 1949 2400 2003 beat
2433 1966 2447 2001 :
2479 1966 2646 2018 neque
2684 1952 2823 2003 enim
2867 1954 3009 2018 parvi
3038 1956 3186 2020 pretii
3228 1965 3379 2018 sunt,
3408 1972 3525 2024 qme
3555 1975 3698 2011 nunc
3729 1969 3848 2011 tra-

2278 2047 2503 2091 ctantur.
2555 2038 2676 2091 Ideo
2723 2040 2836 2093 haec
2883 2039 3180 2108 frequenter
3223 2058 3458 2096 moneo:
3492 2047 3612 2097 novi
3642 2049 3845 2114 quippe

2277 2142 2430 2194 quam
2456 2128 2711 2195 profundo
2733 2128 2782 2180 in
2809 2129 2988 2196 pelago
3009 2130 3329 2197 navigemus.
3363 2133 3435 2185 Ne
3461 2134 3696 2187 turberis
3719 2150 3846 2202 pro-

2279 2218 2492 2270 fundum
2541 2219 3020 2288 audiens:Spiritu
3070 2236 3296 2290 namque
3338 2223 3505 2287 duce,
3554 2241 3662 2278 non
3716 2238 3844 2282 sunt

2274 2320 2424 2373 aquae
2450 2306 2659 2373 caligini
2687 2308 2948 2371 obnoxiae,
2978 2310 3071 2362 sed
3099 2310 3350 2364 facillima
3375 2314 3478 2366 erit
3500 2316 3607 2376 via,
3639 2319 3684 2369 si
3711 2333 3830 2370 eam

2276 2394 2659 2457 tantummodo,
2697 2410 2852 2461 quam
2890 2398 3070 2464 jubeo,
3107 2400 3353 2452 teneatis.
3386 2401 3462 2453 Ne
3509 2405 3827 2468 turbemiui,

2273 2497 2447 2549 neque
2469 2483 2805 2535 moveamini.
2826 2483 2954 2547 Qua:
2975 2487 3116 2538 enim
3138 2489 3294 2540 hodie
3315 2490 3606 2557 agitantur,
3625 2495 3831 2546 audito-

2277 2583 2386 2622 rem
2413 2571 2562 2623 initio
2583 2572 2816 2634 turbant,
2842 2573 2999 2640 inque
3019 2574 3403 2628 dubitationem
3425 2579 3756 2645 conjiciunt:
3785 2584 3828 2634 si

2273 2672 2399 2709 vero
2429 2657 2587 2709 finem
2611 2670 2904 2725 ex5pectet,
2930 2662 3017 2712 ubi
3048 2674 3458 2716 consentaneam
3498 2667 3828 2722 solutionem

2273 2745 2487 2809 videbit,
2516 2748 2746 2814 jucunda
2775 2747 2980 2800 fruetur
3015 2752 3412 2818 tranquillitate,
3439 2763 3493 2806 et
3524 2756 3580 2806 in
3611 2768 3831 2823 portum

2272 2835 2430 2888 nullis
2447 2835 2698 2904 agitatum
2717 2836 2966 2890 fluctibus
2981 2839 3216 2892 animum
3237 2844 3502 2908 appellere
3522 2847 3742 2912 poterit.
3762 2846 3832 2899 Ut

2272 2939 2396 2992 ergo
2422 2925 2534 2979 haec
2564 2925 2633 2977 ita
2660 2940 2716 2978 se
2749 2926 2994 2988 habeant,
3033 2943 3099 2979 ne
3134 2930 3444 2993 turbemini,
3483 2949 3550 2984 ne
3583 2949 3832 2986 commo-

2271 3015 2522 3077 veamini,
2565 3014 2656 3067 sed
2689 3029 2808 3066 cum
2849 3016 2994 3066 omni
3042 3017 3293 3082 patientia
3333 3028 3386 3070 et
3419 3022 3831 3086 perseverantia

2271 3103 2410 3154 viam
2432 3103 2733 3169 sequimini,
2772 3118 2930 3169 quam
2963 3104 3106 3154 verbi
3137 3105 3375 3157 doctrina
3397 3109 3660 3161 ostendit.

2341 3194 2682 3244 Anomozorum
2698 3194 2921 3261 objectio,
2944 3208 3053 3258 qua:
3071 3196 3239 3261 fucum
3262 3197 3422 3260 facere
3443 3203 3661 3259 poterat,
3686 3198 3841 3260 refel-

2271 3284 2407 3336 litur.
2425 3314 2494 3322 -—
2521 3286 2646 3347 Quae
2674 3294 2792 3336 sunt
2813 3299 2936 3352 ergo
2961 3299 3076 3352 qure
3103 3283 3251 3336 nobis
3272 3283 3335 3337 ab
3353 3284 3451 3336 illis
3477 3285 3838 3352 objiciuntur?

2275 3373 2420 3425 Nihil
2451 3383 2630 3439 potest,
2672 3374 2928 3439 inquiunt,
2969 3376 3132 3442 facere
3171 3371 3352 3433 Filius,
3388 3373 3485 3424 nisi
3513 3373 3695 3426 viderit
3735 3375 3841 3426 Pa-

2271 3474 2394 3515 trem
2443 3465 2701 3530 facientem
2749 3461 2922 3530 (Joan.
2955 3464 3005 3516 5.
3052 3463 3163 3528 l9).
3209 3465 3362 3528 Atqui
3409 3463 3521 3514 htec
3563 3463 3841 3530 Scriptura

2271 3554 2417 3607 dixit.
2443 3554 2700 3620 Quorsum
2729 3568 2853 3620 ergo
2875 3553 2986 3604 haec
3011 3553 3158 3604 nobis
3180 3552 3460 3618 objiciunt?
3481 3551 3598 3604 Non
3625 3567 3692 3606 eo
3720 3567 3844 3605 sen-

2271 3659 2352 3706 su,
2383 3657 2484 3710 quo
2508 3657 2539 3694 a
2565 3643 2831 3708 Scriptura
2854 3641 2990 3693 dicta
3010 3650 3148 3700 sunt,
3179 3640 3486 3692 afferuntur.
3511 3640 3652 3704 Quid
3692 3641 3840 3696 hinc.

2271 3733 2436 3795 aiunt,
2461 3730 2777 3784 concludere
2805 3729 3019 3781 volunt?
3053 3729 3209 3783 Vides
3233 3728 3494 3795 quomodo
3532 3729 3700 3781 Filius
3727 3730 3842 3790 Dei,

2272 3821 2527 3887 inquiunt.
2562 3820 2699 3871 illam
2724 3819 3035 3887 :rqualitatis
3064 3819 3414 3886 suspicionem
3445 3820 3687 3871 auferat?
3709 3821 3845 3885 Quia

2270 3914 2406 3965 enim
2435 3911 2599 3966 Judmi
2626 3911 2675 3964 id
2705 3912 3120 3978 SIISpicabantur,
3152 3926 3337 3976 nempe
3365 3926 3483 3963 eum
3514 3911 3626 3964 Deo
3655 3927 3844 3980 :equa-

2273 4004 2370 4054 lem
2403 4017 2459 4054 se
2487 4003 2677 4064 facere,
2703 4001 2818 4053 ideo
2857 4003 3026 4052 intulit
3057 4001 3135 4052 his
3161 4001 3356 4064 verbis,
3387 4000 3505 4053 Non
3535 4011 3698 4066 potest
3743 4001 3843 4052 Fi-

2273 4091 2368 4142 lius
2397 4107 2425 4141 a
2446 4092 2605 4156 seipse
2628 4094 2791 4158 facere
2814 4091 2982 4157 quidq:
3000 4106 3105 4143 am.

2339 4178 2392 4229 2.
2435 4178 2565 4229 Num
2597 4178 2787 4230 frustra
2830 4177 3088 4242 dicebam,
3138 4177 3251 4230 luce
3295 4178 3450 4231 verba
3484 4193 3580 4232 vos
3623 4180 3845 4234 turbare

2273 4281 2445 4331 posse,
2474 4275 2629 4332 atque
2660 4265 2807 4317 initio
2835 4266 3127 4318 auditorem
3159 4267 3478 4333 percellere?
3513 4267 3710 4320 Verum
3743 4286 3845 4323 ex-

2272 4361 2520 4420 spectate,
2549 4361 2601 4406 et
2625 4353 2864 4406 videbitis
2883 4368 2974 4406 eos
3005 4354 3225 4420 propriis
3250 4353 3517 4407 confectos
3541 4356 3679 4408 telis.
3703 4357 3845 4411 Cum

2273 4443 2452 4508 [rimis
2477 4443 2614 4494 enim
2644 4442 3024 4494 observandum
3050 4442 3120 4506 id,
3143 4442 3281 4508 quod
3303 4443 3515 4506 dicitur,
3541 4459 3646 4495 non
3671 4445 3847 4500 fuisse

2271 4534 2565 4586 .ludmorum
2611 4532 2958 4597 suspicionem
2986 4549 2997 4583 :
3025 4531 3161 4597 quod
3205 4532 3362 4584 etiam
3407 4533 3458 4584 in
3511 4534 3843 4599 praecedenti

2271 4623 2621 4691 disputatione
2636 4637 2753 4674 cum
2772 4623 2913 4672 omni
2941 4622 3307 4690 perspicuitate
3331 4623 3693 4686 ostendimus;
3717 4640 3846 4692 quze

2275 4730 2339 4766 ne
2362 4714 2546 4764 iterum
2566 4711 2846 4776 agitentur,
2866 4725 2930 4762 eo
2950 4710 3262 4763 remittimus
3287 4710 3598 4773 auditorem,
3624 4715 3844 4780 etquod

2275 4819 2410 4856 nunc
2437 4802 2681 4868 objicitur
2698 4801 2903 4853 solvere
2918 4800 3244 4858 conabimur,
3261 4801 3643 4868 ostendereque
3662 4803 3845 4871 ipsum

2275 4909 2377 4945 non
2408 4899 2464 4943 ut
2488 4898 2744 4943 everteret
2772 4904 2951 4942 eorum
2983 4889 3331 4955 suspicionem
3362 4888 3473 4941 bare
3497 4889 3714 4953 dixisse,
3745 4893 3844 4946 sed

2273 4995 2329 5035 ut
2353 4997 2466 5034 eam
2495 4978 2884 5031 accuratissime
2913 4976 3147 5028 firmaret
3177 4991 3239 5028 ac
3268 4977 3541 5039 stabiliret,
3575 4979 3844 5047 nobisque

2275 5079 2636 5137 argumentum
2669 5065 2926 5132 praeberet
2946 5080 3053 5118 sua:
3079 5079 3196 5118 cum
3225 5065 3377 5118 Patre
3407 5067 3842 5134 propinquitatis,

2279 5157 2527 5210 naturalis
2555 5154 2965 5222 conjunctionis,
3009 5161 3167 5220 atque
3207 5155 3521 5207 concordize.
3572 5155 3644 5207 lta
3691 5159 3842 5209 enim

2280 5248 2398 5300 huic
2417 5246 2556 5298 dicto
2576 5243 2803 5303 confido,
2829 5252 2886 5294 ut
2915 5242 3003 5294 illo
3029 5245 3257 5297 maxime
3284 5244 3450 5296 dicam
3477 5245 3842 5303 demonstrari

2278 5337 2390 5404 ejus
2415 5350 2532 5387 cum
2567 5334 2718 5386 Patre
2754 5333 3199 5398 conjunctionem,
3231 5343 3283 5384 et
3308 5334 3614 5388 substantia:
3656 5338 3843 5391 unita-

2282 5433 2402 5476 tem.
2437 5423 2614 5488 Neque
2643 5420 3018 5488 perturbemini
3043 5435 3105 5472 ex
3132 5420 3413 5472 ratiociniis
3440 5421 3839 5482 luereticorum.

2278 5515 2455 5582 Neque
2481 5514 2620 5566 enim
2640 5510 2795 5578 gladii
2828 5511 2877 5562 in
2907 5511 3068 5562 muris
3093 5510 3300 5576 depicti,
3332 5526 3500 5579 neque
3527 5513 3708 5575 hastze.
3746 5533 3843 5569 ne-

2280 5619 2380 5672 que
2408 5602 2601 5670 spicula
2623 5600 2800 5653 hostes
2823 5600 3031 5652 turbare
3061 5607 3291 5665 pOSsent,
3319 5607 3524 5654 torvum
3551 5614 3604 5657 et
3629 5605 3839 5661 terribi-
