3990 6468
366 447 480 501 249

363 553 466 608 lem
493 561 758 620 aSpectum
779 551 1135 621 praaferentes.
1171 548 1429 616 Quidquid
1453 548 1590 601 enim
1613 544 1908 613 hujusmodi

365 647 471 700 est,
499 643 683 693 umbra
705 639 946 708 quaedam
963 650 1015 695 et
1037 640 1210 707 imago
1229 643 1332 700 est,
1371 651 1473 690 non
1494 650 1670 689 rerum
1699 634 1910 687 veritas.

360 728 507 780 Talia
526 743 651 782 sunt
672 728 1036 785 litcreticorum
1063 726 1330 779 ratiocmia
1355 746 1366 778 :
1387 742 1504 795 qure
1524 737 1579 779 ut
1605 725 1910 786 refutemus,

360 819 516 872 dictis
542 834 571 872 e
600 819 818 886 vestigio
863 819 1176 882 han-eamus,
1224 817 1432 870 assidue
1470 818 1554 869 illa
1596 825 1865 869 versantes
1897 835 1909 868 :

361 908 678 976 interimque
705 909 770 962 ab
799 908 899 961 illis
927 920 1243 976 qumramus,
1270 906 1532 974 quomodo
1573 907 1735 959 velint
1779 905 1913 958 hunc

359 999 533 1052 locum
563 999 916 1065 interpretari.
949 997 1126 1063 Neque
1169 998 1306 1049 enim
1354 997 1463 1048 sola
1513 995 1668 1047 lectio
1698 993 1909 1046 sufficit.

358 1087 489 1139 Nam
517 1088 560 1141 si
590 1087 742 1139 lectio
773 1085 1052 1148 sufficeret,
1089 1101 1182 1137 cur
1208 1085 1475 1152 Philippus
1505 1083 1745 1136 eunucho
1772 1083 1914 1136 dice-

359 1176 467 1237 bat,
497 1175 631 1228 Num
651 1176 883 1244 intelligis
907 1191 1014 1240 qua:
1038 1176 1157 1243 legis
1183 1175 1315 1240 (Act.
1345 1175 1395 1226 8.
1429 1173 1549 1239 50)?
1579 1172 1724 1226 Unde
1751 1173 1912 1239 liquet

358 1281 479 1319 eum
511 1267 608 1319 etsi
637 1266 853 1332 legeret,
889 1265 1010 1317 nihil
1039 1280 1100 1317 ex
1141 1264 1347 1332 scriptis
1393 1264 1738 1316 intellexisse:
1771 1263 1913 1314 ideo-

358 1371 460 1423 que
485 1357 724 1411 dicebat;
753 1357 828 1408 De
855 1373 968 1421 quo,
997 1372 1183 1423 quwso,
1217 1356 1430 1421 loquitur
1459 1358 1719 1422 propheta,
1741 1355 1801 1404 de
1833 1369 1910 1404 se-

357 1446 488 1512 ipso,
518 1462 580 1496 an
607 1446 666 1496 de
689 1447 788 1498 alio
812 1443 967 1511 (Ibid.
994 1460 1036 1495 υ.
1063 1443 1256 1510 34)?Si
1287 1443 1438 1495 lectio
1459 1442 1765 1504 sufficiebat,
1784 1454 1912 1506 quo-

357 1536 517 1588 modo
538 1535 704 1588 Judaei
733 1534 854 1587 dum
883 1535 1043 1587 Vetus
1067 1534 1458 1586 Testamentum
1492 1535 1685 1600 legunt,
1718 1546 1775 1583 ea
1793 1546 1908 1597 quze

356 1624 426 1678 de
454 1624 643 1677 Christi
674 1625 954 1688 natalibus,
977 1624 1041 1676 de
1069 1624 1250 1691 signis,
1279 1624 1343 1676 de
1371 1623 1652 1684 miraculis,
1684 1622 1748 1674 de
1768 1622 1904 1686 loco,

355 1715 423 1768 de
451 1724 706 1782 tempore,
729 1714 794 1767 de
815 1729 988 1778 cruce,
1013 1714 1076 1766 de
1097 1714 1382 1781 sepultura,
1411 1713 1476 1765 de
1503 1711 1904 1772 resurrectione,

356 1805 424 1858 de
452 1806 830 1871 assumptione,
876 1805 941 1858 de
989 1804 1222 1857 sessione
1261 1820 1290 1856 a
1319 1803 1565 1865 dexteris,
1596 1803 1662 1854 de
1685 1802 1906 1869 Spiritus

355 1895 519 1946 sancti
547 1895 820 1959 descensu,
843 1894 906 1946 de
935 1894 1290 1961 apostolorum
1321 1898 1467 1945 exitu
1498 1907 1588 1959 per
1613 1892 1904 1945 universam

357 1991 571 2044 terram,
594 1983 660 2035 de
684 1985 940 2050 ejectione
959 1996 1254 2049 synagogas,
1285 1981 1350 2034 de
1371 1981 1618 2033 Ecclesia:
1641 1981 1905 2034 nobilitate

353 2070 620 2136 dicuntur,
646 2071 875 2124 nondum
904 2071 1056 2124 hodie
1084 2070 1447 2123 crediderunt?
1476 2070 1589 2122 Non
1615 2085 1737 2138 ergo
1763 2070 1906 2122 suffi-

353 2162 425 2212 cit
454 2161 627 2222 lectio,
663 2162 756 2213 nisi
785 2162 920 2214 adsit
947 2172 998 2214 et
1021 2161 1268 2228 cognitio.
1301 2161 1746 2226 Quemadmodum
1765 2161 1902 2214 enim

353 2253 397 2305 si
426 2251 541 2318 quis
568 2251 687 2304 edat
729 2252 961 2319 quidem,
995 2251 1086 2303 sed
1117 2251 1290 2303 cibum
1329 2265 1434 2303 non
1474 2260 1681 2318 coquat,
1726 2251 1770 2302 is
1797 2266 1901 2303 non

351 2341 522 2394 vivet:
556 2342 630 2394 sic
656 2341 698 2393 si
728 2342 848 2407 quis
867 2341 1024 2410 legat,
1043 2337 1174 2390 nihil
1189 2351 1313 2392 vero
1342 2339 1596 2393 dictormn
1626 2340 1898 2407 intelligat,

351 2430 396 2483 is
423 2431 495 2482 rei
538 2431 805 2483 veritatem
834 2446 937 2482 non
973 2431 1240 2498 percipiet.
1272 2430 1347 2483 Ne
1387 2431 1512 2482 mihi
1556 2445 1682 2497 ergo
1729 2430 1896 2485 locum

351 2522 705 2588 evangelicum
739 2523 1012 2590 proponite
1040 2530 1261 2585 tantum,
1293 2522 1382 2574 sed
1409 2522 1551 2573 illum
1589 2521 1900 2590 interprete-

350 2613 496 2665 miui.
532 2613 637 2666 lloc
662 2622 831 2666 autem
859 2614 923 2666 ab
954 2614 1078 2680 ipsis
1109 2613 1337 2681 postulo,
1367 2622 1418 2666 ut
1447 2627 1564 2666 cum
1597 2627 1780 2679 pravas
1810 2629 1899 2666 eo-

350 2717 463 2754 rum
487 2703 862 2770 explicationes
892 2705 1248 2766 confutavero,
1281 2713 1387 2754 tum
1428 2703 1663 2755 veritatis
1707 2702 1894 2755 funda-

348 2803 579 2845 mentum
625 2793 832 2860 jaciam.
882 2794 967 2846 Sic
1011 2794 1166 2845 etiam
1214 2793 1489 2845 architecti
1538 2794 1749 2852 faciunt,
1791 2808 1893 2844 non

349 2883 494 2949 prius
536 2882 878 2934 :cdificiorum
928 2881 1263 2932 fundamenta
1308 2881 1531 2946 jaciunt,
1580 2895 1734 2947 quam
1778 2894 1894 2932 sor-

349 2971 441 3024 des
469 2972 736 3038 ejcceriut,
768 2979 821 3023 ut
853 2978 961 3021 tuto
991 2969 1270 3022 azdificent.
1319 2969 1424 3021 llos
1462 2976 1515 3022 et
1555 2983 1651 3021 nos
1689 2983 1894 3037 quoque

348 3064 629 3116 imitemur.

418 3155 692 3223 Responsio
714 3153 1049 3224 Chrysoatomi
1078 3155 1142 3205 ad
1167 3155 1504 3206 hazreticorum
1529 3163 1886 3223 argumentum.

346 3274 415 3284 -—
435 3246 527 3299 Dic
553 3261 698 3312 ergo,
725 3245 925 3297 nihilne
955 3252 1124 3310 potest
1153 3243 1320 3296 Filius
1350 3259 1377 3296 a
1403 3244 1576 3310 seipso
1602 3242 1793 3306 facere,
1816 3243 1893 3294 ni-

345 3335 486 3388 hilne
515 3334 756 3401 prorsus?
796 3333 974 3400 Neque
1001 3334 1140 3384 enim
1182 3331 1332 3395 dixit,
1380 3346 1438 3384 se
1483 3331 1690 3399 quidem
1733 3329 1899 3399 posse

345 3423 583 3476 homines
611 3422 802 3484 facere,
832 3422 923 3474 sed
953 3421 1165 3486 angelos
1196 3436 1297 3471 non
1331 3434 1511 3487 posse;
1544 3435 1710 3487 neque
1737 3435 1892 3486 ange-

344 3513 423 3566 los
450 3527 622 3580 possc,
653 3513 743 3565 sed
768 3512 1105 3579 archangelos
1134 3525 1233 3562 non
1267 3524 1446 3576 posse;
1473 3526 1649 3563 verum
1677 3512 1890 3562 omnino

342 3603 494 3657 nihil.
525 3603 935 3656 lmbecillitatem
987 3617 1110 3668 ergo
1157 3600 1257 3654 hoc
1292 3600 1486 3654 dictum
1547 3598 1889 3653 testificatur?

340 3698 383 3749 si
410 3695 620 3764 quidem
654 3693 938 3747 secundum
972 3692 1269 3760 opinionem
1303 3700 1441 3743 tuam
1484 3705 1584 3743 nou
1618 3699 1805 3758 potest,
1841 3690 1889 3743 vi

339 3797 392 3839 et
419 3786 731 3839 necessitate
762 3785 1050 3844 cohibitus;
1084 3783 1125 3835 si
1172 3797 1359 3850 nempe
1385 3797 1414 3834 a
1451 3783 1624 3850 seipso
1655 3782 1781 3833 nihil
1810 3782 1885 3833 fa-

340 3875 431 3936 cit,
464 3874 562 3928 nisi
590 3887 705 3940 quaa
735 3873 926 3925 viderit
953 3872 1159 3925 Patrem
1190 3871 1485 3925 facientem.
1515 3873 1590 3924 En
1615 3872 1710 3925 hac
1743 3882 1887 3940 post-

339 3965 550 4016 modum
591 3973 798 4032 reperta
843 3963 1100 4025 doctrina,
1144 3977 1260 4027 qua}
1306 3969 1476 4013 tamen
1507 3961 1683 4012 omnia
1715 3962 1886 4013 aliena

339 4062 462 4106 sunt
490 4053 555 4105 ab
582 4053 887 4104 intemerata
913 4051 1017 4113 illa,
1051 4048 1351 4114 immortali,
1384 4049 1732 4112 inenarrabili,
1760 4048 1890 4101 incf-

339 4143 501 4206 fabili,
547 4150 601 4195 et
639 4139 1153 4207 incomprehensibili
1197 4138 1504 4191 substantia.
1548 4139 1611 4189 Et
1655 4139 1776 4205 quid
1822 4140 1887 4192 dc

336 4233 545 4286 Christo
575 4231 790 4298 loquor“?
819 4229 996 4295 Neque
1037 4229 1172 4280 enim
1202 4229 1267 4280 de
1313 4228 1512 4294 meipso
1541 4227 1737 4290 infimo,
1773 4227 1880 4289 vili,

337 4333 552 4375 terreno
580 4321 690 4373 lucc
711 4321 829 4372 licet
856 4318 1019 4379 effari,
1051 4334 1150 4369 non
1180 4331 1332 4384 posse
1362 4332 1443 4369 mc
1463 4332 1490 4367 a
1519 4318 1718 4383 meipso
1738 4317 1887 4383 quid-

331 4425 492 4480 quam
533 4411 733 4462 facere:
763 4422 858 4459 nec
884 4407 949 4458 de
982 4417 1028 4458 te
1074 4406 1172 4458 hoc
1204 4405 1306 4456 dici
1346 4412 1537 4472 potest,
1571 4420 1666 4456 nec
1693 4403 1758 4456 de
1784 4404 1885 4456 alio

335 4499 577 4568 quopiam
610 4498 899 4549 hominum.
942 4495 1068 4547 Nam
1100 4495 1139 4546 si
1185 4493 1282 4546 hoc
1327 4508 1505 4546 verum
1549 4503 1647 4554 est,
1697 4493 1884 4545 frustra

336 4590 570 4657 gehenua
601 4596 652 4641 et
681 4587 989 4654 supplicium
1007 4594 1058 4638 et
1083 4599 1265 4652 paena;
1288 4585 1479 4636 frustra
1501 4598 1730 4646 cornum,
1755 4599 1889 4651 prte-

338 4682 460 4742 mia,
493 4679 646 4731 bona.
680 4678 858 4745 Neque
893 4677 1030 4729 enim
1082 4675 1165 4728 illa
1209 4674 1602 4735 sustinebimus,
1632 4673 1673 4725 si
1707 4687 1887 4741 pecce-

335 4785 483 4831 mus;
513 4783 683 4836 neque
712 4769 790 4820 his
820 4769 1070 4829 fruemur,
1096 4766 1136 4818 si
1166 4775 1307 4818 recte
1326 4765 1604 4832 egerimus,
1629 4765 1881 4830 siquidem

330 4873 362 4912 a
383 4860 674 4926 nohisipsis
701 4858 828 4910 nihil
852 4857 1087 4910 facimus.
1116 4856 1330 4907 Praemia
1356 4855 1494 4907 enim
1519 4870 1620 4906 non
1642 4854 1883 4921 operibus

335 4951 564 5018 proprie,
598 4949 688 5002 sed
708 4948 959 5000 voluntati
982 4947 1202 5013 reposita
1236 4956 1376 4997 sunt.
1413 4945 1650 5012 Exempli
1682 4959 1833 4996 causa
1869 4963 1878 4995 :

333 5053 453 5092 cum
481 5039 593 5104 quis
617 5055 644 5090 a
676 5039 848 5104 seipso
876 5037 1066 5088 bonum
1088 5045 1352 5102 operatur,
1382 5043 1503 5086 tunc
1529 5042 1810 5086 coronatur
1827 5049 1885 5086 ac

334 5127 662 5187 celebratur;
704 5140 806 5177 non
848 5139 964 5176 cmn
997 5125 1159 5189 egerit
1188 5122 1513 5189 simpliciter,
1557 5122 1646 5174 sed
1679 5121 1883 5188 quando

333 5230 452 5267 eum
483 5215 745 5266 voluntate
771 5223 822 5265 et
853 5213 1142 5280 proposito.
1177 5213 1345 5278 Atque
1377 5220 1430 5263 ut
1480 5212 1590 5263 hrcc
1617 5225 1735 5261 vera
1769 5226 1885 5263 esse

334 5302 546 5354 discatis
569 5321 579 5354 :
606 5302 736 5355 Sunt
766 5304 994 5366 eunuchi,
1024 5303 1207 5368 inquit,
1239 5303 1319 5367 qui
1341 5302 1544 5352 castrati
1568 5311 1681 5350 sunt
1707 5300 1766 5350 ab
1795 5301 1883 5351 ho-

335 5394 577 5453 minibus;
602 5400 650 5444 ct
674 5401 787 5444 sunt
812 5393 1038 5452 eunuchi,
1069 5393 1152 5459 qui
1179 5391 1364 5458 seipsos
1394 5398 1729 5440 castraverunt
1764 5405 1883 5456 pro-

336 5492 441 5548 pter
468 5497 672 5550 regnum
709 5481 937 5532 caelorum
979 5478 1184 5547 (Matth.
1227 5479 1308 5531 19.
1358 5477 1464 5541 1:2).
1500 5477 1778 5529 Eunuchos
1803 5476 1884 5528 hic

334 5580 483 5622 \ocat
511 5587 612 5623 non
643 5585 733 5623 eos
759 5570 843 5637 qui
873 5570 967 5620 sibi
999 5569 1228 5621 ineiubra
1275 5567 1625 5628 absciderunt,
1657 5567 1746 5619 sed
1798 5567 1882 5632 qui

331 5659 704 5725 Cogitationem
729 5673 937 5725 pravam
962 5673 1021 5710 ac
1053 5658 1265 5711 libidine
1297 5658 1500 5724 plenam
1525 5664 1880 5714 resecuerunt,

334 5761 438 5799 non
462 5748 636 5815 gladio
662 5747 855 5814 ferreo,
880 5747 969 5801 sed
997 5747 1268 5801 ratiocinio
1287 5755 1337 5800 et
1363 5744 1714 5816 philoSOphia,
1740 5753 1789 5797 ct
1817 5743 1878 5796 ad

1304 437 1367 489 ΙΝ
1408 435 1624 501 lLLUl),
1669 435 1884 488 FILIUS
1925 431 2009 484 EX
2052 431 2131 486 SE
2175 432 2359 486 NllllL
2399 432 2614 491 FACIT.

3449 457 3564 516 250

2024 543 2147 595 illud
2177 543 2264 598 Dei
2295 545 2488 598 auxilio
2516 547 2592 598 usi
2621 556 2760 599 sunt.
2795 546 2930 602 Ecce
2961 547 3064 600 duo
3091 549 3450 604 cunuchorum
3477 566 3569 619 ge-

2021 648 2164 698 nera,
2197 650 2417 702 quorum
2460 637 2549 688 alii
2590 637 2656 689 ab
2701 637 2998 691 hominibus
3042 642 3237 695 exsccti
3289 652 3429 705 sunt,
3481 643 3568 696 alii

2021 723 2206 789 pietate
2260 725 2480 790 permoti
2529 739 2740 792 pravam
2788 728 3160 795 cogitationem
3213 739 3564 798 amputaruut.

2022 811 2386 866 Verumtamen
2420 815 2518 867 etsi
2559 814 2766 868 diverso
2796 817 2949 870 modo
2983 820 3196 872 castrati
3244 830 3384 883 sunt,
3414 821 3569 874 ambo

2018 911 2190 956 tamen
2217 903 2456 958 similiter
2481 919 2509 956 a
2538 906 2814 959 mulierum
2853 908 3130 961 concubitu
3173 907 3454 962 abstinent.
3487 910 3570 964 Si-

2016 993 2210 1047 militer
2254 994 2383 1058 dixi,
2434 1009 2535 1048 non
2583 997 2868 1050 secundum
2899 1000 3220 1066 propositum
3263 1000 3563 1061 voluntatis,

2016 1083 2104 1135 Sed
2126 1084 2410 1137 secundum
2437 1085 2510 1138 rei
2529 1095 2787 1139 naturam.
2807 1087 2984 1154 Neque
3007 1089 3142 1141 enim
3162 1089 3429 1143 euuuclms
3447 1105 3563 1144 cum

2015 1174 2236 1227 muliere
2281 1189 2391 1226 rem
2437 1176 2627 1229 habere
2671 1179 2854 1244 possit,
2904 1193 3072 1245 neque
3120 1179 3427 1245 monachus,
3476 1183 3564 1248 qui

2015 1266 2244 1332 scipsum
2269 1268 2532 1319 castravit.
2556 1267 2658 1320 Res
2678 1268 2885 1335 quidem
2911 1283 3009 1320 una
3027 1267 3312 1338 eademque
3336 1276 3434 1335 est,
3460 1286 3562 1323 non

2014 1354 2134 1407 item
2169 1356 2303 1409 finis.
2354 1357 2473 1410 ldeo
2518 1372 2636 1410 cum
2676 1358 2740 1410 de
2785 1359 2886 1411 illis
2915 1358 3152 1421 dixisset,
3185 1359 3320 1427 quod
3351 1362 3562 1412 castrati

2013 1446 2118 1497 sint
2155 1446 2220 1499 ab
2251 1446 2566 1510 hominibus,
2616 1450 2814 1502 nullutn
2861 1449 2927 1502 ob
2959 1450 3007 1502 id
3041 1450 3166 1516 ipsis
3195 1449 3397 1502 addidit
3425 1467 3561 1518 pra:-

2013 1532 2204 1584 mium:
2240 1544 2437 1587 natura:
2467 1536 2675 1603 quippe,
2724 1552 2826 1589 non
2867 1539 3252 1591 exercitationis
3297 1539 3422 1592 illud
3451 1549 3562 1592 erat

2011 1635 2160 1688 Opus.
2193 1623 2298 1674 llos
2323 1634 2495 1676 autem
2524 1623 2572 1676 iu
2603 1624 2831 1677 medium
2853 1625 3102 1678 adductos
3131 1641 3290 1694 regno
3313 1628 3557 1680 cmloruui

2011 1713 2296 1774 coronavit,
2322 1713 2521 1777 dicens,
2551 1713 2757 1783 Prome:
2784 1732 2988 1783 regnum
3008 1717 3259 1767 ca’lorum.
3290 1717 3444 1783 Atqui
3471 1734 3561 1768 ne-

2009 1817 2110 1870 que
2138 1802 2242 1865 hic,
2267 1817 2435 1870 neque
2463 1803 2548 1856 ille
2573 1818 2689 1856 cum
2713 1804 2931 1857 muliere
2957 1819 3065 1856 rem
3090 1804 3278 1857 habet:
3308 1803 3398 1856 sed
3420 1805 3555 1856 alter

2009 1892 2340 1958 necessitate,
2365 1893 2499 1946 alter
2519 1909 2643 1947 vero
2665 1894 2930 1962 proposito
2953 1905 3093 1948 recte
3113 1895 3234 1963 agit,
3261 1904 3312 1948 ct
3333 1913 3359 1945 ιι
3386 1897 3558 1964 seipso

2008 1982 2130 2034 illud
2155 1991 2381 2050 praestat.
2402 1983 2737 2048 Hominesne,
2762 1984 2843 2037 dic
2864 1983 3010 2048 mihi,
3031 1998 3059 2034 a
3081 1985 3267 2052 seipsis
3288 1984 3385 2037 hoc
3406 1999 3559 2052 agere

2005 2079 2244 2137 possunt,
2286 2079 2339 2124 et
2383 2071 2758 2141 philosophari,
2792 2082 2844 2126 et
2873 2073 3034 2140 loqui,
3081 2083 3427 2139 sexcentaque
3452 2074 3552 2126 ala

2006 2162 2291 2228 perlicere:
2320 2162 2621 2229 angelorum
2653 2178 2775 2217 vero
2804 2164 3052 2216 Dominus
3082 2178 3178 2216 nec
3215 2179 3429 2230 parvum
3461 2179 3558 2216 nec

2006 2266 2250 2318 maguum
2281 2252 2402 2320 quid
2425 2267 2452 2304 a
2478 2253 2649 2319 seipso
2676 2268 2831 2321 agere
2858 2253 3083 2321 poterit?
3108 2254 3169 2306 Et
3196 2253 3312 2320 quis
3343 2253 3454 2306 haec
3477 2255 3555 2307 fe-

2004 2344 2122 2394 rat?
2151 2342 2261 2395 Non
2290 2343 2436 2394 audis
2471 2343 2684 2396 Paulum
2717 2343 2974 2395 dicentem
3001 2359 3014 2394 :
3049 2361 3066 2392 (
3102 2342 3154 2394 In
3187 2358 3371 2411 magna
3398 2343 3554 2397 domo

2005 2448 2109 2486 non
2137 2435 2304 2487 solum
2336 2443 2457 2486 sunt
2486 2449 2606 2486 vasa
2629 2448 2782 2486 aurea
2813 2443 2864 2486 et
2892 2442 3158 2501 argentea,
3193 2434 3281 2485 sed
3308 2434 3463 2485 etiam
3488 2434 3550 2484 li-

2001 2538 2130 2590 gnea
2160 2532 2212 2576 et
2235 2524 2428 2586 fictilia,
2453 2522 2687 2591 qumdam
2722 2524 2768 2574 in
2801 2523 3072 2585 honorem,
3098 2522 3333 2589 quaedam
3375 2531 3548 2576 autem

2000 2615 2050 2666 in
2081 2615 2464 2668 contumeliam.
2494 2613 2547 2664 Si
2575 2613 2688 2681 quis
2709 2628 2831 2680 ergo
2851 2613 3207 2665 emundaverit
3237 2628 3293 2664 se
3312 2613 3376 2664 ab
3403 2614 3548 2678 ipsis,

1999 2705 2098 2755 erit
2123 2707 2283 2755 vasin
2311 2704 2582 2764 honorem,
2614 2703 2988 2754 sanctilicatum
3008 2701 3225 2754 Domino
3262 2719 3279 2752 ι
3309 2701 3384 2769 (2.
3417 2701 3547 2755 Tim.

1997 2793 2309 2860 2.20.21).

2068 2882 2118 2936 5.
2163 2880 2318 2934 Vides
2345 2880 2438 2934 hos
2463 2881 2615 2934 etiam
2661 2896 2716 2934 se
2742 2897 2804 2934 ex
2847 2881 3032 2948 seipsis
3060 2880 3374 2934 emendare?
3415 2881 3547 2934 Illud

1997 2971 2136 3023 enim
2182 2970 2476 3038 significant
2525 2970 2664 3022 hinc:
2692 2969 2749 3022 Si
2780 2970 2885 3037 quis
2933 2970 3149 3033 seipsum
3191 2970 3541 3021 emundaverit.

1995 3059 2128 3126 Quid
2155 3074 2280 3126 ergo
2308 3058 2433 3111 illud
2465 3068 2543 3110 est
2567 3058 2702 3126 qUod
2727 3058 2951 3111 dicitur?
2974 3057 3027 3111 Si
3058 3074 3174 3111 cum
3204 3058 3544 3111 familiaribus

1996 3158 2195 3202 tantum
2224 3158 2277 3203 et
2317 3150 2494 3202 amicis
2523 3163 2694 3202 sermo
2725 3159 2884 3213 esset,
2925 3153 3030 3216 jam
3075 3150 3382 3202 solutionem
3411 3159 3545 3202 altu.

1995 3239 2167 3291 lissem
2191 3256 2202 3290 :
2227 3238 2345 3306 quia
2371 3253 2493 3290 vero
2515 3253 2634 3290 cum
2667 3239 2889 3290 inimicis
2928 3248 2980 3290 et
3020 3238 3255 3291 hostibus
3283 3253 3366 3291 res
3397 3239 3544 3290 nobs

1992 3336 2090 3391 est,
2124 3343 2302 3380 eorum
2335 3342 2540 3395 quoque
2582 3336 2882 3393 argumenta
2926 3327 3241 3378 confutanda
3279 3336 3419 3388 sunt,
3447 3328 3542 3378 ad-

1994 3415 2144 3468 ducta
2179 3415 2351 3468 denuo
2380 3415 2429 3466 in
2455 3414 2681 3466 medium
2711 3415 2961 3479 clausula,
2989 3424 3042 3467 ut
3079 3430 3191 3467 eam
3237 3416 3311 3467 sic
3341 3419 3541 3482 persiu-

1993 3521 2141 3558 cuam
2165 3505 2463 3558 reddamus.
2497 3505 2644 3568 Quod
2668 3505 2805 3556 enim
2835 3505 3094 3572 possimus
3132 3521 3192 3558 ex
3236 3505 3384 3557 nobis
3415 3505 3543 3572 ipsis

1993 3595 2162 3647 facere
2184 3603 2236 3647 et
2273 3594 2466 3658 dicere,
2495 3594 2620 3646 satis
2648 3602 3111 3646 commonstratum
3139 3603 3236 3645 est.
3267 3592 3374 3645 Nisi
3405 3595 3542 3646 enim

1993 3683 2116 3736 illud
2148 3692 2304 3744 esset,
2330 3698 2654 3751 nequaquam
2683 3697 2776 3749 pro
2807 3681 2954 3734 bouis
2990 3681 3234 3748 operibus
3260 3695 3542 3734 coronare-

1991 3789 2125 3825 mur.
2168 3772 2570 3840 interrogandus
2612 3774 2795 3824 iterum
2827 3781 2907 3823 est
2935 3769 3400 3833 hmreticus:Quid
3443 3780 3541 3831 est,

1991 3862 2106 3915 Nisi
2135 3863 2253 3931 quid
2279 3864 2450 3914 uiderit
2480 3862 2679 3913 Patrem
2723 3862 2998 3929 facientem,
3033 3859 3156 3910 nihil
3199 3875 3227 3910 a
3271 3859 3429 3926 seipso
3463 3861 3542 3926 fu-

1991 3968 2097 4003 cere
2123 3952 2318 4019 potest?
2342 3950 2420 4002 Ab
2462 3951 2559 4002 hoc
2584 3949 2720 4001 enim
2762 3948 2922 4011 dicto,
2949 3947 3178 4014 inquam,
3205 3963 3307 3998 non
3334 3947 3397 3997 ab
3429 3946 3542 4012 ejus

1992 4041 2451 4108 interpretatione;
2485 4041 2587 4091 imo
2619 4040 2789 4105 potius
2819 4052 2988 4105 neque
3011 4052 3038 4088 a
3065 4036 3224 4098 dicto,
3251 4034 3342 4088 sed
3369 4051 3394 4085 a
3421 4051 3541 4101 pra-

1990 4149 2048 4184 va
2096 4133 2460 4184 haereticorum
2506 4130 2952 4196 interpretatione,
3001 4129 3191 4194 duplex
3243 4127 3542 4179 necessario

1987 4223 2259 4277 statuenda
2290 4222 2485 4276 creatio
2516 4222 2637 4273 erit.
2667 4219 2939 4284 Quomodo
2970 4227 3021 4271 et
3044 4233 3141 4286 qua
3168 4217 3402 4270 ratione?
3429 4216 3543 4269 Nisi

1986 4315 2104 4380 quid
2127 4314 2318 4372 viderit,
2350 4311 2536 4378 inquit,
2568 4309 2768 4362 Patrem
2795 4307 3072 4376 facientem,
3103 4308 3226 4359 nihil
3252 4311 3415 4374 facere
3447 4324 3538 4374 po-

1989 4412 2096 4453 test.
2128 4400 2265 4467 Ergo
2291 4413 2508 4452 necesse
2532 4411 2742 4465 prorsus
2770 4399 2888 4460 erit,
2911 4410 3028 4448 esse
3053 4409 3210 4462 opera
3234 4394 3399 4446 Patris
3421 4409 3538 4460 per-

1989 4489 2152 4552 fecta;
2177 4497 2226 4541 et
2248 4502 2362 4540 esse
2385 4488 2482 4539 alia
2505 4485 2640 4549 Filii,
2668 4501 2781 4552 qua:
2805 4485 2914 4552 ipse
2935 4485 2996 4536 ad
3021 4494 3228 4550 paterna
3256 4481 3540 4548 respiciens

1989 4579 2261 4632 creaverit.
2295 4577 2400 4629 Nisi
2446 4575 2730 4643 quidpiam,
2778 4574 2963 4641 inquit,
3007 4573 3280 4623 facientem
3332 4570 3533 4630 viderit,

1990 4684 2092 4721 non
2125 4667 2263 4720 facit.
2289 4666 2494 4733 Utergo
2519 4665 2706 4726 videat,
2736 4675 2950 4715 necesse
2966 4669 3045 4713 est
3072 4674 3227 4727 opera
3247 4673 3383 4710 csse.
3407 4657 3538 4720 Quid

1989 4760 2150 4829 ergo?
2174 4772 2349 4826 qumso
2369 4767 2448 4809 te:
2476 4771 2632 4808 unum
2657 4752 2890 4805 videmus
2913 4754 3098 4810 solem,
3126 4766 3246 4802 num
3266 4749 3395 4801 duos
3413 4747 3537 4799 mihi

1989 4858 2278 4902 monstrare
2320 4857 2488 4913 potes,
2533 4853 2585 4896 ut
2623 4857 2781 4895 unum
2810 4857 2836 4892 a
2873 4841 3023 4893 Patre
3071 4839 3278 4901 factum,
3310 4838 3465 4889 alium
3510 4852 3536 4888 τι

1989 4937 2120 4990 Filio
2158 4934 2424 5002 suspicer?
2455 4949 2574 4985 num
2605 4933 2734 4984 duas
2777 4930 2947 4991 lunas,
2986 4927 3068 4980 vel
3113 4937 3296 4987 terras,
3326 4926 3407 4978 vel
3436 4926 3537 4977 dun

1989 5029 2188 5081 maria?
2215 5037 2266 5080 ct
2297 5027 2372 5078 sic
2400 5025 2463 5077 de
2493 5023 2697 5076 caeteris
2735 5020 3015 5073 omnibus?
3047 5019 3231 5070 \‘erum
3261 5017 3359 5068 hoc
3389 5032 3539 5068 num-

1987 5135 2138 5188 quam
2185 5116 2414 5170 dixeris:
2438 5127 2571 5166 unus
2609 5112 2801 5179 quippe
2831 5109 2907 5161 sol
2952 5118 3050 5161 est.
3083 5107 3354 5172 Quomodo
3385 5106 3539 5172 igitur

1989 5209 2111 5261 nihil
2143 5207 2281 5268 facit,
2312 5204 2407 5257 nisi
2428 5202 2616 5255 viderit
2636 5201 2840 5252 Patrem
2870 5198 3141 5250 facientem
3155 5197 3176 5247 ?
3198 5195 3370 5247 Solem
3393 5194 3540 5260 cujus

1988 5312 2117 5365 opus
2144 5310 2260 5348 esse
2287 5293 2397 5344 vis?
2425 5308 2490 5344 an
2521 5289 2721 5343 Patris?
2752 5288 2848 5341 Ubi
2879 5301 3003 5353 ergo
3040 5286 3156 5338 Filii
3183 5285 3295 5336 Sol?
3339 5284 3416 5335 An
3452 5284 3536 5335 Fi-

1989 5385 2075 5437 lii?
2103 5383 2198 5437 Ubi
2231 5395 2353 5449 ergo
2381 5381 2454 5431 sol
2485 5378 2671 5440 Patris,
2694 5390 2844 5443 quem
2879 5374 3058 5425 videns
3079 5372 3261 5435 Filius,
3294 5371 3450 5422 alium
3471 5373 3539 5422 si-

1988 5474 2161 5526 milem
2191 5470 2403 5523 fecerit?
2426 5465 2694 5533 Quomodo
2718 5464 2875 5516 stabit
2896 5462 3041 5520 illud,
3070 5460 3249 5513 Omnia
3275 5477 3360 5526 per
3378 5461 3536 5526 ipsum

1990 5568 2120 5633 facta
2150 5569 2282 5622 sunt,
2313 5569 2356 5612 et
2377 5558 2606 5623 siueipso
2636 5559 2820 5623 factum
2848 5561 2915 5604 est
2943 5551 3067 5602 nihil
3098 5549 3268 5616 (Joan.
3297 5551 3342 5599 1.
3374 5549 3461 5613 5)?
3482 5548 3536 5599 Si

1989 5653 2125 5703 enim
2156 5650 2328 5701 omnia
2358 5661 2448 5711 per
2497 5645 2685 5711 ipsum,
2717 5641 2851 5706 quod
2883 5651 3086 5704 tempus
3113 5636 3336 5689 adscribi
3371 5644 3539 5701 potest

1992 5740 2108 5793 huic
2167 5735 2456 5789 divisioni?
2511 5731 2687 5784 Videu‘
2734 5727 3050 5783 ratiocinia?
3112 5723 3370 5792 quomodo
3447 5734 3540 5773 vos
