3990 6418
455 408 560 462 251

453 514 594 582 ipsus
627 511 938 581 implicatis,
981 525 1042 564 ac
1085 512 1415 568 mendacium
1461 516 1692 584 seipsum
1737 518 2004 586 coarguit?

520 603 670 656 Aliud
698 613 1040 673 argumentum
1077 614 1249 656 contra
1295 604 1576 659 Anomtzos.
1627 606 1739 670 Quo
1779 609 1831 660 in
1875 617 2010 662 statu

448 696 578 748 orbis
600 695 748 764 fuerit
775 705 889 747 ante
919 694 1100 747 Christi
1130 696 1537 750 incarnationem.
1566 727 1637 737 —
1661 698 1798 752 Ecce
1825 713 2007 754 eorum

447 785 602 838 allata
647 785 1093 854 interpretatione,
1138 785 1400 853 quomodo
1428 787 2005 857 demonstravi,ipsam

448 890 475 926 a
507 875 677 942 seipsa
707 874 908 944 impeti.
936 873 1037 928 Sed
1065 884 1118 930 et
1144 876 1267 929 illud
1292 876 1458 930 libens
1486 877 1655 932 adhuc
1681 894 2003 947 quaererem:

446 966 574 1033 Quis
621 981 830 1021 carnem
880 977 1109 1021 nostram
1159 970 1459 1036 assumpsit,
1508 978 1560 1023 et
1608 971 1660 1024 in
1700 971 2005 1040 virginalem

445 1059 648 1111 vulvam
675 1058 1275 1114 descendit?Paternean
1300 1061 1597 1114 Fihus?dic
1625 1063 1773 1115 mihi.
1798 1063 2004 1128 Nonne,

445 1159 502 1202 ut
531 1150 770 1204 omnibus
791 1152 958 1217 palam
987 1161 1084 1214 est,
1126 1153 1424 1221 unigenitus
1452 1153 1541 1206 Dei
1571 1152 1768 1207 Filius?
1799 1154 2002 1208 Etenim

446 1239 634 1293 Paulus
661 1241 735 1294 sic
761 1233 832 1294 ait
863 1259 874 1294 :
909 1259 928 1292 ‹
966 1241 1076 1296 Hoc
1108 1248 1296 1296 sentite
1344 1242 1393 1296 in
1439 1243 1616 1304 vobis,
1660 1241 1799 1312 quod
1847 1252 1901 1295 et
1954 1244 2001 1295 in

442 1331 652 1383 Christo
697 1330 842 1395 Jesu,
874 1332 961 1401 qui
990 1348 1107 1386 cum
1145 1334 1194 1387 in
1225 1333 1386 1387 forma
1417 1333 1506 1387 Dei
1539 1343 1697 1395 esset,
1732 1348 1836 1386 non
1865 1335 2004 1401 rapi-

443 1436 562 1474 nam
588 1422 869 1476 arbitratus
889 1432 968 1476 est
991 1439 1106 1478 esse
1130 1439 1187 1478 se
1219 1423 1471 1493 aequalem
1506 1424 1644 1487 Deo;
1691 1424 1781 1478 sed
1805 1433 2000 1477 semet-

443 1511 609 1578 ipsum
637 1513 920 1566 exinanivit
944 1513 1160 1567 formam
1190 1515 1326 1569 servi
1352 1514 1613 1583 accipiens
1643 1534 1659 1565 ›
1695 1514 1920 1584 (Philip.
1943 1514 1997 1568 2.

439 1602 613 1671 5-7).
647 1603 729 1667 Ει,
769 1622 786 1654 ι
817 1604 1110 1658 MisitDcus
1131 1605 1317 1658 Filium
1349 1620 1498 1658 suum
1529 1607 1872 1675 unigenitum,
1924 1605 2002 1659 fa-

438 1701 577 1745 ctum
628 1708 691 1746 ex
735 1693 970 1757 muliere,
1015 1693 1206 1748 factum
1252 1695 1350 1749 sub
1403 1695 1516 1764 lege
1550 1714 1567 1748 ι
1621 1695 1775 1767 (Gal.
1823 1697 1877 1750 4.
1906 1693 1992 1762 4).

437 1782 720 1850 Omnisque
744 1783 1030 1852 Scriptura,
1059 1794 1167 1839 tum
1193 1795 1344 1840 vetus
1373 1797 1480 1840 tum
1509 1802 1663 1851 nova,
1699 1785 1999 1854 hujusmodi

437 1873 752 1926 testimoniis
776 1875 926 1942 plena
961 1884 1062 1940 est,
1092 1877 1308 1946 ipsaque
1337 1893 1495 1945 Opera
1525 1879 1773 1941 clamant,
1807 1878 1999 1948 Unige-

437 1963 604 2015 nilum
645 1965 971 2018 iucarnatum
1012 1981 1150 2031 esse,
1205 1981 1308 2020 non
1337 1967 1563 2022 Patrem.
1620 1967 1805 2023 Utrum
1842 1968 1997 2037 igitur

433 2053 618 2118 Filius,
651 2059 764 2109 viso
792 2056 942 2110 Patre
960 2058 1227 2112 incarnato
1248 2060 1546 2114 incarnatus
1573 2070 1624 2114 et
1650 2062 1762 2129 ipse
1783 2061 1989 2130 est‘!(a)

436 2141 456 2214 [
485 2145 663 2214 Neque
688 2147 826 2200 enim
860 2147 1157 2202 incarnatus
1185 2151 1408 2222 fuisset],
1449 2152 1548 2205 nisi
1578 2153 1792 2206 vidisset
1825 2154 1993 2223 ipsum

431 2235 754 2289 incarnatum
789 2255 800 2289 :
828 2238 1084 2306 siquidem
1107 2238 1222 2292 Non
1251 2250 1408 2308 potest
1425 2258 1456 2294 α
1476 2243 1637 2311 seipse
1663 2244 1826 2310 facere
1850 2245 1996 2309 quid-

429 2340 600 2390 quam,
631 2327 728 2379 nisi
751 2327 926 2380 viderit
966 2327 1168 2381 Patrem
1197 2331 1478 2399 facientem.
1524 2332 1866 2398 Quandonum
1895 2333 1992 2387 hoc

431 2413 639 2467 Patrem
678 2415 954 2471 facientem
1000 2419 1207 2486 viderit,
1263 2421 1441 2476 dicere
1492 2438 1596 2476 non
1647 2425 1833 2492 possis.
1883 2425 1992 2479 Nec

428 2517 554 2556 vero
601 2514 750 2573 putes
792 2521 1009 2574 parvum
1063 2507 1114 2559 id
1168 2523 1303 2574 esse,
1345 2511 1482 2578 quod
1513 2512 1704 2565 factum
1734 2523 1830 2567 est.
1859 2515 1988 2570 Nam

349 2619 354 2624 ε
425 2604 580 2663 caput
603 2596 783 2652 salutis
810 2608 1002 2652 nostrae
1037 2599 1324 2654 incarnatio
1354 2601 1615 2672 Unigeniti
1645 2613 1744 2669 est,
1776 2614 1829 2659 et
1876 2607 1989 2674 ejus

424 2687 488 2738 ad
520 2702 615 2741 nos
640 2703 800 2758 usque
829 2689 1093 2745 demissio.
1139 2695 1430 2763 Antequam
1462 2697 1600 2749 enim
1627 2695 1785 2750 homo
1817 2699 1985 2762 fieret,

425 2779 619 2831 malitia
644 2781 972 2850 tyrannidem
997 2783 1292 2850 exercebat,
1332 2794 1385 2839 et
1430 2787 1834 2854 profundissima
1883 2805 1984 2843 nox

423 2871 595 2923 omnia
622 2872 928 2940 occupabat,
954 2883 1110 2944 atque
1141 2875 1331 2944 ubique
1375 2891 1478 2930 ara:
1505 2887 1557 2932 et
1598 2880 1788 2947 templa
1823 2879 1987 2934 idolo-

423 2976 560 3026 rum,
590 2962 759 3026 nidor,
795 2963 967 3016 fumus
995 2975 1049 3017 et
1095 2974 1355 3019 torrentes
1377 2968 1664 3036 sanguinis,
1699 2985 1799 3023 non
1831 2971 1985 3025 modo

421 3051 594 3103 ovium
619 3051 900 3120 boumque,
933 3054 1026 3108 sed
1061 3055 1214 3107 etiam
1240 3056 1531 3109 hominum.
1557 3059 1685 3112 Nam
1710 3061 1985 3128 Sacri/ica-

421 3149 595 3192 rerunt
623 3141 754 3208 ﬁlios
775 3158 891 3194 suos
934 3152 981 3196 et
1026 3145 1159 3212 ﬁlias
1201 3162 1316 3198 suas
1344 3145 1601 3201 dtemoniis
1645 3149 1827 3216 (Psal.
1862 3154 1981 3207 105.

418 3229 528 3300 57)
563 3247 573 3283 :
607 3242 654 3284 et
683 3231 794 3286 haec
821 3234 1057 3302 populus,
1100 3237 1186 3305 qui
1232 3238 1514 3307 prophetas
1554 3240 1779 3296 habebat
1828 3252 1984 3310 atque

420 3320 607 3389 legem,
639 3323 726 3390 qui
758 3324 847 3377 Dei
879 3324 991 3377 visu
1033 3324 1321 3392 fruebatur,
1368 3330 1454 3397 qui
1510 3330 1558 3382 in
1602 3339 1677 3384 tot
1719 3335 1981 3388 miraculis

418 3414 697 3468 innutritus
744 3424 875 3468 erat.
932 3416 1079 3482 Quod
1122 3419 1164 3470 si
1208 3418 1260 3471 hi
1289 3419 1415 3473 tales
1443 3431 1610 3486 erant,
1654 3425 1818 3492 cogita
1854 3441 1982 3492 quu-

417 3507 572 3558 tnodo
603 3508 816 3576 reliqua!
860 3509 1003 3563 orbis
1033 3521 1204 3578 partes
1233 3511 1432 3566 affecta:
1460 3512 1672 3580 fuerint,
1723 3531 1749 3566 a
1781 3516 1979 3569 dzemo-

418 3597 570 3648 nibus
595 3599 886 3665 exagitata,
938 3600 1036 3651 sub
1067 3602 1310 3666 nequitia}
1343 3603 1668 3669 tyrannidem
1722 3605 1977 3672 redactm,

416 3687 574 3744 animi
604 3688 800 3741 morbis
822 3689 1064 3742 omnibus
1086 3691 1352 3759 subjecttc,
1381 3693 1513 3762 ligna
1546 3697 1796 3762 colentes,
1845 3701 1978 3766 lapi-

414 3776 508 3828 des
536 3777 835 3842 adorantes,
863 3790 1085 3844 mentes,
1114 3783 1295 3847 colles,
1328 3785 1511 3849 saltus,
1543 3788 1778 3851 arbores,
1813 3791 1976 3858 lacus,

417 3867 603 3931 fontes,
636 3869 841 3923 fluvios.
890 3873 1084 3940 Ecquid
1114 3884 1302 3928 castcra
1331 3884 1848 3935 commcmoremus?
1896 3884 1975 3937 Ex

417 3956 720 4011 Judmorum
747 3961 886 4012 cnim
913 3963 1062 4014 malis
1089 3975 1278 4030 quanta
1297 3977 1473 4020 essent
1505 3970 1724 4023 aliorum
1747 3971 1976 4028 facinora

415 4049 594 4102 videre
623 4061 722 4103 est.
763 4069 780 4101 ι
820 4051 947 4120 Equi
994 4052 1225 4108 furentes
1271 4057 1321 4108 in
1367 4057 1585 4112 feminas
1610 4071 1778 4126 erant,
1813 4079 1976 4119 unus-

413 4138 631 4208 quisque
648 4141 710 4193 ad
736 4157 952 4196 uxorem
978 4145 1195 4211 proximi
1219 4146 1299 4198 sui
1325 4145 1588 4202 hinniebat
1611 4167 1627 4200 ι
1648 4149 1785 4221 (Jer.
1809 4154 1859 4207 5.
1883 4154 1974 4224 8).

422 4249 439 4279 ι
463 4230 721 4298 Cognovit
745 4232 838 4285 bos
872 4248 1228 4301 possessorem
1259 4253 1430 4302 suum,
1459 4248 1512 4292 et
1537 4242 1714 4294 asinus
1744 4258 1978 4312 prmsepe

413 4319 612 4373 domini
643 4321 742 4387 sui,
772 4322 932 4378 Israel
955 4335 1126 4379 autem
1157 4343 1365 4382 menon
1393 4333 1632 4399 cognovit
1669 4352 1686 4382 ι
1715 4332 1873 4404 (Ism'.
1921 4339 1971 4390 1.

414 4414 490 4481 5).
514 4431 531 4462 t
557 4413 726 4468 Canes
754 4415 903 4478 muti,
926 4417 1012 4484 qui
1036 4432 1137 4471 non
1153 4427 1430 4487 potuerunt
1452 4422 1644 4476 latrare
1667 4441 1683 4473 ι
1709 4423 1856 4492 (Isai.
1883 4426 1972 4480 56.

415 4505 484 4558 10
511 4505 550 4572 ).
579 4524 596 4556 ι
636 4505 818 4560 Facies
850 4509 1140 4563 meretricis
1184 4511 1319 4563 facta
1341 4521 1421 4565 est
1449 4513 1561 4578 tibi,
1612 4517 1748 4582 apud
1793 4533 1974 4572 omnes

414 4595 744 4662 impudenter
763 4597 955 4665 agebas
983 4617 1002 4648 ›
1037 4597 1178 4669 (Jer.
1209 4600 1260 4654 5.
1287 4602 1374 4670 5).
1411 4620 1431 4652 ‹
1455 4602 1565 4656 Non
1584 4613 1665 4657 est
1683 4607 1974 4676 intelligens

410 4693 497 4736 aut
547 4686 817 4752 requirens
863 4687 1022 4740 Deum
1059 4707 1071 4742 :
1111 4705 1292 4744 omnes
1340 4692 1752 4760 declinaverunt,
1819 4701 1972 4752 simul

414 4776 620 4828 inutiles
649 4776 766 4830 facti
798 4788 920 4832 sunt
951 4798 968 4830 ι
1003 4780 1189 4851 (Psal.
1224 4784 1306 4837 15.
1339 4784 1393 4838 Ξ.
1418 4787 1504 4854 5).
1543 4787 1767 4842 Rursum
1791 4791 1924 4843 alius
1956 4810 1971 4848 :

417 4883 434 4913 ι
477 4865 685 4918 Frustra
719 4871 1042 4936 argentarius
1071 4883 1341 4941 argentum
1369 4876 1559 4930 confiat
1588 4897 1601 4932 :
1645 4881 1854 4934 malitia:
1879 4897 1973 4936 co-

412 4971 526 5009 rum
585 4973 686 5010 non
734 4970 855 5014 sunt
908 4977 1229 5034 consumptae
1266 4987 1283 5018 ι
1324 4967 1465 5038 (Jer.
1514 4971 1566 5026 (ἰ.
1601 4972 1726 5043 29).
1780 4973 1974 5029 lterum

409 5048 585 5100 alius:
622 5071 636 5097 ι
677 5049 998 5116 Exsecratio,
1049 5065 1104 5108 et
1146 5059 1494 5126 mendacium,
1553 5072 1606 5116 et
1651 5064 1866 5130 furtum,
1921 5076 1974 5121 et

408 5137 580 5190 credes
601 5179 613 5199 ,
641 5148 694 5193 et
727 5140 1038 5195 adulterium
1070 5145 1229 5199 effusa
1277 5159 1398 5201 sunt
1443 5166 1602 5220 super
1646 5162 1835 5207 terram
1861 5196 1875 5218 ,
1921 5165 1974 5210 et

407 5227 710 5293 sanguinem
741 5229 790 5281 in
822 5232 1075 5299 sanguine
1114 5236 1334 5289 miscent
1365 5257 1382 5288 ι
1433 5243 1448 5308 (
1475 5241 1598 5294 Usee
1637 5244 1688 5296 4.
1711 5244 1744 5295 '2
1765 5246 1800 5312 ).
1837 5245 1974 5299 Rur-

407 5331 522 5367 sum
580 5318 712 5371 alius
746 5337 757 5372 :
794 5321 888 5375 «Si
925 5325 1409 5396 mutabitAZthiops
1463 5332 1648 5398 pellem
1702 5350 1870 5400 suam,
1918 5346 1973 5390 et

410 5407 600 5471 pardus
642 5412 875 5464 maculas
905 5429 1046 5480 suas,
1072 5426 1123 5469 et
1145 5420 1367 5486 populus
1398 5422 1479 5474 hic
1509 5427 1700 5491 poterit
1720 5426 1970 5492 judicium

407 5499 594 5564 facere,
613 5516 730 5555 cum
745 5503 984 5559 didicerit
1001 5508 1131 5560 mala
1156 5529 1172 5560 ι
1197 5510 1329 5579 (Jer.
1349 5513 1431 5566 15.
1451 5514 1563 5584 25).
1585 5517 1728 5571 Alius
1749 5520 1930 5572 iterum
1955 5537 1968 5572 :

465 5672 965 5762 (o)'t'nctmslin.rlnsa
992 5695 1053 5729 ex
1078 5687 1350 5747 conjectura
1371 5691 1650 5751 adjiciuntur
1669 5709 1680 5746 ;
1701 5695 1774 5743 lus
1797 5701 1972 5762 quippe

401 5733 608 5793 tloniptis
634 5753 721 5783 non
748 5747 832 5785 stat
863 5755 1051 5791 sensus.

1160 399 1217 453 S.
1250 399 1522 456 JOANNIS
1557 401 2030 460 CIIRYSOSTUMI
2059 406 2372 462 ARCiIlEP.
2412 406 2940 468 CONSTANTINOP.

3587 439 3700 492 252

2123 534 2141 567 ι
2182 518 2269 571 Va:
2297 519 2444 586 mihi,
2467 536 2499 574 ο
2528 523 2723 590 anima,
2762 524 2881 593 quia
2910 524 3061 592 periit
3091 524 3204 593 pius
3231 525 3297 578 de
3329 533 3486 591 terra,
3511 539 3564 583 et
3592 534 3681 599 qui

2116 618 2259 663 recte
2288 609 2442 664 faciat
2457 612 2507 665 in
2527 612 2824 668 hominibus
2845 630 2947 668 non
2970 627 3049 670 est
3069 635 3080 668 :
3100 631 3283 670 omnes
3305 619 3352 670 in
3370 622 3680 688 sanguinem

2110 698 2346 767 judicant
2375 720 2394 752 ι
2429 702 2449 771 (
2466 701 2622 755 ΜὶεΙι.
2656 705 2707 756 7.
2736 704 2828 773 2).
2859 706 2997 760 Deus
3023 708 3211 761 iterum
3239 726 3252 761 :
3283 727 3301 762 ι
3336 709 3470 762 0dio
3497 711 3680 772 habui,

2119 792 2286 860 rcpuli
2312 791 2624 849 festivitates
2669 805 2892 861 vestras,
2934 805 2988 852 et
3035 814 3138 852 non
3182 798 3445 853 odorabor
3479 800 3681 854 hostias

2113 881 2166 934 in
2194 884 2538 939 conventibus
2567 887 2754 941 vestris
2783 906 2801 938 ι
2832 888 2851 957 (
2872 889 3022 942 Amos
3051 890 3104 944 5.
3132 888 3194 943 2!
3221 889 3260 958 ).
3291 890 3432 944 Elias
3462 899 3638 944 autem
3666 909 3679 944 :

2118 989 2136 1021 ι
2171 972 2367 1026 Altaria
2397 984 2480 1028 tua
2499 976 2886 1042 subverterent,
2915 989 2966 1032 et
3003 980 3283 1049 prOpbetas
3325 989 3442 1035 tuos
3465 984 3678 1037 occide-

2110 1071 2260 1121 runt;
2294 1071 2345 1114 et
2363 1078 2463 1130 ego
2501 1065 2716 1119 relictus
2737 1081 2851 1120 sum
2877 1069 3040 1131 solus,
3086 1078 3138 1122 et
3181 1079 3421 1137 quaerunt
3447 1072 3678 1124 animam

2111 1163 2279 1202 meam
2317 1170 2334 1202 ι
2372 1154 2459 1219 (3.
2494 1155 2618 1224 Reg.
2649 1156 2735 1211 19.
2773 1156 2895 1228 10).
2947 1159 3173 1212 Rursum
3206 1160 3378 1214 Deus:
3410 1178 3430 1210 ι
3469 1161 3678 1230 Reliqui

2108 1237 2321 1291 domum
2345 1256 2536 1310 meam,
2578 1245 2750 1300 dimisi
2784 1245 3127 1303 hereditatem
3157 1264 3346 1314 meam,
3375 1250 3497 1304 dedi
3542 1251 3677 1306 dile-

2108 1336 2244 1378 ctam
2266 1331 2493 1384 animam
2509 1349 2677 1387 meam
2697 1336 2748 1388 in
2773 1352 2959 1390 manus
2985 1337 3310 1391 inimicorum
3337 1339 3451 1407 ejus
3478 1360 3496 1392 ι
3528 1342 3673 1408 (Jer.

2110 1415 2194 1466 12.
2229 1417 2318 1484 7).
2374 1420 2536 1474 David
2580 1424 2765 1478 iterum
2800 1441 2814 1478 :
2866 1444 2884 1476 ι
2910 1425 3316 1482 [inmolaverunt
3363 1429 3500 1484 filios
3545 1447 3675 1484 suos

2107 1513 2160 1556 et
2189 1505 2320 1559 tilias
2362 1523 2482 1562 suas
2507 1510 2800 1580 dmmoniis,
2825 1525 2877 1568 et
2917 1516 3214 1572 effuderunt
3236 1519 3543 1588 sanguinem
3587 1523 3672 1574 in-

2106 1605 2410 1664 nocentem,
2461 1605 2765 1670 sanguinem
2805 1605 3028 1661 filiorum
3069 1623 3284 1664 suorum
3315 1620 3368 1664 et
3389 1610 3610 1667 filiarum
3642 1633 3666 1664 ν

2105 1684 2281 1752 (Psal.
2309 1688 2427 1742 106.
2457 1691 2542 1743 37.
2562 1692 2628 1746 58
2646 1694 2685 1762 ).

2177 1775 2229 1827 4.
2261 1776 2502 1831 Vidistin‘
2539 1782 2752 1835 malitia:
2783 1787 3151 1853 tyrannidem?
3179 1786 3352 1842 Canes
3380 1788 3590 1845 fuerunt
3617 1803 3673 1846 et

2102 1869 2243 1935 equi.
2274 1871 2507 1924 etasinis
2540 1874 2875 1941 stupidiores,
2915 1876 3182 1946 bobusque
3227 1880 3666 1946 insensibiliores,

2103 1954 2156 2008 in
2187 1957 2454 2027 ipsamque
2481 1972 2717 2016 naturam
2759 1965 3100 2020 insanierunt.
3124 1967 3227 2022 Sed
3275 1982 3394 2038 post
3422 1971 3666 2025 incarna-

2105 2047 2298 2101 tionem
2325 2049 2518 2105 Cbristi
2543 2054 2667 2121 quid
2693 2055 2766 2107 ait
2789 2056 3056 2124 Scriptura
3079 2059 3101 2111 ?
3127 2059 3281 2112 Pater
3301 2072 3487 2127 noster,
3510 2065 3595 2131 qui
3613 2081 3668 2116 es

2100 2137 2305 2192 inetelis
2347 2141 2570 2210 (Matth.
2603 2145 2654 2197 6.
2686 2145 2778 2216 9).
2829 2149 3063 2201 Antehac
3101 2150 3305 2204 dicebat
3338 2152 3603 2222 Scriptura
3646 2173 3661 2206 :

2113 2228 2247 2281 Vade
2264 2231 2331 2282 ad
2351 2235 2630 2299 formicam,
2658 2237 2797 2305 piger
2821 2236 2838 2306 (
2863 2236 3015 2290 Prov.
3055 2241 3104 2292 6.
3135 2239 3202 2310 6)
3225 2258 3237 2301 ;
3266 2252 3384 2310 post
3405 2244 3516 2296 haec
3538 2259 3666 2298 vero

2099 2320 2254 2373 etiam
2286 2321 2570 2391 adoptione
2610 2324 2804 2394 dignati
2854 2341 3054 2390 smnus,
3103 2340 3155 2383 ct
3199 2331 3329 2383 caelo
3379 2333 3662 2400 adscripti,

2096 2425 2214 2464 cum
2237 2414 2436 2480 angelis
2455 2414 2646 2468 choros
2673 2418 2895 2485 agimus,
2923 2429 2974 2471 ct
3006 2422 3236 2488 ipsorum
3277 2431 3463 2476 cantus
3503 2426 3663 2491 parti-

2095 2503 2238 2570 cipes
2264 2517 2463 2569 sumus,
2486 2520 2548 2559 ac
2577 2521 2694 2560 cum
2729 2507 3049 2577 iucorporcis
3073 2514 3416 2578 potestatibus
3444 2529 3664 2568 cancer-

2096 2601 2288 2645 tamus.
2316 2595 2514 2648 Sublati
2545 2607 2664 2650 sunt
2698 2600 2880 2663 colles,
2912 2600 3082 2655 diruta
3111 2613 3233 2656 sunt
3264 2606 3475 2673 templa.
3506 2606 3662 2673 Lapis

2095 2696 2213 2735 esse
2238 2682 2369 2751 lapis
2393 2686 2532 2738 visus
2557 2696 2653 2750 est,
2686 2697 2739 2741 et
2768 2689 2964 2758 lignum
2993 2707 3112 2746 esse
3142 2693 3334 2761 lignum
3360 2695 3662 2764 deprehen-

2094 2787 2208 2826 sum
2249 2783 2363 2838 est,
2415 2777 2737 2847 arboresque
2776 2781 3022 2846 arbores;
3075 2784 3243 2838 fontes
3291 2785 3414 2839 item
3463 2787 3654 2842 fontes.

2093 2863 2222 2929 Quia
2253 2868 2391 2919 enim
2441 2867 2531 2922 Sol
2577 2870 2794 2937 justitia:
2839 2874 3006 2928 illuxit
3053 2877 3219 2945 (Mal.
3251 2879 3304 2931 4.
3339 2879 3428 2948 2),
3481 2896 3656 2934 rerum

2090 2956 2320 3010 ostendit
2346 2968 2606 3026 naturam,
2631 2978 2784 3030 quam
2807 2967 2949 3032 prius
2975 2967 3350 3024 obtcnebrabat
3374 2987 3475 3024 nox
3503 2987 3655 3027 erro-

2091 3047 2184 3111 ris,
2234 3056 2286 3101 ct
2312 3049 2620 3117 ignorantiae
2649 3055 2901 3121 profunda
2953 3060 3154 3127 caligo,
3201 3077 3318 3129 qua:
3358 3078 3538 3116 eorum
3567 3067 3654 3134 qui

2090 3136 2292 3206 decepti
2323 3151 2475 3193 erant
2526 3143 2707 3196 oculos
2735 3144 3040 3200 offuscabat.
3079 3148 3180 3202 Sed
3213 3159 3488 3219 postquam
3519 3153 3651 3207 den-

2090 3243 2202 3282 sam
2231 3230 2428 3284 erroris
2455 3233 2644 3287 nubem
2693 3234 2832 3289 Solis
2856 3236 3071 3305 justitize
3118 3241 3297 3294 radius
3348 3242 3651 3311 dissipavit,

2089 3321 2280 3388 ubique
2306 3321 2392 3375 lux
2418 3335 2498 3376 est
2521 3335 2574 3377 et
2595 3325 2729 3389 dics,
2771 3328 2876 3380 imo
2905 3329 3173 3396 splendida
3211 3333 3518 3403 stabilisque
3565 3336 3651 3388 lux

2089 3411 2398 3465 meridiana.
2446 3413 2622 3468 Persa:
2659 3417 2838 3483 etiam,
2870 3420 2956 3486 qui
2993 3431 3184 3475 matres
3232 3437 3354 3476 suas
3383 3425 3434 3476 in
3460 3441 3653 3479 uxores

2085 3502 2380 3570 ducebant,
2437 3508 2783 3574 virginitatem
2829 3526 2968 3564 nunc
3011 3526 3275 3566 exercent.
3323 3515 3388 3568 Et
3415 3517 3502 3585 qui
3530 3529 3652 3570 ante

2087 3594 2222 3647 ﬁlios
2244 3611 2368 3650 suos
2396 3600 2544 3666 quasi
2565 3615 2665 3653 non
2696 3614 3037 3669 agnoscentes
3063 3608 3380 3668 mactabant,
3414 3612 3648 3662 omnium

2084 3689 2490 3741 mansuetissimi
2523 3699 2575 3742 et
2621 3693 2884 3746 mitissimi
2925 3706 3064 3746 sunt.
3099 3696 3226 3764 Lupi
3256 3701 3429 3752 ovium
3485 3701 3651 3754 instar

2085 3776 2343 3828 mansueti
2393 3787 2702 3844 evaserunt;
2749 3781 2854 3834 imo
2904 3783 3060 3835 etiam
3111 3786 3142 3836 ii
3194 3787 3283 3854 qui
3332 3786 3468 3856 lupis
3523 3789 3650 3858 ipsis

2084 3864 2421 3920 immaniores
2451 3879 2618 3923 erant.
2651 3871 2827 3940 Lupus
2854 3875 2992 3928 cnim
3034 3885 3270 3930 naturam
3295 3893 3397 3932 non
3422 3882 3646 3950 ignorat,

2083 3956 2174 4008 sed
2197 3959 2431 4024 agnoscit
2461 3957 2622 4012 fetum
2657 3981 2671 4015 :
2706 3962 2946 4018 homines
2967 3976 3138 4019 autem
3176 3971 3333 4022 etiam
3375 3972 3478 4025 illis
3505 3972 3645 4027 fero-

2081 4047 2253 4101 ciores
2279 4057 2448 4102 erant.
2476 4050 2578 4104 Sed
2620 4063 2738 4120 post
2777 4055 3186 4112 incarnationem
3213 4059 3475 4130 Unigeniti
3507 4065 3649 4133 ejus-

2083 4150 2183 4203 que
2213 4137 2677 4207 dispensationem,
2706 4142 2871 4211 ejecta
2915 4145 3138 4213 feritate,
3181 4150 3243 4203 ad
3276 4153 3504 4218 priorem
3555 4171 3645 4210 rc-

2083 4227 2218 4278 vcrsi
2249 4235 2372 4280 sunt
2398 4229 2723 4284 nobilitatem
2750 4249 2764 4296 ;
2795 4233 2901 4288 imo
2948 4236 3013 4290 ad
3061 4240 3349 4307 angelicam
3397 4243 3644 4299 virtutem

2082 4316 2247 4368 evecti
2270 4328 2408 4370 sunt.
2439 4317 2504 4370 Et
2529 4320 2750 4374 antehae
2774 4323 2928 4377 urbes
2958 4327 3165 4394 quidem
3197 4339 3348 4382 erant
3375 4332 3646 4400 impietate

2082 4405 2251 4472 plena:
2302 4425 2314 4459 :
2365 4406 2519 4462 hodie
2560 4420 2734 4464 autem
2762 4413 2916 4465 etiam
2957 4417 3182 4470 solitudo
3209 4420 3642 4489 philosophatur,

2082 4509 2285 4547 necnon
2313 4498 2514 4564 tuguria
2546 4501 2922 4556 monachorum
2951 4505 3000 4557 in
3029 4509 3291 4561 tuentibus
3319 4519 3372 4563 et
3398 4513 3642 4579 saltibus,

2082 4585 2392 4638 imitantium
2442 4588 2603 4654 ipsam
2643 4592 2947 4659 angelorum
2983 4596 3160 4662 vitam,
3191 4608 3468 4668 postquam
3507 4618 3646 4671 pra:-

2079 4684 2276 4728 scntcm
2303 4688 2578 4731 exuerunt.
2607 4681 2671 4732 At
2713 4681 2836 4749 quid
2863 4698 2994 4751 opus
3037 4697 3116 4739 est
3170 4690 3445 4744 verborum
3477 4709 3645 4761 appa-

2081 4776 2217 4830 ratu,
2245 4782 2364 4820 cum
2397 4783 2483 4821 res
2515 4769 2641 4836 ipsa:
2678 4770 2976 4839 loquantur,
3005 4785 3057 4829 et
3086 4778 3195 4831 sole
3224 4779 3414 4834 clarius
3458 4795 3640 4837 osten-

2079 4857 2206 4910 dant
2235 4859 2509 4923 beneficia,
2535 4875 2649 4928 qua:
2680 4872 2793 4930 post
2829 4864 3189 4921 admirandum
3236 4870 3377 4923 illum
3430 4883 3482 4927 et
3534 4875 3645 4941 spi-

2079 4947 2320 5001 ritualem
2366 4949 2580 5018 virginis
2631 4963 2834 5021 partum
2861 4995 2874 5016 ,
2930 4971 2991 5010 ac
3039 4968 3155 5025 post
3198 4959 3640 5029 dispensationem

2082 5036 2616 5108 incarnationetnque,
2639 5050 2804 5096 totum
2825 5045 3003 5099 orbem
3027 5061 3340 5117 occuparunt
3357 5052 3380 5102 ?
3398 5056 3640 5109 Attamen

2081 5135 2276 5180 tantum
2311 5137 2518 5197 tamque
2548 5134 2852 5198 prmelarum
2884 5151 3015 5203 opus
3037 5155 3064 5190 a
3093 5139 3263 5208 seipSo
3315 5141 3453 5200 fecit.
3502 5147 3639 5212 quod

2079 5225 2130 5268 et
2153 5216 2343 5269 clamat
2373 5219 2561 5272 Paulus
2590 5221 2770 5275 dicens
2798 5241 2810 5275 :
2844 5224 2940 5288 Qui
2964 5244 3074 5278 cum
3097 5230 3145 5280 in
3168 5234 3327 5297 forma
3364 5231 3462 5284 Dei
3494 5245 3637 5299 esset,

2079 5322 2177 5358 non
2216 5310 2444 5375 rapinam
2480 5311 2748 5366 arbitratus
2782 5324 2855 5366 est
2900 5332 3004 5368 esse
3036 5335 3087 5370 se
3124 5323 3359 5388 ecquale»:
3403 5322 3525 5387 Deo,
3554 5328 3642 5376 sed

2079 5397 2396 5463 semetipsum
2417 5399 2704 5465 exinanivit,
2732 5402 2947 5470 formam
2977 5409 3104 5459 servi
3130 5412 3372 5478 accipiens
3403 5413 3419 5479 (
3445 5413 3638 5482 Philip.

2079 5484 2128 5536 2.
2161 5485 2211 5537 6.
2243 5485 2273 5537 7
2293 5484 2331 5552 ).
2357 5485 2542 5552 Audis,
2571 5487 2832 5556 hacreticc,
2860 5493 2996 5560 quod
3015 5498 3644 5564 seipsumexinaniverit?

2080 5577 2155 5629 Ac
2182 5593 2362 5630 rursus
2386 5579 2504 5632 alibi
2533 5597 2544 5631 :
2594 5599 2610 5632 α
2649 5582 2794 5636 Sicut
2822 5593 2874 5637 et
2923 5585 3161 5640 Christus
3214 5589 3398 5644 dilexit
3441 5609 3558 5658 nos,
3590 5607 3643 5650 et

2081 5665 2291 5719 tradidit
2319 5669 2657 5737 semetipsum
2695 5687 2788 5739 pro
2818 5673 2966 5727 nobis
2991 5676 3306 5731 oblationem
3338 5690 3390 5733 et
3416 5680 3637 5737 hostiam

2085 5755 2190 5808 Deo
2216 5756 2264 5809 in
2293 5757 2505 5811 odorem
2535 5760 2804 5815 suavitatis
2842 5781 2858 5813 ι
2896 5762 3113 5835 (Ep/tes.
3145 5767 3196 5821 5.
3225 5768 3314 5838 2).
3346 5771 3444 5835 Qui
3480 5774 3634 5828 ctiam
