3990 6444
339 473 446 526 251

332 579 439 648 ἴδῃ,
481 574 691 644 ἀνάγκη
727 571 947 628 εἶναιτὰ
979 574 1133 645 ἔργα.
1174 568 1382 638 Τίοῦνς
1418 573 1537 625 εἰπέ
1573 591 1681 641 μοι·
1721 572 1813 622 ἕνα
1839 572 1988 638 ἥλιον

329 660 566 730 ὁρῶμεν,
596 659 670 728 μὴ
694 657 785 710 δύο
812 657 976 722 δεῖξαί
1015 674 1102 726 μοι
1124 657 1350 728 δυνήσῃ,
1391 655 1475 707 ἵνα
1508 657 1598 707 τὸν
1627 655 1724 724 μὲν
1754 655 1845 704 τοῦ
1884 657 1991 706 Πα-

331 743 481 809 τρδς,
501 742 594 794 τὸν
622 742 679 794 66
698 741 791 793 τοῦ
824 741 952 793 Υἰοῦ
982 740 1342 804 ύποπτεύσω;
1379 740 1473 793 xal
1512 739 1736 808 σελήνας
1765 737 1875 798 δύο,
1900 738 1992 789 καὶ

331 825 458 893 γῆν,
493 826 588 876 καὶ
614 823 880 876 θάλατταν
901 840 915 887 ;
939 823 1079 875 οὕτω
1103 823 1198 876 καὶ
1231 821 1298 874 τὰ
1319 821 1452 875 ἀλλα
1491 823 1699 884 πάντας
1737 821 1872 871 Ἀλλ’
1894 821 1993 871 οὐκ

333 909 402 959 ἂν
425 908 568 976 ἔχοις
605 908 795 958 εἰπεῖν·
825 904 904 969 εἷς
925 908 1033 975 γάρ
1063 908 1258 959 ἐστινό
1287 905 1455 974 ἥλιος.
1486 904 1610 967 Πῶς
1637 901 1749 968 οὖν,
1789 903 1882 955 ἐὰν
1920 907 1991 972 μή

329 1008 385 1041 τι
419 989 586 1058 βλέπῃ
632 989 882 1041 ποιοῦντα
929 989 1107 1049 αὑτὸν,
1145 989 1204 1040 οὐ
1245 991 1418 1051 ποιεῖς
1455 987 1608 1050 Τίνος
1661 987 1819 1057 ἔργον
1859 980 1994 1037 εἶναι

335 1073 510 1140 βούλει
536 1073 625 1124 τὸν
665 1072 842 1140 ἡλιον;
892 1070 984 1123 τοῦ
1031 1070 1271 1139 Πατρός;
1329 1069 1438 1123 Ποῦ
1478 1065 1571 1124 οὖν
1625 1071 1654 1122 6
1703 1068 1797 1122 τοῦ
1832 1067 1992 1132 Ἠοῦς

347 1152 508 1204 Ἀλλά
534 1151 628 1204 τοῦ
662 1150 824 1215 Υίοῦς
862 1151 971 1204 Ποῦ
1017 1147 1108 1204 οὖν
1132 1154 1160 1204 6
1179 1152 1270 1204 τοῦ
1313 1152 1542 1222 Πατρδς,
1586 1151 1645 1204 ὃν
1671 1149 1792 1203 ἰδὼν
1821 1145 1994 1212 οὗτος,

333 1239 492 1292 ἄλλον
539 1235 773 1290 τοιοῦτον
803 1237 1093 1306 ἐποίησεν;
1143 1236 1266 1299 Πῶς
1297 1237 1354 1289 δὲ
1396 1239 1571 1289 ἐκεῖνο
1611 1237 1866 1306 στήσεται
1913 1236 1992 1296 τδ,

335 1319 539 1372 Πάντα
580 1318 653 1372 δι’
702 1318 885 1372 αὑτοῦ
915 1319 1170 1387 ἐγένετο,
1205 1319 1304 1371 καὶ
1331 1319 1508 1386 χωρὶς
1554 1317 1739 1372 αὑτοῦ
1762 1316 1996 1386 ἐγένετο

333 1402 476 1454 οὐδὲ
507 1403 608 1466 ἓν;
650 1403 712 1454 Εἰ
745 1402 852 1471 γὰρ
892 1402 1068 1454 πάντα
1105 1403 1169 1454 δι’
1218 1401 1401 1465 αὑτοῦ,
1438 1403 1585 1454 ποῖον
1630 1399 1693 1452 ἂν
1735 1399 1847 1469 ἕχσι
1880 1417 2000 1452 και-

337 1482 429 1549 ρὸν
464 1483 600 1553 αῦτη
645 1486 676 1553 ἡ
720 1483 1014 1554 διαίρεσις;
1067 1485 1229 1553 Ὁρᾷς
1271 1483 1342 1535 τὰ
1380 1482 1488 1535 τῶν
1535 1482 1837 1551 λογισμῶνς
1885 1482 2001 1544 πῶς

335 1564 560 1626 ἐαυτοῦς
601 1564 978 1634 περιπείρετε,
1033 1565 1126 1617 καὶ
1189 1564 1347 1617 ἑαυτὸ
1399 1563 1609 1632 ἐλέγχει
1658 1564 1716 1616 τὸ
1771 1564 1997 1631 ψεῦδος

387 1640 514 1697 Ἰδοὺ
531 1644 986 1716 τὴνοέρμηνείαν
1029 1643 1207 1697 αὐτῶν
1255 1646 1335 1706 εἰς
1379 1643 1541 1713 μέσον
1595 1642 1836 1710 ἀγαγὼν,
1886 1644 2002 1705 πῶς

335 1727 509 1790 ἔδειξα
545 1730 712 1798 αὐτὴν
738 1731 826 1798 ὑφ’
856 1729 1054 1798 ἑαυτῆς
1089 1729 1442 1798 βαλλομένην.
1501 1727 1643 1790 Ἐγὼ
1686 1729 1743 1782 66
1785 1731 2002 1782 κάκεῖνο

335 1816 505 1882 ἡδέως
529 1816 593 1867 ἂν
618 1816 841 1886 ἐροίμην
865 1833 878 1846 ·
914 1817 994 1877 τίς
1027 1819 1054 1867 6
1083 1815 1180 1884 τὴν
1209 1817 1385 1885 σάρκα
1415 1813 1700 1868 ἀναλαϐὼν
1733 1814 1832 1884 τὴν
1867 1817 2003 1883 ἡμε-

335 1902 521 1968 τέραν,
553 1903 644 1952 xal
673 1905 750 1963 εἰς
777 1903 985 1971 μήτραν
1020 1901 1188 1953 ἐλθὼν
1215 1901 1580 1971 παρθενικήν;
1624 1901 1652 1952 6
1693 1901 1880 1970 Πατὴρ
1909 1900 1941 1968 ἦ
1978 1903 2004 1953 6

341 1987 494 2049 Υἱός;
537 1989 675 2039 εἰπέ.
726 1990 798 2040 Ού
846 1989 1008 2040 παντί
1040 2005 1138 2040 που
1167 1988 1320 2057 δῆλον
1341 2029 1354 2050 ,
1387 1990 1468 2040 ὃτι
1495 1989 1522 2040 6
1562 1988 1852 2058 μονογενὴς
1879 1987 2006 2050 Υἱὸς

334 2073 429 2124 τοῦ
465 2073 638 2138 Θεοῦ;
688 2075 797 2127 Kal
856 2076 961 2144 γὰρ
1015 2075 1042 2125 6
1093 2073 1298 2136 Παῦλος
1349 2074 1522 2136 οὕτως
1575 2075 1782 2142 φησίν·
1823 2075 2005 2127 Τοῦτο

334 2162 667 2227 φρονείσθω
703 2162 772 2214 ἑν
799 2161 959 2228 ὑμῖν,
998 2161 1028 2214 ὃ
1073 2161 1171 2213 καὶ
1210 2162 1278 2213 έν
1307 2161 1539 2229 Χριστῷ
1581 2161 1796 2229 Ἰησοῦ,
1828 2161 1895 2227 ὃς
1937 2162 2007 2213 έν

334 2247 533 2315 μορφῇ
595 2248 741 2300 Θεοῦ
787 2248 1070 2317 ὑπάρχων
1116 2250 1226 2316 οὑχ
1271 2247 1584 2316 ἁρπαγμὸν
1623 2248 1893 2317 ἡγήσατο
1939 2247 2006 2300 τὸ

336 2329 486 2385 εἶναι
508 2335 613 2386 ἴσα
639 2333 778 2398 Θεῷ,
811 2336 947 2388 ἀλλ’
987 2336 1203 2387 ἑαυτὸν
1233 2335 1490 2388 έκένωσε
1510 2336 1754 2403 μορφὴν
1782 2335 2005 2388 δούλου

335 2421 552 2474 λαϐὼν.
591 2421 719 2477 Kal.
765 2420 1224 2483 Ἐξαπέστειλεν
1263 2425 1296 2474 ό
1320 2421 1461 2486 Θεὸς
1499 2423 1604 2474 τὸν
1649 2421 1785 2475 Υίὸν
1821 2423 2005 2476 αὑτοῦ

334 2506 444 2558 τὸν
468 2505 798 2574 μονογενῆ,
846 2508 1166 2574 γενόμενον
1213 2509 1280 2560 ἐκ
1331 2509 1636 2576 γυναικὸς,
1684 2510 2007 2579 γενόμενον

334 2595 452 2648 ὑπὸ
480 2596 683 2662 νόμον.
712 2596 819 2646 Kal
848 2596 994 2646 πᾶσα
1029 2594 1236 2665 Γραφὴ,
1268 2596 1376 2648 εἴτε
1411 2596 1633 2659 παλαιὰ,
1689 2597 1798 2648 εἴτε
1824 2599 2004 2667 καινὴ,

333 2681 536 2732 τούτων
569 2681 946 2747 ἐμπέπλησται
978 2681 1086 2730 τῶν
1113 2682 1430 2749 μαρτυριῶν
1450 2697 1463 2711 ·
1493 2681 1586 2734 καὶ
1613 2682 1678 2733 τά
1709 2683 2006 2751 πράγματα

337 2764 454 2834 βοᾷ,
484 2766 563 2816 ὅτι
592 2767 620 2816 6
652 2765 959 2835 Μονογενὴς
990 2766 1295 2835 ἐσαρκώθη,
1330 2768 1424 2835 οὐχ
1461 2768 1490 2818 6
1521 2768 1729 2836 Πατὴρ.
1774 2769 2008 2837 Πότερον

333 2847 427 2903 οὖν
459 2851 579 2903 ἰδὼν
605 2851 693 2903 τὸν
719 2851 932 2922 Πατέρα
962 2852 1308 2922 σαρκωθέντα
1335 2855 1362 2904 6
1387 2854 1512 2916 Υἱὸς
1545 2853 1829 2924 ἐσαρκώθη
1852 2872 1865 2919 ;
1892 2853 2004 2925 [ού

333 2938 442 3006 γὰρ
468 2937 532 2989 ἀν
560 2937 886 3008 ἐσαρκώθη],
929 2939 975 2989 εἰ
1019 2938 1092 3007 μὴ
1127 2938 1154 2977 δ
1191 2939 1522 3008 θεασάμενος
1549 2939 1728 2991 αὐτόν.
1775 2941 1858 2992 Οὐ
1897 2938 2008 3008 γὰρ

334 3023 582 3076 δύναται
623 3024 722 3091 ἀφ’
768 3023 984 3077 ἑαυτοῦ
1021 3024 1214 3077 ποιεῖν
1242 3026 1440 3088 οὐδὲν,
1482 3025 1589 3078 ἐὰν
1608 3027 1692 3094 μή
1719 3043 1772 3079 τι
1798 3026 2005 3095 ,βλέπῃ

334 3110 442 3162 τὸν
477 3109 706 3176 Πατέρα
738 3111 1041 3162 ποιοῦντα.
1086 3112 1221 3164 Πότε
1277 3111 1342 3165 ἂν
1373 3111 1536 3180 ἴδοιμι
1579 3111 1735 3164 τοῦτο
1770 3113 2007 3183 ἐργασά-

336 3212 496 3264 μενον
523 3196 613 3247 τὸν
642 3197 884 3265 Πατέρα;
918 3197 1030 3249 Οὐκ
1055 3196 1118 3249 ἂν
1140 3197 1284 3268 ἔχοις
1305 3199 1496 3249 εἰπεῖν.
1521 3199 1629 3251 Kal
1654 3199 1787 3268 μήτε
1815 3198 2008 3269 μικρὸν

334 3280 472 3336 εἶναι
503 3284 728 3354 νομίσῃς
760 3286 819 3335 τὸ
857 3285 1234 3355 γεγενημένον.
1300 3286 1373 3338 T6
1417 3287 1524 3355 γὰρ
1571 3286 1864 3356 κεφάλαιον
1910 3287 2009 3356 τῆς

336 3372 610 3442 σωτηρίας
673 3374 895 3443 ἡμῶνὴ
946 3373 1217 3443 σάρκωσίς
1267 3377 1379 3426 ἐστι
1423 3373 1515 3426 τοῦ
1568 3375 1924 3444 Μονογενοῦς,
1974 3377 2008 3446 ἡ

335 3461 740 3526 συγκατάϐασις
782 3461 964 3513 αὐτοῦ.
1008 3462 1144 3530 Πρὶν
1186 3462 1216 3531 ἦ
1251 3463 1358 3531 γὰρ
1409 3463 1656 3528 γενέσθαι
1704 3464 2006 3534 ἄνθρωπον,

331 3545 400 3597 τὰ
444 3546 546 3614 τῆς
609 3547 805 3610 κακίας
861 3549 1160 3616 ἐτυράννει,
1213 3551 1306 3602 καὶ
1359 3549 1628 3618 βαθυτάτη
1682 3549 1776 3615 νὺξ
1832 3549 2010 3602 πάντα

333 3633 608 3698 κατεῖχεν,
651 3633 745 3683 καὶ
770 3633 1041 3702 πανταχοῦ
1075 3635 1244 3703 βωμοὶ
1284 3635 1377 3686 καὶ
1410 3635 1526 3688 ναοὶ
1550 3647 1572 3673 ο
1602 3637 1714 3698 τοῖς
1749 3635 2006 3701 εἰδώλοις,

333 3717 426 3769 καὶ
471 3717 707 3780 κνίσσαι,
752 3719 842 3770 καὶ
877 3720 1098 3781 καπνὸς,
1145 3721 1239 3772 καὶ
1277 3721 1524 3788 αἱμάτων
1573 3722 1878 3791 χείμαρροι,
1910 3723 2010 3774 οὐκ

333 3802 441 3857 ἀπὸ
468 3805 754 3873 προϐάτων
782 3805 872 3854 καὶ
909 3805 1045 3871 βοῶν
1080 3806 1255 3874 μόνον,
1289 3806 1422 3858 ἀλλά
1453 3808 1544 3858 καὶ
1568 3807 1675 3859 ἀπὸ
1705 3807 2009 3877 ἀνθρώπων

337 3891 568 3960 ῥέοντες.
634 3891 906 3942 Ἔθυσαν
954 3891 1060 3960 γὰρ
1105 3892 1246 3956 τοὺς
1302 3891 1470 3955 υἱοὺς
1517 3893 1714 3946 αὐτῶν
1758 3894 1855 3946 καί
1903 3894 2010 3959 τὰς

334 3978 660 4045 θυγατέρας
692 3979 890 4030 αὐτῶν
919 3977 1044 4041 τοῖς
1086 3977 1439 4045 δαιμονίοις·
1482 3980 1575 4030 καὶ
1602 3979 1752 4050 [9.60]
1783 3980 1956 4033 ταῦτα
1981 3983 2009 4032 ὁ

332 4066 500 4134 δῆμος
526 4066 552 4116 6
589 4065 870 4134 προφήτας
892 4065 1048 4134 ἔχων,
1074 4068 1100 4117 6
1124 4066 1287 4135 νόμου
1319 4065 1626 4136 μετασχὼν,
1661 4068 1688 4119 6
1714 4067 2008 4132 θεοπτίαςά

338 4150 672 4213 ἀπολαύσας,
705 4153 732 4202 6
761 4152 1032 4212 τοσούτοις
1060 4152 1342 4222 ἐντραφεὶς
1365 4153 1654 4222 θαύμασιν.
1688 4155 1750 4205 Εἰ
1786 4155 1842 4205 66
1866 4147 2014 4206 οῦτοι

333 4233 582 4294 τοιοῦτοι,
621 4233 872 4300 ἐννόησον
905 4233 973 4284 τά
1012 4233 1171 4284 λοιπὰ
1212 4235 1350 4302 μέρη
1385 4233 1483 4302 τῆς
1528 4233 1850 4303 οἰκουμένης
1894 4235 2010 4297 πῶς

333 4320 628 4381 διέκειντο,
681 4319 784 4371 ὑπὸ
836 4319 1106 4387 δαιμόνων
1156 4320 1580 4388 βακχευόμενοι,
1657 4321 1761 4371 ὑπὸ
1813 4321 2010 4383 κακίας

335 4405 777 4474 τυραννούμενοι,
841 4408 950 4468 τοῖς
1015 4406 1299 4475 παθήμασι
1350 4407 1514 4458 πᾶσιν
1576 4406 2006 4476 ύποκλινόμενοι,

336 4493 468 4556 ξύλα
528 4492 939 4562 θεραπεύοντες,
994 4493 1171 4555 λίθους
1226 4492 1678 4563 προσκυνοῦντες,
1744 4493 1865 4564 ὅρη,
1918 4493 2012 4547 καὶ

336 4579 578 4648 βουνοὺς,
601 4580 695 4631 καὶ
723 4579 920 4640 νάπας,
947 4579 1039 4630 καὶ
1069 4579 1279 4649 δένδρα,
1313 4579 1407 4631 καὶ
1446 4579 1656 4648 λίμνας,
1685 4581 1780 4632 καὶ
1805 4580 2008 4649 πηγὰς,

334 4667 429 4718 καὶ
468 4665 765 4733 ποταμούς.
795 4667 900 4718 Kal
933 4667 982 4717 τί
1023 4665 1103 4716 δεῖ
1138 4677 1160 4704 θ
1189 4665 1256 4717 τά
1285 4666 1392 4717 τῶν
1421 4666 1594 4717 ἄλλων
1628 4665 1841 4733 λέγειν;
1879 4669 2012 4719 ’Λπὺ

334 4753 444 4822 γὰρ
478 4751 584 4803 τῶν
611 4753 668 4802 ἐν
717 4753 990 4814 Ἰουδαίοις
1025 4752 1212 4803 κακῶν
1245 4751 1444 4819 ὄψομαι
1469 4753 1564 4820 τὴν
1604 4755 1663 4805 ἐν
1694 4757 1805 4814 τοῖς
1833 4754 2012 4817 ἄλλοις

335 4837 659 4907 ὑπερϐολήν.
687 4838 891 4891 Ἵπποι
920 4837 1284 4904 θηλυμανεῖς
1304 4835 1603 4904 ἐγένοντο,
1628 4838 1883 4904 ἕκαστος
1912 4841 2009 4893 ἐπὶ

334 4927 450 4994 τὴν
486 4925 737 4995 γυναῖκα
782 4926 887 4979 τοῦ
927 4926 1196 4990 πλησίον
1217 4924 1602 4994 ἐχρεμέτιζον.
1643 4927 1828 4993 Ἔγνω
1855 4927 2012 4993 ,βοῦς

337 5009 443 5065 τὸν
471 5012 868 5079 κτησάμενον,
907 5012 1000 5066 καὶ
1039 5012 1175 5076 ὄνος
1213 5011 1325 5076 τὴν
1371 5011 1605 5080 φάτνην
1656 5011 1761 5064 τοῦ
1799 5015 2010 5077 κυρίου

336 5099 543 5162 αὑτοῦ,
593 5098 832 5165 Ἰσραὴλ
890 5095 954 5148 δέ
1000 5113 1071 5164 με
1122 5100 1232 5150 οὐκ
1267 5097 1439 5165 ἔγνω.
1476 5099 1667 5162 Κύνες
1729 5099 1882 5152 ἐνεοί
1938 5101 2010 5151 οὐ

336 5185 656 5253 δυνάμενοι
711 5183 1010 5237 ὑλακτεῖν.
1069 5185 1248 5249 Ὂψις
1313 5185 1539 5252 πόρνης
1589 5185 1825 5253 ἐγένετό
1887 5203 2007 5250 σοι,

336 5274 899 5340 (ἰποηνῃσχύντησας
923 5270 1070 5337 πρὸς
1099 5269 1328 5333 πάντας
1368 5272 1488 5323 Οὐκ
1509 5271 1683 5323 ἔστιν
1705 5274 1736 5323 o'
1757 5272 2006 5333 συνιὼν,

405 5360 429 5386 ⁸
457 5359 520 5405 lla
544 5358 706 5405 Olloh.
735 5365 885 5404 melo.
918 5356 1127 5419 Benzcl._
1151 5364 1317 5402 autem
1340 5361 1392 5403 et
1448 5356 1642 5419 Anglic.
1698 5359 1777 5404 καὶ
1830 5359 2009 5404 ἑαυτῶν

340 5422 516 5480 ἐλέγχει
539 5421 593 5465 τὸ
616 5419 813 5480 ψεῦδος,
838 5418 940 5464 ἰδοὺ
963 5419 1050 5478 γὰρ
1076 5417 1176 5471 τήν.

403 5472 533 5527 ὶίςίο
568 5472 753 5528 Οιὶιώ..
782 5472 982 5537 Anglic."
1029 5472 1142 5524 τρι-υ
1182 5477 1288 5524 cod.
1315 5478 1442 5524 male
1483 5479 1597 5525 πότε
1633 5478 1712 5527 οὖν
1766 5480 1876 5527 ἰδὼν
1926 5481 2006 5528 τὸν

341 5543 529 5601 Πατέρα
549 5545 573 5589 ὁ
596 5543 697 5594 Υἱὸς
732 5541 995 5600 ἐσαρκώθη.
1020 5541 1058 5586 εἰ
1093 5539 1173 5598 μή.
1202 5539 1315 5602 Ηαιρ
1347 5551 1509 5598 porro,
1542 5541 1595 5586 ού
1616 5543 1704 5602 γὰρ
1757 5543 1812 5588 ἇν
1869 5543 2008 5602 ἐσαρ-

337 5606 484 5656 κωθη.
515 5616 572 5649 ex
615 5603 894 5662 mnjeclura
952 5602 1258 5664 adjiciunlur.
1288 5601 1411 5648 Infra
1448 5613 1533 5660 pro
1589 5601 1757 5663 ἰδοιμι,
1808 5601 2002 5664 melius,

337 5670 392 5712 ul
416 5669 550 5722 pulo,
574 5665 684 5709 τδοι·
708 5671 758 5709 et
778 5665 847 5708 sic
867 5667 1004 5709 notat
1034 5663 1226 5709 Benzcl.

405 5726 426 5752 °
457 5725 652 5771 Benzcl.
680 5724 847 5770 καινοί.

400 5785 427 5824 d
453 5786 532 5831 Sic
557 5784 704 5832 Ollob
748 5785 975 5838 θεοπτίας.
1003 5782 1194 5829 Benzel.
1233 5783 1516 5838 θεοπιστίας.

406 5846 427 5875 ⁸
456 5846 533 5896 Sic
560 5845 706 5895 qub
733 5881 745 5904 ,
772 5849 958 5907 Anglic.
987 5857 1103 5892 vero
1129 5845 1203 5898 ὀὴ.

1404 457 1474 511 ΙΝ
1511 455 1740 519 ILLUD,
1779 454 2002 510 FILIUS
2037 452 2125 509 EX
2157 452 2241 509 SE
2277 452 2462 508 NIHIL
2495 451 2718 517 FACIT,
2754 451 2903 506 ETC.

3635 467 3748 521 252

2098 572 2210 623 οὐκ
2235 573 2405 623 ἐστιν
2438 574 2470 625 ό
2497 567 2751 636 ἐκζητῶν
2799 567 2904 620 τὸν
2937 566 3083 618 Θεόν
3110 580 3122 593 ·
3162 564 3381 626 πάντες
3414 560 3751 626 ἐξέκλιναν,

2095 657 2215 724 ἅμα
2245 655 2675 724 ηχρειώθησαν.
2707 654 2872 707 Πάλιν
2899 653 3081 721 ἔτερος
3100 668 3115 683 ·
3149 651 3358 715 Μάτην
3397 647 3755 719 [ἀργυροκό-

2095 739 2240 809 πος]
2270 738 2677 808 ἀργυροκοπεῖ·
2709 739 2766 790 al
2787 736 3058 802 πονηρίαι
3078 733 3274 786 αὑτῶν
3303 734 3412 786 οὑιι
3433 730 3752 794 ὲτάκησαν.

2097 829 2321 897 Ἕτερος
2368 827 2564 879 πάλιν·
2619 826 2765 893 Ἀρὰ,
2801 825 2897 877 καὶ
2955 822 3196 890 ψεῦδος,
3243 820 3340 874 καὶ
3390 819 3609 884 κλοπὴ,
3659 817 3757 869 καὶ

2097 915 2300 983 φόνος,
2323 915 2420 966 καὶ
2445 914 2677 981 μοιχεία
2705 911 2942 979 κέχυται
2972 909 3067 961 ἐπὶ
3107 906 3211 974 τῆς
3242 907 3374 974 γῆς,
3411 906 3510 957 καὶ
3543 905 3761 970 αἵματα

2095 1001 2186 1068 ἐφ’
2227 1001 2434 1065 αἵμασι
2481 1001 2826 1066 μίσγονσιν.
2875 997 3098 1064 Ἕτερος
3146 993 3339 1046 πάλιν·
3383 993 3450 1044 Εἰ
3510 989 3758 1050 ἀλλάξει

2089 1086 2304 1152 Αἰθίοψ
2330 1085 2393 1138 τὸ
2417 1084 2602 1153 δέρμα
2639 1082 2824 1137 αὑτοῦ
2875 1081 2918 1147 τ,
2954 1081 3051 1133 καί
3102 1079 3392 1146 πάρδαλις
3430 1078 3504 1130 τὰ
3531 1077 3755 1128 ποικίλ-

2094 1189 2252 1241 ματα
2281 1171 2490 1238 αὑτῆς,
2537 1170 2636 1223 καί
2674 1172 2706 1223 ό
2742 1169 2890 1234 λαὸς
2939 1163 3113 1231 οὗτος
3151 1165 3476 1232 δυνήσεται
3517 1161 3760 1228 ποιῆσαι

2101 1261 2321 1328 κρίσιν,
2382 1256 2733 1326 μεμαθηκὼς
2784 1254 2954 1309 κακά.
3031 1255 3253 1322 ’Έτερος
3313 1251 3502 1304 πάλιν·
3575 1250 3740 1316 Οἴμοι

2101 1341 2294 1409 ψυχὴ,
2339 1341 2432 1393 ὅτι
2469 1340 2785 1393 ἀπόλωλεν
2816 1337 3078 1403 εὐλαϐὴς
3125 1336 3241 1388 ἀπὸ
3286 1333 3396 1399 τῆς
3429 1332 3561 1402 τῆς,
3607 1330 3703 1384 καὶ
3733 1332 3765 1384 ό

2103 1426 2405 1495 κατορθῶν
2461 1427 2530 1479 ἑν
2575 1423 2903 1492 ἀνθρώποις
2945 1425 3056 1490 οὐχ
3092 1420 3370 1487 ὑπάρχει·
3435 1419 3654 1482 πάντες
3683 1418 3767 1482 είς

2103 1516 2318 1582 αἵματα
2345 1513 2705 1573 δικάζουσιν.
2769 1513 2827 1563 '0
2852 1511 2981 1573 Θεὸς
3016 1509 3174 1562 πάλιν
3199 1526 3211 1540 ·
3277 1507 3610 1575 Μεμίσηκα,
3656 1505 3768 1558 άπο

2103 1600 2298 1669 ῶσμαι
2317 1601 2423 1665 τὰς
2447 1601 2654 1666 ἑορτὰς
2679 1597 2866 1667 ὑμῶν,
2885 1597 2982 1649 καί
3007 1598 3078 1649 οὐ
3103 1597 3187 1663 μὴ
3211 1593 3525 1660 όσφρανθῶ
3557 1591 3769 1653 θυσίας

2106 1686 2174 1738 ἐν
2198 1685 2328 1749 ταῖς
2348 1685 2757 1752 πανηγύρεσιν
2791 1682 2975 1752 ὑμῶν.
3012 1682 3069 1735 '0
3115 1680 3316 1741 Ἠλίας·
3349 1677 3425 1731 Τὰ
3453 1675 3770 1739 θυσιαστή·

2098 1771 2200 1838 ριά
2225 1787 2340 1825 σου
2400 1772 2812 1838 κατέσκαψαν,
2841 1768 2936 1821 καὶ
2985 1767 3126 1832 τοὺς
3165 1763 3476 1832 προφήτας
3504 1780 3618 1816 σου
3661 1762 3768 1814 ἀπο

2106 1858 2380 1914 έκτειναν
2406 1876 2418 1888 ·
2456 1859 2553 1912 καί
2581 1858 2950 1924 ὑπελείφθην
2981 1854 3094 1924 ἐγὼ
3124 1855 3330 1922 μόνος,
3387 1851 3485 1905 καί
3535 1850 3769 1918 ζητοῦσι

2107 1945 2222 2012 τὴν
2242 1946 2454 2015 ψυχήν
2498 1964 2638 2015 μου.
2691 1945 2855 1998 Πάλιν
2905 1946 2933 1994 6
2963 1943 3120 2004 Θεός·
3193 1939 3613 2008 Ἐτκατέλιπον
3669 1936 3774 1989 τὸν

2107 2025 2276 2082 οἶκόν
2301 2047 2440 2098 μου,
2465 2029 2669 2097 ἀφῆκα
2694 2028 2807 2094 τὴν
2839 2025 3245 2094 κληρονομίαν
3267 2041 3407 2092 μου,
3436 2021 3623 2076 ἔδωκα
3662 2020 3774 2086 τὴν

2107 2115 2501 2184 ἠγαπημένην
2532 2113 2742 2183 ψυχήν
2776 2131 2892 2181 μου
2936 2115 3020 2177 εἰς
3051 2111 3250 2180 χεῖρας
3289 2107 3516 2178 ἐχθρῶν
3565 2105 3771 2172 αὐτῆς.

2123 2202 2178 2254 ’0
2209 2201 2368 2254 Δαυῒδ
2399 2201 2556 2254 πάλιν
2581 2219 2593 2230 ·
2634 2203 2902 2254 Ἐθυσαν
2932 2199 3070 2263 τοὺς
3098 2197 3266 2262 υίοὺς
3291 2195 3508 2257 αὐτῶν,
3547 2194 3642 2247 καί
3674 2195 3776 2258 τὰς

2112 2288 2434 2356 θυγατέρας
2466 2286 2664 2341 αὑτῶν
2699 2287 2821 2351 τοῖς
2860 2285 3205 2352 δαιμονίοις,
3243 2283 3339 2336 καὶ
3371 2281 3620 2350 ἐξέχεαν
3637 2274 3776 2348 αἷμα

2111 2375 2324 2438 ἀθῷον,
2348 2373 2489 2442 αἷμα
2513 2373 2656 2427 υἱῶν
2677 2371 2876 2426 αὐτῶν
2912 2371 3009 2424 καί
3047 2369 3401 2439 θυγατέρων.

2181 2461 2241 2514 δ’.
2265 2456 2418 2524 Εἶδες
2448 2462 2643 2524 κακίας
2666 2459 2951 2531 τυραννίδα
2975 2475 2989 2522 ;
3017 2458 3193 2520 Κύνες
3223 2457 3465 2524 ἐγένοντο
3487 2456 3579 2507 καὶ
3601 2454 3774 2513 ἵπποι,

2112 2549 2207 2602 καὶ
2242 2549 2377 2602 δνων
2405 2548 2747 2616 ἀλογώτεροι,
2784 2547 2876 2599 καὶ
2906 2545 3043 2614 βοῶν
3087 2542 3545 2612 ἀναισθητότεροι,
3577 2541 3669 2594 καὶ
3697 2539 3776 2600 εἰς

2113 2637 2279 2703 αὐτὴν
2308 2635 2405 2704 τὴν
2431 2634 2590 2701 φύσιν
2621 2635 2918 2702 ἐμάνησαν.
2982 2629 3141 2682 Ἀλλά
3179 2628 3317 2698 μετά
3365 2627 3460 2696 τὴν
3505 2627 3778 2694 σάρκωσιν

2111 2719 2204 2772 τοῦ
2229 2720 2462 2791 Χριστοῦ
2490 2720 2543 2771 τί
2567 2736 2728 2788 φησιν
2750 2721 2782 2786 ἡ
2815 2718 3035 2786 Γραφή;
3068 2716 3256 2781 Πάτερ
3285 2713 3472 2782 ἡμῶν,
3497 2716 3529 2767 ό
3562 2713 3630 2766 έν
3657 2713 3779 2776 τοῖς

2112 2807 2406 2873 οὐρανοῖς.
2434 2808 2542 2859 Kal
2567 2806 2671 2875 1:96
2704 2809 2800 2874 μὲν
2831 2804 3017 2857 τούτου
3046 2803 3228 2872 ἔλεγεν
3251 2805 3283 2871 ἡ
3309 2801 3498 2871 Γραφὴ
3516 2818 3528 2830 ·
3562 2801 3779 2867 Πορεύ-

2114 2897 2244 2960 θητι
2280 2894 2429 2960 πρὸς
2478 2893 2583 2945 τὸν
2615 2894 2917 2960 μύρμηκα.
2957 2887 3004 2945 ὦ
3048 2887 3298 2957 ὀκνηρέ·
3345 2887 3480 2958 μετά
3515 2888 3571 2940 66
3609 2886 3780 2939 ταῦτα

2114 2983 2207 3034 καὶ
2233 2981 2501 3042 υἰοθεσίας
2527 2979 2857 3049 ἠξιώθημεν,
2892 2979 2985 3031 καὶ
3027 2979 3106 3041 εἰς
3138 2977 3229 3030 τὸν
3267 2975 3492 3046 οὐρανὸν
3537 2975 3781 3042 ἀπεγρά-

2115 3085 2314 3138 φημεν,
2346 3069 2438 3120 καὶ
2471 3068 2610 3137 μετά
2636 3067 2743 3119 τῶν
2771 3066 3018 3133 ἀγγέλων
3045 3063 3361 3134 χορεύομεν,
3388 3062 3480 3115 καὶ
3517 3061 3614 3132 τῆς
3661 3061 3778 3130 μελ-

2113 3156 2274 3224 ῳδίας
2301 3156 2482 3217 αὐτοῖς
2509 3151 2890 3222 κοινωνοῦμεν,
2926 3153 3017 3203 καὶ
3038 3151 3172 3220 πρὸς
3188 3149 3509 3220 ἀσωμάτους
3526 3149 3781 3217 δυνάμεις

2112 3245 2211 3315 τὴν
2256 3244 2485 3314 ἅμιλλαν
2516 3243 2767 3312 ἐθέμεθα.
2804 3241 2910 3295 Kal
2937 3242 3232 3312 ἀνῄρηνται
3273 3239 3470 3309 βουνοὶ,
3512 3240 3605 3292 καὶ
3656 3256 3784 3291 κατ-

2115 3332 2432 3401 εσκάφησαν
2458 3331 2594 3383 ναοί.
2628 3329 2736 3383 Kal
2764 3332 2791 3382 6
2821 3328 2964 3390 λίθος
2988 3330 3158 3397 ἐφάνη
3191 3327 3354 3390 λίθος,
3390 3327 3481 3379 καὶ
3507 3326 3567 3378 τὸ
3608 3324 3782 3389 ξύλον,

2117 3418 2290 3483 ξύλον,
2321 3419 2414 3472 καὶ
2450 3418 2515 3470 τὰ
2554 3417 2763 3487 δένδρα,
2807 3415 3015 3485 δένδρα,
3077 3416 3172 3467 καὶ
3223 3415 3277 3467 αἰ
3340 3415 3533 3484 πηγαὶ,
3590 3413 3783 3482 πηγαί.

2127 3505 2344 3577 Ἐπειδὴ
2387 3505 2494 3575 γὰρ
2533 3507 2561 3556 6
2590 3503 2691 3572 τῆς
2725 3501 3070 3572 δικαιοσύνης
3099 3502 3249 3570 ἥλιος
3308 3501 3568 3568 ἔλαμψεν,
3619 3499 3784 3562 ἔδειξε

2116 3594 2222 3646 τῶν
2245 3594 2581 3662 πραγμάτων
2607 3593 2704 3660 τὴν
2750 3592 2930 3658 φύσιν,
2971 3592 3036 3660 ἡν
3065 3591 3193 3657 πρὶν
3221 3587 3592 3640 ἐπεκάλυπτεν
3625 3589 3657 3656 ἡ
3687 3587 3784 3654 τῆς

2117 3681 2323 3749 πλάνης
2350 3680 2460 3743 νὺξ,
2495 3680 2587 3730 καὶ
2616 3678 2676 3729 τὸ
2703 3676 2836 3746 βαθὺ
2860 3677 2958 3745 τῆς
2988 3675 3259 3742 ἀγνωσίας
3299 3675 3505 3738 σκότος,
3556 3675 3785 3743 συγχέον

2116 3768 2212 3835 τὴν
2243 3767 2362 3834 ὄψιν
2392 3766 2498 3816 τῶν
2526 3763 2920 3833 ἀπατωμένων.
2967 3761 3104 3813 Ἀλλ’
3137 3761 3320 3828 ἐπειδὴ
3349 3761 3662 3814 διεσκέδασε
3684 3763 3783 3830 τὴν

2117 3853 2328 3923 πυκνὴν
2378 3851 2605 3920 νεφέλην
2647 3851 2746 3918 τῆς
2794 3850 3000 3918 πλάνης
3043 3851 3076 3918 ἡ
3117 3848 3274 3911 ἀκτὶς
3305 3851 3339 3918 ἡ
3381 3849 3473 3901 τοῦ
3505 3848 3657 3918 ἡλίου
3686 3852 3786 3916 τῆς

2116 3939 2478 4008 δικαιοσύνης,
2509 3936 2658 4009 [261]
2691 3935 2961 4006 πανταχοῦ
2994 3935 3110 4004 φῶς
3161 3937 3255 3988 καὶ
3299 3935 3498 4004 ἡμέρα,
3562 3934 3786 4003 λαμπρά

2120 4027 2212 4078 καὶ
2265 4025 2510 4094 σταθηρά
2559 4023 2890 4093 μεσημϐρία.
2937 4023 3045 4074 Kal
3103 4022 3150 4072 οἱ
3193 4021 3434 4090 μητέρας
3484 4019 3786 4088 γαμοῦντες

2120 4115 2323 4182 Πέρσαι
2383 4110 2678 4180 παρθενίαν
2715 4108 2942 4162 ἀσκοῦσι
3007 4106 3118 4161 νῦν.
3182 4108 3289 4159 Kal
3350 4107 3397 4158 οἰ
3457 4108 3582 4168 τοὺς
3641 4108 3784 4167 υἱοὺς

2118 4197 2435 4264 ἀγνοοῦντες
2457 4197 2582 4258 τοὺς
2609 4193 2817 4248 ἑαυτῶν
2858 4193 2953 4246 καὶ
2993 4194 3339 4262 σφάττοντες,
3382 4192 3596 4245 πάντων
3627 4193 3785 4258 γεγό-

2121 4299 2271 4334 νασιν
2294 4281 2632 4352 ἡμερώτεροι
2661 4281 2754 4334 καὶ
2780 4279 3092 4350 πραότεροι.
3125 4279 3188 4332 Οἱ
3217 4278 3368 4331 λύκοι
3400 4277 3532 4348 πρὸς
3561 4277 3656 4346 τὴν
3680 4279 3785 4329 τῶν

2120 4371 2406 4440 προϐάτων
2458 4369 2792 4439 μετέστησαν
2833 4367 3186 4438 ἡμερότητα·
3241 4365 3438 4435 μᾶλλον
3485 4365 3540 4417 66
3591 4366 3683 4417 καὶ
3735 4366 3783 4417 οἰ

2121 4459 2298 4511 λύκων
2325 4457 2558 4526 χείρους.
2597 4457 2775 4518 Λύκος
2810 4456 2917 4523 γὰρ
2952 4454 3052 4506 οὐκ
3092 4454 3277 4521 ἀγνοεῖ
3313 4452 3410 4520 τὴν
3455 4451 3634 4519 φύσιν,
3670 4451 3782 4503 ἀλλ’

2119 4545 2468 4612 ἐπιγινώσκει
2497 4544 2558 4594 τὸ
2578 4542 2766 4611 τεχθέν
2783 4558 2796 4569 ·
2823 4541 3095 4610 ἄνθρωποι
3123 4539 3178 4590 δέ
3198 4538 3288 4589 καὶ
3310 4537 3512 4590 τούτων
3539 4537 3785 4604 ἐγένοντο

2119 4630 2462 4699 ἀγριώτεροι.
2509 4628 2667 4681 Ἀλλά
2714 4627 2854 4696 μετά
2880 4625 2974 4694 τὴν
3007 4625 3280 4694 σάρκωσιν
3319 4622 3410 4675 τοῦ
3449 4624 3784 4691 Μονογενοῦς

2120 4719 2212 4770 καὶ
2231 4718 2327 4787 τὴν
2349 4717 2677 4784 οἰκονομίαν,
2709 4713 3027 4774 ἐκϐαλόντες
3054 4710 3150 4779 τὴν
3181 4711 3492 4778 θηριωδίαν,
3525 4711 3661 4780 πρὸς
3689 4711 3784 4781 τὴν

2117 4804 2322 4857 οἰκείαν
2355 4802 2654 4870 ἐπανῆλθον
2692 4798 2967 4865 εὐγένειαν
2990 4813 3004 4827 ·
3061 4798 3258 4866 μᾶλλον
3291 4797 3346 4848 66
3386 4796 3520 4866 πρὸς
3549 4799 3644 4867 τὴν
3677 4798 3783 4848 τῶν

2119 4891 2364 4960 ἀγγέλων
2390 4889 2657 4956 ἀνέϐησαν
2687 4886 2906 4955 ἀρετήν.
2935 4885 3043 4936 Kal
3078 4884 3183 4953 1:96
3229 4883 3416 4935 τούτου
3450 4883 3546 4952 μὲν
3583 4884 3639 4934 αἰ
3687 4883 3783 4934 πό-

2116 4977 2227 5040 λεις
2266 4973 2404 5047 ἦσαν
2460 4972 2710 5034 ἀσεϐείας
2759 4969 3159 5038 πεπλησμέναι,
3224 4969 3460 5037 σήμερον
3503 4967 3558 5020 66
3609 4967 3701 5020 καὶ
3747 4970 3780 5037 ἡ

2117 5064 2319 5134 ἕρημος
2361 5059 2655 5130 φιλοσοφεῖ,
2692 5057 2787 5110 καὶ
2827 5055 3058 5109 καλύϐαι
3105 5053 3350 5123 μοναχῶν
3391 5055 3446 5105 ἐν
3502 5052 3649 5122 δρεσι
3689 5055 3782 5106 καὶ

2115 5154 2330 5212 νάπαις,
2357 5147 2601 5214 ἀγγέλων
2627 5143 2973 5215 μιμουμένων
3003 5141 3296 5202 πολιτείαν,
3316 5139 3515 5192 καὶτὸν
3543 5140 3781 5208 παρόντα

2117 5235 2510 5302 ἀποδυσάμενοι
2545 5231 2676 5301 βίον.
2723 5229 2786 5280 Τί
2826 5229 2933 5296 γάρ
2971 5227 3049 5279 δεῖ
3091 5225 3189 5295 τῆς
3239 5225 3347 5276 τῶν
3391 5224 3560 5290 λόγων
3611 5241 3781 5275 κατα·

2117 5321 2338 5388 σκευῆς,
2381 5319 2488 5372 τῶν
2530 5317 2869 5388 πραγμάτων
2913 5312 3178 5382 βοώντων,
3217 5311 3311 5363 καὶ
3349 5311 3497 5380 ἡλίου
3536 5309 3778 5378 φανερώ-

2113 5425 2265 5478 τερον
2290 5408 2609 5458 δεικνύντων
2640 5404 2705 5454 τά
2737 5400 2932 5468 ἀγαθὰ,
2967 5399 3002 5452 ἃ
3039 5398 3176 5468 μετά
3210 5397 3304 5467 τὴν
3329 5398 3490 5449 ώδῖνα
3519 5398 3614 5466 τῆς
3641 5398 3781 5463 Παρ-

2114 5496 2265 5548 θένου
2305 5493 2403 5562 τὴν
2427 5491 2742 5560 θαυμαστὴν
2763 5488 2998 5557 ἐκείνην,
3025 5486 3120 5537 καὶ
3150 5483 3544 5554 πνευματικὴν,
3571 5483 3658 5534 καὶ
3683 5483 3779 5549 τὴν

2112 5582 2440 5650 οἰκονομίαν,
2465 5578 2667 5646 καὶτήν
2695 5577 2990 5644 σάρκωσιν,
3022 5572 3119 5642 τὴν
3147 5571 3466 5638 οἰκουμένην
3488 5566 3780 5620 κατέλαϐεν

2114 5669 2367 5727 ἀπασανς
2425 5665 2562 5717 Ἀλλ’
2603 5666 2747 5732 ὅμως
2795 5660 3046 5713 τοσοῦτον
3095 5661 3188 5714 xal
3239 5656 3550 5726 τηλικοῦτον
3582 5651 3780 5720 κατόρ-

2113 5755 2270 5822 θωμα
2301 5755 2391 5818 ἀφ’
2439 5749 2630 5804 ἐαυτοῦ
2671 5747 2968 5814 πεποίηκεν
2993 5761 3006 5773 ·
3063 5748 3156 5799 xal
3204 5746 3298 5815 βοᾷ
3337 5741 3542 5803 Παῦλος
3574 5739 3775 5806 λέγων·

2183 5839 2199 5877 ί
2240 5842 2429 5902 Anglic.
2456 5839 2509 5888 τὸ
2534 5835 2648 5896 αἷμα
2670 5833 2834 5894 αὐτοῦ,
2865 5835 3010 5882 male.
