3990 6450
401 124 448 178 ἓ

631 539 656 579 C

644 615 656 666 i

643 747 655 770 ι

639 903 656 936 ι

420 207 442 398 ὲ

152 421 244 476 2-53

151 523 328 584 aseipso
353 519 452 589 erui
605 519 818 589 Icifixus
842 531 893 577 et
920 538 949 575 a
981 522 1155 589 seipse
1183 519 1480 572 immolatus
1511 526 1592 571 est
1621 533 1631 568 :
1667 530 1852 584 quam-

152 605 460 674 οὺτειηῖρδθθὶ
607 605 814 674 licebat
844 629 857 664 :
888 630 905 661 ι
937 612 1257 664 Potestatem
1292 607 1459 660 habeo
1489 605 1717 674 ponendi
1740 605 1852 657 ani-

152 714 265 754 mam
301 694 464 772 ωαληιῖ
607 694 655 772 Ι,
703 715 756 759 ει
801 711 1112 772 potestatem
1158 699 1328 754 habeo
1370 700 1560 751 iterum
1612 694 1852 750 sumendi

154 804 268 844 eam.
305 785 450 858 Nemo!
607 785 632 858 1
678 794 816 848 tollit
851 807 968 847 eam
999 807 1026 844 a
1067 805 1153 845 me
1187 807 1199 842 :
1233 804 1330 858 ego
1361 803 1501 857 pono
1526 802 1640 841 eam
1681 801 1709 838 a
1738 801 1852 838 me-

155 880 248 946 ipSO
274 896 288 928 ι
324 875 448 951 (loci
607 875 677 951 In.
726 884 814 938 10.
847 882 974 951 18).
1004 880 1138 948 Quid
1166 879 1252 933 hic
1281 878 1433 945 dicis,
1474 877 1738 940 lueretice,
1766 875 1853 945 qui

157 933 236 1022 hoc
254 933 402 1022 dictum

158 1059 259 1111 nihil
280 1066 401 1126 potest

160 1166 314 1204 assumo
336 1133 446 1214 cani.

162 1243 243 1298 hoc
274 1243 398 1298 dictua

160 1340 238 1395 est,
261 1332 377 1400 ipsun

663 974 987 1043 vangelicum
1037 971 1356 1040 detorqucs,
1409 967 1575 1021 Filius
1617 984 1647 1019 a
1690 968 1852 1033 seipse

659 1065 794 1118 Ecce
824 1064 934 1131 ipse
951 1062 1043 1126 ait,
1076 1059 1184 1129 Ego
1211 1074 1339 1126 pono
1360 1073 1468 1110 eam
1510 1073 1540 1107 a
1579 1055 1784 1123 meipso,
1809 1062 1853 1107 et

646 1174 676 1209 a
697 1157 904 1225 meipso.
947 1152 1129 1221 Neque
1155 1166 1282 1204 vero
1313 1149 1458 1217 parvi
1497 1147 1746 1200 momenti
1773 1155 1856 1202 est

559 1251 640 1311 in,
679 1247 772 1302 sed
817 1245 1051 1300 maximi.
1107 1244 1182 1297 De
1223 1242 1379 1296 Patre
1421 1255 1630 1308 quoque
1655 1239 1854 1293 dictum

539 1319 570 1389 5
597 1336 793 1390 habere
817 1341 1128 1402 potestatem
1179 1332 1299 1384 vita:
1333 1338 1383 1383 et
1415 1329 1617 1381 mortis.
1669 1326 1854 1380 Viden’

507 1431 540 1488 Δ
576 1428 629 1480 in
665 1427 795 1480 retia
824 1422 1243 1489 incidisti?Quid
1275 1421 1415 1474 enim
1438 1420 1502 1473 ad
1532 1420 1630 1472 hoc
1656 1417 1850 1471 dictum

443 1499 663 1586 .Jebis?
688 1514 801 1584 Ego
823 1530 954 1581 pono
983 1529 1092 1566 eam
1126 1528 1154 1563 a
1183 1512 1390 1580 meipso,
1423 1519 1467 1562 et
1515 1524 1715 1560 assumo
1744 1523 1850 1559 eam

464 1597 537 1659 so.
561 1606 674 1672 Qua
703 1619 828 1673 ergo
856 1603 1060 1656 ratione
1091 1601 1266 1654 dixisti
1293 1600 1460 1667 ipsum
1490 1597 1621 1649 nihil
1682 1598 1851 1649 facere

407 1687 538 1766 pse?
572 1696 787 1760 Verum,
821 1703 877 1748 ut
905 1693 1145 1746 dicebam
1166 1731 1180 1755 ,
1226 1691 1269 1743 si
1304 1689 1513 1758 quidem
1541 1687 1605 1740 ad
1639 1687 1851 1740 hmreti-

343 1776 366 1843 ἒ
392 1788 546 1842 nobis
573 1800 749 1841 sermo
775 1792 937 1847 esset,
963 1782 1090 1850 ipsis
1128 1781 1178 1833 in
1203 1780 1471 1847 angustias
1520 1785 1573 1829 et
1621 1777 1671 1828 iu
1719 1776 1849 1828 retia

278 1867 553 1946 coniectis,
605 1877 681 1929 sic
733 1874 1062 1936 resiliissem,
1113 1871 1240 1924 satis
1282 1867 1552 1937 splendida
1585 1875 1850 1935 reportata

277 1968 516 2033 victoria,
541 1976 590 2022 et
623 1966 811 2034 insigni
845 1970 1025 2018 erecto
1073 1971 1296 2029 trepzeo,
1329 1959 1662 2026 maximoque
1692 1957 1850 2010 allato

275 2075 458 2114 eorum
502 2058 719 2111 insania:
765 2063 1108 2123 argumento;
1137 2061 1186 2103 at
1217 2050 1332 2118 quia
1361 2064 1462 2101 non
1495 2049 1653 2101 modo
1683 2047 1850 2100 hosti-

276 2149 375 2202 bus
402 2161 461 2200 os
483 2145 762 2200 oceludere
791 2144 911 2196 volo
933 2181 948 2206 ,
999 2140 1092 2194 sed
1137 2140 1294 2194 etiam
1326 2153 1435 2203 eos,
1461 2138 1546 2206 qui
1579 2137 1851 2191 nobiscum

274 2250 418 2302 sunt,
447 2238 737 2300 instituere,
769 2235 1108 2301 membraque
1141 2242 1321 2284 nostra
1366 2230 1598 2293 erudire,
1632 2244 1734 2281 non
1768 2227 1852 2281 hic

276 2331 437 2383 finem
469 2327 674 2382 dicendi
707 2327 914 2390 faciam,
948 2325 1038 2377 sed
1070 2323 1293 2376 ulterius
1319 2320 1559 2390 progredi
1585 2322 1850 2386 conabor,

277 2419 420 2472 aliud
446 2419 618 2472 denuo
648 2431 780 2486 epus
805 2417 854 2469 in
883 2414 1112 2468 medium
1142 2412 1427 2475 adducens,
1456 2411 1595 2480 quod
1639 2419 1855 2464 contra-

277 2507 570 2562 tlieentium
615 2505 992 2575 impudentiam
1041 2511 1308 2571 coarguat.
1364 2499 1499 2564 Quid
1546 2498 1685 2553 enim
1737 2498 1852 2550 ait?

266 2599 438 2651 .Pater
457 2595 933 2664 nemincmjudicat,
961 2594 1048 2646 sed
1069 2608 1239 2645 omnes
1266 2590 1432 2643 Filius
1458 2589 1634 2661 (Joan.
1658 2589 1710 2642 5.
1731 2588 1849 2657 22).

347 2691 399 2742 5.
423 2688 579 2741 Aliud
609 2695 787 2737 contra
816 2685 1084 2736 Anommos
1112 2688 1497 2748 argumentum.
1527 2675 1718 2730 Christi
1750 2691 1847 2743 po-

277 2789 459 2833 testas.
493 2807 560 2815 —
605 2775 798 2840 Qumro
844 2775 1002 2844 igitur
1052 2774 1118 2825 ab
1163 2770 1415 2824 lia—:rctico
1445 2785 1457 2820 :
1493 2766 1544 2818 Si
1580 2765 1851 2819 neminem

275 2871 485 2942 iudicat
527 2870 706 2929 Pater,
743 2869 836 2919 sed
865 2864 1033 2917 Filius
1055 2862 1283 2932 iudicat,
1317 2859 1586 2927 quomodo
1613 2855 1857 2924 iudicat?

282 2961 339 3012 Si
376 2959 523 3013 enim
562 2973 668 3012 non
698 2963 878 3025 potest
917 2954 1096 3006 facere
1136 2951 1428 3020 quidquam
1457 2964 1484 3000 a
1525 2947 1721 3014 seipse,
1755 2945 1860 2998 nisi

280 3050 480 3103 viderit
520 3048 732 3101 Patrem
770 3045 1079 3103 facientem.
1104 3051 1157 3095 et
1196 3042 1350 3094 Pater
1380 3054 1486 3092 non
1520 3037 1746 3106 iudicat,
1769 3033 1864 3088 sed

284 3143 402 3206 ipse
452 3151 641 3190 omnes
689 3135 917 3203 iudicat,
969 3131 1239 3201 quomodo
1301 3130 1350 3182 id
1392 3129 1533 3196 quod
1576 3141 1685 3178 non
1732 3121 1866 3176 vidit

286 3231 464 3284 facere
508 3227 722 3297 potest?
768 3225 847 3279 Ne
894 3239 1022 3277 vero
1066 3223 1168 3274 hoc
1213 3220 1404 3272 leviter
1440 3223 1862 3285 praetercurras;

286 3336 463 3388 neque
497 3320 643 3373 enim
681 3320 783 3371 hoc
824 3329 1046 3385 parvum
1089 3320 1194 3375 est,
1226 3312 1317 3365 sed
1353 3310 1595 3364 maximae
1628 3303 1862 3360 virtutis.

288 3411 475 3479 Cogita
513 3419 774 3477 quantum
811 3408 880 3461 sit
920 3419 1108 3458 omnes
1147 3404 1236 3472 qui
1276 3404 1342 3455 ab
1377 3401 1582 3454 Adamo
1621 3397 1686 3450 ad
1734 3411 1869 3450 con-

289 3501 707 3553 summationem
751 3515 920 3567 usque
963 3497 1142 3551 sreculi
1179 3495 1429 3556 vixerint,
1475 3489 1728 3561 gentiles,
1770 3486 1868 3542 Ju-

290 3592 458 3654 datos,
500 3591 809 3656 haereticos,
843 3606 1032 3644 omnes
1059 3589 1318 3656 denique,
1348 3585 1437 3653 qui
1474 3583 1541 3636 ab
1572 3579 1869 3635 orthodoxa

292 3680 398 3732 fide
460 3681 816 3745 aberrarunt,
878 3681 961 3732 illa
1014 3680 1103 3734 die
1159 3677 1459 3735 adducere,
1521 3670 1871 3734 omniumque

291 3782 488 3820 arcana
519 3769 573 3819 in
611 3770 848 3822 medium
889 3769 1101 3831 efferre,
1151 3776 1318 3837 gesta,
1369 3764 1526 3821 dicta,
1566 3761 1738 3819 (10105.
1784 3756 1867 3806 Ῐῐὶ·

294 3857 477 3919 sidias,
506 3868 715 3911 secreta
747 3861 973 3923 mentis;
1005 3875 1108 3911 non
1139 3856 1360 3925 prolatis
1394 3849 1731 3911 testimoniis,
1755 3861 1866 3899 non

295 3946 727 4014 probationibus,
784 3965 892 4001 non
953 3948 1295 4016 imaginibus,
1345 3958 1455 3995 non
1507 3937 1865 3999 documentis,

295 4052 407 4089 non
431 4038 548 4090 aliis
570 4039 906 4105 huiusmodi;
935 4040 1028 4092 sed
1053 4038 1266 4106 propria
1286 4035 1363 4088 uti
1385 4040 1650 4104 potestate
1670 4028 1734 4081 ad
1755 4040 1871 4079 ont-

294 4140 394 4178 nes
434 4130 819 4197 coarguendos.
856 4130 1110 4181 Attamen
1160 4136 1366 4180 tantum
1402 4134 1616 4189 tamque
1651 4116 1871 4187 praecla-

292 4225 407 4262 rum
436 4223 570 4274 epus
592 4221 702 4273 ipse
728 4208 975 4271 perficiet,
1002 4205 1120 4254 licet
1138 4203 1344 4253 Patrem
1368 4199 1418 4250 id
1441 4207 1561 4250 ante
1586 4197 1864 4250 facientem

295 4314 402 4351 non
433 4297 640 4360 viderit,
671 4310 766 4347 nec
797 4293 943 4346 illum
970 4293 1035 4344 sit
1064 4293 1294 4343 imitatus
1333 4305 1344 4339 :
1375 4303 1496 4340 nam
1526 4285 1678 4339 Pater
1706 4287 1866 4339 nemi-

295 4403 410 4440 nem
446 4386 667 4454 judicnt.
710 4383 842 4436 Vide
891 4395 1099 4448 quoque
1150 4379 1294 4431 illum
1346 4378 1471 4429 alibi
1525 4376 1698 4428 omnia
1748 4392 1867 4429 cum

296 4485 558 4547 potestate
580 4482 904 4542 operantem,
935 4471 983 4522 in
1009 4468 1298 4532 miraculis,
1324 4468 1373 4519 in
1400 4467 1625 4521 ferendis
1643 4467 1864 4535 legibus,

297 4566 524 4634 aliisque
549 4562 816 4617 omnibus.
847 4560 977 4612 Cum
1011 4559 1150 4612 enim
1174 4557 1505 4611 ascendisset
1533 4558 1582 4610 in
1614 4567 1866 4624 montem,

300 4670 492 4710 novum
523 4660 898 4707 testamentum
939 4649 1156 4701 daturus
1179 4647 1252 4699 ait
1302 4665 1314 4699 :
1365 4664 1382 4696 ‹
1445 4646 1696 4709 Audistis,
1749 4647 1870 4714 quia

298 4745 498 4798 dictum
520 4752 602 4796 est
629 4741 856 4808 antiquis
884 4757 895 4791 :
920 4737 1034 4791 Non
1061 4738 1272 4791 occides
1301 4756 1316 4790 ς
1348 4736 1436 4803 qui
1463 4744 1634 4786 autem
1666 4735 1873 4787 occide-

300 4835 391 4897 rit,
424 4846 543 4886 reus
572 4832 671 4884 erit
712 4829 938 4898 iudicio;
973 4827 1062 4896 qui
1099 4837 1272 4878 autem
1306 4825 1515 4889 dixerit,
1539 4825 1721 4888 Fatue,
1752 4839 1874 4877 rcus

301 4927 402 4981 erit
429 4923 686 4993 gehennae
715 4921 866 4989 ignis.
912 4919 986 4988 (a)
1031 4920 1138 4986 Ego
1170 4928 1344 4969 autem
1391 4915 1509 4968 dico
1536 4914 1704 4979 vobis,
1736 4914 1872 4982 quod

302 5013 541 5084 quisquis
579 5011 822 5065 irascitur
846 5009 992 5061 fratri
1015 5022 1112 5062 suo
1142 5017 1358 5070 temere,
1395 5020 1516 5058 reus
1540 5004 1870 5071 eritiudicio.

306 5105 541 5161 Audistis
565 5101 686 5170 quia
727 5099 924 5153 dictum
952 5107 1051 5162 est,
1086 5096 1304 5150 Oculum
1345 5110 1438 5163 pro
1469 5095 1641 5156 oculo,
1672 5102 1723 5146 et
1744 5092 1875 5145 dcu-

307 5207 414 5249 tem
448 5208 539 5262 pro
567 5191 724 5244 dente
758 5207 769 5240 :
798 5202 894 5255 ego
938 5197 1111 5239 autem
1154 5185 1272 5238 dico
1304 5185 1470 5248 vobis,
1500 5198 1603 5235 non
1631 5182 1876 5235 resistere

310 5285 473 5345 malo,
493 5279 584 5334 sed
606 5280 650 5333 si
670 5278 786 5347 quis
803 5286 852 5329 te
874 5275 1193 5344 percusserit
1213 5275 1262 5327 in
1296 5273 1561 5325 maxillam
1583 5271 1874 5335 dexteram,

311 5375 490 5446 praebe
517 5373 590 5425 illi
614 5381 665 5424 et
690 5370 905 5421 alteram
927 5384 944 5416 ›
969 5367 985 5434 (
1008 5365 1190 5416 Matth.
1220 5365 1272 5418 5.
1290 5363 1483 5416 2l.22.
1506 5363 1592 5415 '58.
1610 5361 1721 5430 59).
1744 5360 1878 5427 Quid

162 1243 243 1298 hoc
274 1243 398 1296 dit-tu

160 1340 238 1395 est,
261 1223 436 1475 lpSIll‘

159 1422 364 1475 auomodr

159 1512 342 1580 respond
443 1559 464 1586 ﬁ

159 1620 183 1653 α
205 1603 301 1654 tnei'

158 1711 182 1747 a
199 1711 265 1749 set
407 1717 410 1766 λ

157 1711 410 1887 «I5

64 1887 272 2034 Ι

313 5466 417 5520 hoc
433 5462 544 5517 est?
562 5461 648 5531 qui
667 5458 795 5512 nihil
817 5474 845 5510 a
866 5455 1039 5524 seipse
1057 5454 1179 5506 facit
1195 5455 1354 5507 etiam
1373 5454 1542 5506 Patris
1562 5461 1751 5506 statuta
1770 5466 1882 5504 cor-

312 5555 460 5622 rigit,
490 5560 543 5605 et
561 5550 730 5618 legem
757 5549 808 5601 in
833 5546 1018 5600 melius
1043 5543 1320 5612 provehit?
1358 5543 1487 5597 Cum
1516 5551 1692 5596 autem
1722 5541 1839 5594 dico
1860 5581 1873 5603 ,

314 5641 550 5710 corrigit,
581 5653 646 5693 ne
673 5637 1038 5706 blasphemum
1060 5633 1183 5702 quid
1220 5632 1524 5701 suspiceris,
1553 5631 1700 5700 quasi
1727 5630 1880 5683 Pater

388 5748 462 5808 (a)
495 5747 578 5795 Hic
601 5750 765 5794 textus
787 5742 943 5791 deficit
961 5745 1005 5791 in
1027 5741 1142 5787 Edit.
1168 5738 1354 5786 Benzel.

1217 404 1282 460 ιΝ
1317 403 1541 470 ILLUD,
1581 400 1803 457 FILIUS
1843 400 1939 456 EX
1975 400 2056 458 SE
2091 400 2277 457 NIHIL
2315 401 2536 457 FACI'I'.

3419 413 3528 470 254

1961 515 2219 569 infirmior
2249 516 2334 569 sit.
2358 515 2608 583 Quamvis
2634 517 2773 570 enim
2818 517 2900 572 lex
2929 518 3100 573 minor
3118 521 3217 585 sit,
3254 517 3304 574 id
3351 531 3522 576 tamen

1958 622 2062 660 non
2096 607 2220 670 Deo,
2252 607 2344 661 sed
2369 607 2742 676 recipientibus
2771 610 2936 678 legem
2959 609 3384 666 adscribendum.
3417 612 3525 666 lmo

1959 697 2117 749 etiam
2155 696 2320 752 Vetus
2368 697 2766 752 Testamentum
2797 699 3059 770 Unigeniti
3092 709 3192 768 est,
3237 708 3290 756 et
3321 701 3524 756 Novum

1958 783 2148 837 Patris.
2181 784 2462 851 Quomodo
2503 787 2677 856 igitur,
2709 803 2908 856 quaeso,
2938 789 3066 843 nihil
3092 804 3122 843 a
3167 789 3344 860 seipse
3372 790 3524 852 facit,

1957 873 2046 941 qui
2069 875 2231 928 veteri
2258 874 2358 944 legi
2381 875 2590 944 adiecit,
2614 879 2702 945 qui
2722 886 2919 932 tantam
2946 878 3158 934 exhibet
3185 882 3528 950 potestatem?

1959 961 2155 1016 Verum
2184 965 2306 1033 quid
2337 965 2597 1021 haereticis
2629 968 2940 1024 imbecillius
2963 970 3158 1025 fuerit?
3183 970 3351 1026 Judaei
3378 987 3530 1026 nam-

1958 1070 2060 1124 que
2088 1057 2388 1125 stupebant,
2417 1059 2559 1128 quod
2586 1059 2697 1113 haec
2719 1059 2933 1115 doceret
2960 1076 3052 1117 eos
3099 1062 3257 1129 Quasi
3305 1072 3527 1133 potesta-

1960 1157 2057 1200 tem
2077 1149 2281 1215 habens,
2312 1160 2357 1202 et
2381 1166 2481 1202 non
2502 1151 2628 1203 sicut
2653 1151 2828 1204 scribat
2853 1160 2899 1206 et
2938 1151 3190 1207 Pharisaei
3218 1153 3237 1224 (
3262 1153 3446 1208 Matth.
3476 1155 3527 1210 7.

1958 1234 2058 1306 28)
2093 1236 2293 1291 :Jttdazi
2324 1248 2638 1308 potestatem
2669 1243 2782 1309 ejus
2822 1242 3198 1309 testificantur;
3248 1245 3302 1298 hi
3347 1246 3530 1300 testifi-

1959 1334 2146 1379 cantur
2170 1327 2337 1394 ipsum
2366 1342 2394 1380 a
2441 1343 2499 1383 se
2536 1329 2666 1384 nihil
2715 1345 2889 1399 posse.
2922 1331 3105 1402 Neque
3145 1335 3390 1390 dixerunt
3419 1337 3526 1402 illi,

1959 1414 2116 1480 Quasi
2159 1425 2474 1485 potestatem
2530 1418 2825 1486 habiturus,
2861 1421 2974 1486 sed,
3033 1423 3191 1487 Quasi
3240 1435 3528 1495 potestate»:

1959 1505 2161 1558 habens.
2187 1505 2299 1559 Non
2323 1507 2464 1560 enim
2487 1517 2666 1577 postea
2688 1510 2801 1563 hme
2822 1511 2894 1565 illi
2913 1521 3143 1580 potestas
3164 1517 3404 1581 accessit,
3437 1518 3528 1571 sed

1959 1594 2191 1662 perfecta
2230 1597 2459 1664 potentia
2499 1607 2616 1652 erat
2656 1599 2803 1653 nullo
2851 1615 3032 1669 egens.
3063 1602 3416 1667 Quamobrem
3464 1608 3529 1662 de

1958 1700 2120 1754 regno
2152 1686 2501 1754 interrogatus
2542 1688 2750 1742 dicebat
2783 1707 2795 1742 :
2836 1689 2947 1759 Ego
2993 1692 3047 1744 in
3089 1693 3182 1745 hoc
3223 1703 3371 1748 natus
3417 1713 3528 1750 sum

1959 1772 2146 1845 (Joan.
2175 1776 2264 1831 18.
2313 1777 2437 1844 57).
2468 1777 2695 1832 Rursum
2722 1780 2927 1835 oblatus
2951 1789 3033 1836 est
3077 1784 3125 1837 ei
3177 1786 3492 1856 paralyticus
3512 1831 3525 1852 ,

1953 1872 2116 1934 atque
2130 1865 2232 1921 dixi
2242 1877 2564 1940 t,postquam
2581 1881 2796 1941 peccata
2809 1870 2924 1939 eius
2936 1879 3243 1928 curaverat:
3270 1873 3336 1928 Ut
3364 1888 3526 1931 autem

1957 1954 2146 2020 sciatis,
2170 1955 2286 2023 quia
2307 1953 2472 2009 Filius
2492 1956 2706 2010 hominis
2749 1959 2893 2012 habet
2913 1971 3203 2028 potestatem
3248 1965 3527 2020 dimittendi

1958 2054 2160 2112 peccata
2187 2046 2240 2097 in
2268 2055 2419 2110 terra,
2453 2047 2521 2098 ait
2560 2047 2638 2099 illi
2678 2063 2696 2100 :
2729 2047 2867 2101 Tolle
2895 2050 3097 2116 lectum,
3134 2062 3180 2105 et
3209 2055 3332 2107 vade
3356 2056 3407 2109 in
3437 2061 3526 2109 do-

1956 2149 2090 2185 mum
2116 2141 2250 2186 tuam
2275 2134 2489 2204 (Matth.
2510 2135 2563 2190 9.
2593 2134 2681 2205 6).
2713 2137 3149 2207 Vulgusdicebat,
3178 2141 3350 2211 ipsum
3375 2148 3523 2213 quasi

1958 2233 2274 2293 potestatem
2318 2225 2599 2280 habentem
2627 2228 2804 2281 omnia
2832 2228 3004 2284 facere
3037 2231 3191 2299 :ipse
3235 2248 3381 2288 vero.
3432 2235 3522 2288 Fi-

1956 2315 2083 2367 lium
2111 2315 2342 2368 hominis
2387 2325 2698 2383 potestatem
2729 2318 2926 2373 habere
2973 2321 3271 2378 dimittendi
3311 2337 3523 2393 peccata

1957 2405 2009 2457 in
2037 2414 2203 2469 terra;
2229 2413 2300 2468 et,
2333 2403 2634 2460 Potestatem
2664 2407 2820 2460 habeo
2842 2412 3058 2476 ponendi
3086 2412 3304 2465 animam
3329 2431 3516 2480 meam,

1957 2504 2000 2547 et
2051 2504 2337 2564 potestatem
2379 2496 2533 2548 habeo
2580 2498 2806 2548 sumendi
2856 2515 2971 2550 eam
3013 2499 3200 2570 (Joan.
3254 2503 3341 2556 10.
3398 2505 3523 2572 18).

1959 2586 2125 2653 Leges
2168 2585 2271 2639 fert
2312 2601 2433 2638 cum
2479 2595 2759 2654 potestate,
2786 2595 3001 2656 peccata
3036 2590 3191 2645 solvit
3219 2607 3337 2647 cum
3373 2604 3522 2664 pote—

1958 2685 2092 2729 State
2111 2715 2124 2735 .
2153 2675 2338 2729 mortis
2366 2684 2419 2728 et
2449 2675 2569 2728 vita:
2609 2686 2922 2744 potestatem
2961 2679 3148 2746 habet,
3178 2692 3230 2736 et
3261 2685 3526 2752 quomodo

1958 2765 2111 2825 dicis,
2132 2766 2300 2833 ipsum
2330 2780 2357 2818 a
2395 2767 2570 2834 seipse
2610 2767 2740 2819 nihil
2784 2761 3116 2824 facere?ﬂac
3144 2771 3359 2827 victoria
3402 2777 3524 2844 quid

1961 2854 2323 2906 manifestius?

2037 2948 2088 3002 6.
2105 2948 2439 3019 Difficttltatis
2450 2948 2657 3004 solutio.
2675 2949 2856 3001 etdicti
2874 2949 3154 3019 evangelici
3166 2948 3533 3013 explicatio.—

1967 3039 2074 3094 Sed
2104 3041 2146 3092 si
2172 3039 2348 3092 velitis
2376 3039 2649 3106 deinceps,
2682 3038 2749 3092 ab
2779 3039 3050 3092 haereticis
3083 3038 3335 3106 expediti,
3375 3039 3532 3093 dictis

1959 3128 2273 3181 solutionem
2303 3127 2580 3180 efferamus
2610 3144 2621 3178 :
2657 3129 2985 3195 primumque
3027 3145 3331 3194 monemus,
3377 3129 3520 3195 illud,

1965 3218 2081 3271 Non
2125 3227 2298 3287 potest,
2331 3219 2397 3272 de
2437 3219 2543 3270 Deo
2587 3218 2804 3280 dictum,
2853 3232 2955 3271 non
3000 3219 3392 3284 imbecillitatis,
3433 3220 3526 3274 sed

1961 3310 2206 3377 potentia:
2235 3316 2600 3375 argumentum
2633 3321 2768 3360 esse.
2799 3306 2910 3360 Hoc
2941 3306 3063 3360 licet
3089 3322 3280 3361 novum
3307 3308 3529 3363 fortasse

1961 3397 2218 3458 videatur,
2261 3405 2314 3449 at
2341 3396 2487 3448 vobis
2525 3396 2719 3448 claram
2750 3395 2826 3448 rei
2869 3395 3367 3451 demonstrationem
3397 3397 3530 3450 επε-

1963 3503 2157 3541 remus.
2188 3486 2242 3540 Si
2273 3485 2474 3548 dixero,
2506 3486 2668 3537 Deum
2698 3499 2799 3536 non
2831 3498 2984 3550 posse
3014 3499 3252 3552 peccare,
3293 3500 3396 3538 non
3429 3486 3528 3539 im-

1964 3577 2259 3629 hecillitatis
2300 3577 2442 3626 illum
2480 3589 2662 3642 arguo,
2702 3573 2794 3626 sed
2833 3575 3112 3628 maximam
3143 3575 3240 3643 ipsi
3281 3576 3534 3630 testificor

1965 3678 2299 3736 potestatem.
2324 3665 2379 3721 Si
2405 3667 2608 3730 dixero,
2640 3681 2745 3718 non
2774 3681 2929 3734 posse
2954 3666 3166 3721 mentiri
3199 3667 3383 3733 Deum,
3410 3675 3532 3722 tunc

1966 3759 2192 3828 idipsum
2233 3758 2557 3811 demonstro.
2588 3756 3037 3821 Quemadmodum
3068 3765 3123 3810 et
3165 3758 3355 3811 Paulus
3384 3758 3532 3812 dice-

1967 3850 2054 3903 bat
2085 3866 2098 3907 :
2132 3849 2190 3904 Si
2221 3850 2586 3913 sustinebimus,
2615 3857 2659 3899 et
2687 3848 3095 3916 conregnabimus
3113 3862 3132 3910 ;
3162 3848 3204 3899 si
3238 3864 3337 3901 non
3373 3848 3534 3902 credi-

1970 3956 2098 4005 mus,
2148 3940 2233 3992 ille
2271 3939 2433 4005 ﬁdelis
2475 3946 2770 4006 permanet:
2802 3952 2917 3988 nam
2958 3953 3139 4004 negare
3180 3938 3397 4005 seipsum
3436 3954 3535 3992 non

1971 4038 2128 4099 potest
2158 4030 2248 4100 (2.
2280 4029 2410 4081 Tim.
2446 4030 2500 4079 2.
2537 4028 2620 4080 l2.
2655 4029 2720 4079 13
2741 4029 2779 4096 ).
2812 4027 2990 4080 Viden'
3021 4027 3170 4090 illud,
3206 4026 3323 4080 Non
3354 4036 3528 4096 potest,

1972 4121 2214 4188 potentia:
2258 4133 2374 4172 esse
2419 4118 2662 4186 signum?
2715 4115 2912 4184 Ecquid
2941 4116 3125 4184 loquor
3161 4117 3227 4170 de
3269 4117 3417 4169 Deo?
3463 4117 3534 4171 De

1972 4211 2152 4264 sensili
2193 4210 2333 4263 enim
2376 4208 2591 4262 materia
2631 4206 2932 4274 exemplum
2977 4220 3200 4258 sumam.
3239 4204 3293 4260 Si
3328 4205 3531 4270 dixero,

1973 4302 2302 4354 adamantem
2349 4315 2451 4352 non
2495 4312 2648 4366 posse
2684 4298 2876 4365 rumpi,
2920 4312 2982 4349 an
3026 4296 3352 4363 fragilitatem
3396 4298 3532 4363 eius,

1976 4406 2040 4442 an
2081 4389 2241 4444 robur
2270 4389 2384 4457 eius
2416 4388 2696 4440 maximum
2746 4386 3080 4454 depraedico?
3107 4384 3235 4438 Cum
3280 4399 3404 4453 ergo
3442 4399 3537 4438 au-

1977 4480 2156 4544 dieris,
2191 4494 2292 4531 non
2337 4492 2496 4546 posse
2525 4477 2685 4530 Deum
2716 4491 2952 4544 peccare,
2985 4490 3082 4528 nec
3110 4490 3264 4544 posse
3304 4475 3534 4541 mentiri,

1977 4586 2076 4623 nec
2103 4583 2255 4636 posse
2285 4568 2544 4634 abnegare
2565 4566 2816 4632 seipsum,
2851 4580 2916 4617 ne
2940 4574 3088 4632 putes
3115 4564 3235 4616 hinc
3261 4563 3536 4617 imbecillio

1980 4669 2138 4712 tatem
2170 4658 2284 4725 eius
2315 4655 2608 4723 prmdicari,
2642 4655 2732 4706 sed
2764 4667 3010 4720 perquam
3043 4652 3321 4704 maximam
3349 4661 3534 4720 poten-

1980 4749 2134 4811 tiam;
2180 4746 2298 4813 quia
2326 4744 2438 4811 eius
2463 4740 2753 4794 substantia
2794 4740 2985 4791 nullam
3025 4739 3306 4808 nequitiam
3347 4740 3537 4793 admit-

1981 4847 2091 4889 tere
2133 4842 2324 4902 potest,
2376 4831 2512 4898 quod
2563 4830 2827 4882 inaccessa
2875 4829 2961 4892 sit,
3003 4843 3152 4896 pura,
3199 4838 3251 4883 et
3292 4843 3536 4896 superna.

1981 4926 2111 4990 Quia
2139 4937 2261 4989 ergo
2292 4922 2391 4973 hoc
2429 4929 2570 4973 recte
2600 4919 2890 4972 discussum
2924 4919 3037 4980 fuit,
3070 4934 3165 4986 age
3200 4919 3264 4971 ad
3299 4921 3534 4988 proposi-

1985 5024 2091 5065 tum
2135 5011 2393 5065 sermonis
2421 5008 2851 5062 exercitationem
2889 5019 3277 5060 convertemus.
3317 5007 3478 5062 Filius
3512 5027 3542 5062 a

1982 5103 2141 5168 seipso
2179 5115 2276 5151 non
2318 5108 2474 5168 potest
2506 5103 2668 5166 facere
2706 5096 2998 5164 quidquam.
3039 5098 3175 5162 Quid
3211 5098 3336 5150 illttd
3367 5108 3469 5164 est,
3501 5101 3541 5150 Α

1983 5191 2178 5258 seipse?
2208 5190 2317 5243 Hoc
2347 5189 2389 5240 si
2420 5190 2581 5256 probe
2633 5187 2942 5250 didiceritis,
2973 5190 3264 5256 agnoscetis
3311 5189 3424 5257 eius
3453 5205 3542 5242 ar-

1984 5293 2118 5335 ctam
2147 5296 2264 5334 cum
2292 5280 2539 5334 Genitore
2562 5278 3002 5346 coniunctionem,
3036 5279 3228 5331 nullam
3274 5294 3388 5334 esse
3419 5281 3543 5334 sub-

1985 5372 2189 5424 stautiae
2214 5370 2624 5432 distinctionem,
2652 5367 2989 5436 ejusdemque
3015 5384 3134 5422 eum
3162 5383 3278 5422 esse
3301 5371 3538 5426 substan-

1987 5462 2072 5513 tius
2113 5459 2263 5527 cujus
2300 5458 2472 5510 Pater.
2506 5456 2639 5520 Quid
2678 5456 2832 5524 igitur
2867 5455 2992 5508 illud
3032 5465 3132 5520 est,
3165 5455 3284 5508 Non
3328 5467 3484 5522 potest
3513 5474 3543 5509 a

1985 5550 2180 5617 seipse?
2215 5548 2326 5601 Non
2354 5554 2523 5614 potest
2553 5546 2812 5612 peculiare
2852 5545 2972 5613 quid
3002 5555 3192 5613 praeter
3230 5547 3435 5600 Patrem
3463 5547 3541 5600 fa-

1987 5655 2126 5700 cere,
2161 5655 2262 5692 non
2291 5646 2460 5705 potest
2484 5637 2810 5704 peregrinum
2839 5636 2960 5703 quid
2988 5646 3040 5690 et
3060 5647 3356 5704 separatmn
3389 5654 3414 5689 a
3439 5639 3537 5691 Pa—

1993 5738 2070 5781 tre
2098 5726 2290 5793 facerc,
2323 5739 2489 5796 nequc
2512 5724 2735 5778 alienum
2766 5723 2888 5795 quid
2915 5725 3108 5792 facere,
3139 5725 3218 5781 vel
3240 5726 3377 5780 aliud
3399 5726 3563 5796 quid-
