3990 6470
443 428 553 483 255

441 530 581 599 piam
611 529 750 599 quod
777 543 881 582 non
903 528 1055 580 faciat
1090 529 1281 582 ναίει-ε
1309 542 1425 596 quae
1451 525 1591 580 enim
1623 524 1709 580 hic
1736 523 1876 588 facit,
1902 521 2017 576 lucc

440 631 493 674 et
531 621 620 675 ille
658 619 800 674 facit.
846 619 974 672 Illud
1011 618 1187 688 igitur,
1218 619 1262 671 Α
1299 618 1460 688 seipse
1481 634 1580 671 non
1623 625 1781 686 potest
1821 615 2003 684 facere,

439 724 540 765 nec
567 709 884 771 libertatem,
917 722 1013 762 nec
1043 709 1328 776 potentiam
1362 707 1520 771 tollit,
1562 705 1655 760 sed
1675 703 2010 760 concordiam

437 797 786 863 demonstrat,
835 812 1177 863 consensum,
1222 807 1276 851 et
1317 806 1516 850 arctam
1559 795 2006 864 conjunctionem.

437 899 622 957 estque
647 886 857 940 unionis
878 885 1128 955 perfectae
1155 886 1382 956 signum.
1411 884 1545 938 Cum
1568 885 1708 938 enim
1736 883 2010 939 sabbatum

438 979 686 1044 solveret,
729 985 784 1032 et
813 977 1259 1047 praevaricationis
1284 976 1433 1031 illum
1463 984 1794 1039 accusarent,
1826 974 2008 1030 dicen-

443 1080 561 1124 tes:
597 1071 710 1124 Alia
743 1070 880 1124 Deus
929 1070 1197 1138 praecepit,
1227 1068 1330 1122 alia
1358 1076 1412 1121 tu
1451 1066 1614 1131 facis;
1660 1066 1797 1120 hanc
1826 1079 2009 1121 eorum

438 1161 815 1232 impudentiam
844 1161 1198 1230 comprimens
1248 1159 1337 1214 ille
1384 1159 1458 1212 ait
1490 1175 1502 1211 :
1530 1157 1644 1212 Non
1672 1156 1813 1212 aliud
1847 1172 1874 1210 a
1901 1173 2006 1223 me,

439 1268 593 1320 quam
621 1249 760 1320 quod
803 1265 832 1303 a
859 1250 1033 1315 Patre,
1065 1248 1256 1303 facth
1282 1256 1390 1314 est;
1423 1261 1591 1317 neque
1615 1247 1714 1317 ipsi
1738 1261 1854 1301 sum
1879 1261 2010 1302 con-

440 1344 633 1397 trarius
663 1342 748 1397 vel
790 1340 981 1396 hostis.
1008 1339 1160 1407 Quod
1186 1340 1232 1394 si
1259 1353 1365 1394 non
1393 1339 1462 1392 ita
1503 1339 1748 1408 loquutus
1774 1347 1886 1402 est,
1915 1337 2008 1393 sed

441 1434 738 1489 humaniori
767 1443 821 1488 et
845 1433 1091 1488 crassiori
1133 1431 1290 1486 modo
1315 1445 1613 1486 sermonem
1643 1429 1973 1484 adumbravit
1992 1470 2007 1496 ,

435 1527 633 1595 cogites
650 1540 771 1579 eum
791 1539 912 1579 cum
933 1521 1130 1578 Iudaeis
1150 1535 1447 1576 sermonem
1471 1519 1734 1585 habuisse,
1754 1519 1843 1589 qui
1861 1518 2008 1573 illum

437 1617 546 1671 Deo
591 1617 914 1671 contrarium
965 1627 1086 1669 esse
1128 1611 1401 1682 putabant.
1441 1609 1586 1676 ldeo,
1631 1625 1698 1664 ne
1736 1609 1854 1679 quis
1906 1608 2010 1664 tale

435 1708 703 1777 quidpiam
753 1705 1130 1776 suspicaretur,
1159 1702 1334 1758 statim
1372 1699 1572 1756 addidit
1601 1717 1614 1753 :
1645 1699 1812 1770 Opera
1856 1699 2006 1763 enim,

433 1812 545 1866 quin
580 1795 668 1849 ille
694 1795 831 1862 facit,
871 1803 916 1848 et
941 1791 1108 1846 Filius
1128 1791 1358 1846 similiter
1385 1790 1506 1858 facit
1526 1787 1700 1861 (Joan.
1727 1788 1780 1844 5.
1814 1787 1923 1858 19).
1955 1786 2010 1843 Si

436 1900 567 1940 vero
589 1885 716 1939 nihil
747 1900 776 1938 a
802 1884 977 1953 seipse
998 1881 1140 1945 facit,
1169 1879 1435 1951 quomodo
1455 1878 1697 1934 similiter
1717 1877 1877 1932 facit?
1895 1876 2010 1932 Non

433 1975 575 2036 enim
604 1973 777 2029 facere
802 1987 1049 2044 magnum
1078 1980 1162 2027 est
1193 1989 1207 2026 :
1238 1969 1366 2024 illud
1395 1970 1535 2024 enim
1565 1967 1790 2038 agebant
1813 1975 1864 2023 et
1883 1980 2012 2036 apo-

434 2068 578 2134 stoli,
625 2075 862 2121 mortuos
886 2065 1208 2130 excitabant,
1255 2062 1494 2131 leprosos
1534 2060 1888 2124 mundabant;
1915 2057 2009 2113 sed

434 2173 538 2211 non
564 2157 807 2210 Similiter
829 2165 885 2209 ut
911 2157 1041 2224 ipse.
1066 2156 1134 2208 At
1161 2151 1427 2222 quomodo
1455 2151 1570 2204 illi?
1599 2149 1734 2216 Quid
1761 2149 1903 2202 nobis
1922 2158 2007 2201 at-

439 2245 659 2308 tenditis,
691 2243 839 2311 quasi
863 2245 1066 2312 propria
1109 2242 1288 2294 virtute
1327 2248 1416 2293 aut
1461 2247 1698 2308 f-otestate
1745 2238 2010 2306 fecerimus

439 2335 570 2386 hunc
610 2332 869 2385 ambulare
895 2329 1026 2401 (Act.
1058 2331 1112 2384 ὅ.
1145 2329 1270 2398 1'2)?
1311 2327 1586 2393 Quomodo
1611 2335 1783 2380 autem
1821 2324 2010 2380 Iesus?

440 2421 508 2476 Ut
537 2422 703 2474 sciatis
744 2422 861 2490 quia
900 2429 1187 2490 potestatem
1216 2417 1361 2472 habet
1397 2416 1561 2471 Filius
1589 2416 1804 2470 hominis
1842 2416 2011 2468 dimit-

437 2511 575 2568 tendi
609 2519 809 2580 peccata
833 2511 886 2563 in
929 2521 1059 2563 terra
1109 2508 1296 2579 (Marc.
1334 2508 1389 2562 2.
1425 2508 1507 2561 10.
1540 2507 1666 2560 Luc.
1706 2507 1759 2561 δ.
1805 2505 1919 2574 24);
1947 2519 2010 2560 ac

439 2617 649 2656 rursum
670 2601 737 2656 de
760 2599 1145 2654 resurrectione
1167 2608 1496 2652 mortuorum
1522 2614 1534 2648 :
1563 2596 1707 2651 Sicut
1736 2594 1890 2649 Pater
1909 2613 2011 2650 sus-

436 2691 556 2745 citat
594 2698 813 2743 mortuos
831 2729 846 2753 ,
877 2698 925 2742 et
952 2688 1188 2756 vivificat,
1211 2688 1283 2740 ita
1303 2695 1349 2741 et
1378 2684 1547 2739 Filius
1563 2701 1688 2755 quos
1716 2684 1819 2738 vult
1844 2685 2006 2753 viviﬁ-

439 2791 519 2835 cat
542 2780 720 2851 (Joan.
745 2781 798 2836 5.
825 2778 938 2847 2i).
969 2779 1114 2833 Licet
1147 2778 1274 2831 satis
1302 2776 1489 2831 fuisset
1512 2775 1728 2839 dixisse,
1758 2773 1884 2839 Ita;
1916 2774 2008 2830 sed

435 2887 502 2926 ex
525 2870 831 2935 abundanti,
865 2878 920 2921 ut
944 2868 1318 2937 impudentiam
1348 2867 1555 2920 illorum
1582 2865 1892 2921 retunderet
1919 2871 2005 2936 qui

434 2960 796 3016 contradicere
822 2960 1035 3023 vellent,
1075 2956 1200 3011 illud
1227 2955 1429 3010 addidit
1455 2971 1468 3009 :
1503 2955 1638 3021 Quos
1664 2954 1790 3022 vult,
1820 2969 2009 3026 nempe

435 3065 555 3106 eum
585 3051 728 3102 omni
760 3049 1012 3118 potentia.
1040 3047 1244 3102 Idcirco
1269 3047 1343 3099 ait
1367 3063 1380 3098 :
1412 3045 1578 3115 Opera
1606 3047 1756 3112 enim,
1785 3061 1897 3114 quia
1922 3043 2009 3099 ille

436 3142 597 3214 facit:
636 3154 740 3194 non
767 3139 914 3202 dicit,
940 3138 1142 3193 Similia
1171 3145 1224 3191 et
1259 3135 1423 3190 Filius
1467 3133 1622 3199 facit;
1668 3133 1781 3201 sed,
1810 3133 2007 3188 Eadem

435 3233 548 3300 ipsa
580 3229 746 3283 Filius
771 3229 912 3296 facit.
943 3227 1129 3283 Omnia
1148 3229 1278 3281 enim
1310 3243 1396 3294 per
1423 3226 1587 3296 ipsum
1627 3225 1761 3294 facta
1800 3232 1935 3290 sunt,
1963 3233 2009 3276 et

435 3321 541 3376 sine
565 3321 672 3388 ipso
700 3323 889 3390 factum
914 3329 985 3372 est
1004 3318 1130 3371 nihil
1157 3315 1336 3385 (Joan.
1366 3316 1416 3370 1.
1442 3314 1521 3384 5).
1548 3313 1709 3369 Vides
1734 3311 2004 3382 quomodo

436 3427 502 3467 eo
530 3411 766 3466 intendat
793 3410 1106 3474 orationem,
1137 3417 1194 3462 ut
1242 3407 1438 3462 indicet
1479 3405 1823 3460 arctissimam
1855 3403 2007 3456 unio-

437 3518 578 3568 nem,
615 3501 1037 3572 conjunctionem
1082 3509 1139 3553 et
1163 3512 1502 3562 consensum,
1543 3511 1644 3550 non
1690 3493 1890 3549 Similia
1929 3493 2012 3547 di-

435 3610 582 3658 cens,
605 3593 718 3658 sed,
753 3593 830 3646 Ea
851 3593 979 3660 ipsa,
1004 3599 1056 3646 et
1080 3589 1339 3651 Similiter,
1365 3595 1421 3642 ut
1447 3586 1641 3640 Pater?
1670 3584 1869 3639 Idcirco
1891 3597 2010 3639 sese

437 3695 796 3752 attemperans
818 3697 878 3735 ac
899 3682 1202 3744 demittens,
1223 3679 1329 3733 illic
1351 3677 1507 3732 etiam
1535 3689 1653 3730 cum
1682 3687 1868 3744 magna
1887 3687 2012 3728 cau-

435 3775 539 3829 tela
565 3774 706 3826 dicto
749 3771 1046 3840 hujusmodi
1074 3784 1199 3822 usus
1227 3775 1326 3822 est.
1371 3766 1488 3821 Non
1531 3764 1672 3818 enim
1706 3763 1859 3830 dixit,
1899 3761 2008 3817 Nisi

434 3863 700 3934 quidpiam
726 3861 979 3914 doceatur
1001 3873 1029 3910 a
1059 3858 1232 3922 Patre,
1264 3870 1330 3910 ne
1361 3865 1415 3908 tu
1446 3854 1592 3908 illum
1614 3853 1904 3908 discentem
1932 3851 2012 3906 in-

437 3953 691 4015 duceres;
718 3965 889 4020 neque
907 3948 1060 4015 dixit,
1090 3947 1202 4002 Nisi
1223 3945 1347 4015 quid
1363 3944 1628 4014 jubeatur,
1657 3957 1724 3996 ne
1753 3941 1804 3995 in
1835 3955 2011 3995 servo-

437 4057 554 4096 rum
595 4041 778 4096 ordine
817 4041 988 4108 ipsum
1019 4052 1136 4092 esse
1162 4034 1548 4104 suspicareris:
1578 4032 1696 4096 sed,
1736 4028 1854 4084 Nisi
1890 4029 2012 4098 quid

437 4132 615 4187 viderit
645 4130 848 4183 Patrem
876 4129 1157 4197 facientem.
1201 4125 1266 4180 Et
1302 4125 1403 4178 hoc
1432 4123 1590 4178 etiam
1618 4120 1706 4175 illo
1735 4117 1893 4174 modo
1928 4117 2013 4172 di-

436 4234 604 4290 cttun,
637 4237 877 4292 magnam
910 4219 1102 4274 indicat
1130 4233 1248 4272 cum
1289 4217 1444 4270 Patre
1479 4212 1926 4284 conjunctionem.
1959 4207 2013 4263 Si

437 4316 580 4370 enim
613 4320 787 4382 potest
815 4312 1022 4365 Patrem
1045 4308 1226 4363 videre
1251 4313 1556 4375 operantem
1582 4343 1596 4366 ,
1625 4311 1679 4357 et
1707 4301 1846 4355 scire
1883 4312 2016 4368 quo-

441 4404 600 4458 modo
625 4409 892 4472 operetur,
915 4399 1151 4468 ejusdem
1190 4404 1274 4451 est
1312 4393 1642 4450 substantiae.
1670 4390 1824 4460 Smpe
1863 4401 2012 4442 nam-

443 4508 546 4564 que
565 4489 889 4546 ostendimus
908 4498 1084 4555 antea,
1105 4485 1449 4542 subSIantiam
1469 4483 1559 4537 Dei
1578 4485 1840 4538 nemiuem
1862 4490 2018 4548 posse

440 4589 682 4637 accurate
705 4579 906 4646 videre,
932 4593 1102 4648 neque
1121 4578 1264 4631 clare
1287 4587 1628 4644 cognoscere,
1652 4570 1753 4626 nisi
1775 4566 2014 4638 ejusdem

439 4673 508 4726 sit
535 4679 757 4727 naturai.
799 4671 1052 4739 Angelum
1082 4677 1227 4725 certe
1274 4665 1414 4724 nuda
1453 4663 1745 4722 substantia
1787 4673 2018 4735 praesen-

1175 415 1227 470 S.
1266 413 1541 470 JOANNIS
1576 408 2041 468 Ci-IRYSOSTOMI
2078 409 2389 468 ARCHIEP.
2429 413 2958 471 CONSTANTINOP.

3522 506 3535 531 7a
3558 516 3579 527 i‘
3606 500 3611 503 Α
3825 525 3828 528 .

3594 532 3615 553 Ἢ
3816 538 3823 549 λη

3319 573 3330 597 ι
3500 560 3563 597 ἦν*
3592 554 3621 587 γὲ..
3816 558 3823 581 ἶ

3548 606 3571 621 η,
3596 602 3611 615 τι,
3816 600 3825 609 ιι

3319 623 3323 633 ν
3436 620 3441 625 ‘
3536 620 3569 643 ‘J‘
3622 630 3627 633 .
3816 630 3819 633 .

3319 640 3326 675 ι
3442 658 3453 659 7
3528 646 3607 683 “riui?
3816 645 3832 679 Ι

3566 692 3567 697 ¹
3640 690 3643 695 ⁴
3820 694 3831 701 J

3404 744 3421 767 Ν
3820 747 3836 767 ε

3380 772 3387 797 ἐ
3544 780 3553 795 ἰ
3596 770 3663 801 ,ζτμ

3372 844 3443 881 ,βεὲ
3534 844 3539 847 .
3560 848 3571 865 ς
3676 858 3685 861 Δ
3816 838 3836 871 ¹ι

3365 874 3419 900 Ἢ.
3606 876 3607 879 “
3652 880 3661 885 ⁵
3820 892 3829 899 η.

3323 907 3326 942 Ι
3356 908 3382 957 1
3408 906 3419 909 -
3546 908 3663 963 37:5"?
3816 902 3836 940 .

3354 974 3372 984 '
3399 1003 3404 1012 ‘
3448 1000 3449 1003 η
3474 996 3477 999 .
3520 996 3523 999 .
3604 972 3643 1003 ἐξ
3668 972 3671 973 ν
3817 966 3836 1010 ε

3366 1016 3381 1021 ,⁷
3819 1019 3832 1027 δ

3331 1027 3836 1115 't

3341 1081 3352 1115 Ι
3377 1089 3406 1115 ’;’
3488 1086 3495 1099 ί
3590 1076 3593 1079 Α
3612 1098 3615 1099 ⁷
3817 1087 3834 1115 ’δ

3358 1115 3826 1263 ὲ

3386 1451 3394 1483 ξ
3460 1458 3535 1485 λης
3566 1452 3579 1485 ἐ
3782 1484 3785 1485 ,

3391 1451 3796 1571 ο

3501 1571 3796 1715 ἓ

2127 529 2229 576 tem
2261 521 2439 589 homo,
2482 525 2604 580 licet
2632 541 2817 596 magna
2857 530 3047 584 virtute
3088 521 3330 597 ornatus;

2119 614 2308 681 potuit,
2357 629 2546 684 nempe
2589 617 2791 670 Daniel.
2837 617 2960 673 Ideo
3001 618 3136 674 hanc
3173 621 3326 690 quasi

2117 712 2317 756 natura:
2346 717 2456 759 suae
2499 707 2898 775 praerogativam
2948 707 3221 776 efferabat,
3267 707 3421 779 di.

2116 807 2259 845 nemo
2295 793 2417 845 vidit
2457 809 2729 863 umquam;
2757 798 3036 866 unigenitus
3075 797 3258 864 Filius,
3286 786 3429 866 ..Ε

2120 877 2308 945 Patris,
2337 881 2442 952 ipse
2467 886 2716 938 enarravit
2759 885 2936 955 (Joan.
2963 888 3014 941 1.
3040 887 3149 956 18).
3174 888 3242 942 Et
3284 874 3599 963 ι·ιὲ

2115 971 2248 1040 quod
2287 970 2493 1028 Patrem
2539 975 2714 1028 viderit
2740 977 3020 1046 quisquam,
3054 980 3149 1031 nisi
3191 980 3234 1032 is
3259 968 3671 1048 qui

2114 1063 2201 1116 ille
2227 1063 2346 1117 cidit
2385 1063 2588 1118 Patrem
2631 1067 2807 1134 (Joan.
2836 1068 2886 1121 6.
2917 1067 3028 1136 is).
3069 1068 3180 1122 Etsi
3225 1046 3683 1143 malih-

2118 1152 2307 1221 phetze,
2353 1154 2683 1223 patriarchae,
2719 1157 2843 1224 justi
2874 1166 2927 1210 et
2955 1158 3126 1226 angeli
3171 1144 3635 1228 viderirﬂi.

2116 1242 2348 1312 perfecta
2385 1247 2681 1314 cognitione
2709 1247 2954 1316 loquitur.
2988 1247 3065 1302 Ne
3091 1250 3264 1318 itaque

2118 1341 2240 1386 tunc
2271 1333 2466 1386 facere.
2497 1352 2615 1386 cum
2647 1338 2789 1386 videt
2822 1355 2941 1386 eum
2989 1357 3003 1386 :
3040 1355 3158 1386 nam
3187 1356 3284 1386 nua
3314 1353 3414 1386 mn
3455 1353 3468 1380 ·.

2118 1341 2240 1388 tunc
2271 1333 2466 1401 facere,
2497 1352 2615 1391 cum
2647 1338 2789 1393 videt
2822 1355 2941 1394 eum
2989 1357 3003 1393 :
3039 1355 3158 1394 nam
3187 1356 3287 1410 qua
3314 1319 3569 1410 mliti-ﬂ

2114 1584 2198 1659 ille
2221 1607 2359 1675 facit,
2391 1607 2496 1661 haec
2538 1584 2598 1661 et
2631 1607 2796 1662 Filius
2825 1584 3054 1662 similiter
3093 1611 3215 1678 facit
3246 1584 3793 1685 (Jama-5.Q

2114 1698 2244 1752 Nam
2274 1699 2318 1752 si
2361 1700 2603 1754 similiter
2649 1702 2789 1764 facit,
2830 1701 3114 1771 quomodo,
3160 1717 3280 1755 cum
3313 1704 3457 1770 prius
3501 1698 3792 1779 vim

2114 1787 2283 1852 illum,
2318 1796 2440 1842 tunc
2472 1788 2631 1842 facit?
2669 1789 2898 1844 Necesse
2922 1791 3065 1844 enim
3109 1790 3210 1845 erit
3247 1804 3311 1844 ex
3348 1789 3451 1844 hoc
3491 1799 3580 1843 tuo

2115 1888 2199 1932 cto
2245 1879 2402 1932 etiam
2448 1879 2658 1935 Patrem
2697 1889 2822 1934 tunc
2873 1881 3078 1950 Operari
3122 1895 3243 1934 cum
3291 1881 3486 1935 viderit
3529 1881 3702 1934 alium
3723 1867 3792 1912 τῖε

2115 1979 2457 2039 Operantem;
2499 1971 2548 2026 id
2589 1971 2726 2042 quod
2773 1981 3023 2026 extrema:
3050 1971 3330 2026 dementire
3371 1971 3704 2040 insanizeque

2116 2057 2292 2115 fuerit.

2185 2150 2239 2204 7.
2279 2149 2385 2206 Sed
2429 2165 2497 2205 ne
2543 2149 2658 2206 haec
2702 2150 2960 2206 imbecilla
2998 2160 3051 2206 et
3088 2149 3314 2205 absurda
3341 2149 3686 2205 confutantes

2115 2254 2413 2295 sermonem
2446 2240 2652 2308 longius
2679 2241 3054 2310 producamus,
3105 2239 3209 2295 hoc
3233 2239 3489 2294 addemus
3518 2256 3534 2295 :
3565 2239 3694 2309 quia

2112 2343 2230 2383 cum
2259 2328 2452 2382 Judmis
2492 2344 2791 2383 sermonem
2823 2329 3068 2393 habebat,
3109 2330 3195 2398 qui
3237 2329 3384 2382 illum
3423 2329 3533 2384 Deo
3558 2345 3698 2384 con-

2115 2419 2334 2473 trarium
2374 2419 2659 2484 dicebant,
2705 2431 2758 2472 et
2797 2419 3086 2487 legislatori
3115 2418 3415 2479 inimicum,
3459 2417 3600 2488 quod
3625 2434 3698 2473 ex

2113 2508 2178 2562 iis
2220 2523 2337 2578 qua:
2377 2508 2511 2562 facta
2539 2509 2748 2563 fuerant
2776 2510 2848 2562 illi
2878 2509 3226 2579 colligebant,
3260 2509 3337 2563 sic
3365 2509 3451 2563 ille
3480 2523 3696 2563 sermo-

2114 2613 2232 2653 nem
2289 2597 2598 2653 humaniore
2625 2606 2679 2652 et
2707 2598 2970 2652 crassiore
2997 2599 3153 2654 modo
3179 2598 3529 2664 concinnavit,
3567 2614 3698 2668 pru-

2113 2689 2255 2744 denti
2299 2688 2524 2743 auditori
2567 2689 2888 2758 relinquens,
2923 2690 2990 2743 de
3018 2688 3100 2743 his
3127 2691 3196 2742 ita
3223 2690 3454 2752 sentire,
3497 2697 3552 2742 ut
3581 2688 3698 2742 Deo

2113 2791 2526 2836 consentaneum
2555 2792 2686 2846 erat,
2717 2792 2770 2835 et
2799 2797 2889 2836 eos
2919 2782 3007 2850 qui
3038 2783 3282 2835 crassiori
3331 2780 3488 2835 modo
3531 2780 3693 2834 intel-

2113 2874 2344 2944 ligebaut
2367 2873 2669 2943 corrigens;
2715 2873 3054 2942 quamobrem
3085 2873 3293 2927 dicebat
3325 2890 3339 2927 :
3371 2873 3537 2942 Opera
3557 2872 3694 2926 enim

2110 2979 2220 3034 qua
2242 2963 2327 3017 ille
2347 2964 2486 3034 facit,
2519 2964 2624 3017 hare
2656 2973 2701 3016 et
2724 2962 2888 3016 Filius
2911 2962 3137 3017 similiter
3164 2963 3306 3033 facit.
3337 2962 3517 3032 Neque
3544 2963 3693 3017 enim

2113 3063 2404 3126 exspectat,
2437 3055 2605 3109 donec
2633 3055 3041 3108 videritPatrent
3071 3055 3367 3119 facientem,
3390 3064 3444 3106 ut
3468 3062 3592 3107 tunc
3615 3053 3696 3106 fa-

2113 3147 2236 3210 ciat,
2268 3160 2438 3215 neque
2464 3144 2738 3213 disciplina
2767 3159 2898 3213 opus
2924 3143 3080 3199 habet
3109 3159 3124 3198 :
3153 3142 3246 3196 sed
3269 3141 3413 3196 videt
3433 3141 3544 3210 ejus
3564 3141 3694 3195 sub-

2113 3237 2384 3301 Stautiam,
2416 3236 2686 3307 ipsamque
2713 3235 2855 3288 clare
2883 3234 3026 3288 novit
3054 3250 3068 3287 :
3111 3232 3254 3288 Sicut
3276 3231 3418 3286 enim
3453 3231 3585 3284 novit
3614 3246 3695 3286 me

2113 3327 2288 3393 Pater,
2324 3335 2371 3380 et
2417 3342 2507 3396 ego
2535 3342 2749 3396 agnosco
2778 3324 2987 3377 Patrem
3024 3323 3201 3393 (Joan.
3229 3324 3314 3378 10.
3347 3321 3434 3391 15)
3463 3339 3474 3386 ;
3511 3323 3689 3376 omnia

2113 3425 2288 3471 autem
2319 3426 2567 3484 operatur
2588 3425 2641 3469 et
2669 3415 2828 3469 efficit
2869 3429 2987 3469 cum
3037 3421 3297 3483 potestate
3340 3413 3440 3482 ipsi
3485 3426 3688 3467 conve-

2114 3505 2299 3571 nienti,
2343 3519 2464 3560 cum
2512 3503 2857 3574 intelligentia
2905 3512 2959 3557 et
3001 3503 3256 3571 sapientia
3301 3503 3473 3570 ipsum
3520 3501 3692 3555 comi-

2116 3604 2286 3662 tante,
2319 3594 2402 3649 cui
2434 3593 2564 3647 nihil
2589 3602 2680 3646 aut
2704 3592 2908 3646 discere
2936 3599 3025 3644 aut
3053 3590 3231 3644 videre
3259 3604 3392 3658 opus
3427 3590 3514 3642 sit.
3542 3589 3690 3655 Quo—

2117 3685 2277 3740 modo
2307 3684 2446 3738 enim
2472 3697 2603 3752 opus
2623 3681 2797 3747 fuerit,
2825 3696 2945 3735 cum
2968 3681 3035 3734 sit
3057 3679 3285 3749 perfecta
3302 3679 3472 3733 Patris
3492 3678 3688 3748 imago,

2115 3785 2168 3831 et
2191 3775 2389 3840 omnia,
2417 3788 2536 3842 qua:
2565 3773 2676 3838 ille,
2706 3771 2949 3826 similiter
2977 3770 3134 3825 faciat
3157 3779 3208 3823 et
3230 3783 3350 3822 cum
3380 3768 3566 3823 eadem
3594 3783 3692 3837 po-

2115 3865 2342 3922 testate?
2386 3865 2459 3918 De
2505 3872 2766 3934 potestate
2795 3863 2936 3917 enim
2965 3862 3187 3930 loquens
3226 3861 3339 3914 lucc
3362 3858 3636 3928 subjunxit
3671 3875 3686 3914 :

2117 3955 2226 4024 Ego
2252 3965 2297 4008 et
2333 3953 2484 4007 Pater
2512 3969 2664 4005 unum
2703 3968 2872 4006 sumus
2912 3949 3090 4020 (Joan.
3122 3948 3210 4005 10.
3235 3949 3348 4021 50).
3382 3949 3504 4004 Htec
3532 3949 3689 4018 igitur

2116 4044 2327 4110 omnia,
2377 4057 2495 4112 quae
2543 4042 2682 4096 dicta
2736 4050 2896 4106 sunt,
2949 4041 3175 4095 scientes
3209 4049 3261 4095 et
3298 4039 3686 4108 intelligentes,

2117 4148 2422 4189 aversemur
2451 4133 2816 4186 haereticorum
2839 4140 3027 4195 cmtus,
3058 4138 3320 4199 rectaeque
3345 4129 3465 4187 fidei
3495 4141 3687 4200 perpe-

2118 4236 2211 4281 tuo
2238 4226 2552 4291 liaereamus,
2583 4233 2637 4278 et
2682 4234 2978 4277 accuratam
3010 4236 3294 4291 paremque
3320 4220 3574 4274 doctrina:
3613 4217 3690 4271 vi-

2117 4327 2225 4374 tam
2256 4317 2609 4380 instituamus,
2653 4324 2709 4369 ut
2738 4315 2906 4368 futura
2937 4314 3073 4368 bona
3112 4325 3519 4382 consequamur,
3562 4323 3686 4379 gra-

2118 4409 2190 4464 tia
2219 4417 2273 4463 et
2300 4406 2724 4462 miserationibus
2755 4405 2964 4459 Domini
2994 4404 3158 4458 nostri
3187 4403 3310 4457 .Iesu
3343 4401 3560 4465 Christi,
3602 4397 3688 4452 cui

2118 4500 2286 4571 gloria
2313 4508 2365 4554 e:
2391 4497 2689 4567 imperium,
2722 4512 2823 4550 una
2853 4511 2973 4552 cum
3005 4495 3157 4549 Patre
3185 4504 3239 4549 et
3262 4492 3460 4562 Spiritu
3483 4500 3686 4557 sancto,

2121 4605 2264 4648 nunc
2289 4597 2343 4646 et
2370 4603 2601 4661 semper,
2632 4595 2687 4644 et
2715 4589 2766 4642 in
2791 4587 2986 4643 smcula
3013 4585 3345 4640 seculorum.
3383 4583 3577 4640 Amen.

454 5155 3657 5193 mm

1859 5303 2234 5364 MONITUM

519 5428 907 5512 ganeaquoqu‘e
955 5428 1231 5512 homilia_m
1266 5427 1849 5512 cruit‘laudatissimus
1880 5426 1980 5512 viri
2006 5423 3292 5512 Egit-ictisSeniachusettrrgodicibusiAnglicanis
3334 5439 3389 5512 et
3432 5431 3664 5512 Upsalias

448 5498 633 5552 edidit.
669 5494 764 5550 Est
800 5494 978 5550 autem
1001 5536 1014 5555 .
1051 5498 1191 5564 quod
1238 5507 1447 5565 spectat
1492 5499 1611 5567 ejus
1644 5505 1851 5566 partem
1879 5494 2296 5567 nonmlnimam
2321 5532 2336 5556 ,
2380 5495 2703 5567 praecedenti
2737 5511 2845 5549 non
2893 5494 3188 5551 dissimilis.
3219 5498 3368 5553 Licet
3411 5494 3554 5554 enim
3595 5502 3662 5556 de

450 5567 880 5636 Melchisedeco,
912 5575 971 5619 ut
1000 5563 1104 5620 fert
1133 5563 1411 5634 inscriptio
1435 5608 1451 5632 ,
1482 5563 1690 5636 agatur,
1723 5580 1850 5636 non
1875 5564 2305 5636 minimatatnen
2340 5577 2464 5636 pars
2503 5563 2962 5636 homiligcontra
3000 5567 3290 5622 Anomoeos
3326 5577 3427 5621 est.
3461 5570 3663 5624 Deinde

450 5651 580 5706 vero
612 5643 799 5706 contra
836 5631 1654 5706 hlelchisedecitas‘disputatur.
1681 5635 1770 5706 qui
1803 5634 2053 5706 dicebant
2081 5632 2530 5706 Melchisedecum
2555 5631 2832 5706 esseEilio
2863 5634 3118 5706 majorem
3147 5651 3170 5706 ;_
3193 5636 3279 5706 alii
3303 5647 3480 5691 autem
3511 5649 3664 5706 puta-

447 5704 582 5758 bant
610 5718 731 5758 esse
759 5704 1018 5772 Spiritum
1053 5713 1294 5759 sanctum
1321 5721 1334 5767 ;
1376 5700 1435 5758 ui
1477 5706 1634 5759 docet
1669 5700 1831 5757 etiam
1864 5701 2198 5772 Epiphanius
2235 5700 2434 5754 llazresi
2458 5701 2546 5765 46,
2575 5702 2646 5756 al.
2684 5701 2773 5764 55,
2805 5700 3029 5772 quodin
3061 5703 3203 5759 notis
3233 5705 3461 5759 dicimus
3501 5700 3660 5762 infra.

452 5772 593 5832 Cave
612 5769 976 5845 autem'putes
997 5775 1135 5831 hanc
1165 5773 1218 5830 in
1245 5772 1696 5830 Mclchisedecum
1720 5769 1991 5829 homiliam
2008 5785 2123 5828 eam
2149 5784 2288 5836 esse,
2313 5783 2473 5841 quam
2497 5778 2884 5827 commemorat
2917 5769 3331 5843 Chrysostomns
3357 5772 3412 5829 in
3435 5776 3664 5833 Bomilia
