3990 6430
212 420 323 475 255

202 511 507 583 ἀκριϐείας,
530 509 646 563 τότε
673 510 879 562 εἴσεσθε
902 508 1063 560 αὑτοῦ
1096 508 1193 577 τὴν
1222 508 1418 576 πολλὴν
1457 505 1729 573 ἐγγύτητα
1758 506 1854 571 τὴν

206 598 342 668 πρὸς
366 598 456 650 τὸν
485 596 865 664 γεγεννηκότα,
892 594 950 646 τὸ
974 594 1386 660 ἀπαράλλακτον
1426 592 1523 659 τῆς
1552 590 1755 651 οὐσίας,
1796 590 1857 641 τὸ

205 684 458 753 τοιαύτης
498 681 655 734 αὑτὸν
685 677 822 733 εἶναι
867 680 1070 742 ούσίας,
1106 682 1221 741 οἵας
1246 680 1335 731 καὶ
1362 682 1387 730 6
1431 678 1638 746 Πατήρ.
1675 676 1737 726 Τί
1768 671 1858 727 οῦν

209 773 325 823 ἐστι
360 782 384 808 ⁸
416 769 492 831 τὸ,
519 772 599 820 Οὺ
626 766 868 819 δύναται
892 766 990 833 ἀφ’
1022 766 1267 827 ἐαυτοῦ;
1300 764 1458 816 Ἱδιόν
1504 782 1554 814 τι
1597 761 1745 830 παρὰ
1770 762 1856 812 τὸν

211 856 429 925 Πατέρα
482 857 671 913 ποιεῖν,
730 853 789 903 ού
839 852 1056 904 δύναται
1108 850 1252 913 ξένον
1315 850 1407 902 καὶ
1460 847 1859 919 κεχωρισμένον

210 942 361 1012 παρὰ
406 941 496 993 τὸν
539 940 750 1009 Πατέρα
799 941 987 999 ποιεῖν,
1023 938 1147 989 οὐδὲ
1166 937 1591 1007 ὴλλοτριωμένον
1626 952 1677 986 τι
1705 935 1861 1003 ποιῆ-

213 1047 323 1093 σαι,
341 1030 459 1081 ούδέ
477 1028 600 1081 ἄλλο
616 1045 663 1080 τι
684 1045 756 1079 πα
767 1030 809 1095 ρ’
827 1026 853 1078 ὃ
868 1028 1009 1077 ποιεῖ
1027 1028 1053 1078 6
1071 1027 1275 1093 Πατήρ·
1300 1024 1333 1076 ἃ.
1355 1025 1461 1093 γάρ
1477 1026 1677 1077 ἐκεῖνος
1696 1024 1858 1085 ποιεῖ,

209 1110 380 1167 ταῦτα
410 1115 502 1169 καὶ
527 1110 677 1176 οὗτος
703 1115 860 1165 ποιεῖ.
888 1114 957 1164 T6
978 1108 1092 1175 οὖν,
1135 1111 1258 1178 Ἀφ’
1291 1110 1504 1162 ἑαυτοῦ
1522 1111 1592 1162 οὐ
1614 1108 1860 1161 δύναται

214 1202 427 1263 ποιεῖν,
464 1202 562 1253 οὐκ
603 1199 909 1268 ἐλευθερίας
946 1198 1238 1266 ἀναίρεσις,
1263 1198 1378 1248 οὐδὲ
1409 1197 1651 1258 ἐξουσίας
1676 1196 1865 1261 ἀφανι-

217 1289 372 1357 σμὸς,
407 1287 519 1339 ἀλλ’
542 1286 787 1354 ὁμονοίας
806 1283 1093 1347 ἀπόδειξις,
1122 1284 1211 1336 καὶ
1236 1285 1544 1352 συμφωνίας
1571 1282 1860 1351 μαρτυρία,

217 1375 312 1427 καὶ
367 1373 623 1445 ἀκριϐοῦς
661 1372 975 1439 ἐγγύτητος,
1030 1371 1123 1422 καὶ
1173 1368 1575 1437 ἀπαραλλαξίας
1621 1372 1861 1437 σημεῖον.

230 1459 447 1529 Ἐπειδὴ
474 1459 576 1529 γάρ
605 1458 665 1509 τὸ
691 1457 956 1510 σάϐϐατον
984 1455 1158 1518 ἔλυσε,
1204 1456 1296 1508 καὶ
1336 1455 1677 1524 παρανομίαν
1719 1453 1866 1523 αὑτῷ

218 1545 503 1599 ἐνεκάλουν
526 1544 769 1610 λέγοντες
790 1560 802 1572 ·
824 1539 987 1594 ΙἈλλα
1008 1540 1105 1608 μέν
1122 1543 1149 1593 6
1176 1541 1305 1601 Θεὸς
1336 1539 1610 1602 ἐπέταξεν,
1650 1540 1783 1591 ἄλλα
1810 1539 1866 1591 δὲ

222 1633 287 1684 σὺ
322 1633 489 1692 ποιεῖς
516 1645 528 1659 ·
561 1630 761 1697 ταύτην
785 1629 1110 1697 ἐμφράττων
1148 1626 1325 1678 αὐτῶν
1364 1624 1458 1694 τὴν
1485 1625 1866 1693 ἀναισχυντίαν

220 1717 368 1785 λέγει
391 1730 405 1745 ·
426 1717 535 1771 Οὐκ
556 1715 699 1768 ἐστιν
728 1714 817 1766 ὑπ’
850 1711 980 1782 ἐμοῦ
1004 1712 1129 1765 ἄλλο
1159 1729 1208 1763 τι
1242 1711 1601 1779 γεγενημένον
1632 1712 1779 1780 παρά
1807 1712 1868 1762 τὸ

221 1804 505 1872 γενόμενον
532 1801 635 1854 ὑπὸ
658 1801 750 1853 τοῦ
781 1801 989 1867 Πατρός
1008 1816 1021 1828 ⁵
1052 1798 1170 1851 οὐδὲ
1190 1798 1425 1858 ἐναντίος
1446 1797 1605 1848 αὑτοῦ
1630 1799 1743 1865 είμι
1779 1797 1869 1848 καὶ

223 1888 496 1957 πολέμιος.
528 1887 591 1939 Εί
617 1885 673 1938 δὲ
711 1886 782 1954 μὴ
810 1882 979 1946 οὕτως
1021 1878 1193 1948 εἶπεν,
1240 1882 1353 1935 ἀλλ’
1398 1880 1870 1951 ἀνθρωπινώτερον

222 1974 318 2025 καὶ
339 1972 637 2043 παχύτερον
668 1972 755 2024 τὸν
785 1970 935 2038 λόγον
957 1970 1333 2039 ἐσχημάτιζεν,
1361 1969 1608 2038 ἐννόησον
1634 1970 1712 2021 ὅτι
1740 1968 1872 2036 πρὸς

237 2058 520 2120 Ἰουδαίους
558 2058 841 2125 διελέγετο,
885 2058 1009 2118 τοὺς
1043 2057 1280 2110 ἀντίθεον
1326 2056 1485 2108 αὑτὸν
1534 2055 1869 2124 νομίζοντας.

222 2146 324 2200 Διά
346 2162 426 2198 τοι
461 2144 615 2197 τοῦτο
646 2145 739 2196 καὶ
772 2144 978 2213 ταχέως
1017 2145 1309 2213 ἐπήγαγεν,
1356 2143 1437 2195 ἵνα
1480 2143 1663 2210 μηδεὶς
1710 2141 1874 2211 μηδὲν

222 2232 458 2285 τοιοῦτον
481 2231 788 2301 ὑποπτεύσῃ
810 2246 821 2257 ·
847 2228 997 2301 [264]
1021 2231 1094 2284 Τὰ
1115 2231 1220 2298 γὰρ
1232 2227 1440 2297 έργαμῖ
1460 2227 1685 2291 ἐκεῖνος
1700 2226 1871 2289 ποιεῖ,

224 2319 410 2372 ταῦτα
436 2319 532 2371 καὶ
571 2322 602 2372 ὁ
636 2318 766 2382 Υἱὸς
795 2322 1005 2385 ὁμοίως
1044 2317 1209 2370 ποιεῖ.
1256 2317 1315 2367 Ei
1344 2316 1399 2367 δὲ
1435 2314 1599 2384 μηδὲν
1625 2316 1715 2381 αφ’
1748 2315 1875 2366 ἐαυ-

222 2405 318 2456 τοῦ
353 2406 514 2467 ποιεῖ,
548 2404 661 2466 πῶς
687 2404 885 2473 ὁμοίως
919 2404 1091 2467 ποιεϊ;
1122 2403 1193 2459 Ού
1227 2402 1331 2471 γάρ
1357 2401 1415 2453 τὸ
1449 2402 1666 2470 ποιῆσαι
1699 2399 1872 2469 μέγα’

224 2489 383 2543 τοῦτο
412 2490 518 2559 γὰρ
561 2489 654 2541 καὶ
688 2491 733 2541 οί
764 2487 1044 2540 ἀπόστολοι
1088 2487 1319 2548 ἐποίουν,
1370 2486 1594 2553 νεκροὺς
1638 2484 1875 2552 ἤγειρον,

224 2577 459 2646 λεπροὺς
484 2576 767 2645 ἐκάθηρον,
799 2575 910 2628 ἀλλ’
954 2575 1049 2643 οὐχ
1108 2574 1336 2643 Ὁμοίως
1373 2572 1446 2632 ῶς
1482 2570 1661 2631 αὐτός.
1721 2567 1879 2620 Ἀλλά

228 2662 345 2723 πῶς
373 2665 598 2727 ἐκεῖνοι;
637 2664 695 2715 Τί
729 2662 870 2730 ἡμῖν
898 2661 1239 2728 προσέχετε,
1278 2661 1355 2723 ὠς
1392 2658 1508 2723 ἰδίᾳ
1546 2655 1791 2723 δυνάμει
1839 2655 1876 2721 ἢ

226 2747 478 2814 ἐξουσίᾳ
514 2751 865 2814 πεποιηκόσι
895 2747 997 2799 τοῦ
1024 2746 1363 2813 περιπατεῖν
1397 2746 1619 2806 αύτόν;
1663 2743 1782 2803 Πῶς
1824 2741 1879 2795 δὲ

241 2834 475 2905 Ἰησοῦς;
520 2835 653 2887 Ἵνα
693 2833 906 2901 εἰδῆτε,
940 2833 1026 2885 ὅτι
1061 2833 1350 2896 ἐξουσίαν
1381 2832 1504 2899 ἔχει
1533 2833 1565 2883 ὀ
1607 2830 1735 2894 Υἱὸς
1774 2827 1881 2882 τοῦ

228 2920 538 2988 ἀνθρώπου
570 2921 801 2988 ἀφιέναι
827 2920 1108 2987 ἁμαρτίας
1136 2920 1232 2971 ἐπὶ
1267 2917 1374 2985 τῆς
1406 2916 1548 2985 γῆς·
1590 2916 1680 2968 καὶ
1723 2915 1882 2968 πάλιν

230 3008 323 3058 ἐπὶ
370 3007 466 3075 τῆς
519 3006 624 3057 τῶν
664 3006 871 3075 νεκρῶν
912 3006 1253 3068 ἀναστάσεως
1280 3022 1292 3035 ·
1328 3005 1549 3068 ’Ὠσπερ
1583 3006 1615 3055 ὁ
1681 3002 1880 3067 Πατὴρ

230 3092 436 3158 ἐγείρει
468 3091 607 3155 τοὺς
640 3092 888 3158 νεκροὺς
922 3092 1017 3143 ναὶ
1050 3089 1326 3151 ζωοποιεῖ,
1355 3089 1538 3150 οὔτως
1566 3088 1659 3140 καὶ
1690 3090 1721 3139 ὀ
1754 3087 1884 3150 Υἱὸς

233 3178 337 3242 οὓς
363 3177 817 3237 θέλειζωοπςιεῖ.
858 3178 1048 3229 Καίτοι
1088 3179 1244 3247 ἢρκει
1274 3175 1353 3236 τὸ,
1393 3173 1576 3235 Οῦτως
1600 3190 1611 3202 ·
1662 3172 1775 3223 ἀλλ’
1821 3175 1883 3223 ἐκ

236 3266 550 3333 περιουσίας
579 3264 672 3333 τὴν
695 3264 1068 3331 ἀναισχυντίαν
1083 3263 1188 3314 τῶν
1206 3262 1522 3329 φιλονεικεῖν
1554 3258 1884 3326 βουλομένων

236 3349 593 3410 ἀναστέλλων,
627 3350 719 3401 καὶ
747 3350 827 3412 τὸ,
859 3349 1023 3401 Θέλει
1046 3388 1060 3411 ,
1103 3347 1407 3419 προσέθηκε
1434 3388 1447 3410 ,
1475 3347 1630 3416 δῆλον
1662 3349 1741 3398 ὅτι
1770 3346 1884 3414 μετ’

238 3436 485 3500 ἐξουσίας
532 3436 761 3505 ἀπάσης.
819 3436 916 3489 Διά
961 3434 1114 3487 τοῦτό
1153 3449 1315 3501 φησιο
1367 3434 1441 3487 Τὰ
1500 3432 1605 3500 γὰρ
1640 3434 1801 3500 ἔργα,
1852 3430 1890 3484 d

240 3520 467 3586 ἐκεῖνος
507 3521 682 3573 ποιεῖ·
734 3522 831 3574 ούκ
871 3517 1009 3583 εἷπε,
1064 3520 1287 3573 τοιαῦτα
1342 3520 1429 3572 καὶ
1468 3522 1501 3573 ὁ
1558 3519 1686 3584 Υίὸς
1715 3518 1888 3582 ποιεῖ,

242 3607 354 3660 ἀλλ’
384 3607 521 3660 αὐτὰ
546 3610 724 3660 ἐκεῖνα
753 3610 785 3661 ὀ
818 3607 946 3673 Υἱὸς
989 3608 1157 3660 ποιεῖ.
1206 3607 1406 3659 Πάντα
1452 3605 1558 3672 γὰρ
1601 3606 1673 3657 δι’
1706 3604 1891 3658 αὑτοῦ

241 3693 494 3761 ἐγένετο,
537 3695 632 3746 καὶ
672 3694 846 3762 χωρὶς
896 3695 1079 3747 αὐτοῦ
1125 3693 1358 3763 ἐγένετο
1406 3692 1546 3745 οὐδὲ
1584 3692 1670 3745 ἓν.
1731 3694 1891 3763 Ὀρᾷς

246 3778 363 3842 πῶς
410 3780 635 3833 συνωθεῖ
677 3780 766 3833 τὸν
811 3779 962 3847 λόγον
1004 3782 1082 3841 είς
1124 3780 1323 3849 ἀκριϐῆ
1352 3780 1518 3831 δτινα
1544 3780 1767 3848 ἑνότητα
1801 3781 1893 3831 καὶ

248 3864 536 3931 συνάφειαν
566 3866 657 3917 καὶ
685 3865 975 3935 ἐγγύτητα,
1001 3867 1059 3917 οὐ
1095 3866 1316 3917 τοιαῦτα
1349 3865 1535 3931 λέγων,
1568 3864 1888 3928 ἀλλ’,Αὺτὰ,

246 3950 361 4013 καὶ,
410 3950 658 4017 Ὁμοίως,
697 3950 886 4017 λέγων,
926 3951 998 4013 ῶς
1040 3952 1255 4022 Πατήρ;
1291 3953 1387 4003 Διά
1418 3952 1478 4021 δὴ
1516 3950 1670 4003 τοῦτο
1709 3954 1801 4004 καὶ
1837 3953 1893 4003 ἐν

246 4039 313 4105 τῇ
371 4036 763 4104 συγκαταϐάσει
812 4038 902 4091 τοῦ
963 4038 1115 4105 λόγου
1174 4036 1521 4108 σχηματίζων
1565 4039 1743 4103 αὑτὸν,
1804 4039 1895 4089 καὶ

250 4123 533 4192 ἐκείμετά
584 4126 877 4193 ἀσφαλείας
925 4126 1121 4195 πολλῆς
1175 4128 1438 4195 ἐχρήσατο
1489 4129 1552 4195 τῇ
1586 4128 1759 4194 ῥήσει.
1820 4126 1891 4177 Οὐ

247 4209 357 4278 γὰρ
395 4205 562 4274 εἶπεν,
608 4212 701 4263 ἐὰν
751 4215 821 4280 μή
874 4230 923 4264 τι
976 4214 1281 4281 διδάσκηται
1328 4216 1476 4282 παρὰ
1519 4212 1609 4264 τοῦ
1664 4213 1890 4281 Πατρὸς,

252 4294 337 4347 ῐνα
406 4297 479 4366 μὴ
563 4297 929 4366 μαθητεύοντα
1012 4301 1170 4352 αὑτὸν
1244 4302 1574 4369 είσαγάγῃς’
1621 4300 1737 4351 ούδέ
1815 4296 1894 4351 εί-

252 4397 370 4445 πεν,
401 4383 492 4433 ἐάν
523 4387 593 4455 μή
618 4401 669 4436 τι
697 4385 1001 4454 κελεύηται,
1028 4387 1110 4437 ἵνα
1136 4387 1209 4457 μὴ
1232 4388 1327 4455 τῆς
1349 4388 1452 4438 τῶν
1475 4387 1671 4438 δούλων
1693 4387 1896 4452 τάξεως

255 4470 599 4545 ὑποπτεύσῃς
624 4489 637 4503 ·
669 4472 823 4537 ἀλλὰ,
851 4475 948 4525 Ἂν
978 4472 1058 4540 μή
1081 4491 1134 4526 τι
1161 4474 1365 4541 ,ϐλέπῃ
1393 4475 1497 4525 τὸν
1526 4475 1753 4541 Πατέρα
1780 4491 1898 4528 ποι-

255 4555 457 4609 οῦντα.
506 4559 615 4610 Καὶ
645 4558 799 4611 τοῦτο
838 4560 894 4612 δὲ
946 4560 1075 4613 αὐτὸ
1123 4560 1322 4628 πολλῆς
1357 4560 1490 4628 πρὸς
1540 4561 1628 4612 τὸν
1682 4562 1898 4629 Πατέρα

255 4641 570 4712 ἐγγύτητος,
617 4647 708 4697 καὶ
751 4646 919 4707 οὕτως
959 4648 1261 4716 εἰρημένον.
1303 4649 1363 4697 Ei
1407 4648 1511 4714 γὰρ
1549 4648 1766 4701 δύναται
1808 4649 1899 4699 τὸν

317 4740 343 4768 ι
367 4730 456 4779 Hic
477 4732 694 4791 quedam
718 4733 925 4781 deemnt
961 4731 1010 4779 in
1050 4733 1335 4781 Benzeliana
1359 4734 1498 4791 edin,
1533 4745 1642 4793 qua
1694 4746 1756 4781 ex
1814 4733 1903 4783 Οι-

259 4791 356 4840 tob.
387 4794 609 4840 restituta
632 4800 763 4841 sunt.

255 4852 695 4976 pigulli‘jgoquaedam
736 4855 916 4903 desunt
951 4856 999 4903 in
1022 4854 1238 4915 Benzel.,
1281 4866 1390 4915 quae
1445 4866 1505 4901 ex
1567 4853 1734 4904 Ottob.
1791 4867 1904 4918 sup-

1157 415 1223 469 IN
1258 413 1483 477 ILLUD,
1523 412 1744 467 FILIUS
1778 410 1869 465 EX
1909 410 1991 464 SE
2026 408 2208 463 NIHIL
2258 408 2481 477 FACIT,
2514 409 2668 465 ETC.

3477 398 3589 452 256

1960 504 2175 572 Πατέρα
2204 504 2334 573 όρᾷν
2365 501 2748 570 ἐργαζόμενον,
2789 497 2883 551 καὶ
2918 497 3115 550 είδέναι
3144 494 3257 555 πῶς
3288 492 3610 563 ἐργάζηται,

1957 591 2052 659 τῆς
2090 589 2257 656 αὐτῆς
2296 590 2442 639 ἐστιν
2468 587 2670 649 οὐσίας,
2705 585 2967 646 Πολλάκις
3012 584 3119 651 γάρ
3161 583 3253 633 καὶ
3303 580 3609 649 ἔμπροσθεν

1958 674 2334 741 ἀπεδείξαμεν,
2383 674 2463 724 ὅτι
2508 673 2693 724 οὐσίαν
2741 672 2909 732 οὐδεὶς
2964 670 3091 721 ίδεῖν
3142 669 3360 719 δύναται
3400 677 3422 704 ε
3476 666 3613 735 μετά

1959 760 2260 829 ἀκριϐείας,
2310 758 2429 809 οὐδὲ
2478 757 2678 824 γνῶναι
2708 756 2911 821 σαφῶς,
2943 755 3038 806 ἐὰν
3079 754 3152 822 μὴ
3185 754 3281 821 τῆς
3312 751 3480 820 αὐτῆς
3518 750 3612 815 φύε-

1962 859 2097 902 σεως
2213 841 2473 906 ’Ἄγγελον
2504 839 2634 905 γοῦν
2672 840 2850 906 γυμνῇ
2884 840 2951 905 τῇ
2986 836 3141 903 οὐσίᾳ
3172 832 3610 902 παραγενόμενον

1960 926 2242 993 ἄνθρωπος
2278 925 2403 977 ίδεῖν
2435 925 2533 976 οὐκ
2567 923 2836 992 ἠδυνήθη,
2882 921 2973 972 καὶ
3022 919 3192 971 ταῦτα
3233 918 3397 986 πολλῇ
3442 917 3605 985 ἀρετῇ

1960 1011 2367 1080 κεκοσμημένος
2397 1013 2423 1062 ό
2450 1008 2663 1077 Δανιήλ.
2693 1007 2788 1058 Διὰ
2806 1005 2866 1074 δὴ
2890 1006 3045 1056 τοῦτο
3066 1004 3140 1064 ὡς
3166 1004 3436 1070 ἐξαίρετον
3459 1001 3615 1053 τοῦτο

1962 1097 2019 1149 ὃν
2044 1098 2202 1149 αὑτοτ
2199 1118 2207 1142 ι
2238 1098 2336 1165 τῆς
2356 1097 2565 1164 φύσεως
2587 1094 2751 1146 ἐτίθει
2770 1093 2942 1159 λέγων
2963 1108 2975 1119 ο
3008 1090 3154 1143 Θεὸν
3172 1088 3368 1152 οὐδεὶς
3398 1086 3617 1153 ἑώρακε

1965 1184 2195 1238 πώποτε
2219 1203 2230 1215 ·
2265 1188 2296 1237 ό
2320 1182 2656 1251 μονογενὴς
2674 1180 2823 1243 Υἱὸς,
2853 1182 2883 1231 ὀ
2906 1175 2990 1229 ὢν
3015 1179 3099 1239 είς
3128 1175 3231 1227 τὸν
3254 1176 3484 1226 κόλπον
3514 1172 3616 1225 τοῦ

1968 1273 2211 1337 Πατρός,
2242 1270 2469 1334 ἐκεῖνος
2488 1267 2846 1336 ἐξηγήσατο.
2882 1264 2990 1317 Καὶ
3022 1262 3181 1314 πάλιν
3202 1279 3213 1290 ·
3244 1264 3365 1327 Οὐχ
3396 1260 3483 1311 ὅτι
3511 1259 3619 1312 τὸν

1966 1356 2193 1424 Πατέρα
2226 1374 2313 1420 τις
2340 1356 2617 1422 ἑώρακεν,
2648 1357 2697 1407 εί
2722 1352 2805 1421 μὴ
2834 1356 2864 1404 ό
2896 1350 2978 1401 ὢν
3001 1350 3158 1416 παρὰ
3185 1348 3289 1400 τοῦ
3315 1347 3480 1404 Θεοῦ.
3515 1347 3619 1398 αὑ-

1965 1444 2066 1507 τὸς
2095 1442 2313 1507 ἑώρακε
2334 1442 2438 1494 τὸν
2464 1438 2714 1506 Πατέρα.
2738 1438 2930 1490 Καίτοι
2961 1434 3144 1487 πολλοὶ
3173 1429 3311 1485 εἶδον
3335 1433 3427 1484 καὶ
3448 1430 3618 1494 ἄλλοι,

1968 1529 2264 1598 προφῆται,
2319 1529 2411 1580 καὶ
2454 1526 2808 1596 πατριάρχαι,
2858 1523 2952 1575 καὶ
2985 1522 3201 1581 δίκαιοι,
3237 1519 3331 1571 καὶ
3364 1517 3615 1584 ἄγγελοι·

1968 1614 2103 1667 ἀλλά
2131 1615 2229 1683 τὴν
2263 1613 2463 1685 ἀκριϐῆ
2496 1613 2639 1679 λέγει
2664 1611 2884 1679 γνῶσιν.
2930 1608 3004 1659 Ού
3042 1608 3147 1677 μὴν
3186 1603 3340 1657 τοῦτο
3371 1602 3619 1671 ἐροῦμεν,

1970 1702 2049 1753 ὅτι
2084 1699 2291 1768 βλέπων
2313 1700 2473 1751 αὑτὸν
2504 1698 2624 1750 τότε
2650 1698 2824 1747 ποιεῖ’
2858 1694 2981 1745 ἐπεὶ
3006 1693 3084 1758 τὸ,
3117 1691 3317 1743 Πάντα
3341 1690 3413 1740 δι’
3437 1686 3622 1741 αὑτοῦ

1970 1787 2223 1855 ἐγένετο,
2264 1785 2360 1838 καὶ
2406 1784 2581 1852 χωρὶς
2613 1781 2796 1836 αὐτοῦ
2833 1779 3066 1849 ἐγένετο
3104 1776 3242 1830 οὺδέ
3271 1775 3359 1837 ἓν,
3408 1773 3524 1836 πῶς
3557 1773 3625 1825 ἀν

1971 1872 2082 1942 ἔχοι
2130 1871 2311 1938 λόγον;
2354 1871 2445 1922 καὶ
2481 1870 2562 1932 τὸ,
2600 1868 2675 1920 Τὰ
2713 1868 2874 1934 ἔργα,
2905 1865 2941 1917 ἁ
2966 1863 3196 1925 ἐκεῖνος
3236 1860 3406 1922 ποιεῖ,
3439 1858 3625 1912 ταῦτα

1972 1957 2069 2011 καί
2105 1959 2136 2009 ὀ
2179 1955 2307 2020 Υἱὸς
2336 1956 2546 2023 ὁμοίως
2584 1952 2774 2015 ποιεῖ;
2815 1953 2875 2003 Ei
2911 1950 3020 2019 γὰρ
3070 1947 3270 2017 ὁμοίως
3312 1947 3474 2006 ποιεῖ,
3509 1944 3623 2006 πῶς

1976 2043 2183 2114 βλέπων
2218 2040 2378 2095 αὑτὸν
2408 2040 2675 2111 πρότερον
2700 2038 2821 2090 τότε
2850 2039 2992 2088 ποιεῖ
3017 2053 3031 2100 ;
3074 2036 3312 2101 Ἀνάγκη
3340 2033 3447 2103 γὰρ
3475 2031 3626 2082 ἔσται

1974 2128 2116 2183 κατά
2160 2130 2249 2182 τδν
2284 2129 2374 2180 σὸν
2403 2127 2582 2193 λόγον,
2628 2124 2722 2177 καὶ
2756 2123 2844 2175 τὸν
2878 2121 3096 2187 Πατέρα
3139 2119 3401 2187 βλέποντα
3440 2117 3626 2186 ἕτερον

1975 2214 2336 2285 ἐργαζόμενον
2383 2211 2554 2274 οὕτως
2584 2212 2789 2263 ποιεῖν*
2835 2208 2970 2276 ὅπερ
3014 2205 3247 2275 ἐσχάτης
3290 2204 3484 2273 μανίας
3532 2200 3629 2253 καὶ

1976 2299 2158 2362 ἀνοίας
2182 2299 2346 2350 ἐστίν.

2059 2384 2196 2437 Ἀλλ’
2226 2384 2309 2436 ἴνα
2343 2381 2416 2453 μὴ
2440 2380 2507 2434 τὰ
2530 2379 2725 2450 ἀσθενῆ
2751 2378 2919 2431 ταῦτα
2947 2376 3305 2446 διελέγχοντες
3329 2374 3421 2427 καὶ
3434 2375 3627 2435 ἄτοπα,

1980 2469 2306 2539 μηκύνωμεν
2340 2465 2428 2519 τὸν
2458 2465 2634 2533 λόγον,
2672 2466 2845 2516 ἐκεῖνο
2874 2462 3134 2534 ἐροῦμεν·
3170 2463 3247 2514 ὅτι
3288 2460 3471 2528 ἐπειδὴ
3497 2459 3631 2527 πρὸς

1991 2556 2275 2618 Ἰουδαίους
2302 2555 2330 2605 ὁ
2368 2553 2522 2620 λόγος
2556 2548 2622 2622 ἧν
2656 2550 2825 2619 αύτῷ,
2860 2552 2983 2611 τοὺς
3011 2548 3254 2601 ἀντίθεον
3294 2546 3454 2598 αὐτὸν
3494 2540 3633 2596 εἶναι

1978 2642 2237 2709 λέγοντας
2266 2641 2360 2693 καὶ
2384 2639 2641 2707 πολέμιον
2668 2636 2745 2705 τῷ
2775 2634 3059 2705 νομοθέτῃ,
3096 2634 3187 2686 καὶ
3214 2634 3319 2685 ἀπὸ
3350 2633 3456 2684 τῶν
3487 2648 3634 2697 γινο-

1984 2730 2158 2798 μένων
2185 2728 2343 2780 τοῦτο
2385 2724 2759 2791 συλλέγοντας,
2796 2722 2884 2773 διὰ
2916 2720 3071 2773 τοῦτο
3095 2718 3245 2790 [265]
3274 2718 3445 2780 οὕτως
3471 2719 3633 2785 ἐσχη-

1985 2817 2179 2886 μάτισε
2219 2815 2308 2867 τὸν
2356 2812 2511 2879 λόγον
2547 2808 3025 2879 ἀνθρωπινώτερον
3065 2807 3157 2857 καὶ
3187 2805 3507 2872 παχύτερον,
3556 2801 3635 2870 τῷ

1986 2898 2186 2967 συνετῷ
2230 2899 2471 2965 ἀκροατῇ
2523 2894 2943 2961 καταλιμπάνων
2978 2891 3172 2942 εἰδέναι
3224 2890 3319 2958 τὴν
3359 2887 3634 2956 θεοπρεπῆ

1983 2986 2209 3047 ἔννοιαν,
2236 2984 2329 3035 καὶ
2355 2982 2479 3042 τοὺς
2501 2978 2803 3049 παχύτερόν
2822 2995 2873 3029 τι
2902 2975 3210 3035 ἐννοοῦντας
3226 2972 3603 3043 διορθούμενος
3620 2989 3633 3002 ε

1982 3068 2062 3121 διδ
2101 3068 2269 3135 ἔφησε
2291 3081 2304 3096 ·
2345 3065 2419 3116 Τὰ
2446 3062 2554 3129 γὰρ
2574 3062 2717 3127 ἔργα
2739 3061 2775 3111 ά
2808 3057 3035 3122 ἐκεῖνος
3063 3056 3235 3118 ποιεῖ,
3268 3056 3449 3107 ταῦτα
3479 3054 3575 3105 καὶ
3606 3055 3639 3105 ό

1993 3155 2125 3217 Υἱὸς
2158 3153 2365 3220 ὁμοίως
2396 3148 2566 3201 ποιεῖ.
2616 3147 2689 3199 Ού
2723 3146 2831 3214 γὰρ
2878 3145 2940 3213 δὴ
2985 3145 3239 3211 ἀναμένει
3283 3142 3371 3193 τὸν
3420 3141 3639 3210 Πατέρα

1990 3237 2116 3290 ἰδεῖν
2134 3233 2517 3306 ἐργαζόμενον,
2541 3231 2633 3282 καλ⁴
2653 3228 2773 3279 τότε
2796 3229 2956 3288 ποιεῖ,
2977 3223 3415 3306 οὑδὲ-μαθητείας
3436 3222 3604 3306 δεῖται
3621 3234 3636 3249 ·

1987 3316 2101 3369 ἀλλ’
2259 3299 2357 3383 μὲν
2390 3310 2554 3364 αὑτοῦ
2580 3316 2674 3379 τὴν
2706 3308 2911 3369 οὐσίαν,
2938 3305 3029 3357 καὶ
3068 3299 3205 3356 οἶδεν
3235 3303 3399 3371 αὐτὴν
3422 3301 3603 3368 σαφῶς
3621 3317 3637 3331 ·

1988 3384 2261 3464 Καθάπερ
2289 3396 2397 3464 γὰρ
2421 3393 2694 3464 γινώσκει
2713 3407 2809 3459 με,
2845 3389 3028 3459 φησὶν,
3061 3391 3092 3440 ό
3120 3386 3341 3452 Πατὴρ,
3370 3384 3527 3453 κάγὼ
3556 3401 3643 3451 τι·

1988 3486 2200 3539 νώσκω
2222 3483 2327 3535 τὸν
2350 3479 2577 3546 Πατέρα
2597 3496 2609 3508 ·
2637 3476 2923 3548 ἐργάζεται
2948 3474 3003 3526 δὲ
3029 3476 3238 3525 ᾶπαντα
3266 3473 3359 3523 καὶ
3380 3472 3641 3539 δημιουρο

1989 3574 2076 3640 γεῖ
2110 3569 2225 3640 μετ’
2271 3565 2516 3632 ἐξουσίας
2563 3564 2659 3633 τῆς
2702 3562 2847 3631 αὐτῷ
2887 3558 3283 3628 προσηκούσης,
3348 3555 3482 3625 μετὰ
3523 3570 3646 3605 συν-

1993 3659 2156 3717 έσεως
2187 3653 2281 3706 καὶ⁷
2300 3652 2488 3720 σοφίας
2516 3650 2615 3717 τῆς
2643 3647 2789 3716 αὐτῷ
2809 3642 3430 3713 συγκεκληρωμένης,ού
3458 3640 3647 3706 δεόμε-

1992 3754 2080 3799 νος
2114 3734 2421 3807 μανθάνειν,
2454 3732 2514 3784 οὐ
2556 3731 2804 3799 δεόμενος
2838 3728 2981 3779 ίδεῖν.
3034 3725 3157 3787 Πῶς
3187 3726 3291 3794 γάρ
3326 3721 3642 3791 ἀπηκριϐω-

1997 3825 2131 3892 μένη
2165 3821 2321 3874 εἰκὼν
2353 3820 2488 3889 πρὸς
2512 3817 2601 3869 τὸν
2630 3814 2991 3883 γεγεννηκότα
3017 3810 3090 3863 ὢν
3114 3812 3206 3863 καὶ
3236 3810 3436 3877 ὁμοίως
3470 3808 3646 3859 πάντα

1994 3910 2183 3979 ἐκείνῳ
2215 3907 2401 3967 ποιῶν,
2430 3908 2523 3958 καὶ
2556 3903 2689 3973 μετὰ
2719 3905 2815 3970 τῆς
2845 3900 3012 3966 αὐτῆς
3039 3899 3313 3966 δυνάμεως
3336 3912 3349 3959 ;
3376 3893 3509 3965 Περὶ
3538 3893 3646 3979 γὰρ

1994 3977 2268 4065 δυνάμεως
2317 3992 2693 4059 διαλεγόμενος
2730 3986 2900 4039 ταῦτα
2945 3987 3188 4052 ἐπήγαγε
3230 3982 3436 4047 λέγων·
3501 3977 3646 4065 Ἐγὼ

1997 4083 2093 4136 καὶ
2122 4085 2152 4134 d
2179 4079 2379 4144 Πατὴρ
2408 4078 2476 4129 ἓν
2499 4076 2703 4141 ἐσμεν.
2740 4070 2923 4123 Ταῦτα
2959 4067 3049 4121 οῦν
3081 4068 3290 4121 ᾶπαντα
3324 4066 3519 4126 ειδότες
3554 4064 3647 4115 καὶ

1998 4166 2453 4230 ἀποσυλλέξαντες
2472 4160 2541 4213 τά
2570 4158 2854 4229 εἰρημένα,
2879 4151 3343 4223 ἀποστρεφιὶψεθα
3367 4151 3474 4202 τῶν
3498 4152 3649 4219 αἱρε-

2000 4254 2163 4306 τικῶν
2193 4254 2317 4313 τοὺς
2361 4248 2669 4314 συλλόγους,
2710 4243 2960 4313 ἐχώμεθα
2991 4242 3046 4293 δέ
3072 4238 3330 4307 διηνεκῶς
3358 4237 3454 4305 τῆς
3484 4237 3647 4306 ὀρθῆς

2000 4339 2255 4397 πίστεως,
2289 4335 2380 4387 καὶ
2415 4333 2529 4402 βίον
2563 4329 2761 4399 ἀκριϐῆ
2798 4328 2889 4379 καὶ
2930 4324 3200 4375 πολιτείαν
3232 4324 3342 4383 τοῖς
3389 4320 3648 4402 δόγμασιν

1999 4423 2119 4489 ῐσην
2170 4400 2598 4483 ὲπιδειξώήμεθα,
2657 4412 2741 4462 ἵνα
2786 4407 2893 4459 τῶν
2961 4405 3255 4475 μελλόντων
3304 4400 3650 4469 ἐπιτύχωμεν

2001 4485 2238 4576 ἀγαθῶν,
2273 4505 2453 4573 χάριτι
2487 4500 2581 4551 καὶ
2602 4498 2903 4564 οἰκτιρμοῖς
2927 4492 3017 4546 τοῦ
3047 4492 3249 4561 Κυρίου
3282 4488 3437 4556 ἡμῶν
3475 4485 3649 4556 Ἰησοῦ

1999 4593 2257 4665 Χριστοῦ,
2288 4586 2331 4658 ᾧ
2376 4592 2410 4659 ἠ
2436 4588 2583 4654 δόξα,
2611 4589 2705 4639 καὶ
2741 4586 2802 4637 τὸ
2832 4582 3051 4651 κράτος,
3090 4579 3203 4647 ἅμα
3230 4578 3307 4647 τῷ
3346 4577 3651 4665 Πατρὶγκαὶ

1999 4664 2076 4751 τῷ
2108 4680 2248 4748 ἁγίῳ
2298 4677 2596 4745 Πνεύματι,
2644 4671 2736 4724 νῦν
2780 4670 2874 4722 καὶ
2917 4668 3023 4731 ἀεὶ,
3059 4667 3153 4719 καὶ
3187 4668 3264 4728 είς
3300 4667 3425 4729 τοὺς
3451 4664 3651 4728 αίῶνας

2000 4769 2107 4821 τῶν
2144 4766 2373 4821 αἰώνων.
2414 4762 2608 4831 Ἀμήν.

2066 4856 2089 4883 ⁸
2116 4852 2195 4901 Sic
2214 4856 2350 4900 recte
2371 4847 2537 4899 Ottob.
2565 4846 2618 4896 In
2637 4845 2826 4908 Anglic.
2859 4845 2929 4892 ὅτι
2951 4843 3115 4891 οὐσίαν
3148 4843 3250 4889 οἷαν
3297 4841 3411 4889 ἰδεῖν
3460 4838 3515 4888 οὗ
3567 4835 3652 4887 δῦ·

2002 4930 2153 4964 ναται.

372 5120 3551 5161 ww

1278 5274 1386 5333 AD
1428 5269 1837 5329 IIOMILIAM
1877 5267 1981 5327 DE
2016 5266 2643 5327 MELCHISEDECO.

364 5400 416 5455 in
447 5400 716 5454 Psalmum
753 5396 841 5459 Η,
878 5410 995 5461 quae
1027 5396 1169 5448 inter
1195 5391 1574 5461 Expositiones
1598 5389 1651 5441 in
1686 5387 1924 5461 Psalmos
1947 5402 2106 5455 supra
2140 5401 2242 5461 suo
2269 5386 2458 5461 og-dine
2489 5385 2633 5438 edita
2662 5385 2780 5439 fuit.
2808 5384 2937 5440 Nam
2966 5395 3024 5440 ut
3052 5388 3122 5443 ibi
3151 5390 3394 5457 pluribus
3427 5404 3571 5445 com-

364 5475 713 5527 monstralur,
741 5480 802 5518 ea
831 5455 991 5529 'cu'jus
1022 5464 1092 5515 ibi
1125 5455 1327 5514 mentio
1354 5460 1601 5521 habetur,
1629 5464 1711 5510 est
1740 5458 1967 5529 septima
2002 5466 2189 5509 contra
2219 5455 2451 5529 Judaeog.

436 5537 552 5601 Quo
585 5523 825 5603 tempore
858 5523 995 5603 bene
1023 5532 1218 5583 dixerit
1254 5530 1670 5603 Chryeostomus
1692 5526 1894 5603 ,"nullo
1930 5539 2217 5603 poesumus
2264 5524 2463 5603 indicio
2490 5524 2725 5603 assequi.
2761 5524 2901 5603 Ifiihil
2942 5523 3086 5579 enim
3112 5525 3218 5603 "hic
3258 5538 3569 5595 comparet,

369 5592 584 5671 (ιπηιυο
624 5592 808 5655 ηοὶειιι
864 5600 989 5671 anni
1039 5613 1233 5671 eruere
1269 5592 1966 5671 poeéinills:_Sin}iliterque
2005 5593 2271 5671 incertqu
2324 5593 2536 5671 videtur
2584 5593 2954 5671 Antiochiaene
2997 5609 3063 5646 an
3100 5592 3572 5671 ⁸(Ζοηειεηιὶὶιοροιί

370 5661 549 5725 hubiia
595 5672 801 5727 fuerit:
839 5670 1061 5725 credere
1111 5661 1295 5722 malini
1345 5663 1645 5720 Antiochia:
1678 5663 1893 5731 dictam,
1926 5664 2053 5732 quia
2103 5662 2174 5716 ibi
2232 5661 2629 5731 frequentiores
2663 5662 2815 5716 fuero
2855 5670 3039 5717 contra
3087 5662 3377 5718 Anomoeos
3435 5661 3571 5720 veli-

371 5741 621 5795 taliones.
