3990 6492
466 508 576 563 257

475 674 3621 719 MM

1150 477 1206 533 S.
1242 474 1526 533 JOANNIS
1562 466 2048 530 CHRYSOSTOMI
2104 464 2419 522 ARCHIEP.
2460 459 2997 521 CONSTANTINOP.

1565 1023 1899 1137 ΤΟΥ
2004 1017 2558 1133 ΑΥΤΟΥ

1735 1296 1835 1358 Εἰς
1871 1291 1976 1345 τὸν
2015 1288 2401 1357 Μελχισεδέκ.

1926 1558 2231 1569 _—_——..

426 1831 493 1876 α’.
546 1823 926 1892 Ἀποστολικὴν
957 1824 1082 1892 ὑμῖν
1118 1824 1360 1893 σήμερον.
1402 1824 1659 1894 βουλομαι
1694 1825 2013 1895 παραθεῖναι

353 1914 653 1984 τράπεζαν,
691 1910 785 1962 καὶ
820 1911 955 1981 πρὸς
988 1912 1048 1963 τὸ
1077 1911 1310 1978 πέλαγος
1344 1912 1443 1981 τῆς
1469 1912 1678 1965 Παύλου
1700 1913 1881 1981 φωνῆς
1908 1914 2018 1965 δια-

356 2004 527 2051 τεῖναι
546 1999 635 2049 τὸν
652 1998 807 2065 λόγον
840 1997 1350 2067 παρασκευάζομαι.
1378 1998 1538 2050 Ἀλλά
1555 2000 1605 2050 τί
1626 1999 1814 2064 πάθω;
1848 1999 2021 2050 Ὀκνῶ

357 2088 450 2137 καὶ
476 2085 685 2136 δέδοικα
718 2086 926 2152 μήποτε
951 2084 1041 2135 τὸν
1071 2085 1266 2153 λιμένα
1307 2085 1630 2148 ἐξελθόντες,
1664 2087 1758 2139 καὶ
1798 2088 1935 2155 πρὸς
1961 2085 2020 2136 τὸ

359 2167 520 2237 βάθος
553 2168 991 2234 καταντήσαντες
1010 2165 1117 2216 τῶν
1144 2167 1510 2219 ἀποπολικῶν
1548 2164 1696 2239 [266]
1736 2168 2020 2237 νοημάτων

361 2254 770 2322 ίλιγγιάσωμεν,
790 2254 927 2323 ὅπερ
959 2252 1257 2321 πάσχουσιν
1279 2255 1323 2305 οἰ
1350 2253 1457 2305 τῶν
1492 2254 1790 2326 πλωτήρων
1811 2256 2016 2324 ἀήθεις.

359 2342 468 2393 Καὶ
496 2340 601 2409 γάρ
634 2341 829 2391 ἐκεῖνοι
875 2339 1091 2391 ἐπειδὰν
1127 2341 1223 2409 τὴν
1251 2342 1350 2409 γῆν
1400 2342 1732 2408 ἀφέντες,ὲξ
1758 2344 2018 2410 ἐκατέρου

363 2425 560 2493 μέρους
588 2422 686 2489 τῆς
714 2422 838 2490 νηὸς
863 2422 1094 2489 πέλαγος
1123 2421 1325 2486 ἴδωσιν,
1357 2424 1449 2475 καὶ
1478 2424 1625 2476 οὐδὲν
1650 2425 1833 2494 ἕτερον
1866 2425 1897 2494 ἢ
1926 2423 2022 2476 θά-

358 2510 558 2562 λατταν
590 2510 683 2560 καὶ
709 2509 955 2579 οὐρανὸν,
992 2508 1289 2579 σκοτοδινίᾳ
1313 2510 1653 2578 κατέχονται,
1682 2512 1773 2563 καὶ
1795 2509 2020 2579 περιφέ-

365 2594 554 2665 ρεσθαι
599 2596 782 2657 αὐτοῖς
810 2594 870 2646 16
896 2594 1077 2646 πλοῖον
1103 2593 1285 2661 κύκλῳ
1318 2596 1595 2663 νομίζουσι
1642 2596 1776 2665 μετά
1803 2597 1897 2665 τῆς
1928 2595 2021 2646 θα-

358 2682 577 2750 λάττης.
625 2682 762 2733 ’Λλλ’
804 2681 862 2732 οὑ
897 2681 1044 2747 παρά
1079 2680 1172 2747 τὴν
1217 2680 1375 2747 φύσιν
1416 2682 1511 2749 τῆς
1552 2682 1837 2747 θαλάττης,
1888 2682 2021 2734 ἀλλά

362 2768 512 2835 παρὰ
545 2767 642 2835 τὴν
687 2765 938 2830 ἀπειρίαν
978 2766 1083 2816 τῶν
1120 2765 1395 2817 πλούντων
1433 2768 1481 2818 οἱ
1528 2767 1724 2835 ἴλιγγοι
1760 2768 2017 2833 γίνονται.

362 2854 578 2921 Ἔτεροι
609 2847 700 2904 οὖν
736 2863 760 2891 ι
792 2852 897 2903 τῶν
929 2850 1139 2903 ναυτῶν
1170 2854 1393 2919 γυμνοῖς
1419 2856 1527 2915 τοῖς
1574 2853 1817 2922 σώμασιν
1861 2856 2019 2904 ἐκκυ-

361 2938 588 2990 ϐιστῶσι
637 2937 777 2989 κατά
829 2936 936 2987 τῶν
983 2937 1259 3005 κυμάτων,
1311 2940 1403 2989 καὶ
1458 2937 1607 2989 οὐδὲν
1660 2938 1924 3007 πάσχουσί
1970 2956 2020 2989 τι

358 3024 596 3076 τοιοῦτον
621 3040 631 3049 ·
664 3022 797 3074 ἀλλά
826 3022 960 3090 πρὸς
992 3023 1050 3072 τὸ
1081 3022 1241 3088 βάθος
1271 3023 1603 3083 καταϐάντες
1634 3024 1785 3084 αὑτὸ,
1820 3024 1922 3074 τῶν
1964 3026 2019 3074 έν

361 3112 547 3178 ἐδάφει
593 3108 917 3177 καθημένων
957 3108 1356 3177 ἀσφαλέστερον
1406 3107 1759 3176 διατρίϐουσι,
1797 3110 1889 3160 καὶ
1944 3108 2019 3177 τῷ

364 3198 610 3265 στόματι,
664 3195 757 3247 καί
808 3197 918 3255 τοῖς
971 3194 1287 3262 ὀφθαλμοῖς,
1341 3195 1434 3246 καὶ
1466 3196 1628 3247 παντί
1681 3194 1755 3263 τῷ
1810 3194 2020 3263 σώματι

360 3283 639 3351 δεχόμενοι
668 3280 764 3350 τὴν
794 3280 991 3348 ἅλμην.
1021 3280 1079 3330 οὑ
1116 3278 1574 3349 δυσχεραίνουσιν.
1608 3280 1872 3333 Τοσοῦτόν
1907 3283 2020 3333 ἐστι

366 3369 565 3438 μᾶλλον
601 3368 694 3419 καὶ
723 3366 963 3417 τοιοῦτον
998 3366 1223 3434 ἀπειρία
1247 3365 1413 3417 κακόν
1446 3366 1492 3419 δ.
1524 3364 1712 3427 Οὕτως
1760 3365 1895 3434 αὕτη
1930 3366 2021 3418 καὶ

360 3456 467 3507 τῶν
513 3453 759 3521 φοϐερῶν
798 3455 1156 3520 καταφρονεῖν
1208 3451 1416 3502 πείθειο
1480 3451 1659 3521 ἐκείνη
1708 3452 1763 3504 δὲ
1815 3454 1909 3505 καὶ
1954 3454 2021 3505 τά

360 3541 576 3609 ἀσφαλῆ
632 3539 960 3591 ὑποπτεύειν
1010 3539 1101 3589 καὶ
1142 3537 1433 3589 δεδοικέναι
1483 3539 1910 3607 παρασκευάζει.
1952 3541 2015 3591 Οἰ

363 3630 463 3699 μὲν
490 3629 596 3697 γάρ
627 3628 709 3691 ἐφ’
742 3626 961 3694 ὑψηλῶν
980 3627 1085 3678 τῶν
1112 3627 1297 3695 ἰκρίων
1322 3626 1616 3695 καθήμενοι
1644 3629 1740 3696 τῆς
1761 3630 1904 3695 νηὸς,
1928 3630 2021 3680 καὶ

361 3715 496 3781 πρὸς
514 3716 611 3783 τὴν
632 3712 759 3765 θέαν
793 3713 923 3777 ἰλιγγ
942 3712 1115 3774 ιῶσιν,
1144 3714 1190 3763 οἱ
1213 3710 1267 3761 δέ
1296 3714 1351 3762 ἐν
1380 3713 1561 3780 μέσοις
1584 3714 1643 3763 οὑ
1669 3712 2019 3782 θορυϐοῦνται

358 3804 470 3863 τοῖς
502 3800 756 3868 κύμασιν.
809 3800 977 3850 Τοῦτο
1005 3799 1097 3849 καὶ
1128 3799 1220 3850 ἐπὶ
1268 3800 1363 3867 τῆς
1395 3799 1630 3860 διανοίας
1671 3799 1876 3864 γίνεται
1921 3802 2019 3868 τῆς

360 3888 652 3958 ἡμετέρας.
692 3887 799 3937 Καὶ
826 3887 932 3952 γάρ
967 3887 1057 3936 καὶ
1087 3885 1293 3953 ταύτην
1321 3886 1580 3948 πολλάκις
1612 3885 2018 3954 καταλαμϐάνει

360 3974 580 4044 κύματα
623 3972 830 4033 παθῶν,
877 3970 1174 4022 θαλαττίων
1218 3970 1548 4039 ἀγριώτερα,
1580 3966 1689 4023 οἷον
1732 3971 1888 4039 ζάλη,
1922 3971 2017 4023 θυ-

366 4062 462 4130 μὸν
489 4072 510 4098 ε
553 4058 793 4111 κάτωθεν
831 4058 1125 4127 στρέφοντα
1162 4057 1261 4125 τὴν
1293 4057 1537 4125 καρδίαν,
1570 4058 1853 4126 πνεύματα
1896 4060 2017 4110 ἐπι-

362 4143 561 4211 θυμίας
614 4142 875 4209 πονηρᾶς,
932 4139 1186 4190 ποιοῦντα
1232 4139 1430 4208 πολλὴν
1481 4140 1577 4208 τῆς
1634 4140 1871 4202 διανοίας
1919 4141 2017 4211 τὴν

362 4225 643 4295 σύγχυσιν.
690 4224 827 4275 Ἀλλ’
855 4226 881 4275 6
908 4224 1001 4292 μὲν
1032 4224 1255 4292 ἄπειρος
1286 4226 1379 4277 καὶ
1412 4225 1762 4293 ἀμελέτητος,
1791 4227 2018 4297 ἀρχομέ·

362 4329 453 4365 νου
478 4310 571 4363 τοῦ
600 4310 862 4379 χειμῶνος
888 4310 984 4377 τῆς
1010 4309 1200 4377 ὀργῆς,
1235 4311 1436 4370 εὐθέως
1467 4312 1795 4381 θορυϐεῖται,
1825 4315 2019 4384 ταράτ-

360 4418 534 4463 τεται,
570 4399 867 4451 κλονεῖταιο
931 4398 1030 4466 ὁρᾷ
1050 4398 1335 4465 γινομένην
1367 4398 1692 4467 ὑποϐρύχιον
1718 4401 1813 4471 τὴν
1841 4402 2018 4471 ψυχὴν

363 4488 467 4541 ὑπὸ
496 4486 602 4539 τῶν
630 4484 836 4545 παθῶν,
862 4498 956 4535 και
984 4483 1239 4549 ναυάγιον
1271 4484 1643 4552 ὑπομένουσαν
1664 4503 1675 4514 ·
1701 4489 1798 4539 όδὲ
1829 4490 2019 4556 ἔμπει-

363 4591 454 4644 ρος
480 4574 570 4625 καὶ
604 4569 1004 4641 μεμελετηκὼς,
1025 4569 1093 4620 τὰ
1110 4568 1331 4621 τοιαῦτα
1354 4570 1505 4638 φέρει
1522 4573 1779 4637 γενναίως
1806 4590 1818 4602 ·
1852 4574 2020 4626 καθά-

361 4679 467 4733 περ
511 4660 849 4729 κυϐερνήτης
891 4658 981 4709 ἐπὶ
1019 4656 1124 4710 τῶν
1165 4659 1384 4719 οἰάκων,
1430 4658 1601 4723 οὑτως
1640 4662 1730 4714 τὸν
1764 4662 2018 4733 λογισμὸν

361 4749 545 4802 ἐπάνω
593 4746 698 4797 τῶν
747 4745 933 4797 παθῶν
987 4744 1247 4806 καθίσας,
1304 4743 1363 4796 οὑ
1412 4746 1676 4815 πρότερον
1726 4750 2016 4817 ἀφίσταται

364 4835 539 4887 πάντα
586 4832 774 4891 ποιῶν,
840 4831 943 4893 ἕως
979 4832 1043 4883 ἂν
1086 4830 1384 4901 κατευθύνῃ
1419 4831 1476 4882 16
1512 4833 1715 4900 σκάφος
1751 4835 1883 4903 πρὸς
1929 4841 2019 4887 τὸν

361 4919 531 4972 εὔδιον
554 4919 649 4986 τῆς
677 4916 992 4985 φιλοσοφίας
1017 4916 1225 4985 λιμένα.
1262 4918 1437 4987 Ὅπερ
1465 4914 1556 4969 οῦν
1587 4920 1677 4971 ἐπὶ
1698 4920 1793 4989 τῆς
1825 4921 2018 4974 θαλάτ-

360 5022 459 5073 της
491 5005 719 5070 γίνεται,
754 5004 846 5055 καὶ
879 5004 971 5053 ἐπὶ
1000 5003 1097 5071 τῆς
1125 5003 1357 5065 διανοίας
1399 5004 1705 5073 συμϐαίνει,
1740 5006 1896 5059 τοῦτο
1927 5009 2018 5059 καὶ

361 5092 418 5143 ἐν
451 5093 515 5158 τῇ
550 5090 805 5159 ἐξηγήσει
834 5090 940 5141 τῶν
968 5089 1199 5159 Γραφῶν
1222 5092 1552 5159 συμπίπτειν
1582 5093 1814 5161 ἀνάγκη,
1857 5094 2015 5163 θορυ-

362 5177 593 5238 ϐεῖσθαι,
650 5176 1045 5245 ταράττεσθαι”
1084 5176 1304 5229 ἐπειδάν
1332 5177 1387 5228 δὲ
1419 5177 1444 5215 ἀ
1479 5178 1781 5248 ἐξέλθωμεν
1825 5182 1904 5242 εἰς
1958 5182 2016 5233 16

362 5265 621 5329 πέλαγος·
654 5263 753 5313 οὐκ
784 5263 968 5331 ἐπειδὴ
1009 5262 1067 5315 16
1105 5263 1337 5329 πέλαγος
1380 5264 1626 5333 φοϐερὸν,
1674 5266 1787 5318 ἀλλ’
1833 5270 2015 5340 ἐπειδὴ

361 5352 520 5421 ἡμεῖς
549 5349 596 5399 οἰ
634 5347 884 5409 πλέοντες
904 5350 1137 5418 ἄπειροι.
1164 5350 1407 5420 ὐτιγάρ
1434 5350 1829 5412 ἐστιν,εῦκολον
1858 5354 2015 5421 φύσει

425 5434 1339 5511 ιιρὺνιίιιερῐςογάρ-ξιορίρὶεηόιιιη,ιιι
1378 5440 1663 5511 ,sexqenl’i‘es
1714 5440 1835 5511 ειιὶὺί
1889 5445 2015 5502 apud

360 5496 752 5557 Chrysoslomum
775 5495 853 5541 οῦν
878 5501 929 5540 cl
948 5495 1059 5557 γοῦν
1079 5510 1190 5543 nam
1215 5499 1291 5545 vel
1314 5495 1436 5545 enim
1457 5500 1745 5557 signiﬁcant.

424 5557 451 5595 b
478 5557 592 5603 Hec
631 5555 843 5602 clausula
868 5564 941 5601 est
997 5556 1121 5603 haud
1161 5558 1307 5605 dubie
1362 5555 1523 5606 δαίετο
1549 5561 1767 5607 membro
1818 5564 2003 5613 mutila.

362 5618 434 5682 Po
461 5617 618 5682 tiI-lud
644 5618 772 5682 e_n_i|n
794 5614 1004 5682 τοιοῦτον
1024 5616 1210 5682 ἀπειρία
1268 5620 1429 5678 κακόν,
1488 5620 1746 5682 legebatur
1795 5621 2007 5673 τοιοῦτον

361 5676 576 5739 ἐμπειρία
598 5678 761 5733 καλὸν,
786 5677 859 5739 vel
884 5676 999 5736 quid
1032 5676 1209 5724 simile.

426 5738 1139 5803 cLegendumVidelurﬁpéy,
1174 5740 1319 5803 θυμόν
1337 5746 1498 5789 autem
1550 5742 1630 5789 hic
1684 5744 1819 5791 nullo
1869 5749 2011 5799 modo

359 5807 494 5867 stag-0
517 5803 708 5867 pplesl:
739 5806 897 5858 possel
923 5802 1066 5867 qnam
1092 5798 1288 5867 ίῖξνιίιδςρ
1312 5802 1408 5863 legi
1434 5803 1530 5849 οῖον
1552 5804 1664 5861 ςάλη
1687 5805 1851 5867 θυμοῦ,

420 5857 447 5897 d
470 5856 531 5905 Δέ
553 5856 631 5907 hic
655 5856 1032 5920 cxﬁungoudum
1061 5860 1266 5907 videtur.

2123 1825 2277 1895 λόγον
2306 1828 2453 1893 ὄντα,
2485 1829 2738 1883 δύσκολον
2778 1831 3029 1899 γενέσθαι
3073 1833 3221 1902 παρά
3260 1831 3359 1902 τὴν
3388 1834 3647 1904 ἀπειρίαν
3676 1832 3793 1889 τῶν

2122 1915 2448 1979 ἀκουόντων,
2480 1917 2690 1970 Παῦλον
2712 1918 2838 1988 ὑμῖν
2855 1919 3276 1989 παραστήσομαι
3300 1921 3574 1991 μάρτυρα.
3598 1920 3789 1973 Εἰπὼν

2121 2007 2247 2075 γάρ,
2280 2007 2358 2058 ὅτι
2403 2009 2430 2059 6
2463 2008 2692 2077 Χριστὸς
2728 2008 2943 2074 ἐγένετο
2981 2008 3270 2077 ἀρχιερεὺς
3304 2008 3445 2060 κατά
3484 2008 3583 2076 τὴν
3635 2008 3791 2073 τάξιν

2121 2090 2474 2159 Μελχισεδὲκ,
2518 2093 2610 2144 καὶ
2660 2092 2836 2161 ζητῶν
2863 2092 2943 2154 τίς
2990 2094 3135 2144 ἐστιν
3169 2088 3323 2154 οὗτος
3368 2095 3395 2145 6
3426 2093 3787 2162 Μελχισεδὲκ,

2121 2179 2396 2247 ἐπήγαγεν
2421 2196 2432 2208 ο
2462 2181 2598 2245 Περί
2620 2175 2691 2233 οὗ
2722 2179 2914 2243 πολὺς
2930 2179 3074 2245 ἡμῖν
3096 2182 3127 2231 ό
3153 2179 3335 2247 λόγος
3362 2180 3459 2231 καὶ
3488 2179 3791 2247 δυσερμή-

2120 2281 2351 2329 νευτος.
2388 2267 2429 2317 Τ
2436 2264 2450 2315 ί
2474 2265 2669 2329 λέγεις,
2705 2261 2978 2329 ὧΠαῦλε;
3007 2266 3449 2333 Δυσερμήνευτός
3481 2283 3563 2318 σοι
3597 2268 3674 2336 τῷ
3694 2266 3791 2336 τὴν

2122 2352 2494 2418 πνευματικὴν
2534 2351 2707 2419 ἔχοντι
2725 2352 2914 2418 σοφίαν
2935 2350 3041 2419 ;τῷ
3064 2349 3129 2401 τὰ
3149 2352 3435 2420 ἀπόρρητα
3453 2352 3752 2403 ἀκούσαντι
3771 2374 3787 2415 ;

2118 2435 2195 2505 τῷ
2224 2438 2356 2507 πρὸς
2386 2438 2564 2506 τρίτον
2606 2439 2905 2505 ἀρπαγέντι
2927 2436 3179 2507 οὑρανόν;
3217 2435 3276 2488 Εἰ
3302 2436 3384 2488 σοὶ
3413 2436 3791 2505 δυσερμήνευ-

2120 2540 2231 2585 τος,
2276 2524 2379 2575 τίνι
2409 2524 2778 2593 καταληπτὸς;
2824 2524 2977 2593 Ἑμοί
3009 2524 3463 2593 δυσερμήνευτος,
3499 2525 3688 2592 φησιν,
3728 2525 3789 2577 οὑ

2124 2611 2276 2682 παρά
2304 2612 2400 2681 τὴν
2423 2612 2627 2664 οἰκείαν
2659 2628 2757 2680 μου
2791 2610 3095 2674 ἀσθένειαν,
3134 2608 3269 2662 ἀλλά
3292 2610 3443 2681 παρά
3468 2610 3567 2678 τὴν
3597 2610 3792 2662 δυσκο-

2120 2698 2237 2750 λίαν
2284 2698 2390 2749 τῶν
2441 2698 2765 2750 ἀκουόντων.
2813 2697 2995 2750 Εἰπὼν
3044 2695 3210 2764 γοῦν,
3261 2696 3788 2764 Δυσερμήνευτος,

2122 2784 2417 2851 ἐπήγαγεν·
2447 2782 2676 2848 Ἐπειδὴ
2697 2782 2907 2849 νωθροὶ
2923 2782 3200 2850 γεγόνατε
3220 2781 3347 2845 ταῖς
3372 2781 3601 2846 ἀκοαῖς.
3630 2782 3789 2851 Ὁρᾷς

2121 2870 2201 2920 ὅτι
2226 2872 2323 2937 οὑχ
2348 2872 2379 2937 ὴ
2413 2870 2572 2935 φύσις
2600 2869 2690 2920 τοῦ
2719 2869 2899 2935 λόγου,
2928 2868 3041 2921 ἀλλ’
3064 2871 3095 2938 ἡ
3115 2869 3338 2937 ἀπειρία
3353 2868 3460 2919 ’τῶν
3480 2869 3789 2919 ἀκουόντων

2122 2954 2376 3007 δύσκολον
2406 2955 2466 3007 16
2499 2956 2558 3006 οὑ
2598 2953 2743 3025 [267]
2781 2954 3037 3006 δύσκολον
3077 2954 3404 3024 πεποίηκεν;
3434 2953 3507 3005 Οὑ
3546 2954 3709 3021 μόνον
3734 2954 3789 3006 δὲ

2122 3041 2395 3099 δύσκολον,
2429 3040 2564 3092 ἀλλά
2604 3040 2693 3091 καὶ
2743 3041 2909 3092 πολὺν
2945 3043 3087 3092 ποιεῖ
3128 3041 3287 3092 αὑτὸν
3323 3040 3533 3108 βραχὺν
3575 3041 3607 3109 ἡ
3651 3039 3789 3110 αὑτὴ

2123 3125 2285 3177 αἰτία.
2320 3125 2408 3175 Διὸ
2433 3126 2551 3176 οὑδέ
2581 3126 3011 3195 δυσερμήνευτον
3045 3126 3243 3196 ἔφησεν
3270 3122 3406 3177 εἶναι
3448 3125 3631 3194 μόνον,
3656 3126 3789 3179 ἀλλά

2122 3214 2215 3264 καὶ
2238 3212 2423 3275 πολὺν,
2450 3212 2542 3262 καὶ
2570 3210 2659 3262 τοῦ
2688 3213 2894 3279 μήκους
2920 3213 3012 3265 καὶ
3025 3213 3119 3281 τῆς
3143 3212 3429 3274 δυσκολίας
3448 3212 3669 3274 ἀναθεὶς
3691 3212 3789 3280 τὴν

2123 3298 2299 3351 αἰτίαν
2325 3301 2388 3367 τῇ
2425 3298 2723 3367 νωθρότητι
2766 3298 2864 3364 τῆς
2894 3299 3081 3367 ἀκοῆς.
3117 3299 3382 3368 Καθάπερ
3414 3298 3525 3366 γάρ
3557 3299 3651 3350 ἐπὶ
3680 3300 3788 3350 τῶν

2122 3384 2550 3455 ἀρρωστούντων
2579 3385 2677 3435 οὑκ
2706 3385 2998 3450 ἀναγκαῖον
3025 3384 3285 3452 σύντομον
3312 3386 3405 3435 καὶ
3436 3383 3789 3453 ἐσχεδιασμέ-

2121 3488 2216 3537 νην
2260 3471 2581 3539 παραθεῖναι
2632 3472 2929 3539 τράπεζαν,
2974 3471 3109 3523 ἁλλά
3140 3470 3217 3522 δεῖ
3252 3472 3674 3541 παρασκευάσαι
3722 3470 3788 3522 τά

2124 3558 2264 3609 σιτία
2294 3558 2541 3626 διάφορα,
2575 3558 2661 3609 ἵνα
2692 3558 2756 3609 ἂν
2793 3558 2949 3609 τοῦτο
2981 3560 3007 3610 6
3054 3559 3273 3626 κάμνων
3312 3559 3384 3627 μὴ
3432 3557 3693 3626 βουληθῇ,
3724 3556 3787 3607 τδ

2120 3644 2303 3709 ἓτερον
2332 3644 2491 3712 λάϐῃ,
2522 3648 2538 3664 ⁹
2564 3645 2780 3694 κάκεῖνο
2812 3644 3117 3711 προσίεται,
3152 3644 3211 3694 16
3252 3643 3378 3694 ἀλλο
3404 3642 3650 3710 δέξηται,
3684 3640 3788 3695 κᾶν

2118 3730 2272 3781 τοῦτο
2301 3728 2713 3797 διακρούσηται,
2742 3728 2970 3799 θατέρου
3004 3728 3349 3798 ἐπιλάϐηται,
3382 3731 3476 3780 καί
3505 3732 3572 3798 τῇ
3608 3745 3791 3780 ποικι-

2120 3814 2207 3884 λία
2244 3814 2341 3884 τὴν
2372 3814 2656 3867 δυσκολίαν
2689 3817 3016 3882 νικήσωμεν,
3057 3815 3148 3866 καὶ
3196 3814 3271 3883 τῷ
3308 3814 3635 3883 πολυτρόπῳ
3682 3814 3785 3883 τῆς

2120 3901 2394 3970 τραπέζης
2428 3900 2487 3952 τὸ
2533 3900 2860 3969 δυσάρεστον
2908 3901 3332 3970 θεραπεύσωμεν
3375 3901 3474 3967 τῆς
3521 3900 3785 3969 γνώμης’

2120 3985 2260 4037 οὑτω
2286 3985 2543 4047 πολλάκις
2564 3987 2653 4038 καὶ
2684 3987 2776 4038 ἐπὶ
2809 3987 3124 4057 ἀκροάσεως
3151 3988 3231 4039 δεῖ
3251 3989 3444 4047 ποιεῖν,
3476 3987 3607 4039 ὃταν
3630 3986 3789 4038 ἀσθε-

2122 4076 2226 4132 νεῖς
2276 4066 2443 4141 ὦμεν,
2495 4073 2588 4124 καὶ
2635 4072 2801 4125 πολὺν
2844 4073 3261 4141 παρασκευάσαι
3305 4071 3409 4143 χρὴ
3458 4072 3638 4139 λόγον,
3694 4072 3785 4124 καὶ

2121 4158 2366 4220 ποικίλας
2416 4158 2723 4228 παραϐολάς
2782 4160 2873 4211 καὶ
2908 4160 3319 4230 παραδείγματα
3369 4160 3581 4227 ἔχοντα,
3617 4174 3790 4211 κατα-

2122 4245 2319 4308 σκευάς
2359 4247 2451 4297 καὶ
2484 4246 2780 4314 περιόδους,
2814 4246 2905 4297 καὶ
2934 4247 3092 4315 ἕτερα
3124 4245 3292 4297 πολλά
3318 4246 3564 4306 τοιαῦτα,
3608 4244 3694 4296 ἵνα
3725 4246 3791 4296 ἐκ

2122 4332 2339 4384 πάντων
2365 4332 2524 4401 ῥᾳδία
2541 4333 2765 4401 γένηται
2798 4334 2925 4401 ἡμῖν
2949 4333 3055 4385 τῶν
3080 4332 3463 4402 συμφερόντων
3484 4334 3517 4400 ὴ
3552 4331 3787 4401 αἵρεσις.

2121 4418 2266 4489 Πλὴν
2297 4418 2408 4469 ἀλλ’
2440 4420 2486 4469 εἰ
2516 4419 2607 4469 καὶ
2642 4418 2805 4479 πολὺς
2828 4420 2854 4468 6
2887 4418 3042 4485 λόγος
3072 4421 3164 4470 καὶ
3194 4418 3650 4486 δυσερμήνευτος,
3688 4416 3790 4467 οὑκ

2119 4505 2487 4572 ἀπεστέρησεν
2530 4504 2723 4565 αὑτοὺς
2763 4504 2861 4570 τῆς
2899 4504 3240 4564 διδασκαλίας
3284 4503 3373 4555 τοῦ
3416 4501 3785 4571 Μελχισεδέκ’

2118 4591 2177 4642 16
2207 4591 2301 4659 μὲν
2330 4592 2522 4649 εἰπεῖν,
2561 4589 2761 4651 Πολὺς
2789 4590 2885 4641 καί
2925 4588 3427 4655 δυσερμήνευτος,
3469 4588 3788 4657 ἀναστήσας

2120 4676 2296 4728 αὑτῶν
2322 4674 2416 4741 τὴν
2450 4674 2705 4742 σπουδὴν.
2742 4674 2827 4725 ἵνα
2860 4675 2931 4743 μὴ
2962 4674 3319 4743 ῥαθυμότεροι
3366 4674 3626 4739 γίνωνται
3659 4673 3787 4742 περὶ

2118 4762 2215 4831 τὴν
2250 4761 2513 4830 ἀκρόασιν
2535 4776 2546 4788 ·
2579 4759 2637 4810 16
2664 4758 2718 4810 δὲ
2755 4760 3056 4829 παρασχεῖν
3089 4758 3186 4828 τὴν
3220 4757 3519 4827 τράπεζαν,
3556 4758 3787 4829 χαρισά-

2122 4864 2278 4917 μενος
2311 4845 2487 4896 αὑτῶν
2516 4846 2614 4913 τὴν
2650 4843 2963 4914 ἐπιθυμίαν.

2194 4932 2257 5001 β’.
2278 4932 2318 4981 Τ
2323 4930 2446 4981 οῦτο
2470 4929 2531 4998 δὴ
2554 4930 2645 4980 καὶ
2660 4930 2818 4997 ἡμεῖς
2842 4928 3173 4997 ποιήσωμεν.
3193 4928 3255 4981 Εἰ
3274 4926 3364 4978 καί
3386 4925 3519 4996 πρὸς
3536 4926 3597 4978 τὸ
3621 4926 3787 4979 πέλα-

2118 5034 2210 5084 γος
2242 5019 2333 5068 καὶ
2366 5016 2525 5084 βάθος
2560 5016 2665 5066 τῶν
2701 5014 2983 5081 νοημάτων
3018 5012 3406 5081 ἀδυνατοῦμεν,
3434 5012 3783 5081 κατατολμή-

2122 5116 2300 5168 σωμεν
2350 5099 2444 5167 τῆς
2490 5096 2778 5164 θαλάττης,
2809 5096 2866 5145 οὑ
2910 5094 3049 5147 κατά
3081 5096 3178 5164 τὴν
3227 5095 3497 5164 ἡμετέραν
3529 5094 3781 5161 δύναμιν,

2118 5184 2250 5235 ἀλλά
2275 5184 2415 5235 κατά
2446 5182 2543 5249 τὴν
2572 5180 2775 5232 ἄνωθεν
2798 5180 3079 5248 διδομένην
3109 5181 3240 5249 ἡμῖν
3261 5180 3418 5251 χάριν
3442 5196 3454 5209 ·
3480 5178 3542 5229 οὑ
3576 5178 3664 5231 διά
3684 5176 3781 5246 τὴν

2118 5270 2385 5339 ἡμετέραν
2401 5267 2729 5337 παρρησίαν,
2749 5265 2883 5317 ἀλλά
2899 5264 2985 5317 διὰ
3008 5264 3104 5335 τὴν
3134 5265 3284 5333 ὑμῶν
3312 5264 3580 5332 ὠφέλειαν
3612 5279 3779 5315 κατα-

2116 5358 2472 5426 τολμήσωμεν
2502 5354 2602 5422 τῆς
2636 5354 2923 5421 θαλάττης,
2953 5353 3047 5404 καὶ
3069 5352 3308 5420 ἐντούτῳ
3340 5349 3551 5403 Παῦλον
3580 5348 3778 5420 μιμού-

2121 5461 2289 5513 μενοι.
2323 5444 2442 5494 Ὅτι
2476 5440 2582 5510 γάρ
2622 5442 2720 5492 οὑκ
2745 5440 3118 5510 ἀπεστέρησεν
3152 5438 3347 5499 αὑτοὺς
3377 5436 3469 5489 τοῦ
3504 5435 3773 5503 λόγουτοῦ

2118 5530 2243 5597 περὶ
2287 5528 2375 5578 τὸν
2408 5526 2755 5594 Μελχισεδὲκ,
2806 5526 3033 5577 ἄκουσον
3062 5522 3170 5575 τῶν
3216 5523 3359 5591 ἑξῆς.
3398 5520 3582 5574 Εἰπὼν
3620 5521 3773 5589 γοῦν,

2115 5614 2252 5680 Περὶ
2273 5609 2342 5667 οὗ
2362 5612 2553 5676 πολὺς
2573 5615 2606 5663 ὁ
2625 5614 2804 5679 λόγος
2826 5612 2919 5663 καί
2943 5610 3445 5677 δυσερμήνευτος,
3473 5610 3769 5677 ἐπήγαγενο

2119 5698 2303 5764 Οὗτος
2347 5700 2453 5768 γὰρ
2494 5702 2525 5751 ό
2563 5697 2931 5764 Μελχισεδὲκ
3024 5694 3321 5759 βασιλεὺς
3354 5694 3764 5760 δικαιοσύνης,

2112 5785 2312 5838 ἔπειτα
2341 5782 2409 5834 δὲ
2446 5782 2543 5834 καὶ
2570 5782 2869 5845 ,βασιλεὺς
2907 5779 3134 5847 Σαλὶιμ,
3167 5778 3198 5830 ὅ
3238 5779 3428 5839 ἐστιν,
3471 5776 3768 5842 βασιλεὺς

2181 5870 2197 5891 ⁸
2224 5870 2337 5921 Haec
2358 5867 2525 5918 vilium
2550 5882 2604 5917 ac
2630 5869 2975 5931 repelilloucm
2999 5865 3250 5927 quamdam
3268 5877 3371 5918 pm
3404 5876 3458 5913 sc
3490 5863 3671 5912 rerum.
