3990 6444
1457 443 1543 496 DE
1589 438 2129 496 MEL-(ZIIISEDECO.
3304 442 3414 498 258

1151 924 1770 1040 EJUSDEM
1854 915 2457 1030 HOMILIA

1513 1178 1598 1234 Dc
1644 1171 2108 1235 Mclchisedcco.

1691 1395 1918 1409 ῥα

230 1697 280 1748 1.
299 1694 582 1762 Scriptura:
597 1712 758 1748 sacra:
774 1697 1057 1765 difﬁcultas
1079 1707 1125 1749 ct
1150 1693 1752 1762 obscuritas.—-Aposto-

175 1789 340 1842 licam
361 1790 518 1842 hodie
537 1790 687 1841 vobis
719 1805 954 1842 mensam
977 1805 1248 1857 apponere
1267 1789 1406 1851 volo,
1447 1797 1498 1839 et
1516 1787 1578 1838 ad
1607 1786 1751 1853 pela-

174 1897 278 1948 gns
292 1881 438 1933 vocis
456 1879 595 1933 illius
610 1881 670 1931 D.
688 1878 834 1931 Pauli
849 1895 1151 1932 sermonem
1169 1880 1463 1933 extendere
1480 1891 1628 1945 paro.
1647 1873 1752 1926 Sed

179 1967 307 2034 quid
337 1964 558 2017 faciam?
589 1963 773 2016 Haereo
799 1965 1060 2028 timeoque
1084 1976 1148 2012 ne
1175 1975 1201 2011 a
1235 1971 1382 2025 portu
1411 1960 1674 2010 solventes
1702 1968 1750 2008 et

181 2056 247 2109 ad
273 2055 588 2123 profundum
614 2053 1023 2120 apostolicarnm
1056 2052 1434 2104 sententiarum
1464 2049 1748 2115 progressi,

179 2145 403 2212 caligine
427 2145 791 2210 corripiamnr,
821 2152 876 2193 ut
905 2142 1036 2193 solet
1064 2139 1303 2191 accidere
1335 2150 1605 2189 vectorum
1659 2138 1752 2188 im-

189 2235 539 2303 peritioribus.
568 2234 644 2286 llli
677 2248 900 2298 namque
924 2241 1194 2297 postquam
1224 2228 1402 2280 relicta
1429 2228 1750 2288 continente,

180 2326 250 2377 ab
297 2335 513 2390 utraque
559 2323 704 2374 navis
752 2331 897 2388 parte
949 2322 1160 2386 pelagus
1202 2317 1465 2377 viderint,
1519 2316 1755 2381 nihilque

181 2414 324 2468 aliud
348 2429 499 2481 quam
534 2421 746 2480 pontum
775 2420 826 2462 et
853 2410 1057 2472 cadum,
1092 2408 1342 2474 vertigine
1368 2407 1744 2472 corripiuntur,

183 2521 246 2558 ac
276 2505 447 2557 navim
491 2517 606 2556 eum
655 2500 781 2552 mari
829 2501 878 2551 in
925 2498 1106 2550 orbem
1156 2498 1286 2549 verti
1333 2505 1531 2561 putant.
1563 2495 1753 2545 Vermn

183 2611 293 2649 non
326 2609 387 2648 ex
421 2593 578 2645 maris
604 2601 790 2646 natura
814 2631 827 2652 ,
879 2588 970 2641 sed
1012 2604 1071 2640 ex
1107 2587 1461 2654 navigantium
1497 2585 1756 2651 imperitia

185 2684 472 2750 vertigines
516 2685 774 2734 oriuntur.
829 2681 929 2732 Alii
962 2679 1100 2730 enim
1133 2685 1334 2737 nautte,
1381 2675 1532 2727 nudzs
1567 2689 1754 2742 corpo-

184 2775 334 2826 ribus
373 2786 488 2824 sese
533 2771 832 2838 prarcipites
868 2767 995 2820 dant
1025 2768 1075 2818 in
1121 2765 1306 2829 undas,
1352 2779 1448 2816 nec
1475 2764 1755 2830 quidquam

188 2859 489 2928 hujusmodi
539 2858 802 2925 patiuntur
854 2873 864 2906 :
914 2855 1006 2907 sed
1049 2865 1324 2921 postquam
1355 2855 1404 2906 in
1435 2854 1607 2920 ipsum
1639 2867 1758 2920 pro-

184 2953 404 3006 fundum
451 2952 792 3011 devenerunt,
844 2946 1079 2999 securius
1125 2944 1340 3011 degunt,
1390 2959 1542 3010 quam
1595 2944 1626 2994 ii
1673 2943 1758 3010 qui

185 3046 236 3098 in
273 3044 386 3110 ipso
413 3041 524 3094 solo
552 3039 754 3100 sedent,
799 3037 1220 3103 salsuginemqne
1255 3049 1367 3090 ore.
1402 3033 1587 3094 oculis,
1626 3042 1757 3084 toto-

185 3150 291 3201 que
321 3147 540 3197 corpore
568 3131 907 3195 exeipientes,
942 3127 990 3178 id
1027 3141 1124 3178 non
1155 3139 1291 3192 aegre
1319 3123 1509 3175 ferunt.
1537 3123 1758 3174 Tantum

189 3224 400 3288 taleque
435 3231 514 3272 est
560 3219 833 3287 imperitia:
874 3220 1106 3277 malum;
1152 3225 1348 3267 tantum
1395 3216 1622 3266 vicissim
1669 3230 1760 3281 pe-

188 3314 324 3368 riti-e
356 3313 570 3365 bonum.
626 3312 744 3362 llzec
769 3309 1016 3361 terribilia
1047 3321 1266 3374 quicque
1295 3305 1618 3372 parvifacere
1644 3320 1763 3356 sua-

187 3406 312 3464 det;
364 3403 446 3454 illa
494 3417 642 3466 vero,
680 3403 835 3453 etiam
882 3415 962 3461 ea,
1011 3415 1126 3466 qua:
1179 3407 1286 3449 tuta
1330 3407 1469 3453 sunt,
1516 3405 1758 3461 suspecta

189 3495 386 3545 habere
417 3501 468 3543 et
497 3490 798 3544 formidare.
833 3489 930 3540 Alii
955 3489 1090 3539 enim
1123 3488 1172 3538 in
1206 3488 1331 3553 ipsis
1363 3484 1590 3552 praealtis
1614 3486 1764 3536 tabu-

193 3586 313 3639 latis
344 3584 488 3634 navis
519 3581 760 3633 sedentes
787 3579 1006 3646 caligine
1037 3577 1412 3643 corripiuntur,
1447 3576 1533 3626 alii
1568 3576 1616 3626 in
1650 3590 1762 3625 me-

190 3675 294 3726 diis
339 3672 495 3724 etiam
557 3670 799 3722 fluctibus
855 3683 958 3720 non
1025 3668 1411 3734 perturbantur.
1480 3666 1588 3717 Hoc
1640 3665 1763 3717 item

193 3763 357 3815 menti
406 3770 597 3813 nostra:
649 3759 855 3811 accidit.
923 3757 1050 3809 Nam
1103 3757 1242 3808 illam
1292 3771 1433 3822 Sicpe
1482 3756 1762 3807 affectuum

192 3854 383 3904 fluctus
409 3850 678 3910 invadunt,
728 3848 852 3914 ipsis
895 3848 1110 3898 marinis
1138 3846 1380 3899 fluctibus
1410 3846 1767 3898 vehementio-

195 3958 302 4003 res,
347 3941 457 4005 qui,
503 3938 828 4005 tempestatis
856 3937 1041 3998 instar,
1091 3937 1318 3988 animum
1360 3937 1664 4002 deprimunt
1707 3949 1767 3987 ac

194 4034 444 4084 deorsum
488 4028 716 4088 trahunt,
747 4029 959 4094 spiritus
988 4028 1243 4079 malarum
1269 4028 1631 4094 cupiditatum,
1681 4025 1767 4095 qni

196 4135 439 4187 magnam
492 4118 681 4171 animis
729 4117 1171 4184 perturbationem
1221 4117 1470 4170 inferunt.
1523 4117 1626 4170 Sed
1679 4118 1764 4185 qui

197 4212 474 4280 imperitus
525 4211 913 4275 imparatuSque
961 4216 1062 4266 est,
1115 4207 1396 4273 incipiente
1439 4207 1529 4258 irae
1569 4216 1769 4274 tempe.

197 4313 362 4363 state,
396 4301 569 4352 statim
606 4298 957 4365 perturbatur,
991 4297 1306 4361 concutitur,
1339 4299 1580 4364 agitatur.
1612 4296 1767 4350 Videt

197 4393 425 4446 animam
474 4389 748 4441 affectibus
799 4387 1056 4454 demergi,
1109 4395 1160 4438 et
1191 4385 1516 4452 naufragium
1545 4386 1683 4452 pati;
1715 4395 1767 4438 at

197 4483 282 4550 qui
318 4487 530 4549 paratus
562 4478 949 4543 meditatusque
979 4485 1079 4540 est,
1115 4475 1227 4528 htec
1257 4487 1470 4528 strenue
1497 4477 1720 4528 sustinet
1750 4491 1763 4539 ;

199 4582 465 4636 tamquam
514 4566 789 4619 nauclerus
838 4563 901 4615 ad
949 4564 1362 4631 gubernaculum
1408 4563 1627 4627 sedens,
1693 4565 1767 4616 sic

197 4668 430 4713 mentem
486 4671 640 4723 supra
685 4665 858 4706 motus
907 4655 1064 4704 animi
1112 4655 1456 4716 constituens,
1497 4670 1598 4706 non
1626 4655 1769 4720 prius

197 4740 395 4795 desinit
419 4740 594 4791 omnia
627 4737 819 4800 moliri,
852 4735 1022 4788 donec
1051 4735 1297 4802 seapham
1341 4736 1405 4788 ad
1436 4738 1768 4804 tranquillum

199 4829 545 4901 phiIOSOphizc
579 4837 782 4894 portum
811 4826 1107 4877 deduxerit.
1157 4825 1286 4877 Illud
1336 4825 1507 4891 itaque
1546 4827 1683 4892 quod
1722 4828 1770 4879 in

198 4923 329 4974 mari
360 4920 570 4981 accidit,
599 4928 651 4971 et
680 4917 819 4985 quod
851 4917 1026 4967 animo
1053 4916 1326 4983 contingit,
1361 4918 1517 4969 etiam
1550 4918 1599 4968 in
1633 4918 1769 4970 Seri-

198 5022 469 5080 pturarum
502 5008 828 5076 expositione
858 5004 1094 5058 accidere
1128 5020 1342 5059 necesse
1377 5019 1475 5068 est,
1501 5015 1557 5056 ut
1586 5021 1772 5072 nempe

195 5116 626 5155 commoveantur
653 5111 702 5152 et
732 5105 1096 5166 perturbemur
1126 5105 1334 5171 quando
1365 5107 1413 5156 in
1444 5106 1604 5159 altum
1628 5107 1772 5158 veni-

197 5205 348 5250 mus;
403 5205 503 5241 non
533 5191 668 5256 quod
695 5190 1078 5244 formidandum
1109 5194 1172 5243 sit
1204 5193 1449 5259 pelagus,
1496 5196 1586 5249 sed
1634 5196 1770 5263 quod

196 5297 311 5342 nos,
349 5280 434 5347 qni
466 5281 785 5346 navigamus,
820 5282 1045 5348 imperiti
1077 5286 1260 5334 simus.
1305 5284 1452 5349 Quod
1496 5287 1633 5338 cnim
1686 5303 1772 5338 ac—

195 5371 376 5423 cidere
404 5369 584 5435 possit,
614 5380 668 5420 ut
693 5384 867 5422 sermo
892 5380 1073 5422 natura
1107 5388 1196 5423 sua
1229 5372 1413 5428 facilis.
1451 5375 1770 5427 audientium

198 5458 460 5527 imperitia
488 5457 716 5511 difficilis
756 5460 963 5523 evadat,
1001 5462 1216 5514 Paulum
1252 5465 1400 5515 vobis
1434 5475 1617 5517 testem
1646 5470 1743 5516 ειΠύ

197 5565 333 5602 ram.
369 5546 497 5600 Cum
543 5547 762 5602 dixisset
803 5553 940 5601 enim
973 5551 1244 5602 Christum
1281 5552 1440 5605 fuisse
1477 5554 1771 5620 pontificem

197 5637 490 5690 secundum
517 5638 751 5690 ordinem
786 5638 1150 5701 Melchisedec,
1187 5650 1239 5692 et
1262 5642 1596 5710 disquireret,
1631 5645 1744 5709 quis

199 5743 320 5779 nam
352 5735 494 5779 esset
520 5727 606 5779 ille
641 5725 1008 5793 Mclchisedec,
1062 5731 1237 5781 intulit
1290 5748 1301 5781 :
1353 5730 1427 5781 De
1451 5747 1544 5798 quo
1570 5733 1773 5800 grandis

201 5817 342 5869 nobis
403 5825 471 5869 est
520 5832 677 5870 sermo
720 5826 762 5870 ct
811 5819 1059 5886 explicata
1104 5820 1316 5889 difﬁcilis
1360 5816 1539 5890 (Hebr.
1573 5822 1623 5875 5.
1661 5823 1770 5891 ll).

1855 1686 1990 1749 Quid
2040 1687 2200 1748 dicis,
2248 1689 2450 1743 Paule?
2498 1691 2576 1742 An
2622 1693 2885 1760 explicato
2926 1693 3154 1748 difficilis
3188 1696 3305 1764 tibi,
3338 1699 3422 1765 qui

1855 1777 2110 1841 Spiritnali
2140 1779 2391 1846 sapientia
2416 1781 2664 1848 prmditus
2697 1784 2788 1835 es?
2810 1784 2896 1850 qui
2930 1799 3116 1837 arcana
3144 1786 3426 1840 audivisti?

1855 1867 1942 1932 qui
1986 1867 2048 1918 ad
2096 1869 2305 1920 tertium
2348 1871 2532 1922 cadum
2584 1881 2760 1937 raptus
2804 1873 2902 1926 es?
2940 1873 2991 1927 Si
3038 1875 3125 1926 tibi
3168 1876 3426 1942 explicata

1857 1956 2105 2020 difﬁcilis,
2158 1960 2239 2010 cui
2291 1962 2778 2027 comprehensibilis
2826 1964 2966 2017 erit?
3016 1965 3138 2016 Mihi
3168 1967 3427 2032 explicatu

1856 2047 2100 2109 difficilis,
2152 2049 2333 2117 inquit,
2367 2061 2464 2112 est,
2513 2066 2614 2102 n0n
2660 2051 2727 2104 ob
2768 2068 2930 2104 meam
2979 2054 3386 2108 imbecillitatem
3414 2096 3427 2117 ,

1857 2137 1948 2187 sed
2000 2138 2066 2188 ob
2120 2138 2432 2205 imperitiam
2483 2141 2800 2194 auditorum.
2855 2145 2981 2195 Cum
3025 2160 3149 2212 ergo
3173 2145 3427 2209 dixisset,

1859 2225 2129 2293 Explicuit:
2184 2229 2414 2296 difﬁcilis,
2467 2230 2734 2298 suhjnnxit
2788 2249 2799 2284 :
2862 2231 3108 2294 Quoniam
3165 2233 3432 2286 imbecilles

1860 2317 1979 2383 facti
2003 2317 2116 2367 estis
2148 2317 2212 2367 ad
2238 2319 2562 2370 audiendum.
2620 2320 2803 2373 Vidca’
2837 2337 2937 2373 non
2967 2331 3203 2373 naturam
3233 2339 3434 2376 sermo-

1860 2407 1960 2464 nis,
2012 2406 2100 2457 sed
2135 2406 2460 2459 audientium
2505 2409 2814 2476 imperitiam
2846 2426 2954 2462 rem
2984 2427 3098 2479 qute
3129 2427 3219 2479 per
3245 2428 3301 2465 se
3331 2412 3433 2465 dif-

1861 2493 2010 2546 fieilis
2052 2512 2151 2546 non
2198 2506 2330 2559 erat,
2379 2497 2644 2550 difficilem
2678 2500 3003 2554 reddidisse?
3052 2503 3242 2555 Eadem
3274 2519 3432 2570 porro

1859 2597 2013 2634 causa
2065 2600 2166 2635 non
2219 2585 2482 2638 difficilem
2535 2589 2726 2649 modo,
2763 2591 2850 2641 sed
2882 2591 3038 2642 etiam
3080 2607 3219 2655 eum,
3255 2592 3430 2645 brevis

1860 2686 1977 2724 Cum
2008 2674 2093 2736 sit,
2140 2675 2348 2741 longum
2393 2675 2584 2727 reddit.
2639 2677 2966 2743 Quapmpter
3019 2697 3119 2731 non
3171 2681 3434 2748 explicata

1861 2761 2124 2814 difficilem
2159 2763 2314 2815 modo
2342 2765 2489 2828 dixit,
2524 2764 2615 2818 sed
2646 2769 2799 2817 etiam
2832 2769 3103 2834 grandem.
3137 2781 3187 2822 et
3211 2770 3438 2838 longitu-

1862 2852 1999 2904 dinis
2036 2862 2085 2905 et
2115 2853 2432 2906 difficultatis
2463 2870 2673 2907 causam
2706 2856 2977 2921 adjiciens,
3021 2858 3223 2910 aurium
3270 2860 3435 2913 imbe-

1863 2942 2153 2994 cillitatem.
2199 2944 2650 3008 Quemadmodum
2699 2946 2839 2998 enim
2880 2949 3089 3015 {egrotis
3135 2965 3237 3001 non
3279 2964 3440 3018 appo-

1864 3031 2033 3082 nenda
2075 3042 2153 3083 est
2203 3048 2380 3084 mensa
2422 3034 2568 3085 facile
2613 3036 2878 3102 parabilis,
2929 3037 3018 3088 sed
3058 3039 3215 3089 variis
3245 3039 3436 3092 referta

1864 3120 2011 3181 cibis,
2048 3132 2100 3172 ut
2132 3121 2174 3172 si
2204 3137 2343 3189 aeger
2371 3124 2508 3175 hunc
2533 3135 2782 3191 respuat,
2816 3125 3040 3177 alterum
3072 3128 3293 3194 accipiat
3319 3169 3332 3191 ,
3386 3137 3440 3181 et

1865 3211 1905 3260 si
1936 3210 2033 3261 hoc
2065 3227 2166 3261 non
2195 3211 2455 3275 admittat,
2486 3213 2624 3263 aliud
2655 3222 2858 3274 sumat,
2911 3216 2952 3266 si
3006 3215 3144 3268 hunc
3182 3218 3402 3284 repellat
3423 3258 3434 3278 .

1865 3300 2086 3352 alterum
2127 3301 2339 3368 deligat,
2380 3312 2434 3353 ut
2459 3303 2711 3354 varietate
2739 3303 3104 3359 difﬁcultatem
3135 3306 3436 3370 vincamus,

1866 3403 1927 3439 ae
1971 3390 2274 3442 diversitate
2327 3390 2629 3459 lautitiaque
2669 3407 2864 3445 mensa:
2892 3395 3050 3446 animi
3082 3394 3291 3449 fastidio
3320 3413 3434 3450 mc-

1867 3479 2083 3529 deamnr
2131 3497 2143 3530 :
2193 3481 2262 3531 ita
2303 3496 2440 3548 smpe
2483 3483 2532 3532 in
2579 3484 2834 3535 concione
2871 3483 3184 3545 faciendum,
3219 3488 3430 3553 quando

1870 3570 2155 3623 imbecilles
2187 3585 2387 3634 sumus,
2420 3571 2573 3638 longa
2605 3573 2914 3639 appoueuda
2949 3584 3026 3626 est
3051 3576 3250 3634 oratio,
3281 3577 3440 3628 variis

1869 3660 2296 3712 similitudinibus
2327 3670 2378 3711 et
2407 3663 2663 3729 exemplis
2696 3664 2967 3726 instructa,
3007 3673 3258 3730 apparatu
3283 3665 3438 3718 etiam

1869 3763 1930 3800 ac
1971 3749 2216 3815 periodis,
2249 3750 2469 3817 aliisque
2498 3752 2774 3816 similibus,
2826 3763 2880 3804 ut
2905 3769 2966 3806 ex
2994 3755 3236 3808 omnibus
3277 3757 3440 3809 facilis

1869 3838 2020 3889 nobis
2049 3839 2116 3891 sit
2145 3840 2408 3893 utiliorum
2439 3841 2694 3894 delectus.
2746 3843 2938 3895 Verum
2983 3844 3186 3899 etiamsi
3228 3847 3441 3914 grandis

1872 3941 2046 3979 sermo
2076 3936 2221 3981 esset
2249 3930 2616 3998 exillicatuque
2645 3931 2902 3994 difficilis,
2932 3949 3034 3985 non
3065 3943 3235 3988 tamen
3265 3936 3440 4003 priva-

1872 4017 1944 4069 vit
1971 4033 2061 4071 eos
2091 4019 2325 4072 doctrina
2357 4021 2420 4074 de
2449 4021 2830 4074 Melchisedeco
2877 4041 2891 4075 :
2939 4038 3056 4076 cum
3094 4025 3234 4077 cnim
3275 4027 3437 4090 dicit,

1875 4109 2092 4163 Grandis
2121 4121 2163 4163 et
2194 4114 2444 4179 explicata
2475 4114 2706 4181 difficilis,
2759 4128 2939 4166 eorum
2969 4115 3198 4168 studium
3225 4119 3440 4181 excitat,

1873 4216 1938 4253 ne
1965 4202 2027 4254 ad
2059 4203 2377 4255 audiendum
2403 4207 2671 4272 segniores
2697 4205 2802 4257 sint
2829 4223 2840 4256 :
2865 4220 2982 4258 cum
3011 4215 3186 4259 autem
3204 4222 3438 4262 mensam

1873 4293 2107 4360 apponit,
2137 4309 2320 4347 eorum
2352 4295 2613 4348 desiderio
2642 4295 2982 4362 gratificatur.

1941 4384 1993 4434 2.
2031 4384 2137 4436 Iloc
2175 4393 2227 4436 et
2266 4399 2359 4436 nos
2397 4385 2665 4437 faciamus.
2719 4385 2939 4438 Etiamsi
2993 4386 3057 4438 ad
3124 4387 3339 4455 pelagus
3388 4397 3440 4441 et

1873 4472 2190 4540 profundum
2238 4475 2616 4526 sententiarum
2668 4475 2962 4542 pertingere
3002 4490 3103 4528 non
3141 4478 3433 4543 possimus,

1873 4576 1969 4614 nos
2022 4562 2346 4616 confidenter
2392 4564 2520 4616 mari
2578 4565 3004 4628 committamus,
3072 4580 3176 4617 non
3245 4568 3440 4621 nostris

1874 4650 1986 4703 freti
2034 4652 2263 4715 viribus,
2323 4651 2412 4704 sed
2457 4655 2621 4721 gratia
2673 4653 2821 4705 nobis
2863 4669 3087 4721 superne
3126 4656 3244 4708 data
3285 4674 3299 4708 :
3334 4674 3438 4711 non

1877 4742 2060 4795 fiducia
2110 4752 2307 4805 nostra,
2351 4743 2442 4793 sed
2491 4743 2559 4794 ob
2609 4743 2887 4794 utilitatem
2932 4754 3156 4796 vestram
3187 4747 3444 4800 marinos

1874 4834 2283 4892 eounnittamus,
2336 4831 2434 4884 hac
2478 4832 2528 4883 in
2580 4848 2636 4884 re
2684 4833 2897 4885 Paulum
2952 4835 3236 4888 imitantes.
3293 4838 3444 4901 Quod

1873 4927 2013 4977 enim
2057 4940 2156 4976 non
2189 4924 2467 4991 privaverit
2493 4940 2582 4976 eos
2610 4940 2853 4977 sermone
2902 4925 2965 4978 de
3010 4926 3392 4982 Melchisedeco
3420 4969 3436 4994 ,

1874 5017 1992 5068 audi
2043 5016 2330 5082 sequentia.
2383 5014 2515 5067 Cum
2560 5030 2684 5081 ergo
2729 5015 2984 5077 dixisset,
3015 5035 3031 5066 ι
3061 5017 3132 5070 De
3160 5033 3262 5085 quo
3293 5019 3445 5073 nobis

1874 5105 2083 5172 grandis
2105 5114 2182 5155 est
2204 5119 2400 5168 sermo,
2417 5114 2465 5155 et
2487 5104 2749 5170 explicato
2769 5104 2992 5156 difficilis
3016 5124 3032 5155 ι
3056 5104 3237 5177 (Hebr.
3258 5109 3307 5161 5.
3333 5110 3442 5178 Η),

1876 5194 2140 5259 subjunxit
2193 5210 2203 5242 :
2258 5211 2276 5242 ι
2307 5193 2398 5244 llic
2446 5193 2582 5245 enim
2627 5192 3005 5256 Melchisedec,
3060 5210 3150 5248 rex
3198 5196 3434 5263 justitim,

1879 5283 2107 5347 itemque
2138 5297 2227 5332 rex
2266 5281 2460 5345 Salein,
2486 5281 2533 5332 id
2561 5290 2643 5334 est
2671 5297 2760 5333 rex
2795 5284 2956 5349 pacis,
2989 5283 3103 5336 sine
3130 5294 3297 5350 patre,
3330 5287 3444 5339 sine

1877 5384 2062 5432 matre,
2096 5374 2207 5424 sine
2229 5374 2551 5440 genealogia,
2583 5389 2755 5440 neque
2787 5373 2987 5425 initium
3017 5374 3244 5438 dierum,
3275 5390 3444 5443 neque

1880 5468 2032 5517 tinem
2082 5466 2199 5514 vitae
2248 5465 2463 5525 habens,
2510 5464 2826 5515 assimilatus
2851 5475 3025 5516 autem
3064 5463 3214 5526 Filio,
3267 5476 3447 5519 manet

1879 5554 2122 5604 «acerdos
2149 5553 2198 5603 in
2222 5564 2526 5618 perpetuum
2562 5571 2578 5602 ›
2614 5551 2791 5619 (Hebr.
2819 5554 2870 5605 7.
2902 5555 3039 5620 1-4).
3071 5552 3254 5606 Nonne
3283 5568 3444 5607 aures

1880 5655 2078 5694 vestras
2125 5641 2297 5703 feriit,
2345 5642 2468 5694 dum
2502 5643 2565 5694 de
2597 5641 2808 5696 homine
2856 5643 3074 5711 loquens
3117 5644 3266 5707 dixit,
3321 5643 3445 5698 Sine

1879 5741 2033 5799 patre,
2064 5733 2169 5782 sine
2210 5740 2383 5794 niutre,
2429 5732 2534 5783 sine
2570 5732 2896 5800 genealogia?
2947 5732 3144 5801 Ecquid
3185 5732 3326 5795 dico,
3376 5733 3443 5787 de

1879 5821 2132 5876 homine?
2164 5822 2290 5875 Nam
2318 5823 2448 5877 side
2484 5821 2614 5876 Filio
2663 5821 2946 5891 diceretur,
2999 5839 3170 5877 annon
3201 5836 3440 5890 magnam
