3990 6460
533 482 644 536 259

533 588 771 633 moveret
796 575 1184 646 qumslionem?
1231 573 1361 627 Nam
1405 572 1448 625 si
1479 571 1593 624 sine
1625 575 1796 638 patre,
1841 563 2108 635 quomodo

531 669 738 724 Filius?
782 669 836 723 Si
871 668 986 721 sine
1016 676 1205 731 matre,
1247 662 1512 733 quomodo
1561 657 1914 728 Unige-nitus?
1945 654 2111 708 Filius

534 761 674 814 enim
721 769 923 826 patrem
968 757 1160 810 habeat
1207 762 1437 822 oportet,
1482 751 1612 804 alias
1652 761 1780 802 vero
1826 745 1964 799 ﬁlius
2005 758 2110 796 non

532 850 708 902 fuerit.
732 846 837 902 Sed
881 848 995 900 sine
1038 855 1186 914 patre
1231 853 1285 897 et
1325 843 1440 896 sine
1475 849 1645 894 matre
1670 847 1752 892 est
1777 837 1942 891 Filius
1974 834 2105 895 Dei;

532 941 649 992 sine
679 949 851 1006 patre,
880 936 1168 990 secundum
1195 933 1476 996 infernam,
1520 931 1634 985 sine
1673 937 1862 991 matre,
1913 940 2107 980 secun-

531 1029 658 1081 dum
684 1042 970 1094 supernam
1008 1025 1424 1095 generationem.
1472 1021 1601 1074 Nam
1652 1034 1821 1087 neque
1867 1018 1918 1070 in
1970 1025 2107 1068 terra

531 1127 734 1187 patrem
765 1118 965 1180 habuit,
1013 1132 1183 1185 neque
1211 1117 1262 1169 in
1291 1115 1433 1168 caelis
1472 1121 1716 1165 matrem.
1765 1110 1888 1163 Sine
1931 1122 2111 1177 genea-

533 1211 690 1279 logia.
739 1210 967 1263 Audiant
997 1208 1050 1272 ii,
1094 1207 1183 1275 qui
1235 1204 1581 1259 substantiam
1627 1202 1743 1268 ejus
1778 1198 1984 1252 curiose
2017 1211 2108 1250 ex-

532 1299 762 1368 plorant.
794 1299 952 1366 Atqui
994 1297 1144 1361 illud,
1178 1296 1302 1349 Sine
1334 1291 1644 1364 genealogia,
1677 1298 1863 1359 putant
1890 1286 2106 1357 quidam

531 1389 596 1442 de
625 1402 854 1456 superna
883 1388 996 1454 ejus
1024 1385 1360 1453 generatione
1384 1383 1580 1436 dictum
1612 1395 1757 1434 esse.

603 1477 788 1532 Contra
816 1479 1099 1530 Anomteos.
1133 1473 1359 1527 Christus
1383 1471 1629 1540 quomodo
1664 1471 1768 1523 sine
1796 1467 2105 1538 genealogia.

528 1600 601 1615 υ-
630 1569 874 1624 llazretici
914 1583 1071 1636 porro
1109 1581 1280 1634 neque
1324 1567 1422 1619 hoc
1467 1563 1685 1626 volunt;
1717 1577 1836 1615 nam
1872 1571 1925 1614 et
1966 1561 2108 1613 illam

532 1659 743 1714 curiose
768 1658 1040 1725 inquirunt
1063 1671 1126 1710 ac
1162 1664 1492 1719 scrutantur;
1529 1652 1912 1706 moderatiores
1935 1659 2108 1703 autem

531 1766 599 1804 ex
633 1749 768 1812 illis,
799 1748 884 1801 illa
912 1761 1164 1801 concessa
1188 1788 1202 1810 ,
1233 1744 1299 1799 de
1325 1744 1422 1798 hac
1451 1753 1658 1798 terrena
1689 1741 1789 1794 dici
1828 1749 2013 1808 putant
2045 1740 2108 1792 il-

530 1838 643 1904 lud,
674 1837 799 1890 Sine
821 1837 1131 1907 genealogia.
1157 1834 1508 1889 Ostendamus
1529 1847 1654 1900 ergo
1678 1831 1745 1885 de
1771 1841 1995 1898 utraque
2019 1845 2111 1898 ge-

531 1928 804 1981 neratione
836 1926 935 1979 hoc
966 1925 1164 1979 dixisse
1190 1925 1431 1987 Paulum,
1461 1922 1527 1975 de
1551 1936 1776 1989 superna
1804 1935 1992 1988 nempe
2015 1957 2033 1981 ,
2057 1927 2111 1972 et

530 2018 598 2071 de
627 2027 858 2072 terrena.
885 2015 1014 2069 Nam
1043 2023 1097 2069 et
1126 2014 1214 2068 illa
1245 2012 1516 2067 tremenda
1549 2054 1573 2078 ν
1592 2020 1646 2064 et
1683 2010 1796 2064 haec
1825 2009 2107 2062 admodum

528 2123 721 2161 arcana
769 2117 873 2162 est.
900 2107 1230 2174 Quapropter
1269 2104 1429 2158 Isaias
1453 2104 1527 2157 ait
1552 2122 1565 2156 :
1598 2102 1974 2157 Generationem
2003 2101 2111 2163 eius

531 2199 641 2266 quis
668 2197 918 2249 enarrabit
944 2195 1095 2263 (lsai.
1130 2195 1216 2249 55.
1252 2193 1306 2264 8)
1329 2194 1352 2245 ?
1380 2193 1570 2246 Verum
1588 2233 1602 2256 ,
1635 2192 1842 2259 inquies
1865 2232 1884 2256 ,
1908 2191 1974 2244 de
2002 2205 2110 2243 ca:-

530 2288 649 2340 lesti
682 2287 767 2339 illa
795 2287 903 2354 agit
930 2284 1201 2354 propheta.
1233 2283 1366 2350 Quid
1393 2298 1517 2352 ergo
1561 2282 1798 2335 dicemus
1819 2281 1882 2334 de
1910 2280 2070 2333 Paulo
2089 2319 2110 2346 ,

529 2379 619 2446 qui
664 2389 938 2446 postquam
979 2377 1109 2430 duas
1154 2375 1522 2444 generationes
1565 2380 2113 2434 commemoraverat,

530 2469 657 2524 illud
687 2468 956 2537 subjunxit
979 2485 991 2520 :
1016 2467 1140 2520 Sine
1159 2466 1491 2537 genealogia?
1515 2463 1585 2519 Ut
1614 2478 1716 2518 non
1743 2463 1898 2516 modo
1923 2476 2110 2516 secun-

530 2558 657 2612 dum
687 2558 830 2611 illam
874 2556 1270 2625 generationem
1294 2593 1308 2620 ,
1340 2568 1442 2623 qua
1472 2554 1586 2607 sine
1626 2560 1797 2605 matre
1836 2561 1949 2605 erat
1973 2591 1986 2612 ,
2015 2549 2116 2605 sed

533 2650 692 2704 etiam
714 2647 1003 2701 secundum
1033 2648 1171 2700 hanc
1201 2655 1462 2700 terrenam
1484 2684 1497 2710 ,
1521 2659 1623 2714 qua
1647 2645 1761 2698 sine
1784 2654 1932 2712 patre
1956 2651 2069 2696 erat
2092 2682 2107 2707 ,

530 2739 675 2793 illum
707 2740 821 2792 sine
846 2736 1153 2806 genealogia
1179 2750 1296 2789 esse
1324 2735 1573 2789 crederes
1599 2752 1610 2786 :
1637 2733 1755 2789 ideo
1781 2749 1900 2787 cum
1927 2733 2109 2786 ambas

530 2829 832 2899 posuisset,
860 2837 985 2881 tunc
1028 2827 1193 2892 dixit,
1223 2825 1346 2879 Sine
1392 2825 1701 2894 genealogia.
1745 2824 1952 2877 Etenim
1998 2825 2111 2877 hmo

532 2928 740 2973 terrena
781 2917 1328 2985 incomprehensibilis
1355 2925 1472 2979 est,
1497 2925 1553 2968 nt
1580 2916 1842 2968 caelestem
1874 2915 2015 2966 illam
2043 2927 2110 2966 ne

530 3010 747 3080 quidem
780 3008 1040 3076 inSpicere
1065 3006 1374 3059 audeamus.
1404 3003 1535 3058 Nam
1565 3005 1608 3057 si
1639 3003 1897 3057 vestibula
1928 3003 2108 3070 templi

532 3101 602 3154 ita
633 3099 904 3154 tremenda
926 3107 979 3152 et
1003 3099 1270 3151 inaccessa
1297 3104 1465 3158 erant,
1487 3093 1553 3147 ad
1579 3094 1736 3162 adyta
1763 3093 1881 3162 quis
1908 3093 2110 3162 ingredi

529 3205 692 3244 ausus
717 3190 894 3243 esset?
921 3189 1070 3254 Quod
1099 3203 1126 3239 a
1161 3189 1316 3240 Patre
1340 3187 1550 3256 genitus
1578 3185 1647 3239 sit
1674 3187 1815 3250 novi,
1844 3185 2109 3255 quomodo

531 3289 706 3333 autem
739 3279 937 3332 nescio.
969 3277 1118 3344 Quod
1145 3292 1175 3330 a
1201 3277 1404 3346 virgine
1428 3284 1583 3329 natus
1611 3276 1678 3328 sit
1705 3275 1825 3329 novi
1844 3315 1860 3337 ,
1896 3275 2108 3329 modum

531 3382 706 3424 autem
735 3387 904 3439 neque
931 3371 1018 3424 hic
1045 3373 1216 3437 capio.
1239 3369 1469 3436 Utraque
1487 3367 1760 3436 generatio
1785 3368 1839 3421 in
1866 3367 2111 3422 confesso

530 3468 631 3519 est,
658 3469 711 3512 et
733 3459 1003 3526 utriusque
1031 3458 1219 3510 modus
1246 3466 1464 3510 tacetur.
1495 3456 1562 3508 Et
1585 3457 1720 3509 sicut
1748 3456 1832 3508 hie
1853 3456 1919 3508 de
1948 3457 2111 3524 virgi-

531 3563 618 3611 ne,
639 3549 887 3616 ignorans
910 3547 1174 3616 quomodo
1199 3563 1265 3602 ex
1286 3546 1486 3616 virgine
1516 3555 1670 3600 natus
1692 3545 1779 3610 sit,
1802 3545 1971 3613 ipsum
1991 3559 2109 3600 esse

531 3649 710 3693 natum
742 3639 998 3694 confiteor
1021 3681 1035 3704 ,
1066 3654 1238 3706 neque
1282 3654 1393 3692 rem
1441 3637 1566 3690 tollo
1611 3646 1826 3705 propter
1864 3637 2110 3705 ignoran-

531 3733 657 3785 tiam
684 3751 696 3784 :
723 3732 792 3784 ita
823 3741 877 3785 et
908 3740 962 3783 tu
989 3730 1071 3783 fac
1098 3729 1162 3783 de
1191 3730 1365 3789 Patre,
1388 3729 1487 3782 etsi
1517 3745 1618 3781 non
1653 3726 1862 3780 noveris
1888 3740 2110 3795 quomo-

531 3821 599 3874 do
625 3822 830 3889 genitus
857 3820 924 3873 sit
951 3820 1016 3872 ab
1043 3834 1106 3872 eo
1128 3819 1311 3879 Filius,
1337 3817 1592 3871 conlitere
1621 3827 1812 3870 tamen.
1843 3816 1896 3870 Si
1921 3816 2112 3870 dixerit

534 3910 627 3963 tibi
660 3909 961 3972 luereticus,
989 3907 1266 3975 Quomodo
1291 3907 1500 3976 genitus
1526 3915 1606 3960 est
1634 3922 1700 3959 ex
1722 3905 1876 3959 Patre
1904 3905 2110 3959 Filius?

533 4002 649 4070 ejus
680 4003 870 4054 fastum
900 4000 953 4052 in
980 4007 1174 4052 terram
1200 3998 1437 4066 deprime
1461 4037 1480 4061 ,
1507 4005 1560 4050 et
1585 3996 1670 4050 dic
1699 3996 1771 4049 illi
1797 4015 1810 4049 :
1841 3996 2112 4051 Descende

533 4093 602 4148 de
645 4092 824 4155 cmlis,
854 4100 907 4145 et
935 4090 1157 4144 ostende
1195 4089 1458 4156 quomodo
1501 4098 1651 4142 natus
1695 4102 1759 4142 ex
1790 4087 1990 4156 virgine
2017 4130 2029 4152 ,
2059 4095 2114 4142 et

535 4191 660 4236 tunc
696 4181 762 4234 ad
805 4180 888 4233 illa
916 4179 1142 4247 respit-e.
1178 4179 1360 4232 Detine
1401 4179 1570 4246 ipsum
1596 4217 1610 4240 ,
1642 4188 1694 4231 et
1723 4177 1980 4231 conclude
2003 4217 2018 4243 ,
2047 4192 2113 4232 ne

532 4265 677 4326 sinas
712 4272 934 4335 resilire,
960 4280 1015 4324 et
1039 4271 1094 4323 in
1127 4268 1481 4338 labyrinthum
1509 4269 1905 4323 ratiociniorum
1935 4284 2115 4339 regre-

533 4361 622 4423 di,
651 4361 744 4414 sed
773 4359 950 4414 detiue
989 4368 1042 4414 et
1069 4357 1266 4412 suifoca
1291 4399 1305 4422 ,
1337 4373 1441 4412 non
1470 4373 1628 4412 manu
1652 4399 1667 4422 ,
1699 4357 1794 4412 sed
1831 4361 2012 4414 verbo.
2038 4358 2115 4414 Ne

534 4452 631 4506 des
678 4451 747 4504 illi
787 4450 1090 4504 dilationem
1135 4457 1191 4502 ut
1228 4448 1442 4517 effugiat
1483 4463 1587 4516 quo
1630 4448 1773 4502 velit.
1807 4447 1939 4502 l-linc
1972 4449 2111 4502 enim

538 4540 818 4594 tumultum
848 4539 1078 4593 excitant
1099 4539 1235 4593 inter
1253 4538 1647 4606 disputandum,
1676 4539 1796 4606 quia
1824 4553 1920 4591 nos
1941 4539 2114 4607 sequi.

534 4645 652 4684 mur
678 4632 794 4684 illos
815 4670 828 4694 ,
859 4645 1031 4699 neque
1061 4628 1369 4683 abducimus
1392 4644 1484 4683 eos
1511 4628 1610 4684 sub
1637 4630 1782 4698 leges
1822 4630 2114 4683 divinarum

538 4714 952 4782 Scriptum-um.
978 4713 1182 4768 Murum
1211 4715 1309 4784 ipsi
1330 4713 1560 4784 undique
1586 4715 1946 4784 circumpone,
1972 4715 2116 4768 testi-

537 4806 711 4859 monia
732 4805 1139 4873 Scripturarum,
1153 4821 1214 4861 ac
1234 4821 1300 4860 ne
1319 4807 1524 4860 hiscere
1543 4806 1751 4875 quidem
1776 4806 1991 4876 poterit.
2003 4807 2113 4870 Dic,

535 4895 799 4966 quomodo
839 4903 990 4948 natus
1017 4904 1098 4948 est
1127 4911 1193 4949 ex
1221 4896 1423 4967 virgine
1443 4897 1464 4949 ?
1484 4894 1600 4950 Non
1624 4897 1843 4966 gradum
1886 4910 2075 4950 revoco
2098 4936 2112 4962 ,

538 5002 641 5040 non
665 4985 873 5040 recedo.
900 4984 1090 5039 Verum
1109 4999 1211 5038 non
1234 4986 1422 5055 poterit
1441 4987 1593 5042 nobis
1613 4987 1824 5041 modum
1845 5001 2115 5054 enarrare,

537 5081 637 5132 etsi
659 5080 955 5134 sexcenties
980 5077 1031 5132 id
1056 5077 1354 5132 contendat.
1385 5079 1520 5132 Cum
1543 5079 1685 5133 enim
1713 5080 1850 5133 Deus
1879 5078 2119 5134 occluse-

540 5169 627 5225 rit.
649 5168 765 5236 quis
785 5177 967 5237 postea
989 5168 1226 5237 aperiat?
1247 5167 1371 5222 llaec
1395 5168 1504 5221 sola
1534 5178 1755 5236 possunt
1773 5168 1873 5224 [ide
1896 5169 2113 5238 percipi.

540 5258 594 5313 Si
629 5273 783 5326 porro
807 5273 1056 5327 nequeas,
1079 5257 1172 5312 sed
1191 5257 1461 5312 ratiocinia
1481 5272 1707 5327 quaeras,
1731 5257 1781 5311 id
1809 5258 1900 5311 tibi
1921 5257 2115 5322 dicam,

541 5349 679 5419 quod
710 5349 952 5401 Christus
982 5347 1269 5402 Nicodcmo
1291 5368 1303 5401 :
1327 5349 1386 5403 Si
1409 5357 1604 5402 terrena
1626 5348 1733 5400 dixi
1760 5348 1913 5412 vobis,
1942 5360 1988 5402 et
2019 5367 2119 5403 non

540 5440 742 5493 creditis
767 5480 781 5503 ,
812 5438 1060 5507 quomodo
1100 5438 1143 5490 si
1171 5439 1345 5491 dixero
1373 5439 1591 5492 ca’lestia
1618 5438 1825 5491 credetis
1853 5436 2031 5506 (Joan.
2060 5440 2112 5494 5.

543 5531 672 5600 12)?
701 5531 770 5583 De
812 5539 928 5581 ortu
957 5545 1021 5582 ex
1052 5528 1252 5597 virgine
1293 5529 1401 5583 dixi
1426 5571 1442 5595 ,
1471 5538 1525 5584 et
1555 5545 1660 5583 non
1704 5529 1952 5599 intelligis
1973 5571 1987 5594 ,
2019 5546 2119 5589 nec

541 5621 748 5676 hiscere
772 5621 935 5674 audes
959 5661 974 5686 ,
1007 5630 1058 5674 et
1087 5630 1261 5674 tamen
1292 5633 1571 5688 supernam
1602 5621 1993 5690 generationem
2023 5636 2118 5676 cu-

545 5715 686 5765 riose
726 5711 992 5781 exploras.
1022 5713 1194 5781 Atque
1230 5711 1429 5765 utinam
1464 5712 1652 5766 crelum
1683 5721 1918 5778 tantum;
1947 5713 2038 5768 sed
2067 5724 2120 5767 tu

544 5797 704 5856 Clietu
731 5802 978 5858 ostiorum
1010 5802 1292 5857 Dominum
1322 5801 1526 5856 curiose
1561 5788 1788 5858 rimaris.
1830 5805 1890 5860 Si
1909 5815 2123 5860 “terrena

979 457 1035 512 S.
1076 453 1266 509 JOAN.
1307 449 1678 507 CHRYSOST.
1722 446 2034 503 ARCHIEP.
2076 442 2608 500 CONSTANTINOP.
2648 443 2733 496 DE
2773 443 3310 502 MliLClllSEDECO.

3685 471 3793 521 2(ῑο

2222 561 2331 616 dixi
2355 562 2490 616 vobis
2509 603 2523 627 ,
2550 573 2595 616 et
2624 579 2722 615 non
2748 563 2966 616 creditis.
2994 563 3106 617 Non
3145 563 3315 630 dixit,
3345 563 3461 619 Non
3502 581 3784 634 persuade-

2217 652 2380 716 mini,
2410 652 2502 706 sed
2528 692 2544 717 ,
2575 652 2697 705 Non
2727 653 2951 718 creditis;
2974 653 3256 707 ostendens
3282 654 3435 708 nobis
3458 693 3474 719 ,
3506 654 3549 706 si
3580 663 3791 708 terrena

2217 742 2318 796 fide
2361 759 2494 812 opus
2521 743 2788 808 habeant,
2813 746 2978 799 multo
3027 745 3192 815 magis
3230 745 3481 799 caelesua.
3525 745 3639 799 Etsi
3669 754 3792 801 tunc

2214 833 2501 888 Nicodemo
2529 834 2596 888 de
2624 845 2775 903 partu
2804 835 3108 903 loqueretur
3139 835 3293 904 longe
3326 836 3569 900 minore;
3598 835 3667 890 de
3696 836 3792 889 bac

2215 924 2459 990 ptismate
2499 937 2729 992 namque
2774 937 2949 977 sermo
2993 931 3138 987 erat,
3187 933 3241 978 et
3279 923 3347 977 de
3388 925 3794 992 regeneratione

2213 1013 2468 1080 spirituali
2496 1032 2507 1066 :
2534 1013 2626 1066 sed
2659 1014 2832 1081 palam
2860 1023 2940 1067 est
2966 1028 3024 1068 ea
3066 1015 3224 1067 etiam
3267 1014 3370 1068 ﬁde
3405 1029 3522 1068 esse
3551 1030 3797 1083 compre—

2215 1101 2510 1156 hensibilia.
2540 1102 2763 1155 Terrena
2788 1113 2963 1157 autem
2995 1104 3082 1160 illa
3111 1106 3344 1170 vocavit,
3375 1107 3478 1158 non
3506 1106 3651 1174 quod
3684 1117 3796 1160 ter-

2213 1207 2341 1246 rena
2369 1208 2494 1247 vere
2519 1193 2622 1246 sint
2642 1234 2656 1257 ,
2687 1193 2778 1247 sed
2818 1194 2954 1262 quod
2988 1195 3038 1247 in
3073 1203 3210 1248 terra
3239 1204 3712 1260 consummentur,
3746 1205 3800 1248 et

2213 1283 2608 1350 comparatione
2637 1283 2776 1336 illius
2802 1283 3099 1349 iuefl‘abilis,
3122 1293 3177 1338 et
3203 1300 3417 1339 omnem
3443 1295 3679 1340 mentem
3703 1302 3798 1340 su-

2213 1373 2447 1440 perantis
2473 1373 2829 1441 generationis
2852 1415 2867 1436 ,
2902 1376 3014 1427 haec
3043 1375 3149 1427 sint
3178 1383 3406 1430 terrena.
3441 1374 3496 1430 Si
3526 1391 3658 1446 ergo
3689 1392 3796 1431 non

2214 1471 2388 1531 potest
2414 1464 2630 1532 intelligi
2657 1504 2671 1527 ,
2698 1478 2803 1532 quo
2829 1472 2982 1532 pacto
3013 1479 3078 1518 ex
3101 1467 3250 1533 aquis
3274 1480 3674 1534 regeneremur,
3704 1468 3798 1521 sed

2214 1553 2323 1606 sola
2354 1552 2454 1606 [ide
2480 1553 2530 1607 id
2555 1554 2825 1621 percipere
2849 1562 3110 1622 oporteat,
3143 1569 3314 1622 neque
3340 1555 3556 1608 modum
3583 1558 3801 1610 curiose

2215 1644 2490 1710 explorare
2513 1660 2527 1697 :
2553 1652 2761 1712 quantae
2792 1643 3010 1697 insania:
3040 1643 3198 1698 fuerit
3225 1645 3291 1698 de
3317 1660 3546 1712 superna
3571 1662 3804 1716 genera—

2217 1733 2357 1786 tione
2378 1733 2629 1802 unigcniti
2647 1732 2764 1786 Filii
2789 1733 3014 1786 humana
3033 1735 3303 1788 ratiocinia
3325 1751 3562 1802 movere,
3578 1749 3634 1792 et
3654 1740 3800 1792 modi

2214 1825 2572 1893 generationis
2589 1826 2820 1878 rationes
2839 1826 3122 1893 expetere?
3143 1826 3418 1892 Quomodo
3439 1828 3554 1881 sine
3579 1838 3730 1897 patre
3749 1841 3806 1883 et

2215 1918 2331 1968 sine
2361 1925 2527 1968 matre
2555 1915 2644 1968 Dei
2676 1915 2859 1980 Filius,
2879 1923 2931 1969 et
2955 1916 3219 1986 quomodo
3240 1917 3353 1972 sine
3373 1917 3688 1988 genealogia
3707 1919 3799 1981 sit,

2214 2009 2344 2062 satis
2369 2007 2791 2062 demonstratum
2819 2017 2919 2062 est.

2284 2099 2336 2153 ὅ.
2369 2097 2472 2154 Sed
2516 2101 2763 2167 quoniam
2810 2098 2961 2152 multi
3012 2113 3116 2152 non
3166 2099 3520 2169 intelligentes
3566 2115 3689 2169 qua:
3731 2101 3801 2156 de

2215 2187 2597 2244 Melchisedcco
2617 2191 2809 2256 scripta
2840 2197 2980 2251 sunt,
3006 2189 3177 2257 ipsum
3203 2189 3360 2241 etiam
3391 2188 3606 2242 Christo
3633 2189 3802 2258 majo—

2213 2295 2325 2333 rem
2356 2293 2472 2334 esse
2501 2280 2765 2343 dixerunt,
2797 2279 3145 2347 hreresimque
3172 2280 3589 2343 constituerunt,
3619 2289 3676 2334 et
3699 2296 3806 2334 vo-

2214 2378 2401 2423 cantur
2439 2368 2876 2423 Melchisedecita:
2907 2367 2982 2440 (a)
3008 2410 3023 2435 ,
3055 2371 3313 2438 nobisque
3341 2371 3717 2437 contendunt,
3747 2381 3804 2426 et

2216 2471 2486 2530 pugnant,
2521 2462 2690 2529 ipsum
2735 2475 2854 2516 esse
2895 2459 3106 2515 Christo
3143 2462 3397 2530 majorem
3423 2503 3437 2527 ,
3462 2462 3594 2517 illud
3630 2463 3810 2516 addu—

2214 2561 2395 2607 centes
2415 2594 2428 2615 ,
2461 2552 2536 2605 Tu
2567 2571 2618 2606 es
2641 2553 2872 2606 sacerdos
2908 2553 2962 2606 in
2998 2563 3236 2606 teternum
3269 2555 3545 2609 secundum
3570 2557 3802 2610 ordinem

2215 2643 2551 2698 Melchisedec
2596 2645 2934 2713 (Psat.109.
2963 2646 3020 2715 4)
3055 2665 3067 2699 :
3111 2645 3212 2700 illis
3255 2661 3466 2715 quoque
3513 2662 3803 2703 occurrere

2215 2744 2445 2801 oportet.
2479 2735 2667 2788 Dicunt
2691 2736 2832 2788 enim
2862 2734 3178 2801 :Quomodo
3206 2751 3310 2788 non
3342 2735 3499 2790 fuerit
3529 2737 3616 2791 ille
3641 2737 3796 2795 Chri-

2213 2833 2297 2877 διο
2341 2824 2550 2892 major,
2579 2824 2870 2879 secundum
2919 2825 3072 2894 cujus
3118 2826 3398 2895 imaginem
3449 2837 3504 2880 et
3553 2828 3798 2882 ordinem

2213 2913 2452 2967 Christus
2475 2915 2825 2971 sacerdotium
2843 2917 3089 2971 exercet?
3107 2916 3216 2971 Nos
3231 2932 3358 2987 ergo
3380 2917 3605 2972 dicimus
3625 2918 3798 2986 ipsum

2215 3005 2481 3058 hominem
2529 3021 2686 3069 esse,
2723 3008 2941 3074 perinde
2985 3019 3146 3077 atque
3186 3024 3283 3063 nos
3322 3010 3659 3076 passionibns
3700 3011 3804 3063 ob-

2216 3095 2428 3148 noxium
2452 3137 2465 3156 ,
2496 3111 2594 3148 nec
2621 3097 2878 3165 majorem
2906 3096 3114 3152 Christo
3136 3140 3149 3163 ,
3186 3100 3292 3152 imo
3331 3115 3430 3154 nec
3455 3101 3663 3155 Joanne
3703 3102 3804 3157 Ba-

2215 3187 2406 3256 ptista;
2436 3187 2606 3257 Major
2632 3189 2775 3241 enim
2815 3189 2904 3241 illo
2927 3229 2942 3254 ,
2976 3190 3143 3258 inquit
3178 3188 3422 3245 Christus
3448 3231 3464 3255 ,
3497 3191 3630 3244 inter
3656 3202 3802 3246 natos

2215 3278 2482 3330 mulierum
2523 3294 2624 3330 non
2663 3279 2882 3331 surrexit
2922 3278 3129 3349 (Matth.
3163 3281 3396 3350 iLH).
3439 3282 3544 3336 Alii
3588 3298 3800 3338 rursum

2214 3377 2456 3422 errantes
2482 3369 2662 3421 dicunt
2691 3369 2861 3436 ipsum
2887 3384 3005 3423 esse
3031 3370 3282 3438 Spiritum
3307 3383 3550 3426 sanetum
3580 3373 3678 3443 (b);
3708 3374 3801 3428 sed

2215 3455 2316 3510 hoc
2362 3470 2466 3508 non
2506 3457 2734 3510 dicimus
2779 3471 2896 3511 nos.
2935 3457 3066 3512 Nam
3111 3474 3228 3526 quae
3270 3462 3566 3516 necessitas
3610 3461 3802 3518 fuisset

2214 3544 2444 3600 Verbum
2477 3545 2570 3599 Dei
2611 3546 2871 3601 incarnari
2897 3587 2911 3612 ,
2944 3547 2987 3601 si
3011 3547 3118 3615 jam
3158 3549 3287 3602 olim
3324 3549 3555 3619 Spiritus
3583 3562 3806 3607 sanctus

2215 3635 2374 3690 homo
2403 3636 2572 3689 factus
2602 3634 2828 3689 fuisset?
2856 3637 2986 3702 Quia
3033 3653 3160 3691 vero
3204 3652 3302 3692 nec
3347 3640 3518 3709 major
3541 3641 3762 3696 Christo
3785 3685 3801 3707 ,

2218 3743 2314 3781 nec
2336 3729 2562 3796 Spiritus
2590 3738 2806 3783 sanctus
2836 3741 2915 3783 est
2940 3772 2955 3796 ,
2983 3731 3160 3784 dicant
3189 3731 3352 3785 nobis.
3371 3733 3450 3786 illi
3471 3775 3486 3798 ,
3516 3734 3669 3803 cujus
3697 3736 3801 3790 loci

2217 3819 2390 3888 ipsum
2430 3835 2549 3875 esse
2595 3829 2864 3875 statuant:
2895 3837 2958 3876 an
2990 3823 3260 3877 caelestis?
3288 3840 3356 3877 an
3397 3827 3667 3880 terreSIris
3687 3827 3711 3880 ?
3735 3845 3804 3883 an

2216 3911 2590 3964 subterranei?
2619 3909 2674 3964 Si
2703 3925 2829 3980 ergo
2852 3912 3031 3966 dicant
3056 3913 3499 3968 Melchisedecum
3531 3917 3614 3971 vel
3636 3932 3667 3971 e
3693 3932 3806 3972 cte-

2219 4000 2429 4055 lestium
2477 4016 2736 4068 numero,
2768 4003 2852 4057 vel
2898 4004 3031 4057 alius
3069 4005 3448 4074 cujuscumque
3494 4007 3594 4061 loci
3641 4023 3805 4075 esse,

2217 4090 2434 4143 audiant
2472 4090 2618 4144 illum
2662 4106 2799 4160 genu
2839 4091 3053 4147 flectere
3088 4094 3300 4148 Christo
3324 4135 3340 4159 ,
3363 4095 3452 4163 qui
3494 4096 3806 4153 incarnatus

2217 4189 2300 4235 est
2327 4196 2392 4235 ex
2434 4181 2654 4250 Deipara
2695 4182 2876 4236 Maria.
2905 4183 2991 4237 Ait
3018 4185 3156 4239 enim
3173 4185 3452 4254 Apostolus
3474 4205 3488 4238 :
3513 4187 3630 4255 Ipsi
3655 4204 3806 4240 omne

2218 4288 2346 4340 genu
2377 4273 2738 4340 ﬂectetur,etc.
2768 4272 3023 4344 (Philipp.
3049 4274 3103 4326 2.
3129 4275 3246 4343 10)..
3264 4276 3319 4330 Si
3351 4289 3510 4329 omne
3539 4291 3678 4344 genu
3711 4276 3808 4331 fle-

2219 4365 2398 4429 ctitur,
2435 4379 2562 4419 sane
2589 4364 2941 4419 Melchisedec
2970 4365 3179 4419 Christo
3209 4367 3382 4419 minor
3405 4366 3584 4431 fuerit,
3612 4366 3808 4422 adorat

2220 4456 2358 4507 enim
2391 4453 2682 4507 Christum.
2710 4454 2763 4508 Si
2794 4454 3030 4508 infelices
3059 4454 3133 4507 illi
3162 4469 3224 4508 ac
3252 4456 3430 4509 miseri
3466 4471 3528 4510 ea
3558 4472 3677 4524 qua:
3715 4473 3808 4511 se-

2219 4551 2451 4609 quuntur
2471 4542 2834 4608 considerent;
2855 4557 2976 4596 nam
3005 4543 3290 4613 subjungit,
3317 4545 3639 4598 Assimilatus
3665 4544 3808 4601 Filio

2218 4635 2313 4688 Dei
2340 4633 2518 4704 (Hebr.
2543 4635 2592 4687 7.
2619 4635 2676 4704 5)
2700 4653 2711 4686 ;
2738 4633 2807 4687 ita
2835 4634 3231 4703 intelligendum
3254 4643 3354 4699 est,
3385 4636 3555 4704 ipsum
3583 4651 3807 4705 nempe,

2217 4725 2442 4795 perinde
2468 4735 2623 4793 atque
2655 4739 2770 4789 nos,
2790 4724 2854 4778 ad
2887 4725 3167 4794 imaginem
3197 4734 3248 4779 et
3271 4725 3679 4780 similitudinem
3713 4727 3806 4781 Dei

2218 4815 2416 4870 factum
2446 4816 2624 4869 fuisse.
2653 4814 2820 4869 Judzei
2865 4830 3026 4884 porro
3049 4815 3230 4868 dicunt
3266 4816 3436 4884 ipsum
3465 4830 3532 4868 ex
3575 4818 3809 4869 fornica-

2221 4907 2367 4962 tione
2396 4898 2574 4961 natum
2605 4921 2724 4961 esse
2765 4907 2836 4978 (c)
2863 4947 2882 4974 ,
2909 4907 3133 4976 ideoque
3162 4908 3277 4961 sine
3299 4908 3604 4977 genealogia
3638 4924 3762 4964 esse
3792 4927 3806 4973 ;

2220 5000 2413 5067 quibus
2438 5013 2535 5052 nos
2563 4997 2800 5052 dicemus
2823 5039 2837 5062 ,
2869 4998 3008 5067 quod
3045 4999 3140 5067 ipsi
3172 5013 3450 5067 perperam
3494 4999 3804 5069 loquantur.

2223 5090 2431 5144 Etenim
2455 5089 2772 5152 Salomonis,
2801 5090 2890 5158 qui
2917 5104 2985 5143 ex
3015 5089 3253 5144 adultera
3285 5089 3425 5145 Uria:
3454 5106 3623 5144 uxore
3650 5103 3806 5144 natus

2287 5201 2360 5261 (η)
2394 5199 2899 5262 neuelchisedecitis,
2925 5212 3048 5260 quos
3063 5209 3397 5262 Μιλχισιδυιιιινοῦ(
3422 5209 3566 5250 vocat
3605 5201 3807 5262 Epipha—

2222 5260 2352 5318 nius,
2397 5260 2508 5323 vide
2547 5261 2685 5323 apud
2717 5261 2872 5320 ipsum
2906 5263 3089 5323 tlteresi
3133 5260 3212 5317 35.
3244 5261 3309 5309 al.
3463 5277 3512 5323 p.
3684 5260 3805 5310 edit.

2225 5331 2408 5378 Petam,
2433 5321 2540 5382 qua:
2563 5322 2756 5369 omnino
2773 5335 2879 5368 cum
2906 5322 2984 5370 bis
3002 5331 3259 5371 consonant
3277 5338 3289 5380 ;
3307 5324 3369 5372 de
3394 5321 3478 5371 illo
3492 5325 3640 5371 etiam
3651 5322 3805 5370 Theo-

2223 5385 2440 5458 dot-etus,
2479 5385 2697 5431 ttwretic.
2731 5383 2892 5430 Fabul.
2934 5383 2966 5430 L
3002 5385 3073 5438 11,
3114 5397 3155 5431 c.
3181 5385 3238 5442 6,.
3263 5392 3393 5433 Joan.
3441 5392 3651 5431 liatnasc.
3701 5390 3807 5432 Ha}

2226 5447 2477 5566 ηῖὶῖῡριιὶ
2500 5503 2693 5552 dicebat
2726 5505 3123 5554 Melcltisedecum
3168 5518 3281 5554 esse
3319 5506 3540 5566 Spiritqu
3585 5512 3807 5554 sanctum

2228 5574 2334 5618 erat
2357 5568 2546 5622 Hierax,
2577 5571 2706 5613 teste
2730 5567 2982 5628 Epiphanio
3017 5567 3068 5614 in
3105 5574 3226 5615 Ilazr.
3262 5566 3805 5614 Melchisetlecianorum

2227 5642 2274 5691 ν’
2293 5629 2530 5751 (4:)?me
2545 5699 2657 5751 mox
2681 5687 2872 5751 dicitur,
2906 5700 3086 5751 nempe
3119 5687 3523 5751 .Iudaeos‘dixisse
3547 5686 3810 5751 Melchise-

2229 5746 2401 5799 decum
2422 5762 2485 5796 ex
2509 5747 2824 5812 fornicatione
2861 5746 3211 5812 natum-fuisse,
3247 5746 3406 5812 refert
3426 5752 3571 5800 etiam
3601 5749 3806 5812 rpij-ba.

2234 5815 2342 5863 nius
2363 5813 2410 5861 in
2438 5809 2613 5859 tlteresi
2636 5809 3168 5859 Mclchisedecianorum
3187 5825 3232 5872 ιι.
3261 5810 3365 5857 473.
