3990 6450
168 467 291 523 259

166 570 443 636 εΙρήνης,
492 570 764 638 ἀπάτωρ,
808 572 1076 640 ἀμήτωρ,
1136 571 1628 641 ἀγενεαλόγητος,
1672 569 1823 638 μήτε

163 651 374 722 ἀρχὴν
401 653 634 720 ἡμερῶν
654 656 826 721 ἔχων,
853 655 1004 722 μήτε
1025 655 1199 716 τέλος
1237 652 1405 720 ζωῆς,
1449 651 1823 721 ἀφωμοιωμέ-

163 738 284 784 voc
311 720 380 772 δὲ
407 722 484 786 τῷ
525 722 628 786 Υίῴ
652 720 755 775 τοῦ
791 720 959 788 Θεοῦ,
995 724 1162 791 μένει
1202 723 1394 790 ἱερεὺς
1424 720 1509 788 είς
1537 723 1602 774 τὸ
1630 722 1824 786 διηνε-

166 806 297 870 κές.
326 802 450 873 τΑρ¹
475 809 533 858 οὐ
567 809 851 872 κατέξανεν
877 810 1027 879 ὐμῶν
1043 810 1140 871 τὰς
1169 810 1358 871 ἀκοὰς,
1385 809 1510 878 περὶ
1540 807 1824 878 ἀνθρώπου

166 891 552 962 διαλεγόμενος
582 897 671 947 καὶ
693 896 882 962 λέγων,
929 897 1200 962 Ἀπάτωρ,
1224 895 1481 964 ἀμήτωρ,
1507 897 1826 962 ἀγενεαλό-

163 995 389 1045 αητοςς
424 982 530 1032 Καὶ
557 982 608 1033 τί
632 982 773 1048 λέγω
813 982 942 1051 περὶ
984 981 1302 1050 ἁνθρὼπου;
1334 983 1394 1032 Εἰ
1437 982 1544 1050 γὰρ
1579 981 1703 1048 περὶ
1735 980 1826 1032 τοῦ

172 1063 307 1116 Υίοῦ
337 1067 545 1134 λέγοιτο
578 1069 754 1130 τοῦτο,
802 1069 899 1120 οὐκ
924 1069 988 1121 ἂν
1019 1068 1214 1138 πολλὴν
1255 1069 1344 1120 καὶ
1370 1067 1537 1130 οὕτως
1574 1067 1827 1136 παράσχῃ

171 1151 434 1220 ζήτησινς
467 1156 525 1208 Εἰ
552 1156 654 1226 γάρ
677 1157 921 1224 ἀπάτωρ,
945 1156 1060 1218 πῶς
1090 1158 1244 1218 Υἱόςς
1279 1159 1338 1208 Εἰ
1358 1157 1412 1208 δὲ
1436 1158 1684 1225 ἀμήτωρ,
1714 1157 1829 1217 πῶς

170 1238 517 1307 Μονογενής;
561 1243 618 1292 ’0
641 1243 746 1312 7&9
774 1243 885 1304 υἱὸς
922 1243 1123 1310 ὀφείλει
1147 1244 1359 1312 πατέρα
1390 1243 1552 1311 ἔχειν,
1583 1244 1703 1294 ἐπεὶ
1732 1243 1829 1294 οὐκ

172 1325 242 1374 ἂν
270 1325 356 1393 εἴη
386 1327 517 1390 υίός.
569 1329 725 1380 Ἀλλά
764 1330 856 1381 καὶ
885 1331 1112 1398 ἀπάτωρ
1142 1331 1287 1381 ἐστίν
1317 1333 1344 1380 ὁ
1386 1330 1512 1390 Υἱὸς
1551 1328 1643 1380 τοῦ
1673 1328 1824 1392 Θεοῦ,

170 1411 267 1462 καὶ
305 1413 534 1482 ἀμήτωρ
555 1431 568 1443 ·
611 1416 836 1484 ἀπάτωρ
863 1415 960 1482 τὴν
997 1416 1148 1466 κάτω
1173 1416 1444 1484 γέννησιν,
1477 1416 1706 1484 ἀμήτωρ
1734 1414 1830 1484 τήν

168 1498 306 1550 ἄνω.
340 1499 475 1551 υῦτε
503 1501 610 1571 γὰρ
637 1503 726 1552 ἐπὶ
755 1503 857 1568 γῆς
883 1502 1038 1570 ἔσχεν
1076 1503 1301 1572 πατέρα,
1335 1503 1457 1555 οὔτε
1491 1506 1545 1554 ἐν
1585 1503 1830 1571 οὐρανοῖς

161 1584 410 1654 μητέρα.
460 1587 973 1656 Ἀγενεαλόγητος.
1021 1589 1386 1641 Ἀκουέτωσαν
1418 1592 1465 1641 οί
1507 1590 1605 1659 τὴν
1645 1590 1830 1640 οὐσίαν

169 1670 346 1722 αὐτοῦ
381 1671 970 1742 πολυπραγμονοῦντες.
1008 1677 1199 1727 Καίτοι
1229 1677 1371 1737 τινὲς
1416 1675 1724 1744 νομίζουσιν
1750 1678 1830 1728 ὅτι

170 1755 235 1808 :6
278 1757 755 1827 Ἀγενεαλόγητος
785 1761 959 1824 τοῦτο,
989 1762 1112 1828 περὶ
1132 1761 1230 1830 τῆς
1267 1761 1379 1814 ἄνω
1413 1763 1715 1831 γεννήσεως
1754 1761 1831 1812 εἷς

175 1860 363 1912 ρηται.

248 1932 310 1982 Ol
348 1931 444 2000 μὲν
471 1932 578 2003 γὰρ
610 1934 874 2003 αἲρετικοὶ
902 1933 1024 1988 οὔτε
1058 1934 1214 1987 τοῦτο
1249 1933 1564 2003 βούλονται·
1600 1935 1696 1987 καὶ
1725 1933 1831 2004 γὰρ

173 2016 271 2066 καὶ
311 2018 522 2086 ἐκείνην
567 2020 1079 2090 πολυπραγμονοῦσι
1123 2021 1216 2072 καὶ
1247 2022 1702 2091 περιεργάζονται
1731 2038 1742 2049 ·
1782 2021 1831 2071 οἱ

173 2101 232 2151 δὲ
252 2103 639 2171 ἐπιεικέστεροι
667 2107 868 2157 τούτων
896 2106 1110 2172 ἐκείνην
1143 2107 1242 2175 μέν
1263 2107 1673 2177 παραχωροῦσι,
1705 2105 1832 2173 περὶ

171 2186 228 2238 δὲ
251 2188 452 2256 ταύτης
483 2191 631 2242 κάτω
676 2192 983 2259 νομίζουσιν
1012 2193 1257 2260 εἰρῆσθαι
1287 2194 1363 2255 :6,
1410 2193 1830 2261 Ἀγενεαλόγη-

172 2290 300 2338 τος.
342 2275 608 2345 Δείξωμεν
649 2274 741 2328 οὖν
788 2279 867 2328 ὅτι
918 2279 1042 2346 περί
1073 2279 1338 2348 ἑκατέρας
1387 2281 1484 2346 τῆς
1529 2279 1832 2345 γεννήσεως

171 2363 335 2415 τοῦτο
383 2364 590 2425 Παῦλος
636 2362 775 2426 εἷπε,
825 2367 918 2417 καὶ
949 2368 1076 2436 περὶ
1109 2367 1208 2433 τῆς
1240 2365 1386 2435 [9.68]
1413 2368 1542 2428 ἄνω,
1581 2367 1672 2418 καὶ
1707 2367 1832 2436 περὶ

170 2449 278 2517 τῆς
307 2451 473 2503 κάτω.
513 2454 620 2503 Καὶ
650 2453 754 2520 7&9
804 2453 1031 2517 κάκείνη
1074 2454 1295 2522 φρικτὴ,
1331 2455 1422 2505 καὶ
1453 2453 1588 2523 αὐτη
1637 2471 1829 2522 μυστι-

172 2535 413 2606 κωτάτη.
449 2537 548 2588 Διὰ
567 2538 723 2590 τοῦτο
749 2540 842 2590 καὶ
873 2539 1104 2600 Ἡσαΐας
1129 2539 1290 2607 φησίν
1310 2554 1324 2569 ο
1362 2539 1480 2605 Τὴν
1496 2539 1710 2607 γενεὰν·
1727 2540 1832 2591 αὐ-

170 2622 285 2675 τοῦ
315 2623 403 2687 τίς
434 2623 810 2692 διηγήσεταις
849 2625 1007 2677 Ἀλλά
1035 2626 1161 2695 περὶ
1195 2625 1429 2694 ἐκείνης,
1465 2627 1649 2695 φησιν,
1680 2622 1831 2677 εἶπεν

168 2707 276 2778 τῆς
306 2709 431 2762 ἀνω.
469 2710 531 2762 Τί
566 2707 656 2762 οὖν
685 2711 913 2781 ἐροῦμεν
950 2711 1026 2780 τῷ
1058 2711 1254 2780 Παύλῳ
1288 2713 1597 2781 ἀμφοτέρας
1629 2713 1830 2764 είπόντι

169 2793 272 2855 τὰς
294 2797 593 2864 γεννήσεις,
617 2798 704 2848 καὶ
721 2798 1178 2864 τότεέπαγαγόντι
1200 2799 1280 2860 τὸ,
1306 2798 1793 2865 Ἀγενεαλόγητος
1814 2817 1827 2865 ;

173 2880 296 2933 Ἵνα
328 2882 400 2950 μὴ
439 2883 592 2950 μόνον
625 2884 742 2935 κατ’
774 2884 984 2951 ἐκείνην
1010 2884 1106 2952 τὴν
1134 2884 1404 2952 γέννησιν,
1442 2885 1563 2935 καθ’
1591 2887 1655 2953 ἢν
1684 2886 1829 2953 ἀμή-

169 2983 290 3034 υωρ
313 2969 477 3033 ἐστὶν,
501 2968 638 3019 ἀλλά
666 2971 757 3021 καὶ
785 2969 923 3022 κατὰ
953 2969 1173 3038 ταύτην,
1199 2970 1318 3020 καθ’
1341 2970 1407 3038 ἢν
1437 2972 1664 3039 ἀπάτωρ
1694 2971 1828 3033 ἐστὶ,

170 3056 277 3126 τὴν
331 3056 478 3108 κάτω
521 3056 681 3123 λέγω,
718 3057 1142 3127 ἀγενεαλόγητον
1194 3053 1332 3108 εἶναι
1367 3059 1696 3128 πιστεύσῃς·
1746 3058 1832 3110 διὰ

170 3143 332 3195 τοῦτο
364 3143 640 3215 ἀμφότερα
664 3144 795 3206 θεὶς,
824 3145 940 3196 τότε
968 3139 1142 3206 εἶπεν,
1183 3143 1687 3212 Ἁγενεαλόγητος.
1723 3145 1831 3195 Καὶ

171 3230 287 3298 7&9
315 3231 407 3281 καὶ
453 3230 644 3300 αὖτηή
694 3231 841 3282 κάτω
874 3231 1275 3299 ἀκατάληπτος,
1330 3231 1414 3284 ἵνα
1455 3231 1589 3300 πρὸς
1620 3230 1832 3298 ἐκείνην

176 3318 313 3387 μηδέ
341 3318 657 3388 παρακύψαι
699 3318 1076 3388 τολμήσωμεν.
1118 3319 1179 3371 Ei
1205 3318 1312 3387 7&9
1344 3318 1412 3370 :&
1447 3318 1710 3387 προαύλια
1737 3316 1830 3368 τοῦ

171 3405 304 3457 ναοῦ
327 3405 467 3456 οῦτω
490 3405 690 3473 φοϐερά
722 3407 811 3457 καὶ
843 3405 1129 3473 ἀπρόσιτα,
1164 3406 1298 3472 πρὸς
1326 3405 1393 3456 τὰ
1425 3405 1588 3456 ἄδυτα
1615 3406 1695 3465 τίς
1723 3406 1832 3454 εἰσ-

172 3491 349 3543 ελθεῖν
409 3493 782 3561 ἐπιχειρήσεις
827 3493 944 3542 ’Ότι
989 3491 1248 3560 ἐγεννήθη
1294 3492 1444 3558 παρὰ
1482 3490 1575 3541 τοῦ
1624 3489 1833 3558 Πατρὸς

172 3573 309 3639 οῖδα,
340 3578 397 3629 :6
413 3578 469 3629 δὲ
500 3577 636 3640 πῶς,
663 3578 760 3628 οὐκ
781 3573 913 3629 οἶδα.
934 3577 1055 3628 Ὅτι
1080 3576 1272 3645 ἐτέχθη
1301 3576 1404 3628 ὑπὸ
1427 3575 1526 3643 τῆς
1551 3575 1832 3645 Παρθένου

174 3663 502 3732 ἐπίσταμαι,
544 3665 636 3716 τὸν
674 3663 729 3715 δέ
769 3663 967 3732 τρόπον
1000 3662 1118 3714 οὐδέ
1149 3662 1382 3715 ἐνταῦθα
1411 3661 1831 3730 καταλαμϐάνω.

187 3750 456 3819 Ἐκατέρα
490 3751 654 3819 γὰρὴ
687 3750 936 3817 γέννησις
979 3749 1343 3818 ὡμολόγηται,
1377 3749 1469 3799 καὶ
1505 3748 1769 3816 ἑκατέρας
1805 3748 1834 3798 6

173 3837 372 3909 τρόπος
400 3835 700 3907 σεσίγηται.
731 3837 839 3888 Καὶ
871 3838 1004 3904 ὅπερ
1029 3835 1259 3887 ἐνταῦθα
1287 3835 1376 3886 ἐπὶ
1406 3835 1504 3902 τῆς
1535 3833 1830 3903 Παρθένου,

177 3927 282 3978 οὐκ
311 3925 466 3988 εἰδὼς
501 3924 616 3986 πῶς
644 3925 705 3974 ἐκ
735 3923 832 3990 τῆς
867 3922 1140 3991 παρθένου
1171 3920 1456 3990 ἐγεννήθη,
1485 3921 1729 3988 ὁμόλογῶ
1753 3921 1832 3973 ὃτι

176 4010 458 4079 ἐγεννήθη,
491 4010 583 4060 καὶ
610 4009 708 4059 οὐκ
739 4007 945 4076 ἀναιρῶ
987 4007 1046 4058 τὸ
1081 4007 1311 4074 πρᾶγμα
1339 4005 1426 4056 διὰ
1454 4005 1550 4074 τὴν
1583 4005 1830 4072 ἄγνοιαν·

175 4097 320 4148 οὓτω
359 4095 452 4147 καὶ
490 4096 552 4147 σὺ
585 4095 807 4163 ποίησον
835 4095 926 4146 ἐπὶ
957 4092 1050 4146 τοῦ
1090 4094 1319 4161 Πατρὸς,
1361 4093 1409 4143 εί
1442 4095 1534 4143 καὶ
1559 4093 1657 4144 οὐκ
1689 4088 1834 4156 οἶδας

179 4183 298 4244 πῶς
325 4182 607 4252 ἐγεννήθη,
643 4181 991 4251 ὁμολόγησον.
1029 4180 1145 4232 Κᾶν
1180 4181 1307 4251 εἴπῃ
1334 4197 1413 4232 σοι
1454 4179 1481 4230 6
1524 4181 1795 4249 αίρετικός
1818 4198 1831 4212 ·

176 4266 304 4328 Πῶς
329 4269 586 4338 ἐγεννήθη
619 4269 681 4320 ἐκ
711 4268 802 4319 τοῦ
826 4269 1033 4337 Πατρὸς
1059 4270 1086 4319 6
1114 4267 1240 4328 Υίός
1266 4283 1278 4329 ;
1300 4268 1652 4319 κατάσπασον
1671 4267 1833 4320 αὐτοῦ

177 4359 239 4409 τὸ
266 4357 529 4428 φρύαγμα
547 4358 626 4418 είς
653 4356 751 4425 τὴν
773 4359 895 4426 γῆν,
926 4357 1018 4407 καὶ
1041 4355 1160 4407 εἰπέ
1184 4354 1321 4425 πρὸς
1347 4355 1532 4406 αὐτόν·
1556 4355 1835 4425 Κατάὸηθι

184 4446 249 4495 ἐκ
272 4442 381 4494 τῶν
406 4441 668 4513 οὐρανῶν,
698 4443 790 4492 καὶ
806 4441 972 4506 δεῖξον
1001 4441 1113 4503 πῶς
1140 4439 1400 4508 ἐγεννήθη
1424 4441 1486 4491 ἐκ
1506 4443 1602 4510 τῆς
1621 4442 1832 4512 Παρθέ-

181 4547 293 4592 νου,
328 4530 422 4582 καὶ
450 4529 569 4580 τότε
607 4530 785 4580 ἐκεῖνα
815 4530 933 4598 ὅρα.
979 4528 1230 4597 Κάτασχε
1265 4527 1425 4578 αὐτὸν
1459 4529 1551 4579 καὶ
1582 4529 1836 4600 περίστη-

183 4635 294 4680 οον,
331 4618 404 4687 μὴ
428 4618 569 4686 ἀφῇς
601 4617 968 4686 ἀποπηδῆσαι,
1000 4616 1131 4685 μηδὲ
1158 4615 1504 4685 ἀναχωρῆσαι
1535 4617 1614 4678 είς
1628 4617 1718 4669 τὸν
1745 4616 1836 4668 λα-

181 4705 433 4775 ϐύρινθον
477 4705 585 4757 τῶν
616 4703 908 4772 λογισμῶν,
944 4703 1076 4756 ἀλλὰ
1105 4703 1343 4771 κάτασχε
1391 4703 1484 4754 καὶ
1518 4703 1833 4770 ἀπόπνιξον,

187 4793 260 4862 μὴ
295 4795 358 4860 τῇ
388 4791 550 4860 χειρὶ,
588 4790 722 4842 ἀλλά
751 4790 830 4858 τῷ
869 4791 1092 4858 ῥήματι.
1124 4790 1213 4860 Μὴ
1248 4789 1424 4860 δώσῃς
1453 4790 1598 4859 αὐτῷ
1627 4790 1836 4843 διαστο-

181 4879 300 4949 λὴν,
352 4879 446 4930 καὶ
474 4878 707 4946 διαφύγῃ
740 4876 813 4938 ὡς
859 4876 1123 4944 βρύλεται.
1175 4875 1412 4928 Ἐκεῖθεν
1453 4879 1558 4945 7&9
1611 4877 1837 4946 θόρυϐον

185 4963 473 5034 ἐμποιοῦσι
506 4967 614 5026 τοῖς
645 4963 1064 5031 διαλεγομένοις,
1090 4962 1272 5031 ἐπειδὴ
1302 4965 1460 5032 ήμεῖς
1493 4965 1672 5025 αὐτοῖς
1710 4966 1839 5017 ἀκοο

183 5051 501 5117 λουθοῦμεν,
547 5051 639 5102 καὶ
686 5049 783 5100 οὐκ
835 5050 1117 5118 ἀπάγομεν
1165 5049 1269 5099 ὑπὸ
1306 5049 1431 5110 τοὺς
1480 5050 1677 5118 νόμους
1729 5050 1838 5103 τῶν

186 5138 343 5190 θείων
375 5137 624 5207 Γραιρῶν.
677 5136 903 5204 Περίοες
935 5136 1110 5186 τοίνυν
1158 5133 1305 5202 αὐτῷ
1347 5135 1606 5187 πάντοθεν
1644 5136 1839 5205 τειχίον

185 5225 284 5284 τὰς
317 5223 422 5275 ἀπὸ
453 5222 559 5273 τῶν
588 5222 812 5290 Γραφῶν
850 5220 1170 5291 μαρτυρίας,
1209 5221 1298 5271 καὶ
1330 5221 1449 5272 οὐδέ
1483 5223 1640 5288 χᾶναι
1677 5225 1837 5292 δυνή-

190 5327 359 5363 σεται.
383 5308 688 5370 Εἰπὲ,-Πῶς
717 5308 978 5376 ἐγεννήθη
1011 5311 1073 5360 ἐκ
1103 5308 1199 5376 τῆς
1249 5308 1523 5376 Παρθένου
1549 5327 1562 5373 ;
1593 5311 1704 5362 Οὐκ
1739 5312 1841 5379 ἀφ-

192 5396 412 5465 ίσταμαί
451 5411 564 5452 σου,
593 5395 710 5446 οὐδέ
747 5393 1031 5462 ἀναχωρῶ.
1082 5393 1220 5445 Ἀλλ’
1246 5395 1344 5445 οὐκ
1372 5395 1436 5445 ἂν
1465 5394 1575 5463 ἔχοι
1602 5397 1690 5449 τὸν
1719 5399 1842 5466 τρό-

189 5500 289 5536 πον
310 5485 437 5550 ήμῖν
461 5483 652 5542 εἰπεῖν,
679 5482 779 5532 κᾶν
815 5481 979 5550 μυρία
1012 5481 1305 5548 φιλονεικῇ.
1341 5482 1507 5533 Ὅταν
1535 5483 1640 5551 γὰρ
1665 5486 1690 5534 6
1711 5484 1840 5546 Θεὸς

190 5569 511 5637 ἀποκλείσῃ,
529 5569 610 5629 τίς
635 5566 818 5637 ἀνοίξῃ
844 5567 1025 5617 λοιπόν
1044 5584 1056 5629 ;
1076 5566 1226 5634 Μόνη
1244 5567 1306 5633 τῇ
1329 5566 1506 5617 πίστει
1532 5567 1598 5617 τὰ
1621 5567 1842 5620 τοιαῦτα

194 5655 524 5725 παράδεκτα.
558 5655 614 5704 Εἰ
657 5653 711 5703 δέ
743 5654 840 5704 οὐκ
875 5652 935 5704 ἂν
957 5652 1118 5720 ἔχοις,
1163 5653 1295 5703 ἀλλὰ
1327 5657 1619 5720 λογισμους
1655 5656 1842 5724 ἐπιζη-

189 5748 319 5804 τεῖς,
350 5742 457 5810 ἐρῶ
488 5741 620 5808 πρὸς
650 5739 726 5800 σὲ,
758 5738 785 5790 ὃ
818 5741 948 5808 πρὸς
985 5739 1288 5807 Νικόδημον
1322 5741 1348 5790 ὁ
1378 5739 1609 5806 Χριστός
1642 5758 1804 5808 φησιν
1826 5761 1840 5774 ν

190 5833 254 5883 El
299 5830 368 5882 τὰ
411 5827 636 5896 ἐπίγεια
676 5823 846 5880 εἷπον
874 5826 1032 5894 ὑμῖν,
1072 5827 1166 5880 καί
1208 5828 1278 5879 οὺ
1320 5827 1647 5892 πιστεύετε,
1696 5827 1840 5895 πῶς,

1557 457 1640 510 0E
1669 456 2212 514 MELCHISEDECO.

3461 471 3572 524 260

1925 569 2038 622 ἐὰν
2066 571 2138 622 τὰ
2155 568 2476 636 ἐπουράνια
2506 569 2669 634 εἴπω,
2693 571 3034 634 mandate;
3057 569 3193 640 Περὶ
3218 569 3314 639 τῆς
3345 571 3407 621 ἐκ
3424 570 3573 638 Παρο

1932 655 2084 709 θένου
2114 657 2416 724 γεννήσεως
2435 652 2608 717 εἷπον,
2628 657 2720 710 καὶ
2744 657 2842 708 οὐκ
2859 653 3020 719 οἶδας,
3042 656 3159 708 οὐδὲ
3178 657 3334 726 χᾶναι
3350 655 3576 729 τολμᾷς,

1929 743 2023 794 καὶ
2049 743 2147 812 τὴν
2171 743 2420 812 οὐράνιον
2443 742 2808 814 περιεργάζῃ;
2841 744 2950 794 Καὶ
2969 743 3078 794 εἴθε
3112 743 3210 812 μὲν
3234 742 3323 794 τὸν
3350 742 3574 810 οὐρανὸν

1931 828 2107 895 μόνον,
2142 825 2277 878 ἀλλά
2315 828 2406 879 καὶ
2439 827 2528 878 τὸν
2554 828 2829 896 Δεσπότην
2861 827 2967 878 τῶν
3011 827 3250 895 οὐρανῶν
3295 826 3574 894 πολυπρα-

1926 914 2164 980 γμονεῖς.
2201 913 2268 962 El
2296 913 2365 964 τὰ
2390 913 2617 978 ἐπίγεια
2643 908 2815 965 εἷπον
2845 911 3004 980 ὑμῖν,
3027 912 3123 964 καὶ
3146 915 3215 964 οὐ
3243 913 3570 965 πιστεύετε.

1928 997 2042 1052 Οὐκ
2080 993 2250 1062 εἶπεν,
2283 999 2343 1049 οὐ
2391 998 2662 1062 πείθεσθε,
2709 999 2822 1050 ἀλλ’
2861 1000 2942 1052 Οὐ
2987 1000 3293 1052 πιστεύετε
3317 1017 3328 1028 ·
3363 998 3574 1058 δεικνὺς

1927 1085 2078 1151 ήμῖν,
2111 1083 2189 1133 ὃτι
2216 1086 2263 1134 εί
2295 1084 2386 1134 καὶ
2414 1083 2482 1134 τὰ
2507 1084 2721 1150 ἐπίγεια
2754 1085 2985 1146 πίστεως
3013 1085 3199 1145 δεῖται,
3231 1082 3406 1152 πολλῷ
3439 1083 3576 1151 μάλ-

1929 1168 2015 1219 λον
2043 1169 2108 1219 τὰ
2130 1170 2371 1238 οὐράνια.
2405 1170 2595 1222 Καίτοι
2627 1171 2746 1222 τότε
2775 1169 2851 1239 τῷ
2887 1171 3179 1240 Νικοδήμῳ
3207 1171 3334 1240 περὶ
3359 1167 3576 1222 τοκετοῦ

1928 1253 2195 1320 διελέγετο
2222 1256 2353 1308 πολὺ
2383 1255 2663 1316 ἐλάττονος
2682 1269 2694 1283 ·
2725 1257 2851 1325 περὶ
2889 1256 2980 1308 τοῦ
3009 1256 3381 1325 βαπτίσματος
3418 1255 3523 1324 7&9
3551 1257 3579 1307 6

1929 1339 2083 1406 λόγος
2109 1337 2195 1408 ἦν,
2219 1343 2308 1393 καὶ¹
2337 1344 2432 1411 τῆς
2459 1343 2866 1410 ἀναγεννήσεως
2892 1342 2988 1409 τῆς
3009 1341 3379 1410 πνευματικῆς
3401 1358 3412 1369 ·
3445 1340 3579 1392 ἀλλὰ

1929 1426 2084 1495 δῆλον
2123 1427 2201 1478 ὅτι
2232 1428 2520 1480 καὶταῦτα
2567 1427 2742 1479 πίστει
2784 1427 2898 1478 ἐστὶ
2930 1427 3270 1495 καταληπτά.
3332 1426 3578 1491 Ἐπίγεια

1925 1513 1987 1564 δὲ
2023 1512 2161 1564 αὐτά
2187 1513 2463 1577 ἐκάλεσεν,
2493 1514 2591 1565 οὐκ
2624 1513 2808 1575 ἐπειδὴ
2838 1514 3050 1578 ἐπίγειά
3075 1515 3246 1573 ἐστιν,
3279 1512 3392 1564 ἀλλ’
3429 1511 3576 1582 [9.69]

1931 1599 2117 1668 ἐπειδὴ
2142 1601 2198 1651 ἐν
2220 1603 2284 1669 τῇ
2318 1604 2384 1670 γῇ
2415 1601 2774 1664 τελεῖται,καὶ
2807 1602 2870 1669 τῇ
2904 1601 3184 1668 συγκρίσει
3211 1602 3305 1668 τῆς
3328 1601 3437 1652 ἄνω
3460 1618 3581 1666 γεν-

1931 1687 2140 1754 νήσεως
2169 1688 2264 1753 τῆς
2295 1689 2604 1758 ἀπορρήτου
2640 1688 2730 1739 καὶ
2756 1687 2930 1739 πάντα
2963 1686 3392 1755 ὐπερόαινούσης
3436 1686 3578 1748 νοῦν,

1932 1773 2148 1838 ἐπίγεια
2191 1772 2363 1824 ταῦτά
2401 1775 2564 1824 ἐστιν.
2604 1774 2665 1824 El
2696 1773 2872 1824 τοίνυν
2903 1771 3018 1834 πῶς
3052 1771 3467 1840 ἀναγεννὼμεθα
3520 1774 3583 1823 ἐκ

1931 1857 2037 1909 τῶν
2064 1857 2268 1910 ὑδάτων
2297 1859 2356 1911 οὐ
2385 1858 2606 1910 δυνατὸν
2633 1859 2847 1919 εἰδέναι,
2877 1858 3010 1909 ἀλλά
3043 1858 3222 1910 πίστει
3249 1857 3380 1927 μόνῃ
3411 1874 3584 1926 παρα-

1930 1945 2180 2013 δέχεσθαι
2212 1947 2314 2016 χρὴ
2345 1947 2403 1999 τὸ
2420 1949 2718 2016 γινόμενον,
2743 1948 2837 2000 καὶ
2859 1947 2946 1998 τὸν
2977 1948 3174 2015 τρόπον
3200 1945 3273 2016 μή
3296 1946 3586 2016 περιεργά-

1933 2030 2149 2092 ζεσθαι·
2188 2034 2360 2101 πόσης
2395 2033 2460 2086 ἂν
2512 2033 2597 2103 εἴη
2637 2034 2831 2102 μανίας
2865 2034 2955 2084 ἐπὶ
2993 2035 3090 2103 τῆς
3140 2031 3250 2085 ἀνω
3285 2035 3586 2102 γεννήσεως

1931 2117 2024 2169 τοῦ
2060 2116 2375 2185 μονογενοῦς
2407 2119 2533 2170 Υίοῦ
2567 2119 2854 2188 λογισμοὺς
2882 2119 3247 2188 ἀνθρωπίνους
3276 2122 3462 2182 κινεῖν,
3493 2119 3585 2170 καὶ

1933 2204 2132 2272 τρόπου
2168 2206 2472 2272 γεννήσεως
2506 2204 2732 2266 εὐθύνας
2767 2208 3046 2266 ἁπαιτεῖν;
3083 2205 3205 2266 Πῶς
3236 2205 3461 2274 ἀπάτωρ
3491 2205 3584 2256 καὶ

1932 2290 2163 2358 ἀμήτωρ
2191 2292 2218 2342 6
2247 2291 2373 2352 Υἱὸς
2394 2290 2486 2342 τοῦ
2513 2291 2666 2356 Θεοῦ,
2701 2291 2896 2353 ἱκανῶς
2923 2292 3313 2353 ἀποδέδεικται,
3344 2291 3438 2344 καὶ
3468 2290 3584 2354 πῶς

1932 2375 2377 2445 ἀγενεαλόγητος.
3429 2417 3455 2424 μ
3484 2417 3505 2424 -

2001 2468 2071 2528 γ’.
2125 2462 2263 2514 Ἀλλ’
2296 2465 2479 2534 ἐπειδὴ
2517 2464 2699 2516 πολλοὶ
2740 2464 2813 2534 μὴ
2841 2466 3124 2533 νοήσαντες
3172 2464 3238 2517 τὰ
3261 2466 3385 2532 περὶ
3417 2462 3579 2516 αὐτοῦ

1933 2550 2311 2618 γεγραμμένα,
2342 2553 2432 2602 καὶ
2461 2551 2675 2617 μείζονα
2700 2550 2791 2602 τοῦ
2821 2551 3049 2620 Χριστοῦ
3072 2551 3229 2602 αὐτὸν
3261 2547 3395 2602 εἷναι
3424 2551 3577 2618 είρήο

1934 2651 2080 2698 κασι,
2119 2637 2211 2688 καὶ
2251 2639 2643 2706 συνεστήσαντο
2676 2639 2884 2698 ἑαυτοῖς
2915 2638 3142 2706 αἵρεσιν,
3197 2637 3290 2688 καὶ
3338 2636 3584 2701 λέγονται

1932 2721 2394 2789 Μελχισεδεκιταὶ,
2429 2724 2522 2775 καὶ
2555 2722 2942 2790 φιλονεικοῦσιν
2964 2727 3115 2790 ήμῖν,
3138 2721 3304 2783 δεῖξαι
3329 2721 3585 2789 βουλόμε-

1932 2825 2033 2869 νοι,
2067 2812 2146 2860 ὅτι
2181 2810 2379 2876 μείζων
2407 2812 2525 2860 ἐστὶ
2558 2809 2650 2860 τοῦ
2682 2808 2939 2876 Χριστοῦ,
2987 2808 3340 2879 προφέροντες
3373 2809 3450 2869 :6,
3499 2808 3584 2860 Σὺ

1932 2895 2122 2959 ἱερεὺς
2147 2897 2232 2956 εις
2248 2894 2354 2946 τὸν
2381 2893 2565 2946 αἰῶνα
2585 2895 2731 2946 κατὰ
2753 2893 2866 2958 τὴν
2895 2893 3063 2955 τάξιν
3093 2891 3460 2959 Μελχισεδέκ
3481 2908 3493 2920 °
3508 2893 3587 2944 δεῖ

1933 2980 2027 3033 καὶ
2056 2980 2191 3046 πρὸς
2219 2980 2412 3042 αὐτοὺς
2436 2980 2766 3047 ἀπαντῆσαι.
2798 2980 2933 3031 Φασὶ
2962 2979 3097 3047 γάρ·
3133 2977 3252 3042 Πῶς
3281 2979 3380 3029 οὐκ
3410 2979 3472 3029 ἂν
3499 2978 3584 3047 εἴη

1932 3067 2166 3137 Χριστοῦ
2197 3068 2416 3136 μείζων,
2437 3063 2496 3120 οὗ
2522 3067 2660 3120 κατά
2689 3065 2784 3136 τὴν
2814 3066 2995 3118 εἰκόνα
3022 3066 3113 3118 καὶ
3137 3065 3232 3136 τήν
3257 3066 3406 3130 τάξιν
3440 3068 3480 3116 ἱε
3493 3082 3586 3134 ρα-

1931 3153 2076 3205 τεύει
2117 3154 2388 3222 Χριστόςς
2431 3155 2617 3222 ’Πμεῖς
2667 3150 2757 3205 οὖν
2802 3153 3027 3221 λέγομεν
3102 3153 3260 3203 αὐτὸν
3308 3153 3587 3221 ἄνθρωπον

1931 3241 2234 3310 ὁμοιοπαθῆ
2253 3242 2401 3309 ἡμῖν,
2430 3242 2522 3293 καὶ
2549 3240 2670 3293 οὕτε
2695 3240 2914 3311 μείζονα
2934 3239 3026 3292 τοῦ
3047 3239 3304 3310 Χριστοῦ,
3328 3241 3442 3292 ἀλλ’
3465 3239 3585 3292 οὔτε

1944 3327 2186 3379 Ἰωάννου
2224 3325 2317 3378 τοῦ
2353 3325 2657 3379 Βαπτιστοῦ
2680 3345 2694 3357 ·
2732 3327 2951 3386 Μείζων
2994 3327 3100 3394 γὰρ
3131 3326 3337 3386 αὐτοῦ,
3372 3329 3531 3395 φησὶν
3560 3329 3588 3379 6

1932 3414 2184 3482 Χριστὸς,
2212 3414 2280 3464 ἐν
2296 3415 2601 3480 γεννητοῖς
2636 3413 2932 3481 γυναικῶν
2961 3416 3069 3466 οὐκ
3093 3414 3416 3482 ἐγήγερται.
3465 3413 3587 3464 Ἀλ-

1933 3489 2013 3542 λοι
2041 3490 2096 3542 δέ
2121 3490 2280 3542 πάλιν
2305 3491 2664 3561 πλανηθέντες
2685 3492 2932 3559 λέγουσιν
2950 3493 3111 3545 αὐτὸν
3131 3490 3343 3546 εἶναιτὸ
3366 3493 3588 3562 Πνεῦμα

1931 3576 1992 3628 :6
2020 3576 2172 3643 ἅγιον
2197 3593 2210 3606 '
2243 3577 2356 3628 ἀλλ’
2379 3579 2536 3646 ήμεῖς
2578 3579 2695 3628 οὐδέ
2727 3579 2880 3630 τοῦτό
2900 3596 3096 3646 φαμεν.
3151 3579 3301 3629 Ἐπεὶ
3329 3577 3412 3639 τίς
3436 3579 3589 3647 χρεία

1931 3666 2020 3717 τὸν
2049 3665 2219 3732 Λόγον
2247 3665 2340 3717 τοῦ
2367 3664 2500 3717 Θεοῦ
2530 3665 2964 3734 ἐνανθρωπῆσαι,
2994 3665 3090 3734 ήδη
3109 3665 3274 3717 πάλαι
3302 3665 3393 3716 τοῦ
3416 3665 3585 3716 Πνεῦ-

1935 3773 2101 3826 ματος
2119 3753 2406 3823 ἀνθρώπου
2435 3754 2936 3820 γεγονότος;⁶ὐτιδέ
2953 3755 3050 3804 οὐκ
3077 3753 3220 3805 ἐστιν
3243 3752 3442 3821 μείζων
3465 3755 3591 3821 X9:-

1935 3841 2083 3904 στοῦ,
2107 3839 2228 3892 οὐτε
2251 3841 2305 3894 δὲ
2333 3840 2491 3892 πάλιν
2513 3838 2573 3890 :6
2603 3839 2824 3906 Πνεῦμα
2846 3839 2905 3889 :6
2928 3839 3102 3903 ἆγιον,
3125 3839 3428 3892 εἰπάτωσαν
3461 3843 3590 3908 ἡμῖν

1935 3929 2148 3988 ἐκεῖνοι,
2198 3925 2348 3977 ποίου
2381 3925 2579 3994 χωρίου
2611 3919 2748 3976 εἷναι
2781 3923 2941 3974 αὐτὸν
2974 3924 3248 3990 λέγουσιν’
3297 3922 3404 3994 ἆρα
3434 3929 3592 3994 οὐρα-

1934 4015 2047 4065 νίου
2071 4008 2209 4080 ;ἆρα
2237 4013 2477 4079 ἐπιγείου
2499 4011 2562 4080 ;ἢ
2587 4009 2957 4078 καταχθονίου;
2978 4011 3103 4062 Ἐὰν
3124 4006 3214 4062 οὖν
3237 4012 3484 4074 εἴπωσιν,
3510 4015 3590 4065 ὅτι

1935 4101 2040 4154 τῶν
2063 4100 2326 4169 οὐρανίων
2351 4100 2496 4150 ἐστὶν
2533 4100 2560 4150 ὁ
2586 4097 2936 4166 Μελχισεδὲκ,
2958 4097 2989 4166 ἢ
3014 4097 3170 4149 ἄλλου
3195 4099 3338 4160 τινὸς
3364 4101 3587 4169 χωρίου,

1941 4188 2320 4242 ἀκουσάτωσαν
2337 4189 2418 4238 ὅτι
2450 4187 2539 4238 καὶ
2567 4184 2726 4246 αὐτὸς
2748 4185 2876 4252 γόνυ
2899 4185 3234 4255 κάμπτειτῷ
3260 4186 3478 4256 Χριστῷ
3515 4185 3591 4255 τῷ

1938 4275 2268 4343 σαρκωθέντι
2294 4275 2356 4324 ἐκ
2393 4273 2492 4341 τῆς
2531 4270 2778 4322 θεοτὸκου
2802 4271 3044 4340 Μαρίας.
3074 4271 3233 4339 Λέγει
3257 4273 3362 4342 7&9
3392 4274 3590 4325 ὀἊπό-

1941 4362 2143 4425 στολος,
2167 4362 2246 4412 δτι
2271 4358 2436 4422 Αὐτῴ
2451 4357 2674 4424 κάμψει
2700 4355 2822 4411 πᾶν
2845 4360 3011 4425 γόνυ,
3036 4358 3126 4409 καὶ
3152 4357 3219 4409 τὰ
3246 4359 3392 4426 ἐξῆς.
3417 4360 3478 4411 Εἰ
3500 4356 3592 4412 οῦν

1937 4447 2042 4496 πᾶν
2064 4445 2191 4512 γόνυ
2215 4445 2471 4510 κάμπτει,
2495 4443 2522 4492 6
2541 4439 2865 4508 Μελχισεδὲκ
2886 4440 3120 4493 ἐλάττων
3144 4439 3208 4493 ἂν
3228 4440 3314 4509 εἴη
3342 4441 3434 4492 τοῦ
3461 4443 3592 4509 Χρι-

1937 4530 2062 4585 στοῦ
2082 4549 2094 4562 ο
2116 4531 2409 4603 προσκυνεῖ
2431 4528 2536 4597 7&9
2556 4527 2630 4594 τῷ
2650 4527 3102 4596 προσκυνουμένῳ
3126 4526 3364 4597 Χριστῷ.
3383 4528 3443 4578 El
3461 4527 3513 4577 δέ
3539 4529 3588 4578 οἱ

1935 4619 2104 4672 ἄθλιοι
2136 4617 2228 4670 καί
2249 4616 2492 4678 τάλανες,
2516 4613 2609 4665 καὶ
2636 4613 2694 4664 τὸ
2728 4613 2853 4682 ἑξῆς
2881 4613 3168 4682 εἰρημένον
3203 4613 3548 4680 σκοπήσωσιν
3574 4630 3587 4642 ·

1936 4701 2184 4770 ἐπιφέρει
2215 4698 2322 4768 γὰρ
2359 4696 2550 4763 λέγων,
2591 4693 3034 4762 Ἀφωμοιωμένος
3063 4692 3142 4761 τῷ
3167 4693 3280 4762 Υίῷ
3308 4692 3401 4745 τοῦ
3432 4693 3588 4744 Θεοῦο

1936 4789 2075 4844 οὕτω
2114 4788 2194 4840 δεῖ
2221 4788 2374 4848 νοεῖν,
2420 4785 2499 4837 ὅτι
2528 4781 2713 4850 ὥσπερ
2746 4780 2840 4832 καὶ
2879 4781 3042 4847 ἡμεῖς
3086 4781 3206 4831 κατ’
3236 4779 3417 4832 εἰκόνα
3457 4779 3590 4830 Θεοῦ

1936 4879 2235 4946 γεγόναμεν
2269 4874 2360 4925 κοιλ⁵
2393 4870 2672 4939 ὁμοίωσιν,
2705 4865 2846 4918 οὕτω
2873 4866 2964 4917 καὶ
2996 4866 3175 4928 αὐτός.
3214 4866 3449 4918 Ἰουδαῖοι
3493 4867 3591 4934 μέν

1938 4967 2041 5036 7&9
2089 4962 2247 5014 αὐτὸν
2291 4959 2537 5026 λέγουσιν
2576 4958 2639 5006 ἐκ
2681 4954 2933 5024 πορνείας
2981 4953 3323 5024 γεννηθέντα,
3367 4955 3458 5006 καὶ
3503 4953 3590 5004 διὰ

1937 5051 2091 5104 τοῦτο
2119 5046 2542 5116 ἀγενεαλόγητον
2573 5041 2858 5108 γενέσθαι·
2892 5040 3026 5109 πρὸς
3073 5039 3165 5102 οὓς
3209 5040 3458 5110 ἐροῦμεν,
3509 5043 3590 5092 ὅτι

1927 5135 2133 5197 Κακῶς
2156 5151 2311 5201 φατε.
2353 5131 2462 5182 Καὶ
2502 5130 2606 5196 γὰρ
2638 5128 2728 5179 καὶ
2758 5126 3005 5194 Σολομὼν
3039 5128 3100 5177 ἐκ
3129 5127 3228 5195 τῆς
3267 5127 3358 5178 τοῦ
3396 5129 3590 5197 Οὐρίου

1939 5221 2214 5292 γεννηθεὶς
2237 5215 2490 5286 γυναικὸς
2515 5213 2814 5284 μοιχαλίδος
2837 5211 3250 5279 γενεαλογεῖται.
3287 5214 3422 5266 Ἀλλ’
3445 5217 3592 5269 ἐπει-

1939 5311 2000 5380 δὴ
2034 5310 2061 5360 6
2085 5305 2413 5374 Μελχισεδὲκ
2450 5302 2615 5362 τύπος
2645 5297 2712 5368 ἦν
2736 5299 2827 5351 τοῦ
2849 5299 3079 5368 Κυρίου,
3112 5301 3204 5351 καὶ
3231 5301 3411 5353 εἰκόνα
3433 5302 3591 5372 ἔφερε

1938 5398 2031 5448 τοῦ
2086 5392 2342 5462 Χριστοῦ,
2391 5389 2568 5450 καθὼς
2615 5389 2706 5438 καὶ
2751 5387 2950 5448 Ἰωνᾶς,
2991 5385 3076 5438 διὰ
3128 5385 3282 5438 τοῦτο
3334 5388 3364 5456 ή
3404 5389 3590 5458 Γραφὴ

1945 5480 2239 5549 παρέλιπεν
2290 5475 2451 5528 αὐτοῦ
2496 5475 2585 5526 τὸν
2628 5473 2855 5540 πατέρα,
2891 5471 2976 5522 ἵνα
3008 5471 3064 5522 ἐν
3090 5471 3302 5540 ἐκείνῳ,
3347 5474 3592 5543 καθάπερ

1943 5570 1997 5618 ἐν
2039 5566 2205 5618 εἰκόνι
2243 5563 2332 5614 τὸν
2364 5561 2573 5628 ἀληθῶς
2603 5560 2848 5626 ἀπάτορα
2891 5558 2979 5607 καὶ
3013 5558 3434 5626 ἀγενεαλόγητον
3465 5561 3594 5627 Χρι-

1946 5653 2065 5704 στὸν
2093 5649 2552 5719 ἐνοπτρισώμεθα.
2601 5645 2954 5710 ’Δντιλέγουσι
2994 5643 3049 5694 δὲ
3085 5645 3174 5695 καὶ
3205 5645 3359 5694 τοῦτο
3392 5647 3519 5712 ήμῖν
3547 5646 3593 5696 οί

1945 5735 2387 5806 Μελχισεδεκιταὶ
2422 5735 2686 5798 λέγοντες·
2719 5732 2780 5781 Τί
2811 5727 2901 5782 οὐν
2921 5731 3069 5781 ’ἐστιν
3099 5729 3125 5780 ὃ
3152 5730 3296 5796 λέγει
3323 5730 3459 5800 πρὸς
3497 5731 3593 5783 αὑ-

1947 5828 2035 5879 ςδν
2064 5829 2091 5876 ὁ
2118 5824 2321 5892 Πατήρο
2355 5819 2506 5893 {270]
2539 5819 2620 5871 Σὺ
2649 5817 2835 5882 ἱερεὺς
2859 5819 2940 5880 είς
2975 5816 3077 5868 τὸν
3102 5815 3280 5868 αἰῶνα
3311 5816 3452 5869 κατὰ
3486 5818 3599 5872 τὴν
