3990 6440
412 409 519 465 261
1183 385 1240 441 S.
1281 382 1565 440 JOANNIS
1600 378 2087 438 CllllYSOSTOMl
2124 377 2442 431 AllClllEP.
2485 375 3027 433 CONS'lANTl-NOP.
3720 397 3851 453 262

401 506 575 570 τάξιν
621 501 1027 572 Μελχισεδέκ;
1071 500 1214 571 Πρὸς
1261 498 1354 561 οὒς
1406 498 1655 566 λέγομεν.
1714 498 1792 547 ὅτι
1830 488 1979 555 οὗτος
2033 495 2060 545 ὁ
2161 492 2249 544 τὸν
2275 490 2533 559 μέλλοντα
2558 488 2843 557 γεννᾶσθαι
2868 491 2930 541 ἐκ
2957 489 3055 556 τῆς
3078 487 3341 556 παρθένου
3368 486 3586 555 Μαρίας
3616 487 3840 556 Ἰησοῦν

402 590 735 659 Μελχισεδὲκ
786 590 922 659 ἀνὴρ
978 587 1179 647 δίκαιος
1238 585 1445 652 γέγονε,
1495 584 1586 635 καὶ
1625 580 1835 649 ἀληθῶς
1878 580 2059 631 εἰκόνα
2160 576 2251 627 τὸν
2279 576 2527 643 Χριστὸν,
2558 574 2647 626 τὸν
2682 574 2807 625 Υἱδν
2837 574 2930 626 τοῦ
2966 574 3118 627 Θεοῦ.
3163 573 3257 643 βοᾷ
3295 575 3387 625 καὶ
3419 573 3587 638 λέγει·
3623 574 3709 625 Σὺ
3748 576 3836 659 [sf

404 658 564 744 ἔφερε
601 676 692 727 τοῦ
734 672 991 743 Χριστοῦ.
1025 670 1347 740 Προφητικῷ
1378 670 1554 721 τοίνυν
1588 668 1854 734 πνεύματι
1885 665 2061 718 κινού·
2154 660 2509 727 ρεὺςεὶςτόν
2526 660 2707 712 αἰῶνα
2723 666 2867 713 κατὰ
2886 659 2995 725 τὴν
3014 659 3659 726 τάξινΜελχισεδέκόὐ
3680 658 3837 710 κατὰ

408 777 583 829 μενος,
616 760 713 828 τὴν
743 759 1035 828 μέλλουσαν
1068 757 1379 825 προσφορὰν
1408 755 1546 824 ὑπὲρ
1578 755 1683 804 τῶν
1708 754 1872 805 ἐθνῶν
1896 769 2061 821 προσ·
2162 747 2259 815 τὴν
2315 745 2538 813 Ἀαρὼν,
2577 745 2669 796 τοῦ
2718 747 2775 797 ὲν
2821 746 3037 814 μόσχοις
3085 747 3175 797 καὶ
3217 746 3409 814 ἄρνισι
3444 744 3833 814 λατρεύοντος’

405 843 722 913 κομίζεσθαι
761 844 975 912 νοήσας,
1013 841 1161 909 ἄρτῳ
1204 842 1296 891 καὶ
1338 840 1463 909 οἴνῳ
1505 838 1594 889 τὸν
1627 836 1755 889 Θεὸν
1786 837 2055 906 ἐγέραιρε,
2163 833 2315 896 ἀλλὰ,
2353 833 2434 886 Σὺ
2468 834 2657 901 Ιερεὺς
2687 837 2773 898 εἰς
2804 834 2911 887 τὸν
2936 834 3119 886 αἰῶνα
3146 834 3289 886 κατὰ
3320 832 3432 899 τὴν
3464 835 3636 895 τάξιν
3663 838 3842 887 Μελ-

410 928 737 997 μιμούμενος
766 926 856 979 τὸν
897 926 1151 995 μέλλοντα
1184 926 1433 993 Χριστόν.
1482 922 1695 992 Ἐπειδὴ
1720 919 1813 974 οὖν
1854 923 1885 990 ὴ
1932 923 2058 972 Ἰου-
2164 920 2426 989 χισεδέκ.
2460 921 2604 989 ἄρτῳ
2636 921 2726 972 καὶ
2753 921 2878 989 οἴνῳ
2906 921 3001 987 τὴν
3028 920 3134 971 τῶν
3162 919 3635 989 προσκομιζόντων
3662 937 3842 986 προσ-

405 1015 564 1066 δαίων
600 1014 885 1082 συναγωγὴ
920 1014 976 1062 ἐν
1001 1012 1149 1076 τάξει
1176 1012 1266 1063 τοῦ
1310 1008 1515 1079 Ἀαρὼν
1546 1009 1730 1060 θυσίαν
1757 1008 2058 1075 προσέφερε
2165 1006 2336 1076 φορὰν
2370 1008 2445 1067 εἰς
2465 1008 2522 1058 τὸ
2546 1006 2787 1075 διηνεκὲς
2811 1006 3115 1075 προσάγων.
3144 1008 3218 1056 Δι’
3251 998 3309 1056 οὗ
3336 1005 3411 1073 τῷ
3439 1006 3611 1075 Πατρὶ
3640 1006 3671 1074 ἡ
3700 1006 3843 1069 δόξα

408 1100 484 1169 τῷ
518 1100 655 1167 Θεῷ,
685 1100 782 1151 οὐκ
819 1100 980 1168 ἄρτον
1008 1100 1098 1150 καὶ
1123 1093 1282 1157 οἶνον,
1308 1096 1440 1148 ἀλλὰ
1466 1096 1693 1165 μόσχους
1721 1095 1813 1146 καὶ
1835 1095 2055 1161 ἀμνοὺς,
2167 1094 2261 1145 σὺν
2308 1090 2383 1161 τῷ
2417 1093 2663 1161 παναγίῳ
2698 1092 2992 1160 Πνεύματι,
3034 1091 3129 1143 νῦν
3172 1092 3263 1143 καὶ
3301 1091 3407 1151 ἀεὶ,
3453 1092 3546 1143 καὶ
3591 1093 3671 1152 εἰς
3703 1093 3845 1155 τοὺς

406 1186 498 1237 καὶ
543 1184 754 1246 θυσίαις
799 1184 864 1236 δι’
901 1184 1127 1252 αἵματος
1163 1181 1377 1245 ἐδόξαζε
1411 1182 1501 1234 τὸν
1525 1180 1676 1243 Θεὸν,
1714 1180 1742 1230 ὁ
1767 1179 1895 1241 Θεὸς
1924 1179 2058 1248 πρὸς
2165 1177 2366 1241 αἰῶνας
2402 1178 2506 1232 τῶν
2544 1178 2775 1233 αἰώνων.
2818 1179 3009 1235 ’Λμήν.

1926 2220 2305 2282 MONITUM

573 2446 685 2503 Hac
713 2445 950 2511 homilia,
983 2445 1244 2502 hactenus
1270 2442 1470 2517 ignota,
1504 2444 1705 2501 nullam
1738 2449 1789 2501 in
1823 2456 1933 2503 toto
1962 2450 2324 2519 Chrysostomi
2367 2467 2591 2519 operum
2623 2453 2851 2507 decursu
2886 2457 3309 2522 prsestantiorem
3352 2474 3469 2515 esse
3504 2476 3729 2531 compca

503 2565 701 2631 rimus;
733 2565 846 2620 sive
885 2564 1203 2635 elegantiam
1231 2573 1557 2634 spectemus,
1589 2563 1704 2618 sive
1742 2579 1941 2619 nervos
1970 2576 2025 2618 et
2053 2566 2209 2628 sales,
2242 2566 2354 2619 sive
2385 2566 2486 2619 alia
2521 2580 2703 2618 rerum
2733 2566 3075 2633 documenta,
3115 2587 3234 2639 qua:
3279 2574 3346 2627 ad
3386 2590 3565 2631 mores
3594 2594 3725 2647 per-

500 2685 695 2748 tinent,
731 2682 797 2737 ad
825 2682 1243 2737 consuetudines
1264 2684 1674 2746 ecclesiasticas,
1708 2682 2085 2750 praecipueque
2141 2683 2205 2736 ad
2262 2683 2562 2740 historiam.
2600 2684 2817 2738 Annum
2859 2685 3000 2739 enim
3056 2686 3258 2742 indicat
3299 2688 3727 2761 Chrysostomns

501 2800 700 2854 habita:
736 2797 1035 2863 concionis,
1061 2797 1451 2851 hebdomadam
1475 2797 1627 2859 item,
1653 2810 1834 2849 rerum
1866 2805 2135 2865 gestarum
2167 2795 2338 2849 vicem
2371 2806 2425 2850 et
2449 2797 2591 2862 dies;
2632 2798 2704 2851 ita
2748 2808 2808 2853 ut
2854 2814 2959 2853 non
3009 2814 3171 2869 parva
3217 2803 3343 2859 hinc
3379 2821 3603 2865 eruatur
3655 2816 3725 2867 ad

500 2910 665 2966 vitam
697 2909 868 2963 sancti
896 2908 1131 2963 doctoris
1159 2909 1416 2962 accessio.
1446 2908 1580 2962 Rem
1609 2908 1682 2961 uti
1716 2918 1863 2978 gesta
1898 2917 1981 2961 est
2011 2908 2099 2961 hic
2121 2908 2311 2961 ordine
2344 2908 2651 2963 referimus.

568 3025 723 3076 Anno
752 3023 873 3085 399,
906 3029 1186 3089 postquam
1209 3036 1371 3073 nilum
1399 3020 1509 3088 jam
1533 3036 1730 3073 annum
1754 3021 1807 3073 in
1825 3021 2136 3090 episcopatu
2160 3022 2750 3092 Constantinopolitano
2776 3040 3025 3081 emensus
3056 3039 3168 3083 erat
3192 3030 3628 3101 Chrysoslomus,
3664 3047 3727 3089 nt

504 3136 621 3206 ipse
643 3135 718 3190 ait
742 3136 900 3199 infra,
934 3136 1027 3187 καὶ
1051 3135 1158 3204 γὰρ
1199 3133 1440 3185 ἐνιαυτὸν
1470 3132 1575 3201 ἔχω
1604 3131 1788 3185 λοιπὸν
1815 3134 1915 3201 τῆς
1948 3135 2075 3186 πόλε

2147 3151 2153 3190 :
2180 3134 2377 3194 ἐπιϐὰς
2408 3134 2507 3202 τῆς
2534 3136 2822 3205 ὑμετέρας,
2876 3138 3151 3193 ordinatus
3178 3157 3373 3211 nempe
3405 3158 3548 3195 anno
3594 3146 3723 3204 598,

498 3258 679 3319 atque,
716 3258 775 3302 ut
796 3248 870 3301 ait
900 3247 1167 3312 Socrates,
1194 3249 1261 3302 ΞΟ
1290 3249 1590 3315 Februarii,
1632 3249 1763 3303 feria
1790 3258 1977 3314 quarta
2021 3250 2371 3304 hebdomadas
2406 3261 2624 3317 sanare,
2676 3270 2795 3323 qua:
2821 3254 2951 3308 feria
2982 3270 3124 3308 anno
3153 3257 3254 3311 399
3289 3256 3563 3311 incidebat
3596 3257 3651 3311 in
3691 3261 3726 3311 6

498 3365 720 3436 Aprilis,
758 3376 865 3422 tam
899 3368 1088 3438 ingens
1117 3368 1296 3437 pluvia
1320 3368 1541 3432 decidit,
1574 3376 1633 3420 ut
1658 3378 1835 3423 metus
1868 3378 2028 3434 esset,
2060 3385 2128 3423 ne
2148 3370 2259 3439 agri
2294 3371 2727 3437 devastarentur,
2759 3387 3066 3440 messesque
3092 3388 3279 3427 omnes
3317 3373 3369 3426 in
3417 3374 3719 3442 perniciem

498 3495 736 3541 ruerent.
764 3486 902 3541 llinc
930 3501 1135 3555 preces,
1166 3486 1586 3553 supplicationes
1610 3493 1662 3538 et
1694 3485 1971 3547 λιτανεῖαι,
2001 3501 2097 3539 seu
2132 3489 2482 3554 processiones
2502 3528 2517 3552 ,
2551 3489 2805 3557 episcopo
2835 3489 2970 3542 duce
2999 3497 3052 3543 et
3082 3498 3193 3542 toto
3220 3500 3577 3544 concurrente
3618 3507 3722 3559 po-

499 3604 628 3675 pulo
659 3603 723 3659 ad
764 3603 1058 3657 ‘Ecclesiam
1115 3603 1479 3670 apostolorum
1523 3600 1991 3669 Constantinopoli
2040 3603 2463 3656 celeberrimam.
2516 3603 2902 3673 Deprecatores
2951 3605 3177 3658 adhibiti
3228 3614 3353 3658 sunt
3400 3605 3609 3667 Petrus,
3662 3615 3722 3659 ct

505 3721 769 3784 Andreas,
801 3720 890 3787 qui
926 3718 1229 3789 Byzantina:
1260 3716 1511 3773 Ecclesiae
1539 3715 1790 3771 fundator
1830 3715 2151 3782 habebatur,
2197 3716 2393 3772 Paulus
2423 3717 2547 3771 item
2581 3726 2635 3771 et
2665 3713 2980 3771 Timotheus
3008 3719 3072 3772 ad
3127 3716 3438 3785 placandam
3470 3715 3723 3771 Numinis

496 3834 632 3888 iram
662 3833 896 3886 invocati
931 3840 1074 3886 sunt.
1126 3831 1251 3885 Post
1291 3832 1405 3886 haec
1455 3831 1625 3884 imbre
1664 3839 1931 3893 cessante,
1977 3830 2204 3885 necdum
2234 3831 2441 3884 sublata
2475 3830 2782 3894 formidine,
2817 3832 3039 3897 trajecto
3088 3830 3315 3883 navibus
3344 3828 3606 3897 Bosporo,
3653 3830 3723 3882 ad

498 3945 794 3998 Ecclesiam
827 3944 929 3996 SS.
962 3944 1103 3997 Petri
1138 3954 1192 3997 et
1218 3943 1386 4006 Pauli,
1420 3945 1471 3997 in
1518 3945 1761 4013 opposita
1813 3945 1978 3997 maris
2008 3960 2097 3997 ora
2128 3945 2308 4009 sitam,
2340 3960 2461 3999 cum
2487 3945 2739 4015 episcopo
2769 3954 2913 3999 totus
2946 3955 3117 4000 cmtus
3162 3946 3415 3999 occurrit.
3442 3945 3556 3998 Hoc
3592 3960 3723 4014 per-

496 4054 669 4109 functi
722 4055 966 4123 periculo
1020 4053 1597 4122 ConstantinOpnlitani
1656 4054 1917 4123 plerique,
1980 4070 2072 4106 una

2146 4062 2346 4110 tantum
2410 4057 2730 4127 interposita
2790 4058 2907 4122 die,
2974 4058 3101 4126 μιᾶς
3166 4057 3365 4126 μεταξὺ
3419 4059 3722 4128 γενομένης

495 4168 728 4241 ἡμέρας,
765 4185 883 4238 qua:
908 4168 1023 4221 dies
1049 4176 1165 4221 erat
1195 4167 1328 4221 feria
1364 4166 1400 4220 V
1448 4168 1502 4219 in
1536 4168 1700 4222 Coena
1732 4166 1963 4231 Domini,
2000 4183 2120 4220 cum
2154 4168 2208 4220 in
2255 4167 2547 4224 Parasceve
2596 4171 2705 4225 ludi
2751 4180 3026 4240 equestres
3060 4172 3407 4242 agitarentur,
3458 4174 3719 4227 transacti

494 4286 722 4360 periculi
753 4286 1118 4347 immemores,
1163 4286 1298 4338 nihil
1352 4294 1606 4339 curantes
1655 4285 1795 4338 diem
1821 4285 1961 4338 illam
1989 4299 2217 4348 sacram,
2265 4286 2318 4338 in
2362 4301 2467 4354 qua
2513 4301 2610 4354 pro
2657 4287 2803 4340 orbis
2840 4288 3011 4342 salute
3036 4288 3283 4342 Christus
3329 4288 3473 4342 cruci
3523 4290 3717 4345 affixus

495 4393 619 4460 fuit,
661 4396 727 4451 ad
772 4396 875 4450 hoc
907 4398 1271 4466 spectaculum
1305 4407 1675 4461 accurrcrunt,
1719 4405 1992 4466 totamque
2037 4399 2228 4451 urbem
2275 4399 2562 4451 inconditis
2592 4400 2917 4453 clamoribus
2961 4402 3322 4469 repleverunt,
3364 4374 3582 4458 interim
3623 4405 3715 4457 in-

496 4511 830 4580 gemiscente
858 4512 1111 4581 domique
1132 4510 1354 4566 sedente
1376 4509 1782 4579 Chrysostomo.
1813 4510 1998 4579 Neque
2025 4508 2153 4563 satis
2179 4510 2417 4563 habuere
2459 4509 2552 4570 illi,
2591 4510 2732 4579 quod
2774 4511 2915 4565 diem
2953 4521 3193 4566 sanctam
3222 4513 3547 4569 Parasceves
3589 4531 3719 4585 pro-

491 4628 632 4683 fanis
661 4629 980 4695 spectaculis
1014 4629 1495 4691 dehonestassent;
1530 4626 1615 4680 die
1638 4628 1797 4681 etiam
1836 4627 2171 4696 insequente,
2224 4641 2344 4695 quae
2373 4636 2488 4680 erat
2520 4626 2814 4681 Sabbatum
2848 4638 3114 4691 sanctum,
3146 4629 3211 4683 ad
3241 4630 3528 4687 theatrales
3559 4635 3718 4692 ludos

493 4757 553 4797 se
583 4742 950 4810 contulerunt,
1000 4743 1091 4797 ubi
1116 4741 1419 4797 meretricia
1454 4750 1608 4795 erant
1651 4742 1973 4809 spectacula,
1998 4757 2115 4811 quae
2145 4741 2453 4811 singulatim
2493 4750 2547 4795 et
2580 4742 2789 4812 egregie
2815 4743 3055 4815 depingit
3082 4744 3516 4816 Chrysostomus,
3545 4746 3712 4818 inque

491 4856 931 4930 pravaricatores
986 4854 1293 4923 huiusmodi
1344 4854 1577 4924 graviter
1624 4852 1916 4917 invehitur,
1973 4854 2297 4923 demumque
2330 4853 2385 4906 in
2418 4852 2536 4906 illos
2583 4855 3157 4912 exeommunicationis
3199 4860 3528 4913 sententiam
3579 4876 3713 4929 pro-

491 4976 721 5030 nunﬁuL

565 5090 663 5144 llic
692 5088 1041 5158 querendum
1066 5088 1324 5144 incumbit
1352 5104 1419 5142 an
1445 5103 1572 5141 vere
1601 5096 1657 5141 et
1689 5103 1751 5141 cx
1790 5088 1971 5141 animo
2005 5089 2329 5143 sententiam
2384 5089 2524 5143 illam
2576 5091 2862 5160 protulerit
2911 5090 3347 5160 Chrysostomus,
3390 5107 3457 5144 an
3484 5092 3713 5145 commi-

492 5203 671 5257 nantis
707 5201 855 5273 [επ]
890 5203 1061 5257 solum
1102 5218 1273 5256 more.
1320 5202 1373 5255 Si
1409 5203 1571 5256 verba
1605 5210 1834 5271 spectes,
1868 5201 2353 5256 excommunicatio
2396 5202 2481 5255 illa
2507 5217 2565 5256 re
2608 5217 2671 5256 ac
2714 5217 2840 5257 vere
2878 5202 3095 5255 inducta
3126 5202 3386 5255 videatur.
3419 5202 3711 5270 Postquam

496 5317 637 5370 enim
657 5315 882 5384 dixerat,
925 5318 1031 5387 Age
1059 5319 1333 5373 sectionem
1380 5318 1685 5389 inferamus,
1718 5327 1847 5384 etc.,
1879 5319 1973 5384 ait,
2008 5320 2069 5371 ὲκ

2132 5317 2459 5373 ιλλὲσθωσαν
2493 5324 2667 5374 τοίνυν
2715 5322 2764 5374 οι
2800 5321 3048 5388 τοιοῦτοι,
3098 5320 3396 5389 Ejiciantur
3438 5337 3558 5392 ergo
3609 5324 3708 5374 lm-
