3990 6426
199 461 306 514 261

201 575 287 619 est
307 603 322 627 ,
353 559 653 631 gviiealogia
689 566 862 610 tamen
893 553 1120 608 ducitur.
1154 550 1262 606 Sed
1287 548 1537 620 quoniam
1569 543 1787 600 Melchi-

201 656 364 709 sedeo
387 665 539 723 typus
557 660 669 704 erat
691 648 919 712 Domini,
953 656 1006 700 et
1033 645 1316 713 imaginem
1345 640 1548 696 ferebat
1568 635 1786 700 Christi,

204 740 650 810 quemadmodum
677 749 729 792 et
759 737 921 792 Jonas
945 775 960 801 ,
992 735 1110 789 ideo
1145 733 1415 800 Scriptura
1444 731 1557 797 ejus
1585 736 1789 796 patrem

203 834 391 895 tacuit,
421 840 474 884 ut
503 832 554 884 in
581 831 691 896 illo,
723 840 990 897 tamquam
1020 826 1075 879 in
1105 825 1351 893 imagine,
1379 822 1672 884 Christum,
1700 816 1788 886 qui

204 939 332 978 vere
373 924 489 978 sine
530 931 677 992 patre
719 931 772 975 et
817 920 932 974 sine
976 917 1284 988 genealogia
1323 921 1439 976 est,
1465 913 1785 965 intueamur.

205 1013 319 1066 lloc
350 1014 506 1066 etiam
539 1012 690 1065 nobis
717 1010 973 1078 objiciunt
1014 1003 1451 1061 Melchisedecitce
1476 1019 1486 1053 :
1511 1000 1646 1066 Quid
1686 996 1788 1051 sibi

203 1104 316 1157 vult
361 1118 487 1171 ergo
533 1102 582 1154 id
617 1100 754 1170 quod
795 1100 922 1153 dicit
949 1099 997 1153 ei
1046 1098 1220 1159 Pater,
1267 1094 1341 1148 Tu
1385 1111 1434 1148 es
1462 1091 1692 1147 sacerdos
1735 1091 1788 1141 in

205 1206 446 1247 a’trrnnm
475 1193 746 1245 secundant
777 1190 1003 1244 ordinem
1035 1188 1088 1240 Μ
1093 1188 1364 1240 etc/tisedec
1393 1183 1508 1253 (Ps.
1545 1183 1663 1236 109.
1689 1179 1787 1248 4)¹ἶ

205 1285 408 1349 Quibus
453 1282 874 1350 respondemus,
921 1276 1362 1331 Melchisedecnm
1413 1274 1580 1326 virum
1625 1270 1786 1323 fuisse

205 1374 402 1442 justum
426 1413 438 1435 ,
469 1382 521 1425 et
551 1386 674 1425 vere
704 1369 981 1439 imaginem
1022 1368 1203 1420 tulisse
1245 1365 1458 1418 Christi.
1494 1364 1581 1415 llle
1609 1361 1786 1428 itaque

1095 447 1371 506 CONTRE
1409 439 1632 501 LUDOS
1667 438 1758 494 ΕΤ
1797 435 2568 498 ΤΗΕΑΤΒΑ.--ΜΟΝΙΤΠΜ.

3353 440 3464 495 262

1893 541 2192 598 Judteorum
2225 559 2489 615 synagoga
2523 554 2812 600 secundum
2840 561 3079 602 ordinem
3123 548 3345 602 Aaronis
3375 550 3468 602 ho-

1894 633 2048 687 stiam
2077 633 2330 688 oll'erebat
2357 635 2486 702 Deo,
2508 651 2611 690 non
2642 652 2828 704 panem
2856 649 2909 692 et
2930 639 3131 703 vinum,
3152 640 3246 694 sed
3274 641 3468 696 vitulos

1893 733 1948 778 et
1978 739 2140 791 agnos
2161 765 2174 785 .
2208 733 2262 779 et
2307 727 2538 781 cruentis
2581 729 2851 782 sacrificiis
2880 731 3102 798 gloriam
3138 731 3245 786 Deo
3272 735 3474 785 retere-

1892 817 1999 880 bat,
2032 818 2168 871 Deus
2194 815 2258 870 ad
2286 832 2404 870 eum
2422 820 2505 886 qui
2530 834 2596 872 ex
2616 820 2819 888 virgine
2843 820 3000 874 Maria
3019 823 3313 876 nasciturus
3331 833 3467 886 erat,

1893 907 2074 962 Jesum
2106 907 2371 962 Christum
2404 908 2592 962 Filium
2636 911 2728 963 Dei
2749 951 2763 974 ,
2791 911 2983 964 clamat
3011 921 3065 965 et
3107 913 3232 966 dicit
3266 932 3278 966 :
3314 912 3388 965 Tu
3421 930 3472 965 es

1893 1001 2123 1053 sacerdos
2169 1000 2220 1052 in
2261 1011 2503 1053 wternum
2545 1004 2815 1055 secundum
2850 1005 3074 1056 ordinem
3109 1004 3469 1067 Melchisedec;

1892 1106 1999 1145 non
2027 1090 2316 1146 secundum
2361 1092 2600 1146 ordinem
2647 1095 2890 1156 Aarouis,
2927 1096 3011 1163 qui
3041 1095 3217 1149 vitulis
3240 1104 3291 1149 et
3323 1096 3472 1164 agnis

1894 1183 2002 1237 Deo
2027 1182 2225 1236 cultum
2253 1181 2516 1236 referebat
2542 1200 2555 1247 ;
2589 1184 2702 1245 sed,
2734 1183 2808 1235 Tu
2830 1201 2878 1236 es
2909 1187 3140 1236 sacerdos
3158 1186 3206 1236 in
3228 1195 3471 1237 a'ternum

1891 1273 2162 1326 secundum
2189 1274 2412 1326 ordinem
2444 1274 2774 1328 Melc/zisedec
2799 1317 2812 1338 ,
2843 1291 2977 1344 pane
3007 1284 3059 1329 et
3089 1277 3209 1328 vino
3249 1277 3473 1328 alie-ren-

1893 1365 2020 1420 tium
2052 1381 2236 1420 eorum
2260 1373 2509 1435 perpetua
2541 1381 2756 1419 munera
2785 1366 2890 1418 Deo
2915 1365 3161 1420 oﬂ‘erens.
3185 1366 3287 1420 Per
3315 1381 3472 1434 quem

209 1463 519 1531 prophetico
563 1463 748 1529 Spiritu
790 1469 965 1512 motus
992 1501 1005 1524 ,
1035 1457 1262 1510 futuram
1312 1454 1633 1506 oblationem
1692 1463 1786 1518 pro

207 1555 451 1622 gentibus
480 1551 855 1621 proferendam
888 1549 1205 1617 intelligens.
1243 1561 1372 1615 pane
1396 1554 1446 1599 cl
1475 1546 1596 1597 vino
1623 1544 1784 1596 Deum

211 1643 389 1707 eoluit,
425 1641 696 1698 Christum
727 1651 1004 1696 venturum
1045 1640 1297 1692 imitatus.
1329 1638 1587 1705 Quoniam
1629 1635 1786 1705 igitur

1892 1459 2036 1512 Patri
2062 1460 2226 1527 gloria
2251 1474 2369 1512 cum
2395 1459 2728 1511 sanctissimo
2757 1458 2973 1525 Spiritu,
3004 1476 3140 1512 nunc
3161 1470 3214 1512 et
3237 1474 3470 1528 semper,

1892 1559 1944 1602 et
1975 1550 2024 1602 in
2056 1551 2246 1603 swcula
2279 1549 2614 1602 smculorum.
2641 1551 2832 1601 Amen.

1277 2233 1382 2290 AD
1443 2231 1845 2290 nonnum
1893 2228 2389 2303 SEQUENTEM.

211 2464 445 2533 jusmodi
467 2464 728 2525 homines;
773 2471 828 2515 ut
857 2469 1036 2514 autem
1081 2459 1339 2528 probetur
1377 2459 1553 2526 ipsum
1584 2474 1647 2512 ex
1687 2456 1869 2511 animo
1903 2465 1957 2511 et
2003 2457 2212 2510 sincere
2243 2455 2356 2508 hazc
2381 2455 2629 2519 edixisse,
2660 2457 2844 2525 paucis
2889 2456 3180 2524 interjcctis
3210 2457 3287 2508 sic
3323 2458 3397 2510 ait
3429 2472 3442 2508 :

220 2577 280 2633 Si
327 2597 443 2633 vero
493 2579 860 2647 per/torruistis
916 2579 1049 2629 hanc
1107 2577 1374 2627 audientes
1419 2575 1732 2627 sententiam
1789 2573 1955 2643 (video
2003 2589 2226 2642 namque
2291 2589 2464 2626 omnes
2516 2573 2899 2642 ingemiscentes
2951 2585 2996 2626 et
3053 2575 3438 2642 compunctos),

223 2701 551 2766 resipiscam,
606 2709 652 2751 et
704 2699 958 2750 sententia
1010 2695 1180 2748 soluta
1235 2705 1327 2757 est,
1374 2693 1786 2762 μεταϐαλλέσθω

1892 2710 1913 2755 ι,
1957 2693 2049 2744 καὶ
2085 2693 2296 2744 λέλυται
2327 2693 2393 2743 τὰ
2426 2694 2522 2760 τῆς
2571 2693 2911 2752 ἀποβάσεως.
2951 2692 3081 2756 Qua
3123 2693 3285 2745 verba
3319 2707 3448 2744 sen-

223 2813 447 2866 tentiam
471 2824 594 2863 vere
627 2812 888 2878 prolatam
921 2821 1030 2875 pra:
1063 2790 1119 2858 se
1155 2803 1295 2856 ferre
1321 2803 1592 2855 videntur.
1637 2802 1706 2853 At
1765 2810 1893 2868 puto
1928 2801 2040 2854 haec
2089 2810 2298 2854 tantum
2327 2803 2686 2854 comminandi
2718 2803 2898 2856 animo
2928 2805 2994 2856 ab
3037 2803 3276 2857 antistite
3306 2805 3447 2857 dicta

225 2923 414 2988 fuisse,
447 2939 547 2977 nec
573 2924 675 2977 nisi
722 2938 904 2990 parem
950 2921 1000 2972 in
1033 2919 1241 2988 culpam
1278 2919 1457 2971 denuo
1484 2917 1661 2985 lapsos
1694 2930 1805 2980 eos,
1858 2914 1949 2982 qui
1986 2916 2052 2968 ad
2088 2916 2391 2970 snectacula
2429 2926 2794 2979 accnrrcrant,
2830 2919 3437 2971 excommunicationem

225 3038 410 3090 subire
439 3038 690 3090 voluisse.

299 3148 452 3201 Aliud
487 3150 872 3218 explorandum
912 3148 1252 3218 proponitur,
1303 3161 1409 3216 quo
1438 3161 1634 3212 nempe
1671 3145 1756 3198 die
1804 3144 1950 3198 hanc
2006 3143 2323 3198 concionem
2357 3145 2608 3197 habuerit
2657 3145 3068 3213 Chrysostomus
3105 3164 3116 3198 :
3169 3162 3254 3199 res
3300 3148 3445 3200 enim

225 3259 537 3314 ditlicultate
568 3277 675 3314 non
733 3276 924 3315 vacare
956 3261 1182 3314 videtur.
1231 3260 1291 3313 ln
1332 3261 1433 3312 hac
1463 3258 1722 3311 concione
1749 3272 1786 3311 e1

1892 3258 2014 3323 .ait,
2068 3257 2170 3326 πρὸ
2219 3257 2385 3325 τριῶν
2437 3257 2656 3327 ἡμερῶν
2705 3260 2995 3328 ἐπομϐρίαι,
3029 3270 3150 3312 ante
3187 3271 3288 3312 tres
3326 3261 3434 3314 dies

221 3371 396 3423 imber
422 3373 619 3440 ingens.
663 3371 836 3425 Imber
859 3381 1038 3424 autem
1072 3371 1158 3424 ille
1182 3369 1378 3424 decidit
1429 3369 1561 3422 feria
1611 3377 1800 3436 quarta
1834 3366 2194 3421 llebdomadis
2244 3378 2463 3433 sanctae,
2523 3369 2712 3437 quinta
2762 3371 2894 3422 feria
2939 3371 2992 3422 in
3029 3371 3193 3425 Coma
3239 3373 3448 3426 Domini

225 3485 365 3539 nihil
414 3496 741 3538 memoratur
805 3484 1084 3549 incidisse,
1113 3485 1167 3537 in
1195 3484 1491 3539 Parasceve
1531 3485 1641 3538 ludi
1678 3492 1959 3553 equestres
2011 3485 2211 3538 multos
2258 3493 2594 3551 averterunt,
2642 3484 2874 3540 Sabbato
2918 3487 3076 3539 iidem
3117 3489 3448 3542 theatrorum

228 3598 536 3665 spectacula
567 3597 837 3650 adierunt.
873 3597 1007 3651 llinc
1029 3613 1155 3652 vero
1179 3600 1330 3667 sequi
1359 3600 1574 3653 videtur
1597 3600 1736 3652 hanc
1761 3598 2044 3652 l‘lomiliam
2073 3599 2188 3667 ipso
2208 3598 2294 3651 die
2325 3607 2511 3651 sancto
2548 3598 2766 3650 Pascha:
2799 3599 3032 3650 habitam
3062 3599 3259 3664 fuisse;
3311 3601 3451 3654 inter

227 3727 388 3780 quem
421 3721 474 3764 et
503 3711 684 3764 feriam
711 3721 956 3779 quartam
985 3714 1382 3780 praecedentem
1408 3723 1550 3766 retro
1581 3714 1936 3776 numerando,
1989 3722 2096 3765 tres
2127 3713 2533 3765 intercedebant
2574 3713 2686 3766 dies
2715 3715 2855 3781 pleni
2895 3723 2948 3767 et
2989 3717 3198 3787 integri,
3245 3718 3418 3770 Sabba

228 3834 366 3888 tum,
393 3824 688 3878 Parasceve
719 3835 771 3878 et
800 3827 929 3878 feria
965 3828 1170 3894 quinta.
1197 3827 1301 3880 Sed
1342 3828 1384 3881 si
1417 3828 1501 3881 die
1530 3829 1746 3882 Pascha
1770 3829 1948 3881 habita
1976 3828 2163 3882 concio
2192 3827 2312 3892 fuit,
2356 3833 2486 3882 cur‘
2528 3845 2594 3882 ne
2646 3830 2868 3882 verbum
2904 3832 3119 3899 quidem
3164 3833 3228 3885 de
3268 3849 3450 3885 resur-

228 3943 471 3994 rectione
505 3942 710 3992 Domini
746 3941 800 3993 in
849 3949 957 3994 tota
996 3941 1211 3994 homilia
1248 3942 1509 3995 habetur?
1555 3943 1685 3994 Nam
1729 3942 1830 3994 etsi
1873 3942 1977 3995 dici
2013 3942 2243 3996 fortasse
2291 3943 2461 4010 possit
2503 3942 2945 4013 Chrysostomum
2994 3946 3080 3998 illa
3117 3948 3220 4008 die,
3273 3956 3328 3998 ut
3368 3947 3450 3998 in-

227 4057 598 4125 dignationem
627 4071 775 4108 suam
809 4057 860 4108 in
889 4072 1000 4116 eos.
1033 4056 1123 4124 qui
1155 4056 1364 4109 theatra
1411 4056 1599 4109 diebus
1628 4056 1827 4109 sanctis
1858 4056 2119 4120 adierant,
2164 4065 2500 4117 exoneraret,
2538 4057 2853 4108 concionem
2890 4058 3157 4120 habuisse,
3209 4061 3450 4128 nihilque

226 4171 373 4225 aliud
414 4172 696 4240 cogitasse,
730 4188 794 4224 an
827 4173 1006 4225 decuit
1038 4172 1090 4223 in
1121 4172 1207 4224 die
1262 4179 1449 4225 sancto
1492 4173 1710 4224 Paschze
1753 4173 1892 4224 nihil
1941 4171 2162 4223 omnino
2198 4170 2263 4222 de
2319 4180 2464 4223 tanta
2513 4172 2844 4237 celebritate,
2888 4187 2955 4225 ne
2986 4173 3207 4240 carptim
3260 4175 3447 4227 saltem

224 4287 408 4356 loqui?
443 4286 497 4339 Si
530 4303 656 4340 vero
688 4287 741 4339 in
781 4297 1095 4355 sequentem
1128 4288 1268 4340 diem
1302 4286 1584 4338 llomiliam
1637 4287 1932 4350 mittamus,
1978 4287 2077 4338 alia
2108 4295 2359 4356 exsurget
2405 4286 2690 4340 diliicultas
2724 4305 2734 4339 :
2770 4301 2878 4340 non
2930 4287 3072 4340 enim
3103 4296 3212 4340 tres
3239 4298 3446 4340 tantum

225 4407 365 4468 dies,
400 4406 492 4459 sed
535 4418 761 4474 quatuor
792 4405 934 4474 pleni
961 4414 1011 4458 et
1045 4404 1259 4473 integri,
1295 4404 1664 4468 intercedent;
1721 4421 1906 4458 verum
1953 4405 2180 4458 fortasse
2221 4405 2637 4475 Chrysostomus
2664 4415 2772 4459 tres
2791 4407 2982 4459 dixerit
3020 4407 3136 4459 dies
3167 4422 3272 4458 non
3317 4423 3447 4473 Stip-

226 4520 488 4591 putando,
543 4521 635 4575 sed
663 4521 879 4574 circiter
913 4530 1119 4588 tempus
1149 4519 1492 4588 assignando,
1542 4520 1684 4588 quod
1719 4520 1860 4589 apud
1893 4520 2065 4588 ipsum
2108 4535 2215 4574 non
2257 4522 2530 4577 insolitum
2565 4532 2665 4575 est.
2701 4520 2852 4584 Rem,
2894 4520 3127 4587 alioquin
3173 4536 3278 4572 non
3317 4521 3447 4574 tanti

225 4634 512 4696 momenti,
541 4632 756 4685 dubiam
795 4631 1164 4698 relinquimus.

297 4846 300 4848 τ
342 4846 360 4876 ‹
387 4831 518 4878 Hanc
542 4829 879 4877 dil‘tleultatem
923 4827 1065 4876 facile
1109 4825 1346 4886 expedire
1373 4823 1510 4883 licet,
1549 4826 1692 4872 modo
1731 4832 1876 4875 antea
1901 4834 2088 4876 certum
2116 4827 2195 4885 sit,
2225 4829 2348 4875 hanc
2384 4827 2632 4876 homiliam
2678 4828 2889 4876 habitam
2918 4843 3029 4876 esse
3057 4831 3133 4877 die
3174 4831 3443 4878 Paschalis.

225 4915 311 4967 Uti
348 4919 480 4963 enim
508 4917 879 4975 Clirysostomus
917 4916 1174 4975 presbyter
1201 4911 1456 4960 multoties
1483 4921 1591 4971 post
1615 4911 1897 4973 episcopum
1944 4919 1996 4960 et
2034 4914 2152 4960 alios
2176 4913 2351 4960 eodem
2372 4915 2451 4960 die
2483 4927 2537 4961 ac
2563 4913 2790 4961 continuo
2813 4913 2859 4960 in
2889 4914 3098 4961 ecclesia
3137 4914 3304 4961 habuit
3329 4928 3448 4960 coa-

221 5006 437 5057 cionem,
464 5000 510 5045 id
532 4999 658 5057 quod
685 5011 744 5045 ex
772 5002 878 5057 ejus
912 4995 1221 5045 sermonibus
1247 5000 1446 5056 apparet
1471 5010 1480 5041 :
1509 4996 1574 5041 ita
1607 4996 1695 5041 hoc
1721 4994 1868 5041 etiam
1892 4996 1974 5042 die
1995 4997 2122 5043 alius
2142 5005 2252 5054 post
2279 5010 2391 5042 cum
2415 4993 2718 5056 episcopum,
2739 5000 2841 5044 sive
2870 4999 3145 5057 presbyter,
3176 5001 3277 5044 sive
3301 4999 3345 5043 al
3373 5013 3446 5054 υς,

221 5083 496 5134 orationem
536 5085 597 5130 de
638 5081 820 5130 Pascha
845 5079 1028 5126 habere.
1053 5081 1232 5139 potuit,
1264 5085 1516 5138 postquam
1557 5080 1661 5135 ipse
1688 5075 1901 5135 graviter
1925 5082 2093 5124 contra
2137 5078 2410 5136 spectacula
2438 5083 2488 5123 et
2528 5079 2716 5124 theatra
2745 5079 3053 5137 disputassct.
3095 5079 3262 5126 Habeo
3288 5078 3336 5126 in
3361 5080 3449 5126 ha:

221 5178 280 5214 re
309 5163 705 5214 consentientem
737 5164 894 5222 ipsum
921 5156 1361 5206 Montet'aiconium.
1390 5155 1512 5203 Vide
1540 5163 1653 5202 tom.
1684 5157 1739 5211 V,
1768 5171 1812 5216 p.
1845 5157 1947 5214 118,
1976 5155 2112 5203 not.b
2147 5193 2156 5202 .
2188 5172 2204 5202 ι
2236 5157 2348 5205 lltec
2384 5158 2464 5206 Ch.
2495 5158 2572 5206 l-‘r.
2610 5159 2816 5205 Matlhmi
2855 5161 2899 5205 in
2929 5161 3051 5206 libro
3084 5160 3165 5220 qui
3192 5165 3448 5222 inscriptus

222 5253 334 5295 est:
364 5247 417 5292 J.
444 5242 763 5308 Cltrysostomt'
789 5239 1016 5293 Hontt'lt'a?
1036 5240 1116 5303 IV,
1142 5241 1236 5290 vol.
1265 5241 1308 5302 2,
1336 5253 1380 5302 p.
1407 5240 1482 5300 77,
1515 5239 1731 5299 Misenus,
1769 5239 1899 5286 1792.
1930 5238 2116 5297 Quibus
2137 5239 2259 5288 adde
2283 5241 2446 5288 Illontt‘.
2483 5242 2620 5290 Pran”.
2651 5240 2765 5290 tomi
2790 5243 2950 5302 hujus,
2979 5243 3014 5304 θ,
3034 5243 3094 5303 ll,
3119 5248 3441 5305 eumdeinth

221 5341 342 5384 tom.
375 5330 480 5393 Xli,
504 5345 551 5392 p.
574 5331 680 5380 52L
