3990 6432
332 368 444 422 265

324 473 415 523 καὶ
457 468 561 538 πρὸ
597 467 705 519 τῶν
733 462 1020 533 ὀφθαλμῶν
1046 461 1152 514 τῶν
1175 460 1451 530 ὑμετέρων
1479 457 1706 509 τιθέναι.
1737 456 1856 516 Πῶς
1886 454 1976 505 δυ-

325 568 594 639 νησόμεθα
613 566 702 618 τὸν
724 565 854 617 Θεὸν
878 561 1060 614 λοιπὸν
1086 559 1211 612 ἵλεω
1239 558 1492 626 ποιῆσαι;
1520 555 1637 616 πῶς
1659 551 1983 614 καταλλάξαι

322 667 700 738 ὀργιζόμενον;
751 661 862 733 Πρὸ
909 659 1072 730 τριῶν
1121 654 1339 728 ήμερῶν
1387 651 1658 723 ὲπομϐρία
1709 649 1803 703 καὶ
1834 648 1986 710 ὑετὸς

327 768 732 837 κατερρήγνυτο
766 763 940 815 πάντα
966 757 1315 830 παρασύρων,
1348 755 1439 808 ἀπ’
1467 751 1630 807 αὐτοῦ
1657 751 1748 804 τοῦ
1786 751 1984 819 στόμα-

325 886 415 930 τος
435 880 487 927 ε,
521 866 592 928 ὡς
630 864 824 925 εἰπεῖν,
859 861 955 929 τὴν
990 859 1265 928 τράπεζαν
1298 857 1404 909 τῶν
1443 854 1691 925 γηπόνων
1731 849 1987 921 ἀφαρπά-

327 967 455 1030 ζων,
479 963 716 1033 στάχυας
741 959 1022 1029 κομῶντας
1053 955 1405 1016 κατακλίνων,
1438 953 1505 1005 τὰ
1524 951 1658 1005 ἀλλα
1683 950 1894 1002 ἀπάντα
1919 948 1982 1014 τῇ

329 1065 608 1133 πλεονεξίᾳ
641 1064 738 1129 τῆς
779 1060 948 1130 ὑγρᾶς
987 1057 1314 1124 κατασήπων
1351 1053 1554 1113 ούσίας·
1592 1051 1853 1102 λιτανεῖαι
1896 1046 1990 1098 καὶ

331 1165 622 1235 ίκετηρίαι,
644 1163 738 1214 καὶ
773 1162 920 1212 πᾶσα
950 1157 1101 1227 ήμῶν
1131 1158 1164 1225 ἡ
1200 1155 1351 1214 πόλις
1379 1154 1563 1222 ὥσπερ
1584 1151 1877 1220 χείμαρρος
1901 1150 1991 1200 ἐπὶ

330 1268 454 1327 τοὺς
501 1264 700 1324 τόπους
751 1259 858 1312 τῶν
913 1255 1220 1310 ἀποστόλων
1272 1253 1478 1322 ἔτρεχε,
1514 1251 1607 1303 καὶ
1663 1251 1991 1319 συνηγόρους

333 1362 704 1433 ἐλαμϐάνομεν
737 1359 827 1411 τὸν
874 1358 1026 1426 ἅγιον
1068 1357 1270 1425 Πέτρον
1308 1354 1401 1406 καὶ
1435 1353 1523 1404 τὸν
1566 1352 1829 1422 μακάριον
1873 1353 1992 1403 Ἀν-

333 1465 515 1535 δρέαν,
546 1463 642 1532 τὴν
667 1460 929 1531 ξυνωρίδα
960 1458 1066 1510 τῶν
1090 1456 1399 1509 ἀποστόλων
1429 1454 1479 1516 δ,
1514 1453 1722 1505 Παῦλον
1771 1453 1862 1504 zeal.
1903 1453 1994 1503 Τι-

339 1563 548 1633 μόθεον.
587 1561 720 1612 Μετ’
746 1560 948 1617 ἐκεῖνα,
976 1557 1072 1624 τῆς
1118 1555 1286 1625 ὀργῆς
1327 1552 1597 1622 λυθείσης,
1627 1553 1719 1604 καὶ
1763 1551 1994 1618 πέλαγος

337 1659 690 1728 περάσαντες,
732 1655 822 1707 καὶ
861 1653 1118 1722 κυμάτων
1157 1649 1682 1718 κατατολμήσαντες,
1725 1647 1815 1698 ἐπὶ
1872 1647 1996 1707 τοὺς

337 1756 663 1828 κορυφαίους
693 1754 1002 1823 ἐτρέχομεν,
1033 1749 1123 1801 τὸν
1150 1748 1353 1817 Πέτρον
1381 1746 1478 1816 τὴν
1517 1745 1751 1815 κρηπῖδα
1782 1744 1876 1812 τῆς
1909 1741 1998 1792 πί-

339 1873 529 1919 στεως,
559 1855 650 1907 τὸν
688 1852 895 1906 Παῦλον
937 1850 997 1903 τὸ
1045 1848 1235 1912 σκεῦος
1273 1848 1372 1918 τῆς
1412 1847 1656 1916 ἐκλογῆς,
1695 1846 1998 1914 πανήγυριν

337 1955 708 2016 ἐπιτελοῦντες
759 1951 1150 2021 πνευματικήν,
1192 1949 1284 2002 καὶ
1337 1959 1359 1986 ο
1409 1949 1534 2008 τοὺς
1583 1945 1776 2006 ἄθλους
1820 1942 1998 1997 αὐτῶν

339 2053 820 2126 ἀνακηρύττοντες,
862 2050 931 2102 τὰ
971 2050 1205 2121 τρόπαια
1248 2048 1342 2100 καὶ
1385 2047 1482 2108 τάς
1531 2046 1684 2107 νίκας
1723 2043 1819 2105 τὰς
1861 2041 2000 2094 κατά

338 2159 446 2212 τῶν
504 2153 792 2224 δαιμόνων.
845 2151 956 2204 Καὶ
1011 2149 1132 2201 οὔτε
1172 2147 1250 2217 τῷ
1291 2146 1438 2215 φόϐῳ
1482 2146 1588 2198 τῶν
1634 2143 1927 2212 γινομένων
1971 2140 1998 2178 ἀ

341 2253 800 2321 καταπλαγέντες,
825 2250 947 2303 οὔτε
970 2251 1047 2319 τῷ
1078 2247 1417 2318 μεγέθειτῶν
1433 2243 1867 2315 κατορθωμάτων
1893 2241 2000 2293 τῶν

339 2353 710 2410 ἀποστολικῶν
744 2363 767 2390 ο
803 2349 1198 2412 παιδευθέντες,
1237 2345 1428 2415 ἀθρόον
1459 2344 1601 2397 οὕτω
1639 2345 1767 2413 μιᾶς
1801 2340 2000 2411 μεταξὺ

342 2454 636 2524 γενομένης
662 2449 893 2520 ἡμέρας,
924 2449 1148 2515 σκιρτᾷς
1165 2446 1258 2499 καὶ
1286 2445 1432 2516 βοᾷς,
1463 2445 1561 2513 τὴν
1594 2441 1789 2496 ἑαυτοῦ
1827 2441 2002 2510 ψυχήν

342 2551 683 2625 αἰχμάλωτον
708 2548 811 2600 ὑπὸ
841 2546 949 2598 τῶν
988 2545 1174 2597 παθῶν
1215 2545 1672 2613 παρασυρομένην
1697 2541 1961 2611 περιορῶν
1986 2555 1999 2602 ;

343 2653 406 2705 Ei
459 2649 516 2701 δὲ
564 2645 784 2700 ἐϐούλου
833 2641 1030 2712 δρόμον
1077 2641 1285 2707 ἀλόγων
1325 2642 1474 2709 όρᾷν,
1515 2640 1653 2701 τίνος
1691 2639 1873 2691 ἕνεκεν
1905 2638 2005 2689 ούκ

342 2747 566 2812 ἐξευξας
597 2745 665 2796 τά
689 2743 858 2808 ἄλογα
886 2741 943 2792 ἐν
969 2739 1050 2791 σοὶ
1073 2737 1240 2807 πάθη,
1266 2736 1434 2806 θυμὸν
1459 2736 1549 2789 καὶ
1569 2735 1880 2804 ἐπιθυμίαν,
1914 2735 2006 2786 καὶ

343 2845 619 2914 ἐπέθηκας
646 2842 827 2901 αὐτοῖς
851 2837 942 2890 τὸν
962 2837 1060 2905 τῆς
1092 2835 1406 2904 φιλοσοφίας
1437 2834 1616 2899 ζυγὸν,
1650 2835 1741 2885 τὸν
1775 2833 2008 2902 χρηστὸν

346 2945 440 2996 καὶ
475 2940 695 3009 κοῦφον,
727 2937 819 2990 καὶ
852 2934 1158 3002 ἐπέστησας
1194 2933 1375 2993 αὐτοῖς
1402 2929 1658 2998 λογισμὸν
1695 2929 1872 2998 ὀρθὸν.
1915 2928 2008 2981 καὶ

345 3044 484 3114 πρὸς
509 3041 570 3092 τὸ
596 3035 843 3108 βραϐεῖον
865 3034 1072 3104 ήλασας
1100 3032 1197 3100 τῆς
1225 3031 1336 3084 ἄνω
1365 3030 1627 3098 κλήσεως,
1654 3029 1753 3080 οὐκ
1777 3028 1881 3080 ἀπὸ
1918 3026 2011 3097 μύ-

347 3161 473 3207 σους
498 3143 577 3204 είς
605 3139 794 3210 μύσος,
815 3135 928 3189 ἀλλ’
955 3134 1062 3187 ἀπὸ
1089 3133 1192 3201 γῆς
1218 3135 1295 3194 είς
1323 3132 1547 3200 οὐρανὸν
1569 3131 1809 3200 τρέχων;
1843 3130 2011 3182 Τοῦτο

346 3245 455 3314 γὰρ
491 3242 592 3311 τῆς
637 3233 995 3306 ἱπποδρομίας
1035 3231 1096 3283 τό
1147 3226 1285 3291 είδος
1330 3229 1464 3297 μετά
1508 3228 1604 3296 τῆς
1654 3228 1846 3297 ἡδονῆς
1896 3229 2014 3280 πολ-

347 3344 444 3412 λὴν
493 3339 604 3410 ἔχει
648 3336 746 3406 τὴν
785 3332 1068 3400 ὠφέλειαν.
1123 3328 1260 3380 Ἀλλ’
1307 3328 1463 3394 ἀφεὶς
1520 3330 1588 3378 τά
1639 3328 1778 3380 κατά
1821 3329 2012 3380 σαυτὸν

348 3433 534 3497 ἁπλῶς
576 3432 669 3485 καὶ
702 3429 778 3491 ὡς
812 3427 973 3495 ἔτυχε
1005 3423 1286 3496 φέρεσθαι,
1326 3422 1463 3492 ὑπὲρ
1496 3422 1592 3490 τῆς
1626 3422 1825 3491 ἐτέρων
1859 3423 2014 3493 νίκης

348 3536 544 3592 ἐκάθου
566 3534 609 3601 ί,
633 3530 845 3602 ἡμέραν
876 3525 1143 3595 τοσαύτην
1171 3525 1291 3594 εἰκῆ
1315 3523 1408 3576 καὶ
1432 3523 1608 3592 μάτην
1630 3523 1722 3576 καὶ
1747 3523 1836 3575 ἐπὶ
1863 3522 2014 3591 κακῷ

350 3634 624 3694 δαπανῶν.

421 3730 490 3800 β’.
515 3721 760 3798 [ΞἨΓΗ
781 3721 880 3773 οὐκ
901 3717 1058 3771 οἶσθα
1076 3719 1157 3771 ὅτι
1180 3717 1428 3788 καθάπερ
1448 3721 1606 3788 ἡμεῖς
1630 3719 1887 3790 ἀργύριον
1906 3723 2015 3783 τοῖς

351 3829 585 3890 οἰκέταις
621 3826 734 3886 τοῖς
777 3820 1064 3892 ἡμετέροις
1103 3817 1515 3887 ἐγχειρίζοντες.
1552 3818 1780 3881 εὐθύνας
1820 3820 2016 3882 αὐτοὺς

351 3930 446 3983 καὶ
477 3926 637 3997 μέχρι
667 3921 785 3983 ἑνὸς
813 3917 1148 3986 ἀπαιτοῦμεν
1180 3915 1390 3968 ὀϐολοῦο
1417 3915 1560 3969 οὔτω
1589 3917 1681 3969 καὶ
1706 3920 1734 3970 ὁ
1757 3917 1886 3982 Θεὸς
1908 3920 2016 3974 τῶν

352 4023 574 4096 ἡμερῶν
603 4020 699 4089 τῆς
733 4017 878 4085 ζωῆς
915 4014 1014 4082 τῆς
1038 4011 1311 4082 ἡμετέρας
1349 4013 1638 4082 ἀπαιτήσει
1666 4015 1821 4083 λόγον
1847 4018 2015 4088 ήμᾶς,

354 4129 470 4190 πῶς
495 4125 732 4192 ἑκάστην
757 4119 972 4190 ἡμέραν
995 4117 1441 4187 ἐδαπανήσαμεν;
1473 4119 1537 4170 Τί
1563 4115 1656 4172 οῦν
1680 4123 1805 4190 ἐροῦ
1814 4139 1940 4192 μεν;
1965 4123 2017 4175 τί

352 4227 407 4279 δὲ
447 4217 922 4290 ἀπολογησόμεθα,
966 4217 1092 4269 ὅταν
1130 4216 1230 4285 τῆς
1269 4215 1483 4286 ἡμέρας
1526 4217 1739 4287 ἐκείνης
1779 4221 2018 4275 ἀπαιτῶ,

358 4330 496 4400 μεθα
531 4325 785 4388 εύθύνας;
814 4322 1001 4383 ’Ἥλιος
1031 4319 1269 4374 ἀνέτειλε
1309 4318 1398 4371 διά
1447 4320 1526 4385 σὲ,
1565 4321 1658 4371 καὶ
1691 4322 1884 4394 σελήνη
1918 4327 2016 4396 τὴν

357 4433 525 4484 νύκτα,
571 4427 821 4496 ἐφώτισε,
863 4423 959 4477 καὶ
995 4422 1236 4484 ποικίλος
1263 4421 1504 4493 ἀστέρων
1529 4422 1805 4492 ἀνέλαμψε
1837 4426 2014 4494 χορός·

356 4537 622 4587 ἔπνευσαν
672 4528 860 4596 ἄνεμοι
902 4525 987 4578 διά
1035 4526 1114 4591 σὲ,
1157 4525 1387 4594 ἔδραμον
1432 4525 1682 4594 ποταμοί·
1731 4526 2020 4594 σπέρματα

359 4638 692 4703 ἐϐλάστησαν
719 4632 805 4684 διὰ
828 4629 908 4693 σὲ,
941 4630 1033 4681 καὶ
1056 4628 1197 4696 φυτά
1233 4627 1476 4696 ἀνεδόθη,
1505 4629 1598 4680 καὶ
1624 4628 1721 4698 τῆς
1745 4629 1958 4696 φύσεως
1991 4633 2019 4682 ὁ

357 4745 554 4813 δρόμος
573 4740 668 4808 τὴν
699 4735 904 4789 οίκείαν
924 4733 1156 4801 ἐτήρησε
1181 4731 1350 4795 τάξιν,
1380 4731 1474 4784 καὶ
1497 4731 1678 4801 ἡμέρα
1698 4733 1868 4802 ἐφάνη
1928 4736 2020 4786 καὶ

426 5023 450 5050 ⁸
473 5020 750 5069 Secundum
779 5019 906 5068 istud
925 5019 1277 5081 proverbium:
1314 5019 1467 5068 πολλὰ
1533 5021 1701 5078 μεταξὺ
1759 5024 1888 5070 πέλει
1943 5027 2022 5070 κὺ-

361 5086 490 5136 )ικος
511 5084 591 5129 καὶ
613 5083 790 5143 χείλεος
812 5083 976 5141 ἄκρου.

425 5143 450 5179 υ
477 5136 681 5202 Ξυνωρίς
704 5149 838 5188 nom
857 5136 1012 5202 primo
1035 5153 1252 5199 currum,
1270 5153 1346 5189 cui
1389 5136 1546 5202 juncti
1599 5147 1708 5188 sunt
1759 5140 1855 5189 duo
1879 5140 2022 5202 equi;

362 5200 690 5266 ςρριιιιάοῄςςτ
713 5200 1165 5266 εᾳιιογιιηιίηυὶεεηι
1203 5200 1511 5266 functorum;
1571 5204 1718 5250 tertio
1782 5200 2024 5264 quodlibet

362 5278 469 5324 par,
498 5259 737 5324 quodlibet
753 5259 1049 5323 'conjugium.

426 5329 447 5353 π
477 5323 565 5370 Καί
591 5324 774 5369 rectius
792 5321 1004 5369 abesset.

439 5333 447 5353 ⁵
478 5333 565 5369 Kai
591 5333 774 5369 rectius
792 5333 1004 5369 εῡεεεεῑ.

425 5381 1142 5452 '1linoyevouévwv.‘lntelligit
1194 5383 1326 5430 enim
1369 5381 1735 5430 inundationem
1779 5382 2022 5442 imbrium,

363 5459 470 5504 qum.
495 5447 590 5500 jam
613 5447 906 5490 cessaverat.

431 5509 451 5532 ο
481 5505 836 5570 κατορθώματα
855 5502 1150 5570 ἀποστολικᾷ.
1203 5516 1332 5570 nunc
1361 5503 1579 5570 appellnt
1636 5502 1894 5562 auxilium,
1951 5506 2022 5551 lu-

367 5573 464 5612 tum
491 5566 548 5611 ab
569 5563 819 5623 apostolis,
846 5567 955 5622 post
974 5563 1359 5622 supplicationes
1386 5563 1624 5622 publicas.

432 5624 448 5661 ῐ
491 5622 705 5671 Ἐκάθου.
754 5622 941 5684 Supple
977 5625 1156 5680 Θεατής,
1221 5625 1296 5670 vel
1347 5624 1524 5678 κοιτής,
1582 5623 1673 5671 nisi
1721 5624 2021 5673 substituere

364 5687 502 5733 maiis
521 5684 714 5740 ἐκήδου.

1167 349 1222 400 S.
1267 343 1550 399 JOANNIS
1589 339 2072 395 CllRYbOSTOMl
2115 340 2431 396 ARCHIEP.
2473 338 3013 395 CONSTANTINOP.

3635 341 3742 398 206

2088 456 2180 521 νὺξ
2203 456 2442 526 παρῆλοε
2464 459 2508 495 Β·
2542 455 2824 510 καὶταῦτα
2849 457 3021 509 πάντα
3051 454 3235 521 γέγονε
3255 451 3343 505 διά
3367 451 3449 503 σέ·
3477 451 3543 503 σὺ
3569 450 3626 503 δὲ
3644 449 3744 501 τῶν

2088 559 2397 627 κτισμάτων
2432 576 2512 610 σοι
2542 559 2992 627 διακονουμένων,
3023 557 3114 609 τοῦ
3148 555 3393 609 διαϐόλου
3427 553 3527 622 τὴν
3567 551 3747 604 ἐπιθυ-

2091 658 2217 727 μίαν
2246 657 2502 728 πληροῖς;
2534 660 2642 711 Καὶ
2670 657 2919 710 τοσοῦτον
2942 657 3091 726 παρά
3115 655 3206 708 τοῦ
3233 654 3365 707 Θεοῦ
3403 652 3747 722 μισθωσάμε-

2087 776 2174 820 νος
2217 754 2380 823 οίκον,
2411 758 2499 810 τὸν
2533 758 2736 827 κόσμον
2775 757 2915 823 λέγω
2955 756 3159 818 τοῦτον,
3197 754 3294 806 ούκ
3331 752 3624 812 ἀπέδωκας
3667 750 3750 801 τὸν

2093 857 2298 928 μισθόν.
2333 859 2435 911 Καὶ
2465 860 2564 911 οὐκ
2609 859 2808 928 ῆρκεσε
2845 860 2910 926 τῇ
2948 856 3185 926 προτέρᾳ
3233 853 3434 924 ἡμέρᾳ,
3487 853 3627 905 ἀλλά
3663 851 3752 904 καὶ

2088 958 2184 1027 τήν
2217 960 2491 1028 δευτέραν,
2524 961 2611 1011 ὅτε
2647 957 2956 1011 ἀναπαῦσαι
2983 957 3173 1027 μικρὸν
3198 956 3361 1026 ἐχρῆν
3389 954 3498 1006 ἀπὸ
3534 954 3634 1022 τῆς
3670 954 3757 1018 ἐγ-

2089 1057 2377 1126 γινομένης
2431 1057 2644 1120 κακίας,
2687 1057 2778 1110 ἐπὶ
2825 1057 3025 1126 θέατρα
3078 1055 3236 1108 πάλιν
3286 1054 3593 1114 ἀνέϐαινες,
3652 1053 3758 1104 ἀπὸ

2092 1158 2296 1210 καπνοῦ
2332 1159 2410 1219 είς
2432 1157 2541 1225 πῦρ
2563 1158 2792 1226 τρέχων,
2821 1158 2896 1217 είς
2921 1157 3104 1224 ἕτερον
3130 1154 3399 1224 βάραθρον
3420 1153 3611 1214 καθεὶς
3636 1155 3760 1204 ἐαυ-

2091 1259 2180 1311 τὸν
2211 1259 2602 1328 χαλεπώτερον.
2636 1260 2892 1329 Γέροντες
2925 1257 3112 1319 πολιάς
3140 1257 3492 1326 κατῄσχυνον,
3524 1257 3620 1308 καὶ
3651 1256 3758 1306 νέοι

2093 1357 2189 1427 τὴν
2244 1358 2469 1427 νεότητα
2515 1356 2967 1426 κατεκρήμνιζον,
3018 1357 3111 1407 καὶ
3150 1356 3386 1424 πατέρες
3425 1355 3624 1415 παῖδας
3672 1354 3765 1406 ἀν-

2093 1457 2244 1524 ῆγον,
2279 1457 2340 1507 ἐκ
2373 1456 2669 1526 προοιμίων
2698 1457 2797 1525 τὴν
2826 1455 3188 1526 ἀπειρόκακον
3212 1452 3426 1523 ἠλικίαν
3459 1454 3538 1516 είς
3563 1453 3633 1505 τά
3663 1453 3765 1520 τῆς

2095 1556 2358 1625 πονηρίας
2382 1554 2764 1624 ὲμϐιϐάζοντες
2790 1555 3057 1624 βάραθρα,
3084 1553 3224 1606 ὥστε
3252 1554 3351 1606 ούκ
3379 1555 3442 1609 ἄν
3461 1570 3547 1616 τις
3583 1555 3767 1624 ἀμάρο

2094 1670 2176 1705 τοι
2229 1653 2605 1715 παιδοκτόνους
2659 1654 2780 1704 ἀντὶ
2829 1652 3082 1722 πατέρων
3130 1652 3256 1714 τοὺς
3303 1651 3573 1712 τοιούτους
3625 1652 3768 1702 ἀπο-

2097 1751 2298 1815 καλῶν,
2353 1752 2445 1803 κα¹ι
2499 1755 2566 1821 τῇ
2609 1753 2635 1790 h
2685 1751 2852 1821 κακίᾳ
2905 1751 3003 1821 τὴν
3047 1750 3224 1821 ψυχὴν
3272 1749 3606 1810 ἀπολλύντας
3657 1749 3772 1800 τῶν

2096 1857 2412 1927 τεχθέντων.
2479 1857 2587 1908 Καὶ
2635 1856 2763 1908 ποία
2824 1854 3026 1918 κακία;
3089 1855 3242 1924 φησί.
3283 1853 3380 1905 Διά
3439 1854 3547 1922 γὰρ
3607 1851 3773 1905 τοῦτο

2097 1957 2388 2026 ὀδυνῶμαι,
2430 1959 2510 2009 ὄτι
2549 1959 2642 2009 καὶ
2670 1957 2858 2020 νοσῶν,
2891 1958 2988 2008 οὐκ
3019 1951 3166 2017 οἶδας
3197 1956 3278 2007 ὅτι
3311 1957 3505 2016 νοσεῖς,
3543 1956 3633 2006 ἵνα
3674 1956 3774 2007 καὶ

2097 2057 2187 2109 τὸν
2217 2056 2395 2127 ίατρὸν
2429 2054 2783 2126 ἐπιζητήσης.
2818 2056 3076 2124 Μοιχείας
3100 2054 3286 2121 ἐγένου
3315 2053 3771 2122 πεπληρωμένος,

2098 2155 2191 2208 καὶ
2239 2156 2478 2225 ἐρωτᾷς,
2517 2155 2643 2206 ποία
2688 2155 2882 2219 κακία;
2911 2150 2946 2223 ἦ
2977 2153 3074 2205 οὐκ
3114 2154 3348 2222 ἤκουσας
3393 2153 3486 2204 τοῦ
3529 2151 3772 2221 Χριστοῦ

2099 2257 2364 2324 λέγοντος·
2406 2257 2467 2309 '0
2499 2257 2800 2325 ἐμϐλέψας
2833 2256 3067 2325 γυναικὶ
3102 2255 3250 2322 πρὸς
3279 2256 3343 2308 τὸ
3377 2254 3775 2323 ἐπιθυμῆσαι,

2101 2354 2216 2421 ἤδη
2243 2355 2598 2422 ἐμοίχευσεν
2617 2356 2850 2420 αὐτήν;
2875 2356 2938 2406 Τί
2963 2349 3055 2406 οὖν
3079 2354 3171 2407 ἐὰν
3205 2353 3278 2423 μὴ
3315 2353 3587 2422 ἐμϐλέψω,
3616 2355 3774 2422 φησὶ,

2103 2455 2236 2523 πρὸς
2283 2452 2342 2504 τὸ
2389 2452 2763 2521 ἐπιθυμῆσαι;
2807 2454 2914 2505 Καὶ
2945 2453 3059 2512 πῶς
3102 2452 3306 2522 δυνήσῃ
3348 2469 3414 2519 με
3450 2454 3670 2513 πεῖσαι;
3717 2452 3777 2501 Ὀ

2101 2555 2207 2623 γὰρ
2248 2553 2340 2605 τοῦ
2375 2553 2649 2621 θεωρῆσαι
2692 2553 2765 2622 μὴ
2801 2550 3036 2621 κρατῶν,
3071 2550 3203 2603 ἀλλά
3235 2549 3502 2618 τοσαύτην
3533 2549 3776 2618 σπουδὴν

2104 2653 2241 2722 ὑπὲρ
2274 2651 2366 2704 τοῦ
2402 2651 2642 2703 τοιούτου
2689 2660 2705 2686 ι
2742 2649 3041 2718 τιθέμενος,
3078 2649 3193 2711 πῶς
3223 2649 3359 2718 μετά
3395 2649 3454 2701 τὸ
3499 2647 3777 2718 θεωρῆσαι

2104 2751 2305 2821 δυνήσῃ
2337 2750 2514 2818 μένειν
2543 2749 2910 2818 ἀκηλίδωτος;
2949 2747 3039 2818 Μὴ
3065 2748 3171 2817 γὰρ
3204 2747 3345 2809 λίθος
3373 2765 3452 2799 σοι
3483 2747 3544 2798 τὸ
3575 2746 3776 2816 σῶμας

2109 2848 2181 2916 μὴ
2208 2847 2313 2914 γὰρ
2345 2846 2594 2915 σίδηρος;
2630 2845 2813 2914 Σάρκα
2841 2845 3167 2912 περίκεισαι,
3199 2845 3375 2914 σάρκα
3404 2844 3775 2912 ἀνθρωπίνην,

2106 2944 2226 3011 ἧτις
2262 2943 2453 3014 χόρτου
2485 2941 2861 3012 χαλεπώτερον
2896 2942 2908 2991 i
2956 2942 3059 2994 ὑπὸ
3087 2942 3185 3012 τῆς
3220 2942 3507 3010 ἐπιθυμίας
3538 2942 3778 2996 ἀνάπτει

2109 3059 2216 3095 ται.

2180 3147 2290 3200 Καὶ
2331 3147 2382 3197 τί
2421 3145 2563 3213 λέγω
2605 3145 2667 3197 τὸ
2710 3145 2966 3216 θέατρον;
3011 3148 3097 3200 Ἐν
3139 3148 3310 3217 ἀγορᾷ
3369 3145 3627 3208 πολλάκις
3689 3147 3780 3198 ἐάν

2113 3246 2510 3314 ἀπαντήσωμεν
2539 3246 2776 3312 γυναικὶ,
2799 3245 3190 3317 θορυϐούμεθα·
3226 3247 3290 3298 σὺ
3321 3244 3379 3296 δὲ
3408 3245 3520 3296 ἀνω
3543 3243 3780 3313 καθήμε-

2114 3360 2224 3405 νος,
2248 3344 2378 3394 ὅπου
2407 3343 2643 3410 τοσαύτη
2680 3344 2815 3413 πρὸς
2841 3343 3222 3413 ἀσχημοσύνην
3249 3344 3609 3414 παράκλησις,
3643 3344 3784 3415 δρῶν

2113 3445 2344 3507 γυναῖκα
2395 3443 2597 3512 πόρνην
2639 3445 2818 3511 γυμνῇ
2865 3445 2931 3512 τῇ
2985 3443 3192 3511 κεφαλῇ
3244 3442 3382 3511 μετά
3436 3443 3638 3511 πολλῆς
3687 3443 3784 3511 τῆς

2115 3541 2496 3610 ἀναισχυντίας
2537 3539 2828 3606 εἰσιοῦσαν,
2865 3543 3040 3612 χρυσᾶ
3074 3540 3540 3611 περιϐεϐλημένην
3572 3543 3780 3610 ἱμάτια,

2118 3639 2571 3710 μαλακιζομένην,
2600 3640 2976 3711 θρυπτομένην
2999 3641 3048 3704 ιι,
3084 3641 3303 3711 ᾅσματα
3339 3640 3569 3710 ᾄδουσαν
3599 3659 3785 3712 πορνι-

2115 3740 2207 3804 κά,
2240 3739 2729 3809 κατακεκλασμένα
2761 3739 2919 3810 μέλη,
2945 3740 3142 3811 αίσχρά
3179 3741 3510 3811 προϊεμένην
3542 3744 3783 3812 ῥήματα,

2115 3840 2526 3910 ἀσχημονοῦσαν
2555 3841 2798 3903 τοιαῦτα,
2826 3842 2967 3910 άπερ
2996 3842 3023 3894 ὁ
3059 3841 3336 3911 θεωρήσας
3370 3841 3436 3894 ἂν
3467 3844 3548 3904 είς
3583 3842 3786 3894 ἔννοιαν

2115 3940 2306 4009 λάϐῃς,
2347 3941 2496 3992 κάτω
2527 3939 2772 4001 κύπτεις·
2804 3940 3006 4008 τολμᾷς
3036 3940 3207 3991 είπεῖν
3228 3940 3302 4002 ὼς
3327 3940 3480 3992 οὐδὲν
3514 3941 3734 4011 πάσχης
3764 3939 3783 3978 ι

2116 4039 2483 4110 ἀνθρώπινον;
2515 4038 2607 4108 Μὴ
2638 4037 2746 4109 γὰρ
2776 4038 2920 4101 λίθος
2949 4055 3029 4090 σοι
3067 4038 3126 4090 τὸ
3155 4037 3345 4107 σῶμα;
3381 4039 3454 4108 μή
3483 4038 3593 4109 γὰρ
3636 4039 3785 4109 σίδη-

2119 4162 2243 4216 ρος;
2282 4145 2356 4197 Οὐ
2383 4144 2490 4215 γάρ
2521 4143 2925 4213 παραιτήσομαι
2975 4141 3136 4196 πάλιν
3180 4140 3249 4194 τά
3282 4141 3421 4194 αὺτά
3463 4142 3659 4196 είπεῖν.
3697 4143 3786 4212 Μὴ

2118 4251 2226 4318 γάρ
2259 4249 2364 4302 τῶν
2391 4246 2641 4318 μεγάλων
2672 4247 2767 4299 καὶ
2797 4247 3057 4314 γενναίων
3090 4245 3297 4316 ἀνδρῶν
3324 4245 3570 4309 ἐκείνων,
3599 4246 3649 4297 οἳ
3682 4245 3787 4298 ἀπὸ

2117 4351 2276 4419 ψιλῆς
2305 4349 2478 4415 ὅψεως
2502 4348 2933 4418 κατηνέχθησαν,
2970 4346 3117 4418 [275]
3151 4347 3580 4416 φιλοσοφώτερος
3611 4350 3675 4400 σὺ
3702 4343 3783 4413 al;

2119 4451 2232 4502 Ούκ
2266 4451 2500 4518 ’ήκουσσς
2533 4449 2582 4501 τί
2610 4465 2771 4516 φησιν
2795 4450 2823 4500 ὁ
2850 4447 3115 4517 Σολομώνο
3147 4449 3546 4515 Περιπατήσει
3569 4467 3657 4515 τις
3695 4451 3786 4502 ἐπ’

2120 4551 2428 4619 ἀνθράκων
2465 4552 2682 4620 πυρὸς,
2730 4552 2871 4617 τοὺς
2917 4551 2984 4604 δὲ
3033 4552 3222 4616 πόδας
3267 4553 3339 4605 οὐ
3384 4556 3788 4618 κατακαύσει;

2133 4654 2440 4720 Ἄποδήσει
2477 4672 2564 4720 τις
2592 4656 2708 4723 πῦρ
2742 4657 2810 4708 ἐν
2842 4656 3064 4722 κόλπῳ,
3092 4656 3165 4708 τὰ
3188 4655 3256 4708 δὲ
3281 4655 3477 4724 ἱμάτια
3506 4660 3576 4711 οὐ
3608 4675 3787 4711 κατα-

2122 4757 2367 4821 καύσει;
2399 4757 2594 4822 Οὕτως
2619 4761 2651 4810 ό
2677 4757 2878 4810 εἰσιὼν
2905 4762 2991 4822 εις
3020 4757 3271 4825 γυναῖκα
3299 4758 3626 4828 ἀλλοτρίαν
3647 4770 3705 4814 ’⁵.
3729 4763 3788 4814 Ei

2123 4860 2229 4929 γάρ
2270 4859 2365 4912 καὶ
2401 4860 2474 4929 μὴ
2521 4860 2862 4929 συνεπλάκης
2903 4863 2966 4928 τῇ
3013 4859 3220 4930 πόρνῃ,
3255 4861 3390 4914 ἀλλά
3419 4865 3485 4930 τῇ
3531 4863 3787 4932 ἐπιθυμίᾳ

2190 5146 2506 5213 ἕΠαρελθεῑν
2545 5147 2625 5194 blc
2664 5159 2760 5213 non
2808 5153 2886 5196 est
2930 5149 3247 5210 pertransire,
3299 5152 3387 5198 sed
3413 5149 3633 5210 prodire.
3697 5151 3786 5200 1.0-

2125 5207 2293 5265 quitur
2317 5208 2446 5265 enim
2479 5207 2540 5253 de
2564 5210 2834 5255 creatione.

2185 5264 2215 5302 δ
2241 5264 2620 5326 Μειὶῐηηοὺςτῇ.

2193 5327 2208 5396 ξ
2238 5326 2484 5396 [ηῐθίιὶεᾳ
2508 5329 2794 5396 πράγματος,
2822 5330 2868 5377 id
2896 5338 2973 5396 est
2993 5330 3078 5396 τοῦ
3105 5333 3354 5396 θεωρῆσαι.

2194 5387 2492 5460 i_SeuIenti§
2540 5391 2754 5460 postulat
2799 5398 2852 5438 ut
2882 5387 3209 5460 _e}’axo).cbrepow)
3245 5387 3464 5453 legatur,
3532 5399 3636 5452 aut,
3661 5397 3787 5453 quod

2127 5448 2404 5510 leniugest,
2430 5448 2482 5510 οὐ
2509 5453 2614 5506 post
2639 5450 2809 5510 χόρτου
2837 5452 3056 5499 addatur.

2161 5512 2215 5614 )5
2270 5507 2526 5564 Hosycli.:
2603 5507 2884 5570 Θρύπτεται’
2957 5513 3294 5572 μαλακίζεται,
3351 5518 3522 5574 τρυφᾷ,
3574 5522 3787 5576 στρηνιᾷ,

2180 5584 2313 5614 .αται.

2129 5584 2313 5615 κλαται.

2198 5629 2213 5666 1
2245 5625 2423 5692 Malim,
2446 5629 2660 5692 πάσχειςσ
2681 5643 2772 5678 nec
2795 5634 2922 5678 enim
2949 5646 3070 5692 opus
3092 5637 3165 5678 est
3188 5632 3508 5690 conjunctivo.

2196 5697 2235 5720 ἠ
2256 5690 2596 5749 Septuaginta:
2618 5693 2731 5752 πρὸς
2751 5694 2945 5751 γυναῖκα
2981 5690 3230 5754 ῦπανδρον,
3272 5693 3398 5753 quod
3421 5696 3599 5741 eodem
3641 5694 3784 5745 redit.
