3990 6440
592 327 703 386 267

593 448 803 502 ramus,
850 440 1211 506 perturbamur
1239 461 1252 496 :
1283 454 1338 500 tu
1380 462 1504 501 vero
1542 463 1764 519 superne
1795 453 2013 519 sedens,
2042 453 2128 507 ubi

593 534 791 581 tantum
828 532 991 585 estad
1016 536 1379 603 turpitudinem
1411 540 1817 607 incitamentum,
1852 543 1997 598 vides
2018 560 2130 598 mu-

594 615 771 671 lierem
792 618 864 689 (a)
893 622 1030 675 nudo
1050 626 1218 691 capite
1241 640 1357 679 eum
1388 630 1701 696 impudentia
1730 647 1912 699 magna
1933 634 2129 686 intran-

593 713 694 758 tem
720 747 735 771 ,
766 709 937 763 aureis
990 711 1221 767 indutam
1262 717 1601 778 vestimentis.
1633 718 1855 773 delicato
1883 721 2127 789 mollique

589 807 734 864 gestu
762 802 1226 865 utentem,cantica
1259 806 1543 857 meretricia
1584 816 1876 873 canentem,
1898 810 2124 861 carmina

599 887 815 953 lubrica,
847 890 1011 957 turpia
1057 891 1213 944 verba
1257 893 1627 960 proferentem,
1660 906 1867 964 tamque
1910 899 2126 964 turpiter

588 986 823 1044 agentem
845 1017 860 1041 ,
907 992 1059 1046 quam
1103 988 1158 1032 tu
1205 990 1351 1048 potes
1377 983 1464 1050 qui
1508 983 1649 1037 vides
1676 984 1726 1037 in
1757 994 1929 1039 mente
1954 987 2127 1038 conci-

591 1078 733 1130 pere,
768 1073 820 1117 tu
864 1071 914 1118 te
945 1066 1158 1121 inclinas
1189 1077 1245 1120 ut
1289 1069 1535 1134 reSpicias
1557 1110 1570 1132 ,
1600 1080 1652 1123 et
1692 1071 1851 1124 audes
1877 1072 2048 1125 dicere
2078 1083 2124 1125 te

585 1152 716 1204 nihil
747 1152 1025 1206 humanum
1050 1157 1195 1222 pati?
1223 1156 1353 1209 Num
1392 1173 1582 1225 corpus
1626 1167 1767 1214 tnum
1796 1161 1956 1228 lapis,
2003 1178 2122 1214 num

585 1241 777 1296 ferrum
800 1245 918 1297 est?
959 1244 1137 1311 Neque
1178 1247 1315 1298 enim
1345 1246 1525 1299 eadem
1572 1260 1808 1316 repetere
1850 1251 2117 1318 gravabor.

586 1328 841 1396 Numquid
874 1339 926 1383 tu
964 1332 1162 1399 majore
1190 1332 1511 1401 phil050phia
1541 1335 1821 1390 instructus
1849 1352 1906 1390 es
1930 1377 1944 1401 ,
1967 1352 2119 1404 quam

583 1420 754 1487 magni
780 1420 852 1472 illi
881 1434 941 1473 ac
968 1423 1163 1474 strenui
1188 1423 1301 1483 viri,
1324 1424 1409 1490 qui
1434 1438 1522 1491 per
1543 1424 1831 1491 simplicem
1856 1437 2119 1493 aspectum

584 1510 829 1575 prostrati
853 1510 1013 1563 sunt?
1049 1513 1232 1563 Annon
1256 1510 1442 1564 audisti
1472 1512 1800 1567 Salomonem
1826 1515 2077 1568 dicentem
2104 1532 2118 1570 :

586 1598 885 1649 Ambulubit
920 1600 1031 1665 quis
1065 1616 1215 1665 super
1257 1602 1505 1654 carbones
1546 1603 1709 1670 ignis,
1750 1612 1797 1655 et
1831 1603 1980 1670 pedes
2020 1618 2119 1655 non

581 1687 880 1740 comburet?
909 1687 1111 1757 Ligabit
1145 1693 1258 1759 quis
1290 1692 1457 1760 ignem
1488 1692 1540 1743 in
1575 1693 1714 1755 sinu,
1747 1702 1794 1744 et
1823 1694 2121 1745 vestimenta

581 1793 683 1829 non
717 1778 988 1833 incendet?
1024 1778 1109 1832 Sic
1149 1782 1236 1848 qui
1273 1781 1558 1850 ingreditur
1592 1783 1658 1834 ad
1693 1785 1957 1835 mulierem
1995 1782 2122 1835 alie-

580 1882 701 1918 nam
736 1866 915 1936 (Prov.
940 1869 995 1922 6.
1028 1869 1119 1923 28.
1146 1870 1233 1923 27.
1267 1878 1316 1923 et
1346 1870 1454 1939 29).
1489 1871 1600 1925 Etsi
1627 1873 1767 1926 enim
1790 1887 1912 1925 eum
1944 1886 2119 1926 mere-

580 1951 710 2005 trice
745 1965 847 2004 non
879 1953 1100 2011 coivisti,
1131 1963 1179 2004 at
1206 1956 1626 2021 concupiscentia
1654 1970 1769 2007 eum
1796 1959 1875 2009 illa
1904 1959 2116 2025 cnpnla-

578 2048 661 2093 tns
689 2054 746 2093 es
767 2080 780 2104 ,
807 2049 857 2093 ct
886 2042 1057 2094 animo
1079 2049 1342 2108 peccatum
1369 2044 1694 2111 perpetrasti.
1714 2043 1891 2113 Neque
1919 2055 2115 2099 tantum

584 2128 673 2181 illo
699 2139 962 2197 tempore,
987 2144 1165 2189 verum
1193 2130 1348 2184 etiam
1392 2132 1563 2184 soluto
1592 2132 1819 2196 tl'eatro,
1847 2143 2116 2202 postquam

581 2217 664 2268 illa
693 2216 950 2279 discessit,
982 2217 1095 2281 ejus
1136 2218 1303 2283 imago
1333 2220 1384 2269 in
1429 2228 1611 2272 mente:
1630 2228 1713 2272 tua
1758 2221 1964 2284 insidet,
2000 2237 2113 2274 ver-

584 2306 665 2367 ba,
700 2304 925 2367 habitus,
954 2313 1217 2371 aspectus,
1244 2306 1477 2358 incessus
1499 2345 1513 2369 ,
1546 2307 1797 2373 elegantia
1828 2308 1920 2374 (Ii),
1949 2322 2115 2360 mem-

582 2395 669 2445 bra
692 2393 984 2446 meretricia
1024 2391 1101 2460 (c)
1131 2408 1143 2451 ;
1177 2406 1238 2444 ac
1258 2391 1520 2445 sexcentis
1557 2394 1783 2461 acceptis
1809 2394 2114 2447 vulneribus

577 2480 820 2534 discedis.
853 2482 1037 2532 Annon
1070 2478 1187 2531 inde
1206 2478 1477 2531 domorum
1514 2479 1914 2533 subversiones?
1940 2495 2112 2533 annon

579 2569 697 2621 inde
726 2567 1057 2620 continentiae
1083 2566 1377 2634 pernicies?
1398 2580 1568 2618 annon
1597 2567 1716 2619 inde
1740 2566 2115 2620 connubiorum

581 2656 794 2708 divortia
821 2655 841 2707 ?
872 2669 1043 2706 annon
1072 2653 1191 2706 inde
1219 2653 1334 2705 lites
1358 2653 1596 2721 etjurgia
1618 2654 1640 2705 ?
1659 2669 1829 2707 annon
1858 2654 1978 2707 inde
2006 2669 2118 2707 mo-

585 2744 737 2796 Iestia:
764 2751 817 2796 et
860 2741 1009 2794 taedia
1058 2742 1195 2793 nulla
1222 2743 1423 2794 ratione
1463 2740 1635 2794 fulta?
1670 2742 1946 2811 Postquam
1975 2744 2112 2797 enim

579 2836 659 2891 illa
685 2834 912 2902 repletus
938 2832 1137 2885 rediisti
1165 2831 1417 2898 captivus,
1448 2831 1537 2883 tibi
1563 2846 1693 2885 uxor
1712 2832 2037 2899 injucnudior
2062 2842 2114 2886 et

576 2922 859 2976 deformior
884 2919 1105 2979 videtur.
1146 2927 1197 2972 et
1222 2918 1371 2971 liberi
1407 2918 1830 2987 importuniores,
1860 2927 1911 2973 et
1936 2920 2112 2973 famuli

556 3011 802 3071 .nnerosi,
830 3008 1013 3060 domus
1034 3007 1237 3059 fastidio
1264 3016 1362 3068 est,
1390 3007 1655 3073 solitaeque
1683 3021 1820 3059 eum
1842 3012 1905 3059 ad
1929 3007 2111 3061 dome-

574 3101 700 3152 stica
746 3096 1142 3162 necessariaque
1185 3094 1386 3162 negotia
1434 3093 1657 3162 gerenda
1708 3094 1941 3146 molestze
1986 3110 1998 3144 :
2052 3108 2111 3147 ac
2138 3090 2150 3101 ’

578 3186 808 3256 quisquis
842 3184 1041 3237 accedit
1069 3183 1213 3236 oneri
1247 3182 1335 3235 tibi
1364 3189 1516 3250 atque
1559 3182 1883 3249 importunus
1908 3190 2005 3235 est.

639 3278 694 3330 5.
720 3275 770 3327 1η
802 3289 956 3327 causa
985 3282 1156 3326 autem
1188 3272 1310 3324 illud
1343 3279 1442 3335 est,
1462 3272 1598 3339 quod
1623 3286 1725 3324 non
1746 3271 1887 3324 solus
1902 3270 2111 3324 domum

574 3364 759 3419 redeas
784 3402 798 3426 ,
827 3362 916 3415 sed
961 3361 1285 3414 meretricem
1319 3367 1483 3411 tecum
1536 3359 1693 3411 ducas
1736 3376 1747 3410 :
1781 3373 1882 3411 non
1907 3359 2107 3425 palam,

575 3470 673 3512 non
714 3462 934 3522 aperte;
965 3452 1014 3503 id
1063 3451 1200 3519 quod
1248 3462 1373 3501 sane
1420 3448 1739 3501 tolerabilius
1781 3458 1955 3509 esset;
1991 3464 2108 3500 nam

570 3560 699 3597 uxor
728 3543 863 3596 illam
885 3541 988 3594 cito
1003 3539 1286 3607 depelleret
1312 3554 1323 3589 :
1356 3537 1446 3591 sed
1470 3536 1520 3589 in
1546 3536 1737 3600 animo,
1765 3538 1813 3587 in
1837 3537 2107 3589 conscien-

567 3637 635 3687 tia
657 3631 986 3692 insidentem,
1014 3638 1066 3681 et
1092 3621 1459 3695 BabyIOnieam
1485 3624 1743 3677 flammam
1775 3626 1909 3678 intus
1928 3641 2110 3679 accen-

566 3722 811 3782 dentem;
853 3720 957 3770 imo
997 3717 1288 3784 graviorem
1318 3731 1329 3765 :
1364 3729 1465 3766 non
1502 3714 1641 3766 enim
1669 3723 1851 3781 stupa,
1883 3715 2108 3781 naphtha

565 3821 616 3863 et
643 3810 747 3877 pix,
779 3806 869 3859 sed
900 3820 1014 3873 qure
1043 3818 1197 3870 supra
1226 3802 1470 3864 diximus,
1495 3815 1612 3855 esca
1643 3802 1781 3855 illius
1810 3802 1942 3870 ignis
1963 3812 2104 3866 sunt,

564 3906 618 3951 et
644 3896 815 3949 omnia
843 3907 931 3946 sus
961 3893 1127 3960 deque
1152 3898 1381 3944 vertunt.
1405 3894 1479 3942 Ac
1504 3890 1937 3957 quemadmodum
1969 3890 2000 3942 ii
2022 3892 2105 3958 qui

565 3987 693 4040 febri
722 3986 978 4050 laborant,
1006 3982 1102 4036 etsi
1125 3982 1318 4035 nullam
1343 3995 1431 4034 eos
1452 3980 1536 4048 qui
1565 3981 1663 4033 sibi
1689 3982 1990 4034 ministrant
2009 3982 2109 4034 eri-

565 4075 793 4130 minandi
836 4087 1043 4127 causam
1092 4071 1354 4135 habeant,
1385 4070 1452 4124 ob
1492 4069 1656 4122 morbi
1685 4071 1787 4121 vim
1827 4071 2107 4137 importuni

564 4165 809 4218 omnibus
836 4170 958 4214 sunt
982 4202 994 4221 ,
1024 4159 1267 4213 alimenta
1290 4157 1572 4225 repellunt,
1600 4158 1830 4211 medicos
1862 4158 1997 4211 male
2017 4172 2104 4211 ae-

564 4254 765 4323 eipiunt
794 4249 895 4320 (d),
928 4248 1261 4300 familiaribus
1304 4247 1630 4308 irascuntur,
1673 4254 1851 4298 contra
1888 4245 2106 4298 famulos

562 4346 709 4400 rabie
740 4344 1009 4396 feruntur:
1040 4337 1116 4391 sie
1144 4335 1230 4404 qui
1272 4335 1371 4389 hoc
1412 4334 1556 4402 gravi
1598 4334 1781 4387 morbo
1819 4341 2059 4387 tenentur
2086 4372 2102 4395 ,

560 4430 784 4498 inquieti
808 4441 950 4489 sunt,
987 4427 1351 4494 indignantur,
1382 4438 1592 4490 semper
1619 4422 1757 4474 illam
1795 4436 1904 4490 prae
1932 4419 2102 4474 oculis

561 4522 837 4574 habentes.
882 4516 925 4567 0
966 4531 1050 4568 res
1093 4513 1513 4583 indignissimasl
1557 4511 1756 4577 Lupus,
1798 4510 1901 4573 leo,
1949 4518 2104 4562 caete-

562 4623 741 4677 raeque
786 4607 910 4660 ferte
956 4604 1158 4672 sagittis
1202 4603 1454 4670 impetitze
1502 4600 1712 4668 fugiunt
1758 4607 2099 4651 venatorem:

566 4701 727 4751 homo
746 4705 922 4748 autem
946 4694 1152 4745 ratione
1175 4690 1449 4759 praeditus,
1484 4688 1809 4749 vulneratus,
1846 4700 1962 4738 eam
1987 4701 2105 4752 quae

566 4788 736 4853 ipsum
764 4780 1057 4835 vulneravit
1075 4779 1331 4844 sequitur,
1357 4777 1427 4829 ita
1449 4785 1508 4828 ut
1536 4775 1688 4841 longe
1712 4773 1920 4841 gravius
1946 4773 2106 4825 telum

567 4873 809 4941 excipiat,
841 4880 893 4923 ct
915 4870 967 4920 in
990 4869 1208 4921 vulnere
1239 4866 1337 4919 sibi
1365 4865 1596 4932 placeat;
1618 4862 1756 4929 quod
1774 4871 1853 4914 est
1871 4861 2107 4913 omnium

568 4961 988 5019 acerbissimum,
1015 4955 1366 5021 morbumque
1392 4951 1736 5004 insanabilem
1769 4947 1944 5001 efficit.
1976 4948 2105 4999 Nam

622 5114 695 5171 (τι)
732 5112 783 5157 In
805 5116 982 5163 Graeco.
1007 5118 1148 5171 aw-
1169 5104 1257 5171 hac
1282 5108 1371 5154 εει,
1398 5096 2102 5171 erraticas--sislacerare

561 5156 753 5232 ι-(ιρἷςῖθέ
775 5156 1377 5232 appellatClirvsiistomus.
1398 5164 1521 5213 Mox,
1543 5157 1669 5203 nudo
1693 5156 1875 5215 capite;
1902 5156 1945 5203 id
1972 5159 2098 5203 enim

675 5213 961 5277 'iiﬁiééémm
980 5213 1259 5271 habebatur.
1460 5266 1463 5269 _
1478 5274 1486 5280 ι
1560 5273 1568 5280 _
1768 5273 1776 5280 -
1923 5272 1932 5280 ‘

622 5273 975 5354 ξί’›)”ίὶῖεέίυοίὲρ.
991 5296 1010 5333 δ
1034 5295 1175 5354 Win
1192 5294 1214 5338 ἡ
1237 5273 1978 5354 semermes:resimi"-
1994 5289 2099 5323 5”"

560 5334 804 5410 rhij‘thm‘us
829 5334 1120 5404 intelligatur
1144 5334 1214 5387 de
1230 5334 1387 5410 cantu,
1412 5334 2027 5410 siveﬁdeAsa‘ltation-elmdh
2065 5396 2075 5410 Β

622 5396 695 5469 (Ic)
710 5410 867 5455 Verba
901 5396 1073 5471 GraEca,
1120 5414 1205 5459 μέλη
1249 5408 1412 5457 τωρνυιά,
1444 5396 1557 5441 licet
1592 5396 1732 5440 etiam
1776 5396 2095 5451 interpretari,

560 5468 835 5519 meretricia:
858 5468 1106 5512 contiones.
1668 5513 1690 5521 Π

619 5510 1022 5589 (iii'iii"cii».i_~§,
1060 5531 1270 5589 ψεζοηιτις,
1297 5529 1403 5578 quae
1448 5526 1542 5562 vox
1584 5513 1756 5561 melius
1792 5510 2095 5567 redderetur,

562 5583 793 5647 accitsunt,
814 5583 1175 5646 reprehendunt.

1250 336 1304 391 S.
1344 336 1613 395 JOANNIS
1649 342 2108 400 CHRYSOSTOMI
2146 346 2455 406 ARCIIIEP.
2492 351 3012 415 CONSTANTINOP.

3674 371 3775 427 268

2242 460 2329 527 qui
2359 460 2508 514 ulcus
2529 476 2629 515 non
2660 465 2806 531 odit,
2832 482 3001 535 neque
3023 468 3089 521 ab
3111 483 3174 522 eo
3206 469 3409 523 liberari
3439 473 3615 538 cupit,
3646 487 3767 539 qun-

2235 549 2389 602 modo
2425 551 2679 606 medicum
2708 556 2951 621 quierat?
2987 555 3106 610 ldeo
3143 558 3321 612 dolore
3365 558 3565 613 afficior
3598 600 3615 626 ,
3661 562 3769 615 ideo

2234 636 2550 701 discrucior,
2583 642 2701 707 quia
2733 649 2872 697 tanta
2910 654 3119 712 accepta
3150 649 3376 713 pernicie
3405 649 3531 702 inde
3553 650 3770 704 discedi-

2237 725 2299 776 tis
2322 764 2334 786 ,
2368 736 2418 778 et
2441 736 2651 793 propter
2676 730 2910 797 exiguam
2939 733 3255 800 voluptatem
3287 746 3599 804 perpetuum
3629 736 3769 792 fertis

2233 812 2486 866 dolorem.
2519 815 2723 868 Etenim
2763 829 2882 871 ante
2927 821 3216 887 gehennam
3259 832 3311 875 et
3338 825 3651 894 supplicium
3692 826 3769 879 hic

2233 907 2491 952 extremas
2527 917 2554 952 a
2581 904 2723 957 vobis
2751 919 2930 971 poenas
2956 910 3253 975 exposcitis.
3283 912 3468 964 Annon
3518 913 3619 965 hoc
3641 955 3655 977 ,
3690 914 3769 967 die

2233 988 2379 1049 mihi,
2410 1000 2699 1042 extremum
2728 994 3038 1059 supplicium
3066 1007 3162 1060 est,
3198 999 3350 1051 talem
3391 1001 3768 1070 concupiscen-

2235 1076 2356 1127 tiam
2381 1077 2540 1141 alere,
2570 1092 2817 1147 perpetuo
2842 1084 2918 1134 uri
2944 1123 2958 1147 ,
2987 1094 3039 1137 et
3069 1085 3331 1140 fornacem
3369 1090 3580 1142 absurdi
3622 1106 3764 1143 amo-

2231 1164 2302 1216 ris
2331 1164 2524 1232 ubique
2566 1166 2904 1223 circumferre
2923 1209 2936 1231 ,
2968 1186 3165 1225 necnon
3192 1177 3529 1230 conscientia:
3559 1195 3770 1231 accusa-

2230 1253 2466 1306 tionem?
2519 1254 2787 1320 Quomodo
2827 1258 2889 1311 ad
2940 1258 3113 1312 limina
3168 1262 3252 1314 illa
3304 1278 3450 1317 sacra
3514 1266 3768 1320 accedes?

2229 1342 2489 1407 quomodo
2517 1351 2693 1411 tanges
2736 1346 2996 1399 caclesmm
3045 1364 3274 1402 mensam
3296 1355 3319 1402 ’ρ
3344 1351 3631 1416 ρυοιηοιιθ
3662 1370 3769 1407 scr-

2230 1443 2411 1482 mones
2437 1430 2503 1483 de
2531 1432 2847 1485 continentia
2892 1436 3161 1490 auditurus
3185 1453 3261 1501 es,
3291 1440 3556 1493 ulceribus
3586 1445 3767 1509 plenus

2230 1520 2486 1587 tantisque
2516 1520 2833 1587 vulneribus,
2856 1526 3190 1591 animumque
3216 1528 3412 1582 habens
3438 1530 3557 1584 huic
3583 1534 3767 1585 morbo

2227 1606 2578 1661 servientem?
2598 1609 2792 1677 Ecquid
2819 1625 2949 1677 Opus
2975 1622 3051 1665 est
3078 1614 3173 1666 alia
3207 1615 3422 1669 dicere?
3452 1618 3532 1670 Ex
3564 1618 3627 1671 iis
3652 1634 3766 1686 qua:

2226 1712 2362 1750 nunc
2389 1697 2525 1764 apud
2568 1714 2662 1753 nos
2691 1711 2912 1769 aguntur
2948 1702 3068 1755 licet
3108 1704 3265 1756 animi
3304 1705 3538 1759 dolorem
3568 1708 3767 1775 perSpl-

2224 1801 2362 1841 cere.
2391 1787 2503 1841 Jatn
2534 1789 2672 1842 enim
2694 1789 2842 1843 video
2862 1789 3134 1859 quosdam,
3155 1794 3243 1859 qui
3271 1792 3389 1844 dum
3419 1792 3531 1847 lia-c
3561 1794 3762 1861 loquor,

2224 1875 2420 1930 frontes
2450 1878 2543 1929 sibi
2573 1880 2884 1945 percutiunt,
2914 1881 3231 1949 multamque
3258 1883 3402 1936 vobis
3422 1886 3642 1950 gratiam
3677 1885 3766 1937 ha-

2223 1964 2340 2026 beo,
2372 1965 2508 2032 qnod
2531 1966 2750 2033 populus
2778 1967 2889 2020 sitis
2916 1971 3363 2023 commiseratione
3390 1971 3592 2038 plenus.
3634 1973 3764 2025 Puto

2223 2062 2395 2108 autem
2421 2056 2613 2107 inultos
2643 2056 2863 2110 fortasse
2893 2071 3069 2111 eorum
3103 2060 3189 2125 qui
3220 2059 3346 2111 nihil
3392 2070 3683 2127 peccat-unt
3711 2062 3758 2114 id

2221 2156 2392 2211 agere,
2413 2143 2649 2198 dolentes
2675 2144 2740 2198 de
2760 2144 2974 2199 fratrum
3010 2147 3324 2201 vulneribus.
3358 2148 3638 2215 PrOptcrea
3666 2151 3761 2203 do-

2222 2234 2303 2288 leo
2328 2243 2380 2287 et
2406 2235 2714 2298 discrucior,
2745 2237 2882 2303 quod
2925 2238 3077 2290 talem
3128 2252 3332 2305 gregem
3361 2238 3596 2291 diabolus
3645 2255 3761 2305 pes-

2223 2325 2446 2377 snmdet.
2499 2324 2686 2377 Verum
2715 2326 2755 2375 si
2787 2324 3069 2385 volueritis,
3100 2327 3204 2378 cito
3246 2326 3319 2377 illi
3359 2329 3647 2392 ingressum
3674 2329 3765 2377 oh-

2222 2419 2498 2463 struemus.
2524 2411 2795 2476 Quomodo
2820 2422 2871 2465 et
2894 2428 2992 2480 qua
3019 2414 3255 2465 ratione?
3284 2413 3336 2467 Si
3361 2414 3594 2467 infirmos
3629 2416 3761 2468 bona

2223 2498 2517 2552 valetudine
2543 2514 2659 2552 esse
2687 2501 2991 2553 videamus:
3024 2504 3065 2555 si
3104 2502 3355 2555 doctrina:
3396 2505 3523 2556 retia
3555 2518 3763 2571 expan-

2221 2585 2403 2639 dentes
2450 2586 2827 2639 circumeamus
2870 2590 3140 2655 qumsitum
3169 2603 3261 2642 eos
3299 2591 3440 2655 quia
3472 2589 3598 2643 feris
3622 2592 3762 2658 capti

2221 2685 2360 2738 sunt,
2393 2683 2443 2727 et
2465 2689 2524 2727 ex
2557 2675 2679 2742 ipsis
2708 2676 2875 2729 leonis
2896 2675 3127 2729 faucibus
3153 2692 3245 2731 eos
3270 2677 3652 2731 abstrahanius.
3688 2680 3762 2733 Ne

2221 2761 2345 2814 mihi
2368 2762 2511 2815 dicas
2540 2780 2551 2813 :
2596 2763 2754 2817 Pauci
2803 2772 2925 2817 sunt
2974 2765 3007 2816 ii
3050 2766 3135 2831 qui
3165 2780 3193 2817 a
3228 2779 3386 2834 grege
3412 2776 3533 2818 sunt
3567 2769 3755 2820 avulsi.

2222 2852 2436 2905 Etiamsi
2463 2852 2640 2904 decem
2672 2861 2868 2904 tantum
2898 2851 3119 2916 fuerint,
3146 2867 3246 2905 non
3279 2868 3489 2921 parvum
3524 2854 3645 2907 hinc
3671 2856 3763 2907 de-

2222 2939 2519 2991 trimentum
2554 2956 2565 2991 :
2598 2940 2802 2991 etiamsi
2854 2941 3101 3006 quinque,
3153 2940 3234 2993 vel
3281 2940 3416 3003 duo,
3466 2944 3549 2995 vel
3602 2960 3755 2997 unus.

2218 3026 2647 3094 Quandoquidem
2672 3028 2829 3080 etiam
2860 3037 3035 3093 pastor
3063 3028 3148 3081 ille
3168 3067 3181 3090 ,
3215 3027 3329 3079 ideo
3367 3029 3566 3081 relictis
3594 3046 3757 3082 nona-

2217 3116 2358 3183 ginta
2380 3129 2565 3167 novem
2586 3114 2791 3177 ovibus,
2813 3114 2878 3166 ad
2904 3130 3055 3166 unam
3082 3117 3328 3179 cucurrit,
3361 3132 3456 3169 nec
3483 3119 3635 3169 rediit
3661 3118 3758 3170 do-

2218 3218 2314 3258 nec
2342 3205 2478 3257 illam
2508 3203 2812 3267 reduceret,
2845 3211 2899 3257 et
2928 3202 3301 3257 claudicantcm
3334 3215 3544 3257 centum
3575 3207 3752 3258 ovium

2219 3307 2489 3345 numerum
2512 3331 2526 3354 ,
2560 3305 2654 3359 per
2700 3290 3077 3345 restitutionem
3127 3291 3240 3359 ejus
3260 3331 3275 3353 ,
3303 3307 3418 3359 quze
3449 3306 3755 3360 erraverat,

2216 3380 2500 3448 complevit
2527 3381 2544 3446 (
2576 3378 2755 3430 Matth.
2797 3378 2880 3432 18.
2914 3379 2979 3432 12
3011 3378 3046 3447 ).
3081 3378 3155 3432 Ne
3181 3379 3341 3443 dicas,
3372 3395 3527 3433 unum
3560 3392 3756 3437 tantum

2217 3485 2332 3523 esse
2366 3487 2377 3521 :
2418 3470 2511 3523 sed
2537 3470 2702 3537 cogita
2724 3508 2737 3531 ,
2765 3482 2884 3522 esse
2910 3469 3158 3533 animam,
3202 3478 3416 3536 propter
3443 3485 3600 3537 quam
3628 3474 3755 3526 visi-

2217 3559 2338 3611 bilia
2370 3560 2541 3612 omnia
2590 3558 2723 3611 facta
2769 3568 2923 3621 sunt;
2955 3567 3166 3625 propter
3185 3572 3338 3625 quam
3368 3558 3528 3626 leges,
3559 3561 3759 3628 suppli.

2215 3650 2314 3715 eia,
2338 3657 2527 3701 statuta
2555 3657 2903 3713 sexcentaquc
2932 3647 3174 3699 miracula
3197 3655 3413 3713 patrata,
3435 3648 3758 3718 diversmque

2214 3739 2305 3791 Dei
2328 3737 2694 3805 operationes;
2738 3744 2949 3803 propter
2992 3748 3145 3801 quam
3197 3749 3295 3787 nec
3334 3733 3611 3801 Unigenito
3662 3751 3755 3790 suo

2215 3829 2469 3897 pepercit.
2500 3826 2678 3894 Cogita
2707 3834 2956 3893 quantum
3006 3838 3101 3890 pro
3132 3837 3235 3875 uno
3261 3823 3329 3874 sit
3358 3824 3582 3889 pretium
3610 3824 3756 3877 solu-

2216 3928 2341 3982 tum,
2365 3932 2427 3970 ac
2454 3931 2519 3970 ne
2546 3912 2890 3984 parvipendas
2926 3915 3038 3979 ejus
3064 3912 3279 3964 salutem
3306 3951 3321 3974 ,
3358 3910 3448 3963 sed
3478 3910 3756 3967 discedens

2214 4006 2363 4059 nobis
2401 4004 2561 4057 reduc
2587 4002 2751 4065 illum,
2784 4000 2944 4053 suade
2972 3998 3045 4052 illi
3088 4012 3154 4051 ne
3182 3997 3233 4049 in
3264 3996 3404 4064 paria
3438 3998 3631 4052 incidat
3658 4040 3675 4063 ,
3703 4010 3755 4053 e:

2212 4094 2555 4149 sufficientem
2580 4092 2831 4145 habemus
2858 4088 3230 4143 defensionem.
3264 4086 3353 4141 Sin
3384 4100 3482 4141 nec
3507 4101 3605 4141 nos
3627 4102 3754 4141 con-

2212 4183 2468 4244 sulentes,
2510 4194 2606 4233 nec
2631 4193 2723 4230 vos
2772 4176 3039 4229 hortantes
3066 4174 3218 4239 ferat,
3256 4183 3513 4242 potestate
3540 4174 3750 4228 demum

2212 4280 2326 4323 utar
2346 4284 2405 4323 ea
2429 4309 2443 4330 ,
2472 4282 2623 4335 quam
2659 4267 2794 4319 Deus
2825 4264 2976 4317 nobis
3008 4262 3153 4317 dedit
3182 4276 3284 4315 non
3324 4260 3389 4314 ad
3435 4260 3749 4316 destructio-

2211 4372 2355 4424 nem,
2384 4357 2473 4410 sed
2493 4355 2555 4408 ad
2585 4351 3002 4407 aedificationem.

2278 4444 2484 4499 4.1deo
2534 4440 2760 4508 praedico
2785 4476 2800 4502 ,
2848 4446 2902 4490 et
2945 4436 3215 4503 perspicua
3265 4447 3396 4487 voce
3431 4432 3642 4488 clamo:
3695 4435 3748 4489 Si

2208 4534 2324 4602 quis
2351 4539 2467 4599 post
2514 4529 2648 4580 hanc
2682 4524 3099 4579 cohortationem
3130 4532 3284 4589 atque
3322 4521 3613 4574 doctrinam
3638 4559 3653 4583 ,
3684 4521 3747 4573 ad

2210 4625 2437 4691 iniquam
2468 4619 2790 4671 theatrorum
2838 4612 3123 4680 perniciem
3172 4609 3439 4673 defecerit,
3469 4625 3575 4662 non
3604 4610 3746 4662 illum

2210 4718 2341 4768 intra
2388 4712 2499 4762 haec
2543 4716 2688 4774 septa
2729 4704 2804 4773 (a)
2835 4701 3078 4768 recipiam
3106 4739 3119 4763 ,
3151 4714 3255 4751 non
3285 4698 3661 4751 administrabo
3701 4700 3746 4752 ei

2208 4798 2472 4869 mysteria,
2499 4810 2602 4848 non
2633 4791 2926 4860 permittam
2954 4796 3007 4840 ut
3029 4800 3227 4839 sacram
3251 4799 3481 4837 mensam
3508 4786 3744 4852 attingat;

2207 4889 2296 4943 sed
2326 4881 2760 4955 quemadmodum
2790 4886 3023 4945 pastores
3052 4888 3175 4927 oves
3201 4873 3373 4925 scabie
3405 4872 3585 4940 plenas
3606 4888 3635 4924 a
3662 4888 3745 4925 sa-

2207 4980 2287 5032 nis
2325 4979 2649 5041 sequcstrant
2677 5008 2691 5032 ,
2721 4983 2786 5020 ne
2826 4964 3028 5018 caneris
3054 4962 3289 5015 morbum
3319 4962 3706 5013 communicent
3732 4978 3743 5011 :

2206 5070 2273 5119 ita
2301 5073 2352 5116 et
2376 5076 2472 5128 ego
2502 5058 2703 5111 faciam.
2738 5055 2865 5107 Nam
2885 5053 2926 5105 si
2945 5050 3205 5119 quondam
3227 5050 3467 5116 leprosus
3485 5058 3634 5102 extra
3662 5064 3743 5101 ca-

2205 5165 2309 5208 stra
2336 5152 2515 5205 sedere
2551 5147 2859 5214 jubebatur,
2893 5152 3046 5210 atque
3073 5140 3274 5194 etiamsi
3302 5154 3389 5190 rex
3420 5149 3599 5202 esset,
3628 5154 3740 5191 eum

2204 5242 2494 5297 diademate
2512 5237 2815 5305 ejiciebatur
2839 5250 2851 5297 ;
2879 5232 3041 5285 multo
3069 5230 3231 5297 magis
3256 5240 3349 5280 nos
3373 5241 3491 5280 eum
3518 5228 3606 5295 qui
3636 5230 3745 5279 ani-

2266 5395 2335 5449 (a)
2370 5397 2463 5435 ttoc
2484 5386 2593 5449 quid
2618 5387 2696 5437 sit,
2722 5385 2825 5443 ipse
2848 5393 2955 5449 mox
2983 5378 3223 5449 explicat:
3244 5374 3477 5449 intelligit
3504 5376 3632 5449 enim
3671 5376 3730 5449 lo:

2202 5436 2373 5497 cui‘n'in
2400 5436 2601 5496 ecclesia
2636 5436 2841 5501 septum,
2868 5439 2942 5487 vel
2966 5436 3203 5504 ubi’erant
3236 5438 3494 5502 auditores,
3540 5436 3618 5481 vel
3651 5447 3737 5493 quc

2202 5511 2430 5557 intrabant
2457 5518 2600 5555 sacra?
2626 5515 2773 5552 ccente
2790 5512 2926 5550 causa
2946 5512 2958 5548 :
2982 5502 3201 5559 mysteria
3222 5507 3347 5543 enim
3368 5505 3548 5541 sam-am
3564 5507 3735 5541 emtam

2204 5568 2424 5628 appellat.
