3990 6432
450 349 564 408 269

438 452 569 523 φέρε
593 451 771 506 λοιπὸν
797 454 892 522 τὴν
910 454 1076 525 τομὴν
1097 457 1473 525 ἐπαγάγωμεν.
1505 457 1566 508 El
1598 457 1702 527 γὰρ
1727 457 1799 527 μὴ
1825 458 2056 526 σιδήριον

438 538 564 607 ἔχω,
592 538 702 590 ἀλλ’
729 538 835 608 ἔχω
865 539 1018 606 λόγον
1048 540 1263 609 σιδήρου
1289 540 1608 610 τομώτερον·
1645 543 1693 592 εί
1727 541 1817 593 καὶ
1840 541 1911 610 μὴ
1949 539 2057 609 πῦρ

439 623 705 690 βαστάζω,
737 624 848 676 ἀλλ’
875 624 988 676 ἐστι
1044 642 1131 693 μοι
1185 625 1494 678 διδασκαλία
1541 625 1708 694 πυρὸς
1740 625 2055 694 θερμοτέρα,

436 709 783 779 εὐτονώτερον
807 710 1068 781 δυναμένη
1097 712 1286 764 καίειν.

500 794 589 862 Μὴ
629 791 720 847 οὖν
758 796 1078 863 καταφρόνει
1123 799 1218 860 τῆς
1261 795 1578 862 ἀποφάσεως
1629 795 1726 863 τῆς
1767 791 2050 863 ἡμετέρας.

433 878 493 929 Εἰ
515 879 619 947 γὰρ
646 877 875 940 εὐτελεῖς
911 880 1065 948 ήμεῖς
1103 880 1193 931 καὶ
1239 879 1436 947 σφόδρα
1466 878 1666 946 οἰκτροὶ
1687 889 1734 941 ο,
1766 877 1874 928 ἀλλ’
1910 878 2055 944 ὅμως

433 962 858 1031 ἐνεχειρίσθημεν
885 964 1037 1028 ἀξίαν
1077 962 1222 1032 παρά
1250 963 1346 1030 τῆς
1385 961 1478 1013 τοῦ
1524 961 1654 1013 Θεοῦ
1697 963 1910 1031 χάριτος
1957 962 2052 1029 τὴν

430 1046 727 1116 δυναμένην
748 1047 915 1101 ταῦτα
941 1047 1278 1117 ἐργάζεσθαι.
1321 1046 1782 1099 Ἐκϐαλλέσθωσαν
1815 1047 1983 1098 τοίνυν
2004 1047 2051 1097 oi

430 1128 673 1192 τοιοῦτοι,
697 1130 780 1181 ἵνα
804 1130 930 1181 οἵτε
969 1131 1291 1196 ὑγιαίνοντες
1320 1131 1447 1200 ἡμῖν
1475 1131 1815 1199 ὑγιεινότεροι
1858 1129 2052 1195 γένων-

427 1226 535 1273 ται,
553 1212 667 1262 οῖτε
683 1213 952 1274 νοσοῦντες
971 1214 1366 1282 ἀνακτήσωνται
1388 1215 1604 1274 ἐαυτοὺς
1622 1216 1684 1266 ἐκ
1701 1215 1794 1282 τῆς
1815 1213 2052 1282 χαλεπῆς

427 1296 751 1364 ἀρρωστίας.
783 1297 842 1349 Εἰ
871 1296 923 1347 δέ
952 1297 1201 1366 ἐφρίξατε
1233 1297 1432 1364 ταύτην
1452 1296 1770 1358 ἀκούσαντες
1796 1297 1888 1365 τὴν
1921 1297 2051 1348 ἁπό-

429 1394 588 1446 φασιν
619 1379 732 1446 (καὶ
758 1379 862 1448 γὰρ
877 1378 984 1448 ὁρῶ
1012 1380 1213 1443 πάντας
1233 1380 1616 1448 στυγνάζοντας
1648 1380 1739 1431 καὶ
1775 1380 2050 1430 συνεσταλ-

431 1462 622 1530 μένους
657 1463 856 1529 ὖντας),
904 1463 1432 1532 μεταδαλλέσθωσαν,
1477 1467 1570 1518 καὶ
1611 1466 1820 1516 λέλυται
1852 1464 1918 1515 τά
1957 1464 2051 1531 τῆς

425 1547 765 1614 ἀποφάσεως.
799 1548 1003 1616 ’Ὠσπερ
1031 1549 1134 1616 γὰρ
1152 1550 1388 1614 ἐξουσίαν
1405 1550 1661 1617 ἐλάϐομεν
1689 1549 1861 1617 δῆσαι,
1881 1546 2049 1608 οὑτως

425 1633 518 1684 καὶ
552 1631 724 1694 λῦσαι,
751 1633 841 1685 καὶ
871 1634 1026 1685 πάλιν
1060 1637 1350 1702 ἐπαγαγεῖν
1396 1636 1445 1687 ι).
1490 1635 1559 1686 Οὐ
1602 1634 1707 1702 γὰρ
1737 1633 1858 1694 τοὺς
1899 1631 2048 1683 ἁδελ-

426 1718 558 1784 φοὺς
595 1716 746 1786 ἡμῶν
779 1717 1045 1785 ἀποκόψαι
1095 1718 1404 1787 βουλόμεθα,
1450 1719 1578 1770 ἀλλὰ
1614 1719 1672 1769 τὸ
1709 1716 1904 1778 ὄνειδος
1950 1715 2047 1782 τῆς

437 1801 755 1871 Ἐκκλησίας
786 1801 1238 1870 ἀποκρούσασθαι.
1267 1802 1378 1854 Νῦν
1421 1803 1515 1869 μὲν
1547 1801 1652 1870 γὰρ
1681 1802 1771 1853 καὶ
1795 1800 2047 1866 ’Έλληνες

424 1887 577 1957 ἡμῶν
629 1885 1097 1952 καταγελάσονται,
1163 1888 1254 1938 καὶ
1317 1886 1549 1937 Ἰουδαῖοι
1599 1884 2042 1952 κωμῳδήσουσιν,

423 1971 545 2022 ὅταν
566 1969 963 2039 ἁμαρτάνοντας
997 1970 1213 2031 ἑαυτοὺς
1243 1970 1409 2030 οὕτως
1445 1967 1796 2036 περιορῶμεν.
1837 1967 1966 2018 Τότε
1992 1967 2044 2017 δὲ

423 2056 516 2107 καὶ
547 2057 740 2108 ἐκεῖνοι
773 2053 968 2123 σφόδρα
999 2055 1139 2123 ήμᾶς
1173 2055 1526 2114 ἐπαινέσουσι,
1571 2055 1659 2105 καὶ
1686 2053 2044 2120 θαυμάσονται

423 2140 519 2208 τὴν
568 2138 906 2207 Ἐκκλησίαν,
941 2139 1047 2192 τῶν
1094 2143 1221 2208 παρ’
1270 2142 1394 2209 ημῖν
1443 2140 1766 2201 αἰδεσθέντες
1797 2139 1971 2206 νόμων
1995 2149 2039 2189 ο.

420 2223 622 2293 Μηδεὶς
651 2223 824 2275 τοίνυν
877 2223 980 2275 τῶν
1017 2224 1370 2292 ἐπιμενόντων
1412 2227 1476 2292 τῇ
1522 2225 1653 2292 αὐτῇ
1699 2222 1918 2291 πορνείᾳ.
1949 2221 2044 2290 τῆς

420 2307 708 2376 ἐκκλησίας
737 2306 1071 2369 ἐπιϐαινέτω,
1091 2308 1222 2360 ἀλλὰ
1246 2310 1335 2361 καὶ
1355 2310 1442 2376 ἀφ’
1461 2307 1609 2378 ὑμῶν
1630 2308 1656 2347 ἀ
1690 2305 2041 2375 ἐπιτιμάσθω,

419 2392 515 2442 καὶ
550 2391 724 2453 κοινὸς
770 2391 907 2444 ἔστω
965 2391 1231 2461 πολέμιος.
1280 2395 1351 2447 Εἴ
1405 2411 1490 2458 τις
1532 2392 1660 2462 γὰρ,
1712 2395 1891 2461 φησὶν,
1932 2392 2042 2458 οὐχ

419 2476 730 2542 ὑπακούσῃ
751 2487 772 2515 ο
795 2475 872 2540 τῷ
891 2478 1045 2544 λόγῳ
1060 2477 1224 2543 ἡμῶν
1241 2477 1336 2530 διὰ
1353 2477 1459 2542 τῆς
1475 2477 1815 2544 ἐπιστολῆς,
1833 2477 2043 2530 τοῦτον

415 2561 792 2627 σημειοῦσθε,
822 2562 916 2615 καί
935 2563 1018 2629 μὴ
1047 2564 1559 2630 συναναμίγνυσθε
1595 2561 1770 2624 αὐτῷ.
1801 2561 1964 2613 Τοῦτο
1985 2560 2040 2612 δέ

419 2645 694 2713 ποιήσατε·
723 2647 856 2713 μήτε
891 2646 1043 2713 λόγου
1077 2647 1343 2714 μετάδοτε,
1377 2647 1504 2714 μήτε
1522 2648 1596 2706 εἰς
1612 2646 1781 2697 οἰκίαν
1798 2643 2035 2712 δέξησθε,

419 2727 555 2796 μήτε
579 2729 848 2798 τραπέζης
870 2731 1244 2798 κοινωνήσητε,
1281 2732 1411 2798 μήτε
1438 2729 1657 2791 εἰσόδου,
1684 2731 1816 2797 μήτε
1843 2727 2038 2797 ἐξόδου,

419 2812 552 2880 μήτε
585 2814 804 2883 ἀγορᾶς·
855 2815 946 2866 καὶ
980 2812 1117 2865 οὕτω
1158 2814 1349 2883 ῥᾳδίως
1389 2814 1577 2876 αὐτοὺς
1608 2813 2034 2882 ἀνακτησόμεθα.

415 2895 524 2945 Καὶ
545 2897 788 2966 καθάπερ
833 2898 881 2948 οί
909 2897 1128 2967 κυνηγοὶ¹
1167 2898 1233 2949 τὰ
1259 2897 1532 2950 δυσάλωτοι
1569 2898 1674 2950 τῶν
1718 2898 1914 2967 θηρίων
1940 2898 2037 2950 οὑκ

417 2978 477 3042 ἐξ
507 2980 620 3042 ἐνὸς
663 2982 875 3050 μέρους,
905 2982 1037 3035 ἀλλά
1069 2983 1321 3036 πάντοθεν
1366 2983 1683 3045 ἐλαύνοντες,
1717 2986 1793 3046 είς
1824 2983 1920 3052 τὴν
1947 2999 2037 3035 σα-

417 3064 584 3131 γήνην
616 3065 983 3131 ἐμϐάλλουσινο
1024 3067 1160 3120 οὑτω
1184 3069 1245 3138 δὴ
1286 3070 1375 3120 καὶ
1419 3069 1572 3136 ἡμεῖς
1615 3069 1738 3129 τοὺς
1778 3069 2037 3138 ἐκθηριω-

418 3145 603 3207 Οέντας
648 3148 1035 3217 συνελάσωμεν,
1064 3152 1152 3202 καὶ
1170 3153 1371 3218 ταχέως
1411 3152 1484 3210 είς
1506 3151 1570 3202 τὰ
1597 3151 1780 3202 δίκτυα
1811 3153 1902 3218 τῆς
1935 3169 2037 3202 σω-

415 3231 603 3300 τηρίας
646 3232 997 3302 ἐμϐαλοῦμεν,
1029 3237 1181 3303 ἡμεῖς
1207 3235 1465 3298 ἐντεῦθεν,
1495 3239 1647 3302 ὑμεῖς
1685 3237 1906 3287 ἐκεῖθεν.
1941 3237 2037 3287 ’Ὶν’

416 3311 506 3366 οὖν
547 3315 702 3366 τοῦτο
739 3317 974 3386 γένηται,
1015 3321 1103 3370 καὶ
1142 3322 1293 3388 ὑμεῖς
1341 3322 1466 3388 ἡμῖν
1518 3327 2032 3387 συναγανακτησατε,

475 3485 502 3515 ⁸
533 3485 639 3550 Duo
677 3487 780 3533 luec
805 3486 1046 3550 __v9cabul_a
1084 3489 1268 3544 εὐτελής
1329 3496 1382 3536 et
1440 3488 1620 3550 οἰκτρὸς
1687 3486 2037 3535 recentioribus

416 3543 713 3618 temporibus
909 3547 1204 3593 vindicarunt
1234 3543 1503 3618 "monachi,
1548 3543 1712 3618 "iisque
1752 3554 1952 3618 utuntur
1993 3551 2036 3594 ln

415 3603 650 3666 indicibus
679 3608 962 3666 scriptorum
1002 3618 1210 3653 suorum.
1258 3606 1518 3666 Beperitur
1581 3603 1729 3666 etiam,
1779 3607 2034 3666 ἐλάχιστος.

414 3662 687 3769 Ehlhlallm
719 3662 798 3711 hic
840 3665 1022 3724 ἐπάγειν
1054 3667 1273 3724 accipere
1333 3662 1381 3712 in
1437 3677 1582 3713 sensu
1649 3662 1913 3712 reducendi
1974 3667 2036 3712 ad

437 3734 507 3769 (σε
525 3734 689 3770 astam.

449 3755 760 3853 fti'X't'éIiEem
800 3781 1068 3831 accusativo
1107 3784 1341 3845 jungitur.
1394 3783 1714 3832 Scribendum
1777 3796 1893 3843 ergo
1935 3783 2041 3839 τοὺς

412 3857 596 3900 νόμους.

477 3902 503 3939 δ
527 3899 692 3962 orte,
717 3901 791 3962 ὑφ’

481 3975 503 4000 c
527 3957 656 4020 Lege
681 3957 788 4009 Cum
815 3959 937 4009 Blbl.
962 3963 1198 4012 ὑπακούει.

1195 344 1250 399 S.
1291 344 1569 400 JUANNIS
1604 344 2077 400 CllRYSOSTOMi
2102 343 2409 402 ARCHIEP.
2435 346 2961 405 CONSTANTINOP.

3677 383 3777 437 270

2159 457 2352 524 μᾶλλον
2380 459 2434 511 δέ
2464 459 2600 529 ὑπὲρ
2629 460 2733 513 τῶν
2761 462 2851 513 τοῦ
2896 461 3027 514 Θεοῦ
3060 465 3232 533 νόμων
3254 465 3545 535 ἀλγήσατε,
3569 471 3666 521 καὶ
3687 488 3770 539 μι-

2154 541 2280 608 κρὸν
2308 545 2328 583 f
2368 544 2742 613 ἀποστραφητε
2764 544 2979 607 τούτους
3011 546 3076 598 τά
3111 548 3331 602 τοιαῦτα
3360 551 3648 615 νοσοῦντας
3684 555 3770 605 καὶ

2153 627 2589 695 παρανομοῦντας
2604 629 2708 682 τῶν
2723 630 2980 697 ἀδελφῶν,
3003 631 3087 683 ἵνα
3108 632 3362 701 διηνεκῶς
3381 636 3579 698 αὐτοὺς
3596 638 3765 705 ἔχητε.

2155 714 2282 766 Οὐδὲ
2304 715 2408 783 γὰρ
2437 716 2496 767 τὸ
2523 717 2676 784 τυχὸν
2704 718 2827 785 ὑμῖν
2859 720 2969 770 ἐστι
3003 720 3188 788 κρίμα,
3219 723 3265 771 εί
3298 723 3556 791 παρίδητε
3581 725 3767 776 τοσαύ-

2151 813 2248 865 την
2274 798 2556 860 ἀπώλειαν,
2583 801 2714 854 ἀλλά
2762 803 3016 872 μεγίστην
3057 803 3200 865 ἕξετε
3235 806 3515 874 τιμωρίαν.
3549 809 3612 858 Et
3669 810 3767 877 γὰρ

2151 882 2206 931 ἐν
2231 885 2345 944 ταῖς
2382 883 2486 934 τῶν
2514 883 2807 953 ἀνθρώπων
2831 886 3020 948 οίκίαις
3056 887 3119 938 ἂν
3149 889 3256 956 ἀλῷ
3298 907 3378 951 τις
3403 892 3508 942 τῶν
3551 894 3768 944 οἰκετῶν

2149 965 2400 1036 ἀργύριον
2438 969 2469 1036 ἢ
2505 970 2719 1037 χρυσίον
2765 970 3102 1039 ὑφελόμενος,
3151 974 3247 1024 οὐκ
3283 975 3440 1036 αὐτὸς
3489 977 3768 1038 κολάζεται

2105 1085 2107 1088 -
2152 1051 2306 1119 μόνον
2333 1053 2558 1116 ὀάλοὺς,
2593 1056 2727 1108 ἀλλά
2779 1059 2871 1110 καὶ
2909 1059 2956 1108 οι
2993 1061 3286 1120 συνειδότες
3319 1062 3409 1113 καὶ
3452 1064 3525 1131 μὴ
3577 1082 3768 1131 καταγ-

2149 1137 2437 1201 γείλαντες,
2470 1141 2640 1208 πολλῷ
2655 1142 2848 1210 μᾶλλον
2877 1144 2965 1194 ἐπὶ
2997 1144 3092 1210 τῆς
3128 1144 3460 1214 Ἐκκλησίας.
3488 1150 3638 1218 Ἐρεῖ
3668 1151 3768 1219 γάρ

2150 1237 2228 1273 σοι
2258 1223 2549 1292 τηνικαῦτα
2569 1227 2753 1289 όΘεός·
2781 1227 2943 1296 Ὁρῶν
2970 1228 3074 1279 ἀπὸ
3101 1230 3190 1280 τοῦ
3209 1230 3352 1282 οίκου
3385 1232 3474 1284 τοῦ
3511 1232 3647 1302 ἐμοῦ
3676 1238 3768 1288 οὐκ

2147 1305 2422 1376 ἀργύριον,
2450 1307 2566 1358 οὑδέ
2594 1309 2823 1376 χρυσοῦν
2862 1311 3048 1374 σκεῦος
3074 1313 3293 1375 κλαπὲν,
3323 1316 3454 1369 ἀλλά
3488 1322 3766 1388 σωφροσύ-

2146 1407 2240 1476 νην
2275 1392 2606 1460 συληθεῖσαν,
2640 1395 2730 1445 καὶ
2781 1396 2868 1447 τὸν
2897 1398 3121 1450 λαϐόντα
3177 1402 3235 1452 τὸ
3287 1404 3440 1471 σῶμα
3470 1406 3532 1457 τὸ
3567 1411 3764 1476 τίμιον⁹

2146 1473 2238 1524 καὶ
2282 1476 2527 1544 τοιαύτης
2558 1479 2885 1545 μετασχόντα
2918 1481 3121 1543 θυσίας,
3151 1485 3443 1540 ἀπελθόντα
3482 1491 3562 1551 είς
3592 1473 3655 1543 :5
3678 1493 3766 1543 τοῦ

2145 1557 2380 1610 διαϐόλου
2415 1561 2605 1627 χωρίον
2633 1563 2675 1625 ε,
2708 1564 2799 1614 καὶ
2825 1564 3044 1616 τοιαῦτα
3095 1573 3566 1638 παρανομήσαντα,
3594 1575 3712 1636 πῶς
3738 1579 3763 1617 ιι

2145 1643 2392 1728 ἐσίγησας
2412 1659 2426 1706 ;
2447 1643 2560 1704 πῶς
2585 1645 2844 1712 ήνεγκας;
2872 1649 2982 1710 πῶς
3005 1650 3101 1700 οὐκ
3138 1653 3467 1720 ἀπήγγειλας
3501 1658 3576 1725 τῷ
3601 1662 3766 1728 ἱερεῖ;

2145 1727 2235 1778 καὶ
2249 1727 2305 1778 οὐ
2334 1729 2430 1789 τὰς
2455 1729 2711 1795 τυχούσας
2741 1732 3076 1802 ἀπαιτηθήσῃ
3107 1736 3345 1798 εὐθύνας.
3378 1741 3476 1792 Διά
3502 1759 3582 1794 τοι
3616 1727 3767 1797 τοῦτο

2144 1811 2235 1862 καὶ
2262 1809 2386 1877 ἐγὼ,
2419 1812 2586 1864 καίτοι
2617 1830 2677 1879 γε
2707 1814 2908 1881 μέλλων
2938 1816 3140 1877 λυπεῖν,
3166 1821 3371 1884 οὐδενὸς
3386 1825 3639 1894 φείσομαι
3664 1829 3766 1880 τῶν

2146 1894 2292 1966 ['278]
2313 1896 2733 1966 ἐπαχθεστέρων.
2771 1899 2948 1967 Πολλῷ
2985 1903 3090 1970 γὰρ
3119 1903 3320 1970 βέλτιον
3346 1909 3576 1962 ἐνταῦθα
3601 1912 3768 1980 λυπη-

2143 1980 2492 2050 θένταςήμᾶς
2532 1984 2548 2021 ί
2588 1983 2855 2045 ἐξελέσθαι
2879 1987 2974 2053 τῆς
3011 1989 3297 2060 μελλούσης
3323 1995 3572 2061 κρίσεως,
3611 1999 3643 2065 ἢ
3670 2001 3764 2066 ρή-

2146 2081 2272 2132 μασι
2297 2067 2788 2136 χαρισάμενοῆιεθ’
2815 2070 2963 2137 ὑμῶν
2991 2071 3309 2141 κολασθῆναι
3337 2080 3470 2128 τότε.
3503 2083 3638 2133 Οὐδὲ
3664 2085 3766 2153 γὰρ

2143 2151 2375 2217 ἀσφαλὲς
2407 2155 2549 2221 ἡμῖν.
2587 2155 2703 2204 οὐδὲ
2732 2155 3023 2219 ἀκίνδυνον,
3066 2163 3186 2227 σιγῇ
3214 2161 3280 2211 τὰ
3310 2162 3528 2215 τοιαῦτα
3557 2168 3742 2234 φέρειν

2153 2235 2330 2304 ’Υμῶν
2384 2240 2485 2308 γὰρ
2517 2239 2738 2300 ἕκαστος
2785 2241 2918 2302 ὑπὲρ
2961 2243 3148 2293 ἐαυτοῦ
3197 2245 3350 2298 δώσει
3377 2249 3472 2308 τὰς
3513 2250 3761 2314 εὐθύνας·

2140 2321 2248 2388 ἐγὼ
2278 2323 2331 2373 δέ
2352 2323 2448 2390 τῆς
2475 2325 2720 2376 ἁπάντων
2764 2326 3028 2392 σωτηρίας
3065 2328 3369 2391 ὑπεύθυνος.
3406 2335 3499 2384 Διά
3519 2334 3582 2402 δὴ
3608 2337 3765 2388 τοῦτο

2139 2407 2198 2458 οὐ
2221 2406 2487 2474 παύσομαι
2518 2409 2687 2460 πάντα
2713 2410 2876 2461 ποιῶν
2915 2412 3005 2462 καὶ
3040 2411 3225 2478 λέγων,
3257 2415 3359 2465 κᾶν
3388 2418 3622 2489 λυπῆσαι
3650 2421 3760 2489 δέῃ,

2139 2491 2240 2542 κᾶν
2299 2490 2502 2559 ἐπαχθῆ
2557 2491 2804 2560 φανῆναι,
2847 2494 2948 2546 κᾶν
2987 2497 3253 2563 φορτικὸν,
3307 2486 3760 2571 ὦστέδυνηθῆναι

2139 2575 2478 2642 παραστῆναι
2515 2575 2588 2643 τῷ
2623 2576 2821 2644 βήματι
2869 2580 3054 2645 ἐκείνῳ
3100 2581 3174 2648 τῷ
3227 2583 3455 2653 φοϐερῷ,
3505 2588 3579 2655 μὴ
3626 2590 3760 2655 ἔχων

2139 2658 2323 2710 σπῖλον
2355 2659 2385 2726 ἢ
2413 2660 2616 2727 ῥυτίδα,
2648 2662 2680 2728 ἦ
2710 2679 2760 2712 τι
2795 2663 2902 2713 τῶν
2937 2665 3201 2716 τοιούτων.
3237 2667 3441 2719 Γένοιτο
3479 2670 3534 2719 δέ
3576 2671 3761 2738 εὐχαῖς

2135 2741 2241 2792 τῶν
2258 2742 2420 2808 ἁγίων
2435 2743 2555 2804 τούς
2573 2761 2631 2795 τε
2645 2745 3029 2812 διαφθαρέντας
3048 2748 3141 2816 ἤδη
3165 2750 3366 2816 ταχέως
3386 2753 3695 2806 ἐπανελθεῖν
3713 2756 3726 2805 i
3741 2797 3756 2818 ,

2133 2825 2255 2889 τούς
2287 2843 2344 2877 τε
2376 2827 2654 2894 μείναντας
2683 2829 2880 2890 ἀσινεῖς
2910 2832 2995 2882 ἐπὶ
3040 2832 3215 2899 μεῖζον
3239 2835 3501 2901 προκόψαι
3535 2843 3757 2907 κοσμιό-

2133 2925 2291 2980 τητος
2334 2912 2424 2962 καὶ
2466 2913 2826 2981 σωφροσύνης·
2873 2916 2956 2965 ἵνα
3001 2917 3090 2966 καὶ
3144 2919 3295 2983 ὑμεῖς
3344 2920 3617 2985 σῴζοισθε,
3671 2929 3759 2978 καὶ

2135 2994 2295 3063 ἡμεῖς
2327 2994 2754 3064 εὐφραινώμεθα,
2777 2999 2867 3049 καὶ
2897 3002 2922 3049 ὁ
2945 3000 3073 3061 Θεὸς
3102 3001 3380 3071 δοξάζηται
3405 3006 3498 3056 νῦν
3536 3009 3628 3060 καὶ
3655 3012 3755 3072 ἀεὶ,

2135 3081 2229 3132 καὶ
2266 3083 2343 3142 είς
2371 3083 2492 3144 τοὺς
2529 3082 2904 3152 ἀτελευτήτους
2931 3086 3125 3146 αἰῶνας
3152 3087 3256 3139 τῶν
3297 3090 3522 3142 αἰώνων.
3569 3092 3754 3162 Ἀμήν.

2203 3242 2226 3315 ξ
2250 3243 2329 3315 §ic
2347 3245 2514 3315 codex:
2539 3245 2637 3315 §ed
2653 3248 2860 3315 _malle_m_
2879 3251 3031 3315 ,ωκαὶ
3050 3250 3168 3295 κατὰ
3203 3251 3362 3311 μικρὸν
3414 3254 3752 3315 ἀποστρέψετε.

2201 3305 2226 3366 β
2253 3303 2444 3366 Qircum
2467 3309 2517 3366 et
2539 3304 2773 3366 theatrum
2799 3307 3043 3366 inlelligil.

2199 3360 2229 3399 ὶλ
2246 3360 2563 3423 Constructio,
2592 3365 2727 3423 ὁρῶν,
2751 3367 2874 3422 πῶς

2207 3423 2222 3459 i
2251 3422 2364 3468 Haec
2384 3434 2476 3467 non
2497 3422 2756 3468 sunt’sana.
2786 3423 2872 3470 His
2913 3429 3071 3470 tamen
3093 3423 3264 3474 nititur
3286 3426 3432 3479 lectio
3495 3430 3752 3478 λυπεῖσθαι.

2140 3481 2210 3547 με
2236 3493 2349 3547 vero
2375 3480 2716 3547 éEsiécriiatnon
2750 3483 2920 3547 babet,
2973 3496 3068 3541 quo
3108 3486 3358 3547 referatur.
3418 3487 3572 3534 Malim
3618 3501 3752 3547 ergo,

2140 3542 2416 3597 λυπηθέντας
2437 3541 2554 3601 ὑμᾶς
2578 3540 2833 3601 ἐξελέσθαι.
2871 3540 3092 3588 Ceterum
3143 3545 3465 3601 a‘qualitalem
3509 3540 3751 3596 membro;

2141 3615 2247 3666 rum
2295 3599 2514 3666 neglexit
2574 3600 2621 3644 in
2681 3603 2913 3666 oppositis
2932 3637 2957 3666 _,_
3002 3599 3378 3666 γλυπηθένταςλει
3418 3608 3745 3666 χαρισάμενον.

2144 3661 2482 3725 IEgualitatem
2529 3665 2784 3717 servasset,
2830 3664 2870 3708 si
2913 3661 3132 3719 dixisset,
3193 3661 3493 3718 ὶ.υπήσαν·ἑὰι’
3531 3661 3649 3725 ὑμὶῑς
3687 3668 3756 3718 ἐξα

2145 3722 2339 3767 ελέσθαι.

2211 3779 2223 3827 j
2257 3779 2357 3842 Hoc
2379 3787 2470 3842 r10.“
2492 3781 2625 3842 Γθθέθ
2652 3780 2877 3842 θίῖηνθηίι
2899 3779 3362 3842 τῷ-διᾳφθαρέντας.
3427 3781 3648 3842 Proprie,
3713 3789 3754 3834 οι

2146 3836 2538 3900 ἀποπλανηθέντες
2574 3836 2917 3900 ἐπανέρχονται.
2943 3836 3126 3900 ίῼτριὶῤ
3169 3836 3286 3897 ergo
3339 3836 3600 3900 legendum
3635 3836 3756 3891 esse

2146 3898 2496 3962 ἀποφθαρέντας.
2562 3895 2781 3962 _Hesyéh.
2822 3897 3103 3960 diroino'tpnei
3181 3895 3294 3958 μου·
3320 3895 3605 3962 ἀπᾶλλάγηθί
3646 3919 3754 3962 μου.

2148 3959 2207 4006 Et
2232 3955 2502 4019 ε’φθείρεται·
2527 3955 2767 4004 πλανᾶται.

803 4429 1554 4458 ⁸....-......-...-.--.-----.·-··ι-----·
1011 4429 3656 4466 ww

1884 4659 2253 4721 MONITUM

575 4863 724 4915 Hanc
759 4859 1048 4925 bomiliam,
1089 4859 1269 4914 Romae
1303 4874 1370 4912 ex
1403 4858 1534 4914 Cod.
1581 4860 1834 4915 Vaticano
1860 4861 1960 4916 559
1989 4876 2018 4915 a
2045 4876 2131 4915 me
2159 4862 2499 4932 cxscriptam,
2532 4875 2712 4916 veram
2747 4872 2802 4917 et
2829 4865 3192 4921 authenticam
3223 4883 3342 4923 esse
3383 4884 3542 4923 nemo
3573 4885 3677 4923 non

507 4971 783 5035 fatebitur,
815 4971 916 5025 nisi
944 4972 1010 5026 sit
1033 4973 1084 5026 in
1111 4969 1474 5042 Chrysostomi
1506 4970 1718 5038 scriptis
1749 4971 1963 5040 hospes.
1998 4971 2197 5026 Omnes
2217 4973 2356 5027 enim
2380 4973 2522 5043 styli,
2550 4973 2799 5029 dictionis
2825 4976 3253 5048 inventionisque
3289 4989 3426 5034 notae
3453 4997 3679 5035 concur~

509 5092 654 5149 runt,
683 5082 824 5137 nulla
854 5082 1205 5137 desideratur.
1235 5084 1405 5152 ipsam
1433 5097 1558 5136 vero
1579 5082 1766 5136 habuit
1793 5098 1913 5136 cum
1945 5098 2041 5152 per
2064 5085 2259 5139 multos
2295 5086 2408 5140 dies
2437 5086 2648 5153 absens,
2681 5089 3095 5160 inﬁrmitathue
3116 5095 3366 5148 detentus
3389 5095 3595 5160 fuisset,
3621 5112 3681 5149 ac

509 5213 622 5269 prae
658 5215 836 5256 amore
875 5200 1052 5270 populi
1097 5200 1334 5254 nondum
1376 5199 1562 5270 positis
1605 5198 1777 5254 morbi
1814 5199 2051 5269 reliquiis
2095 5201 2160 5255 ad
2199 5203 2475 5258 ecclesiam
2523 5203 2934 5262 concionaturus
2974 5208 3253 5263 advolavit.
3298 5208 3352 5262 ld
3387 5209 3527 5277 quod
3571 5210 3682 5280 ipse
