3990 6444
249 356 362 409 269

258 473 340 510 ma
372 461 612 528 leprosos
642 473 722 516 est
763 481 826 518 ex
877 467 956 519 his
999 469 1159 521 sacris
1191 471 1377 522 Castris
1407 471 1802 526 eliminabimus.

254 547 325 602 Ut
356 551 493 602 enim
532 553 700 618 primo
737 555 1104 609 cohortatione
1155 567 1204 610 ct
1253 560 1475 613 consilio
1506 576 1628 614 usus
1659 577 1804 615 sum:

249 639 327 692 sic
358 649 410 692 et
435 656 574 695 nunc
601 653 720 711 post
746 653 939 697 tantam
981 647 1405 701 adhortationem
1439 660 1490 703 et
1517 650 1806 703 doctrinam

253 741 472 780 necesse
501 739 581 781 est
623 731 832 785 demum
888 735 1170 787 sectionem
1214 737 1369 788 etiam
1416 737 1665 804 inﬂigere.
1723 740 1810 791 Et-

249 815 392 867 enim
426 831 594 870 annus
639 821 841 873 tandem
894 832 975 874 est
1020 823 1225 890 elapsus
1264 825 1342 892 (a)
1384 840 1445 878 ex
1501 841 1605 894 quo
1635 829 1686 879 in
1717 843 1806 880 vc-

250 911 414 955 stram
461 906 721 960 civitatem
776 909 1024 963 advectus
1068 926 1220 974 sum,
1277 928 1447 981 neque
1474 917 1674 968 cessavi
1714 917 1808 970 hac

251 988 323 1041 de
351 1005 408 1042 re
450 1006 543 1044 vos
574 993 874 1061 frequenter
911 997 1198 1052 cohortari.
1234 999 1364 1065 Quia
1403 1002 1560 1070 igitur
1597 1004 1806 1070 quidam

257 1075 311 1127 in
343 1078 441 1130 hac
482 1081 626 1132 sanie
677 1094 1096 1149 permanserunt,
1128 1101 1223 1154 age
1269 1087 1477 1142 demum
1520 1092 1804 1144 sectionem

251 1165 556 1221 inferamus.
591 1169 702 1223 Etsi
745 1174 886 1226 enim
918 1174 1115 1228 ferrum
1156 1191 1259 1230 non
1306 1179 1545 1241 habeam,
1577 1190 1630 1234 at
1685 1197 1803 1235 ver-

253 1255 380 1308 bum
411 1257 577 1311 habeo
607 1259 745 1313 ferro
778 1263 978 1316 acutius
1023 1265 1094 1333 (b)
1123 1281 1134 1315 :
1167 1267 1266 1320 etsi
1307 1267 1480 1336 ignem
1509 1283 1612 1322 non
1644 1270 1803 1323 feram

253 1343 349 1409 (c),
379 1355 430 1396 at
470 1346 705 1401 doctrina
742 1349 889 1404 adest
919 1353 1042 1405 mihi
1091 1348 1209 1422 igne
1236 1357 1548 1423 ferventior,
1576 1374 1691 1426 qua:
1715 1375 1779 1413 vc

251 1429 551 1485 hementius
575 1449 726 1489 urere
756 1440 939 1504 possit.

323 1516 858 1577 Excommunicationis
880 1529 1119 1579 sententia
1145 1530 1197 1582 in
1224 1531 1337 1584 illos
1378 1536 1462 1600 qui
1496 1536 1800 1590 theatrorum

248 1606 532 1670 spectacula
560 1609 728 1662 diebus
757 1615 938 1666 sanctis
968 1617 1288 1670 adierunt.——
1312 1620 1385 1674 Ne
1410 1638 1626 1689 spernas
1649 1626 1802 1694 igitur

249 1695 563 1746 sententiam
589 1709 838 1751 nostram.
871 1701 1117 1767 Quamvis
1160 1708 1299 1760 enim
1346 1711 1475 1764 viles
1521 1713 1800 1767 admodum

247 1793 311 1832 ac
352 1781 672 1839 miserabiles
692 1789 874 1854 simus,
916 1803 1145 1848 attamen
1180 1812 1209 1849 a
1241 1799 1413 1851 divina
1445 1805 1609 1870 gratia
1637 1805 1802 1873 digni-

248 1877 408 1922 tatem
427 1874 739 1941 accepimus,
772 1896 868 1946 qua
898 1884 1157 1948 possimus
1184 1887 1296 1940 haec
1324 1890 1551 1944 efficere.
1587 1894 1803 1960 Ejician-

249 1965 335 2008 tur
364 1973 488 2024 ergo
508 1960 804 2028 hujusmodi
823 1968 1079 2036 homines,
1101 1977 1322 2042 utetqui
1352 1979 1462 2031 sani
1491 1991 1612 2034 sunt
1635 1984 1803 2036 valen-

246 2045 409 2098 tiores
433 2049 687 2114 evadant;
719 2064 771 2106 et
796 2058 883 2123 qui
915 2062 1098 2114 morbo
1121 2062 1378 2131 laborant,
1417 2083 1446 2120 a
1477 2072 1617 2136 gravi
1645 2075 1797 2141 trgi-i-

247 2134 426 2188 tudine
453 2137 516 2189 ad
559 2141 832 2195 sanitatem
864 2160 979 2199 sese
1025 2164 1269 2205 revocare
1315 2134 1531 2220 possint.
1580 2159 1634 2213 Si
1677 2134 1800 2214 vero

249 2223 623 2287 perhorruistis
645 2229 776 2283 hanc
805 2233 1073 2288 audientes
1098 2242 1408 2295 sententiam
1437 2246 1454 2312 (
1476 2247 1625 2301 video
1656 2264 1800 2302 nam-

244 2326 347 2375 que
367 2327 549 2367 omnes
570 2317 971 2386 ingemiscentes
995 2335 1046 2377 et
1067 2335 1447 2401 compunclos),
1469 2339 1795 2405 resipiscam,

243 2408 298 2451 et
326 2405 581 2456 sententia
609 2407 776 2460 soluta
805 2421 900 2463 est.
921 2413 1371 2476 Quemadmodum
1392 2424 1528 2476 enim
1553 2428 1794 2496 alligandi

243 2496 554 2553 potestatem
594 2497 926 2562 accepimus.
981 2503 1055 2553 sic
1108 2515 1160 2556 et
1201 2508 1467 2573 solvendi,
1514 2529 1574 2566 ac
1618 2532 1796 2571 rursus

243 2576 555 2630 sententiam
585 2579 805 2636 ferendi.
833 2585 944 2638 Non
973 2590 1111 2642 enim
1136 2592 1322 2648 fratres
1346 2609 1552 2654 nostros
1583 2604 1791 2659 abscin-

242 2663 368 2717 dere
413 2668 652 2722 volumus
676 2713 690 2735 ,
723 2675 812 2726 sed
845 2680 1180 2744 orprobrium
1223 2685 1473 2744 Ecclesia:
1503 2693 1791 2761 depellere.

243 2750 387 2840 Smne
409 2757 598 2823 quippe
628 2775 723 2812 nos
751 2771 804 2814 et
832 2767 1053 2831 gentiles
1079 2769 1391 2840 irridebunt,
1424 2788 1476 2832 et
1501 2750 1664 2836 Juilrei
1689 2750 1794 2840 tra-

243 2838 682 2909 ducent,quando
718 2865 812 2901 nos
857 2851 997 2918 ipsos
1044 2870 1323 2922 peccantes
1359 2864 1428 2917 ita
1457 2867 1789 2937 despicimus.

242 2928 389 2982 Tunc
417 2941 586 2985 autem
616 2945 668 2988 et
694 2937 769 2989 illi
793 2939 1070 2997 admodum
1103 2962 1197 3000 nos
1225 2949 1524 3021 laudabunt,
1553 2928 1606 3011 et
1636 2963 1794 3016 mira-

237 3015 434 3070 buntur
462 3020 767 3089 Ecclesiam,
801 3027 940 3097 leges
967 3043 1170 3088 nostras
1187 3042 1415 3095 reveriti.
1437 3015 1598 3102 Nemo
1621 3050 1791 3118 itaque

238 3116 304 3153 ex
334 3104 415 3169 iis,
440 3109 524 3174 qui
550 3109 599 3160 in
619 3111 798 3165 cadent
833 3125 1513 3196 permanentfornicatione,
1545 3137 1592 3188 in
1624 3104 1790 3192 ecc'le-

236 3190 368 3242 siam
396 3195 584 3255 veniat,
621 3199 711 3252 sed
739 3210 792 3254 et
820 3219 848 3255 a
880 3208 1025 3261 vobis
1061 3214 1389 3285 corripiatur,
1421 3231 1472 3274 et
1498 3231 1789 3282 communis

235 3277 305 3386 sit
335 3279 516 3336 hostis.
547 3287 606 3338 Si
626 3291 733 3353 quis
755 3308 852 3344 non
874 3296 1033 3349 obedit
1062 3277 1388 3359 verbo-nostro,
1406 3328 1490 3378 per
1506 3317 1783 3386 epistolam,

235 3369 366 3422 hunc
388 3384 569 3440 notate,
602 3389 646 3431 et
671 3397 729 3432 ne
754 3387 1168 3444 commisceamini
1188 3411 1298 3448 cum
1321 3400 1406 3451 illo
1430 3402 1501 3471 (2.
1527 3402 1699 3461 Thess.
1729 3369 1782 3466 δί

232 3458 492 3566 14).,11ι)ο
520 3473 690 3519 autem
719 3470 873 3526 facite
907 3491 919 3526 :
972 3492 1164 3546 neque-
1191 3458 1577 3556 colloquainini,
1616 3458 1785 3566 neque

229 3547 370 3601 domi
404 3555 662 3620 recipiatis
683 3598 696 3620 ,
742 3576 910 3629 neque
939 3581 1134 3621 mensa:
1161 3577 1440 3644 participes
1477 3547 1779 3654 admittaiis,

225 3648 394 3700 neque
419 3638 680 3705 ingressus
705 3648 782 3699 vel
813 3664 1075 3718 egressus,
1106 3674 1272 3726 neque
1296 3664 1344 3714 in
1382 3666 1496 3721 foro
1539 3687 1653 3726 cum
1683 3638 1782 3731 illis

223 3726 503 3780 versetnini
521 3744 533 3778 :
554 3739 606 3783 et
633 3734 708 3788 sic
726 3737 872 3793 facile
894 3741 1010 3796 illos
1039 3753 1479 3817 recuperabimus.
1503 3763 1577 3815 Ac
1595 3781 1776 3831 quem-

282 3854 1187 3957 ξῗιξυὲξὲτῇῗῗῗξίτξὲξξὲη¹ἓοὲιηὲφνειμφ
1206 3886 1775 3957 ,ευηειρηιίηοροιίιειηυηι

501 3925 505 3928 .
805 3932 831 3943 _
895 3922 907 3934 .
952 3922 960 3923 κ
978 3922 1187 3938 αττ-ν...-
1213 3922 1514 3944 υυ-ωιυιιιιιιιυ
1535 3922 1610 3946 ιυιΙ
1637 3922 1675 3948 ἰ
1715 3922 1724 3948 i

486 3926 640 4012 itaet-tat
657 3933 1115 4012 gtttronof'ltsﬂrtensis
1141 3948 1380 3998 Februarii
1403 3955 1482 4002 die
1517 3922 1596 4012 g26,
1616 3922 1776 4012 ἱῗιᾜῗῖ

216 3979 440 4052 seats,
456 3978 494 4052 '-.
515 3983 561 4036 δν
582 3996 630 4052 ,ςεο
729 3978 1115 4052 remaneat?”
1348 3978 1380 3998 ιι

383 4031 1252 4154 Yerba'diviuaiiiitehigitfifxpressit
1273 4070 1397 4115 enim
1423 4077 1562 4123 ιιυιηο,
1591 4079 1634 4125 4,
1668 4082 1721 4128 ιθ

277 4093 321 4149 (ι
382 4103 487 4144 Mm
511 4103 701 4154 medior.
727 4115 825 4154 aut.
865 4120 913 4154 ut
959 4128 1042 4154 nm
1099 4125 1315 4154 ηιηιςωηη
1374 4133 1579 4154 ,.i.:...._,,,-
1662 4119 1720 4154 ..·

277 4073 348 4154 ὃς
382 4073 541 4141 ἀνω..
564 4073 718 4132 inqu-Ia
745 4073 982 4110 uitcutgtt.
1013 4073 1252 4164 uxr-casti
1273 4073 1397 4115 enim
1423 4077 1562 4123 llcltt‘.
1591 4079 1634 4125 4.
1668 4082 1737 4129 12.

277 4110 371 4197 ut“.
416 4103 701 4163 ammuhc‘o
727 4115 825 4167 θυι,
865 4120 913 4158 ut
957 4128 1042 4164 uos
1099 4135 1330 4183 oquuuur,
1373 4133 1580 4197 chirurgi
1626 4144 1769 4191 etiam

1351 355 1615 409 CONTRA
1655 357 1867 412 LUDOS
1905 358 1990 412 ET
2029 358 2363 413 THEATRA.

3363 372 3475 426 270

1914 475 2191 528 admodum
2223 486 2496 532 venatores
2523 479 2659 531 feras
2686 488 2838 545 captu
2867 476 3108 530 difficiles
3139 491 3241 530 non
3273 490 3337 529 ex
3369 490 3472 528 una

1916 574 2082 630 parte,
2112 567 2202 618 sed
2232 566 2458 634 undique
2481 569 2765 634 pollentes,
2801 570 2849 620 in
2901 569 3027 620 retia
3052 567 3374 634 conjiciunt:
3403 564 3468 617 ita

1913 671 1966 706 et
1993 671 2086 708 nos
2113 671 2223 720 eos,
2251 658 2337 724 qui
2365 657 2596 711 moribus
2622 659 2818 711 efferati
2854 669 2994 722 sunt,
3043 675 3143 711 una
3195 657 3467 725 pellamus,

1913 756 1960 796 et
1994 747 2097 796 cito
2124 747 2173 797 in
2215 747 2397 799 salutis
2417 748 2546 800 retia
2571 748 2931 814 conjiciemus,
2964 762 3059 800 nos
3085 763 3148 802 ex
3171 761 3271 799 una
3300 753 3465 814 parte,

1915 845 2006 883 vos
2032 848 2093 884 ex
2117 832 2232 884 alia.
2260 832 2327 887 Ut
2356 834 2510 900 igitur
2535 834 2659 888 illud
2689 836 2913 900 eveniat,
2939 851 3029 888 vos
3056 850 3262 904 quoque
3284 833 3464 887 nobis-

1911 935 2032 972 cum
2078 921 2416 988 indignemini
2452 941 2464 976 :
2495 923 2598 975 imo
2626 925 2798 991 potius
2848 939 2942 991 pro
2989 925 3078 977 Dei
3126 924 3326 992 legibus
3374 921 3467 975 du-

1911 1010 2033 1070 lete,
2074 1018 2126 1062 et
2162 1010 2412 1077 paulatim
2442 1012 2693 1064 avertatis
2736 1026 2826 1064 eos
2856 1028 2918 1064 ex
2949 1011 3216 1076 fratribus,
3243 1012 3330 1079 qui
3367 1010 3468 1063 hoc

1911 1096 2093 1149 morbo
2139 1097 2376 1150 laborant
2421 1108 2472 1151 et
2527 1100 2576 1150 in
2627 1099 2726 1152 hoc
2771 1108 3036 1166 peceatum
3093 1100 3359 1162 incidunt,
3413 1106 3468 1151 ut

1913 1193 2160 1251 perpetuo
2200 1185 2317 1239 illos
2344 1186 2613 1240 vobiscum
2645 1189 2887 1242 servetis.
2917 1187 3094 1256 Neque
3122 1189 3261 1241 enim
3301 1202 3465 1255 parvo

1909 1272 2125 1326 crimine
2161 1275 2236 1327 rei
2276 1275 2443 1334 eritis,
2475 1276 2516 1328 si
2550 1284 2742 1328 tantam
2774 1277 3052 1344 perniciem
3100 1276 3460 1345 neglexerilis,

1908 1367 2000 1420 sed
2024 1382 2210 1436 magno
2238 1369 2493 1436 supplicio
2522 1369 2666 1422 eritis
2693 1369 2923 1422 obnoxii.
2955 1369 3084 1422 Nam
3129 1369 3171 1420 si
3204 1369 3254 1421 in
3297 1368 3465 1420 homi-

1910 1470 2032 1506 num
2057 1456 2276 1519 aadibus,
2306 1471 2424 1509 cum
2452 1458 2566 1524 quis
2591 1473 2655 1510 ex
2705 1458 2909 1511 famulis
2938 1467 3213 1527 argentum
3240 1460 3323 1511 vel
3366 1472 3458 1508 an-

1908 1560 2021 1597 rum
2055 1545 2252 1599 furatus
2280 1547 2704 1615 deprehenditur,
2737 1564 2839 1601 non
2864 1549 2971 1617 ipse
2998 1552 3140 1602 solus
3159 1550 3246 1618 qui
3273 1549 3461 1616 depre-

1909 1635 2100 1690 hensus
2120 1646 2222 1702 est,
2243 1637 2334 1690 sed
2359 1639 2513 1691 etiam
2541 1639 2754 1703 conscii,
2777 1648 2829 1692 et
2852 1641 2940 1707 qui
2967 1656 3068 1692 non
3100 1641 3461 1701 revelaveriiit,

1909 1741 2060 1794 paena
2115 1726 2447 1794 plectuntur,
2497 1729 2660 1780 multo
2707 1729 2872 1797 magis
2921 1730 2972 1782 in
3023 1729 3274 1783 Ecclesia.
3315 1729 3461 1781 Tunc

1908 1817 2045 1869 enim
2067 1815 2204 1868 dicet
2235 1817 2324 1868 tibi
2357 1816 2491 1869 Deus
2525 1833 2536 1866 :
2568 1816 2695 1870 Cum
2721 1817 2927 1871 videres
2948 1834 3010 1870 ex
3035 1817 3192 1872 domo
3222 1833 3333 1870 mea
3357 1833 3458 1870 non

1906 1913 2210 1971 argenteum
2236 1905 2317 1957 vel
2344 1920 2559 1958 aureum
2586 1922 2675 1959 vas
2701 1905 2840 1959 furto
2866 1907 3052 1974 abripi,
3074 1906 3163 1958 sed
3187 1907 3460 1959 continen-

1909 1995 2031 2045 tiam
2072 1994 2298 2058 auferri;
2345 2010 2569 2062 eumque
2598 1996 2682 2064 qui
2706 1996 2991 2063 pretiosum
3019 2011 3208 2062 corpus
3237 1995 3458 2062 accipit.

1905 2094 1956 2135 et
1982 2083 2276 2152 bnjusmodi
2307 2085 2545 2140 sacrificii
2571 2088 2829 2156 particeps
2858 2097 2957 2154 est,
2997 2089 3045 2140 in
3067 2088 3258 2142 diaboli
3288 2089 3458 2142 lccum

1905 2172 2070 2236 abire,
2113 2174 2240 2226 etin
2269 2182 2465 2226 tantum
2497 2185 2764 2242 peccatum
2797 2177 3056 2241 incidere,
3107 2193 3200 2232 cur
3241 2178 3453 2245 siluisti,

1903 2278 1995 2315 cur
2016 2264 2066 2317 id
2093 2266 2275 2331 tulisti,
2301 2281 2395 2320 cur
2419 2285 2524 2320 non
2545 2271 2859 2323 annuntiasti
2888 2273 3166 2337 sacerdoti,
3195 2288 3261 2327 ne
3288 2289 3458 2344 pecua:

1905 2353 1999 2406 abs
2029 2365 2078 2406 te
2101 2364 2464 2422 repeterentur
2492 2374 2594 2410 non
2623 2360 2793 2412 leves?
2834 2360 2954 2413 Ideo
2974 2373 3024 2414 et
3050 2378 3147 2430 ego
3175 2364 3376 2417 etiamsi
3407 2364 3457 2418 id

1903 2441 2030 2493 mihi
2061 2442 2227 2496 dolori
2253 2444 2486 2497 futurum
2517 2448 2583 2498 sit
2611 2449 2709 2514 (ιι),
2745 2464 2809 2501 ne
2838 2464 2864 2500 a
2892 2454 3219 2518 gravioribus
3247 2454 3456 2522 quidem

1902 2532 2187 2586 inferendis
2227 2535 2396 2600 pcenis
2422 2536 2716 2590 abstinebo.
2743 2538 2919 2607 Longe
2941 2542 3127 2594 rutulius
3157 2544 3348 2612 quippe
3377 2551 3456 2597 est

1903 2638 2000 2676 nos
2045 2622 2130 2676 hic
2175 2639 2406 2680 mmrore
2448 2627 2695 2693 affectos,
2731 2647 2759 2680 a
2810 2629 2984 2684 futuro
3027 2633 3193 2700 abripi
3233 2634 3452 2702 judicio,

1901 2727 2055 2778 quam
2083 2715 2360 2768 verborum
2387 2718 2552 2784 gratia
2582 2717 2895 2787 lenitateqne
2923 2736 3045 2774 usos
3069 2761 3083 2786 ,
3109 2723 3248 2776 hunc
3277 2725 3452 2778 vobis-

1900 2815 2017 2855 cum
2046 2818 2229 2870 ptnnas
2261 2805 2425 2860 luere.
2455 2806 2633 2875 Neque
2670 2809 2806 2860 enim
2838 2819 3005 2863 tutum
3047 2811 3190 2865 vobis
3222 2813 3301 2865 vel
3342 2813 3453 2866 sine

1899 2897 2133 2964 periculo
2188 2905 2310 2960 est,
2357 2914 2442 2952 res
2489 2898 2784 2966 lmjusmodi
2824 2901 3032 2954 silentio
3081 2913 3273 2971 tegere.
3322 2903 3451 2957 Nam

1898 2986 2118 3052 quisque
2141 2997 2370 3039 vestrum
2415 3003 2508 3054 pro
2530 3002 2587 3040 se
2619 3002 2800 3054 [muas
2824 2989 3003 3041 dabit:
3047 3006 3143 3059 ego
3170 3007 3296 3044 vero
3333 3007 3447 3044 om.

1897 3077 2039 3128 tiiuni
2086 3076 2239 3128 saluti
2289 3091 2404 3130 sum
2432 3078 2706 3131 obnoxius.
2736 3079 3086 3145 Quamobrem
3137 3096 3239 3134 non
3290 3081 3445 3134 finem

1895 3165 2081 3218 faciam
2134 3168 2308 3219 omnia
2357 3168 2543 3235 agendi
2573 3177 2624 3222 et
2669 3169 2896 3234 dicendi,
2942 3171 3146 3224 etiamsi
3183 3187 3273 3223 vos
3314 3186 3444 3226 mce—

1895 3271 2016 3312 rore
2041 3257 2250 3315 afficere
2275 3269 2529 3326 Oporteat,
2554 3263 2755 3318 etiamsi
2783 3264 3030 3317 molestus
3051 3265 3227 3318 videar
3243 3274 3294 3319 et
3318 3280 3446 3320 onc-

1895 3359 2065 3411 rosus,
2105 3357 2162 3399 ut
2200 3349 2394 3413 possim
2422 3349 2627 3402 adstare
2650 3360 2771 3404 ante
2814 3352 3036 3406 tribunal
3073 3353 3196 3406 illud
3227 3353 3444 3408 horren-

1892 3435 2015 3489 dum
2041 3476 2056 3501 ,
2105 3439 2300 3490 nullam
2342 3437 2539 3492 habens
2576 3442 2830 3494 maculam
2861 3451 2950 3495 aut
2981 3443 3151 3496 labem
3192 3443 3274 3496 vel
3319 3444 3444 3511 quid

1893 3525 2209 3593 hujusmodi.
2256 3526 2464 3580 Utinam
2495 3539 2689 3593 autem,
2740 3532 2983 3598 precibus
3023 3540 3345 3594 sanctorum,
3408 3535 3441 3585 ii

1889 3615 1975 3681 qui
2003 3616 2234 3682 corrupti
2285 3625 2406 3667 sunt
2434 3617 2585 3669 citius
2616 3625 2978 3681 revertantur;
3010 3619 3078 3672 illi
3105 3635 3229 3673 vero
3257 3620 3344 3686 qui
3376 3620 3441 3672 il-

1889 3705 1999 3757 laesi
2023 3717 2344 3769 manserunt,
2364 3706 2414 3758 iu
2438 3708 2689 3774 majorem
2711 3717 2952 3761 ornatum
2965 3709 3441 3778 continentiamque

1889 3794 2162 3861 proficiant
2196 3804 2358 3848 :utct
2399 3811 2492 3848 vos
2521 3797 2742 3849 salutem
2782 3799 3207 3864 consequamini,
3253 3808 3304 3850 et
3345 3812 3441 3850 nos

1887 3886 2140 3946 hetemur,
2175 3893 2226 3937 et
2256 3886 2390 3936 Dens
2421 3885 2582 3952 gloria
2610 3887 2865 3937 afficiatur
2898 3901 3036 3938 nunc
3063 3896 3116 3939 et
3140 3901 3367 3954 semper.
3387 3897 3438 3940 et

1882 3975 1934 4026 iu
1961 3973 2159 4025 infinita
2193 3973 2380 4025 swcula
2408 3973 2737 4026 saeculorum.
2772 3975 2958 4028 Amen.

209 4145 354 4201 uni.“
515 4145 701 4163 νέην-π’
727 4145 825 4167 “vi
865 4145 913 4158 ιη
957 4145 1042 4164 "vo
1082 4145 1330 4183 wuuuuur,
1373 4145 1580 4197 Chirurgi
1626 4145 1769 4191 cum“

1934 4145 2012 4214 _(a)
2045 4145 2098 4216 In
2122 4152 2298 4202 Gt‘tL‘co,
2341 4161 2456 4216 team
2494 4159 2694 4216 petum.
2715 4159 2847 4216 l‘axﬂv,
2868 4162 2988 4215 qttas
3008 4161 3154 4216 voces
3190 4150 3259 4196 sic
3293 4159 3434 4208 opor-

361 4189 371 4202 ”
1532 4189 1560 4197 ν
1744 4189 1769 4191 ἡ
1880 4189 2635 4266 tui‘s‘ét’ihiéiiiib’mii;"inutilis
2658 4189 2867 4256 dolorem
2886 4189 2979 4256 :5th
2999 4207 3235 4258 illaturus.

225 4428 3389 4496 mM—*—-———__——=_———.-——W____u_

1279 4681 1324 4735 A
1337 4680 1386 4736 D
1416 4681 1652 4741 HOMII
1665 4684 1700 4742 ⁴1
1713 4687 1827 4743 ΛΜ
1866 4688 2359 4758 SEQUEN'I‘EM.

218 4865 393 4930 initio,
430 4871 767 4942 maximeque
801 4875 853 4927 in
889 4878 991 4929 fine
1027 4877 1264 4934 homiliae
1288 4881 1379 4934 ait.
1414 4884 1548 4936 Cum
1576 4899 1754 4940 autem
1782 4901 1922 4955 smpe
1946 4893 2146 4948 morbis
2175 4896 2401 4950 afflictus
2432 4899 2611 4968 fuerit,
2648 4920 2756 4960 non
2783 4908 2850 4960 ita
2888 4911 3042 4966 facile
3073 4927 3173 4979 est,
3206 4919 3258 4970 in
3283 4925 3421 4988 quod

217 4985 432 5043 tempus
466 4978 578 5032 haec
617 4982 853 5037 incidant
896 4990 1335 5057 deprehendere,
1383 5011 1557 5063 neque
1594 4998 1772 5053 dicere
1816 5003 2057 5059 valemus
2097 5006 2466 5063 Antiochimne
2505 5027 2571 5065 an
2599 5014 3062 5091 Constantinopoli
3099 5027 3212 5082 haec
3244 5031 3418 5085 habita

213 5090 406 5144 concio
441 5092 617 5147 fuerit.
645 5096 946 5154 Antiochia:
992 5113 1166 5157 tamen
1202 5107 1396 5162 dictam
1429 5114 1654 5166 suadere
1701 5115 1911 5169 videtur
1940 5118 2115 5186 ipsutn
2145 5121 2466 5190 principium
2500 5125 2764 5194 humilia},
2805 5134 2890 5188 ubi
2924 5152 2979 5190 se
3007 5138 3073 5191 ad

209 5200 523 5269 imperitum
557 5204 838 5271 profitetur
861 5209 1285 5280 Chrysostomus.

3118 5140 3321 5196 doeend
3332 5160 3362 5196 tt
3379 5167 3426 5203 ιιι
