3990 6468
514 404 618 458 271

1269 379 1326 434 S.
1365 375 1638 434 JOANNIS
1673 363 2143 429 CllRYSOSTOMl
2177 362 2489 418 ARCHIEP.
2530 364 3052 422 CONSTANTINOP.

3639 389 3747 441 272

507 501 3724 541 ——____—_-—_—-———_———-——-_——_—_——_—o

1866 593 2147 662 HOMI
2157 591 2324 660 LIA

513 782 573 824 IN
627 773 1049 824 APOSTOLICUM
1090 767 1330 812 υιοτυιι
1389 768 1403 805 ἒ

1449 763 1569 805 HOC
1613 759 1824 802 AUTEM
1870 753 2148 807 εοιτοτε,
2194 753 2359 804 QUOD
2415 755 2476 796 IN
2519 755 2865 798 NOVISSIMIS
2911 757 3132 799 DIEBUS
3175 758 3383 799 ERUNT
3436 755 3734 798 ΤΕΜΡΟΒΔ

1774 872 2004 916 GBAVIA
2048 849 2130 929 (2.
2163 854 2319 912 Tim.
2365 855 2423 913 3.
2471 858 2552 933 1).

1901 1011 2330 1048 amemur»:

593 1160 618 1212 1
633 1199 644 1210 .
665 1157 856 1212 Caritas
876 1148 1214 1221 Chrysostomi
1233 1160 1348 1213 erga
1369 1139 1658 1208 discipulos.
1682 1134 1828 1188 Fidei
1855 1132 1986 1221 oculi
2011 1144 2070 1221 ea

519 1249 683 1300 uident
711 1259 820 1302 aute
843 1219 1064 1296 Christus
1092 1234 1260 1306 agebat
1283 1249 1300 1296 ;
1325 1230 1495 1284 Judwi
1522 1233 1781 1295 praesentes
1805 1237 1903 1274 non
1938 1219 2069 1271 uide-

527 1337 661 1387 bant.
689 1332 939 1387 Abraham
967 1327 1082 1394 ﬁdei
1102 1323 1256 1377 oculis
1283 1320 1403 1372 uidit
1429 1316 1733 1368 nasciturum
1747 1309 2072 1362 haecum.—

527 1422 766 1475 lnﬁrmus
801 1417 1008 1487 quidem
1038 1427 1153 1467 sum
1185 1408 1289 1477 (a)
1327 1417 1379 1461 et
1407 1417 1635 1473 egenus,
1689 1406 1856 1487 atque
1885 1395 1949 1448 ad
1979 1395 2073 1448 do-

523 1507 748 1562 cendum
777 1484 1047 1572 imperitus
1073 1515 1085 1549 :
1112 1496 1200 1552 sed
1226 1509 1342 1548 eum
1371 1500 1600 1546 vestrum
1625 1495 1818 1542 costum
1844 1484 2070 1544 intueor,

527 1571 861 1651 inﬁrmitatis,
884 1591 1184 1652 obliviscor,
1207 1588 1563 1654 paupertatem
1602 1577 1805 1645 ignoro,
1857 1571 2070 1639 imperi-

533 1689 658 1740 tiam
710 1698 813 1737 non
871 1679 992 1734 novi
1022 1697 1035 1731 :
1063 1685 1204 1730 tanta
1255 1685 1442 1740 nempe
1485 1677 1565 1723 est
1616 1664 1844 1721 caritatis
1885 1668 2072 1714 vestras

524 1772 779 1842 tyrannis.
805 1769 1130 1836 Quapropter
1157 1761 1380 1816 alacrius
1399 1772 1554 1828 quam
1581 1755 1636 1818 ii,
1678 1753 1766 1823 qui
1809 1748 2072 1804 facultati-

527 1863 627 1916 bus
652 1858 935 1921 abundant,
979 1853 1225 1923 egestatis
1248 1863 1375 1903 mea:
1406 1859 1638 1900 mensam
1665 1843 1812 1896 vobis
1842 1851 2067 1908 appono.

527 1947 965 2020 llagnanimitatis
989 1959 1147 2013 porro
1173 1941 1326 2009 hujus
1350 1953 1444 1995 vos
1473 1946 1713 1990 auctores
1752 1932 1879 1986 mihi
1921 1933 2066 1992 estis,

525 2019 649 2095 dum
679 2042 852 2108 lapsos
880 2036 1097 2104 erigitis,
1120 2033 1236 2100 quia
1263 2029 1328 2082 ad
1369 2025 1682 2082 audiendum
1714 2021 1861 2087 proni
1910 2019 2036 2072 estis
2055 2057 2070 2082 ,

525 2144 682 2202 atque
709 2133 773 2183 ab
802 2143 894 2182 ore
915 2135 1092 2180 nostro
1115 2120 1367 2192 pendetis.
1390 2118 1475 2171 Sic
1491 2126 1542 2170 et
1570 2114 1694 2181 pulli
1717 2110 2069 2170 hirundinum,

525 2197 643 2276 eum
671 2217 848 2271 vident
873 2213 1200 2267 advolantem
1229 2215 1472 2268 matrem,
1501 2218 1531 2257 e
1560 2202 1680 2254 nido
1709 2214 1824 2252 sese
1847 2197 2072 2251 ell‘eren-

528 2317 607 2361 tes
633 2317 684 2361 et
704 2319 926 2374 pronum
952 2300 1298 2355 obtendentes
1325 2295 1538 2356 collum,
1567 2293 1636 2344 ita
1665 2290 1836 2344 cibum
1877 2288 1940 2340 ab
1987 2287 2073 2341 illa

531 2394 814 2463 accipiunt.
845 2391 1042 2444 Eodem
1064 2386 1219 2442 modo
1247 2394 1300 2439 et
1329 2397 1421 2436 vos
1447 2396 1563 2434 cum
1591 2378 1785 2447 ingenti
1813 2377 2074 2428 alacritate

527 2485 926 2538 concionantcm
983 2482 1281 2540 intuentes,
1323 2489 1388 2528 ex
1426 2473 1598 2539 lingua
1644 2483 1759 2522 mea
1791 2466 2071 2535 profectam

529 2572 819 2626 doctrinam
865 2568 1122 2635 excipitis,
1169 2574 1219 2618 et
1246 2572 1519 2630 antequam
1557 2559 1715 2611 verba
1737 2572 1799 2610 ex
1827 2570 1918 2608 ore
1944 2555 2075 2606 exsi-

540 2661 684 2722 liaut,
715 2675 775 2712 ea
816 2658 988 2710 studio
1013 2668 1200 2722 magno
1231 2650 1405 2704 omnia
1440 2647 1698 2714 abripitis.
1724 2645 1850 2709 Quis
1895 2656 1997 2693 non
2023 2650 2076 2693 et

527 2763 621 2801 vos
650 2757 701 2800 et
724 2762 818 2799 nos
843 2760 999 2813 super
1025 2745 1104 2796 his
1133 2742 1313 2794 beatos
1343 2737 1608 2806 prtedicet,
1637 2734 1753 2802 quia
1782 2744 1969 2796 nempe
1995 2729 2073 2780 lo-

527 2839 737 2906 quimur
761 2835 839 2886 Ad
854 2849 995 2884 aures
1010 2831 1314 2882 audientium
1344 2825 1523 2892 (Ecch'.
1561 2824 1645 2876 25.
1680 2821 1802 2888 l9)?
1831 2819 2075 2871 Commu-

527 2924 608 2977 nis
640 2922 803 2983 labor,
851 2917 1141 2972 communis
1169 2923 1222 2968 et
1258 2926 1483 2972 corona;
1536 2922 1814 2964 commune
1847 2907 2069 2966 lucrum,

528 3011 821 3068 communis
866 3008 1021 3062 etiam
1069 3015 1120 3060 et
1165 3017 1386 3057 merces.
1432 3000 1552 3053 Ideo
1597 2998 1835 3051 Christus
1894 2997 2074 3049 beatos

531 3097 1128 3172 prtedicavitdiscipulos
1143 3096 1354 3148 dicens:
1387 3091 1546 3144 Vestri
1563 3100 1723 3143 autem
1758 3087 1883 3139 beati
1918 3086 2069 3149 oculi,

527 3193 645 3260 quia
686 3190 868 3254 vident,
901 3198 947 3241 et
967 3203 1111 3238 aures
1133 3194 1304 3239 uestra:
1324 3223 1338 3247 ,
1366 3182 1483 3248 quia
1510 3179 1718 3230 audiunt
1757 3175 1962 3244 (Matth.
1984 3175 2068 3227 15.

530 3283 652 3351 16).
675 3279 954 3334 Concedite
977 3277 1103 3331 mihi
1132 3285 1188 3329 ut
1209 3276 1290 3328 his
1310 3276 1464 3328 etiam
1493 3271 1663 3324 verbis
1694 3283 1787 3321 vos
1820 3267 2069 3332 alloquar,

530 3367 945 3438 quandoquidem
987 3375 1180 3419 tantam
1224 3361 1483 3417 exhibetis
1521 3359 1878 3412 alacritatem:
1914 3351 2072 3406 Vestri

529 3468 691 3508 autem
712 3457 835 3508 beati
852 3455 1000 3518 oculi,
1031 3454 1146 3522 quia
1169 3452 1350 3512 vident,
1375 3460 1420 3502 et
1449 3464 1591 3500 aures
1621 3456 1808 3509 vestrte,
1832 3444 1944 3512 quia
1977 3459 2072 3493 au-

529 3547 688 3597 diunt.
719 3544 912 3597 Verum
940 3542 1078 3611 quod
1118 3554 1270 3594 aures
1289 3538 1499 3606 quidem
1531 3547 1716 3590 vestra:
1739 3534 1948 3586 audiant
1980 3547 2072 3599 pa-

531 3635 635 3687 lam
658 3643 772 3686 est:
803 3632 940 3699 quod
982 3631 1116 3684 oculi
1147 3644 1270 3683 vero
1293 3627 1451 3681 vestri
1476 3625 1704 3688 videant,
1743 3625 1875 3677 sicut
1913 3622 2071 3675 disci-

527 3725 632 3791 puli
663 3735 784 3776 tunc
805 3721 1068 3783 videbant,
1089 3719 1138 3772 id
1169 3719 1529 3771 demonstrare
1556 3717 1801 3775 conabor,
1825 3722 1878 3766 ut
1911 3713 2071 3766 beati—

528 3813 653 3865 tudo
687 3820 856 3864 vestra
884 3824 985 3862 non
1033 3807 1263 3870 dimidia,
1310 3805 1403 3857 sed
1449 3805 1661 3856 omnino
1708 3802 1933 3869 perfecta
1980 3802 2065 3852 sit.

525 3900 660 3965 Quid
687 3913 810 3967 ergo
829 3906 949 3951 tunc
971 3896 1215 3950 videbant
1243 3892 1508 3960 discipuli?
1522 3891 1750 3943 Mortuos
1772 3890 2064 3953 suscitatos,

525 4001 692 4040 cmcos
723 3988 887 4038 visum
917 3985 1246 4050 recipientes,
1279 3981 1514 4048 leprosos
1544 3977 1847 4040 mundatos,
1890 3976 2068 4044 pulsos

524 4079 810 4138 dmmonas,
840 4074 1051 4127 claudos
1095 4071 1438 4133 ambulantes,
1471 4078 1668 4121 natura:
1697 4068 1876 4119 vitium
1913 4081 2068 4121 omne

522 4173 835 4218 correctum.
861 4162 982 4214 llatc
1002 4169 1050 4213 et
1070 4174 1204 4212 nunc
1231 4173 1323 4211 vos
1350 4158 1554 4218 videtis,
1581 4158 1782 4209 etiamsi
1813 4138 1915 4208 non
1957 4172 2065 4211 cor-

522 4252 681 4319 poris,
730 4250 821 4302 sed
853 4248 969 4301 ﬁdei
998 4248 1180 4301 oculis.
1211 4243 1513 4314 l‘lujusmodi
1547 4258 1768 4310 namque
1789 4254 1908 4296 sunt
1947 4245 2063 4297 ﬁdei

520 4339 700 4392 oculi:
744 4351 859 4405 qua:
886 4351 988 4388 non
1023 4343 1275 4402 apparent
1324 4334 1529 4396 vident,
1574 4341 1626 4385 et
1669 4347 1784 4398 qua:
1832 4333 2063 4385 nondum

521 4427 654 4480 tacta
693 4435 813 4479 sunt
842 4425 1149 4492 intelligunt.
1191 4423 1462 4477 Undenam
1519 4421 1616 4474 hoc
1657 4421 2060 4486 demonstratur,

519 4529 707 4580 nempe
736 4513 889 4566 ﬁdem
920 4527 1036 4564 esse
1061 4520 1325 4578 aspectum
1356 4519 1409 4563 et
1448 4518 1809 4575 argumentum
1842 4522 1941 4560 non
1973 4523 2062 4574 ap-

522 4604 812 4672 parentium
832 4604 853 4654 ?
874 4602 1008 4654 Audi
1037 4601 1252 4654 Paulum
1284 4599 1540 4652 dicentem
1573 4615 1584 4648 :
1614 4598 1704 4648 Est
1743 4606 1902 4648 autent
1939 4598 2062 4663 ﬁdes

516 4691 872 4760 speraudarum
892 4690 1164 4742 substantia
1201 4704 1381 4751 rerum,
1405 4695 1744 4755 argumentum
1780 4701 1876 4736 non
1915 4701 2064 4751 appa-

513 4784 722 4834 rentium
751 4780 928 4850 (Hebr.
946 4782 1029 4833 11.
1048 4781 1118 4847 1).
1142 4780 1203 4831 Et
1225 4779 1362 4845 quod
1381 4777 1612 4829 mirabile
1630 4785 1728 4840 est,
1757 4775 1806 4827 hi
1828 4776 2062 4827 carnales

513 4873 650 4926 oculi
677 4886 792 4936 quae
816 4869 912 4921 sub
936 4878 1201 4935 aspectum
1228 4868 1420 4919 eadunt
1438 4905 1451 4924 ,
1496 4865 1695 4928 vident,
1729 4879 1846 4932 quae
1889 4872 2059 4916 autem

515 4965 610 5017 sub
626 4970 890 5029 aspectum
921 4972 1026 5011 non
1052 4958 1261 5022 eadunt,
1293 4971 1396 5009 non
1427 4955 1639 5006 vident:
1671 4964 1722 5005 at
1766 4952 1881 5004 ﬁdei
1924 4951 2061 5004 oculi

517 5053 725 5106 omnino
740 5056 941 5112 contra,
961 5061 1075 5113 qua:
1096 5045 1191 5097 sub
1217 5052 1480 5111 aspectum
1499 5041 1710 5105 cadunt,
1735 5055 1836 5091 non
1860 5039 2056 5102 vident,

507 5156 633 5210 qua:
677 5153 802 5191 vero
831 5137 925 5190 sub
967 5144 1232 5201 aspectum
1287 5147 1390 5184 non
1445 5130 1655 5192 cadunt,
1682 5127 1878 5181 vident.
1911 5127 2058 5191 Quod

505 5241 685 5285 autem
726 5242 842 5296 qua:
871 5224 1110 5278 videntur
1156 5236 1257 5273 non
1291 5220 1518 5283 videant,
1569 5229 1622 5271 et
1673 5232 1788 5284 quae
1841 5231 1945 5270 non
1981 5217 2057 5267 vi-

503 5319 699 5373 dentur
739 5316 966 5373 videant,
1022 5310 1212 5366 Paulus
1259 5307 1546 5360 declaravit
1575 5307 1656 5359 his
1683 5305 1854 5359 verbis
1886 5323 1898 5356 :
1927 5303 2056 5356 Nam

518 5408 908 5462 .llomentaueum
928 5413 970 5457 et
992 5402 1091 5456 leve
1116 5399 1442 5451 tribulationis
1468 5413 1621 5461 supra
1647 5396 1847 5447 modunt
1866 5395 1916 5445 in
1941 5393 2026 5446 sub
2044 5418 2058 5430 -

512 5497 718 5562 timitate
745 5505 980 5547 aeternum
1017 5490 1187 5558 gloria:
1213 5486 1402 5555 pondus
1425 5492 1655 5552 operatur
1681 5483 1732 5533 in
1757 5483 1932 5542 nobis;
1958 5495 2056 5532 non

567 5602 640 5665 (a)
673 5603 1031 5664 Cln'ysostomus
1056 5597 1324 5646 inﬁrmitate
1346 5595 1554 5653 corporis
1579 5592 1838 5640 laborabat.

2176 1135 2598 1187 considerantibus
2627 1137 2764 1188 nobis
2788 1151 2898 1203 qua:
2924 1136 3168 1200 videntur,
3195 1139 3280 1190 sed
3300 1154 3409 1206 quia
3442 1155 3543 1191 non
3570 1141 3716 1191 viden

2175 1229 2255 1273 tur
2281 1222 2334 1291 (2
2363 1222 2477 1274 Cor.
2501 1224 2552 1275 Α.
2587 1223 2695 1289 17).
2730 1222 2795 1275 Ει
2818 1225 3080 1290 quomodo
3108 1225 3364 1292 quispiam
3392 1241 3453 1279 ea
3483 1241 3604 1296 qua:
3632 1239 3738 1278 nou

2175 1311 2418 1364 videntur
2436 1312 2662 1364 viderit?
2686 1315 2799 1376 Quo
2819 1313 2923 1366 alio
2948 1314 3122 1376 modo,
3147 1315 3243 1366 uisi
3276 1314 3392 1368 ﬁdei
3424 1316 3627 1368 oculis?
3651 1315 3743 1368 Sic

2175 1411 2230 1456 et
2253 1403 2374 1455 alibi
2402 1404 2468 1454 ait
2495 1419 2506 1452 :
2543 1402 2670 1454 Fide
2691 1403 3011 1470 intelligimus
3024 1413 3192 1471 aptata
3212 1420 3318 1457 esse
3341 1403 3528 1456 secula
3551 1403 3738 1472 (Hebr.

2177 1492 2263 1545 11.
2286 1493 2360 1560 5).
2389 1491 2702 1555 Quomodo?
2733 1506 2835 1544 non
2863 1491 3000 1545 enim
3021 1493 3272 1549 videmus.
3297 1493 3362 1548 Ut
3388 1511 3450 1547 ex
3473 1495 3743 1546 invisibili-

2176 1581 2266 1633 bus
2290 1581 2495 1633 visibilia
2518 1582 2706 1646 ﬁerent.
2729 1580 2896 1634 Vultis
2913 1581 3048 1633 aliud
3067 1583 3324 1650 proferam
3352 1585 3738 1648 testimonium,

2177 1670 2314 1738 quod
2345 1670 2464 1723 ﬁdei
2492 1671 2626 1722 oculi
2654 1685 2714 1722 ea
2750 1671 2955 1724 videant
2995 1688 3111 1740 quze
3137 1689 3238 1726 non
3267 1675 3545 1728 videntur?
3575 1675 3742 1731 Gala-

2179 1760 2244 1812 tis
2270 1759 2548 1826 aliquando
2573 1760 2810 1813 scribens
2857 1760 3047 1813 Paulus
3073 1762 3277 1815 dicebat
3307 1779 3319 1814 :
3353 1765 3482 1817 Ante
3525 1781 3744 1832 quorum

2178 1848 2344 1900 oculos
2373 1846 2519 1900 Jesus
2545 1846 2766 1900 Christus
2794 1849 3110 1918 prtescriptus
3130 1861 3200 1903 est
3227 1852 3276 1903 in
3302 1853 3435 1905 vobis
3464 1855 3744 1920 cruciﬁxus

2179 1935 2315 2008 (Gal.
2347 1939 2394 1989 δ.
2428 1939 2501 2007 1).

2246 2025 2299 2078 2.
2328 2026 2461 2092 Quid
2489 2027 2637 2089 dicis,
2663 2042 2694 2078 ο
2719 2027 2869 2080 beate
2894 2027 3088 2082 Paule?
3117 2030 3166 2082 in
3197 2028 3465 2084 Galatiane
3489 2030 3744 2085 viderunt

2179 2132 2296 2169 eum
2328 2116 2528 2170 Galatae
2551 2118 2898 2170 cruciﬁxum?
2930 2134 3102 2171 nonne
3127 2120 3435 2174 conﬁtemur
3463 2135 3653 2174 omnes
3688 2121 3743 2173 in

2180 2207 2452 2260 Palaestina
2505 2207 2554 2258 in
2583 2206 2751 2259 media
2781 2206 2961 2260 Judrea
2991 2209 3254 2261 Christum
3301 2224 3418 2264 esse
3472 2211 3741 2278 passum?

2179 2296 2450 2363 Quomodo
2479 2311 2603 2364 ergo
2652 2297 2820 2363 ipsum
2864 2296 3060 2350 Galata:
3101 2297 3412 2352 cruciﬁxum
3443 2300 3740 2352 viderunt?

2182 2387 2359 2446 Fidei,
2389 2401 2494 2438 non
2547 2386 2754 2445 carnis,
2797 2385 2979 2438 oculis.
3032 2386 3270 2439 Vidistin’
3294 2387 3558 2455 quomodo
3607 2388 3733 2441 ﬁdei

2179 2479 2315 2530 oculi
2357 2492 2416 2530 ea
2465 2493 2580 2544 qua:
2627 2491 2729 2529 non
2775 2485 3027 2543 apparent
3055 2477 3304 2528 videant?
3333 2479 3373 2528 A
3417 2486 3564 2528 tanto
3593 2479 3741 2530 enim

2180 2569 2450 2621 intervallo
2509 2577 2562 2620 et
2589 2577 2707 2635 post
2736 2576 2937 2619 tantum
2961 2574 3163 2633 tempus
3190 2566 3450 2619 Christum
3481 2567 3732 2619 viderunt

2179 2661 2509 2712 cruciﬁxum.
2532 2659 2618 2710 Sic
2643 2667 2693 2711 et
2721 2672 2814 2710 vos
2843 2655 3030 2709 videtis
3075 2664 3308 2708 mortuos
3347 2665 3693 2723 resurgentes
3721 2672 3736 2707 :

2178 2752 2253 2802 sic
2283 2749 2438 2802 hodie
2473 2750 2686 2801 cernitis
2721 2749 2984 2814 leprosum
3025 2745 3328 2800 mundatutn
3362 2765 3374 2798 :
3411 2748 3488 2799 sic
3525 2747 3736 2816 paraly-

2179 2843 2336 2894 ticum
2365 2841 2565 2893 vidistis
2610 2847 2840 2892 erectum
2867 2877 2881 2901 ,
2911 2847 2964 2891 et
2993 2839 3155 2906 magis
3185 2837 3387 2890 vidistis
3411 2878 3424 2901 ,
3449 2854 3610 2905 quam
3639 2838 3734 2890 Ju.

2177 2930 2295 2992 drei,
2328 2929 2412 2997 qui
2435 2939 2556 2981 tunc
2576 2927 2811 2981 aderant.
2845 2926 2922 2978 Illi
2945 2939 3167 2993 namque
3192 2934 3476 2993 praesentes
3509 2940 3612 2978 non
3643 2925 3737 2978 ad-

2178 3022 2368 3074 misere
2416 3017 2756 3079 miraculum,
2796 3031 2889 3069 vos
2933 3023 3104 3068 autem
3155 3016 3400 3067 absentes
3447 3014 3607 3068 ﬁdem
3638 3015 3737 3066 atl-

2178 3110 2413 3163 misistis.
2456 3107 2632 3174 ltaque
2671 3107 2788 3173 jure
2831 3105 2936 3158 dixi
2977 3102 3324 3164 vobis,Beati
3362 3105 3510 3156 vestri
3553 3104 3735 3167 oculi,

2177 3201 2292 3268 quia
2336 3199 2497 3252 vident
2521 3196 2725 3269 (Matth.
2761 3198 2841 3250 15.
2873 3194 2976 3265 16).
3013 3194 3162 3260 Quod
3197 3195 3238 3246 si
3290 3194 3500 3247 aliunde
3526 3209 3738 3261 quoque

2176 3290 2381 3342 discere
2411 3288 2637 3340 volueris
2659 3327 2672 3349 ,
2707 3286 2826 3339 lidei
2872 3284 3054 3337 oculos
3083 3299 3164 3347 ea,
3192 3298 3307 3349 qure
3331 3298 3435 3334 non
3466 3282 3735 3345 videntur,

2177 3381 2352 3433 videre
2375 3419 2388 3442 ,
2412 3389 2465 3431 et
2495 3394 2551 3431 ea
2581 3419 2594 3439 ,
2626 3392 2741 3445 quae
2781 3376 3041 3436 videntur,
3085 3382 3486 3440 prtetercurrere
3521 3389 3534 3423 :
3564 3386 3736 3438 neque

2177 3471 2313 3522 enim
2357 3468 2458 3520 alio
2496 3465 2652 3519 modo
2685 3464 2909 3517 viderint
2933 3478 2991 3515 ea
3014 3502 3028 3525 ,
3059 3477 3174 3528 qua:
3203 3475 3307 3512 non
3338 3460 3602 3524 videntur,
3634 3460 3734 3511 nisi

2176 3575 2331 3627 supra
2371 3559 2506 3611 dicta
2535 3558 2870 3624 despexerint
2898 3570 2910 3605 :
2935 3553 3055 3605 audi
3086 3551 3298 3604 Paulum
3326 3551 3392 3603 de
3429 3550 3736 3603 Ahrahamo

2177 3649 2518 3703 disserentem
2541 3688 2555 3711 ,
2584 3645 2721 3713 quod
2758 3659 2945 3710 nempe
2990 3641 3108 3694 ﬁdei
3150 3640 3315 3694 oculis
3344 3640 3536 3693 viderit
3563 3641 3735 3692 ﬁlium

2175 3755 2328 3793 suum
2359 3738 2498 3790 Isaac
2544 3736 2900 3794 nasciturum,
2940 3742 2990 3786 et
3017 3733 3091 3783 sic
3127 3731 3387 3797 acceperit
3424 3729 3734 3796 promissio-

2176 3846 2316 3882 nem.
2367 3827 2499 3893 Quid
2531 3826 2668 3879 enitu
2700 3824 2810 3875 ait?
2839 3822 2904 3873 Et
2942 3837 3037 3873 non
3074 3820 3356 3887 inﬁrmatus
3393 3826 3462 3870 est
3485 3819 3607 3883 ﬁde,
3643 3833 3731 3867 nec

2173 3920 2493 3973 consideravit
2518 3932 2696 3984 corpus
2715 3929 2858 3966 suum
2885 3921 3162 3964 emortuum
3191 3909 3361 3977 (Rom.
3393 3909 3446 3960 4.
3480 3908 3589 3976 19).
3622 3906 3732 3959 Ma-

2172 4026 2273 4080 gna
2309 4009 2384 4061 vis
2427 4006 2566 4059 ﬁdei.
2614 4002 3062 4068 Quemadmodum
3092 4000 3231 4052 enim
3273 3996 3606 4063 Cogitationes
3632 3996 3728 4046 Ito-

2172 4105 2359 4154 miuum
2410 4099 2593 4164 timida:
2642 4104 2754 4150 sunt
2785 4104 2830 4147 et
2867 4094 3081 4161 inﬁrma:
3123 4089 3274 4162 (Sap.
3306 4089 3358 4142 9.
3391 4088 3476 4156 14)
3503 4103 3516 4149 ;
3541 4088 3618 4140 sic
3666 4085 3730 4137 ﬁ-

2171 4193 2264 4246 des
2310 4192 2458 4244 l'ortis
2505 4199 2793 4258 potensque
2848 4195 2943 4237 est.
2999 4182 3116 4236 Non
3163 4179 3489 4233 consideravit
3541 4194 3728 4244 corpus

2171 4298 2311 4333 suum
2349 4289 2641 4331 emortuum.
2675 4274 2855 4329 Vidett’
2877 4270 3136 4338 quomodo
3163 4268 3384 4319 visibilis
3432 4265 3724 4317 dimiserit?

2169 4367 2430 4436 quomodo
2483 4379 2584 4416 non
2642 4360 2930 4427 reSpexerit
2977 4360 3026 4409 in
3085 4356 3449 4408 senectutem?
3501 4352 3729 4407 Etiamsi

2171 4459 2283 4509 lucc
2323 4470 2428 4523 pra:
2455 4453 2621 4505 oculis
2664 4458 2794 4513 erat,
2831 4447 2921 4500 sed
2971 4444 3089 4498 ﬁdei
3130 4444 3295 4496 oculis
3321 4441 3560 4504 videbat,
3617 4454 3723 4492 non

2168 4549 2332 4602 oeulis
2382 4544 2637 4611 corporis.
2679 4541 2800 4595 Ideo
2831 4553 2936 4591 non
2975 4533 3204 4602 respexit
3246 4531 3311 4584 ad
3350 4539 3677 4584 senectutem
3702 4571 3720 4590 ,

2169 4654 2335 4708 neque
2364 4636 2441 4689 Ad
2473 4643 2742 4688 emortuam
2781 4629 2970 4681 vulvam
3002 4625 3173 4679 Same
3198 4623 3369 4693 (Rom.
3401 4622 3452 4672 4.
3478 4619 3589 4687 19).
3627 4619 3724 4673 Hie

2168 4729 2494 4783 sterilitatem
2530 4721 2679 4775 nobis
2698 4717 3012 4772 subindicat.
3044 4714 3240 4779 Duplex
3267 4711 3408 4763 enim
3439 4709 3718 4760 inﬁrmitas

2166 4827 2277 4872 erat
2297 4835 2306 4879 ;
2328 4817 2425 4866 alia
2455 4829 2482 4864 a
2505 4819 2792 4869 senectute,
2818 4807 2916 4857 alia
2944 4805 3006 4854 ab
3037 4800 3338 4853 inﬁrmitate
3362 4806 3584 4850 naturae.
3607 4795 3716 4850 Ne-

2166 4924 2266 4978 que
2295 4906 2434 4958 enim
2481 4910 2677 4953 tantum
2729 4909 2916 4962 corpus
2965 4892 3031 4944 ob
3057 4899 3265 4942 aetatem
3308 4888 3373 4941 ad
3429 4887 3716 4940 liberorum

2164 4974 2576 5063 procreationem
2614 4987 2843 5052 ineptum
2886 4991 3031 5044 erat,
3060 4978 3152 5031 sed
3181 4977 3332 5029 vulva
3363 4989 3571 5042 quoque
3601 4974 3718 5042 ejus

2164 5096 2217 5141 et
2242 5093 2438 5138 natura:
2468 5079 2675 5131 ofﬁcina
2700 5081 2812 5127 erat
2837 5078 3071 5123 emortua
3095 5108 3109 5132 ,
3137 5067 3296 5120 etiam
3316 5073 3438 5117 ante
3466 5073 3714 5118 senectu-

2166 5188 2268 5230 tem
2294 5213 2307 5236 ,
2341 5184 2526 5236 nempe
2567 5167 2635 5219 ob
2665 5161 3012 5217 sterilitatem.
3039 5156 3218 5208 Viden‘
3246 5162 3442 5221 quanta
3493 5153 3714 5219 impedi-

2164 5263 2372 5320 menta?
2419 5261 2670 5314 Senectus
2717 5251 2848 5312 viri,
2897 5257 3137 5302 senectus
3190 5245 3371 5299 uxoris
3415 5243 3713 5295 :sterilitas

2162 5358 2327 5424 major
2354 5354 2507 5410 obex,
2539 5360 2692 5415 quam
2719 5347 2962 5394 senectus
2987 5356 2997 5388 :
3020 5352 3136 5390 nam
3167 5335 3293 5388 illud
3314 5342 3396 5386 est
3423 5334 3713 5384 maximqu

2163 5447 2228 5500 ad
2249 5419 2535 5497 liberorum
2569 5431 2982 5502 procreationem
3011 5424 3458 5494 impedimentum.
3490 5419 3711 5473 Verum-

2165 5547 2336 5589 tamen
2369 5530 2478 5583 ha-c
2497 5523 2667 5580 omnia
2702 5516 3088 5589 praetercurrit,
3125 5519 3280 5577 atque
3302 5507 3472 5562 oculis
3501 5505 3624 5562 ﬁdei
3653 5505 3706 5559 in
