3990 6468
179 439 286 493 271

823 420 891 479 ΙΝ
923 419 1150 483 ιιιυῡ,
1185 416 1318 471 "0C
1370 414 1657 470 SCITOTE
1687 414 1876 480 QUOD
1914 413 1983 467 IN
2019 410 2410 468 NOVISSIMIS
2441 411 2708 476 DIEBUS,
2751 410 2897 466 ΕΠΖ.
3455 424 3566 476 27g

2900 664 2940 674 —
2949 662 3470 676 mon—.4

1703 905 2093 988 OMIAIA

173 1203 275 1269 Εἰς
329 1203 394 1256 τὸ
447 1199 850 1256 ἀποστολικὸν
876 1195 1066 1263 ῥητὸν
1124 1193 1188 1246 τὸ
1221 1191 1420 1261 λέγον·
1484 1187 1652 1242 Τοῦτο
1683 1187 1738 1240 δὲ
1797 1188 2108 1309 γὶιέιτῖἔὲίκετε,
2167 1188 2247 1241 ὅτι
2291 1191 2349 1241 ἐν
2399 1188 2652 1257 ἐσχάταις
2698 1188 2930 1258 ἡμέραις
2979 1188 3185 1240 ἔσονται
3249 1189 3426 1257 καιροὶ
3479 1208 3570 1260 χαη

250 1689 320 1737 α’.
363 1678 612 1747 Ἀσθενὴς
662 1677 757 1746 μέν
788 1677 900 1743 ειμι
928 1674 1020 1726 καὶ
1053 1672 1282 1741 πτωχὸς,
1315 1673 1406 1723 καὶ
1433 1670 1824 1724 διδασκαλικῶν

181 1766 407 1834 ἄπειρος
445 1764 631 1830 λόγων·
684 1761 794 1812 ἀλλ’
827 1762 952 1811 ὅταν
986 1760 1076 1810 ίδω
1125 1758 1212 1808 τὸν
1248 1757 1505 1827 ὑμέτερον
1547 1756 1820 1822 σύλλογον,

185 1848 602 1914 ἐπιλανθάνομαι
637 1846 730 1914 τῆς
757 1844 1052 1904 ἀσθενείας,
1080 1841 1254 1908 ἀγνοῶ
1287 1842 1384 1908 τὴν
1420 1841 1702 1909 πτωχείαν,
1725 1841 1824 1892 οὐκ

184 1931 300 1984 οἶδα
323 1933 418 2001 τὴν
447 1930 714 1998 ἀπειρίαν·
753 1928 973 1994 τοιαύτη
992 1927 1097 1994 γὰρ
1127 1927 1223 1995 τῆς
1249 1925 1515 1993 ὑμετέρας
1546 1925 1759 1992 ἀγάπης
1787 1926 1820 1998 ή

185 2017 456 2088 τυραννίς.
479 2017 567 2067 Διδ
595 2016 685 2065 καὶ
709 2013 814 2064 τῶν
839 2017 893 2064 ὲν
914 2013 1140 2080 εὐπορίᾳ
1177 2009 1523 2062 καθεστώτων
1555 2009 1824 2079 προθυμό⁶

184 2120 341 2171 τερον
381 2103 507 2168 ὑμῖν
547 2100 642 2167 τὴν
683 2101 778 2167 τῆς
833 2097 1097 2164 πτωχείας
1152 2095 1486 2164 παρατίθημι
1527 2096 1820 2164 τράπεζαν.

185 2187 400 2256 Ταύτης
431 2187 487 2238 δὲ
515 2187 667 2252 ὑμεῖς
692 2184 849 2238 αἴτιοι
877 2183 972 2250 τῆς
1005 2181 1416 2250 μεγαλοψυχίας,
1446 2183 1511 2249 τῇ
1549 2181 1822 2250 προθυμία

187 2275 286 2341 τῆς
322 2272 630 2342 ἀκροάσεως
660 2273 782 2330 τοὺς
816 2267 1264 2326 ἀναπεπτωκότας
1292 2267 1663 2335 διεγείροντες,
1686 2267 1822 2335 πρὸς

187 2361 286 2430 τὴν
324 2360 579 2428 ἀκρόασιν
613 2357 912 2425 κεχηνότες,
953 2354 1045 2406 καὶ
1078 2353 1177 2420 τῆς
1226 2352 1317 2402 τοῦ
1352 2351 1595 2418 λέγοντος
1627 2352 1820 2420 ἐκκρε-

191 2446 422 2514 μάμενοι
447 2443 705 2509 γλώττης.
739 2439 891 2492 Οὕτω
912 2439 1003 2490 καὶ
1032 2439 1236 2488 νεοσσοὶ
1272 2437 1570 2506 χελιδόνων,
1610 2437 1821 2489 ἐπειδὰν

189 2531 340 2582 ίδωσι
371 2527 810 2597 προσιπταμένην
859 2525 955 2592 τὴν
990 2523 1219 2592 μητέρα,
1259 2522 1356 2589 τῆς
1394 2521 1583 2581 καλιᾶς
1616 2521 1820 2588 προκύ-

187 2615 384 2681 ψαντες
425 2613 664 2672 καὶτοὺς
717 2611 940 2678 αὐχένας
990 2610 1302 2675 ποιήσαντες
1329 2608 1632 2675 ὲκκρεμεῖς,
1684 2605 1822 2657 οὑτω

187 2699 429 2767 δέχονται
448 2698 547 2764 τὴν
575 2695 700 2764 παρ’
729 2695 933 2761 ἐκείνης
962 2693 1181 2760 τροφήν.
1215 2689 1368 2741 Οὕτω
1390 2691 1480 2741 καὶ
1501 2690 1653 2757 ὑμεῖς
1689 2689 1821 2758 μετά

188 2790 387 2857 πολλῆς
420 2787 518 2855 τῆς
542 2785 838 2855 προθυμίας
860 2783 990 2850 πρὸς
1022 2782 1110 2832 τὸν
1141 2780 1358 2845 λέγοντα
1399 2778 1699 2846 βλέποντες,
1735 2777 1820 2827 δέ-

188 2875 346 2943 χεσθε
374 2875 469 2942 τὴν
496 2871 600 2924 ἀπὸ
628 2867 774 2940 [279]
800 2869 895 2934 τῆς
917 2865 1155 2932 γλώττης
1188 2863 1545 2931 κομιζομένην
1567 2862 1691 2930 ὑμῖν
1712 2862 1822 2914 διά-

187 2958 351 3020 λεξιν,
376 2959 468 3008 καὶ
514 2957 641 3024 πρὶν
671 2955 703 3023 ἢ
739 2953 804 3004 τά
836 2954 1051 3019 ῥήματα
1093 2949 1392 3015 ἐκπηδῆσαι
1438 2946 1529 2998 τοῦ
1563 2947 1823 3014 στόματος

189 3041 364 3112 ἡμῶν,
393 3043 632 3110 ἥρπασεν
665 3039 698 3106 ή
725 3037 929 3088 διάνοια
956 3035 1022 3086 τά
1054 3033 1333 3102 ὶεγόμενα.
1370 3031 1462 3092 Τίς
1496 3026 1586 3083 οῦν
1625 3031 1722 3082 οὑκ
1760 3029 1823 3082 ἂν

189 3129 285 3180 καὶ
311 3127 451 3194 ὑμᾶς
482 3124 574 3177 καὶ¹
607 3124 750 3192 ἡμᾶς
799 3123 889 3172 ἐπὶ
927 3119 1130 3179 τούτοις
1191 3117 1555 3185 μακαρίσειεν,
1584 3115 1825 3181 ὃτιλίγο-

193 3229 293 3282 μεν
325 3213 420 3274 Είς
451 3205 566 3261 ὦτα
587 3207 956 3274 ᾀκουόντων;
986 3202 1174 3262 Κοινὸς
1196 3204 1222 3252 ὀ
1256 3201 1428 3262 πόνος,
1459 3201 1630 3259 κοινὸς
1675 3200 1766 3250 καὶ
1797 3202 1824 3251 ό

189 3297 468 3364 στέφανος·
499 3293 670 3346 κοινὸν
685 3292 743 3342 τὸ
759 3289 965 3358 κέρδος,
985 3287 1158 3347 κοινὸς
1187 3286 1278 3336 καὶ
1297 3286 1324 3336 ὁ
1354 3285 1557 3353 μισθός.
1581 3283 1677 3335 Διά
1706 3283 1824 3335 τοῦ-

188 3399 252 3435 το
276 3381 405 3434 καὶὸ
431 3378 652 3448 Χριστὸς
685 3374 981 3444 ἐμακάρισε
1010 3371 1132 3432 τοὺς
1171 3369 1411 3439 μαθητὰς
1440 3369 1628 3434 λέγων·
1646 3367 1824 3448 ’Υμῶν

190 3466 260 3518 δὲ
273 3447 541 3532 μακάριοι
571 3465 622 3514 οἱ
649 3457 954 3527 ὀφθαλμοὶ,
985 3457 1069 3507 ὅτι
1107 3455 1427 3518 βλέπουσι,
1477 3453 1572 3504 καὶ
1601 3452 1670 3504 τὰ
1710 3447 1825 3503 ὦτα

189 3549 378 3616 ὑμῶν,
409 3549 496 3599 ὅτι
543 3547 846 3599 ἀκούουσι.
891 3541 1017 3592 Δότε
1048 3557 1133 3606 μοι
1173 3539 1338 3590 ταῦτα
1363 3537 1428 3588 τὰ
1464 3539 1675 3605 ῥήματα
1735 3537 1825 3587 καὶ

192 3633 328 3700 πρὸς
361 3633 499 3699 ὑμᾶς
539 3631 729 3688 εἰπεῖν,
757 3627 942 3693 ἐπειδὴ
993 3626 1083 3677 καὶ
1129 3624 1224 3691 τὴν
1270 3622 1433 3690 αὑτὴν
1462 3621 1823 3672 ἐπιδείκνυσθε

193 3719 514 3788 προθυμίαν·
554 3713 745 3781 ’Υμὼν
772 3713 835 3764 δὲ
873 3710 1142 3779 μακάριοι
1171 3711 1222 3760 οί
1249 3707 1551 3774 ὀφθαλμοὶ,
1580 3705 1822 3768 ὅτιβλέ-

191 3817 394 3864 πουσι,
447 3801 542 3852 καί
588 3802 658 3851 τὰ
704 3794 821 3850 ὦτα
861 3796 1042 3863 ὑμῶν,
1081 3795 1163 3845 ὅτι
1211 3793 1549 3846 ἀκούουσιν.
1582 3791 1714 3840 Ἀλλ’
1745 3791 1824 3841 ὃτι

196 3888 297 3956 μὲν
331 3885 478 3954 ὑμῶν
507 3884 571 3936 τὰ
597 3879 704 3936 ὦτα
740 3881 943 3945 ἀκούει,
976 3880 1147 3948 δῆλον
1172 3879 1250 3930 ὃτι
1275 3878 1330 3928 δὲ
1368 3877 1457 3928 καὶ
1485 3877 1531 3927 οἱ
1565 3875 1825 3942 ὀφθαλμοὶ

195 3974 467 4040 βλέπουσι,
518 3969 762 4037 καθάπερ
813 3967 1030 4018 ἐϐλεπον
1079 3964 1127 4014 οἱ
1188 3962 1422 4031 μαθηταὶ
1471 3962 1621 4024 τότε,
1673 3960 1824 4010 τοῦτο

192 4057 464 4120 ἀποδεῖξαι
492 4054 835 4123 πειράσομαι,
868 4051 950 4102 ἵνα
986 4049 1056 4118 μὴ
1080 4048 1136 4110 ἐξ
1159 4048 1426 4116 ἡμισείας,
1462 4045 1570 4097 ἀλλ’
1602 4044 1823 4112 ὁλόκλη-

196 4161 284 4213 ρος
310 4141 458 4211 ὑμῶν
490 4143 517 4191 ὁ
560 4138 899 4208 μακαρισμὸς
1028 4136 1090 4186 Τί
1120 4131 1208 4186 οῦν
1248 4133 1469 4183 ἐόλεπον
1496 4132 1613 4181 τότε
1646 4132 1693 4181 οί
1729 4147 1826 4198 μα-

194 4229 382 4296 θηταί;
417 4225 657 4292 Νεκροὺς
697 4222 1109 4290 ἀνισταμένους,
1140 4219 1369 4285 τυφλοὺς
1410 4215 1824 4279 ἀναϐλέποντας,

193 4314 420 4381 λεπροὺς
450 4309 887 4378 καθαιρομένους,
917 4305 1167 4374 δαίμονας
1195 4303 1594 4370 ἐλαυνομένους,
1626 4301 1828 4370 χωλοὺς

197 4398 526 4464 βαδίζοντας,
551 4395 692 4448 ἅπαν
721 4394 930 4462 φύσεως
961 4390 1255 4460 ἁμάρτημα
1285 4387 1672 4455 διορθούμενον.
1690 4385 1829 4438 Ταῦ-

193 4499 262 4533 τα
291 4481 509 4548 βλέπετε
539 4481 629 4532 καὶ
653 4479 805 4547 ὑμεῖς
839 4477 951 4538 νῦν,
985 4478 1030 4527 εἰ
1064 4477 1156 4527 καὶ
1190 4473 1262 4543 μὴ
1291 4475 1401 4534 τοῖς
1433 4472 1522 4525 τοῦ
1559 4472 1824 4542 σώματος,

195 4567 330 4620 ἀλλά
361 4567 472 4627 τοῖς
507 4567 603 4633 τῆς
628 4564 855 4624 πίστεως
884 4561 1192 4628 ὀφθαλμοῖς.
1225 4557 1474 4610 Τοιαῦται
1504 4559 1610 4628 γὰρ
1651 4559 1706 4608 αί
1729 4558 1827 4623 τῆς

194 4653 423 4712 πίστεως
446 4650 612 4716 ὄψεις·
652 4649 718 4699 τὰ
756 4649 828 4716 μὴ
851 4646 1140 4714 φαινόμενα
1164 4644 1431 4712 βλέπουσι,
1466 4645 1554 4696 καὶ
1579 4643 1644 4692 τὰ
1673 4642 1830 4711 μηδέ-

196 4755 281 4790 πω
323 4735 627 4804 πραχθέντα
669 4732 1002 4784 κατανοοῦσι.
1046 4730 1212 4783 Πόθεν
1237 4729 1392 4780 τοῦτο
1417 4729 1589 4796 δῆλον,
1613 4729 1691 4778 ὅτι
1736 4727 1827 4778 πί-

197 4839 311 4880 στις
327 4820 445 4886 ὄψις
465 4818 579 4870 ἐστὶ
605 4817 711 4868 τῶν
733 4817 807 4885 μὴ
830 4817 1163 4884 βλεπομένων
1192 4816 1281 4865 καὶ
1307 4815 1519 4880 ἐλεγχος
1538 4830 1552 4877 ;
1571 4813 1829 4863 Ἄκουσον

194 4905 289 4956 τοῦ
321 4904 528 4957 Παύλου
569 4903 830 4968 λέγοντος·
864 4904 1034 4953 Ἔστι
1087 4900 1153 4952 δὲ
1202 4902 1399 4963 πίστις
1440 4897 1830 4964 ἐλπιζομένων

198 4993 528 5052 ὑπόστασις
583 4985 948 5053 πραγμάτων,
1004 4986 1248 5052 ἐλεγχος
1305 4987 1374 5037 οὐ
1419 4983 1823 5051 βλεπομένων.

196 5076 309 5128 Kal
325 5075 383 5125 τὸ
414 5073 478 5142 δὴ
525 5072 847 5141 θαυμαστὸν,
893 5063 1034 5121 οῦτοι
1070 5071 1164 5138 μὲν
1192 5073 1240 5122 οἱ
1271 5071 1366 5136 τῆς
1391 5070 1588 5139 σαρκὸς
1630 5069 1826 5136 ὀφθαλ-

207 5161 301 5228 μοὶ
324 5159 392 5210 τὰ
420 5158 515 5226 μέν
560 5156 803 5225 ὁρώμενα
850 5154 1118 5223 βλέπουσι,
1165 5155 1230 5206 τὰ
1268 5156 1323 5207 δὲ
1378 5155 1450 5222 μὴ
1473 5154 1718 5222 ὁρώμενα
1768 5156 1825 5205 ού

199 5243 500 5311 βλέπουσιν·
529 5244 576 5293 οί
603 5242 657 5292 δὲ
686 5241 780 5308 τῆς
814 5239 1038 5299 πίστεως
1057 5238 1318 5306 ὀφθαλμοὶ
1341 5239 1642 5289 τούναντίον
1665 5240 1824 5301 ἀπαν,

195 5329 265 5381 τά
291 5327 389 5396 μὲν
415 5326 663 5396 ὁρώμενα
712 5327 771 5377 ού
817 5325 1088 5393 βλέπουσι,
1134 5323 1202 5374 τά
1234 5324 1288 5374 δὲ
1323 5324 1394 5393 μὴ
1434 5323 1681 5393 ὁρώμενα
1712 5323 1829 5391 βλέ-

197 5429 375 5464 πουσι.
400 5413 507 5463 Καὶ
538 5413 615 5463 ὅτι
662 5412 728 5462 τὰ
765 5411 1061 5477 βλεπόμενα
1110 5410 1168 5458 οὑ
1203 5408 1473 5475 βλέπουσι,
1523 5411 1614 5460 καὶ
1640 5409 1706 5460 τὰ
1756 5411 1827 5478 μὴ

200 5495 500 5563 βλεπόμενα
534 5496 831 5563 βλέπουσιν,
870 5497 897 5546 ὁ
931 5493 1134 5554 Παῦλος
1168 5493 1426 5559 ἐδήλωσεν
1448 5494 1613 5546 είπὼν
1639 5495 1826 5556 οὕτως’

202 5582 272 5634 Τὸ
298 5582 402 5650 γὰρ
440 5582 769 5647 παραυτίκα
795 5581 1053 5647 ἐλαφρὸν
1079 5579 1186 5645 τῆς
1215 5580 1470 5644 θλίψεως
1503 5584 1629 5632 καθ’
1656 5585 1829 5647 ὑπερ-

197 5667 385 5734 ϐολὴν
431 5670 515 5731 εὶς
568 5669 897 5734 ὑπερϐολὴν
950 5667 1180 5721 αἰώνιον
1218 5663 1406 5732 ,ϐάρος
1460 5666 1639 5732 δόξης
1691 5667 1831 5734 ἡμῖν

1923 1669 2346 1739 κατεργάζεται,
2365 1669 2449 1737 μὴ
2497 1671 2885 1723 σκοπούντων
2917 1674 3082 1740 ἡμῶν
3112 1675 3181 1726 τὰ
3198 1675 3566 1742 βλεπόμενα,

1921 1757 2080 1811 ἀλλὰ
2107 1759 2177 1809 τὰ
2202 1757 2285 1824 μὴ
2332 1757 2694 1822 βλεπόμενα.
2726 1757 2832 1807 Καὶ
2880 1757 2991 1819 πῶς
3020 1761 3083 1811 ἄν
3116 1775 3195 1820 τις
3251 1761 3348 1812 ίδοι
3393 1760 3459 1811 τά
3491 1762 3566 1831 μὴ

1924 1841 2256 1911 βλεπόμενα;
2288 1841 2408 1900 Πῶς
2435 1839 2624 1900 ἄλλως,
2659 1840 2822 1908 ἀλλ’ἢ
2851 1845 2959 1902 τοῖς
2988 1845 3081 1910 τῆς
3105 1843 3337 1904 πίστ-ως
3366 1844 3564 1908 ὀφθαλ-

1926 1931 2072 1997 μοῖς;
2108 1927 2259 1978 Οῦτω
2288 1927 2379 1978 καὶ
2412 1924 2643 1994 ἀλλαχοῦ
2679 1943 2827 1994 φησι·
2853 1927 3057 1978 Πίστει
3079 1927 3334 1995 νοοῦμεν
3358 1947 3562 1996 κατηρ-

1920 2012 2114 2064 τίσθαι
2149 2009 2288 2074 τοὺς
2309 2011 2540 2073 αἰῶνας.
2576 2008 2730 2072 Πῶς;
2771 2010 2832 2060 οὐ
2869 2008 2972 2079 γὰρ
3011 2010 3237 2077 εἴδομεν.
3265 2012 3363 2075 Είς
3384 2013 3446 2064 τὸ
3477 2014 3562 2079 μὴ

1920 2094 1987 2146 ἐκ
2014 2093 2380 2161 φαινομένων
2409 2095 2476 2145 τὰ
2493 2093 2838 2159 ,ϐλεπόμενα
2889 2096 3212 2160 γεγονέναι,
3248 2096 3402 2162 φησί.
3433 2096 3565 2148 Βού-

1921 2179 2074 2230 λεσθε
2099 2180 2189 2231 καὶ
2227 2179 2413 2247 ἑτέραν
2447 2180 2676 2248 παράγω
2704 2180 3022 2248 μαρτυρίαν,
3047 2181 3127 2229 ὅτι
3150 2180 3216 2232 τά
3258 2182 3331 2249 μὴ
3367 2180 3561 2248 βλεπό-

1925 2281 2058 2332 μενα
2123 2263 2406 2332 βλέπουσιν
2451 2264 2500 2314 οί
2546 2263 2642 2331 τῆς
2693 2264 2925 2325 πίστεως
2975 2265 3268 2332 όφθαλμοί;
3303 2267 3564 2329 Γαλάταις

1923 2350 2050 2401 ποτὲ
2077 2349 2340 2419 γράφωνὸ
2371 2349 2577 2410 Παῦλος
2606 2349 2804 2416 ἔλεγεν·
2827 2346 2924 2412 Οἷς
2941 2352 3062 2403 κατ’
3087 2353 3428 2420 ὀφθαλμοὺς
3461 2355 3564 2421 Ἰη-

1921 2435 2068 2497 σοῦς
2091 2433 2335 2499 Χριστὸς
2359 2433 2690 2501 προεγράφη
2713 2435 2780 2485 ἐν
2802 2435 2940 2501 ὑμῖν
2957 2437 3418 2504 ἐσταυρωμένος.

1995 2520 2057 2587 β’.
2087 2519 2148 2569 Τί
2175 2518 2366 2583 λέγεις,
2396 2516 2438 2570 ὦ
2466 2520 2696 2587 μακάριε
2718 2520 2924 2583 Παῦλε;
2959 2523 3014 2572 ἐν
3043 2523 3271 2591 Γαλατίᾳ⁵
3301 2523 3559 2593 σταυρού-

1924 2622 2082 2673 μενον
2117 2604 2276 2654 αὐτὸν
2312 2600 2445 2654 εἶδον
2489 2603 2755 2667 Γαλάται;
2795 2604 2912 2673 οὐχὶ
2948 2607 3142 2668 πάντες
3177 2609 3558 2676 ὁμολογοῦμεν,

1918 2691 1996 2741 ὅτι
2029 2691 2085 2740 ἐν
2118 2687 2441 2756 Παλαιστίνῃ
2489 2689 2545 2738 ἐν
2580 2688 2716 2757 μέσῃ
2753 2689 2974 2759 Ἰουδαίᾳ
3004 2691 3062 2742 τὸ
3107 2693 3273 2754 πάθος
3318 2695 3557 2758 ἐγένετο;

1921 2773 2040 2833 Πῶς
2069 2768 2158 2823 οῦν
2193 2771 2347 2824 αὑτὸν
2385 2768 2520 2822 εἶδον
2571 2773 2961 2841 σταυρούμενον
3003 2776 3261 2834 Γαλάταις
3307 2777 3426 2839 Τοῖς
3463 2779 3561 2847 τῆς

1923 2861 2152 2919 πίστεως
2189 2858 2497 2926 ὀφθαλμοῖς,
2531 2857 2588 2908 ού
2637 2862 2744 2920 τοῖς
2777 2859 2874 2926 τῆς
2918 2863 3132 2929 σαρκός.
3186 2859 3333 2925 Εἶδες
3362 2864 3476 2924 πῶς
3508 2865 3559 2916 οι

1922 2946 2019 3012 τῆς
2074 2949 2306 3004 πίστεως
2353 2942 2614 3011 ὀφθαλμοὶ
2659 2944 2726 2994 τά
2776 2945 2848 3012 μὴ
2898 2946 3192 3014 φαινόμενα
3242 2948 3557 3015 βλέπουσιν;

1935 3033 2064 3086 Ἀπὸ
2110 3032 2360 3085 τοσούτου
2418 3033 2545 3098 γοῦν
2592 3033 2953 3102 διαστήματος
3003 3036 3093 3086 καὶ
3133 3036 3267 3103 μετὰ
3312 3037 3561 3089 τοσοῦτον

1923 3119 2107 3187 χρόνον
2134 3119 2221 3169 τὸν
2246 3117 2475 3186 Χριστὸν
2510 3112 2644 3168 εἶδον
2672 3117 2896 3186 σταυρού
2906 3135 3081 3186 μενον.
3102 3121 3253 3172 Οὕτω
3285 3121 3375 3173 καὶ
3406 3121 3559 3189 ὑμεῖς

1925 3202 2145 3270 βλέπετε
2208 3202 2327 3261 τοὺς
2375 3202 2597 3270 νεκροὺς
2660 3203 3067 3270 ἀνισταμένους·
3128 3205 3263 3255 οῦτω
3327 3208 3559 3274 σήμερον

1923 3287 2086 3337 είδετε
2155 3285 2244 3337 τὸν
2296 3286 2489 3355 λεπρὸν
2561 3285 2973 3354 καθαιρόμενον·
3034 3288 3200 3350 οὕτως
3249 3289 3414 3341 εἴδετε
3471 3291 3557 3344 τὸν

1923 3371 2356 3440 παραλελυμένον
2397 3371 2716 3432 ἀναστάντα,
2746 3370 2892 3440 [280]
2930 3373 3022 3422 καὶ
3072 3373 3263 3441 μᾶλλον
3298 3374 3558 3427 Ἰουδαίων

1929 3457 2028 3506 τῶν
2077 3456 2354 3525 παρόντων
2399 3456 2585 3506 εἴδετε.
2628 3456 2850 3506 Ἐκεῖνοι
2901 3457 2996 3524 μέν
3036 3458 3138 3525 γὰρ
3189 3460 3448 3525 παρόντες
3495 3463 3556 3512 οὐ

1926 3541 2278 3609 παρεδέξαντο
2311 3541 2370 3591 τὸ
2404 3540 2603 3606 θαῦμα,
2633 3542 2785 3608 ὑμεῖς
2831 3541 2884 3592 δὲ
2933 3543 3156 3603 ἀπόντες
3197 3544 3556 3612 παρεδέξασθε

1924 3643 2019 3695 την
2045 3626 2240 3676 πίστιν.
2275 3626 2431 3676 Ὥστε
2458 3626 2676 3685 δικαίως
2721 3623 2868 3677 εἷπον
2899 3627 3032 3695 πρὸς
3061 3629 3220 3694 ὑμᾶς,
3248 3629 3328 3678 ὅτι
3361 3632 3559 3682 Μακὰ-

1916 3729 2032 3777 ριοι
2067 3711 2205 3778 ὑμῖν
2233 3713 2283 3762 vl
2316 3712 2623 3778 ὀφθαλμοί,
2655 3713 2740 3762 ὅτι
2760 3712 3118 3774 βλέπουσιν.
3157 3714 3214 3764 El
3249 3715 3303 3765 δὲ
3331 3715 3420 3765 καὶ
3446 3716 3553 3766 ἐτέ-

1929 3796 2096 3863 ρωθεν
2131 3795 2307 3863 βούλει
2352 3795 2536 3863 μαθεῖν
2581 3797 2660 3846 ὅτι
2703 3796 2767 3847 τὰ
2809 3797 2881 3864 μὴ
2927 3797 3225 3865 βλεπόμενα
3276 3798 3558 3866 βλέπουσιν

1925 3883 1969 3931 οἱ
2008 3881 2103 3948 τῆς
2131 3881 2360 3941 πίστεως
2386 3880 2664 3946 ὀφθαλμοὶ,
2691 3881 2757 3931 τά
2787 3881 2840 3931 δὲ
2869 3880 3166 3948 βλεπόμενα
3194 3883 3556 3951 παρατρέχου-

1928 3981 2008 4016 σιν
2029 3979 2042 3992 '
2077 3965 2194 4016 οὑδὲ
2224 3966 2330 4034 γάρ
2362 3966 2425 4017 ἂν
2452 3965 2619 4027 ἄλλως
2652 3966 2805 4017 ἴδοιεν
2837 3965 2903 4016 τὰ
2934 3965 3006 4034 μὴ
3051 3967 3364 4035 βλεπόμενα,
3399 3970 3444 4018 εί
3482 3968 3555 4037 μὴ

1927 4053 2389 4120 καταφρονήσαιεν
2435 4051 2539 4101 τῶν
2584 4051 2911 4119 εἰρημένων·
2966 4053 3189 4104 ἄκουσον
3221 4053 3310 4103 τοῦ
3348 4052 3555 4105 Παύλου

1927 4138 2050 4205 περὶ
2085 4137 2177 4188 τοῦ
2210 4137 2455 4208 Ἀϐραὰμ
2490 4136 2884 4204 διαλεγομένου,
2914 4140 2991 4189 ὅτι
3034 4141 3141 4200 τοῖς
3199 4140 3283 4207 εῆς
3330 4141 3556 4202 πίστεως

1925 4222 2214 4290 ὀφθαλμοῖς
2244 4217 2344 4273 εἶδε
2377 4223 2464 4274 τὸν
2491 4224 2602 4276 υἱὸν
2624 4225 2930 4293 τικτόμενον
2951 4223 3037 4275 τὸν
3072 4225 3271 4285 Ίσαάκ,
3297 4226 3386 4276 καὶ
3419 4224 3557 4276 οὕτω

1927 4307 2240 4369 κατεδέξατο
2292 4307 2386 4376 τὴν
2438 4308 2778 4374 ἐπαγγελίαν.
2845 4311 2906 4361 Τί
2945 4310 3048 4378 γάρ
3101 4325 3258 4377 φησι;
3306 4310 3410 4362 Καὶ
3469 4309 3554 4375 μὴ

1926 4392 2265 4456 ἀσθενήσας
2293 4391 2365 4459 τῇ
2389 4394 2601 4454 πίστει,
2626 4395 2695 4445 οὐ
2719 4397 3038 4459 κατενόησε
3066 4396 3127 4444 τὸ
3156 4394 3366 4446 ἑαυτοῦ
3390 4392 3558 4461 σῶμα

1927 4477 2378 4544 νενεκρωμέιτῸν.
2405 4478 2624 4546 Μεγάλη
2653 4479 2748 4546 τῆς
2776 4479 3003 4540 πίστεως
3032 4479 3325 4547 ήδύναμις.
3352 4479 3558 4546 Ὥσπερ

1929 4561 2031 4628 γὰρ
2059 4561 2329 4627 λογισμοὶ
2376 4562 2692 4627 ἀνθρώπων
2723 4563 2902 4614 δειλοί
2936 4565 3033 4615 καί
3085 4563 3374 4628 ἀσθενεῖς,
3420 4563 3559 4614 οὕτω

1930 4645 2106 4705 πίστις
2142 4645 2332 4712 ἰσχυρά
2373 4646 2463 4696 καὶ
2511 4646 2727 4714 δυνατή.
2762 4649 2841 4698 Οὐ
2871 4649 3199 4713 κατενόησε
3234 4649 3299 4699 τὸ
3345 4648 3557 4698 ἑαυτοῦ

1929 4729 2095 4796 σῶμα
2127 4732 2579 4796 νενεκρωμένον.
2622 4731 2778 4800 Ὀρᾷς
2827 4733 2940 4791 πῶς
2980 4733 3152 4799 ἀφῆκε
3179 4733 3243 4782 τὰ
3278 4732 3558 4800 ὁρώμενα;

1929 4816 2041 4876 πῶς
2069 4817 2165 4866 οὐκ
2197 4811 2331 4865 είδεν
2359 4817 2432 4876 είς
2479 4815 2535 4866 τὸ
2572 4815 2775 4883 γῆρας;
2834 4821 3018 4868 Καίτοι
3050 4834 3106 4883 γε
3145 4818 3270 4869 αὐτὸ
3313 4819 3416 4885 πρὸ
3452 4818 3559 4868 τῶν

1930 4900 2219 4967 ὀφθαλμῶν
2254 4900 2456 4950 ἔκειτο·
2514 4900 2645 4951 ἀλλά
2692 4904 2800 4962 τοῖς
2852 4901 2945 4968 τῆς
2983 4902 3211 4964 πίστεως
3270 4903 3557 4970 ὀφθαλμοῖς

1928 4987 2092 5056 ἐώρα,
2128 4988 2186 5038 οὑ
2217 4986 2442 5048 τοῖς’τοῦ
2474 4987 2735 5057 σώματος.
2767 4989 2852 5039 Διὸ
2883 4992 2978 5040 οὐκ
3009 4987 3110 5041 εἶδε
3139 4994 3197 5042 τὸ
3230 4994 3418 5061 γῆρας,
3442 4993 3559 5044 οὑδὲ

1928 5074 2022 5139 τὴν
2065 5073 2326 5140 νέκρωσιν
2371 5073 2612 5142 Σάρρας·
2674 5074 2732 5124 ού
2781 5075 3067 5143 κατενόησε
3111 5077 3228 5142 Τὴν
3270 5077 3560 5144 νέκρωσιν

1927 5158 2036 5222 τῆς
2082 5158 2308 5225 μήτρας
2358 5158 2605 5226 Σάρρας.
2659 5161 2766 5227 Τὴν
2816 5161 3092 5228 στείρωσιν
3146 5166 3275 5232 ἡμῖν
3333 5166 3560 5218 ἐνταῦθα

1929 5243 2240 5297 αἰνίττεται.
2287 5243 2451 5313 Διπλῆ
2486 5245 2590 5314 γὰρ
2632 5246 2663 5314 ἡ
2709 5245 2952 5298 ἀσθένεια
2983 5244 3068 5317 ἦν,
3113 5251 3142 5318 ἡ
3195 5250 3291 5318 μὲν
3321 5251 3424 5301 ἀπὸ
3465 5252 3560 5318 τῆς

1930 5329 2159 5397 ἡλικίας,
2205 5330 2236 5398 ή
2279 5329 2334 5381 δὲ
2372 5329 2478 5381 ἀπὸ
2519 5331 2615 5397 τῆς
2656 5331 2934 5395 ἀσθενείας
2967 5335 3192 5400 φύσεως.
3241 5338 3311 5387 Ού
3356 5337 3458 5405 γὰρ
3501 5337 3562 5388 τὸ

1933 5413 2087 5480 σῶμα
2123 5413 2276 5482 μόνον
2305 5414 2391 5465 διά
2427 5414 2522 5483 τὴν
2565 5415 2776 5482 ἡλικίαν
2817 5419 3082 5486 ἄχρηστον
3108 5415 3173 5487 ἦν
3210 5421 3342 5488 πρὸς
3381 5421 3562 5472 παιδο-

1930 5499 2133 5562 γονίαν,
2156 5498 2290 5551 ἀλλά
2313 5499 2403 5550 καὶ
2445 5499 2578 5567 αὑτὴ
2618 5502 2650 5569 ἡ
2698 5502 2875 5572 μήτρα
2920 5505 3231 5573 νενέκρωτο,
3268 5506 3357 5556 καὶ
3382 5506 3439 5556 τὸ
3465 5508 3562 5573 τῆς

1932 5585 2143 5649 φύσεως
2184 5586 2559 5655 ἐργαστήριον,
2597 5587 2689 5638 καὶ
2728 5590 2830 5656 πρὸ
2859 5589 2949 5641 τοῦ
2983 5592 3164 5659 γήρως
3197 5593 3463 5662 ἄχρηστον
3493 5588 3565 5661 ἦν

1931 5668 2018 5721 διά
2044 5667 2140 5734 τὴν
2173 5670 2472 5736 στείρωσιν.
2505 5667 2654 5734 Εἶδες
2681 5673 2778 5725 ὅσα
2803 5675 3128 5744 κωλύματα;
3165 5677 3236 5729 Τὸ
3270 5681 3437 5745 γῆρας
3468 5676 3563 5730 τοῦ
