3990 6432
475 354 586 408 273

462 463 666 535 ἀνδρὸς,
697 463 753 513 τὸ
785 465 954 530 γῆρας
981 461 1073 529 τῆς
1104 460 1378 525 γυναικός·
1417 461 1446 526 ὴ
1489 459 1580 510 τοῦ
1604 460 1786 525 γήρως
1820 459 2081 525 ἀχρηστο-

463 566 592 618 τερα
633 545 909 615 στείρωσνς
933 561 945 573 ·
996 547 1086 597 καὶ
1132 544 1238 613 γὰρ
1280 546 1369 596 καὶ
1410 543 1561 595 τοῦτο
1596 544 1824 610 μάλιστα
1865 542 2086 607 κώλυμα

464 632 816 698 παιδογονίας.
850 631 985 681 Ἀλλ’
1017 631 1161 698 ὅμως
1193 630 1358 680 ταῦτα
1391 628 1560 681 πάντα
1592 626 1957 695 παρέδραμεν,
1994 625 2083 675 καὶ

462 719 570 778 τοῖς
597 717 691 777 τῖπς
718 717 945 775 πίστεως
975 715 1264 782 ὀφθαλμοῖς
1291 715 1365 773 είς
1407 713 1527 773 τοὺς
1570 711 1824 779 οὐρανοὺς
1865 709 2082 775 ἀνέστη,

465 803 719 870 μεγίστην
739 800 843 851 τῶν
865 799 1276 868 ἐπηγγελμένων
1308 796 1570 858 ἀπόδειξιν
1592 795 1725 862 ἔχων
1749 795 1843 862 τὴν
1861 793 2083 860 δύναμιν

460 887 551 938 τοῦ
586 885 971 954 ὑποσχομένου.
1007 885 1102 936 Διά
1140 883 1292 934 τοῦτο
1325 885 1423 945 Εἰς
1455 881 1565 945 τὴν
1595 879 1948 947 ἐπαγγελίαν
1979 877 2081 929 τοῦ

465 972 604 1025 Θεοῦ
635 974 703 1024 οὐ
735 971 989 1036 διεκρίθη
1024 969 1097 1033 τῇ
1128 967 1386 1030 ἀπιστίᾳ,
1426 966 1557 1016 ἀλλ’
1584 963 1984 1030 ἐνεδυναμώθη
2010 959 2082 1026 τῇ

462 1059 676 1109 πίστει.
725 1056 998 1122 Βακτηρία
1043 1055 1145 1120 γάρ
1191 1051 1270 1112 τίς
1305 1053 1448 1101 ἐστιν
1474 1048 1664 1117 ἰσχυρὰ
1693 1049 1724 1116 ἡ
1755 1047 1951 1108 πίστις,
1993 1046 2083 1097 καὶ

457 1143 620 1210 λιμὴν
653 1140 911 1207 ἀσφαλὴς,
944 1138 1040 1204 τῆς
1071 1136 1176 1187 τῶν
1213 1135 1478 1202 λογισμῶν
1508 1133 1910 1184 ἀπαλλάττουσα
1945 1131 2080 1182 πλά-

461 1245 574 1297 νης,
609 1227 699 1279 καὶ
732 1228 787 1276 ἐν
809 1224 998 1294 ἠσυχίᾳ.
1024 1222 1181 1287 πολλῇ
1217 1220 1310 1287 τὴν
1331 1218 1501 1286 ψυχὴν
1529 1217 1889 1269 ἀναπαύουσα.
1908 1215 2083 1282 Ὺμῶν

463 1313 527 1362 δὲ
547 1311 814 1378 μακάριοι
843 1312 895 1360 οι
929 1305 1234 1373 ὀφθαλμοὶ,
1274 1304 1355 1354 ὅτι
1379 1303 1677 1362 βλέπουσι
1701 1318 1713 1330 ·
1755 1302 1846 1352 καὶ
1872 1300 1976 1367 γὰρ
2005 1301 2081 1360 είς

461 1398 589 1447 αὐτὸ
653 1395 807 1446 πάλιν
861 1391 1164 1443 ἐπανελθεῖν
1221 1389 1504 1453 ἀναγκαῖον
1557 1387 1615 1437 τὸ
1666 1387 1831 1453 ῥῆμα.
1896 1384 2081 1434 Καίτοι

462 1482 680 1532 ἔϐλεπον
715 1480 805 1531 καὶ
830 1479 878 1530 οἱ
909 1476 1140 1528 Ἰουδαῖοι
1165 1474 1229 1525 τὰ
1250 1475 1368 1524 τότε
1403 1473 1672 1539 γινόμενα.
1707 1470 1841 1520 Ἀλλ’
1871 1469 1930 1520 οὐ
1954 1468 2082 1518 ταύ-

459 1584 556 1634 την
604 1561 892 1633 μακαρίζει
937 1561 1032 1629 τὴν
1065 1559 1182 1626 δψιν
1209 1559 1302 1626 τὴν
1350 1557 1576 1621 ἔξωθεν
1629 1554 1762 1621 αὕτη
1811 1554 1915 1620 γάρ
1964 1552 2080 1634 καθ’

460 1633 652 1717 ἐαυτὴν
681 1650 777 1716 οὐχ
797 1648 895 1716 ὁρᾷ
922 1646 989 1697 τὰ
1020 1645 1282 1711 θαύματα,
1323 1643 1432 1694 ἀλλ’
1455 1647 1486 1710 η
1510 1641 1669 1691 ἔνδον.
1710 1641 1927 1690 Ἐκεῖνοι
1949 1633 2082 1688 εἶδον

459 1734 654 1800 τυφλὸν
689 1733 780 1784 καὶ
813 1731 994 1797 ἔλεγον
1017 1746 1029 1760 ’
1086 1725 1270 1790 Οὗτός
1306 1729 1491 1786 ἐστιν,
1541 1727 1648 1777 οὐκ
1681 1725 1846 1776 ἐστιν
1874 1718 2079 1784 οὗτος·

462 1818 805 1883 καλέσωμεν
836 1813 1015 1866 αὺτοῦ
1042 1812 1178 1876 τοὺς
1212 1811 1425 1878 γονεῖς.
1455 1809 1691 1870 Ἀκούεις
1722 1805 2082 1875 ἀμφιδαλλόν-

460 1920 602 1966 των;
631 1903 760 1971 ὁρᾷς
794 1901 873 1951 ὅτι
901 1899 998 1950 οὐκ
1030 1898 1184 1964 ἀρκεῖ
1207 1900 1238 1964 ή
1270 1896 1360 1946 τοῦ
1393 1893 1635 1962 σώματος
1678 1893 1796 1959 δψις
1829 1893 1960 1960 πρὸς
1990 1891 2083 1960 τὴν

460 1985 551 2036 τοῦ
583 1984 850 2049 θαύματος
876 1981 1129 2048 θεωρίαν;
1167 1981 1226 2030 Οἱ
1264 1979 1519 2046 παρόντες
1550 1977 1642 2028 καὶ
1679 1975 1931 2043 θεώμενοι
1967 1974 2082 2027 ἐλε-

462 2087 555 2137 γον
578 2085 590 2099 ’
635 2064 818 2130 Οὗτός
857 2066 1042 2124 ἐστιν,
1082 2066 1188 2115 οὐκ
1219 2064 1382 2114 ἔστιν
1409 2057 1582 2122 οὗτος
1605 2077 1618 2090 ’
1657 2063 1814 2128 ἡμεῖς
1845 2060 1898 2111 δὲ
1931 2061 1976 2110 οἱ
2011 2061 2082 2129 μὴ

464 2155 721 2222 παρόντες
747 2153 805 2203 ού
839 2152 1083 2218 λέγομεν,
1119 2146 1298 2218 Οὗτος
1330 2148 1508 2208 ἐστιν,
1537 2149 1643 2197 οὐκ
1675 2145 1840 2195 ἔστιν
1876 2141 2080 2207 οὗτος’

463 2240 573 2291 ἀλλ’
602 2240 788 2301 Αὐτός
822 2236 1002 2288 ἐστιν.
1031 2234 1263 2302 Ἐμαοες
1308 2233 1381 2292 ὼς
1424 2231 1567 2282 οὐδὲν
1598 2230 1817 2297 βλάπτει
1856 2232 1886 2297 ή
1920 2232 2085 2282 ἀπου-

465 2325 573 2384 σία,
604 2324 727 2374 ὅταν
755 2322 980 2385 πίστεως
1013 2318 1273 2385 ὀφθαλμοὶ
1312 2311 1430 2378 ῶσι,
1475 2317 1566 2367 καὶ
1597 2316 1670 2375 ὡς
1712 2316 1858 2366 οὐδὲν
1890 2316 2084 2382 ὠφελεῖ

463 2411 496 2477 ἡ
544 2408 826 2476 παρουσία,
864 2384 986 2457 δταν
1017 2384 1240 2463 πίστεως
1271 2401 1530 2468 ὀφθαλμοὶ
1585 2401 1656 2469 μὴ
1703 2395 1836 2461 (om;
1890 2402 1952 2451 Τί
1979 2401 2082 2468 γὰρ

464 2494 696 2552 ἐκείνους
740 2489 910 2558 ῶνησε
955 2488 1013 2537 τὸ
1051 2485 1207 2548 ίδεῖν;
1272 2485 1452 2539 Οέοδέν.
1485 2486 1670 2553 Ἡμεῖς
1713 2485 1818 2552 γὰρ
1867 2484 2083 2535 ἐκείνων

466 2577 788 2642 σαφέστερον
833 2573 1062 2639 εἴδομεν.
1099 2571 1246 2621 Ἐπεὶ
1288 2566 1376 2620 οὖν
1409 2569 1687 2637 βλέπουσιν
1735 2571 1781 2620 οἱ
1826 2568 2084 2636 ὀφθαλμοὶ

467 2658 613 2723 ὑμῶν
643 2655 889 2724 θεωρίαν,
916 2655 1007 2706 καὶ
1035 2653 1216 2705 ἀκούει
1240 2653 1303 2703 τὰ
1332 2647 1442 2704 ῶτα
1475 2653 1750 2721 ἀκρόασιν,
1784 2653 1848 2721 ἢν
1887 2655 1913 2702 ὁ
1956 2654 2086 2718 Χρι-

467 2743 585 2803 στὸς
613 2741 930 2808 ἐμακάρισε,
973 2739 1102 2807 φέρε
1133 2739 1258 2804 ὑμῖν
1287 2738 1407 2797 τοὺς
1447 2737 1780 2804 μαργαρίτας
1815 2736 1919 2785 τῶν
1950 2735 2083 2799 Γραο

467 2827 580 2894 φῶν
612 2825 956 2893 παραθῶμεν.
982 2824 1188 2890 Ὥσπερ
1229 2823 1334 2890 γάρ
1373 2822 1482 2881 τοῖς
1510 2821 1770 2881 Ἰουδαίοις
1810 2817 1956 2888 [281]
1990 2819 2084 2870 ούκ

467 2912 690 2963 ἐπέλυσε
718 2911 783 2962 τὰ
809 2912 1089 2976 ζητήματα
1111 2909 1137 2958 ὁ
1170 2905 1414 2975 Χριστὸς,
1440 2905 1571 2956 ἀλλά
1602 2904 1692 2956 καὶ
1717 2905 1950 2955 ἐπέτεινε
1988 2905 2084 2972 τὴν

468 2997 748 3061 ἀσάφειαν,
801 2993 980 3062 ἐπειδὴ
1033 2992 1104 3060 μὴ
1151 2993 1455 3058 προσεῖχον’
1511 2988 1649 3039 οὕτω
1695 2989 1755 3056 δὴ
1807 2989 1897 3039 καὶ
1938 2988 2082 3056 ὑμῖν,

471 3081 653 3148 ἐπειδὴ
693 3079 1000 3147 προσέχετε,
1031 3077 1098 3127 τὰ
1119 3074 1464 3143 κεκρυμμένα
1496 3075 1642 3139 ἄγειν
1673 3075 1748 3135 είς
1779 3074 1934 3140 μέσον
1960 3075 2081 3140 χρή.

470 3165 576 3217 Καὶ
604 3165 709 3232 γὰρ
740 3162 1030 3231 προσῆλθον
1055 3162 1101 3211 οἱ
1135 3161 1365 3227 μαθηταὶ
1394 3159 1482 3208 καὶ
1509 3157 1801 3224 ἐθαύμαζον
1825 3159 2081 3222 λέγοντες·

469 3249 626 3300 Διατί
655 3249 722 3299 ἐν
744 3244 1101 3313 παραϐολαῖς
1129 3244 1330 3305 λαλεῖς
1352 3243 1649 3304 αὑτοῖς;Ὀ
1677 3243 1732 3293 δέ
1766 3243 1885 3310 ἔφη,
1907 3244 2086 3294 Ἐπει-

469 3333 543 3399 δὴ
583 3333 912 3395 ,βλέποντες
941 3332 1008 3380 οὐ
1041 3326 1393 3390 βλέπουσιν.
1422 3327 1620 3377 Οὐκοῦν
1651 3327 1828 3394 ἐπειδὴ
1859 3327 1929 3394 μὴ
1959 3328 2086 3377 ἰδόν-

470 3435 559 3480 τες
607 3418 759 3485 ὑμεῖς
804 3415 988 3477 εἴδετε,
1036 3414 1322 3478 ἀναγκαῖον
1375 3410 1447 3479 μὴ
1497 3413 1551 3462 ἐν
1600 3411 1870 3478 παραϐολῇ
1917 3411 2085 3462 εἰπεῖν

475 3503 606 3569 πρὸς
639 3502 778 3566 ὑμᾶς
801 3515 814 3527 ·
863 3499 952 3550 καὶ
977 3497 1154 3564 ἐπειδὴ
1189 3497 1515 3558 Ἀκούοντες
1543 3497 1649 3546 οὐκ
1743 3490 2084 3547 ἀκούουσιν.

473 3583 674 3636 Ούκοῦν
700 3581 881 3647 ἐπειδὴ
918 3581 1071 3646 ὑμεῖς
1113 3580 1183 3646 μὴ
1224 3580 1543 3639 ἀκούσαντες
1574 3580 1709 3638 τότε,
1755 3577 1972 3629 ἀκούετε
1998 3579 2087 3629 νῦν

472 3669 569 3720 οὑκ
591 3665 889 3732 έλαττον,ἦ
933 3664 1049 3714 τότε
1091 3663 1350 3730 ἠκούσατε
1393 3675 1441 3724 ³,
1495 3663 1777 3728 ἀναγκαῖον
1826 3663 1965 3729 ὑμᾶς
2017 3663 2087 3730 μὴ

473 3750 836 3819 ἀποστερῆσαι
868 3748 965 3815 τῆς
989 3747 1258 3815 τραπέζης
1285 3747 1500 3812 ταύτης.
1541 3747 1644 3796 Καὶ
1677 3746 1780 3813 γὰρ
1809 3748 1835 3796 ὁ
1863 3747 2088 3812 Χριστὸς

473 3835 689 3894 τούτους
728 3833 822 3900 ούχ
850 3827 1006 3900 ἦττον
1041 3832 1366 3898 ἐμακάρισεν
1399 3831 1430 3897 ἢ
1461 3829 1691 3890 ἐκείνους
1711 3847 1724 3860 ⁸
1765 3826 1931 3893 Εἶδες
1961 3830 2086 3898 γὰρ,

477 3919 625 3987 φησι,
653 3917 748 3968 καὶ
787 3917 1173 3977 ἐπίστευσας·
1203 3913 1471 3980 μακάριοι
1513 3916 1561 3965 οί
1603 3913 1686 3979 μὴ
1719 3912 1958 3976 ἰδόντες,
1995 3913 2091 3963 καὶ

477 4005 918 4065 πιστεύσαντες.
947 4001 1036 4066 Μὴ
1055 4002 1227 4051 τοίνυν
1250 4001 1466 4067 ὀκνηροί
1490 3999 1696 4065 γίνεσθε
1723 4000 1853 4066 πρὸς
1873 3998 2087 4067 ἀρετὴν,

476 4091 556 4141 ὃτι
609 4087 679 4156 μὴ
718 4088 833 4138 κατ’
883 4085 1117 4144 ἐκείνους
1167 4085 1287 4143 τοὺς
1328 4084 1566 4153 χρόνους,
1607 4083 1738 4134 ἀλλά
1777 4084 1892 4134 κατ’
1935 4085 2091 4134 αὑτὸν

478 4174 744 4242 ἐγένεσθε.
775 4173 868 4223 Ἂν
895 4173 1001 4240 γὰρ
1034 4171 1249 4230 ἐθέλοις,
1277 4171 1374 4221 οὐκ
1404 4167 1704 4237 ἐζημιώθης
1729 4186 1741 4198 ·
1781 4169 1964 4235 ὥσπερ
2003 4167 2091 4222 οῦν

480 4259 659 4310 πολλοὶ
685 4258 903 4309 καὶτῶν
929 4257 1046 4308 τότε
1072 4254 1386 4323 γενομένων,
1428 4254 1606 4321 ἐπειδὴ
1639 4254 1711 4322 μὴ
1749 4253 1950 4321 ἦθελον,
1997 4257 2092 4305 οὑκ

480 4342 848 4411 ὠφελήθησαν.

548 4432 615 4492 γ’.
639 4425 700 4477 Τί
721 4422 808 4477 οῦν
829 4426 1010 4476 ἐστιτὸ
1034 4425 1262 4493 σήμερον
1278 4422 1631 4488 ἁναγνωσθέν;
1663 4423 1834 4475 Τοῦτο
1855 4423 1920 4472 δὲ
1940 4422 2090 4490 γινώ-

481 4525 673 4570 σκετε,
696 4509 783 4561 ὅτι
819 4511 887 4560 έν
919 4509 1195 4574 ἐσχάταις
1225 4506 1461 4573 ἡμέραις
1493 4507 1881 4571 ἐνστήσονται
1910 4506 2094 4570 καιροί

484 4595 751 4659 χαλεποί.
779 4593 866 4662 Τῴ
895 4593 1135 4659 Τιμοθέῳ
1168 4593 1323 4642 πάλιν
1364 4594 1390 4642 ὁ
1422 4591 1624 4652 Παῦλος
1655 4591 1966 4642 ἐπιστέλλει.
2000 4593 2095 4640 Φο-

484 4679 616 4745 6ερά
645 4681 676 4746 ὴ
711 4678 902 4745 ἀπειλή
926 4693 937 4705 ·
987 4676 1116 4728 ἀλλὰ
1153 4677 1543 4742 διαναστῶμεν’
1576 4675 1791 4736 τούτους
1833 4675 1939 4744 γὰρ
1970 4676 2094 4742 ἡμῖν

482 4763 604 4823 τοὺς
633 4763 848 4829 καιροὺς
897 4762 1202 4820 αἰνίττεται,
1255 4761 1343 4810 καὶ
1383 4762 1503 4820 τοῦς
1553 4760 1686 4827 μετά
1723 4761 1957 4821 τούτους,
2005 4763 2096 4812 καὶ

483 4847 605 4907 τοὺς
632 4847 754 4914 περὶ
783 4847 876 4912 τὴν
912 4846 1206 4897 συντέλειαν
1236 4845 1419 4911 αὑτήν.
1457 4845 1632 4896 Τοῦτο
1664 4845 1729 4896 δὲ
1759 4845 2092 4911 γινώσκετε,

484 4932 572 4983 ὅτι
602 4932 668 4983 ἐν
703 4931 980 4996 ἐσχάταις
1008 4931 1245 4997 ἡμέραις
1279 4929 1670 4992 ἐνστήσονται
1710 4929 1892 4996 καιροί
1935 4934 2098 4995 χαλε-

486 5017 606 5069 ποί.
637 5017 812 5085 Βραχὺ
839 5016 898 5066 τὸ
927 5017 1091 5082 ῥῆμα,
1134 5015 1224 5067 καὶ
1255 5014 1457 5082 μεγάλη
1497 5017 1526 5082 ἡ
1553 5014 1789 5081 δύναμις.
1842 5015 2099 5085 Καθάπερ

488 5103 594 5168 γάρ
621 5100 688 5154 τὰ
710 5099 967 5168 ἀρώματα
992 5100 1049 5148 ού
1080 5098 1154 5165 τῷ
1183 5099 1388 5166 πλήθει,
1426 5098 1556 5149 ἀλλὰ
1585 5101 1646 5166 τῇ
1677 5098 1832 5164 φύσει
1852 5099 1947 5167 τὴν
1971 5101 2096 5152 εύω-

487 5187 603 5237 δίαν
627 5185 944 5236 ἐνδείκνυται
969 5198 982 5211 ·
1032 5181 1168 5232 οὕτω
1201 5185 1289 5233 καὶ
1314 5185 1368 5233 αί
1399 5182 1534 5232 θεῖαι
1563 5183 1766 5249 Γραφαι
1785 5183 1844 5232 ού
1869 5183 1945 5251 τῷ
1967 5183 2100 5250 πλή-

489 5270 571 5321 θει
589 5270 694 5320 τῶν
719 5270 985 5336 ῥημάτων,
1016 5267 1145 5318 ἀλλὰ
1171 5271 1234 5334 τῇ
1265 5268 1484 5334 δυνάμει
1508 5267 1612 5319 τῶν
1641 5268 1962 5336 ἐγκειμένων
1986 5271 2102 5320 πᾶ-

491 5371 586 5406 σαν
607 5356 730 5421 ἡμῖν
755 5355 1038 5421 παρέχουσι
1062 5351 1155 5419 τὴν
1183 5352 1458 5417 ὠφέλειαν.
1484 5351 1633 5404 Οὕτω
1657 5353 1747 5404 καὶ
1767 5352 2100 5420 θυμιάματος

554 5565 578 5594 ⁸
601 5563 681 5614 Sic
704 5578 812 5612 mss.
840 5566 933 5614 Sed
950 5567 1170 5614 mendum
1195 5567 1421 5626 suspicor.

1228 348 1283 398 δ.
1321 343 1599 400 JOANNIS
1643 341 2110 397 CHRYSOSTOMI
2154 339 2464 394 ARLllllzP.
2503 341 3030 398 CONSTANTINOP.

3705 371 3803 424 274

2187 455 2340 520 φύσις
2380 458 2468 508 καὶ
2514 458 2631 508 καθ’
2659 459 2852 526 ἐαυτὴν
2891 460 2986 526 μέν
3023 462 3167 513 ἐστιν
3209 461 3408 528 εὐώδης
3431 477 3443 490 ·
3477 461 3616 512 ἐπάν
3645 460 3699 511 δέ
3731 465 3799 520 είς

2185 541 2292 608 πῦρ
2315 542 2480 608 αὐτὴν
2527 542 2781 611 ἐμϐάλῃς,
2825 546 2944 594 τότε
2997 546 3172 596 πᾶσαν
3213 546 3575 597 ἐπιδείκνυται
3616 544 3712 612 τὴν
3749 544 3800 606 ἐξ

2185 625 2347 692 αὐτῆς
2375 627 2580 694 ἡδονήν.
2606 627 2756 678 Οὕτω
2785 629 2876 679 καὶ
2909 630 2941 696 ή
2970 629 3086 680 θεία
3116 631 3298 698 Γραφὴ
3326 631 3418 680 καὶ
3455 630 3577 680 καθ’
3614 629 3800 696 ἑαυτὴν

2187 709 2282 777 μέν
2313 713 2453 761 ἐστιν
2480 712 2667 778 ἡδίστη
2687 728 2700 742 ·
2741 713 2952 764 ἐπειδὰν
2977 713 3030 764 δὲ
3057 713 3154 780 τῆς
3179 714 3329 781 ἡμῶν
3355 713 3680 780 ἐπιλάϐηται
3709 713 3800 779 ψυ-

2184 794 2302 861 χῆς,
2328 796 2572 862 καθάπερ
2611 798 2687 858 είς
2720 797 3066 864 θυμιατήριον
3110 798 3435 864 ἐμπεσοῦσα,
3479 799 3694 849 ἅπαντα
3722 798 3802 848 τὸν

2182 874 2324 930 οἷκον
2347 880 2442 946 τῆς
2464 880 2686 941 εὐωδίας
2714 881 3028 948 ἐμπίπλησι.
3063 882 3236 934 Τοῦτο
3263 883 3330 933 δὲ
3360 883 3699 949 γινώσκετε,
3725 883 3804 933 ὅτι

2181 965 2249 1014 ἐν
2278 963 2556 1029 ἐσχάταις
2600 965 2842 1030 ἡμέραις
2881 966 3270 1031 ἐνστήσονται
3311 968 3498 1033 καιροὶ
3536 969 3796 1032 χαλεποί.

2184 1048 2316 1115 Περὶ
2345 1049 2439 1116 τῆς
2475 1048 2774 1110 συντελείας
2801 1049 2964 1114 λέγει.
2991 1050 3054 1100 Τί
3084 1046 3173 1102 οὖν
3216 1051 3346 1118 πρὸς
3375 1051 3454 1112 σὲ,
3489 1045 3535 1102 ὧ
3579 1051 3805 1119 μακάριε

2183 1132 2389 1194 Παῦλε;
2442 1133 2491 1183 τί
2540 1133 2591 1184 δέ
2645 1133 2775 1201 πρὸς
2832 1133 3112 1200 Τιμόθεον;
3150 1134 3200 1184 τί
3250 1134 3303 1185 δέ
3353 1135 3486 1204 πρὸς
3525 1137 3655 1195 τοῦς
3694 1135 3805 1185 τότε

2181 1217 2500 1280 ἁκούοντας;
2534 1218 2738 1285 Μικρὸν
2761 1217 2866 1284 γὰρ
2888 1217 3107 1285 ὕστερον
3127 1217 3399 1285 μέλλουσιν
3425 1219 3804 1286 ἀποθνήσκειν,

2182 1302 2573 1371 ἐξαρπάζεσθαι
2597 1302 2701 1353 τῶν
2732 1302 2982 1353 ἐπιόντων
3012 1301 3196 1353 δεινῶν
3217 1306 3306 1352 καὶ
3331 1303 3582 1369 πονηρῶν
3614 1302 3809 1369 ἀνθρώ-

2185 1404 2316 1438 πων.
2353 1387 2490 1437 Ἀλλ’
2521 1387 2638 1453 ούχὶ
2670 1386 2734 1436 τὰ
2773 1386 3009 1455 παρόντα
3047 1386 3224 1453 βλέπω
3257 1387 3433 1454 μόνον,
3468 1388 3654 1454 φησὶν,
3684 1387 3810 1437 ἀλλά

2185 1472 2272 1520 καὶ
2304 1471 2369 1521 τὰ
2404 1469 2656 1538 μέλλοντα
2687 1470 2916 1538 προορῶ.
2954 1470 3084 1536 Οὐχὶ
3123 1470 3216 1537 τῆς
3248 1470 3516 1539 παρούσης
3565 1471 3810 1536 φείδομαι

2184 1556 2432 1622 ποίμνης,
2457 1553 2588 1604 ἀλλά
2618 1552 2708 1603 καὶ
2737 1553 2874 1620 ὑπὲρ
2911 1552 3009 1620 τῆς
3045 1553 3329 1620 μελλούσης
3353 1553 3572 1619 ἀγωνιῶ
3600 1555 3692 1604 καὶ
3728 1554 3810 1604 δέ·

2181 1639 2351 1690 δοικα.
2391 1638 2576 1704 Ἡμεῖς
2625 1637 2722 1704 μὲν
2764 1637 2869 1704 γὰρ
2909 1638 3014 1687 τῶν
3061 1639 3317 1690 συνόντων
3352 1641 3482 1706 ημῖν
3513 1639 3811 1708 ἀνθρώπων

2187 1723 2333 1790 μόλις
2369 1720 2660 1789 ποιούμεθα
2692 1720 2958 1789 πρόνοιαν,
2983 1725 3183 1782 ἐκεῖνος
3204 1722 3258 1773 δὲ
3291 1723 3424 1790 ὑπὲρ
3446 1722 3553 1772 τῶν
3589 1724 3810 1790 μηδέπω

2179 1807 2468 1875 τεχθέντων
2502 1806 2695 1875 πολλὴν
2730 1810 2954 1858 ποιεῖται
2987 1809 3082 1876 τὴν
3111 1807 3358 1875 σπουδήν.
3387 1807 3541 1858 Οὕτω
3570 1809 3666 1857 καὶ
3703 1823 3810 1858 ποι-

2186 1893 2289 1962 μὴν
2331 1893 2543 1961 ἀριστος
2592 1895 2686 1961 οὑχ
2727 1895 2850 1944 ὅταν
2895 1893 2975 1962 ῐδῃ
3028 1893 3153 1954 τοὺς
3202 1892 3392 1952 λύκους
3445 1893 3706 1953 ἐπιόντας
3752 1894 3813 1959 τῇ

2184 1979 2380 2047 ποίμνῃ
2410 1980 2501 2029 καὶ
2529 1979 2633 2029 τῶν
2661 1980 2937 2047 προϐάτων
2969 1979 3130 2042 ἐγγὺς
3155 1977 3490 2044 γενομένους,
3527 1978 3652 2028 τότε
3689 1993 3814 2044 προ-

2182 2064 2325 2132 λέγει
2358 2065 2530 2132 μόνον,
2577 2065 2708 2116 ἀλλὰ
2750 2066 2839 2116 καὶ
2877 2064 3149 2134 πόρρωθεν
3189 2062 3342 2122 ὄντας
3392 2062 3607 2132 μηνύει.
3662 2062 3816 2114 Οὕτω

2181 2152 2274 2202 καὶ
2301 2152 2327 2202 ὁ
2357 2148 2581 2210 Παῦλος,
2605 2149 2846 2218 καθάπερ
2871 2151 3070 2217 ποιμὴν
3095 2149 3326 2216 ἀριστος,
3351 2149 3434 2212 ἐφ’
3470 2147 3678 2214 ὑψηλοῦ
3715 2164 3816 2214 χω-

2188 2237 2297 2304 ρίου
2349 2235 2439 2286 τοῦ
2490 2235 2586 2303 τῆς
2641 2233 2966 2303 προφητείας
3013 2231 3311 2300 ἀξιώματος
3353 2231 3687 2299 καθήμενος,
3726 2232 3816 2283 καὶ

2183 2325 2290 2383 τοῖς
2350 2321 2498 2392 [282]
2544 2321 2888 2389 προφητικοῖς
2941 2317 3226 2384 ὀφθαλμοῖς
3299 2317 3499 2368 ἀνωθεν
3564 2317 3815 2384 προορῶν

2183 2408 2569 2475 κατατρέχοντα
2598 2406 2663 2457 τά
2692 2405 2868 2472 θηρία,
2900 2405 2982 2454 ἐπ’
3029 2403 3192 2468 αὐτῆς
3235 2402 3330 2468 τῆς
3370 2400 3680 2462 συντελείας
3727 2404 3814 2470 ὁρ-

2186 2493 2392 2560 μῶντας
2417 2493 2506 2543 καὶ
2529 2489 2960 2556 ἀποτεινομένους
3001 2488 3135 2538 κατά
3173 2487 3262 2553 τῆς
3292 2488 3522 2551 ποίμνης
3557 2487 3814 2555 προλέγει

2183 2579 2273 2630 καὶ
2301 2575 2838 2645 προδιαμαρτύρεται,
2883 2573 2965 2623 ἵνα
2997 2572 3086 2622 καὶ
3127 2573 3246 2630 τοὺς
3281 2571 3501 2638 μηδέπω
3533 2573 3812 2639 γεννωμέ-

2185 2677 2302 2721 νους
2333 2658 2713 2727 παρασκευάσῃ
2754 2658 2960 2722 νήφειν,
2993 2655 3084 2707 καὶ
3115 2657 3288 2705 πᾶσαν
3329 2656 3536 2724 τειχίσῃ
3566 2655 3664 2721 τὴν
3699 2656 3815 2706 ποί-

2187 2762 2318 2812 μνην
2347 2747 2408 2812 τῇ
2447 2744 2762 2811 προφητεία.
2818 2744 2919 2792 Καὶ
2955 2741 3058 2806 γὰρ
3097 2741 3187 2791 καὶ
3236 2740 3410 2806 πατὴρ
3457 2740 3810 2806 φιλόστοργος

2181 2829 2352 2881 οἰκίαν
2390 2828 2828 2894 οἰκοδομούμενος
2863 2825 3111 2885 πολλάκις
3145 2828 3252 2884 τοῖς
3291 2824 3450 2874 αὑτοῦ
3491 2826 3646 2875 παισὶ
3674 2825 3815 2892 λαμ-

2183 2913 2323 2980 πράν
2363 2913 2454 2964 καλ⁵
2497 2912 2729 2980 μεγάλην
2764 2910 2931 2971 οὕτως
2970 2910 3251 2973 οἰκοδομεῖ,
3293 2909 3385 2975 ούχ
3421 2907 3556 2959 ὥστε
3583 2910 3812 2969 ἐκείνοις

2185 2999 2450 3065 χρησίμην
2479 2996 2724 3062 γενέσθαι
2769 2994 2942 3063 μόνον,
2974 2993 3104 3045 ἀλλά
3139 2994 3228 3045 καὶ
3274 2993 3510 3058 ἐγγόνοις
3565 2995 3660 3044 καὶ
3702 2998 3813 3054 τοῖς

2187 3081 2299 3149 μετ’
2327 3081 2578 3140 ἐκείνους.
2609 3079 2759 3129 Οὕτω
2789 3079 2879 3128 καὶ
2903 3077 3146 3145 βασιλεὺς
3171 3077 3316 3129 πόλει
3350 3078 3642 3145 φιλουμένῃ
3667 3096 3813 3147 περιο

2185 3167 2356 3218 εαλὼν
2378 3168 2546 3232 τεῖχος
2586 3163 2796 3227 ἔξωθεν,
2833 3161 3066 3226 ἀσφαλὲς
3093 3160 3243 3212 τοῦτο
3282 3165 3422 3212 ποιεῖ
3468 3163 3558 3213 καὶ
3592 3164 3812 3231 ἰσχυρὸν

2186 3251 2526 3315 κα¹ιδιαρκές,
2561 3250 2654 3316 οὑχ
2682 3249 2765 3298 ἵνα
2788 3248 2876 3298 ἐπὶ
2905 3247 2999 3314 τῆς
3027 3248 3212 3312 γενεᾶς
3232 3246 3386 3297 αὑτοῦ
3423 3246 3588 3313 μόνης
3613 3247 3816 3313 ὑπηρε-

2185 3339 2269 3404 τῇ,
2296 3336 2406 3386 ἀλλ’
2437 3336 2519 3385 ἵνα
2561 3335 2650 3384 καὶ
2691 3337 2796 3394 τοῖς
2844 3332 2976 3399 μετά
3008 3332 3174 3382 ταῦτα
3212 3333 3339 3382 πᾶσι
3371 3333 3589 3398 γένηται
3622 3335 3813 3399 χρήσι-

2188 3437 2304 3488 μον,
2333 3419 2391 3468 ού
2422 3417 2552 3485 πρὸς
2575 3416 2667 3476 τὰς
2694 3417 2809 3466 τότε
2842 3415 3097 3482 μηχανὰς,
3124 3415 3251 3464 ἁλλά
3289 3415 3418 3482 πρὸς
3447 3416 3545 3475 τὰς
3583 3415 3814 3479 ὕστερον

2185 3500 2474 3568 γενομένας
2508 3495 2802 3566 προσϐολὰς
2839 3496 3146 3562 ἐπιτήδειον.
3203 3496 3351 3546 Οὕτω
3399 3498 3491 3546 καὶ
3529 3499 3555 3546 ὁ
3603 3497 3813 3556 Παῦλος

2187 3585 2453 3652 ἐποίησεν.
2487 3582 2700 3650 Ἐπειδὴ
2741 3581 2845 3648 γάρ
2875 3579 2939 3630 τὰ
2965 3581 3260 3647 γράμματα
3292 3579 3616 3631 ἀποστολικὰ
3656 3582 3811 3648 τείχη

2187 3672 2292 3722 τῶν
2320 3667 2646 3736 Ἑκκλησιῶν
2683 3669 2843 3726 ἐστιν,
2865 3665 2981 3732 ούχὶ
3007 3667 3128 3724 τοὺς
3153 3664 3268 3714 τότε
3299 3666 3452 3732 μόνον
3471 3665 3649 3726 ὄντας,
3679 3666 3815 3716 ἀλλὰ

2192 3756 2281 3806 καὶ
2313 3755 2432 3813 τοὺς
2458 3752 2675 3818 ὕστερον
2706 3748 2987 3816 ἐσομένους
3014 3747 3362 3815 ἀσφαλίζεται
3393 3748 3671 3800 διἀὑτῶν.
3704 3752 3812 3801 Καὶ

2189 3839 2355 3898 οὕτως
2403 3836 2614 3904 ἰσχυρὸν
2656 3834 2747 3884 καὶ
2785 3831 2995 3902 ἀρραγῆ
3024 3832 3109 3882 τὸν
3149 3830 3422 3900 περίϐολον
3462 3831 3646 3882 τοῦτον
3681 3851 3814 3884 κατ--

2189 3923 2466 3983 εσκεύασε,
2485 3921 2572 3972 καὶ
2591 3919 2736 3989 πάσῃ
2760 3918 3074 3986 περιήλασεν
3098 3916 3251 3967 αὑτὸν
3277 3919 3339 3984 τῇ
3368 3917 3656 3986 οἰκουμένῃ
3679 3920 3813 3986 μετά

2190 4004 2482 4071 ἀσφαλείας
2514 4003 2744 4069 ἀπάσης,
2775 4001 2910 4052 ὥστε
2947 4002 3038 4051 καὶ
3078 4001 3198 4061 τοὺς
3226 4000 3361 4058 τότε,
3399 4000 3489 4050 καὶ
3529 4001 3655 4061 τοὺς
3698 4004 3812 4068 μετ’

2192 4089 2442 4149 ἐκείνους,
2479 4089 2568 4138 καὶ
2605 4087 2727 4147 τοὺς
2748 4083 2860 4147 νῦν,
2894 4085 3127 4144 καὶτοὺς
3159 4079 3305 4145 αὖθις
3330 4083 3622 4150 ἑπομένους
3652 4084 3812 4153 μέχρι

2191 4175 2285 4240 τῆς
2311 4173 2401 4223 τοῦ
2436 4171 2664 4240 Χριστοῦ
2691 4171 2981 4239 παρουσίας
3014 4167 3223 4235 ἀπάσης
3251 4167 3547 4230 ἀπαλλάξαι
3575 4168 3678 4236 τῆς
3709 4170 3816 4221 τῶν

2193 4257 2456 4324 πολεμίων
2512 4256 2837 4322 πολιορκίας.
2885 4252 3128 4304 Τοιαῦται
3161 4252 3264 4302 τῶν
3308 4252 3472 4316 ἀγίων
3517 4253 3572 4302 αἱ
3615 4253 3812 4320 ψυχαί·

2195 4341 2546 4409 φιλόστοργοι,
2593 4339 2956 4406 κηδεμονικαὶ,
3007 4335 3268 4404 πατρικὴν
3313 4333 3520 4386 εὔνοιαν
3569 4337 3815 4405 ἀποκρύ-

2193 4443 2416 4476 πτουσαι
2453 4422 2526 4490 τῷ
2556 4423 2776 4490 φίλτρῳ,
2819 4423 2907 4471 καὶ
2940 4420 3034 4484 τὴν
3061 4421 3156 4488 τῆς
3190 4419 3397 4486 φύσεως
3435 4419 3814 4488 φιλοστοργίαν

2194 4511 2433 4568 νικῶσαι,
2469 4512 2560 4560 καὶ
2588 4508 2680 4569 τάς
2709 4507 2896 4567 ὠδῖνας
2934 4506 3340 4576 ύπερὸαίνουσαι
3372 4505 3600 4568 ἐκείνας·
3649 4510 3814 4561 Πνεύ-

2199 4612 2359 4663 ματος
2382 4596 2484 4663 γάρ
2511 4597 2612 4646 εἰσι
2644 4593 2732 4645 καὶ
2755 4593 2898 4654 θείας
2927 4593 3159 4660 χάριτος.

2262 4721 2322 4772 δ’.
2357 4719 2606 4770 Βούλεσθε
2631 4718 2721 4768 καὶ
2748 4717 3002 4785 ἑτέρωθεν
3023 4714 3174 4778 δείξω
3204 4718 3378 4778 πάλιν,
3402 4719 3480 4769 ὅτι
3504 4717 3564 4769 ού
3591 4717 3660 4767 τά
3694 4717 3812 4768 καθ’

2195 4805 2413 4864 ἑαυτοὺς
2445 4802 2766 4871 μεριμνῶσιν
2806 4803 2853 4852 οἱ
2901 4801 3058 4867 ἅγιοι,
3088 4801 3203 4852 ούδέ
3239 4803 3373 4869 ὑπὲρ
3399 4801 3504 4851 τῶν
3535 4803 3812 4868 παρόντων

2197 4889 2452 4940 δεδοίκασι
2481 4888 2651 4955 μόνον,
2685 4886 2815 4937 ἀλλά
2842 4888 2931 4937 καὶ
2958 4887 3089 4955 ὑπὲρ
3119 4886 3223 4937 τῶν
3257 4886 3390 4954 μετά
3415 4886 3583 4937 ταῦτα
3618 4887 3812 4953 ἐσομέ-

2195 4990 2296 5023 νων
2320 4989 2332 5036 ;
2364 4971 2659 5039 Προσῆλθον
2692 4970 2856 5039 αὐτῷ,
2882 4973 3060 5038 φησιν,
3088 4974 3134 5022 οἱ
3169 4971 3399 5038 μαθηταὶ
3421 4971 3510 5022 ἐπὶ
3535 4971 3628 5021 τοῦ
3657 4972 3812 5037 ὅρους

2196 5060 2496 5128 καθημένῳ,
2533 5055 2801 5123 ἄνθρωποι
2839 5056 3017 5106 λοιπὸν
3049 5055 3408 5124 γεγηρακότες
3436 5054 3528 5105 καὶ
3559 5057 3677 5121 μετ’
3701 5055 3811 5104 όλέο

2198 5162 2288 5210 γον
2347 5144 2527 5213 χρόνον
2580 5142 2854 5209 μέλλοντες
2898 5142 3188 5209 ἀποδημεῖν
3238 5142 3342 5192 ἀπὸ
3387 5143 3484 5208 τῆς
3534 5140 3813 5208 παρούσης

2200 5230 2355 5298 ζωῆς.
2384 5228 2446 5278 Τί
2473 5222 2559 5278 οῦν
2583 5226 2854 5295 ἐρωτῶσι;
2882 5226 2932 5277 τί
2958 5226 3252 5292 ἀγωνιῶσι;
3281 5227 3330 5276 τί
3355 5225 3647 5286 δεδοίκασι;
3677 5225 3816 5292 ὑπὲρ

2199 5315 2350 5364 τίνων
2377 5311 2472 5378 τὴν
2498 5309 2685 5361 πεῦσιν
2718 5311 2792 5378 τῷ
2820 5310 3112 5379 διδασκάλῳ
3134 5309 3512 5378 προσάγουσιν;
3542 5307 3650 5378 ἆρα
3680 5311 3816 5378 ὑπὲρ

2199 5399 2303 5449 τῶν
2337 5395 2472 5447 κατὰ
2497 5397 2592 5462 τὴν
2619 5395 2755 5463 ζωὴν
2787 5396 2978 5460 αὑτῶν,
3009 5397 3040 5464 ἦ
3070 5396 3202 5462 ὑπὲρ
3227 5395 3330 5445 τῶν
3354 5394 3491 5446 κατά
3522 5395 3649 5456 τοὺς
3696 5396 3817 5462 χρό-

2201 5499 2317 5542 νους
2349 5481 2614 5541 ἐκείνους;
2652 5480 2925 5547 Οὐδαμῶς.
2965 5481 3117 5530 Ἀλλὰ
3149 5481 3312 5530 πάντα
3339 5481 3516 5531 ἐκεῖνα
3541 5481 3818 5548 παραδρα-

2210 5569 2388 5636 μόντες
2413 5567 2461 5617 τί
2482 5565 2722 5632 λέγουσι;
2764 5568 2819 5618 Τί
2842 5567 2901 5617 τὸ
2933 5566 3173 5629 σημεῖον
3205 5563 3308 5624 τῆς
3338 5562 3455 5622 σῆς
3487 5565 3812 5629 παρουσίας
