3990 6444
139 404 278 457 273

147 514 352 567 calum
384 531 544 584 usque
569 519 793 570 surrexit
813 559 826 577 .
852 533 1092 585 magnum
1115 518 1311 568 habens
1337 517 1710 583 promissorum

150 613 558 670 argumentum,
582 607 693 671 ejus
720 621 908 674 nempe
934 606 1019 673 qui
1053 606 1360 669 promiserat
1383 611 1714 669 potestatem.

182 692 292 745 deo
315 691 381 744 In
408 696 725 759 promissione
752 694 849 747 Dei
886 712 983 746 non
1006 696 1258 745 ‘lttesitavit
1304 694 1569 760 diffidentia
1590 732 1604 755 ,
1634 692 1719 744 sed

160 782 476 847 :onfortatus
498 790 568 832 est
594 782 693 846 [ide
717 781 887 850 (Rom.
913 782 963 833 1.
995 780 1107 847 20).
1142 780 1347 832 Etenim
1382 794 1475 832 ceu
1502 780 1718 833 baculus

153 867 380 933 quidam
406 868 583 920 ﬁrmus
611 878 851 936 tutusque
873 878 1051 935 portus
1077 868 1207 921 ﬁdes
1235 877 1331 931 est,
1360 884 1476 935 qua:
1505 884 1533 920 a
1563 869 1721 923 ratio-

155 959 427 1011 ciniorum
454 974 631 1013 errore
648 959 862 1021 liberat,
893 959 1225 1025 animumque
1260 959 1313 1010 in
1348 959 1721 1025 tranquillitate

158 1061 359 1113 magna
391 1048 673 1099 constituit.
714 1046 871 1099 Vestri
900 1058 1064 1098 autem
1087 1048 1209 1098 beati
1230 1048 1360 1099 oculi
1384 1087 1396 1109 ,
1428 1048 1542 1115 quia
1562 1049 1721 1098 vident

161 1132 387 1201 (Matth.
421 1136 504 1187 15.
533 1135 621 1201 16)
642 1152 654 1195 ;
676 1150 796 1187 nam
824 1134 924 1187 hoc
948 1135 1141 1187 dictum
1175 1136 1347 1187 denuo
1380 1135 1720 1202 repetendum

163 1232 275 1275 est.
303 1224 459 1290 Atqui
499 1224 654 1275 etiam
693 1224 861 1276 Judaei
902 1234 1024 1276 tunc
1063 1224 1246 1276 eadem
1295 1224 1405 1290 ipsa
1454 1223 1717 1275 videbant.

164 1309 368 1362 Verum
400 1324 503 1362 non
530 1309 628 1363 hoc
647 1320 915 1363 externum
938 1311 1142 1363 videndi
1168 1326 1330 1378 genus
1358 1311 1565 1364 beatum
1589 1326 1721 1377 pra:-

166 1398 315 1451 dicat
344 1415 357 1455 :
382 1400 480 1450 hoc
518 1399 707 1466 quippe
732 1415 824 1467 per
862 1400 1088 1467 seipsum
1120 1400 1369 1451 miracula
1414 1414 1515 1451 non
1546 1399 1719 1462 videt,

170 1485 269 1537 sed
298 1486 558 1539 internum
583 1488 851 1554 conspicit.
884 1487 961 1539 Illi
984 1502 1180 1540 caecum
1204 1488 1447 1541 videbant
1467 1489 1727 1541 dicebant-

172 1588 301 1640 que,
333 1574 430 1627 Hic
458 1585 547 1640 est,
576 1592 672 1628 non
695 1586 761 1629 est
784 1578 882 1640 hic;
910 1592 1133 1629 vocemus
1163 1579 1269 1645 ejus
1298 1588 1520 1645 parentes
1546 1578 1720 1645 (Joan.

174 1662 230 1716 9.
266 1664 315 1716 8.
348 1664 399 1716 9.
435 1666 543 1733 l8).
574 1666 737 1718 Audis
761 1666 1122 1734 ambigentes?
1151 1667 1318 1719 viden‘
1349 1683 1450 1719 non
1480 1667 1723 1721 sufﬁcere

174 1754 419 1819 corporis
463 1762 727 1820 aspectum
791 1754 855 1807 ad
904 1754 1142 1806 miraculi
1191 1755 1579 1821 spectaculum?
1628 1755 1724 1819 Qui

174 1850 463 1895 praesentes
494 1850 544 1895 et
566 1852 859 1909 spectantes
883 1853 1029 1896 erant
1058 1843 1299 1896 dicebant
1328 1859 1341 1897 :
1372 1842 1470 1894 Hic
1497 1853 1603 1905 est,
1628 1860 1726 1895 non

172 1938 249 1981 est
276 1929 390 1992 hic;
418 1944 513 1983 nos
539 1945 660 1983 vero
688 1932 779 1998 qui
813 1941 1098 1998 praesentes
1130 1948 1230 1984 non
1269 1946 1451 1985 sumus
1473 1974 1485 1995 ,
1519 1948 1620 1985 non
1649 1932 1727 1985 di-

174 2020 368 2082 cimus,
406 2019 499 2071 llic
525 2028 611 2085 est,
640 2031 826 2073 nonest
852 2023 951 2085 hic;
978 2022 1091 2086 sed,
1125 2021 1242 2089 Ipse
1267 2032 1356 2075 est.
1387 2024 1617 2077 Didicisti
1648 2026 1728 2076 ni-

173 2107 253 2160 hil
282 2109 569 2163 absentiam
600 2126 807 2176 nocere,
835 2125 951 2164 cum
1000 2112 1116 2164 ﬁdei
1156 2114 1344 2167 adsunt
1371 2114 1536 2175 oculi;
1568 2114 1726 2165 nihil-

172 2210 285 2263 que
333 2197 566 2250 utilitatis
593 2214 654 2252 ex
711 2200 986 2266 praesentia
1030 2201 1265 2268 percipi,
1300 2215 1416 2253 eum
1444 2202 1558 2253 ﬁdei
1590 2204 1725 2254 oculi

173 2300 287 2338 non
313 2285 537 2340 adsunt?
564 2288 698 2352 Quid
741 2290 878 2342 enim
923 2289 1025 2342 illis
1067 2290 1260 2357 profuit
1308 2291 1527 2345 videre?
1566 2292 1723 2344 Nihil.

174 2372 288 2425 Nos
315 2375 451 2426 enim
482 2376 672 2429 clarius
698 2391 851 2444 quam
882 2377 953 2429 illi
985 2377 1241 2432 videmus.
1273 2379 1525 2443 Quoniam
1571 2381 1727 2447 igitur

175 2462 318 2515 oculi
347 2464 505 2515 vestri
526 2464 699 2517 vident
722 2481 785 2518 eo
802 2466 1029 2528 videndi,
1061 2475 1112 2517 et
1132 2482 1283 2519 aures
1300 2478 1487 2519 vestrae
1512 2468 1727 2519 audiunt

177 2562 248 2601 eo
273 2550 515 2603 audiendi
543 2566 733 2619 genere
758 2592 771 2616 ,
804 2553 940 2619 quod
971 2552 1205 2605 Christus
1230 2554 1434 2605 beatum
1480 2554 1726 2621 prmdica-

174 2638 292 2703 vit,
343 2639 558 2707 agedum
590 2641 735 2693 vobis
780 2642 1059 2709 Scriptura:
1109 2658 1340 2709 gemmas
1384 2657 1722 2709 apponamus.

176 2727 632 2792 Quemadmodum
656 2730 794 2782 enim
844 2729 1037 2783 Judtcis
1078 2732 1393 2798 quagstiones
1429 2747 1531 2783 non
1572 2732 1728 2783 solvit

175 2816 439 2878 Christus,
473 2817 576 2871 imo
599 2819 741 2869 auxit
768 2818 1137 2873 obscuritatem
1162 2858 1176 2883 ,
1204 2821 1326 2887 quia
1358 2835 1458 2871 non
1489 2821 1727 2873 attende-

176 2904 307 2957 bant
339 2922 350 2955 :
378 2905 452 2957 sic
480 2914 531 2957 et
555 2906 701 2959 vobis
724 2946 738 2969 ,
770 2908 889 2975 quia
913 2916 1112 2960 attento
1140 2909 1262 2960 estis
1290 2908 1464 2961 animo
1484 2949 1497 2974 ,
1526 2893 1727 2962 occnlta

179 2993 241 3045 in
290 2994 523 3047 medium
559 2997 821 3050 adducere
868 3014 962 3067 par
995 3009 1095 3053 est.
1138 3000 1345 3054 Etenim
1390 3017 1731 3059 accesserunt

179 3082 449 3150 discipuli,
475 3095 527 3137 et
549 3087 877 3141 mirabantur
893 3090 1130 3142 (licentes
1149 3108 1160 3141 :
1182 3089 1287 3143 Cur
1309 3093 1362 3142 in
1379 3096 1637 3159 parabolis
1656 3099 1727 3149 eis

179 3166 404 3233 loqueris
436 3169 636 3234 (Matth.
669 3172 752 3225 15.
790 3173 873 3225 10.
915 3183 960 3225 et
994 3175 1114 3236 15)?
1152 3173 1243 3229 llle
1272 3192 1398 3231 vero
1434 3184 1723 3249 respondit,

182 3253 317 3317 Quia
338 3254 549 3306 videntes
570 3272 665 3308 non
690 3258 868 3309 vident.
897 3258 1025 3323 Quia
1050 3260 1205 3325 igitur
1234 3275 1325 3313 vos
1354 3275 1455 3314 non
1493 3263 1729 3316 videntes

181 3342 397 3408 videtis,
424 3358 516 3411 par
540 3354 618 3398 est
646 3346 792 3398 vobis
821 3349 933 3400 sine
962 3348 1203 3415 parabola
1226 3350 1397 3417 loqui;
1426 3359 1476 3403 et
1495 3354 1611 3419 quia
1631 3354 1732 3403 Au-

180 3430 369 3482 dientes
390 3447 487 3483 non
529 3433 755 3485 audiunt.
806 3434 878 3503 (a)
904 3435 1032 3500 Quia
1062 3436 1215 3504 igitur
1238 3453 1330 3491 vos
1353 3439 1439 3506 qui
1482 3448 1601 3492 tunc
1627 3456 1731 3493 non

180 3516 473 3581 audivistis,
505 3534 639 3572 nunc
662 3535 764 3572 non
796 3523 965 3575 minus
993 3523 1180 3575 auditis
1204 3565 1218 3588 ,
1249 3540 1404 3591 quam
1433 3535 1553 3579 tunc
1578 3527 1729 3579 audi-

181 3605 412 3670 vissetis,
431 3617 833 3662 consentaneum
854 3620 1036 3663 estvos
1058 3627 1160 3663 non
1187 3614 1283 3665 hac
1305 3614 1508 3680 privare
1530 3630 1731 3667 mensa.

185 3692 394 3746 Etenim
421 3693 660 3749 Christus
696 3697 792 3751 bos
818 3712 921 3751 non
968 3700 1139 3753 minus
1169 3702 1351 3755 beatos
1393 3704 1691 3768 przedicavit
1716 3745 1729 3769 ,

183 3798 342 3851 quam
370 3784 486 3837 illos
518 3802 531 3837 :
564 3786 742 3839 Vidisti
778 3803 1034 3856 namque,
1085 3791 1186 3856 ait,
1218 3802 1262 3843 et
1291 3794 1580 3856 credidisti;
1608 3796 1733 3847 beati

183 3873 271 3940 qui
319 3889 419 3926 non
459 3875 685 3928 uiderunt
710 3916 725 3940 ,
768 3886 813 3929 et
842 3879 1153 3931 crediderunt
1192 3880 1363 3949 (Joau.
1396 3883 1485 3937 20.
1518 3883 1628 3953 29).
1659 3885 1733 3939 Nc

184 3961 345 4029 igitur
373 3962 490 4017 ideo
513 3978 699 4032 segnes
724 3966 789 4019 ad
818 3968 1061 4021 virtutem
1092 3978 1276 4034 estote,
1310 3972 1447 4039 quod
1476 3974 1575 4025 illis
1605 3985 1735 4027 tem-

187 4049 401 4114 poribus
431 4066 534 4104 non
582 4051 780 4107 fueritis
803 4095 818 4117 ,
850 4056 942 4109 sed
969 4056 1066 4109 hoc
1113 4068 1347 4126 tempore
1375 4061 1575 4113 vivatis.
1604 4061 1734 4116 Nam

185 4136 230 4187 si
274 4137 532 4203 volueris,
562 4140 692 4193 nihil
732 4141 853 4196 hinc
892 4144 1189 4198 detrimenti
1234 4147 1521 4214 percipies;
1555 4164 1737 4217 quem-

186 4224 467 4279 admodum
500 4230 645 4282 multi
676 4246 873 4295 eorum,
900 4235 986 4301 qui
1013 4243 1134 4288 tunc
1160 4235 1389 4303 fuerunt,
1409 4240 1528 4307 quia
1556 4240 1737 4295 nolue-

188 4324 328 4376 runt,
353 4314 478 4367 nihil
508 4318 629 4370 hinc
654 4320 889 4374 utilitatis
916 4337 1216 4392 percepere.

258 4405 311 4457 5.
354 4405 629 4475 Scriptum
654 4410 832 4463 divina:
858 4413 1029 4465 virtus.
1065 4413 1256 4468 Paulus
1286 4433 1385 4470 non
1410 4419 1473 4471 de
1508 4423 1739 4489 praesenti

188 4490 369 4553 solum,
397 4494 483 4543 sed
508 4496 651 4547 etiam
693 4498 753 4549 de
781 4501 946 4567 futuro
985 4518 1130 4569 grege
1161 4506 1424 4562 sollicitus.
1453 4508 1738 4577 Apostolica

188 4579 375 4645 scripta
402 4583 577 4633 moenia
597 4582 952 4638 Ecclesiarum.
977 4590 1206 4657 Apostoli
1233 4594 1291 4645 de
1322 4598 1499 4661 (utaris
1512 4599 1735 4652 solliciti.

190 4664 370 4720 Petrus
419 4672 754 4737 apostolorum
816 4677 1102 4743 coryphteus
1132 4718 1145 4740 ,
1203 4690 1293 4731 etc.
1349 4682 1495 4736 Orbis
1558 4689 1740 4752 prtefe-

192 4766 329 4821 ctus,
359 4767 451 4810 etc.
482 4760 825 4826 —Quidnam
869 4764 1021 4832 igitur
1060 4765 1216 4821 hodie
1256 4769 1443 4822 lectum
1483 4775 1599 4825 est?
1628 4774 1740 4826 Hoc

191 4855 355 4897 autem
382 4848 549 4900 scitote
569 4887 583 4911 ,
605 4852 735 4916 quod
771 4852 823 4903 in
851 4854 1123 4907 novissimis
1144 4856 1311 4909 diebus
1348 4870 1490 4911 erunt
1519 4870 1739 4930 tempora

190 4938 359 5005 gravia
393 4936 476 5008 (Et.
511 4938 643 4992 Tim.
668 4941 720 4993 5.
750 4942 825 5007 1).
851 4943 1127 4999 Timotheo
1155 4961 1363 5000 rursum
1394 4951 1573 5003 scribit
1600 4952 1735 5004 Pau-

191 5030 289 5082 lus.
321 5028 595 5084 Terribilis
632 5033 996 5099 comminatio;
1026 5037 1117 5089 sed
1162 5038 1389 5091 animum
1430 5040 1687 5108 erigamus
1722 5058 1734 5094 :

192 5117 303 5172 haec
354 5120 543 5188 quippe
606 5129 839 5189 tempora
890 5124 1041 5177 nobis
1092 5127 1383 5182 subindicat
1428 5130 1691 5198 Scriptura
1720 5172 1734 5197 ,

191 5222 394 5263 necnon
417 5218 533 5276 post
560 5208 731 5263 futura
751 5251 765 5275 ,
800 5212 1059 5280 etiamque
1085 5230 1144 5268 ea
1188 5232 1305 5284 qua:
1331 5222 1738 5273 consummatio-

191 5313 310 5354 nem
338 5308 594 5367 spectaut.
623 5300 733 5353 Hoc
774 5312 937 5354 autem
980 5304 1149 5357 scitote
1170 5346 1184 5371 ,
1214 5310 1347 5376 quod
1374 5310 1423 5362 in
1468 5312 1741 5365 novissimis

193 5390 363 5443 diebus
390 5400 533 5443 erunt
557 5401 777 5460 tempora
806 5395 995 5462 gravia.
1025 5395 1188 5450 Breve
1215 5398 1411 5453 dictum
1433 5442 1447 5467 ,
1476 5410 1529 5457 et
1556 5418 1740 5472 magna

194 5479 374 5532 virtus.
422 5480 870 5545 Quemadmodum
915 5484 1053 5536 enim
1093 5496 1323 5541 aromata
1354 5504 1457 5545 non
1495 5494 1639 5559 copia
1688 5500 1742 5547 et

251 5652 322 5714 (η)
356 5659 433 5703 the
458 5659 619 5705 textus
639 5656 849 5707 deﬁcere
872 5658 1070 5707 videtur.

702 408 764 461 ΙΝ
806 407 1022 473 ILLUD,
1065 408 1192 461 HOC
1228 405 1505 461 SCITOTE
1544 404 1724 470 QUOD
1761 403 1825 455 IN
1861 403 2230 460 NOVlSSlMlS
2270 406 2523 472 DIEBUS,
2567 408 2717 461 ETC.

3249 425 3355 481 274

1821 512 1977 578 mole,
2005 514 2097 566 sed
2124 524 2305 567 natura
2330 516 2659 580 fragrantiam
2690 518 2927 570 emittunt
2958 534 2971 570 :
3002 522 3075 571 sic
3101 527 3151 571 et
3176 517 3363 570 divinas

1818 600 2099 670 Scriptura:
2147 617 2247 656 non
2301 605 2631 658 multitudine
2683 607 2996 667 verborum,
3048 608 3137 660 sed
3212 609 3359 659 insita

1820 691 2007 744 virtute
2028 731 2043 757 ,
2074 701 2231 743 totam
2280 694 2432 744 nobis
2470 694 2700 759 przebent
2732 696 3023 747 utilitatem.
3052 694 3137 746 Sic
3165 698 3359 747 incensr

1822 792 1999 831 natura
2030 796 2121 847 per
2146 781 2370 847 seipsam
2400 797 2611 834 suavem
2632 783 2817 834 emittit
2847 784 3057 835 odorem
3077 800 3090 845 ;
3114 785 3157 836 si
3188 793 3359 834 autem

1823 868 2024 934 injicias
2068 870 2118 921 in
2167 870 2375 936 ignem,
2411 882 2533 923 tunc
2561 872 2913 923 omnimodam
2959 889 3103 925 suam
3157 873 3362 925 exhibet

1821 959 2157 1025 voluptatem.
2211 959 2283 1010 lta
2315 960 2469 1011 etiam
2496 960 2670 1011 divina
2714 962 2983 1027 Scriptura
3010 977 3101 1027 per
3137 964 3362 1030 seipsam

1822 1046 2125 1097 suavissima
2152 1055 2249 1109 est;
2277 1061 2393 1099 cum
2421 1056 2592 1099 autem
2622 1048 2845 1099 animam
2879 1062 3107 1101 nostram
3144 1064 3338 1113 occupa

1822 1135 2047 1197 vcrit,ac
2074 1135 2115 1185 si
2138 1134 2189 1187 in
2216 1135 2529 1187 thuribulum
2556 1136 2809 1197 inciderit,
2833 1146 2989 1188 totam
3015 1138 3223 1188 domum
3249 1151 3367 1187 sna-

1822 1220 1871 1271 vi
1910 1221 2087 1287 implet
2114 1220 2293 1273 odore.
2322 1220 2432 1271 Hoc
2461 1232 2621 1274 autem
2644 1225 2846 1283 scitote,
2887 1222 3021 1287 quod
3057 1221 3107 1271 in
3150 1221 3363 1271 novissi-

1826 1310 1921 1360 mis
1961 1305 2134 1359 diebus
2173 1320 2323 1359 erunt
2349 1319 2568 1376 tempora
2611 1311 2757 1362 dura.
2805 1311 2877 1363 De
2924 1311 3369 1362 consummatione

1826 1396 2068 1463 loquitur.
2093 1397 2225 1462 Quid
2253 1398 2350 1450 hoc
2376 1398 2439 1449 ad
2465 1409 2532 1461 te,
2563 1400 2712 1452 beate
2742 1399 2933 1453 Paule?
2952 1400 3072 1465 quid
3100 1400 3161 1451 ad
3194 1399 3369 1451 Timo-

1827 1487 2039 1539 theum?
2070 1487 2191 1554 quid
2218 1489 2281 1539 ad
2313 1488 2424 1539 illos
2452 1490 2535 1555 qui
2561 1498 2679 1539 tunc
2701 1488 3015 1541 audiebant?
3041 1488 3187 1541 Brevi
3219 1498 3364 1556 post-

1824 1590 1884 1628 ea
1934 1584 2166 1643 tempore
2208 1578 2440 1628 morituri
2468 1586 2649 1641 erant,
2676 1593 2703 1629 a
2734 1576 2917 1629 futuris
2962 1578 3059 1630 illis
3102 1579 3369 1629 calamita-

1828 1663 1963 1715 tibus
2013 1672 2065 1716 et
2093 1678 2120 1715 a
2155 1667 2325 1730 pravis
2372 1664 2667 1717 hominibus
2715 1666 2985 1732 eripiendi.
3029 1666 3216 1718 Verum
3266 1682 3367 1717 non

1828 1754 2103 1818 prmsentia
2150 1764 2348 1806 tantum
2374 1756 2594 1821 respicio
2617 1795 2630 1817 ,
2664 1755 2845 1821 inquit,
2870 1756 2960 1806 sed
2984 1754 3155 1806 futura
3184 1756 3367 1820 prmvi~

1828 1840 1946 1892 deo.
1973 1841 2085 1892 Non
2115 1857 2344 1907 praesens
2371 1851 2565 1893 tantum
2592 1857 2715 1907 grex
2753 1842 2877 1893 mihi
2908 1842 3240 1894 sollicitudini
3268 1852 3366 1905 est,

1828 1928 1919 1981 sed
1967 1930 2118 1981 etiam
2150 1944 2241 1995 pro
2271 1929 2441 1981 futuro
2484 1945 2639 1997 grege
2664 1945 2825 1997 angor
2866 1940 2917 1982 et
2948 1931 3123 1983 timeo.
3153 1930 3257 1982 Nos
3284 1931 3365 1981 vix

1828 2016 1890 2069 iis
1916 2017 2000 2084 qui
2033 2016 2298 2069 nobiscum
2348 2026 2619 2068 versantur
2647 2016 2940 2069 hominibus
2985 2016 3326 2084 prospicimus
3354 2055 3366 2077 ,

1829 2104 1912 2157 ille
1942 2120 2065 2157 vero
2087 2119 2178 2171 pro
2208 2106 2269 2156 iis
2290 2106 2375 2171 qui
2406 2106 2634 2157 nondum
2665 2106 2769 2156 nati
2805 2116 2929 2157 sunt
2956 2145 2965 2161 ,
2997 2106 3207 2157 multam
3239 2105 3371 2169 gerit

1828 2194 2244 2246 sollicitudinem.
2276 2195 2361 2247 Sic
2386 2204 2436 2247 et
2463 2202 2638 2261 pastor
2662 2193 2889 2260 Optimus
2908 2208 3008 2245 non
3037 2209 3152 2245 cum
3176 2194 3364 2245 viderit

1830 2280 1976 2346 lupos
2004 2281 2260 2333 irruentes
2287 2282 2335 2332 in
2358 2296 2586 2349 gregem,
2606 2280 2711 2347 jam
2739 2296 2898 2347 prope
2920 2296 3042 2333 oves
3067 2283 3366 2341 accessisse,

1830 2375 1951 2420 tunc
1973 2369 2021 2419 id
2049 2368 2282 2434 praedicit
2311 2377 2529 2431 tantum,
2558 2369 2648 2421 sed
2674 2370 2828 2419 etiam
2856 2369 3033 2433 procul
3060 2368 3227 2418 adhuc
3256 2383 3370 2417 ver-

1827 2464 2001 2506 santes
2043 2454 2252 2507 indicat.
2287 2455 2358 2507 lta
2386 2470 2590 2521 quoque
2616 2455 2804 2507 Paulus
2831 2496 2845 2519 ,
2873 2455 3007 2507 sicut
3033 2464 3207 2521 pastor
3229 2455 3367 2519 opti-

1828 2557 1960 2605 mus,
1990 2542 2043 2595 in
2066 2543 2273 2596 excelso
2302 2543 2417 2595 loco
2444 2584 2458 2606 ,
2489 2544 2539 2595 in
2581 2543 2867 2609 propheti:e
2909 2557 3097 2609 nempe
3120 2543 3371 2610 dignitate

1830 2630 2020 2683 sedens
2043 2671 2057 2695 ,
2107 2646 2169 2684 ac
2196 2630 2513 2697 propheticis
2538 2632 2702 2683 oculis
2729 2645 2931 2682 sursum
2963 2631 3158 2696 positus
3221 2632 3371 2681 inva-

1830 2732 1979 2769 surus
2009 2718 2143 2769 feras
2189 2716 2483 2783 prce-videns
2502 2757 2517 2778 ,
2550 2716 2664 2769 illas
2694 2718 2743 2768 iu
2791 2718 2896 2783 ipsa
2923 2716 3371 2769 consummatione

1830 2806 1878 2857 in
1904 2821 2111 2873 gregem
2138 2807 2382 2872 impetum
2407 2806 2633 2860 facturas
2660 2816 2710 2858 et
2742 2807 3009 2858 invasuras
3036 2820 3151 2859 esse
3183 2804 3372 2871 prtedi-

1834 2895 1901 2947 cit
1933 2905 1983 2947 et
2024 2894 2394 2961 prmsigniﬁcat
2416 2933 2432 2958 ,
2461 2902 2515 2947 ut
2544 2908 2634 2946 eos
2663 2894 2819 2945 etiam
2839 2933 2853 2957 ,
2884 2894 2969 2960 qui
3012 2894 3236 2945 nondum
3271 2894 3372 2944 nati

1829 2992 1975 3034 erant
1997 3023 2010 3044 ,
2035 2982 2097 3033 ad
2122 2982 2431 3048 vigilandum
2486 2981 2791 3042 induceret,
2822 2988 2873 3032 et
2914 2981 3179 3047 prophetia
3210 2989 3371 3032 totum

1830 3072 2056 3124 muniret
2103 3086 2333 3139 gregem.
2385 3071 2586 3122 Etenim
2633 3078 2778 3136 pater
2822 3068 2977 3136 prolis
3030 3084 3245 3132 amans,
3288 3070 3371 3135 qui

1831 3159 1969 3212 mdes
2018 3160 2304 3212 exwditlcat
2326 3199 2339 3223 ,
2373 3174 2511 3225 saepe
2558 3159 2674 3210 filiis
2705 3159 2809 3209 suis
2853 3159 2969 3210 illas
3001 3156 3296 3225 splendidas
3324 3167 3372 3209 et

1831 3246 2029 3313 amplas
2076 3246 2363 3308 construit,
2412 3260 2514 3297 non
2561 3246 2713 3298 modo
2762 3255 2815 3296 ut
2857 3245 2958 3297 illis
3002 3254 3197 3297 tantum
3224 3246 3376 3296 utiles

1832 3336 2221 3403 commodusque
2262 3337 2401 3397 sint,
2431 3337 2520 3388 sed
2549 3339 2704 3389 etiam
2750 3337 3021 3403 nepotibus
3056 3345 3105 3387 et
3134 3336 3375 3402 posteris.

1834 3425 1906 3476 Ita
1938 3440 2139 3493 quoque
2188 3441 2277 3479 rex
2308 3426 2599 3479 adamatam
2641 3426 2818 3479 urbem
2870 3426 3125 3479 moenibus
3153 3426 3375 3477 circum-

1835 3514 2035 3574 munit,
2077 3514 2242 3581 iisque
2288 3513 2449 3565 ﬁrmis
2494 3515 2752 3580 tutisque,
2796 3529 2909 3581 qua:
2948 3529 3048 3565 non
3098 3522 3247 3567 aetate
3288 3529 3378 3566 sua

1834 3601 2012 3665 modo,
2042 3602 2131 3656 sed
2155 3603 2309 3655 etiam
2334 3602 2770 3669 subsequentibus
2812 3612 2864 3654 et
2888 3601 3107 3669 posteris
3141 3600 3380 3654 omnibus

1836 3691 1941 3744 sint
1991 3686 2261 3755 tutamini,
2293 3705 2389 3743 nec
2436 3691 2688 3744 adversus
2715 3691 2977 3744 machinas
3007 3698 3203 3742 tantum
3249 3690 3382 3741 illius

1839 3780 2106 3846 temporis,
2137 3778 2230 3832 sed
2255 3779 2507 3833 adversus
2536 3779 2732 3831 futuras
2756 3779 3049 3831 invasiones
3074 3787 3126 3829 et
3155 3776 3382 3829 obsidio-

1838 3882 1931 3919 nes
1958 3876 2095 3921 stare
2144 3868 2361 3934 possint.
2399 3868 2485 3920 Sic
2532 3868 2687 3919 etiam
2730 3866 2919 3918 Paulus
2948 3864 3089 3917 fecit.
3124 3864 3379 3929 Quoniam

1836 3957 2115 4023 apostolica
2143 3956 2333 4022 scripta
2363 3956 2551 4007 mmnia
2583 3964 2701 4006 sunt
2723 3954 3093 4013 Ecclesiarum,
3119 3968 3219 4005 non
3248 3968 3383 4018 prte-

1838 4054 2012 4099 sentes
2043 4055 2277 4110 tantum,
2310 4044 2401 4098 sed
2448 4046 2602 4098 etiam
2651 4053 2886 4111 posteros
2930 4059 3023 4110 per
3063 4043 3147 4095 illa
3198 4044 3382 4095 munit.

1840 4134 2009 4202 Atque
2033 4134 2099 4186 ita
2128 4134 2332 4185 ﬁrmum
2356 4140 2406 4184 et
2433 4131 2797 4183 inconcussum
2840 4140 3043 4196 septum
3091 4130 3385 4196 hujusmoili

1840 4224 2159 4283 construxit,
2207 4231 2260 4274 et
2306 4237 2421 4274 cum
2456 4230 2596 4272 tanta
2638 4220 2837 4273 cautela
2870 4219 2957 4269 illo
2996 4225 3157 4269 totum
3205 4218 3383 4269 orbem

1841 4310 2291 4374 circummunivit,
2325 4319 2377 4361 ut
2403 4324 2493 4361 eos
2523 4308 2607 4375 qui
2634 4316 2737 4358 tum
2767 4305 3045 4368 vivebant,
3076 4314 3127 4357 et
3154 4305 3240 4372 qui
3272 4305 3385 4357 illos

1841 4417 2093 4471 excepere
2114 4441 2127 4464 ,
2151 4409 2204 4453 et
2226 4416 2316 4453 eos
2344 4402 2429 4467 qui
2460 4410 2593 4449 unnc
2618 4404 2736 4448 sunt
2759 4434 2771 4456 ,
2796 4404 2847 4448 et
2872 4404 3106 4462 posteros
3134 4410 3297 4466 usque
3322 4394 3385 4446 ad

1842 4492 2037 4547 Christi
2065 4492 2342 4543 adventum
2373 4496 2551 4538 contra
2574 4499 2781 4536 omnem
2811 4484 3136 4535 inimicorum
3166 4482 3388 4535 obsidio-

1844 4596 1961 4633 nem
1991 4590 2125 4632 tutos
2158 4583 2448 4631 conservet.
2480 4574 2634 4627 Tales
2679 4582 2799 4625 sunt
2841 4583 3137 4627 sanctorum
3163 4574 3387 4626 animm:

1844 4669 2058 4720 fratrum
2086 4673 2322 4716 amantes
2346 4704 2361 4728 ,
2393 4663 2460 4715 de
2499 4662 2601 4715 illis
2622 4662 2857 4714 sollicita:
2875 4702 2889 4727 ,
2914 4676 3091 4715 amore
3120 4671 3387 4730 paternam

1844 4762 2150 4823 superantes
2204 4752 2653 4815 benevolentiam,
2688 4760 2741 4805 et
2782 4750 3118 4805 dilectionem
3168 4751 3389 4804 materni

1844 4853 2022 4912 partus
2058 4861 2069 4894 :
2101 4841 2186 4894 hic
2220 4856 2443 4909 namque
2472 4840 2698 4908 Spiritus
2724 4849 2776 4892 et
2802 4839 2985 4892 divina:
3014 4840 3191 4905 gratire
3216 4849 3316 4892 est.

1913 4934 1963 4984 4.
2000 4930 2165 4983 Vultis
2195 4939 2251 4983 ut
2275 4930 2484 4983 aliunde
2512 4930 2669 4983 etiam
2692 4929 2839 4981 vobis
2864 4928 3238 4990 demonstrem,
3273 4942 3392 4979 san-

1844 5020 1956 5077 ctos
2005 5038 2107 5075 non
2136 5036 2251 5090 qua:
2295 5021 2359 5073 ad
2390 5035 2538 5073 suum
2578 5030 2782 5085 tempus
2820 5025 3057 5085 spectant
3104 5017 3271 5069 solum
3298 5032 3391 5067 cu-

1844 5128 1997 5176 rare,
2026 5126 2199 5178 neque
2246 5126 2339 5178 pro
2392 5108 2734 5177 prtcsentibus
2780 5107 2948 5159 solum
2996 5114 3266 5167 metuere,
3301 5102 3391 5155 sed

1844 5204 1999 5255 etiam
2028 5216 2122 5268 pro
2148 5200 2211 5253 iis
2231 5200 2317 5267 qui
2346 5208 2522 5265 postea
2550 5196 2704 5249 futuri
2732 5193 2887 5247 sunt?
2918 5194 3281 5253 Accesserunt,
3316 5192 3391 5241 in-

1845 5294 1975 5361 quit,
2007 5292 2072 5345 ad
2111 5306 2231 5344 eum
2261 5291 2313 5342 in
2343 5297 2522 5341 monte
2560 5287 2828 5340 sedentem
2862 5284 3118 5349 discipuli,
3153 5282 3391 5333 homines

1846 5382 2218 5451 propemodum
2239 5394 2411 5442 senes,
2442 5380 2528 5447 qui
2552 5386 2667 5446 post
2697 5377 2955 5431 modicum
2982 5385 3182 5440 tempus
3203 5386 3263 5422 ex
3294 5371 3393 5423 hac

1848 5478 1951 5527 vita
1979 5472 2259 5527 discessuri
2286 5478 2453 5524 erant.
2486 5468 2620 5534 Quid
2649 5482 2772 5536 ergo
2799 5465 3066 5535 quaerunt?
3088 5462 3154 5515 de
3176 5475 3277 5528 quo
3302 5474 3395 5511 an-

1848 5566 2071 5633 guntur?
2110 5563 2235 5631 quid
2279 5562 2497 5616 timent?
2526 5562 2712 5630 quibus
2758 5560 2824 5613 de
2870 5557 3036 5612 causis
3090 5552 3392 5619 magistrum

1852 5652 2264 5720 percontantur?
2308 5648 2428 5704 ιιιιιιι
2459 5650 2522 5703 dc
2545 5649 2697 5703 rebus
2724 5690 2735 5711 ,
2767 5662 2880 5714 quae
2918 5643 3042 5712 ipsis
3068 5637 3384 5694 viventibus.
