3990 6444
605 348 715 402 275

592 460 682 505 aut
709 450 844 504 circa
878 447 959 500 itra
991 453 1222 511 tempora
1249 451 1512 495 eventum
1556 438 1745 494 erant?
1771 436 2000 490 Minime.
2032 430 2135 485 Sed

589 545 660 596 iis
707 537 1066 607 prmtermissis
1113 535 1352 586 omnibus
1389 531 1513 598 quid
1546 528 1754 584 dicunt?
1777 526 1919 590 Quod
1943 528 2138 595 signum

592 633 829 682 adventus
856 629 957 691 tui,
990 637 1035 680 et
1059 623 1493 678 consummationis
1517 621 1682 675 seculi
1708 619 1914 688 (Matth.
1945 616 2032 670 24.
2063 615 2143 684 5)?

592 719 776 772 Vidcn‘
805 719 921 771 illos
950 717 1106 771 etiam
1134 714 1201 770 de
1226 712 1674 770 consummatione
1716 708 1890 763 saeculi
1917 712 2141 760 interro-

591 825 715 877 gare
739 849 754 872 ,
786 818 840 862 et
884 808 950 860 de
980 806 1165 859 futuris
1208 803 1507 857 hominibus
1548 816 1667 855 esse
1717 797 2002 853 sollicitos?
2029 795 2141 850 Non

592 900 731 953 enim
773 912 865 950 sua
893 896 1071 950 vident
1093 894 1313 961 apostoli
1339 934 1354 954 ,
1382 892 1472 946 sed
1502 907 1618 959 qua:
1643 891 1862 944 aliorum
1894 897 2015 942 sunt
2035 927 2048 945 .
2093 896 2144 939 et

593 989 751 1041 simul
783 1002 965 1040 omnes
993 997 1044 1040 et
1070 985 1288 1038 seorsim
1325 982 1535 1050 singuli.
1566 981 1751 1034 Petrus
1798 980 1970 1046 itaque
1997 975 2142 1029 chori

596 1081 736 1131 illius
785 1077 1129 1146 eoryphmus,
1179 1090 1238 1128 os
1275 1073 1630 1140 apostolorum
1678 1071 1946 1130 omnium,
1992 1077 2146 1135 caput

596 1169 733 1220 illius
776 1167 980 1218 familia:
1003 1205 1018 1229 ,
1050 1166 1190 1218 orbis
1223 1165 1378 1216 totius
1408 1162 1682 1230 praefectus
1707 1203 1720 1224 ,
1755 1162 2142 1214 fundamentum

602 1256 868 1322 Beclesiat,
900 1255 1089 1307 ardens
1123 1255 1313 1307 Christi
1341 1264 1565 1314 amator;
1591 1267 1708 1304 nam
1739 1252 1836 1313 Ait,
1869 1250 2037 1310 Petre,
2067 1249 2144 1300 di-

601 1346 711 1413 ligis
733 1361 809 1395 me
838 1345 948 1410 plus
969 1344 1043 1394 his
1071 1343 1244 1409 (Joan.
1276 1341 1362 1393 2|.
1389 1342 1454 1399 15
1472 1346 1507 1407 ).
1541 1341 1659 1393 Ideo
1687 1340 1798 1406 ejus
1824 1339 2001 1393 laudes
2028 1353 2146 1404 pro-

604 1434 735 1498 fero,
772 1442 830 1484 nt
857 1433 1069 1484 diseatis
1110 1447 1226 1484 eum
1259 1445 1381 1483 vt-re
1404 1429 1667 1482 Christum
1695 1428 1939 1482 dilexisse
1965 1445 1976 1479 :
2001 1437 2145 1483 certe

597 1523 712 1590 ejus
756 1537 876 1588 erga
908 1523 1184 1574 Dominum
1230 1521 1423 1573 amoris
1468 1529 1829 1588 argumentum
1863 1519 2145 1575 maximum

599 1621 711 1665 erat
757 1611 1053 1663 sollicitudo
1086 1611 1394 1662 famulorum
1423 1610 1553 1677 ejus.
1586 1609 1699 1662 Non
1735 1624 1831 1677 ego
1857 1608 1967 1661 hate
1991 1608 2144 1672 dico,

597 1702 688 1755 sed
721 1703 829 1768 ipse
846 1703 1067 1754 dilectus
1101 1701 1352 1752 Dominus
1383 1719 1395 1753 :
1428 1702 1486 1754 Si
1511 1717 1648 1752 amas
1675 1717 1765 1764 me,
1797 1702 1980 1768 inquit,
2006 1716 2148 1768 pasce

598 1809 708 1847 oves
736 1809 885 1843 meas.
925 1792 1200 1844 Videamus
1225 1807 1348 1858 ergo
1393 1807 1513 1843 num
1544 1807 1664 1843 vere
1708 1792 1931 1857 pastoris
1961 1790 2147 1857 pmic-

596 1891 801 1936 cturam
850 1881 1078 1932 obtineat
1102 1921 1116 1943 ,
1151 1895 1274 1931 num
1322 1895 1446 1932 vere
1477 1895 1601 1932 oves
1627 1880 1838 1947 diligat,
1875 1895 1995 1931 num
2027 1894 2147 1931 vere

596 1972 767 2037 gregis
784 1985 962 2022 amans
975 1971 1060 2030 sit,
1082 1981 1136 2022 ut
1151 1969 1410 2023 discamus
1428 1986 1543 2022 eum
1563 1970 1716 2022 etiam
1739 1978 1999 2036 pastorem
2019 1969 2148 2023 dile-

604 2059 780 2112 xisse:
815 2058 938 2110 illud
967 2060 1105 2112 enim
1141 2059 1293 2126 hujus
1315 2072 1431 2111 esse
1468 2069 1830 2126 argumentum
1875 2058 2024 2111 dixit.
2054 2059 2149 2111 llic

597 2147 984 2215 itaque-Petrus
1011 2189 1024 2212 ,
1055 2158 1326 2216 postquam
1366 2149 1538 2201 omnia
1575 2163 1666 2202 sua
1708 2148 2003 2217 abjccerat,
2040 2158 2151 2204 rete

597 2251 787 2306 nempe
814 2247 865 2290 et
885 2252 1224 2305 quascumque
1248 2239 1295 2290 in
1323 2240 1554 2291 navicula
1578 2249 1746 2303 erant,
1770 2240 1964 2293 relictis
1997 2237 2145 2303 mari,

598 2336 712 2380 arte
741 2335 792 2378 et
812 2326 985 2379 domo.
1009 2327 1083 2378 b‘e
1106 2341 1261 2393 porro
1283 2327 1631 2390 attendamus,
1652 2328 1762 2381 hzec
1788 2343 1945 2395 pauca
1969 2328 2147 2392 fuisse,

599 2417 691 2468 sed
720 2415 831 2470 lucc
855 2416 1029 2468 omnia
1064 2416 1195 2470 bona
1234 2431 1324 2469 sua
1354 2417 1635 2482 exstitisse,
1663 2418 1877 2485 ejusque
1905 2417 2149 2470 alacrita-

601 2512 701 2558 tem
736 2504 1021 2556 laudemus.
1043 2504 1170 2558 Nam
1194 2520 1252 2558 ea
1284 2520 1400 2572 quae
1421 2506 1552 2558 duos
1573 2506 1815 2558 denarios
1832 2507 2146 2574 conjeeerat,

599 2609 702 2645 non
740 2609 977 2659 magnam
1011 2597 1346 2661 pecuniarum
1397 2597 1588 2649 molem
1630 2597 1904 2664 deposuit,
1936 2597 2026 2650 sed
2071 2598 2148 2648 in-

597 2690 780 2746 gentes
807 2681 964 2734 studii
995 2686 1073 2735 sui
1100 2684 1306 2736 divitias
1344 2684 1570 2737 ostendit
1594 2726 1605 2747 ,
1632 2686 2067 2753 quemadmodum
2097 2695 2149 2739 et

601 2767 684 2820 hic
709 2769 756 2819 in
785 2783 967 2836 magna
1000 2779 1302 2837 paupertate
1333 2771 1593 2839 ingentem
1632 2774 1914 2826 alacritatis
1944 2775 2146 2840 copiam

599 2856 838 2923 praebuit.
869 2859 1015 2923 Quod
1043 2860 1180 2912 enim
1206 2861 1352 2914 alteri
1385 2871 1532 2913 erant
1554 2863 1767 2930 praedia,
1798 2865 1956 2927 servi,
1986 2862 2145 2927 :edes,

598 2964 800 3012 aurum,
823 2949 921 3003 hoc
950 2950 1022 3002 illi
1063 2960 1213 3004 erant
1243 2953 1404 3017 retia,
1437 2967 1581 3005 mare
1603 2995 1616 3016 ,
1649 2968 1768 3016 ars,
1797 2955 2050 3007 navicula.
2077 2953 2151 3007 Ne

600 3039 775 3106 itaque
807 3039 904 3092 hoc
941 3039 1271 3094 attendamus
1295 3082 1307 3104 ,
1342 3055 1405 3092 an
1444 3055 1606 3108 pauca
1635 3043 1933 3110 reliquerit,
1966 3044 2056 3097 sed
2085 3059 2147 3096 an

602 3129 778 3179 omnia
801 3129 1090 3195 reliquerit.
1116 3130 1242 3182 Nam
1276 3131 1324 3182 id
1354 3132 1488 3199 quod
1532 3134 1786 3200 quceritur
1815 3144 1922 3196 est,
1954 3151 2054 3190 non
2084 3150 2147 3187 an

601 3230 785 3283 utagna
817 3231 879 3267 an
909 3232 1064 3283 parva
1091 3219 1407 3285 deponeret,
1439 3221 1528 3273 sed
1577 3238 1640 3274 an
1672 3223 1802 3274 nihil
1851 3223 2024 3276 minus
2073 3225 2152 3276 in-

603 3303 782 3366 ferret.
815 3322 967 3373 quam
998 3308 1190 3361 inferre
1222 3320 1415 3378 posset.
1446 3311 1704 3365 Omnibus
1729 3313 1902 3380 itaque
1924 3314 2143 3379 relictis,

603 3399 787 3462 patria,
814 3397 991 3460 domo,
1020 3400 1200 3451 amicis
1225 3440 1237 3461 ,
1266 3403 1529 3468 cognatis,
1564 3402 1668 3454 imo
1694 3403 1802 3469 ipsa
1825 3406 2102 3457 securitate
2134 3419 2146 3456 :

602 3502 721 3538 nam
752 3487 848 3539 hoc
875 3489 1030 3540 modo
1051 3490 1294 3556 pepultun
1317 3490 1588 3544 Judaicum
1617 3492 1711 3545 sibi
1742 3494 2004 3544 inimicmn
2027 3493 2149 3544 red-

603 3576 730 3626 didit
757 3592 768 3626 :
802 3574 920 3626 lam
942 3577 1109 3638 enim,
1135 3579 1302 3644 inquit
1328 3619 1341 3641 ,
1373 3581 1772 3645 conspirauerunt
1797 3579 1965 3629 Judtei
1985 3620 1998 3642 ,
2027 3588 2077 3629 ut
2108 3579 2150 3630 si

601 3664 711 3730 quis
740 3679 848 3715 eum
881 3667 1198 3729 conﬁteretur
1225 3683 1328 3719 esse
1365 3667 1612 3720 Christum
1637 3707 1649 3730 ,
1676 3677 1813 3719 extra
1849 3684 2152 3736 synagogam

605 3756 742 3819 ﬁeret
772 3754 949 3822 (Joan.
979 3758 1029 3810 9.
1063 3755 1186 3825 22).
1237 3757 1388 3811 Unde
1417 3760 1580 3826 palam
1615 3761 1668 3810 iit
1688 3800 1701 3818 ,
1734 3773 1853 3811 eum
1881 3774 1976 3813 nec
2000 3758 2152 3812 dubi-

604 3857 745 3898 tasse
768 3885 782 3908 ,
819 3862 914 3900 nec
947 3847 1178 3900 timuisse
1225 3849 1362 3900 circa
1399 3864 1613 3915 regnum
1649 3851 1896 3902 caelorum
1925 3867 1938 3913 ;
1969 3850 2057 3902 sed
2085 3851 2152 3904 de

605 3937 694 3987 illo
715 3936 995 3988 admodum
1024 3951 1328 4002 persuasum
1359 3936 1537 3995 fuisse,
1563 3947 1719 4005 atque
1751 3955 1810 3991 ex
1837 3939 1944 4007 ipsa
1977 3954 2149 3990 rerum

605 4025 1056 4075 demonstratione
1084 4065 1096 4086 ,
1126 4024 1231 4076 imo
1271 4035 1390 4076 ante
1430 4040 1602 4076 rerum
1651 4027 2150 4079 demonstrationem

605 4130 668 4165 ex
690 4113 972 4166 Salvatoris
998 4127 1125 4165 voce
1153 4112 1439 4166 credidisse
1463 4151 1476 4174 ,
1510 4127 1566 4164 se
1597 4114 1767 4179 ipsum
1791 4117 2006 4168 omnino
2035 4131 2153 4184 pos-

608 4217 878 4255 sessorum
921 4217 1059 4255 esse.
1111 4199 1239 4254 Cum
1268 4201 1487 4254 dixisset
1513 4202 1649 4254 enim
1676 4242 1688 4262 ,
1719 4202 1825 4252 Nos
1871 4207 2152 4270 reliquimus

608 4294 792 4355 omnia,
839 4302 883 4344 et
909 4293 1098 4360 sequuti
1123 4308 1289 4344 sumus
1316 4301 1376 4353 te,
1401 4291 1518 4359 quid
1545 4292 1633 4342 erit
1679 4291 1814 4343 nobis
1837 4293 1860 4342 ἶ)
1891 4292 2156 4359 resp0ndit

607 4383 684 4433 cis
710 4381 950 4434 Christus
979 4397 990 4431 :
1028 4382 1270 4434 Sedebitis
1304 4398 1450 4450 super
1477 4381 1731 4432 duodecim
1761 4383 1983 4442 thronos,
2021 4383 2154 4448 judi-

607 4478 773 4519 euntes
812 4470 1068 4520 duodecim
1107 4470 1259 4521 tribus
1287 4469 1668 4538 IsraeI(Matth.
1699 4469 1880 4522 19.27.
1901 4470 2009 4539 28).
2037 4471 2156 4523 “me

613 4569 768 4619 porro
797 4557 1024 4620 praemisi
1045 4597 1058 4618 ,
1090 4567 1145 4609 ut
1172 4574 1289 4610 eum
1332 4559 1499 4625 ipsum
1529 4573 1624 4625 pro
1651 4560 1919 4611 conservis
1945 4561 2153 4611 anxium

611 4644 930 4708 ostendero,
957 4659 1023 4697 ne
1064 4646 1208 4698 dicas
1237 4647 1408 4713 ipsum
1451 4649 1549 4699 sibi
1589 4648 1844 4701 timuisse.
1885 4649 2154 4712 Quomodo

613 4737 752 4787 enim
792 4735 1086 4797 timuisset,
1117 4745 1391 4801 postquam
1422 4740 1463 4787 is
1503 4737 1590 4803 qui
1620 4738 1786 4803 ipsum
1813 4747 2156 4790 eoronaturus

612 4837 755 4888 erat,
785 4827 1096 4879 sententiam
1139 4826 1328 4877 tulerat
1367 4826 1435 4877 de
1479 4841 1672 4879 corona
1720 4836 1774 4879 et
1813 4827 1878 4881 de
1929 4830 2157 4895 pramiiis

612 4917 711 4984 ipsi
744 4916 1123 4968 conferendis?
1151 4916 1243 4966 Hic
1276 4915 1450 4981 itaque
1479 4914 1660 4966 l‘etrus
1680 4957 1691 4976 ,
1720 4919 1807 4982 qui
1835 4915 2007 4969 omnia
2038 4921 2156 4969 reli-

614 5012 819 5070 querat,
855 5006 940 5070 qui
966 5004 1262 5058 conﬁdebat
1285 5004 1348 5058 de
1379 5019 1537 5073 regno
1565 5007 1809 5058 erelorum
1834 5047 1847 5068 ,
1880 5008 2158 5060 accedente

617 5095 899 5161 aliquando
939 5096 1100 5148 divite
1128 5097 1352 5164 quodam
1377 5137 1388 5158 ,
1424 5113 1483 5148 ac
1509 5097 1712 5149 dicente
1766 5097 1862 5164 ipsi
1909 5097 2116 5150 Christo
2141 5137 2155 5162 ,

619 5187 752 5252 Quid
791 5199 969 5252 [acrum
1017 5195 1069 5237 ut
1115 5198 1264 5238 vitam
1305 5200 1537 5240 a’ternam
1590 5190 1848 5241 hereditate
1893 5205 2162 5256 consequar

615 5277 826 5344 (Matth.
860 5277 942 5329 19.
978 5276 1107 5342 16)?
1137 5291 1251 5329 cum
1276 5279 1632 5342 respondisset
1658 5280 1704 5332 ei
1729 5277 1984 5333 Christus.
2010 5278 2066 5331 Si
2089 5284 2159 5331 vis

615 5370 860 5434 perlectus
885 5384 1004 5432 esse,
1027 5369 1168 5432 vade,
1201 5373 1352 5421 vende
1376 5371 1539 5421 omnia
1568 5386 1675 5432 qua:
1700 5371 1865 5434 habes,
1889 5379 1932 5422 et
1962 5370 2025 5422 da
2047 5388 2161 5426 nau-

620 5460 832 5522 ueri'bus,
865 5469 906 5510 et
934 5464 1058 5522 veni,
1086 5476 1283 5523 sequere
1311 5475 1386 5510 me
1413 5459 1565 5525 (Ibid.
1600 5478 1644 5512 υ.
1669 5461 1782 5527 2i);
1812 5460 1998 5515 deinde
2034 5461 2118 5513 ubi
2139 5499 2155 5524 ,

621 5548 710 5602 illo
761 5551 968 5603 tristitia
1018 5552 1245 5612 adiecto,
1293 5551 1528 5603 Christus
1584 5552 1854 5618 discipulis
1915 5552 2154 5617 dixerat,

630 5637 797 5695 Videte
841 5659 987 5710 quam
1027 5645 1221 5712 di/ﬁcile
1259 5643 1428 5696 divites
1470 5642 1811 5712 ingrediantur
1854 5645 1903 5694 in
1953 5659 2154 5708 regnum

1288 331 1344 384 S.
1383 328 1652 384 JOANNIS
1688 320 2154 380 CHRYSOSTOMI
2193 322 2502 380 ARCIIIEP.
2529 328 3047 389 CONSTANTINOP.

3715 357 3822 410 276

2243 435 2475 488 (telorum
2497 454 2515 489 :
2536 455 2700 504 amen,
2723 458 2865 496 auten
2895 447 3006 497 dico
3031 450 3162 501 vobis
3190 488 3204 510 ,
3237 453 3438 520 {acilius
3464 465 3538 506 est
3565 462 3814 508 eametum

2247 543 2331 593 per
2379 530 2602 594 foramen
2648 547 2764 584 acus
2814 537 3037 602 ingredi,
3076 555 3220 606 quam
3258 544 3460 596 divitem
3507 547 3559 596 in
3606 564 3815 614 regnum

2246 616 2339 668 Dei
2382 618 2589 686 (Matth.
2632 623 2718 676 19.
2767 623 2858 689 24)
2890 642 2903 677 :
2931 627 3114 682 Petrus
3166 632 3422 687 bonorum
3473 639 3814 704 possessione

2246 723 2470 772 vacuus,
2503 713 2588 780 qui
2617 713 2683 766 de
2727 730 2886 782 regno
2932 720 3253 785 conﬁdebat,
3283 726 3369 790 qui
3409 726 3477 779 de
3517 741 3612 779 sua
3645 731 3815 782 salute

2247 813 2350 850 non
2411 801 2658 864 timebat;
2717 807 2912 857 certior
2981 806 3146 863 iactus
3195 811 3260 865 de
3301 813 3507 868 honore
3556 817 3656 868 sibi
3712 818 3814 870 illic

2248 888 2520 952 reposito,
2578 888 2658 942 his
2705 893 2896 946 auditis
2941 895 3179 962 dicebat,
3240 901 3362 964 Quis
3413 906 3598 970 poterit
3646 909 3817 958 saluus

2246 990 2351 1026 esse
2378 975 2536 1041 (Ibid.
2566 995 2612 1030 υ.
2647 979 2735 1047 25)
2762 981 2785 1032 ἲ
2808 982 2938 1046 Quid
2972 984 3122 1038 times
3145 1027 3158 1047 ,
3191 1002 3223 1040 ο
3267 990 3418 1045 beate
3449 993 3648 1046 Petre?
3693 994 3815 1061 quid

2249 1068 2635 1136 vererisiquid
2679 1073 2939 1139 trepidas?
2983 1074 3164 1130 Omnia
3205 1079 3477 1146 abjccisti,
3517 1085 3706 1137 omnia
3736 1084 3816 1137 di-

2249 1156 2432 1209 misisti
2460 1173 2472 1218 ;
2502 1158 2567 1211 de
2595 1158 2842 1214 divitibus
2869 1173 2948 1215 est
2977 1179 3174 1230 sermo,
3202 1169 3344 1235 quod
3373 1170 3572 1225 dicitur
3601 1172 3816 1226 illorum

2249 1252 2332 1296 ost
2371 1248 2635 1300 accusatio
2666 1264 2682 1300 :
2707 1259 2760 1300 ιιι
2789 1267 2912 1305 vero
2942 1253 2991 1305 in
3020 1267 3328 1324 paupertate
3356 1269 3409 1313 et
3443 1262 3624 1329 inopia
3654 1265 3816 1316 vitam

2249 1332 2378 1399 agis.
2415 1333 2624 1398 Verum,
2661 1337 2824 1404 inquit
2851 1340 2935 1393 ille
2959 1381 2971 1402 ,
2997 1358 3099 1396 non
3130 1361 3187 1398 ea
3220 1363 3335 1414 qutc
3368 1350 3433 1401 ad
3459 1366 3546 1404 me
3572 1364 3820 1418 spectant

2249 1421 2480 1480 attendo.
2510 1424 2600 1475 sed
2631 1428 2853 1480 aliorum
2892 1431 3164 1487 utilitatem
3210 1452 3408 1504 quam).
3445 1441 3575 1494 Ideo
3603 1443 3677 1497 de
3709 1447 3820 1498 Suis

2252 1511 2410 1563 rebus
2464 1512 2650 1566 liducia
2693 1518 2912 1583 plenus,
2939 1520 3005 1575 de
3033 1524 3251 1578 aliorum
3297 1531 3465 1584 salute
3503 1535 3820 1590 sciscitaba-

2254 1609 2353 1663 tur,
2381 1601 2579 1668 dicens,
2599 1605 2721 1669 Quis
2745 1618 2902 1675 potest
2925 1613 3088 1665 salvus
3110 1619 3250 1668 esse?

2322 1691 2374 1744 5.
2408 1691 2596 1746 Paulus
2623 1697 2683 1747 de
2709 1708 3014 1762 posterorum
3042 1705 3298 1758 animabus
3334 1710 3598 1764 sollicitus.
3622 1744 3702 1753 —
3727 1716 3814 1768 Vi-

2250 1783 2428 1837 distin‘
2459 1789 2811 1853 apostolorum
2861 1793 3258 1849 sollicitudiuetn
3284 1801 3306 1849 ἲ
3336 1805 3604 1867 quomodo
3650 1825 3818 1860 unum

2252 1874 2359 1928 sint
2397 1880 2628 1944 corpus?
2657 1879 2885 1933 vidistin’
2927 1898 3029 1949 quo
3060 1897 3209 1950 pacto
3251 1899 3300 1940 et
3332 1905 3425 1956 pro
3457 1898 3818 1957 pra-sentibus

2252 1972 2302 2015 ct
2330 1979 2422 2031 pro
2447 1965 2631 2019 futuris
2657 1967 2865 2022 timeret
2893 1971 3113 2024 Petrus?
3138 1974 3222 2026 Sic
3247 1977 3402 2029 etiam
3431 1979 3645 2034 Paulus.
3679 1984 3826 2049 Qua-.

2254 2062 2467 2120 propter
2495 2055 2699 2108 dicebat
2732 2075 2744 2108 :
2785 2057 3006 2124 Scitote,
3057 2065 3189 2128 quod
3226 2067 3275 2117 in
3318 2069 3595 2122 novissimis
3641 2073 3819 2127 diebus

2252 2152 2394 2195 erunt
2434 2153 2654 2214 tempora
2683 2150 2851 2216 grauia
2879 2150 2966 2217 (2.
2991 2151 3122 2205 Tim.
3149 2156 3197 2208 5.
3231 2157 3311 2224 1).
3358 2157 3586 2228 ldipsum
3620 2166 3736 2230 agit
3771 2175 3819 2218 et

2253 2231 2395 2286 alibi.
2425 2236 2646 2298 Quando
2675 2239 2814 2290 enim
2848 2256 2911 2294 ex
2943 2243 3062 2294 Asia
3091 2244 3415 2301 discessurus
3440 2264 3572 2312 erat,
3609 2262 3663 2304 et
3713 2254 3820 2307 Bo-

2254 2337 2391 2373 !nam
2419 2323 2796 2391 deponendus,
2831 2329 3054 2398 indeque
3082 2333 3132 2384 in
3161 2337 3350 2388 coelum
3380 2340 3816 2394 transferendus:

2254 2423 2396 2463 mors
2426 2413 2617 2479 quippe
2646 2425 2943 2469 sanctorum
2975 2433 3116 2473 mors
3141 2437 3241 2474 non
3269 2433 3348 2476 est
3367 2464 3381 2487 ,
3414 2427 3503 2479 sed
3535 2431 3817 2483 translatio

2252 2512 2281 2548 a
2313 2507 2454 2552 terra
2478 2500 2527 2552 in
2558 2503 2741 2555 caelum
2767 2545 2780 2567 ,
2816 2519 2844 2557 a
2875 2507 3222 2562 deterioribus
3252 2511 3315 2563 ad
3345 2515 3557 2566 meliora
3577 2557 3591 2576 ,
3627 2531 3654 2567 a
3686 2533 3816 2570 con-

2253 2591 2417 2642 servis
2445 2591 2506 2642 ad
2540 2592 2845 2657 Dominum,
2885 2598 2949 2649 ab
2980 2599 3275 2656 hominibus
3304 2603 3367 2655 ad
3407 2605 3622 2670 angelos
3654 2625 3666 2658 :
3697 2610 3816 2673 quia

2256 2677 2412 2745 igitur
2435 2678 2671 2734 abiturus
2697 2697 2809 2735 erat
2835 2687 2897 2736 ad
2925 2689 3152 2740 omnium
3183 2691 3454 2743 Dominum
3481 2693 3671 2754 Deum,
3704 2710 3814 2747 om.

2253 2767 2334 2818 nia
2361 2782 2477 2833 qua:
2502 2769 2565 2819 ad
2592 2769 2760 2836 ipsum
2799 2775 3122 2836 pertinebant
3161 2778 3318 2843 probe
3342 2780 3687 2846 dispensavit.
3723 2784 3817 2834 Et-

2252 2855 2389 2908 enim
2422 2868 2616 2922 quanto
2653 2867 2888 2925 tempore
2915 2877 3030 2914 cum
3061 2865 3326 2931 discipulis
3359 2870 3484 2932 fuit,
3517 2887 3637 2923 cum
3668 2873 3816 2926 omni

2252 2943 2518 3013 diligentia
2549 2946 2841 3000 doctrinam
2875 2951 2998 3016 ipsis
3031 2953 3327 3020 impertivit,
3361 2972 3421 3010 ae
3445 2958 3577 3011 dixit
3619 2978 3630 3011 :
3661 2943 3844 3013 Μυη-’ί

2252 3035 2346 3089 dus
2373 3053 2483 3088 sum
2512 3053 2542 3087 α
2570 3039 2809 3106 sanguine
2853 3043 3068 3093 omnium
3102 3044 3244 3111 (Act.
3275 3046 3361 3098 20.
3389 3047 3526 3115 26);
3573 3050 3816 3119 nihilque

2255 3130 2595 3194 praetermisi,
2627 3129 2809 3196 inquit,
2851 3147 3028 3184 eorutn
3069 3151 3183 3200 quae
3218 3136 3282 3187 ad
3322 3138 3540 3190 salutem
3581 3141 3812 3193 admini-

2253 3217 2465 3269 stranda
2506 3229 2674 3270 erant.
2724 3219 2854 3286 Quid
2901 3221 3096 3288 igitur?
3144 3233 3414 3292 postquam
3458 3240 3549 3278 sua
3599 3228 3652 3280 in
3703 3239 3815 3284 tuto

2255 3307 2634 3371 collocaverat,
2679 3325 2795 3362 cum
2841 3315 3070 3364 accusari
3117 3329 3147 3366 a
3187 3315 3410 3369 Domino
3455 3332 3558 3368 non
3608 3331 3811 3386 posset,

2253 3396 2388 3449 circa
2433 3411 2490 3449 ea
2534 3412 2648 3462 qua:
2692 3399 2755 3448 ad
2800 3398 2916 3450 vita:
2946 3413 3052 3452 suae
3097 3410 3297 3470 tempus
3342 3406 3714 3471 pertinebant,
3749 3427 3812 3462 ειη

2256 3484 2483 3550 neglexit
2508 3485 2715 3537 animas
2742 3495 2856 3550 post
2885 3486 3117 3541 futuras?
3145 3489 3478 3559 Nequaquam
3508 3511 3520 3546 :
3545 3496 3640 3548 sed
3665 3498 3814 3563 quasi

2255 3570 2318 3623 de
2351 3571 2451 3623 illis
2480 3572 2633 3623 etiam
2663 3574 2918 3626 rationem
2950 3576 3194 3642 daturus,
3221 3594 3296 3632 διο
3328 3591 3380 3634 et
3409 3581 3493 3633 illa
3519 3597 3645 3636 cum
3669 3586 3813 3638 omni

2255 3662 2583 3714 accuratione
2611 3663 2743 3716 dixit
2766 3665 2860 3726 eis,
2891 3676 2943 3718 et
2974 3667 3103 3730 htcc,
3133 3684 3247 3734 qua:
3272 3684 3376 3736 1am
3409 3672 3668 3738 legemus,
3696 3689 3814 3727 ver-

2254 3750 2316 3802 ba
2346 3767 2356 3800 :
2381 3750 2646 3814 Attendite,
2679 3753 2862 3818 inquit,
2893 3754 3025 3807 vobis
3052 3757 3168 3823 ipsis
3189 3767 3233 3809 ct
3258 3762 3480 3812 universo
3502 3766 3647 3828 gregi
3673 3765 3810 3828 (Act.

2255 3837 2339 3890 20.
2370 3838 2494 3909 28).
2528 3839 2767 3896 Vidistin‘
2806 3853 3052 3908 quantum
3096 3846 3302 3898 illorum
3333 3848 3480 3900 sollic
3506 3849 3690 3903 tudine
3715 3854 3812 3906 de-

2257 3930 2458 3981 vinctus
2487 3932 2669 3984 esset?
2715 3931 2841 3985 Nam
2886 3935 3072 4001 singuli
3113 3945 3344 3989 nostrum
3386 3954 3500 4005 qua:
3549 3954 3645 3992 sua
3692 3953 3813 3995 sunt

2256 4030 2466 4084 corant,
2500 4022 2590 4074 ille
2616 4037 2738 4075 vero
2767 4025 3074 4090 pra‘positus
3116 4041 3231 4091 quae
3274 4026 3336 4079 ad
3383 4041 3566 4080 omnes
3606 4039 3814 4095 specta-

2259 4107 2400 4160 bant.
2451 4110 2796 4173 Quamobrem
2841 4112 2907 4164 de
2950 4111 3250 4164 doctoribus
3297 4115 3365 4164 ait
3405 4131 3414 4163 :
3463 4113 3563 4176 Qui
3605 4118 3813 4184 vigilant

2257 4214 2403 4263 super
2427 4200 2616 4249 animus
2647 4210 2828 4250 vestras
2849 4239 2862 4260 ,
2908 4217 3045 4260 quasi
3074 4202 3310 4252 rationem
3337 4204 3582 4255 reddituri
3614 4206 3808 4272 (Hebr.

2259 4287 2342 4337 15.
2380 4287 2439 4335 17
2466 4286 2498 4344 ).
2537 4286 2881 4340 Fortnidabile
2910 4303 3088 4339 revera
3121 4288 3363 4343 iudicium
3386 4328 3398 4347 .
3431 4304 3548 4342 cum
3582 4308 3683 4359 pro
3711 4305 3811 4348 tam

2260 4374 2451 4439 ingenti
2477 4375 2666 4439 pepulo
2695 4377 2921 4426 rationes
2949 4385 3069 4427 sunt
3098 4376 3374 4429 reddenda:
3405 4395 3417 4428 τ
3449 4379 3562 4442 sed,
3591 4390 3643 4432 ut
3672 4382 3814 4435 dice-

2260 4465 2408 4525 bam,
2444 4466 2568 4530 ipsis
2593 4465 2771 4517 accitis
2798 4466 2869 4516 ait
2897 4482 2908 4514 :
2934 4467 3179 4519 Attendite
3203 4468 3334 4520 vobis
3363 4470 3482 4534 ipsis
3511 4480 3557 4522 et
3586 4476 3818 4526 universo

2257 4555 2412 4623 gregi,
2454 4557 2504 4604 in
2546 4570 2639 4622 quo
2679 4571 2761 4605 vos
2802 4555 3020 4614 Spiritus
3060 4567 3258 4609 sanctus
3297 4564 3462 4622 posuit
3499 4572 3733 4625 pastores
3773 4575 3816 4617 et

2260 4646 2514 4709 episcopos
2540 4644 2670 4709 (Act.
2694 4642 2781 4694 20.
2805 4642 2915 4707 28).
2959 4644 3088 4707 Quid
3132 4644 3318 4697 factum
3344 4650 3468 4698 est?
3507 4662 3603 4701 cur
3635 4651 3816 4704 horta-

2260 4735 2372 4785 ris?
2413 4751 2479 4786 an
2518 4735 2638 4801 quid
2682 4750 2836 4800 grave
2867 4735 3160 4801 pra-vides?
3189 4752 3252 4787 an
3298 4738 3419 4804 quid
3450 4743 3643 4794 durum
3689 4757 3813 4811 pro-

2261 4825 2458 4891 apicis?
2483 4840 2545 4876 an
2578 4823 2711 4890 quod
2752 4825 3033 4882 periculum
3066 4824 3318 4888 imminet,
3351 4843 3416 4880 an
3446 4845 3565 4896 qua:
3593 4833 3811 4883 calami-

2265 4923 2363 4973 lus,
2393 4929 2455 4964 an
2500 4912 2736 4966 bellum?
2783 4912 2890 4973 Dic,
2937 4928 3151 4971 quaeso:
3188 4929 3303 4966 nam
3344 4916 3498 4970 altior
3531 4919 3686 4972 nobis
3714 4934 3810 4973 es:

2263 5019 2358 5057 nec
2384 5004 2657 5064 prmsetitia
2680 5001 2836 5055 modo
2856 5003 3018 5062 vides,
3044 5005 3133 5057 sed
3161 5005 3313 5058 etiam
3337 5006 3503 5060 futura
3529 5011 3805 5075 prtevides.

2264 5094 2360 5148 Die
2384 5089 2534 5158 igitur
2557 5109 2652 5146 cur
2674 5092 2783 5146 inec
2808 5095 3080 5162 praecipias
3105 5106 3156 5149 et
3182 5096 3425 5150 horteris.
3455 5098 3595 5161 Scio,
3623 5103 3808 5168 inquit,

2262 5197 2390 5255 quod
2418 5196 2525 5250 post
2561 5186 2902 5238 discessionem
2940 5203 3098 5238 meam
3127 5188 3375 5238 intrabunt
3404 5203 3453 5238 ιη
3479 5204 3680 5254 gregem
3707 5193 3809 5257 lupi

2263 5292 2432 5344 graces
2462 5274 2616 5342 (Ibid.
2645 5290 2691 5326 v.
2716 5273 2823 5331 29).
2859 5273 3036 5327 Viden'
3062 5275 3199 5342 quod
3225 5275 3457 5328 dicebant
3478 5315 3492 5338 ,
3543 5281 3814 5342 quomodo

2262 5382 2366 5419 non
2396 5368 2459 5418 de
2488 5366 2552 5418 iis
2576 5365 2746 5418 selum
2777 5366 2865 5432 qui
2893 5382 2988 5419 suo
3016 5377 3248 5433 tempore
3275 5375 3425 5421 erant
3451 5370 3642 5422 anxius
3670 5381 3807 5423 esset

2262 5467 2315 5509 et
2363 5458 2583 5514 timeret.
2626 5455 2716 5507 sed
2749 5457 2904 5507 etiam
2954 5455 3019 5508 de
3063 5457 3124 5508 iis
3152 5456 3235 5522 qui
3268 5463 3382 5516 post
3427 5453 3802 5512 discessionem

2263 5548 2421 5611 ipsius
2453 5544 2609 5597 iuturi
2637 5554 2802 5596 erant.
2848 5543 3107 5595 Intrabunt
3137 5547 3265 5594 enim
3294 5544 3398 5606 lupi
3418 5583 3431 5604 ,
3461 5545 3670 5612 inquit;
3713 5564 3802 5600 nc-

2267 5652 2365 5705 que
2407 5635 2705 5703 simpliciter
2729 5674 2743 5700 ,
2782 5633 2950 5702 Lupi,
2980 5633 3070 5687 sed
3100 5634 3251 5686 etiam
3292 5629 3420 5698 Lupi
3463 5648 3671 5701 graus,
3709 5651 3808 5691 non
