3990 6450
145 422 276 478 275

156 539 268 589 καί
298 535 405 602 τῆς
425 537 772 600 συντελείας
793 536 895 589 τοῦ
916 536 1159 601 αίῶνοω
1187 534 1336 599 Εἶδες
1358 539 1633 599 κάκείνους
1653 537 1789 605 ὑπὲρ

156 621 268 690 τῆς
300 620 602 681 συντελείας
638 620 729 671 τοῦ
778 620 967 678 αἰῶνος
995 622 1326 689 ἐρωτῶντας,
1376 624 1465 674 καὶ
1507 623 1643 691 ὑπὲρ
1687 622 1791 671 τῶν

161 706 443 773 ἐσομένων
485 704 780 773 ἀνθρώπων
818 704 1220 773 φροντίζοντας
1256 708 1329 759 06
1367 706 1471 774 γὰρ
1506 707 1571 758 :6
1592 705 1792 757 ἑαυτῶν

160 789 371 859 ὁρῶσιν
397 791 446 839 οί
472 788 769 851 ἀπόστολοι,
803 788 934 840 ἀλλά
966 790 1031 840 :6
1059 790 1165 841 τῶν
1186 790 1354 843 ἄλλων
1382 790 1473 850 καὶ
1494 794 1640 859 κοινῇ
1664 790 1793 841 πάν-

161 892 262 938 τες
301 877 394 928 καὶ
444 877 545 945 ἰδίᾳ
590 876 830 937 έκαστος.
882 876 938 927 '0
978 872 1067 927 οὖν
1114 876 1311 945 Πέτρος
1339 878 1367 928 6
1392 880 1671 944 κορυφαῖος
1702 874 1792 926 τοῦ

164 959 359 1031 χοροῦ,
380 961 441 1012 τὸ
465 962 632 1029 στόμα
658 961 764 1012 τῶν
793 960 1095 1012 ἀποστόλων
1125 962 1391 1025 ἁπάντων,
1417 963 1448 1029 ἡ
1474 963 1676 1030 κεφαλὴ
1699 962 1795 1029 τῆς

166 1046 402 1116 φατρίας
434 1047 660 1111 ἐκείνης,
690 1048 717 1097 6
742 1046 839 1112 τῆς
872 1046 1183 1113 οἰκουμένης
1219 1048 1429 1113 ἀπάσης
1472 1047 1790 1114 προστάτης,

164 1132 202 1181 ὁ
238 1130 480 1197 θεμέλιος
515 1130 609 1196 τῆς
644 1128 978 1194 Ἐκκλησίας.
1003 1131 1029 1179 ό
1053 1128 1247 1196 θερμὸς
1272 1127 1496 1195 ἐραστὴς
1530 1128 1620 1179 τοῦ
1664 1129 1785 1193 Χρι-

171 1215 338 1266 στοῦ·
382 1214 577 1279 Πέτρε,
616 1212 740 1279 γὰρ,
776 1214 925 1279 φησὶ,
958 1212 1145 1279 φιλεῖς
1179 1228 1254 1277 με
1299 1211 1503 1263 πλεῖον
1542 1213 1793 1271 τούτωι-;

168 1299 275 1350 Διά
296 1297 449 1349 τοῦτο
469 1296 608 1361 λέγω
630 1296 698 1346 τά
721 1293 982 1363 ἐγκώμια,
1015 1298 1098 1347 ἴνα
1132 1294 1331 1363 μάθητε
1360 1296 1437 1346 ὅτι
1475 1298 1635 1356 ὅντως
1657 1295 1797 1359 φιλεῖ

168 1381 267 1432 τὸν
297 1382 552 1449 Χριστόν·
583 1378 673 1431 τοῦ
717 1381 822 1447 γὰρ
853 1382 929 1438 είς
967 1379 1056 1430 τὸν
1087 1378 1354 1446 Δεσπότην
1387 1380 1598 1448 φίλτρου
1634 1381 1664 1447 ἡ
1696 1394 1794 1444 κη-

168 1464 396 1531 δεμονία
424 1464 529 1514 τῶν
555 1462 747 1514 δούλων
773 1462 1061 1530 τεκμήριόν
1100 1464 1212 1513 ἐστι
1255 1464 1520 1530 μέγιστον.
1561 1464 1666 1515 K61
1698 1463 1794 1513 οὐκ

171 1548 289 1613 ἐγὼ
326 1546 492 1599 ταῦτα
540 1546 697 1611 λέγω,
744 1544 857 1596 ἀλλ’
892 1544 1047 1605 αὐτὸς
1088 1546 1115 1595 6
1149 1545 1458 1611 φιλούμενος
1490 1546 1756 1611 Δεσπότης
1782 1562 1793 1573 ·

172 1632 251 1683 El
281 1630 470 1696 φιλεῖς
509 1645 601 1695 με,
629 1628 776 1695 φησὶ,
813 1628 1081 1695 ποίμαινε
1120 1629 1188 1679 τὰ
1214 1629 1467 1696 πρόϐατά
1491 1646 1626 1695 μου.
1653 1628 1797 1679 Ἰδω⁴

178 1729 282 1783 μεν
313 1710 402 1766 οὖν
443 1714 606 1774 ὅντως
654 1714 701 1763 εί
743 1713 989 1781 ποιμένος
1035 1711 1181 1783 [285]
1215 1713 1322 1781 ἔχει
1361 1713 1703 1781 προστασίαν,
1749 1713 1795 1763 εί

171 1798 345 1858 ὅντως
375 1798 707 1866 κηδεμονίαν,
736 1799 780 1848 εί
809 1797 971 1858 ὅντως
1001 1800 1142 1863 φιλεῖ
1177 1798 1243 1849 τά
1275 1796 1531 1865 πρόϐατα,
1560 1798 1605 1846 εἱ
1635 1796 1795 1857 ὅντως

176 1879 529 1947 φιλόστοργός
563 1880 676 1929 ἐστι
706 1878 830 1947 περὶ
855 1880 950 1945 τὴν
979 1878 1226 1945 ποίμνην,
1276 1878 1359 1928 ἵνα
1405 1877 1795 1944 καταμάθωμεν

174 1964 261 2015 δτι
298 1965 389 2015 καὶ
419 1963 507 2015 τὸν
536 1964 765 2031 ποιμένα
797 1963 969 2029 φιλεῖο
1005 1962 1160 2013 τοῦτο
1195 1961 1301 2029 γὰρ
1337 1959 1537 2012 ἐκείνου
1580 1963 1798 2029 σημεῖον

174 2047 378 2117 ἔφησεν
409 2042 563 2099 εἶναι.
586 2038 749 2106 Οὗτος
785 2046 957 2097 τοίνυν
981 2048 1009 2098 6
1045 2046 1243 2115 Πέτρος
1274 2047 1483 2099 άπαντα
1516 2045 1671 2115 ῥίψας
1700 2047 1798 2097 ὅσα

176 2128 312 2198 εἶχε,
342 2131 399 2183 τὸ
423 2131 649 2192 δίκτυον,
682 2130 749 2181 :6
781 2130 837 2181 ἐν
860 2130 935 2199 τῷ
969 2130 1133 2199 πλοίῳ
1164 2132 1354 2193 πάντα,
1399 2133 1491 2182 καὶ
1522 2132 1675 2198 ἀφεὶς
1702 2130 1796 2199 τὴν

175 2216 460 2279 θάλατταν,
487 2216 582 2284 τὴν
606 2214 813 2285 τέχνην,
852 2215 947 2282 τὴν
972 2215 1160 2267 οἰκίαν.
1188 2215 1276 2284 Μὴ
1291 2216 1395 2284 γάρ
1418 2213 1481 2284 δὴ
1502 2216 1654 2267 τοῦτο
1681 2214 1796 2265 ἴδω-

180 2315 303 2367 μεν,
332 2300 411 2351 ὅτι
441 2298 593 2365 ὀλίγα
618 2298 809 2362 ταῦτα,
845 2298 954 2350 ἀλλ’
980 2299 1058 2348 ὃτι
1088 2299 1259 2350 πάντα
1291 2298 1355 2349 :6
1399 2298 1522 2351 ὄντα
1543 2317 1555 2332 ο
1588 2300 1679 2350 καὶ¹
1701 2297 1797 2366 τὴν

174 2382 482 2449 προθυμίαν
515 2382 895 2449 ἐπαινέσωμεν.
919 2382 1022 2433 K61
1041 2381 1145 2448 γὰρ
1165 2383 1195 2449 ἠ
1222 2382 1287 2433 τά
1309 2380 1399 2434 δύο
1429 2382 1797 2434 καταϐαλοῦσα

175 2466 405 2534 δηνάρια
453 2468 510 2517 06
558 2466 717 2517 πολὺν
762 2467 918 2530 ὄγκον
985 2466 1246 2533 κατέθηκε
1301 2466 1610 2534 χρημάτων,
1665 2466 1796 2517 ἀλλά

176 2552 343 2602 πολὺν
388 2551 607 2602 πλοῦτον
640 2551 943 2615 ἐπεδείξατο
992 2552 1374 2619 προαιρέσεως,
1422 2551 1665 2617 καθάπερ
1708 2551 1796 2603 καὶ

174 2624 331 2695 οὗτος
379 2636 433 2685 ἐν
476 2633 636 2701 πολλῇ
702 2634 859 2701 πενίᾳ
908 2633 1141 2702 μεγάλην
1184 2634 1435 2702 εὐπορίαν
1502 2635 1797 2702 προθυμίας

174 2718 495 2785 παρέσχετο.
541 2718 712 2786 Ὅπερ
745 2716 849 2784 γάρ
902 2715 1067 2786 ἑτέρῳ
1111 2718 1299 2786 χωρία,
1346 2716 1437 2768 καὶ
1478 2717 1793 2785 ἀνδράποδα,

174 2802 272 2852 καὶ
298 2802 583 2868 οἰκήματα,
638 2802 726 2851 καὶ
775 2801 1007 2869 χρυσίον,
1036 2802 1193 2851 τοῦτο
1238 2802 1424 2868 ἐκείνῳ
1468 2801 1526 2851 τδ
1569 2801 1793 2860 δίκτυον,

174 2886 271 2935 καὶ
300 2886 332 2951 ἠ
363 2885 610 2943 θάλαττα,
647 2886 737 2934 καὶ
774 2886 803 2950 ἡ
848 2885 1027 2949 τέχνη.
1060 2886 1149 2933 καὶ
1181 2885 1239 2933 τὸ
1271 2884 1467 2933 πλοῖον.
1519 2882 1601 2949 Μὴ
1627 2884 1797 2933 τοίνυν

171 2965 334 3017 τοῦτο
358 2965 570 3033 ἴδωμεν,
595 2967 641 3015 εί
670 2964 820 3029 ὀλίγα
846 2964 1070 3030 ἀφῆκεν,
1093 2964 1201 3014 ἀλλ’
1229 2966 1275 3015 εί
1306 2964 1378 3032 μὴ
1408 2966 1575 3016 πάντα
1603 2966 1793 3032 ἀφῆκε.

173 3050 345 3101 Τοῦτο
374 3050 478 3119 γάρ
511 3050 621 3101 ἐστι
640 3049 699 3100 τὸ
725 3048 1060 3115 ζητούμενον.
1091 3051 1186 3101 οὐκ
1207 3048 1355 3116 ὀλίγα
1384 3050 1416 3118 ἢ
1446 3050 1607 3101 πολλὰ
1635 3067 1792 3100 καταο

173 3134 367 3195 θεῖναι,
404 3132 535 3185 ἀλλά
578 3134 735 3200 μηδὲν
780 3133 979 3185 ἐλάττω
1024 3136 1118 3202 τῆς
1165 3135 1365 3195 οἰκείας
1396 3135 1665 3201 δυνάμεως
1686 3136 1795 3184 είσ-

174 3220 433 3283 ενεγκείν.
460 3218 638 3269 Πάντα
665 3218 837 3268 τοίνυν
865 3218 1038 3284 ἀφεὶς,
1070 3219 1160 3269 καὶ
1196 3218 1441 3287 πατρίδα,
1472 3218 1561 3269 καὶ
1602 3217 1792 3277 οἰκίαν,

174 3304 272 3355 X61
312 3302 513 3368 φίλους,
550 3303 641 3353 καὶ
683 3304 971 3368 συγγενεῖς,
1012 3303 1104 3353 καὶ
1144 3302 1307 3369 αὐτὴν
1343 3304 1437 3369 τὴν
1477 3302 1792 3368 ἀσφάλειαν·

174 3386 271 3438 καὶ
322 3384 428 3452 γάρ
465 3385 554 3437 τὸν
604 3384 768 3453 δῆμον
818 3385 907 3435 τὸν
950 3386 1227 3436 Ἰουδαϊκὸν
1282 3386 1453 3452 ἑαυτῴ
1504 3385 1673 3452 τούτῳ
1722 3385 1797 3453 τῷ

173 3469 360 3539 τρόπῳ
382 3468 783 3535 ἐξεπολέμησεψ
810 3468 945 3532 Ἤδη
976 3468 1100 3535 γάρ,
1142 3470 1288 3536 φησὶ,
1320 3468 1633 3521 συνέθεντο
1667 3470 1798 3520 ’1ου-

173 3553 350 3615 δαῖοι,
380 3553 485 3603 ἐάν
532 3569 618 3614 τις
665 3551 1001 3617 ὁμολογήσῃ
1030 3552 1210 3603 αὑτὸν
1244 3551 1510 3617 Χριστόν.
1540 3553 1797 3603 ἀποσυν-

174 3638 401 3705 άγωγος
422 3635 673 3704 γένηται.
694 3636 848 3687 Ὅθεν
875 3636 1046 3703 δῆλον,
1071 3637 1149 3687 ὅτι
1176 3637 1271 3686 οὑκ
1299 3636 1650 3703 ἁμφέόαλλεν,
1682 3638 1797 3689 οὐδὲ

174 3721 429 3774 ἐδεδοίκει
461 3720 699 3788 περὶτῆς
727 3719 995 3786 βασιλείας
1027 3720 1133 3770 τῶν
1164 3718 1418 3788 οὐρανῶν,
1442 3718 1574 3771 ἀλλά
1599 3722 1796 3787 σφόδρα

174 3805 481 3866 ἐπέπειστο,
528 3805 620 3856 καὶ
648 3805 740 3856 ἀπ’
767 3805 932 3869 αὐτῆς
966 3805 1063 3871 τῆς
1094 3804 1199 3855 τῶν
1230 3804 1557 3870 πραγμάτων
1589 3805 1798 3855 ἀποδεί-

176 3889 333 3954 ξεως,
370 3890 463 3940 καὶ
491 3890 593 3958 πρὸ
620 3888 713 3955 τῆς
739 3888 844 3939 τῶν
872 3888 1197 3955 πραγμάτων
1224 3886 1538 3950 ἀποδείξεως
1570 3888 1673 3939 ἀπὺ
1700 3890 1795 3954 τῆς

172 3973 271 4025 τοῦ
317 3971 562 4040 Σωτῆρος
608 3974 801 4037 φωνῆς.
834 3972 909 4021 ὅτι
948 3971 1332 4038 κληρονομήσει
1371 3971 1581 4031 πάντως
1612 3972 1791 4039 αὑτήν.

174 4057 359 4110 Εἰπὼν
382 4057 505 4124 γὰρ,
532 4056 612 4107 ὃτι
643 4055 833 4121 Ἡμεῖς
859 4055 1165 4120 ἀφήκαμεν
1192 4054 1399 4113 πάντα,
1425 4055 1518 4105 καὶ
1547 4056 1798 4118 ἠκολου-

176 4139 446 4207 θήσαμέν
468 4154 584 4202 σοι,
623 4139 679 4189 τί
716 4136 858 4204 ἡμῖν
882 4137 1079 4198 ἐσται;
1118 4137 1380 4205 ἀπεκρίθη
1411 4138 1589 4198 αὐτοῖς
1615 4141 1642 4189 ό
1670 4140 1799 4207 Χρι-

178 4225 323 4285 στὸς,
351 4225 431 4275 ὅτι
460 4221 805 4288 Καθήσεσθε
830 4221 925 4272 ἐπὶ
956 4220 1177 4272 δώδεκα
1206 4222 1468 4286 θρόνους,
1497 4223 1797 4287 κρίνοντες

175 4307 285 4371 τὰς
348 4306 567 4357 δώδεκα
630 4302 823 4370 φυλὰς
870 4304 974 4355 τοῦ
1028 4303 1278 4368 Ἰσραήλ.
1333 4303 1511 4355 Ταῦτα
1566 4305 1620 4355 δὲ
1670 4322 1798 4357 κατ·

177 4388 467 4449 εσκεύασα,
499 4388 582 4439 ἴνα
624 4388 749 4438 ὅταν
794 4386 946 4449 δείξω
987 4387 1141 4437 αὑτὸν
1182 4388 1489 4451 ἀγωνιῶντα
1520 4390 1656 4456 ὑπὲρ
1691 4391 1797 4440 τῶν

180 4472 496 4534 συνδούλων,
546 4472 619 4540 μὴ
654 4472 808 4539 εῐπῃς
837 4470 915 4521 ὅτι
949 4471 1083 4539 ὑπὲρ
1123 4470 1308 4521 ἑαυτοῦ
1354 4472 1623 4524 ἐδεδοίκει.
1676 4473 1796 4534 Πῶς

177 4557 287 4623 γάρ
315 4554 378 4607 ἂν
402 4556 618 4619 ἔδεισεν,
658 4552 817 4605 αὑτοῦ
862 4553 951 4603 τοῦ
1007 4553 1276 4620 μέλλοντος
1313 4556 1470 4606 αὑτὸν
1511 4556 1795 4620 στεφανοῦν

178 4640 589 4707 ἀποφηναμένου
621 4639 755 4705 ὑπὲρ
799 4636 891 4687 τοῦ
941 4638 1197 4703 στεφάνου
1236 4641 1327 4689 καὶ
1365 4638 1471 4689 τῶν
1504 4640 1793 4707 βραδείων;

180 4722 344 4786 Οὗτος
366 4724 537 4776 τοίνυν
564 4726 591 4775 6
631 4723 847 4788 Πέτρος,
885 4724 911 4771 6
946 4722 1117 4771 πάντα
1149 4722 1321 4788 ἀφεὶς,
1349 4725 1377 4773 ὀ
1411 4723 1623 4791 θαρρῶν
1663 4726 1796 4794 ὑπὲρ

178 4814 276 4878 τῆς
301 4807 563 4877 βασιλείας
588 4806 691 4857 τῶν
721 4805 977 4872 οὐρανῶν,
1003 4806 1372 4873 προσελθόντος
1397 4810 1521 4857 ποτέ
1549 4809 1795 4861 πλουσίου

180 4895 339 4955 τινὸς,
374 4893 464 4943 καὶ
493 4891 728 4951 εἰπόντος
760 4889 835 4956 τῷ
867 4890 1095 4957 Χριστῷ,
1126 4890 1182 4941 Τί
1208 4890 1431 4953 ποιήσω
1465 4893 1561 4943 ἵνα
1589 4898 1796 4960 κληρο-

178 4978 421 5046 νομήσω
454 4975 600 5043 ζωὴν
642 4973 872 5025 αἰώνιον
886 4990 904 5035 ;
938 4974 1029 5023 καὶ
1072 4972 1160 5023 τοῦ
1199 4974 1424 5041 Χριστοῦ
1466 4978 1593 5044 πρὸς
1644 4980 1795 5028 αὐτὸν

182 5070 632 5139 ἀποκριναμένου,
680 5069 746 5119 El
784 5067 969 5129 θέλεις
998 5066 1214 5129 τέλειος
1243 5062 1409 5128 εῖναι,
1442 5067 1643 5133 ὕπαγε,
1679 5069 1795 5119 πώ-

180 5167 376 5231 λησόν
416 5177 529 5213 σου
574 5161 645 5212 τὰ
682 5158 1033 5225 ὑπάρχοντα,
1088 5158 1180 5209 καὶ
1227 5158 1327 5221 δός
1380 5161 1644 5226 πτωχοῖς,
1701 5166 1793 5215 καί

181 5259 353 5323 δεῦρο
414 5256 719 5308 ἀκολούθει
758 5270 884 5321 μοι·
938 5250 1052 5304 εἶτα
1100 5254 1229 5323 πρὸς
1276 5255 1427 5305 τοῦτο
1478 5254 1795 5323 λυπηθέντος

180 5350 521 5412 ἐκείνου,,καὶ
549 5348 783 5414 λέγοντος
804 5350 912 5408 τοῖς
941 5348 1201 5415 μαθηταῖς
1230 5348 1319 5398 τοῦ
1342 5348 1590 5414 Χριστοῦ,
1608 5350 1795 5414 Ὁρᾶτε

180 5444 304 5508 πῶς
339 5442 643 5505 δυσκόλως
668 5442 1024 5507 εἰσέρχονται
1056 5444 1107 5492 οἱ
1144 5443 1418 5492 πλούσιοι
1450 5445 1534 5503 εἰς
1563 5442 1795 5507 τὴνβα-

180 5538 412 5590 σιλείαν
449 5534 562 5586 τῶν
598 5534 891 5599 οἰψανῶν·
936 5534 1112 5599 ἀμὴν,
1140 5534 1296 5600 ἀμὴν
1326 5534 1477 5598 λέγω
1510 5534 1664 5599 ὑμῖν,
1710 5536 1793 5585 ὅτι

183 5632 574 5697 εὐκοπώτερόν
600 5631 725 5685 ἐστι
755 5629 1018 5697 κάμηλον
1034 5630 1127 5682 διὰ
1152 5631 1521 5696 τρυπήματος
1544 5632 1788 5696 ῥαφίδος

866 422 931 475 ΙΝ
970 422 1191 488 ιιιυι),
1232 423 1363 479 "0C
1401 424 1684 480 SCI'I‘OTE
1721 421 1904 489 QUOD
1940 420 2003 475 IN
2037 419 2415 476 NOVISSIMIS
2454 420 2715 485 DIEBUS,
2758 423 2905 478 ETC.

3398 461 3509 518 276

1892 534 2200 596 είσελθεῖν,
2238 537 2275 601 ἢ
2321 537 2611 589 πλούσιον
2632 538 2715 600 είς
2738 536 2849 601 τὴν
2867 538 3186 599 βασιλείαν
3210 541 3312 593 τοῦ
3336 546 3477 599 Θεοῦ
3496 563 3510 577 ο

1891 620 1920 670 6
1942 619 2161 688 Πέτρος,
2186 621 2213 670 6
2235 620 2509 687 ἀκτήμων,
2539 620 2566 670 6
2601 620 2813 689 θαρρῶν
2845 621 2981 689 ὑπὲρ
3009 625 3107 689 τῆς
3145 623 3432 690 βασιλείας,
3485 632 3515 683 6

1893 703 2025 771 ὑπὲρ
2063 703 2159 771 τῆς
2187 703 2373 754 ἑαυτοῦ
2401 704 2472 771 μὴ
2501 703 2745 765 δεδοικὼς
2784 706 3067 773 σωτηρίας,
3099 709 3126 758 6
3158 714 3513 778 πεπεισμένος

1894 787 2075 853 σαφῶς
2104 788 2227 855 περὶ
2252 787 2350 853 τῆς
2382 788 2496 838 ἐκεῖ
2518 787 2660 854 αὐτῷ
2679 789 3037 856 ἀποκειμένης
3066 791 3246 858 τιμῆς,
3282 796 3512 857 ἀκούσας

1892 872 2059 923 ταῦτα
2102 871 2271 936 ἔλεγε*
2324 872 2416 934 Τίς
2451 871 2689 923 δύναται
2729 872 3023 938 σωθῆναι;
3056 875 3119 925 Τί
3166 875 3423 937 δέδοικας,
3468 874 3512 929 ὦ

1896 957 2126 1023 μακάριε
2155 956 2363 1023 Πέτρες
2400 955 2450 1005 τί
2491 956 2753 1022 ἀγωνιᾷς;
2793 958 2842 1005 τί
2876 958 3124 1025 τρέμεις;
3165 960 3341 1012 Πάντα
3368 963 3511 1030 ἔρρι-

1892 1037 2015 1103 ψας,
2048 1038 2219 1089 πάντα
2269 1038 2513 1104 ἀφῆκας·
2570 1038 2693 1104 περὶ
2726 1037 2829 1088 τῶν
2870 1040 3229 1093 πλουτούντων
3272 1045 3299 1094 6
3337 1044 3507 1110 λόγος.

1893 1120 2109 1171 ἐκείνων
2157 1120 2448 1187 κατηγορία
2492 1120 2551 1170 τὸ
2582 1120 2893 1187 λεγόμενονο
2940 1125 3000 1173 σὺ
3036 1125 3090 1175 δὲ
3128 1128 3183 1178 ἐν
3223 1128 3377 1195 πενίᾳ
3421 1130 3513 1178 καὶ

1896 1203 2241 1272 ἀκτημοσύνῃ
2272 1205 2527 1265 διατελεῖς
2555 1205 2679 1267 ζῶν.
2714 1206 2845 1256 Ἀλλ’
2875 1208 2932 1258 οὐ
2962 1209 3021 1258 τὸ
3046 1211 3276 1275 ἐμαυτοῦ
3308 1214 3509 1273 σκοπῶ,

1896 1288 2077 1355 φησὶν,
2106 1288 2237 1339 ἀλλά
2264 1290 2354 1339 καὶ
2398 1288 2456 1338 τὸ
2487 1289 2683 1357 ἐτέρων
2723 1290 2997 1357 συμφέρον
3037 1292 3196 1360 ζητῶ.
3240 1296 3334 1346 Διά
3362 1298 3513 1347 τοῦτο

1897 1373 2034 1439 ὑπὲρ
2077 1373 2182 1422 τῶν
2227 1371 2343 1423 καθ’
2387 1372 2569 1422 ἐαυτὸν
2613 1372 2841 1441 θαρρῶν,
2885 1374 3019 1442 ὑπὲρ
3058 1376 3162 1426 τῶν
3206 1378 3376 1429 ἄλλων
3420 1379 3514 1446 τὴν

1895 1453 2040 1523 [284]
2065 1455 2249 1506 πεῦσιν
2272 1456 2581 1522 προσήγαγε
2620 1455 2806 1521 λέγων,
2840 1458 2931 1519 Τίς
2951 1456 3192 1509 δύναται
3226 1462 3514 1525 σωθῆναι;

1962 1536 2022 1588 ε’.
2043 1532 2191 1597 Εἶδες
2206 1537 2309 1587 τῶν
2336 1539 2638 1590 ἀποστόλων
2662 1540 2756 1607 τὴν
2778 1540 3120 1608 κηδεμονίαν;
3145 1544 3258 1603 πῶς
3278 1545 3332 1594 ἒν
3361 1546 3515 1612 σῶμά

1894 1622 2059 1681 είσιν;
2093 1616 2227 1680 εἶδες
2258 1622 2370 1681 πῶς
2398 1622 2489 1672 καὶ
2520 1624 2654 1689 ὑπὲρ
2678 1624 2782 1674 τῶν
2809 1628 3083 1692 παρόντων
3126 1629 3214 1677 καὶ
3244 1629 3377 1697 ὑπὲρ
3408 1631 3513 1680 τῶν

1898 1704 2190 1771 μελλόντων
2214 1705 2455 1755 ἐδεδοίκει
2479 1710 2505 1757 6
2537 1708 2761 1773 Πέτρος;
2796 1708 2945 1759 Οῦτω
2972 1712 3061 1761 καὶ
3107 1714 3133 1761 6
3175 1712 3394 1773 Παῦλος.
3426 1715 3513 1765 Διὸ

1896 1790 2062 1856 ἐλεγε·
2112 1789 2455 1850 Γινώσκετε,
2496 1792 2581 1842 ὅτι
2622 1794 2688 1843 ἐν
2718 1793 2995 1859 ἐσχάταις
3023 1796 3261 1862 ἡμέραις
3299 1800 3510 1866 ἐνστή-

1895 1889 2097 1925 σονται
2138 1876 2322 1939 καιροί
2364 1877 2630 1940 χαλεποί.
2678 1879 2783 1927 Καὶ
2831 1879 3057 1947 ἀλλαχοῦ
3101 1882 3155 1932 δὲ
3194 1881 3345 1933 τοῦτο
3375 1886 3515 1934 ποιεῖ

1895 1958 2069 2010 πάλιν.
2102 1958 2311 2026 Ἐπειδὴ
2329 1959 2433 2025 γὰρ
2451 1959 2634 2027 ἔμελλε
2654 1959 2831 2011 λοιπὸν
2852 1962 3172 2028 ἀφίστασθαι
3198 1966 3295 2033 τῆς
3311 1967 3508 2029 Ἀσίας.

1894 2043 1985 2093 καὶ
2017 2044 2105 2095 ἐπὶ
2132 2042 2229 2110 τὴν
2261 2042 2470 2110 Ῥώμην
2504 2043 2745 2109 ἄγεσθαι,
2772 2047 2863 2097 καὶ
2900 2047 3103 2099 ἐκεῖθεν
3128 2051 3215 2100 ἐπί
3242 2051 3329 2102 τὸν
3352 2052 3510 2119 οὐρα.

1894 2125 1980 2176 νὺν
2015 2125 2305 2193 ἀποδημεῖν
2326 2142 2337 2153 '
2374 2129 2401 2178 6
2446 2127 2665 2189 θάνατος
2693 2129 2798 2197 γὰρ
2822 2129 2925 2180 τῶν
2958 2132 3121 2196 ἀγίων
3141 2134 3237 2184 οὐκ
3278 2134 3387 2185 ἔστι
3421 2135 3511 2186 θά-

1895 2225 2064 2270 νατος,
2103 2209 2233 2260 ἀλλά
2277 2213 2596 2277 μετάστασις
2620 2214 2724 2264 ἀπὸ
2752 2216 2849 2281 γῆς
2878 2216 2955 2276 είς
2987 2217 3228 2284 οὐρανὸν,
3263 2219 3368 2269 ἀπὸ
3404 2221 3511 2271 τῶν

1894 2293 2180 2346 ἐλαττόνων
2210 2295 2289 2355 είς
2326 2295 2393 2346 :6
2432 2295 2634 2363 βελτίω,
2680 2298 2785 2349 ἀπὸ
2829 2300 2931 2349 τῶν
2966 2300 3254 2352 συνδούλων
3297 2304 3386 2353 ἐπὶ
3422 2305 3510 2355 τὸν

1893 2378 2179 2446 Δεσπότην,
2205 2379 2310 2430 ἀπὸ
2336 2380 2441 2431 τῶν
2466 2380 2758 2449 ἀνθρώπων
2775 2384 2904 2449 πρὸς
2922 2386 3043 2445 τοὺς
3069 2387 3323 2451 ἀγγέλους
3346 2404 3357 2415 '
3392 2390 3511 2441 ἐπεὶ

1894 2460 1985 2515 οὖν
2013 2463 2230 2531 ἔμελλεν
2274 2467 2486 2518 ἀπιέναι
2530 2467 2664 2536 πρὸς
2690 2470 2780 2519 τὸν
2817 2470 2923 2520 τῶν
2958 2472 3204 2524 ἀπάντων
3240 2476 3509 2544 Δεσπότην

1894 2547 2040 2611 Θεὸν,
2077 2551 2166 2598 καὶ
2196 2549 2262 2599 τὰ
2291 2551 2406 2601 καθ’
2436 2552 2617 2601 ἑαυτὸν
2644 2554 2814 2603 πάντα
2848 2555 3021 2614 καλῶς
3045 2557 3370 2626 ᾡκονόμησε.
3405 2562 3510 2612 Καὶ

1892 2630 1998 2699 γὰρ
2033 2631 2117 2680 τὸν
2143 2632 2345 2699 χρόνον,
2394 2634 2449 2684 ὃν
2490 2636 2647 2702 συνῆν
2683 2638 2791 2695 τοῖς
2833 2637 3112 2703 μαθηταῖς,
3158 2641 3291 2705 μετά
3336 2644 3510 2711 πάσης

1892 2716 2168 2783 ἀκριϐείας
2203 2716 2297 2782 τὴν
2333 2718 2667 2768 διδασκαλίαν
2692 2720 2869 2777 αὐτοῖς
2908 2722 3185 2788 παρέθετο,
3218 2724 3307 2773 καὶ
3338 2725 3505 2791 λέγει·

1893 2799 2157 2861 Καθαρός
2186 2799 2297 2863 ἐγὼ
2340 2800 2453 2850 ἀπὸ
2502 2800 2604 2851 τοῦ
2640 2802 2880 2866 αἵματος
2932 2804 3184 2867 πάντων,
3231 2809 3319 2858 καὶ
3364 2811 3511 2861 οὐδὲν

1895 2879 2149 2939 ἐνέλιπον,
2186 2882 2335 2947 φησὶ,
2366 2882 2471 2931 τῶν
2500 2883 2811 2947 ὀφειλόντων
2844 2888 3201 2957 εἰσενεχθῆναι
3240 2891 3368 2959 πρὸς
3409 2910 3512 2943 σω-

1892 2964 2102 3032 τηρίαν.
2146 2965 2207 3014 Τί
2258 2962 2376 3025 οὗνς
2424 2967 2603 3035 ἐπειδὴ
2648 2970 2714 3018 τὰ
2775 2969 2891 3019 καθ’
2938 2973 3121 3025 ἑαυτὸν
3165 2976 3507 3042 ἠσφαλίσατο,

1894 3048 2075 3117 ἐπειδὴ
2105 3049 2437 3114 ἐγκαλεῖσθαι
2460 3052 2556 3102 οὑκ
2591 3052 2815 3119 ἤμελλεν
2842 3054 2946 3105 ἀπὸ
2970 3056 3059 3106 τοῦ
3086 3062 3347 3110 Δεσπότου
3377 3063 3511 3131 ὑπὲρ

1895 3133 1998 3183 τῶν
2031 3135 2145 3184 κατ’
2179 3135 2337 3185 αὑτὸν
2382 3136 2604 3202 χρόνων,
2628 3131 2732 3203 ἆρα
2764 3137 2999 3206 ἠμέλησε
3035 3141 3139 3192 τῶν
3177 3145 3309 3209 μετὰ
3345 3147 3509 3199 ταῦτα

1893 3217 2108 3285 ψυχῶνς
2137 3219 2392 3286 Οὐδαμῶς
2416 3236 2428 3248 ⁸
2464 3220 2575 3271 ἀλλ’
2599 3219 2779 3288 ὥσπερ
2809 3223 3010 3288 μέλλων
3039 3227 3128 3275 καὶ
3168 3228 3385 3281 ἐκείνων
3422 3231 3511 3281 εὐ-

1895 3303 2054 3363 θύνας
2084 3304 2319 3370 ὑπέχειν,
2344 3304 2512 3365 οὕτως
2535 3308 2757 3358 κάκεῖνα
2797 3309 2931 3373 μετὰ
2962 3312 3135 3377 πάσης
3162 3314 3336 3376 αὐτοῖς
3367 3315 3510 3382 λέγει

1892 3390 1988 3454 τῆς
2022 3387 2318 3454 ἀκριϐείας.
2352 3390 2441 3439 καὶ
2464 3390 2597 3438 66:11
2632 3390 2665 3440 ἃ
2696 3392 2850 3441 πάλιν
2889 3394 3278 3463 ἀναγνώσωμεν
3315 3400 3377 3449 τά
3412 3402 3508 3467 ρή-

1898 3486 2056 3539 ματα·
2088 3472 2430 3537 Προσέχετε,
2466 3475 2645 3540 φησὶν,
2680 3474 2907 3537 ἑαυτοῖς
2951 3477 3044 3527 καὶ
3079 3482 3247 3531 παντὶ
3279 3482 3355 3543 τῷ
3384 3501 3510 3537 ποι-

1890 3554 2057 3620 μνίῳ.
2092 3550 2238 3615 Εἶδες
2287 3556 2399 3615 πῶς
2436 3551 2503 3621 ἦν
2542 3556 2907 3623 συνδεδεμένος
2944 3560 3117 3610 αὐτῶν
3148 3566 3209 3630 τῇ
3244 3567 3509 3631 φροντίδις

1907 3639 2086 3704 Ἡμῶν
2124 3638 2218 3705 μὲν
2257 3641 2361 3707 γάρ
2400 3641 2620 3701 ἕκαστος
2644 3642 2708 3691 τὰ
2748 3643 2864 3693 καθ’
2890 3644 3071 3694 ἐαυτὸν
3103 3650 3351 3715 μεριμνᾷ,
3390 3650 3417 3698 6
3455 3651 3509 3700 δὲ

1896 3722 2166 3792 προεστὼς
2198 3724 2264 3774 :6
2308 3726 2537 3776 πάντων.
2581 3726 2667 3775 Διό
2708 3743 2835 3794 φησι
2863 3728 2985 3795 περὶ
3026 3730 3129 3780 τῶν
3159 3731 3509 3784 διδασκάλωνο

1898 3808 2120 3869 Οίτινες
2162 3808 2565 3874 ἀγρυπνοῦσιν
2610 3809 2753 3875 ὑπὲρ
2809 3809 2921 3862 τῶν
2966 3814 3173 3879 ψυχῶν
3210 3816 3386 3882 ὑμῶν,
3433 3819 3511 3881 ὡς

1895 3894 2077 3957 λόγον
2109 3892 2539 3956 ἀποδώσοντες.
2581 3893 2807 3962 Φοδερὸν
2842 3895 3002 3957 ὅντως
3042 3898 3098 3948 τὸ
3129 3902 3453 3969 κρυπτήριον
3482 3916 3507 3941 ιι

1898 3976 2033 4042 ὑπὲρ
2056 3976 2304 4025 τοσούτου
2345 3975 2511 4043 δήμου
2550 3977 2643 4038 τὰς
2675 3978 2893 4039 εὐθύνας
2932 3981 3172 4047 ὑπέχειν·
3219 3984 3349 4045 ἀλλ’,
3378 3986 3511 4055 ὅπερ

1898 4059 2097 4124 ἔλεγον,
2132 4058 2359 4118 καλέσας
2386 4059 2576 4123 αύτούς
2608 4076 2766 4126 φησι·
2799 4064 3122 4130 Προσέχετε
3148 4068 3374 4131 ἑαυτοῖς
3411 4072 3505 4122 καὶ

1896 4144 2066 4195 παντὶ
2104 4142 2180 4205 τῷ
2214 4143 2479 4207 ποιμνίῳ,
2514 4145 2580 4193 ἐν
2607 4137 2653 4206 ᾧ
2682 4145 2834 4211 ὑμᾶς
2873 4148 3033 4199 ἔθετο
3072 4150 3134 4199 τό
3174 4153 3408 4218 Πνεῦμα
3447 4154 3513 4205 τὸ

1897 4226 2061 4292 ἅγιον
2101 4226 2379 4289 ποιμένας
2422 4225 2517 4275 καὶ
2551 4225 2929 4291 ἐπισκόπους.
2968 4231 3030 4280 Τί
3067 4232 3311 4297 γέγονεν;
3371 4236 3511 4297 τίνος

1897 4312 2074 4361 ἕνεκεν
2106 4312 2410 4375 παραινεῖς;
2446 4312 2515 4375 μή
2544 4327 2593 4360 τι
2622 4313 2850 4379 προορᾷς
2878 4313 3073 4375 δεινόνς
3108 4318 3177 4383 μή
3209 4335 3257 4367 τι
3290 4320 3508 4385 179061.6-

1897 4412 2016 4454 πεις
2040 4393 2293 4460 χαλεπόν;
2330 4394 2399 4461 μή
2436 4409 2514 4453 τις
2538 4394 2791 4459 κίνδυνος,
2824 4399 2891 4464 μή
2923 4415 3002 4458 τις
3036 4402 3299 4467 συμφορὰ,
3327 4406 3397 4471 μή
3428 4421 3511 4465 τις

1898 4478 2159 4544 πόλεμος;
2195 4477 2324 4527 Εἰπέ
2347 4491 2361 4505 ’
2394 4477 2481 4527 καὶ
2500 4478 2604 4544 γάρ
2632 4478 2945 4546 ὑψηλότερος
2968 4483 2999 4549 ή
3010 4483 3120 4549 μῶν
3147 4485 3393 4552 ἕστηκας⁸
3417 4489 3511 4539 καὶ

1896 4563 1953 4612 οῦ
1980 4564 2044 4611 τά
2066 4563 2300 4628 παρόντα
2327 4560 2534 4627 βλέπεις
2561 4562 2733 4627 μόνον,
2757 4563 2885 4613 ἁλλά
2915 4566 3003 4615 καὶ
3020 4566 3086 4615 τὰ
3110 4568 3365 4634 μέλλοντα
3385 4587 3513 4637 προ-

1896 4649 2042 4715 ορᾷς.
2067 4648 2197 4699 Εἰπὲ
2226 4646 2396 4696 τοίνυν
2428 4647 2566 4706 τίνος
2602 4646 2780 4698 ἕνεκεν
2810 4651 3199 4715 παραγγέλλεις
3226 4654 3391 4705 ταῦτα
3420 4658 3513 4707 καὶ

1899 4734 2190 4797 παραινεῖς.
2224 4728 2385 4792 Οἶδα,
2419 4731 2597 4797 φησὶν,
2622 4731 2705 4780 ὅτι
2721 4734 2865 4796 μετὰ
2888 4734 2999 4798 τὴν
3024 4736 3223 4801 ἄφιξίν
3248 4756 3363 4804 μου
3391 4742 3510 4791 εισ-

1895 4816 2235 4867 ελεύσονται
2266 4816 2437 4865 λύκοι
2462 4815 2665 4879 βαρεῖς
2690 4819 2773 4877 είς
2800 4816 2863 4867 τὸ
2887 4819 3171 4884 ποίμνιον.
3210 4819 3354 4883 Εἶδες
3377 4825 3513 4891 ὅπερ

1896 4900 2095 4963 ελεγον,
2117 4899 2228 4959 πῶς
2247 4900 2341 4966 οὺχ
2362 4900 2496 4968 ὑπὲρ
2515 4900 2620 4949 τῶν
2645 4901 2763 4951 καθ’
2780 4902 2965 4953 ἑαυτὸν
2981 4905 3177 4971 χρόνων
3194 4907 3396 4975 ἀγωνιᾷ
3418 4911 3507 4960 καὶ

1895 4988 2092 5038 δέδοικε
2119 4988 2289 5053 μόνον,
2313 4988 2442 5037 ἀλλά
2469 4987 2558 5037 καὶ
2578 4988 2711 5057 ὑπὲρ
2730 4990 2833 5039 τῶν
2858 4990 2988 5055 μετὰ
3013 4992 3108 5058 τὴν
3128 4992 3303 5059 ἄφιξιν
3324 4995 3507 5059 66:06;

1896 5073 2350 5123 Εἱσελεύσονται
2380 5072 2484 5137 γὰρ
2508 5072 2696 5133 λύκοι,
2727 5074 2871 5139 φησί·
2899 5074 2990 5125 καὶ
3004 5078 3098 5143 οὐχ
3123 5078 3320 5139 ἁπλῶς,
3339 5079 3506 5145 λύκοι,

1896 5156 2044 5215 ἀλλὰ,
2079 5156 2252 5206 Λύκοι
2270 5154 2492 5218 βαρεῖς,
2524 5154 2607 5220 μὴ
2628 5156 2949 5223 φειδόμενοι
2980 5160 3083 5209 τοῦ
3108 5165 3399 5227 ποιμνιόυ.
3425 5167 3510 5215 Δι-

1897 5241 2055 5299 πλοῦς
2095 5241 2121 5288 ό
2170 5239 2417 5304 πόλεμος·
2449 5240 2675 5289 ἀπουσία
2709 5242 2933 5303 Παύλου,
2971 5245 3060 5292 καὶ
3082 5243 3259 5309 ἔφοδος
3290 5248 3394 5297 τῶν
3419 5249 3511 5300 λύ-

1896 5340 2019 5375 κων·
2043 5324 2157 5373 ούδὲ
2178 5325 2202 5372 ὀ
2220 5322 2523 5382 διδάσκαλος
2543 5324 2813 5390 πάρεστιν,
2832 5327 2919 5375 καὶ
2934 5327 2979 5375 οἱ
3000 5326 3511 5397 διαφθείροντεςέπι-

1896 5409 2175 5458 κείσονται.
2200 5408 2301 5455 Καὶ
2340 5408 2522 5457 σκόπει
2561 5410 2885 5475 κακουργίαν
2914 5410 3131 5479 θηρίων,
3156 5417 3246 5465 καὶ
3268 5417 3509 5485 πονηρῶν

1958 5643 1981 5668 ⁸
2006 5642 2081 5687 Sic
2105 5654 2185 5689 ms.
2214 5642 2307 5687 Sed
2325 5642 2452 5689 haud
2475 5642 2617 5690 dubie
2659 5644 2916 5703 legendum
2939 5647 3183 5705 κριτήριον.
