3990 6438
477 333 587 388 277

472 442 766 512 ἀνθρώπων
798 446 1033 497 ἐπίνοιαν
1055 465 1067 478 ·
1107 451 1202 518 τὴν
1228 451 1486 505 ἀπουσίαν
1517 459 1959 526 παρετηρὴσαντο
2002 458 2095 511 τοῦ

469 525 798 590 διδασκάλου,
835 532 925 581 καὶ
970 533 1085 584 τότε
1141 535 1386 588 ἐπέθεντο
1435 539 1511 606 τῷ
1558 544 1802 611 ποιμνίῳ.
1863 543 1926 594 Τί
1973 539 2096 607 οῦν;

472 613 928 681 ἀπροστατεύτους
960 621 1101 687 ἡμᾶς
1131 623 1240 689 ἐᾷς,
1271 625 1362 675 καὶ
1389 625 1664 694 προλέγεις
1709 629 1776 680 τὰ
1820 629 1962 681 δεινὰ
2003 631 2100 697 μό-

472 714 578 758 νον,
607 701 856 768 οὐδεμίαν
896 703 951 754 δέ
1001 707 1226 768 ἐπινοεῖς
1255 711 1631 777 παραμυθίαν;
1677 713 1832 765 Ἀλλά
1861 713 1924 765 ἂν
1955 713 2098 784 [285]

474 782 626 834 τοῦτο
649 788 822 854 ποιῇς,
855 789 1048 854 μᾶλλον
1080 791 1259 853 αὔξεις
1285 793 1379 862 τὴν
1398 795 1610 859 δειλίαν,
1640 800 1731 849 καὶ
1753 798 2101 859 καταϐάλλεις

473 865 538 917 τὰ
586 871 920 938 φρονήματα,
967 875 1058 924 καὶ
1102 876 1305 939 ἐκλύεις
1346 879 1412 931 τὰ
1455 881 1634 949 νεῦρα,
1670 883 1958 949 παραλύεις
2005 884 2100 944 τὰς

473 953 654 1017 χεῖρας
706 953 807 1004 τῶν
852 956 1166 1013 ἀκουόντων.
1197 963 1292 1013 Διά
1319 980 1398 1014 τοι
1430 964 1583 1016 τοῦτο
1621 967 1875 1034 πρότερον
1908 968 2098 1029 αὐτοὺς

471 1032 563 1084 τοῦ
593 1036 895 1104 Πνεύματος
926 1043 1250 1112 ἀνέμνησεν·
1291 1048 1382 1097 Ἐν
1406 1042 1452 1111 ᾧ
1479 1050 1624 1116 ὑμᾶς
1657 1052 1716 1101 τὸ
1756 1054 1992 1118 Πνεῦμα
2035 1054 2097 1105 τὸ

468 1117 635 1183 ἅγιον
681 1122 842 1173 ἔθετο
883 1128 1161 1192 ποιμένας
1194 1131 1289 1180 καὶ
1335 1133 1715 1198 ἐπισκόπους.
1748 1136 1863 1187 Κάν
1897 1117 2100 1199 Παῦλος

468 1201 622 1268 ἀπίῃ,
669 1207 846 1270 φησιν,
880 1209 989 1258 ἀλλ’
1020 1212 1046 1259 6
1092 1212 1436 1283 Παράκλητος
1484 1219 1757 1285 πάρεστιν.
1796 1217 1942 1281 Εἶδες
1986 1221 2099 1282 πῶς

469 1286 772 1352 ἐπτέρωσεν
798 1292 969 1342 αὐτῶν
995 1295 1090 1360 τὴν
1118 1294 1308 1364 ψυχὴν,
1338 1301 1643 1367 ἀναμνήσας
1671 1303 1761 1353 τοῦ
1785 1304 2097 1356 διδασκάλου

468 1369 559 1419 τοῦ
610 1370 770 1428 θείου.
809 1375 872 1424 δι’
901 1375 957 1424 ὃν
1003 1379 1093 1428 καὶ
1137 1381 1294 1441 αὐτὸς
1342 1383 1527 1451 παρὼν
1579 1385 1762 1452 ίσχυες
1812 1387 1964 1450 Τίνος
2008 1386 2099 1439 οὖν

469 1452 647 1504 ἕνεκεν
681 1457 757 1515 είς
786 1457 942 1522 φόϐον
970 1461 1244 1526 ἐνέϐαλεν;
1279 1467 1388 1516 Ἵνα
1417 1467 1614 1538 ἐκϐάλῃ
1647 1471 1800 1522 πάλιν
1821 1471 1914 1540 τὴν
1937 1474 2100 1542 ρᾳθυ-

472 1536 618 1601 μίαν.
638 1539 895 1609 Ἐκάτερα
931 1545 1035 1613 γάρ
1068 1547 1145 1597 δεῖ
1177 1553 1344 1599 ποιεῖν
1375 1551 1462 1602 τὸν
1491 1536 2099 1624 συμϐουλεύονταξμὴτε

469 1621 676 1684 ἀφιέναι
707 1624 922 1693 θαρρεῖν
961 1630 1048 1680 τὸν
1077 1633 1358 1695 ἀκούοντα,
1388 1637 1470 1687 ἵνα
1501 1621 1574 1705 μὴ
1619 1621 1978 1708 ῥᾳθυμότερος
2011 1621 2099 1706 γέ-

467 1720 620 1771 νηται
643 1723 654 1734 ·
688 1712 821 1776 μήτε
863 1713 1041 1776 φοὸεῖν
1069 1716 1222 1768 πάλιν
1254 1721 1430 1785 μόνον,
1466 1722 1547 1772 ἵνα
1579 1724 1649 1790 μὴ
1682 1726 1758 1784 είς
1785 1725 1979 1776 δειλίαν
2005 1728 2100 1792 ἐμ-

468 1789 624 1858 πέσῃ.
647 1791 979 1861 ’Λναμνὴσας
1010 1798 1106 1864 μὲν
1138 1796 1226 1852 οῦν
1251 1802 1342 1852 τοῦ
1377 1789 1702 1872 Πνεύματος,
1747 1809 1959 1870 ἐξέϐαλε
2004 1789 2098 1878 την

469 1873 692 1926 δειλίαν’
723 1879 888 1930 εἰπὼν
935 1881 989 1932 δέ
1033 1885 1155 1945 τοὺς
1187 1885 1400 1951 λύκους,
1432 1889 1644 1952 ἐξέϐαλε
1684 1893 1779 1960 τὴν
1812 1873 2098 1964 ρᾳθυμίαν.

468 1959 648 2010 Λύκοι
699 1962 926 2028 βαρεῖς,
950 1966 1035 2033 μὴ
1084 1971 1413 2038 φειδόμενοι
1447 1976 1547 2028 τοῦ
1579 1959 1868 2044 ποιμνίοιιξ
1918 1959 2100 2046 Προσ-

466 2043 631 2109 έχετε
670 2047 920 2115 ἑαυτοῖς.
955 2055 1141 2107 Οὐδὲν
1183 2059 1642 2128 ὑπεστειλάμην,
1674 2043 1836 2131 φησί·
1890 2043 2097 2135 μνημο-

467 2132 646 2184 νεύετέ
674 2152 793 2202 μου.
811 2139 1005 2191 Ἱκανὸν
1030 2141 1136 2209 γὰρ
1163 2144 1327 2206 ὅντως
1355 2148 1434 2207 είς
1459 2149 1517 2198 τὸ
1562 2148 1777 2218 Οαρῤεῖν
1803 2151 1861 2202 τὸ
1893 2132 2094 2221 μεμνῆ-

469 2215 587 2266 σθαι
622 2219 850 2275 Παύλου.
888 2226 995 2293 Ούχ
1024 2228 1205 2289 ἁπλῶς
1241 2230 1295 2280 δὲ
1324 2229 1464 2294 λέγει
1489 2233 1584 2302 τὴν
1614 2215 1826 2302 μνήμην
1854 2215 2099 2306 τῆν-ἐαυ-

467 2297 581 2357 τοῦ,
614 2301 744 2354 ἀλλὰ
772 2305 867 2372 τὴν
895 2311 1110 2376 μνήμην
1133 2313 1238 2362 τῶν
1269 2297 1842 2383 κατορθωμάτωνξλοντι
1876 2297 1979 2388 γάρ
2003 2325 2096 2392 οὐχ

466 2383 649 2445 ἁπλῶς
675 2386 818 2452 λέγει
841 2390 934 2454 τὴν
966 2394 1178 2461 μνήμην
1204 2396 1298 2462 τὴν
1325 2397 1503 2460 αὑτοῦ,
1530 2401 1641 2451 ἀλλ’
1663 2403 1744 2452 ἵνα
1770 2407 2095 2473 μεμνημένοι

468 2467 794 2536 ζηλὼσωσιν,
831 2474 1110 2527 ἀκούσοντι
1157 2479 1458 2546 ἐπήγαγεν·
1513 2488 1916 2550 Μνημονεύετέ
1964 2507 2093 2554 μου.

468 2553 554 2603 ὅτι
585 2556 838 2619 τριετίαν
874 2561 1061 2613 νύκτα
1101 2563 1195 2613 καὶ
1241 2566 1464 2632 ἡμέραν
1510 2571 1579 2620 οὺ
1625 2570 1921 2624 διέλειπον
1953 2578 2096 2641 μετὰ

466 2635 736 2702 δακρύων
764 2641 861 2692 καὶ
898 2642 1014 2694 τῶν
1038 2645 1304 2713 ὀδυρμῶν
1345 2651 1587 2704 ἐκείνων
1626 2654 1918 2718 ἁπάντων,
1953 2635 2098 2712 νου-

466 2721 648 2774 θετῶν
686 2724 791 2777 ἕνα
822 2727 1080 2779 ἕκαστον
1121 2731 1302 2798 ὑμῶν.
1333 2735 1439 2802 Οὐχ
1472 2737 1653 2799 ἁπλῶς
1678 2741 1817 2806 ὑμᾶς
1843 2741 2094 2812 βούλομαι

467 2810 771 2876 μεμνῆσθαί
801 2829 921 2880 μου,
953 2814 1085 2866 ἀλλὰ
1113 2818 1204 2868 καὶ
1228 2818 1317 2869 τοῦ
1350 2821 1534 2888 χρόνου
1564 2824 1653 2874 καὶ
1679 2827 1776 2892 τῆς
1798 2827 2092 2892 νουθεσίας,

464 2894 557 2942 καὶ
598 2895 693 2961 τῆς
741 2898 970 2964 σπουδῆς
1003 2902 1091 2950 καὶ
1132 2901 1237 2953 τῶν
1270 2904 1531 2970 δακρύων,
1584 2908 1671 2958 καὶ
1702 2909 1808 2959 τῶν
1854 2911 2095 2980 ὀδυρμῶν

462 2977 679 3026 ἐκείνων
714 2981 979 3034 ἁπάντων.
1013 2986 1270 3056 Καθάπερ
1312 2991 1415 3058 γὰρ
1448 2993 1537 3042 ἐπὶ
1565 2995 1670 3044 τῶν
1713 2977 2019 3063 καμνόντων
2045 3001 2094 3048 οἰ

464 3062 841 3129 προσήκοντες,
866 3068 1078 3120 ἐπειδὰν
1108 3072 1326 3135 πολλοὺς
1350 3077 1437 3126 καὶ
1466 3078 1707 3144 μακροὺς
1725 3062 2094 3143 ἀποτείναντες

460 3143 644 3211 λόγους
691 3148 762 3216 μὴ
807 3152 1061 3204 πεισθῶσι
1110 3155 1174 3206 τὰ
1224 3157 1328 3208 τῶν
1376 3160 1790 3227 ἀρρωστούντων
1839 3166 2092 3234 προέσθαι

463 3231 602 3281 σιτία
636 3234 725 3283 καὶ
749 3235 1028 3303 φάρμακα.
1056 3238 1392 3308 δακρύουσιν,
1411 3243 1546 3296 ὥστε
1571 3247 1764 3308 αὐτοὺς
1788 3231 2092 3318 ἐπικάμψαι

463 3314 687 3381 μᾶλλον·
740 3317 877 3370 οὓτω
924 3321 1015 3372 καὶ
1057 3323 1260 3385 Παῦλος
1303 3329 1394 3377 ἐπὶ
1436 3329 1541 3380 τῶν
1590 3330 1840 3398 μαθητῶν
1884 3314 2087 3385 ἐποίειο

459 3398 615 3464 ἡνίκα
660 3400 724 3452 ἂν
752 3399 886 3453 εἶδεν
915 3405 1232 3460 ἀσθενοῦντα
1279 3411 1365 3462 τὸν
1413 3413 1563 3478 λόγον
1605 3415 1699 3483 τῆς
1731 3417 2086 3482 διδασκαλίας,

458 3481 552 3548 τὴν
581 3483 867 3551 θεραπείαν
895 3489 990 3557 τὴν
1021 3493 1126 3543 ἀπὸ
1153 3494 1256 3545 τῶν
1288 3496 1532 3564 δακρύων
1560 3481 1823 3566 είσέφερε.

525 3623 703 3685 ς⁹.Τίς
738 3625 791 3676 δέ
815 3627 912 3678 οῦκ
945 3628 1008 3680 ἂν
1041 3631 1233 3700 ᾐδέσθη
1257 3635 1457 3688 Παῦλον
1483 3637 1775 3708 δακρύοντα
1797 3647 1887 3695 καὶ
1909 3646 2088 3714 ὀδυρόο

458 3723 613 3772 μενον
648 3709 807 3777 ὁρῶν,
832 3713 877 3763 εί
903 3715 992 3764 καὶ
1023 3716 1128 3766 τῶν
1151 3718 1308 3769 λίθων
1343 3721 1780 3795 ἀναισθητότερος
1810 3724 1907 3796 ἦνς
1941 3709 2088 3794 Εἶδες

455 3790 571 3850 πῶς
596 3793 753 3845 κάκεῖ
782 3800 1004 3865 προεῖπε
1049 3801 1114 3851 τὰ
1160 3803 1444 3868 μέλλοντας
1486 3790 1588 3858 Κάι
1617 3790 1844 3864 ἐνταῦθα
1871 3790 1930 3866 τὸ
1961 3790 2088 3869 αύτδ

453 3876 610 3928 τοῦτο
644 3884 783 3930 ποιεῖ
810 3881 1004 3946 λέγων·
1044 3887 1216 3939 Τοῦτο
1254 3889 1318 3940 δὲ
1342 3893 1671 3957 γινώσκετε,
1704 3897 1788 3948 ὅτι
1818 3899 1886 3950 ἐν
1909 3901 2087 3968 ἐσχά-

451 3976 578 4024 ταις
617 3963 856 4028 ἰὶμέραις
895 3967 1285 4034 ἐνστήσονται
1322 3978 1507 4040 καιροὶ
1546 3983 1812 4043 χαλεποί.
1849 3963 2084 4045 Τίνος-δὲ

451 4046 632 4099 ἕνεκεν
653 4049 894 4119 Τιμοθέῳ
926 4052 1086 4119 λέγει.
1120 4056 1208 4107 καὶ
1235 4057 1291 4107 οὐ
1305 4054 1467 4122 λέγει·
1503 4061 1770 4116 Ἰδέτωσαν
1797 4067 1851 4116 δὲ
1875 4070 1921 4118 οἱ
1952 4073 2085 4136 μετὰ

450 4131 619 4183 ταῦτα
652 4135 926 4200 μέλλοντες
959 4139 1215 4204 γίνεσθαι,
1248 4143 1324 4193 ὅτι
1364 4147 1700 4213 ἐνστήσονται
1736 4152 1912 4220 καιροὶ
1939 4153 2086 4220 χαλε-

452 4217 578 4278 ποί;
621 4218 775 4270 ’Λλλά
805 4223 1030 4285 γίνωσκε
1067 4227 1146 4285 σὺ,
1191 4228 1273 4278 ί-.α
1309 4230 1478 4299 μάθῃς
1524 4234 1601 4282 ὅτι
1646 4236 1735 4286 καὶ
1774 4238 1802 4287 6
1831 4217 2085 4308 *μαθητὴς

450 4302 645 4368 ὁμοίως
673 4304 748 4371 τῷ
776 4305 1072 4375 διδασκάλῳ
1099 4310 1202 4361 τῶν
1235 4314 1498 4382 ἐσομένων
1546 4318 1780 4384 κήδεται.
1818 4302 1947 4374 Ούδέ
1976 4302 2081 4394 γὰρ

450 4386 496 4435 εί
525 4385 596 4454 μὴ
626 4388 858 4454 ἐκὴδετο,
891 4394 1280 4462 παραπλησίως
1324 4399 1512 4468 ἐκείνῳ
1560 4402 1654 4471 τὴν
1700 4407 1948 4472 φροντίδα
1988 4385 2080 4461 ἐν’-

450 4468 639 4538 έθηκεν
665 4472 744 4524 ἄν.
776 4473 926 4526 Οὕτω
955 4480 1048 4529 καὶ
1078 4478 1104 4528 6
1127 4481 1353 4548 Χριστὸς
1375 4488 1550 4536 ποιεῖ·
1577 4468 1760 4557 ἐπειδὴ
1785 4490 1890 4559 γὰρ
1916 4511 2078 4560 προσ-

449 4553 605 4620 ῆλθον
637 4559 682 4607 οἱ
719 4559 969 4627 μαθηταὶ,
994 4562 1059 4613 τά
1092 4566 1330 4634 περὶτῆς
1357 4570 1655 4633 συντελείας
1686 4553 1873 4640 μαθεῖν
1901 4553 2077 4630 θέλον⁸

448 4656 554 4700 τες,
591 4643 718 4711 φησι
747 4645 879 4712 πρὸς
904 4648 1091 4711 αύτούς
1117 4669 1127 4678 ·
1156 4653 1494 4717 Μελλήσετε
1534 4656 1599 4708 δὲ
1640 4659 1875 4713 ἀκούειν
1900 4665 2075 4717 πολέ-

443 4743 610 4790 μους.
648 4729 753 4780 Καὶ⁷
806 4733 910 4798 μὴν
957 4735 1052 4785 οὐκ
1102 4737 1290 4789 ἐκεῖνοι
1346 4739 1561 4805 ἔμελλον
1609 4744 1944 4798 ἀκούειν.Ἓν
1971 4751 2075 4818 γάρ

449 4812 560 4860 ἐστι
609 4811 666 4862 τὸ
713 4813 865 4882 σῶμα
901 4817 1006 4867 τῶν
1038 4822 1255 4872 πιστῶν.
1297 4824 1402 4875 Καὶ
1434 4826 1678 4895 καθάπερ
1706 4831 1754 4881 οἱ
1779 4831 1896 4882 τότε
1927 4833 2073 4896 ὄντες

449 4896 572 4964 περὶ
620 4897 724 4948 τῶν
775 4900 1005 4970 ὑστέρων
1038 4904 1335 4968 ἀκούουσιν,
1369 4907 1507 4962 οὕτω
1529 4911 1589 4980 δὴ
1635 4914 1723 4964 καὶ
1754 4917 1908 4984 ἡμεῖς
1950 4921 2072 4988 περὶ

446 4980 551 5030 τῶν
571 4981 688 5033 τότε
713 4986 1008 5052 γενομένων
1037 4991 1566 5065 μανθάνομεν,”οπερ
1595 4999 1701 5066 γὰρ
1729 4980 1894 5063 εἶπον,
1923 4980 2071 5072 σῶμα

447 5062 502 5112 ἐν
530 5065 690 5130 ἐσμεν
724 5069 876 5134 ἡμεῖς
906 5072 1156 5131 κάκεῖνοι.
1194 5076 1324 5139 μετά
1368 5078 1640 5148 ἀκριϐείας
1683 5083 1924 5152 ἀλλήλοις
1951 5103 2070 5139 συν-

445 5146 730 5215 δεδεμένοι,
763 5153 808 5202 εί
847 5155 938 5203 καὶ
966 5156 1059 5208 τὴν
1085 5158 1314 5226 ἐσχάτην
1347 5161 1450 5210 τῶν
1486 5163 1655 5228 μελῶν
1683 5166 1941 5234 ἐπέχομεν
1978 5172 2070 5222 τά-

448 5229 525 5290 ξιν
546 5246 559 5258 ”
592 5232 682 5282 καὶ
709 5236 767 5284 τδ
801 5236 953 5302 σῶμα
983 5238 1136 5290 τοῦτο
1159 5243 1216 5290 οὐ
1242 5243 1438 5310 χρόνος
1471 5246 1744 5314 διίστησιν,
1780 5229 2031 5314 ούίτόπος
2052 5272 2064 5283 δ

447 5313 790 5382 συνδεδέμεθα
823 5318 926 5386 γὰρ
956 5321 1215 5390 ἀλλήλοις,
1251 5326 1310 5375 οὐ
1350 5327 1546 5394 νεύρων
1593 5313 1913 5397 περιϐολαῖς,
1956 5313 2066 5388 ἀλλ’

444 5395 656 5464 ἀγάπης
706 5398 849 5469 [286]
900 5403 1110 5471 δεσμοῖς
1159 5409 1598 5477 περιϐεϐλημένοι
1652 5395 1921 5469 πάντοθεν.
1974 5421 2066 5471 Διά

443 5479 594 5530 τοῦτο
619 5483 709 5532 κα)⁵
735 5485 953 5546 ἐκείνοις
985 5490 1104 5556 περὶ
1145 5492 1299 5557 ἡμῶν
1328 5493 1640 5560 διαλέγεται,
1679 5499 1768 5548 καὶ
1811 5504 1965 5566 ἡμεῖς
2001 5505 2066 5556 τά

441 5563 656 5614 ἐκείνων
684 5567 1196 5636 ἁκούσωμεν.¹’Λξιον
1222 5577 1274 5627 δὲ
1295 5576 1514 5645 ζητῆσαι
1545 5583 1771 5646 κάκεῖνο,
1805 5585 1853 5635 τί
1871 5585 2060 5652 δήποτε

1215 338 1267 392 S.
1308 339 1585 395 JOANNIS
1621 343 2094 399 CllliYSOSTOMI
2133 348 2443 408 ARCIHEP.
2480 356 3010 413 CONSTANTINOP.

3741 367 3836 420 278

2203 467 2470 534 πανταχοῦ
2491 469 2554 520 τὰ
2588 472 2878 540 σκυθρωπά
2898 472 3030 540 πρὸς
3051 470 3116 522 τά
3139 471 3262 537 τέλη
3279 469 3375 536 τῆς
3396 471 3674 539 παρούσης
3696 467 3824 535 ζωῆς

2201 551 2532 617 συνωθῆσθαί
2581 572 2729 621 φησι.
2766 557 2871 607 Καὶ
2900 555 3005 623 γὰρ
3037 554 3262 622 ἀλλαχοῦ
3300 554 3478 620 λέγει·
3529 555 3632 606 Ἐν
3661 552 3825 618 ἑσχιί-

2198 651 2324 697 ταις
2351 636 2591 702 ἡμέραις
2621 639 3067 702 ἀποστήσονταί
3095 656 3247 701 τινες
3274 637 3383 704 τῆς
3412 640 3670 701 πίστεως
3688 653 3700 664 ⁸
3744 638 3825 687 καὶ

2197 718 2423 770 ἐνταῦθα
2466 722 2621 789 πάλιν
2677 722 2857 789 λέγει·
2899 725 2990 774 Ἐν
3023 723 3299 788 ἐσχάταις
3341 721 3588 789 ἡμέραις
3629 722 3826 784 ἐνστή⁶

2199 820 2405 856 σονται
2466 786 2653 872 καιροί
2714 786 2981 872 χαλεποί.
3039 786 3146 859 Κάδι
3201 807 3228 856 6
3284 808 3514 876 Χριστὸς
3579 806 3828 873 σύμφωνα

2197 887 2400 948 τούτοις
2432 892 2826 958 προαναφωνῶν
2852 892 3027 957 ἔλεγεν
3046 910 3057 922 ·
3090 891 3210 941 Ἐπί
3230 891 3334 959 γὰρ
3355 892 3464 956 τῆς
3486 891 3828 954 συντελείας

2192 971 2523 1037 μελλήσετε
2560 976 2800 1026 ἀκούειν
2835 976 3127 1038 πολὲςιιους
3172 974 3267 1025 καὶ
3314 975 3497 1036 ἀκοὰς
3541 974 3828 1039 πολέμων,

2199 1056 2292 1106 καὶ
2317 1057 2527 1121 λιμοὺς
2552 1059 2645 1109 καὶ
2673 1061 2935 1126 λοιμούς.
2968 1059 3118 1120 Τίνος
3147 1057 3236 1109 οὖν
3266 1059 3445 1110 ἕνεκεν
3475 1062 3530 1111 ἐν
3563 1063 3629 1128 τῇ
3663 1076 3832 1110 συντε-

2199 1139 2312 1206 λείᾳ
2341 1141 2397 1191 τὸ
2429 1142 2652 1207 μέγεθος
2683 1145 2824 1212 καὶὴ
2858 1144 3066 1203 σύνοδος
3087 1145 3190 1193 τῶν
3217 1144 3538 1212 συμφορῶν;
3569 1145 3724 1204 Τινὲς
3746 1145 3833 1211 μέν

2199 1239 2374 1288 φασιν,
2403 1225 2481 1274 ὅτι
2533 1228 2805 1292 κάμνουσα
2839 1229 2869 1294 ἡ
2912 1227 3082 1288 κτίσις
3125 1231 3213 1279 καὶ
3242 1229 3558 1290 ἁσθενοῦσα,
3594 1229 3833 1296 καθάπερ

2202 1308 2355 1375 σῶμα
2401 1312 2701 1378 γεγηρακὸς
2746 1311 2908 1362 πολλὰ
2952 1313 3240 1364 ἐπισπᾶται
3271 1314 3336 1362 τὰ
3371 1314 3670 1380 νοσήματα,
3706 1313 3833 1364 οὓτω

2197 1394 2286 1441 καί¹
2345 1393 2476 1461 αύτὴ
2528 1396 2752 1463 γηρῶσα
2804 1397 2996 1457 πολλὰς
3049 1400 3339 1448 ἐπισπᾶται
3388 1398 3485 1458 τὰς
3534 1398 3829 1465 συμφοράς.

2211 1475 2365 1527 Ἀλλά
2391 1477 2448 1527 τὸ
2481 1477 2577 1544 μὲν
2615 1479 2767 1546 σῶμα
2811 1480 2950 1531 κατά
2991 1481 3195 1546 φύσεως
3228 1482 3502 1532 ἀσθένειαν
3554 1485 3652 1532 καὶ
3686 1484 3834 1549 νόμον

2198 1559 2288 1609 ἐπὶ
2315 1560 2373 1611 τὸ
2404 1561 2576 1630 γῆρας
2606 1563 2816 1630 ἔρχεται
2845 1581 2857 1592 ·
2891 1566 2938 1615 οί
2969 1565 3023 1615 δὲ
3057 1566 3230 1634 λοιμοὶ
3277 1569 3365 1618 καὶ
3400 1568 3444 1618 οί
3478 1569 3713 1633 πόλεμοι
3755 1568 3836 1617 καὶ

2197 1644 2243 1693 οί
2271 1644 2479 1710 σεισμοὶ
2507 1645 2565 1695 οὺ
2591 1646 2674 1696 διὰ
2703 1646 2761 1697 τὸ
2793 1647 2960 1715 γῆρας
2991 1650 3086 1717 τῆς
3113 1650 3334 1711 κτίσεως
3378 1654 3530 1703 είσιν.
3561 1651 3702 1703 Οὐδὲ
3742 1651 3838 1718 γάρ

2197 1727 2375 1796 ἐπειδὴ
2411 1729 2478 1779 τὰ
2517 1730 2782 1798 κτίσματα
2819 1733 2986 1784 ταῦτα
3023 1737 3167 1802 γηρᾷ
3190 1775 3203 1796 ,
3255 1735 3340 1786 διὰ
3377 1736 3533 1786 τοῦτο
3572 1736 3642 1787 τὰ
3685 1738 3834 1805 νοσή-

2201 1829 2340 1878 ματα
2365 1813 2532 1865 ταῦτα
2553 1830 2565 1843 ·
2598 1817 2764 1882 Λιμοὶ
2793 1819 2918 1886 γὰρ,
2949 1819 3044 1869 καὶ
3073 1819 3282 1886 λοιμοὶ,
3310 1819 3403 1870 καὶ
3435 1820 3681 1887 σεισμοὶ
3704 1824 3838 1873 κατὰ

2197 1897 2441 1960 τόπους’
2497 1899 2607 1951 ἀλλ’
2655 1900 2834 1969 ἐπειδὴ
2879 1903 2985 1952 τῶν
3027 1901 3322 1970 ἀνθρώπων
3379 1905 3412 1971 ἡ
3476 1903 3670 1972 γνώμη
3737 1904 3841 1956 διαο

2197 1983 2506 2050 φθείρεσθαι
2547 1984 2754 2052 μέλλει·
2791 1987 3065 2054 ἁμαρτιῶν
3101 1988 3206 2054 γάρ
3241 1989 3383 2040 ἐστιν
3421 1987 3636 2041 ἅπαντα
3680 1989 3838 2040 ταῦτα

2197 2066 2556 2135 κολαστήρια.
2609 2070 2700 2121 καὶ
2756 2072 3068 2139 νοσημάτων
3139 2072 3482 2141 ἀνθρωπίνων
3552 2073 3836 2142 φάρμακα.

2198 2153 2302 2204 Καὶ
2335 2153 2439 2222 γὰρ
2485 2153 2552 2205 τὰ
2597 2156 2873 2224 νοσήματα
2902 2157 2968 2206 τὰ
3003 2157 3307 2225 ἀνθρώπινα
3333 2159 3449 2209 τότε
3491 2159 3836 2210 ἐπιτείνεται.

2197 2239 2303 2289 Καὶ
2349 2239 2486 2300 τίνος
2531 2239 2713 2291 ἕνεκεν
2745 2241 2863 2292 τότε
2903 2242 3249 2305 ἐπιτείνεται;
3278 2244 3631 2311 φησίν.“Εμοὶ
3676 2245 3835 2305 δοκεῖ,

2195 2324 2273 2374 ὅτι
2303 2323 2484 2392 ἐπειδὴ
2510 2326 2738 2394 χρονίζει
2768 2326 2824 2378 τὸ
2856 2326 3212 2395 δικαστήριον,
3239 2329 3329 2380 καὶ
3361 2328 3642 2396 μέλλουσιν
3676 2331 3736 2380 αί
3757 2332 3836 2380 εύ-

2195 2403 2365 2465 θῦναι,
2419 2407 2510 2456 καὶ
2551 2405 2699 2457 οὔπω
2741 2407 3104 2476 παραγέγονεν
3153 2410 3180 2458 6
3221 2409 3427 2476 κριτὴς,
3481 2408 3838 2478 meum-.595;

2195 2487 2427 2550 γίνονται
2456 2490 2503 2537 οί
2536 2489 2812 2553 μέλλοντες
2846 2491 2998 2556 λόγον
3022 2491 3438 2561 ύπέχειν.”οπερ
3464 2489 3555 2544 οὖν
3590 2495 3688 2544 καὶ
3723 2496 3838 2560 περὶ

2194 2569 2285 2619 τοῦ
2310 2571 2541 2638 πονηροῦ
2570 2573 2774 2623 οἰκέτου
2805 2575 2963 2642 φησὶν
2991 2578 3019 2625 6
3046 2576 3290 2642 Χριστὸς,
3319 2577 3397 2626 ὅτι
3420 2577 3629 2628 ἐκεῖθεν
3651 2579 3837 2643 γέγονε

2198 2653 2575 2723 ρᾳθυμότερος.
2606 2657 2850 2723 Χρονίζει
2879 2659 2984 2728 γὰρ
3015 2662 3042 2711 6
3075 2660 3272 2728 Κύριός
3308 2678 3428 2728 μου,
3458 2662 3621 2728 φησὶν
3648 2664 3676 2712 6
3703 2665 3838 2714 οἰκέ-

2194 2754 2309 2803 της,
2345 2739 2435 2789 καὶ
2461 2739 2548 2790 διὰ
2590 2739 2742 2792 τοῦτο
2771 2743 2894 2804 τοὺς
2926 2744 3234 2806 συνδούλους
3261 2744 3471 2806 ἔτυπτε,
3505 2746 3600 2797 καὶ
3633 2748 3735 2815 τὴν
3760 2749 3837 2799 δε-

2196 2823 2452 2892 σποτικὴν
2479 2825 2815 2896 διετάραττεν
2852 2828 3053 2879 οὐσίαν.
3085 2828 3178 2879 Διά
3206 2829 3359 2879 τοῦτο
3397 2831 3490 2880 καὶ
3532 2831 3559 2880 6
3607 2832 3838 2900 Χριστὸς

2194 2909 2302 2967 τοῖς
2351 2909 2614 2974 μαθηταῖς
2665 2911 2966 2962 συνελθοῦσι
2999 2913 3090 2964 καὶ
3125 2912 3458 2980 βουλομένοις
3493 2915 3690 2981 μαθεῖν
3747 2918 3837 2982 τὴν

2194 2991 2400 3058 ἡμέραν
2433 2993 2529 3061 τῆς
2559 2995 2878 3056 συντελείας,
2915 2996 3010 3047 οὐκ
3050 2997 3218 3062 ἔλεγε,
3249 3001 3312 3065 τῇ
3344 2999 3533 3067 ἀδηλίᾳ
3566 3001 3676 3051 τῶν
3713 3003 3835 3067 μελε

2193 3074 2386 3125 λόντων
2423 3078 2739 3142 ἐναγωνίους
2771 3081 2914 3148 ἡμᾶς
2946 3081 3110 3132 ποιῶν
3153 3082 3426 3149 διηνεκῶς.
3474 3083 3558 3135 ἴνα
3611 3085 3838 3147 ἕκαστος

2195 3160 2278 3210 ἀεὶ
2329 3162 2633 3228 προσδοκῶν
2675 3165 2733 3216 τὸ
2780 3166 2986 3234 μέλλον,
3023 3169 3112 3219 καὶ
3157 3170 3213 3218 ἐν
3256 3169 3460 3220 ἐλπίσιν
3495 3170 3569 3221 ὢν
3611 3173 3713 3239 τῆς
3749 3173 3836 3224 τοῦ

2193 3246 2425 3314 Χριστοῦ
2447 3249 2765 3316 παρουσίας,
2793 3251 3266 3323 σπουδαιότερος
3289 3254 3384 3306 Διά
3403 3253 3559 3306 τοῦτο
3586 3261 3840 3324 παραινεῖ

2190 3350 2270 3394 τις
2317 3336 2512 3400 λέγων·
2567 3335 2662 3404 Μὴ
2709 3339 3046 3390 ἀναϐάλλων
3089 3339 3435 3405 ἐπιστρέψαι
3465 3340 3563 3391 ἐπὶ
3595 3343 3834 3405 Κύριον,

2188 3418 2340 3484 μηδὲ
2369 3419 2621 3488 ἀνάμενε
2642 3423 2865 3488 ἡμέραν
2884 3423 2951 3485 ἐξ
2976 3423 3213 3489 ἡμέρας,
3239 3424 3465 3490 μήποτε
3488 3425 3566 3487 ὡς
3586 3427 3837 3491 μέλλεις

2189 3502 2713 3572 ἐκτριϐῇς.Ἀδηλός
2746 3509 2889 3557 ἐστιν
2919 3507 2950 3572 ἡ
2982 3506 3222 3575 τελευτὴ,
3265 3506 3416 3575 φησὶ,
3443 3509 3537 3560 καὶ
3564 3509 3656 3562 διὰ
3683 3510 3837 3562 τοῦτο

2189 3585 2399 3654 ἄδηλος,
2441 3589 2527 3639 ἵνα
2568 3591 2652 3639 ἀεὶ
2697 3589 3013 3657 σπουδάζεις.
3046 3589 3142 3640 Διὰ
3177 3590 3331 3643 τοῦτο
3374 3592 3448 3652 ὡς
3493 3593 3740 3661 κλέπτης
3782 3597 3836 3646 ἐν

2189 3671 2360 3732 νυκτὶ,
2391 3671 2559 3733 οὕτως
2605 3672 2636 3740 ἡ
2677 3672 2854 3740 ἡμέρα
2884 3673 3079 3742 Κυρίου
3118 3675 3359 3743 ἔρχεται·
3387 3677 3483 3744 οὐχ
3515 3678 3605 3729 ἵνα
3640 3679 3832 3749 κλέψῃ.

2188 3755 2299 3806 ἀλλ’
2321 3756 2406 3806 ἵνα
2439 3757 2582 3824 ἡμᾶς
2602 3757 3025 3826 ἀσφαλεστέρους
3045 3760 3258 3828 ποιήσῃ.
3279 3760 3334 3811 Ὀ
3354 3759 3459 3827 γὰρ
3479 3762 3569 3812 τὸν
3594 3763 3834 3830 κλέπτην

2188 3839 2447 3906 προορῶν,
2473 3841 2528 3890 ἐν
2556 3840 2826 3909 ἀγρυπνίᾳ
2853 3840 3042 3906 διάγει,
3071 3844 3162 3893 καὶ
3189 3843 3374 3910 λύχνον
3405 3843 3547 3910 ἅψας
3579 3846 3674 3898 διά
3707 3865 3836 3899 παν-

2186 3923 2275 3983 τὸς
2307 3925 2620 3992 ἐγρήγορεν.
2644 3923 2826 3982 Οὕτως
2849 3921 2940 3993 οὖν
2966 3926 3057 3977 καὶ
3087 3928 3240 3994 ὑμεῖς
3267 3928 3496 3994 ἅψαντες
3519 3930 3577 3980 τὸ
3601 3932 3720 3997 φῶς
3739 3934 3834 4000 τῆς

2187 4008 2414 4069 πίστεως
2459 4009 2550 4060 καὶ
2595 4009 2690 4076 τῆς
2737 4009 2896 4076 ὀρθῆς
2933 4008 3226 4072 πολιτείας,
3270 4013 3492 4081 φαιδρὰς
3537 4014 3691 4080 ἔχετε
3739 4017 3834 4078 τὰς

2186 4092 2464 4160 λαμπάδας
2485 4094 2541 4143 ἐν
2559 4093 2827 4159 ἀγρυπνίᾳ
2855 4093 3103 4159 διηνεκεῖ.
3125 4095 3332 4164 Ἐπειδὴ
3357 4097 3463 4164 γὰρ
3485 4099 3584 4148 οὐκ
3610 4100 3828 4165 οἴδαμεν

2186 4177 2312 4228 πότε
2362 4178 2390 4228 ὁ
2434 4177 2659 4243 νυμφίος
2713 4176 2945 4244 ἔρχεται,
2980 4177 3058 4229 δεῖ
3104 4183 3647 4250 παρεσκευασμένους
3693 4180 3826 4236 εἶναι

2184 4260 2269 4312 διὰ
2301 4260 2512 4321 παντὸς.
2545 4261 2608 4311 ἵν’
2636 4261 2758 4310 ὅταν
2785 4261 2930 4331 ἔλθῃ,
2963 4263 3223 4330 νήφοντας
3253 4264 3401 4333 εὕρῃ.

2252 4409 2316 4469 ζ’.
2335 4407 2655 4474 Ἑὸουλύμην
2675 4408 2907 4458 ἐκτεῖναι
2922 4407 3007 4458 τὸν
3021 4407 3172 4473 λόγον
3191 4426 3202 4437 ·
3220 4408 3350 4460 ἀλλά
3371 4410 3462 4460 καὶ
3483 4409 3658 4462 ταῦτα
3679 4415 3821 4480 μόλις

2180 4492 2384 4558 ἀφῆκεν
2407 4493 2574 4542 εἰπεῖν
2595 4493 2626 4558 ἡ
2648 4490 2739 4541 τοῦ
2765 4491 3008 4559 σώματος
3034 4493 3297 4552 ἀσθένεια,
3324 4492 3387 4542 δι’
3408 4493 3472 4560 ἣν
3498 4495 3589 4545 τὸν
3618 4500 3820 4566 μακρὸν

2179 4575 2360 4626 τοῦτον
2393 4575 2543 4642 ὑμῶν
2574 4575 2896 4643 διεσπάσθην
2929 4577 3132 4643 χρόνον.
3165 4576 3384 4643 Μακρὸς
3415 4578 3519 4646 γὰρ
3565 4580 3592 4629 6
3641 4584 3818 4650 χρόνος

2177 4661 2318 4727 ἐμοὶ,
2349 4661 2408 4710 οὐ
2437 4659 2513 4727 τῷ
2544 4659 2758 4728 ἀριθμῷ
2789 4661 2893 4710 τῶν
2926 4659 3164 4728 ἡμερῶν,
3197 4659 3328 4711 ἀλλὰ
3368 4661 3445 4730 τῷ
3499 4665 3686 4734 μέτρῳ
3733 4669 3821 4719 καὶ

2176 4747 2239 4812 τῇ
2267 4744 2497 4796 διαθέσει
2531 4745 2626 4812 τῆς
2664 4744 2855 4812 ψυχῆς.
2890 4745 3009 4805 Τοῖς
3041 4744 3144 4812 γὰρ
3173 4744 3380 4811 φιλοῦσι
3423 4749 3514 4797 καὶ
3553 4749 3580 4798 6
3615 4750 3819 4820 βραχὺς

2177 4831 2360 4898 χρόνος
2403 4829 2494 4880 τοῦ
2538 4828 2812 4896 χωρισμοῦ
2843 4829 3001 4888 πολὺς
3050 4830 3139 4881 καὶ
3191 4831 3388 4895 ἀφατος
3421 4832 3691 4898 φαίνεται.
3726 4839 3818 4889 Δια

2175 4909 2330 4960 τοῦτο
2363 4909 2456 4960 καὶ
2503 4909 2530 4957 6
2577 4907 2782 4970 Παῦλος
2819 4909 2964 4978 1287]
2996 4910 3182 4978 μικρὸν
3212 4911 3450 4973 ἀποστάς
3491 4913 3815 4968 Θεσσαλονι-

2176 4995 2331 5052 κέων,
2360 4993 2538 5058 ἔλεγεν
2558 5006 2571 5020 '
2615 4993 2819 5058 Ἡμεῖς,
2852 4993 3117 5059 ἀδελφοὶ,
3146 4995 3693 5064 ἀπορφανισθέντες
3717 5004 3814 5068 ἀφ’

2173 5078 2336 5146 ὑμῶν
2368 5079 2513 5144 πρὸς
2543 5080 2747 5142 καιρὸν
2774 5077 2946 5142 ὧρας,
2988 5079 3295 5143 προσώπῳ,
3323 5083 3391 5132 οὐ
3434 5083 3664 5150 καρδίᾳ,
3710 5103 3810 5137 πε-

2163 5164 2522 5228 ρισσοτέρως
2543 5162 3000 5229 ἐσπουδάσαμεν
3024 5162 3088 5214 τὸ
3115 5166 3430 5229 πρόσωπον
3455 5168 3623 5234 ὑμῶν
3644 5170 3806 5223 ἰδεῖν.

2170 5249 2231 5299 Εί
2277 5248 2330 5298 δὲ
2382 5248 2585 5310 Παῦλος
2612 5251 2640 5299 6
2666 5249 2877 5300 πάντων
2907 5249 3134 5316 μάλιστα
3165 5250 3465 5317 φιλοσοφεῖν
3501 5255 3681 5316 εἰδὼς,
3716 5258 3810 5308 οὐκ

2170 5335 2393 5401 ἤνεγκεν
2423 5335 2551 5402 πρὸς
2585 5335 2768 5403 καιρὸν
2791 5333 2954 5404 ὥρας,
2992 5335 3104 5396 πῶς
3128 5338 3278 5403 ἡμεῖς
3303 5338 3566 5400 τοσαύτας
3592 5344 3808 5410 οἴσομεν

2169 5419 2409 5486 ἡμέρας;
2463 5418 2596 5468 Ἀλλ’
2619 5420 2818 5479 ἐκεῖνος
2850 5420 2944 5485 μὲν
2991 5420 3176 5487 μηκέτι
3221 5421 3442 5486 στέγων,
3479 5425 3550 5475 τὰ
3582 5428 3804 5493 λείψανα

2167 5504 2262 5570 τῆς
2289 5505 2589 5572 ἀρρωστίας
2618 5504 2773 5571 ἔχων,
2797 5503 3024 5573 ἔδραμον
3049 5506 3176 5573 πρὸς
3199 5506 3358 5572 ὑμᾶς,
3391 5509 3648 5575 μέγιστον
3673 5515 3803 5580 φάρ-

2171 5606 2336 5656 μακον
2368 5589 2658 5658 ἡγούμενος
2704 5590 2977 5657 ἐπιθήσειν
3019 5594 3116 5660 τῆς
3157 5590 3422 5658 ὑμετέρας
3452 5595 3669 5664 ἀγάπης
3711 5603 3798 5664 την
