3990 6442
189 406 315 461 277

173 519 451 573 parcentes
497 510 655 579 gregi.
705 507 903 578 Duplex
950 508 1145 562 bellum
1189 524 1202 561 :
1250 506 1395 561 Pauli
1445 505 1680 558 absentia
1711 514 1763 557 et

183 600 425 653 incursio
452 600 698 668 luporum
731 616 744 651 :
774 598 961 652 doctor
984 611 1089 651 non
1116 597 1319 660 aderit,
1348 605 1399 649 et
1426 604 1764 662 corruptores

180 692 562 745 imminebunt.
599 693 676 745 Ac
704 692 969 762 perpende
1008 690 1239 744 ferarum
1272 690 1551 754 vafritiem,
1585 698 1639 741 et
1667 688 1765 740 im-

181 783 481 849 proborum
524 782 797 836 hominum
824 782 1151 836 versutiam:
1195 781 1485 833 absentiam
1532 779 1763 832 doctoris

180 872 559 932 observarunt,
588 881 639 924 et
669 882 789 924 tunc
812 885 1024 938 gregem
1054 869 1380 922 invaserunt.
1410 867 1541 933 Quid
1571 865 1763 933 igitur?

182 974 287 1012 nos
318 961 436 1013 sine
467 961 598 1013 duce
625 967 677 1013 et
707 959 998 1027 patrocinio
1024 958 1246 1021 deseris,
1281 966 1587 1022 tantumque
1624 955 1765 1007 cala-

183 1049 401 1102 mitates
450 1048 711 1115 prmdicis,
758 1062 927 1115 neque
960 1048 1115 1099 ullam
1161 1046 1425 1113 excogitas
1450 1044 1764 1097 consolatio-

182 1138 351 1189 nem?
385 1137 575 1191 Verum
606 1136 650 1189 si
678 1138 777 1188 hoc
803 1135 983 1198 facias,
1009 1136 1252 1187 timorem
1278 1149 1456 1201 auges,
1485 1141 1534 1184 et
1559 1132 1761 1183 animos

179 1229 401 1297 dejicis,
454 1243 646 1281 nervos
690 1228 951 1291 dissolvis,
1000 1236 1157 1295 atque
1205 1240 1390 1278 manus
1419 1223 1759 1277 audientium.

186 1315 317 1370 Ideo
372 1314 524 1379 prius
571 1314 675 1366 illis
719 1312 981 1381 Spiritum
1029 1314 1475 1364 commemoravit
1514 1330 1524 1362 :
1575 1311 1761 1379 Inan

184 1421 276 1458 vos
306 1404 536 1471 Spiritus
564 1414 765 1456 sanctus
813 1404 975 1471 posuit
1004 1414 1227 1471 pastores
1267 1416 1312 1455 et
1343 1404 1598 1470 episcOpos
1625 1402 1756 1466 (Act.

183 1497 279 1549 20.
310 1494 424 1565 28).
459 1495 679 1548 Etiamsi
710 1494 903 1548 Paulus
929 1495 1115 1556 abeat,
1150 1494 1346 1562 inquit,
1373 1500 1425 1544 at
1459 1492 1761 1545 Paraeletus

188 1586 365 1639 adest.
400 1586 585 1639 Viden’
612 1586 876 1654 quomodo
914 1600 1095 1638 eorum
1128 1584 1297 1638 erexit
1321 1584 1551 1635 animum
1575 1622 1588 1642 ,
1626 1582 1761 1634 divi-

188 1690 318 1727 num
350 1685 771 1727 commemonns
795 1674 1091 1735 doctorem,
1123 1672 1270 1740 cujus
1292 1687 1392 1740 ope
1422 1680 1473 1723 et
1505 1671 1614 1736 ipse
1639 1669 1760 1720 dttm

188 1777 429 1830 praesens
450 1773 589 1815 esset
617 1762 865 1816 valebat?
888 1763 991 1815 Cur
1023 1776 1150 1829 ergo
1182 1762 1423 1813 timorem
1452 1758 1669 1826 injecit?
1699 1757 1764 1810 Ut

186 1852 448 1905 desidiam
497 1852 808 1905 eliminaret.
843 1850 1135 1919 Utrumque
1160 1850 1298 1903 enim
1332 1860 1583 1917 prtestare
1608 1847 1764 1899 debet

188 1943 237 1993 is
264 1942 350 2008 qui
379 1941 470 1993 dat
496 1940 802 1995 consilium:
827 1956 923 1993 nec
951 1940 1257 2007 permittere
1286 1949 1339 1991 ut
1368 1937 1574 1989 auditor
1601 1934 1761 1987 conﬁ-

189 2032 304 2095 dat,
330 2046 397 2084 ne
426 2031 639 2099 segnior
665 2030 884 2094 evadat;
914 2044 1084 2097 neque
1106 2028 1512 2097 perterrefacere
1541 2034 1758 2088 tantum,

182 2138 262 2177 ne
308 2125 359 2174 in
406 2122 623 2174 nimium
668 2130 865 2175 metum
914 2120 1128 2174 incidat.
1178 2118 1308 2172 Cum
1348 2133 1475 2186 ergo
1507 2116 1762 2185 Spiritum

188 2213 631 2267 commemoravit
657 2253 670 2275 ,
707 2212 958 2266 timorem
984 2209 1177 2281 ejecit;
1206 2227 1329 2265 cum
1352 2210 1508 2277 lupos
1534 2209 1759 2269 addidit,

191 2305 472 2373 Segnitiem
504 2302 723 2370 depulit.
757 2302 885 2371 Ll'pt
928 2319 1131 2371 graues,
1178 2319 1275 2354 non
1307 2310 1561 2369 parcentes
1603 2300 1760 2368 gregi.

192 2394 450 2447 Attendite
478 2392 630 2446 vobis.
666 2392 810 2444 Nihil
838 2393 1079 2453 subtraxt',
1112 2392 1278 2458 inquit
1308 2410 1319 2443 :
1346 2406 1602 2444 memores
1624 2399 1765 2443 esto-

195 2493 249 2537 te
282 2484 405 2537 mei.
451 2481 655 2537 Sufﬁcit
684 2484 824 2535 enim
852 2481 997 2534 Pauli
1032 2481 1283 2534 memoria
1310 2480 1372 2532 ad
1408 2480 1646 2532 ﬁduciam
1680 2480 1762 2531 in-

188 2573 443 2625 dendam.
477 2571 591 2625 Non
623 2570 929 2623 memoriam
958 2570 1037 2623 sui
1069 2570 1233 2637 tangit
1261 2570 1452 2632 solum,
1486 2569 1577 2622 sed
1603 2571 1760 2621 etiam

194 2662 510 2714 memoriam
538 2671 826 2729 gestorum.
850 2659 998 2725 Quod
1023 2659 1161 2712 enim
1188 2674 1291 2712 non
1320 2660 1628 2726 simpliciter
1655 2674 1765 2711 me-

194 2751 419 2803 moriam
454 2751 533 2801 sui
567 2750 831 2817 postulet:
877 2748 969 2802 sed
999 2759 1055 2800 ut
1094 2748 1354 2801 recordati
1397 2748 1543 2813 ejus,
1593 2748 1764 2814 ipsum

195 2838 477 2889 imitentur
504 2873 517 2895 ,
568 2833 822 2885 audituro
868 2832 1043 2885 cuivis
1088 2832 1308 2903 subjicit
1350 2852 1360 2884 :
1412 2834 1765 2888 Recordanu‘ni

190 2926 287 2975 mei
312 2964 327 2988 ,
362 2926 597 2992 quoniam
641 2942 729 2993 per
758 2927 1022 2977 triennium
1067 2934 1209 2976 nocte
1249 2934 1293 2977 et
1337 2925 1417 2977 die
1445 2942 1543 2977 non
1579 2926 1765 2977 cessavi

188 3030 306 3064 cum
336 3013 572 3082 lacrymis
598 3025 642 3066 et
668 3014 927 3083 gemitibus
953 3013 1053 3066 illis
1079 3014 1304 3064 omnibus
1353 3030 1558 3066 monens
1582 3029 1762 3065 unum-

187 3119 433 3170 quemque
458 3113 669 3155 vestrum
700 3102 832 3173 (Act.
860 3102 947 3156 20.
975 3102 1083 3169 5|).
1114 3102 1225 3155 Non
1252 3102 1423 3154 solum
1453 3104 1556 3154 mei
1580 3116 1760 3155 recor-

186 3194 305 3246 dari
340 3206 433 3245 vos
464 3192 660 3260 cupio;
701 3191 793 3246 sed
836 3192 995 3246 etiam
1040 3192 1320 3259 temporis,
1366 3190 1757 3254 admonitionis,

187 3298 371 3345 curae,
421 3281 772 3349 lacrymarum
820 3291 873 3333 et
923 3281 1212 3349 gemituum
1253 3281 1461 3332 illorum
1502 3279 1757 3332 onmium.

188 3370 651 3436 Quemadmodum
676 3370 815 3423 enim
842 3377 1159 3437 aegrotorum
1188 3369 1413 3436 cognati,
1438 3384 1558 3421 cum
1584 3368 1764 3422 vident

189 3461 311 3513 illos
341 3458 495 3512 dictis
542 3459 648 3511 suis
694 3458 976 3526 multisque
1024 3458 1237 3510 monitis
1283 3472 1384 3508 non
1434 3458 1622 3510 cedere
1663 3471 1763 3512 nec

186 3550 471 3603 admittere
501 3550 748 3603 alimenta
779 3560 832 3602 et
874 3548 1154 3616 pharmaca
1201 3549 1355 3617 aegris
1382 3550 1757 3617 competentia,

188 3641 571 3710 lacrymantur,
614 3650 669 3693 ut
700 3640 819 3693 illos
860 3639 1067 3694 facilius
1096 3639 1309 3693 ﬂectant
1340 3658 1351 3693 :
1383 3642 1459 3693 sic
1488 3650 1539 3694 et
1568 3641 1760 3694 Paulus

184 3744 315 3799 erga
362 3728 644 3798 discipulos
693 3744 750 3783 se
792 3728 1042 3798 gerebat;
1088 3740 1206 3782 ettm
1254 3729 1465 3783 videbat
1507 3729 1760 3783 doctrinm

186 3833 489 3872 sermonem
514 3818 577 3871 ad
607 3818 931 3873 suadendum
961 3818 1224 3871 inﬁrmum
1245 3833 1385 3883 esse,
1410 3821 1757 3888 lacrymarum

186 3906 450 3962 medelam
483 3908 781 3962 inducebat.

259 3997 313 4051 6.
355 3998 481 4063 Quis
511 4007 685 4052 autem
714 4012 817 4053 non
851 3998 1111 4053 reveritus
1138 4007 1311 4063 esset,
1343 3998 1560 4052 Paulum
1590 3998 1758 4069 lacry-

186 4097 418 4142 mantem
447 4102 671 4142 cernens
700 4103 762 4141 ac
798 4097 1098 4157 gementem
1119 4130 1133 4153 ,
1163 4088 1367 4143 etiamsi
1396 4103 1553 4141 sensu
1592 4090 1758 4157 magis

186 4176 477 4231 destitutus
504 4176 725 4241 fuisset,
756 4193 913 4247 quam
944 4177 1181 4246 lapides?
1226 4178 1466 4230 Vidistin’
1494 4179 1757 4243 quomodo

184 4270 348 4325 etiam
380 4268 486 4321 illic
516 4267 686 4321 futura
716 4267 1055 4335 prmdixerit?
1088 4267 1183 4320 llic
1212 4268 1369 4320 etiam
1399 4266 1625 4333 idipsum
1651 4268 1759 4334 agit

182 4362 369 4416 dicens
404 4376 417 4411 :
447 4358 560 4411 Hoc
584 4368 751 4411 autent
780 4359 970 4422 scitote,
1004 4359 1239 4427 quoniam
1266 4358 1319 4409 in
1346 4357 1627 4409 novissimis
1648 4358 1753 4409 die-

182 4455 276 4507 bus
305 4459 451 4505 erunt
478 4459 701 4518 ternpora
728 4450 901 4520 gravia
929 4449 1005 4519 (2.
1036 4449 1163 4501 Tim.
1190 4450 1240 4502 5.
1267 4446 1341 4517 l).
1370 4446 1477 4500 Cur
1502 4456 1673 4501 autem
1705 4447 1753 4500 id

182 4541 465 4598 Timotheo
491 4541 604 4605 ait,
654 4555 751 4595 nec
779 4539 906 4594 dicit
940 4558 952 4593 :
984 4540 1165 4593 Sciant
1212 4540 1244 4593 ii
1293 4538 1382 4607 qui
1430 4545 1547 4607 post
1595 4540 1752 4591 futuri

180 4641 327 4694 sunt,
375 4633 485 4684 fore
527 4638 763 4698 tempora
808 4629 1030 4698 gravia?
1073 4628 1164 4683 sed
1184 4628 1333 4683 Scito
1365 4635 1454 4693 ιιι,
1497 4636 1553 4680 nt
1581 4628 1753 4683 discas

182 4722 497 4791 discipulum
529 4720 744 4788 perinde
783 4729 941 4788 atque
984 4721 1290 4788 magistrum
1331 4719 1418 4772 illa
1449 4719 1604 4771 etiam
1637 4734 1753 4786 quae

183 4815 357 4867 futura
388 4822 509 4868 sunt
534 4828 739 4867 curare.
767 4812 822 4866 Si
853 4812 994 4865 enim
1023 4825 1126 4864 non
1156 4822 1411 4875 curasset,
1441 4827 1543 4864 non
1574 4826 1750 4879 parem

182 4906 253 4957 illi
285 4902 695 4957 sollicitudinem
728 4902 1082 4971 imposuisset.
1124 4902 1198 4955 Ita
1230 4901 1349 4955 fecit
1389 4912 1437 4955 el
1469 4902 1707 4955 Christus
1737 4919 1749 4953 :

181 4992 302 5061 quia
333 4992 472 5045 enim
506 4998 839 5045 accesserant
868 4989 1131 5058 discipuli,
1160 4990 1296 5057 quod
1326 4990 1522 5043 vellent
1548 5006 1607 5042 ea
1633 5006 1751 5057 qua:

182 5084 247 5137 ad
277 5083 790 5137 consummationem
826 5081 1134 5149 spectabant
1178 5080 1417 5135 ediscere
1441 5123 1455 5146 ,
1503 5081 1576 5133 ait
1604 5082 1707 5134 illis
1737 5100 1747 5134 :

182 5172 418 5225 Audituri
461 5171 576 5223 estis
605 5171 779 5239 pretia
812 5169 1041 5241 (Matth.
1075 5170 1165 5223 24.
1195 5169 1289 5239 6
1324 5170 1480 5237 Atqui
1526 5185 1629 5221 non
1674 5170 1747 5222 illi

182 5262 407 5315 audituri
450 5268 621 5314 erant.
659 5258 1083 5327 Unum'namque
1130 5268 1213 5312 est
1254 5273 1447 5327 corpus
1495 5259 1746 5311 ﬁdelium.

182 5353 259 5404 Ac
284 5348 728 5417 quemadmodum
771 5348 803 5400 ii
843 5348 929 5415 qui
961 5356 1081 5401 tunc
1120 5356 1303 5411 erant,
1346 5349 1411 5400 de
1441 5348 1747 5415 postfuturis

183 5440 487 5501 audiebant,
511 5440 585 5491 sic
608 5448 659 5492 et
692 5452 787 5491 nos
816 5437 880 5491 de
909 5438 1012 5490 illis
1037 5438 1123 5506 qui
1150 5448 1273 5492 tunc
1303 5438 1447 5491 fuere
1473 5438 1742 5491 discimus.

184 5530 252 5586 Ut
276 5531 415 5584 enim
443 5529 588 5595 dixi,
632 5545 795 5583 unum
826 5542 1019 5597 corpus
1062 5543 1182 5581 cum
1227 5530 1327 5583 illis
1358 5543 1569 5591 sumus,
1604 5538 1747 5582 arcte

183 5630 363 5674 mutuo
388 5620 676 5688 conjuncti,
701 5621 904 5674 etiamsi
932 5630 1219 5673 extremam
1247 5620 1602 5673 membrorum
1628 5634 1745 5686 par-

183 5720 285 5765 tem
314 5723 629 5779 occupamus
660 5729 671 5763 :
704 5724 997 5779 corpusque
1023 5710 1123 5764 hoc
1153 5723 1248 5763 nec
1276 5718 1482 5778 tempus
1509 5718 1741 5778 separat,

792 390 857 445 IN
895 389 1116 455 ILLUD,
1159 388 1287 445 HOC
1326 385 1605 442 SCITOTE
1642 385 1821 451 QUOD
1863 386 1925 439 IN
1963 386 2332 448 NOVISSIMIS
2369 394 2632 460 DIEBUS,
2674 399 2821 453 ETC.

3319 421 3428 475 278

1875 518 1972 557 nec
1999 504 2145 558 locus
2180 523 2192 558 :
2227 516 2411 561 mutuo
2438 510 2576 563 enim
2608 512 2831 581 colligati
2862 528 3043 568 sumus
3064 557 3076 579 ,
3111 531 3213 570 non
3242 533 3433 573 nervo-

1870 609 1984 647 rum
2013 596 2318 650 circuitibus
2342 639 2355 659 ,
2398 600 2488 652 sed
2523 602 2755 655 caritatis
2794 604 3014 658 vinculis
3046 606 3275 673 undique
3304 624 3434 663 con-
3478 616 3485 621 '

1867 684 2058 736 stricti.
2091 685 2213 737 Ideo
2242 696 2293 739 et
2333 687 2446 740 illos
2478 690 2613 741 circa
2644 705 2740 743 nos
2767 692 3080 760 alloquitur,
3111 706 3161 748 et
3193 711 3288 750 nos
3316 714 3434 765 qua:

1867 768 1930 823 ad
1974 772 2091 825 illos
2135 785 2375 841 spectant
2420 777 2712 831 audiamus.
2766 779 2952 847 Opera:
2996 784 3220 850 pretium
3256 794 3338 837 cst
3380 798 3433 840 et

1868 860 1991 912 illttd
2039 877 2312 929 quatrere,
2342 880 2433 917 cur
2477 867 2666 934 ubique
2716 869 2879 921 tristia
2927 886 3109 923 versus
3153 874 3431 939 prmsentis

1867 949 1987 1002 vita:
2039 952 2194 1005 ﬁnem
2242 969 2517 1006 accessura
2560 956 2718 1008 dicat.
2772 959 2975 1010 Etenim
3018 960 3139 1012 alibi
3168 962 3294 1014 dicit
3327 980 3339 1013 :
3371 962 3433 1015 In

1867 1042 2145 1094 novissimis
2172 1044 2342 1095 diebus
2364 1046 2614 1098 discedent
2640 1049 2842 1115 quidam
2868 1067 2897 1099 α
2921 1049 3019 1115 ﬁde
3044 1050 3331 1119 (l.Tim.4.
3351 1054 3431 1119 i);

1866 1135 1919 1180 et
1948 1130 2030 1181 hic
2058 1145 2265 1181 rursum
2296 1134 2368 1182 ait
2402 1149 2415 1183 :
2442 1131 2506 1184 In
2536 1136 2819 1187 novissimis
2846 1136 3015 1187 diebus
3046 1147 3187 1189 erunt
3213 1148 3438 1206 tempora

1866 1218 2036 1284 gravia
2068 1217 2158 1285 (2.
2189 1218 2315 1270 Tim.
2347 1221 2399 1272 5.
2429 1222 2452 1273 1
2482 1227 2518 1287 ).
2554 1221 2791 1275 Christus
2833 1240 3040 1292 quoque
3085 1226 3165 1278 his
3207 1243 3437 1283 consona

1871 1310 2229 1373 prmnunlians
2259 1310 2430 1363 aiebat
2462 1331 2471 1363 :
2504 1312 2632 1365 Nam
2664 1313 2728 1365 In
2767 1318 3191 1369 consummatione
3214 1320 3439 1372 audituri

1866 1398 1980 1448 estis
2009 1398 2187 1463 pratia
2214 1407 2258 1449 et
2289 1401 2548 1465 opiniones
2580 1404 2866 1469 prwliorum
2891 1445 2903 1466 ,
2938 1414 2981 1456 et
3012 1409 3170 1474 fames
3207 1416 3250 1458 et
3283 1419 3439 1474 pestes

1868 1484 2089 1549 (Matth.
2114 1487 2205 1540 ‘24.
2229 1488 2280 1539 6.
2307 1488 2389 1557 7).
2424 1490 2528 1543 Cur
2559 1508 2683 1559 ergo
2716 1493 2765 1544 in
2802 1497 3253 1549 consummatione
3286 1508 3359 1550 tot
3389 1508 3442 1551 et

1869 1581 2027 1626 tanta:
2052 1575 2207 1627 simul
2234 1578 2599 1631 calamitates?
2628 1581 2849 1643 Quidam
2879 1582 3077 1647 dicunt,
3107 1583 3438 1639 fatiscentem

1867 1675 1919 1717 et
1948 1664 2300 1719 inﬁrmantem
2334 1678 2594 1733 naturam,
2620 1671 2754 1724 sicut
2781 1686 2971 1741 corpus
2995 1674 3258 1741 quoddam
3291 1676 3440 1729 senio

1870 1752 2167 1807 confectum
2199 1757 2393 1811 multos
2420 1759 2636 1811 attrahit
2666 1762 2898 1823 morbos,
2932 1763 3006 1814 sic
3034 1778 3148 1815 eam
3176 1779 3434 1818 consene-

1868 1853 2101 1897 scentem
2129 1846 2321 1898 multas
2346 1848 2612 1903 attrahere
2636 1849 2979 1904 calamitates.
3010 1854 3077 1903 At
3104 1868 3295 1920 corpus
3322 1854 3437 1922 qui-

1866 1932 1987 1985 dem
2028 1934 2096 1987 ob
2137 1936 2374 2002 corporis
2418 1936 2775 1991 infirmitatem
2822 1940 3110 1992 secundum
3160 1942 3326 2006 legem
3372 1942 3439 1995 ad

1868 2024 2072 2077 senium
2117 2026 2304 2077 venit:
2338 2027 2654 2094 pestilentia:
2698 2037 2908 2091 autem,
2964 2029 3135 2092 bella,
3182 2040 3236 2083 et
3285 2041 3439 2085 terra:

1868 2124 2042 2167 motus
2063 2156 2078 2179 ,
2122 2130 2224 2169 non
2256 2116 2323 2170 ob
2350 2125 2551 2170 natura:
2582 2127 2905 2173 senectutem
2950 2120 3213 2173 accidunt.
3258 2121 3441 2190 Neque

1867 2205 2005 2257 enim
2036 2205 2154 2259 ideo
2192 2206 2436 2260 accidunt
2468 2207 2520 2259 hi
2555 2208 2755 2274 morbi,
2786 2209 2925 2276 quod
2971 2221 3225 2263 creatura:
3254 2226 3439 2263 conse-

1866 2304 2086 2347 nescant
2117 2313 2129 2350 :
2166 2295 2347 2349 Fames
2389 2313 2613 2367 nempe,
2658 2299 2971 2366 pestilentim,
3013 2309 3059 2351 et
3100 2310 3243 2352 terra:
3279 2312 3439 2353 motus

1870 2400 1957 2451 per
1981 2385 2089 2437 loca
2116 2402 2131 2437 :
2160 2388 2250 2439 sed
2295 2389 2415 2455 quia
2457 2389 2727 2441 hominum
2768 2390 2974 2443 animos
3003 2391 3265 2458 corrumpi
3298 2392 3437 2444 futu-

1869 2489 1983 2527 rum
2012 2484 2094 2528 est
2128 2494 2139 2528 :
2178 2476 2290 2531 hrec
2329 2479 2520 2546 quippe
2559 2480 2735 2531 omnia
2778 2488 2899 2532 sunt
2928 2481 3152 2534 ultiones
3191 2490 3436 2549 peceato-

1867 2580 2003 2628 rum,
2037 2578 2089 2619 et
2116 2569 2511 2635 mgritudinibus
2556 2570 2799 2623 humanis
2830 2572 3082 2623 remedia.
3126 2571 3256 2624 Nam
3288 2573 3439 2640 τινετί-

1870 2653 2078 2707 tudines
2120 2656 2362 2709 humana:
2407 2669 2529 2709 tunc
2571 2669 2845 2726 augentur.
2894 2660 2961 2711 Et
2999 2674 3159 2725 quare
3192 2668 3312 2711 tunc
3342 2675 3437 2711 au-

1868 2745 2100 2812 gentur?
2132 2746 2351 2811 inquies.
2383 2748 2661 2813 Quoniam,
2695 2759 2746 2801 ut
2778 2749 2905 2801 mihi
2935 2750 3157 2813 videtur,
3183 2751 3435 2818 judicium

1867 2840 1919 2883 et
1948 2847 2116 2898 paenze
2148 2834 2195 2884 in
2235 2834 2539 2887 diuturnum
2586 2845 2792 2904 tempus
2835 2837 3183 2903 dill'erunlur,
3215 2854 3275 2892 ac
3302 2856 3436 2892 non~

1866 2920 1991 2973 dum
2036 2922 2249 2975 advenit
2299 2923 2499 2984 Judex,
2552 2926 2637 2993 qui
2687 2928 2943 2979 rationem
2992 2928 3241 2980 reddituri
3292 2940 3433 2993 sunt,

1866 3011 2136 3078 segniores
2168 3012 2415 3065 evadunt.
2451 3014 2504 3066 ld
2536 3014 2676 3082 quod
2709 3018 2866 3068 etiam
2904 3016 3149 3068 Christus
3179 3018 3243 3070 de.
3284 3034 3432 3071 servo

1870 3115 2094 3167 nequam
2125 3100 2272 3166 dicit,
2308 3104 2475 3170 ipsum
2510 3105 2626 3157 ideo
2658 3107 3092 3173 negligentiorem
3123 3107 3298 3159 fuisse.
3332 3109 3438 3159 Mo-

1868 3204 1953 3241 ras
1986 3190 2147 3242 trahit
2176 3191 2420 3245 dominus
2451 3209 2619 3259 meus,
2652 3195 2820 3263 inquit
2849 3196 2933 3249 ille
2963 3211 3147 3251 servus
3173 3238 3186 3260 ,
3217 3196 3439 3264 ideoque

1869 3293 2157 3333 conservos
2186 3282 2526 3348 verberabat,
2573 3294 2625 3337 et
2658 3284 2846 3338 heriles
2876 3286 3152 3340 facultates
3191 3302 3438 3356 pessum-

1866 3369 2041 3423 dabat.
2094 3369 2290 3425 Idcirco
2335 3373 2574 3427 Christus
2620 3376 2987 3429 accedentibus
3034 3378 3330 3446 discipulis,
3382 3390 3435 3430 et

1865 3462 2221 3525 qurerentibus
2252 3462 2490 3517 ediscere
2521 3466 2656 3518 diem
2689 3470 3191 3530 consummationis,
3227 3484 3329 3521 non
3358 3470 3437 3520 in-

1864 3548 2093 3616 dicavit,
2127 3564 2183 3605 ttt
2210 3552 2502 3607 futurorum
2546 3557 2774 3608 incertos
2802 3573 2897 3612 nos
2924 3558 3136 3610 assidue
3168 3559 3216 3609 in
3248 3560 3437 3612 timore

1864 3649 2059 3703 servet,
2091 3651 2141 3693 et
2170 3643 2360 3708 singuli
2389 3658 2600 3711 semper
2628 3646 2855 3698 futurum
2885 3657 3279 3713 exspectantes,
3304 3657 3355 3700 et
3384 3649 3433 3700 in

1864 3742 1957 3793 spe
1983 3728 2181 3781 Christi
2209 3730 2468 3784 adventus
2495 3744 2765 3787 versantes
2788 3777 2800 3798 ,
2834 3735 3193 3803 diligentiores
3234 3746 3432 3789 essent.

1864 3818 1987 3872 ldco
2032 3821 2281 3875 admonet
2318 3823 2580 3892 quispiam
2620 3826 2801 3878 dicens
2836 3843 2847 3877 :
2881 3825 2961 3878 Νε
2986 3825 3191 3890 oti/feras
3217 3827 3436 3879 converti

1863 3911 1930 3960 ad
1950 3908 2241 3972 Dominum,
2284 3929 2439 3981 neque
2463 3905 2711 3981 exspectes
2757 3916 2817 3966 de
2844 3916 2923 3967 dic
2951 3916 3000 3965 in
3028 3915 3157 3966 diem
3178 3957 3191 3979 ,
3221 3932 3281 3966 ne
3306 3918 3435 3984 forte

1864 4002 1985 4052 dum
2016 4002 2211 4065 tardas,
2244 4004 2517 4057 conteraris
2548 4003 2745 4073 (Eccli.
2776 4005 2826 4056 5.
2858 4004 2909 4057 8.
2936 4004 3021 4070 9).
3058 4004 3257 4056 Incerta
3292 4020 3433 4057 mors

1862 4099 1961 4155 est,
1998 4092 2186 4159 inquit,
2219 4104 2272 4145 et
2313 4094 2429 4146 ideo
2473 4095 2700 4158 incerta,
2737 4102 2792 4145 ut
2818 4110 3026 4160 semper
3055 4096 3308 4149 sollicitus
3337 4098 3429 4149 sis.

1862 4179 2193 4247 Quapropter
2219 4180 2353 4232 sicut
2394 4180 2475 4231 fttr
2501 4191 2657 4233 noctu
2680 4222 2692 4243 ,
2726 4182 2801 4233 sic
2840 4182 2953 4235 dies
2986 4183 3186 4235 Domini
3216 4186 3427 4237 veniet:

1864 4283 1966 4322 non
1996 4278 2053 4320 ut
2084 4269 2307 4332 furetur,
2337 4270 2427 4322 sed
2455 4279 2511 4322 ut
2538 4285 2634 4323 nos
2659 4271 2919 4322 cautiores
2946 4271 3147 4323 reddat.
3182 4271 3308 4324 Nam
3340 4274 3432 4340 qui

1861 4366 2138 4410 venturum
2170 4356 2337 4411 furem
2365 4359 2634 4428 praevidet,
2667 4361 2716 4412 in
2746 4360 2935 4428 vigiliis
2964 4362 3089 4427 agit,
3119 4370 3171 4413 et
3210 4377 3429 4415 accensa

1860 4446 2069 4501 lucerna
2100 4462 2309 4515 semper
2328 4449 2526 4517 vigilat.
2555 4449 2642 4503 Sic
2669 4457 2719 4502 et
2746 4464 2836 4501 vos
2865 4450 3036 4518 itaque
3059 4465 3278 4503 accensa
3308 4451 3429 4504 ﬁdei

1859 4543 1914 4588 et
1936 4536 2061 4587 recti
2085 4536 2203 4589 vitae
2234 4537 2451 4590 instituti
2486 4538 2600 4589 luce.
2623 4578 2637 4599 ,
2666 4537 2963 4603 splendidas
2988 4539 3229 4592 habetote
3260 4540 3430 4593 lucer-

1859 4639 1984 4686 nas,
2019 4625 2070 4678 in
2101 4626 2329 4679 assiduis
2361 4626 2567 4693 vigiliis.
2600 4625 2729 4692 Quia
2761 4630 2899 4680 enim
2945 4628 3211 4681 nescimus
3257 4646 3425 4696 quan-

1858 4716 2048 4769 donam
2094 4732 2324 4785 sponsus
2371 4727 2623 4770 venturus
2669 4719 2771 4778 sit,
2819 4734 3027 4784 semper
3060 4729 3266 4785 paratos
3310 4736 3427 4775 esse

1858 4815 2085 4874 oportet,
2118 4816 2177 4859 ut
2202 4822 2321 4859 cum
2350 4808 2569 4870 venerit,
2604 4823 2698 4861 nos
2728 4808 3003 4874 vigilantes
3034 4808 3281 4860 inveniat.

1928 4897 1977 4949 7.
2016 4895 2397 4965 Chrysostomus
2426 4897 2713 4963 inﬁrmitate
2752 4898 2972 4962 corporis
3012 4898 3236 4964 exposita
3266 4900 3416 4963 ﬁnem

1856 4987 2071 5039 orationi
2119 4988 2349 5054 imponit.
2393 5016 2462 5025 --
2504 4986 2659 5039 Plura
2703 4986 2881 5039 dicere
2922 4986 3110 5038 vellem
3145 4987 3273 5039 :sed
3316 4988 3425 5040 hac

1857 5078 2091 5147 proferre
2120 5078 2397 5133 inﬁrmitas
2429 5079 2663 5145 corporis
2690 5079 2772 5129 vix
2807 5078 3064 5144 permisit,
3093 5094 3190 5145 qua
3223 5094 3248 5129 a
3279 5078 3426 5131 vobis

1857 5168 2012 5235 longo
2057 5178 2293 5235 tempore
2338 5169 2547 5221 avulsus
2588 5182 2724 5220 sum.
2778 5167 3011 5232 Longum
3058 5166 3181 5217 mihi
3220 5177 3425 5233 tempus

1855 5256 1971 5321 fuit,
2003 5274 2103 5310 non
2154 5274 2372 5312 numero
2416 5256 2755 5321 dierum,sed
2802 5255 3088 5308 secundum
3122 5271 3422 5309 mensuram

1853 5347 2069 5401 affectus
2100 5349 2279 5401 animi.
2325 5349 2634 5400 Amantibus
2657 5348 2793 5399 enim
2815 5385 2828 5407 ,
2858 5347 2952 5397 etsi
2984 5346 3144 5397 breve
3172 5343 3440 5397 absenti

1857 5444 2082 5503 tempus,
2108 5437 2325 5489 multum
2361 5446 2532 5488 tamen
2566 5436 2853 5503 ingensque
2872 5434 3093 5487 videtur.
3134 5434 3255 5487 Ideo
3286 5434 3393 5485 Pan
3417 5462 3442 5469 -

1854 5524 1933 5577 lus
1958 5541 2077 5578 cum
2104 5542 2129 5577 a
2163 5524 2719 5578 Tlte5salonicensibus
2736 5524 2940 5577 modico
2965 5533 3199 5591 tempore
3227 5517 3431 5571 abfuis-

1854 5624 1953 5678 set,
1978 5617 2220 5669 dicebat:
2256 5635 2273 5666 ι
2300 5616 2425 5681 Nos,
2460 5616 2675 5679 fratres,
2710 5619 2893 5685 privati
2936 5616 3084 5667 vobis
3114 5614 3177 5664 ad
3214 5622 3424 5677 tempus

1857 5706 2019 5769 bene,
2058 5706 2223 5771 vultu,
2274 5722 2375 5761 non
2425 5708 2601 5769 corde,
2655 5708 3003 5760 abundantius
3059 5701 3424 5754 [estimavimus
