3990 6434
562 380 672 433 279

562 492 751 546 faciem
780 495 1011 543 vestram
1038 484 1237 541 videre.
1265 503 1284 537 ι
1327 486 1383 540 Si
1410 484 1602 539 Paulus
1629 483 1718 553 qui
1751 483 1987 534 omnium
2015 492 2132 532 ma-

563 581 704 634 xime
734 576 1095 648 philosophari
1116 576 1335 641 sciebat,
1358 588 1425 627 ne
1446 574 1510 627 ad
1530 583 1738 641 tempus
1753 572 1964 641 quidem
1987 570 2135 624 horas

564 671 699 733 tulit,
732 668 998 739 quomodo
1025 680 1125 720 nos
1150 672 1225 719 tot
1253 664 1443 718 diebus
1466 660 1888 717 sustinebimus?
1917 659 2022 715 Sed
2045 658 2136 715 ille

562 760 774 829 quidem
805 757 882 827 (a)
906 745 997 830 [ne
1028 753 1098 811 ad
1133 755 1317 810 horam
1348 752 1563 824 quidem
1590 753 1741 819 tulit;
1770 766 1870 821 ego
1897 763 2022 805 vero
2057 756 2137 803 tot

561 850 767 903 dierum
815 843 1135 919 absentiam]
1160 860 1266 900 non
1294 844 1432 899 ultra
1460 844 1655 910 terens,
1680 840 2018 897 manentibus
2042 839 2137 893 ad-

563 939 664 990 huc
710 936 883 991 morbi
932 937 1191 1005 reliquiis,
1219 934 1286 990 ad
1314 948 1410 990 vos
1446 933 1678 999 cucurri,
1704 932 1992 988 maximum
2046 943 2137 984 me

623 1151 695 1211 (a)
726 1156 839 1207 Qua
858 1150 1050 1198 uncinis
1068 1149 1353 1200 clauduntur
1374 1146 1713 1199 desiderantur
1734 1147 1785 1199 ﬁt
1804 1151 1971 1199 Gram
1994 1151 2046 1198 et
2069 1158 2135 1197 ex

558 1213 839 1271 conjectura
857 1212 1035 1273 scripta
1057 1214 1185 1260 sunt.

1263 369 1321 426 S.
1357 365 1630 425 JOANNIS
1663 361 2134 421 CHRYSOSTOMI
2170 362 2483 418 ARCHIEP.
2519 360 3053 420 CONSTANTINOP.

3710 388 3813 441 280

2240 484 2434 546 putans
2464 474 2760 531 remedium
2790 475 3077 539 adhibere,
3114 471 3353 530 caritatis
3379 480 3572 529 vestra:
3600 485 3793 527 censor

2241 572 2394 626 tium.
2440 568 2496 624 id
2522 569 2667 624 enim
2690 568 2823 623 mihi
2846 568 2957 637 ipsa
2985 566 3314 621 medicorum
3340 579 3502 634 opera
3533 565 3746 627 utilius,
3768 570 3819 615 ct

2241 660 2386 715 omni
2416 658 2559 729 quod
2584 657 2707 714 inde
2730 657 2961 713 mutuari
3008 656 3211 727 possim
3253 655 3443 711 solatio
3484 652 3819 709 commodius

2244 760 2346 815 est,
2376 758 2549 804 vestra
2578 748 2786 803 scilicet
2811 747 2913 802 frui
2946 748 3205 809 caritate;
3235 759 3336 813 qua
3373 744 3580 797 utinam
3623 742 3817 795 diutius

2242 839 2473 909 gaudere
2500 838 2657 893 liceat
2679 877 2694 901 ,
2721 838 2968 906 precibus
2995 843 3051 891 et
3084 833 3558 889 intercessionibus
3586 831 3821 886 omnium

2247 937 2577 992 sanctorum,
2620 926 2686 979 ad
2712 926 2935 994 gloriam
2966 924 3175 978 Domini
3222 923 3387 976 nostri
3429 921 3560 975 Jesu
3603 919 3820 981 Christi,

2244 1032 2338 1088 per
2357 1032 2517 1087 quem
2538 1026 2730 1071 etcum
2757 1029 2863 1085 quo
2887 1014 3027 1068 Patri
3049 1013 3237 1081 gloria,
3269 1014 3437 1064 honor
3456 1050 3470 1071 ,
3500 1009 3791 1078 imperium
3809 1047 3822 1072 ,

2245 1122 2347 1162 una
2366 1121 2487 1161 cum
2515 1114 2697 1159 sancto
2723 1104 2945 1173 Spiritu,
2980 1118 3122 1157 nunc
3144 1110 3200 1156 et
3219 1116 3449 1169 semper,
3464 1109 3519 1153 et
3544 1102 3599 1153 in
3626 1097 3823 1151 saecula

2245 1196 2581 1252 saeculorum.
2609 1198 2799 1249 Amen.

599 1321 3785 1371 Wa“

1973 1565 2353 1627 MONITUM

645 1780 727 1834 Ad
771 1780 913 1833 hanc
968 1778 1243 1835 homiliam
1277 1777 1393 1831 haec
1442 1785 1595 1832 notat
1646 1778 1899 1845 Savilius,
1931 1794 1986 1849 p.
2026 1776 2130 1832 815
2160 1792 2172 1828 :
2210 1793 2229 1826 ι
2262 1773 2493 1828 llomilia
2528 1785 2613 1828 est
2642 1774 2879 1830 melioris
2925 1783 3067 1829 notae
3104 1784 3159 1830 et
3188 1774 3579 1845 Chrysostomo
3612 1772 3803 1843 digna,

572 1921 824 1994 quamvis
852 1922 904 1976 in
932 1921 1186 1992 Catalogo
1214 1922 1523 1992 Augustano
1551 1921 1769 1975 minime
1794 1920 2112 1990 reperiatur.
2152 1914 2548 1984 Descripsimus
2573 1927 2689 1967 eam
2721 1928 2786 1967 ex
2825 1912 3029 1982 optimo
3079 1912 3443 1982 Manuscripto
3474 1913 3530 1967 in
3580 1911 3797 1967 Biblio-

578 2061 735 2115 theca
757 2062 1065 2132 Augnstana
1104 2081 1115 2116 :
1157 2078 1335 2133 neque
1361 2062 1509 2118 aliud
1555 2071 1815 2132 praeterea
1861 2060 2182 2131 suppetebat
2227 2055 2517 2126 exemplar.
2550 2054 2719 2111 Porro
2759 2054 2891 2109 illud
2936 2054 3267 2108 monendum
3304 2052 3581 2117 duximus,
3634 2051 3810 2105 multa

581 2191 805 2259 reperiri
830 2192 884 2245 in
919 2191 1146 2248 llomilia
1173 2203 1359 2250 octava
1394 2192 1450 2249 in
1483 2194 1711 2265 primam
1738 2194 1801 2248 ad
1832 2192 2345 2248 Thessalonicenses
2379 2189 2561 2245 afﬁnla
2594 2189 2679 2252 iis,
2714 2206 2834 2259 qua:
2876 2190 2978 2245 hac
3013 2189 3066 2243 in
3095 2188 3337 2242 oratione
3364 2185 3661 2248 habentur,
3699 2193 3807 2239 tam

598 2401 1182 2420 -__..-._.___—_.-——

1191 2410 1566 2421 om

1571 2411 1823 2420 ____—
1856 2411 2323 2420 r———..-_——

1736 2566 2562 2653 CHRYSOSTOMI

807 2733 890 2777 DE
934 2736 1252 2783 PERFECTA
1296 2738 1629 2795 CARITATE,
1664 2741 1745 2783 DE
1790 2741 2089 2785 HERCEDE
2132 2742 2389 2787 OPERUM
2417 2743 2537 2787 PRO
2580 2744 2821 2788 MEBITO
2862 2744 3249 2801 TRIBUENDA,
3296 2744 3511 2799 DEQUE

1832 2841 2317 2887 couPUNC'rIONE
2363 2818 2473 2907 (α).

1799 2981 2348 3018 meum

603 3124 655 3177 1.
694 3122 863 3177 Omne
909 3136 1042 3191 opus
1088 3121 1283 3175 bonum
1313 3122 1547 3176 caritatis
1590 3120 1790 3176 fructus
1827 3132 1908 3177 est
1937 3140 1950 3175 :
1979 3123 2101 3179 ideo

534 3212 698 3266 multa
727 3213 864 3267 circa
896 3211 1039 3267 illam
1076 3212 1214 3266 dicta
1255 3211 1720 3277 circumferuntur,
1761 3212 1972 3267 Christo
2020 3213 2104 3267 di-

530 3313 685 3359 cente
725 3322 739 3357 :
771 3302 838 3356 In
878 3305 969 3357 hoc
1003 3314 1298 3374 cognoscent
1344 3321 1532 3370 omnes,
1560 3306 1678 3372 quia
1720 3305 1956 3373 discipuli
2007 3305 2103 3357 mei

529 3396 675 3459 estis,
699 3396 743 3447 si
766 3396 1080 3449 dilectionem
1128 3395 1396 3448 habueritis
1437 3396 1503 3448 ad
1541 3396 1749 3448 invicem
1786 3394 1966 3466 (Joan.
2009 3396 2097 3450 15.

529 3484 621 3551 55)
644 3500 658 3548 ;
693 3484 856 3537 Paulo
882 3492 1057 3539 autem
1084 3486 1347 3538 clamante
1370 3500 1383 3536 :
1410 3483 1614 3537 Nemini
1632 3485 1903 3553 quidquam
1920 3486 2101 3538 debea-

529 3576 611 3635 tis,
645 3576 741 3627 nisi
767 3584 816 3626 ut
844 3576 1053 3629 invicem
1082 3575 1302 3645 diligatis
1328 3574 1503 3646 (Rom.
1534 3576 1619 3629 15.
1653 3574 1729 3647 8).
1764 3575 1894 3628 Illud
1922 3584 2099 3629 autem

529 3679 634 3718 non
666 3664 779 3717 sine
799 3679 954 3718 causa
986 3665 1138 3730 dixit,
1158 3665 1250 3719 sed
1276 3674 1332 3719 ut
1353 3675 1592 3718 mutuum
1607 3680 1723 3720 esse
1745 3665 1977 3719 debitum
2000 3665 2099 3719 do-

528 3762 691 3807 ceret.
720 3753 1171 3818 Quemadmodum
1197 3756 1337 3810 enim
1351 3755 1879 3823 corporialimentum
1892 3769 2102 3823 semper

528 3844 806 3910 debemus,
838 3846 1042 3914 ipsique
1068 3846 1254 3901 damus
1283 3846 1397 3916 (per
1415 3856 1577 3901 totam
1600 3848 1794 3917 quippe
1814 3849 1973 3902 vitam
1999 3849 2101 3903 hoc

528 3934 762 3989 debitum
814 3936 1137 4006 extenditur)
1165 3954 1177 3990 :
1208 3938 1286 3991 sic
1329 3939 1469 3992 circa
1518 3940 1790 3993 caritatem
1836 3940 2101 4008 agendum

528 4026 687 4079 docet
714 4041 727 4077 :
756 4026 861 4081 imo
900 4026 1055 4096 longe
1107 4027 1295 4095 majori
1347 4028 1543 4095 studio,
1572 4043 1639 4083 eo
1678 4028 1819 4096 quod
1846 4028 1910 4083 ad
1938 4031 2096 4082 vitam

527 4119 755 4173 deducat
803 4126 1078 4183 aeternam,
1110 4132 1173 4171 ac
1214 4132 1334 4173 cum
1375 4120 1478 4173 illis
1518 4120 1606 4187 qui
1634 4134 1696 4173 ea
1725 4120 1929 4187 prmditi
1976 4128 2099 4173 sunt

528 4222 741 4276 semper
764 4217 991 4261 maneat.
1022 4207 1153 4260 Nam
1180 4207 1409 4273 Manent,
1437 4208 1624 4278 inquit,
1657 4210 1752 4261 tria
1776 4211 1882 4262 lucc
1902 4248 1918 4274 ,
1951 4210 2098 4277 ﬁdes,

528 4316 663 4368 spes,
693 4299 910 4361 caritas;
936 4301 1100 4366 πταίον-
1148 4306 1315 4350 autem
1358 4300 1537 4351 horum
1570 4308 1640 4353 est
1666 4301 1850 4352 caritas
1879 4298 1953 4371 (1.
1980 4300 2098 4353 Cor.

529 4392 617 4445 13.
652 4390 761 4459 15).
793 4390 910 4444 Non
932 4388 1106 4443 verbis
1125 4398 1300 4443 autem
1325 4388 1503 4453 modo,
1542 4388 1633 4442 sed
1662 4390 1821 4443 etiam
1854 4389 2101 4457 Operibus

529 4482 675 4535 illam
725 4480 995 4534 discimus.
1049 4481 1124 4534 Ac
1170 4480 1340 4547 primo
1368 4479 1577 4547 quidem
1607 4492 1701 4547 per
1732 4478 1945 4531 modum
1983 4493 2089 4546 quo

529 4587 627 4627 nos
656 4571 923 4640 propagati
944 4585 1145 4624 sumus.
1170 4571 1298 4625 Cum
1318 4572 1457 4623 enim
1483 4571 1619 4624 Deus
1637 4584 1801 4623 unum
1819 4568 2099 4623 eil‘ormas-

531 4672 610 4715 set
637 4662 927 4726 hominem,
971 4676 1037 4714 ex
1083 4660 1172 4713 illo
1217 4661 1374 4727 jussit
1420 4674 1604 4713 omnes
1634 4660 1781 4722 oriri,
1808 4669 1866 4713 ut
1915 4674 2103 4713 omnes

532 4763 713 4806 mutuo
742 4754 890 4821 quasi
913 4768 1074 4805 unum
1095 4766 1213 4806 esse
1240 4760 1562 4820 reputemus,
1581 4760 1635 4806 et
1665 4752 1715 4804 in
1742 4751 1961 4805 caritate
1982 4766 2099 4805 mu-

533 4855 620 4897 tua
638 4844 831 4912 degere
852 4843 1175 4897 studeamus.
1202 4842 1400 4897 Deinde
1421 4858 1515 4912 per
1528 4844 1845 4897 commercia
1867 4850 2099 4897 mutuam

530 4935 870 4989 dilectionem
889 4934 1157 5001 sapienter
1181 4935 1418 4987 curavit:
1448 4949 1547 5001 quo
1576 4944 1750 4988 autem
1780 4934 1937 4989 modo
1955 4934 2097 4988 audi.

531 5030 661 5082 Cum
698 5026 878 5079 multis
898 5025 1080 5078 orbem
1110 5026 1397 5092 compleret
1441 5026 1613 5089 bonis,
1642 5027 1856 5081 cuilibet
1898 5028 2098 5096 regioni

533 5120 796 5187 propriam
829 5118 1089 5171 fructuum
1132 5118 1360 5184 speciem
1406 5117 1623 5186 largitus
1659 5128 1758 5183 est,
1786 5127 1841 5171 ut
1886 5129 2102 5185 propter

534 5224 661 5262 usus
689 5209 1057 5261 necessitatem
1084 5223 1180 5260 nos
1202 5218 1381 5260 mutuo
1408 5208 1681 5272 adeuntes,
1706 5217 1757 5260 et
1782 5223 1899 5275 qua:
1918 5224 2104 5275 super~

532 5312 762 5350 vacanca
790 5307 911 5349 sunt
940 5298 1181 5364 utrinque
1224 5297 1489 5350 tradentes
1512 5337 1527 5361 ,
1555 5311 1615 5349 ac
1644 5312 1759 5364 quae
1789 5297 1979 5350 desunt
2005 5312 2099 5350 no-

535 5389 615 5442 bis
634 5386 1299 5453 aceipientes,congeneres
1318 5395 1526 5437 nostros
1544 5385 1842 5453 diligamus.
1868 5385 2095 5453 ldipsum

534 5478 692 5529 etiam
723 5475 775 5527 in
805 5474 1022 5542 singulis
1050 5473 1171 5526 fecit
1200 5474 1513 5531 hominibus.
1538 5473 1654 5527 Non
1679 5476 1817 5529 enim
1840 5476 2102 5531 concessit

597 5673 668 5732 (α)
704 5671 879 5721 Cullata
905 5684 1011 5718 cum
1034 5669 1206 5719 Codice
1230 5669 1505 5719 Colbertiuo
1528 5672 1637 5720 0’10.

2352 2982 2514 3018 mn

2217 3131 2272 3175 ut
2302 3136 2485 3177 omnes
2515 3122 2689 3176 omnia
2724 3122 2955 3188 scirent,
2984 3122 3077 3177 sed
3108 3122 3229 3176 huic
3258 3122 3405 3177 dedit
3434 3124 3794 3189 medicinam.

2208 3214 2284 3267 illi
2313 3214 2549 3268 fabrilem
2579 3224 2770 3280 artem,
2806 3214 2895 3267 alii
2924 3216 3079 3267 aliam
3099 3255 3115 3280 ,
3149 3225 3206 3268 ut
3233 3217 3427 3269 mutuis
3456 3230 3679 3287 egentes
3707 3220 3796 3275 of.

2211 3303 2363 3368 ﬁciis,
2397 3317 2493 3357 nos
2525 3312 2707 3357 mutuo
2742 3303 3043 3371 diligamus.
3085 3304 3141 3357 ln
3172 3305 3537 3372 spiritualibus
3574 3323 3798 3377 quoque

2208 3394 2433 3461 idipsum
2463 3394 2644 3447 videre
2673 3403 2772 3458 est,
2805 3403 2862 3447 ut
2903 3394 2977 3446 ait
3001 3394 3193 3447 Paulus
3223 3411 3236 3447 :
3271 3413 3289 3445 ι
3312 3396 3415 3448 Alii
3441 3397 3660 3465 quidem
3691 3400 3794 3451 da-

2208 3493 2291 3536 tur
2318 3499 2495 3539 sermo
2523 3486 2792 3553 sapientiae
2811 3524 2827 3550 ,
2854 3484 2943 3537 alii
2968 3500 3147 3538 sermo
3191 3486 3424 3538 scicntia:
3444 3523 3459 3550 ,
3489 3488 3579 3540 alii
3609 3497 3794 3542 autem

2208 3574 2509 3644 prophetia,
2538 3577 2626 3629 alii
2656 3576 2823 3645 gratia
2850 3576 3179 3629 curationum
3202 3616 3216 3639 ,
3246 3576 3330 3628 alii
3359 3590 3555 3644 genera
3584 3577 3797 3645 lingua-

2206 3683 2346 3732 rum,
2370 3668 2456 3721 alii
2475 3667 2841 3736 interpretatio
2866 3681 3170 3720 sermonum
3204 3683 3223 3717 ι
3251 3666 3326 3735 (1.
3349 3665 3463 3718 Cor.
3488 3667 3576 3720 12.
3597 3666 3790 3737 8.10).

2205 3758 2402 3814 Verum
2456 3759 2586 3812 nihil
2636 3773 2793 3828 supra
2848 3758 3119 3811 caritatem
3181 3774 3193 3810 :
3244 3758 3594 3826 quamobrem
3640 3759 3793 3813 illam

2206 3851 2450 3904 omnibus
2473 3850 2583 3916 ipse
2611 3848 2843 3917 pra-fert,
2875 3848 2956 3901 his
2980 3847 3158 3901 verbis
3190 3862 3204 3899 :
3239 3865 3259 3898 ι
3296 3846 3351 3901 Si
3394 3847 3588 3916 linguis
3616 3847 3797 3903 homi-

2207 3956 2331 3993 num
2373 3940 2559 4007 loquar
2593 3947 2645 3992 et
2673 3938 2999 4007 angelorum,
3031 3938 3304 3990 caritatem
3342 3947 3517 3992 autem
3540 3954 3648 3991 non
3693 3938 3795 3993 ha-

2206 4030 2380 4094 beam,
2410 4030 2574 4083 lactus
2603 4044 2719 4081 sum
2745 4029 2887 4081 velut
2906 4044 2978 4082 ms
3003 4038 3324 4094 sonans,aut
3348 4030 3650 4098 cymbalum
3681 4031 3794 4084 tin-

2208 4122 2360 4174 niens
2390 4137 2402 4171 :
2436 4129 2489 4173 et
2521 4120 2564 4171 si
2602 4118 2835 4171 habuero
2864 4118 3216 4186 prophetiam,
3273 4118 3547 4186 sciamque
3591 4134 3793 4174 arcana

2207 4210 2404 4271 omnia,
2428 4219 2481 4261 et
2509 4209 2552 4261 si
2582 4208 2814 4261 habuero
2844 4206 3021 4270 iidem,
3042 4208 3113 4259 ita
3144 4213 3200 4259 ut
3220 4216 3425 4260 montes
3444 4207 3790 4274 transferam,

2205 4302 2478 4353 caritatem
2506 4309 2682 4353 autem
2709 4314 2811 4351 non
2843 4296 3097 4362 habuero,
3119 4297 3249 4350 nihil
3271 4312 3417 4351 sum»
3446 4299 3519 4366 (1.
3546 4297 3668 4352 Cor.
3700 4301 3791 4355 15.

2206 4392 2258 4445 1.
2289 4390 2376 4461 2).
2407 4390 2589 4458 Neque
2635 4389 2720 4442 hic
2756 4390 2901 4443 stetit
2926 4428 2939 4453 ,
2964 4390 3071 4442 imo
3096 4388 3252 4441 etiam
3284 4397 3507 4441 mortem
3557 4404 3659 4457 pro
3704 4392 3791 4458 pia

2206 4481 2463 4550 religione
2492 4480 2620 4533 nihil
2647 4479 2777 4533 lucri
2808 4478 3003 4532 habere
3034 4479 3369 4547 pronuntiat,
3402 4479 3502 4533 nisi
3531 4479 3673 4533 adsit
3698 4496 3796 4533 ca-

2206 4575 2353 4626 ritas.
2385 4572 2563 4639 Neque
2584 4573 2698 4625 sine
2724 4585 2881 4625 causa
2914 4570 3028 4623 haec
3052 4571 3119 4624 de
3142 4569 3359 4624 caritate
3380 4569 3515 4622 dixit
3541 4586 3553 4620 :
3582 4570 3795 4624 sciebat

2206 4664 2369 4726 enim,
2400 4663 2554 4731 plane
2574 4662 2789 4726 sciebat,
2822 4670 3006 4729 utpote
3048 4670 3431 4728 praeceptorum
3461 4660 3556 4713 Dei
3589 4661 3793 4727 cultor,

2208 4752 2308 4804 hac
2338 4751 2515 4804 ﬁrmas
2558 4751 2765 4803 radices
2818 4758 3070 4817 ponente,
3098 4751 3332 4803 omnium
3380 4749 3648 4804 bonorum
3681 4749 3797 4805 fru-

2207 4852 2322 4896 etus
2342 4844 2528 4897 emitti.
2556 4842 2682 4895 Illud
2705 4842 2866 4904 enim,
2894 4840 3012 4893 Non
3044 4840 3363 4892 nime/iuberis
3380 4880 3392 4902 ,
3418 4856 3519 4893 non
3547 4843 3750 4895 occides
3776 4884 3792 4907 ,

2208 4950 2306 4985 non
2333 4933 2598 5002 furaberis,
2632 4949 2730 4983 non
2759 4931 2943 5001 falsum
2968 4930 3299 4982 testimonium
3321 4929 3452 4981 dices
3474 4928 3672 4996 (Exod.
3696 4930 3791 4983 20.

2211 5023 2419 5092 15-16),
2477 5031 2529 5076 et
2558 5022 2601 5076 si
2627 5038 2727 5091 qna
2773 5022 2870 5073 alia
2905 5029 3184 5088 praecepta,
3213 5020 3262 5073 in
3297 5022 3395 5073 hoc
3436 5036 3561 5084 uno,
3604 5036 3703 5075 ceu
3738 5023 3793 5075 in

2210 5115 2381 5183 capite
2405 5112 2950 5181 comprehenduntur,
2982 5110 3167 5178 Diliges
3192 5112 3477 5177 proximum
3496 5120 3642 5162 tuum
3663 5112 3795 5163 sicut

2210 5208 2418 5275 teipsum
2449 5206 2591 5273 (Leu.
2618 5206 2703 5258 l9.
2731 5203 2815 5257 18.
2841 5201 2956 5255 Gal.
2990 5202 3041 5256 5.
3069 5203 3173 5270 H).
3196 5200 3397 5269 Ecquid
3420 5216 3553 5268 opus
3574 5212 3660 5255 est
3676 5203 3794 5256 haec

2212 5314 2369 5367 parva
2418 5297 2624 5361 dicere,
2658 5309 2951 5363 magnaque
2984 5292 3197 5347 tacere?
3228 5292 3451 5360 Propter
3506 5295 3790 5347 caritatem

2210 5391 2274 5443 ad
2322 5404 2419 5443 nos
2462 5386 2735 5441 descendit
2784 5386 3008 5439 dilectus
3038 5385 3127 5437 Dei
3161 5383 3343 5447 Filius,
3385 5382 3474 5450 qui
3506 5384 3789 5437 nobiscum

2212 5481 2514 5536 hominibus
2562 5486 2799 5531 versatus
2846 5485 3007 5530 estet
3038 5472 3307 5537 habitavit,
3334 5480 3389 5525 ut
3414 5473 3791 5540 multiplicium

2212 5574 2428 5627 deorum
2457 5584 2643 5625 errore
2670 5569 2897 5633 sublato,
2924 5580 3151 5634 veraque
3174 5564 3481 5617 annuntiata
3509 5565 3787 5631 religione,

2218 5673 2451 5716 mutuam
2478 5662 2751 5716 caritatem
2803 5659 3041 5714 homines
3077 5656 3309 5719 doceret,
3338 5654 3788 5723 quemadmodum
