3990 6482
202 478 316 533 279
1442 475 1529 529 DE
1566 471 1863 529 PERFEC'I

1964 470 2321 528 CARITATE.
3478 476 3591 534 280

206 581 509 651 συντυχίαν.
526 584 677 653 Ἐμοὶ
706 583 811 654 7&9
838 585 931 636 καὶ
962 585 1159 654 ἰατρῶν
1191 585 1385 656 χειρῶν
1413 585 1838 657 χρησιμώτερον,
1944 582 2099 646 δόξαν
2123 584 2215 637 τού
2245 583 2441 654 Κυρίου
2469 583 2623 654 ἡμῶν
2663 582 2834 654 Ἰησοῦ
2858 581 3113 652 Χριστοῦ,
3140 582 3205 633 δι’
3232 571 3293 633 οὗ
3328 578 3422 632 καὶ
3462 576 3584 649 μεθ’

202 669 299 721 καὶ
342 668 521 738 πάσης
551 670 647 737 τῆς
673 669 876 721 ἐκεῖθεν
921 670 1266 739 παραμυθίας
1306 670 1751 739 λυσιτελέστερον,
1780 671 1841 721 τὸ
1944 662 2005 721 οῦ
2038 668 2112 737 τῷ
2141 669 2314 739 Ila-:91
2340 670 2485 734 δόξα,
2530 669 2683 738 τιμὴ,
2730 667 2945 738 κράτος,
2975 667 3092 736 ἅμα
3133 664 3210 735 τῷ
3249 664 3385 733 ἁγίῳ
3411 661 3582 715 Πνεύ-

201 753 300 823 τῆς
332 754 598 823 ὑμετέρας
625 754 911 807 ἀπολαύειν
940 755 1157 823 ἀγάπης
1179 772 1193 785 ο
1223 751 1290 825 ἦς
1333 756 1538 823 γένοιτο
1582 755 1839 825 διηνεκῶς
1949 770 2077 823 ματι
2101 792 2115 817 ,
2154 754 2249 807 νῦν
2287 756 2380 807 καὶ
2416 755 2502 808 ἀεὶ
2526 793 2542 818 ,
2580 754 2674 807 καὶ
2708 756 2787 816 είς
2821 754 2947 817 τοὺς
2983 754 3181 815 αίῶνας
3218 750 3320 805 τῶν
3355 748 3581 806 αἰώνων.

202 838 490 909 ὲντρυφᾷν,
520 840 703 908 εὐχαῖς
731 842 825 895 καὶ
853 840 1164 912 πρεσϐείαις
1188 840 1403 894 πάντων
1426 840 1531 894 τῶν
1555 841 1740 909 ἀγίων,
1763 840 1841 901 είς
1958 838 2145 908 Ἀμήν.
2296 853 2305 865 ⁸

302 1446 3469 1488 W

1057 1615 1165 1673 AD
1218 1612 1630 1673 HOMILIAM
1683 1612 1779 1671 DE
1838 1610 2246 1674 PERFECTA
2300 1609 2723 1672 CARITATE.

299 1826 474 1882 verbis
497 1832 655 1895 quam
682 1836 866 1877 sensu.
893 1821 1081 1890 Neque
1106 1827 1286 1875 tamen
1331 1819 1650 1890 άπάνθισμα
1678 1833 1797 1874 esse
1845 1826 1998 1888 puto,
2042 1800 2138 1874 sed
2164 1820 2415 1877 eumdem
2442 1820 2511 1876 de
2532 1821 2721 1877 iisdem
2744 1820 2908 1876 rebus
2930 1817 3121 1875 eodem
3160 1831 3300 1888 pene
3332 1822 3492 1872 modo

293 1966 523 2021 diversis
553 1959 887 2030 temporibus
933 1957 1154 2012 dixisse.
1195 1975 1214 2008 ι
1264 1955 1447 2011 Savilii
1471 1956 1538 2012 de
1566 1955 1665 2011 hac
1716 1956 1938 2012 bomilia
1984 1956 2307 2012 sententiam
2356 1957 2588 2013 libenter
2616 1958 2930 2027 amplector.
2961 1954 3057 2009 Est
3087 1954 3231 2009 enim
3255 1954 3491 2026 Chryso-

298 2111 474 2156 stomo
507 2102 685 2173 digna,
730 2101 799 2156 ad
834 2115 1012 2156 mores
1043 2099 1404 2155 instituendos
1434 2100 1656 2170 optima,
1688 2109 1739 2154 et
1766 2099 1936 2154 sancti
1960 2098 2197 2153 doctoris
2240 2098 2435 2166 stylum
2475 2098 2634 2168 sapit.
2670 2096 2939 2152 Ceterum
2984 2093 3120 2149 nihil
3157 2094 3334 2160 offert,
3387 2108 3495 2164 quo

298 2240 569 2311 possimus
593 2241 961 2295 internoscere
988 2239 1361 2294 Antiochiaane
1384 2254 1453 2293 an
1481 2237 1945 2308 Constantinopoli
1968 2237 2152 2293 habita
2186 2238 2367 2294 fuerit.

1471 2538 2280 2629 ΧΡΥΣΟΣΤΟΜΟΥ

504 2722 633 2791 Περὶ
669 2724 900 2789 τελείας
930 2722 1181 2792 ἀγάπης.
1206 2726 1303 2779 καὶ
1329 2726 1439 2795 τῆς
1462 2728 1585 2780 κατ’
1612 2726 1789 2790 ἀξίαν
1809 2725 1927 2780 τῶν
1952 2725 2139 2795 ἔργων
2166 2724 2639 2788 ἀνταποδόσεως,
2674 2723 2769 2775 καὶ
2799 2723 2928 2791 περὶ
2957 2723 3348 2789 κατανύξεως.

296 3102 365 3157 α’.
395 3103 546 3154 Πᾶσα
571 3099 763 3169 πρᾶξις
794 3099 968 3169 ἀγαθὴ
998 3102 1202 3170 καρπὸς
1232 3101 1445 3170 ἀγάπης
1495 3101 1636 3154 ἐστί·
1666 3101 1744 3154 διὸ
1773 3102 1864 3153 καὶ

227 3188 392 3250 πυλὺς
410 3187 533 3254 περὶ
554 3185 716 3253 αὐτῆς
737 3187 765 3237 δ
784 3185 954 3250 λόγος,
975 3185 1068 3238 τοῦ
1093 3187 1186 3253 μὲν
1211 3186 1441 3257 Χριστοῦ
1470 3186 1729 3252 λέγοντος·
1772 3188 1867 3238 Ἐν

228 3274 414 3335 τούτῳ
437 3271 759 3338 γνώσονται
782 3269 1018 3333 πάντες,
1041 3270 1129 3321 ὅτι
1157 3270 1281 3336 ἐμοὶ
1300 3272 1552 3336 μαθηταί
1577 3272 1733 3331 ἐστε,
1760 3271 1867 3323 ἐὰν

230 3354 491 3424 ἀγαπᾶτε
524 3354 863 3419 ἀλλήλους·
893 3353 986 3405 τοῦ
1026 3354 1081 3405 δὲ
1119 3355 1324 3407 Παύλου
1351 3355 1605 3422 βοῶντος·
1646 3356 1865 3421 Μηδενὶ

228 3438 418 3506 μηδὲν
454 3438 737 3504 ὀφείλετε,
770 3440 819 3489 εί
865 3436 948 3504 μὴ
998 3437 1063 3489 τὸ
1112 3437 1346 3504 ἀγαπᾷν
1391 3439 1718 3503 ἀλλήλους.
1756 3440 1865 3508 Οὐχ

233 3523 414 3584 ἁπλῶς
455 3516 623 3585 εἶπεν,
665 3520 775 3572 ἀλλ’
802 3521 875 3582 ὼς
905 3522 1210 3589 ὀφείλοντας
1248 3523 1504 3593 ἀλλήλοις.
1524 3524 1610 3584 Ὠς
1651 3525 1755 3593 7&9
1790 3524 1865 3593 τῷ

234 3609 441 3676 σώματι
473 3607 571 3675 τὴν
604 3605 801 3675 τροφὴν
830 3607 914 3658 ἀεὶ
948 3607 1043 3674 μὲν
1070 3606 1348 3675 ὀφείλομεν
1377 3607 1538 3677 αὐτῷ,
1582 3609 1665 3660 ἀεὶ
1717 3608 1861 3681 [9.88]

232 3690 289 3742 δὲ
315 3690 628 3758 ἀποδίδομεν
657 3690 824 3761 (πάσῃ
852 3691 957 3759 γάρ
979 3690 1132 3759 ἡμῶν
1157 3694 1220 3760 τῇ
1252 3693 1362 3761 ζωῇ
1390 3693 1449 3744 τό
1484 3694 1715 3746 τοιοῦτον
1746 3711 1866 3745 συνο

234 3775 527 3827 ικτείνεται
570 3776 785 3843 χρέος)·
820 3775 958 3827 οὕτω
989 3777 1079 3827 καὶ
1120 3777 1210 3827 ἐπὶ
1249 3780 1344 3846 τῆς
1373 3778 1589 3847 ἀγάπης
1630 3779 1865 3831 διδάσκει

236 3863 406 3912 ποιεῖν
426 3877 440 3889 ·
476 3859 669 3928 μᾶλλον
691 3860 746 3911 δὲ
772 3862 862 3911 καὶ
891 3860 1065 3929 πολλῷ
1092 3860 1270 3923 πλέον,
1298 3861 1404 3930 ὅσῳ
1430 3863 1521 3914 καὶ
1561 3863 1693 3931 πρὸς
1733 3862 1864 3915 αἰώ-

235 3961 345 3996 νιον
376 3945 554 4013 ὁδηγεῖ
578 3944 738 4013 ζωὴν,
762 3945 851 3997 καὶ
882 3949 1293 4014 συμπαραμένει
1319 3950 1427 4010 τοῖς
1447 3948 1653 4018 ἔχουσιν
1675 3951 1862 4019 αὑτήν.

232 4029 409 4081 Μένει
442 4029 565 4098 γὰρ,
604 4028 751 4096 φησὶ,
783 4028 853 4081 τὰ
882 4029 1010 4096 τρία
1041 4030 1238 4094 ταῦτα,
1270 4033 1486 4095 πίστις,
1517 4032 1707 4097 ἐλπὶς,
1731 4032 1867 4101 ἀγά-

232 4129 315 4178 πη
336 4131 351 4145 ο
372 4112 578 4181 μεθ’ζὶσν
604 4113 669 4164 δὲ
697 4114 915 4166 τούτων
944 4116 979 4180 ἠ
1016 4113 1229 4181 ἀγῖίπη.
1268 4114 1341 4167 Οὐ
1376 4117 1533 4183 μόνον
1560 4116 1614 4168 δὲ
1643 4117 1729 4169 διά
1766 4121 1863 4188 ρη-

236 4198 435 4265 μάτων,
468 4197 596 4250 ἀλλὰ
640 4200 729 4249 καὶ
758 4199 841 4249 διά
873 4198 1206 4266 πραγμάτων
1244 4197 1600 4268 διδασκόμεθα
1640 4201 1859 4269 ταύτην.

236 4282 345 4333 Καὶ
389 4283 600 4350 πρῶτον
646 4282 741 4349 μὲν
778 4282 861 4332 διά
892 4282 982 4332 τοῦ
1022 4280 1218 4349 τρόπου
1262 4283 1357 4350 τῆς
1393 4284 1657 4352 ἡμετέρας
1703 4302 1864 4337 κατα.

235 4367 589 4435 σκευῆς.Ἔνα
630 4366 736 4435 7&9
785 4366 988 4426 πλάσας
1034 4368 1060 4418 ό
1110 4366 1239 4429 Θεδς
1282 4367 1577 4437 ἄνθρωπον,
1609 4370 1665 4433 ἐξ
1702 4371 1859 4427 αὑτοῦ

235 4452 436 4512 πάντας
482 4450 775 4519 προσέταξε
822 4450 1088 4518 γενέσθαι,
1133 4452 1216 4504 ἵνα
1259 4453 1454 4516 πάντες
1494 4454 1749 4524 ἀλλήλους
1790 4457 1861 4520 ὡς

230 4536 325 4587 ἱνα
361 4536 718 4603 νομίζωμεν⁸,
754 4536 844 4587 καὶ
884 4536 939 4586 ὲν
972 4536 1154 4606 ἀγάπῃ
1196 4539 1328 4606 πρὸς
1370 4539 1621 4608 ἀλλήλους
1666 4540 1864 4609 διάγειν

234 4620 867 4687 σπουδάζωμεν.Ἔπειτα
894 4621 985 4672 καὶ
1012 4621 1097 4672 διὰ
1134 4622 1230 4690 τῆς
1267 4623 1371 4675 τῶν
1413 4625 1863 4695 συναλλαγμάτων

230 4704 505 4771 ἐπιμιξίας
550 4704 723 4771 σοφῶς
756 4706 884 4772 ἡμῖν
915 4705 973 4756 τὸ
1002 4706 1314 4773 φιλάλληλον
1351 4710 1828 4780 ἐπραγματεύσατο
1847 4730 1859 4743 ·

231 4790 326 4840 καὶ
352 4790 488 4852 πῶς,
510 4788 687 4841 ἄκουε.
717 4789 927 4840 Πολλῶν
950 4790 1156 4859 πλήσας
1174 4792 1269 4860 τὴν
1290 4794 1606 4863 οἰκουμένην
1627 4797 1861 4862 ἀγαθῶν,

232 4875 428 4926 ἔδωκεν
475 4875 671 4941 ἑκάστῃ
714 4874 866 4943 χώρᾳ
908 4875 1066 4927 πάλιν
1114 4876 1409 4939 ίδιάζουσαν
1465 4880 1864 4950 ἐπιτηδειότητα

233 4958 476 5027 καρπῶν,
502 4958 585 5008 ίνα
612 4958 698 5009 διὰ
720 4959 779 5009 τὸ
807 4960 903 5027 τῆς
927 4958 1111 5029 χρείας
1133 4960 1423 5027 ἀναγκαῖον
1454 4965 1588 5032 πρὸς
1611 4964 1865 5034 ἀλλήλους

232 5043 555 5111 βαδίζοντες,
592 5043 683 5094 καὶ
730 5042 837 5094 τῶν
881 5044 1295 5112 περιττευόντων
1346 5047 1727 5114 μεταδιδόντες,
1774 5051 1865 5101 καὶ

230 5127 338 5179 τῶν
387 5127 674 5179 λειπόντων
717 5128 845 5194 ἡμῖν
898 5128 1404 5196 ἀντιλαμϐάνοντες,
1455 5131 1752 5200 ἀγαπῶμεν
1808 5135 1864 5186 τὸ

229 5213 514 5281 ὁμόφυλον.
555 5212 721 5263 Τοῦτο
747 5211 838 5262 καὶ
867 5213 949 5277 ἐφ’
977 5214 1202 5266 ἑκάστου
1239 5216 1528 5283 πεποίηκεν
1556 5217 1650 5268 ἀνθ
1660 5217 1859 5285 ρώπου.

231 5299 303 5350 Οὐ
332 5298 440 5366 γὰρ
466 5297 639 5349 πάντα
670 5297 828 5349 πᾶειν
858 5296 1053 5349 ἔδωκεν
1076 5299 1287 5361 εἰδέναι,
1318 5300 1448 5351 άλλά
1475 5300 1549 5368 τῷ
1578 5301 1672 5370 μὲν
1700 5303 1865 5372 ίατρι-

231 5383 352 5453 κην,
379 5382 455 5450 τῷ
486 5382 541 5434 δὲ
571 5380 899 5449 τεκτονικὴν,
932 5381 1023 5434 καὶ
1063 5382 1203 5451 ἄλλῳ
1228 5384 1407 5453 άλλην,
1454 5385 1535 5436 ἵνα
1580 5386 1866 5455 χρῄζοντες

266 5600 319 5673 ’⁸
343 5600 476 5675 colb.
518 5601 743 5675 ἀλλῄλους
785 5599 1042 5671 νομίζομεν.
1086 5599 1264 5674 Ρριιιο.
1291 5608 1415 5675 post.
1438 5603 1572 5652 Colb.
1609 5604 1862 5675 firmiter;

535 5661 645 5721 ἡμῖν
680 5661 1049 5718 πραγματεύεται
1088 5662 1143 5705 τὸ
1204 5661 1496 5720 φιλάλληλον*
1544 5661 1729 5710 πολλῶν
1774 5666 1861 5724 γὰρ

596 5815 857 5875 ΡΑτιιοι.
904 5816 1016 5876 Gn.
1062 5817 1207 5876 LVI.

1967 3100 2224 3168 ἀλλήλων,
2259 3101 2558 3168 ἀγαπῶμεν
2587 3100 2862 3168 ἀλλήλους.
2898 3102 3003 3153 Καὶ
3053 3104 3109 3153 ὲν
3152 3105 3263 3164 τοῖς
3308 3120 3600 3174 πνευματι-

1965 3188 2078 3245 κοῖς
2106 3184 2161 3235 δὲ
2198 3184 2355 3237 πάλιν
2385 3184 2445 3235 τὸ
2479 3184 2607 3236 αὐτὸ
2635 3186 2910 3253 γινόμενον
2940 3186 3033 3238 ίδοι
3058 3203 3140 3249 τις
3166 3187 3253 3247 ἂν.
3285 3188 3358 3251 ῶς
3384 3207 3543 3259 φησιν
3569 3192 3598 3242 ό

1965 3268 2193 3332 Παῦλος,
2226 3269 2306 3321 δτι
2343 3267 2426 3332 Τῷ
2451 3269 2564 3336 μὲν
2588 3268 2811 3323 δίδοται
2837 3270 3016 3338 λόγος
3044 3272 3277 3338 σοφίας,
3298 3272 3375 3337 τῷ
3403 3274 3471 3325 δὲ
3494 3276 3600 3327 λό-

1964 3371 2068 3424 γος
2110 3354 2401 3422 γνώσεως,
2442 3355 2605 3416 ἄλλῳ
2647 3354 2714 3407 δὲ
2754 3357 3095 3423 προφητεία,
3130 3357 3295 3422 ἄλλῳ
3326 3358 3392 3411 δὲ
3433 3363 3597 3428 χαρί-

1965 3453 2160 3505 σματα
2191 3439 2465 3506 ἰαμάτων,
2512 3438 2676 3503 ἄλλῳ
2711 3440 2778 3492 δὲ
2818 3441 2959 3508 γένη
3000 3444 3311 3509 γλωσσῶν,
3332 3444 3496 3507 ἄλλῳ
3530 3445 3599 3498 δὲ

1964 3522 2238 3590 ἑρμηνεία
2270 3524 2577 3591 γλωσσῶν.
2596 3523 2732 3576 Ἀλλ’
2758 3525 2908 3577 οὐδὲν
2931 3526 3031 3593 τῆς
3057 3528 3272 3597 ἀγάπης
3298 3529 3560 3597 ἀνώτερον
3580 3546 3593 3560 ο

1963 3607 2040 3659 διὸ
2078 3609 2166 3660 καὶ
2204 3611 2415 3661 πάντων
2449 3609 2613 3678 αὐτὴν
2651 3610 2967 3678 προέθηκεν,
3012 3611 3180 3673 οὕτως
3215 3612 3413 3665 είπών’
3460 3614 3600 3667 Ἐὰν

1964 3689 2032 3742 δὲ
2053 3691 2177 3756 ταῖς
2203 3691 2506 3759 γλώσσαις
2531 3691 2647 3744 τῶν
2671 3693 2991 3760 ἀνθρώπων
3018 3694 3185 3747 λαλῶ
3223 3698 3317 3752 καί
3357 3697 3475 3750 τῶν
3496 3698 3598 3769 ἀγ-

1963 3772 2175 3840 γέλων,
2205 3775 2444 3843 ἀγάπην
2470 3776 2538 3828 δὲ
2562 3776 2645 3843 μὴ
2675 3776 2811 3844 ἔχω,
2846 3778 3061 3845 γέγονα
3099 3782 3325 3849 χαλκὸς
3346 3783 3528 3851 ἠχῶν,
3556 3786 3595 3851 ἠ

1964 3859 2269 3925 κύμϐαλον
2311 3857 2623 3919 ἀλαλάζον·
2671 3861 2765 3913 καί
2803 3861 2911 3916 ἐὰν
2942 3864 3057 3931 ἔχω
3089 3870 3466 3933 προφητείαν,
3500 3870 3597 3921 καὶ

1961 3941 2095 3995 εἰδῶ
2119 3943 2188 3995 τὰ
2212 3943 2512 4010 μυστήρια
2542 3943 2753 4004 πάντα,
2786 3946 2882 3997 καί
2911 3947 3018 3999 ἐὰν
3046 3950 3161 4015 ἔχω
3185 3952 3408 4013 πίστιν,
3442 3952 3596 4005 ὥστε

1965 4027 2069 4093 ὅρη
2090 4028 2483 4095 μεθιστάνειν,
2506 4027 2745 4095 ἀγάπην
2769 4026 2937 4097 δὲμὴ
2961 4031 3094 4098 ἔχω,
3128 4033 3307 4087 οὐδέν
3325 4038 3455 4102 ειμι.
3488 4038 3594 4089 Καὶ

1963 4111 2080 4162 οὐδὲ
2109 4112 2265 4180 μέχρι
2298 4111 2500 4163 τούτων
2542 4111 2689 4180 ἔστη,
2735 4112 2868 4165 άλλά
2897 4114 2988 4166 καὶ
3019 4116 3110 4168 τὸν
3150 4118 3287 4188 ὑπὲρ
3322 4120 3594 4183 εὐσεϐείας

1965 4194 2188 4245 θάνατον
2227 4196 2376 4247 οὐδὲν
2406 4196 2544 4265 ἔχειν
2573 4197 2923 4264 ἀποφαίνεται
2954 4200 3157 4270 κέρδος,
3188 4204 3260 4273 μὴ
3292 4205 3593 4275 προσούσης

1967 4279 2199 4347 ἀγάπης.
2236 4279 2307 4330 Ού
2343 4281 2513 4349 μάτην
2542 4280 2597 4332 δὲ
2621 4280 2853 4333 τοσαῦτα
2876 4285 3000 4351 περὶ
3026 4285 3190 4353 αὐτῆς
3224 4286 3457 4356 εἴρηκεν·
3477 4289 3593 4357 ᾔδει

1964 4364 2088 4432 7&9,
2122 4364 2237 4432 ᾔδει
2267 4364 2469 4430 σαφῶς,
2516 4364 2609 4417 ἀτε
2658 4366 2895 4435 γεωργὸς
2937 4367 3041 4418 τῶν
3077 4369 3298 4421 ἐντολῶν
3324 4370 3413 4423 τοῦ
3438 4372 3591 4437 Θεοῦ,

1963 4450 2060 4511 ὅτι,
2091 4447 2288 4517 ταύτης
2317 4450 2682 4518 ὲρριζωμένης
2709 4450 2978 4519 ἀσφαλῶς,
2999 4454 3026 4504 ὁ
3043 4452 3150 4504 τῶν
3186 4453 3399 4520 ἀγαθῶν
3425 4458 3595 4511 ἀπάν-

1962 4549 2066 4585 των
2106 4532 2383 4601 βλαστάνει
2434 4534 2657 4601 καρπός.
2708 4534 2779 4585 Τὸ
2810 4534 2915 4605 γάρ
2940 4573 2954 4596 ,
3005 4538 3085 4589 Οὐ
3122 4540 3480 4606 μοιχεύσεις,
3520 4545 3593 4596 οὐ

1963 4620 2292 4683 φονεύσεις,
2324 4618 2393 4669 οὐ
2431 4618 2706 4683 κλέψεις,
2752 4621 2822 4672 οὺ
2863 4620 3470 4691 ψευδομαρτυρήσεις.
3502 4628 3593 4679 καὶ

1963 4701 2015 4751 εἴ
2041 4717 2122 4761 τις
2143 4700 2297 4769 ἑτέρα
2326 4700 2528 4769 ἐντολὴ,
2548 4702 2603 4751 ὲν
2628 4702 2799 4772 τούτῳ
2820 4703 2894 4772 τῷ
2912 4704 3051 4774 λόγῳ
3079 4707 3588 4776 ἀνακεφαλαιοῦται,

1963 4786 2019 4836 ἐν
2055 4784 2148 4853 τῷ,
2190 4784 2530 4851 Ἀγαπήσεις
2578 4786 2683 4837 τὸν
2726 4790 2986 4853 πλησίον
3030 4804 3144 4843 σου
3191 4792 3271 4857 ὡς
3314 4795 3587 4847 σεαυτόν.

1963 4868 2070 4919 Καὶ
2099 4867 2148 4918 τί
2187 4867 2289 4938 χρὴ
2322 4867 2389 4919 τά
2442 4869 2611 4938 μικρά
2650 4869 2844 4935 λέγειν,
2876 4871 2943 4924 τά
2991 4874 3199 4941 μεγάλα
3244 4876 3588 4940 σιωπῶνταςς

1963 4953 2038 5004 Δι’
2084 4953 2299 5020 ἀγάπην
2337 4953 2568 5020 κατῆλθε
2621 4956 2752 5021 πρὸς
2788 4957 2935 5024 ήμᾶς
2984 4959 3013 5008 ὁ
3049 4960 3322 5027 ἀγαπητὸς
3346 4960 3469 5023 Υἱὸς
3495 4963 3589 5014 τοῦ

1963 5036 2115 5100 Θεοῦ,
2175 5038 2265 5090 καὶ
2310 5038 2608 5106 ὁμόσκηνος
2653 5041 2746 5092 καὶ
2795 5040 3091 5108 ὁμοδίαιτος
3140 5046 3249 5105 τοῖς
3293 5045 3591 5114 ἀνθρώποις

1963 5123 2200 5188 γέγονεν,
2231 5122 2315 5174 ἵνα
2336 5121 2431 5191 τὴν
2465 5122 2718 5175 πολύθεον
2750 5123 3045 5186 καταλύσας
3082 5126 3285 5195 πλάνην
3304 5167 3319 5189 ,
3366 5130 3459 5182 καὶ⁵
3496 5132 3590 5200 τὴν

1964 5207 2135 5275 ἀληθῆ
2187 5208 2541 5273 καταγγείλας
2591 5208 2943 5273 θεογνωσίαν,
3008 5210 3105 5277 τὴν
3156 5212 3287 5281 πρὸς
3337 5214 3590 5283 ἀλλήλους

1965 5294 2177 5359 ἀγάπην
2203 5292 2382 5361 διδάξῃ
2412 5294 2535 5353 τοὺς
2566 5292 2899 5362 ἀνθρώπους,
2939 5294 3117 5355 καθὼς
3165 5296 3410 5365 Ἰωάννης
3452 5315 3589 5366 μαρ-

1963 5379 2112 5444 τυρεῖ
2153 5376 2322 5441 λέγων
2344 5393 2357 5405 ·
2384 5377 2572 5437 Οὕτως
2602 5376 2912 5442 ἠγάπησεν
2948 5380 2979 5429 ό
3011 5378 3151 5443 Θεὸς
3192 5381 3297 5431 τὸν
3344 5384 3587 5448 κόσμον,

1965 5459 2051 5511 ὅτι
2079 5459 2182 5511 τὸν
2222 5461 2352 5513 Υίὺν
2383 5460 2562 5512 αὐτοῦ
2595 5460 2700 5511 τὸν
2737 5460 3029 5528 μονογενῆ
3062 5461 3312 5525 ἔδωκεν,
3344 5465 3442 5517 ἵνα
3474 5464 3587 5529 πᾶς

1966 5548 1997 5597 ό
2024 5545 2316 5597 πιστεύων
2346 5547 2430 5607 είς
2459 5545 2641 5596 αὑτὸν
2671 5546 2754 5612 μὴ
2798 5546 3107 5611 ἀπόληται,
3147 5547 3279 5597 ἀλλ’
3305 5548 3412 5615 ἔχῃ
3442 5550 3591 5616 ζωήν

1965 5628 2215 5680 αἰώνιον.
2259 5631 2389 5681 Ὑπὸ
2435 5630 2632 5698 ταύτης
2680 5630 3020 5699 ὲκκαιόμενος
3059 5634 3086 5681 ό
3127 5631 3330 5694 Παῦλος
3373 5634 3466 5702 τὴν
3498 5637 3587 5687 οὐ·

1970 5714 2146 5781 ράνιον
2174 5713 2349 5781 ἀφῆκε
2377 5712 2576 5781 φωνὴν,
2612 5712 2706 5779 Τίς
2734 5711 2885 5782 ἡμᾶς
2906 5714 3139 5780 χωρίσει
3171 5715 3285 5767 ἀπὸ
3322 5714 3428 5782 τῆς
3445 5718 3586 5781 ἀτάρ

3045 5822 3114 5879 18
