3990 6436
416 501 530 553 πης
568 488 669 541 τοῦ
700 487 992 557 Χριστοῦ;
1023 492 1208 560 λέγων’
1234 496 1455 561 θλίψις,
1489 496 1525 562 ἢ
1563 495 1710 566 [289]
1744 509 2034 560 στενοχωο

411 573 526 635 pla,
568 573 604 639 ἢ
651 574 918 642 διωγμὸς,
948 577 985 644 ἢ
1023 579 1210 645 λιμὸς,
1244 580 1282 645 ἢ
1323 584 1631 647 γυμνότης,
1664 582 1700 647 ἢ
1740 581 2032 644 κίνδυνος,

412 655 451 721 ἢ
475 655 761 725 μάχαιρα;
788 662 1213 731 Καταφρονήσας
1239 665 1295 715 δὲ
1331 665 1531 717 τούτων
1554 666 1627 728 ὡς
1655 665 1902 727 εὐτελῶν,
1946 666 2037 718 καὶ

411 740 478 792 τὰ
508 741 681 810 πολλῷ
704 743 900 797 τούτων
930 746 1144 814 μείζονα
1172 749 1394 800 τέθεικε·
1440 751 1568 819 φησὶ
1595 751 1718 820 γὰρ,
1760 751 1885 803 Ὅτι
1904 751 2037 804 αὔτε

412 824 678 891 θάνατος,
710 829 850 882 οὔτε
874 829 1002 896 ζωὴ,
1034 833 1168 884 οὔτε
1197 833 1505 896 ἐνεστῶτα,
1546 836 1680 887 οὔτε
1702 835 2002 903 μέλλοντα
2020 875 2033 900 ,

411 911 546 963 οὔτε
567 912 792 980 ὕψωμα,
818 917 952 969 οὔτε
967 917 1169 982 βάθος,
1195 920 1331 971 οὔτε
1355 938 1440 984 τις
1457 925 1649 986 κτίσις
1667 923 1832 989 ἑτέρα
1854 923 2035 990 δυνή-

411 1008 572 1047 σεται
604 998 756 1063 ἡμᾶς
790 1003 1031 1068 χωρίσαι
1070 1002 1182 1054 ἀπὸ
1217 1002 1322 1068 τῆς
1352 1004 1582 1070 ἀγάπης
1610 1007 1711 1058 τοῦ
1748 1007 1890 1060 Θεοῦ
1930 1008 2036 1075 τῆς

409 1079 478 1128 ἐν
503 1081 726 1144 Χριστῷ
777 1085 974 1149 Ἰησοῦ
1016 1084 1092 1148 τῷ
1135 1088 1325 1153 Κυρίῳ
1354 1088 1534 1154 ἡμῶν.
1583 1089 1854 1143 Ἐντεῦθεν
1888 1091 2036 1145 οὐδὲν

409 1163 627 1228 ἠδύνατο
649 1178 674 1205 ι
708 1168 928 1236 χωρίσαι
955 1169 1044 1220 τὸν
1079 1171 1337 1238 μακάριον
1357 1173 1556 1224 ἐκεῖνον
1587 1174 1687 1225 ὐπὸ
1703 1174 1798 1242 τῆς
1821 1176 2036 1247 ἀγάπης

407 1250 862 1318 πυρπολούμενον,
894 1255 990 1305 οὐκ
1017 1256 1257 1325 οὐρανὸς,
1283 1258 1340 1308 οὐ
1380 1258 1470 1326 γῆ,
1501 1260 1559 1309 οὐ
1585 1259 1842 1324 Θάλασσα,
1872 1263 1930 1313 οὐ
1970 1263 2035 1315 τὰ

406 1333 464 1382 ἐν
489 1336 598 1394 τοῖς
624 1335 863 1404 οὐρανοῖς
890 1337 1148 1406 βασίλεια,
1187 1341 1245 1391 οὐ
1298 1341 1366 1392 τὰ
1407 1345 1463 1393 ἐν
1513 1343 1636 1412 ᾅδου
1672 1345 1996 1417 κολαστήρια
2019 1364 2031 1378 ·

407 1416 620 1469 πάντων
649 1420 753 1488 γὰρ
785 1423 1065 1491 ὑπερεώρα
1094 1425 1178 1475 διὰ
1201 1424 1289 1475 τὸν
1315 1427 1562 1494 Χριστόν.
1613 1431 1674 1482 El
1707 1431 1762 1483 δὲ
1795 1432 1887 1484 καὶ
1911 1416 2035 1495 τοὺς

403 1499 589 1563 ἄλλους
616 1502 957 1572 ἐξετάσαιμεν
975 1508 1178 1573 ἁγίους,
1197 1510 1398 1574 πάντας
1419 1513 1715 1584 εὑρήσομεν
1736 1517 1800 1568 δι’
1820 1518 2034 1586 ἀγάπην

405 1585 668 1656 εὐαρεστή
678 1604 891 1651 σαντας.

474 1669 541 1736 β’.
561 1671 623 1722 Ἠ
643 1673 826 1741 ἀγάπη
847 1675 1078 1729 δείκνυσί
1107 1696 1186 1731 σοι
1212 1681 1301 1733 τὸν
1331 1683 1552 1752 πλησίον
1576 1686 1649 1748 ώς
1679 1689 1916 1750 σεαυτὸν,
1945 1691 2035 1741 καὶ

403 1753 609 1822 χαίρειν
647 1773 702 1806 σε
727 1757 960 1810 διδάσκει
1005 1763 1093 1813 ἐπὶ
1121 1767 1231 1824 τοῖς
1258 1767 1462 1818 ἐκείνου
1496 1769 1694 1834 καλοῖς,
1732 1771 1912 1842 ὥσπερ
1944 1774 2034 1826 ἐπὶ

400 1840 510 1899 τοῖς
540 1841 669 1901 σοῖς,
704 1842 797 1892 καὶ
831 1844 1012 1912 φέρειν
1036 1849 1196 1900 αὐτοῦ
1232 1850 1298 1902 τά
1329 1852 1697 1922 ἐλαττώματα,
1735 1857 1918 1927 ὥσπερ
1942 1861 2032 1911 καί

400 1923 480 2010 τά-
507 1923 591 1975 σά.
638 1925 698 1977 Ἦ
728 1927 910 1997 ἀγάπη
953 1931 1010 1982 ἓν
1041 1933 1196 2000 σῶμα
1236 1938 1358 1999 τούς
1383 1939 1604 2002 πολλοὺς
1648 1923 2028 2010 ἀπεργάζεται,

402 2008 494 2059 καὶ
522 2011 832 2079 Πνεύματος
865 2017 1017 2082 ἁγίου
1056 2019 1233 2086 δοχεῖα
1275 2023 1369 2084 τὰς
1416 2025 1610 2076 τούτων
1645 2030 2032 2091 κατασκευάζει

400 2089 593 2158 ψυχάς·
624 2093 682 2143 οὐ
709 2093 815 2163 γὰρ
842 2096 1182 2166 διῃρημένοις
1212 2103 1466 2172 ἀλλήλων,
1491 2108 1782 2174 ήνωμένοις
1814 2109 1867 2162 δὲ
1894 2089 2030 2165 κατὰ

397 2174 572 2244 ψυχήν
595 2176 654 2228 τὸ
671 2179 766 2247 τῆς
790 2181 1007 2252 εἰρήνης
1031 2187 1465 2240 ὲπαναπαύσεται
1498 2191 1733 2261 Πνεῦμα.
1763 2195 1825 2245 Ἡ
1847 2195 2030 2265 ἀγάπη

401 2261 556 2310 κοινὰ
592 2265 735 2313 ποιεῖ
767 2267 897 2316 πᾶσι
928 2268 995 2319 τὰ
1027 2270 1248 2323 ἑκάστου
1282 2274 1602 2343 ὑπάρχοντα,
1648 2277 1826 2340 καθώς
1870 2297 2031 2350 φησιν

401 2345 432 2410 ἡ
469 2343 646 2410 βίϐλος
677 2347 782 2399 τῶν
809 2350 1080 2419 ιιράξεων·
1116 2356 1220 2408 Τοῦ
1257 2358 1324 2408 δὲ
1353 2359 1617 2425 πλήθους
1653 2361 1769 2416 τῶν
1794 2343 2031 2419 πιστευ-

399 2427 634 2516 σάντων
657 2427 733 2500 ἦν
758 2434 796 2500 ἡ
826 2437 1031 2501 καρδία
1072 2440 1166 2491 καὶ
1196 2443 1231 2508 ἠ
1265 2444 1431 2511 ψυχὴ
1453 2446 1576 2512 μία·
1622 2448 1719 2500 καὶ
1749 2451 1946 2516 οὐδείς
1975 2469 2030 2504 τι

397 2510 514 2564 τῶν
539 2516 921 2582 ὑπαρχόντων
958 2523 1112 2585 αὐτῷ
1143 2510 1360 2593 ἕλεγενν
1399 2510 1550 2581 ἴδιον
1582 2527 1752 2595 εἶναι,
1785 2510 2032 2602 ἁλλ’-ἦν

395 2599 602 2662 αὐτοῖς
626 2601 854 2654 ἅπαντα
883 2607 1067 2658 κοινά·
1095 2610 1189 2660 καὶ
1217 2609 1499 2666 διεδίδοτο
1537 2615 1784 2679 ἑκάστῳ,
1829 2621 2029 2673 καθότι

395 2681 473 2733 ἀν
496 2700 581 2748 τις
607 2689 812 2752 χρείαν
839 2687 977 2756 εἶχε.
1007 2694 1162 2744 Ποῖον
1190 2695 1327 2747 οὕτω
1354 2701 1525 2767 τεῖχος
1553 2701 1805 2770 ἀρῤαγὲς,
1861 2707 2028 2774 ἁρμο-

396 2767 484 2856 νία
521 2769 679 2856 λίθων
714 2774 1017 2841 εὐμεγεθῶν
1058 2779 1442 2849 ὠχυρωμένον,
1485 2767 1784 2856 ἀπόρθητον
1825 2767 2027 2856 γίνεται

393 2853 509 2942 ταῖς
539 2853 644 2905 τῶν
690 2857 892 2925 ἐχθρῶν
924 2861 1145 2928 ἐφόδοις,
1181 2864 1253 2926 ὡς
1285 2867 1342 2917 τὸ
1373 2853 1616 2938 σύστημα
1643 2853 1749 2924 τῶν
1775 2853 2028 2942 ἀλλήλους

394 2935 746 3024 ἀγαπώντων,
796 2944 886 2994 καὶ
931 2946 987 2996 ἐν
1025 2948 1361 3020 ὁμοφροσύνῃ
1391 2935 2026 3024 περιεσφιγμένωνίΚαὶ

394 3021 560 3084 αὐτὰς
587 3026 678 3077 τοῦ
712 3027 948 3080 διαϐόλου
977 3033 1274 3100 προσϐολὰς
1294 3036 1320 3074 b
1348 3021 1720 3108 ἀποκρούεται·
1758 3045 1848 3095 καὶ
1873 3021 2026 3113 μάλα

394 3108 632 3170 εἰκότως.
657 3113 715 3163 Ol
743 3113 848 3198 γὰρ
876 3119 988 3182 μετ’
1016 3117 1257 3187 ἀλλήλων
1295 3123 1412 3173 κατ’
1452 3125 1656 3178 ἐκείνου
1682 3108 2025 3198 παρατασσό-

396 3209 561 3260 μενοι,
581 3195 672 3246 καὶ
697 3197 768 3266 μὴ
788 3204 900 3266 μετ’
925 3202 1125 3253 ἐκείνου
1152 3206 1266 3255 κατ’
1283 3206 1519 3276 ἀλλήλων
1541 3195 1806 3281 ἱστάμενοι
1825 3225 1872 3277 ο,
1897 3217 2027 3285 ἀήτ-

391 3294 536 3366 τητοι
567 3280 798 3366 γίνονται
821 3285 930 3345 τοῖς
951 3286 1113 3338 αὐτοῦ
1157 3293 1526 3360 μηχανήμασι.
1573 3294 1638 3345 τὰ
1676 3296 1896 3366 λαμπρά
1928 3280 2025 3366 τῆς

390 3361 605 3431 ἀγάπης
636 3365 934 3433 ἐγείροντες
955 3369 1210 3453 τρόπαια.
1247 3375 1354 3425 Καὶ
1386 3376 1627 3446 καθάπερ
1652 3381 1705 3430 αἱ
1731 3361 1838 3449 τῆς.
1861 3361 2025 3453 λύρας

390 3450 590 3516 νευραὶ,
626 3451 815 3502 πολλαὶ
853 3453 948 3520 μὲν
988 3449 1176 3520 οὖσαι,
1219 3458 1298 3519 είς
1345 3459 1469 3527 μίαν
1507 3462 1563 3513 δὲ
1603 3463 1848 3518 νεύουσαι
1884 3449 2021 3537 συμ-

391 3533 611 3598 φωνίαν,
650 3537 1004 3606 τερπνότατόν
1046 3557 1095 3592 τι
1140 3542 1296 3610 μέλος
1322 3544 1539 3612 ὴχοῦσιν
1565 3565 1576 3578 ι
1615 3547 1782 3612 οὕτως
1807 3553 1853 3603 οἱ
1893 3533 2023 3624 πρὸς

394 3618 519 3684 μίαν
552 3624 977 3690 συγκεκραμένοι
1000 3625 1240 3696 γνώμην,
1285 3628 1477 3698 εὔηχον
1512 3633 1894 3702 ἀνακρούονταί

388 3703 604 3773 ἀγάπης
634 3706 724 3758 τὸν
754 3708 1005 3775 φθόγγον.
1051 3711 1146 3763 Διὰ
1189 3712 1343 3764 τοῦτο
1383 3716 1728 3782 συμβουλεύει
1756 3724 1782 3772 ὁ
1817 3703 2022 3789 Παῦλος

388 3791 449 3841 τὸ
482 3791 608 3842 αὐτὸ
659 3797 900 3861 φρονεῖν,
947 3795 1040 3847 καὶ
1081 3797 1274 3864 λέγειν,
1327 3801 1419 3852 καὶ
1469 3801 1725 3871 ἀλλήλους
1777 3808 2021 3874 ἡγεῖσθαι

390 3877 742 3946 ὑπερέχοντας
773 3879 994 3941 ἑαυτῶν,
1031 3880 1168 3933 ῶστε
1204 3882 1278 3952 μὴ
1305 3888 1369 3953 τῇ
1415 3885 1688 3957 φιλοτιμίᾳ
1718 3889 2020 3947 διαλύεσθαι

387 3961 484 4030 τὴν
515 3963 749 4031 ἀγάπην,
788 3963 920 4015 ἀλλὰ
948 3965 1044 4034 τὴν
1073 3969 1234 4037 τιμὴν
1272 3969 1850 4042 ἀντιπαραχωροῦντας
1877 3977 1903 4016 ἀ
1933 3978 2022 4030 ἀλ-

388 4046 585 4114 λήλοις,
631 4049 687 4098 ἐν
719 4048 934 4118 ὁμονοίᾳ
967 4050 1190 4116 διάγειν.
1232 4054 1337 4105 Καὶ
1367 4056 1525 4108 πάλιν
1571 4059 1734 4126 φησί·
1763 4063 1840 4114 Δι’
1883 4063 2021 4132 ἁγά-

388 4142 500 4194 πης
534 4129 846 4184 δουλεύετε
883 4134 1187 4200 ἀλλήλοις.
1233 4137 1295 4188 '0
1327 4139 1434 4206 γὰρ
1475 4139 1590 4205 πᾶς
1625 4145 1804 4211 νόμος
1837 4145 1905 4198 ἐν
1930 4129 2019 4200 ἐνί

385 4215 541 4281 λόγῳ
589 4216 949 4282 πληροῦται,
994 4219 1062 4270 ἐν
1103 4220 1199 4285 τῷ,
1244 4223 1596 4290 Ἀγαπήσεις
1623 4227 1727 4278 τὸν
1758 4231 2020 4295 πλησίον

387 4313 501 4351 σου
529 4301 606 4363 ὼς
635 4303 908 4354 σεαυτόν.
950 4302 1007 4355 '0
1054 4305 1279 4371 ἀγαπῶν
1314 4309 1410 4358 οὐκ
1443 4310 1744 4362 ἐπιτάττειν
1779 4313 2019 4380 βούλεται

391 4385 563 4449 μόνον,
583 4384 716 4435 ἀλλὰ
745 4388 836 4437 καὶ
851 4388 1246 4442 ἐπιτάττεσθαι·
1273 4394 1363 4443 καὶ
1392 4393 1566 4462 χαίρει
1595 4395 1791 4462 μᾶλλον
1813 4398 2020 4450 ἐπιτατ-

385 4471 622 4536 τόμενος,
653 4471 794 4539 ἥπερ
822 4473 1133 4526 ἐπιτάττων.
1178 4476 1234 4527 Ὀ
1265 4477 1487 4542 ἀγαπῶν
1529 4481 1843 4550 χαρίζεσθαι
1896 4483 2017 4550 βού-

384 4554 531 4604 λεται
560 4555 774 4621 μᾶλλον,
811 4556 842 4625 ἢ
872 4558 1028 4627 χάριν
1059 4561 1349 4628 λαμϐάνειν
1372 4580 1384 4592 ⁸
1419 4564 1558 4616 θέλει
1607 4567 1712 4636 γὰρ
1743 4567 2018 4638 ὀφειλέτην

384 4637 522 4706 ἔχειν
545 4639 634 4691 τὸν
664 4639 828 4705 φίλον,
855 4643 995 4712 ἥπερ
1021 4645 1178 4708 αὐτὸς
1198 4647 1429 4714 ὀφείλειν
1457 4650 1665 4721 ἐκείνῳ.
1704 4654 1760 4704 Ὀ
1790 4637 2014 4720 ἀγαπῶν

385 4724 474 4774 καὶ
500 4723 743 4790 βούλεται
775 4726 1085 4794 χαρίζεσθαι
1116 4731 1190 4798 τῷ
1226 4732 1586 4804 ἀγαπωμένῳ,
1626 4738 1715 4788 καὶ
1747 4739 1804 4789 οὐ
1839 4739 2013 4807 βούλε-

383 4825 469 4859 ται
495 4810 666 4862 δοκεῖν
704 4812 1048 4879 χαρίζεσθαι,
1102 4817 1192 4866 καὶ
1229 4817 1412 4885 ἄρχειν
1462 4821 1624 4883 αὐτὸς
1671 4823 2012 4893 εὐεργεσίας,

383 4894 474 4944 καὶ
508 4895 579 4961 μὴ
613 4895 782 4948 δοκεῖν
824 4897 1008 4966 ἄρχειν
1048 4899 1379 4969 εὐεργεσίας.
1427 4905 1574 4974 Τάχα
1602 4909 1743 4970 τινὲς
1770 4910 2016 4974 ἀγνοοῦσι

380 4977 439 5026 τὸ
471 4976 671 5043 λεχθὲνο
697 4981 888 5034 οὐκοῦν
913 4983 976 5034 δι’
1013 4983 1398 5053 ὐποδείγματος
1432 4990 1559 5041 αὐτὸ
1592 4992 1798 5059 ποιήσω
1829 4995 2011 5060 σαφές.

385 5063 641 5130 ’Ἐμελλεν
663 5066 689 5114 ὁ
719 5065 1086 5135 φιλάνθρωπος
1118 5069 1268 5140 [290]
1291 5074 1561 5141 Δεσπότης
1587 5075 1675 5126 τὸν
1705 5077 1828 5128 Υἱὸν
1857 5079 2013 5130 αὐτοῦ

381 5146 693 5214 χαρίζεσθαι
727 5149 862 5218 ὑπὲρ
894 5152 1076 5219 ήμῶν·
1127 5157 1240 5208 ἀλλ’
1275 5158 1358 5209 ἵνα
1397 5158 1468 5227 μή
1513 5157 1634 5229 δόξῃ
1677 5159 2012 5230 χαρίζεσθαι,

442 5353 467 5416 ξ
503 5355 631 5416 Colb.
655 5360 805 5416 ἡμῶν.
833 5360 924 5406 Καὶ
953 5361 1082 5407 οὐδὲν
1105 5363 1318 5416 ἠδύνατο.

443 5410 470 5483 [³
493 5415 624 5483 ςοιι).
653 5410 735 5483 τάς
750 5420 836 5480 γὰρ
858 5418 941 5483 τοῦ
966 5410 1183 5483 διαβόλου
1203 5425 1371 5483 προσὸ.

381 5533 391 5543 _
442 5477 462 5503 ε’
492 5474 529 5520 Η
537 5487 621 5582 ειὲ,
636 5536 643 5579 1
651 5480 740 5581 ﬁmi
846 5479 944 5540 μετ’
967 5481 1143 5527 ἐκείνου
1167 5474 1268 5528 κατ’
1292 5484 1504 5539 ἀλλήλων
1535 5485 1792 5546 ἱστάμενοι,
1835 5487 2012 5538 desunt

381 5549 426 5581 In
452 5547 540 5580 ms.
601 5548 628 5580 0
687 5572 696 5580 .

378 5547 730 5670 me?!
753 5595 922 5670 'Savil.
945 5611 1092 5670 πετο.
1126 5601 1534 5664 παραχωροῦντας.
1583 5603 1706 5654 Infra
1738 5606 2004 5670 legendum

379 5661 494 5715 pulo
522 5654 606 5702 οὐκ
636 5655 891 5703 ἐπιτάττειν
912 5658 964 5703 οὐ
993 5654 1221 5719 βούλεταί.

1183 382 1238 437 S.
1274 380 1546 437 JOANNIS
1581 375 2059 436 CHRYSOSTOMI
2097 375 2411 432 ARCIIIEP.
2451 377 2992 439 CONSTANTINOP.

3676 388 3782 441 282

2146 491 2257 544 ἀλλ’
2288 493 2502 564 ὀφειλὴν
2538 496 2859 560 ἀποδιδόναι,
2895 497 3187 565 προσέταξε
3218 498 3294 567 τῷ
3325 496 3572 568 Ἀϐραάμ
3599 496 3776 548 δοῦναι

2143 577 2230 628 τὸν
2265 579 2375 628 υἱὸν
2405 580 2584 642 αὐτοῦ,
2613 583 2698 632 ἵνα
2726 581 2880 633 τοῦτο
2904 583 2994 633 καὶ
3017 583 3172 644 αὐτὸς
3198 582 3381 643 ποιῶν,
3421 583 3494 651 μὴ
3519 581 3595 641 ὡς
3621 581 3777 651 χάριν

2141 664 2332 728 διδοὺς,
2355 667 2465 718 ἀλλ’
2494 670 2566 729 ὡς
2616 669 2769 737 χρέος
2816 670 3092 731 ἀποδιδοὺς
3145 670 3332 738 εὐρεθῇ
3369 670 3450 720 διὰ
3484 669 3574 720 τὸν
3611 668 3778 736 ὐπερ-

2144 748 2399 804 ϐάλλοντα
2427 752 2647 806 πλοῦτον
2671 755 2768 822 τῆς
2802 754 2962 806 αὐτοῦ
2993 755 3336 821 ἁγαθότητος.
3369 751 3494 804 Οἶδα
3522 754 3606 804 ὅτι
3633 752 3778 817 ξένον

2144 835 2386 900 φαίνεται
2416 841 2524 898 τοῖς
2554 839 2760 901 πολλοῖς
2794 840 2853 891 τὸ
2879 839 3082 907 λεχθέν.
3115 840 3184 890 Τὸ
3220 839 3274 889 δὲ
3302 841 3471 890 αἴτιον
3491 878 3503 901 ,
3534 840 3618 889 ὅτι
3657 837 3780 905 περὶ

2145 921 2459 988 πράγματος
2496 923 2805 992 διαλέγομαι
2831 926 2920 976 τὸν
2948 925 3167 993 οὐρανὸν
3193 923 3462 984 οἰκοῦντος
3497 924 3612 974 νῦν.
3654 924 3779 974 Ὠσ-

2143 1019 2246 1074 περ
2279 1007 2385 1074 γὰρ
2425 1009 2472 1059 εί
2505 1008 2684 1074 ελεγον
2715 1011 2836 1077 περί
2875 1027 3013 1070 τινος
3057 1010 3219 1077 φυτοῦ
3255 1011 3308 1060 ἐν
3346 1009 3499 1078 Ἰνδία
3531 1009 3780 1075 τικτομέο

2143 1107 2252 1149 νου,
2283 1093 2374 1143 καὶ
2413 1086 2473 1144 οῦ
2521 1095 2703 1162 μηδεὶς
2741 1098 2932 1164 πεῖραν
2978 1096 3200 1156 ἐλαδεν,
3251 1096 3347 1146 οὐκ
3395 1094 3460 1145 ἂν
3510 1094 3729 1160 ἴσχυσεν
3756 1093 3782 1142 ὀ

2143 1175 2294 1242 λόγος
2319 1179 2680 1246 παραστῆσαι,
2717 1179 2815 1231 κᾶν
2848 1181 3012 1248 μυρία
3053 1181 3174 1250 περὶ
3204 1179 3361 1232 αὐτοῦ
3403 1179 3602 1245 ἔλεγον·
3637 1179 3783 1229 οὕτω

2143 1263 2234 1313 καὶ
2268 1261 2357 1314 νῦν
2383 1264 2479 1315 ὅσα
2504 1262 2566 1315 ἂν
2590 1265 2744 1326 είπω,
2779 1266 2949 1333 μάτην
2984 1264 3109 1333 ἐρῶ*
3143 1265 3201 1316 οὐ
3231 1264 3334 1332 γὰρ
3365 1263 3600 1315 συνιοῦσι
3635 1279 3782 1323 τινες

2141 1346 2207 1400 τὰ
2227 1346 2507 1415 λεγόμενα.
2553 1348 2639 1400 Ἐν
2658 1348 2865 1418 οὐρανῷ
2887 1351 3013 1416 γὰρ,
3041 1349 3113 1411 ὦς
3142 1350 3274 1418 ἔφην
3291 1388 3305 1411 ,
3333 1349 3486 1400 τοῦτο
3512 1345 3786 1413 πεφύτευ-

2142 1448 2226 1483 ται
2263 1433 2320 1484 τὸ
2349 1435 2529 1500 φυτόν.
2567 1434 2702 1485 Ἀλλ’
2742 1436 2834 1487 ἐὰν
2876 1435 3139 1503 θέλωμεν,
3187 1435 3278 1486 καὶ
3321 1434 3446 1501 παρ’
3481 1435 3614 1502 ἡμῖν
3649 1431 3784 1484 αὐτὸ

2143 1517 2462 1587 φυτευθῆναι
2485 1519 2720 1572 δυνατόν.
2751 1520 2847 1571 Διὰ
2885 1519 3039 1571 τοῦτο
3083 1521 3187 1587 γὰρ
3227 1520 3574 1588 ἐδιδάχθημεν
3604 1518 3784 1585 λέγειν

2142 1602 2273 1672 πρὸς
2317 1604 2405 1654 τὸν
2453 1607 2508 1656 ἐν
2540 1604 2782 1673 οὐρανοῖς
2831 1605 3044 1675 Πατέρα
3066 1622 3077 1634 ·
3116 1603 3426 1670 Γενηθήτω
3454 1605 3516 1656 τὸ
3550 1602 3788 1670 θέλημά

2141 1702 2256 1740 σου
2285 1688 2353 1741 ἐν
2376 1688 2604 1756 οὐρανῷ
2632 1691 2726 1742 καὶ
2757 1691 2853 1741 ἐπὶ
2882 1690 2987 1757 τῆς
3011 1690 3140 1758 γῆς.

2207 1781 2274 1841 γ’.
2315 1775 2403 1843 Μὴ
2436 1776 2609 1827 τοίνυν
2640 1777 2892 1829 ἀδύνατον
2931 1773 3067 1829 εἶναι
3097 1776 3402 1846 νομίσωμεν
3433 1776 3492 1829 τὸ
3534 1777 3786 1829 τοιοῦτον

2139 1861 2337 1927 ἀγαθὸν
2378 1861 2690 1930 κτήσασθαι.
2731 1863 2958 1914 Δυνατὸν
2999 1863 3124 1932 γὰρ,
3153 1863 3316 1924 ὅντως
3354 1862 3594 1927 δυνατὸν,
3629 1865 3687 1914 εἰ
3722 1881 3782 1930 γε

2142 1945 2434 2015 βουλόμεθα
2481 1948 2697 2017 νήφειν·
2729 1948 2788 2000 οὐ
2825 1948 2973 2001 τοῦτο
3003 1949 3056 2001 δὲ
3084 1950 3255 2018 μόνον,
3297 1949 3427 2001 ἀλλά
3474 1950 3565 2002 καὶ
3601 1953 3786 2002 πᾶσαν

2139 2032 2472 2103 κατορθῶσαι
2528 2034 2623 2102 τὴν
2677 2035 2892 2104 ἀρετήν.
2956 2034 3286 2104 Λύτεξουσίῳ
3317 2035 3424 2105 γὰρ
3462 2037 3786 2105 προαιρέσει

2139 2118 2539 2188 κυδερνώμεθα,
2572 2121 2664 2171 καὶ
2694 2121 2789 2189 οὐχ
2817 2122 3149 2190 εἱμαρμένης
3179 2122 3406 2192 ἀνάγκῃ,
3437 2122 3575 2174 κατά
3605 2140 3784 2184 τινας,

2140 2203 2486 2272 ὐποκείμεθα,
2522 2207 2577 2256 ἐν
2607 2205 2681 2273 τῷ
2716 2205 2882 2258 θέλειν
2924 2208 3014 2258 καὶ
3047 2206 3119 2276 μὴ
3154 2207 3320 2258 θέλειν
3349 2205 3647 2277 ὁριζόμενοι
3692 2212 3789 2260 καὶ

2139 2288 2204 2340 τὰ
2235 2289 2371 2341 καλά
2403 2290 2610 2343 κεῖσθαι
2644 2293 2735 2343 καὶ
2769 2295 2835 2345 τὰ
2860 2293 3019 2344 κακά.
3074 2292 3169 2343 Διά
3221 2292 3372 2343 τοῦτο
3420 2293 3522 2360 γὰρ
3570 2294 3600 2342 ὁ
3646 2294 3786 2355 Θεὸς

2139 2373 2229 2424 καὶ
2261 2372 2526 2441 βασιλείαν
2556 2377 2835 2446 ὑπέσχετο,
2873 2377 2965 2428 καὶ
3013 2377 3275 2446 τιμωρίαν
3305 2378 3617 2446 ἠπείλησεν.
3663 2380 3784 2430 Οὐκ

2137 2457 2200 2509 ἂν
2227 2459 2281 2510 δὲ
2313 2463 2422 2520 τοῖς
2449 2461 2653 2530 ἀνάγκῃ
2678 2462 2974 2530 δεδεμένοις
3007 2462 3173 2524 οὕτως
3224 2463 3440 2531 ἐποίησε
3463 2481 3476 2493 ·
3521 2463 3628 2514 τῶν
3670 2466 3784 2535 γὰρ

2138 2542 2241 2592 ἀπὸ
2271 2542 2487 2611 γνώμης
2515 2545 2806 2613 γινομένων
2854 2546 3113 2607 ἀντίδοσίς
3141 2549 3283 2598 ἐστιν
3325 2547 3610 2616 ἑκατέρων.
3663 2549 3784 2600 Οὐκ

2138 2627 2202 2678 ἂν
2228 2627 2418 2696 νόμους
2446 2629 2656 2697 έθηκεν,
2679 2631 2777 2682 οὐκ
2801 2632 2864 2684 ἂν
2890 2633 3232 2699 παραινέσεις
3257 2631 3469 2692 ἔδωκεν,
3492 2635 3536 2683 εἱ
3558 2633 3784 2700 δεσμοῖς

2136 2712 2464 2781 εἱμαρμένης
2493 2716 2878 2786 κεκρατημένοι
2909 2713 3068 2786 ἦμεν.
3115 2718 3250 2769 Ἀλλ’
3289 2717 3469 2786 ἐπειδὴ
3503 2717 3783 2786 ἐλεύθεροί

2135 2797 2317 2864 ἐσμεν,
2344 2801 2434 2851 καί
2465 2800 2561 2868 τῆς
2591 2800 2724 2861 ιδίας
2751 2802 3112 2870 προαιρέσεως
3157 2802 3351 2870 κύριοι,
3388 2805 3480 2853 καὶ
3521 2803 3629 2853 ἀπὸ
3679 2803 3784 2870 μὲν

2137 2883 2400 2950 ῥᾳθυμίας
2425 2886 2679 2953 γινόμεθα
2709 2887 2913 2954 φαῦλοι,
2945 2889 3049 2939 ἀπὸ
3078 2889 3132 2939 δὲ
3164 2889 3390 2957 σπουδῆς
3414 2889 3655 2957 χρηστοὶ,
3693 2890 3782 2943 διὰ

2134 2967 2288 3018 τοῦτο
2312 2967 2482 3022 ταῦτα
2511 2973 2872 3024 κατεσκεύασε
2918 2974 2986 3024 τὰ
3029 2975 3322 3043 φάρμακα,
3363 2974 3441 3043 τῷ
3483 2975 3632 3043 φόϐῳ
3679 2981 3780 3045 τῆς

2135 3052 2403 3116 κολάσεως
2443 3056 2534 3106 καὶ
2561 3059 2623 3126 τῇ
2669 3058 2955 3127 προσδοκίᾳ
2981 3059 3077 3127 τῆς
3105 3059 3374 3126 βασιλείας
3401 3060 3779 3131 διορθούμενος

2133 3139 2296 3205 ἡμᾶς,
2333 3139 2426 3191 καὶ¹
2458 3140 2758 3209 φιλοσοφεῖν
2797 3143 3076 3198 παιδεύων.
3103 3146 3214 3198 Οὐκ
3246 3147 3307 3196 ἐκ
3337 3145 3533 3198 τούτων
3569 3146 3628 3198 δὲ
3679 3149 3778 3216 μό-

2133 3241 2239 3286 νον,
2293 3225 2424 3278 ἀλλὰ
2470 3228 2561 3279 καὶ
2610 3227 2668 3291 ἐξ
2709 3222 2781 3281 ὧν
2813 3230 2969 3298 ἡμεῖς
2995 3232 3144 3282 αὐτοὶ
3178 3231 3453 3301 ποιοῦμεν,
3499 3233 3658 3300 δῆλον
3694 3236 3777 3286 ὅτι

2133 3308 2252 3362 οὐτε
2280 3313 2600 3382 εἱμαρμένη,
2631 3314 2750 3366 οὕτε
2784 3316 2940 3384 τύχη,
2984 3316 3104 3368 οὔτε
3143 3318 3382 3383 γένεσις,
3420 3317 3538 3369 οὔτε
3577 3319 3777 3388 δρόμος

2132 3396 2371 3466 ἀστέρων
2411 3399 2477 3450 τὰ
2510 3400 2628 3451 καθ’
2660 3403 2804 3468 ἡμᾶς
2832 3401 3039 3454 διοικεῖ.
3079 3405 3140 3455 Et
3181 3403 3287 3472 γὰρ
3317 3404 3519 3456 ἐκεῖθεν
3539 3406 3778 3473 ἤρτηται

2130 3481 2197 3533 τὰ
2233 3484 2484 3553 γινόμενα
2533 3486 2724 3549 πάντα,
2772 3488 2862 3539 καὶ
2907 3489 2964 3539 οὐ
3010 3489 3108 3556 τῆς
3141 3489 3506 3559 προαιρέσεως
3544 3491 3654 3541 τῶν
3683 3493 3777 3543 ἀν-

2132 3567 2380 3636 θρώπων,
2402 3571 2541 3632 τίνος
2572 3571 2754 3624 ’ένεκεν
2787 3577 3064 3641 μαστιγοῖς
3087 3575 3175 3626 τὸν
3199 3575 3410 3642 οἱκέτην
3441 3575 3772 3642 κεκλοφότας

2130 3653 2270 3715 τίνος
2303 3654 2483 3707 ἐνεκεν
2519 3657 2887 3725 μοιχευθεῖσαν
2915 3659 3010 3728 τὴν
3037 3661 3265 3727 γυναῖκα
3308 3660 3386 3722 είς
3422 3661 3776 3731 δικαστήριον

2130 3736 2340 3802 ἕλκεις,
2374 3739 2513 3802 τίνος
2543 3741 2722 3794 ἕνεκεν
2762 3743 2984 3814 αἰσχύνῃ
3015 3745 3262 3815 πράττων
3298 3745 3364 3797 τὰ.
3388 3747 3556 3800 ἄτοπα
3582 3764 3596 3810 ;
3628 3749 3774 3809 τίνος

2129 3821 2309 3875 ἕνεκεν
2341 3825 2458 3876 οὐδὲ
2483 3827 2548 3878 τὰ
2589 3829 2802 3896 ῥήματα
2834 3829 3016 3896 φέρεις
3049 3831 3464 3900 ὀνειδιζόμενος,
3517 3831 3633 3883 ἀλλ’
3680 3835 3772 3884 ἐάν

2128 3908 2210 3968 τίς
2245 3923 2300 3958 σε
2326 3909 2523 3979 καλέσῃ
2553 3911 2806 3980 μοιχὸν,ἢ
2839 3913 3049 3980 πόρνον,
3086 3915 3118 3982 ἢ
3151 3915 3410 3983 μέθυσον,
3447 3917 3478 3984 ἡ
3512 3933 3563 3967 τι
3597 3916 3772 3968 τοιοῦ-

2128 4009 2236 4056 τον,
2271 3992 2422 4063 θὸριν
2454 3995 2513 4047 τὸ
2545 3999 2768 4065 πρᾶγμα
2799 3999 3016 4062 καλεῖς;
3049 4000 3109 4050 Et
3139 4000 3242 4069 γάρ
3275 4000 3348 4070 μὴ
3380 4001 3477 4068 τῆς
3505 4004 3604 4070 σῆς
3636 4001 3773 4068 γνώ-

2131 4095 2234 4148 μης
2259 4079 2318 4131 τὸ
2352 4081 2693 4149 ἁμαρτάνειν,
2741 4081 2863 4134 οὐτε
2905 4084 3152 4154 ἔγκλημα
3199 4087 3257 4137 τὸ
3301 4086 3598 4153 γινόμενον,
3648 4088 3772 4140 οὐτε

2130 4163 2279 4234 ὐϐρις
2311 4166 2370 4217 τὸ
2411 4165 2716 4235 λεγόμενον.
2763 4167 2874 4220 Νῦν
2921 4169 2974 4221 δὲ
3019 4171 3110 4221 καὶ
3141 4171 3205 4221 δι’
3237 4163 3310 4221 ῶν
3358 4173 3465 4231 τοῖς
3521 4172 3772 4240 ἁμαρτά-

2128 4266 2303 4302 νουσιν
2342 4253 2400 4302 οὐ
2451 4252 2854 4320 συγγινώσκεις,
2900 4255 2990 4305 καὶ
3026 4255 3090 4304 δι’
3132 4248 3204 4307 ὦν
3239 4256 3394 4316 αὐτὸς
3437 4257 3665 4327 αἰσχύνῃ
3705 4262 3770 4311 τά

2128 4335 2270 4385 κακὰ
2298 4336 2568 4402 πράττων,
2610 4338 2701 4388 καὶ
2730 4339 3007 4391 λανθάνειν
3054 4340 3397 4403 σπουδάζεις,
3433 4343 3526 4393 καὶ
3571 4342 3640 4393 δι’
3696 4338 3769 4397 ῶν

2127 4419 2249 4479 τοὺς
2291 4420 2457 4472 ταῦτὰ
2506 4437 2583 4472 σοι
2639 4423 3002 4493 προφέροντας
3052 4425 3304 4493 ὑϐριστάς
3355 4425 3630 4494 νομίζεις,
3687 4430 3771 4482 διὰ

2127 4503 2336 4554 πάντων
2362 4506 2654 4572 ὁμολογεῖς,
2698 4509 2777 4558 ὅτι
2806 4508 2903 4560 οὐκ
2932 4509 3146 4579 ἀνάγκῃ
3173 4509 3372 4562 δέδεται
3401 4511 3465 4563 τὰ
3498 4514 3766 4584 ἡμέτερα,

2126 4587 2181 4638 ἀ)
2192 4587 2256 4638 λὰ
2277 4591 2638 4658 προαιρέσεως
2657 4592 2932 4662 ἐλευθερίᾳ
2952 4594 3251 4662 τετίμηται.
3269 4595 3389 4657 Τοῖς
3405 4596 3532 4663 γοῦν
3553 4599 3767 4668 ἀνάγκῃ

2127 4675 2502 4742 κατεχομένοις
2526 4678 2908 4743 συγγινώσκειν
2947 4681 3185 4748 οἴδαμεν.
3233 4681 3348 4733 Κᾶν
3383 4682 3484 4733 ὐπὸ
3517 4684 3769 4751 δαίμονός

2125 4774 2203 4820 τις
2233 4761 2623 4833 ὀχλούμενος,ἢ
2654 4765 2740 4815 τὸν
2767 4766 2963 4832 χιτῶνα
3003 4767 3261 4836 διαρῤήξῃ
3289 4768 3378 4820 τὸν
3412 4770 3701 4840 ἡμέτερον.
3735 4772 3767 4838 ἢ

2125 4843 2332 4913 πληγὰς
2370 4848 2653 4919 ἐπενέγκῃ,
2700 4850 2759 4900 ού
2797 4852 2951 4918 μόνον
2983 4853 3040 4902 οὐ
3072 4852 3366 4920 κολάζομεν
3396 4856 3574 4913 αὐτὸν,
3632 4855 3770 4906 ἀλλὰ

2125 4925 2270 4997 [(291]
2304 4931 2394 4982 καὶ
2425 4930 2672 4998 ἐλεοῦμεν
2703 4936 2792 4984 καὶ
2831 4936 3282 5004 συγγινώσκομεν.
3321 4939 3383 4989 Τί
3409 4938 3643 5007 δήποτε;
3686 4943 3767 4992 ὅτι

2124 5015 2271 5084 ούχή
2301 5017 2395 5082 τῆς
2434 5018 2794 5086 προαιρέσεως
2829 5021 3122 5090 ἐλευθερία,
3167 5025 3277 5075 ἀλλ’
3307 5027 3338 5093 ή
3377 5025 3470 5077 τοῦ
3510 5026 3763 5093 δαίμονος

2127 5099 2214 5168 βία
2247 5102 2413 5153 ταῦτα
2448 5102 2752 5170 εἰργάσατο.
2780 5106 2935 5156 Ὥστε
2969 5109 3015 5158 εἱ
3037 5110 3127 5159 καὶ
3150 5109 3215 5160 τὰ
3246 5110 3376 5162 ἄλλα
3397 5112 3770 5180 ἁμαρτήματα

2124 5184 2227 5235 ἀπὸ
2259 5186 2357 5253 τῆς
2407 5186 2645 5255 ἀνάγκης
2679 5190 2774 5257 τῆς
2825 5192 2960 5244 κατά
3004 5193 3100 5262 τὴν
3144 5196 3476 5263 εἱμαρμένην
3519 5197 3727 5263 ἐγίνετο
3753 5241 3768 5263 ,

2125 5271 2457 5339 συνέγνωμεν
2480 5272 2563 5323 ἄν’
2587 5275 2765 5344 ἐπειδὴ
2787 5277 2839 5327 δὲ
2862 5278 3015 5345 ἴσμεν
3036 5288 3079 5344 ⁸,
3104 5281 3181 5331 ὃτι
3208 5281 3305 5330 οὐκ
3334 5280 3477 5331 ἐστιν
3501 5282 3768 5351 ἀνάγκης,

2121 5355 2204 5408 διὰ
2240 5355 2390 5408 τοῦτο
2433 5356 2489 5407 οὐ
2543 5361 3007 5429 συγγινώσκομεν,
3057 5363 3176 5415 οὐτε
3213 5364 3465 5415 δεσπόται
3508 5367 3767 5432 οἰκέταις,

2119 5441 2238 5494 οὔτε
2276 5442 2460 5511 ἄνδρες
2499 5445 2777 5512 γυναιξὶν,
2832 5447 2950 5498 οὐτε
3009 5452 3259 5514 γυναῖκες
3311 5450 3591 5520 ἀνδράσιν,
3645 5454 3769 5506 οὔτε

2185 5673 2207 5698 θ
2234 5667 2364 5728 Haec,
2394 5669 2552 5726 ἐπειδή
2577 5672 2624 5718 δὲ
2647 5671 2797 5732 ἴσμεν,
2824 5674 3000 5722 desunt
3022 5687 3068 5720 ιη
3091 5672 3221 5722 Colb.
