3990 6466
278 469 384 523 281

262 570 493 622 Joannes
523 567 828 620 testiﬁcatur
869 563 1047 618 dicens
1074 579 1087 614 :
1114 581 1131 612 ι
1172 561 1261 617 Sic
1281 561 1417 615 Deus
1446 560 1625 614 dilexit
1663 571 1815 610 mun-

264 659 412 721 dum,
443 666 497 710 ut
530 656 719 709 Filium
751 668 902 709 suum
930 652 1252 719 unigenitum
1276 650 1515 715 daret,ut
1533 650 1703 701 omnis
1728 648 1814 714 qui

262 749 431 801 credit
457 748 506 800 in
536 748 703 816 ipsum
728 761 829 799 non
860 752 1056 813 pereat,
1086 742 1177 795 sed
1229 740 1419 793 habeat
1458 740 1616 791 vitam
1660 742 1815 789 teter-

262 852 384 889 nam
416 856 433 888 I
478 836 655 904 (Joan.
682 837 733 889 5.
766 834 875 904 16).
909 832 1015 886 Hac
1052 831 1242 884 ardens
1274 829 1463 882 Paulus
1494 827 1628 879 hanc
1656 823 1813 877 caele-

262 936 397 979 stem
427 925 600 978 emisit
641 938 820 976 vocem
858 938 870 973 :
910 940 927 972 ‹
952 920 1076 987 Quis
1113 932 1208 971 nos
1254 916 1512 984 separabit
1544 930 1571 966 a
1600 913 1816 967 caritate

261 1012 497 1065 Christi?
527 1012 809 1073 tribulatio,
842 1025 907 1062 an
960 1008 1219 1075 angustia,
1261 1019 1321 1057 ac
1357 1001 1710 1072 persequutio,
1748 1014 1813 1052 an

262 1100 448 1163 fames,
479 1115 543 1153 an
567 1100 792 1163 nuditas,
818 1112 881 1150 an
914 1094 1218 1164 periculum,
1242 1107 1307 1144 an
1325 1088 1741 1160 gladius»(Rom.
1761 1088 1812 1141 8.

260 1189 393 1257 55)?
421 1189 513 1244 His
558 1204 713 1257 porro
756 1188 900 1255 quasi
930 1184 1196 1238 vilioribus
1238 1181 1519 1250 despectis,
1544 1181 1607 1233 iis
1651 1179 1816 1233 multo

261 1280 462 1346 majora
497 1278 684 1347 adjecit
714 1294 726 1328 :
760 1276 926 1344 «Quia
961 1288 1127 1343 neque
1152 1288 1314 1337 mors,
1341 1291 1358 1323 ι
1418 1270 1614 1340 inquit,
1676 1286 1693 1318 ι
1721 1284 1813 1322 ne-

260 1382 365 1434 que
393 1371 518 1432 vita,
547 1381 714 1434 neque
735 1365 1000 1427 instantia,
1030 1377 1197 1431 neque
1218 1361 1409 1421 futura,
1435 1374 1604 1426 neque
1634 1358 1811 1410 altitu-

261 1456 350 1518 do,
381 1469 548 1522 neque
578 1453 914 1523 profundum,
940 1466 1110 1520 neque
1130 1458 1372 1505 creatura
1394 1448 1493 1500 alia
1508 1447 1698 1516 poterit
1719 1460 1816 1499 nos

261 1558 506 1611 separare
533 1558 561 1595 a
590 1543 806 1596 caritate
831 1542 952 1605 Dei,
974 1556 1091 1609 qua:
1117 1549 1199 1593 cst
1225 1538 1279 1593 in
1305 1538 1513 1592 Christo
1558 1536 1682 1590 Jesu
1716 1535 1816 1586 Do-

262 1637 407 1687 mino
436 1642 614 1687 nostro
654 1653 672 1683 ›
707 1632 864 1701 (Ibid.
887 1648 933 1684 υ.
964 1633 1052 1686 55.
1079 1630 1191 1701 59).
1220 1630 1350 1683 Hinc
1396 1628 1525 1681 nihil
1570 1639 1816 1694 separare

264 1724 432 1791 potuit
476 1723 685 1777 beatum
712 1721 857 1774 illum
898 1719 1115 1773 caritate
1152 1718 1444 1780 ardentem,
1476 1730 1577 1769 non
1603 1715 1810 1777 czelum,

263 1828 366 1865 non
399 1822 558 1876 terra,
591 1826 693 1865 non
720 1825 864 1865 mare
886 1849 898 1873 ,
924 1824 1025 1862 non
1053 1822 1268 1877 regnum
1291 1806 1537 1861 caelorum
1558 1845 1571 1869 ,
1605 1818 1708 1857 non
1735 1805 1815 1857 in-

261 1901 395 1954 ferni
424 1901 671 1968 supplicia
705 1900 913 1952 :omnia
955 1897 1145 1967 quippe
1172 1905 1384 1965 propter
1417 1894 1682 1947 Christum
1716 1891 1812 1945 de-

261 1990 532 2057 spiciebat.
551 1989 699 2054 Quod
736 1990 779 2042 si
805 1989 935 2042 alios
971 2002 1176 2056 quoque
1215 1993 1424 2040 sanctos
1453 1984 1809 2049 exploremus,

261 2092 445 2132 omnes
471 2079 923 2147 deprehendemus
948 2077 1014 2130 oh
1040 2078 1307 2131 caritatem
1331 2074 1586 2144 placuisse
1613 2073 1739 2127 Deo.

333 2168 387 2219 2.
437 2166 632 2221 Caritas
680 2183 797 2236 erga
850 2167 1130 2234 proximum
1165 2180 1292 2233 quas.
1320 2194 1389 2202 —
1411 2163 1611 2217 Caritas
1640 2162 1810 2230 proxi-

262 2272 405 2309 mum
434 2257 526 2311 tibi
565 2257 776 2311 exhibet
816 2257 950 2310 sicut
983 2254 1337 2322 temetipsum,
1386 2262 1539 2321 teque
1569 2252 1634 2305 de
1674 2251 1813 2304 illius

261 2347 430 2410 bonis,
462 2346 681 2415 perinde
709 2356 865 2414 atque
892 2345 957 2399 de
984 2346 1089 2398 tuis
1117 2343 1347 2412 gaudere
1373 2342 1545 2408 docet,
1571 2341 1813 2409 illiusque

261 2435 448 2489 damna
481 2435 629 2502 quasi
658 2444 743 2488 tua
773 2434 930 2489 ferre.
962 2434 1165 2488 Caritas
1196 2433 1389 2485 multos
1434 2442 1812 2497 unumcorpus

262 2525 442 2589 efﬁcit,
476 2526 785 2593 illorumque
814 2525 1015 2577 animas
1054 2523 1281 2590 Spiritus
1316 2521 1480 2574 sancti
1515 2516 1812 2571 habitacula

262 2613 431 2666 reddit
455 2630 467 2665 :
498 2629 601 2666 non
628 2614 767 2666 enim
789 2614 839 2666 in
869 2612 1085 2673 divisos,
1110 2610 1201 2664 sed
1229 2609 1279 2661 in
1305 2608 1612 2675 coniunctos
1638 2606 1812 2659 animo

262 2702 485 2769 Spiritus
530 2702 671 2770 pacis
713 2700 1013 2770 requiescit.
1065 2699 1269 2753 Caritas
1314 2698 1636 2766 singulorum
1676 2694 1811 2747 bona

262 2792 504 2844 omnibus
551 2792 845 2844 communia
893 2791 1082 2854 reddit,
1137 2798 1194 2841 ut
1243 2789 1315 2840 ait
1368 2788 1499 2839 liber
1543 2786 1806 2838 Actuum:

269 2901 285 2931 ι
320 2880 661 2933 Multitudinis
703 2891 875 2933 autem
902 2879 1226 2933 credentium
1270 2885 1383 2930 erat
1411 2890 1503 2930 cor
1545 2888 1724 2936 unum,
1760 2882 1813 2926 et

262 2971 435 3022 anima
468 2985 567 3022 una
597 2987 609 3021 :
640 2984 734 3023 nec
773 2971 1044 3039 quisquam
1087 2982 1293 3031 eorum,
1343 2980 1459 3034 qua:
1489 2964 1809 3032 possidebat,

261 3060 454 3128 aliquid
477 3076 625 3113 suum
649 3075 765 3114 esse
785 3060 1006 3122 dicebat,
1035 3057 1126 3111 sed
1156 3064 1308 3110 erant
1333 3056 1433 3108 illis
1461 3054 1636 3106 omnia
1663 3066 1810 3106 com-

262 3153 438 3206 munia
479 3169 493 3203 :
540 3160 592 3205 et
638 3152 963 3205 dividebatur
998 3149 1214 3218 singulis
1257 3156 1408 3215 prout
1445 3146 1630 3212 cuique
1680 3158 1810 3211 opus

261 3250 373 3296 erat
406 3260 423 3292 ι
470 3242 602 3309 (Act.
630 3242 682 3294 4.
714 3240 798 3293 52.
826 3240 936 3307 55).
966 3239 1144 3305 Qualis
1173 3250 1351 3290 murus
1397 3236 1465 3287 ita
1509 3232 1709 3293 ﬁrmus,
1742 3233 1809 3284 ita

259 3333 609 3387 concinnitate
654 3332 925 3401 grandium
965 3329 1216 3397 lapidum,
1264 3326 1490 3379 hostium
1536 3322 1810 3376 conatibus

262 3423 675 3490 inexpugnabilis
701 3431 800 3482 est,
832 3430 887 3472 ut
912 3430 1080 3473 ccetus
1116 3430 1231 3470 sese
1254 3424 1435 3468 mutuo
1460 3411 1805 3480 diligentium,

258 3522 312 3565 ct
352 3512 645 3565 concordia:
689 3525 822 3564 nexu
855 3507 1193 3577 junctorum?
1234 3504 1401 3557 Etiam
1449 3502 1587 3570 ipsos
1617 3498 1811 3552 diaboli

261 3603 483 3670 impetus
519 3611 760 3663 coercet;
809 3608 864 3653 et
890 3598 1099 3666 quidem
1136 3596 1253 3664 jure
1300 3593 1508 3647 merito.
1552 3589 1682 3644 Nam
1722 3589 1809 3657 qui

260 3693 504 3746 concordi
533 3692 706 3744 animo
745 3700 926 3743 contra
968 3688 1113 3740 illum
1156 3687 1322 3738 aciem
1349 3684 1629 3744 instruunt,
1659 3681 1727 3731 ita
1757 3686 1811 3730 ut

261 3780 418 3833 nullis
445 3794 473 3831 a
505 3788 643 3833 cestu
687 3777 1071 3840 deﬁcientibus,
1117 3788 1237 3827 cum
1283 3772 1371 3825 illo
1412 3778 1553 3825 stent
1581 3766 1807 3830 adversi,

260 3870 374 3937 ejus
400 3869 655 3922 machinis
682 3876 804 3921 sunt
826 3866 1022 3931 invicti,
1050 3862 1423 3931 splendidaque
1452 3859 1683 3914 caritatis
1703 3858 1810 3911 eri-

259 3972 387 4029 gunt
433 3971 646 4028 troprea.
689 3961 764 4012 Ac
803 3955 1243 4026 quemadmodum
1290 3955 1417 4023 lyra:
1457 3952 1623 4013 nervi,
1662 3948 1810 4003 multi

259 4066 377 4104 cum
421 4051 544 4112 sint,
572 4050 617 4102 si
658 4050 707 4101 in
743 4063 899 4101 unum
929 4053 1241 4101 concentum
1287 4042 1522 4106 tendant,
1565 4039 1811 4094 suavissi-

260 4153 398 4190 mam
447 4137 757 4189 cantilenam
821 4134 982 4188 edunt
1026 4151 1039 4183 :
1093 4134 1170 4185 sic
1214 4132 1300 4199 qui
1357 4145 1460 4183 uno
1513 4129 1813 4182 coalescunt

260 4225 762 4293 animo,jucundum
797 4224 1029 4277 caritatis
1056 4222 1291 4289 pulsibus
1329 4234 1514 4272 sonum
1546 4216 1807 4270 emittunt.

260 4318 381 4371 Ideo
413 4325 594 4369 auctor
622 4326 701 4369 est
730 4316 940 4379 Paulus,
970 4324 1025 4366 ut
1050 4313 1232 4366 ﬁdeles
1260 4312 1483 4380 idipsum
1505 4308 1733 4361 sentiant
1758 4314 1813 4359 et

259 4412 450 4467 dicant.
479 4410 712 4476 aliosque
740 4417 920 4476 putent
940 4422 996 4459 se
1024 4405 1324 4473 superiores
1353 4417 1491 4465 esse,
1521 4416 1587 4455 ne
1615 4400 1811 4452 atnbitu

260 4501 489 4549 solvatur
507 4498 717 4561 caritas,
737 4497 825 4549 sed
842 4496 1040 4548 honore
1056 4495 1170 4546 aliis
1184 4493 1450 4556 cedentes,
1468 4494 1519 4543 in
1534 4488 1810 4544 concordia

266 4587 452 4652 'chant
473 4584 722 4653 (Philipp.
756 4587 806 4637 5.
843 4585 923 4638 16.
956 4595 999 4636 et
1028 4585 1080 4636 2.
1105 4584 1182 4652 5).
1211 4582 1544 4649 Rursumque
1572 4580 1680 4631 ait:
1712 4577 1813 4629 Per

261 4677 514 4729 caritatem
542 4677 715 4727 servile
742 4676 965 4725 invicem.
1007 4673 1179 4723 Omnis
1207 4673 1338 4722 enim
1368 4673 1445 4721 lea:
1489 4672 1539 4720 in
1568 4684 1663 4719 uno
1703 4682 1808 4718 ser-

264 4781 404 4817 mone
444 4765 675 4832 impletur
701 4777 718 4814 :
746 4762 932 4827 Diliges
956 4761 1235 4829 proximum
1266 4768 1409 4810 tuum
1444 4760 1569 4808 sicut
1604 4758 1811 4822 teipsmn

265 4901 280 4922 κ
314 4853 428 4906 Gal.
473 4853 526 4906 5.
578 4854 652 4905 15.
709 4853 792 4905 14.
853 4849 1285 4917 Lceit.19.‘18).
1334 4849 1429 4912 Qui
1477 4847 1662 4914 diligit,
1710 4861 1811 4897 nou

262 4944 420 4997 modo
459 4959 563 4996 non
593 4945 867 5011 imperare,
917 4941 1005 4995 scd
1052 4941 1205 4994 etiam
1238 4938 1481 5006 imperari
1522 4937 1628 4988 vult
1656 4955 1665 4987 :
1691 4951 1815 5003 gau-

262 5035 451 5103 detque
495 5034 659 5100 magis
688 5034 966 5098 imperatus
990 5046 1141 5099 quam
1186 5030 1466 5097 imperans.
1498 5028 1593 5091 Qui
1621 5026 1808 5093 diligit,

261 5125 479 5192 gratiam
532 5121 772 5174 conferre
822 5122 1035 5183 mavult,
1090 5134 1245 5186 quam
1298 5120 1565 5185 accipere;
1619 5116 1815 5167 mavult

261 5217 454 5283 quippe
479 5214 769 5267 debitorem
801 5214 1021 5264 amicum
1064 5212 1277 5275 habere,
1306 5226 1459 5278 quam
1502 5211 1612 5277 ipse
1642 5211 1686 5261 ei
1719 5210 1813 5261 dc-

261 5303 399 5356 bitor
426 5318 563 5357 esse.
588 5303 684 5367 Qui
711 5302 899 5369 diligit,
932 5304 1100 5354 amico
1128 5303 1343 5369 gratiam
1381 5301 1615 5353 conferre
1653 5308 1812 5364 Cllltll,

261 5408 360 5448 nec
401 5405 578 5449 tamen
613 5395 719 5446 vult
764 5392 1003 5446 conferre
1053 5393 1253 5445 videri:
1288 5393 1337 5444 in
1385 5390 1639 5444 beneﬁcio
1680 5404 1816 5456 prae-

262 5482 451 5536 stando
476 5484 670 5550 primas
714 5491 915 5546 tenere,
954 5497 1047 5534 nec
1094 5491 1263 5534 tamen
1299 5482 1492 5549 primas
1537 5490 1712 5533 tenere
1738 5479 1815 5530 vi-

264 5574 394 5625 deri.
430 5574 538 5626 lloc
576 5574 711 5626 forte
741 5574 951 5641 quidam
986 5587 1083 5625 non
1118 5573 1448 5641 intelligunt:
1478 5572 1816 5639 quamobrem

265 5662 312 5712 ul
340 5664 581 5730 exemplo
610 5666 946 5731 conspicuum
978 5663 1207 5715 reddam.
1240 5664 1687 5718 (Itementissimns
1721 5667 1818 5717 Do-

266 5763 435 5804 minus
459 5768 555 5822 pro
600 5754 748 5807 nobis
788 5754 973 5806 Filium
1019 5768 1167 5805 suum
1198 5752 1411 5807 daturus
1444 5765 1591 5807 erat:
1635 5766 1682 5805 nt
1729 5772 1815 5808 au-

1414 446 1500 500 DE
1540 435 1889 498 PERFECTA
1927 438 2290 500 CARITATE.

3358 463 3468 517 282

1925 561 2029 609 tem
2056 571 2159 610 non
2186 558 2450 614 videretur
2491 560 2540 613 id
2571 561 2765 629 largiri,
2814 561 2907 614 sed
2950 562 3182 616 debitum
3230 563 3467 623 reddere.

1922 645 2168 712 przecepit
2210 648 2508 702 Abrahamo
2554 660 2609 702 ut
2648 650 2809 704 ﬁlium
2855 667 3004 705 suum
3036 653 3204 717 daret,
3252 664 3311 707 ut
3352 669 3469 708 cum

1922 732 2143 800 idipsum
2166 736 2276 803 ipse
2302 736 2513 802 faceret,
2546 754 2646 791 non
2670 741 2884 807 gratiam
2909 750 3157 809 przestare
3185 743 3468 803 videretur.

1921 822 2012 875 sed
2042 823 2274 877 debitum
2314 826 2555 891 reddere,
2600 838 2814 895 propter
2856 833 3310 899 superemineutes
3336 832 3438 886 divi

1922 912 2017 964 tias
2038 912 2287 967 bonitatis
2315 930 2439 968 sum.
2476 915 2597 969 Scio
2626 918 2802 971 multis
2833 918 2901 981 id,
2936 921 3072 987 quod
3099 922 3346 985 diximus,
3378 938 3468 974 nov

1922 1017 2039 1055 vum
2079 1003 2412 1073 insolensque
2441 1006 2621 1060 videri.
2650 1008 2703 1060 In
2734 1024 2886 1063 causa
2929 1022 3102 1065 autem
3140 1022 3218 1067 est
3244 1014 3379 1083 quod
3405 1015 3471 1068 de

1922 1104 1979 1141 re
2005 1089 2206 1158 loquar,
2238 1106 2351 1160 quae
2392 1108 2529 1146 nunc
2573 1096 2623 1147 in
2656 1096 2797 1149 caelis
2839 1108 3093 1152 versatur.
3124 1099 3467 1166 Quemadmo-

1921 1176 2042 1229 dum
2079 1179 2216 1230 enint
2250 1194 2290 1231 δι
2319 1180 2381 1233 de
2426 1183 2599 1249 planta
2640 1183 2882 1252 loquerer
2922 1188 2973 1240 in
3017 1187 3155 1241 India
3201 1200 3470 1247 nascente.

1927 1279 2075 1333 quam
2107 1281 2261 1320 nemo
2286 1270 2605 1336 experientia
2632 1282 2993 1340 cognosceret,
3026 1291 3127 1328 non
3156 1290 3363 1343 possem
3403 1277 3469 1329 il-

1922 1356 2021 1407 lam
2044 1369 2286 1412 sermone
2320 1359 2600 1425 explicare,
2632 1363 2836 1416 etiamsi
2863 1376 3107 1418 sexcenta
3135 1366 3200 1420 de
3229 1367 3311 1418 illa
3345 1384 3467 1419 nar-

1920 1459 2090 1500 rarem
2117 1464 2129 1498 :
2157 1449 2233 1502 sic
2275 1450 2429 1502 etiam
2470 1465 2611 1504 nunc
2651 1450 2839 1505 frustra
2868 1455 3068 1522 loquar,
3111 1471 3228 1509 cum
3260 1458 3466 1525 quidam

1919 1548 1979 1586 ea
2009 1550 2125 1602 qute
2150 1535 2256 1603 jam
2289 1538 2405 1591 dico
2436 1554 2535 1591 non
2563 1540 2869 1610 intelligant.
2902 1544 2952 1596 In
2982 1546 3112 1598 caslo
3138 1560 3381 1615 namque,
3416 1560 3471 1600 u:

1919 1624 2045 1685 dixi,
2075 1624 2188 1679 hinc
2216 1625 2389 1694 planta
2413 1626 2651 1681 habetur.
2678 1629 2779 1683 Sed
2804 1631 2846 1683 si
2876 1633 3213 1699 voluerimus,
3239 1636 3288 1687 in
3320 1636 3470 1689 nobis

1918 1712 2074 1765 etiam
2110 1714 2195 1767 illa
2243 1715 2399 1769 inseri
2438 1725 2632 1785 potest.
2678 1718 2798 1772 Ideo
2844 1721 2983 1773 enim
3022 1722 3239 1776 instituti
3288 1738 3468 1777 sumus

1919 1813 1976 1857 ut
2000 1804 2233 1859 dicamus
2260 1806 2397 1860 Patri
2444 1808 2514 1860 illi
2553 1810 2640 1877 qui
2678 1820 2757 1863 est
2803 1811 2852 1863 in
2882 1812 3024 1864 cmlis
3054 1828 3066 1863 :
3097 1811 3215 1865 Fiat
3244 1814 3470 1867 voluntas

1919 1903 2004 1946 tua
2025 1893 2075 1946 in
2100 1894 2221 1947 caelo
2246 1904 2291 1948 et
2318 1896 2367 1947 in
2396 1906 2526 1949 terra
2554 1896 2760 1967 (Matth.
2787 1899 2836 1953 6.
2874 1900 2978 1969 10).

1989 1985 2040 2038 5.
2081 1983 2257 2038 Libero
2281 1985 2506 2049 arbitrio,
2538 2002 2638 2039 non
2668 1988 2761 2053 fati
2800 1992 3083 2043 necessitate
3116 1993 3466 2061 gubernantur.

1916 2104 1984 2114 -—
2007 2074 2082 2127 Ne
2106 2090 2234 2144 ergo
2261 2084 2501 2143 putemus
2527 2092 2627 2130 non
2660 2092 2811 2146 posse
2834 2095 2927 2133 nos
2954 2080 3249 2149 hujusmodi
3275 2084 3468 2140 bonum

1924 2164 2204 2237 possidere.
2242 2166 2525 2219 Possumus
2567 2166 2726 2229 enim,
2758 2183 2879 2222 vere
2922 2184 3219 2238 possumus,
3260 2176 3302 2226 si
3330 2175 3459 2228 veli-

1919 2266 2034 2306 mus
2052 2252 2369 2321 advigilare;
2398 2269 2566 2323 neque
2588 2253 2685 2309 hoc
2706 2264 2928 2321 tantum,
2960 2258 3051 2311 sed
3078 2259 3232 2313 etiam
3258 2274 3467 2315 omnent

1916 2356 2169 2397 exercere
2194 2343 2456 2396 virtutem.
2485 2342 2676 2398 Libero
2698 2346 2836 2397 enim
2862 2345 3076 2399 arbitrio
3094 2348 3465 2416 gubentamur,

1918 2446 2088 2500 neque
2116 2431 2205 2485 fati
2234 2432 2551 2494 necessitati,
2595 2440 2651 2486 ut
2676 2433 2884 2502 quidam
2911 2444 3112 2503 putant,
3141 2438 3467 2506 subjicimur,

1916 2538 2031 2575 cum
2058 2522 2327 2575 detinitum
2355 2523 2421 2576 sit
2456 2534 2508 2575 ut
2538 2523 2670 2576 intra
2700 2524 2831 2577 velle
2858 2534 2911 2578 et
2937 2527 3074 2580 nolle
3102 2527 3233 2580 bona
3268 2530 3471 2584 malave

1916 2612 2010 2663 sita
2040 2612 2164 2665 sint.
2197 2611 2317 2666 Ideo
2345 2628 2566 2681 namque
2598 2614 2735 2667 Deus
2772 2623 2826 2668 et
2869 2631 3083 2684 regnum
3121 2620 3379 2685 promisit,
3417 2629 3471 2674 et

1916 2704 2225 2771 sapplicium
2258 2706 2485 2758 minatus
2522 2715 2620 2759 est.
2664 2706 2819 2773 Atqui
2862 2706 2909 2759 id
2950 2722 3230 2775 numquam
3278 2711 3470 2778 egisset

1918 2808 2036 2860 erga
2076 2794 2389 2847 necessitate
2418 2795 2619 2847 vinctos
2648 2811 2659 2844 :
2691 2810 2808 2847 nam
2840 2809 3021 2848 eorum
3054 2812 3167 2864 qua:
3194 2813 3255 2850 ex
3287 2799 3470 2851 volun-

1920 2893 2023 2936 tate
2048 2883 2198 2947 tiunt,
2227 2881 2479 2935 alterutra
2519 2896 2632 2935 sors
2674 2882 2841 2935 datur.
2884 2883 3172 2952 Numquam
3206 2886 3343 2953 leges
3372 2901 3469 2954 po-

1916 2971 2126 3035 suisset,
2159 2985 2257 3025 ncc
2284 2972 2479 3023 monita
2520 2970 2774 3033 dedisset,
2809 2972 2851 3023 si
2884 2987 2979 3025 nos
3013 2973 3101 3024 fati
3130 2974 3352 3026 vinculis
3376 2975 3469 3028 dc-

1917 3063 2220 3115 tineremur.
2251 3061 2355 3114 Sed
2385 3060 2504 3128 quia
2533 3060 2678 3113 liberi
2725 3075 2924 3123 sumus,
2958 3062 3228 3129 nostrique
3268 3064 3467 3116 arbitrii

1915 3151 2133 3211 domini,
2161 3160 2316 3219 atque
2346 3166 2409 3203 ex
2448 3150 2647 3218 ignavia
2690 3151 2854 3217 pravi,
2899 3166 3065 3219 exque
3095 3152 3266 3205 studio
3297 3163 3347 3205 et
3375 3169 3465 3207 co-

1916 3250 2038 3295 natu
2084 3241 2203 3295 boni
2239 3240 2513 3303 elﬁcimur,
2565 3240 2758 3294 idcirco
2813 3241 2926 3294 haec
2967 3243 3195 3295 remedia
3242 3246 3467 3311 paravit,

1915 3347 2105 3398 nempe
2143 3340 2282 3384 metu
2311 3331 2547 3397 supplicii
2581 3345 2641 3383 ac
2678 3342 2770 3396 Spe
2806 3331 2949 3398 regni
2985 3346 3080 3383 nos
3106 3333 3370 3397 emendat,
3417 3345 3469 3386 et

1914 3420 1977 3473 ad
2004 3418 2471 3487 philosophandum
2501 3418 2740 3471 instituit.
2769 3418 2948 3486 Neque
2971 3418 3092 3472 hinc
3119 3429 3340 3482 tantum,
3375 3426 3469 3474 sed

1915 3512 2071 3564 etiam
2102 3525 2166 3563 ex
2196 3510 2278 3571 iis,
2303 3524 2418 3577 qua:
2445 3522 2539 3561 nos
2575 3508 2669 3574 ipsi
2715 3509 2931 3575 agimus,
2968 3507 3147 3575 liquet,
3191 3524 3358 3578 neque
3389 3510 3466 3562 r..-

1916 3609 2045 3656 tum.
2074 3613 2242 3665 neque
2270 3597 2548 3662 fortunam,
2581 3612 2748 3664 neque
2776 3598 3027 3664 genesim,
3058 3612 3227 3666 neque
3256 3614 3465 3653 cursum

1915 3696 2175 3741 astrorum
2204 3698 2381 3739 nostra
2414 3700 2611 3755 regere.
2649 3686 2773 3739 Nam
2815 3688 2860 3739 si
2888 3686 3008 3740 hinc
3035 3688 3264 3754 pendent
3293 3692 3468 3743 omnia

1915 3794 2030 3847 quze
2056 3786 2327 3847 geruntur,
2351 3793 2454 3830 non
2486 3786 2657 3830 autent
2686 3794 2713 3829 a
2744 3778 2907 3831 libero
2937 3779 3203 3832 hominum
3225 3779 3464 3845 arbitrio,

1915 3884 2010 3922 cur
2034 3868 2263 3937 ﬂagellas
2289 3881 2497 3921 servum
2531 3866 2753 3919 furatum
2771 3870 2793 3915 ‘t
2818 3882 2912 3919 cur
2931 3868 3222 3922 adulteram
3251 3885 3465 3924 uxorem

1916 3959 1979 4012 ad
2007 3958 2173 4011 forum
2207 3958 2408 4011 trahis?
2434 3972 2525 4010 cur
2552 3970 2603 4010 te
2644 3956 2820 4022 pudet,
2868 3972 2987 4010 cum
3017 3960 3243 4013 absurda
3279 3977 3465 4029 perpe-

1919 4050 2058 4102 tras?
2084 4062 2182 4115 qua
2214 4048 2280 4099 de
2324 4060 2478 4099 causa
2526 4062 2589 4098 nc
2618 4047 2773 4099 verba
2815 4047 3023 4115 quidem
3060 4049 3465 4118 vituperantium

1917 4139 2164 4202 sustines,
2203 4136 2292 4189 sed
2322 4138 2365 4189 si
2401 4136 2517 4204 quis
2549 4146 2596 4187 te
2635 4138 2921 4202 moechum,
2954 4147 3043 4191 aut
3072 4138 3463 4206 fornicatorem,

1917 4239 2006 4280 aut
2032 4228 2317 4291 ebriosum,
2345 4227 2427 4280 vel
2459 4225 2581 4293 quid
2606 4226 2775 4279 simile
2802 4236 2972 4292 vocet,
3008 4228 3056 4281 id
3095 4231 3466 4283 contumeliam

1916 4317 2183 4385 appellas?
2223 4316 2349 4369 Nam
2395 4316 2435 4368 si
2484 4330 2583 4367 non
2633 4330 2696 4368 ex
2741 4324 2828 4367 tuo
2866 4316 3081 4368 arbitrio
3121 4332 3326 4384 peccas,
3373 4334 3471 4373 nec

1917 4408 2113 4459 crimen
2142 4407 2241 4460 erit
2268 4405 2404 4473 quod
2437 4404 2642 4463 feceris,
2680 4418 2774 4456 nec
2816 4405 3127 4457 contumelia
3157 4407 3294 4473 quod
3324 4406 3467 4460 dica-

1918 4505 2020 4548 tur.
2052 4496 2199 4549 Nunc
2225 4504 2397 4547 autem
2434 4504 2487 4546 et
2516 4492 2651 4558 quod
2688 4492 3018 4558 peccantibus
3051 4510 3153 4546 non
3186 4509 3389 4561 parcas,
3419 4506 3471 4549 et

1919 4586 2056 4654 quod
2099 4599 2319 4653 peccans
2370 4584 2667 4643 erubescas,
2709 4591 2762 4633 et
2810 4583 2971 4635 latere
3011 4598 3180 4647 cures,
3231 4595 3283 4637 et
3333 4586 3471 4653 ψυιά

1919 4675 2327 4727 contumeliosos
2360 4678 2509 4737 putes
2548 4685 2656 4729 cos,
2706 4670 2793 4737 qui
2838 4670 2949 4723 haec
2982 4671 3069 4723 tibi
3102 4673 3421 4739 exprobrant
3456 4690 3467 4702 ’

1921 4765 2002 4817 his
2030 4772 2170 4816 certe
2196 4761 2439 4815 omnibus
2469 4760 2752 4821 conﬁteris,
2786 4770 2962 4812 nostra
3009 4776 3111 4812 non
3159 4763 3470 4813 necessitate

1920 4856 2089 4906 vincta
2117 4866 2253 4913 esse,
2281 4851 2371 4904 sed
2402 4850 2599 4903 arbitrii
2632 4850 2868 4903 libertate
2897 4852 3090 4901 ornari.
3123 4850 3187 4901 lis
3214 4861 3357 4903 certe
3386 4853 3467 4917 qui

1921 4944 2235 4998 necessitate
2264 4943 2561 4995 detinentur
2584 4956 2797 5007 parcere
2824 4940 3071 4993 solemus.
3094 4940 3146 4993 Si
3172 4942 3286 5007 quis
3312 4956 3340 4992 a
3368 4941 3473 4991 das—

1922 5048 2075 5085 mone
2109 5032 2350 5098 agitatus,
2398 5040 2486 5082 aut
2532 5031 2755 5081 tunicam
2804 5037 3030 5081 nostram
3063 5028 3344 5096 discerpat,
3389 5040 3474 5081 aut

1924 5126 2101 5192 plagas
2131 5122 2339 5183 inferat,
2390 5136 2491 5173 non
2524 5120 2680 5171 modo
2708 5134 2814 5172 non
2858 5119 3158 5172 ulciscimur
3193 5134 3337 5182 eum,
3383 5119 3473 5172 sed

1922 5214 2079 5266 etiam
2110 5213 2423 5265 miserantur
2458 5211 2608 5277 eique
2638 5210 2917 5276 parcimus.
2950 5209 3159 5274 Quare?
3198 5210 3326 5274 Quia
3371 5226 3473 5260 non

1924 5300 2124 5355 arbitrii
2152 5300 2385 5361 libertas,
2419 5297 2509 5351 sed
2553 5297 2807 5349 dtemonis
2834 5295 3078 5349 violentia
3123 5296 3235 5349 hare
3262 5308 3476 5363 operata

1927 5403 2025 5448 est.
2056 5394 2235 5459 Itaque
2280 5393 2321 5443 si
2368 5391 2466 5441 alia
2510 5388 2667 5441 etiam
2699 5396 2907 5455 peccata
2940 5402 3002 5440 ex
3048 5388 3135 5439 fati
3170 5388 3480 5440 necessitate

1930 5488 2375 5551 perpetrarentur,
2409 5479 2800 5545 ignosceremus
2827 5478 3031 5544 utique;
3074 5478 3192 5544 quia
3221 5490 3347 5528 vero
3373 5478 3478 5529 sci-

1930 5589 2044 5628 mus
2069 5575 2156 5626 illa
2185 5586 2288 5624 non
2322 5585 2385 5623 ex
2430 5568 2739 5621 necessitate
2768 5567 3045 5634 proﬁcisci,
3094 5566 3210 5617 ideo
3240 5580 3333 5617 nec
3365 5567 3477 5619 heri

1928 5665 2135 5718 famulis
2160 5670 2397 5731 parcunt,
2434 5675 2529 5713 nec
2557 5659 2649 5711 viri
2691 5657 2958 5718 uxoribus,
2995 5669 3091 5709 nec
3118 5669 3307 5708 uxores
3333 5656 3478 5717 viris,

1932 5770 2099 5818 neque
2126 5762 2301 5822 patres
2347 5750 2482 5813 liliis,
2527 5761 2693 5816 neque
2723 5746 2956 5812 magistri
2985 5744 3272 5813 discipulis,
3308 5757 3482 5812 neque
