3990 6426
508 405 618 460 283

509 505 767 575 principes
811 504 1051 570 subditis,
1099 502 1190 558 sed
1219 517 1367 558 acres
1395 503 1651 558 scelerum
1691 502 2044 569 exploratores

511 595 809 663 ultoresque
858 607 1055 658 sumus,
1125 592 1190 647 ad
1246 592 1520 647 tribunalia
1572 592 1824 652 sistimus.
1884 589 2046 658 plagis

509 683 829 750 subjicimus,
856 682 1273 752 correptionibus
1300 682 1513 746 utimur,
1540 679 1773 748 nihilque
1801 693 1904 733 non
1934 678 2045 747 agi-

508 787 644 834 mus,
676 780 732 824 ut
760 772 877 826 illos
913 786 940 824 a
986 771 1136 825 malis
1181 771 1481 839 eripiamus.
1517 769 1662 822 Filiis
1686 782 1814 821 vero
1854 765 2048 820 nostris

510 861 818 930 ptcdagogos
853 860 1056 923 damus,
1096 860 1313 928 illosque
1359 857 1423 912 ad
1469 856 1744 925 magistros
1773 854 2046 916 mittimus,

509 949 676 1001 mittas
699 949 1037 1011 iutentamus,
1068 947 1282 1000 verbera
1313 945 1612 1014 inﬂigimus,
1655 943 1922 1010 multaque
1950 942 2047 993 alia

509 1035 835 1097 adhibemus,
863 1044 915 1088 ut
946 1036 1091 1102 probi
1118 1034 1354 1087 evadant.
1387 1031 1519 1100 Quid
1546 1047 1670 1100 ergo
1693 1044 1825 1098 opus
1851 1029 2048 1082 labori-

511 1125 610 1177 bus
673 1124 1016 1178 sudoribusve
1043 1123 1108 1176 ad
1133 1124 1373 1176 virtutem
1413 1120 1760 1176 exercendam
1779 1119 1804 1170 ’ἒ
1831 1117 1960 1172 Nam
2007 1118 2051 1170 si

515 1211 618 1264 fato
651 1213 986 1265 constitutum
1015 1212 1102 1275 sit,
1147 1211 1338 1264 bonum
1365 1209 1477 1264 fore
1500 1209 1828 1278 quempiam;
1873 1209 1919 1264 is
1944 1208 2053 1262 sive

516 1301 736 1352 dormiat
763 1310 854 1352 aut
878 1308 1061 1352 stertat
1086 1299 1254 1352 bonus
1278 1298 1377 1352 erit
1405 1314 1418 1351 :
1450 1298 1556 1350 imo
1576 1297 1747 1366 potius
1769 1296 1938 1350 bonus
1969 1295 2054 1347 ille

515 1391 778 1444 vocandus
803 1406 907 1443 non
947 1398 1047 1454 est,
1073 1389 1159 1457 qui
1201 1403 1267 1443 ex
1297 1390 1607 1442 necessitate
1635 1387 1755 1440 talis
1798 1387 1885 1439 sit.
1916 1384 2053 1451 Quid

515 1495 647 1547 opus
666 1479 931 1532 laboribus
959 1477 1297 1531 sudoribusve
1320 1476 1384 1529 ad
1412 1475 1689 1544 nequitiam
1717 1473 2012 1544 fugiendam
2031 1472 2056 1524 ?

517 1567 645 1622 Nam
687 1568 729 1620 si
758 1567 863 1620 fato
886 1567 1227 1620 constitutum
1255 1566 1343 1630 sit,
1374 1565 1563 1618 malum
1590 1566 1699 1620 fore
1720 1564 2052 1632 quempiam;

517 1658 562 1710 is
605 1656 807 1710 etiamsi
857 1663 1130 1709 sescentas
1173 1653 1355 1708 subeat
1390 1654 1641 1719 miserias,
1688 1653 1857 1707 malus
1885 1662 2055 1706 tamen

517 1748 650 1801 erit:
680 1747 786 1800 imo
812 1759 916 1799 non
943 1745 1134 1797 malum
1160 1757 1277 1798 eum
1306 1758 1398 1811 par
1423 1751 1502 1798 est
1530 1757 1736 1808 vocare,
1760 1743 1846 1808 qui
1876 1755 2058 1796 neces-

519 1835 672 1888 sitate
711 1833 776 1885 ad
819 1831 869 1885 id
915 1832 1227 1899 impellatur.
1276 1831 1343 1885 Ut
1387 1831 1524 1885 enim
1563 1830 1960 1894 darmoniacum,
2015 1832 2058 1884 si

520 1922 862 1976 contumelias
891 1923 1137 1988 proferat,
1168 1920 1210 1973 si
1242 1921 1496 1986 percutiat
1524 1919 1643 1988 (hoc
1682 1921 1822 1972 enim
1853 1933 2058 1973 rursum

523 2021 640 2065 utor
659 2011 942 2080 exemplo),
977 2025 1079 2062 non
1105 2009 1533 2063 contumeliosum
1561 2009 1884 2076 appellamus
1914 2027 1925 2061 :
1956 2023 2060 2061 non

523 2103 618 2169 ipsi
648 2102 838 2170 quippe
865 2099 1228 2154 contumeliam
1264 2099 1628 2160 adscribimus,
1674 2098 1766 2152 sed
1808 2098 2064 2152 daemonis

526 2191 818 2246 necessitati
851 2207 862 2240 :
889 2189 964 2243 sic
988 2203 1083 2242 nec
1112 2188 1427 2256 improbum,
1456 2188 1498 2241 si
1538 2188 1644 2240 fato
1673 2187 1736 2239 ad
1779 2187 2062 2256 nequitiam

529 2283 838 2349 impcllatur,
879 2293 1121 2333 tacemus
1165 2276 1486 2345 improbum;
1533 2285 1588 2329 ut
1633 2291 1800 2345 neque
1848 2276 2065 2344 probum

527 2372 846 2442 appellemus
864 2369 1101 2438 probum.
1127 2367 1327 2419 Etenim
1345 2367 1386 2419 si
1412 2367 1509 2420 hoe
1529 2367 1869 2424 concedatur.
1891 2367 2064 2419 omnia

530 2470 706 2514 nostra
736 2472 939 2526 pessum
978 2457 1159 2517 ibunt;
1202 2454 1339 2507 nulla
1371 2456 1471 2508 erit
1506 2455 1692 2518 virtus,
1720 2456 1859 2508 nulla
1890 2455 2068 2524 nequi-

531 2549 620 2608 tia,
667 2563 768 2600 non
822 2554 982 2606 artes,
1032 2560 1132 2597 non
1173 2544 1332 2612 leges.
1383 2543 1613 2612 nihilque
1651 2544 1925 2612 ejusmodi.
1966 2537 2070 2597 Cur

534 2651 690 2704 porro
717 2645 909 2689 tantam
935 2650 1112 2688 curam
1134 2636 1313 2705 aegroti
1340 2633 1668 2696 adhibemus,
1701 2633 1947 2700 pecunias
1973 2647 2069 2686 ex-

535 2725 828 2793 pendimus,
875 2723 1105 2777 medicus
1150 2724 1486 2782 accersitnus,
1530 2721 1806 2790 pbarmaca
1854 2720 2074 2788 apponi-

533 2827 670 2878 ntus,
697 2813 864 2866 ventri
892 2812 1258 2866 abstinentiam
1299 2812 1597 2873 indicimus,
1635 2807 2074 2876 concupiscentia

535 2902 736 2957 frenum
766 2900 1061 2968 iujicimus?
1082 2899 1210 2953 Nam
1237 2901 1276 2952 si
1308 2914 1373 2953 ex
1403 2899 1508 2952 fato
1539 2899 1764 2967 pendent
1800 2898 1996 2951 sanitas
2021 2904 2075 2950 et

535 2991 769 3051 morbus.
797 2990 1072 3057 superﬂua:
1098 2997 1217 3042 sunt
1239 2990 1574 3058 pecuniarum
1601 3003 1862 3057 expensm,
1891 3001 2077 3056 super-

535 3080 669 3133 fluus
695 3078 1016 3133 medicorum
1051 3092 1194 3141 usus,
1226 3091 1610 3146 supervacanea
1657 3075 1876 3129 inﬁrmis
1916 3089 2074 3129 accu-

536 3177 646 3221 rata
693 3168 779 3221 illa
816 3167 917 3222 cibi
961 3169 1203 3221 tenuitas.
1230 3166 1377 3220 Nunc
1419 3176 1592 3221 autem
1638 3175 1691 3220 et
1717 3181 1780 3219 ex
1813 3165 1892 3218 his
1921 3173 1975 3218 et
2011 3179 2075 3218 ex

535 3256 651 3309 aliis
675 3255 1021 3319 ostendimus,
1065 3255 1195 3308 nihil
1236 3269 1416 3309 eorum
1445 3269 1561 3308 esse
1606 3253 1943 3321 superﬂuum.
1974 3253 2077 3306 Ve-

537 3360 653 3398 rum
682 3344 908 3398 facessat
936 3343 1022 3396 illa
1052 3344 1142 3397 fati
1173 3341 1345 3398 fabula
1375 3360 1388 3395 :
1422 3358 1540 3396 nam
1568 3358 1683 3412 qua:
1727 3343 1789 3395 ad
1838 3357 1932 3395 nos
1962 3357 2081 3409 per-

540 3434 727 3499 tinent,
757 3433 883 3486 nulli
927 3433 1275 3501 subjiciuntur
1311 3433 1632 3495 necessitati,
1678 3431 1770 3484 sed
1797 3431 1992 3494 omnia,
2024 3439 2081 3484 ttt

539 3523 668 3589 dixi,
693 3523 894 3576 arbitrii
919 3523 1160 3577 libertate
1184 3523 1373 3576 donata
1401 3533 1540 3576 sunt.

607 3615 662 3668 4.
705 3614 914 3667 Herulis
953 3613 1248 3667 exhortatio.
1289 3611 1543 3664 Iudicium
1583 3609 1676 3663 Dei
1713 3626 1858 3679 quam
1900 3611 2080 3662 timen-

543 3704 680 3754 dum.
707 3701 923 3756 ——H.'cc
967 3715 1084 3754 cum
1128 3701 1371 3760 sciamus,
1415 3698 1609 3762 dilecti,
1657 3698 1762 3750 imo
1803 3696 1882 3752 his
1933 3698 2085 3768 longe

545 3792 694 3861 plura
721 3790 901 3859 (multa
930 3789 1069 3843 enim
1113 3787 1214 3840 alia
1259 3787 1359 3840 dici
1401 3797 1630 3854 possent,
1674 3785 1763 3839 sed
1793 3785 1904 3839 ha:c
1933 3793 2086 3839 eruut

543 3877 944 3948 sapientioribus
977 3875 1142 3944 satis),
1171 3874 1426 3943 fugiamus
1465 3873 1770 3940 nequitiam,
1811 3873 2087 3942 diligamus

545 3969 811 4031 virtutem,
843 3976 900 4020 ut
927 3982 990 4020 ex
1019 3966 1172 4019 rebus
1212 3964 1338 4033 ipsis
1381 3964 1735 4026 osteudamus,
1779 3978 1878 4017 nos
1924 3964 2088 4018 libero

544 4056 618 4108 uti
645 4055 708 4108 ad
743 4069 802 4109 ea
831 4069 946 4122 qua:
974 4054 1181 4122 placent
1218 4050 1452 4117 arbitrio,
1484 4067 1550 4105 ne
1594 4051 1974 4106 confundamur
1998 4054 2089 4108 illo

547 4143 651 4205 die,
679 4157 783 4212 quo
811 4141 1130 4211 singulorum
1152 4155 1307 4210 opera
1335 4141 1721 4195 revelabuntur.
1752 4141 1933 4196 Omnes
1961 4145 2090 4196 enim

548 4247 637 4285 nos
688 4231 996 4301 manifestari
1032 4239 1222 4297 oportet
1262 4238 1376 4282 ante
1411 4229 1625 4282 tribunal
1665 4228 1867 4292 Christi,
1917 4240 1974 4284 ut
2019 4233 2091 4284 ait

546 4321 758 4386 Paulus,
781 4329 831 4372 ut
848 4321 1027 4388 referat
1046 4319 1392 4386 unusquisque,
1417 4326 1562 4386 prout
1580 4319 1749 4385 gessit,
1771 4318 1870 4370 sive
1890 4318 2087 4382 bonum,

548 4412 650 4465 sive
686 4411 870 4463 "talum
897 4411 970 4481 (2.
1022 4409 1135 4463 Cor.
1168 4411 1220 4464 5.
1267 4410 1374 4476 10).
1416 4409 1682 4472 Tribuual,
1723 4424 1921 4478 quaeso,
1967 4410 2090 4463 illud

553 4502 823 4556 nobiscum
859 4509 1182 4569 reputemus,
1224 4501 1370 4568 quasi
1408 4501 1512 4567 jam
1560 4500 1786 4565 adesset,
1823 4499 2091 4566 iudexque

548 4590 773 4653 sederet,
801 4598 854 4643 et
879 4588 1052 4642 omnia
1078 4588 1451 4650 revelarentur,
1484 4588 1534 4640 in
1565 4588 1897 4657 mediumque
1922 4589 2091 4642 addu-

549 4687 812 4735 cereutur.
844 4677 956 4730 Non
999 4678 1161 4732 modo
1198 4677 1337 4731 enim
1367 4691 1464 4731 nos
1505 4676 1712 4732 adstare
1741 4688 1966 4746 oportet,
1998 4678 2091 4732 sed

548 4770 704 4823 etiam
734 4766 1072 4822 manifestari.
1097 4766 1282 4819 Annon
1305 4765 1648 4820 erubescitis?
1675 4780 1846 4819 annon
1879 4765 2095 4835 perhor-

549 4858 791 4913 rescitis?
820 4871 993 4911 annon
1024 4871 1164 4926 saepe
1190 4857 1321 4910 mori
1345 4857 1512 4924 potius
1531 4866 1791 4925 optamus,
1822 4873 1974 4926 quam
2006 4873 2095 4911 oc-

549 4949 744 5002 cultum
794 4947 964 5000 scelus
1006 4945 1390 5000 venerabiiibus
1435 4947 1615 5000 amicis
1656 4947 1847 5000 nostris
1887 4946 2093 5016 detegi?

549 5039 664 5105 Quo
692 5046 812 5090 tunc
854 5051 1009 5091 sensu
1041 5036 1349 5103 afﬁciemur,
1390 5051 1508 5089 cum
1535 5045 1745 5104 peccata
1789 5046 1965 5091 nostra
1999 5054 2090 5093 eo-

549 5142 661 5180 rum
712 5127 952 5178 omnibus
994 5124 1190 5192 angelis
1237 5123 1637 5192 hominibusque
1688 5124 1996 5193 detegentur
2041 5136 2095 5182 et

549 5228 671 5272 ante
699 5218 878 5272 oculos
912 5215 1196 5270 sistentur?
1225 5217 1448 5286 Arguam
1489 5225 1554 5282 te,
1585 5216 1771 5284 inquit,
1805 5227 1850 5270 et
1879 5227 2093 5271 statuant

549 5316 722 5359 rontra
755 5307 929 5373 faciem
958 5314 1095 5358 tuam
1134 5315 1330 5373 peccata
1363 5315 1448 5357 tua
1474 5303 1640 5373 (Psal.
1685 5307 1771 5359 49.
1803 5305 1914 5374 21).
1943 5307 2091 5373 Quod

548 5397 594 5450 si
631 5411 689 5450 re
716 5395 947 5448 nondum
975 5403 1249 5462 praesente,
1283 5395 1374 5448 sed
1417 5404 1614 5448 tantum
1655 5396 1942 5463 supposita,
1975 5411 2088 5450 ser-

551 5499 810 5555 moneque
850 5485 1132 5552 descripta,
1181 5485 1501 5537 conscientia
1545 5493 1763 5553 urgente
1799 5485 2089 5551 obruimur,

552 5575 672 5644 qmd
713 5573 963 5628 faciemus
1005 5587 1121 5626 cum
1154 5583 1356 5640 tempus
1403 5572 1589 5637 aderit,
1622 5588 1739 5625 cum
1787 5582 1922 5627 totus
1952 5574 2094 5629 orbis

554 5677 784 5733 prmscus
821 5661 942 5724 crit,
967 5675 1085 5714 cum
1111 5659 1277 5729 angeli
1308 5668 1361 5713 et
1398 5658 1720 5726 archangeli,
1747 5675 1864 5712 cum
1897 5666 2087 5730 princi-

1248 395 1305 450 S.
1340 391 1608 448 JOANNIS
1642 385 2103 447 CIIRYSOSTOMI
2141 385 2452 442 ARClIlEP.
2492 385 3014 444 CONSTANTINOP.

3594 407 3703 461 284

2157 504 2306 562 palus
2349 504 2401 550 et
2435 506 2741 565 potestates,
2787 514 2904 554 cum
2936 503 3072 556 tuba:
3115 501 3409 570 frequentes
3438 501 3697 570 clangent.

2152 601 2271 639 cum
2289 587 2413 655 justi
2441 589 2709 656 rapientur
2735 590 2785 644 in
2813 592 3064 659 nubibus,
3094 602 3145 647 et
3172 593 3352 658 ingens
3378 593 3479 644 erit
3506 606 3696 660 pecca-

2153 687 2321 731 torum
2353 678 2548 732 ilctus?
2575 680 2702 746 Quis
2733 689 2852 736 tunc
2889 692 3058 736 terror
3100 681 3458 750 apprehendet
3498 695 3592 735 eos
3616 682 3704 749 qui

2154 766 2207 818 in
2239 777 2374 820 terra
2414 769 2729 823 manebunt?
2776 769 2906 824 Nam
2956 770 3105 838 Una,
3153 772 3337 839 inquit,
3372 771 3618 838 rapietur,
3659 780 3706 821 et

2156 872 2253 908 una
2289 857 2590 926 relinquetur
2617 874 2634 911 :
2659 875 2786 912 unus
2824 870 3120 926 assumatur,
3163 870 3208 914 et
3235 875 3364 912 unus
3403 860 3709 928 relinquetur

2156 945 2366 1013 (Matth.
2407 946 2495 1000 ει.
2521 946 2629 1014 40).
2657 947 2772 1013 Quo
2800 956 2953 1001 erunt
2978 947 3053 1001 illi
3084 949 3278 1010 animo,
3321 947 3530 1015 quando
3555 945 3706 999 videt

2156 1035 2282 1087 bunt
2311 1035 2428 1088 illos
2471 1049 2659 1104 magno
2695 1049 2812 1088 cum
2854 1035 3051 1090 honore
3079 1035 3294 1100 assumi,
3327 1050 3384 1090 se
3422 1051 3552 1089 vero
3585 1049 3706 1089 cum

2157 1120 2316 1174 multa
2341 1121 2658 1188 turpitudine
2681 1123 2940 1191 relinqui?
2965 1123 3076 1176 Non
3101 1130 3289 1191 potest,
3313 1137 3440 1188 non,
3469 1124 3707 1190 inquam,

2160 1217 2351 1276 potest,
2385 1209 2584 1263 credite
2611 1209 2758 1272 mihi,
2799 1210 2961 1264 verbo
2990 1211 3242 1264 declarari
3279 1211 3475 1264 doloris
3499 1211 3709 1280 magni-

2159 1296 2301 1351 tudo.
2331 1297 2547 1351 Vidistis
2575 1313 2715 1367 sazpe
2743 1314 2833 1353 eos
2863 1300 2950 1368 qui
2979 1300 3044 1353 ad
3084 1310 3306 1354 mortem
3336 1299 3712 1353 adducuntur?

2158 1386 2272 1451 Quo
2295 1386 2412 1439 illos
2436 1386 2611 1441 animo
2640 1388 2831 1456 putatis
2851 1402 2968 1441 esse
2994 1387 3114 1440 dum
3138 1387 3200 1440 ad
3225 1389 3414 1442 ostium
3444 1389 3712 1456 pergunt?

2158 1475 2289 1543 Quid
2318 1493 2418 1530 non
2448 1492 2623 1546 agere,
2666 1477 2787 1546 quid
2830 1493 2930 1531 non
2959 1479 3061 1546 pati
3091 1487 3351 1546 Optarent,
3396 1488 3454 1531 ut
3495 1495 3524 1532 a
3568 1489 3711 1532 tanta

2160 1566 2382 1634 caligine
2415 1567 2776 1634 eriperentur?
2815 1567 2997 1620 Audivi
3033 1582 3129 1636 ego
3169 1568 3361 1620 multos
3385 1582 3567 1621 eorum
3597 1569 3711 1635 qui,

2162 1665 2434 1724 postquam
2479 1654 2686 1708 abducti
2735 1654 2959 1717 fuerant,
3004 1654 3380 1725 imperatorum
3429 1657 3711 1710 clementia

2163 1745 2412 1809 revocati,
2444 1745 2681 1800 dicerent
2718 1761 2775 1800 se
2813 1747 2987 1799 animo
3025 1748 3091 1799 ita
3122 1746 3447 1814 perturbato,
3480 1745 3551 1798 ita
3592 1760 3718 1813 per-

2162 1835 2309 1888 culso
2348 1833 2528 1900 fuisse,
2557 1842 2612 1888 ut
2652 1849 2822 1902 neque
2860 1835 3100 1889 homines
3124 1836 3268 1903 quasi
3300 1835 3540 1889 homines
3568 1833 3718 1890 vide-

2165 1932 2304 1978 rent.
2350 1924 2540 1978 Verum
2571 1923 2692 1992 quid
2719 1923 2784 1978 de
2815 1924 3053 1977 abductis
3080 1924 3302 1993 loquor?
3327 1923 3718 1979 Circumstabat

2166 2015 2442 2070 multitudo
2487 2015 2754 2068 hominum
2801 2029 3021 2083 quorum
3067 2029 3250 2084 magna
3293 2028 3414 2084 pars
3460 2015 3722 2069 abductos

2167 2119 2270 2157 non
2297 2112 2529 2157 noverat.
2558 2103 2743 2173 Siquis
2767 2104 3088 2172 singulorum
3129 2106 3332 2157 animos
3360 2103 3710 2171 explorasset,

2169 2196 2365 2250 nullum
2393 2196 2674 2264 reperisset
2704 2204 2806 2248 tam
2849 2196 3150 2258 immanem,
3183 2202 3287 2247 tam
3317 2195 3566 2259 ferocem,
3611 2204 3721 2247 tam

2169 2294 2433 2337 strenuum
2447 2283 2530 2352 qui
2554 2299 2655 2352 pra:
2671 2292 2870 2338 terrore
2885 2292 2937 2337 et
2952 2298 3164 2352 angore,
3181 2298 3281 2337 non
3300 2284 3528 2337 demisso
3542 2283 3725 2336 animo

2170 2381 2326 2425 esset.
2349 2371 2499 2438 Quod
2534 2373 2576 2425 si
2598 2371 2720 2425 dum
2743 2372 2852 2437 alii,
2877 2371 3001 2440 ipsis
3021 2372 3160 2425 nullo
3177 2371 3580 2425 necessitudinis
3607 2371 3727 2424 viu-

2171 2460 2292 2513 culo
2340 2461 2526 2527 juncti,
2588 2467 2756 2514 morte
2809 2460 3167 2525 mulctantur,
3222 2461 3290 2512 ita
3337 2459 3507 2514 affecti
3563 2470 3724 2523 sunt;

2171 2547 2378 2617 quando
2400 2563 2496 2601 nos
2516 2549 2563 2601 in
2586 2548 2819 2615 graviora
2847 2547 3153 2612 incidemus,
3179 2563 3283 2616 quo
3305 2547 3501 2600 erimus
3520 2549 3725 2609 animo,

2173 2653 2201 2690 a
2228 2637 2418 2706 gaudio
2441 2637 2529 2689 illo
2557 2636 2802 2690 ineﬂ‘abili
2825 2636 2997 2705 ejecti,
3027 2636 3151 2690 etin
3173 2637 3549 2704 sempiternum
3579 2637 3727 2690 missi

2175 2725 2520 2792 supplicium?
2549 2724 2754 2777 Etenim
2802 2724 3005 2778 etiamsi
3036 2725 3175 2777 nulla
3216 2733 3357 2779 esset
3393 2729 3661 2793 geltenna,
3696 2739 3726 2775 a

2178 2822 2324 2868 tanto
2357 2813 2636 2881 splendore
2664 2812 2802 2881 ejici,
2835 2821 2884 2866 et
2913 2814 3024 2866 sine
3053 2812 3251 2866 honore
3277 2813 3731 2880 recederc,quan-

2180 2911 2287 2953 tum
2317 2909 2456 2955 esset
2478 2901 2816 2968 supplicium!
2846 2900 2972 2954 Nam
2996 2902 3037 2953 si
3067 2901 3324 2969 hodieque
3351 2901 3732 2969 imperatorem

2181 2990 2562 3061 ingredientem
2592 2990 2738 3044 multi
2765 2999 3058 3054 cernentes,
3086 3005 3342 3058 suamque
3367 2999 3735 3058 paupertatem

2179 3080 2592 3146 considerantes,
2626 3095 2730 3133 non
2773 3087 2965 3132 tantam
2999 3080 3287 3148 percipiunt
3311 3094 3372 3133 ex
3402 3078 3501 3132 hoc
3526 3089 3736 3147 specta-

2181 3168 2300 3223 culo
2345 3168 2685 3237 voluptatem,
2728 3179 2977 3236 quantum
3017 3182 3298 3222 maerorem
3348 3183 3411 3222 ex
3457 3183 3543 3233 eo,
3593 3168 3737 3236 quod

2183 3257 2375 3310 nullius
2407 3257 2594 3310 horum
2633 3255 2738 3310 sint
2777 3266 3050 3310 consortes
3078 3256 3359 3321 bonorum,
3389 3271 3560 3322 neque
3597 3257 3738 3309 inter

2185 3346 2402 3398 clientes
2450 3345 2753 3413 imperantis
2781 3354 3249 3407 conntunereutur,
3277 3344 3397 3411 quid
3439 3353 3564 3397 tunc
3593 3345 3741 3397 erit?

2185 3433 2316 3487 Num
2348 3448 2562 3501 parvum
2605 3449 2724 3488 esse
2755 3435 2950 3502 putatis
2984 3433 3298 3501 supplicium
3338 3434 3388 3485 in
3425 3433 3593 3485 choro
3645 3435 3742 3487 illo

2188 3539 2290 3576 non
2321 3525 2626 3578 acccnseri?
2656 3524 2897 3578 ineffabili
2926 3524 3089 3593 gloria
3131 3539 3232 3578 uon
3264 3523 3508 3592 dignari?
3554 3523 3622 3576 ab
3649 3524 3742 3575 illo

2189 3625 2326 3667 coetu
2367 3623 2419 3668 et
2445 3613 2879 3667 iuenarrabilibus
2909 3613 3058 3667 bonis
3097 3612 3276 3682 procul
3297 3612 3489 3678 abjici?
3512 3613 3584 3665 At
3620 3627 3743 3665 cum

2190 3715 2381 3772 praeter
2411 3706 2520 3758 hac
2544 3713 2697 3758 erunt
2728 3702 2980 3768 tenebrae,
3024 3703 3217 3756 stridor
3246 3702 3502 3768 dentium,
3532 3703 3744 3756 vincula

2192 3795 2509 3858 insolubilia,
2540 3794 2735 3847 vermis
2774 3793 2862 3863 qui
2905 3808 3011 3847 non
3056 3793 3299 3860 moritur,
3349 3793 3482 3862 ignis
3513 3794 3604 3861 qui
3637 3808 3745 3846 non

2193 3885 2559 3950 exstinguitur,
2604 3883 2762 3936 animi
2813 3898 3026 3949 maeror,
3069 3884 3306 3952 angustia
3340 3923 3356 3949 ,
3412 3883 3604 3951 lingua:
3647 3883 3747 3936 ad-

2194 3983 2414 4038 ustaz,ut
2436 3974 2519 4026 illa
2547 3971 2738 4036 divitis,
2763 3987 2880 4026 cum
2908 3971 3245 4040 plorabimus,
3268 3981 3320 4026 et
3341 3986 3496 4026 nemo
3524 3973 3627 4026 erit
3656 3973 3746 4040 qui

2194 4061 2388 4123 audiat,
2420 4076 2537 4116 cum
2582 4061 2992 4131 ingemiscemus
3033 4070 3087 4115 et
3127 4061 3408 4117 fremcmus
3448 4077 3514 4114 ex
3543 4060 3749 4118 dolori-

2197 4151 2310 4214 bus,
2337 4159 2389 4204 et
2414 4165 2569 4205 nemo
2588 4149 2844 4216 attendct,
2868 4151 3098 4220 undique
3125 4151 3485 4218 reapiciemus,
3513 4156 3570 4202 et
3593 4163 3750 4202 nemo

2195 4237 2362 4292 aderit
2388 4239 2476 4306 qui
2507 4239 2811 4292 consoletur
2841 4255 2854 4292 :
2887 4254 2991 4308 quo
3020 4240 3073 4292 in
3104 4239 3290 4292 ordine
3316 4237 3608 4291 locabimus
3633 4252 3750 4301 eos,

2195 4327 2283 4394 qui
2314 4327 2367 4378 in
2408 4327 2706 4393 hujusmodi
2743 4335 2883 4380 statu
2930 4326 3243 4380 versantur?
3288 4324 3411 4393 qttid
3443 4324 3752 4393 hujusmodi

2197 4416 2469 4469 animabus
2492 4415 2878 4469 miserabilius?

2267 4507 2319 4560 5.
2359 4507 2411 4559 Si
2452 4520 2606 4573 porro
2640 4506 2694 4559 in
2735 4519 2971 4559 carceres
3021 4505 3235 4574 ingressi
3261 4545 3276 4570 ,
3307 4503 3428 4557 dum
3477 4500 3755 4572 squalidos

2199 4594 2314 4647 illos
2354 4593 2587 4646 videmus
2609 4632 2623 4657 ,
2651 4593 2740 4661 qui
2784 4593 2982 4645 catenis
3030 4591 3213 4646 ferreis
3241 4591 3397 4644 vincti
3427 4601 3579 4653 sunt,
3620 4592 3755 4645 alios

2199 4696 2323 4735 vero
2347 4681 2396 4734 in
2427 4681 2657 4735 tenebris
2683 4679 2990 4742 conclusos,
3021 4678 3323 4747 frangimur,
3356 4677 3717 4731 horrescimus
3738 4720 3752 4741 ,

2200 4769 2431 4837 nihilque
2454 4785 2560 4822 non
2590 4768 2792 4837 agimus
2818 4783 2883 4820 ne
2922 4768 2974 4820 in
2999 4776 3196 4820 tantam
3226 4767 3573 4820 calamitatem
3618 4767 3755 4818 inci-

2200 4856 2413 4910 damus:
2438 4871 2556 4909 cum
2586 4855 2905 4910 abducemur
2926 4856 3080 4907 vincti
3109 4855 3158 4907 in
3183 4855 3438 4922 gehennae
3465 4863 3754 4917 tormenta,

2200 4960 2304 5014 quo
2347 4945 2545 5000 erimus
2598 4944 2816 4996 animo?
2843 4943 2965 5011 quid
3021 4942 3302 4995 faciemus?
3346 4941 3459 4995 Non
3506 4943 3650 4996 enim
3689 4956 3755 4993 ex

2201 5035 2343 5089 ferro
2382 5049 2505 5088 eusa
2546 5043 2668 5087 sunt
2713 5033 2797 5085 illa
2823 5033 3050 5096 vincula,
3074 5032 3165 5085 sed
3195 5046 3258 5087 ex
3292 5032 3428 5099 igne,
3454 5031 3543 5098 qui
3590 5045 3753 5083 num-

2201 5139 2354 5192 quam
2381 5122 2760 5191 exstinguitur,
2798 5135 2895 5174 nec
2932 5121 3156 5189 aequales
3197 5120 3347 5173 nobis
3372 5131 3492 5174 sunt
3522 5121 3632 5183 illi,
3665 5119 3754 5187 qui

2202 5213 2351 5267 nobis
2369 5208 2906 5277 praeﬁciuntur,quos
2935 5223 3074 5275 saepe
3108 5208 3409 5262 demulcere
3445 5209 3618 5272 liceat,
3659 5206 3755 5260 sed

2201 5301 2373 5368 angeli
2405 5297 2664 5352 terribiles
2692 5306 2746 5351 et
2791 5297 3226 5351 immisericordes
3249 5338 3265 5363 ,
3305 5311 3438 5366 quos
3476 5312 3542 5350 ne
3585 5297 3758 5364 respi-

2201 5404 2320 5444 cere
2364 5388 2570 5457 quidem
2618 5386 2895 5453 possimus.
2936 5387 3126 5455 quique
3171 5387 3239 5440 ob
3282 5385 3655 5440 contumeliam
3702 5387 3752 5438 in

2203 5480 2480 5533 Dominum
2510 5475 3154 5544 i-rrogatam,vehementer
3171 5477 3408 5530 saeviunt.
3439 5474 3552 5527 Non
3575 5475 3755 5528 videre

2201 5579 2303 5630 est,
2335 5580 2390 5621 ut
2429 5567 2530 5627 hic,
2559 5565 2686 5617 alios
2716 5575 2950 5634 argento,
2991 5566 3121 5618 alios
3147 5566 3284 5626 cibo,
3315 5564 3447 5616 alios
3492 5563 3708 5616 suadela
3731 5602 3749 5626 ,

2206 5663 2300 5714 sibi
2333 5657 2740 5712 consolationem
2790 5671 2971 5725 parare
2993 5695 3008 5721 ,
3039 5655 3131 5710 sed
3178 5655 3351 5708 omnia
3391 5656 3458 5708 ibi
3486 5655 3638 5710 vela
3664 5668 3750 5709 ca-
