3990 6460
292 460 409 516 283

296 562 523 632 πατέρες
555 565 755 626 παισὶν,
794 563 915 616 οὔτε
944 564 1243 619 διδάσκαλοι
1272 565 1555 635 μαθηταῖς,
1588 564 1709 617 οὔτε
1735 564 1927 633 άρχον-

290 662 382 709 τες
404 649 737 717 ἀρχομένοις,
760 648 891 701 ἀλλά
911 651 1093 720 πικροὶ
1107 651 1213 703 τῶν
1226 652 1633 720 τετολμημένων
1652 651 1931 714 ἐξετασταὶ

287 732 386 785 καὶ
410 734 634 802 τιμωροὶ
662 735 935 802 γινόμεθα,
970 737 1063 789 καὶ
1085 736 1403 807 δικαστήρια
1425 737 1925 805 καταλαμϐάνομεν,

288 819 387 871 καὶ
432 819 661 886 πληγαῖς
704 820 1091 891 ὑποϐάλλομεν,
1127 823 1216 874 καὶ
1256 824 1599 892 ὲπιτιμήσεσι
1651 822 1925 892 χρώμεθα,

287 903 387 955 καὶ
422 903 597 955 πάντα
633 905 970 974 πράττομεν,
1008 908 1153 969 ὅπως
1177 907 1567 975 ἀπαλλάξωμεν
1605 909 1796 968 αὐτοὺς
1821 908 1927 959 τῶν

288 988 494 1042 κακῶν.
520 991 641 1052 Τοῖς
673 991 729 1042 δὲ
767 992 921 1044 παισλ⁸
966 994 1076 1052 τοῖς
1107 995 1391 1063 ἡμετέροις
1435 995 1527 1046 καὶ
1554 994 1927 1061 παιδαγωγοὺς

286 1075 617 1143 ἐφιστῶμεν,
648 1077 741 1128 καλ⁵
771 1080 849 1139 εἱς
880 1077 1224 1140 διδασκάλους
1252 1080 1557 1149 πέμπομεν,
1585 1080 1677 1131 καὶ
1705 1081 1928 1143 ἀπειλὰς

286 1160 667 1229 προστίθεμεν,
695 1163 787 1214 καὶ
810 1162 1078 1231 μάστιγας
1096 1164 1422 1233 ἐπιτίθεμεν,
1460 1166 1549 1217 καὶ
1576 1166 1741 1218 πολλά
1769 1166 1927 1235 ἕτερα

288 1245 611 1313 βοηθήματα
649 1248 1011 1316 προσάγομεν,
1050 1249 1135 1301 ἵνα
1179 1250 1332 1302 καλοὶ
1381 1252 1659 1318 γένωνται.
1714 1252 1809 1313 Τίς
1836 1250 1927 1306 οὖν

285 1329 446 1398 χρεία
480 1329 654 1382 πόνων
690 1332 783 1383 καὶ
812 1332 1043 1400 ἱδρώτων
1083 1334 1218 1404 πρὸς
1260 1335 1319 1386 τὸ
1353 1336 1646 1405 κατορθοῦν
1687 1338 1924 1407 ἀρετήν;

287 1413 355 1465 EE
388 1414 495 1480 γὰρ
527 1414 781 1484 εἵμαρται
827 1432 931 1469 τινι
974 1417 1224 1483 γενέσθαι
1271 1420 1449 1481 καλὸν,
1481 1421 1573 1473 καὶ¹
1602 1421 1871 1474 καθεύδων
1898 1424 1928 1475 ό

286 1496 527 1559 τοιοῦτος
553 1500 645 1550 καὶ
677 1500 885 1568 ρἐχων
913 1500 1064 1555 ἔσται
1089 1503 1270 1566 καλός
1306 1506 1501 1573 μᾶλλον
1530 1505 1586 1558 δὲ
1615 1507 1735 1558 οὐδὲ
1765 1506 1925 1559 καλὸν

284 1582 381 1633 τὸν
412 1582 644 1635 τοιοῦτον
696 1582 837 1636 ἐστιν
879 1586 1079 1648 εἰπεῖν,
1125 1589 1214 1639 τὸν
1243 1588 1300 1653 ἐξ
1329 1590 1569 1659 ἀνάγκης
1598 1592 1753 1643 τοῦτο
1780 1593 1926 1657 γινό-

291 1683 471 1735 μενον.
509 1668 603 1729 Τίς
627 1667 781 1737 χρεία
827 1670 999 1723 πόνων
1036 1672 1128 1723 καὶ
1156 1672 1388 1741 ἱδρώτων
1431 1675 1566 1744 πρὸς
1605 1675 1665 1728 τὸ
1708 1677 1926 1743 φεύγειν

287 1748 512 1817 κακίαν;
544 1754 605 1805 Et
625 1756 729 1822 γάρ
744 1755 994 1825 εἵμαρται
1018 1774 1120 1809 τινι
1139 1760 1384 1825 γενέσθαι
1416 1762 1599 1825 κακὸν,
1634 1762 1735 1815 κάν
1762 1762 1927 1831 μυρία

285 1837 635 1906 ταλαιπωρῇ,
685 1840 850 1901 κακὸς
901 1840 1049 1894 ἔσται
1076 1858 1089 1872 ·
1148 1843 1344 1912 μᾶλλον
1379 1845 1435 1897 δὲ
1480 1846 1597 1899 οὐδὲ
1629 1846 1794 1900 κακὸν
1836 1847 1925 1900 τὸν

288 1922 525 1974 τοιοῦτον
570 1921 715 1976 ἐστιν
769 1927 970 1988 εἰπεῖν,
1024 1928 1115 1981 τὸν
1168 1929 1256 1981 ὑπ’
1304 1930 1543 2002 ἀνάγκης
1592 1932 1723 2003 πρὸς
1770 1933 1923 1986 τοῦτο

286 2007 611 2091 ὠθούμενον.
650 2011 857 2082 Ὥσπερ
889 2013 996 2082 γάρ
1038 2018 1127 2067 τὸν
1156 2016 1521 2086 δαιμονῶντα,
1552 2019 1653 2073 κᾶν
1692 2021 1922 2091 λοιδορῇ,

288 2090 390 2142 κᾶν
410 2091 585 2162 τύπτῃ
605 2094 785 2161 (πάλιν
815 2099 920 2167 γὰρ
941 2098 1015 2168 τῷ
1031 2100 1175 2170 αὐτῷ
1196 2102 1465 2173 κέχρημαι
1486 2090 1922 2175 παραδείγματι).

285 2178 350 2231 ού
384 2181 752 2249 προσεροῦμεν
784 2184 1057 2255 ὑδριστήν·
1087 2188 1144 2238 ού
1176 2189 1281 2259 γὰρ
1312 2190 1455 2260 αὑτῷ
1486 2192 1803 2260 λογιζόμεθα
1829 2195 1924 2262 τὴν

285 2265 572 2336 λοιδορίαν,
612 2267 743 2319 ἀλλά
772 2273 835 2338 τῇ
866 2271 1075 2341 ἀνάγκῃ
1111 2274 1203 2325 τοῦ
1245 2274 1507 2343 δαίμονος·
1540 2276 1679 2330 οὕτω
1716 2279 1807 2331 καὶ
1834 2279 1923 2331 τὸν

288 2351 476 2414 κακὸν,
510 2353 556 2404 εἱ
588 2352 689 2404 ὑπὸ
718 2354 815 2421 τῆς
846 2356 1180 2426 εἱμαρμένης
1213 2359 1430 2413 ὠθεῖται
1470 2363 1603 2430 πρὸς
1632 2363 1805 2425 τοῦτο,
1850 2364 1922 2434 μὴ

287 2435 539 2504 καλῶμεν
573 2437 732 2488 αὑτὸν
780 2440 976 2501 κακὸν,
1008 2441 1191 2511 ὥσπερ
1238 2446 1356 2497 οὐδὲ
1398 2446 1486 2497 τὸν
1534 2448 1691 2498 καλὸν
1741 2448 1920 2501 καλόν.

289 2519 401 2571 Καὶ
422 2522 525 2589 γὰρ
563 2522 611 2572 εί
634 2523 788 2573 τοῦτο
814 2523 987 2593 δοθείη
1012 2564 1026 2585 ,
1083 2527 1255 2579 πάντα
1290 2531 1681 2599 συγχυθήσεται
1715 2533 1781 2584 τὰ
1805 2532 1923 2584 καθ’

298 2605 456 2670 ἡμᾶς,
489 2608 580 2657 καὶ¹
614 2606 734 2658 οὔτε
765 2610 927 2678 ἀρετὴ
960 2610 1107 2663 ἔσται
1150 2629 1229 2678 τι,
1261 2613 1381 2666 οὔτε
1424 2617 1605 2676 κακία,
1631 2618 1688 2668 ού
1720 2618 1918 2685 τέχναι,

289 2688 350 2739 οὐ
379 2690 549 2757 νόμοι,
585 2691 682 2741 οὐκ
710 2692 833 2744 ἄλλο
878 2693 981 2745 τῶν
1009 2696 1256 2749 τοιούτων
1288 2700 1453 2754 οὐδέν.
1492 2702 1644 2760 Τίνος
1669 2703 1723 2753 δὲ
1747 2703 1922 2753 ἕνεκεν

290 2773 523 2842 σπουδὴν
555 2775 750 2844 πολλὴν
778 2780 1069 2847 ποιούμεθα
1106 2781 1397 2846 νοσοῦντες,
1427 2786 1519 2836 καὶ
1546 2788 1794 2856 χρήματα
1834 2788 1923 2839 δα-

287 2860 567 2927 πανῶμεν,
602 2864 693 2913 καὶ
740 2863 951 2932 ἱατροὺς
990 2866 1274 2937 καλοῦμεν,
1326 2871 1415 2922 καὶ
1455 2880 1715 2941 φάρμακα
1754 2874 1922 2924 ἐπιτί-

288 2943 471 3012 θεμεν,
494 2946 586 2997 καὶ
603 2948 831 3017 γαστρὸς
851 2952 1162 3020 κατέχομεν,
1181 2956 1272 3005 καὶ
1294 2956 1580 3023 ἐπιθυμίαν
1597 2957 1887 3026 κολάζομεν
1904 2976 1918 3023 ;

288 3030 355 3082 EE
381 3030 484 3099 γὰρ
512 3032 608 3100 τῆς
646 3034 979 3105 εἱμαρμένης
1008 3038 1231 3107 ῆρτηται
1264 3042 1357 3092 καὶ
1404 3042 1579 3108 ὑγίεια
1610 3044 1700 3094 καὶ
1741 3044 1918 3107 νόσος,

287 3115 515 3183 περιττά
568 3116 674 3169 τῶν
720 3120 1012 3188 χρημάτων
1054 3123 1121 3174 τά
1165 3123 1521 3193 ἀναλώματα,
1564 3128 1785 3197 περιττὴ
1815 3130 1921 3181 τῶν

290 3200 487 3267 ἰατρῶν
521 3203 551 3269 ή
594 3202 821 3267 εἴσοδος,
864 3208 1085 3273 περιττὴ
1116 3208 1211 3277 τῆς
1243 3208 1349 3260 τῶν
1390 3212 1679 3263 νοσούντων
1719 3213 1921 3283 διαίτης

287 3285 323 3343 ἠ
359 3285 625 3353 ἀκρίόεια.
657 3287 767 3339 Νῦν
788 3288 843 3340 δὲ
878 3291 1012 3357 μετά
1050 3291 1152 3344 τῶν
1182 3293 1352 3345 ἄλλων
1382 3296 1474 3347 καὶ
1508 3299 1569 3347 ὲκ
1596 3297 1797 3349 τούτων
1828 3299 1920 3368 δη-

285 3369 504 3437 λοῦμεν,
535 3372 615 3423 ὅτι
649 3373 795 3425 οὐδὲν
843 3375 1017 3428 αὐτῶν
1056 3379 1301 3445 περιττόν
1350 3382 1515 3435 ἐστιν.
1553 3382 1689 3435 Ἀλλ’
1721 3388 1919 3455 οἴχεται

290 3455 389 3541 μὲν
426 3454 572 3524 ὁτῆς
621 3460 950 3541 εἱμαρμένης
992 3460 1173 3529 μῦθος·
1212 3464 1433 3535 οὐδεμιᾷ
1470 3466 1575 3537 γὰρ
1613 3454 1820 3541 ἀνάγκη
1855 3477 1921 3527 τὰ

284 3540 410 3592 καθ’
442 3544 588 3611 ἡμᾶς
616 3536 912 3631 ὑπόκειται·
953 3548 1126 3600 πάντα
1158 3548 1231 3613 δὲ,
1264 3549 1442 3613 καθὼς
1469 3536 1622 3623 ἔφην,
1647 3536 1923 3631 ἐλευθερία

284 3628 570 3696 τετίμηται
600 3630 986 3699 προαιρέσεως.

355 3772 414 3823 δ’.
439 3771 599 3823 Ταῦτ’
628 3770 717 3826 οῦν
734 3775 947 3838 εἱδότες,
975 3778 1263 3845 ἀγαπητοὶ,
1287 3781 1379 3832 καὶ
1403 3782 1468 3834 τά
1484 3784 1682 3837 τούτων
1703 3787 1921 3839 πλείονα

288 3851 480 3920 (πολλὰ
526 3855 632 3922 ¹γὰρ
678 3856 786 3906 ἐστι
826 3857 917 3908 καὶ
959 3858 1089 3910 ἄλλα
1124 3862 1249 3928 περὶ
1289 3861 1491 3914 τούτων
1538 3866 1743 3927 εἰπεῖν,
1789 3868 1920 3920 ἀλλά

283 3941 397 3999 τοῖς
456 3939 831 4009 συνετωτέροις
882 3943 1040 4011 ἀρκεῖ
1092 3945 1317 4014 ταῦτα),
1368 3948 1623 4019 φύγωμεν
1686 3954 1917 4016 κακίαν,

285 4021 533 4090 ἑλώμεθα
577 4025 805 4093 ἀρετὴν,
843 4026 926 4079 ἵνα
973 4027 1229 4098 δείξωμεν
1278 4032 1363 4084 διά
1407 4033 1513 4086 τῶν
1550 4038 1917 4106 πραγμάτων,

284 4110 367 4160 ὅτι
399 4108 735 4171 αὐτεξούσιον
761 4110 953 4179 ἔχομεν
979 4115 1111 4183 πρὸς
1142 4116 1209 4166 τά
1252 4116 1504 4171 δοκοῦντα
1543 4122 1641 4189 τὴν
1678 4123 1917 4193 γνώμην,

286 4194 371 4245 ἵνα
416 4195 489 4263 μὴ
537 4195 1010 4265 καταισχυνθῶμεν
1057 4200 1113 4250 ὲν
1148 4204 1213 4269 τῇ
1252 4203 1431 4271 ἡμέρᾳ
1469 4208 1565 4272 τῆς
1606 4207 1709 4258 τῶν
1746 4207 1919 4275 ἔργων

283 4279 689 4345 ἀποκαλύψεως.
731 4280 873 4343 Τοὺς
909 4282 1015 4349 γὰρ
1061 4296 1282 4348 πάντας
1327 4286 1482 4353 ἡμᾶς
1517 4292 1919 4358 φανερωθῆναι

282 4362 379 4415 δεῖ
400 4362 734 4429 ἔμπροσθεν
763 4364 864 4416 τοῦ
886 4364 1153 4433 ,βήματος
1178 4368 1281 4421 τοῦ
1312 4371 1582 4435 Χριστοῦ,
1609 4372 1786 4433 καθώς
1821 4391 1920 4441 φη-

287 4465 371 4499 σιν
401 4450 428 4500 ό
468 4448 695 4512 Παῦλος,
744 4450 844 4501 ἵνα
878 4453 1189 4518 κομίσηται
1227 4454 1478 4519 ἕκαστος
1513 4459 1660 4521 πρὸς
1704 4458 1741 4509 ἁ
1773 4458 1915 4529 [292]

284 4537 565 4603 ἔπραξεν,
619 4539 736 4590 εἴτε
763 4540 1003 4606 ἀγαθὸν,
1037 4542 1155 4594 εἴτε
1196 4547 1399 4597 κακόν.
1432 4546 1711 4614 Λάὸωμεν,
1742 4565 1917 4617 παραυ

284 4624 454 4681 καλῶ,
496 4624 635 4676 κατά
676 4624 796 4676 νοῦν
828 4618 997 4677 ἐκεῖνο
1039 4627 1098 4677 τὸ
1137 4628 1510 4697 δικαστήριον,
1556 4635 1645 4684 καὶ
1694 4636 1919 4701 νομίσωτ

286 4722 386 4768 μεν
415 4706 543 4757 αὐτὸ
576 4710 818 4775 παρεῖναι
846 4707 937 4759 νῦν
957 4746 972 4769 ,
1000 4708 1090 4759 καὶ
1121 4709 1210 4759 τὸν
1242 4712 1427 4779 κριτὴν
1455 4713 1766 4774 καθέζεσθαι
1791 4754 1805 4778 ,
1830 4719 1919 4768 καὶ

284 4789 355 4841 τά
393 4790 567 4841 πάντα
599 4792 1077 4856 ἀνακαλύπτεσθαι,
1120 4794 1211 4845 καὶ
1247 4797 1325 4855 είς
1369 4797 1527 4863 μέσον
1568 4799 1808 4863 ἄγεσθαι.
1846 4804 1918 4854 Οὐ

283 4875 393 4943 γάρ
419 4875 598 4935 ἁπλῶς
622 4878 956 4945 παραστῆναι
974 4878 1071 4942 δεῖ,
1094 4880 1227 4931 ἀλλά
1250 4881 1338 4931 καὶ
1364 4882 1733 4951 φανερωθῆναι
1757 4888 1917 4954 ἡμᾶς.

285 4957 430 5030 Ἆρα
456 4962 552 5012 οὐκ
581 4962 963 5031 ἠρυθριάσατες
1001 4960 1105 5032 ἆρα
1136 4966 1235 5017 οὐκ
1266 4966 1545 5033 ὲφρίξατε;
1586 4964 1689 5036 ἆρα
1714 4973 1807 5038 οὐχ
1834 4975 1920 5023 αἱ-

286 5045 521 5115 ρούμεθα
562 5047 814 5108 πολλάκις
857 5049 1171 5113 ἀποθανεῖν,
1224 5050 1255 5117 ἢ
1296 5052 1384 5102 ἐπὶ
1432 5054 1596 5117 φίλων
1639 5056 1919 5124 αἱδεσίμων

282 5135 525 5198 πταῖσμα
548 5132 783 5199 κρυπτὸν
812 5133 842 5199 ή
853 5132 963 5199 μῶν
992 5135 1389 5203 φανερωθῆναι;
1416 5138 1535 5198 Πῶς
1558 5134 1646 5189 οὖν
1672 5140 1787 5189 τότε
1809 5141 1919 5191 δια-

284 5216 590 5282 κεισόμεθα,
626 5217 711 5266 ἐπὶ
744 5216 953 5266 πάντων
982 5218 1219 5283 ἀγγέλων
1256 5222 1347 5270 καὶ
1383 5222 1590 5273 πάντων
1625 5224 1919 5292 ἀνθρώπων

285 5302 698 5369 φανερουμένων
735 5301 839 5351 τῶν
882 5302 1157 5368 ἡμετέρων
1205 5305 1630 5373 ἁμαρτημάτων,
1682 5310 1770 5359 καὶ
1818 5312 1920 5379 πρὸ

282 5384 392 5436 τῶν
444 5384 728 5451 ὀφθαλμῶν
782 5385 933 5452 ήμῶν
990 5386 1315 5453 ἱσταμένωνς
1378 5390 1631 5456 Ἐλέγξω
1672 5410 1743 5444 σε
1783 5396 1917 5463 γὰρ,

286 5471 452 5537 φησὶ,
520 5470 614 5521 καί
671 5470 1031 5536 παραστήσω
1100 5471 1245 5522 κατὰ
1293 5475 1607 5538 πρόσωπόν
1655 5494 1767 5529 σου
1819 5482 1921 5543 τὰς

284 5554 566 5621 ἁμαρτίας
608 5571 740 5606 σου.
786 5555 845 5605 Et
884 5555 936 5605 δὲ
970 5554 1130 5621 μήπω
1152 5554 1242 5605 τοῦ
1277 5558 1589 5625 πράγματος
1634 5563 1917 5628 παρόντος,

285 5640 419 5691 ἀλλά
464 5640 581 5690 καθ’
618 5641 864 5691 ὑπόθεσιν
904 5640 1169 5700 δοθέντος,
1216 5642 1305 5692 καὶ
1343 5643 1479 5711 λόγῳ
1520 5646 1917 5715 διαγραφέντος,

287 5726 628 5793 ἀπολλύμεθα
676 5726 778 5777 ὑπὸ
825 5727 913 5777 τοῦ
974 5726 1297 5787 συνειδότος,
1350 5729 1399 5777 τί
1447 5734 1736 5799 ποιήσομεν
1794 5734 1915 5785 ὅταν

1509 450 1592 506 DE
1635 447 1990 504 PERFECTA
2028 448 2390 505 CARITATE.

3557 466 3668 523 284

2031 564 2424 633 παραγένηται,
2488 564 2611 616 ὅταν
2666 565 2698 632 ή
2761 563 3044 632 οἰκουμένη
3103 566 3249 615 πᾶσα
3313 566 3486 633 παρῇ,
3543 573 3669 618 οταν

2025 650 2241 716 ἄγγελοι
2297 651 2389 701 καὶ
2452 650 2801 719 ἀρχάγγελοι,
2859 650 2984 702 ὅταν
3039 651 3197 718 ἀρχαὶ
3252 652 3341 702 καὶ
3400 650 3664 714 ἐξουσίαι,

2024 736 2149 787 ὅταν
2188 735 2477 802 σάλπιγγες
2517 736 2715 804 ὴχῶσιν
2742 738 2796 786 αἱ
2835 738 3065 803 συνεχεῖς
3108 736 3199 787 καὶ
3238 735 3540 803 ἐπάλληλοι,
3574 744 3668 787 καὶ

2026 820 2244 889 ἁρπαγὴ
2275 820 2380 872 τῶν
2403 820 2620 872 δικαίων
2651 822 2740 871 ἐπὶ
2767 821 3021 886 νεφελῶν,
3048 822 3139 872 καὶ
3169 820 3329 881 πολὺς
3352 822 3455 871 τῶν
3488 822 3665 889 ήμαρ-

2022 907 2261 973 τηκότων
2284 907 2311 957 ό
2337 905 2636 975 κλαυθμός;
2664 907 2815 967 Ποῖος
2840 906 2945 972 ἄρα
2972 906 3130 972 φόϐος
3158 906 3265 968 ἕξει
3289 906 3404 957 τότε
3428 906 3551 965 τοὺς
3575 906 3665 956 ἐπὶ

2023 992 2122 1059 τῆς
2154 992 2254 1059 γῆς
2285 991 2677 1060 ἀπομένοντας;
2708 993 2823 1043 Μία
2846 994 2972 1060 γάρ,
2999 992 3178 1059 φησὶν,
3212 988 3538 1057 ἀρπάζεται,
3568 990 3663 1044 καί

2017 1078 2125 1143 μία
2150 1076 2377 1143 ἀφίεται
2402 1092 2415 1105 ·
2445 1076 2541 1127 καὶ
2569 1070 2656 1140 εἷς
2686 1078 3193 1144 παραλαμϐάνεται
3211 1117 3224 1141 ,
3253 1077 3347 1128 καί
3373 1072 3459 1142 εἷς
3487 1093 3662 1129 xam-

2022 1159 2391 1227 λιμπὰνεται.
2422 1161 2515 1223 Τίς
2549 1161 2697 1213 ἔσται
2730 1164 2760 1230 ή
2789 1161 2930 1231 ψυχὴ
2961 1162 3200 1224 ἐκείνων,
3243 1162 3369 1213 ὅταν
3410 1163 3534 1224 τοὺς
3565 1164 3663 1231 μὲν

2021 1246 2215 1314 ὁρῶσιν
2258 1246 2629 1315 ἀπαγομένους
2676 1247 2810 1314 μετὰ
2847 1250 3007 1314 τιμῆς
3050 1246 3302 1315 μεγάλης,
3349 1248 3569 1309 ἑαυτοὺς
3606 1247 3662 1299 δὲ

2022 1330 2343 1399 ἀφιεμένους
2368 1331 2503 1400 μετὰ
2526 1331 2720 1400 πολλῆς
2747 1330 3037 1400 αἱσχύνηςς
3073 1332 3182 1383 Οὐκ
3212 1331 3372 1393 ἔστιν,
3406 1332 3504 1383 οὐκ
3527 1330 3658 1393 ἔστι,

2023 1414 2362 1479 πιστεύσατε,
2383 1418 2724 1484 παραστῆσαι
2749 1414 2886 1482 λόγῳ
2904 1415 2963 1466 τὸ
2981 1416 3163 1477 πάθος.
3184 1416 3359 1467 Εῖδετέ
3388 1433 3512 1467 ποτε
3537 1419 3663 1476 τοὺς

2020 1501 2392 1570 ἀπαγομένους
2432 1502 2522 1553 ἐπὶ
2560 1501 2815 1563 θάνατον;
2853 1501 3014 1553 Ποίαν
3053 1502 3227 1561 αὐτοῖς
3256 1501 3495 1569 νομίζετε
3525 1497 3661 1553 εἶναι

2020 1585 2115 1652 τὴν
2144 1584 2315 1653 ψυχὴν
2345 1585 2439 1654 τὴν
2474 1585 2632 1655 μέχρι
2671 1586 2764 1653 τῆς
2804 1586 2971 1653 πύλης
2999 1585 3113 1637 ὁδὸν
3142 1584 3437 1653 βαδίζουσις
3472 1586 3535 1637 Τί
3563 1586 3661 1638 οὐκ

2022 1666 2087 1719 ἂν
2122 1667 2323 1719 εἴλοντο
2352 1670 2442 1720 καὶ
2478 1671 2700 1737 ποιῆσαι
2738 1669 2829 1720 καὶ
2866 1668 3073 1730 παθεῖν,
3114 1667 3248 1720 ῶστε
3292 1667 3659 1735 ἀπαλλαγῆναι

2018 1751 2118 1820 τῆς
2144 1752 2337 1821 ἀχλύος
2368 1754 2605 1821 ὲκείνης;
2636 1753 2775 1820 Ἐγὼ
2804 1754 3005 1805 πολλῶν
3038 1754 3241 1822 ἥκουσα
3267 1754 3522 1820 λεγόντων
3553 1752 3659 1805 τῶν

2020 1838 2393 1908 φιλανθρωπίᾳ
2427 1838 2671 1908 βασιλικῇ
2713 1840 2845 1908 μετά
2875 1840 2968 1907 τὴν
2994 1840 3290 1907 ἀπαγωγὴν
3320 1840 3396 1900 εἱς
3426 1838 3661 1890 τούπίσω

2019 1922 2440 1992 ἀνακληθέντων,
2482 1924 2560 1975 ὅτι
2592 1924 2708 1975 οὐδὲ
2746 1923 3054 1993 ἀνθρώπους
3090 1925 3270 1993 ἑώρων
3304 1926 3425 1984 τοὺς
3455 1922 3657 1993 ἀνθρώ-

2021 2023 2181 2069 πους,
2227 2008 2656 2077 τεθορυϐημένης
2699 2009 2795 2076 τῆς
2839 2009 3014 2078 ψυχῆς
3056 2010 3146 2061 καὶ
3190 2009 3655 2078 ὲκπεπληγμένης.

2018 2093 2125 2144 Καὶ
2152 2093 2202 2145 τί
2226 2092 2365 2159 λέγω
2403 2094 2526 2162 περὶ
2567 2095 2669 2145 τῶν
2701 2096 3084 2163 ἀπαγομένωνς
3116 2096 3302 2164 Ὄχλος
3334 2095 3656 2164 περιέστηκε

2018 2181 2158 2241 τότε,
2204 2180 2252 2230 οἱ
2296 2179 2507 2240 πλείους
2547 2181 2642 2231 οὐκ
2686 2180 2881 2242 εἱδότες
2920 2181 3130 2242 αὐτούς.
3182 2181 3247 2232 Εἴ
3276 2198 3356 2241 τις
3394 2181 3507 2242 ἑνὸς
3538 2180 3655 2233 τότε

2019 2264 2246 2315 ἑκάστου
2276 2264 2372 2332 τὴν
2403 2263 2576 2332 ψυχὴν
2614 2266 3054 2334 περιεσκόπησεν,
3090 2266 3259 2325 οὐδεὶς
3288 2264 3453 2327 οὕτως
3487 2265 3652 2333 ὠμὸς,

2016 2348 2186 2411 οὐδεὶς
2212 2363 2233 2385 ι
2267 2348 2406 2401 οὓτω
2436 2349 2656 2414 θρασὺς,
2685 2350 2851 2410 οὐδεὶς
2878 2350 3015 2401 οὕτω
3037 2354 3289 2416 γενναῖος,
3320 2351 3376 2401 ὃν
3409 2352 3467 2402 οὐ
3494 2367 3656 2402 κατα-

2018 2436 2361 2485 πεπτωκυῖαν
2390 2434 2553 2503 αὐτὴν
2578 2435 2765 2503 ἔχοντα
2789 2434 2935 2503 εὖροι
2964 2437 3055 2486 καὶ
3081 2437 3407 2504 παρειμένην
3439 2436 3540 2487 ὑπὸ
3561 2435 3655 2487 τοῦ

2018 2519 2178 2585 φόόου
2215 2521 2305 2572 καὶ
2334 2519 2431 2587 τῆς
2469 2519 2721 2587 ἀθυμίας.
2763 2521 2824 2572 Εἱ
2854 2520 2910 2572 δὲ
2942 2521 3139 2589 ἑτέρων
3176 2521 3570 2590 ἀναιρουμένων
3603 2524 3652 2574 οἱ

2020 2604 2183 2673 μηδὲν
2215 2606 2394 2665 αὐτοῖς
2423 2603 2794 2666 κοινωνοῦντες
2821 2602 2959 2655 οὕτω
2982 2604 3319 2664 διατίθενται,
3342 2607 3465 2657 ὅταν
3495 2608 3653 2675 ήμεῖς

2015 2688 2164 2740 αὐτοὶ
2194 2692 2301 2751 τοῖς
2332 2687 2534 2757 μείζοσι
2560 2688 2953 2757 περιπέσωμεν,
2986 2688 3123 2749 τίνες
3148 2690 3253 2757 ἄρα
3281 2689 3529 2757 ἐσόμεθα,
3556 2692 3653 2760 τῆς

2020 2774 2114 2841 μὲν
2144 2774 2378 2841 ἀρρήτου
2412 2774 2580 2843 χαρᾶς
2608 2774 2815 2842 ἐκείνης
2841 2774 3302 2841 ἀποπεμπόμενοι,
3330 2776 3407 2835 εἱς
3433 2776 3653 2827 αἰωνίαν

2015 2858 2068 2909 δὲ
2116 2859 2378 2927 τιμωρίαν
2426 2859 2940 2928 παραπεμπόμενοι;
2975 2860 3037 2911 El
3070 2858 3175 2928 γὰρ
3217 2860 3306 2911 καὶ
3347 2860 3532 2925 γέεννα
3578 2863 3651 2931 μὴ

2014 2938 2101 3011 ἦν,
2126 2944 2185 2994 τὸ
2210 2945 2271 2996 ὲκ
2295 2944 2553 3011 τοσαύτης
2580 2943 2950 3013 λαμπρότητος
2983 2945 3312 3014 ἀπωσθῆναι,
3345 2947 3435 2997 καὶ
3464 2946 3652 3015 ἄτιμον

2014 3028 2380 3096 ἀναχωρῆσαι,
2426 3028 2563 3096 πόση
2600 3028 2844 3093 κόλασις;
2885 3030 2990 3081 Καὶ
3025 3030 3131 3096 γὰρ
3170 3031 3215 3080 εἱ
3252 3030 3366 3088 νῦν,
3397 3029 3654 3098 βασιλέως

2015 3112 2758 3181 εἰσελαύνοντος,θεωροῦντες
2785 3114 2981 3173 πολλοὶ,
3008 3116 3099 3166 καὶ
3121 3116 3214 3185 τὴν
3242 3115 3442 3167 ἑαυτῶν
3469 3117 3651 3168 πενίαν

2014 3198 2331 3262 ἐννοοῦντες,
2351 3200 2407 3250 οὺ
2427 3198 2687 3266 τοσαύτην
2704 3200 2806 3250 ἀπὸ
2821 3200 2918 3268 τῆς
2936 3202 3056 3262 θέας
3072 3202 3425 3271 λαμϐάνουσιν
3444 3202 3649 3271 ἡδονὴν,

2015 3279 2144 3347 ὅσην
2185 3280 2291 3333 ἀπὸ
2327 3280 2418 3333 τοῦ
2458 3282 2675 3350 μηδενὸς
2710 3282 2950 3349 μετέχειν
2981 3282 3085 3335 τῶν
3131 3285 3254 3353 περὶ
3286 3284 3373 3336 τὸν
3414 3284 3649 3352 βασιλέα,

2019 3366 2150 3435 μηδὲ
2182 3367 2342 3433 ἐγγὺς
2372 3364 2503 3418 εἶναι
2536 3366 2627 3419 τοῦ
2661 3367 3000 3436 κρατοῦντος,
3040 3368 3272 3438 ἀθυμίαν
3308 3370 3650 3437 ὑπομένουσι,

2014 3450 2066 3501 τί
2092 3452 2209 3501 τότε
2239 3451 2421 3508 ἔσταιξ
2455 3453 2520 3503 Ἦ
2559 3454 2756 3520 μικράν
2787 3448 2919 3505 εἶναι
2952 3453 3193 3521 νομίζετε
3232 3455 3445 3508 κόλασιν
3485 3456 3543 3507 τὸ
3578 3456 3651 3525 μὴ

2015 3535 2430 3589 κατατάττεσθαι
2463 3539 2518 3591 ὲν
2551 3538 2735 3606 ἐκείνῳ
2764 3538 2837 3605 τῷ
2865 3538 3039 3607 χορῷ;
3077 3538 3133 3589 τὸ
3172 3538 3245 3607 μὴ
3276 3538 3650 3604 καταξιοῦσθαι

2012 3620 2109 3688 τῆς
2128 3621 2432 3690 ἀπορρήτου
2451 3622 2629 3690 δόξης;
2648 3622 2705 3672 τὸ
2721 3622 2815 3688 τῆς
2833 3624 3180 3690 πανηγύρεως
3199 3624 3407 3692 ἐκείνης
3435 3626 3523 3675 καὶ
3545 3624 3650 3677 τῶν

2014 3705 2300 3771 ἀφράστων
2332 3705 2546 3771 ἀγαθῶν
2576 3707 2758 3775 πόρρω
2787 3724 2883 3757 που
2921 3710 3011 3758 καὶ
3049 3710 3258 3778 μακράν
3289 3710 3646 3779 ἀπερρίφθαις

2017 3790 2179 3841 Ὅταν
2206 3790 2260 3841 δὲ
2287 3790 2380 3842 καὶ
2412 3791 2595 3851 σκότος
2704 3792 2792 3843 καὶ
2820 3791 3055 3862 βρυγμὸς
3083 3794 3319 3855 ὀδόντων,
3360 3797 3450 3846 καὶ
3479 3798 3649 3864 δεσμά

2015 3874 2163 3947 [293]
2197 3877 2386 3941 ἄλυτα,
2430 3879 2521 3929 καὶ
2564 3878 2771 3946 σκώληξ
2809 3880 3181 3946 ἀτελεύτητος,
3215 3882 3306 3932 καὶ
3348 3881 3453 3951 πῦρ
3492 3882 3649 3933 5063-

2016 3977 2154 4025 στον,
2186 3963 2279 4013 καὶ
2310 3962 2483 4029 θλίψις
2511 3963 2601 4014 καὶ
2634 3965 2970 4032 στενοχωρία,
2997 3966 3085 4014 καὶ
3116 3964 3347 4028 γλῶσσαι
3371 3965 3648 4033 τηγανιζό-

2018 4066 2193 4119 μεναι,
2231 4051 2474 4117 καθάπερ
2508 4052 2539 4117 ή
2571 4049 2662 4100 τοῦ
2694 4050 2959 4111 πλουσίου,
2996 4052 3088 4101 καὶ
3126 4050 3527 4120 όλοφυρώμεθα,
3559 4055 3646 4104 καὶ

2017 4134 2199 4201 μηδεὶς
2238 4134 2425 4203 ἀκούῃ,
2475 4135 2563 4187 καὶ
2605 4135 2887 4202 στένωμεν.
2940 4137 3031 4186 καὶ
3076 4135 3354 4205 βρύχωμεν
3401 4137 3501 4187 ὑπδ
3542 4138 3647 4188 τῶν

2014 4218 2335 4284 ἀλγηδόνων,
2376 4220 2465 4270 καὶ
2501 4219 2683 4287 μηδεὶς
2713 4221 2965 4289 προσέχῃ,
3014 4227 3105 4272 καὶ
3148 4220 3414 4289 πανταχοῦ
3447 4222 3648 4289 βλέπω-

2019 4317 2135 4368 μεν,
2162 4304 2253 4353 καὶ
2285 4304 2525 4371 μηδαμοῦ
2563 4305 2743 4372 μηδεὶς
2769 4308 2796 4355 ό
2825 4306 3295 4375 παραμυθούμενος
3380 4322 3392 4333 ·
3425 4306 3524 4357 ποῦ
3557 4308 3649 4357 τά-

2016 4386 2173 4451 ξομεν
2214 4390 2333 4449 τοὺς
2375 4391 2430 4439 ἐν
2472 4389 2672 4450 τούτοις
2698 4390 2881 4453 δνταςς
2916 4392 3045 4441 τίδὲ
3080 4391 3295 4441 ἐκείνων
3330 4389 3646 4458 ἀθλιώτερον

2013 4473 2118 4523 τῶν
2143 4472 2351 4540 ψυχῶν;
2380 4474 2430 4524 τί
2462 4474 2515 4525 δὲ
2545 4475 2923 4543 ὲλεεινότερον;

2084 4564 2145 4610 ε’.
2167 4560 2221 4609 Εἰ
2236 4560 2288 4609 δὲ
2307 4560 2381 4620 εἱς
2395 4560 2753 4627 δεσμωτήριον
2767 4562 3034 4623 εἰσιόντες,
3050 4564 3140 4613 καὶ
3156 4562 3276 4623 τοὺς
3295 4563 3389 4629 μὲν
3406 4567 3653 4635 αύχμων-

2014 4661 2110 4705 τας
2138 4643 2384 4713 ὁρῶντες,
2416 4645 2538 4703 τοὺς
2571 4643 2624 4693 δὲ
2666 4644 2902 4712 σιδηραῖς
2931 4644 3144 4695 ἁλύσεσι
3170 4646 3492 4714 δεδεμένους,
3524 4653 3646 4713 τοὺς

2014 4730 2068 4780 δὲ
2098 4730 2269 4796 σκότῳ
2300 4728 2861 4795 κατακεκλασμένους,
2893 4730 3302 4798 κατακλώμεθα,
3337 4734 3643 4801 φρίττομεν,

2016 4816 2186 4867 πάντα
2235 4814 2537 4881 πράττομεν
2577 4815 2712 4882 ὑπὲρ
2757 4815 2846 4865 τοῦ
2881 4817 2957 4883 μὴ
3000 4818 3251 4883 ἐμπεσεῖν
3286 4819 3361 4878 εἰς
3399 4819 3644 4886 τοιαύτην

2014 4900 2252 4965 ἀνάγκην
2285 4899 2375 4949 καὶ
2410 4897 2581 4964 θλίψιν
2606 4916 2618 4928 ο
2651 4900 2773 4950 ὃταν
2804 4899 3135 4968 ἀπαγώμεθα
3177 4906 3252 4962 εἱς
3296 4904 3430 4953 αὐτὰ
3457 4904 3521 4955 τὰ
3551 4906 3645 4971 τῆς

2013 4984 2231 5050 γεέννης
2280 4983 2661 5051 βασανιστήρια
2702 4985 2983 5051 δεδεμένοι,
3029 4988 3161 5048 τίνες
3199 4987 3454 5053 ὲσόμεθα;
3496 4989 3547 5039 τί
3589 4990 3642 5040 δὲ

2014 5068 2315 5137 πράξομεν;
2349 5069 2419 5120 Ού
2447 5069 2551 5138 γὰρ
2577 5073 2637 5120 ὲκ
2667 5072 2874 5138 σιδήρου
2904 5071 2968 5120 τὰ
2993 5072 3160 5138 δεσμά
3187 5072 3382 5134 ἐκεῖνα,
3407 5074 3515 5125 ἀλλ’
3540 5076 3644 5127 ἀπὸ

2016 5155 2178 5221 πυρός
2203 5155 2334 5204 εἰσιν
2359 5155 2605 5205 οὐδέποτε
2634 5156 3002 5222 σϐεννυμένου,
3032 5157 3146 5207 οὐδὲ
3172 5158 3413 5225 ὁμότιμοί
3434 5178 3569 5221 τινες
3596 5164 3641 5212 οἱ

2015 5239 2307 5304 ἐφεστῶτες
2324 5241 2469 5305 ἡμῖν,
2495 5239 2585 5298 οῦς
2603 5239 2691 5289 καὶ
2708 5240 3104 5306 ὲκμειλίζασθαι
3134 5242 3383 5303 πσλλάκις
3410 5245 3504 5303 ἔνι,
3528 5246 3641 5297 ἀλλ’

2014 5324 2226 5388 ἄγγελοι
2273 5324 2485 5391 φοϐεροὶ
2528 5326 2616 5373 καὶ
2660 5325 3012 5391 ἀσυμπαθεῖς,
3062 5320 3139 5386 οἷς
3180 5328 3295 5377 οὐδὲ
3335 5330 3642 5397 ἀντιϐλέψαι

2014 5408 2247 5466 δυνατὸν,
2286 5408 2521 5475 σφώρῶς
2556 5408 2688 5475 ὑπὲρ
2725 5402 2795 5457 ὧν
2826 5409 2909 5458 τὸν
2944 5411 3210 5478 Δεσπότην
3240 5410 3530 5478 ὑϐρίοαμεν
3553 5415 3643 5482 ὁρ-

2014 5494 2301 5561 γιζόμενοι.
2340 5496 2449 5544 υύκ
2479 5493 2608 5555 ἐστι,
2644 5494 2885 5563 καθάπερ
2918 5496 3161 5555 ἐνταῦθα,
3193 5498 3313 5556 τοὺς
3349 5498 3445 5563 μὲν
3473 5498 3643 5567 ἀργά-

3514 5685 3645 5737 οὐδέν
3658 5724 3665 5729 .

2080 5684 2102 5708 ⁸
2129 5683 2207 5729 Sic
2242 5684 2449 5732 Colberl.
2499 5682 2548 5729 In
2592 5683 2732 5731 Savil.
2761 5694 2921 5733 autem
2962 5688 3123 5741 οὐδένα
3148 5688 3290 5738 οὕτως
3326 5688 3469 5740 ὠμὰν,

2021 5757 2091 5796 να,
2120 5754 2196 5789 etc
2226 5745 2321 5798 ,ila
2345 5750 2393 5790 ut
2418 5747 2657 5791 sententia
2682 5746 2961 5806 imperfecla
2984 5759 3035 5791 os
3065 5754 3129 5791 (ιι.
