3990 6436
325 425 436 480 285

330 535 460 587 ριον,
493 521 613 581 τοὺς
640 519 694 571 δὲ
723 520 955 590 τροφὰς,
990 523 1111 582 τοὺς
1144 520 1198 572 δὲ
1226 521 1412 586 λόγους
1451 520 1763 586 εἰσάγοντας
1799 533 1975 588 παρα-

326 603 612 670 κλητικοὺς
667 605 809 670 ἰδεῖν,
857 607 948 656 καὶ
997 605 1342 674 παραμυθίας
1384 608 1581 674 τυχεῖν,
1626 605 1757 658 ἀλλὰ
1804 607 1976 657 πάντα

325 691 441 740 ἐκεῖ
477 690 849 756 ἀσύγγνωστα.
887 691 1003 744 Κᾶν
1043 693 1163 745 Νῶε
1205 689 1258 764 ᾗ,
1304 693 1404 746 κᾶν
1436 692 1575 754 Ἰὼϐ,
1619 692 1719 746 κᾶν
1761 691 1974 760 Δανιὴλ,

325 775 420 827 καὶ
450 777 574 839 τοὺς
610 778 837 839 οἰκείους
861 779 1006 831 ἴδωσι
1035 779 1441 847 κολαζομένους,
1466 781 1526 832 οὐ
1552 779 1784 847 τολμῶσι
1810 797 1975 848 παρα-

326 862 531 930 στῆναι,
561 864 651 914 καὶ
682 868 835 934 χεῖρα
863 865 1063 933 ὀρέξαι.
1098 866 1204 917 Καὶ
1235 867 1340 935 γὰρ
1376 867 1471 936 τὴν
1504 868 1568 918 ἐκ
1597 868 1806 934 φύσεως
1839 883 1972 933 συμ-

324 947 550 999 πάθειαν
580 949 913 1018 ἀναιρεῖσθαι
945 950 1066 1001 τότε
1099 951 1379 1018 συμϐαίνει
1441 950 1655 1020 Ἐπειδὴ
1689 950 1795 1019 γάρ
1826 950 1970 1019 εὑρί-

325 1049 538 1084 σκονται
569 1033 764 1086 δίκαιοι
792 1036 994 1087 τέκνων
1023 1036 1357 1105 ἁμαρτωλῶν
1383 1037 1634 1106 πατέρες,
1669 1037 1761 1088 καὶ
1791 1036 1972 1097 παῖδες

321 1117 515 1183 ἀγαθοὶ
535 1119 733 1184 γονέων
759 1119 1008 1189 πονηρῶν
1032 1120 1111 1187 (οὐ
1133 1120 1238 1190 γὰρ
1265 1120 1473 1187 φύσεώς
1497 1123 1657 1179 ἐστιν,
1682 1121 1812 1172 ἀλλά
1838 1119 1972 1186 γνώ-

323 1218 431 1270 μης
461 1203 529 1254 τά
557 1203 741 1270 κακὰ),
774 1203 910 1256 ὥστε
951 1205 1196 1272 καθαρὰν
1222 1207 1401 1268 αὐτοῖς
1427 1202 1561 1258 εἶναι
1588 1205 1682 1274 τὴν
1711 1204 1974 1273 εὐφροσύ-

319 1303 434 1356 νην,
473 1289 564 1340 καὶ
605 1288 677 1357 μὴ
719 1292 787 1358 τῇ
826 1290 924 1359 τῆς
972 1290 1308 1358 συμπαθείας
1345 1291 1554 1360 ἀνάγκῃ
1605 1289 1970 1342 κατακλᾶσθαι

316 1373 442 1433 τοὺς
490 1373 855 1436 ἀπολαύοντας
899 1374 1006 1427 τῶν
1052 1375 1267 1442 ἀγαθῶν
1319 1376 1569 1439 ἐκείνων,
1624 1377 1715 1427 καὶ
1771 1376 1970 1442 ταύτην

320 1456 639 1510 σϐέννυσθαι
669 1459 788 1511 τότε
817 1459 951 1524 ἐστὶ,
979 1460 1072 1511 καὶ
1104 1461 1296 1522 αὐτοὺς
1324 1463 1747 1528 συναγανακτεῖν
1775 1461 1851 1530 τῷ
1880 1463 1972 1511 Δε-

319 1542 492 1615 σπότῃ
534 1544 670 1596 κατά
717 1545 823 1596 τῶν
865 1546 1075 1597 οἰκείων
1119 1545 1452 1614 σπλάγχνων.
1500 1547 1558 1600 El
1603 1547 1709 1616 γὰρ
1754 1548 1844 1599 καὶ
1879 1546 1970 1599 νῦν

315 1644 478 1694 τινες,
513 1629 637 1683 ὅταν
668 1629 814 1681 ἴδωσι
836 1629 1065 1697 φαύλους
1088 1633 1210 1693 τοὺς
1234 1633 1406 1683 αὐτῶν
1429 1632 1638 1695 παῖδας,
1665 1632 1970 1701 ἀποκηρύτ-

313 1729 485 1778 τουσι,
525 1714 614 1767 καὶ
647 1717 741 1780 τῆς
783 1716 1096 1783 συγγενείας
1135 1718 1521 1786 ἀποτέμνουσι,
1563 1719 1740 1788 πολλῷ
1776 1719 1970 1788 μᾶλλον

315 1799 374 1850 ἐν
401 1801 466 1868 τῇ
512 1800 685 1870 κρίσει
718 1800 876 1853 τοῦτο
914 1803 1218 1870 γενήσεται.
1262 1801 1555 1872 Τοιγαροῦν
1591 1804 1776 1874 μηδεὶς
1816 1804 1967 1856 ἐλπι-

314 1881 471 1945 ζέτω,
503 1885 709 1954 χρηστά
735 1887 808 1955 μὴ
834 1887 1222 1956 ἐργασάμενος,
1247 1890 1298 1939 τί
1333 1890 1580 1958 χρηστὸν,
1613 1890 1710 1942 κᾶν
1745 1891 1967 1958 μυρίους

313 1968 412 2042 ἔχῃ
436 1973 728 2040 προγόνους
749 1973 1002 2036 δικαίους.
1027 1976 1314 2040 Ἕκαστος
1335 1978 1442 2045 γὰρ
1466 1978 1786 2046 κομίσεται,
1814 1979 1965 2045 φησὶ,

311 2055 385 2107 τὰ
418 2055 513 2109 διὰ
551 2056 656 2110 τοῦ
695 2057 983 2126 σώματος,
1019 2059 1163 2126 πρὸς
1195 2061 1231 2112 d
1268 2061 1542 2128 ἔπραξεν,
1579 2063 1696 2114 εἴτε
1724 2063 1964 2130 ἀγαθὸν,

309 2141 432 2194 alte
472 2145 679 2197 κακόν.
717 2144 1080 2214 Ἀκούσωμεν,
1113 2148 1429 2218 παρακαλῶ,
1460 2149 1551 2200 καὶ
1587 2149 1962 2219 σωφρονῶμεν.

315 2228 411 2280 “Av
439 2227 547 2298 πῦρ
577 2229 703 2301 ἔχῃς
721 2230 1010 2300 ἐπιθυμίας
1033 2233 1290 2301 πονηρᾶς,
1317 2234 1560 2303 ἐννόησον
1583 2235 1674 2304 τῆς
1699 2235 1965 2296 κολάσεως

310 2312 523 2381 ἐκείνης
543 2313 602 2365 τὸ
623 2314 750 2383 πῦρ,
781 2316 873 2367 καὶ
900 2316 1054 2367 τοῦτο
1082 2318 1443 2369 κατασϐεσθὲν
1471 2319 1691 2386 οἴχεται.
1727 2321 1822 2371 "Av
1849 2319 1966 2388 βου-

307 2397 475 2467 ληθῇς
500 2397 826 2467 φθέγξασθαί
860 2418 911 2452 τι
948 2401 1052 2453 τῶν
1083 2402 1313 2463 ἀτόπων,
1341 2405 1586 2472 ἐννόησον
1612 2404 1700 2456 τὸν
1727 2405 1964 2474 βρυγμὺν

307 2498 417 2553 τῶν
453 2499 694 2564 ὀδόντων,
737 2503 829 2554 καὶ
858 2502 1071 2571 χαλινὸς
1107 2504 1255 2556 ἔσται
1291 2521 1368 2557 σοι
1408 2505 1696 2573 φόϐος.“Αν
1723 2507 1964 2577 ἁρπάσαι

309 2584 560 2660 θελήσῃς,
587 2588 813 2640 ἄκουσον
841 2588 932 2640 τοῦ
966 2589 1214 2642 δικαστοῦ
1239 2590 1501 2658 λέγοντος,
1524 2591 1749 2656 Δήσατε
1781 2594 1963 2648 αὐτοῦ

304 2672 508 2743 χεῖρας
533 2672 628 2725 καί
652 2673 858 2738 πόδας,
883 2675 979 2726 καί
999 2675 1220 2737 ,Βάλετε
1247 2677 1430 2729 αὑτὸν
1455 2679 1540 2740 εἰς
1569 2677 1633 2729 τὸ
1662 2678 1877 2742 σκότος
1896 2681 1962 2732 τὸ

304 2758 611 2826 ἐξώτερον,
639 2760 730 2812 καὶ
755 2760 955 2829 ταύτην
980 2760 1225 2823 ἐκϐαλεῖς
1246 2760 1340 2830 τὴν
1363 2760 1666 2830 ἐπιθυμίαν.
1699 2765 1793 2814 Ἀν
1819 2763 1962 2831 ὠμὸς

307 2847 403 2900 καὶ
433 2845 742 2916 ἀνελεήμων
771 2845 856 2919 ᾖς,
888 2847 1256 2916 ἀναμνήσθητι
1282 2848 1388 2899 τῶν
1414 2846 1694 2918 παρθένων
1723 2849 1958 2913 ἐκείνων,

305 2931 385 2996 αἳ,
428 2930 532 2984 τῶν
574 2930 864 3000 λαμπάδων
900 2932 1074 2985 αὐτῶν
1116 2932 1434 2985 σϐεσθεισῶν
1475 2933 1561 2985 διὰ
1602 2935 1661 2985 τὸ
1708 2934 1780 3005 μὴ
1821 2935 1964 3004 ἐχειν

305 3016 505 3080 ἔλαιον,
533 3016 625 3070 τοῦ
666 3019 946 3087 νυμφῶνος
975 3018 1246 3084 ἐξέπεσον,
1279 3019 1370 3071 καὶ
1402 3021 1607 3087 ταχέως
1640 3020 1738 3089 ἔσῃ
1777 3022 1960 3087 φιλάν-

305 3101 541 3172 θρωπος.
574 3105 668 3156 ’Ἂν
700 3103 917 3173 μεθύειν
946 3106 1038 3157 καὶ
1067 3107 1275 3174 τρυφᾷν
1302 3104 1590 3174 ἐπιθυμῇς,
1620 3107 1843 3158 ἄκουσον
1868 3107 1960 3159 τοῦ

307 3189 557 3243 πλουσίου
593 3191 856 3258 λέγοντος,
883 3193 1126 3260 Πέμψον
1151 3191 1431 3257 Λάζαρον,
1471 3193 1556 3243 ἵνα
1590 3191 1742 3262 ἄκρῳ
1769 3192 1844 3262 τῷ
1872 3193 1961 3246 δα-

304 3276 484 3346 κτύλῳ
524 3276 802 3346 καταψύξῃ
851 3278 946 3346 τὴν
984 3278 1407 3348 τηγανιζομένην
1453 3278 1721 3346 γλῶσσαν,
1763 3280 1856 3331 καὶ
1900 3280 1959 3332 ού

300 3362 657 3433 τυγχάνοντος
690 3363 787 3431 τῆς
810 3364 1094 3431 αἰτήσεως,
1123 3366 1214 3414 καὶ
1230 3364 1432 3432 ταχέως
1448 3367 1730 3434 ἀποστήσῃ
1745 3365 1837 3416 τοῦ
1858 3367 1962 3418 πά-

304 3448 427 3513 θους
459 3448 627 3521 [294].
673 3450 782 3502 Καὶ
813 3450 880 3501 τὰ
923 3448 1056 3502 ἄλλα
1087 3449 1142 3501 δὲ
1178 3449 1352 3501 πάντα
1388 3449 1561 3518 τούτῳ
1602 3450 1961 3519 κατορθώσεις

299 3534 379 3603 τῷ
405 3536 588 3605 τρόπῳ
617 3550 629 3562 ’
662 3534 812 3587 οὐδέν
845 3537 952 3604 γὰρ
979 3533 1232 3603 φορτικὸν
1271 3534 1528 3598 ἐπέταξεν
1553 3535 1580 3586 ὁ
1604 3533 1753 3595 Θεός.
1793 3533 1961 3587 Πόθεν

300 3614 393 3672 οὖν
422 3621 650 3689 φορτικά
691 3619 934 3686 φαίνεται
976 3619 1043 3671 τά
1081 3619 1464 3688 ἐπιτάγματα;
1496 3617 1630 3671 Ἀπὸ
1665 3619 1764 3688 τῆς
1798 3620 1961 3690 ῥαθυ-

303 3706 432 3774 μίας
460 3706 556 3775 τῆς
587 3706 876 3775 ἡμετέρας.
911 3706 1118 3773 Ὠσπερ
1146 3704 1272 3773 γάρ,
1308 3704 1403 3756 ἐὰν
1438 3704 1839 3774 σπουδάζωμεν,
1868 3707 1960 3759 καὶ

297 3791 368 3846 τὰ
403 3791 658 3846 δοκοῦντα
699 3791 868 3859 βαρέα
908 3791 1081 3858 κοῦφα
1119 3791 1269 3844 ἔσται
1311 3792 1404 3842 καὶ
1442 3789 1616 3859 ῥᾴδια,
1646 3789 1835 3855 οὕτως,
1865 3793 1958 3845 ἐὰν

299 3893 653 3965 ῥᾳθυμῶμεν,
673 3895 764 3946 καὶ
782 3895 847 3946 τά
867 3894 1074 3965 φορητά
1098 3895 1342 3961 φανεῖται
1361 3892 1591 3946 δύσκολα
1611 3895 1762 3962 ήμίν.
1784 3894 1960 3964 Ἀπερ

297 3980 513 4034 ἅπαντα
537 3981 898 4049 λογισάμενοι,
933 3980 1006 4050 μὴ
1041 3980 1167 4042 τοὺς
1197 3979 1517 4050 τρυφῶντας
1550 3979 1956 4049 μακαρίζωμεν,

295 4064 432 4119 ἀλλά
452 4065 512 4117 τὸ
530 4065 679 4127 τέλος
701 4065 876 4117 αὐτῶν
907 4065 1192 4133 ἐννοῶμεν.
1213 4066 1226 4086 ’
1241 4062 1484 4118 Ενταῦθα
1510 4064 1608 4134 μὲν
1632 4065 1740 4133 γάρ
1758 4064 1958 4133 κόπρος

297 4151 396 4206 καὶ
437 4151 792 4222 πολυσαρκία,
827 4153 940 4202 ἐκεῖ
968 4151 1024 4202 δὲ
1056 4149 1270 4220 σκώληξ
1295 4150 1386 4203 καὶ
1427 4148 1556 4221 πῦρ.
1587 4150 1678 4218 Μὴ
1705 4151 1830 4211 τοὺς
1858 4150 1957 4218 ἀρ-

297 4237 586 4301 τιάζοντας,
627 4236 761 4289 ἀλλά
789 4236 842 4288 τί
870 4236 930 4288 τὸ
957 4235 1108 4298 τέλος
1139 4236 1336 4288 αὐτῶν.
1380 4235 1644 4288 Ἐνταῦθα
1683 4236 1958 4303 φροντίδες

297 4345 391 4398 καὶ
425 4343 595 4408 πόνοι,
641 4343 757 4394 ἐκεῖ
799 4340 972 4410 δεσμά
1011 4338 1179 4393 ἄλυτα
1211 4338 1305 4391 καὶ
1341 4337 1528 4398 σκότος
1557 4336 1836 4406 ἐξώτερον.
1867 4338 1957 4407 Μὴ

293 4432 419 4493 τοὺς
461 4428 613 4498 δόξης
640 4427 898 4498 ἐρῶντας,
944 4426 1078 4477 ἀλλά
1109 4426 1162 4477 τί
1190 4425 1250 4476 τὸ
1281 4423 1431 4484 τέλος
1459 4421 1654 4476 αὐτῶν.
1699 4422 1958 4475 Ἐνταῦθα

294 4516 506 4571 δουλεία
533 4515 624 4568 καί⁵
653 4513 921 4584 είρωνεία,
951 4514 1064 4564 ἐκεῖ
1096 4511 1265 4581 ζημία
1293 4510 1457 4578 πολλὴ
1498 4510 1590 4563 καὶ
1619 4509 1679 4560 τὸ
1714 4509 1954 4579 διηνεκὲς

295 4600 706 4674 ἐμπυρίζεσθαι.
727 4601 825 4654 Ἂν
847 4599 1016 4661 οὕτως
1036 4600 1244 4660 ἑαυτοῖς
1264 4595 1652 4666 διαλεγώμεθα,
1677 4595 1956 4648 καὶταῦτα

295 4691 390 4742 καὶ⁵
416 4689 486 4741 τὰ
509 4687 730 4740 τοιαῦτα
764 4684 997 4756 συνεχῶς
1031 4683 1318 4756 ἐπᾴδωμεν
1349 4684 1463 4743 ταῖς
1507 4683 1767 4750 πονηραῖς
1801 4680 1956 4750 ήμῶν

295 4776 628 4846 ἐπιθυμίαις,
661 4774 868 4844 ταχέως
893 4773 985 4825 καὶ
1019 4772 1216 4824 κακίαν
1251 4767 1595 4836 ἐκφύγωμεν,
1634 4767 1726 4820 καὶ
1757 4768 1953 4836 ἀρετὴν

296 4861 734 4934 κατορθώσομεν,
770 4861 863 4912 καὶ
893 4859 983 4910 τὸν
1017 4858 1124 4909 τῶν
1154 4855 1430 4925 παρόντων
1457 4854 1632 4924 ἔρωτα
1667 4852 1951 4923 σϐέσομεν,

297 4953 390 5005 καὶ
421 4951 511 5003 τὸν
543 4949 650 5001 τῶν
695 4947 991 5018 μελλόντων
1028 4944 1319 5011 ἀνάψομεν.
1363 4942 1426 4995 Τί
1459 4942 1565 5010 γὰρ
1597 4940 1709 5011 ἔχει
1750 4939 1819 4993 τά
1854 4957 1954 4994 πα-

299 5039 460 5109 ρόντα
496 5037 728 5105 βέϐαιον,
753 5033 788 5104 ἢ
819 5033 868 5085 τί
898 5033 1045 5098 ξένον
1071 5031 1157 5082 καί
1192 5029 1509 5099 παράδοξον,
1538 5031 1617 5083 ὃτι
1647 5031 1824 5081 πᾶσαν
1855 5026 1954 5097 τὴν

299 5123 530 5192 σπουδὴν
558 5123 634 5183 εἰς
665 5121 800 5172 αὐτά
828 5118 1229 5186 ἀναλίσκωμεν;
1255 5116 1387 5184 Οὐχὶ
1411 5114 1478 5166 τά
1507 5113 1644 5168 αύτά
1667 5114 1951 5176 διαπαντὸς

296 5212 509 5282 δρῶμεν
539 5199 1132 5275 ἀνακυκλούμενα,οίον
1183 5203 1362 5272 ήμέρα
1408 5201 1500 5254 καὶ
1550 5200 1662 5264 νὺξ,
1713 5202 1806 5266 νὺξ
1857 5201 1950 5254 καὶ

295 5301 493 5368 ἡμέρα,
527 5293 728 5366 χειμὼν
759 5293 852 5345 καὶ
886 5291 1058 5360 θέρος,
1096 5290 1246 5359 θέρος
1276 5289 1368 5341 καὶ
1407 5285 1629 5356 χειμὼν,
1663 5286 1754 5337 καί⁸
1792 5284 1948 5338 πλέον

296 5386 474 5449 ούδέν;
524 5381 839 5449 Ἀνάψωμεν
883 5379 1056 5430 τοίνυν
1106 5376 1211 5428 τῶν
1260 5374 1552 5444 μελλόντων
1597 5369 1810 5437 ἀγαθῶν
1858 5369 1947 5421 τὸν

299 5472 480 5526 πόθον.
523 5469 742 5535 Μεγάλη
787 5466 893 5535 γὰρ
939 5464 1220 5517 ἀπόκειται
1257 5462 1378 5525 δόξα
1414 5463 1522 5520 τοῖς
1565 5457 1822 5519 δικαίοις,
1855 5457 1946 5509 καὶ

297 5563 363 5628 ἣν
391 5559 488 5612 οὐκ
517 5555 593 5608 ἔνι
623 5553 963 5623 παραστῆσαι
989 5551 1147 5616 λόγῳ.
1180 5542 1260 5599 Τά
1290 5546 1394 5614 γὰρ
1427 5545 1652 5614 σώματα
1684 5542 1818 5612 μετὰ
1848 5542 1945 5610 τὴν

296 5627 584 5702 ἀνάστασιν
648 5639 1002 5697 ἀπολαϐόντες
1058 5633 1328 5704 ἄφθαρτα,
1391 5627 1792 5695 συνδοξάςονται
1859 5630 1945 5681 καὶ

303 5729 748 5805 συμϐασιλεύουσι
777 5725 851 5796 τῷ
884 5721 1116 5794 Χριστῷ.

1097 407 1151 460 S.
1190 405 1473 460 .IOANNIS
1511 403 1995 460 CHRYSOSTOMI
2035 401 2345 459 ARCl-IIEP.
2381 407 2920 464 CONSTANTINOP.

3622 412 3734 466 286

2153 521 2211 582 ς’.
2239 520 2404 573 Τοῦτο
2419 521 2473 574 δέ
2494 523 2676 591 ἡλίκον
2699 524 2864 584 ἐστὶν,
2885 519 3129 577 ἐντεῦθεν
3145 514 3397 585 εἰσόμεθα
3411 528 3426 544 ο
3456 511 3654 581 μᾶλλον
3679 519 3733 562 οι

2083 604 2266 670 σαφῶς
2297 607 2394 674 μὲν
2430 607 2723 675 οὐδαμόθεν
2749 604 3003 674 εἰσόμεθα
3032 619 3045 633 ·
3081 602 3219 653 ὥστε
3244 601 3300 652 δὲ
3329 598 3436 652 ἀπὸ
3465 598 3573 648 τῶν
3604 597 3732 663 παρ’

2081 691 2210 757 ἡμῖν
2241 693 2458 758 ἀγαθῶν
2485 693 2819 762 ἀναχθέντες,
2851 690 3050 760 μικρὰν
3074 687 3199 755 γοῦν
3222 703 3340 738 τινα
3368 683 3622 752 λάϐωμεν
3650 680 3735 732 ἐνι-

2082 793 2245 839 νοιαν,
2261 778 2335 839 ὠς
2359 779 2420 830 ἂν
2441 773 2547 840 οἷός
2565 795 2622 830 τε
2641 772 2706 842 ὧ,
2729 777 3069 847 παραστῆσαι
3087 773 3413 841 πειράσομαι
3439 770 3498 821 τὸ
3523 767 3733 834 λεχθέν.

2080 863 2214 915 Εἰπέ
2240 864 2345 932 γάρ
2378 881 2486 932 μοι,
2515 864 2568 916 εί
2589 864 2670 925 τίς
2697 881 2754 916 σε
2778 861 3141 931 γεγηρακότα,
3172 861 3262 910 καὶ
3293 858 3349 909 ἐν
3377 856 3536 923 πενίᾳ
3559 853 3735 915 ζῶντα

2081 950 2437 1019 ἐπηγγέλλετο
2460 953 2702 1020 ποιήσειν
2726 950 2980 1017 ἐξαίφνης
3006 947 3139 1009 νέον,
3169 945 3260 997 καὶ
3288 946 3365 1005 εἰς
3393 942 3564 1009 αὐτὴν
3588 940 3734 1001 ἄξειν

2079 1035 2178 1103 τῆς
2209 1035 2422 1103 ήλικίας
2449 1037 2547 1106 τὴν
2576 1035 2775 1106 ἀκμὴν,
2814 1035 2905 1087 καὶ
2939 1033 3137 1100 σφόδρα
3172 1029 3384 1102 ἰσχυρὸν
3409 1028 3503 1080 καὶ
3535 1027 3735 1094 ὡραῖον

2082 1121 2217 1190 ὑπὲρ
2261 1123 2467 1183 πάντας
2494 1122 2941 1181 κατασκευάσειν,
2971 1119 3061 1170 καὶ
3105 1115 3374 1184 βασιλείαν
3402 1113 3597 1164 δώσειν
3640 1113 3737 1178 τῆς

2078 1207 2180 1274 γῆς
2210 1208 2421 1276 ἀπάσης
2444 1209 2534 1260 ἐπὶ
2558 1207 2700 1258 ἔτεσι
2733 1205 2936 1274 χιλίοις,
2965 1201 3235 1272 βασιλείαν
3259 1200 3479 1269 εἰρήνην
3506 1197 3737 1264 ἔχουσαν

2080 1291 2400 1361 βαθυτάτην,
2433 1291 2485 1343 τί
2509 1294 2606 1344 οὐκ
2632 1292 2695 1344 ἂν
2729 1291 2865 1360 ὑπὲρ
2898 1289 3095 1358 ταύτης
3123 1287 3260 1338 εἵλου
3291 1285 3386 1352 τῆς
3423 1281 3736 1341 ὑποθέσεως

2077 1378 2170 1429 καὶ
2212 1378 2430 1447 ποιῆσαι
2470 1379 2560 1430 καὶ
2602 1379 2818 1437 παθεῖν;
2863 1376 2992 1429 Ἰδοὺ
3030 1374 3221 1430 τοίνυν,
3265 1374 3292 1423 ό
3335 1369 3570 1437 Χριστὸς
3615 1367 3737 1433 οὑχὶ

2076 1463 2267 1526 ταῦτα,
2313 1463 2446 1516 ἀλλά
2491 1464 2665 1532 πολλῷ
2714 1463 2928 1532 μείζονα
2972 1461 3172 1512 τούτων
3211 1454 3624 1522 ἐπαγγέλλεται.
3660 1453 3736 1504 0-3

2077 1552 2184 1622 γὰρ
2211 1553 2330 1604 ὅσον
2361 1554 2541 1621 γήρως
2564 1553 2657 1604 καὶ
2681 1553 2923 1619 νεότητος
2955 1548 3012 1601 τὸ
3049 1547 3226 1616 μέσον,
3253 1543 3499 1595 τοσοῦτον
3526 1540 3737 1608 φθορᾶς

2078 1639 2170 1690 καί⁵
2201 1638 2503 1707 ἀφθαρσίας
2524 1638 2583 1689 τὺ
2609 1638 2857 1706 διάφορον
2888 1654 2901 1668 ο
2930 1635 3047 1688 οὐδὲ
3075 1635 3194 1685 ὅσον
3223 1629 3489 1699 βασιλείας
3517 1629 3614 1678 καὶ
3641 1642 3713 1675 πε

2077 1724 2212 1787 νίας,
2240 1724 2488 1776 τοσοῦτον
2513 1723 2609 1792 τῆς
2633 1723 2786 1790 δόξης
2813 1723 2910 1791 τῆς
2941 1719 3213 1788 παρούσης
3249 1717 3341 1767 καὶ
3372 1715 3472 1781 τῆς
3509 1712 3740 1780 μελλού-

2078 1829 2176 1880 σης
2207 1827 2220 1841 ⁸
2255 1811 2369 1863 ἀλλ’
2402 1811 2524 1863 ὅσον
2553 1811 2840 1880 ὀνειράτων
2873 1807 2963 1860 καὶ
2995 1803 3268 1875 ἀληθείας.
3306 1800 3519 1854 Μᾶλλον
3549 1799 3608 1850 δέ
3641 1799 3738 1849 ού-

2075 1898 2160 1949 δέν
2192 1897 2397 1949 οὐδέπω
2430 1899 2624 1966 εῖρηκα
2656 1913 2669 1926 ·
2711 1894 2828 1947 οὐδέ
2857 1893 2964 1962 γάρ
2995 1893 3107 1943 ἐστι
3144 1890 3296 1955 λόγος
3335 1887 3515 1948 ἱκανὸς
3545 1901 3738 1952 παρα-

2077 1986 2267 2052 στῆσαι
2307 1983 2368 2035 τδ
2403 1983 2630 2052 μέγεθος
2652 1981 2750 2051 τῆς
2777 1980 3032 2048 διαφορᾶς
3056 1977 3163 2028 τῶν
3191 1973 3460 2042 ἐσομένων
3493 1971 3631 2040 πρὸς
3665 1971 3739 2021 τὰ

2076 2070 2330 2141 παρόντα.
2364 2069 2571 2138 Χρόνου
2617 2069 2673 2120 δέ
2719 2069 2901 2120 ἕνεκεν
2926 2104 2939 2128 ,
2980 2063 3097 2116 οὐδὲ
3125 2061 3272 2132 [2951
3299 2060 3549 2129 ἐννοῆσαι
3593 2058 3738 2118 ὅλως

2076 2154 2188 2207 ἐστι
2214 2155 2489 2226 διαφοράν.
2519 2154 2644 2217 Πῶς
2675 2153 2780 2224 γὰρ
2816 2153 2880 2206 ἀν
2913 2168 2994 2212 τις
3029 2148 3325 2218 παραϐάλοι
3351 2147 3462 2206 τοῖς
3493 2142 3739 2210 παροῦσι

2073 2240 2216 2310 ζωὴν
2259 2244 2430 2311 πέρας
2473 2241 2571 2294 οὐκ
2609 2240 2866 2310 έχουσαν;
2905 2231 3014 2306 Τῆς
3053 2236 3109 2288 δὲ
3147 2235 3364 2303 εἰρήνης
3402 2229 3626 2283 τοσοῦτο
3671 2227 3739 2278 τὴ

2076 2327 2255 2395 μέσον,
2285 2328 2407 2381 ὅσον
2434 2329 2651 2398 εἰρήνης
2689 2327 2780 2380 καὶ
2813 2324 3046 2394 πολέμου
3077 2323 3137 2375 τὸ
3173 2322 3423 2388 διάφορον
3454 2333 3470 2348 °
3503 2318 3599 2369 καὶ
3634 2317 3738 2383 τῆς

2073 2413 2273 2483 φθορᾶς
2297 2414 2389 2467 καὶ
2404 2417 2500 2485 τῆς
2525 2412 2846 2484 ἀφθαρσίας,
2871 2411 2990 2463 ὅσον
3014 2409 3180 2478 βώλου
3201 2406 3426 2476 πηλίνης
3444 2403 3472 2455 ό
3490 2401 3738 2470 καθαρὸς

2074 2502 2414 2572 μαργαρίτης
2445 2501 2699 2570 ἀμείνων.
2723 2498 2934 2553 Μᾶλλον
2961 2497 3039 2559 δὲ,
3070 2497 3167 2548 ὅσα
3199 2494 3262 2547 ἀν
3285 2495 3412 2564 εῐπῃ
3445 2509 3546 2553 τις,
3577 2489 3738 2541 οὐδὲν

2072 2587 2411 2656 παραστῆσαι
2426 2585 2550 2654 δυνή
2561 2602 2728 2638 σεται.
2741 2583 2855 2636 Κάν
2871 2583 2976 2652 γὰρ
2987 2582 3062 2652 τῷ
3077 2581 3176 2650 τῆς
3195 2580 3407 2638 ἀκτῖνος
3426 2573 3740 2644 παραϐάλω

2071 2671 2204 2737 φωτί
2220 2671 2278 2722 τὸ
2304 2671 2494 2733 κάλλος
2515 2671 2618 2723 τῶν
2650 2670 2768 2723 τότε
2794 2669 3074 2738 σωμάτων,
3105 2667 3205 2719 κᾶν
3232 2666 3482 2733 ἀστραπῇ
3515 2664 3582 2730 τῇ
3622 2678 3734 2727 φα-

2069 2756 2279 2826 νοτάτη,
2298 2756 2446 2808 οὐδὲν
2461 2757 2666 2808 οὐδέπω
2679 2756 2774 2825 τῆς
2791 2755 3163 2825 λαμπρότητος
3189 2750 3398 2818 ἐκείνης
3420 2749 3567 2813 ἀξιον
3595 2747 3729 2815 ἐρῶ.

2081 2843 2248 2913 ’Υπὲρ
2273 2843 2335 2911 δὴ
2360 2843 2559 2895 τούτων
2594 2843 2731 2895 πόσα
2759 2843 2858 2895 οὐκ
2886 2841 3030 2904 ἀξιον
3058 2838 3317 2910 προέσθαι
3349 2837 3613 2905 χρήματα
3636 2834 3736 2885 καὶ

2071 2927 2290 2997 σώματα
2309 2946 2321 2992 ;
2346 2929 2539 2996 μᾶλλον
2560 2929 2616 2980 δέ
2637 2929 2806 2990 πόσας
2825 2929 2922 2980 οὐκ
2938 2927 3080 2988 ἀξιον
3100 2923 3355 2993 προέσθαι
3377 2922 3550 2990 ψυχάς
3568 2937 3582 2983 ;
3613 2919 3735 2972 Νῦν

2069 3014 2152 3076 δὲ,
2190 3016 2237 3065 εἰ
2284 3015 2381 3082 μέν
2425 3015 2507 3077 τίς
2548 3032 2606 3066 σε
2652 3017 2730 3077 εἰς
2775 3014 3012 3082 βασίλεια
3053 3013 3329 3080 εἰσήγαγε,
3373 3009 3463 3060 καλ¹
3507 3006 3734 3058 πάντων

2069 3098 2344 3166 παρόντων
2374 3097 2703 3166 διαλεχθῆναί
2738 3113 2816 3148 σοι
2845 3095 2934 3148 τὸν
2963 3094 3177 3163 βασιλέα
3203 3089 3602 3161 παρεσκεύασε,
3633 3092 3733 3142 καὶ

2066 3183 2434 3253 ὁμοτράπεζον
2473 3183 2617 3252 αὐτῷ
2651 3183 2741 3235 καὶ
2780 3180 3076 3251 ὁμοδίαιτον
3115 3178 3358 3248 ἐποίησε,
3403 3178 3620 3229 πάντων
3661 3176 3732 3227 ἂν

2068 3268 2200 3338 ἔφης
2243 3269 2433 3322 σαυτὸν
2480 3267 2616 3321 εἶναι
2660 3266 3066 3338 μακαριώτερον
3104 3284 3116 3297 ·
3158 3267 3235 3325 εἰς
3275 3264 3330 3315 δὲ
3373 3262 3462 3314 τὸν
3496 3263 3729 3330 οὐρανὸν

2071 3353 2274 3422 μέλλων
2315 3354 2608 3423 ἀναϐῆναι,
2640 3353 2729 3405 καὶ
2766 3351 2892 3421 παρ’
2922 3351 3080 3402 αὐτὸν
3118 3348 3332 3400 ἐστάναι
3367 3347 3457 3398 τὸν
3499 3346 3730 3413 βασιλέα

2067 3437 2173 3488 τῶν
2200 3438 2355 3498 ὅλων,
2378 3439 2469 3489 καὶ
2496 3440 2607 3499 τοῖς
2633 3437 2882 3504 ἀγγέλοις
2909 3434 3279 3502 ἀντιλάμπειν,
3308 3433 3398 3484 καὶ
3427 3431 3526 3498 τῆς
3553 3433 3729 3499 ἀπρο-

2069 3523 2213 3574 σίτου
2243 3521 2398 3590 δόξης
2420 3522 2708 3574 ἀπολαύειν
2735 3521 2964 3589 ἐκείνης,
2991 3517 3344 3586 άμφιϐάλλεις
3369 3517 3416 3566 εί
3444 3516 3550 3566 δέοι
3587 3533 3726 3584 προ-

2070 3607 2218 3660 έσθαι
2261 3607 2542 3677 χρήματα,
2569 3606 2704 3669 δέον,
2736 3607 2782 3658 εἰ
2815 3604 2907 3657 καὶ
2933 3603 3030 3671 τὴν
3064 3600 3206 3668 ζωὴν
3246 3599 3411 3668 αὐτὴν
3451 3601 3729 3653 ἀποδύσα-

2068 3691 2188 3744 σθαι
2216 3693 2348 3755 έδει,
2387 3694 2609 3762 σκιρτᾷν
2642 3692 2732 3745 καὶ
2763 3690 3083 3758 ἀγάλλεσθαι
3125 3689 3218 3741 καὶ
3249 3686 3574 3756 πτεροῦσθαι
3621 3687 3728 3740 ὑπὸ

2063 3777 2162 3848 τῆς
2187 3779 2408 3848 ήδονῆς;
2434 3779 2506 3831 Σὺ
2534 3778 2613 3842 δὲ,
2633 3779 2716 3830 ἵνα
2745 3777 2842 3846 μὲν
2868 3777 3038 3846 ἀρχὴν
3060 3775 3228 3844 λάϐῃς
3254 3773 3351 3844 τὴν
3378 3772 3729 3842 παρέχουσάν

2066 3881 2146 3917 σοι
2189 3865 2399 3917 κλοπῶν
2445 3863 2694 3934 ἀφορμάς
2739 3864 2818 3933 (οὐ
2862 3864 2969 3931 γὰρ
3010 3862 3194 3932 κέρδος
3233 3860 3293 3912 τὸ
3333 3858 3569 3912 τοιοῦτον
3615 3859 3726 3925 ἐγὼ

2066 3967 2255 4035 καλῶ),
2282 3969 2375 4021 καὶ
2401 3968 2467 4020 τά
2499 3969 2624 4020 ὄντα
2647 3967 2941 4029 ἐκϐάλλεις,
2973 3967 3065 4019 καὶ
3095 3965 3159 4018 τὰ
3187 3965 3382 4033 ἐτέρων
3406 3964 3722 4030 δανεισάμε-

2066 4071 2174 4120 νος,
2205 4057 2252 4106 εἰ
2281 4055 2406 4116 δέοι,
2436 4055 2526 4106 καὶ
2551 4055 2648 4121 τὴν
2683 4054 2912 4119 γυναῖκα
2943 4051 3036 4103 καὶ
3058 4051 3126 4102 τὰ
3147 4051 3308 4102 τέκνα
3339 4048 3634 4100 ὑποθέσθαι
3662 4051 3724 4100 οὐ

2065 4143 2364 4203 κατοκνεῖς,
2399 4141 2496 4210 τῆς
2525 4140 2581 4192 δέ
2617 4139 2883 4208 βασιλείας
2913 4137 3022 4190 τῶν
3054 4135 3295 4206 οὐρανῶν
3324 4136 3724 4204 προκειμένης,

2062 4226 2159 4295 τῆς
2185 4225 2374 4278 οὐδένα
2407 4225 2645 4293 διάδοχον
2685 4224 2908 4293 ἐχούσης
2937 4223 3126 4292 ἀρχῆς,
3169 4222 3341 4282 ὀκνεῖς
3382 4221 3475 4272 καὶ
3516 4221 3724 4291 ἀναδύῃ

2063 4313 2156 4365 καὶ
2203 4312 2336 4382 πρὸς
2369 4313 2622 4381 χρήματα
2654 4310 2911 4379 κέχηνας;
2945 4309 3037 4362 καὶ
3063 4309 3160 4361 οὐκ
3202 4309 3419 4370 ἐννοεῖς,
3450 4308 3533 4359 δτι
3569 4310 3618 4358 εί
3657 4308 3728 4360 τὰ

2064 4399 2198 4467 πρὸς
2228 4399 2371 4466 ἡμᾶς
2400 4397 2492 4448 τοῦ
2536 4397 2760 4467 ούρανοῦ
2806 4397 2944 4469 μέρη
2989 4395 3128 4448 οὕτω
3176 4395 3314 4448 καλά
3353 4395 3446 4446 καὶ
3489 4395 3724 4464 τερπνὰ,

2064 4483 2222 4551 ἡλίκα
2263 4482 2330 4534 τὰ
2373 4482 2637 4544 ἀνώτατα,
2674 4483 2766 4534 καὶ
2805 4484 2832 4533 ό
2880 4481 2971 4533 τοῦ
3015 4481 3242 4550 οὐρανοῦ
3281 4481 3541 4550 οὐρανός;

2134 4569 2274 4619 Ἀλλ’
2328 4569 2512 4638 ἐπειδὴ
2550 4570 2872 4637 σωματικοῖς
2919 4567 3206 4635 ὀφθαλμοῖς
3250 4567 3416 4619 ταῦτα
3454 4567 3580 4618 ἰδεῖν
3625 4571 3725 4621 οὐκ

2063 4655 2226 4715 ἔστιν,
2250 4653 2475 4722 ἀνάϐηθι
2501 4655 2578 4723 τῷ
2607 4654 2865 4723 λογισμῷ,
2891 4654 2980 4705 καὶ
3009 4653 3145 4723 ὑπὲρ
3169 4653 3259 4705 τὸν
3284 4654 3507 4723 οὐρανὸν
3533 4655 3726 4709 τοῦτον

2063 4740 2211 4801 στὰς,
2240 4738 2533 4806 ἀνάϐλεψον
2559 4741 2637 4802 εἰς
2653 4741 2853 4791 ἐκεῖνον
2874 4739 2963 4791 τὸν
2985 4739 3236 4809 ἀνωτέρω
3257 4739 3446 4792 τούτου
3466 4741 3722 4811 οὐρανὸν,

2062 4829 2138 4889 είς
2156 4825 2215 4877 τὸ
2229 4825 2358 4893 ὕψος
2383 4825 2443 4876 τὸ
2467 4825 2706 4894 ἄπειρον,
2733 4826 2811 4888 είς
2837 4825 2896 4876 τὸ
2924 4826 3036 4892 φῶς
3057 4824 3119 4876 τὸ
3140 4825 3450 4896 ἀπρόσιτον,
3485 4829 3565 4890 εἰς
3594 4830 3726 4892 τοὺς

2060 4931 2258 5000 δήμους
2287 4927 2393 4981 τῶν
2425 4927 2688 4995 ἀγγέλων,
2716 4929 2794 4989 εἰς
2809 4927 2904 4989 τὰς
2921 4924 3099 4989 τάξεις
3113 4928 3220 4978 τῶν
3238 4929 3613 4997 ἀρχαγγέλων,
3643 4935 3724 4994 εἰς

2059 5017 2154 5078 τὰς
2181 5016 2340 5076 ἄλλας
2365 5014 2618 5081 δυνάμεις
2643 5013 2738 5075 τὰς
2770 5013 3088 5080 ἀσωμάτους
3107 5029 3121 5044 ο
3155 5015 3244 5065 καὶ
3274 5015 3432 5066 πάλιν
3455 5015 3720 5068 ἐπιλαϐοῦ

2060 5106 2154 5172 τῆς
2178 5101 2306 5170 παρ’
2335 5102 2464 5170 ήμῖν
2498 5099 2719 5160 εἰκόνος,
2752 5097 2990 5160 καταϐὰς
3024 5097 3248 5160 ἀνωθεν,
3279 5099 3373 5150 καὶ
3403 5100 3725 5169 ὑπόγραψόν

2063 5205 2149 5258 μοι
2175 5188 2239 5239 τὰ
2271 5186 2394 5256 περὶ
2422 5185 2509 5236 τὸν
2541 5183 2758 5252 βασιλέα
2792 5183 2882 5235 τὸν
2922 5184 3012 5235 ἐπὶ
3043 5185 3164 5252 γῆς,
3193 5179 3322 5244 οἷον,
3352 5184 3551 5254 ἄνδρας
3580 5205 3716 5256 χρυ.

2060 5273 2435 5344 σοφοροῦντας,
2470 5272 2561 5323 καὶ
2590 5268 2777 5338 ζεῦγος
2801 5269 3006 5322 λευκῶν
3033 5271 3270 5339 ἡμιόνων
3295 5270 3479 5338 χρυσῷ
3507 5272 3713 5326 καλλω-

2058 5360 2358 5428 πιζομένων
2403 5357 2494 5408 καὶ
2533 5357 2711 5424 ὖχημα
2743 5355 3131 5423 λιθοκόλλητον,
3163 5356 3255 5406 καὶ
3294 5355 3501 5406 πέταλα
3536 5358 3710 5429 τούτῳ

2058 5464 2122 5498 πε
2133 5445 2456 5514 ρισειόμενα,
2477 5441 2568 5493 καὶ
2583 5441 2872 5510 δράκοντας
2891 5442 2946 5492 ἐν
2965 5441 3196 5509 ἱματίοις
3211 5456 3309 5508 σχη
3319 5441 3714 5510 ματιζομένους

2057 5547 2313 5615 σηρικοῖς,
2344 5545 2433 5595 καὶ
2462 5543 2684 5602 ἀσπίδας
2722 5543 2949 5612 χρυσοῦς
2977 5541 3200 5610 ἐχούσας
3230 5542 3556 5610 ὀφθαλμοὺς,
3604 5549 3694 5597 καὶ

2059 5632 2250 5693 ἵππους
2296 5629 2783 5698 χρυσοφοροῦντας,
2836 5629 2926 5679 καὶ
2978 5627 3222 5695 χαλινοὺς
3273 5629 3521 5696 χρυσοῦς.
3560 5632 3700 5683 Ἀλλ’

2057 5722 2182 5772 ὃταν
2215 5717 2304 5769 τὸν
2343 5715 2556 5784 βασιλέα
2600 5715 2809 5783 ἴδωμεν,
2837 5715 2983 5765 οὐδὲν
3016 5712 3214 5764 τούτων
3243 5712 3454 5779 ὁρῶμεν
3483 5714 3686 5773 λοιπόν·
