3990 6454
238 442 356 497 285

242 562 386 605 rent.
432 551 645 605 Etiamsi
678 550 786 605 Noe
831 551 1017 613 fuerit,
1068 550 1148 604 vel
1176 549 1304 612 Job,
1339 548 1417 602 vel
1461 548 1678 611 Daniel,
1711 547 1799 615 qul

237 654 372 694 suos
413 640 642 694 viderim
696 641 955 709 supplicio
1005 640 1256 703 aﬁ'ectos,
1303 653 1406 691 non
1459 638 1653 692 audent
1703 639 1803 691 illis

232 728 476 795 adstare,
507 736 559 781 et
597 742 808 780 manum
853 728 1141 795 porrigere.
1185 727 1395 780 Natura:
1421 726 1615 794 quippe
1658 740 1803 778 com-

234 816 639 871 miserationem
663 827 787 869 tunc
808 816 1000 869 auferri
1031 816 1302 883 contingit.
1334 814 1464 881 Quia
1489 815 1627 868 enim
1656 828 1804 882 repe-

234 906 449 957 riuntur
488 904 614 971 justi
675 912 1008 971 peccatorum
1063 903 1291 955 ﬁliorum
1350 912 1561 970 patres,
1612 902 1804 970 ﬁliique

237 995 395 1063 probi
422 1004 694 1062 parentum
724 994 1086 1061 improborum
1118 994 1247 1060 (non
1276 993 1415 1046 enim
1460 1002 1680 1053 naturae,
1710 991 1803 1045 sed

236 1084 445 1138 arbitrii
474 1084 610 1137 mala
646 1082 826 1152 sunt),
859 1094 915 1135 nt
944 1083 1014 1135 illi
1060 1098 1241 1150 puram
1272 1083 1495 1136 habeant
1533 1082 1763 1135 laetitiam
1786 1121 1800 1143 ,

236 1188 344 1227 nec
392 1174 764 1227 misericordiae
810 1174 857 1225 vi
907 1173 1358 1241 frangantur,qtti
1413 1173 1515 1225 illis
1562 1172 1805 1224 fruuntur

240 1260 435 1326 bonis,
468 1260 609 1313 illam
655 1270 779 1314 tunc
823 1261 1085 1330 exstingui
1129 1262 1416 1330 contingit,
1448 1260 1648 1328 ipsique
1683 1274 1801 1313 cum

239 1348 469 1404 Domino
494 1360 674 1405 contra
707 1352 921 1420 propria
968 1351 1168 1403 viscera
1212 1351 1564 1418 indignantur.
1597 1350 1800 1402 Etenim

240 1437 288 1491 si
324 1453 483 1502 nunc,
506 1453 623 1491 cum
656 1438 831 1491 vident
879 1440 1089 1507 quidam
1142 1438 1275 1491 ﬁlios
1316 1453 1441 1492 suos
1491 1439 1760 1505 improbos
1785 1477 1799 1502 ,

242 1527 389 1594 ipsos
426 1526 745 1580 exheredant
788 1536 839 1581 et
881 1541 908 1579 a
949 1528 1143 1580 fatuilia
1196 1543 1288 1580 sua
1345 1527 1697 1589 abscindunt,
1752 1527 1802 1580 id

241 1617 409 1670 multo
430 1618 591 1685 magis
622 1617 671 1670 in
695 1617 891 1684 judicio
916 1618 1141 1670 eveniet.
1168 1616 1331 1669 Nemo
1354 1618 1526 1685 igitur,
1550 1618 1635 1686 qui
1668 1617 1802 1670 bona

241 1720 351 1758 non
377 1715 647 1774 operetur,
679 1705 874 1773 aliquid
905 1706 1027 1759 boni
1064 1715 1259 1772 speret,
1288 1706 1494 1758 etiamsi
1526 1714 1801 1759 sexcentos

238 1793 413 1862 justos
437 1795 795 1862 progenitores
817 1793 1005 1848 habeat
1034 1811 1046 1846 :
1081 1793 1426 1863 Unusquisque
1452 1795 1581 1847 enim
1604 1799 1798 1863 referet,

240 1881 429 1949 inquit,
460 1896 571 1948 qua:
594 1897 681 1949 per
704 1898 883 1949 corpus
908 1891 1021 1934 sunt
1054 1921 1067 1947 ,
1093 1896 1237 1950 prout
1264 1884 1431 1950 gessit,
1464 1884 1563 1935 sive
1594 1885 1799 1950 bonum,

239 1972 346 2024 sive
374 1972 560 2024 malum
586 1972 659 2041 (2.
694 1971 809 2026 Car.
838 1974 888 2026 5.
926 1974 1034 2041 10).
1061 1974 1348 2027 Audiamus
1366 2015 1379 2038 ,
1411 1988 1608 2043 quaeso,
1635 1984 1687 2029 et
1715 1989 1802 2029 re-

239 2061 576 2128 sipiscamus.
628 2061 680 2116 Si
728 2078 900 2131 prava:
946 2065 1383 2132 concupiscentiae
1429 2066 1549 2134 igne
1596 2066 1802 2131 ardeas,

237 2150 415 2217 cogita
440 2149 574 2203 illius
600 2151 841 2218 supplicii
862 2152 1052 2218 ignem,
1076 2160 1131 2205 et
1155 2153 1237 2205 hic
1264 2152 1397 2221 ignis
1419 2155 1801 2222 exstinguetnr.

240 2238 299 2292 Si
334 2239 561 2292 volueris
586 2240 710 2309 quid
734 2239 988 2293 absonum
1020 2242 1183 2309 loqui,
1210 2250 1379 2296 tecum
1404 2253 1585 2312 reputa
1614 2244 1805 2298 strido-

240 2343 358 2381 rem
406 2327 670 2393 dentium,
701 2338 754 2382 et
783 2336 952 2383 metus
994 2331 1083 2383 tibi
1121 2332 1252 2385 freni
1282 2332 1399 2385 loco
1428 2334 1554 2387 erit.
1589 2330 1642 2384 Si
1671 2334 1803 2387 alie-

242 2432 371 2469 num
402 2430 589 2484 rapere
614 2418 863 2483 volueris,
891 2418 1009 2472 audi
1040 2418 1276 2473 Judieem
1307 2420 1570 2474 dicentem
1596 2438 1609 2473 :
1632 2420 1805 2490 Ligate

244 2521 424 2558 manus
454 2516 499 2557 et
529 2508 675 2574 pedes
704 2509 832 2577 ejus,
865 2516 911 2560 et
939 2508 1167 2577 projicite
1191 2525 1301 2561 eum
1343 2510 1394 2562 in
1422 2512 1642 2563 tenebras
1668 2520 1805 2563 exte-

242 2594 402 2647 riores
431 2592 636 2662 (Matth.
668 2595 755 2648 22.
784 2596 893 2663 l3),
920 2607 973 2650 et
1011 2597 1145 2650 hanc
1180 2598 1395 2666 abjicies
1428 2601 1804 2667 concupiscen-

243 2684 394 2737 tiam.
437 2684 491 2737 Si
527 2685 751 2738 crudelis
781 2696 832 2740 et
880 2687 1256 2742 immisericors
1304 2690 1461 2743 fueris
1483 2729 1497 2754 ,
1530 2690 1805 2745 recordare

244 2774 508 2842 virginum
557 2774 762 2827 illarum
785 2816 799 2839 ,
828 2791 943 2844 qua:
963 2818 977 2841 ,
1003 2779 1274 2833 exstinctis
1304 2779 1628 2847 lampadibus
1675 2781 1803 2843 suis,

243 2878 367 2917 cum
396 2879 502 2917 non
528 2864 785 2919 baberent
804 2868 1002 2932 oleum,
1031 2884 1098 2922 ex
1128 2870 1304 2936 sponsi
1329 2870 1554 2923 thalamo
1580 2871 1807 2924 exclusae

244 2962 371 3008 sunt
398 2952 609 3024 (Matth.
636 2954 726 3025 25)
752 2997 765 3019 ,
795 2971 855 3009 ac
882 2957 984 3010 cito
1014 2958 1266 3027 benignus
1293 2959 1505 3013 evades.
1545 2960 1597 3015 Si
1631 2960 1803 3014 ebrie-

246 3044 341 3099 tati
368 3053 421 3098 et
442 3047 909 3101 comessationibus
941 3062 1153 3116 cperam
1181 3048 1308 3103 dare
1335 3049 1536 3117 cupias,
1569 3049 1688 3102 audi
1715 3050 1797 3103 di-

243 3134 408 3188 vitem
459 3133 758 3199 dicentem,
787 3134 931 3188 Mitte
969 3136 1219 3188 Lazarum
1248 3136 1398 3205 (Luc.
1442 3137 1528 3190 16.
1568 3134 1659 3204 24)
1681 3176 1694 3201 ,
1719 3138 1805 3204 qui

244 3236 456 3276 summo
496 3223 658 3292 digito
708 3223 987 3293 refrigeret
1037 3226 1275 3278 adustam
1320 3227 1547 3295 linguam
1574 3266 1588 3289 ,
1638 3240 1807 3295 neque

244 3319 483 3381 optatum
512 3323 864 3381 consequutus
886 3323 983 3377 est,
1011 3323 1063 3368 et
1091 3315 1264 3368 statim
1297 3315 1363 3367 ab
1387 3315 1485 3369 hoc
1505 3315 1805 3383 cupiditatis

243 3401 433 3455 morbo
460 3401 733 3455 averteris.
752 3401 953 3456 Caetera
975 3417 1183 3471 quoque
1208 3406 1382 3457 omnia
1406 3406 1613 3459 virtutis
1632 3404 1803 3460 ofﬁcia

249 3494 331 3546 sic
359 3493 663 3561 exsequeris
696 3510 709 3545 :
742 3492 867 3546 nihil
898 3494 1035 3547 enim
1064 3509 1343 3548 onerosum
1371 3495 1508 3548 Deus
1536 3497 1803 3564 praecepit.

246 3584 399 3640 Unde
446 3586 599 3653 igitur
653 3594 910 3653 praecepta
958 3599 1179 3639 onerosa
1231 3600 1349 3640 esse
1398 3586 1684 3640 videntur?
1733 3586 1807 3640 Ex

246 3673 469 3743 segnitie
490 3682 689 3726 nostra.
711 3673 1161 3739 Quemadmodum
1189 3677 1328 3728 enim
1357 3676 1399 3727 si
1431 3676 1662 3729 studiose
1684 3675 1805 3729 dili-

244 3771 534 3829 genterque
576 3775 819 3829 agamus,
848 3778 963 3830 quae
1002 3763 1246 3817 videntur
1285 3778 1402 3817 esse
1440 3764 1637 3833 gravia,
1672 3765 1805 3820 levia

246 3848 525 3917 faciliaque
566 3859 755 3903 erunt:
786 3851 895 3913 sic,
927 3851 970 3904 si
1024 3852 1251 3919 segniter
1277 3866 1491 3920 agamus
1511 3892 1524 3914 ,
1558 3852 1805 3907 tolerabi-

244 3939 379 3993 liora
402 3953 611 4008 quoque
651 3939 883 3992 difﬁcilia
927 3939 1077 3993 nobis
1107 3939 1442 3993 videbuntur.
1474 3940 1601 4005 Qum
1630 3941 1803 3996 omnia

245 4027 520 4082 nobiscum
543 4035 865 4096 reputantes,
899 4043 965 4082 ne
990 4029 1171 4082 beatos
1201 4029 1319 4082 illos
1349 4029 1692 4097 praadicemus
1717 4032 1804 4099 qui

246 4117 387 4170 lauta
417 4116 660 4169 fruutttur
688 4130 888 4179 mensa,
912 4117 1003 4169 sed
1050 4117 1258 4169 illorum
1292 4117 1445 4171 ﬁnem
1487 4120 1801 4187 cogitemus.

243 4205 377 4259 Nam
404 4204 488 4258 hic
511 4213 713 4258 stercus
732 4214 784 4258 et
807 4203 1085 4273 pinguedo,
1119 4204 1227 4257 illic
1253 4208 1445 4257 vermis
1466 4214 1519 4257 et
1552 4205 1703 4273 ignis.
1729 4206 1805 4261 Ne

244 4304 504 4365 raptores,
526 4295 619 4350 sed
641 4310 820 4349 eorum
844 4295 1000 4349 ﬁnem
1031 4295 1301 4350 nobiseum
1330 4305 1651 4365 reputemus.
1673 4297 1802 4351 Nam

242 4386 332 4441 hic
378 4385 761 4440 sollicitudines
790 4395 844 4441 et
878 4386 1104 4449 labores,
1134 4387 1240 4441 illic
1262 4387 1463 4440 vincula
1506 4388 1802 4444 insolubilis

242 4483 300 4530 et
324 4474 559 4529 tenebrze
584 4476 892 4529 exteriores.
916 4474 990 4528 Ne
1017 4475 1196 4543 gloriae
1229 4475 1472 4528 humana:
1500 4487 1761 4531 amatores
1785 4493 1800 4542 ;

241 4564 334 4620 sed
365 4564 481 4635 quis
508 4564 576 4618 sit
601 4579 782 4618 eorum
808 4564 997 4628 exitus,
1012 4564 1425 4618 consideremus.
1451 4564 1544 4619 Hie
1570 4566 1801 4620 servitus

239 4665 298 4710 et
328 4654 493 4723 fucus,
525 4655 631 4709 illic
659 4654 905 4709 damnum
930 4654 1151 4707 multum
1179 4663 1232 4708 et
1265 4655 1559 4709 combustio
1580 4663 1796 4711 aeterna.

239 4744 298 4800 Si
330 4744 401 4798 ita
428 4744 566 4812 apud
610 4758 707 4797 nos
744 4743 1152 4807 ratiocinemur,
1180 4753 1337 4813 atque
1382 4744 1493 4798 haec
1518 4755 1569 4799 et
1609 4746 1800 4800 similia

243 4834 421 4903 pravis
439 4834 633 4887 nostris
655 4832 1100 4902 concupiscentiis
1115 4832 1324 4887 assidue
1350 4835 1673 4900 occinamus,
1696 4835 1801 4891 cito

242 4922 530 4992 nequitiam
552 4922 858 4992 effugiemus
892 4930 945 4976 et
968 4923 1212 4976 virtutem
1249 4936 1622 4992 exsequemur,
1658 4939 1798 4993 prae-

242 5011 469 5066 sentium
500 5024 731 5063 amorem
758 5010 1169 5079 exstinguemus,
1201 5018 1253 5063 et
1294 5008 1585 5064 futurorum
1615 5026 1801 5067 accen-

240 5099 450 5155 demus.
470 5096 605 5165 Quid
633 5096 773 5152 enim
804 5098 1064 5152 ﬁrmitatis
1090 5097 1287 5152 habent
1319 5100 1595 5166 praesentia
1619 5139 1634 5164 ,
1675 5099 1798 5169 quid

244 5203 352 5244 tam
384 5188 671 5253 insolitum,
694 5186 817 5256 quid
841 5196 943 5241 tam
973 5187 1288 5256 stupendum
1310 5229 1323 5253 ,
1354 5198 1411 5243 ut
1436 5202 1646 5243 onmem
1676 5206 1799 5260 erga

244 5282 333 5334 illa
364 5292 543 5333 curam
579 5277 946 5332 insumamus?
972 5278 1161 5331 Annon
1190 5277 1375 5331 eadem
1407 5278 1517 5347 ipsa
1546 5290 1801 5347 perpetuo

243 5368 485 5423 videmus
511 5365 659 5437 quasi
690 5366 743 5420 in
782 5364 1035 5420 circulum
1086 5366 1414 5421 recurrentis
1437 5405 1453 5430 ,
1481 5374 1537 5421 ut
1573 5366 1711 5422 diem
1747 5379 1801 5423 et

243 5468 475 5520 noctem,
504 5465 713 5511 nmtem
734 5463 787 5511 et
814 5454 977 5518 diem,
1001 5453 1230 5510 hiemem
1255 5464 1309 5511 et
1337 5463 1576 5511 aetatem
1600 5496 1615 5522 ,
1638 5468 1798 5511 aesta-

244 5560 352 5604 tem
378 5554 435 5603 et
471 5546 718 5610 hiemem,
743 5553 797 5600 et
827 5544 956 5599 nihil
986 5543 1242 5599 ulterius?
1283 5546 1649 5601 Accendamus
1674 5561 1799 5617 ergo

234 5642 540 5695 futurorum
569 5636 887 5694 desiderium
916 5638 1195 5694 bonorum.
1228 5638 1411 5709 Magna
1436 5638 1629 5708 quippe
1646 5638 1802 5708 justis

247 5728 484 5800 reposita
520 5735 599 5787 est
638 5728 824 5801 gloria,
848 5737 899 5785 et
942 5743 1098 5800 quam
1128 5728 1303 5785 verbis
1350 5727 1645 5798 exprimere
1692 5742 1798 5785 non

1428 437 1513 490 DE
1554 434 1907 491 PERFECTA
1944 434 2302 491 CARITATE.

3344 444 3454 501 286

1912 560 2208 614 possumus.
2236 546 2364 600 Nam
2401 560 2620 614 corpora
2655 566 2770 615 post
2806 552 3241 604 resurrectionem
3290 556 3434 606 iucor

1908 635 2170 704 ruptibilia
2210 635 2558 703 accipientes,
2587 635 2770 704 gloria:
2816 638 3064 706 regnique
3093 640 3285 693 Christi
3326 655 3454 695 con-

1905 734 2076 778 SOI‘lCS
2091 731 2267 776 erunt.

1976 813 2026 866 6.
2053 811 2363 865 Resurrectin
2393 817 2561 882 futura
2588 825 2827 883 quantum
2849 817 3302 872 bonum.Futuram
3333 823 3457 874 inter

1907 911 1951 953 et
1977 911 2263 969 pratsentem
2304 905 2454 955 vitam
2498 905 2778 957 discrimen.
2810 936 2880 945 —
2911 907 3018 961 Hoc
3059 924 3182 963 vero
3207 921 3454 979 quantum

1907 989 1993 1054 sit,
2039 989 2159 1044 hinc
2204 991 2595 1060 intelligemus;
2648 996 2753 1047 imo
2794 997 2965 1062 potius
3008 1013 3285 1067 numquam
3318 1004 3457 1054 clare

1907 1077 2288 1147 intelligemus;
2318 1092 2369 1133 ut
2397 1091 2570 1135 autem
2594 1085 2837 1153 exemplo
2858 1101 2921 1138 ex
2945 1088 3092 1139 bonis
3113 1091 3457 1155 praesentibus

1907 1180 2198 1237 assumpto,
2230 1186 2443 1237 parvam
2480 1175 2757 1242 quamdam
2804 1177 2917 1243 ejus
2955 1180 3190 1231 notitiam
3232 1182 3457 1248 attingat-

1908 1272 2043 1322 mus,
2073 1274 2168 1327 pro
2212 1261 2351 1314 virili
2401 1278 2514 1315 mea
2559 1264 2609 1316 id
2656 1266 2794 1332 quod
2836 1266 3029 1320 dictum
3073 1278 3153 1322 est
3195 1270 3460 1324 declarare

1907 1346 2119 1399 curabo.
2162 1347 2255 1401 Dic
2282 1349 2429 1411 mihi,
2460 1352 2501 1403 si
2534 1352 2650 1419 quis
2682 1352 2775 1405 tibi
2804 1354 2915 1405 scui
2942 1362 2993 1406 et
3034 1356 3081 1406 in
3120 1358 3331 1422 penuria
3367 1357 3459 1411 de-

1907 1437 2046 1503 genti
2092 1439 2433 1504 polliceretur
2487 1441 2537 1493 id
2594 1444 2949 1509 prmstiturum
3000 1459 3093 1508 sc,
3145 1456 3200 1498 ut
3246 1459 3460 1515 repente

1905 1523 2115 1590 juvenis
2141 1542 2307 1591 esses,
2338 1537 2390 1581 et
2420 1530 2469 1581 in
2502 1530 2671 1597 ipsum
2695 1532 2863 1583 aetatis
2893 1531 3074 1585 ﬁorom
3106 1534 3454 1599 reducereris,

1909 1612 2180 1683 formaque
2216 1632 2277 1669 ac
2310 1618 2498 1671 robore
2526 1620 2764 1686 corporis
2793 1624 2995 1674 cunctis
3027 1634 3300 1688 prarstares
3321 1664 3335 1688 ,
3364 1625 3459 1678 da-

1908 1712 2187 1774 turumque
2225 1708 2314 1759 tibi
2350 1708 2506 1761 totius
2536 1709 2680 1762 orbis
2729 1726 2965 1777 regnum,
2994 1712 3152 1779 idque
3204 1714 3270 1766 ad
3316 1714 3461 1770 mille

1908 1809 2096 1860 annos,
2144 1811 2396 1861 regnum,
2447 1798 2690 1865 inquam,
2744 1800 2795 1852 itt
2864 1801 3270 1868 profundissima
3332 1820 3458 1872 pace

1910 1885 2334 1953 transigendum,
2364 1886 2487 1955 quid
2535 1902 2630 1955 pro
2676 1889 2765 1942 tali
2820 1891 3153 1958 assequendo
3203 1896 3462 1960 promisso

1909 1990 2012 2030 non
2048 1976 2251 2043 facere,
2283 1979 2403 2046 quid
2426 1994 2529 2032 non
2554 1981 2656 2047 pati
2688 1980 2892 2033 velles?
2920 1982 2997 2033 En
3030 1983 3201 2050 igitur,
3228 1984 3463 2039 Christus

1908 2078 2012 2118 non
2053 2064 2186 2127 hinc,
2211 2065 2302 2118 sed
2339 2066 2420 2119 his
2444 2066 2598 2135 longe
2629 2068 2825 2135 majora
2855 2069 3145 2135 pollicetur.
3179 2071 3291 2124 Non
3322 2073 3460 2125 enim

1908 2165 2101 2225 quanta
2132 2166 2455 2210 senectutem
2488 2158 2625 2211 inter
2651 2166 2704 2211 et
2736 2158 3060 2226 juventutem
3082 2200 3096 2224 ,
3126 2169 3262 2212 tanta
3294 2162 3462 2215 solum

1908 2251 1991 2297 est
2022 2245 2157 2297 inter
2180 2245 2567 2312 corruptionem
2591 2253 2645 2298 et
2676 2246 3121 2314 incorruptionem
3149 2247 3461 2314 differentia;

1908 2345 2078 2400 neque
2120 2343 2372 2400 quantum
2419 2342 2500 2386 est
2547 2333 2682 2386 inter
2733 2349 2949 2400 regnum
2999 2345 3053 2389 et
3103 2346 3461 2403 paupertatem

1908 2421 2212 2488 discrimen,
2236 2430 2434 2476 tantum
2460 2422 2615 2476 etiam
2642 2432 2722 2476 est
2749 2424 2885 2477 inter
2910 2423 3128 2492 gloriam
3152 2436 3463 2493 praesentem

1907 2518 1961 2565 et
1989 2510 2211 2563 futuram
2243 2528 2254 2563 :
2282 2512 2373 2565 sed
2402 2522 2654 2580 quantum
2696 2514 2834 2565 inter
2864 2514 3065 2566 somnia
3094 2525 3146 2567 et
3172 2517 3247 2569 rei
3277 2518 3466 2569 verita-

1909 2607 2036 2651 tem.
2061 2598 2170 2652 lmo
2197 2614 2321 2653 vero
2366 2600 2597 2654 nondum
2624 2601 2888 2669 quidpiam
2911 2601 3016 2654 dixi
3042 2619 3056 2654 :
3080 2604 3251 2657 nullus
3276 2606 3466 2673 quippe.

1909 2702 2085 2742 sermo
2117 2697 2287 2754 potest
2330 2688 2680 2743 differentiam
2716 2690 2855 2744 illam
2896 2692 3208 2760 exprimere,
3240 2709 3357 2761 quae
3386 2704 3467 2748 est

1910 2774 2047 2829 inter
2084 2774 2257 2829 futura
2296 2786 2349 2830 et
2384 2779 2683 2847 prresentia.
2721 2778 2773 2832 Si
2818 2780 2951 2832 ratio
2993 2789 3164 2833 autem
3216 2781 3467 2835 habeatur

1910 2865 2186 2932 temporis,
2226 2865 2370 2918 nulla
2398 2866 2615 2919 omnino
2671 2874 2845 2933 potest
2892 2869 3108 2936 cogitari
3154 2868 3463 2924 differentia.

1910 2953 2183 3018 Quomodo
2221 2954 2360 3007 enim
2400 2954 2641 3008 conferre
2696 2955 2813 3023 quis
2858 2965 3030 3022 potest
3081 2959 3463 3025 praesentibus,

1910 3042 2068 3096 vitam
2112 3044 2308 3096 nullum
2347 3045 2629 3097 terminum
2672 3044 3011 3099 habituram?
3039 3047 3094 3100 In
3133 3061 3262 3115 pace
3288 3057 3464 3101 autem

1911 3140 2112 3184 tantum
2136 3141 2217 3185 est
2259 3132 2565 3195 discrimen,
2592 3142 2844 3200 quantum
2885 3135 3021 3187 inter
3050 3150 3231 3203 pacem
3262 3146 3315 3190 et
3356 3137 3467 3191 bel-

1909 3220 2051 3287 lum,
2102 3222 2239 3275 inter
2275 3224 2664 3291 corruptionem
2709 3238 2835 3277 vero
2890 3234 2944 3277 et
2996 3226 3462 3295 incorruptionem,

1910 3319 2163 3380 quantum
2205 3311 2343 3364 inter
2380 3312 2573 3365 luteum
2625 3311 2848 3366 frustum
2880 3322 2934 3367 et
2971 3328 3228 3381 gemmam
3261 3332 3463 3385 puram.

1910 3399 2017 3454 lmo
2044 3416 2167 3455 vero
2196 3402 2369 3469 potius
2394 3401 2645 3470 quidquid
2674 3403 2835 3466 dicas,
2863 3402 2991 3455 nihil
3022 3403 3290 3458 declarare
3318 3415 3465 3472 pote-

1910 3490 2001 3545 ris.
2034 3490 2281 3555 Quamvis
2329 3492 2469 3544 enim
2519 3505 2799 3559 corporum
2848 3492 3123 3545 beatorum
3173 3495 3464 3561 pulchritu-

1909 3578 2083 3633 dinem
2141 3579 2287 3632 radio
2338 3579 2473 3631 lucis
2527 3581 2837 3644 conferam,
2894 3582 3133 3648 quamvis
3186 3584 3468 3652 conspicuo

1909 3663 2122 3734 fulguri,
2167 3664 2297 3717 nihil
2342 3666 2431 3718 illo
2471 3665 2749 3732 splendore
2792 3665 3006 3735 dignum
3034 3668 3223 3724 dicam.
3257 3670 3358 3724 Pro
3385 3672 3467 3726 his

1909 3764 2053 3808 certe
2080 3764 2206 3823 quot
2236 3769 2338 3807 non
2379 3756 2648 3822 pecunias,
2681 3763 2811 3823 quot
2845 3772 2950 3810 non
2979 3772 3200 3827 corpora
3249 3761 3465 3829 profun-

1908 3845 2036 3899 dere
2059 3861 2153 3914 par
2179 3844 2361 3899 esset?
2391 3846 2496 3900 imo
2517 3854 2645 3914 quot
2690 3860 2792 3898 non
2840 3847 3079 3901 animas?
3104 3848 3249 3904 Nune
3281 3867 3460 3919 porro,

1909 3937 1952 3991 si
1979 3937 2095 4004 quis
2121 3945 2172 3990 te
2213 3936 2266 3988 in
2296 3936 2494 4004 regiam
2539 3934 2918 3995 introduceret,
2953 3937 3302 4006 omnibusque
3332 3957 3466 4007 pne-

1908 4027 2145 4081 sentibns
2175 4026 2224 4079 id
2255 4033 2467 4079 curaret
2495 4034 2548 4076 ut
2579 4024 2870 4092 Imperator
2901 4034 2951 4079 te
2978 4026 3350 4095 alloqueretur,
3384 4040 3462 4085 te-

1908 4130 2012 4184 que
2042 4123 2094 4169 et
2141 4128 2336 4167 mensae
2361 4121 2415 4168 et
2452 4112 2642 4167 sedium
2694 4126 2994 4167 consortem
3043 4115 3375 4185 admitteret,
3414 4131 3466 4175 to

1908 4205 2143 4258 omnium
2174 4203 2532 4257 beatissimum
2560 4218 2679 4256 esse
2724 4204 3094 4271 pronuntiares
3120 4223 3132 4257 :
3162 4214 3216 4257 at
3243 4222 3362 4261 cum
3410 4210 3461 4262 in

1908 4293 2092 4347 ca-lunt
2122 4293 2196 4347 sis
2226 4307 2564 4357 ascensurus,
2599 4302 2652 4346 et
2681 4306 2800 4345 eum
2830 4292 2945 4360 ipso
2973 4294 3337 4349 universorum
3363 4300 3461 4352 ltu-

1908 4392 2153 4451 peratore
2173 4390 2499 4445 versaturus,
2524 4396 2643 4434 cum
2670 4381 2870 4449 angelis
2890 4381 3119 4435 vicissim
3149 4385 3464 4445 micaturus.

1907 4482 1962 4527 et
1992 4473 2259 4526 inaccessa
2293 4471 2382 4525 illa
2410 4470 2577 4539 gloria
2610 4470 2872 4523 fruiturus
2892 4511 2906 4535 ,
2935 4472 3157 4541 ambigis
3201 4490 3324 4528 num
3371 4493 3463 4546 pe-

1907 4561 2089 4615 cunias
2110 4559 2431 4629 profundere
2466 4567 2739 4628 oporteat,
2777 4574 2896 4612 cum
2944 4574 3040 4629 par
3068 4571 3227 4629 esset,
3254 4564 3459 4620 etiamsi

1908 4650 2070 4703 vitam
2124 4650 2369 4703 emittere
2417 4663 2549 4717 opus
2598 4657 2775 4711 esset,
2806 4650 3100 4715 exsultare,
3139 4654 3371 4719 gaudere
3408 4666 3461 4710 et

1906 4756 2016 4812 prae
2043 4739 2311 4808 voluptate
2337 4738 2449 4791 alas
2475 4738 2782 4792 assumere?
2814 4740 2881 4791 At
2912 4748 3057 4802 tu,ut
3096 4743 3457 4808 praefecturam

1907 4829 2241 4899 adipiscaris,
2274 4841 2392 4895 quae.
2421 4825 2521 4880 tibi
2552 4826 2810 4881 furtorum
2852 4829 3159 4884 occasiones
3184 4834 3415 4901 praebeat
3440 4853 3458 4890 ι

1907 4935 2013 4975 non
2034 4919 2173 4973 enim
2203 4916 2254 4971 id
2281 4916 2487 4971 lucrum
2509 4917 2774 4972 vocarim:
2806 4927 2859 4971 et
2880 4917 3154 4974 facultates
3176 4924 3452 4990 cxpeudis,

1906 5006 1971 5060 ab
1999 5006 2218 5074 aliisque
2247 5005 2521 5073 mutuaris,
2554 5020 2616 5060 ac
2640 5007 2683 5061 si
2714 5015 2956 5075 oporteat
2978 5009 3136 5061 etiam
3164 5025 3381 5067 uxorem
3406 5026 3456 5068 et

1906 5097 2102 5152 liberos
2128 5097 2332 5167 pignori
2362 5096 2488 5151 dare
2536 5112 2643 5150 non
2687 5097 2906 5161 vereris,
2938 5111 3102 5166 regno
3134 5111 3309 5155 autem
3339 5118 3456 5157 cae—-

1905 5186 2075 5241 lorum
2097 5186 2189 5241 tibi
2212 5188 2501 5256 proposito,
2522 5186 2847 5255 imperioque
2872 5190 3194 5243 successoris
3220 5203 3454 5259 experte,

1905 5276 2081 5346 segnis
2108 5290 2195 5341 es,
2226 5276 2440 5344 refugis,
2465 5284 2517 5329 et
2565 5275 2801 5343 pecuniis
2848 5274 3018 5328 inhias
3039 5276 3062 5328 7
3086 5291 3183 5330 nec
3226 5279 3450 5345 cogitas,

1904 5366 1951 5421 si
2004 5366 2118 5421 caeli
2169 5374 2347 5436 partes
2400 5365 2533 5430 illae,
2574 5379 2704 5434 quas
2744 5366 3050 5433 conSpicere
3098 5368 3352 5434 valemus,
3388 5370 3455 5422 ita

1904 5454 2157 5524 pulchrae,
2205 5455 2276 5509 ita
2319 5453 2563 5523 jucundae
2613 5462 2755 5519 sunt,
2788 5466 2996 5522 quantm
3025 5464 3174 5507 erunt
3207 5456 3325 5509 alia:
3373 5456 3454 5511 his

1905 5546 2230 5614 superiores,
2254 5554 2505 5615 quantum
2537 5545 2721 5598 cielum
2747 5545 2857 5598 οωιὶ
2882 5546 2905 5597 ?

1980 5631 2342 5705 Imperatarum
2393 5633 2555 5687 cultus
2592 5651 2705 5687 cum
2733 5634 2915 5688 Christi
2953 5642 3213 5688 nomssimo
3238 5638 3455 5689 adventu

1908 5736 2244 5796 contparatus.
2271 5756 2336 5766 —
2363 5726 2465 5781 Sed
2495 5727 2618 5796 quia
2644 5725 2909 5795 corporeis
2938 5726 3100 5779 oculis
3142 5725 3252 5779 haec
3275 5726 3457 5779 videre
