3990 6456
524 434 637 490 287

518 553 621 588 tum
678 532 820 596 tlcet,
876 538 1053 584 mente
1106 524 1374 589 ascende,
1421 533 1474 577 et
1523 535 1684 590 supra
1741 521 1842 573 hoc
1886 516 2074 571 emtum

518 637 688 688 stans,
714 621 920 691 respice
945 622 998 672 in
1024 617 1149 671 illud
1176 616 1421 684 superius
1443 612 1656 675 caelum,
1688 611 1741 665 in
1760 615 2075 669 immensam

514 712 865 774 altitudinem,
894 710 946 763 in
973 707 1145 761 lucem
1175 706 1515 766 inaccessam,
1539 704 1590 755 in
1630 701 1933 770 angelorum
1981 713 2078 767 po-

526 803 695 873 pulos,
721 801 774 854 in
800 795 1235 866 archangelorum
1262 792 1510 855 ordines,
1555 797 1609 844 et
1639 789 1690 843 in
1732 789 1864 841 alias
1903 788 2077 840 incor-

522 906 710 962 poreas
747 889 968 943 virtutes
1001 904 1014 940 :
1046 900 1108 939 ac
1147 898 1329 939 rursus
1361 882 1481 935 hinc
1521 878 1849 934 descendens
1898 876 2079 944 imagi-

523 995 642 1034 nem
696 979 840 1032 illam
887 983 1118 1030 nostram
1169 983 1428 1027 terrenam
1474 970 1690 1037 accipe,
1729 981 1792 1020 ac
1840 965 2080 1020 describe

520 1069 653 1123 mihi
698 1069 781 1122 illa
824 1081 942 1135 qua:
985 1072 1248 1118 terrenum
1305 1061 1673 1129 Imperatorem
1719 1058 2076 1118 circumstant,

521 1166 644 1227 puta
672 1158 814 1210 viros
838 1169 970 1208 auro
991 1153 1266 1207 decoratos
1286 1191 1301 1214 ,
1323 1151 1505 1218 jugum
1545 1147 1779 1201 albarum
1821 1146 2080 1198 mularum

522 1261 652 1299 auro
680 1253 1004 1305 ornatarum,
1034 1255 1248 1297 currum
1291 1237 1476 1306 lapillis
1501 1243 1918 1304 coagmentatum
1943 1273 1959 1299 ,
2005 1233 2080 1284 la-

524 1334 698 1387 minas
726 1332 779 1386 in
808 1331 898 1385 illo
927 1329 1144 1384 mobiles
1186 1337 1240 1381 et
1266 1327 1516 1396 agitatas,
1549 1325 1808 1378 dracones
1838 1323 1890 1374 in
1917 1322 2078 1375 vesti-

520 1423 717 1477 mentis
762 1419 945 1475 sericis
992 1419 1264 1486 depictos,
1312 1416 1521 1484 aSpidcs
1571 1415 1746 1468 aureis
1798 1414 2080 1467 instructas

522 1513 689 1566 oculis
712 1551 728 1575 ,
759 1524 925 1579 equos
953 1524 1084 1564 auro
1108 1519 1326 1566 ornatos
1350 1549 1364 1573 ,
1397 1507 1542 1560 frena
1569 1521 1747 1559 aurea.
1781 1505 1848 1558 At
1873 1504 2080 1571 quando

525 1601 898 1668 Imperatorem
925 1598 1183 1660 videmus,
1215 1597 1346 1649 nihil
1368 1610 1548 1648 eorum
1575 1595 1708 1648 ultra
1733 1593 2076 1661 respicimus:

522 1689 613 1744 ille
640 1688 834 1757 quippe
858 1688 1004 1742 solus
1029 1701 1124 1740 nos
1151 1687 1202 1738 in
1228 1699 1286 1739 se
1313 1685 1570 1739 convertit
1592 1700 1606 1744 ;
1651 1697 1841 1751 nempe
1885 1696 2078 1749 purpu-

523 1791 618 1833 rea
655 1777 986 1839 vestimenta,
1016 1773 1255 1827 diadema
1277 1813 1292 1836 ,
1325 1773 1472 1836 sella,
1499 1771 1676 1834 ﬁbula,
1699 1769 1882 1834 calcei,
1909 1773 2078 1822 vultus

523 1866 796 1935 splendor.
829 1865 921 1920 His
958 1864 1202 1919 omnibus
1243 1863 1396 1919 simul
1422 1871 1664 1915 accurate
1695 1860 1984 1929 perpensis,
2012 1858 2079 1912 ab

522 1955 608 2015 his
634 1969 843 2011 rursum
871 1953 1238 2022 cogitationem
1285 1950 1510 2004 transfer
1533 1949 1599 2003 ad
1628 1963 1875 2018 superna,
1907 1948 2077 2002 diem-

521 2059 626 2114 que
670 2043 954 2097 terribilem
998 2041 1165 2111 cogita
1190 2082 1206 2107 ,
1250 2056 1350 2110 qua
1389 2040 1627 2094 Christus
1656 2039 1916 2094 adveniet.
1964 2038 2077 2091 Non

524 2134 665 2188 enim
692 2133 875 2203 jugum
905 2132 1162 2186 mularum
1207 2138 1330 2184 tunc
1358 2131 1588 2194 videbis,
1637 2144 1740 2182 non
1768 2141 1953 2183 currus
1980 2142 2076 2180 au-

522 2237 678 2290 reos,
707 2235 813 2275 non
851 2219 1110 2274 dracones
1148 2229 1204 2273 et
1244 2219 1453 2287 aspides
1472 2258 1487 2283 ,
1517 2217 1609 2271 sed
1637 2216 1776 2286 quod
1803 2216 2079 2270 horrorem

522 2311 759 2376 incutiat,
781 2319 831 2362 et
852 2317 1051 2362 tantum
1071 2318 1339 2376 stupet-em
1366 2307 1582 2375 injiciat,
1609 2315 1668 2360 ut
1692 2305 1929 2359 caalestes
1950 2305 2077 2372 ipsa;

522 2399 742 2453 virtutes
767 2404 909 2451 stent
932 2397 1168 2453 attonita:
1193 2412 1207 2448 :
1233 2411 1350 2448 nam
1382 2395 1592 2447 Virtutes
1612 2395 1868 2456 catlorum,
1891 2393 2078 2461 inquit,

524 2486 956 2557 commovebuntur
991 2485 1216 2557 (Matth.
1245 2486 1334 2540 24.
1361 2485 1432 2539 29
1452 2485 1494 2553 ).
1525 2485 1672 2538 Tunc
1698 2485 1886 2539 cerium
1915 2493 2079 2537 totum

523 2578 817 2646 aperietur,
844 2575 1129 2630 descendet
1156 2590 1281 2630 vero
1310 2576 1608 2644 unigenitus
1638 2575 1730 2628 Dei
1757 2574 1942 2636 Filius,
1974 2587 2078 2626 non

522 2664 725 2733 viginti,
769 2677 876 2718 non
905 2672 1117 2721 centum
1167 2664 1479 2720 satellitibus
1505 2664 1748 2732 stipatus,
1782 2662 1877 2717 sed
1906 2663 2078 2716 mille-

524 2752 609 2806 nis
649 2762 702 2806 et
737 2751 916 2806 decies
957 2751 1143 2806 millies
1172 2753 1396 2805 millenis
1423 2752 1623 2819 angelis
1651 2760 1704 2805 et
1731 2750 2080 2818 archangelis,

525 2841 804 2908 omniaque
822 2850 976 2894 erunt
997 2842 1181 2893 timore
1197 2849 1250 2893 et
1269 2851 1468 2894 terrore
1489 2842 1663 2908 plena,
1681 2840 1901 2894 discissa
1923 2849 2080 2903 terra,

526 2929 873 2996 omnibusque
895 2928 1195 2982 hominibus
1211 2929 1278 2983 ab
1295 2930 1461 2988 Adam
1483 2943 1647 2997 usque
1667 2928 1733 2982 ad
1758 2929 1900 2981 illam
1920 2928 2080 2993 diem,

525 3033 594 3084 ex
623 3028 764 3072 terra
789 3018 1122 3086 surgentibus
1150 3026 1204 3071 et
1230 3019 1481 3086 abreptis,
1513 3020 1627 3086 ipso
1651 3033 1770 3072 cum
1802 3027 1940 3071 tanta
1965 3019 2082 3087 glo-

530 3106 610 3160 ria
639 3105 905 3176 fulgente,
932 3116 991 3161 ut
1017 3107 1144 3160 solis
1169 3116 1221 3160 et
1247 3107 1381 3160 lunae
1413 3117 1572 3159 totam
1599 3108 1768 3161 lucem
1796 3107 2080 3170 occultent,

527 3195 690 3257 radiis
719 3197 820 3250 illis
843 3196 1007 3264 ipsam
1034 3197 1422 3264 superantibus.
1451 3196 1574 3262 Sed,
1604 3198 1705 3251 heu
1732 3212 1836 3262 me,
1858 3207 2086 3265 quantus

528 3293 713 3353 stupor
742 3285 858 3351 ille,
884 3299 1002 3338 cum
1034 3287 1153 3338 talia
1183 3295 1546 3353 exspectantes
1573 3288 1708 3342 bona
1740 3289 2087 3355 praesentibus

531 3374 828 3439 inhiamus,
875 3388 973 3428 nec
1000 3375 1293 3444 cogitamus
1321 3376 1512 3430 diaboli
1543 3376 1802 3430 vafritiem
1825 3418 1838 3439 ,
1866 3379 1954 3444 qui
1995 3393 2088 3446 per

531 3477 619 3528 res
645 3463 758 3516 illas
790 3461 1004 3530 exiguas
1030 3463 1232 3531 magnis
1261 3478 1357 3516 nos
1383 3465 1552 3532 privat
1576 3465 1746 3529 bonis,
1783 3465 1872 3518 dat
1899 3467 2085 3531 lutum,

531 3560 590 3604 ut
614 3551 840 3618 abripiat
864 3551 1071 3615 caelum,
1101 3551 1336 3605 umbratn
1363 3551 1597 3619 exhibet,
1625 3562 1683 3607 ut
1705 3553 1934 3620 expellat
1952 3555 2087 3607 veri-

531 3649 715 3705 tatem,
744 3650 899 3708 atque
924 3642 976 3693 in
997 3641 1213 3694 somniis
1232 3656 1421 3694 vanam
1443 3642 1672 3696 ostendit
1697 3658 1940 3712 pompam
1964 3644 2089 3711 (hoc

530 3731 673 3785 enim
716 3739 839 3783 sunt
866 3739 1153 3797 praesentes
1186 3730 1454 3799 divitiae),
1483 3742 1566 3795 ut,
1607 3733 1922 3786 adveniente
1951 3735 2086 3799 luce,

531 3835 630 3874 nos
673 3820 905 3874 omnium
936 3820 1295 3887 pauperrimos
1323 3819 1587 3872 exhibeat.
1628 3820 1756 3885 Qua:
1793 3836 1911 3874 cum
1953 3823 2088 3874 scia-

535 3925 653 3964 mus
673 3950 687 3975 ,
719 3908 896 3963 dilecti
921 3949 936 3973 ,
964 3909 1076 3976 ejus
1101 3908 1279 3961 dolum
1309 3907 1568 3976 fugiamus
1591 3950 1607 3975 ,
1639 3909 1689 3962 id
1718 3911 1883 3964 vitare
1934 3925 2088 3964 cure-

536 4014 676 4062 mus,
709 4013 774 4052 ne
802 4012 919 4051 cum
952 3998 1040 4050 illo
1065 3997 1410 4061 damnemur,
1439 4012 1506 4050 ne
1535 3998 1685 4051 nobis
1708 3998 1876 4052 Judex
1908 3999 2046 4052 dicat
2075 4018 2089 4052 :

534 4088 784 4141 Discedite
808 4102 840 4138 a
864 4102 972 4149 me,
1002 4087 1286 4151 maledicti,
1319 4089 1372 4140 in
1398 4088 1561 4155 ignem
1587 4097 1827 4141 aeternum
1857 4099 2090 4157 paratum

534 4178 731 4230 diabolo
756 4185 802 4229 et
829 4177 1023 4245 angelis
1051 4177 1157 4243 ejus
1188 4175 1398 4243 (Matth.
1426 4177 1515 4230 25.
1541 4179 1600 4231 si
1626 4179 1666 4247 ).

604 4267 657 4319 7.
696 4267 764 4319 At
791 4265 1049 4333 benignus
1073 4273 1153 4317 est
1183 4265 1349 4328 Deus;
1384 4264 1435 4317 id
1466 4281 1568 4317 non
1599 4268 1837 4330 accidet,
1863 4269 2088 4336 inquies.

533 4356 744 4422 Ergone
773 4359 963 4407 frustra
994 4353 1244 4420 scriptum
1274 4353 1395 4406 est?
1425 4354 1761 4423 Nequaquam
1780 4396 1795 4420 ,
1823 4357 1967 4420 aies;
1997 4358 2089 4411 sed

534 4445 600 4500 ad
629 4444 1087 4497 comminationem
1114 4445 1305 4507 solum,
1335 4453 1394 4498 ut
1430 4447 1823 4514 resipiscamus.
1854 4449 1907 4502 Si
1938 4449 2093 4515 igitur

533 4549 638 4594 non
660 4535 1045 4602 resipiscamus.
1073 4534 1165 4589 sed
1186 4535 1410 4603 improbi
1437 4551 1764 4602 maneamus,
1792 4555 1986 4602 nonne,
2009 4541 2094 4594 die

533 4624 682 4686 mihi,
701 4623 1008 4690 supplicium
1031 4623 1240 4678 inferet?
1265 4625 1401 4693 Ergo
1429 4641 1599 4694 neque
1627 4628 1777 4682 bonis
1797 4631 2091 4684 mercedem

534 4712 828 4765 retribuet?
879 4710 1175 4776 Retribuat,
1205 4714 1408 4781 inquies
1436 4731 1450 4767 :
1480 4715 1530 4767 id
1561 4717 1698 4769 enim
1720 4717 1890 4785 ipsum
1916 4719 2088 4784 decet,

534 4802 691 4855 etiam
719 4814 874 4867 supra
899 4800 1140 4853 meritum
1163 4801 1413 4856 beneﬁcia
1454 4803 1712 4858 conferre.
1752 4805 1877 4859 Hcce
1919 4807 2093 4876 itaque

534 4907 656 4945 vera
685 4900 827 4953 sunt,
855 4900 908 4944 et
924 4905 1138 4958 prorsus
1165 4893 1404 4945 evenient
1435 4912 1448 4945 :
1479 4909 1594 4962 qua:
1615 4904 1786 4950 autem
1810 4897 1873 4949 ad
1891 4899 2091 4966 suppli-

537 4983 614 5034 cia
639 4982 880 5043 attinent,
904 4982 1262 5048 nequaquam?
1288 4981 1330 5036 Ο
1352 4983 1564 5035 multam
1586 4985 1776 5039 diaboli
1800 4986 2086 5041 vafritiem!

538 5087 571 5124 o
590 5069 924 5122 inhumanam
938 5071 1053 5136 ejus
1075 5070 1480 5128 humanitatem!
1515 5072 1678 5141 Ipsius
1707 5077 1844 5129 enim
1875 5087 1954 5130 est
1980 5078 2091 5132 hate

537 5161 801 5229 cogitatio,
828 5168 886 5213 ut
909 5161 1126 5228 gratiam
1177 5161 1414 5214 conferat
1452 5162 1687 5216 inutilem
1739 5173 1792 5218 et
1821 5169 2090 5233 segniores

535 5249 739 5304 reddat.
767 5248 896 5315 Quia
920 5249 1071 5302 novit
1095 5250 1255 5312 enim,
1284 5252 1522 5319 supplicii
1545 5261 1759 5315 metum,
1801 5269 1895 5307 ceu
1922 5257 2089 5323 quod-

537 5339 657 5391 dam
683 5339 911 5402 frenum,
945 5337 993 5391 id
1019 5346 1265 5405 praestare
1302 5349 1361 5392 ut
1382 5342 1569 5395 animis
1597 5356 1847 5411 angimur
1875 5353 1931 5398 et
1953 5360 1980 5397 a
2009 5347 2086 5399 vi-

539 5426 625 5478 tiis
667 5425 1011 5489 retrahatnur,
1044 5425 1173 5478 nihil
1215 5441 1314 5479 non
1353 5429 1458 5494 agit
1498 5439 1550 5482 et
1587 5432 1829 5494 molitur,
1873 5441 1929 5485 ut
1964 5434 2085 5488 illud

542 5514 792 5567 radicitus
815 5515 1021 5578 erellat,
1051 5529 1156 5583 quo
1181 5515 1388 5568 demum
1427 5518 1541 5570 sine
1570 5521 1757 5573 timore
1785 5535 1876 5587 per
1905 5525 2084 5588 prarci-

540 5601 661 5667 pitia
706 5601 956 5655 feramur.
999 5603 1272 5666 Quomodo
1303 5603 1457 5670 igitur
1494 5605 1636 5659 illum
1677 5609 2082 5675 superabitnus?

541 5691 886 5760 Quacumque
914 5707 976 5746 ex
1025 5693 1304 5762 Scripturis
1335 5692 1647 5762 proferimus
1674 5697 1851 5753 dicent
1890 5701 1949 5759 ii.
1991 5706 2077 5771 qui

1251 415 1307 470 S.
1347 409 1617 468 JOANNIS
1639 407 2108 464 CIIRYSOSTOMI
2146 407 2456 464 ARCIIIEP.
2497 411 3024 475 CONSTANTINOP.

3641 447 3765 502 288

2191 518 2576 586 contradicunt,
2607 524 3031 581 comminationis
3057 541 3212 580 causa
3247 530 3439 598 scripta
3465 546 3606 587 esse.
3640 534 3755 590 Ve-

2187 619 2303 658 rum
2331 604 2380 659 id
2401 607 2466 661 de
2496 609 2682 664 futuris
2712 611 2845 666 forte
2863 613 3042 669 dicere
3069 618 3289 683 possint,
3320 621 3418 673 etsi
3461 621 3756 679 admodum

2185 694 2377 762 impie;
2405 696 2472 751 de
2499 701 2778 765 praeteritis
2803 717 2950 768 vero,
2980 704 3147 773 deque
3177 707 3241 760 iis
3279 724 3397 776 qua:
3434 710 3547 778 jam
3573 712 3754 767 conti-

2184 795 2501 852 gerunt,non
2530 788 2674 841 item.
2700 789 3083 861 interrogemus
3110 795 3263 864 igitur
3275 811 3367 850 eos
3401 815 3414 850 :
3442 801 3760 858 Audistine

2183 873 2250 926 de
2276 874 2491 940 diluvio,
2522 877 2695 945 deque
2723 881 2951 947 pernicie
2975 881 3063 935 illa
3092 885 3410 938 universali?
3437 904 3563 941 num
3586 892 3756 945 etiam

2183 961 2310 1015 illud
2336 965 2757 1022 comminationis
2780 983 2934 1023 causa
2957 970 3153 1026 dictum
3175 973 3380 1028 fuerat?
3409 992 3586 1032 annon
3614 996 3756 1034 con-

2186 1052 2319 1120 tigit,
2351 1063 2403 1106 et
2431 1053 2482 1106 in
2513 1055 2709 1109 exitum
2733 1056 3014 1113 deductum
3045 1062 3164 1114 est?
3188 1077 3364 1116 nonne
3394 1064 3444 1118 id
3461 1067 3758 1122 testiﬁcan-

2185 1150 2272 1194 tur
2294 1144 2557 1198 Armenite
2600 1155 2828 1212 montes,
2859 1148 2945 1203 ubi
2993 1165 3112 1204 arca
3142 1154 3420 1206 consedit?
3449 1169 3627 1210 annon
3658 1172 3758 1212 re-

2185 1230 2357 1298 liquiae
2408 1233 2524 1298 ejus
2571 1234 2676 1288 illic
2737 1235 2990 1292 hactenus
3048 1251 3326 1294 servantur
3380 1243 3444 1295 ad
3510 1254 3757 1298 nostram

2183 1319 2592 1375 admonitionem
2621 1323 2965 1393 (a)?Similia
3011 1334 3137 1380 tunc
3178 1329 3330 1382 multi
3375 1330 3645 1396 dicebant,
3687 1347 3758 1387 ac

2185 1426 2278 1479 per
2298 1420 2508 1464 centum
2563 1429 2730 1468 annos
2782 1414 2906 1469 dum
2953 1433 3071 1470 arca
3126 1429 3560 1484 construeretur,
3611 1424 3758 1490 ligna

2183 1509 2504 1567 aptarentur,
2533 1503 2808 1573 iustusque
2826 1506 3093 1571 clamaret,
3125 1524 3278 1563 nemo
3301 1520 3414 1564 erat
3438 1513 3527 1579 qui
3559 1512 3756 1566 credo-

2183 1597 2266 1642 rct
2297 1605 2312 1642 :
2342 1591 2431 1644 sed
2460 1593 2580 1660 quia
2611 1607 2712 1646 non
2755 1595 3091 1650 crediderunt
3129 1601 3522 1656 comminationi
3550 1603 3758 1656 verbo-

2182 1692 2321 1742 rum,
2354 1679 2606 1734 ultionem
2639 1693 2860 1750 repente
2887 1699 2950 1739 ac
2978 1687 3150 1754 reipsa
3177 1689 3468 1743 subierunt.
3495 1691 3660 1760 Atqui
3680 1692 3754 1755 is,

2182 1766 2270 1832 qui
2303 1776 2500 1821 tantum
2527 1768 2651 1837 ipsis
2671 1773 2981 1840 supplicium
3011 1775 3203 1840 intulit,
3227 1791 3400 1830 annon
3430 1779 3602 1832 multo
3631 1794 3757 1832 ma-

2178 1854 2264 1922 jus
2317 1856 2469 1911 nobis
2499 1857 2725 1912 inferet?
2750 1875 2852 1912 non
2879 1863 3022 1916 enim
3051 1864 3250 1917 minora
3283 1877 3406 1919 sunt
3441 1867 3557 1920 haec
3595 1868 3758 1922 malis

2183 1942 2324 1996 illius
2351 1946 2618 2013 temporis.
2639 1947 2786 2001 Tunc
2808 1949 3000 2003 illicitis
3024 1953 3250 2006 coitibus
3267 1968 3483 2022 operam
3514 1955 3753 2010 dabant:

2183 2049 2304 2087 nam
2336 2034 2556 2104 lngressi
2581 2049 2716 2106 sunt,
2748 2041 2933 2108 inquit,
2978 2043 3074 2109 ﬁlii
3116 2042 3210 2097 Dei
3235 2046 3302 2099 ad
3325 2045 3461 2112 ﬁlias
3489 2049 3758 2102 hominum

2185 2121 2331 2191 (Gen.
2360 2123 2411 2178 6.
2440 2125 2494 2193 2)
2525 2143 2537 2177 :
2563 2142 2703 2181 nunc
2746 2139 2920 2183 autem
2969 2131 3170 2185 nullum
3212 2145 3294 2187 est
3340 2149 3510 2203 genus
3539 2141 3754 2204 peccati

2184 2212 2321 2280 quod
2349 2223 2490 2268 retro
2512 2218 2855 2286 relinquatur.

2255 2302 2580 2357 Maledictum
2632 2305 2968 2361 Sodomorum
3019 2327 3119 2364 non
3157 2315 3389 2381 temporis
3439 2316 3606 2381 spatio
3662 2317 3756 2370 de-

2185 2392 2355 2448 letum.
2401 2423 2472 2433 —
2516 2393 2746 2461 Verum,
2775 2398 2818 2449 si
2859 2399 3062 2466 placet,
3107 2400 3171 2453 ad
3213 2401 3312 2454 alia
3367 2404 3611 2471 supplicii
3661 2420 3756 2473 ge-

2186 2496 2309 2534 nera
2339 2498 2635 2537 sermonem
2664 2497 3060 2554 convertamus,
3097 2498 3154 2543 ut
3183 2507 3246 2545 es
3273 2493 3555 2559 prteteritis
3582 2494 3762 2549 futura

2183 2570 2481 2625 credantur.
2541 2573 2673 2626 Num
2726 2575 2843 2643 quis
2892 2587 3120 2631 vestrum
3170 2595 3416 2648 umquam
3472 2581 3524 2634 in
3581 2583 3758 2636 Palae-

2184 2659 2372 2711 stinam
2415 2663 2772 2729 peregrinatus
2816 2665 2932 2718 est?
2961 2666 3085 2719 Mihi
3125 2669 3333 2735 quidem
3382 2670 3615 2724 videtur.
3656 2671 3761 2724 Vos

2184 2762 2311 2815 ergo
2352 2749 2609 2803 dictorum
2653 2754 2859 2806 veritati
2900 2756 3250 2810 testimonium
3297 2756 3451 2810 ferte.
3496 2758 3629 2810 Nam
3683 2760 3758 2810 nl-

2188 2845 2264 2887 tra
2297 2837 2607 2891 Ascalonem
2635 2849 2688 2893 et
2726 2841 2916 2895 Gazam
2961 2844 3024 2897 ad
3065 2846 3230 2913 ipsum
3279 2857 3604 2914 postremum
3638 2848 3756 2902 Jor-

2186 2923 2337 2978 danis
2380 2926 2519 2980 ﬂuvii
2552 2932 2830 2983 terminum
2877 2942 2990 2985 erat
3025 2935 3265 3002 quaedam
3291 2937 3438 3005 regio
3466 2953 3660 3005 magna
3711 2949 3759 2992 et

2187 3014 2526 3082 feracissima,
2552 3034 2669 3086 qua:
2710 3035 2830 3074 cum
2869 3023 3111 3090 paradiso
3150 3025 3240 3078 Dei
3269 3036 3583 3081 concertare
3635 3043 3762 3095 pos-

2187 3113 2268 3157 set
2301 3119 2313 3154 :
2344 3119 2463 3157 nam
2516 3105 2668 3170 Vidit,
2702 3110 2888 3177 inquit,
2921 3110 3016 3163 Lot
3055 3128 3248 3165 omnem
3285 3115 3538 3182 regionem
3570 3117 3762 3168 circum

2187 3195 2479 3260 Jordanem,
2522 3214 2632 3264 quae
2674 3199 2977 3268 it't'ignbatur
2999 3203 3140 3271 quasi
3168 3203 3432 3270 paradisus
3459 3203 3558 3258 Dei
3587 3208 3606 3273 (
3628 3204 3757 3259 Gen.

2191 3286 2276 3338 l3.
2312 3286 2422 3353 10).
2456 3287 2643 3340 Verum
2688 3289 2802 3343 tunc
2847 3305 2986 3344 nunc
3027 3299 3109 3345 est
3151 3293 3385 3346 omnium
3414 3294 3760 3348 desertorum

2190 3372 2566 3428 desertissima.
2597 3377 2748 3429 Stant
2774 3379 2911 3430 enim
2933 3379 3170 3444 arbores,
3193 3390 3246 3433 et
3275 3382 3499 3436 fructum
3531 3382 3757 3446 habent,

2191 3470 2245 3514 at
2285 3461 2483 3516 fructus
2525 3463 2613 3517 ille
2657 3465 2747 3517 ira:
2792 3465 2982 3518 divinae
3030 3468 3406 3521 monimentum
3457 3478 3562 3523 est.
3608 3470 3762 3524 Stant

2191 3532 2547 3619 malogranata
2577 3554 2850 3620 splendida
2883 3555 3016 3610 facie
3043 3571 3188 3625 spem
3231 3558 3421 3611 bonam
3461 3559 3762 3628 ignoranti-

2193 3639 2290 3693 bus
2343 3640 2665 3707 prtebentia,
2705 3642 2945 3696 manibus
2971 3653 3145 3698 autem
3187 3655 3400 3713 accepta
3449 3657 3505 3699 et
3553 3648 3760 3711 fracta,

2192 3727 2418 3784 fructum
2448 3729 2664 3797 quidem
2687 3732 2917 3796 nullum,
2966 3733 3058 3786 sed
3108 3734 3372 3802 pulverem
3415 3736 3766 3806 cineremque

2192 3819 2413 3872 multum
2441 3821 2580 3874 intus
2612 3823 2836 3888 positum
2863 3823 3131 3877 exhibent.
3161 3825 3300 3878 Talis
3323 3835 3403 3878 est
3429 3835 3594 3891 terra,
3630 3830 3766 3882 tales

2194 3906 2414 3973 lapides,
2445 3908 2560 3960 talis
2586 3909 2698 3975 ipse
2727 3924 2836 3961 aer.
2867 3910 3054 3963 Omnia
3077 3912 3284 3965 incensa
3307 3924 3429 3965 sunt
3463 3955 3476 3976 ,
3503 3917 3686 3967 omnia
3712 3918 3767 3970 in

2194 3995 2425 4049 cinerem
2452 3996 2686 4059 redacta,
2716 4007 3064 4066 prmtcrquam
3095 3999 3186 4052 ira:
3220 4002 3567 4066 monimenta,
3600 4003 3765 4056 futuri

2198 4084 2440 4151 supplicii
2462 4083 2673 4138 indicia.
2702 4085 2835 4138 Num
2863 4095 2915 4139 et
2945 4087 3058 4139 haec
3075 4096 3196 4141 sunt
3224 4089 3505 4142 verborum
3528 4094 3765 4144 commi-

2196 4172 2474 4228 nationes?
2503 4188 2630 4228 num
2659 4183 2713 4228 et
2742 4173 2855 4228 hmc
2882 4189 3183 4229 sermonum
3216 4179 3508 4246 strepitus?
3542 4179 3600 4234 Si
3641 4184 3766 4249 quis

2196 4279 2300 4316 non
2322 4264 2491 4318 credit
2507 4264 2784 4332 gehennae,
2812 4265 3094 4320 Sodomam
3137 4269 3368 4336 cogitet,
3402 4269 3764 4326 Gomorrbant

2197 4367 2375 4406 secum
2419 4363 2657 4420 reputet,
2709 4355 3017 4421 supplicium
3062 4356 3302 4410 videlicet
3338 4358 3446 4424 jam
3487 4372 3765 4428 sumptunt

2197 4451 2248 4492 et
2275 4441 2526 4493 hactenus
2552 4455 2788 4493 manens.
2824 4441 2876 4493 ld
2904 4442 3042 4508 quod
3078 4443 3251 4496 divina
3291 4444 3563 4512 Scriptura
3601 4465 3765 4502 enar-

2197 4545 2319 4582 rans
2339 4529 2404 4583 de
2424 4531 2675 4597 sapientia
2704 4531 2780 4584 sic
2807 4531 3038 4599 loquitur
3066 4551 3078 4584 :
3116 4533 3238 4588 licet:
3252 4538 3466 4604 justum,
3505 4545 3766 4604 pereunti-

2197 4621 2286 4672 bus
2311 4621 2495 4687 impiis,
2534 4620 2756 4673 liberavit
2793 4623 3059 4689 fugientem
3088 4623 3462 4678 descendentem
3498 4628 3668 4696 ignem
3710 4633 3762 4683 in

2198 4709 2514 4778 Pentapolim
2543 4709 2694 4778 (Sap.
2727 4710 2809 4764 10.
2840 4712 2890 4764 6.
2919 4713 2994 4780 7).
3025 4713 3145 4767 llaec
3172 4715 3330 4768 etiam
3358 4731 3498 4770 nunc
3530 4717 3596 4773 In
3625 4723 3764 4774 testi-

2195 4800 2411 4850 monium
2437 4799 2663 4866 nequitia:
2683 4799 2935 4868 fumigans
2953 4812 3049 4853 stat
3070 4802 3259 4855 deserta
3285 4814 3414 4856 terra
3431 4847 3444 4868 ,
3479 4817 3526 4858 et
3566 4809 3764 4863 incerto

2195 4896 2409 4954 tempore
2433 4892 2624 4954 fructus
2648 4890 2878 4940 arborum
2907 4893 3100 4943 emittit.
3127 4892 3351 4946 Necesse
3391 4906 3567 4949 autem
3602 4912 3681 4952 est
3709 4912 3762 4953 et

2195 4998 2404 5037 causam
2436 4986 2612 5039 dicere
2639 4986 2705 5038 ob
2738 5001 2893 5052 quam
2928 4987 3050 5039 talia
3090 4989 3226 5054 passi
3261 4999 3402 5043 sunt.
3435 4990 3614 5045 Unum
3644 5005 3762 5047 erat

2194 5087 2374 5126 eorum
2398 5075 2758 5141 scelus,grave
2770 5074 2976 5141 quidem
3005 5085 3057 5128 et
3088 5078 3498 5142 exsecrandum;
3523 5090 3760 5135 attamen

2195 5178 2375 5214 Unum.
2403 5163 2664 5215 lnsanoin
2707 5177 2898 5229 pueros
2942 5179 3121 5218 amore
3163 5165 3496 5230 ferebantur,
3532 5170 3760 5238 ideoque

2195 5252 2343 5318 ignea
2399 5251 2580 5320 pluvia
2619 5252 2876 5305 combusti
2913 5262 3072 5305 sunt:
3108 5270 3246 5309 nunc
3288 5267 3459 5308 autem
3500 5269 3757 5314 sexcenta

2193 5356 2334 5408 parta
2360 5352 2412 5394 et
2435 5341 2678 5408 graviora
2710 5351 3098 5408 perpetrantur,
3131 5359 3300 5413 neque
3326 5345 3427 5399 tale
3448 5347 3753 5406 incendium

2193 5437 2505 5483 tmmllllltll'.
2538 5430 2748 5494 Quare?
2771 5430 2901 5496 Quia
2938 5433 3073 5485 alius
3115 5435 3249 5501 ignis
3277 5447 3607 5503 praeparatus
3636 5449 3751 5504 est,

2191 5535 2470 5587 numquam
2501 5521 2928 5587 exstinguendus.
2953 5522 3226 5586 Quomodo
3254 5525 3390 5577 enim
3417 5526 3505 5592 qui
3529 5541 3626 5593 pro
3647 5544 3751 5581 uno

2249 5653 2319 5710 (ιι)
2345 5648 2564 5716 Reliquiae
2589 5662 2706 5716 arcae
2730 5658 2823 5699 Noe
2848 5659 3064 5712 tempore
3089 5652 3404 5716 Chrysostomi
3431 5654 3478 5702 in
3504 5658 3748 5708 montibus

2189 5714 2426 5762 Armenia:
2448 5711 2771 5760 servabantur.
