3990 6440
185 407 310 465 287

161 509 382 574 ἀκτῖνος
424 512 530 582 γὰρ
571 514 716 584 ἡμᾶς
759 516 1070 586 ἐπιστρέφει
1103 520 1288 589 μόνος,
1330 525 1421 577 καὶ
1454 524 1524 578 τά
1572 528 1820 595 πορφυρᾶ

193 605 386 674 μάτια,
412 608 588 662 καὶτὸ
614 610 865 680 διάδημα,
897 613 987 666 καὶ
1024 616 1056 684 ἡ
1097 617 1351 687 καθέδρα,
1395 623 1487 673 καὶ
1531 622 1565 690 ἡ
1597 624 1814 692 περόνη,

164 701 269 751 καὶ
310 700 378 754 τὰ
411 703 740 773 ὑποδήματα,
768 708 916 776 καὶὴ
948 709 1044 776 τῆς
1077 710 1251 779 ὅψεως
1286 713 1600 782 λαμπηδὼν.
1638 717 1819 770 Ταῦτα

164 789 268 848 οὖν
309 796 521 850 ἅπαντα
553 802 865 868 συναγαγὼν
910 805 1166 874 ἀκριϐῶς,
1215 807 1320 859 ἀπὺ
1346 809 1546 864 τούτων
1595 813 1822 879 μετάθες

166 889 341 942 πάλιν
371 892 460 944 ἐπὶ
493 893 558 945 τὰ
585 895 692 947 ἀνω
726 896 812 948 τὸν
840 897 1113 968 λογισμὸν,
1150 903 1242 953 καὶ
1270 901 1368 971 τὴν
1397 905 1606 974 ἡμέραν
1640 907 1820 976 ἐννόη-

169 999 271 1036 σον
311 984 408 1054 τὴν
452 987 700 1058 φοϐεράν,
744 991 862 1043 καθ’
906 992 973 1061 ἡν
1009 996 1037 1046 6
1069 996 1296 1064 Χριστὸς
1329 1001 1704 1068 παραγίνεται.
1739 1003 1811 1056 Οὐ

167 1077 286 1147 γὰρ
329 1079 517 1148 ζεῦγος
559 1085 792 1153 ἡμιόνων
827 1087 943 1156 ὕψει
980 1091 1118 1154 τότε,
1166 1095 1282 1146 οὐδὲ
1322 1097 1568 1165 ὀχήματα
1609 1101 1817 1167 χρυσᾶ,

167 1171 296 1224 οῖ,δέ
334 1174 626 1243 δράκοντας
656 1180 748 1231 καὶ
779 1181 1022 1245 ἀσπίδας.
1053 1186 1165 1237 ἀλλ’
1191 1188 1220 1239 ὃ
1262 1189 1457 1260 πολλῆς
1495 1191 1653 1260 γέμει
1695 1195 1820 1263 φρί-

170 1282 301 1334 κης,
337 1269 427 1319 καὶ
454 1271 714 1340 τοσαύτην
739 1276 952 1342 ἐμποιεῖ
985 1278 1082 1346 τὴν
1109 1279 1379 1343 ἔκστασιν,
1424 1285 1498 1346 ὡς
1531 1286 1623 1338 καὶ
1655 1287 1820 1348 αὐτὰς

173 1361 512 1432 ἐκπλαγῆναι
539 1365 636 1428 τάς
674 1369 950 1437 οὐρανίους
987 1374 1267 1442 δυνάμειςο
1299 1381 1367 1430 Al
1401 1379 1507 1448 γὰρ
1542 1380 1820 1448 δυνάμεις

175 1453 300 1506 τῶν
327 1457 610 1522 οὐρανῶν,
639 1463 788 1530 φησὶ,
811 1468 1307 1532 σαλευθήσονται.
1345 1470 1492 1542 [296]
1519 1475 1650 1527 Τότε
1684 1476 1821 1528 ἀνοί-

175 1559 340 1612 τεται
375 1551 471 1615 μὲν
508 1550 648 1614 ἄπας
673 1554 700 1606 6
728 1557 977 1624 οὐρανὸς,
1019 1561 1225 1614 κάτεισι
1259 1563 1313 1615 δὲ
1340 1567 1366 1617 6
1401 1568 1686 1638 μονογενὴς
1725 1571 1817 1623 τοῦ

175 1639 315 1692 Θεοῦ
358 1642 502 1707 Υίδς,
528 1647 625 1698 οὐκ
667 1650 856 1712 είκοσι,
886 1652 1002 1703 οὐδὲ
1031 1654 1220 1705 ἑκατὸν
1249 1656 1678 1728 δορυφορούντων
1718 1662 1818 1714 αύ-

174 1732 288 1797 τδν,
332 1736 463 1789 ἀλλὰ
489 1739 733 1808 χιλιάδων
767 1745 857 1795 καὶ
892 1747 1163 1814 μυριάδων
1189 1749 1429 1816 ἀγγέλων
1465 1769 1524 1804 τε
1561 1754 1652 1805 καὶ
1683 1756 1818 1824 ἀρχ-

174 1830 425 1894 αγγέλων
449 1871 462 1893 ,
505 1835 593 1885 καὶ
638 1836 810 1889 πάντα
854 1838 1004 1892 ἔσται
1057 1841 1218 1908 φόϐου
1260 1845 1350 1896 καὶ
1385 1845 1581 1915 τρόμου
1617 1848 1812 1917 μεστὰ,

173 1923 275 1990 τῆς
309 1925 409 1990 γῆς
435 1926 930 2002 ἀναρρηγνυμένης,
971 1937 1063 1988 καὶ
1109 1937 1215 1988 τῶν
1258 1939 1474 1993 πώποτε
1517 1943 1818 2012 γενομένων

172 2014 498 2083 ἀνθρώπων,
541 2022 597 2086 ἐξ
645 2015 704 2074 οὗ
737 2026 954 2094 γέγονεν
993 2031 1022 2082 6
1061 2033 1227 2102 Ἀδὰμ
1273 2035 1432 2104 μέχρι
1476 2039 1574 2106 τῆς
1608 2039 1818 2108 ἡμέρας

173 2109 413 2178 ἐκείνης.
442 2114 546 2168 ἀπὸ
582 2118 682 2186 γῆς
708 2121 1094 2192 ἀνισταμένων,
1140 2131 1232 2180 καὶ
1269 2131 1679 2201 ἁρπαζομένων,
1721 2136 1819 2187 αύ-

171 2202 268 2255 τοῦ
317 2208 452 2272 μετά
496 2212 756 2284 τοσαύτης
793 2219 1107 2288 φαινομένου
1139 2223 1323 2291 δόξης,
1369 2226 1506 2280 ὥστε
1543 2229 1632 2280 τὸν
1671 2229 1819 2302 ἥλιον

175 2300 271 2352 καὶ
300 2300 398 2371 τὴν
439 2305 662 2378 σελήνην
697 2312 836 2366 ἀπαν
869 2315 1070 2386 κρύψαι
1117 2319 1174 2370 τὸ
1214 2322 1346 2387 φῶς,
1389 2323 1491 2376 ὑπὸ
1519 2325 1616 2392 τῆς
1648 2300 1819 2393 αύγῆς

173 2392 391 2463 ἐκείνης
415 2397 907 2475 ὑπερλαμπόμενον.
947 2409 1104 2476 Ἀλλ’,
1147 2412 1290 2482 οἴμοι
1325 2417 1422 2484 τῆς
1453 2417 1646 2486 πολλῆς
1675 2392 1820 2471 ἀναιο

177 2487 424 2555 σθησίας,
452 2495 550 2555 ὅτι.
577 2497 821 2554 τοιούτων
847 2506 1302 2576 προσδοκωμένων
1323 2511 1558 2575 ἀγαθῶν,
1586 2512 1662 2564 ἐτι
1686 2512 1819 2581 πρὸς

176 2581 246 2634 τὰ
285 2587 524 2655 παρόντα
559 2595 880 2663 κεχήναμεν.
928 2600 1020 2650 καὶ
1057 2602 1153 2652 οὐκ
1191 2605 1469 2670 ἐννοοῦμεν
1512 2605 1604 2657 τοῦ
1643 2607 1820 2659 διαϐό-

198 2693 271 2729 .ου
296 2679 391 2747 τὴν
420 2686 762 2753 κακουργίαν,
788 2688 845 2752 δς
871 2689 957 2744 διά
981 2693 1088 2744 τῶν
1121 2697 1328 2765 μικρῶν
1351 2699 1415 2749 τὰ
1447 2700 1652 2768 μεγάλα
1679 2703 1823 2770 ἡμᾶς

182 2771 509 2840 ἀφαιρεῖται,
541 2778 634 2829 καὶ
658 2778 836 2832 δίδωσι
864 2783 1049 2852 πηλὸν,
1079 2787 1165 2839 ἵνα
1205 2789 1420 2858 ἁρπάσῃ
1454 2791 1694 2860 οὐρανὸν,
1728 2794 1822 2845 καὶ

175 2862 414 2918 δείκνυσι
450 2884 621 2932 σκιάν,
663 2873 748 2926 ἵνα
792 2875 990 2946 ἐκϐάλῃ
1021 2882 1117 2947 τῆς
1153 2881 1431 2950 ἀληθείας,
1472 2885 1563 2936 καὶ
1591 2886 1648 2936 ἐν
1686 2886 1822 2938 ὀνεί-

180 2972 297 3023 ροις
340 2962 593 3026 φαντάζει
627 2964 812 3033 (τοῦτο
844 2969 950 3040 γάρ
977 2972 1004 3022 6
1035 2973 1222 3038 παρὼν
1256 2976 1528 3047 πλοῦτος),
1561 2978 1647 3043 ἵν’,
1680 2980 1820 3048 ἡμέ-

180 3067 284 3120 ρας
330 3057 641 3127 γενομένης,
678 3058 824 3132 δείξῃ
862 3064 1074 3117 πάντων
1113 3071 1480 3138 πενεστέρους.
1507 3072 1682 3142 ’Ἀπερ
1718 3090 1821 3141 μα-

177 3143 381 3208 θόντες,
413 3149 700 3219 ἀγαπητοὶ,
732 3153 984 3222 φύγωμεν
1013 3159 1102 3210 τὸν
1130 3160 1331 3212 ἐκείνου
1360 3162 1525 3226 δόλον,
1565 3164 1820 3232 φύγωμεν

174 3238 279 3305 τὴν
329 3242 445 3308 μετ’
480 3243 683 3297 ἐκείνου
710 3247 1047 3317 κατάκρισιν,
1080 3251 1167 3304 ῐνα
1211 3254 1283 3323 μὴ
1332 3256 1424 3308 καὶ
1457 3257 1589 3324 πρὸς
1614 3259 1762 3326 ἡμᾶς
1791 3260 1820 3310 6

219 3332 371 3401 ριτὴς
412 3335 569 3407 εῐπῃ·
609 3341 936 3404 Πορεύεσθε
970 3343 1069 3397 ἀπ’
1107 3345 1270 3412 ἐμοῦ,
1311 3351 1365 3400 οι
1401 3352 1817 3418 κατηραμένοι,

196 3426 265 3490 ιίς
293 3428 359 3481 τὸ
394 3428 512 3496 πῦρ
540 3432 605 3483 τὸ
636 3433 872 3489 αἰώνιον
899 3438 965 3491 τὸ
994 3439 1430 3510 ἡτοιμασμένον
1464 3443 1544 3508 τῷ
1572 3445 1825 3513 διαϐόλῳ

175 3519 278 3573 καί
313 3522 434 3587 τοῖς
459 3525 729 3594 ἀγγέλοις
757 3531 958 3584 αὐτοῦ.

246 3616 311 3675 ζ’.
353 3617 507 3669 Ἀλλά
539 3620 909 3691 φιλάνθρωπός
937 3627 1081 3678 ἐστιν
1102 3629 1129 3680 6
1165 3629 1293 3693 Θεός
1311 3648 1323 3660 ·
1355 3633 1450 3685 οὒκ
1476 3634 1814 3698 ἔσταιτοῦτο,

177 3707 360 3776 φησίν.
389 3709 592 3763 Οὐκοῦν
621 3713 736 3783 είκῆ
764 3717 1098 3786 γέγραπται;
1133 3723 1283 3790 Οὐχὶ,
1318 3726 1499 3794 φησὶν.
1527 3727 1659 3780 ἀλλά
1686 3729 1818 3797 πρὸς

178 3799 410 3870 ἀπειλὴν
445 3803 618 3872 μόνον,
664 3807 747 3859 ἵνα
782 3812 1160 3881 σωφρονῶμεν.
1187 3816 1282 3868 "Av
1313 3814 1403 3870 οὖν
1438 3820 1510 3888 μὴ
1541 3820 1820 3890 σωφρονῶ-

180 3908 305 3960 μεν,
334 3894 468 3948 ἀλλά
497 3897 738 3967 μένωμεν
768 3905 944 3966 κακοὶ,
969 3907 1066 3958 οὐκ
1094 3909 1278 3972 ἐπάξει
1307 3911 1401 3981 τὴν
1429 3914 1672 3979 κόλασιν;
1701 3915 1820 3968 είπέ

180 4002 294 4054 μοι.
323 3989 527 4043 Ούκοῦν
563 3992 679 4045 ούδέ
715 3999 826 4058 τοῖς
868 3999 1087 4066 ἀγαθοῖς
1131 4001 1392 4057 ἀποδώσει
1426 4005 1522 4068 τὰς
1559 4009 1817 4076 ἀμοιϐάςς

177 4079 309 4141 Ναὶ,
338 4084 504 4150 φησί’
536 4084 691 4138 τοῦτο
721 4087 828 4156 γάρ
860 4092 1066 4159 πρέπον
1095 4095 1239 4162 αὐτῷ
1268 4097 1359 4148 καὶ
1387 4098 1522 4166 ὑπὲρ
1547 4101 1642 4170 τὴν
1667 4101 1820 4164 ἀξίαν

179 4172 506 4241 εὐεργετεῖν.
536 4178 694 4232 Ὥστε
737 4181 916 4233 ἐκεῖνα
958 4183 1131 4254 ἀληθῆ
1163 4187 1255 4240 καὶ
1301 4190 1510 4253 πάντως
1549 4191 1718 4255 ἔσται,
1752 4195 1820 4246 τὰ

175 4265 236 4318 δὲ
260 4267 366 4318 τῶν
395 4268 660 4323 κολάσεων
699 4272 755 4323 οὐ
791 4274 1034 4341 πάντως;
1065 4278 1126 4329 Ὢ
1153 4279 1250 4348 τῆς
1280 4281 1475 4351 πολλῆς
1512 4283 1603 4335 τοῦ
1647 4284 1821 4337 διαϐό-

178 4355 271 4408 λου
297 4361 669 4427 κακοτεχνίας,
695 4363 739 4414 ῶ
776 4365 871 4432 τῆς
902 4367 1257 4437 ἀπανθρώπου
1285 4371 1482 4442 ταύτης
1521 4374 1819 4445 φιλανθρω-

179 4450 330 4512 πίας.
368 4453 600 4509 Ἐκείνου
632 4456 737 4526 γάρ
763 4458 904 4510 ἐστιν
931 4455 1079 4522 οὗτος
1105 4464 1130 4512 ό
1158 4462 1410 4532 λογισμὸς
1439 4467 1593 4535 χάριν
1633 4468 1822 4537 ἀνόνη-

176 4561 269 4596 τον
299 4547 642 4616 χαριζόμενος
678 4553 770 4603 καὶ
813 4554 1084 4622 ῥᾳθύμους
1122 4559 1304 4611 ποιῶν.
1345 4561 1562 4629 Ἐπειδὴ
1603 4562 1708 4633 γάρ
1745 4559 1822 4615 οἷ-

176 4639 285 4700 δεν,
313 4639 390 4689 ὅτι
415 4640 510 4709 τῆς
535 4641 800 4706 κολάσεως
827 4646 853 4695 6
884 4647 1061 4713 φόϐος,
1086 4650 1329 4722 καθάπερ
1360 4670 1439 4715 τις
1463 4656 1692 4722 χαλινὸς,
1723 4657 1820 4726 τὴν

185 4734 455 4802 ἡμετέραν
505 4737 658 4804 ἀγχει
712 4738 903 4809 ψυχὴν,
951 4743 1042 4792 καὶ
1087 4743 1195 4795 τῶν
1251 4747 1433 4799 κακῶν
1479 4751 1816 4814 ἀναστέλλει,

184 4828 362 4880 πάντα
402 4833 545 4881 ποιεῖ
572 4835 662 4884 καὶ
709 4837 1165 4904 πραγματεύεται,
1198 4839 1333 4891 ὥστε
1369 4843 1654 4913 πρόρριζον
1693 4846 1820 4899 ἀνα-

178 4923 383 4974 σπάσαι
414 4924 614 4989 τοῦτον,
641 4927 724 4978 ἵνα
762 4928 941 4981 λοιπὸν
975 4932 1141 4994 ἀδεῶς
1175 4935 1312 4986 κατά
1341 4939 1594 5005 κρημνῶν
1641 4941 1815 5010 φερώ-

183 5007 339 5075 μεθα.
371 5009 491 5070 Πῶς
519 5006 609 5062 οὖν
641 5013 801 5064 αὑτοῦ
843 5017 1283 5085 περιγενώμεθα;
1314 5021 1450 5074 Ὅσα
1480 5023 1543 5074 ἂν
1580 5026 1820 5095 εἴπωμεν

177 5100 286 5152 ἀπὸ
310 5102 418 5153 τῶν
459 5104 704 5173 Γραφῶν,
739 5105 949 5175 ἐροῦσιν
978 5111 1026 5158 οἱ
1068 5113 1452 5179 ἀντιλέγοντες,
1484 5118 1563 5169 δτι
1597 5119 1821 5190 ἀπειλῆς

183 5195 363 5247 ἕνεκεν
393 5197 714 5267 γέγραπται,
743 5201 897 5254 Ἀλλά
927 5205 1051 5273 περὶ
1079 5205 1176 5273 μὲν
1197 5208 1300 5260 τῶν
1329 5210 1620 5278 μελλόντων
1649 5214 1819 5283 ἔχοιεν

182 5288 248 5339 ἂν
285 5289 439 5342 τοῦτο
470 5291 662 5358 λέγειν,
703 5296 750 5345 εί
784 5296 876 5348 καὶ
903 5297 1018 5347 λίαν
1048 5300 1284 5364 ἀσεϐῶς·
1320 5306 1445 5374 περὶ
1484 5306 1539 5358 δὲ
1577 5307 1682 5359 τῶν
1727 5311 1817 5361 ἐκ·

184 5381 490 5450 ϐεϐηκότων
532 5387 630 5439 οὐκ
675 5388 786 5451 ἔτι,
838 5391 929 5442 καὶ
977 5391 1125 5454 τέλος
1174 5397 1497 5465 ἐσχηκότων,
1542 5400 1819 5469 Ἐρώμεθα

182 5477 358 5529 τοίνυν
380 5479 571 5543 αὐτούς
592 5484 911 5537 ’Ἠκούσατε
930 5488 1049 5555 περὶ
1073 5487 1164 5538 τοῦ
1199 5493 1571 5561 κατακλυσμοῦ
1604 5497 1696 5547 καὶ
1722 5497 1819 5563 τῆς

185 5575 550 5645 πανωλεθρίας
587 5577 825 5648 ἐκείνης;
877 5582 948 5649 μὴ
992 5586 1207 5635 κάκεῖνο
1243 5588 1466 5657 ἀπειλῆς
1516 5592 1694 5642 ἕνεκεν
1742 5592 1820 5642 εἷ-

186 5689 347 5743 ρητο;
380 5674 497 5742 οὐχὶ
545 5674 750 5743 γέγονε,
799 5678 898 5728 καὶ·
922 5680 1000 5740 εἰς
1047 5679 1201 5746 ἔργον
1233 5681 1427 5749 ὲξέ6η;
1468 5687 1582 5756 οὐχὶ
1621 5689 1711 5741 καὶ
1753 5689 1817 5741 τὰ

1449 410 1536 466 DE
1577 411 1930 470 PERFECTA
1968 415 2330 478 CARITATE.

3444 449 3555 509 288

1921 530 2020 601 ὅρη
2052 542 2312 608 μαρτυρεῖ
2355 543 2452 610 τῆς
2490 543 2806 614 Ἀρμενίας,
2853 545 2977 599 ἔνθα
3005 548 3037 614 ἡ
3079 548 3303 610 κιϐωτὸς
3339 550 3561 620 ίδρύθης

1919 632 2038 700 οὐχὶ
2067 632 2160 685 καὶ
2198 635 2264 687 τὰ
2301 634 2520 703 λείψανα
2549 639 2717 705 αὐτῆς
2741 640 2844 702 ἕως
2870 641 2963 692 νῦν
3007 642 3120 693 ἐκεῖ
3162 641 3388 705 σώζεται
3427 644 3560 712 πρὸς

1919 727 2188 795 ἡμετέραν
2217 731 2546 802 ὕπόμνησινς
2580 735 2814 788 Τοιαῦτα
2845 737 2937 789 καὶ
2973 737 3091 788 τότε
3133 737 3314 790 πολλοὶ
3354 741 3554 808 ἔλεγον.

1922 819 2014 872 καὶ
2051 823 2107 874 ἐν
2151 823 2340 876 ἐκατὸν
2384 825 2525 878 ἔτεσι
2575 828 2674 895 τῆς
2706 829 2933 882 κιϐωτοῗρ
2967 834 3416 903 τεκταινομένης,
3462 838 3558 890 καὶ

1919 911 2023 966 τῶν
2052 914 2218 977 ξύλων
2251 921 2857 988 κατασκευαζομένων,
2891 926 2980 976 καὶ
3007 926 3100 977 τοῦ
3140 927 3345 980 δικαίου
3395 928 3555 997 βοῶν-

1917 1022 2026 1069 τος,
2069 1010 2240 1074 οὐδεὶς
2273 1014 2301 1063 6
2334 1015 2597 1067 πιστεύων
2625 1012 2721 1084 ἦν’
2755 1017 2869 1069 ἀλλ’
2895 1020 3076 1090 ἐπειδὴ
3102 1023 3200 1074 οὐκ
3238 1022 3555 1078 ἐπίστευσαν

1919 1094 1983 1160 τῇ
2015 1092 2099 1145 διά
2140 1094 2246 1146 τῶν
2277 1097 2530 1165 ῥημάτων
2569 1101 2796 1171 ἀπειλῇ,
2833 1103 2929 1173 τὴν
2956 1105 3042 1157 διά
3072 1107 3176 1158 τῶν
3219 1109 3556 1176 πραγμάτοιν

1919 1185 2223 1256 ὑπέστησαν
2253 1194 2516 1260 τιμωρίαν
2547 1193 2756 1262 ἀθρόον.
2804 1192 2933 1249 Εἶτα
2970 1201 2997 1251 6
3040 1200 3291 1268 τοιαύτην
3333 1201 3551 1254 κόλασιν

1919 1279 2068 1350 ί297]
2094 1283 2381 1350 ἐπαγαγὼν
2404 1287 2644 1351 ἐκείνοις,
2669 1291 2730 1341 οὐ
2761 1291 2934 1360 πολλῷ
2965 1293 3157 1361 μᾶλλον
3181 1294 3365 1357 ἐπάξει
3392 1295 3551 1363 ἡμῖνς

1917 1375 1978 1427 οὐ
2017 1376 2122 1446 γάρ
2151 1377 2402 1431 ἐλάττονα
2435 1381 2541 1432 τῶν
2564 1383 2681 1435 τότε
2705 1385 2886 1438 κακῶν
2911 1384 2978 1438 τὰ
3005 1385 3098 1437 νῦν
3125 1389 3395 1455 γινόμενα.
3420 1387 3552 1440 Τότι

1922 1469 2018 1536 μὲν
2045 1469 2152 1538 γὰρ
2184 1471 2455 1538 ἐπιμιξίας
2495 1474 2707 1527 ἐποίουν
2743 1475 3044 1546 ἀθέσμους’
3085 1477 3384 1544 Είσῆλθον
3423 1482 3552 1551 γάρ,

1919 1566 2098 1633 φησὶν,
2127 1569 2181 1619 οί
2206 1568 2319 1620 vlo!
2355 1569 2458 1620 τοῦ
2489 1570 2633 1623 Θεοῦ
2660 1571 2806 1637 πρὸς
2833 1573 2938 1637 τὰς
2968 1573 3287 1641 θυγατέρας
3311 1573 3427 1627 τῶν
3453 1577 3553 1629 dr-

1918 1661 2187 1727 θρώπων·
2218 1661 2311 1716 νῦν
2335 1663 2391 1716 δέ
2421 1665 2519 1717 οὐκ
2555 1665 2699 1719 ἐστιν
2727 1661 2860 1729 εἶδος
2902 1669 3171 1738 ἁμαρτίας
3200 1670 3493 1740 ἄπρακτον,
3527 1669 3554 1722 θ

1917 1759 2392 1828 καταλιμπάνεται.

1997 1912 2153 1976 Ἀλλ’,
2181 1916 2227 1967 εί
2259 1915 2419 1979 δοκεῖ,
2452 1918 2545 1969 καὶ
2577 1918 2661 1985 ἐφ’
2697 1917 2858 1989 ἕτερα
2890 1919 3156 1982 κολάσεως
3184 1921 3294 1989 είδη
3333 1920 3424 1971 τὸν
3465 1919 3551 1970 λό-

1914 2025 2008 2076 γον
2043 2010 2351 2080 ἀγάγωμεν,
2377 2012 2462 2064 ῖνα
2497 2015 2561 2064 ἐκ
2590 2015 2696 2066 τῶν
2731 2013 3031 2082 γενομένων
3069 2017 3161 2067 καὶ
3197 2013 3264 2066 τά
3297 2014 3550 2082 μέλλοντα

1916 2107 2192 2176 πιστευθῇ.
2227 2109 2558 2178 Ἐπεδήμησέ
2603 2127 2685 2173 τις
2726 2110 2877 2181 ὑμῶν
2917 2115 2980 2182 τῇ
3017 2113 3339 2182 Παλαιστίνῃ
3384 2111 3548 2172 ml;

1917 2201 2126 2267 Ἔγωγε
2163 2198 2332 2269 οἶμαι.
2373 2201 2576 2255 Οὐκοῦν
2613 2204 2768 2272 ὑμεῖς
2802 2207 3177 2273 μαρτυρήσατε
3218 2207 3280 2274 τῇ
3327 2201 3552 2273 ἀληθείᾳ

1913 2295 2021 2347 τῶν
2061 2295 2378 2363 λεγομένων.
2414 2296 2743 2358 Ἀσκάλωνος
2783 2297 2890 2364 γάρ
2932 2299 3023 2349 καὶ
3071 2299 3244 2365 Γάζης
3283 2297 3549 2366 ἀνώτερον

1915 2389 1994 2448 είς
2025 2387 2152 2439 αύτδ
2192 2386 2282 2438 τοῦ
2320 2388 2581 2456 Ἰορδάνου
2615 2389 2856 2456 ποταμοῦ
2890 2391 2949 2442 τὸ
2990 2391 3137 2450 τέλος
3179 2386 3246 2458 ἦν
3286 2408 3369 2453 τις
3402 2391 3552 2461 χώρα

1914 2481 2075 2547 πολλή
2105 2497 2160 2532 τε
2190 2482 2279 2532 καὶ
2305 2480 2547 2550 εὔφορος,
2579 2484 2669 2534 καὶ
2697 2483 2771 2550 τῷ
2797 2484 3100 2552 παραδείσῳ
3125 2483 3218 2537 τοῦ
3245 2484 3376 2537 Θεοῦ
3402 2485 3554 2554 ἀμιλ-

1913 2571 2152 2644 λωμένηο
2179 2571 2314 2628 Εῒδε
2349 2576 2476 2645 γὰρ,
2503 2577 2652 2644 φησὶ,
2685 2577 2809 2630 Λὼτ
2849 2576 3053 2631 πᾶσαν
3083 2578 3194 2642 τὴν
3228 2579 3552 2646 περίχωρον

1913 2670 2016 2722 τοῦ
2045 2670 2353 2735 Ἰορδάνου,
2394 2670 2487 2724 καί
2520 2667 2597 2738 ἦν
2635 2670 2977 2738 ποτιζομένῃ
3019 2671 3096 2735 ὡς
3130 2675 3161 2723 ό
3198 2671 3553 2738 παράδεισος

1914 2766 2016 2818 τοῦ
2054 2766 2216 2818 Θεοῦ.
2255 2766 2413 2818 Ἀλλά
2459 2766 2551 2818 νῦν
2595 2766 2729 2834 αὕτη
2766 2767 2947 2818 πασῶν
2980 2767 3087 2818 τῶν
3141 2769 3360 2838 ἐρήμων
3406 2770 3553 2821 ἐστὶν

1914 2858 2232 2927 ἐρημοτέρα.
2257 2859 2489 2926 Ἕστηκε
2536 2859 2629 2926 μὲν
2662 2857 2768 2927 γάρ
2792 2859 3004 2929 δένδρα,
3048 2861 3139 2912 καὶ
3178 2860 3386 2930 καρπὸν
3417 2861 3549 2930 ἔχει,

1912 2954 1941 3003 6
1963 2953 2016 3004 δέ
2045 2951 2252 3020 καρπὸς
2273 2953 2368 3020 τῆς
2393 2952 2484 3004 τοῦ
2509 2952 2638 3004 Θεοῦ
2666 2953 2830 3023 ὀργῆς
2851 2957 2996 3007 ἐστιν
3022 2955 3231 3024 ύπόμνη
3243 2973 3333 3022 μα.
3365 2956 3550 3025 Ἐστὴ-

1914 3063 2038 3098 κασι
2070 3045 2176 3114 γὰρ
2227 3046 2366 3114 ῥοιαὶ
2410 3045 2662 3114 λαμπρὰν
2694 3048 2790 3114 μὲν
2825 3047 3036 3116 ἔχουσαι
3069 3049 3164 3114 τὴν
3215 3051 3547 3116 ἐπιφάνειαν,

1913 3140 2006 3191 καὶ
2036 3139 2270 3208 χρηστάς
2297 3139 2621 3207 παρέχουσαι
2653 3142 2763 3201 τοῖς
2797 3140 3075 3206 ἀγνοοῦσιν
3110 3142 3345 3204 ἐλπίδας,
3381 3146 3459 3206 είς
3495 3144 3551 3197 δὲ

1913 3235 2096 3302 χεῖρας
2140 3233 2420 3301 ληφθεῖσαι
2455 3235 2546 3285 καὶ
2593 3233 3027 3299 διακλασθεῖσαι,
3074 3237 3283 3305 καρπὸν
3327 3237 3423 3305 μέν
3460 3239 3554 3291 ού-

1913 3328 2053 3390 δένα,
2094 3329 2238 3381 κόνιν
2283 3329 2466 3380 δὲκαὶ
2497 3330 2700 3396 τέφραν
2741 3328 3131 3382 ἐπιδείκνυνται
3177 3330 3372 3401 πολλὴν
3408 3331 3554 3388 ἔνδον

1913 3422 2290 3491 ἀποκειμένην.
2332 3421 2562 3490 Τοιαύτη
2597 3424 2708 3476 ἐστὶ
2749 3424 2842 3476 καὶ
2887 3426 2920 3492 ἡ
2958 3425 3059 3491 γῆ,
3107 3427 3332 3477 τοιοῦτοι
3371 3428 3460 3480 καὶ
3504 3431 3553 3481 οί

1912 3517 2072 3576 λίθοι,
2107 3517 2337 3579 τοιοῦτος
2370 3519 2462 3569 καὶ
2500 3520 2527 3570 6
2573 3518 2680 3586 ἀὴρ
2713 3519 2888 3578 αὐτός.
2926 3519 3108 3570 Πάντα
3145 3519 3549 3587 ἐμπέπρησται,

1914 3611 2086 3663 πάντα
2112 3611 2457 3680 τετέφρωται,
2487 3613 2583 3679 τῆς
2613 3610 2981 3679 προλαϐούσης
3005 3611 3168 3680 όργῆς
3197 3612 3554 3680 ὑπομνήματα

1913 3704 2065 3766 ὄντα,
2107 3706 2202 3772 τῆς
2239 3704 2530 3771 μελλούσης
2562 3704 2829 3766 κολάσεως
2879 3703 3294 3773 προμηνύματα.
3326 3704 3416 3774 Μὴ
3459 3706 3552 3760 καὶ

1912 3798 2079 3850 ταῦτα
2104 3799 2317 3849 ἀπειλαὶ
2349 3799 2630 3866 ρημάτωνς
2663 3798 2733 3867 μὴ
2766 3797 3052 3850 καὶταῦτα
3074 3797 3233 3865 ψόφοι
3269 3799 3550 3868 ρημάτων;

1912 3893 1980 3945 Εἴ
1998 3909 2080 3952 τις
2112 3892 2327 3943 ἀπιστεῖ
2357 3895 2421 3961 τῇ
2457 3892 2664 3962 γεέννῃ,
2689 3891 2756 3943 τά
2784 3892 2988 3959 Σόδομα
3020 3891 3330 3956 λογιζέσθω,
3369 3893 3434 3943 τά
3461 3893 3553 3945 Γό-

1917 3988 2091 4054 μορρα
2123 3985 2387 4048 ἐννοείτω,
2417 3985 2512 4052 τὴν
2539 3984 2801 4053 τιμωρίαν
2828 3984 2918 4052 τὴν
2945 3985 3041 4052 ἤδη
3070 3982 3433 4052 γεγενημένην
3460 3982 3552 4036 καὶ

1918 4081 2077 4148 μέχρι
2110 4077 2201 4128 νῦν
2247 4080 2525 4145 μένουσαν.
2569 4077 2742 4144 Ὅπερ
2771 4077 2862 4127 καὶ
2896 4079 2927 4144 ἡ
2972 4075 3089 4127 θεία
3119 4077 3304 4145 Γραφὴ
3339 4077 3552 4145 διηγου-

1919 4173 2050 4241 μένη
2080 4173 2202 4242 περὶ
2241 4173 2338 4237 τῆς
2370 4159 2555 4238 σοφίας
2590 4171 2781 4240 φησίνο
2826 4171 2982 4236 Αὕτη
3020 4170 3268 4232 δίκαιον,
3303 4171 3553 4232 ἐξαπολ-

1913 4268 2185 4334 λυμένων
2232 4264 2491 4328 ἀσεϐῶν,
2539 4266 2826 4332 ἐρρύσατο
2875 4265 3139 4333 φυγόντα
3196 4264 3553 4318 καταϐάσιον

1915 4353 2032 4426 πῦρ
2065 4363 2502 4424 Πενταπόλεως.
2543 4359 2689 4428 Αὕτη
2727 4359 2820 4412 καὶ
2858 4359 2951 4411 νῦν
2991 4361 3066 4412 ἔτι
3106 4363 3184 4422 είς
3225 4361 3554 4426 Μαρτύριον

1914 4453 2024 4521 τῆς
2068 4456 2351 4521 πονηρίας
2393 4453 2776 4523 καπνιζομένη
2820 4457 3150 4520 καθέστηκε
3191 4455 3421 4520 χέρσος,
3455 4455 3548 4506 καί

1914 4551 2191 4602 ἀτελέσιν
2218 4549 2393 4615 ὥραις
2437 4548 2893 4617 καρποφοροῦσα
2925 4550 2993 4600 τὰ
3026 4549 3197 4615 φυτά.
3241 4550 3553 4614 Ἀναγκαῖον

1914 4644 1969 4695 δὲ
2005 4645 2097 4695 καὶ
2132 4644 2230 4713 τὴν
2256 4644 2429 4696 αἰτίαν
2457 4645 2646 4702 εἰπεῖν,
2678 4644 2743 4694 δι’
2769 4643 2834 4710 ἢν
2864 4642 3034 4694 ταῦτα
3080 4641 3423 4693 πεπόνθασιν.
3458 4645 3552 4696 Ἔν

1913 4736 1979 4808 ἦν
2005 4739 2061 4791 τὺ
2085 4743 2324 4806 πταῖσμα
2351 4739 2546 4801 αὐτῶν,
2576 4738 2803 4805 χαλεπὸν
2834 4738 2930 4805 μὲν
2970 4738 3060 4789 καὶ
3084 4736 3351 4804 ἐπάρατον
3373 4754 3385 4767 ·
3418 4738 3552 4805 πλὴν

1915 4835 1990 4886 ἓν.
2036 4833 2224 4885 Παισὶν
2248 4833 2273 4871 b
2314 4831 2680 4900 ἐπεμαίνοντο,
2716 4832 2808 4882 καὶ
2849 4831 2934 4882 διά
2979 4830 3130 4881 τοῦτο
3179 4831 3388 4899 πυρίνῳ
3422 4847 3550 4880 κατ-

1915 4927 2220 4994 εκαύθησαν
2249 4923 2412 4992 ὑετῷ·
2446 4922 2537 4975 νῦν
2561 4923 2616 4974 δέ
2660 4925 2822 4992 μυρία
2854 4924 2944 4974 καὶ
2973 4923 3058 4974 ῐσα
3085 4923 3176 4974 καὶ
3202 4922 3554 4990 χαλεπώτερα

1915 5023 2148 5088 γίνεται,
2207 5019 2298 5069 καὶ
2347 5017 2580 5076 τοιοῦτος
2639 5017 2962 5085 ἐμπρησμὸς
3012 5015 3072 5066 ού
3126 5016 3350 5081 γίνεται.
3399 5015 3550 5078 Τίνος

1915 5116 2126 5176 ἓνεκενς
2159 5110 2279 5164 Ὀτι
2313 5111 2420 5178 πῦρ
2458 5110 2639 5181 ἕτερον
2673 5110 3009 5178 ἡτοίμασται,
3053 5108 3310 5177 μηδέποτε
3341 5108 3546 5160 σϐεννύε-

1920 5227 2094 5278 μενον.
2150 5206 2274 5268 Πῶς
2308 5206 2415 5274 γάρ
2444 5207 2471 5256 6
2512 5205 2648 5273 ὑπὲρ
2693 5204 2807 5266 ἐνὸς
2857 5206 3242 5273 ἁμαρτήματος
3289 5205 3549 5271 τοσαύτην

1916 5301 2079 5372 ὀργὴν
2109 5298 2415 5366 ἐπαγαγὼν,
2448 5297 2539 5348 καὶ
2573 5297 2705 5365 μήτε
2741 5296 2833 5348 τοῦ
2871 5297 3116 5365 Ἀϐραὰμ
3148 5299 3242 5364 τὴν
3276 5298 3550 5365 ἱκετηρίαν

1917 5391 2228 5460 δεξάμενος,
2267 5389 2401 5458 μήτε
2447 5386 2535 5438 τὸν
2570 5385 2770 5438 ἐνοικον
2823 5387 3154 5453 δυσωπηθεὶς
3186 5387 3324 5448 Λὼτ,
3370 5387 3549 5438 τοσού-

1982 5638 2004 5665 “
2028 5637 2159 5684 Colb.
2172 5675 2178 5680 .
2192 5637 2285 5682 τῶν
2307 5635 2798 5704 ξύλων-ὑφαινομένων.
2968 5693 2979 5704 .
3157 5693 3164 5701 ο

1983 5698 2008 5736 ι)
2037 5696 2116 5744 Sic
2136 5701 2267 5743 recte
2291 5694 2423 5745 Colb.
2453 5695 2502 5741 In
2523 5695 2667 5743 Savil.
2693 5694 2934 5756 ἐπάρατον·
2962 5694 3007 5739 ἐν
3029 5694 3203 5742 παισίν.
