3990 6442
429 385 542 440 289

421 496 525 530 των
559 480 738 531 κακῶν
772 479 1064 547 γινομένων
1096 479 1333 545 φείσεται
1359 483 1548 550 ἡμῶν;
1585 486 1694 536 Οὐκ
1727 485 1838 538 ἔστι
1867 486 2058 551 ταῦτα,

419 572 516 622 οὐκ
550 572 714 622 ἔστιν.

493 654 562 720 η’.
599 653 752 704 ’Λλλά
783 654 854 722 μὴ
881 654 1035 722 μέχρι
1068 654 1265 704 τούτων
1289 654 1498 722 στῶμεν
1518 671 1532 684 ·
1566 655 1716 723 φέρε,
1739 655 1951 726 ἑτέρους
1985 673 2063 718 εις

429 738 589 804 μέσον
635 739 926 807 ἀγάγωμεν
967 737 1315 800 κολασθέντας
1341 778 1353 798 ,
1389 740 1475 792 ἵνα
1511 740 1596 791 διά
1636 741 1886 793 πλειόνων
1931 743 2066 793 ἀπο·

425 821 637 884 δείξεων
700 823 937 890 πιστωθῇ
997 823 1062 874 τά
1126 823 1404 890 λεγόμενα.
1461 823 1560 874 Τὸν
1615 824 1810 893 Φαραὼ
1867 826 2063 887 πάντες

425 902 640 953 ἀκούετε
674 904 761 954 τὸν
798 903 1012 971 βασιλέα
1046 903 1149 954 τῶν
1177 904 1484 969 Αἰγυπτίων
1503 920 1514 933 ·
1546 905 1736 956 οὐκοῦν
1765 905 1946 957 οἴδατε
1972 905 2064 957 καὶ

434 988 530 1054 τὴν
571 987 742 1054 δίκην,
791 989 854 1055 ἡν
886 987 1098 1050 ἔδωκεν,
1142 989 1286 1047 ὅπως
1328 989 1420 1039 σὺν
1469 987 1672 1058 ἆρμασι
1706 991 1797 1042 καὶ
1844 991 2061 1054 ἵπποις,

439 1071 573 1139 μετά
614 1071 707 1122 τοῦ
754 1073 1104 1138 στρατοπέδου
1150 1073 1344 1134 παντὸς
1398 1075 1475 1131 εἰς
1507 1073 1566 1123 τὸ
1621 1072 1897 1142 ἑρυθραῖον
1938 1091 2066 1126 κατ-

429 1155 717 1224 εποντίσθη
771 1156 1017 1221 πέλαγος.
1057 1156 1169 1207 Ἵνα
1201 1157 1254 1207 δὲ
1297 1156 1387 1207 ml
1416 1155 1513 1216 τὰς
1553 1157 1812 1208 Ἰουδαίων
1863 1157 2064 1226 μάθητε

422 1239 686 1303 κολάσεις,
725 1239 883 1291 ἄκουε
914 1239 1120 1291 Παύλου
1167 1239 1408 1305 λέγοντος
1429 1253 1442 1266 ⁶
1477 1239 1639 1304 Μηδὲ
1677 1241 2052 1306 πορνεύωμεν

423 1323 613 1386 καθώς
656 1340 812 1388 τινες
857 1322 1049 1376 αὐτῶν
1090 1325 1476 1389 ἐπόρνευσαν,
1514 1323 1610 1374 καὶ
1656 1323 1877 1376 ἔπεσον
1909 1323 2058 1393 [298]

422 1407 490 1458 ἐν
507 1407 611 1474 μιᾷ
642 1408 828 1474 ἡμέρᾳ
857 1409 1044 1460 εἰκοσι
1077 1407 1227 1472 τρεῖς
1267 1406 1554 1474 χιλιάδες·
1583 1407 1735 1474 μηδὲ
1783 1407 2062 1476 γογγύζωο

423 1509 553 1557 μεν,
589 1492 774 1554 καθώς
817 1508 973 1554 τινες
1009 1491 1201 1544 αὐτῶν
1229 1493 1583 1558 ἐγόγγυσαν,
1623 1493 1716 1545 καὶ
1759 1493 2066 1546 ἀπώλοντο

422 1577 539 1628 ὑπὸ
578 1578 682 1629 τοῦ
716 1577 1066 1642 ὀλοθρευτοῦ
1087 1593 1099 1605 ·
1130 1575 1284 1643 μηδὲ
1315 1575 1665 1644 πειράζωμεν
1700 1578 1804 1630 τὸν
1833 1579 2067 1644 Κύριον,

423 1660 611 1724 καθώς
656 1677 811 1724 τινες
856 1661 1050 1713 αὐτῶν
1082 1661 1421 1726 ἐπείρασαν,
1454 1661 1550 1711 καὶ
1579 1661 1695 1713 ὑπὸ
1737 1660 1852 1713 τῶν
1880 1661 2068 1729 ὄφεων

424 1747 747 1798 ἀπώλοντο.
782 1747 842 1798 El
868 1746 923 1798 δὲ
961 1747 1192 1796 κάκεῖνοι
1221 1744 1439 1796 τοιαῦτα
1471 1745 1790 1796 πεπόνθασιν
1835 1746 1970 1815 ὑπὲρ
1995 1741 2067 1797 ῶν

423 1833 683 1900 ἥμαρτον,
711 1832 761 1882 τί
785 1844 808 1870 ε
838 1832 898 1882 ού
932 1830 1222 1898 πεισόμεθα
1249 1832 1442 1898 ἡμεῖς;
1477 1829 1632 1880 Ἀλλά
1665 1829 1756 1880 νῦν
1785 1829 1931 1881 οὐδὲν
1961 1847 2063 1882 παι

425 1917 657 1984 σχόμεθα
677 1917 862 1976 δεινὸν,
891 1916 981 1966 ml
1003 1914 1087 1967 διὰ
1109 1913 1261 1966 τοῦτο
1291 1915 1520 1982 μάλιστα
1538 1914 1821 1966 δεδοικέναι
1841 1916 1964 1984 χρή.
1994 1916 2066 1967 Οὐ

422 2003 529 2069 γὰρ
558 2004 648 2053 ἐπὶ
678 2000 753 2069 τῷ
789 2001 861 2070 μὴ
895 1999 1072 2051 δοῦναι
1104 2000 1274 2068 δίκην,
1305 1999 1414 2050 ἀλλ’
1440 1999 1528 2050 ἐπὶ
1554 1998 1629 2067 τῷ
1658 1999 1868 2069 χείρονα
1890 1998 2068 2052 δοῦναι

423 2086 752 2155 τηρούμεθα,
787 2088 832 2137 εἰ
873 2087 943 2154 μὴ
977 2085 1419 2153 μεταδαλοίμεθα.
1462 2085 1682 2136 Ἐκεῖνοι
1713 2085 1808 2153 μὲν
1841 2087 1946 2154 γὰρ
1970 2086 2067 2137 οὐκ

422 2172 640 2240 ᾔδεισαν
673 2171 770 2239 τὴν
807 2171 1044 2236 γέενναν,
1075 2170 1166 2220 καὶ
1199 2172 1313 2230 ταῖς
1355 2169 1584 2220 ἐνταῦοα
1629 2169 1964 2239 παρεδίδοντο
1990 2187 2069 2220 τι-

427 2256 684 2326 μωρίαιςο
723 2256 876 2323 ἡμεῖς
913 2255 967 2305 δὲ
996 2255 1093 2304 ὅσα
1127 2253 1190 2304 ἂν
1224 2255 1573 2322 άμάρτωμεν,
1601 2255 1702 2306 κᾶν
1734 2255 1894 2323 μηδὲν
1926 2257 2071 2308 ἀνια-

429 2341 516 2408 ρὸν
542 2342 597 2392 ἐν
624 2340 699 2408 τῷ
730 2341 955 2408 παρόντι
987 2339 1084 2407 βίῳ
1117 2339 1390 2407 πάθωμεν,
1429 2341 1484 2390 ὲν
1511 2339 1587 2407 τῷ
1625 2338 1864 2406 μέλλοντι
1895 2342 2068 2393 πάντα

424 2425 736 2494 πεισόμεθα.
783 2426 900 2486 Πῶς
934 2425 1037 2494 γὰρ
1084 2424 1147 2476 ἂν
1188 2424 1296 2492 ἔχοι
1342 2423 1514 2490 λόγον,
1561 2424 1798 2485 ἐκείνους
1833 2424 1928 2491 μὲν
1969 2442 2068 2494 νη-

424 2510 805 2578 πιωδεστέρους
839 2509 992 2570 ὄντας
1044 2507 1264 2561 τοιαῦτα
1299 2507 1644 2568 πεπονθέναι,
1689 2509 1834 2576 ἡμᾶς
1877 2509 1932 2560 δὲ
1981 2526 2064 2560 τε-

423 2593 701 2662 λειοτέρων
731 2593 1131 2653 ἀπολαύσαντας
1164 2591 1512 2660 μαθημάτων,
1558 2591 1648 2643 καὶ
1685 2591 1814 2643 πολὺ
1857 2592 2068 2661 χείρονα

425 2678 709 2740 πταίοντας
749 2678 989 2744 ἐκείνων,
1020 2678 1295 2743 διαφυγεῖν
1332 2675 1429 2736 τάς
1461 2675 1761 2745 τιμωρίας;
1804 2676 2062 2728 Βούλεσθε

426 2765 516 2816 καὶ
544 2765 638 2824 τὰς
671 2762 858 2825 λοιπάς
894 2761 1070 2814 αὐτῶν
1108 2760 1330 2813 ἀκοῦσαι
1366 2760 1663 2829 συμφορὰς,
1702 2761 1829 2821 ὅσας
1867 2760 2063 2812 ἔπαθον

425 2849 480 2898 ὲν
513 2848 833 2916 Παλαιστίνῃ
863 2847 965 2897 ὑπὸ
992 2845 1338 2896 Βαϐυλωνίων
1376 2846 1469 2896 καὶ
1504 2845 1799 2913 Ἀσσυρίων
1830 2845 1920 2895 καὶ
1948 2847 2064 2897 Μα-

426 2933 676 2996 κεδόνων;
712 2933 864 2993 ὅσους
901 2930 1190 2998 ὑπέμειναν
1229 2929 1434 2997 λιμοὺς,
1481 2929 1715 2997 λοιμοὺς,
1773 2929 2063 2997 πολέμους,

424 3017 792 3086 αἰχμαλωσίας
821 3016 911 3067 ἐπὶ
948 3016 1102 3067 Τίτου
1140 3014 1232 3065 ml
1267 3013 1705 3077 Οὐεσπασιανοῦς
1741 3014 1850 3081 Τὴν
1889 3015 2067 3084 Ἰωσή-

427 3119 526 3153 που
567 3102 740 3170 βίϐλον
783 3101 1073 3168 ἀνάγνωτε,
1101 3103 1164 3169 ἢν
1199 3099 1399 3168 ἔγραψε
1434 3099 1558 3168 περὶ
1591 3099 1689 3166 τῆς
1719 3099 1824 3152 τῶν
1855 3099 2068 3168 Ἰεροσο-

426 3187 607 3254 λύμων
657 3185 930 3247 ἁλώσεως,
977 3185 1068 3236 καὶ
1103 3183 1402 3252 μαθήσεσθε
1451 3182 1552 3252 τὴν
1604 3182 1803 3250 πικράν
1853 3183 2064 3252 ἐκείνην

425 3270 747 3340 τραγῳδίαν.
792 3270 943 3322 Μετὰ
973 3269 1077 3336 γὰρ
1101 3269 1204 3320 τῶν
1232 3267 1401 3320 ἀλλων
1449 3267 1656 3331 δεινῶν,
1692 3270 1769 3329 εἰς
1803 3267 2064 3337 τοσαύτην

429 3356 584 3426 λιμοῦ
625 3355 941 3425 περιέπεσον
971 3352 1290 3421 ὑπερϐολὴν,
1314 3354 1385 3414 ὡς
1418 3354 1509 3405 καὶ
1536 3353 1634 3414 τάς
1660 3351 1833 3415 ζώνας
1866 3354 2062 3416 αὐτῶν,

429 3442 519 3494 καὶ
544 3440 611 3492 τά
646 3441 978 3509 ὑποδήματα,
1005 3439 1097 3490 καὶ
1128 3438 1192 3489 τὰ
1229 3436 1425 3489 τούτων
1452 3438 1645 3489 ἐσθίειν
1677 3436 2063 3507 βδελυρώτερα.

430 3526 611 3578 Πάντα
663 3526 767 3591 γάρ
803 3523 891 3574 ὐπ’
930 3521 1142 3583 ὀδόντας
1185 3518 1317 3590 ἦγεν
1362 3524 1394 3589 ἡ
1442 3520 1683 3588 ἀνάγκη,
1737 3520 1912 3583 καθώς
1962 3521 2062 3573 πού

431 3627 591 3681 φησιν
631 3611 659 3662 6
693 3607 1002 3678 προλεχθείς
1047 3606 1405 3676 συγγραφεύς.
1443 3605 1550 3657 Καὶ
1595 3605 1711 3657 οὐδὲ
1745 3605 1902 3675 μέχρι
1938 3605 2062 3658 τού-

431 3713 537 3747 των
573 3695 822 3764 ἔστησαν,
850 3693 981 3745 ἀλλά
1007 3694 1098 3745 ml
1133 3693 1238 3743 τῶν
1272 3692 1410 3743 ἰδίων
1441 3692 1804 3755 ἀπεγεύσαντο
1834 3692 2054 3744 τέκνων.

434 3780 556 3840 Πῶς
596 3775 708 3841 οὖν,
738 3779 954 3830 ὲκείνων
993 3776 1239 3837 τοιαύτας
1283 3776 1582 3827 δεδωκότων
1615 3776 1784 3838 δίκας,
1828 3778 1986 3845 ἡμεῖς
2019 3778 2066 3828 οί

433 3865 499 3917 τὰ
544 3865 756 3932 χείοονα
789 3863 988 3916 τούτων
1029 3861 1351 3930 πράττοντες
1389 3855 1821 3928 διαφευξώμεθα;
1866 3861 1928 3912 Εἰ
1961 3861 2068 3931 γάρ

502 3975 530 4006 ⁸
555 3974 701 4026 Savil.
725 3975 942 4036 quaedam
961 3975 1138 4034 omisit,
1159 3985 1270 4034 qua
1291 3973 1614 4022 restituuntur
1631 3983 1696 4020 ex
1719 3969 1930 4021 Colbert.

1217 375 1269 429 S.
1307 373 1588 430 JOANNIS
1623 375 2090 436 CHRYSOSTOMI
2129 383 2441 438 ARCHIEP.
2483 385 3013 440 (IONSTANTINOP.

3707 393 3805 446 290

2167 498 2357 548 ἐκεῖνοι
2402 499 2762 566 ἐκολάσθησαν
2796 497 2931 558 τότε,
2974 495 3060 547 διὰ
3092 495 3142 546 τί
3183 496 3341 562 ἡμεῖς
3381 495 3440 544 οὐ
3471 491 3798 558 κολαζόμεθά,

2164 579 2288 644 νῦνς
2321 582 2450 649 Οὐχὶ
2483 584 2572 634 καὶ
2603 580 2782 649 τυφλῷ
2809 581 2979 648 δῆλον,
3006 581 3083 631 ὅτι
3109 579 3194 630 διὰ
3229 579 3288 629 τὸ
3323 576 3646 629 ἀποκεῖσθαι
3679 577 3796 641 ἡμῖν

2165 666 2221 715 ὲν
2246 665 2320 733 τῷ
2349 666 2585 732 μέλλοντι
2615 665 2708 734 τὴν
2735 665 2965 725 κόλασιν,
2998 662 3172 722 καθὼς
3199 663 3331 730 ἔφην
3363 661 3653 721 πολλάκις;
3690 660 3798 725 Χρή

2164 749 2219 801 δὲ
2246 749 2545 816 λογίζεσθαι
2585 749 2718 819 πρὸς
2746 747 2950 808 τούτοις
2983 747 3073 799 καὶ
3109 747 3175 797 τὰ
3203 745 3294 797 νῦν
3325 749 3380 796 ἐν
3413 745 3487 812 τῷ
3531 744 3632 811 βίῳ
3671 743 3799 807 γινό-

2169 847 2320 897 μενα,
2367 831 2457 880 ml
2498 830 2594 881 οὐκ
2626 830 2990 897 ἀπιστήσομεν
3024 830 3088 895 τῇ
3119 827 3324 894 γεέννῃ.
3367 824 3427 876 Εί
3461 826 3569 892 γὰρ
3601 823 3799 882 δίκαιός

2165 913 2307 966 ἐστιν
2341 915 2368 964 6
2390 914 2517 975 Θεὸς
2546 914 2637 965 καὶ
2665 911 3171 980 ἀπροσωπόληπτος,
3207 909 3392 977 ῶσπερ
3424 905 3514 960 οὖν
3547 909 3642 958 καὶ
3674 906 3799 966 ἐστι,

2165 1000 2304 1061 τίνος
2355 1000 2534 1050 ἕνεκεν
2566 1001 2612 1050 οἱ
2655 1000 2750 1067 μὲν
2787 998 3015 1050 διδόασιν
3059 994 3286 1048 ἐνταῦθα
3344 995 3517 1059 φόνων
3555 993 3730 1052 δίκας,
3759 994 3802 1041 οἱ

2164 1085 2220 1135 δὲ
2257 1086 2316 1136 οὐ
2349 1084 2612 1145 διδόασιν;
2657 1084 2703 1133 οἰ
2753 1081 2849 1150 μὲν
2882 1079 2985 1131 τῶν
3022 1079 3218 1148 μοιχῶν
3263 1077 3650 1147 τιμωροῦνται,
3682 1078 3727 1126 οἰ
3755 1075 3804 1125 δὲ

2164 1168 2476 1220 τελευτῶσιν
2522 1167 2887 1236 ἀτιμώρητοι;
2936 1166 3085 1216 πόσοι
3137 1162 3478 1231 τυμϐωρύχοι
3519 1162 3801 1228 διέφυγον;

2166 1254 2317 1305 πόσοι
2350 1253 2570 1325 λῃσταί;
2611 1253 2763 1303 πόσοι
2809 1249 3152 1312 πλεονέκται;
3200 1249 3350 1300 πόσοι
3399 1247 3685 1315 ἀρπαγεςς
3717 1246 3804 1294 Ἀν

2165 1335 2256 1391 οὖν
2287 1339 2473 1404 γέεννα
2513 1337 2584 1406 μὴ
2616 1332 2682 1406 ᾖ,
2708 1335 2807 1386 ποῦ
2839 1334 3103 1402 τιμωρίαν
3140 1332 3424 1399 ὑφέξουσιν
3452 1349 3464 1395 ;
3497 1327 3651 1398 *Αρα
3694 1330 3806 1380 πεί·

2166 1423 2326 1490 θομεν
2358 1423 2477 1483 τοὺς
2513 1421 2902 1485 ἀντιλέγοντας,
2928 1419 3007 1470 ὅτι
3036 1418 3132 1468 οὐκ
3160 1415 3271 1467 ἐστι
3308 1414 3471 1483 μῦθος
3497 1417 3525 1466 6
3561 1414 3693 1482 περί¹
3722 1414 3809 1465 αὐ-

2165 1512 2260 1577 τῆς
2293 1508 2475 1574 λόγος;
2521 1506 2673 1558 Οὕτω
2701 1506 2805 1573 γάρ
2840 1505 2980 1556 ἐστιν
3010 1501 3230 1571 ἀληθὴς,
3263 1503 3342 1552 ὅτι
3379 1502 3475 1568 οὐχ
3509 1501 3677 1568 ἡμεῖς
3723 1500 3809 1567 μό⁴

2165 1613 2275 1659 νον,
2302 1595 2434 1648 ἀλλά
2459 1595 2549 1646 ml
2578 1593 2797 1660 ποιηταὶ
2823 1593 2913 1643 καὶ
2951 1591 3221 1658 φιλόσοφοι
3261 1589 3352 1640 καὶ
3379 1589 3656 1654 λογοποιοὶ
3689 1586 3808 1655 περί

2167 1682 2261 1750 τῆς
2291 1681 2576 1749 μελλούσης
2609 1677 3004 1738 ἀνταποδόσεως
3037 1675 3446 1743 ἐφιλοσόφησαν,
3475 1675 3571 1725 καὶ
3597 1675 3658 1723 ὲν
3687 1673 3806 1741 ᾅδου

2161 1767 2472 1829 κολάζεσθαι
2500 1767 2622 1826 τοὺς
2659 1764 2922 1832 πονηροὺς
2957 1763 3257 1830 εἰρήκασιν.
3292 1761 3353 1811 Εἰ
3382 1760 3489 1826 γὰρ
3534 1777 3629 1810 και
3680 1759 3808 1827 μετά

2160 1853 2428 1921 ἀληθείας,
2473 1853 2546 1912 ὼς
2577 1850 2685 1918 ἔχει
2731 1849 2918 1910 ταῦτα,
2967 1849 3136 1898 εἰπεῖν
3174 1847 3270 1897 ούκ
3305 1845 3678 1913 ἠδυνήθησαν,
3713 1844 3800 1894 ire

2160 1937 2263 1989 ἀπὸ
2289 1935 2558 2004 λογισμῶν
2591 1932 2894 2002 κινηθέντες
2919 1932 3006 1983 καὶ
3036 1931 3505 2000 παρακουσμάτων
3536 1929 3650 1980 τῶν
3686 1931 3807 1997 παρ’

2161 2024 2306 2091 ἡμῖν,
2335 2021 2444 2073 ἀλλ’
2474 2022 2618 2088 ὅμως
2649 2017 2828 2069 εἰκόνα
2864 2016 2982 2068 τινὰ
3013 2015 3241 2084 κρίσεως
3271 2014 3475 2066 ἔλαϐον.
3512 2016 3809 2075 Κωκυτοίις

2160 2107 2264 2175 γάρ
2309 2104 2434 2173 φασί
2488 2120 2636 2164 τινας
2675 2102 2768 2152 καὶ
2820 2099 3310 2168 Πυριφλεγέθοντας
3347 2099 3630 2166 ποταμοὺς
3656 2139 3670 2158 ,
3723 2100 3810 2150 καὶ

2161 2193 2355 2259 Στυγὸς
2380 2190 2539 2258 ὕδωρ,
2565 2189 2656 2241 ml
2683 2189 2957 2256 Τάρταρον
2983 2182 3229 2238 τοσοῦτον
3255 2185 3524 2254 ἀπέχοντα
3551 2186 3657 2252 τῆς
3688 2186 3806 2252 γῆς,

2159 2277 2280 2328 ὅσον
2327 2276 2461 2342 αὓτη
2494 2273 2585 2325 τοῦ
2627 2271 2871 2339 οὐρανοῦ,
2907 2273 2995 2324 καὶ
3028 2271 3250 2332 πολλοὺς
3282 2271 3496 2340 ἑτέρους
3532 2270 3808 2332 κολάσεως

2161 2363 2416 2430 τρόπους·
2455 2359 2547 2411 ml
2589 2357 2734 2428 [299]
2771 2357 2928 2408 πάλιν
2962 2355 3203 2408 Ἠλύσιον
3256 2356 3452 2418 πεδίον,
3494 2356 3592 2408 καὶ
3638 2359 3811 2424 μακά·

2164 2463 2266 2515 ρων
2295 2447 2506 2514 νήσους,
2547 2446 2637 2495 καὶ
2670 2443 2932 2511 λειμῶνας
2973 2442 3228 2503 εὐανθεῖς,
3273 2443 3361 2493 ml
3411 2442 3646 2493 εὐωδίαν
3693 2443 3811 2494 πολ-

2159 2530 2274 2598 λὴν,
2317 2532 2406 2582 καὶ
2434 2528 2604 2598 αὔραν
2657 2529 2872 2596 λεπτὴν,
2902 2530 2992 2580 ml
3020 2530 3209 2596 χοροὺς
3243 2529 3355 2579 ἐκεῖ
3395 2528 3779 2596 διατρίϐοντας
3799 2568 3811 2587 ,

2160 2619 2250 2666 καὶ
2278 2613 2469 2683 λευκὴν
2497 2613 2784 2683 περιὸεϐλη
2793 2614 2979 2680 μένους
3007 2613 3213 2681 στολὴν,
3239 2616 3327 2665 καὶ
3359 2613 3585 2682 ᾄδοντας
3611 2613 3813 2682 ὕμνους

2156 2701 2324 2764 τινὰς,
2356 2702 2447 2754 ml
2475 2700 2606 2763 ὅλως
2635 2700 2724 2751 ml
2763 2700 2986 2766 ἀγαθοῖς
3021 2701 3112 2752 καὶ
3157 2702 3405 2768 πονηροῖς
3440 2700 3815 2766 ἀποκειμένην

2157 2787 2418 2838 ἀντίδοσιν
2454 2783 2589 2852 μετὰ
2633 2783 2727 2852 τὴν
2774 2783 3017 2835 ἐντεῦθεν
3069 2784 3259 2846 ἔξοδον.
3307 2783 3393 2852 Μὴ
3446 2783 3632 2834 τοίνυν
3685 2785 3812 2833 ἀπι-

2161 2871 2366 2937 στῶμεν
2410 2873 2474 2935 τῇ
2542 2869 2764 2935 γεέννῃ,
2823 2869 2906 2918 ἵνα
2964 2868 3037 2936 μὴ
3099 2868 3420 2935 ἐμπέσωμεν
3472 2870 3555 2929 εἰς
3609 2869 3813 2937 αὐτήνο

2161 2957 2188 3006 6
2220 2955 2324 3022 γὰρ
2361 2953 2616 3013 ἀπιστῶν,
2666 2951 3024 3020 ῥαθυμότερος
3077 2953 3278 3018 γίνεται
3301 2968 3315 2982 ο
3348 2955 3375 3002 6
3415 2951 3472 3003 δὲ
3526 2952 3814 3021 ῥαθυμῶν,

2162 3041 2240 3100 είς
2272 3038 2436 3106 αὐτὴν
2470 3036 2820 3090 ἀπελεύσεται
2869 3037 3081 3098 πάντως
3103 3052 3117 3066 ·
3163 3036 3296 3088 ἀλλά
3330 3037 3419 3088 ml
3464 3039 3817 3106 πιστεύωμεν

2159 3122 2540 3184 ἀνενδοιάστως
2562 3161 2576 3185 ,
2626 3122 2717 3173 καὶ
2754 3121 3122 3188 διαλεγώμεθα
3155 3122 3280 3190 περὶ
3328 3121 3495 3189 αὐτῆς
3533 3123 3814 3190 συνεχῶς,

2159 3207 2253 3259 καὶ
2290 3208 2348 3260 οὺ
2393 3207 2594 3275 ταχέως
2637 3205 3079 3275 ἁμαρτησόμεθα.
3116 3205 3232 3256 Τῶν
3279 3205 3385 3273 γὰρ
3429 3205 3700 3256 τοιούτων
3737 3206 3818 3257 λό-

2161 3310 2269 3359 γων
2308 3294 2341 3361 ἡ
2387 3293 2610 3360 μνήμη,
2664 3290 2910 3356 καθάπερ
2946 3307 2998 3341 τι
3031 3289 3311 3359 φάρμακον
3363 3289 3581 3359 πικρὸν,
3633 3293 3819 3342 πᾶσαν

2163 3377 2357 3430 κακίαν
2404 3375 2710 3444 ἀωσμῆξαι
2758 3375 3069 3442 δυνήσεται,
3111 3375 3392 3435 διαπαντὸς
3425 3375 3588 3442 ἡμῶν
3637 3377 3817 3436 ὲνιζὰ-

2161 3477 2322 3512 νουσα
2359 3462 2424 3527 τῇ
2469 3459 2628 3526 ψυχῇ.
2672 3458 3015 3527 Χρησώμεθα
3051 3460 3220 3510 τοίνυν
3262 3458 3424 3526 αὐτῷ,
3471 3459 3562 3510 ἵνα
3610 3460 3818 3527 καθαρ-

2163 3545 2342 3607 θέντες
2389 3545 2594 3608 καλῶς,
2635 3544 2951 3612 ἀξιωθῶμεν
2999 3543 3124 3595 ἰδεῖν
3168 3543 3256 3594 τὸν
3289 3543 3436 3603 Θεὸν,
3481 3543 3558 3604 ὡς
3606 3545 3810 3612 ἀνθρὼ-

2162 3647 2281 3686 ποις
2329 3630 2453 3681 ἰδεῖν
2502 3629 2739 3691 δυνατὸν,
2790 3626 3020 3679 καὶτῶν
3074 3627 3366 3695 μελλόντων
3409 3627 3816 3695 ἀπολαύσωμεν

2161 3713 2396 3781 ἀγαθῶν,
2440 3713 2616 3782 χάριτι
2663 3713 2752 3764 καὶ
2801 3711 3171 3781 φιλανθρωπίᾳ
3221 3709 3314 3762 τοῦ
3377 3711 3588 3780 Κυρίου
3659 3715 3817 3780 ἡμῶν

2174 3799 2342 3869 ’1ησοῦ
2371 3799 2620 3867 Χριστοῦ.
2652 3798 2804 3867 Αὐτῷ
2839 3801 2871 3868 ἡ
2904 3797 3029 3861 δόξα
3059 3800 3136 3861 εις
3159 3797 3282 3860 τοὺς
3312 3797 3513 3859 αἰῶνας
3548 3798 3661 3852 τῶν
3690 3799 3818 3851 αξώ-

2164 3902 2287 3938 νων.
2323 3885 2511 3952 Ἀμήν.

1929 4908 2302 4971 MONlTUM

580 5148 949 5204 Antiochizene
995 5165 1062 5204 an
1113 5151 1574 5221 Constantinopoli
1626 5153 1764 5208 hanc
1813 5154 2087 5209 homiliam
2126 5153 2832 5228 babueritChrysostomus,
2881 5158 3027 5213 nulla
3071 5173 3352 5230 possumus
3384 5160 3704 5230 conjectura

516 5287 746 5356 assequi.
778 5286 907 5340 Eam
931 5300 1090 5356 porro
1112 5286 1246 5340 dixit
1291 5287 1358 5340 ad
1392 5300 1580 5340 recens
1617 5286 1913 5357 baptizatos
1954 5297 2008 5343 et
2046 5289 2403 5357 illuminatos;
2460 5292 2642 5360 quales
2676 5302 2801 5348 sunt
2824 5295 2984 5350 etiam
3031 5296 3150 5352 duae
3183 5296 3515 5360 catecheses,
3572 5315 3712 5368 quas

515 5422 682 5478 'l‘omo
706 5423 942 5478 secundo
971 5422 1230 5477 dedimus.
1260 5421 1546 5491 Sperabam
1573 5430 1750 5476 autem
1777 5439 1860 5478 me
1886 5423 2027 5478 illam
2055 5423 2239 5480 Grmce
2266 5440 2421 5493 posse
2459 5427 2692 5481 nancisci
2725 5437 2909 5494 totam,
2956 5430 3167 5498 quando
3203 5431 3254 5484 in
3285 5431 3528 5500 catalogo
3571 5449 3711 5501 quo-

515 5556 635 5608 dam
668 5554 1176 5625 Manuscriptorum,
1207 5557 1275 5610 ab
1305 5556 1630 5626 amplissimo
1650 5557 2064 5630 doctissimoque
2095 5561 2211 5616 viro
2239 5560 2428 5616 Joanni
2458 5560 2672 5618 Pottero
2719 5565 2850 5618 mihi
2887 5566 3218 5627 transmisso,
3247 5565 3362 5632 cjus
3395 5565 3611 5621 titulum
3648 5583 3700 5624 et

516 5686 727 5742 initium
758 5687 940 5744 Graec
969 5686 1095 5744 vidi.
1153 5685 1388 5760 BOgatus
1415 5695 1593 5745 autem
1634 5704 1663 5743 a
1693 5703 1777 5744 me
1808 5698 1969 5746 totam
2000 5691 2227 5762 opellam
2261 5691 2443 5749 Graece
2477 5691 2796 5765 descriptam
2826 5693 3080 5758 mitteret,
3123 5677 3284 5763 o'pcra
3311 5693 3399 5750 ille
3439 5710 3566 5750 usus
3603 5697 3708 5751 vin
