3990 6434
122 438 249 493 289

118 569 350 631 peccato
380 567 575 613 tantam
604 556 734 609 iram
757 551 953 614 intulit,
990 562 1161 618 neque
1189 543 1475 600 Abrahami
1498 540 1699 610 suppli-

116 652 400 703 cationem
430 646 679 713 suscepit,
708 658 881 711 neque
904 640 1280 694 inbabitantem
1312 636 1503 689 Lotum
1547 647 1698 685 reve-

162 741 268 793 itus
293 745 394 800 est,
424 743 500 787 tot
526 733 771 787 admissis
800 729 1140 791 facinoribus,
1163 725 1316 780 nobis
1346 723 1563 793 parcet?
1585 720 1700 775 Non

119 828 209 884 ita
224 826 345 886 erit,
373 839 476 877 non
504 824 573 876 ita
601 829 764 875 certe.

205 915 259 969 8.
308 913 601 966 Peccatores
625 908 896 979 aliquando
924 908 975 957 in
1003 906 1097 957 hac
1122 904 1218 955 vita
1241 903 1361 955 dant
1382 916 1571 971 parias.
1604 899 1702 965 Qui

130 1004 188 1055 in
220 1003 319 1053 hac
346 1001 445 1052 vita
466 1015 555 1067 pro
575 998 805 1050 admissis
834 996 1046 1063 peccatis
1081 994 1204 1045 nihil
1235 993 1509 1060 patiuntur,
1541 990 1592 1040 in
1621 992 1703 1057 fu-

133 1101 307 1143 turam
337 1089 574 1157 puniendi
597 1096 929 1140 reservantur.
952 1114 1021 1124 —
1045 1082 1235 1136 Verum
1268 1096 1334 1135 ne
1370 1081 1454 1134 hic
1483 1079 1698 1148 gradum

130 1180 415 1242 sistamus,
445 1176 537 1230 sed
568 1190 681 1245 age,
714 1174 845 1227 alios
875 1173 925 1226 in
955 1171 1184 1225 medium
1221 1169 1543 1223 adducamus
1572 1181 1696 1233 sup-

131 1268 300 1336 plicio
325 1266 563 1327 affectos,
588 1273 644 1317 ut
670 1262 903 1331 pluribus
938 1257 1471 1315 demonstrationibus
1494 1269 1554 1309 ea
1585 1269 1698 1322 qua:

130 1357 371 1409 diximus
418 1354 812 1408 conﬁrmentur.
846 1351 923 1405 De
968 1349 1239 1402 Pharaone
1270 1359 1455 1400 omnes
1483 1343 1699 1397 audistis

132 1445 508 1516 Egyptiorum
530 1458 684 1512 rege:
718 1441 883 1495 nostis
898 1450 1042 1495 certe
1063 1453 1193 1507 quas
1218 1437 1305 1490 ille
1335 1435 1477 1489 dedit
1495 1447 1694 1502 ptenas,

133 1534 409 1603 quomodo
454 1548 570 1587 eum
613 1531 853 1585 curribus
896 1540 950 1585 et
1000 1530 1167 1599 equis,
1214 1528 1460 1595 omnique
1507 1524 1700 1593 pariter

131 1624 374 1678 exercitu
409 1623 458 1674 in
490 1621 725 1674 Rubrum
762 1634 909 1673 mare
960 1617 1232 1673 demersus
1280 1617 1365 1671 sit.
1418 1614 1487 1670 Ut
1523 1620 1696 1667 autem

131 1714 441 1767 Jud:eorum
479 1726 686 1779 quoque
732 1710 985 1778 supplicia
1028 1706 1276 1773 discatis,
1323 1704 1446 1759 audi
1479 1704 1697 1759 Paulum

130 1805 401 1857 dicentem
436 1820 447 1854 :
486 1820 504 1852 ‹
538 1801 719 1869 Neque
751 1801 1083 1863 fornicemur,
1114 1799 1248 1852 sicut
1275 1796 1485 1866 quidam
1515 1809 1696 1849 eorum

130 1893 376 1946 fornicati
407 1902 547 1954 sunt,
580 1900 630 1945 et
652 1891 921 1959 perierunt
946 1904 1046 1942 una
1072 1888 1159 1941 die
1177 1887 1353 1957 viginti
1383 1887 1477 1939 tria
1495 1884 1693 1937 millia:

131 1998 308 2051 neque
335 1996 739 2045 murmuremus,
776 1988 831 2033 ut
864 1978 1075 2047 quidam
1113 1992 1294 2031 eorum
1338 1989 1699 2029 murmurave—

129 2084 277 2138 runt,
306 2080 360 2126 et
384 2072 649 2141 perierunt
669 2069 736 2124 ab
763 2068 1208 2123 exterminatore:
1236 2080 1407 2135 neque
1434 2075 1696 2119 tentemus

131 2164 438 2227 Dominum,
466 2170 520 2215 ut
555 2160 766 2230 quidam
809 2174 989 2213 eorum
1028 2164 1388 2222 tentaverunt,
1432 2164 1485 2210 et
1520 2170 1549 2209 a
1580 2171 1697 2210 ser-

128 2253 379 2322 pentibus
409 2252 678 2321 perierunt
710 2268 729 2301 ι
772 2251 857 2320 (i.
886 2247 1001 2303 Cor.
1031 2248 1117 2302 10.
1147 2246 1203 2299 8.
1240 2245 1327 2301 10.
1362 2246 1452 2314 9).
1481 2244 1631 2312 Quod
1649 2248 1694 2299 si

126 2354 184 2397 ct
216 2343 289 2396 illi
319 2342 436 2395 talia
466 2355 560 2411 pro
583 2340 809 2409 peccatis
837 2339 973 2409 passi
995 2347 1137 2400 sunt,
1158 2336 1281 2406 quid
1310 2351 1411 2391 non
1436 2336 1695 2404 patiemur

128 2432 265 2486 nos?
296 2434 359 2484 At
390 2445 529 2484 nunc
554 2430 682 2484 nihil
709 2444 865 2499 grave
893 2430 1118 2498 patimur
1153 2467 1168 2491 ,
1216 2426 1438 2494 ideoque
1469 2425 1695 2480 maxime

128 2522 320 2573 timere
344 2527 573 2588 oportet.
605 2519 718 2573 Non
760 2518 899 2572 enim
940 2526 996 2569 ut
1023 2530 1128 2569 non
1164 2528 1347 2583 pinnas
1372 2514 1555 2566 demus
1591 2527 1697 2566 ser-

125 2624 348 2672 vamur;
403 2608 494 2661 sed
522 2616 579 2662 ut
605 2608 869 2676 graviores
894 2605 1078 2659 demus
1101 2644 1117 2671 ,
1162 2604 1262 2658 nisi
1303 2612 1692 2657 convertamur.

126 2700 211 2753 illi
242 2699 383 2753 enim
425 2714 528 2751 non
573 2709 828 2752 noverant
863 2698 1183 2767 gehennam,
1212 2705 1265 2750 et
1293 2695 1562 2763 suppliciis
1610 2694 1695 2748 hic

129 2789 313 2843 traditi
340 2797 463 2842 sunt
491 2806 503 2841 :
526 2802 622 2843 nos
650 2797 822 2842 autem
845 2788 1284 2857 quandocumque
1312 2798 1619 2854 peccamus,
1647 2784 1693 2837 si

126 2880 261 2934 nihil
292 2881 345 2934 in
368 2882 611 2949 prtesenti
643 2882 747 2933 vita
778 2894 939 2949 grave
966 2880 1230 2947 patiamur
1249 2917 1263 2941 ,
1296 2877 1346 2931 in
1375 2875 1550 2930 futuro
1578 2889 1694 2929 om-

125 2973 217 3027 nia
263 2971 633 3039 perpetiemur.
692 2969 876 3024 Nonne
920 2984 1038 3024 cum
1080 2968 1286 3022 ratione
1327 2973 1600 3036 pugnaret,
1647 2965 1693 3020 si

126 3060 259 3124 illis,
293 3058 379 3127 qui
404 3059 643 3112 rudiores
670 3067 723 3112 et
754 3059 1103 3128 imperitiores
1134 3066 1307 3121 erant,
1357 3057 1477 3109 talia
1500 3055 1689 3125 passis,

127 3163 232 3203 nos
256 3150 343 3217 qui
380 3146 782 3217 perfectioribus
833 3148 1055 3201 fruimur
1095 3147 1406 3215 disciplinis,
1445 3157 1498 3199 et
1539 3147 1693 3213 longe

125 3240 395 3309 graviora,
422 3253 575 3307 quam
600 3239 691 3302 illi,
725 3247 1087 3307 perpetramus
1106 3278 1120 3301 ,
1149 3237 1463 3306 supplicium
1501 3235 1696 3303 effuge-

126 3332 345 3385 remus?
368 3328 539 3383 Vultis
565 3331 791 3397 reliquas
817 3330 973 3381 etiam
1016 3328 1225 3381 illorum
1267 3326 1450 3379 audire
1474 3325 1692 3379 calami-

128 3431 289 3485 tates,
333 3434 463 3490 quas
515 3421 653 3487 passi
698 3428 821 3474 sunt
870 3420 920 3473 in
973 3418 1247 3472 Palaestina
1290 3432 1321 3471 a
1369 3416 1691 3486 Babyloniis,

128 3510 366 3581 Assyriis
406 3517 459 3564 et
502 3509 911 3563 Macedonibus?
958 3509 1165 3577 quoties
1213 3506 1427 3569 famem,
1467 3514 1690 3574 pestem,

127 3600 270 3655 bella
298 3598 435 3667 passi
457 3606 598 3663 sunt,
625 3607 678 3653 et
694 3598 1026 3667 captivitates
1050 3597 1148 3651 sub
1188 3595 1307 3649 Tito
1332 3605 1383 3649 et
1415 3594 1696 3663 VeSpasia-

130 3686 235 3741 no?
260 3684 478 3755 Iosephi
502 3686 690 3739 librum
727 3685 883 3754 legite
904 3725 920 3750 ,
950 3700 1107 3753 quem
1134 3684 1201 3739 de
1238 3683 1691 3752 Jerosolymorum

132 3775 341 3835 excidio
365 3776 590 3845 scripsit,
618 3784 671 3830 et
696 3774 938 3829 acerbam
970 3774 1110 3827 illam
1134 3772 1437 3843 tragaadiam
1455 3772 1689 3826 discetis.

130 3866 264 3925 Cum
295 3865 409 3918 aliis
436 3865 627 3933 quippe
656 3864 1043 3918 calamitatibus
1084 3864 1136 3916 in
1166 3871 1363 3916 tantam
1390 3862 1580 3915 famem
1607 3861 1691 3914 iu-

128 3954 394 4018 eiderunt,
426 3962 482 4007 ut
512 3954 712 4007 balteos
740 3955 897 4007 etiam
945 3966 1088 4016 suos,
1118 3960 1173 4006 et
1195 3952 1401 4006 calceos
1439 3951 1688 4015 ederent,

127 4044 301 4113 iisque
351 4042 507 4097 etiam
555 4041 883 4098 horribiliora
918 4042 1134 4096 :omnia
1194 4042 1388 4111 quippe
1448 4041 1692 4095 dentibus

127 4132 407 4202 subigebat
451 4134 738 4187 necessitas
760 4172 777 4198 ,
812 4142 869 4186 ut
908 4133 1189 4201 praedictus
1226 4133 1452 4200 scriptor
1496 4131 1587 4184 ait.
1616 4132 1693 4185 Ae

128 4237 305 4292 neque
331 4222 387 4276 in
409 4219 491 4275 bis
513 4231 792 4287 steterunt,
816 4224 940 4290 quin
965 4224 1124 4278 etiam
1154 4224 1398 4291 proprios
1430 4221 1568 4276 ﬁlios
1593 4221 1691 4275 de-

128 4319 427 4385 gustarunt.
473 4312 750 4380 Quomodo
798 4326 945 4383 ergo,
996 4328 1114 4367 cum
1161 4312 1235 4366 illi
1273 4312 1403 4368 tales
1450 4310 1691 4367 dederint

1294 432 1379 486 DE
1419 426 1775 484 PERFECTA
1814 424 2174 482 CARITATE.

3250 457 3360 510 290

1808 552 2013 607 prunas,
2046 554 2161 604 uos,
2206 541 2292 609 qui
2327 543 2563 609 graviora
2602 544 2680 597 his
2711 554 3095 613 perpetramus,
3142 550 3363 612 effugia-

1804 626 1959 679 mus?
1983 626 2112 680 Nam
2138 628 2181 681 si
2210 636 2335 681 tunc
2364 630 2435 682 illi
2468 630 2605 697 plexi
2642 642 2794 695 sunt,
2848 648 2943 686 cur
2984 650 3078 688 nos
3102 639 3209 705 jam
3259 653 3362 691 non

1805 716 2122 783 plectimur?
2151 720 2341 772 Annon
2376 721 2457 774 vel
2487 736 2627 775 caeco
2658 724 2990 779 manifestum
3021 737 3101 779 est
3139 728 3255 783 ideo
3282 731 3359 783 sic

1805 807 1907 875 agi,
1932 815 1989 860 ut
2017 822 2157 875 saepe
2180 808 2310 874 dixi,
2338 811 2475 876 quod
2506 812 2656 866 nobis
2677 813 2989 881 supplicium
3037 816 3087 868 in
3129 816 3361 871 futurum

1803 896 2141 951 reservetur?
2164 898 2244 951 Ad
2288 900 2401 953 haac
2424 915 2548 954 vero
2574 903 2951 957 consideranda
2992 915 3113 959 sunt
3144 922 3204 961 ca

1803 1002 1944 1040 nune
1973 987 2023 1041 in
2052 986 2151 1041 hoc
2180 990 2376 1043 mundo
2397 1000 2651 1059 geruntur
2674 1034 2689 1059 ,
2716 1004 2769 1048 et
2787 996 3039 1063 gcheunte
3071 998 3221 1051 ﬁdem
3250 1016 3353 1053 non

1803 1077 2129 1144 negabimus.
2159 1078 2287 1131 Nam
2311 1081 2353 1132 si
2377 1080 2547 1148 justus
2574 1092 2655 1135 est
2684 1083 2841 1148 Deus,
2866 1100 2962 1138 nec
2992 1100 3241 1153 personas
3270 1103 3358 1141 ac-

1802 1164 1948 1232 cipit,
1975 1175 2029 1218 ut
2052 1176 2198 1220 certe
2228 1182 2407 1221 verum
2450 1179 2550 1235 est,
2596 1186 2691 1223 cur
2732 1171 2816 1225 hic
2864 1173 2949 1226 alii
2978 1174 3197 1227 cazdium
3229 1173 3356 1229 dant

1804 1268 2008 1321 poenas,
2031 1256 2117 1308 alii
2145 1272 2249 1310 non
2270 1258 2437 1312 dant?
2462 1276 2555 1313 cur
2577 1279 2640 1315 ex
2668 1264 2888 1317 mmchis
2913 1265 3000 1318 alii
3028 1267 3315 1334 puniuntur
3336 1309 3351 1332 ,

1801 1343 1889 1395 alii
1922 1359 2022 1396 non
2057 1346 2192 1413 plexi
2224 1348 2549 1403 moriuntur?
2574 1360 2700 1419 quot
2744 1351 3103 1420 sepulcrorum
3138 1354 3356 1411 eﬁ'osso-

1801 1446 1887 1485 res
1912 1447 2120 1501 poenam
2165 1436 2391 1489 vitarunt
2416 1442 2427 1492 ι
2455 1446 2583 1507 quot
2624 1441 2791 1495 fures!
2851 1452 2977 1511 quot
3020 1446 3194 1499 avari!
3227 1458 3355 1515 quot

1802 1532 2039 1590 raptores
2065 1524 2075 1575 !
2100 1524 2152 1579 Si
2179 1540 2306 1595 ergo
2332 1529 2568 1595 gehenna
2602 1546 2703 1581 non
2729 1541 2885 1595 esset,
2917 1532 3125 1585 ubinam
3150 1534 3220 1585 illi
3246 1552 3354 1602 pueo

1802 1628 1923 1667 nam
1955 1613 2195 1672 dabunt!
2239 1615 2372 1670 Num
2424 1619 2901 1673 contradicentibus
2959 1625 3350 1690 persuademus,

1800 1720 1917 1772 qua:
1964 1705 2030 1758 de
2058 1705 2144 1758 illa
2199 1717 2482 1761 narrantur
2509 1723 2611 1761 non
2656 1724 2773 1764 esse
2818 1710 3183 1767 fabulam?lta
3215 1717 3353 1769 cnim

1800 1810 1922 1848 vera
1950 1804 2095 1859 sunt,
2120 1806 2175 1850 ut
2203 1813 2305 1850 non
2341 1813 2437 1851 nos
2465 1808 2683 1865 tantum,
2707 1800 2798 1854 sed
2829 1802 2984 1855 etiam
3017 1815 3203 1870 poetae,
3236 1806 3352 1873 phi-

1800 1885 2005 1955 losophi
2035 1896 2090 1941 et
2117 1887 2406 1943 fabularum
2432 1892 2714 1958 scriptores
2743 1891 2807 1945 de
2835 1890 3002 1946 futura
3037 1910 3129 1961 pro
3167 1898 3354 1949 merito

1799 1986 1941 2030 sorte
1971 1976 2321 2045 philosophati
2357 1980 2461 2031 sint
2496 2019 2510 2043 ,
2544 1989 2595 2033 et
2625 1980 2888 2048 improbos
2920 1981 2970 2034 in
3001 1981 3205 2036 inferno
3235 1999 3354 2038 eru-

1799 2066 1924 2119 ciari
1954 2066 2208 2121 dixerint.
2230 2068 2357 2122 Nam
2384 2070 2587 2123 etiamsi
2620 2070 2731 2125 haec
2747 2086 2869 2125 vere
2886 2083 2939 2125 ut
2959 2082 3079 2126 sunt
3104 2089 3349 2130 enarrare

1799 2171 1901 2210 non
1930 2167 2226 2225 potuerunt,
2256 2168 2434 2227 utpote
2459 2160 2545 2229 qui
2568 2174 2633 2214 ex
2656 2161 2927 2215 ratiocinio
2954 2170 3151 2215 tantum
3183 2178 3356 2232 exque

1798 2256 1976 2301 nostra
2004 2248 2241 2303 doctrina
2269 2250 2406 2303 male
2445 2258 2658 2319 accepta
2705 2250 2770 2303 ad
2800 2250 2851 2304 id
2878 2254 3097 2319 permoti
3123 2252 3349 2319 fuerint,

1797 2348 2027 2392 attamen
2052 2340 2122 2392 illi
2146 2340 2421 2408 imaginem
2434 2340 2711 2409 quamdam
2732 2340 2916 2409 judicii
2937 2343 3111 2411 adepti
3124 2345 3349 2401 fuerant.

1798 2427 2021 2498 Cocytos
2050 2428 2189 2481 enim
2210 2438 2536 2492 memorant,
2581 2427 3103 2501 Pyriphlegethontas
3129 2432 3313 2488 ﬂuvios
3332 2476 3349 2500 ,

1798 2526 1848 2570 et
1868 2515 2043 2587 Stygis
2068 2532 2276 2586 aquam,
2307 2526 2361 2572 et
2388 2518 2662 2572 Tartarum
2694 2528 2893 2573 tantum
2918 2535 2948 2574 a
2971 2529 3107 2574 terra
3138 2520 3343 2577 distan-

1799 2617 1925 2674 tem,
1954 2617 2205 2677 quantum
2232 2608 2341 2677 ipsa
2367 2624 2396 2662 a
2418 2609 2566 2674 celo,
2596 2609 2788 2663 multos
2817 2624 3021 2680 quoque
3047 2610 3178 2665 alios
3198 2612 3354 2665 ultio-

1798 2700 1880 2753 nis
1904 2697 2087 2752 modos
2118 2716 2132 2752 :
2162 2713 2476 2769 rursumque
2498 2699 2732 2769 Elysium
2751 2715 3015 2769 campum,
3040 2708 3094 2756 et
3116 2700 3351 2756 fortuna-

1798 2797 1969 2841 torum
2015 2787 2233 2853 insulas,
2285 2797 2431 2857 prata
2474 2786 2679 2852 florida,
2737 2787 3069 2855 fragrantiazn
3111 2790 3349 2853 multam,

1796 2891 1980 2929 auram
2004 2885 2212 2930 tenuem
2239 2886 2292 2930 et
2316 2876 2509 2931 choros
2530 2877 2636 2931 illic
2662 2886 2953 2944 versantes,
2996 2877 3118 2932 albo
3140 2878 3352 2935 indutos

1796 2967 2012 3033 amictu,
2060 2967 2310 3036 quasdam
2339 2966 2669 3021 modulantes
2693 2967 3008 3033 cantilenas,
3054 2968 3107 3023 in
3143 2984 3344 3023 summa

1796 3057 1952 3114 bonis
1980 3068 2035 3113 et
2058 3059 2209 3114 malis
2235 3068 2352 3127 post
2387 3058 2589 3112 exitum
2614 3072 2678 3112 ex
2710 3058 2806 3110 hac
2834 3058 2937 3109 vita
2968 3066 3201 3124 paratam
3239 3072 3351 3112 sor-

1797 3156 1902 3202 tem
1928 3149 2287 3217 promeritam.
2318 3146 2396 3201 Ne
2415 3147 2591 3216 itaque
2607 3146 2861 3218 gehennae
2894 3146 3048 3201 ﬁdem
3079 3162 3349 3217 negemus,

1797 3255 1865 3295 ne
1893 3238 1946 3294 in
1973 3239 2115 3293 illam
2156 3238 2446 3293 incidamus
2468 3254 2485 3293 ;
2510 3253 2628 3291 nam
2655 3238 2741 3306 qui
2772 3252 2876 3291 non
2900 3238 3096 3303 credit,
3143 3240 3351 3308 segnior

1796 3329 2068 3395 efﬁcitur;
2102 3330 2190 3399 qui
2218 3328 2392 3397 segnis
2413 3335 2514 3391 est,
2544 3327 2596 3380 in
2623 3325 2763 3381 illam
2807 3326 2988 3396 procul
3026 3325 3185 3381 dubio
3213 3327 3349 3383 ibit:

1800 3423 1905 3473 imo
1930 3418 2208 3473 credamus
2238 3417 2352 3471 sine
2381 3415 2709 3469 dubitatione
2734 3454 2751 3482 ,
2793 3415 2963 3485 deque
2993 3414 3080 3468 illa
3110 3414 3351 3485 frequen-

1797 3517 1883 3564 ter
1904 3507 2285 3576 colloquamur,
2330 3513 2385 3560 et
2427 3520 2532 3559 non
2566 3504 2716 3559 facile
2768 3503 3117 3573 peccabimus.
3161 3504 3351 3571 llujus-

1797 3598 1939 3652 modi
1965 3613 2189 3666 namque
2208 3610 2510 3650 sermonum
2538 3592 2989 3656 commemoratio,
3026 3591 3171 3661 quasi
3201 3606 3351 3646 acer-

1796 3689 1920 3743 bum
1949 3685 2209 3756 quoddam
2234 3683 2545 3747 remedium,
2575 3682 2864 3752 nequitiam
2893 3694 3105 3735 omnem
3142 3681 3351 3735 abster-

1796 3794 1920 3848 gere
1945 3776 2156 3846 poterit,
2186 3775 2231 3829 si
2258 3774 2453 3829 nostris
2477 3782 2736 3844 perpetuo
2761 3770 2953 3825 animis
2972 3769 3216 3824 insideat.
3242 3770 3352 3825 Hoc

1798 3870 1973 3937 itaque
2016 3864 2251 3921 remedio
2282 3873 2509 3929 utamur,
2565 3871 2623 3917 ut
2664 3861 2827 3933 probe
2865 3861 3169 3931 expurgati,
3212 3860 3352 3928 digni

1797 3959 1964 4013 simus
1983 3957 2069 4026 qui
2116 3956 2280 4009 Deum
2309 3954 2581 4009 videamus
2602 3992 2618 4017 ,
2648 3962 2705 4006 ut
2745 3951 2813 4004 ab
2860 3951 3160 4005 hominibus
3188 3950 3352 4003 videri

1797 4056 1989 4123 potest,
2016 4053 2072 4099 et
2094 4043 2283 4098 futuris
2306 4041 2542 4096 fruamur
2573 4038 2745 4104 bouis,
2763 4038 2929 4109 gratia
2958 4047 3011 4093 et
3035 4038 3355 4108 benignitate

1797 4134 2007 4190 Domini
2034 4133 2199 4187 nostri
2226 4131 2353 4187 Jesu
2381 4127 2594 4184 Christi.
2621 4126 2725 4199 Ipsi
2748 4127 2917 4199 gloria
2943 4126 2997 4181 in
3026 4127 3217 4183 saecula
3246 4142 3348 4182 sa:-

1796 4223 2057 4280 culorum.
2084 4222 2275 4277 Amen.

127 4614 3335 4685 Μ

762 4966 870 5027 AD
917 4957 1327 5023 HOMILIAM
1368 4954 1449 5015 1N
1502 4948 1794 5017 JOSEPH
1847 4947 1949 5007 ET
2010 4944 2116 5005 DE
2163 4939 2721 5001 CONTINENTIA.

144 5222 287 5279 docti
314 5228 370 5275 et
391 5212 625 5273 accurati
659 5209 857 5278 Joseph
890 5202 1207 5267 Boevvlesii,
1238 5192 1787 5270 protobibliothecarii
1813 5186 2084 5243 Bodleiani
2106 5224 2121 5251 ,
2152 5200 2269 5255 qua:
2313 5184 2631 5255 paucissima
2660 5180 2714 5233 in
2750 5177 3113 5247 Manuscripto
3144 5192 3331 5246 super-

144 5369 302 5416 erant
331 5357 559 5413 exscribi
593 5354 834 5423 mihique
867 5345 1155 5404 transmitti
1184 5339 1407 5399 curavit.
1437 5336 1639 5391 Caetera
1676 5332 1820 5387 enim
1858 5328 2052 5383 avulsis
2095 5326 2235 5382 foliis
2269 5325 2563 5395 perierunt,
2600 5329 2659 5373 ut
2686 5319 2894 5374 monuit
2928 5317 3043 5385 ipse
3085 5314 3339 5371 laudatus

151 5497 234 5551 vir
268 5490 631 5547 Boevvlesius.

226 5623 598 5696 interpretatio
622 5620 830 5685 Latina,
856 5614 957 5672 etsi
987 5620 1159 5677 vetus,
1198 5617 1278 5664 sat
1302 5608 1438 5663 bene
1466 5599 1781 5658 concinnata
1808 5602 1906 5647 est.

1624 5780 1894 5801 ...ιιι-
