3990 6436
652 380 759 435 291

720 788 745 816 ι
788 777 899 830 Ἀεὶ
937 777 1036 846 μὲν
1080 780 1205 849 ἐμοὶ
1244 780 1390 836 δοκεῖ

648 865 1063 937 χρησιμώτατος
1116 866 1252 924 εἶναι
1297 872 1389 925 καὶ

651 956 874 1022 πρέπων
946 960 1057 1020 τοῖς
1107 959 1200 1012 τοῦ
1257 962 1391 1032 Χρι-

656 1044 782 1096 στοῦ
831 1045 1034 1110 δούλοις
1058 1049 1086 1100 6
1121 1052 1249 1118 περὶ
1288 1068 1392 1105 σω-

653 1137 925 1207 φροσύνης
939 1140 1092 1207 λόγος
1120 1157 1134 1173 ·
1158 1143 1390 1211 μάλιστα

655 1225 713 1276 δὲ
746 1227 838 1280 νῦν
883 1229 941 1280 ὲν
986 1230 1162 1300 καιρῷ
1206 1231 1390 1288 τοῦτον

660 1317 996 1386 ποιησόμεθα
1045 1320 1178 1388 πρὸς
1226 1321 1388 1390 ὑμᾶς,

653 1409 742 1461 ὅτε
786 1411 876 1462 τὸν
900 1411 1130 1482 Χριστὸν
1172 1416 1392 1471 ἐνδυσά-

657 1516 804 1566 μενοι
851 1502 945 1569 τῆς
989 1505 1308 1575 Ἑκκλησίας
1342 1513 1389 1561 oi

652 1590 873 1654 παῖδες,
907 1596 1252 1664 σωφροσύνην
1285 1599 1390 1665 μά-

652 1682 806 1736 λιστα
835 1686 1126 1754 κεκτῆσθαι
1147 1690 1252 1759 πρὸ
1280 1693 1389 1745 τῶν

650 1778 824 1831 ἄλλων
887 1780 1187 1847 ὀφείλουσιν
1252 1786 1388 1852 ἀγα-

651 1869 781 1923 οῶν.
825 1873 975 1923 Ἐπεὶ
1007 1874 1100 1925 καὶ
1139 1875 1282 1938 ὅστις
1313 1873 1389 1928 εἷ-

651 1958 739 2009 δεν
768 1959 1002 2028 ἀθλητὰς
1021 2004 1035 2027 ,
1073 1963 1380 2032 Ὀλυμπίοις

655 2051 1004 2118 νομισθέντας
1103 2058 1330 2123 πρέπειν
1369 2098 1383 2120 ,

654 2137 1043 2207 ἀλειψαμένους
1065 2143 1157 2195 ἐπὶ
1177 2145 1235 2197 τὸ
1263 2149 1386 2200 στά-

651 2223 764 2277 διον
791 2229 1210 2295 καταϐαίνοντας
1227 2277 1240 2298 ,
1269 2232 1385 2289 εἶτα

650 2315 777 2382 περὶ¹
839 2317 1227 2389 παλαισμάτων
1297 2329 1388 2379 καὶ

651 2407 942 2475 καρτερίας
969 2411 1059 2462 καὶ
1089 2413 1240 2481 νίκης
1284 2417 1388 2468 διε-

653 2493 814 2563 λέχθη
863 2497 995 2566 πρὸς
1041 2502 1269 2566 αὐτοὺς,
1326 2507 1385 2557 ὲν

651 2585 824 2653 καιρῷ
843 2587 996 2639 τοῦτο
1031 2596 1386 2662 πεποιηκέναι

653 2675 877 2740 δικαίως
904 2679 966 2732 ἂν
992 2684 1137 2750 παρὰ
1173 2686 1382 2739 πάντων

650 2767 940 2835 νομίζοιτο.
993 2773 1099 2825 Καὶ
1165 2775 1228 2846 δὴ
1288 2779 1381 2830 καὶ

648 2858 808 2924 ἡμεῖς
829 2861 1126 2928 ἑωρακότες
1149 2869 1270 2930 τοὺς
1293 2871 1383 2922 τοῦ

656 2945 805 3017 [500]
837 2951 1080 3021 Σωτῆρος
1107 2956 1339 3027 ἀθλητὰς
1363 3001 1378 3024 ,

651 3034 875 3103 δύναμιν
923 3039 1180 3106 λαϐόντας
1237 3051 1386 3118 παρὰ

647 3124 741 3177 τοῦ
788 3127 1101 3196 Πνεῦματος
1136 3135 1222 3187 διὰ
1277 3139 1385 3192 τῶν

647 3213 806 3267 Θείων
826 3222 1153 3289 μυστηρίων,
1169 3227 1383 3292 είκότως

647 3304 715 3357 ἂν
746 3306 883 3377 ὑπὲρ
906 3313 1252 3382 σωφροσύνης
1272 3317 1385 3369 δια-

645 3396 938 3465 λεχθέντες,
967 3404 1055 3452 ὲπὶ
1085 3405 1172 3457 τὸν
1203 3407 1384 3474 ἀγῶνα

644 3484 735 3537 τὸν
782 3492 1144 3558 πνευματικὸν
1204 3513 1383 3564 παρα-

650 3576 974 3645 πέμψωμεν.
1025 3583 1111 3633 Ἐν
1144 3584 1242 3652 μὲν
1291 3582 1381 3642 οὖν

646 3667 757 3727 τοῖς
787 3667 1030 3738 ἀνθρωπί
1101 3713 1114 3726 .
1145 3715 1160 3728 .

1371 373 1425 430 8.
1462 373 1732 430 .IOANNIS
1763 373 2228 434 CHRYSOSTOIH
2267 379 2576 438 ARCIIIEP.
2616 387 3138 451 οοκδτΑΝτιΝοιι.

3779 413 3874 468 292

2001 517 3843 553 .._________________________

1534 630 2018 702 EJUSDEM
2074 633 2212 702 DE
2265 636 2968 714 CONTINENTIA
2984 691 3007 715 .

1524 783 1654 839 Mihi
1702 785 1922 854 quidem
1975 801 2192 857 semper

1457 873 1776 930 utilissimus
1822 876 2073 941 videtur,
2137 888 2195 934 et

1455 963 1655 1019 Christi
1675 967 1844 1021 servis
1867 969 2063 1038 dignus
2081 984 2197 1023 ser-

1459 1071 1548 1110 mo
1576 1057 1642 1111 de
1669 1059 2002 1114 continentia
2035 1077 2048 1113 :
2077 1078 2195 1117 ma-

1459 1147 1600 1201 xime
1615 1155 1794 1203 autem
1813 1157 2057 1219 tempore
2069 1153 2190 1217 hoc,

1459 1237 1674 1304 quando
1716 1238 1993 1293 Christum
2020 1231 2196 1296 induti

1458 1327 1611 1394 pueri
1644 1327 1898 1383 Ecclesiae
1941 1345 2054 1398 pra:
2074 1332 2196 1387 aliis

1458 1415 1615 1470 bonis
1649 1418 2039 1473 continentiam
2066 1437 2196 1489 pos-

1457 1509 1635 1563 sidere
1689 1513 1922 1566 maxime
1971 1512 2193 1570 debent.

1456 1604 1625 1660 Nemo
1651 1606 1850 1676 injuste
1887 1609 1971 1662 vel
1998 1608 2194 1664 intem-

1455 1699 1663 1762 pestive
1696 1697 1762 1750 de
1785 1697 2108 1753 fortitudine
2134 1706 2190 1754 et

1457 1790 1750 1844 certamine
1775 1790 1973 1844 factum
2001 1791 2196 1846 dixerit

1457 1893 1760 1933 sermonem
1784 1920 1798 1944 ,
1832 1897 1954 1934 cum
1982 1881 2197 1936 athleta:

1451 1967 1601 2035 juxta
1675 1968 1980 2038 Olympicas
2050 1970 2194 2040 leges

1455 2067 1798 2112 exercentur.
1824 2059 2007 2127 Itaque
2026 2069 2081 2113 et
2099 2076 2196 2114 nos

1456 2161 1601 2200 nunc
1615 2148 2046 2203 athletasChristi
2061 2165 2196 2218 quos

1460 2237 1706 2291 videmus
1735 2239 2007 2307 accepisse
2026 2240 2198 2293 virtu-

1462 2334 1567 2380 tem
1585 2342 1613 2380 a
1632 2327 1833 2394 Spiritu
1871 2339 2093 2396 propter
2112 2329 2198 2382 di-

1462 2416 1586 2471 vina
1607 2426 1964 2480 sacramenta,
1985 2417 2051 2470 ad
2069 2432 2188 2487 ago-

1461 2522 1581 2559 nem
1600 2507 1937 2574 spiritualem
1956 2507 2194 2573 missuri,

1459 2595 1655 2647 merito
1667 2595 1733 2649 de
1746 2597 2075 2649 continentia
2089 2597 2171 2650 dis

1459 2683 1706 2736 serimus.
1792 2682 1851 2736 In
1907 2684 2196 2739 mundanis

1458 2772 1603 2824 enim
1647 2773 2032 2827 certaminibus
2075 2783 2196 2842 post

1457 2862 1738 2915 victoriam
1804 2877 2058 2927 corona};
2138 2864 2196 2917 in

1455 2951 1654 3005 Christi
1742 2959 1917 3004 autem
2009 2951 2197 3005 stadiis

1456 3050 1578 3092 ante
1633 3039 1910 3092 victoriam
1963 3055 2193 3095 coronae.

1455 3128 1628 3193 Quare
1679 3138 1856 3183 autem
1909 3142 2194 3186 coronatos

1457 3220 1509 3272 in
1589 3233 1813 3288 agonem
1874 3219 2038 3273 mittit
2097 3237 2194 3274 nos

1454 3308 1725 3364 Christus?
1755 3311 1824 3365 Ut
1861 3320 2062 3364 metum
2109 3313 2194 3365 in-

1456 3405 1623 3457 cutiat
1669 3405 2017 3468 adversariis,
2069 3421 2193 3460 sen-

1455 3506 1651 3560 susque
1700 3501 1913 3548 nostros
1964 3496 2133 3565 erigat
2175 3513 2192 3550 :

1455 3594 1514 3639 ut
1567 3585 1629 3638 ad
1684 3585 1943 3639 honorem
1997 3603 2025 3639 a
2084 3588 2192 3641 Deo

1451 3673 1608 3726 nobis
1635 3673 1816 3726 datum
1851 3683 2153 3741 spectantes
2170 3716 2185 3738 ,

645 3749 776 3802 nihil
839 3749 1102 3816 indignum
1147 3747 1365 3799 Domino
1424 3747 1507 3798 vel
1555 3747 1862 3812 loquanmr,
1905 3749 1986 3799 vel
2032 3750 2188 3799 faeta-

645 3851 783 3889 mus.
842 3835 970 3888 Nam
1012 3835 1054 3887 si
1105 3850 1195 3888 rex
1225 3834 1410 3901 aliquis
1439 3847 1664 3902 purpura
1692 3834 1909 3885 amictus
1933 3874 1947 3896 ,
1979 3848 2196 3887 corona.

642 3941 745 3995 que
780 3935 934 3993 caput
979 3934 1222 3986 ornatus,
1255 3932 1308 3976 et
1361 3923 1529 3976 victus
1557 3931 1752 3975 natura:
1801 3921 2187 3983 affectionibus.

643 4015 909 4082 indignum
937 4013 1178 4081 quiddam
1198 4013 1336 4081 regia
1367 4012 1640 4080 majestate
1669 4011 1870 4074 fecerit,
1902 4025 2020 4064 mox
2053 4021 2108 4063 ut
2135 4012 2186 4064 in

644 4105 839 4171 regiam
880 4105 1063 4154 slolztnt
1109 4101 1391 4169 aspexerit,
1444 4101 1690 4155 emendat
1739 4115 1829 4162 se,
1877 4115 2192 4169 operamque

641 4192 732 4246 dat
759 4207 823 4243 ne
850 4192 1065 4257 posthac
1106 4205 1134 4241 a
1172 4189 1323 4243 fu'dis
1361 4191 1598 4242 vincatur
1627 4191 2016 4257 cupiditatibus.
2048 4191 2110 4243 Et
2135 4202 2191 4244 tu

640 4297 845 4348 quoque
890 4280 1098 4332 indutus
1129 4281 1430 4341 Christum,
1464 4281 1619 4332 vitata
1668 4281 1801 4346 turpi
1835 4281 2024 4332 animae
2060 4295 2191 4337 con-

639 4370 956 4435 cupiscentia
983 4409 996 4428 ,
1025 4369 1088 4420 ad
1119 4369 1345 4420 divinam
1393 4367 1567 4419 statim
1595 4368 1780 4420 stolam
1813 4368 2037 4433 respice,
2071 4383 2183 4420 mea

639 4459 840 4524 liorque
870 4457 1040 4507 statim
1071 4457 1194 4520 eris,
1225 4471 1391 4523 neque
1413 4457 1621 4523 maligni
1650 4457 1849 4508 artibus
1879 4455 2183 4509 offenderis.

638 4546 795 4614 igitur
841 4545 1111 4612 pulchrum
1141 4544 1347 4611 quidem
1394 4547 1768 4598 continentiam
1814 4545 2186 4598 connuendare

635 4634 896 4697 laudibus,
922 4633 1182 4699 pulchrius
1203 4641 1376 4684 autem
1409 4632 1702 4700 possidere.
1731 4634 1795 4684 Et
1823 4647 1950 4686 sane
1971 4647 2073 4685 non
2099 4648 2188 4700 pa-

636 4739 752 4778 rum
782 4722 847 4776 ad
887 4723 1258 4776 continentiam
1305 4724 1583 4776 incitantur
1603 4762 1618 4785 ,
1646 4725 1733 4791 qui
1772 4725 1991 4776 multum
2021 4723 2088 4777 de
2119 4738 2181 4776 ea

636 4812 916 4880 loquuntur
941 4821 993 4862 et
1015 4811 1246 4863 audiunt.
1275 4813 1441 4878 Atque
1457 4827 1570 4863 eam
1589 4812 1656 4863 ob
1682 4827 1791 4863 rem
1820 4813 2035 4864 virtutes
2062 4825 2186 4863 san-

635 4913 836 4958 etorum
888 4901 1145 4953 celebrati
1201 4900 1360 4952 sacris
1403 4900 1683 4966 Scripturis
1709 4900 1874 4952 voluit
1921 4900 2080 4961 Deus,
2133 4910 2188 4951 ut

635 5003 820 5042 omnes
871 4988 1111 5040 homines
1145 4986 1197 5037 in
1233 4987 1444 5038 illorum
1494 4988 1762 5039 trahantur
1808 4987 2182 5048 imitationem,

635 5079 952 5144 vestigiaque
978 5078 1180 5128 illorqu
1213 5076 1488 5144 diligenter
1509 5077 1773 5152 sequendo
1796 5079 2027 5144 persuasi
2054 5092 2182 5130 con-

643 5167 912 5219 tinentiam
952 5176 1152 5232 parent.
1185 5167 1390 5219 Etenim
1420 5166 1463 5216 si
1501 5166 1550 5216 in
1593 5164 1849 5232 gymnicis
1876 5166 2182 5217 certamini-

637 5259 732 5310 hus
764 5256 1027 5324 plerique,
1057 5256 1179 5306 visis
1201 5255 1413 5307 athletis
1438 5256 1731 5310 coronatis.
1760 5254 1997 5318 accensi,
2027 5255 2183 5307 etiam

634 5349 729 5412 ipsi
759 5363 814 5400 se
843 5354 1136 5407 exuerunt,
1168 5355 1221 5397 et
1247 5346 1437 5397 multos
1470 5345 1692 5396 sudores
1717 5344 2035 5411 .laboresque
2066 5359 2185 5411 per-

635 5441 882 5500 tulerunt,
921 5447 972 5487 ut
1003 5437 1161 5487 ruinis
1195 5435 1272 5487 vel
1302 5436 1431 5486 ole;e
1470 5436 1546 5485 vel
1597 5434 1725 5486 lauri
1756 5444 2132 5486 coronarentur
2165 5453 2177 5486 :

633 5538 820 5594 quanta
851 5542 972 5593 ergo
1004 5540 1096 5577 nos
1135 5527 1377 5576 eonvenit
1413 5523 1683 5575 alacritate
1729 5536 1822 5588 pro
1866 5523 2181 5576 continentia

633 5619 849 5670 Stttlorcs
876 5617 1026 5674 ferre,
1053 5615 1258 5682 quando
1279 5614 1405 5666 alios
1429 5627 1457 5664 a
1488 5612 1593 5666 Deo
1622 5622 1899 5665 coronatos
1921 5614 2177 5676 videmus,

633 5718 686 5758 ut
739 5705 1030 5757 cu-lestihus
1095 5703 1430 5755 redimiamur
1484 5704 1731 5766 coronis,
1791 5712 2001 5769 propter
2048 5705 2181 5756 bona

633 5794 978 5859 salutat-isque
1008 5790 1276 5846 facinora?
1304 5789 1577 5856 Quomodo
1608 5805 1710 5843 non
1740 5805 1897 5858 grave
1920 5800 1969 5844 et
2012 5791 2171 5844 multa

2302 792 2379 848 ira
2435 791 2682 861 dignum,
2733 792 2778 846 si
2836 793 3059 846 athletas
3108 793 3316 848 allectet
3372 793 3559 849 folium
3609 797 3742 850 lauri
3787 800 3860 850 vel

2301 882 2475 946 oliva},
2503 891 2557 936 et
2588 882 2753 951 gloria
2801 883 3115 937 transitoria:
3157 884 3308 953 hujus
3358 889 3481 941 vitm
3512 905 3524 940 :
3565 905 3665 942 nos
3694 901 3861 944 autem

2303 971 2431 1024 nihil
2461 981 2705 1025 moveant
2731 970 2921 1026 Christi
2944 988 3178 1038 munera,
3211 983 3267 1028 ut
3288 990 3500 1031 omnem
3547 979 3859 1048 voluptatem

2295 1071 2658 1124 '.nnoveamus,
2705 1067 2760 1113 et
2803 1063 3044 1114 timorem
3099 1061 3189 1115 Dei
3233 1065 3576 1131 praaferamus
3619 1072 3862 1136 concupi-

2301 1147 2558 1201 scentiis?
2584 1148 2751 1203 Porro
2774 1163 2880 1203 non
2901 1150 2951 1202 in
2978 1152 3102 1204 solis
3129 1154 3424 1209 hominibus
3448 1157 3697 1213 videmus
3721 1161 3860 1214 simi-

2303 1235 2430 1290 lium
2459 1236 2824 1303 imitationem,
2851 1239 2944 1292 sed
2964 1249 3018 1292 et
3063 1240 3113 1293 in
3146 1240 3330 1296 brutis.
3360 1243 3492 1298 Nam
3522 1256 3579 1299 et
3605 1249 3861 1303 columba:

2301 1339 2464 1393 turpe,
2518 1325 2627 1380 visa
2653 1342 2751 1380 una
2788 1328 3048 1392 avolante,
3074 1330 3252 1384 statim
3296 1343 3592 1399 sequuntur
3629 1351 3816 1392 omnes
3848 1358 3859 1391 :

2300 1426 2354 1470 et
2393 1416 2566 1484 pullus
2591 1431 2901 1484 generosus,
2935 1419 2986 1471 in
3008 1434 3257 1488 equorum
3303 1433 3547 1479 armento
3575 1428 3828 1484 exsiliens
3848 1470 3860 1490 .

2300 1520 2480 1560 secum
2506 1507 2641 1576 rapit
2667 1522 2826 1562 omne
2845 1519 3160 1564 armentum.
3193 1510 3258 1565 Et
3291 1513 3429 1566 inter
3456 1530 3575 1577 vos,
3609 1525 3671 1569 ut
3702 1519 3754 1571 in
3783 1535 3863 1571 ar-

2299 1604 2478 1647 mento
2503 1594 2716 1659 Christi,
2757 1595 2927 1651 bonus
2962 1606 3044 1651 est
3073 1600 3241 1666 pullus
3281 1601 3476 1671 Josepb
3519 1606 3866 1660 continentis-

2298 1685 2484 1748 simus,
2510 1685 2808 1738 czelestibus
2837 1687 3269 1742 exsultationibus
3303 1691 3368 1743 ad
3397 1693 3480 1746 sui
3512 1693 3863 1750 imitationem

2298 1787 2396 1826 nos
2417 1787 2701 1827 conservos
2724 1788 2937 1828 vocans.
2959 1775 3220 1831 Saltemus
3245 1779 3398 1846 igitur
3424 1794 3546 1833 cum
3587 1782 3734 1837 bono
3776 1787 3864 1836 ad-

2298 1863 2561 1917 olescente
2583 1863 2905 1930 spiritualem
2927 1865 3171 1919 choream
3190 1906 3206 1932 ,
3234 1868 3502 1923 laudantes
3549 1873 3724 1940 ipsius
3748 1890 3866 1928 coa-

2301 1950 2568 2004 tinentiam
2591 1990 2606 2013 ,
2638 1967 2741 2004 non
2785 1953 2956 2005 verbis
2984 1954 3151 2008 solum
3178 1996 3195 2021 ,
3227 1957 3317 2011 sed
3343 1968 3394 2012 et
3437 1975 3665 2028 operum
3697 1965 3864 2018 imita-

2300 2040 2461 2094 tione.
2495 2039 2584 2091 llle
2613 2040 2787 2108 igitur,
2818 2041 2905 2095 ille
2929 2051 3042 2096 erat
3066 2043 3284 2113 diligens
3301 2057 3355 2101 et
3376 2061 3670 2116 perpetuus
3697 2056 3864 2106 conti-

2296 2127 2487 2180 nentiae
2506 2137 2683 2183 custos
2707 2169 2720 2194 ,
2747 2144 2865 2186 cum
2892 2142 3070 2200 posset
3097 2135 3290 2204 reginae
3314 2136 3410 2205 ipsi
3434 2139 3714 2208 imperare
3737 2153 3790 2197 et
3817 2146 3864 2199 ia

2289 2214 2492 2270 deliciis
2542 2226 2698 2287 atque
2741 2220 2865 2275 luxu
2903 2221 3114 2277 divitem
3172 2234 3226 2279 et
3274 2227 3629 2296 voluptarium
3681 2247 3858 2302 agere.

2291 2302 2658 2360 Verumtamen
2698 2311 2934 2377 quamvis
2984 2313 3160 2367 talium
3204 2323 3255 2368 et
3286 2325 3552 2372 tantorum
3606 2321 3858 2378 dominus

2291 2390 2520 2458 futurus,
2549 2409 2666 2448 cum
2692 2401 2974 2465 cogitasset
2995 2401 3135 2469 quod
3171 2402 3365 2457 divitiae
3407 2407 3626 2473 quidem
3675 2419 3735 2463 et
3759 2427 3851 2479 po-

2288 2482 2446 2534 tentia
2473 2497 2536 2536 ac
2560 2485 2723 2552 gloria
2753 2501 2870 2540 cum
2900 2491 3141 2555 prazsenti
3170 2493 3277 2545 vita
3307 2503 3602 2561 transeant,
3635 2510 3695 2551 et
3726 2511 3857 2553 tem-

2287 2575 2541 2640 poralium
2587 2577 2786 2630 lucrum
2835 2578 3104 2634 dumtaxat
3145 2581 3406 2646 habeant,
3455 2586 3628 2639 solius
3680 2599 3855 2644 autem

2287 2665 2494 2719 virtutis
2531 2667 2705 2720 nullus
2747 2671 2813 2720 sit
2843 2670 2960 2722 linis
2983 2711 2998 2734 ,
3045 2671 3163 2725 ideo
3202 2673 3558 2740 voluptatibus
3611 2678 3855 2732 timorem

2283 2755 2477 2811 Christi
2506 2798 2521 2822 ,
2550 2766 2607 2810 ut
2633 2757 2838 2812 frenum
2864 2750 3149 2828 quoddam,
3178 2762 3376 2830 injecit.
3427 2766 3654 2820 Divitias
3679 2778 3854 2824 autem

2286 2853 2339 2896 et
2375 2844 2612 2910 delicias,
2641 2861 2702 2899 ac
2749 2849 3123 2915 promissiones
3163 2850 3389 2903 domina:
3432 2851 3644 2910 derisit.
3692 2857 3851 2910 mise-

2284 2933 2413 2984 riam
2443 2933 2494 2985 in
2521 2947 2734 2988 carcere
2753 2936 3038 2990 dulciorem
3062 2952 3282 2992 censens
3322 2941 3600 3007 prmclaris
3626 2942 3852 2997 domici-

2283 3021 2383 3084 liis,
2415 3024 2618 3076 tametsi
2650 3024 2729 3077 his
2757 3026 2843 3093 qui
2870 3028 3190 3082 excellenter
3217 3029 3428 3083 formosi
3460 3041 3610 3098 sunt,
3642 3035 3854 3089 difficile

2280 3119 2361 3162 est
2386 3110 2645 3178 imperare
2674 3114 2945 3180 voluptati.
2975 3116 3071 3171 llic
3106 3126 3278 3170 autem
3327 3127 3528 3172 tantum
3577 3123 3856 3190 Specimeo

2281 3199 2512 3253 exhibuit
2548 3203 2904 3268 continentias,
2934 3214 2986 3256 ut
3009 3205 3388 3272 pulchritudine
3409 3209 3605 3260 animae
3626 3211 3853 3276 pulchri-

2281 3288 2512 3342 tudinem
2552 3292 2792 3358 corporis
2822 3297 3126 3356 occultaret,
3171 3296 3334 3348 stella:
3365 3297 3577 3350 cuidam
3615 3300 3850 3363 pulchra.-

2282 3375 2607 3432 formositate
2635 3381 2889 3445 corporis.
2916 3383 3114 3450 angelis
3139 3392 3314 3436 autem
3346 3395 3632 3438 venustate
3658 3391 3853 3441 anima:

2283 3463 2654 3518 conferendas.
2684 3465 2790 3519 Nos
2835 3476 3008 3520 autem
3043 3467 3195 3522 decet
3217 3470 3461 3522 admirari
3487 3511 3502 3534 ,
3536 3487 3648 3526 non
3680 3475 3852 3528 solum

2276 3555 2632 3610 adolescentis
2669 3557 3041 3610 continentiam
3068 3598 3082 3623 ,
3111 3558 3200 3611 sed
3229 3569 3278 3611 et
3308 3561 3531 3626 pericula
3559 3601 3574 3623 ,
3607 3577 3735 3628 qua:
3764 3580 3854 3630 pro

2281 3644 2366 3696 illa
2415 3645 2698 3710 sustinuit,
2729 3646 2817 3712 qui
2845 3656 3011 3699 morte
3052 3648 3259 3716 gravius
3285 3662 3344 3700 ac
3372 3649 3663 3702 terribilius
3712 3652 3852 3719 judi-

2277 3733 2414 3786 cavit
2442 3735 2644 3786 servire
2682 3734 3052 3801 voluptatibus.
3090 3736 3443 3790 Admirabitur
3489 3749 3672 3792 autem
3695 3781 3711 3804 ,
3762 3743 3849 3810 qui

2279 3824 2521 3876 virtutem
2572 3825 2736 3891 ipsius
2787 3825 3060 3893 diligenter
3105 3827 3443 3895 cognoverit.
3495 3837 3544 3881 et
3599 3839 3846 3897 tempore

2282 3914 2589 3978 expenderit
2620 3915 2672 3966 in
2700 3915 2890 3976 quibus
2928 3916 3152 3968 animam
3193 3931 3374 3984 puram
3419 3921 3676 3972 servavit.
3712 3920 3848 3975 Nam

2281 4003 2580 4070 priusquam
2637 4004 2686 4055 in
2735 4014 2868 4057 terra
2897 4013 2949 4058 et
3002 4004 3249 4058 Dominus
3274 4015 3327 4059 et
3368 4006 3554 4074 Opifex
3607 4009 3846 4061 univeni

2279 4095 2536 4160 apparuit,
2583 4093 2873 4146 libertatem
2900 4093 3177 4146 custodivit
3204 4095 3413 4147 mentis.
3469 4094 3521 4144 ln
3550 4093 3720 4148 domo
3745 4097 3845 4148 im-

2279 4186 2482 4252 piorum
2531 4185 2890 4249 educabatur,
2939 4185 3132 4237 multos
3186 4183 3407 4236 habebat
3453 4183 3519 4235 ad
3572 4183 3846 4239 deteriora

2278 4273 2636 4336 adhortantes,
2682 4274 2892 4327 carebat
2937 4274 3270 4326 continentia:
3312 4274 3580 4340 magistro.
3636 4272 3842 4330 Omnes

2280 4362 2530 4428 voluptati
2561 4363 2877 4425 serviebant,
2909 4364 3080 4416 ventri
3112 4362 3468 4429 indulgebant,
3499 4364 3628 4415 nihil
3670 4367 3842 4431 pium,

2281 4447 2406 4499 nihil
2433 4459 2671 4501 sanctum
2698 4449 2987 4503 faciebant:
3014 4459 3243 4502 attamen
3269 4450 3316 4501 in
3339 4460 3600 4503 tantorum
3627 4453 3844 4507 talium-

2279 4553 2382 4605 que
2410 4539 2682 4604 impiorum
2710 4553 2923 4604 corona,
2959 4539 3137 4592 videns
3159 4540 3425 4593 dominam
3468 4541 3843 4608 intemperan-

2282 4635 2384 4678 tem
2409 4624 2582 4692 jacere
2600 4665 2614 4690 ,
2644 4627 2925 4679 caelestium
2957 4627 3318 4680 thesaurorum
3357 4628 3595 4695 proditor
3625 4644 3736 4683 non
3763 4641 3846 4684 est

2281 4713 2465 4778 lactus,
2503 4715 2594 4766 sed
2641 4714 2864 4781 Spiritus
2908 4716 3161 4783 templum
3205 4716 3618 4782 indeprardabile
3659 4729 3846 4769 custo~

2280 4807 2426 4869 divit,
2456 4807 2652 4860 malens
2682 4807 2813 4859 mori
2835 4847 2848 4869 ,
2880 4822 3034 4872 quam
3062 4808 3262 4860 servire
3305 4807 3686 4873 voluptatibus.
3727 4807 3842 4860 Non

2280 4898 2515 4950 audierat
2544 4897 2757 4949 Paulum
2796 4897 3055 4950 dicentem
3080 4937 3094 4955 .
3136 4911 3353 4964 corpora
3382 4906 3560 4950 nostra
3602 4899 3845 4950 membra

2279 4986 2471 5036 Christi
2525 5000 2645 5039 esse
2698 4985 2786 5052 (l.
2819 4985 2933 5038 Cor.
2961 4985 3011 5037 6.
3037 4983 3142 5054 15)
3173 5001 3184 5035 :
3215 4995 3263 5037 ct
3301 4986 3603 5052 priusquam
3633 4987 3845 5039 audiret

2282 5090 2460 5126 vocem
2489 5075 2737 5135 divinam,
2766 5090 2867 5126 non
2896 5075 3066 5126 minor
3086 5077 3324 5143 apparuit
3349 5076 3410 5127 iis
3431 5076 3518 5143 qui
3538 5076 3843 5128 ca-lestibus

2283 5165 2716 5230 promissionibus
2749 5165 2986 5217 honorati
3009 5174 3148 5226 sunt,
3169 5166 3363 5218 docens
3389 5180 3483 5217 nos
3511 5165 3560 5215 in
3589 5165 3845 5219 Ecclesiis

2283 5268 2437 5319 quam
2470 5261 2708 5320 oporteat
2738 5267 2835 5305 nos
2863 5265 3100 5319 certare,
3133 5264 3185 5308 et
3230 5255 3591 5319 incorruptam
3624 5268 3842 5307 servare

2283 5342 2531 5392 animam.
2560 5341 2687 5393 Nam
2729 5343 2770 5393 si
2798 5357 2918 5409 ego,
2952 5342 3129 5396 dicere
3155 5351 3328 5410 potest
3351 5341 3570 5407 .Ioseph,
3606 5343 3693 5408 qui
3725 5355 3846 5395 ante

2285 5443 2459 5483 natum
2491 5432 2753 5483 Christum
2792 5431 2879 5494 fui,
2909 5447 3006 5485 nec
3037 5431 3208 5483 audivi
3248 5430 3511 5483 excelsum
3542 5432 3842 5496 apestolum

2285 5523 2499 5574 Paulum
2514 5521 2840 5584 clamantem,
2865 5536 3078 5587 corpora
3106 5530 3276 5571 nostra
3299 5519 3535 5571 membra
3559 5533 3678 5570 esse
3701 5518 3846 5571 Chri-

2285 5612 2348 5662 sti
2371 5651 2384 5674 ,
2418 5610 2587 5676 putavi
2625 5609 2713 5662 Dci
2744 5625 2925 5662 servos
2963 5611 3147 5662 decere
3191 5618 3244 5658 nt
3276 5607 3536 5672 ἱιιιροτοηι
3566 5609 3841 5675 "ominati:

2286 5717 2380 5754 nec
2400 5701 2639 5752 inventus
2652 5715 2762 5751 sum
2783 5700 3111 5752 continentiae
3128 5697 3393 5760 decoctor,
3414 5699 3654 5764 quamvis
3680 5703 3844 5752 multa

2287 5787 2510 5855 pericula
2535 5799 2712 5855 parata
2742 5787 2974 5841 viderem
3006 5804 3016 5839 ;
3048 5793 3293 5854 quantum
3323 5800 3416 5840 vos
3446 5789 3694 5843 convenit
3721 5804 3840 5843 cum
