3990 6438
70 423 195 479 293

61 531 267 584 timore
297 538 355 584 et
378 539 607 585 tremore
632 532 806 586 vivere
831 532 881 585 in
904 535 1219 589 continentia
1246 576 1259 600 ,
1292 545 1348 590 ut
1374 551 1439 591 ne
1465 550 1626 607 appa-

60 622 231 675 reatis
252 622 451 691 indigni
466 622 684 685 honore,
708 631 760 676 et
778 638 840 677 ne
864 626 1093 680 membra
1110 626 1302 681 Christi
1319 626 1445 682 ﬁant
1463 644 1632 683 mem-

60 710 156 761 bra
182 712 378 764 scorti!
410 711 518 764 Hoc
545 713 757 765 verbum
781 722 954 781 potest
975 729 1182 768 omnem
1207 717 1432 770 animam
1463 720 1634 772 conti-

60 798 250 849 nentia
287 798 510 861 munire,
548 800 644 852 hoc
664 802 877 854 verbum
908 802 1151 856 ardentes
1184 807 1632 873 concupiscentias

62 885 223 938 facile
246 886 543 954 restinguit.
581 887 759 956 Neque
786 889 953 942 imber
981 891 1031 943 in
1060 892 1227 959 ignem
1251 894 1441 948 cadens
1468 897 1535 948 ita
1562 896 1633 948 fa-

63 975 171 1027 cile
190 975 463 1028 ﬂammam
480 977 742 1045 deprimit,
762 988 817 1030 ut
834 979 997 1031 malas
1026 984 1474 1049 concupiscentias
1498 1001 1633 1038 mar-

64 1076 291 1115 cescere
316 1061 440 1114 facit
465 1077 640 1115 sermo
665 1064 751 1117 ille
790 1066 841 1116 in
867 1066 1090 1117 animam
1112 1068 1389 1122 admissus.
1411 1072 1631 1124 Eosdem

65 1164 355 1204 sermones
386 1151 532 1204 nobis
558 1151 695 1220 loqui
728 1164 780 1205 ct
808 1169 1024 1222 magnus
1040 1156 1138 1210 Job
1168 1166 1372 1225 potest,
1415 1160 1501 1226 qui
1530 1176 1631 1212 non

65 1239 245 1291 solum
277 1240 504 1307 diligens
533 1242 866 1295 continentiae
918 1243 1012 1296 fuit
1061 1248 1391 1309 exercitator,
1441 1250 1531 1301 sed
1583 1259 1631 1304 et

66 1327 247 1396 legem
276 1329 443 1380 oculis
469 1330 576 1382 suis
607 1331 775 1397 posuit
800 1372 813 1393 ,
848 1347 913 1385 ne
940 1333 989 1384 in
1034 1334 1247 1400 virginis
1277 1335 1514 1387 viderent
1555 1334 1629 1387 fa-

66 1418 232 1479 ciem,
265 1431 333 1469 ne
352 1415 483 1471 forte
502 1428 727 1472 mentem
754 1420 887 1472 illius
908 1421 1159 1473 irradians
1178 1430 1387 1488 raperet
1408 1423 1630 1490 pulchri-

71 1505 208 1555 tudo
262 1504 282 1568 (
300 1503 399 1557 Job
429 1506 513 1559 3|.
544 1505 604 1574 1)
634 1524 645 1559 :
672 1509 908 1574 quamvis
936 1510 1049 1575 quis
1080 1524 1180 1562 non
1210 1510 1555 1563 admiraretur
1579 1515 1633 1559 et

72 1582 516 1648 obetupesceret,
548 1584 730 1638 videns
761 1598 920 1635 virum
954 1585 1088 1633 lume
1117 1597 1235 1634 cum
1274 1582 1481 1635 diabolo
1508 1583 1627 1650 qni-

72 1668 199 1723 dem
229 1670 450 1722 viriliter
477 1680 695 1733 certare,
724 1680 777 1724 et
798 1684 979 1721 omnes
1002 1670 1206 1738 maligni
1234 1670 1501 1724 machinas
1524 1671 1631 1724 vin-

70 1773 223 1821 cere,
260 1760 472 1826 virginis
510 1766 681 1812 autem
714 1759 895 1812 faciem
940 1761 1116 1825 fugere
1141 1799 1155 1821 ,
1214 1769 1263 1811 et
1310 1774 1336 1809 a
1390 1759 1629 1812 formosae

72 1848 273 1913 puellze
301 1857 514 1914 aspectu
546 1848 725 1901 oculos
754 1848 1082 1901 subducere?
1114 1847 1383 1899 Diabolum
1419 1848 1628 1915 quidem

75 1935 267 1987 videns
305 1936 634 1990 accedentem
666 1951 769 1989 non
817 1937 942 2004 fugit
966 1978 980 2001 ,
1024 1937 1115 1990 sed
1162 1940 1350 1990 mansit
1388 1940 1518 1991 sicut
1548 1939 1629 1992 leo

73 2024 283 2076 viribus
312 2024 477 2078 fidens
506 2042 519 2077 :
550 2026 747 2094 virgine
772 2038 947 2079 autem
975 2028 1080 2080 visa
1114 2044 1216 2079 non
1244 2029 1385 2081 stetit
1409 2068 1426 2092 ,
1460 2044 1628 2096 neque

74 2117 321 2160 moratus
348 2107 398 2160 in
430 2108 723 2160 contnenda
773 2110 1179 2176 pulchritudine,
1212 2110 1303 2163 sed
1332 2111 1507 2162 statim
1538 2123 1627 2165 se-

73 2196 263 2248 cessit.
306 2196 566 2249 Censebat
596 2197 836 2249 nimirum
870 2198 919 2249 in
948 2199 1127 2264 pra-lio
1155 2210 1332 2251 contra
1363 2200 1627 2252 daemones

77 2283 220 2334 virili
245 2291 299 2336 et
338 2283 718 2337 andacianimo
765 2301 893 2353 opus
942 2303 953 2337 :
986 2287 1034 2338 in
1075 2288 1407 2340 continentia:
1449 2296 1625 2339 autem

79 2372 467 2439 prznparatione
511 2372 774 2425 victoriam
829 2375 1064 2438 concedi,
1113 2390 1215 2429 non
1264 2390 1327 2429 ex
1374 2376 1624 2443 virginum

76 2462 460 2517 consuetudine
482 2501 497 2527 ,
524 2463 615 2516 sed
657 2478 887 2517 secessu.
929 2464 1169 2532 Quisquis
1196 2465 1349 2532 igitur
1376 2465 1628 2529 promittit

79 2551 459 2617 virginitatem,
476 2554 691 2620 accipiat
714 2554 925 2606 consilia
944 2554 1373 2607 continentissimi
1394 2555 1625 2606 onmimn

79 2637 374 2701 hominum,
402 2640 488 2703 qui
516 2649 569 2693 et
595 2642 704 2707 ipse
730 2650 849 2694 ante
874 2641 1135 2694 Christum
1168 2643 1487 2694 inearnatum
1520 2652 1622 2695 tam

77 2726 303 2794 diligens
322 2729 652 2782 continentia:
674 2728 768 2782 fuit
792 2742 986 2782 custos.
1006 2730 1181 2798 Neque
1202 2733 1338 2782 enim
1359 2732 1624 2799 negligen-

82 2824 162 2867 ter
186 2816 499 2869 audiendum
521 2854 535 2875 .
567 2819 702 2885 quod
730 2828 851 2872 ante
872 2820 1131 2873 Christum
1175 2822 1496 2874 incarnatqu
1525 2836 1621 2889 ap-

82 2905 353 2969 paruerint
376 2905 499 2971 jnsti
521 2913 716 2959 tantum
739 2908 1068 2959 continenti:c
1095 2909 1356 2975 specimen
1375 2909 1626 2961 exhiben-

82 3001 181 3044 tes.
215 2992 326 3045 Non
375 2994 512 3047 enim
560 3005 672 3048 erat
715 2995 850 3063 quod
882 3005 1019 3048 tanta
1046 2996 1093 3048 vi
1121 2996 1184 3048 ad
1216 2997 1456 3049 virtutem
1485 2997 1621 3049 illam

80 3090 313 3148 urgeret,
337 3097 502 3150 neque
523 3084 803 3150 virginibus
828 3086 1026 3137 crimen
1053 3096 1163 3138 erat
1189 3086 1423 3151 neglecta
1451 3087 1620 3137 conti-

81 3170 274 3222 nentiae
305 3173 579 3237 possessio.
610 3172 881 3237 Quomodo
920 3183 1090 3225 autem
1140 3173 1269 3226 hoc?
1298 3173 1426 3238 Quia
1472 3173 1623 3240 hujus

82 3270 258 3309 causae
277 3257 439 3324 gratia
464 3258 599 3311 Deus
626 3261 881 3322 excelsus,
906 3263 1270 3313 universorum
1296 3259 1499 3329 Opifex,
1525 3277 1621 3313 no-

81 3353 245 3397 stram
277 3348 477 3413 accepit
507 3346 724 3400 formam
749 3390 762 3413 ,
800 3358 855 3400 ut
896 3350 1195 3416 angelorum
1226 3350 1621 3403 sanctimoniam

81 3448 147 3486 ex
168 3434 295 3486 catlo
310 3434 602 3489 deduceret.
627 3436 842 3503 Quando
862 3437 1014 3506 igitur
1036 3439 1272 3490 homines
1286 3448 1403 3506 post
1422 3449 1619 3492 tantum

84 3521 336 3577 honorem
377 3525 724 3593 voluptatibus
758 3541 815 3581 sc
845 3530 1172 3595 mancipant,
1199 3528 1297 3581 diei
1326 3529 1503 3596 nequit
1544 3539 1618 3581 te-

82 3613 335 3664 meritatis
386 3615 686 3681 magnitudo
715 3656 730 3679 ,
774 3631 873 3684 qua
902 3617 1134 3669 membra
1165 3618 1357 3670 Christi
1388 3618 1619 3671 membra

81 3702 366 3755 meretricis
390 3700 657 3767 facientes,
684 3705 883 3758 Domini
913 3706 1319 3759 misericordiam
1367 3705 1613 3763 aflicinnt.

96 3825 1409 3854 mm

873 3922 1241 3981 MONITUM
1288 3922 1364 3979 IN
1412 3918 1847 3991 SEQUENTIA
1879 3920 2040 3980 DUO
2096 3921 2510 3981 OPUSCULA.

1203 416 1289 473 DE
1325 416 1830 477 CONSOLATIONE
1868 420 2129 476 MOliTlS.

3170 450 3278 505 294

1750 537 1801 580 et
1826 539 2070 596 quantum
2101 530 2151 583 ln
2183 531 2259 586 eis
2285 542 2385 594 est,
2414 548 2594 587 vanam
2636 535 2878 590 reddunt.
2910 537 3144 592 Andtunt
3171 543 3281 590 the-

1749 629 1948 679 mones,
1975 627 2031 671 et
2055 618 2255 683 timent,
2283 620 2401 686 quia
2432 622 2567 674 Deus
2589 638 2690 675 non
2718 625 2959 679 connivet
2985 633 3043 679 ut
3066 627 3285 693 conjun-

1748 714 1933 768 gautnr
1975 705 2091 768 sibi,
2148 720 2244 760 nos
2296 716 2468 761 autem
2516 710 2612 763 sibi
2660 710 2924 779 adjungat.
2976 713 3041 766 Et
3090 714 3285 767 audent

1747 791 1971 847 fidelium
1998 796 2205 861 quidam
2234 797 2538 851 abscindere
2563 814 2619 853 se
2640 815 2667 852 a
2708 801 2935 868 Christo,
2966 810 3021 857 at
3061 804 3282 872 jungere

1746 882 2145 935 meretricibus?
2172 882 2285 935 Non
2305 893 2496 936 tantum
2520 894 2599 937 est
2615 888 2803 940 malum
2820 904 2850 941 e
2869 891 2997 942 c.elo
3028 892 3077 942 in
3108 892 3271 944 lutum

1744 967 1948 1033 radere,
1974 979 2220 1036 quantum
2264 973 2453 1025 malum
2486 973 2639 1027 fuerit
2668 977 2954 1030 membrum
2980 978 3170 1032 Christi
3200 980 3279 1033 fa-

1744 1065 1884 1107 ctum
1923 1070 1950 1108 a
1981 1055 2157 1109 divino
2185 1058 2383 1111 honore
2410 1061 2672 1121 excidere.
2723 1074 2775 1117 et
2822 1066 3112 1119 membrum
3169 1068 3278 1125 fieri

1745 1144 1924 1196 scorti.
1953 1144 2167 1207 Quando
2194 1146 2349 1211 Igitur
2380 1150 2795 1215 concupiscentia
2827 1154 2956 1205 mala
3001 1154 3286 1209 inflammat

1743 1233 1966 1282 animam
1993 1270 2005 1292 ,
2043 1233 2216 1285 statim
2258 1234 2531 1288 recordare
2580 1236 2808 1300 Christi,
2859 1241 3024 1307 cogita
3080 1241 3285 1294 adstare

1745 1316 1833 1369 tibi
1859 1318 2069 1371 Paulum
2100 1320 2486 1384 adhortantem,
2506 1337 2565 1376 ac
2592 1324 2849 1379 dicentem
2878 1345 2891 1380 :
2916 1327 3131 1380 Nescitis
3151 1331 3284 1395 quod

1742 1421 1950 1472 corpora
1975 1417 2132 1459 vestra
2174 1410 2387 1461 membra
2428 1422 2540 1463 sunt
2580 1410 2762 1466 Christi
2773 1415 2798 1467 .’
2843 1414 3025 1468 Cereus
3070 1419 3285 1470 nmnbm

1742 1494 1941 1554 Christi,
1971 1495 2187 1562 faciasne
2214 1498 2426 1549 membra
2455 1502 2602 1551 scorti
2619 1501 2692 1568 (1.
2715 1501 2828 1555 Cor.
2857 1503 2907 1555 6.
2942 1503 3061 1572 i5)?
3088 1506 3139 1557 Si
3171 1506 3287 1557 illo-

1741 1594 1856 1633 rum
1903 1583 2177 1636 verborum
2221 1584 2382 1638 fueris
2437 1589 2757 1653 recordatus,
2789 1594 2960 1643 statim
3004 1592 3281 1660 fugientem

1740 1670 1937 1724 videbis
1968 1674 2298 1740 voluptatem.
2337 1674 2464 1727 Nam
2498 1677 2539 1729 si
2585 1679 2797 1732 ancillas
2823 1679 3031 1733 domina
3061 1691 3200 1734 casta
3232 1692 3284 1735 ct

1743 1759 1924 1824 pudica
1955 1761 2255 1828 turpitudini
2282 1763 2481 1817 deditas
2505 1766 2677 1818 statim
2707 1767 2818 1819 solo
2838 1779 3047 1835 aspectu
3070 1770 3283 1837 pudicas

1741 1846 1865 1899 lacit
1894 1863 1906 1897 :
1932 1849 2052 1914 quid
2083 1850 2287 1912 mirum,
2321 1851 2361 1903 si
2416 1851 2708 1905 titillantem
2740 1854 3057 1921 voluptatem
3088 1856 3281 1910 Christi

1740 1936 1988 1988 memoria
2030 1938 2203 1989 statim
2253 1938 2427 2005 sopit?
2470 1939 2687 2008 Semper
2726 1957 2935 1996 crucem
2979 1944 3110 1996 habe
3162 1954 3283 1999 ante

1738 2023 1917 2075 oculos
1963 2033 2078 2075 tuos
2119 2025 2426 2090 radiantem,
2470 2036 2521 2079 et
2546 2043 2705 2096 purus
2749 2044 2775 2080 a
2830 2032 3053 2096 peccatis
3093 2046 3186 2099 per
3228 2032 3279 2085 id

1739 2113 1986 2178 temporis
2009 2112 2193 2167 abibis.
2215 2113 2341 2167 Nam
2365 2117 2498 2168 sicut
2516 2117 2756 2169 columna
2791 2119 2961 2183 nubis,
2993 2120 3151 2187 figura
3182 2134 3277 2172 no-

1738 2210 1861 2252 strae
1889 2202 2077 2264 crucis,
2111 2203 2444 2256 Hebraeorum
2468 2206 2849 2260 multitudinem
2874 2211 3192 2276 protegebat,
3214 2226 3278 2265 ne

1739 2289 1862 2355 quid
1889 2291 2007 2343 mali
2029 2292 2097 2344 ab
2124 2292 2382 2362 Egyptiis
2410 2303 2674 2362 pateretur
2699 2297 2887 2365 (Exod.
2921 2301 3004 2353 15.
3036 2300 3096 2353 21
3123 2302 3179 2369 );
3209 2302 3276 2352 ita

1736 2390 1862 2429 crux
1885 2387 2005 2431 ante
2030 2382 2208 2433 oculos
2234 2383 2339 2434 visa
2360 2397 2565 2435 omnem
2592 2386 2763 2437 statim
2797 2386 2957 2454 abigit
2979 2388 3163 2440 malam
3194 2404 3279 2442 vo-

1739 2464 2005 2530 luptatem.
2038 2467 2158 2521 Haec
2200 2470 2337 2522 enim
2374 2472 2516 2525 salus
2551 2481 2632 2526 est
2681 2475 2886 2531 animzc.
2921 2475 3276 2546 fmdarumque

1734 2555 2267 2622 concupiscentiarum
2293 2560 2499 2614 salubre
2524 2563 2833 2617 antidotum.
2884 2566 3086 2618 Etenim
3115 2568 3262 2621 infir-

1734 2642 1939 2695 mitates
1987 2646 2221 2711 corporis
2260 2647 2580 2701 medicorum
2609 2663 2750 2704 artes
2795 2664 3009 2715 sanant,
3038 2658 3262 2710 animam

1731 2741 1901 2785 autem
1931 2744 2175 2801 aegrotant
2197 2745 2379 2789 curant
2404 2740 2577 2791 statim
2597 2740 2799 2809 eloquia
2824 2743 3035 2797 Christi.
3071 2748 3265 2815 Eapro-

1731 2824 1845 2884 pter
1871 2827 1925 2872 et
1949 2834 2041 2873 eos
2072 2822 2157 2889 qui
2194 2834 2497 2889 peecarunt,
2544 2835 2595 2879 et
2630 2828 2797 2881 adhuc
2823 2833 2993 2883 carnis
3019 2836 3258 2887 serviunt

1729 2910 2100 2977 voluptatibus,
2128 2927 2337 2967 oramus
2376 2924 2429 2969 et
2458 2932 2747 2983 precamur,
2799 2931 2853 2972 ut
2880 2924 3181 2977 excitentur
3207 2940 3269 2979 ac

1728 3000 2054 3066 resipiscam,
2095 3017 2160 3054 ne
2202 3005 2412 3057 omnino
2451 3006 2518 3058 ab
2559 3008 2916 3062 aﬂ‘ectionibns
2957 3014 3265 3077 vincantur,

1729 3102 1858 3142 neve
1887 3090 2079 3157 impetu
2140 3092 2387 3153 ferantur,
2418 3110 2549 3147 neve
2588 3097 2636 3147 in
2684 3111 2912 3150 amaram
2965 3104 3265 3156 servitutem

1726 3184 1912 3244 sponte
1932 3190 1988 3230 se
2018 3179 2313 3246 subjiciant,
2352 3179 2443 3233 sed
2474 3198 2531 3235 se
2561 3183 2609 3235 in
2644 3186 2756 3237 acie
2777 3198 3060 3255 opponant,
3107 3201 3159 3243 et
3199 3194 3267 3244 ti-

1727 3280 1873 3319 more
1894 3264 2085 3320 Christi
2107 3278 2331 3321 mentem
2348 3270 2707 3334 corroborent,
2739 3288 2799 3325 ac
2826 3276 3034 3341 ejiciant
3059 3292 3119 3332 ex
3145 3293 3268 3333 arce

1724 3368 1935 3421 gravem
1964 3354 2228 3409 dominam
2258 3374 2270 3409 :
2307 3366 2358 3409 nt
2395 3358 2594 3425 abjeeta
2622 3362 2760 3413 omni
2795 3365 2994 3416 macula
3017 3406 3031 3429 ,
3060 3376 3110 3418 et
3141 3382 3265 3435 pec-

1725 3445 1951 3497 cantium
1980 3444 2127 3500 turba
2152 3486 2166 3510 ,
2198 3463 2315 3500 cum
2342 3458 2521 3501 sancta
2547 3459 2599 3502 et
2632 3450 2927 3519 incorrupta
2952 3456 3120 3507 anima
3150 3472 3268 3524 pos-

1724 3535 1887 3586 simus
1933 3535 2181 3589 accedere
2209 3535 2274 3588 ad
2303 3535 2474 3590 divina
2517 3548 2571 3592 et
2613 3542 2897 3595 reverenda
2936 3556 3261 3600 sacramenta

1723 3623 1892 3689 magni
1919 3622 2005 3675 Dei
2023 3632 2075 3674 et
2095 3622 2378 3677 Salvatoris
2393 3624 2515 3679 Jesu
2540 3626 2728 3682 Christi
2761 3633 2875 3684 :cni
2904 3634 3064 3701 gloria
3097 3647 3148 3689 et
3168 3638 3265 3689 iut—

1726 3710 1924 3776 periu‘m
1954 3711 2003 3764 in
2029 3713 2217 3765 saecula
2238 3715 2563 3768 smculorum.
2600 3719 2787 3771 Amen.

169 4021 292 4081 llaec
322 4027 572 4097 opuscula
603 4026 721 4097 duo
754 4024 803 4077 in
847 4022 1029 4077 latina
1064 4022 1537 4097 interpretatione,
1575 4023 1847 4097 qu:e_sola
1899 4020 2553 4097 superest._inv'entiotieni
2599 4026 2776 4097 tamen
2824 4024 2878 4096 et
2928 4013 3281 4097 eloquentiam

94 4089 453 4165 Chrysostomi
478 4112 585 4163 pra:
610 4111 666 4149 se
701 4095 899 4154 ferunt,
933 4089 1259 4166 omninoque
1276 4093 1434 4159 digna
1467 4089 1652 4166 sancto
1697 4092 1914 4166 doctore
1932 4098 2077 4141 sunt.
2119 4089 2335 4166 Aliquid
2362 4098 2537 4166 tamen
2563 4089 2881 4166 suspicionis
2905 4089 3197 4166 succurrit,
3222 4099 3283 4163 ea

95 4151 331 4218 non‘hoc
357 4151 545 4216 ordine
576 4172 628 4215 et
661 4165 782 4221 ritu,
816 4151 920 4227 quo
948 4163 1033 4214 hic
1060 4151 1391 4231 comparent,
1443 4160 1512 4231 ab
1542 4160 1656 4225 ipso
1690 4159 1892 4231 Joanne
1916 4167 2099 4231 nostro
2142 4151 2282 4231 edita
2315 4156 2495 4216 fuisse,
2522 4156 2613 4209 scd
2646 4151 2972 4231 amquopiam
2998 4151 3117 4231 alio.
3193 4153 3285 4230 qui

101 4248 164 4286 ex
193 4233 351 4285 variis
376 4232 491 4299 ejus
520 4232 649 4284 locis
673 4232 785 4283 hare
830 4222 900 4283 ita
948 4222 1416 4303 consarei'naverlit.
1443 4222 1582 4303 Utut;
1601 4242 1686 4279 res
1712 4239 1813 4290 est,
1844 4228 1955 4280 haec
1991 4227 2148 4293 digna
2180 4226 2493 4303 planesunt
2518 4240 2636 4292 qua:
2667 4222 3026 4303 Chrlystostomi
3065 4222 3286 4303 nomine

99 4288 449 4370 publicentur.
483 4300 853 4370 Praemittimus
891 4308 1067 4351 autem
1098 4294 1525 4370 Admonitjpnem
1562 4288 2135 4370 fratrnm‘nostror‘um
2180 4288 2664 4370 Benedictinofnm,
2699 4288 2790 4360 qui
2821 4288 3286 4370 Editionem_9pe-

101 4358 213 4422 i-um
253 4369 355 4421 divi
385 4368 661 4437 Augustini
710 4377 1049 4431 curaverunt,
1082 4376 1135 4420 et
1164 4376 1317 4419 sexto
1343 4358 1509 4418 Tomo
1542 4380 1594 4433 p.
1625 4364 1728 4419 259
1757 4375 1811 4418 et
1847 4379 1993 4432 seqq.
2039 4364 2152 4417 hzec
2174 4363 2428 4431 opuscula
2457 4358 2762 4425 ediderunt,
2797 4369 2957 4427 atque
2986 4359 3088 4412 hoc
3115 4360 3288 4414 Moni-

102 4446 213 4491 tum
239 4438 608 4491 nraemiserunt
641 4456 653 4489 :

173 4527 191 4558 ς
219 4496 435 4559 Exstant
462 4520 734 4559 sermones
764 4506 848 4558 isti
881 4506 986 4559 duo
1018 4505 1068 4557 in
1105 4513 1283 4580 vetere
1311 4502 1622 4580 Corbeiensi
1657 4502 1854 4580 Codice
1874 4513 1997 4580 ante
2020 4502 2180 4580 mille,
2206 4510 2263 4553 nt
2290 4500 2520 4580 videtur,
2556 4512 2725 4580 annos
2753 4496 3041 4580 descriptp,
3072 4496 3281 4580 primus

100 4576 308 4644 quidem
353 4575 515 4628 hocce
538 4574 698 4644 titulo
745 4584 1069 4644 lirmtititatus
1110 4592 1121 4625 :
1157 4572 1348 4644 Incipit
1390 4587 1559 4644 sermo
1591 4572 1757 4644 sancti
1781 4570 2008 4644 Joannis
2044 4572 2105 4644 de
2133 4568 2490 4644 Consolqtione
2541 4567 2737 4644 mortis.
2791 4566 3080 4644 §ecundus
3106 4573 3286 4617 autem

107 4632 274 4712 primo
301 4657 455 4710 quam
485 4643 724 4713 proxime
746 4632 1082 4713 'conjunctus
1123 4632 1323 4713 absque
1366 4640 1540 4701 titulo,
1587 4639 1826 4713 nihilque
1870 4640 2010 4691 aliud
2039 4639 2099 4713 in
2130 4636 2470 4713 tine_habens
2518 4635 2642 4713 nisi,
2679 4632 2992 4712 E1plicit_de
3036 4633 3286 4713 Resnrreg

105 4701 284 4765 ctione.
308 4701 568 4763 ("laterum
600 4712 735 4762 alter
771 4701 880 4762 iste.
899 4725 1075 4782 sermo
1108 4701 1260 4762 tertia
1287 4716 1459 4777 parte,
1489 4722 1592 4774 qua
1625 4708 1675 4759 in
1706 4701 1833 4782 ante
1864 4708 2082 4782 excusis
2115 4706 2350 4762 carebat.
2402 4704 2609 4781 auctior
2652 4718 2797 4755 nunc
2840 4703 3069 4782 primum
3099 4701 3286 4782 prpdit

102 4796 163 4834 ex
191 4779 396 4832 laudato
437 4778 743 4831 Corbeiensi
787 4779 1073 4846 exemplari
1113 4796 1125 4831 :
1159 4769 1328 4845 eaqu'e
1370 4769 1521 4852 pars'
1543 4775 2034 4852 recapitulationem
2071 4789 2255 4827 eorum
2270 4788 2404 4852 qua:
2437 4772 2488 4823 in
2532 4770 2707 4852 primo
2730 4784 2977 4852 sermone
3005 4769 3143 4824 dicta
3169 4769 3285 4821 fue—

102 4857 240 4911 runt,
271 4846 523 4907 continet,
556 4847 767 4917 ethaliis
801 4862 908 4898 non
942 4836 1519 4917 incertis‘ar'gum'entis
1562 4844 1626 4917 ad
1656 4836 1756 4917 hoc
1802 4842 2118 4917 opusculum
2148 4836 2416 4917 pertinere
2443 4836 3087 4917 cog—nosci_tur.-§oannem
3122 4852 3286 4916 porro

102 4933 203 4971 non
229 4907 392 4968 alium
431 4929 586 4982 quam
609 4913 1050 4989 Chrysostomum
1087 4907 1350 4989 mirque
1369 4913 1634 4989 sermonis
1658 4911 1813 4989 primi
1842 4907 2175 4989 designatum
2226 4910 2529 4989 opipamttr.
2563 4907 2761 4989 Confer
2808 4907 3087 4989 llolniliam
3121 4907 3289 4989 ipsius

108 4986 163 5037 εΗ
206 4985 254 5036 in
302 4985 321 5035 1
371 4973 494 5036 Cor.
535 4983 621 5041 15.
672 4974 1039 5036 ειἨοιιιίΙίθῐη
1082 4985 1104 5035 1
1147 4984 1199 5036 in
1246 4983 1279 5035 2
1312 4981 1463 5043 Cor.,
1508 4989 1561 5033 et
1591 4979 1648 5032 Hi

1737 4981 1871 5033 iliam
1911 4973 1986 5032 tif"
2009 4980 2063 5032 in
2091 4973 2575 5043 Joan.,‘llomiliam
2619 4978 2851 5043 denique
2880 4975 2908 5025 7
2938 4976 3001 5027 ad
3035 4973 3285 5042 populant

105 5052 508 5109 Antiochenam.
544 5060 648 5103 etc.
692 5070 708 5101 ι

122 5181 175 5192 ..ο

950 5246 1085 5314 Ι)Ε
1138 5242 1927 5315 CONSOLATIONE
1976 5242 2401 5312 MOBTIS.

1392 5372 1653 5432 SERMO
1694 5371 1997 5431 PRIMUS.

176 5478 223 5530 1.
277 5475 508 5530 Praebete
562 5474 847 5536 silentium,
891 5474 1111 5539 fratres,
1159 5489 1222 5527 ne
1274 5488 1366 5526 vos
1409 5481 1636 5527 transeat

111 5581 272 5621 sermo
298 5568 434 5620 utilis
461 5575 514 5620 et
534 5567 583 5620 in
606 5575 845 5635 tempore
867 5568 1210 5620 necessarius.
1242 5568 1369 5621 Nam
1400 5578 1521 5621 tunc
1548 5568 1629 5620 vel

110 5658 318 5712 maxime
361 5671 493 5725 opus
534 5666 616 5712 est
654 5658 928 5721 medicina,
958 5657 1165 5726 quando
1189 5660 1362 5725 gravis
1396 5659 1637 5712 nascitur

108 5744 343 5815 aegritudo
366 5762 377 5796 ε
401 5756 453 5799 et
475 5756 597 5801 tunc
614 5748 840 5803 sollicite
862 5748 1134 5816 collyrium
1157 5746 1509 5801 adhibendum
1531 5755 1630 5815 est,

1742 5486 1858 5525 cum
1894 5471 2047 5524 fuerit
2086 5470 2269 5523 oculus
2294 5470 2477 5525 dolore
2503 5471 2759 5525 turbatus.
2790 5471 3112 5542 Quicumque
3158 5487 3281 5541 ergo

1740 5581 1843 5619 non
1875 5566 2030 5621 habet
2060 5567 2196 5621 hunc
2224 5567 2479 5632 dolorem,
2513 5584 2616 5622 non
2658 5570 2944 5635 obstrepat,
2974 5572 3064 5625 sed
3110 5574 3281 5636 potius

1742 5659 1953 5720 audiat,
1985 5660 2104 5726 quia
2145 5672 2247 5711 non
2278 5659 2495 5726 impedit
2542 5677 2725 5715 sanum
2776 5664 2913 5717 scire
2968 5664 3281 5718 medicinam

1746 5761 1862 5815 quae
1888 5748 2067 5815 prosit.
2096 5747 2195 5814 Qui
2222 5762 2345 5802 vero
2363 5760 2460 5818 per
2480 5747 2617 5804 hunc
2636 5765 2815 5806 casum
2845 5749 3102 5804 turbatum
3130 5752 3283 5807 habet
