3990 6444
638 427 748 480 295

1336 405 1392 459 S.
1429 400 1699 459 JOANNIS
1732 390 2194 454 CHRYSOSTOMI
2229 389 2538 446 ARCHIEP.
2578 388 3095 446 CONSTANTINOP.

3744 403 3779 451 2
3789 403 3868 454 96

642 519 851 575 oculum
883 517 1095 582 mentis,
1127 521 1181 569 et
1203 512 1473 568 doloribus
1496 509 1778 573 cruciatur,
1809 506 1972 575 magis
2015 505 2186 558 inten-
2282 512 2502 567 augeres
2525 499 2787 551 tristitiam
2817 538 2832 562 ,
2860 498 2904 550 si
2933 497 3118 550 fuisset
3146 496 3261 549 talis
3291 510 3394 558 res,
3424 511 3541 565 qua:
3562 510 3687 552 cum
3717 512 3847 564 pos-

646 621 727 662 tus
761 607 830 661 sit
869 614 928 660 ut
968 605 1165 673 aperiat
1191 602 1398 656 oculum
1440 598 1505 652 ad
1534 595 1919 664 suscipiendum
1945 591 2186 647 salutaris

647 696 789 750 verbi
833 694 1106 762 collyrium
1130 731 1146 757 ,
1177 706 1279 759 quo
1304 704 1407 742 non
1435 687 1602 740 solum
1634 685 2062 745 consolationem,
2090 682 2184 735 sed

644 787 801 840 etiam
839 783 1129 838 remedium
1177 786 1542 845 consequatur.
1590 776 1798 829 Certum
1845 783 1924 828 est
1969 780 2181 828 autem.

645 875 762 942 quia
788 873 831 928 is
859 873 948 940 qui
976 871 1118 923 dolet
1163 869 1390 931 oculum,
1431 865 1474 918 si
1500 879 1617 918 eum
1646 862 1847 915 medico
1895 858 2183 913 infundenti

643 961 913 1031 collyrium
961 957 1166 1026 aperire
1209 953 1472 1016 noluerit,
1521 951 1790 1019 collyrium
1820 948 2028 1016 quidem
2057 946 2184 1000 foris

645 1060 794 1105 extra
821 1049 1065 1118 pupillam
1093 1046 1343 1108 funditur,
1383 1043 1566 1096 oculus
1605 1055 1729 1094 vero
1758 1048 1993 1093 remanet
2015 1039 2066 1092 in
2087 1038 2185 1091 do-

647 1141 760 1195 lore
786 1156 806 1192 ι
830 1140 905 1192 sic
927 1145 982 1192 et
1007 1150 1153 1191 mens
1178 1134 1422 1197 dolentis,
1454 1132 1501 1185 si
1530 1139 1742 1199 propter
1771 1129 1983 1183 nimiam
2012 1128 2184 1182 tristi-

643 1229 770 1280 tiam
792 1226 952 1280 verbo
982 1239 1040 1279 se
1062 1221 1327 1286 clauserit,
1365 1235 1466 1272 non
1499 1225 1708 1285 recepta
1739 1217 1932 1271 salubri
1955 1216 2185 1269 admoni-

641 1316 806 1377 tione,
833 1313 1040 1380 incipiet
1068 1310 1183 1379 plus
1219 1308 1417 1372 dolere,
1444 1315 1497 1361 et
1516 1306 1726 1360 forsitan
1751 1305 1856 1372 pati
1885 1302 2011 1357 illud
2048 1302 2183 1371 quod

649 1406 703 1460 in
731 1404 998 1472 Scriptura
1027 1401 1325 1454 continetur
1353 1437 1366 1462 ,
1403 1397 1538 1464 Quia
1559 1395 1756 1450 tristitia
1789 1394 1958 1448 mundi
1981 1402 2185 1447 mortem

641 1504 878 1564 operatur
903 1491 990 1563 (2.
1020 1489 1136 1546 Cor.
1162 1491 1216 1545 7.
1269 1487 1396 1560 10).
1449 1487 1640 1541 Beatus
1665 1485 1857 1540 Paulus
1898 1483 2184 1552 apostolus,

649 1584 877 1639 ﬁdelium
905 1581 1090 1635 doctor
1113 1619 1130 1646 ,
1172 1577 1406 1632 medicus
1446 1575 1711 1638 salutaris,
1737 1573 1868 1628 duas
1892 1587 2008 1627 esse
2059 1571 2188 1625 dixit

644 1671 887 1725 trlstitias
919 1689 933 1723 :
981 1681 1137 1721 unam
1176 1666 1388 1728 bonam,
1442 1673 1495 1715 et
1515 1663 1732 1715 alteram
1762 1660 1989 1724 malam;
2029 1672 2184 1712 unam

646 1762 845 1823 utilem,
868 1767 921 1813 et
939 1759 1158 1811 alteram
1185 1755 1450 1817 inutilem;
1484 1768 1639 1806 unam
1667 1767 1783 1820 quae
1811 1751 1996 1816 salvat,
2024 1759 2078 1804 et
2103 1749 2185 1802 al-

653 1859 821 1906 teram
857 1862 973 1917 quae
1015 1845 1205 1915 perdit.
1233 1843 1298 1897 Et
1323 1857 1389 1896 ne
1423 1841 1634 1894 dubium
1674 1839 1829 1894 alicui
1865 1839 2101 1892 videatur
2135 1837 2187 1893 id

649 1940 789 2009 quod
815 1939 951 2000 dico,
996 1936 1105 2004 ipsa
1139 1935 1253 2001 ejus
1278 1932 1434 1986 verba
1472 1930 1726 1984 recitabo.
1761 1929 1846 1982 Ait
1873 1930 2035 1992 enim,
2063 1928 2186 1992 Quae

641 2027 915 2083 secundum
934 2024 1092 2078 Deum
1108 2032 1177 2076 est
1206 2021 1421 2084 tristitia,
1443 2019 1776 2088 panitentiam
1802 2018 1852 2070 in
1868 2017 2074 2070 salutem
2093 2026 2186 2069 sta-

639 2119 786 2172 bilem
813 2125 1044 2184 operatur
1095 2112 1278 2183 (Ibid.)
1325 2110 1478 2164 :htec
1521 2117 1602 2162 est
1645 2109 1732 2162 illa
1776 2108 1912 2161 bona
1957 2108 2181 2161 tristitia.

642 2207 886 2274 Sequitur
921 2201 1108 2257 deinde
1136 2219 1149 2254 :
1182 2199 1317 2253 Nam
1369 2200 1538 2254 seaculi
1567 2200 1716 2267 hujus
1743 2199 1940 2252 tristitia
1978 2209 2185 2252 mortem

639 2303 876 2360 operatur
897 2307 916 2344 :
935 2291 1045 2343 haec
1072 2298 1152 2343 est
1173 2289 1254 2341 illa
1282 2289 1434 2341 mala.

717 2382 772 2434 2.
805 2380 991 2433 Luctus
1016 2394 1084 2430 an
1117 2378 1290 2446 prosit,
1314 2392 1480 2428 necne.
1508 2375 1785 2428 Videamus
1807 2388 1954 2441 ergo,
1975 2372 2180 2436 fratres,

644 2475 745 2528 ista
771 2470 973 2526 tristitia
996 2482 1112 2538 quae
1139 2480 1282 2520 nunc
1302 2472 1384 2520 est
1404 2466 1456 2518 in
1483 2465 1741 2526 manibus,
1764 2477 1880 2531 quae
1915 2475 2050 2516 nunc
2072 2462 2183 2530 agi-

641 2569 728 2614 tur
753 2559 804 2613 in
831 2565 1056 2627 pectore,
1089 2543 1161 2611 et
1187 2555 1392 2609 auditur
1410 2567 1538 2607 voce
1558 2593 1571 2616 ,
1605 2552 1744 2606 utilis
1767 2551 1836 2605 sit
1872 2566 1938 2604 an
1965 2550 2181 2616 inutilis,

643 2649 892 2719 prodesse
917 2647 1084 2701 valeat
1101 2661 1168 2698 an
1191 2657 1402 2698 nocere.
1423 2642 1700 2696 Jacetecce
1719 2654 1907 2708 corpus
1924 2639 2176 2705 exanime,

642 2741 780 2808 jacet
807 2741 859 2792 in
896 2736 1069 2791 tabula
1104 2735 1263 2788 homo
1309 2732 1424 2787 sine
1464 2731 1676 2784 homine
1704 2769 1718 2791 ,
1752 2728 1983 2783 membra
2010 2728 2185 2795 utique

644 2831 759 2882 sine
796 2828 1019 2896 spiritu;
1049 2825 1302 2878 clamatur
1326 2863 1340 2886 ,
1386 2836 1485 2876 nec
1514 2820 1827 2888 respondet;
1860 2825 2071 2871 vocatur
2095 2856 2109 2882 ,
2133 2826 2186 2870 et

649 2932 756 2971 non
778 2915 958 2980 audit;
986 2914 1126 2981 jacet
1174 2911 1328 2965 facies
1357 2910 1565 2978 pallida,
1617 2909 1781 2960 ferina
1823 2913 2041 2968 mutata,
2093 2921 2186 2973 per

647 3023 801 3076 quam
829 3021 967 3059 mors
993 3005 1104 3074 ipsa
1131 3002 1363 3057 cernitur
1381 3003 1455 3071 (a)
1477 3017 1490 3064 ;
1515 3001 1770 3068 cogitatur
1793 3007 2045 3067 prazterca
2069 2997 2182 3064 ejus

646 3103 956 3166 perpetuum
1003 3093 1265 3147 silentium
1294 3131 1308 3154 ,
1339 3091 1596 3159 cogitatur
1621 3089 1915 3151 delectatio,
1946 3096 2038 3141 aut
2068 3102 2184 3155 qua:

648 3183 762 3247 fuit,
791 3191 876 3235 aut
907 3196 1025 3248 qua:
1055 3179 1224 3233 futura
1247 3188 1362 3232 erat
1381 3178 1607 3240 utilitas;
1635 3177 1925 3245 cogitantur
1949 3175 2181 3229 necessi-

648 3281 804 3338 tates,
840 3271 1060 3324 veniunt
1110 3269 1162 3321 in
1206 3276 1433 3320 mentem
1479 3267 1636 3320 verba
1665 3266 1961 3319 dulcissima
1987 3305 2001 3328 ,
2032 3267 2184 3332 longa

647 3361 974 3418 consuetudo
1013 3357 1314 3426 requiritur.
1375 3355 1497 3408 Haec
1543 3363 1664 3408 sunt
1703 3355 1816 3407 sine
1857 3353 2016 3406 dubio
2070 3368 2186 3420 qua:

645 3459 855 3507 movent
896 3451 1170 3518 lacrymas,
1219 3447 1435 3498 incitant
1461 3443 1746 3507 ululatum,
1779 3453 1830 3495 et
1859 3451 2022 3494 totum
2065 3440 2182 3492 ani-

644 3557 783 3596 mum
814 3541 865 3594 in
880 3538 1202 3608 profundam
1213 3534 1482 3591 tristitiam
1501 3534 1826 3601 demergunt.
1856 3531 2050 3585 Contra
2076 3530 2188 3585 hzrc

643 3643 749 3686 tam
774 3631 971 3695 valida,
1001 3639 1105 3682 tam
1139 3623 1294 3680 fortia
1342 3625 1538 3679 doloris
1562 3638 1706 3677 arma
1747 3622 1873 3676 illud
1902 3623 2070 3690 primo
2112 3621 2184 3691 (ὁ)

647 3722 878 3775 omnium
929 3717 1296 3787 opponendum
1318 3723 1416 3778 est,
1443 3715 1558 3781 quia
1586 3727 1738 3767 omne
1757 3752 1772 3778 ,
1799 3711 1935 3780 quod
1962 3713 2188 3765 nascitur

645 3811 697 3866 in
728 3811 827 3864 hoc
851 3808 1063 3874 mundo,
1081 3820 1296 3861 necesse
1310 3814 1390 3859 est
1413 3804 1566 3857 mori.
1593 3803 1716 3856 Haec
1731 3803 1961 3855 estenim
1988 3803 2068 3855 lex
2100 3802 2186 3855 Dei

642 3907 695 3953 et
719 3898 970 3953 sententia
995 3895 1348 3961 lmmutabilis,
1370 3907 1522 3962 quam
1548 3901 1663 3960 post
1682 3891 1923 3945 delictum
1952 3892 2190 3958 princeps

642 3992 850 4062 generis
905 3989 1112 4044 humani
1158 3986 1393 4054 accepit,
1439 3984 1642 4038 dicente
1675 3983 1779 4036 Deo
1812 4021 1825 4044 ,
1854 3979 2010 4032 Terra
2035 3997 2103 4043 es,
2144 3991 2188 4033 et

642 4083 692 4133 iu
732 4091 915 4134 terram
939 4080 1030 4131 ibis
1054 4077 1206 4148 (Gen.
1253 4076 1306 4129 5.
1338 4075 1460 4143 19).
1497 4072 1626 4139 Quid
1652 4086 1776 4140 ergo
1797 4071 1913 4123 novi
1940 4071 2187 4137 contigit,

643 4169 685 4221 si
713 4171 868 4220 homo
896 4166 959 4219 ad
984 4166 1091 4223 hoc
1117 4171 1267 4217 natus
1295 4163 1480 4215 divinae
1510 4162 1607 4228 legi
1639 4174 1700 4213 ac
1729 4159 1999 4213 sententia:
2032 4159 2186 4212 satis-

646 4253 941 4321 fecitiquid
972 4251 1090 4304 novi
1118 4251 1325 4312 accidit,
1345 4251 1389 4303 si
1409 4265 1468 4303 ex
1495 4247 1795 4301 mortalibus
1825 4257 1972 4298 natus
1993 4255 2189 4300 natura:

649 4345 892 4413 proprim,
918 4345 1036 4411 quia
1067 4357 1164 4396 nec
1195 4349 1398 4410 poterat
1417 4352 1666 4393 excusare
1689 4377 1703 4399 ,
1739 4336 2045 4404 respondit?
2077 4335 2187 4389 Non

649 4442 731 4488 est
758 4433 1054 4486 inusitatum
1085 4432 1222 4501 quod
1242 4432 1506 4498 antiquum
1536 4437 1645 4490 est,
1679 4441 1779 4479 non
1797 4434 1872 4478 est
1902 4424 2189 4477 inauditum

647 4521 784 4590 quod
819 4521 1184 4589 quotidianum
1205 4529 1307 4584 est,
1343 4532 1444 4571 non
1469 4527 1547 4569 est
1574 4513 1836 4583 proprium
1879 4511 2015 4580 quod
2043 4525 2189 4564 com-

650 4625 809 4664 mune
851 4618 949 4662 est.
1001 4608 1054 4663 Si
1109 4620 1233 4661 avos
1275 4617 1326 4660 et
1381 4621 1599 4674 proavos
1644 4604 1879 4658 novimus
1920 4618 2011 4670 per
2059 4601 2192 4655 hanc

653 4700 788 4752 viam
812 4698 994 4752 mortis
1019 4698 1277 4765 profectos
1307 4736 1322 4760 ,
1357 4696 1402 4748 si
1431 4696 1570 4762 ipsos
1617 4693 1840 4760 denique
1867 4690 2190 4760 patriarchas

645 4799 700 4845 ct
752 4788 1028 4858 preplietas
1053 4788 1117 4840 ab
1143 4786 1307 4839 Adam
1348 4783 1666 4853 protOplasto
1705 4796 1807 4835 non
1849 4782 1962 4834 sine
2003 4794 2191 4835 occasu

648 4878 940 4932 audivimus
969 4877 1216 4944 migrasse
1237 4875 1301 4928 dc
1327 4873 1537 4935 saeculo,
1567 4873 1830 4925 elevemus
1855 4871 2084 4923 animum
2122 4869 2189 4923 de

652 4967 910 5038 profundo
939 4966 1161 5019 tristitia:
1187 4983 1201 5019 :
1232 4965 1350 5032 quia
1372 4962 1508 5030 quod
1551 4961 1791 5026 debebat,
1819 4961 1917 5013 hoc
1941 4959 2184 5013 reddidit.

649 5056 714 5109 Et
741 5055 918 5122 utique
942 5053 1169 5106 debitum
1187 5067 1303 5105 cum
1327 5049 1584 5111 redditur,
1607 5063 1760 5116 quam
1785 5057 1954 5115 potest
1995 5048 2187 5101 habere

649 5143 911 5195 tristitiam
937 5139 960 5191 Τ
1004 5137 1117 5191 Hoc
1140 5147 1221 5193 est
1254 5151 1375 5190 vere
1399 5136 1662 5197 debitum;
1691 5135 1825 5202 quod
1857 5136 1992 5187 nulla
2021 5144 2192 5202 potest

650 5233 869 5301 pecunia
899 5230 1124 5284 redimi:
1164 5229 1263 5282 hoc
1289 5237 1370 5282 est
1393 5226 1625 5280 debitum
1649 5266 1663 5288 ,
1719 5223 1856 5292 quod
1888 5239 1982 5277 nec
2026 5224 2190 5278 virtus

652 5328 882 5385 excusat,
913 5334 1014 5372 nec
1039 5318 1310 5386 sapientia,
1328 5331 1425 5370 nec
1453 5324 1699 5384 potestas,
1725 5328 1821 5367 nec
1847 5313 1940 5380 ipsi
1971 5314 2192 5381 denique

647 5423 799 5479 reges
851 5416 1101 5475 poterunt
1143 5407 1426 5461 declinare.
1484 5406 1643 5459 Plane
1695 5404 1933 5456 hortarer
1989 5417 2084 5471 ego
2137 5411 2193 5456 ut

708 5522 780 5582 (a)
812 5527 944 5582 Post,
963 5529 1186 5580 cernitur,
1204 5520 1393 5582 quidam
1413 5519 1528 5582 Editi
1549 5517 1740 5582 addunt,
1766 5523 1809 5563 et
1833 5515 2066 5582 horretur.

709 5523 757 5582 (a
812 5527 944 5582 Post,
963 5529 1186 5580 cernitur,
1204 5523 1391 5581 quidam
1413 5523 1528 5565 Editi
1549 5523 1740 5571 addunt,
1766 5523 1809 5563 et
1833 5523 2066 5563 horretur.

709 5523 780 5648 {bi
807 5581 924 5634 mliti
951 5582 1147 5648 qttiam,
1316 5577 1491 5648 doloris
1513 5590 1663 5630 arma,
1694 5577 1882 5648 ferunt,
1906 5574 2193 5636 spiritalibus

647 5639 1332 5705 debemttsarn'taripfa‘aidiis.
1363 5639 1482 5687 Illud
1506 5650 1632 5696 ergo,
1661 5645 1751 5684 etc.

2286 597 2366 641 set
2395 597 2481 642 tua
2506 587 2792 641 substantia
2819 586 3027 648 redimi,
3045 585 3128 639 vel
3153 584 3371 650 dill'erri,
3393 586 3712 654 negligentia
3740 594 3844 638 aut

2287 676 2537 742 parcitate
2557 673 2902 741 provenisset.
2927 673 3056 725 Cum
3074 686 3200 726 vero
3223 672 3314 725 Dei
3335 671 3602 726 decretum
3623 673 3840 726 firmum

2286 763 2355 815 sit
2404 771 2456 815 et
2508 760 2873 825 immutabile,
2931 758 3121 812 frustra
3173 759 3432 822 dolemus,
3479 767 3532 813 et
3574 761 3638 814 de
3680 761 3841 814 nobis

2286 852 2566 920 quaerimus
2592 864 2755 919 quare
2782 851 2849 902 sit
2875 858 3132 912 mortuus,
3161 862 3280 900 cum
3323 850 3572 915 scriptum
3599 849 3685 910 sit,
3719 849 3838 902 Do-

2287 941 2408 991 mini
2453 938 2545 992 Dei
2569 948 2686 992 sunt
2714 939 2872 991 exitus
2919 939 3090 990 mortis
3117 936 3285 1004 (Psal.
3308 935 3394 989 67.
3424 937 3484 990 21
3514 937 3552 1005 ).
3585 937 3685 990 ista
3707 953 3840 1006 ergo

2288 1030 2579 1081 communis
2607 1027 2726 1080 vita:
2780 1026 3011 1080 conditio
3039 1026 3082 1078 si
3123 1026 3400 1094 recipiatur
3424 1027 3475 1078 in
3523 1028 3720 1091 animo,
3751 1029 3836 1081 in-

2288 1116 2443 1186 cipiet
2481 1124 2722 1184 gravatus
2761 1113 2936 1168 cordis
2964 1113 3165 1178 oculus,
3190 1113 3335 1180 quasi
3379 1113 3541 1181 prima
3574 1115 3838 1170 infusione

2286 1205 2526 1259 relevari'.

2354 1294 2407 1347 ὅ.
2432 1292 2615 1345 Luctus
2654 1292 2836 1344 nimius
2875 1308 2906 1343 a
2942 1291 3135 1344 ratione
3159 1292 3348 1344 alienus
3372 1292 3611 1360 etiamque
3634 1294 3838 1360 pericu—

2288 1383 2442 1435 losus.
2469 1411 2538 1421 —
2562 1380 2665 1434 Sed
2711 1380 2860 1443 dicis,
2888 1381 2997 1434 seio
3037 1393 3364 1433 communem
3406 1395 3523 1435 esse
3559 1382 3696 1434 hunc
3740 1397 3837 1435 ca-

2290 1484 2433 1533 sum;
2463 1470 2574 1523 scio
2598 1468 2718 1536 quia
2743 1469 2807 1533 is,
2837 1467 2924 1535 qui
2951 1477 3187 1520 mortuus
3214 1477 3293 1522 est
3319 1507 3333 1533 ,
3365 1468 3599 1522 debitum
3639 1469 3833 1532 solvit;

2288 1559 2379 1613 sed
2398 1559 2795 1611 delectationem
2816 1561 3005 1628 cogito,
3035 1559 3368 1612 necessitates
3389 1568 3587 1626 repeto,
3607 1575 3804 1614 censue
3822 1589 3837 1601 -

2289 1647 2516 1700 tudinem
2561 1646 2790 1714 requiro.
2828 1646 2883 1700 Si
2924 1655 3134 1714 propter
3183 1646 3293 1700 haec
3332 1647 3540 1700 tristitia
3583 1648 3834 1712 afficeris,

2287 1750 2467 1790 errore
2504 1735 2709 1789 duceris
2736 1775 2748 1798 ,
2773 1749 2885 1789 non
2915 1736 3118 1790 ratione
3153 1736 3480 1804 gubernaris.
3505 1737 3650 1792 Scire
3691 1739 3834 1792 enim

2287 1821 2468 1886 debes,
2499 1823 2616 1890 quia
2667 1823 2918 1876 Dominus
2944 1863 2958 1887 ,
2991 1825 3079 1892 qui
3123 1824 3260 1878 hanc
3285 1825 3500 1880 dederat
3525 1826 3836 1881 delectatio-

2289 1928 2429 1978 nem,
2455 1912 2582 1966 dare
2604 1922 2774 1981 potest
2810 1922 2863 1967 et
2886 1915 3038 1967 aliam
3069 1916 3320 1982 potiorem
3346 1957 3360 1982 ,
3393 1927 3444 1970 et
3465 1919 3551 1986 qui
3577 1919 3668 1972 tibi
3693 1920 3833 1975 hanc

2288 2001 2458 2054 intulit
2485 2003 2870 2068 necessitatem,
2903 2002 3170 2057 sufficiens
3195 2013 3273 2058 est
3300 2019 3391 2071 per
3415 2006 3570 2060 aliam
3600 2010 3836 2062 occasio-

2289 2107 2408 2145 nem
2461 2092 2723 2160 snpplcre.
2775 2091 3058 2147 Utilitatem
3085 2094 3100 2123 ί
3134 2108 3256 2147 vero
3281 2135 3296 2158 ,
3326 2096 3458 2148 sicut
3486 2105 3623 2148 tuam
3657 2097 3828 2162 vides,

2286 2179 2446 2233 debes
2461 2189 2512 2234 et
2539 2181 2651 2249 ejus
2677 2180 2765 2249 qui
2807 2181 3083 2236 defunctus
3106 2191 3186 2236 est
3225 2184 3456 2251 cogitare
3488 2202 3501 2236 :
3532 2187 3651 2252 quia
3677 2187 3753 2240 sic
3781 2187 3835 2242 ei

2286 2269 2500 2324 forsitan
2542 2271 2868 2340 expediebat,
2899 2272 3034 2325 sicut
3075 2272 3324 2338 scriptum
3353 2281 3468 2325 est:
3499 2273 3692 2342 Raptus
3734 2286 3831 2332 est.

2287 2373 2347 2410 ne
2368 2357 2557 2410 malitia
2582 2367 2790 2411 mutaret
2845 2359 2953 2424 eius
2990 2358 3306 2414 intellectum.
3337 2359 3536 2415 Placita
3574 2363 3701 2416 enim
3725 2375 3834 2418 erat

2285 2443 2392 2498 Deo
2415 2446 2580 2498 anima
2605 2448 2730 2515 ejus,
2755 2447 2961 2515 ideoque
3003 2450 3281 2517 properauit
3309 2449 3369 2502 de
3393 2451 3554 2503 media
3580 2453 3834 2522 iniquitate

2287 2535 2488 2590 educere
2509 2552 2618 2590 eum
2646 2537 2794 2608 (δίῳ.
2821 2541 2874 2593 4.
2905 2539 2986 2592 11.
3017 2539 3125 2608 14).
3155 2541 3227 2594 De
3259 2543 3629 2597 consuetudine
3656 2556 3831 2599 autem

2286 2622 2408 2692 quid
2453 2622 2643 2689 dicam,
2688 2641 2841 2693 quam
2881 2625 3004 2679 dum
3035 2630 3278 2697 tempus'
3304 2630 3380 2683 sic
3402 2631 3525 2685 facit
3571 2632 3828 2696 oblivisci,

2289 2719 2344 2764 ut
2400 2727 2680 2780 numquam
2735 2712 2897 2768 fuisse
2944 2715 3219 2769 videatur?
3262 2717 3409 2782 Quod
3459 2734 3583 2788 ergo
3629 2731 3833 2789 tempus

2288 2810 2498 2866 pnestat
2541 2811 2592 2855 et
2645 2803 2776 2866 dies,
2813 2805 2978 2857 multo
3023 2806 3187 2871 magis
3231 2806 3387 2859 debet
3430 2810 3561 2861 ratio
3613 2821 3665 2862 et
3694 2811 3831 2864 bona

2293 2898 2540 2956 prtestare
2568 2891 2833 2957 cogitatio.
2869 2891 2936 2944 Et
2963 2892 3046 2946 vel
3079 2892 3202 2945 illud
3233 2896 3458 2947 maxime
3498 2898 3829 2963 cogitandum

2291 2987 2390 3042 est,
2423 2978 2562 3046 quod
2609 2978 2783 3031 divina
2824 2993 2917 3047 per
2945 2981 3248 3048 Apostolum
3279 2985 3534 3036 sententia
3564 2985 3829 3052 diffinivit,

2290 3065 2418 3130 Quia
2445 3069 2641 3120 tristitia
2679 3068 2849 3120 mundi
2894 3078 3097 3120 mortem
3124 3080 3353 3137 operatur
3379 3071 3450 3140 (9..
3480 3072 3594 3126 Cor.
3623 3075 3673 3125 7.
3706 3075 3830 3145 10).

2288 3155 2437 3221 Quod
2488 3158 2531 3210 si
2580 3166 2682 3210 tam
2726 3156 3018 3221 oblectatio,
3052 3172 3207 3224 quam
3236 3159 3424 3213 utilitas
3450 3177 3695 3228 prmsens,
3721 3165 3834 3218 sive

2288 3245 2607 3300 consuetudo
2629 3285 2643 3308 ,
2672 3260 2758 3299 res
2785 3245 2964 3298 mundi
3007 3256 3127 3300 sunt
3155 3256 3206 3300 et
3227 3249 3410 3315 gaudia
3437 3252 3611 3304 saeculi
3644 3255 3833 3305 transi-

2290 3336 2441 3398 toria,
2489 3345 2703 3404 propter
2755 3336 2866 3391 hate
2915 3337 3145 3390 animum
3197 3340 3444 3406 dejicere,
3494 3351 3546 3394 ct
3592 3344 3831 3407 spiritum

2290 3427 2603 3491 contristari,
2635 3427 2751 3480 vide
2777 3441 2843 3482 ne
2883 3428 2952 3481 sit
2981 3444 3101 3483 vere
3150 3430 3413 3484 mortifera
3440 3432 3701 3485 valetudo.
3730 3433 3834 3487 Re-

2291 3525 2475 3583 pctens
2501 3525 2673 3568 autem
2709 3517 2896 3570 iterum
2925 3528 3078 3586 atque
3109 3519 3295 3572 iterum
3330 3519 3499 3572 dicam
3529 3537 3542 3573 :
3585 3520 3717 3586 Quia
3745 3524 3835 3573 tri-

2288 3605 2420 3656 stitia
2465 3605 2636 3656 mundi
2670 3615 2875 3658 mortem
2928 3618 3159 3676 operatur
3190 3606 3392 3679 (lbid.).
3435 3609 3607 3675 Quare
3654 3620 3831 3664 autem

2290 3701 2508 3745 mortem
2562 3695 2842 3762 operatur?
2893 3695 3022 3761 Quia
3077 3696 3213 3749 solet
3263 3697 3422 3749 nimia
3469 3697 3677 3752 tristitia
3744 3709 3834 3753 aut

2288 3779 2352 3834 ad
2376 3781 2755 3836 dubitationem
2777 3821 2792 3848 ,
2819 3790 2909 3836 aut
2931 3783 2997 3836 ad
3021 3784 3362 3851 perniciosam
3387 3785 3673 3854 perducere
3700 3787 3834 3841 blas-

2293 3871 2574 3938 phetniam.

2359 3961 2412 4013 4.
2444 3959 2626 4013 Luctus
2652 3962 2712 4014 iis
2738 3962 2820 4030 qui
2863 3971 2975 4014 ante
2999 3960 3245 4015 Christum
3275 3963 3454 4017 licitas.
3487 3965 3587 4017 Cur
3609 3964 3835 4019 Christus

2289 4047 2474 4114 ﬂeverit
2502 4046 2768 4101 Lazarum.
2797 4047 2989 4118 Lugere
3010 4059 3226 4103 mortuos
3243 4053 3355 4119 jam
3385 4069 3482 4104 non
3510 4053 3713 4105 licet.—
3732 4055 3836 4109 Sed

2289 4134 2429 4188 dicet
2455 4136 2639 4204 aliquis
2665 4153 2677 4188 :
2702 4137 2953 4191 Prohibes
2983 4139 3162 4207 lugere
3189 4149 3454 4204 mortuos,
3493 4154 3608 4192 cum
3648 4150 3700 4195 et
3742 4158 3834 4210 pa-

2292 4226 2530 4279 triarchae
2570 4226 2758 4295 plorati
2802 4237 2942 4290 sunt,
2989 4237 3042 4280 et
3086 4227 3288 4295 Moyses
3336 4228 3420 4281 ille
3461 4228 3680 4283 famulus
3712 4231 3831 4294 Dei,

2290 4322 2344 4366 et
2371 4315 2518 4366 multi
2543 4314 2732 4368 deinde
2760 4315 3044 4382 prophetae,
3063 4317 3350 4383 praesertim
3372 4331 3489 4370 cum
3512 4317 3608 4371 Job
3628 4335 3838 4389 quoque

2290 4403 2607 4470 justissimus
2636 4413 2830 4456 vestem
2875 4418 3020 4456 suam
3067 4420 3221 4472 supra
3265 4407 3484 4459 filiorum
3526 4409 3838 4464 consciderit

2294 4504 2474 4543 necem
2502 4489 2636 4557 (Job.
2670 4491 2719 4543 1.
2755 4489 2882 4559 20)?
2913 4491 3024 4544 Non
3060 4506 3156 4560 ego
3195 4493 3443 4559 prohibeo
3486 4494 3663 4562 lugere
3688 4512 3836 4550 mor-

2295 4587 2409 4630 tuos
2429 4617 2442 4640 ,
2482 4577 2572 4630 sed
2600 4578 2826 4646 gentium
2860 4579 3487 4648 illuminatorApostolus,
3515 4583 3600 4650 qui
3629 4585 3706 4637 sic
3733 4586 3835 4638 ait:

2294 4663 2429 4718 Nolo
2472 4680 2554 4718 vos
2590 4667 2837 4734 ignorare,
2877 4666 3086 4734 fratres,
3133 4667 3192 4718 de
3228 4667 3607 4732 dormientibus,
3645 4679 3700 4722 ut
3738 4689 3840 4724 non

2293 4756 2642 4806 contristemini
2661 4794 2674 4817 ,
2703 4756 2828 4807 sicut
2855 4754 2938 4821 qui
2974 4770 3108 4822 spem
3148 4770 3244 4806 non
3272 4756 3446 4808 habent
3472 4757 3543 4825 (1.
3579 4757 3749 4811 Thess.
3780 4761 3835 4812 4.

2295 4841 2400 4910 12).
2431 4842 2542 4895 Νοη
2564 4842 3025 4910 potestEvangelii
3056 4843 3263 4894 claritas
3291 4843 3579 4908 obscurari,
3610 4845 3654 4898 si
3685 4846 3718 4898 ii
3749 4847 3838 4913 qui

2292 4943 2412 4986 ante
2441 4932 2602 4999 legem
2629 4971 2641 4995 ,
2671 4941 2762 4983 aut
2789 4930 2885 4983 sub
2913 4932 3039 4998 legis
3066 4931 3244 4984 umbra
3269 4934 3423 5001 positi
3453 4934 3686 4996 fuerant,
3715 4949 3840 4990 suos

2293 5032 2524 5076 mortuos
2552 5023 2760 5074 flebant.
2791 5020 2855 5072 Et
2883 5021 3069 5072 merito
3104 5020 3294 5073 fiebant
3313 5060 3327 5080 .
3357 5023 3476 5091 quia
3514 5024 3744 5076 nondum
3773 5026 3841 5077 de

2294 5112 2433 5164 caelis
2461 5118 2672 5162 venerat
2694 5107 2952 5172 Christus,
2983 5108 3068 5174 qui
3100 5107 3292 5160 fontem
3323 5109 3462 5161 illum
3495 5110 3840 5176 lacrymarum

2293 5213 2384 5252 sua
2415 5196 2797 5250 resurrectione
2823 5195 3054 5249 siccavit.
3084 5194 3265 5248 Merito
3288 5195 3499 5260 ﬂebant,
3528 5198 3644 5264 quia
3671 5199 3841 5252 adhuc

2358 5374 2374 5403 ι
2408 5369 2559 5418 Aliam
2601 5368 2870 5436 lectionem
2922 5368 3087 5436 habet
3119 5368 3288 5436 Edim;
3308 5367 3522 5436 quaedam
3567 5370 3841 5433 Augustini,

2295 5443 2492 5490 nempe,
2515 5428 2755 5490 potiorem,
2779 5436 2821 5475 et
2845 5429 3164 5490 necessitatem
3183 5426 3370 5490 suﬂicit
3393 5426 3489 5473 alia
3509 5426 3748 5490 occasione
3775 5441 3842 5476 νει

2295 5484 2440 5552 plere.
2473 5484 2850 5552 Utilitatem,'e_tc.
2871 5488 2960 5535 sed
2985 5484 3279 5546 praeferenda
3297 5487 3486 5534 videtur
3509 5484 3657 5532 altera
3701 5487 3843 5536 lectio

2295 5547 2403 5611 qua:
2429 5550 2476 5594 in
2499 5549 2712 5608 margine
2736 5547 2946 5596 affertur.

2364 5631 2382 5658 ι
2415 5635 2548 5675 Forte
2574 5625 2758 5684 melius,
2779 5639 2917 5687 quam
2936 5625 3170 5674 interdum
3195 5633 3389 5683 tempus.
