3990 6424
1372 376 1459 431 DE
1494 372 2003 431 CONSOLATIONE
2040 375 2308 434 MORTIS.
3361 402 3472 457 298

1905 506 2033 559 quas
2077 493 2233 547 habet
2261 495 2464 564 longior
2491 495 2598 551 vita
2616 538 2632 564 ,
2680 512 2823 552 mors
2852 499 3153 555 accelerans
3182 501 3461 559 lucrifaeit.

1901 577 2018 632 Jam
2046 596 2169 633 vero
2197 582 2433 636 ordinem
2475 592 2528 637 et
2570 583 2804 639 habitum
2843 588 2953 654 spei
2986 598 3179 643 nostra:
3207 590 3463 645 describit

1896 664 2203 733 Apostolus.
2231 670 2441 735 «Hoc,»
2488 674 2672 741 inquit,
2721 675 2904 728 «vobis
2944 677 3168 731 dicimus
3209 679 3257 731 in
3301 680 3462 732 verbo

238 398 351 449 297

234 500 422 553 mortis
449 498 708 553 sententia
739 499 1097 568 permanebat.
1128 495 1311 552 Merito
1340 494 1789 558 lamentabantur,

233 590 354 657 quia
409 589 638 642 nondum
695 588 1011 641 resurrectio
1054 584 1451 654 praedicabatur.
1503 583 1795 652 Sperabam

232 678 442 745 quidem
469 678 635 729 sancti
659 677 848 744 quique
870 675 1149 728 adventum
1179 674 1402 737 Domini,
1434 673 1531 725 sed
1557 680 1794 725 mortuos

233 766 439 817 interim
470 765 691 827 flebant,
740 766 859 833 quia
902 764 1130 818 nondum
1161 763 1401 816 viderant
1426 776 1579 829 quem
1610 776 1789 829 spera-

232 857 376 908 bant.
415 857 646 924 Denique
672 855 882 909 Simeou
914 870 1048 908 unus
1075 854 1140 908 de
1168 854 1431 906 veterilms
1458 852 1673 909 sanctis.
1704 851 1790 918 qui

230 948 378 1013 prius
411 945 580 999 fuerat
607 945 670 998 de
697 960 786 997 sua
816 955 983 997 morte
1009 945 1280 1006 sollicitus,
1312 953 1583 1009 postquam
1612 941 1789 993 Jesum

232 1037 511 1088 Dominum
544 1034 713 1087 adhuc
754 1050 969 1102 puerum
1001 1033 1285 1085 secundum
1318 1047 1529 1083 carnem
1561 1031 1791 1097 suscepit

230 1126 283 1175 in
314 1125 577 1187 manibus,
609 1125 672 1177 tle
700 1139 793 1176 suo
821 1125 960 1176 exitu
990 1124 1278 1190 gratulatur
1303 1121 1500 1184 dicens,
1532 1118 1682 1171 Nunc
1707 1119 1788 1170 di-

226 1214 415 1276 mittis,
460 1212 703 1273 Domine,
750 1228 943 1264 servum
982 1220 1116 1262 tuum
1155 1212 1207 1261 in
1238 1226 1389 1276 pace,
1422 1211 1537 1275 quia
1566 1210 1790 1260 viderunt

226 1303 362 1355 oculi
394 1305 490 1355 mei
516 1305 731 1354 salutare
760 1312 899 1354 tuum
920 1300 1070 1368 (Luc.
1099 1299 1153 1352 2.
1180 1300 1267 1354 29.
1299 1299 1405 1369 30).
1432 1300 1474 1351 Ο
1500 1301 1679 1353 beatus
1702 1299 1788 1353 ille

226 1394 483 1447 Simeon!
518 1392 645 1457 Quia
677 1391 811 1460 quod
853 1390 1097 1458 sperabat
1140 1390 1372 1451 viderat,
1413 1389 1519 1455 jam
1565 1396 1785 1440 mortem

224 1498 376 1535 suam
408 1497 584 1548 pacem
616 1489 667 1533 ct
697 1482 927 1549 requiem
948 1479 1301 1548 computabat.
1326 1479 1428 1532 Sed
1455 1479 1596 1532 dices
1618 1496 1631 1508 ·
1652 1478 1787 1532 Ecce

224 1572 277 1623 in
311 1571 595 1638 Evangelio
642 1570 859 1638 legitur,
906 1569 1299 1639 archisynagogi
1333 1569 1587 1635 ploratam
1628 1569 1783 1620 filiam

222 1658 374 1727 (Luc.
402 1660 454 1711 8.
476 1659 588 1725 52),
617 1668 670 1712 et
695 1672 901 1712 sorores
920 1658 1097 1711 Lazari
1117 1658 1369 1710 Lazarum
1389 1658 1592 1710 ﬂevisse
1610 1655 1783 1726 (Joau.

222 1749 312 1800 11.
344 1748 457 1815 51).
494 1748 595 1800 Sed
627 1747 698 1799 illi
730 1746 901 1799 adhuc
927 1746 1209 1799 secundum
1240 1756 1471 1800 veterem
1503 1748 1666 1813 legem
1697 1761 1786 1799 sa-

221 1837 458 1903 piebant,
479 1838 597 1903 quia
622 1836 841 1888 necdum
864 1851 891 1887 a
916 1835 1132 1887 mortuis
1148 1834 1410 1887 Christum
1431 1834 1787 1886 resurrexisse

223 1935 633 1992 conspexerant.
662 1925 830 1978 Flevit
860 1925 1011 1992 plane
1035 1932 1089 1978 et
1117 1925 1227 1990 ipse
1258 1925 1504 1976 Dominus
1532 1923 1781 1975 Lazarum

220 2015 329 2080 jam
360 2015 622 2081 sepultum
648 2056 662 2078 ,
696 2028 798 2066 non
831 2013 1006 2081 utique
1033 2022 1087 2065 ut
1116 2012 1273 2065 ﬂendi
1305 2019 1538 2064 mortuos
1565 2010 1782 2063 formam

219 2104 373 2155 daret
394 2144 406 2163 ,
449 2102 540 2155 sed
587 2112 641 2154 ut
672 2113 721 2155 et
749 2117 805 2153 se
836 2118 927 2168 per
955 2102 1210 2168 lacrymas
1235 2114 1355 2153 suas
1387 2116 1566 2154 verum
1597 2116 1785 2167 corpus

221 2192 578 2258 assumpsisse
608 2199 938 2243 monstraret.
985 2190 1076 2243 Vel
1118 2202 1260 2243 certe
1300 2190 1440 2243 ﬂevit
1481 2206 1660 2244 amore
1686 2190 1785 2242 hn-

220 2280 415 2333 mano‘
442 2278 675 2340 Iudaeos,
708 2279 826 2347 quia
858 2293 953 2331 nec
982 2278 1067 2331 tali
1098 2279 1246 2347 signo
1274 2286 1563 2331 monstrato
1591 2279 1639 2331 in
1667 2293 1785 2332 eum

222 2368 429 2422 fuerant
457 2368 727 2422 credituri.
754 2368 929 2434 Neque
952 2369 1089 2421 enim
1118 2383 1259 2420 mors
1280 2367 1460 2420 Lazari
1486 2382 1639 2420 causa
1672 2383 1787 2421 esse

224 2468 430 2526 poterat
470 2460 819 2527 lacrymarum
842 2499 856 2524 ,
897 2475 1051 2528 quem
1086 2460 1195 2527 ipse
1220 2459 1371 2513 Jesus
1398 2469 1449 2512 et
1479 2459 1788 2513 dormivisse

222 2548 449 2607 dixerat,
481 2558 533 2601 et
555 2548 923 2601 suscitaturum
954 2564 1011 2600 se
1042 2549 1370 2616 promiserat,
1402 2549 1536 2601 sicut
1563 2558 1615 2601 et
1644 2547 1783 2601 fecit.

294 2637 343 2689 5.
376 2636 686 2689 Habuerunt
713 2652 836 2705 ergo
869 2647 1074 2691 veteres
1104 2654 1254 2691 suum
1285 2654 1505 2703 morem,
1537 2653 1787 2707 suamque

223 2726 561 2792 fragilitatem
590 2766 603 2787 ,
656 2725 849 2780 Christi
892 2727 1171 2780 adventum
1219 2727 1574 2795 prazcedentes
1601 2729 1643 2779 ³.
1672 2727 1785 2781 Jam

223 2829 349 2867 vero
375 2830 441 2867 ex
468 2830 575 2881 quo
608 2816 832 2869 Verbum
872 2831 996 2870 caro
1022 2817 1211 2871 factum
1238 2826 1347 2883 est,
1379 2828 1431 2872 et
1458 2819 1709 2872 habitavit
1734 2821 1786 2873 in

226 2902 400 2965 nobis,
443 2918 509 2955 ex
550 2918 655 2969 quo
698 2904 868 2972 primo
909 2905 1036 2957 Adae
1062 2904 1235 2958 datam
1281 2907 1592 2959 sententiam
1620 2906 1785 2960 Adam

224 2994 543 3046 novissimus
567 2993 739 3058 solvit,
769 3008 831 3046 ex
854 3009 958 3062 quo
984 3005 1216 3048 nostram
1247 3006 1469 3049 mortem
1496 3010 1587 3049 sua
1620 3006 1785 3050 morte

222 3083 501 3144 destruxit,
532 3093 585 3136 et
615 3083 679 3135 ab
706 3083 883 3137 inferis
912 3084 996 3137 die
1025 3086 1173 3137 tertia
1201 3086 1449 3139 Dominus
1478 3088 1781 3151 resurrexit,

221 3170 327 3238 jam
370 3188 474 3223 non
519 3181 600 3224 est
643 3173 887 3227 terribilis
929 3188 1070 3226 mors
1110 3175 1349 3228 fidelibus
1385 3192 1528 3229 :nnn
1575 3177 1783 3230 timetur

223 3275 461 3327 occasus,
492 3262 607 3329 quia
630 3263 815 3316 Oriens
844 3264 985 3317 venit
1014 3280 1077 3317 ex
1110 3266 1232 3317 alto.
1257 3265 1458 3319 Clamat
1479 3266 1588 3333 ipse
1611 3266 1783 3319 Domi-

224 3366 325 3403 nus
348 3353 433 3419 qni
478 3354 685 3405 mentiri
714 3354 881 3407 nescit
906 3371 917 3406 :
941 3352 1051 3423 Ego
1080 3372 1217 3417 sum,
1252 3356 1450 3423 inquit,
1491 3357 1781 3409 resurrectio

220 3451 271 3492 et
296 3442 527 3509 vita:qui
561 3443 714 3494 credit
742 3444 792 3494 in
833 3459 927 3507 me,
952 3446 1142 3496 etiamsi
1170 3458 1391 3497 mortuus
1416 3446 1583 3514 fuerit,
1617 3447 1737 3497 vivet
1763 3461 1781 3497 :

221 3542 268 3582 et
307 3534 465 3584 omnis
501 3534 588 3600 qui
628 3535 739 3586 vivit
783 3545 827 3587 et
857 3536 1013 3587 credit
1039 3536 1089 3587 in
1119 3552 1211 3599 me,
1244 3548 1446 3589 mortem
1481 3554 1577 3589 non
1606 3539 1779 3589 videbit

219 3622 276 3672 in
299 3632 537 3673 teter-num
568 3622 743 3690 (Joan.
780 3626 864 3676 11.
894 3625 981 3678 25.
1015 3626 1127 3694 26).
1159 3626 1423 3680 Manifesta
1451 3638 1529 3679 est
1551 3667 1565 3686 ,
1594 3627 1779 3679 fratres

220 3712 501 3774 carissimi,
536 3727 634 3765 vox
665 3714 856 3779 divina,
889 3716 1007 3783 quia
1037 3718 1120 3783 qui
1146 3717 1311 3770 credit
1332 3717 1559 3781 Christo,
1587 3727 1640 3771 et
1666 3722 1778 3786 ejus

220 3802 468 3852 mandata
494 3802 751 3863 custodit,
785 3806 827 3856 si
861 3815 1096 3857 mortuus
1126 3804 1298 3871 fuerit,
1330 3807 1483 3860 vivet.
1520 3808 1662 3860 llanc
1688 3822 1778 3859 vo-

219 3903 335 3942 cem
368 3890 551 3943 beatus
584 3892 773 3945 Paulus
809 3894 1078 3961 apostolus
1114 3896 1393 3962 accipiens,
1426 3906 1477 3950 et
1508 3900 1628 3949 totis
1658 3898 1775 3951 ﬂdei

217 3980 416 4033 viribus
444 3982 677 4035 retinens
696 4024 709 4045 ,
744 3983 1066 4037 instruebat:
1096 3984 1262 4049 Nolo,
1296 3986 1495 4055 inquit,
1525 4004 1608 4038 vos
1630 3988 1774 4056 igno-

217 4086 331 4121 rare
349 4110 362 4130 ,
406 4070 618 4137 fratres,
663 4072 725 4124 de
750 4073 1101 4125 dormientibus
1122 4115 1134 4136 ,
1175 4084 1227 4125 ut
1256 4092 1353 4127 non
1382 4078 1541 4128 tristes
1567 4078 1671 4128 sitis
1700 4078 1771 4144 (l.

216 4158 391 4211 Thess.
422 4160 475 4211 4.
504 4159 611 4226 12).
634 4159 677 4212 Ο
698 4162 826 4214 mira
842 4162 1075 4228 Apostoli
1110 4166 1488 4229 pronuntiatio!
1516 4164 1630 4218 Uno
1660 4182 1774 4219 ser-

216 4263 391 4312 mone,
416 4257 694 4316 antequam
718 4249 1004 4302 doctrinam
1032 4252 1314 4319 proferat',
1338 4254 1773 4308 resurrectionem

214 4338 571 4391 Commendat.
615 4339 941 4393 Dormientes
983 4357 1207 4410 namque
1236 4344 1463 4411 appellat
1491 4345 1636 4409 illos,
1686 4346 1772 4413 qui

215 4431 404 4482 morini
433 4439 575 4495 sunt,
607 4442 659 4483 ut
690 4433 811 4484 dum
840 4433 1069 4487 dormire
1097 4449 1188 4487 eos
1212 4435 1355 4499 dicit,
1383 4447 1771 4491 resurrecturos

213 4520 329 4571 sine
358 4520 683 4573 dubitatione
714 4523 1003 4589 consignet.
1053 4522 1199 4587 Non,
1244 4525 1439 4593 inquit,
1476 4527 1635 4577 tristes
1666 4528 1771 4579 sitis

213 4607 277 4657 de
300 4606 674 4672 dormientibus,
704 4610 828 4661 sicut
853 4619 897 4660 et
924 4612 1105 4663 carteri.
1130 4612 1228 4676 Qui
1257 4628 1402 4679 spem
1430 4630 1530 4667 non
1556 4615 1768 4680 habent,

212 4693 591 4746 coatristentur
616 4711 628 4746 :
652 4710 748 4748 nos
775 4706 947 4750 autem
980 4698 1065 4766 qui
1096 4701 1204 4766 spei
1240 4700 1325 4752 ﬂlii
1358 4716 1556 4765 sumus,
1590 4704 1767 4755 collm-

213 4793 399 4834 temur.
425 4782 553 4847 Qua:
570 4792 744 4838 autem
763 4786 913 4839 nobis
929 4801 1048 4854 Spes
1063 4790 1149 4853 sil,
1170 4790 1280 4856 ipse
1296 4803 1671 4845 commemorat
1692 4794 1771 4845 di-

208 4886 354 4924 cens:
371 4871 429 4924 Si
444 4872 709 4936 credimus,
723 4875 836 4940 quia
849 4872 1070 4929 Christus
1083 4888 1307 4931 mortuus
1319 4889 1407 4941 est,
1424 4891 1466 4932 et
1480 4883 1769 4933 resurrexit:

208 4964 281 5013 ita
309 4973 351 5013 et
373 4960 511 5014 Deus
530 4978 633 5028 eos,
663 4966 747 5028 qui
769 4966 1087 5031 dormierunt,
1119 4985 1206 5035 per
1224 4967 1395 5022 Iesum
1421 4972 1627 5023 adducet
1654 4990 1766 5025 cum

206 5068 265 5101 eo
283 5051 327 5117 (1
345 5090 356 5100 .
376 5050 553 5104 Thess.
581 5052 632 5104 4.
658 5053 766 5121 15).
787 5052 937 5107 Jesus
959 5057 1095 5107 enim
1119 5057 1267 5109 nobis
1292 5068 1342 5111 et
1365 5058 1447 5111 hic
1474 5061 1765 5113 viventibus

206 5140 347 5192 salus
376 5149 477 5207 est,
506 5149 559 5194 et
582 5140 703 5195 hinc
738 5142 1103 5197 recedentibus
1127 5147 1227 5198 vita
1259 5157 1355 5199 est.
1392 5148 1552 5212 Mihi,
1602 5151 1765 5217 inquit

182 5236 222 5282 Α
243 5231 675 5297 postulus,vivcre
692 5228 916 5284 Christus
940 5240 1028 5297 cst,
1060 5243 1104 5285 et
1136 5236 1259 5286 mori
1286 5236 1477 5287 lucrum
1509 5236 1760 5306 (Philipp.

200 5318 246 5366 l.
290 5313 396 5382 ευ,
432 5317 656 5371 Lucrum
680 5318 849 5387 plane,
871 5321 990 5387 quia
1012 5322 1275 5389 angustias
1295 5332 1348 5376 et
1369 5324 1754 5389 tribulationes,

274 5508 287 5569 l
321 5514 397 5555 llis.
426 5509 745 5569 Corbeiensis,
772 5526 898 5563 more
921 5513 1137 5564 humano.

275 5568 292 5635 ξ
324 5574 399 5635 gis“.
423 5569 744 5635 Corbeiensis,
765 5574 940 5623 Christi
963 5578 1162 5624 adventu
1186 5581 1433 5635 pendente.

274 5627 293 5657 ³
324 5627 433 5677 Fditi
456 5632 662 5691 quidam,
690 5627 778 5683 uno
794 5648 1008 5687 sermone
1032 5645 1079 5685 ut
1098 5627 1345 5701 utrumque
1370 5627 1633 5691 doctrtrutm
1658 5656 1761 5706 pro-

1902 756 2129 822 Domini,
2161 761 2279 827 quia
2312 776 2408 815 nos
2433 764 2520 831 qui
2550 764 2789 827 vivimus,
2818 767 2905 833 qui
2937 767 3129 820 residui
3160 783 3343 823 sumus
3363 811 3376 830 ,
3409 771 3459 823 in

1900 844 2126 899 adventu
2170 848 2282 915 ejus
2308 863 2410 902 non
2440 852 2820 919 pret-veniemus
2856 870 2946 907 eos
2972 856 3060 923 qui
3088 857 3412 911 dormierunt
3440 876 3453 910 :

1896 935 2015 1001 quia
2045 935 2155 1002 ipse
2180 937 2430 991 Dominus
2456 941 2507 991 in
2532 940 2677 1005 jussu
2707 950 2760 993 et
2786 957 2913 994 voce
2937 944 3234 1011 archangeli
3260 986 3274 1009 ,
3320 956 3373 999 et
3403 948 3454 1000 in

1898 1025 2017 1076 tuba
2046 1024 2134 1077 Dei
2163 1024 2446 1081 descendet
2465 1028 2531 1082 de
2558 1031 2707 1092 caelo,
2741 1040 2792 1083 et
2834 1034 3021 1084 mortui
3053 1035 3138 1099 qui
3172 1035 3221 1086 in
3246 1034 3457 1089 Christo

1895 1122 2017 1165 sunt
2048 1127 2321 1182 resurgent
2346 1117 2498 1183 primi
2528 1135 2540 1169 :
2570 1117 2760 1171 deinde
2790 1134 2885 1172 nos
2912 1122 2997 1187 qui
3031 1122 3271 1187 vivimus,
3296 1125 3452 1179 simul

1894 1214 2010 1253 cum
2033 1201 2134 1253 illis
2160 1204 2422 1270 rapiemur
2443 1205 2491 1257 in
2520 1206 2741 1259 nubibus
2756 1207 2961 1261 obviam
2988 1207 3199 1264 Christo
3228 1212 3277 1265 in
3302 1228 3447 1279 aera,

1892 1295 1945 1340 et
1974 1287 2045 1340 ita
2074 1303 2281 1358 semper
2304 1306 2421 1344 cum
2447 1293 2664 1346 Domino
2694 1296 2889 1348 erimus
2912 1314 2931 1347 ι
2959 1297 3034 1365 (1.
3058 1297 3231 1352 Thess.
3259 1302 3310 1353 4.
3343 1304 3451 1355 14-

1893 1374 2001 1442 16).
2032 1375 2143 1429 lloc
2182 1386 2263 1431 est
2288 1379 2425 1446 quod
2452 1380 2609 1444 dicit,
2638 1383 2757 1450 quia
2786 1398 2904 1437 cum
2936 1388 3136 1439 venerit
3167 1389 3412 1444 Dominus
3433 1431 3450 1454 ,

1888 1464 2122 1519 inveniet
2162 1468 2357 1521 multos
2384 1470 2434 1521 in
2466 1484 2686 1537 corpore
2724 1471 3067 1539 Christianos,
3101 1477 3189 1544 qui
3218 1480 3448 1534 nondum

1889 1555 2095 1621 experti
2122 1565 2245 1609 sunt
2265 1566 2488 1612 mortem
2514 1575 2526 1609 :
2551 1568 2603 1612 et
2629 1568 2800 1613 tamen
2823 1577 2925 1615 non
2950 1574 3072 1618 ante
3096 1567 3364 1633 rapientur
3384 1570 3449 1622 ad

1894 1642 2116 1709 cadum,
2161 1660 2315 1712 quam
2354 1648 2546 1700 mortui
2585 1650 2751 1701 sancti
2788 1650 2853 1703 de
2895 1657 3247 1711 monumentis
3274 1671 3451 1711 resur-

1895 1735 2144 1799 rexerint,
2178 1736 2297 1789 tuba
2328 1737 2417 1790 Dei
2460 1746 2512 1789 et
2558 1754 2683 1791 voce
2712 1740 3009 1810 archangeli
3038 1746 3289 1799 suscitati.
3316 1749 3448 1801 Cum

1890 1830 2063 1875 autem
2105 1822 2297 1877 fuerint
2324 1827 2576 1892 suscitati,
2602 1827 2767 1895 juncti
2797 1832 2988 1897 pariter
3012 1848 3129 1886 cum
3158 1836 3451 1891 viventibus

1890 1910 2161 1977 rapientur
2205 1913 2255 1964 in
2286 1914 2510 1969 nubibus
2539 1916 2745 1970 obviam
2775 1917 2986 1973 Christo
3014 1923 3064 1973 in
3096 1936 3217 1975 aera
3240 1964 3252 1984 ,
3286 1933 3338 1977 et
3375 1928 3450 1979 sic

1892 2012 2102 2067 semper
2124 2014 2243 2053 cum
2272 2002 2385 2070 ipso
2424 2006 2733 2072 regnabant.
2761 2007 2867 2061 Nec
2892 2024 3018 2062 sane
3043 2012 3207 2077 possit
3226 2011 3450 2066 dubitari

1889 2089 2026 2155 quod
2069 2092 2267 2157 possint
2306 2106 2523 2159 corpora
2545 2133 2557 2156 ,
2590 2096 2823 2161 quamvis
2856 2098 2959 2149 sint
2986 2099 3157 2164 gravia
3184 2138 3199 2161 ,
3247 2099 3298 2152 in
3327 2115 3447 2153 aera

1890 2177 2154 2231 sublevari
2180 2197 2192 2231 :
2216 2195 2334 2233 cum
2360 2181 2576 2249 jnbente
2611 2183 2829 2237 Domino
2858 2184 3041 2238 Petrus
3068 2188 3232 2254 ipsum
3259 2203 3449 2257 corpus

1892 2265 2087 2320 habens
2127 2284 2284 2337 super
2328 2272 2492 2325 undas
2532 2274 2876 2330 ambulaverit
2920 2281 3078 2333 maris
3110 2280 3317 2349 (Matth.
3360 2284 3446 2335 14.

1890 2353 2007 2423 29),
2034 2355 2173 2408 Elias
2198 2373 2406 2427 quoque
2432 2360 2495 2413 ad
2524 2362 2679 2428 hujus
2704 2366 2813 2430 spei
2842 2366 3293 2421 conﬁrmationem
3312 2410 3327 2433 ,
3356 2384 3450 2435 per

1894 2442 2030 2495 hunc
2057 2458 2177 2496 aera
2204 2460 2361 2499 curru
2390 2446 2634 2503 ﬂammeo
2654 2452 2717 2504 sit
2742 2463 2920 2519 raptus
2936 2455 3000 2506 ad
3017 2456 3198 2508 crelum
3218 2456 3293 2524 (4.
3318 2457 3443 2527 Reg.

1888 2531 1940 2583 ε.
1976 2533 2085 2599 lt).

1961 2621 2013 2675 6.
2064 2623 2246 2687 Quales
2285 2627 2445 2695 futuri
2478 2630 2632 2681 simus
2672 2641 2781 2698 post
2821 2634 3446 2691 resurrectionem—Sci!

1890 2712 2083 2778 qumris
2110 2712 2247 2767 forte
2273 2731 2284 2765 :
2309 2715 2502 2780 Quales
2529 2730 2682 2771 erunt
2719 2722 2804 2789 qui
2834 2736 2861 2773 a
2890 2725 3109 2777 mortuis
3147 2740 3449 2779 resnrrexe-

1888 2800 2028 2853 rint?
2074 2804 2207 2856 Audi
2255 2804 2421 2871 ipsum
2472 2808 2729 2861 dicentem
2776 2810 3050 2864 Dominum
3085 2823 3225 2867 tuum
3253 2814 3445 2879 :Tuuc,

1888 2889 2073 2958 inquit,
2116 2893 2239 2959 j'sti
2278 2893 2568 2963 fulgebunt,
2613 2899 2740 2950 sicut
2779 2900 2854 2951 sol
2896 2900 2947 2951 in
2986 2918 3135 2970 regno
3166 2902 3333 2957 Patris
3370 2907 3448 2957 sui

1887 2978 2096 3049 (Matth.
2122 2982 2205 3034 15.
2230 2982 2340 3052 45).
2359 2983 2493 3048 Quid
2516 2986 2847 3052 splendorem
2862 3005 3267 3045 commemorem
3289 2995 3448 3047 solis?

1884 3070 2014 3123 Cum
2046 3070 2224 3126 fideles
2253 3074 2609 3144 transfigurari
2636 3092 2851 3132 necesse
2877 3089 2954 3132 est
2980 3080 3043 3132 ad
3074 3082 3235 3149 ipsius
3256 3084 3446 3137 Christi

1888 3161 2095 3215 Domini
2141 3165 2468 3231 claritatem,
2521 3176 2577 3220 ut
2631 3176 2851 3222 testatur
2901 3172 3167 3237 apostolus
3213 3173 3442 3227 Paulus:

1890 3268 1907 3301 ι
1926 3250 2130 3317 Nostra,
2161 3272 2179 3304 ι
2214 3255 2399 3323 inquit,
2435 3274 2453 3307 ι
2476 3259 2804 3311 conversatio
2832 3260 2879 3311 in
2912 3261 3055 3313 caulis
3081 3271 3159 3314 est
3184 3279 3195 3312 :
3224 3264 3360 3316 unde
3390 3273 3445 3318 et

1882 3339 2051 3406 ipsum
2072 3339 2391 3397 Salvatorem
2414 3354 2780 3412 exspectamus
2806 3346 3077 3400 Dominum
3101 3348 3276 3402 Jesum
3295 3348 3446 3403 Chri-

1882 3438 2039 3491 stum,
2069 3431 2155 3499 qui
2184 3430 2575 3486 transformabit
2603 3447 2793 3501 corpus
2820 3434 3128 3489 humilitatis
3155 3448 3345 3490 nostra:
3373 3441 3437 3491 ad

1880 3516 2348 3573 conformationem
2372 3522 2605 3589 corporis
2626 3522 2808 3589 glorim
2833 3539 2939 3575 sua:
2968 3542 2983 3572 ι
3012 3523 3261 3593 (Philipp.
3277 3528 3328 3578 3.
3349 3528 3440 3581 20.

1879 3604 2003 3673 2|):
2031 3609 2481 3675 transtigurabitnr
2519 3611 2631 3662 sine
2670 3609 2829 3662 dubio
2880 3626 3002 3663 caro
3047 3613 3139 3664 ista
3202 3616 3439 3667 mortalis

1880 3694 1943 3747 ad
1970 3695 2437 3751 conformationem
2461 3697 2653 3752 Citriin
2677 3699 2944 3761 claritatis,
2970 3700 3149 3754 induet
3175 3703 3189 3732 ί
3224 3705 3442 3759 mortale

1880 3784 2323 3841 immortalitatem
2344 3806 2355 3840 :
2375 3790 2496 3858 quia
2530 3790 2679 3854 Quod
2702 3792 2998 3844 seminatum
3024 3793 3187 3861 fuerat
3216 3796 3265 3847 in
3296 3796 3440 3862 inﬁr-

1880 3877 2066 3941 mitate,
2096 3877 2329 3945 protinus
2354 3889 2518 3948 surget
2545 3880 2596 3932 in
2623 3880 2797 3932 virtute
2822 3878 2897 3951 (l.
2926 3880 3040 3933 Cor.
3067 3883 3148 3936 15.
3180 3884 3289 3950 45).
3324 3883 3435 3938 Non

1880 3965 2083 4019 timebit
2110 3981 2235 4019 caro
2262 3967 2485 4035 amplius
2522 3969 2908 4035 corruptionem
2931 4011 2943 4032 ,
2975 3986 3077 4022 non
3109 3972 3329 4038 patietur
3358 3972 3437 4026 fa-

1880 4068 2037 4113 mem,
2067 4068 2169 4106 non
2192 4054 2365 4118 sitim,
2400 4070 2501 4108 non
2533 4056 2867 4123 aegritudines
2890 4099 2903 4121 ,
2937 4074 3038 4111 non
3069 4074 3220 4112 casus
3248 4062 3440 4116 adver-

1878 4158 1985 4197 sos.
2016 4144 2122 4197 Pax
2148 4145 2286 4197 enim
2316 4153 2421 4198 tuta
2445 4187 2458 4206 ,
2492 4154 2542 4199 et
2574 4146 2720 4199 ﬂrma
2762 4149 3014 4201 securitas
3046 4150 3164 4203 vita:
3189 4162 3287 4205 est.
3322 4154 3436 4207 Alia

1878 4233 2053 4300 utique
2078 4233 2300 4287 eazlestis
2330 4244 2409 4287 est
2433 4235 2596 4303 gluria
2621 4275 2637 4299 ,
2667 4235 2753 4289 ubi
2794 4246 2846 4290 et
2874 4238 3117 4305 gaudium
3148 4240 3261 4292 sine
3288 4241 3435 4295 dele-

1877 4323 2050 4376 ctione
2082 4323 2430 4390 praestabitur.

1948 4413 1998 4464 7.
2035 4412 2172 4466 Mors
2202 4416 2359 4483 magis
2382 4416 2621 4485 optanda,
2654 4434 2801 4485 quant
2828 4418 3061 4487 lugenda,
3094 4421 3179 4471 sed
3213 4436 3309 4472 non
3344 4423 3436 4474 sibi

1874 4500 2379 4570 inferenda.-—Il:nc
2425 4504 2475 4555 in
2524 4518 2681 4556 sensu
2725 4514 2776 4557 et
2817 4506 2981 4557 oculis
3020 4521 3207 4573 gerens
3250 4509 3434 4561 beatus

1877 4592 2067 4645 Paulus
2094 4591 2333 4657 dicebat,
2372 4611 2389 4642 ‹
2415 4593 2667 4660 Optabam
2712 4594 2948 4660 dissolvi,
2983 4604 3035 4648 et
3074 4611 3191 4649 cum
3223 4598 3434 4653 Christo

1873 4695 1990 4735 esse
2020 4682 2185 4734 multo
2207 4682 2367 4749 magis
2393 4682 2613 4735 melius'
2640 4701 2657 4731 ι
2686 4681 2938 4753 (Philipp.
2971 4685 3157 4753 1.25).
3179 4686 3245 4739 Et
3264 4687 3432 4741 adhuc

1873 4778 2052 4836 aperte
2078 4768 2304 4833 docens,
2345 4788 2364 4819 ‹
2390 4770 2520 4822 Dum
2551 4784 2751 4833 sumus,
2776 4789 2793 4820 ι
2830 4774 3013 4839 inquit,
3046 4793 3062 4823 ‹
3087 4774 3135 4826 in
3167 4789 3391 4842 corpore
3416 4819 3429 4838 ,

1874 4858 2266 4925 peregrinantur
2286 4872 2313 4909 a
2340 4858 2558 4911 Domino
2584 4876 2595 4911 :
2622 4874 2714 4925 per
2736 4860 2889 4912 fidem
2916 4861 3054 4912 enim
3081 4862 3429 4925 ambulamus,

1872 4955 1924 4997 et
1952 4958 2054 4997 non
2088 4960 2177 5011 per
2196 4945 2442 5013 speciem.
2483 4945 2747 4999 Habemus
2767 4955 2937 4999 autem
2964 4950 3145 5015 magis,
3174 4967 3191 4998 ι
3234 4950 3429 5015 inquit,

1878 5055 1896 5087 α
1916 5038 2103 5092 bonam
2118 5037 2431 5090 voluntatem
2450 5039 2767 5105 peregrinari
2784 5053 2810 5088 a
2824 5052 3061 5103 corpore,
3078 5050 3128 5090 et
3143 5050 3431 5105 praesentes

1870 5143 1987 5182 esse
2011 5128 2072 5181 ad
2096 5128 2372 5181 Dominum
2397 5147 2413 5178 ι
2455 5129 2527 5197 (‘2.
2563 5128 2674 5180 Cor.
2703 5129 2754 5181 5.
2774 5126 2912 5195 6-8).
2938 5128 3069 5192 Quid
3101 5129 3303 5197 agimus
3336 5143 3429 5181 nos

1872 5234 2043 5287 parva:
2076 5219 2193 5272 fidei
2236 5219 2495 5280 homines,
2542 5219 2631 5286 qui
2660 5219 2934 5271 anxiamur
2960 5228 3013 5272 et
3051 5221 3319 5272 deficimus
3340 5259 3355 5283 ,
3388 5221 3428 5271 si

1870 5308 2057 5377 aliquis
2097 5308 2163 5362 de
2203 5308 2338 5361 caris
2372 5307 2571 5361 nostris
2616 5307 2806 5376 migret
2846 5308 2909 5361 ad
2944 5308 3259 5361 Dominum?
3294 5309 3428 5373 Quid

1932 5526 1948 5591 ξ
1983 5531 2108 5591 Mss,
2132 5523 2372 5591 viduetur.
2471 5584 2481 5591 _
2566 5589 2592 5591 _
2612 5582 2641 5591 __
2669 5585 2679 5591 _
2948 5584 2990 5591 η
3218 5583 3244 5591 ,ί
3371 5582 3380 5591 ,

1932 5587 1949 5615 ²
1972 5586 2055 5643 εἰς
2096 5592 2170 5631 Ms.
2206 5584 2525 5631 Corbeiensis.
2566 5582 2681 5630 Editi
2728 5596 2846 5630 vero
2880 5584 3068 5643 quidam
3089 5618 3103 5641 ,
3130 5583 3275 5631 multo
3305 5582 3433 5631 enim

1868 5642 2050 5692 melius.
2078 5644 2201 5691 Infra
2226 5652 2301 5693 Ms.
2338 5644 2498 5699 Corb.,
2542 5652 2796 5705 pra’smtes
2834 5642 2931 5693 esse
2976 5651 3019 5693 rt
3051 5646 3305 5694 adventare
3340 5651 3425 5693 Do-

1870 5704 2013 5754 mino.
