3990 6444
556 432 670 489 299

554 528 792 598 agimus,
837 541 971 597 quos
999 525 1344 597 peregrinatio
1371 528 1423 580 in
1453 526 1553 580 hoc
1583 524 1781 580 mundo
1823 522 1989 591 magis
2010 521 2106 574 de-

557 619 748 684 lectat,
791 633 945 687 quam
995 616 1361 685 repraesentari
1405 616 1469 668 ad
1507 615 1698 672 Christi
1739 611 2116 681 conspectum?

559 705 714 769 Vere,
746 721 874 760 vere
903 705 1254 775 peregrinatio
1277 713 1358 758 est
1379 718 1535 758 omne
1554 703 1692 772 quod
1714 702 1936 756 vivimus
1960 719 1972 754 :
1996 716 2114 754 nam

559 794 694 848 sicut
737 794 996 863 peregrini
1031 796 1080 846 in
1112 793 1336 858 saeculo,
1376 792 1530 847 sedes
1575 793 1827 846 habemus
1854 790 2113 854 incertas,

559 883 889 946 laboramus,
935 882 1254 937 desudamus
1275 923 1288 947 ,
1334 883 1444 936 vias
1478 881 1806 937 ambulantes
1837 879 2076 934 difficiles
2099 921 2114 945 ,

562 975 810 1043 periculis
838 975 1058 1044 plenas:
1085 973 1312 1042 undique
1353 973 1555 1026 insidia:
1581 1014 1595 1037 ,
1644 988 1672 1024 a
1718 971 2057 1039 spiritalibus,
2088 985 2117 1024 a

558 1063 920 1132 corporalibus
943 1061 1220 1125 inimicis’,
1246 1061 1476 1129 undique
1497 1073 1734 1114 errorum
1754 1059 1975 1114 ealliculi
1997 1067 2121 1112 sunt

559 1152 860 1222 praeparati.
906 1151 971 1204 Et
1009 1166 1128 1205 cum
1173 1151 1332 1204 tantis
1361 1150 1608 1219 periculis
1645 1165 1964 1220 urgeamur,
2015 1165 2120 1204 non

559 1241 730 1296 solum
759 1241 857 1310 ipsi
896 1254 1001 1294 non
1028 1241 1268 1309 cupimus
1294 1241 1540 1304 liberari,
1571 1239 1662 1294 sed
1691 1240 1845 1293 etiam
1877 1241 2121 1294 liberatos

561 1340 826 1400 tamquam
855 1329 1086 1398 perditos
1115 1330 1353 1397 lugemus
1381 1337 1433 1382 et
1465 1329 1777 1397 plangimus.
1805 1326 1946 1393 Quid
1968 1327 2121 1382 nobis

562 1421 807 1490 praestitit
832 1420 968 1475 Deus
991 1435 1084 1488 per
1109 1435 1258 1474 suum
1293 1419 1646 1488 Unigeuitum,
1673 1419 1716 1472 si
1743 1417 1916 1472 adhuc
1941 1419 2124 1472 mortis

562 1511 810 1563 timemus
843 1508 1054 1563 casum?
1083 1507 1216 1574 Quid
1249 1521 1344 1562 nos
1370 1516 1581 1561 renatos
1605 1521 1666 1559 ex
1694 1519 1829 1575 aqua
1854 1514 1903 1560 et
1928 1506 2123 1574 Spiritu

563 1601 864 1668 gloriamur,
885 1611 1017 1666 quos
1037 1597 1384 1666 peregrinatio
1403 1595 1470 1650 de
1487 1595 1587 1648 hoc
1608 1595 1802 1649 mundo
1817 1595 2124 1650 contristat?

566 1691 679 1759 Ipse
712 1689 962 1742 Dominus
986 1688 1198 1751 clamat,
1234 1685 1293 1739 Si
1319 1685 1426 1751 quis
1451 1685 1573 1736 mihi
1600 1685 1866 1746 ministrat,
1892 1693 2126 1752 sequatur

563 1793 677 1830 me:
699 1787 744 1831 et
769 1777 852 1829 ubi
877 1793 964 1846 ego
991 1792 1123 1840 sum,
1149 1775 1214 1827 ibi
1238 1775 1329 1827 erit
1349 1782 1393 1827 et
1421 1773 1644 1827 minister
1667 1789 1804 1826 meus
1833 1771 2006 1842 (Joan.
2035 1771 2124 1826 12.

564 1867 678 1937 2:3).
729 1868 886 1920 Putas
935 1868 978 1920 si
1023 1881 1118 1920 rex
1149 1865 1413 1919 terrestris
1453 1863 1518 1918 ad
1563 1877 1713 1917 suum
1761 1864 2004 1932 palatium
2044 1863 2126 1917 vel

563 1958 864 2011 convivium
890 1957 1116 2024 aliquem
1144 1964 1316 2020 vocet,
1343 1968 1445 2007 non
1470 1967 1589 2008 cum
1613 1954 1898 2023 gratiarum
1924 1954 2127 2008 actione

564 2047 906 2118 properabit?
935 2045 1140 2113 Quanto
1181 2045 1345 2114 magis
1389 2043 1454 2098 ad
1501 2043 1764 2098 caelestem
1810 2041 2124 2097 currendum

566 2146 648 2190 est
675 2151 873 2206 regem,
905 2136 991 2203 qui
1020 2149 1152 2203 quos
1181 2139 1458 2201 receperit,
1501 2147 1603 2186 non
1649 2132 1815 2186 solum
1845 2132 2091 2185 convivas
2111 2172 2124 2196 ,

568 2226 659 2280 scd
685 2227 842 2280 etiam
870 2225 1312 2293 conregnatores'
1333 2223 1543 2282 efficiet.
1577 2222 1711 2276 sicut
1733 2222 1982 2288 scriptum
2013 2230 2126 2275 est:

569 2315 630 2371 Si
658 2315 954 2369 commortui
986 2329 1179 2374 sumus,
1221 2324 1264 2366 et
1295 2314 1637 2373 convivemus;
1665 2313 1710 2364 si
1737 2313 2051 2376 sustinemus,
2083 2319 2130 2364 et

568 2407 977 2477 conregnabimus
1019 2403 1093 2472 (2.
1137 2402 1269 2456 Tim.
1315 2403 1351 2456 2
1422 2403 1506 2457 fl.
1561 2402 1670 2470 12).
1721 2401 1827 2456 Nec
1881 2401 1982 2455 ltOc
2033 2409 2131 2472 ego

576 2498 715 2563 dico,
757 2505 813 2550 ut
840 2497 955 2565 quis
991 2509 1178 2548 manus
1213 2493 1309 2547 sibi
1354 2493 1572 2555 inferat,
1621 2501 1710 2545 aut
1754 2507 1812 2547 se
1857 2492 2130 2548 interficiat

572 2597 754 2641 contra
781 2587 1104 2640 voluntatem
1153 2584 1242 2638 Dei
1269 2583 1558 2642 creatoris.
1599 2593 1687 2636 aut
1730 2583 1956 2636 animam
1983 2591 2041 2636 ut
2066 2582 2132 2637 de

570 2678 809 2748 corporis
835 2676 914 2730 sui
939 2674 1167 2744 expellat
1197 2674 1454 2743 hospitio;
1485 2672 1576 2727 sed
1605 2672 1706 2727 hoc
1731 2672 1868 2738 dico,
1897 2683 1956 2726 ut
1981 2672 2132 2726 lzetus

570 2779 624 2824 et
647 2767 900 2838 gaudens,
924 2781 1042 2820 cum
1067 2773 1156 2818 aut
1179 2763 1291 2832 ipse
1316 2771 1533 2816 vocatur
1551 2769 1604 2816 et
1625 2762 1916 2830 prosimus,
1943 2769 1996 2813 et
2021 2761 2134 2828 ipse

571 2860 745 2920 vadat,
769 2866 822 2912 et
839 2857 1084 2911 euntibus
1101 2854 1410 2924 gratuletur.
1430 2852 1550 2906 lltce
1568 2852 1707 2906 enim
1730 2850 2135 2904 estChristiana:

574 2948 692 3002 fldei
719 2960 920 3000 summa
939 2986 953 3009 ,
999 2944 1157 2997 vitam
1185 2957 1358 2996 veram
1390 2947 1698 3009 exspectare
1725 2947 1844 3008 post
1869 2947 2091 2992 mortem
2118 2977 2133 3002 ,

577 3039 802 3092 reditum
849 3049 1062 3103 sperare
1108 3042 1223 3101 post
1272 3033 1488 3086 exitum.
1539 3033 1766 3099 Accepta
1812 3031 1966 3100 igitur
2009 3044 2138 3085 voce

579 3125 842 3197 Apostoli,
870 3139 996 3178 cum
1030 3121 1221 3178 fiducia
1260 3123 1367 3191 jam
1395 3121 1632 3176 dicamus
1659 3123 1851 3190 gratias
1877 3121 2016 3185 Deo,
2048 3120 2136 3188 qui

577 3215 731 3270 nobis
758 3224 940 3268 contra
981 3223 1201 3268 mortem
1246 3213 1512 3266 victoriam
1542 3212 1717 3277 dedit,
1756 3227 1849 3280 per
1871 3211 2136 3267 Christum

579 3307 858 3361 Dominum
887 3313 1142 3369 nostrum,
1175 3304 1257 3360 cui
1285 3313 1366 3358 est
1393 3305 1556 3374 gloria
1580 3312 1634 3359 ct
1663 3313 1894 3373 potestas
1921 3317 2059 3374 nunc
2087 3311 2140 3358 et

579 3397 632 3451 in
661 3395 850 3450 saecula
877 3395 1213 3448 saeculorum.
1241 3394 1429 3447 Amen.

1209 3499 1433 3556 SERMO
1459 3501 1528 3556 Il.

657 3619 704 3669 Ι.
733 3614 1047 3668 Resarrectio
1087 3613 1219 3665 unde
1256 3612 1393 3681 apud
1428 3612 1653 3681 inﬁdeles
1676 3613 1844 3666 dubia.
1872 3643 1943 3654 —
1973 3612 2144 3680 Supe-

581 3705 708 3758 riori
735 3704 945 3773 quidem
973 3702 1151 3756 libello
1182 3703 1584 3768 perstrinximus
1605 3703 1834 3757 breviter
1854 3704 1920 3758 de
1947 3719 2141 3758 conso-

582 3796 781 3850 latione
821 3792 1157 3847 mortalitatis
1180 3791 1236 3857 ⁸,
1285 3792 1352 3845 de
1391 3807 1485 3860 spe
1530 3795 1930 3848 resurrectionis
1962 3812 1974 3846 :
2005 3811 2145 3850 nunc

584 3883 790 3953 plenius
827 3890 881 3936 et
904 3880 1128 3935 validius
1158 3879 1225 3934 de
1250 3879 1460 3933 eisdem'
1479 3880 1654 3934 dicere
1680 3896 2043 3948 properamus.
2085 3883 2142 3938 Si

584 3973 792 4044 quidem
843 3971 993 4036 haec,
1035 3985 1153 4040 qua:
1191 3970 1434 4039 loquutus
1461 3957 1607 4065 ἱθιιηι,
1650 3970 1888 4025 fidelibus
1933 3971 2144 4040 quidem

582 4077 723 4120 certa
765 4073 920 4124 sunt,
954 4062 1245 4116 infidelibus
1274 4071 1445 4115 autem
1469 4062 1537 4134 ac
1560 4062 1731 4116 dubiis
1751 4063 1994 4117 videntur
2026 4079 2145 4121 esse

588 4154 845 4218 fabulosa,
890 4151 953 4204 ad
983 4167 1116 4220 quos
1147 4166 1308 4218 Pauca
1335 4135 1564 4239 stricllius
1596 4152 1940 4219 proferamus.
1985 4154 2142 4209 Certe

588 4243 903 4311 quicumque
929 4241 1056 4295 estis
1086 4239 1336 4293 increduli
1362 4281 1376 4306 ,
1426 4255 1637 4301 omnem
1677 4242 2052 4298 dubitationem
2079 4245 2144 4300 de

587 4331 876 4386 substantia
899 4328 1134 4398 corporis
1159 4329 1444 4382 sustinetis.
1470 4329 1788 4394 Discreditur
1813 4332 1952 4383 enim
1979 4348 2006 4384 a
2029 4334 2147 4400 qui-

589 4419 831 4483 busdam,
849 4433 1059 4472 carnem
1083 4432 1388 4472 conversam
1405 4416 1455 4470 in
1474 4405 1762 4491 pulverem,
1789 4418 1977 4472 iterum
1997 4434 2150 4486 posse

591 4526 899 4580 resurgere,
948 4512 1135 4563 iterum
1180 4509 1517 4578 reviviscere;i
1562 4508 1822 4562 Cancrum
1867 4507 1933 4562 de
1976 4509 2148 4562 anima

592 4605 792 4656 nullmn
823 4619 975 4670 posse
992 4602 1258 4655 hominum
1285 4581 1523 4654 dubitaui
1543 4618 1555 4652 :
1578 4601 1621 4655 si
1647 4601 1855 4669 quidem
1875 4601 1942 4656 de
1961 4604 2149 4658 anima:

594 4693 984 4746 immortalitate
1015 4705 1113 4745 nec
1141 4689 1435 4758 philosophi
1473 4689 1605 4756 ipsi,
1649 4703 1769 4743 cum
1807 4692 1911 4744 sint
1936 4694 2147 4761 pagani,

595 4782 931 4835 dissentiunt.
985 4781 1110 4833 Nam
1137 4779 1261 4848 quid
1287 4788 1371 4834 est
1398 4793 1574 4842 mors,
1622 4780 1720 4832 nisi
1747 4782 2006 4848 separatio
2031 4797 2151 4837 cor-

598 4871 741 4940 poris
768 4869 1099 4936 animaeque?
1131 4867 1426 4922 Reccdeute
1455 4868 1594 4922 enim
1625 4869 1828 4934 anima,
1859 4886 1978 4938 quae
2008 4886 2149 4925 sem-

599 4975 694 5030 per
722 4961 886 5022 vivit,
928 4973 1044 5026 qum
1075 4958 1207 5010 mori
1248 4956 1452 5024 nescit,
1495 4947 1612 5025 quia
1644 4958 1710 5011 de
1740 4959 1862 5011 flatu
1891 4959 1981 5013 Dei
2004 4970 2085 5014 est
2107 4961 2148 5023 ⁸,

599 5050 767 5103 solum
791 5062 988 5116 corpus
1007 5047 1260 5100 emoritur
1285 5063 1300 5098 :
1325 5046 1444 5113 quia
1471 5046 1610 5110 aliud
1651 5049 1701 5099 in
1733 5047 1883 5101 nobis
1912 5050 2150 5114 mortale,

600 5139 741 5191 aliud
769 5137 1062 5191 immortale
1087 5145 1184 5190 est.
1211 5134 1314 5189 Sed
1337 5120 1588 5191 recedens
1612 5135 1805 5199 anima,
1827 5152 1944 5205 qua:
1967 5153 2154 5193 carna-

602 5228 740 5282 libus
778 5225 945 5278 oculis
974 5239 1076 5277 non
1121 5223 1364 5288 videtur,
1406 5224 1473 5276 ab
1513 5224 1713 5299 angelis
1754 5227 2058 5292 suscipitur,
2103 5238 2155 5281 et

664 5363 795 5424 luis.
820 5358 980 5415 Corb..
1004 5371 1035 5405 a
1057 5355 1347 5417 spiritalibus
1361 5347 1610 5424 inimicis,‘
1636 5361 1839 5424 tantum,
1887 5367 1936 5408 et
1960 5360 2153 5422 ibidem,

601 5419 808 5480 acutique
828 5431 1042 5467 errorum
1060 5416 1204 5464 casus
1225 5416 1388 5465 δωρηιί
1411 5417 1685 5477 ρνωραναιὶ.

666 5483 687 5512 ³
721 5486 820 5541 Is.,
839 5485 1216 5541 conregtaturos.

667 5541 689 5570 ³
721 5534 1068 5598 εόὶῐὶίνθῑέὶρς
1106 5535 1368 5598 Augustini,
1411 5534 1471 5582 de
1507 5535 1812 5598 consolatione
1849 5545 2153 5591 mortuorum.

603 5599 746 5650 Oorb.
773 5597 952 5653 Codex,
977 5598 1035 5646 de
1058 5594 1365 5647 consolatione
1385 5594 1702 5644 mortalitatis.

669 5669 688 5688 ⁸
721 5659 836 5706 t‘diti
864 5665 1073 5722 veteres,
1092 5658 1153 5722 de
1173 5654 1289 5722 ﬂatu
1313 5654 1402 5722 ρει
1422 5659 1491 5703 est
1524 5654 1770 5722 hispirata,
1799 5662 1849 5706 et
1872 5659 2008 5720 paulo
2030 5669 2150 5722 post,

609 5732 714 5781 gnte
735 5717 1003 5766 carnaﬁbus
1023 5716 1180 5765 oculis
1193 5716 1343 5765 videri
1359 5728 1449 5763 non
1479 5721 1640 5776 potest.

1251 415 1307 472 ε.
1348 415 1620 472 JOANNIS
1656 409 2126 470 CllBYSOSTOMl
2164 410 2474 469 ARCHIEP.
2515 414 3042 474 CONSTANTINOP.

3681 425 3798 481 300

2226 522 2511 577 collocatur
2551 533 2642 578 aut
2683 527 2734 578 in
2763 527 2881 580 sinu
2917 527 3178 594 Abrahae,
3217 528 3261 582 si
3289 526 3456 584 fidelis
3476 537 3588 592 est;
3615 539 3709 584 aut
3734 530 3792 586 in

2221 615 2449 668 carceris
2477 613 2668 669 inferni
2703 616 2941 670 custodia
2962 656 2978 682 ,
3009 618 3053 671 si
3082 619 3346 686 peccatrix
3373 627 3492 674 est:
3520 619 3645 674 dum
3675 629 3790 675 sta-

2225 711 2366 756 tutus
2389 705 2566 758 veniat
2589 704 2702 758 dies
2721 746 2736 770 ,
2768 721 2872 772 quo
2898 721 3049 760 suum
3080 707 3300 775 recipiat
3327 723 3541 778 corpus,
3571 717 3625 765 et
3646 710 3792 779 apud

2226 791 2450 846 tribunal
2491 790 2685 847 Christi
2723 794 2914 861 iudicis
2949 795 3059 849 veri
3099 795 3285 849 reddat
3327 810 3540 850 suorum
3567 812 3793 867 operum

2224 881 2504 936 rationem.
2551 883 2689 951 Ergo
2735 884 2854 952 quia
2893 884 2960 937 de
2999 897 3161 938 carne
3204 893 3312 938 tota
3336 886 3605 939 cunctatio
3633 896 3714 940 est
3747 889 3790 950 ι.

2225 969 2378 1039 hujus
2402 980 2483 1025 est
2511 972 2787 1026 infirmitas
2827 972 3188 1041 defendenda,
3219 985 3273 1029 et
3306 977 3625 1032 resurrectio
3659 992 3794 1032 con-

2225 1059 2495 1127 signanda.

2293 1147 2348 1201 2.
2379 1148 2569 1201 Mor-tui
2600 1150 2845 1219 quomodo
2879 1162 3155 1222 resurgent.
3197 1152 3447 1207 Probatur
3473 1155 3631 1209 Deum
3659 1171 3799 1209 mor-

2228 1245 2338 1291 tuos
2375 1254 2519 1306 posse
2547 1240 2806 1292 suscitare.
2847 1269 2916 1280 --
2957 1239 3106 1306 Quod
3145 1241 3191 1295 si
3233 1241 3349 1310 quis
3393 1245 3624 1312 requirat
3649 1259 3680 1298 a
3705 1259 3798 1298 me

2226 1328 2413 1382 dubius
2437 1337 2492 1382 ct
2515 1329 2814 1382 incredulus
2837 1369 2851 1392 ,
2885 1331 3144 1396 Quomodo
3177 1334 3359 1386 mortui
3383 1345 3660 1403 resurgent,
3692 1351 3797 1403 quo

2227 1427 2390 1469 autem
2430 1433 2637 1486 corpore
2677 1419 2907 1472 venient?
2953 1419 3284 1487 respondebo
3320 1424 3365 1476 ei
3394 1437 3485 1477 ore
3514 1437 3576 1477 ac
3615 1425 3798 1478 verbis

2231 1506 2491 1578 Apostoli,
2530 1507 2807 1580 Insipiens,
2837 1517 2889 1559 tu
2923 1509 3054 1577 quod
3091 1512 3326 1574 seminus,
3368 1529 3464 1566 non
3492 1515 3794 1582 uiuificatur,

2228 1595 2328 1647 nisi
2361 1598 2498 1662 prius
2540 1596 2825 1648 moriatur:
2851 1606 2896 1649 et
2931 1599 3064 1664 quod
3085 1601 3331 1663 sentinae,
3371 1602 3555 1654 nudum
3575 1605 3798 1656 seminus

2228 1701 2437 1754 granum
2464 1685 2612 1738 tritici
2644 1697 2729 1737 aut
2759 1688 2962 1741 alterius
2993 1687 3208 1756 alicujus
3229 1692 3428 1744 seminis
3459 1692 3532 1761 (1.
3554 1691 3669 1747 Cor.
3703 1693 3794 1746 13.

2231 1775 2419 1841 35-37)
2443 1814 2458 1838 ,
2490 1783 2752 1827 mortuum
2793 1784 2845 1828 et
2879 1775 3082 1830 aridum
3121 1779 3232 1832 sine
3275 1779 3530 1844 humore;
3583 1791 3635 1834 et
3670 1796 3796 1836 cum

2227 1861 2574 1932 putrefactum
2618 1863 2792 1930 fuerit,
2823 1863 3093 1920 fecundius
3119 1869 3319 1936 surgit,
3356 1870 3514 1938 fitque
3547 1874 3800 1925 vestitum

2232 1950 2508 2014 folliculis,
2552 1953 2728 2005 aristis
2769 1963 3047 2008 armatum.
3097 1955 3194 2022 Qui
3239 1972 3363 2025 ergo
3390 1973 3608 2026 granum
3635 1961 3798 2013 tritici

2235 2041 2447 2094 suscitat
2502 2052 2716 2110 propter
2763 2050 2851 2106 te,
2905 2043 3072 2113 ipsum
3119 2053 3169 2099 te
3224 2061 3326 2100 non
3377 2049 3571 2115 poterit
3623 2051 3800 2104 susci-

2233 2141 2345 2186 tare
2375 2145 2590 2201 pmpter
2631 2146 2689 2187 se
2731 2132 2850 2202 (a)?
2896 2136 2984 2203 qui
3037 2135 3203 2189 solem
3247 2138 3479 2205 quotidie
3528 2140 3676 2207 quasi
3727 2139 3800 2194 de

2237 2221 2474 2288 sepulcro
2513 2222 2682 2276 noctis
2711 2225 2962 2288 suscitat,
2999 2233 3053 2279 et
3092 2225 3267 2279 lunam
3307 2229 3454 2295 quasi
3481 2229 3547 2282 de
3578 2230 3800 2283 interitu

2233 2320 2477 2379 reparat,
2509 2321 2562 2365 et
2592 2321 2825 2380 tempora
2852 2312 3150 2367 recedentia
3189 2326 3400 2369 revocat
3423 2317 3488 2370 ad
3518 2318 3797 2371 utilitatem

2235 2399 2434 2454 scilicet
2461 2410 2692 2453 nosuam
2726 2419 2738 2454 :
2779 2402 2919 2470 ipsos
2959 2417 3056 2457 nos
3075 2442 3088 2465 ,
3117 2414 3331 2474 propter
3349 2420 3480 2472 quos
3509 2408 3680 2460 omnia
3714 2423 3802 2461 re-

2236 2496 2418 2558 parat,
2460 2503 2564 2542 non
2605 2491 2874 2559 requiret,
2904 2500 2958 2546 et
2997 2493 3161 2548 semel
3207 2496 3430 2563 patietur
3464 2497 3720 2562 exstingui
3752 2499 3800 2560 ³,

2235 2595 2368 2649 quos
2393 2595 2488 2634 suo
2514 2579 2639 2634 flatu
2668 2581 2940 2647 accendit,
2986 2599 3117 2651 quos
3156 2599 3253 2638 suo
3292 2585 3476 2653 Spiritu
3508 2587 3802 2639 animavit?

2237 2677 2290 2724 et
2318 2670 2369 2722 in
2398 2678 2706 2739 perpetuum
2731 2669 2838 2737 jam
2866 2685 2968 2725 non
3003 2674 3100 2727 erit
3132 2673 3307 2734 homo,
3341 2674 3428 2742 qui
3463 2676 3604 2728 illum
3635 2677 3718 2743 pie
3745 2685 3802 2729 et

2238 2760 2447 2827 agnovit
2471 2767 2525 2814 et
2563 2756 2765 2812 coluit?
2809 2759 2910 2814 Sed
2959 2761 3145 2814 iterum
3189 2761 3416 2826 dubitas,
3459 2763 3599 2831 quod
3629 2764 3804 2830 possis

2239 2847 2471 2918 reparari
2500 2857 2620 2916 post
2657 2856 2879 2901 mortem
2900 2887 2915 2914 ,
2962 2851 3168 2904 restitui
3196 2859 3313 2918 post
3337 2851 3567 2904 cinerem
3596 2859 3649 2904 et
3677 2865 3802 2904 ossa

2240 2936 2590 3005 consumpta?
2615 2937 2658 2990 0
2687 2936 2864 3000 homo,
2893 2937 2977 2992 di'c
2998 2937 3144 3000 mihi,
3176 2937 3298 3006 quid
3332 2938 3467 2992 fuisti
3494 2947 3615 2992 ante
3639 2954 3802 3008 quam

2241 3025 2296 3078 in
2326 3024 2505 3078 matris
2530 3031 2679 3078 utero
2695 3024 3084 3092 concipereris?
3108 3023 3246 3078 Nihil
3275 3026 3468 3094 utique.
3493 3025 3626 3080 Deus
3647 3041 3800 3097 ergo,

2241 3115 2329 3182 qui
2351 3124 2402 3168 te
2419 3115 2617 3168 creavit
2638 3129 2703 3168 ex
2731 3113 2915 3180 nihilo,
2935 3128 3108 3168 nonne
3125 3113 3325 3170 facilius
3353 3118 3540 3182 poterit
3555 3130 3808 3185 reparare

2243 3204 2310 3259 de
2337 3204 2553 3273 aliquo?
2590 3204 2716 3259 Mihi
2740 3205 2897 3259 crede
2919 3246 2932 3269 ,
2964 3203 3165 3259 facilius
3195 3205 3384 3270 poterit
3409 3208 3624 3261 reficere
3660 3208 3806 3275 quod

2244 3306 2367 3350 ante
2386 3295 2493 3363 jam
2519 3295 2648 3359 fuit,
2691 3297 2777 3365 qui
2809 3298 2980 3365 putuit
3005 3296 3025 3327 ³
3054 3311 3233 3351 creare
3254 3298 3388 3366 quod
3417 3313 3519 3351 non
3546 3297 3656 3352 fuit.
3703 3299 3810 3365 Qui

2247 3392 2300 3437 te
2332 3399 2395 3437 ex
2433 3392 2576 3452 gutta
2614 3383 2850 3438 informis
2881 3385 3095 3449 liquoris
3137 3386 3187 3438 in
3231 3395 3330 3439 tute
3358 3387 3538 3439 matris
3568 3395 3722 3441 utero
3749 3387 3804 3441 in

2248 3485 2457 3539 nervos,
2487 3487 2644 3526 venas
2669 3481 2722 3526 et
2746 3488 2865 3526 ossa
2897 3474 3050 3541 jussit
3070 3489 3395 3539 excrescere,
3439 3477 3648 3541 poterit,
3677 3477 3808 3530 mihi

2248 3562 2425 3626 crede,
2455 3561 2520 3616 de
2545 3572 2692 3616 utero
2721 3573 2876 3616 terra:
2901 3563 3087 3617 iterum
3114 3577 3389 3632 generare.
3428 3562 3532 3617 Sed
3560 3564 3714 3618 times
3742 3580 3811 3620 ne

2250 3651 2384 3706 forte
2413 3665 2530 3706 ossa
2569 3661 2654 3705 tua
2697 3651 2844 3705 arida
2875 3652 3050 3706 vestiri
3091 3652 3306 3720 pristina
3349 3667 3506 3707 carne
3547 3668 3649 3706 non
3681 3668 3811 3723 pos.

2250 3743 2392 3796 sint?
2439 3741 2588 3805 Noli,
2622 3742 2759 3804 noli,
2794 3742 3078 3795 secundum
3119 3753 3256 3795 tuam
3287 3743 3674 3812 impotentiam,
3715 3745 3810 3799 Dei

2250 3832 2512 3885 testimare
2550 3831 2898 3898 majestatem.
2945 3831 3200 3886 Deusille
3230 3847 3404 3887 rerum
3431 3835 3665 3888 omnium
3689 3845 3814 3903 pro-

2251 3928 2476 3984 creator,
2530 3921 2614 3987 qui
2665 3923 2819 3973 vestit
2860 3921 3079 3975 arbores
3105 3921 3270 3986 foliis,
3317 3931 3368 3975 et
3396 3931 3538 3991 prata
3570 3921 3812 3985 floribus,

2252 4010 2447 4078 poterit
2475 4017 2526 4062 et
2566 4017 2653 4062 tua
2698 4022 2814 4061 ossa
2861 4008 3000 4062 illico
3038 4010 3177 4064 veris
3219 4009 3502 4080 tempore‘
3527 4011 3577 4063 in
3627 4025 3812 4065 remr-

2254 4097 2487 4150 rectione
2519 4098 2732 4150 vestire.
2788 4097 3125 4151 Dubitaverat
3153 4097 3434 4165 aliquando
3460 4097 3525 4151 de
3560 4099 3656 4152 hoc
3697 4098 3816 4166 ipso

2254 4185 2509 4254 propheta
2542 4184 2823 4249 Ezechiel,
2853 4193 2907 4239 et
2935 4187 3283 4254 interrogatus
3312 4201 3341 4239 a
3366 4188 3605 4247 Domino.
3637 4197 3814 4242 utrum

2257 4275 2495 4328 viverent
2514 4289 2635 4327 ossa
2661 4273 2803 4326 arida
2824 4314 2838 4340 ,
2867 4289 2983 4342 qua:
3005 4274 3313 4328 videbantur
3339 4289 3516 4343 sparsa
3549 4289 3643 4341 per
3662 4292 3814 4331 cam-

2258 4377 2399 4428 pum,
2429 4362 2700 4428 respondit
2721 4401 2735 4424 ,
2769 4360 2842 4413 Tu
2869 4363 2984 4428 scis,
3012 4360 3226 4416 Domine
3255 4361 3458 4429 (Ezech.
3483 4364 3570 4416 37.
3599 4363 3671 4434 3).
3707 4365 3815 4420 Sed

2259 4458 2532 4516 postquam
2564 4449 2670 4502 Deo
2704 4449 2922 4516 jubente
2945 4489 2960 4511 ,
2992 4457 3043 4502 et
3068 4449 3243 4516 seipso
3270 4449 3614 4516 prophetaute
3638 4491 3654 4515 ,
3685 4453 3818 4506 vidit

2258 4551 2376 4590 ossa
2418 4537 2482 4590 ad
2509 4551 2601 4590 sua
2634 4537 2746 4590 loca
2781 4547 2834 4590 et
2869 4536 3142 4605 juncturas
3188 4538 3449 4591 currentia
3473 4578 3488 4602 ,
3538 4548 3816 4607 postquam

2259 4626 2388 4679 vidit
2415 4640 2532 4680 ossa
2554 4625 2698 4679 arida
2727 4629 2899 4680 nervis
2923 4626 3088 4694 ligari,
3122 4627 3268 4681 venis
3300 4627 3478 4693 intexi,
3501 4642 3660 4682 carne
3684 4642 3819 4682 cou-

2261 4717 2390 4785 tegi,
2437 4724 2555 4770 cute
2593 4716 2802 4779 vestiri,
2851 4724 3032 4783 postea
3074 4716 3403 4784 prophetavit
3433 4718 3482 4770 in
3511 4718 3695 4786 spiritu
3717 4759 3734 4784 ,
3766 4727 3820 4773 ct

2259 4804 2475 4857 veniens
2517 4803 2731 4871 spiritus
2772 4803 3177 4871 uniuscujusque
3225 4805 3456 4857 introivit
3503 4806 3554 4858 in
3592 4820 3820 4872 corpora

2262 4893 2348 4946 illa
2369 4893 2592 4960 jacentia
2613 4933 2627 4958 ,
2668 4901 2721 4945 et
2754 4901 3182 4954 resurrexcrunt,
3223 4901 3275 4946 et
3313 4908 3432 4946 mox
3463 4903 3722 4948 steterunt
3753 4896 3772 4925 '
3805 4913 3817 4948 :

2261 4983 2338 5035 sic
2365 4980 2700 5035 confirmatus
2729 4980 2797 5033 de
2841 4981 3225 5033 resurrectione
3269 4981 3563 5048 propheta,
3611 4983 3821 5049 scripsit

2264 5070 2516 5124 visionem
2539 5109 2554 5134 ,
2585 5077 2642 5122 ut
2668 5068 2733 5121 ad
2763 5076 3003 5137 posteros
3036 5075 3195 5121 tanta:
3219 5069 3294 5123 rei
3323 5070 3552 5137 cognitio
3581 5072 3823 5138 perveni.

2327 5219 2341 5249 ¹
2379 5217 2493 5265 Ediu
2529 5222 2758 5272 veteres,
2797 5219 2890 5263 tota
2924 5213 3232 5264 contradictio
3270 5221 3369 5273 est,
3411 5226 3519 5276 qua:
3550 5213 3697 5264 lectio
3729 5230 3822 5268 non

2263 5277 2551 5339 spernenda.

2326 5341 2347 5404 ξ
2381 5337 2548 5395 tidem,
2570 5341 2614 5383 et
2633 5333 2814 5404 cineres
2834 5335 3034 5394 patietur

2329 5398 2350 5428 ³
2383 5405 2459 5444 Ms.
2480 5395 2688 5456 secunda
2710 5407 2867 5450 manu,
2892 5407 3032 5456 quam
3051 5395 3213 5456 potuit.

2328 5457 2348 5487 ⁸
2383 5462 2508 5512 ηδε..
2523 5455 2607 5503 illo
2627 5461 2755 5502 certo
2776 5455 2892 5503 ueri.

2328 5518 2348 5548 ⁸
2383 5523 2508 5572 Ηωο,
2533 5521 2576 5562 et
2599 5527 2710 5563 mox
2731 5520 2970 5572 steterim,
2993 5513 3168 5563 desunt
3201 5516 3249 5561 iu
3274 5521 3377 5561 ttss.

2330 5599 2400 5660 (ᾳ)
2433 5603 2565 5660 nec,
2585 5596 2739 5660 ipsum
2760 5602 2804 5644 te
2820 5608 2911 5644 non
2931 5595 3103 5660 poterit
3121 5593 3347 5660 suscitare
3363 5601 3555 5660 propter
3577 5607 3645 5652 se,
3669 5609 3717 5644 In
3741 5608 3817 5645 vo

2268 5655 2453 5708 toribus
2492 5655 2635 5705 Mitis
2670 5655 2940 5714 habentur,
2963 5663 3013 5705 et
3047 5656 3105 5702 ad
3142 5655 3419 5716 marginem,
3440 5656 3620 5715 rejects
3641 5663 3819 5705 suntut

2273 5728 2512 5779 postrema
2535 5717 2761 5766 Editione.
2786 5717 2873 5764 sed
2889 5726 3001 5780 puto
3021 5716 3078 5763 ad
3101 5715 3279 5764 seriem
3306 5715 3550 5776 quadrare.
