3990 6450
231 316 331 370 301

233 433 328 477 ret.
372 420 554 475 Merito
584 432 707 487 ergo
732 419 924 472 clamat
957 414 1115 469 Isaias
1144 429 1157 465 :
1190 411 1473 478 Exsurgent
1498 412 1707 469 mortui,
1741 413 1785 457 et

233 518 485 578 resurgent
524 509 606 577 qui
643 516 756 560 sunt
794 507 845 558 in
882 501 1242 562 monumentis,
1287 508 1331 550 et
1371 497 1669 550 lwtabuntur
1706 492 1790 561 qui

233 611 339 653 sunt
365 601 415 650 in
446 609 596 650 terra.
644 597 747 649 Ras
774 595 923 657 enim,
960 593 1043 658 qui
1070 591 1154 641 abs
1177 600 1222 641 te
1248 596 1347 651 est,
1387 588 1571 639 sanitas
1602 593 1671 637 est
1691 582 1791 634 illis

234 686 382 756 (Isai.
399 688 489 739 26.
516 686 626 753 19).
645 683 782 737 Vere
802 682 963 745 enim,
988 681 1124 732 sicut
1143 693 1263 730 rore
1282 673 1569 728 madefacta
1593 671 1793 725 semina

235 778 529 845 germinant
560 782 612 827 et
639 779 960 839 exsurgunt,
1008 770 1085 822 sic
1114 782 1233 821 rore
1264 766 1487 834 Spiritus
1512 778 1631 817 ossa
1662 760 1794 814 ﬁde-

237 868 356 920 lium
385 864 749 933 germinabunt
777 863 819 915 ί.

304 956 356 1009 5.
390 950 537 1006 Aliud
573 960 935 1019 argumentum.
963 977 1033 988 —
1057 947 1160 1001 Sed
1183 945 1408 1005 dubitas,
1440 940 1701 1009 quomodo
1730 938 1795 993 de

238 1043 410 1111 parvis
444 1040 650 1094 ossibus
687 1049 827 1092 totus
869 1038 1026 1091 homo
1052 1034 1254 1088 restitui
1282 1032 1486 1100 possit?
1514 1031 1715 1083 Revera
1741 1036 1797 1080 tu

238 1146 303 1183 ex
327 1128 532 1183 modica
563 1127 790 1181 scintilla
813 1126 943 1193 ignis
966 1125 1229 1191 ingentem
1251 1120 1472 1175 suscitas
1496 1118 1793 1178 flammam;

241 1223 375 1274 Deus
408 1233 513 1271 non
543 1218 735 1285 poterit
772 1231 837 1269 ex
869 1212 1075 1268 modico
1101 1210 1293 1265 cineris
1336 1211 1407 1262 tui
1435 1210 1689 1263 fermento
1717 1215 1797 1259 to-

240 1320 345 1362 tum
376 1306 677 1375 corpusculi
722 1304 794 1358 tui
844 1302 1204 1370 redintegrare
1242 1297 1627 1367 consperSnm?
1670 1295 1797 1348 Nam

240 1401 337 1453 etsi
384 1399 529 1451 dicas
562 1414 574 1449 :
606 1396 872 1462 Nusquam
914 1400 1219 1460 comparent
1257 1390 1428 1443 carnis
1472 1388 1634 1455 ipsius
1674 1384 1800 1437 reli-

242 1488 409 1556 quire;
452 1485 673 1539 forsitan
701 1486 840 1537 enim
871 1490 959 1534 aut
982 1482 1100 1548 igne
1134 1485 1457 1545 consumpta:
1481 1482 1623 1537 sunt,
1654 1481 1743 1525 aut
1771 1484 1801 1523 a

243 1574 421 1629 bestiis
469 1573 735 1626 devorata:
766 1590 777 1623 :
811 1570 908 1623 hoc
938 1570 1159 1639 primum
1190 1567 1350 1628 scito,
1392 1564 1511 1631 quia
1553 1558 1802 1628 quidquid

244 1663 604 1727 consumitur,
661 1662 712 1714 in
762 1670 912 1715 terrae
958 1657 1247 1712 visceribus
1291 1654 1618 1715 continetur,
1668 1646 1803 1701 unde

246 1772 424 1810 rursus
455 1755 649 1823 poterit
680 1754 783 1806 Deo
812 1750 1147 1820 prmcipicnte
1191 1744 1425 1814 produci.
1482 1742 1611 1795 Nam
1642 1750 1695 1794 et
1726 1750 1797 1803 tu,

246 1862 360 1899 cum
392 1862 496 1898 non
522 1852 773 1912 appareat
801 1842 931 1910 ignis
957 1881 970 1903 ,
1013 1839 1229 1892 adhibes
1263 1834 1497 1904 lapillum
1517 1874 1529 1896 ,
1560 1840 1613 1886 et
1640 1830 1805 1885 modi-

246 1952 365 1989 cum
406 1934 531 1987 ferri
559 1973 573 1997 ,
623 1941 676 1985 et
704 1931 905 1985 excutis
934 1928 999 1982 de
1027 1926 1316 1981 visceribus
1362 1922 1521 1990 lapilli
1555 1929 1805 1990 quantum

249 2040 376 2092 opus
406 2031 489 2076 est
532 2021 685 2090 ignis.
735 2019 883 2085 Quod
920 2032 1045 2085 ergo
1084 2031 1177 2084 per
1222 2024 1361 2068 tuam
1406 2010 1711 2065 industriam
1756 2016 1809 2061 et

250 2114 584 2180 sapientiam,
612 2124 767 2178 quam
815 2107 905 2160 tibi
952 2107 1086 2160 Deus
1114 2105 1224 2173 ipse
1249 2102 1526 2163 concessit,
1559 2100 1716 2163 facis,
1753 2105 1809 2150 ut

253 2201 511 2270 producas
537 2199 676 2267 quod
701 2212 804 2251 non
825 2205 1038 2265 apparet
1065 2197 1085 2225 ί
1107 2236 1121 2260 ,
1155 2193 1399 2261 majestas
1428 2192 1512 2245 illa
1540 2189 1712 2243 divina
1734 2186 1809 2240 fa-

254 2304 372 2343 cere
396 2303 491 2341 sua
518 2288 711 2341 virtute
738 2302 839 2340 non
866 2285 1087 2353 poterit,
1133 2292 1189 2336 ut
1211 2298 1327 2350 qua:
1356 2281 1563 2335 interim
1591 2294 1692 2332 non
1727 2277 1807 2331 vi-

254 2378 441 2431 dentur
467 2376 738 2429 excutiat?
764 2373 888 2427 Mihi
921 2372 1097 2435 crede,
1127 2378 1299 2439 potest
1322 2369 1493 2422 omnia
1522 2369 1678 2422 Deus.
1792 2368 1799 2380 ‘

322 2468 375 2519 4.
402 2465 628 2517 Christus
654 2468 872 2533 futuram
900 2462 1301 2515 resurrectionem
1331 2459 1638 2525 testiﬁcatur.
1685 2456 1811 2509 Item

258 2555 468 2622 apostoli
498 2564 543 2605 et
572 2562 809 2621 martyres
830 2591 842 2613 ,
878 2560 922 2603 et
955 2549 1355 2602 Machabazorum
1386 2557 1559 2600 mater.
1593 2576 1661 2586 -—
1706 2546 1813 2598 Hoc

261 2652 457 2694 tantum
503 2642 713 2709 require
735 2680 751 2705 ,
793 2648 968 2692 utrum
1013 2637 1311 2706 promiserit
1346 2652 1403 2689 se
1432 2635 1605 2689 facere
1632 2648 1807 2688 resur-

261 2733 553 2785 rectionem
600 2748 611 2783 :
651 2739 704 2783 et
745 2744 863 2780 cum
910 2728 1219 2795 promissam
1271 2734 1527 2776 tantorum
1570 2722 1815 2775 didiceris

264 2820 577 2873 testimoniis
601 2855 614 2881 ,
664 2818 767 2869 imo
792 2830 909 2869 cum
938 2815 1099 2883 ipsius
1125 2813 1316 2867 Christi
1345 2812 1548 2864 Domini
1588 2810 1807 2863 certissi-

264 2923 401 2961 mam
431 2907 625 2959 habeas
651 2905 942 2959 cautionem
967 2943 981 2966 ,
1028 2902 1365 2956 conﬁrmatus
1408 2900 1509 2954 ﬁde
1531 2942 1544 2963 ,
1594 2909 1815 2953 mortem

263 2998 569 3065 desinejam
598 2997 799 3050 timere.
827 2995 926 3062 Qui
953 2994 1095 3047 enim
1122 2993 1269 3045 timet
1293 2991 1461 3045 adhuc
1480 3030 1494 3054 ,
1526 2988 1774 3044 discredit
1801 3005 1814 3042 :

264 3090 349 3156 qui
394 3087 683 3151 discredit,
733 3093 1000 3154 peccatum
1044 3083 1307 3136 contrahit
1349 3082 1669 3145 insanabile,
1697 3080 1817 3150 quia

265 3192 355 3230 sua
396 3175 764 3229 incredulitate
802 3175 959 3228 audet
998 3175 1162 3226 Deum
1207 3181 1297 3225 aut
1342 3172 1683 3239 impotentem
1728 3178 1819 3222 aut

265 3275 406 3319 certe
448 3279 751 3318 asseverare
786 3263 1111 3317 mendacem.
1160 3262 1261 3315 Sed
1293 3276 1397 3314 non
1427 3262 1494 3313 ita
1523 3261 1661 3314 beati
1698 3275 1821 3327 apo-

267 3356 406 3419 stoli,
438 3370 543 3408 non
571 3355 638 3406 ita
674 3354 839 3409 sancti
867 3361 1124 3422 martyres
1146 3351 1389 3420 probant.
1415 3349 1671 3418 Apostoli,
1700 3363 1821 3417 proo

268 3454 382 3511 pter
425 3443 563 3496 hanc
606 3442 1031 3511 prmdicationem
1078 3440 1512 3503 resurrectionis,
1558 3438 1821 3491 Christum

268 3533 624 3588 resurrexisse
653 3529 971 3601 praedicant,
1012 3539 1067 3583 et
1092 3530 1143 3582 in
1172 3529 1284 3597 ipso
1314 3536 1547 3581 mortuos
1572 3527 1826 3580 suscitan-

269 3624 362 3676 dos
391 3622 704 3675 annuntiant
727 3662 741 3685 ,
783 3635 881 3675 nec
917 3628 1141 3674 mortem
1185 3633 1282 3672 nec
1330 3625 1585 3671 tormenta
1614 3629 1825 3669 recusa-

270 3721 459 3765 verunt
488 3725 588 3764 nec
620 3724 821 3764 cruces.
870 3709 926 3764 Si
955 3724 1079 3778 ergo
1106 3710 1157 3761 in
1184 3723 1275 3761 ore
1304 3708 1525 3761 duorum
1552 3707 1631 3760 vel
1674 3706 1825 3761 trium

270 3801 482 3854 testium
511 3808 614 3853 stat
643 3814 797 3852 omne
825 3798 1045 3851 verbum
1076 3815 1088 3849 :
1131 3798 1447 3851 resurrectio
1475 3806 1823 3861 mortuorum,

270 3891 353 3943 cui
391 3900 469 3943 tot
496 3898 547 3943 et
578 3897 682 3941 tam
711 3889 881 3942 idonei
913 3897 1072 3942 testes
1100 3889 1388 3951 exsistunt,
1433 3888 1513 3940 cui
1552 3902 1668 3941 cum
1700 3886 1829 3941 elfu,

273 3978 419 4031 sione
448 3977 716 4043 sanguinis
744 3976 1095 4029 testimonium
1122 3976 1332 4038 dicunt,
1369 3976 1631 4044 quomodo
1659 3984 1830 4044 potest

274 4067 325 4120 in
355 4066 577 4120 dubium
617 4064 888 4119 revocari?
931 4064 1065 4132 Quid
1111 4073 1285 4117 autem
1327 4066 1491 4117 sancti
1538 4065 1829 4134 martyres?

275 4157 571 4210 habuerunt
596 4163 793 4208 certam
836 4168 983 4222 spem
1029 4152 1461 4214 resurrectionis,
1507 4154 1719 4205 annon?
1775 4153 1829 4206 Si

276 4262 381 4301 non
410 4245 754 4307 habuissent,
798 4260 900 4297 non
930 4243 1105 4312 utique
1148 4257 1240 4309 per
1280 4251 1453 4295 tantos
1491 4242 1753 4295 cruciatus
1781 4251 1832 4295 ct

276 4352 461 4407 pmnas
492 4346 714 4390 mortem
746 4350 840 4403 pro
868 4336 1012 4387 lucro
1057 4335 1283 4385 maximo
1309 4333 1661 4399 suscepissent
1686 4348 1697 4383 :
1727 4348 1829 4385 non

275 4429 575 4497 cogitabant
599 4426 850 4495 supplicia
873 4423 1167 4491 prmsentia,
1189 4423 1279 4476 sed
1304 4425 1511 4489 praemia
1535 4432 1831 4491 sequutum.

274 4518 524 4572 Sciebant
545 4515 741 4567 dictum
761 4555 776 4577 ,
807 4514 929 4579 Quae
948 4513 1174 4564 videntur
1194 4552 1207 4574 ,
1239 4512 1304 4562 ad
1328 4521 1516 4580 tempus
1542 4521 1652 4563 sunt
1673 4529 1690 4575 ;
1725 4528 1835 4579 qua!

275 4620 442 4660 autem
472 4623 573 4658 nou
615 4605 873 4665 videntur,
908 4612 1093 4655 aeterna
1120 4611 1231 4652 sunt
1263 4602 1333 4669 (2.
1360 4600 1477 4654 Cor.
1499 4602 1551 4653 4.
1585 4602 1694 4668 18).
1729 4604 1835 4654 Au-

280 4698 385 4750 dite
406 4737 419 4758 ,
452 4696 641 4747 fratres
666 4733 678 4757 ,
704 4694 910 4745 virtutis
938 4690 1255 4757 exemplum.
1287 4690 1445 4742 Mater
1468 4699 1668 4757 septem
1699 4690 1834 4743 ﬁlios

281 4785 616 4845 hortabatur,
666 4790 719 4833 et
762 4795 863 4832 non
908 4778 1153 4846 lugebat,
1206 4777 1295 4829 sed
1326 4778 1499 4844 potius
1528 4778 1834 4831 lmtabatur:

279 4872 489 4924 videbat
514 4869 649 4921 ﬁlios
677 4882 802 4920 suos
826 4866 1032 4935 ungulis
1070 4865 1219 4926 radi,
1268 4864 1409 4917 ferro
1447 4866 1680 4928 concidi,
1725 4882 1835 4918 sar-

283 4962 454 5025 tagine
483 4956 678 5019 assari;
717 4964 770 5008 et
797 4968 901 5006 non
927 4954 1181 5021 lacrymas
1208 4951 1485 5013 fundebat,
1532 4969 1635 5007 nun
1672 4954 1837 5006 nlula.

283 5055 363 5101 tus
393 5047 607 5100 tollebat
631 5084 644 5105 ,
690 5044 780 5097 sed
808 5043 1029 5096 sollicite
1050 5041 1115 5093 ad
1144 5042 1473 5094 tolerantiam
1496 5043 1628 5095 filios
1655 5042 1834 5097 horta-

284 5138 450 5189 batur.
484 5135 599 5189 Non
626 5135 761 5187 enim
789 5142 901 5185 erat
930 5132 1015 5184 illa
1042 5131 1267 5185 crudelis
1292 5132 1487 5199 utique,
1517 5133 1606 5185 sed
1635 5134 1832 5187 ﬁdelis:

286 5228 491 5278 amabat
520 5225 682 5285 ﬁlios,
723 5236 827 5274 non
850 5221 1068 5274 delicate
1091 5260 1106 5285 ,
1133 5219 1224 5273 sed
1253 5220 1478 5274 fortiter.
1525 5221 1837 5275 llortabatur

348 5339 362 5368 ¹
402 5335 454 5384 In
480 5335 729 5383 veteribus
750 5333 908 5387 Editis.
932 5330 999 5381 sic
1038 5345 1145 5397 rore
1169 5334 1320 5381 meti
1361 5332 1570 5397 Spiritus
1593 5348 1699 5383 ossa
1721 5333 1838 5397 ﬁde-

291 5394 400 5503 liggi
425 5396 607 5502 visitata
631 5407 740 5441 cum
773 5407 852 5441 sue
878 5405 1075 5454 corpore
1115 5394 1163 5441 in
1200 5402 1427 5442 a'ternam
1449 5394 1651 5455 gloriam
1669 5394 1837 5456 germi-

289 5468 320 5501 ιι
381 5470 438 5502 im
466 5492 476 5502 .

298 5572 310 5581 .
354 5518 372 5547 ι
406 5524 524 5579 t_l:ec.
552 5520 599 5561 ut
623 5509 855 5581 producas
879 5512 1006 5581 quod
1026 5526 1131 5581 non
1151 5518 1363 5581 apparet,
1408 5522 1458 5561 et
1492 5528 1619 5573 mox,
1654 5521 1703 5563 ut
1734 5528 1838 5577 qua:

292 5574 477 5625 interim
498 5587 587 5621 non
610 5574 825 5619 ridentur
848 5576 1071 5631 excutiat,
1104 5574 1279 5622 desttnt
1303 5576 1347 5620 in
1374 5582 1450 5621 Ms.

584 5665 850 5725 Panos.
900 5666 1014 5723 (in.
1064 5664 1216 5726 LVI.

1375 299 1463 353 DE
1500 291 1999 354 CONSOLATIONE
2037 290 2300 347 MOIITIS.

3346 298 3455 353 302

1893 404 2029 457 ﬁlios
2052 403 2115 457 ad
2144 403 2437 473 passionem
2464 444 2479 469 ,
2520 416 2672 471 quam
2700 400 2931 470 gaudens
2960 400 3069 469 ipsa
3098 414 3305 468 quoque
3332 414 3449 454 sus-

1891 494 2046 562 cepit.
2096 493 2220 545 Erat
2253 493 2391 546 enim
2448 492 2513 545 de
2552 505 2644 545 sua
2674 498 2727 545 et
2764 504 2976 544 suorum
3016 489 3238 543 ﬁliorum
3268 504 3449 544 resur-

1894 583 2127 635 rectione
2166 595 2372 635 secura.
2430 580 2563 646 Quid
2608 580 2790 647 loquar
2828 578 2987 644 viros,
3035 578 3158 647 quid
3206 577 3448 641 feminas,

1895 671 2016 738 quid
2036 684 2245 738 pueros,
2269 668 2391 737 quid
2422 669 2654 736 puellas?
2683 666 2946 737 quomodo
2968 667 3063 721 sibi
3090 667 3154 721 de
3171 667 3265 721 ista
3282 676 3451 720 morte

1897 759 2163 823 luserunt,
2213 758 2476 826 quomodo
2519 772 2726 811 summa
2770 756 3039 811 celeritate
3082 754 3147 809 ad
3187 756 3449 809 emlestem

1897 849 2135 902 militiam
2184 848 2538 901 transierunt?
2583 846 2834 900 Poterant
2881 847 3061 913 utique
3110 843 3175 898 ad
3220 858 3454 913 praesens

1896 940 2078 995 vivere
2098 942 2141 994 si
2171 940 2478 1003 voluissent,
2503 939 2619 1007 quia
2649 939 2699 991 in
2729 938 2856 1006 ipsis
2878 945 2991 991 erat
3019 936 3241 1004 positum
3263 976 3277 1001 ,
3302 933 3447 989 Chri-

1900 1039 2037 1085 stum
2066 1029 2302 1097 negando
2330 1030 2565 1082 viverent
2590 1068 2603 1090 ,
2635 1037 2722 1080 aut
2751 1025 3047 1081 conﬁtendo
3069 1032 3401 1080 morerentur
3430 1040 3443 1075 :

1901 1118 1995 1174 sed
2041 1118 2207 1187 magis
2249 1119 2521 1187 elegerunt
2546 1118 2706 1171 vitam
2746 1116 3001 1185 projicere
3038 1123 3450 1183 temporaneam,

1902 1218 1957 1264 et
1976 1208 2131 1261 vitam
2159 1222 2426 1262 assumere
2453 1207 2825 1276 sempiternam
2849 1245 2864 1271 ,
2896 1203 3101 1259 excludi
3128 1205 3192 1258 de
3216 1212 3373 1269 terra,
3403 1211 3457 1257 et

1902 1300 2132 1355 incolere
2152 1302 2358 1355 czelum.

1973 1391 2024 1443 5.
2055 1389 2295 1443 Formido
2315 1391 2486 1443 mortis
2510 1389 2809 1443 excluditur.
2835 1417 2905 1427 -—
2928 1387 3065 1441 Inter
3082 1387 3217 1451 haec,
3247 1384 3456 1450 fratres,

1906 1479 2023 1547 quis
2049 1478 2387 1533 dubitationis
2416 1490 2495 1535 est
2528 1479 2713 1534 locus?
2756 1479 2845 1532 ubi
2874 1488 3054 1547 potest
3077 1476 3247 1532 adhuc
3274 1474 3461 1530 mortis

1907 1570 2142 1624 residere
2169 1569 2432 1623 formido?
2463 1570 2518 1624 Si
2545 1580 2833 1641 martyrum
2859 1583 3039 1623 sumus
3069 1568 3181 1631 ﬁlii,
3212 1567 3255 1619 si
3276 1579 3459 1620 eorum

1908 1658 2034 1711 socii
2056 1658 2295 1712 volumus
2322 1658 2562 1723 inveniri,
2605 1673 2710 1711 non
2738 1657 3109 1710 contristemur
3141 1660 3329 1716 morte,
3359 1665 3461 1704 non

1908 1747 2178 1815 lugeamus
2222 1760 2400 1810 caros,
2449 1747 2536 1815 qui
2585 1761 2681 1800 nos
2718 1744 3019 1815 praecedunt
3059 1744 3125 1797 ad
3162 1742 3460 1797 Dominum.

1909 1833 2037 1888 Nam
2068 1835 2111 1888 si
2151 1834 2395 1902 plangere
2426 1834 2778 1897 voluerimus,
2827 1834 2925 1901 ipsi
2966 1833 3114 1886 nobis
3143 1829 3468 1885 insultabunt

1911 1924 2049 1978 beati
2088 1934 2367 1992 martyres,
2412 1932 2465 1977 ct
2489 1923 2661 1977 dicent
2692 1940 2705 1974 :
2734 1923 2778 1976 Ο
2809 1922 2987 1976 ﬁdeles
3014 1922 3027 1973 ε
3072 1935 3105 1973 o
3129 1931 3347 1988 regnum
3371 1917 3465 1970 Dei

1911 2016 2181 2083 cupientes
2207 2014 2219 2067 !
2270 2028 2363 2067 vos
2403 2015 2490 2082 qui
2524 2029 2675 2068 caros
2700 2022 2904 2068 vestros
2934 2012 3156 2066 delicate
3182 2010 3467 2064 morientes

1914 2107 1965 2160 in
1997 2107 2143 2160 lectis
2175 2107 2350 2175 utique
2379 2113 2431 2158 et
2456 2107 2681 2175 plumis,
2723 2120 2841 2159 cum
2883 2118 3111 2158 mcerore
3139 2100 3384 2171 plangitis
3412 2108 3467 2151 et

1914 2194 2120 2264 lugetis,
2149 2196 2190 2248 si
2216 2210 2306 2249 eos
2336 2210 2364 2248 a
2389 2196 2667 2265 gentilibus
2688 2203 2901 2262 propter
2913 2207 3102 2247 nomen
3127 2190 3329 2244 Domini
3350 2203 3471 2242 eru-

1913 2283 2039 2337 eiari
2061 2292 2112 2337 et
2133 2282 2765 2351 interﬁcivideretis,quid
2782 2280 2965 2334 facturi
2981 2280 3165 2335 essetis
3186 2278 3208 2331 ?
3233 2279 3337 2331 Aut
3365 2292 3467 2329 non

1914 2375 2062 2428 vobis
2078 2375 2343 2442 praecessit
2361 2373 2691 2441 exemplum?
2712 2371 2971 2425 Abraham
2998 2366 3288 2437 patriarcha
3305 2366 3467 2421 ﬁlium

1916 2465 2127 2517 unicum
2155 2464 2381 2518 offerens
2401 2463 2717 2517 sacriﬁcium
2740 2503 2753 2526 ,
2784 2460 2955 2530 gladio
2982 2455 3467 2523 obedientitejugtt-

1916 2555 2038 2608 lavit
2067 2554 2213 2623 (Gen.
2242 2554 2330 2607 22.
2365 2554 2450 2623 10)
2485 2572 2497 2605 :
2526 2568 2621 2607 nec
2641 2553 2881 2619 ei,quem
2906 2558 3050 2602 tanto
3070 2561 3249 2600 amore
3268 2544 3469 2608 dilexit,

1917 2643 2214 2711 pepercit‘,
2264 2649 2319 2693 ut
2366 2642 2585 2693 Domino
2622 2639 2874 2691 obcdiens
2898 2637 3235 2705 probaretur.
3292 2631 3393 2687 Sed
3424 2632 3468 2685 si

1920 2732 2143 2795 dicatis,
2192 2731 2333 2783 illum
2381 2740 2597 2799 pr0pter
2641 2730 2731 2783 Dei
2766 2730 2863 2782 hoc
2890 2728 3077 2782 fecisse
3108 2734 3426 2797 pratceptum
3458 2738 3472 2774 :

1919 2830 1970 2875 et
1996 2835 2089 2875 vos
2112 2820 2312 2874 habetis
2343 2830 2679 2888 prtcceptum,
2709 2828 2765 2871 ut
2790 2833 2891 2871 non
2921 2819 3093 2871 tristes
3118 2817 3232 2870 sitis
3258 2816 3324 2868 de
3352 2814 3476 2867 dor-

1919 2911 2220 2965 mientibus.
2272 2910 2368 2976 Qui
2408 2926 2533 2979 ergo
2582 2910 2795 2964 minima
2840 2925 2943 2964 non
2989 2916 3228 2971 servant,
3276 2906 3472 2973 majora

1922 3001 2129 3070 quando
2158 3000 2480 3054 servabunt?
2528 3002 2607 3054 An
2652 3000 2894 3063 nescitis,
2933 2999 3053 3068 quia
3076 2999 3282 3051 animus
3311 2996 3394 3064 qui
3424 2995 3472 3047 in

1925 3092 2114 3144 talibus
2166 3089 2437 3159 frangitur,
2487 3089 2553 3142 ad
2596 3090 2815 3143 fortiora
2866 3089 3125 3156 reprobus
3174 3086 3474 3141 invenitur?

1924 3180 2053 3245 Quis
2078 3180 2266 3233 timens
2293 3180 2462 3232 rivum
2480 3219 2495 3243 ,
2536 3192 2680 3231 mare
2712 3177 3006 3246 aliquando
3034 3173 3363 3242 ingreditur?
3388 3172 3475 3227 Sic

1924 3268 2011 3336 qui
2042 3268 2238 3334 plangit
2269 3267 2602 3333 impatienter
2626 3266 2904 3326 amissum,
2948 3264 3157 3331 quando
3184 3262 3376 3331 poterit
3410 3262 3474 3313 ad

1926 3354 2159 3425 martyrii
2204 3354 2474 3423 pervenire
2516 3353 2819 3408 certamen?
2865 3352 2993 3405 Nam
3022 3353 3107 3418 qui
3138 3353 3189 3405 in
3232 3351 3313 3404 his
3348 3365 3478 3405 cono

1926 3454 2070 3497 stans
2108 3453 2158 3498 et
2206 3444 2565 3512 magnanimus
2610 3442 2845 3504 exsistit,
2890 3443 3000 3509 jam
3038 3441 3135 3495 sibi
3175 3440 3389 3510 gradum
3413 3439 3476 3492 ad

1927 3535 2130 3603 potiora
2158 3534 2461 3588 substernit.

2000 3625 2052 3677 6.
2100 3623 2366 3692 Egregium
2409 3622 2618 3675 Davidis
2662 3623 2958 3689 exemplum.
3026 3620 3193 3674 Vestes
3234 3620 3388 3690 nigra
3430 3618 3481 3670 in

1932 3712 2160 3765 luctibus.
2200 3742 2269 3751 —
2310 3711 2582 3766 Sufﬁciunt
2611 3716 2752 3776 tunc,
2802 3711 2987 3765 fratres
3009 3752 3021 3774 ,
3052 3710 3118 3764 ad
3145 3711 3328 3763 mortis
3356 3725 3482 3763 con-

1933 3812 2207 3870 temptum,
2231 3810 2283 3855 et
2300 3802 2362 3855 ad
2392 3803 2501 3869 spei
2527 3796 2712 3855 futura:
2735 3800 3205 3855 conﬁrmationem.
3231 3799 3486 3871 Superest

1932 3902 1989 3945 ut
2036 3907 2191 3944 unum
2236 3890 2303 3945 de
2348 3892 2611 3945 veteribus
2657 3891 2952 3959 exemplum
2994 3890 3291 3960 proferam,
3344 3886 3483 3956 quod

1932 3998 2141 4037 omnem
2168 3983 2576 4036 consolationem
2607 3982 2780 4047 faciat,
2816 3993 2868 4036 et
2890 3983 3027 4049 quod
3054 3983 3211 4036 etiam
3243 3980 3485 4048 patienti-

1932 4075 2029 4128 bus
2049 4074 2221 4127 cordis
2247 4073 2459 4126 auribus
2478 4073 2597 4125 volo
2626 4087 2808 4125 omnes
2829 4072 3029 4124 audire.
3072 4070 3229 4123 David
3260 4084 3352 4123 res
3376 4084 3486 4122 ma-

1932 4178 2064 4231 gnus
2088 4163 2249 4215 ﬁlium
2276 4162 2522 4214 dilectum
2544 4202 2558 4223 ,
2598 4175 2751 4229 quem
2792 4161 2925 4213 sicut
2958 4160 3185 4213 animam
3222 4158 3483 4227 propriam

1934 4252 2201 4319 diligebat,
2232 4250 2532 4303 inﬁrmitate
2567 4264 2871 4318 percussum
2934 4248 3385 4317 impatientissime
3412 4246 3486 4301 fe-

1935 4341 2083 4394 rebat
2113 4341 2185 4408 (2.
2220 4339 2343 4409 Reg.
2376 4338 2573 4394 12.16.
2604 4338 2759 4407 seqq.)
2793 4356 2805 4390 :
2849 4347 2901 4391 et
2940 4352 3060 4391 cum
3113 4337 3339 4391 humana
3377 4336 3485 4405 jatn

1937 4430 2126 4483 auxilia
2154 4430 2278 4481 nihil
2310 4428 2645 4496 prodessent,
2690 4429 2918 4495 seipsum
2942 4427 3200 4480 convertit
3222 4426 3286 4479 ad
3314 4426 3490 4479 Domi-

1939 4533 2083 4583 num,
2113 4518 2347 4585 deposita
2380 4516 2536 4584 regali
2573 4516 2754 4584 gloria,
2795 4515 2931 4568 sedit
2969 4515 3019 4567 in
3052 4523 3219 4579 terra,
3244 4513 3407 4581 jacuit
3436 4514 3486 4566 in

1938 4609 2127 4671 cilicio,
2152 4623 2254 4661 non
2274 4607 2620 4671 manducavit,
2644 4621 2746 4658 non
2770 4606 2919 4669 bibit,
2941 4615 3139 4671 septem
3162 4605 3345 4659 diebus
3365 4619 3487 4658 con-

1939 4700 2096 4751 tinuis
2142 4713 2296 4752 orans
2343 4698 2534 4759 Deum,
2588 4698 2632 4749 si
2682 4695 2814 4749 forte
2862 4696 2960 4749 sibi
3008 4696 3145 4748 ﬁlius
3184 4695 3488 4749 donaretur.

1939 4788 2285 4840 Accesserunt
2318 4786 2555 4838 seniores
2579 4783 2766 4836 domus
2793 4782 2905 4849 ejus
2928 4824 2943 4848 ,
2975 4782 3306 4837 consolantes
3333 4797 3489 4853 roga-

1940 4884 2127 4927 verunt
2152 4883 2207 4927 ut
2232 4888 2417 4941 panem
2451 4880 2700 4934 sumeret,
2726 4872 2875 4925 veriti
2907 4886 2972 4925 ne
3001 4870 3152 4935 forte,
3181 4871 3306 4924 dum
3330 4868 3491 4929 ﬁliuni

1942 4965 2095 5019 vellet
2120 4966 2325 5027 vivere,
2360 4962 2470 5029 ipse
2496 4970 2615 5014 ante
2644 4960 2909 5014 deﬁceret.
2954 4960 3065 5014 Non
3098 4968 3378 5029 potuerunt
3400 4970 3491 5012 ex-

1940 5062 2199 5121 torquere,
2243 5066 2348 5104 non
2386 5065 2605 5119 cogere;
2654 5065 2803 5103 amor
2845 5050 2985 5103 enim
3044 5050 3321 5119 impatiens
3358 5048 3492 5104 solet

1940 5142 2169 5211 pericula
2198 5141 2306 5208 ipsa
2336 5148 2693 5193 contemnere.
2741 5138 2887 5192 Jacet
2910 5154 3000 5193 rex
3029 5140 3079 5193 in
3105 5140 3347 5208 squalore
3380 5140 3493 5195 cili-

1939 5231 2007 5284 cii
2036 5236 2320 5300 :egrotante
2350 5228 2457 5282 ﬁlio
2486 5246 2497 5280 :
2528 5242 2623 5281 nec
2652 5228 2808 5280 verba
2838 5227 3037 5281 faciunt
3062 5229 3493 5295 consolationem,

1943 5334 2040 5374 nec
2082 5320 2193 5389 ipsa
2241 5331 2479 5373 escarum
2534 5317 2820 5371 necessitas
2863 5327 3034 5373 vocat.
3090 5319 3235 5374 Mens
3287 5320 3491 5375 tristitia

2010 5580 2023 5609 ί
2061 5583 2161 5635 ης..
2189 5589 2269 5626 nec
2294 5581 2419 5625 tanta
2441 5588 2572 5624 (inter
2598 5581 2821 5637 peperat.

3061 5643 3129 5701 19
