3990 6444
509 311 619 366 303

511 439 741 508 pascitur
765 441 802 506 ',
834 449 1014 510 pectus
1038 441 1220 496 dolore
1244 443 1496 508 reﬁcitur,
1523 444 1656 498 oeuli
1693 443 1951 514 lacrymas
1977 457 2073 511 pro

509 529 718 596 potibus
747 529 932 584 ﬂuunt.
965 529 1104 586 Inter
1133 531 1245 584 hate
1271 531 1462 585 factum
1490 541 1569 587 est
1601 533 1737 602 quod
1767 532 2073 586 decreverat

512 620 650 678 Deus
679 638 695 676 :
724 621 945 674 moritur
983 636 1134 691 puer.
1177 621 1322 676 Uxor
1364 623 1415 675 in
1452 623 1625 688 luctu,
1668 630 1776 676 tota
1805 621 1991 675 domus
2019 622 2068 674 in

512 710 740 778 planctu,
764 711 956 766 servuli
982 711 1172 781 pavidi,
1189 712 1312 781 quid
1334 713 1482 767 ﬁeret
1504 721 1855 768 exaestuantes
1879 730 1891 765 :
1916 725 2072 765 nemo

508 797 649 852 enim
678 797 905 852 audebat
928 798 1153 853 domino
1183 798 1343 853 ﬁlium
1370 811 1637 854 mortuum
1672 799 1916 853 nuntiare
1939 839 1954 863 ,
2002 799 2071 851 ti-

509 896 716 942 mentes
755 887 936 955 utique
957 928 972 953 ,
1013 903 1080 943 ne
1109 889 1197 944 ille
1221 889 1409 958 quisic
1437 891 1771 959 impatienter
1795 888 1966 942 adhuc
1997 888 2071 940 vi-

509 992 630 1030 vum
653 976 883 1046 lugebat,
906 977 950 1032 si
976 979 1207 1033 audisset
1225 989 1506 1046 mortuum,
1530 983 1649 1034 vitae
1674 979 1866 1035 faceret
1888 979 2067 1033 ﬁnem.

511 1066 644 1120 Dum
692 1077 935 1136 strepunt
979 1068 1161 1123 famuli
1189 1070 1325 1124 inter
1350 1084 1427 1133 se,
1455 1070 1578 1124 dum
1625 1070 1801 1124 tristes
1842 1070 1973 1122 alter
2006 1069 2070 1122 ad

508 1155 732 1209 alterum
757 1155 934 1212 dicere
959 1167 1048 1212 aut
1076 1158 1261 1213 suadet
1286 1169 1376 1212 aut
1405 1167 1578 1221 vetat,
1612 1159 1863 1212 intellexit
1886 1160 2066 1223 David,

508 1247 762 1313 praevenit
790 1249 1033 1315 nuntios,
1075 1264 1140 1303 an
1183 1251 1340 1304 vitam
1385 1250 1521 1303 ﬁlius
1561 1251 1863 1305 exhalasset
1910 1251 2072 1305 inter-

509 1344 676 1404 rogat.
719 1335 921 1404 Negare
946 1351 1049 1392 non
1079 1347 1328 1407 pessunt,
1358 1338 1551 1392 factum
1585 1338 1794 1394 ﬂetibus
1821 1341 2067 1395 indicant.

510 1423 593 1478 Fit
619 1440 906 1482 concursus
933 1429 1176 1482 insolitus
1203 1431 1244 1492 ί,
1291 1431 1616 1498 exspectatio
1644 1430 1856 1498 grandis
1881 1439 1934 1486 et
1960 1447 2071 1485 me-

510 1522 627 1578 tus,
667 1531 733 1570 ne
759 1516 879 1585 quid
909 1518 1007 1571 sibi
1039 1517 1256 1585 periculi
1283 1519 1399 1584 pius
1443 1527 1593 1586 pater
1643 1518 1856 1576 inferat.
1898 1520 2073 1589 Surgit

508 1605 760 1658 continuo
797 1619 890 1660 rex
931 1604 1092 1658 David
1120 1604 1186 1659 de
1223 1605 1394 1659 cilicio
1417 1647 1432 1670 ,
1475 1607 1641 1674 surgit
1676 1606 1889 1668 hilaris,
1923 1607 2070 1675 quasi

510 1692 672 1746 ﬁlium
711 1709 864 1748 suum
906 1693 1138 1750 audisset
1175 1695 1487 1749 incolumem
1521 1713 1534 1750 :
1567 1696 1705 1750 vadit
1734 1697 1799 1750 ad
1836 1696 2070 1760 balneas,

510 1780 651 1834 lavat
674 1783 1068 1851 corpusculum,
1110 1784 1252 1838 vadit
1275 1783 1342 1838 ad
1369 1786 1643 1852 templum,
1672 1785 1858 1838 adorat
1885 1786 2069 1851 Deum,

509 1870 753 1937 epulatur
785 1887 904 1926 cum
947 1873 1166 1938 amicis,
1211 1874 1532 1942 compressis
1571 1873 1830 1942 suspiriis,
1875 1875 2073 1943 gemitu

509 1960 656 2015 omni
683 1961 959 2031 deposito,
1001 1963 1147 2017 vultu
1170 1963 1279 2031 jam
1303 1965 1443 2017 laeto.
1494 1963 1747 2018 Mirantur
1773 1963 2070 2028 domestici,

510 2060 724 2120 stupent
766 2055 916 2106 amici
966 2069 1155 2108 novam
1201 2064 1254 2111 et
1297 2055 1523 2110 subitam
1571 2055 1968 2109 conversionem
1999 2054 2020 2085 ³
2056 2072 2069 2108 :

510 2142 703 2196 audent
730 2143 956 2213 denique
979 2145 1308 2214 interrogare
1332 2185 1346 2208 ,
1372 2145 1497 2214 quid
1526 2146 1624 2198 sibi
1653 2145 1816 2200 vellet
1851 2145 1950 2199 hoc
1970 2185 1985 2211 ,
2015 2153 2075 2198 ut

510 2247 628 2286 cum
655 2233 864 2288 vivente
893 2233 999 2288 ﬂlio
1027 2235 1103 2289 sic
1124 2234 1388 2302 doluerit,
1434 2246 1646 2289 mortuo
1687 2250 1791 2288 non
1829 2234 2075 2289 doleret?

514 2323 808 2393 Respondit
852 2326 930 2379 vir
981 2326 1070 2380 ille
1120 2325 1554 2396 magnanimitate
1597 2326 1932 2394 praecipuus:
1973 2325 2078 2380 Ne-

512 2428 664 2469 cesse
709 2415 806 2469 fuit
846 2429 964 2470 cum
992 2416 1162 2470 adhuc
1187 2417 1388 2471 viveret
1411 2416 1551 2470 ﬂlius
1573 2456 1589 2482 ,
1619 2425 1673 2470 et
1699 2414 1995 2478 humiliari,
2024 2423 2078 2469 et

508 2506 752 2575 jejunare
772 2547 786 2570 .
826 2516 880 2561 et
909 2507 1087 2576 lugere
1117 2508 1168 2560 in
1197 2515 1481 2575 conspectu
1510 2505 1748 2570 Domini;
1795 2513 1908 2560 erat
1936 2505 2075 2559 enim

514 2610 636 2665 spes
661 2596 972 2667 impetrandi
1010 2604 1337 2651 commeatus
1363 2595 1483 2649 vita:
1514 2612 1528 2648 :
1560 2603 1615 2649 at
1646 2608 1773 2649 vero
1803 2601 2076 2664 postquam

513 2687 755 2741 voluntas
787 2687 990 2740 Domini
1034 2685 1168 2740 facta
1208 2695 1322 2750 est,
1363 2685 1579 2740 stultum
1624 2691 1708 2739 est
1741 2691 1796 2738 et
1833 2684 2073 2752 impium,

515 2778 747 2831 animum
787 2777 1160 2831 lamentatione
1199 2774 1366 2830 inutili
1411 2775 1664 2829 macerari
1697 2789 1713 2828 :
1745 2773 1821 2828 sic
1859 2772 2075 2827 dicens:

520 2867 627 2937 Ego
650 2867 730 2919 ibo
760 2867 826 2919 ad
851 2867 1012 2931 illum,
1039 2864 1126 2918 ille
1151 2881 1250 2918 non
1277 2873 1542 2918 revertetur
1568 2863 1635 2915 ad
1650 2878 1726 2916 me
1746 2862 1820 2933 (9..
1840 2862 1965 2932 Reg.
1987 2859 2072 2914 12.

514 2957 630 3027 28).
681 2957 819 3011 Ecce
861 2955 1158 3023 exemplum
1187 2953 1631 3023 magnanimitatis
1658 2960 1819 3021 atque
1845 2949 2071 3004 virtutis.

515 3047 663 3114 Quod
692 3047 734 3100 si
763 3046 850 3100 ille
880 3045 1040 3099 David
1059 3085 1076 3112 ,
1105 3044 1277 3099 adhuc
1299 3044 1397 3098 sub
1425 3043 1539 3112 lege
1575 3042 1775 3112 positus
1797 3081 1813 3106 ,
1843 3039 1943 3095 sub
1966 3040 2074 3104 illa,

517 3152 620 3190 non
646 3137 763 3190 dico
792 3135 1031 3200 licentia,
1079 3134 1172 3188 sed
1209 3134 1523 3189 necessitate
1549 3131 1974 3195 lamentationis,
1999 3129 2078 3184 sic

517 3225 749 3280 animum
776 3239 805 3277 a
830 3225 971 3279 luctu
989 3223 1330 3278 irrationabili
1352 3222 1615 3292 separavit
1635 3221 1676 3287 ⁵,
1705 3221 1783 3276 sic
1813 3220 2074 3274 tristitiam

517 3333 665 3373 suam
694 3331 1015 3386 suorumque
1042 3315 1361 3385 compescuit
1394 3333 1408 3368 :
1431 3328 1527 3367 nos
1554 3313 1642 3383 qui
1663 3312 1771 3381 jam
1793 3311 1890 3365 sub
1913 3311 2076 3380 gratia

517 3422 697 3461 smnus
722 3448 734 3468 .
766 3406 866 3460 sub
891 3413 1035 3460 certa
1058 3421 1151 3474 spe
1191 3402 1593 3458 resurrectionis
1616 3439 1632 3465 ,
1678 3400 1870 3468 quibus
1905 3399 2076 3452 omnis
2115 3397 2119 3402 ’

519 3496 723 3550 tristitia
746 3494 1096 3554 interdicitur.
1127 3508 1229 3563 qua
1259 3493 1427 3545 fronte
1454 3502 1690 3544 mortuos
1714 3498 1922 3542 nostros
1948 3503 2078 3556 gen-

520 3587 684 3640 tilium
714 3599 860 3640 more
898 3583 1223 3652 plangimus,
1269 3581 1496 3634 ululatus
1526 3581 1740 3633 insanos
1765 3576 2074 3639 attollimus,

520 3676 674 3730 veluti
704 3674 808 3728 alio
846 3687 1039 3743 genere
1082 3671 1398 3725 bacchantes
1418 3710 1432 3733 ,
1467 3668 1748 3723 conscissis
1771 3665 1958 3720 tunicis
1984 3679 2076 3732 pe-

517 3773 660 3818 ctora
685 3763 962 3826 nudanms,
993 3761 1151 3815 verba
1179 3759 1349 3812 inania
1375 3765 1429 3812 et
1459 3759 1658 3809 nmnias
1685 3757 1822 3809 circa
1845 3755 1867 3786 ⁸
1887 3768 2079 3821 corpus

519 3864 574 3908 et
606 3854 861 3908 tumulum
899 3849 1133 3904 defuncti
1157 3847 1460 3903 cantamus?
1487 3847 1760 3900 Postremo
1789 3845 1947 3899 etiam
1978 3859 2078 3911 qua

521 3947 722 4001 ratione
765 3954 936 4000 vestes
966 3943 1142 4014 nigras
1171 3942 1416 4011 tingimus
1439 3980 1453 4003 ,
1487 3939 1584 3992 nisi
1613 3947 1670 3991 ut
1707 3951 1804 3991 nos
1846 3952 1972 3990 vere
2000 3937 2079 3988 in-

522 4036 702 4090 ﬁdeles
744 4044 796 4088 et
838 4034 1061 4088 miseros
1087 4047 1191 4086 non
1240 4041 1439 4084 tantum
1489 4027 1733 4087 ﬂetibus,
1783 4024 1877 4080 sed
1919 4026 2077 4080 etiam

521 4125 753 4180 vestibus
777 4121 1166 4191 approbemus?
1197 4123 1375 4175 Aliena
1403 4125 1526 4173 sunt
1555 4119 1651 4172 ista
1676 4158 1691 4183 ,
1719 4115 1910 4171 fratres
1929 4159 1942 4178 ,
1986 4129 2080 4169 ex-

523 4225 703 4268 tranea
725 4219 864 4277 sunt,
893 4226 998 4265 non
1025 4211 1185 4265 licent
1215 4227 1228 4261 :
1260 4219 1312 4264 et
1341 4211 1383 4263 si
1410 4210 1648 4272 licerent,
1679 4221 1781 4260 non
1809 4205 2077 4259 decereut.

519 4305 624 4361 Sed
655 4304 948 4374 aliquantus
973 4301 1041 4356 de
1071 4301 1318 4355 fratribus
1345 4309 1398 4353 et
1436 4299 1704 4353 sororibus
1725 4339 1739 4356 .
1791 4297 1914 4350 licet
1951 4296 2080 4347 iitiCS

522 4395 733 4465 propria
761 4404 814 4448 et
844 4402 1163 4463 przcccptum
1193 4391 1394 4444 Domini
1419 4389 1582 4443 fortes
1600 4390 1772 4453 faciat,
1805 4395 2078 4456 parentum

526 4494 701 4538 tamen
743 4491 796 4538 et
843 4482 1130 4537 vicinorum
1172 4479 1348 4546 Opinio
1385 4478 1622 4531 debilitat
1663 4486 1715 4530 et
1751 4475 1983 4545 frangit:
2019 4492 2082 4528 nc

530 4574 720 4643 lapidei
746 4583 798 4628 et
837 4573 1077 4627 crudeles
1119 4571 1445 4640 iudicentur,
1490 4568 1531 4620 si
1570 4567 1899 4636 pepercerim
1925 4568 2083 4619 vesti-

530 4672 709 4718 mento
737 4662 779 4724 ',
823 4661 868 4714 si
908 4676 1011 4715 non
1056 4660 1253 4713 insanis
1282 4657 1506 4712 luctibus
1533 4655 1724 4708 fuerint
1749 4654 2079 4707 debacchati.

531 4757 595 4808 Et
619 4755 719 4807 hoc
743 4767 897 4822 quam
928 4765 1119 4804 vanum
1144 4758 1259 4813 est,
1305 4762 1462 4816 quam
1509 4747 1760 4813 ineptum,
1809 4744 2083 4811 opinionvs

529 4843 798 4901 hominum
825 4841 1112 4894 errantium
1143 4837 1390 4906 cogitare,
1417 4844 1470 4888 ct
1499 4849 1599 4886 non
1637 4833 1834 4895 timere,
1868 4845 1934 4883 ne
1963 4831 2083 4898 quid

530 4937 701 4989 minus
729 4932 883 4986 faciat
903 4931 970 4984 de
1001 4929 1101 4982 iide
1126 4942 1278 4996 quam
1305 4925 1566 4993 suscepit!
1596 4923 1767 4987 Quare
1795 4935 1897 4973 non
1921 4919 2086 4986 magis

531 5026 682 5077 discit
713 5021 1041 5077 tolerantiam
1083 5018 1170 5073 ille
1195 5018 1280 5086 qui
1309 5016 1430 5068 talis
1457 5015 1579 5067 est?
1617 5026 1779 5081 quare
1807 5025 1912 5063 non
1944 5026 1974 5062 a
2003 5024 2087 5064 me

596 5180 609 5206 ι
649 5176 782 5232 Editi,
824 5170 1075 5222 ncccsxitas
1094 5167 1315 5232 qt'ocqvit,
1355 5165 1596 5232 tristitiam
1629 5163 1826 5226 patitur,
1844 5171 1916 5232 .et
1946 5176 2087 5232 mox,

531 5233 656 5285 oculi
679 5223 902 5296 tacrymis
915 5230 1183 5293 perpetibus
1201 5223 1373 5291 ﬂuunt.
1402 5227 1535 5275 infra
1556 5223 1689 5283 vero,
1716 5224 1913 5273 Domino
1937 5223 2089 5278 lilium

531 5296 1045 5353 mortuumrtomt'nnre-
1207 5347 1234 5353 ,,
1351 5348 1374 5353 _
1415 5347 1433 5353 ,
1629 5342 1632 5346 .
1670 5344 1715 5353 .,

596 5341 617 5386 ἱ
640 5341 752 5413 iis,
777 5352 854 5403 Fit
873 5363 1128 5401 concursus
1149 5347 1328 5398 solitus.
1351 5347 1499 5404 Infra,
1523 5359 1579 5394 ne
1602 5342 1715 5406 quid
1733 5343 1822 5394 sibi
1836 5341 1925 5406 ﬁlii
1943 5342 2091 5404 ipsius

573 5423 686 5463 £161“.

535 5429 567 5476 ρ
584 5429 756 5529 ierim.
781 5469 1194 5528 conversationem,
1219 5471 1374 5517 minus
1395 5474 1550 5526 recte,
1574 5467 1621 5514 ni
1645 5465 1796 5513 fallor.

599 5537 620 5565 ⁸
654 5537 786 5589 aditi,
810 5530 1062 5594 superavit.

598 5597 620 5626 ⁸
656 5604 753 5650 κιεη
776 5599 820 5642 et
838 5591 956 5641 rium
978 5591 1123 5640 circa.

603 5661 623 5690 ⁸
649 5648 779 5713 llazc,
805 5653 847 5703 si
869 5663 1080 5715 νίφοντος
1095 5651 1161 5699 int
1189 5650 1468 5708 l'C’L‘iililt‘llln,
1493 5648 1658 5696 desunt
1691 5648 1733 5695 in
1761 5654 1836 5693 \ts.

1059 306 1113 362 S.
1147 303 1432 360 JOANNIS
1462 300 1950 358 CIIRYSOSTOMI
1991 302 2309 360 ARCHIEP.
2350 302 2457 359 CP.
2490 301 2577 358 DE
2606 303 2893 362 CONSOL.
2935 307 3211 365 MORTIS.

3638 319 3747 373 304

2175 441 2330 497 discit
2371 441 2529 497 ﬁdem
2568 441 2658 499 ille
2695 445 2783 513 qui
2832 443 3024 500 dubius
3067 445 3189 500 est?
3239 443 3464 512 Quando
3497 446 3657 501 etiam
3687 447 3734 502 si

2177 539 2353 585 tantus
2390 531 2458 584 sit
2512 531 2664 585 dolor
2712 533 2969 601 ejusmodi
3022 535 3282 601 pectoris,
3340 535 3498 588 tacite
3544 535 3742 590 debeat

2177 621 2371 673 luctum
2407 635 2564 674 sensu
2601 621 2919 691 digerere‘,
2962 629 3018 678 et
3045 639 3150 678 non
3191 624 3406 679 levitate
3448 624 3532 678 sui
3573 624 3737 678 animi

2176 708 2462 776 publicare.

2244 799 2297 851 7.
2327 797 2532 853 Ethnici
2562 801 2734 855 audita
2758 801 2855 869 ﬁlii
2885 811 3040 858 morte
3080 801 3286 856 dictum.
3315 800 3603 872 Plaugendi
3628 802 3741 856 etho

2176 889 2310 953 nisi,
2381 888 2583 953 Judaei,
2649 899 2695 944 et
2739 892 3075 945 catechumeni
3120 893 3402 945 morientes.
3448 920 3520 932 -
3562 891 3738 947 Unum

2176 976 2347 1031 adhuc
2377 979 2499 1032 volo
2538 993 2834 1049 proponere
2861 981 3157 1049 exemplum
3185 982 3249 1035 ad
3279 979 3618 1050 corrigendos
3645 993 3742 1034 eos

2175 1065 2262 1134 qui
2290 1066 2459 1136 plangi
2491 1077 2726 1122 mortuos
2753 1070 3091 1124 arbitrantur.
3130 1070 3440 1139 Exemplum
3470 1079 3644 1124 autem
3672 1069 3743 1124 de

2177 1171 2497 1225 paganorum
2536 1159 2752 1213 historia
2791 1167 2889 1214 est.
2926 1159 3045 1214 Fuit
3071 1161 3281 1230 quidam
3313 1161 3554 1229 princeps
3576 1175 3742 1230 paga—

2179 1261 2274 1301 nus
2320 1245 2427 1318 (a),
2468 1249 2555 1317 qui
2599 1249 2824 1304 habebat
2860 1249 3023 1304 ﬁlium
3062 1251 3308 1316 unicum,
3337 1251 3570 1319 satisque
3605 1249 3742 1303 dile-

2176 1345 2339 1390 ctum.
2376 1336 2482 1392 Hic
2523 1353 2642 1391 cum
2681 1338 2734 1390 in
2762 1338 3018 1407 Capitolio
3047 1339 3198 1392 idolis
3224 1339 3330 1392 suis
3355 1339 3534 1407 gentili
3559 1352 3744 1394 errore

2177 1425 2529 1492 sacriﬁcaret,
2572 1427 2842 1480 nuntiatur
2883 1428 2937 1481 ei
2978 1427 3116 1496 quod
3154 1427 3292 1481 ﬁlius
3316 1427 3402 1481 ille
3431 1427 3617 1482 unicus
3641 1427 3742 1481 de-

2180 1512 2364 1568 fuisset
2414 1513 2510 1585 (b).
2549 1513 2664 1567 Non
2697 1515 2905 1584 reliquit
2931 1529 3100 1581 sacra,
3123 1531 3238 1585 qua:
3258 1515 3474 1585 gerebat
3493 1517 3547 1569 in
3567 1517 3742 1569 mani-

2178 1605 2306 1669 bus,
2358 1619 2460 1658 non
2507 1605 2851 1675 lacrymavit,
2897 1620 2996 1660 nec
3038 1606 3253 1660 omnino
3289 1605 3572 1675 suspiravit
3602 1622 3615 1657 :
3644 1605 3740 1659 sed

2178 1694 2301 1764 quid
2343 1694 2641 1762 respondit,
2682 1694 2859 1749 audite
2891 1695 3254 1763 :Sepeliatur,
3291 1696 3495 1764 inquit;
3524 1695 3739 1750 memini

2178 1785 2317 1838 enim
2342 1800 2426 1840 me
2453 1785 2610 1839 ﬁlium
2642 1786 2885 1855 genuisse
2913 1786 3206 1840 mortalem.
3239 1785 3372 1840 Vide
3391 1799 3736 1854 responsum,

2178 1875 2297 1927 vide
2340 1875 2567 1928 hominis
2609 1876 2794 1945 pagani
2832 1875 3075 1930 virtutem
3098 1915 3113 1940 ,
3147 1884 3203 1929 ut
3236 1889 3333 1930 nec
3365 1875 3656 1944 exspectari
3681 1889 3741 1929 se

2174 1961 2424 2031 jusserit,
2455 1965 2535 2016 vel
2565 1974 2621 2016 ut
2645 1975 2904 2033 praesente
2933 1979 2991 2018 se
3020 1965 3303 2034 sepulturae
3333 1965 3469 2020 filius
3499 1966 3739 2020 traderc~

2182 2060 2284 2105 tur.
2331 2052 2462 2120 Quid
2500 2054 2700 2122 agimus
2721 2094 2735 2117 ,
2768 2053 2985 2117 fratres,
3016 2055 3060 2108 si
3089 2055 3327 2109 diabolus
3358 2056 3495 2110 hunc
3521 2056 3570 2108 in
3599 2056 3737 2109 diem

2175 2141 2358 2210 judicii
2403 2157 2579 2196 coram
2623 2141 2832 2196 Christo
2873 2151 3056 2196 contra
3094 2157 3190 2197 nos
3217 2144 3465 2212 producat
3491 2153 3540 2197 et
3565 2143 3738 2210 dicat,

2181 2229 2278 2284 Hie
2323 2245 2470 2285 meus
2515 2229 2720 2294 cultor,
2771 2246 2927 2301 quem
2961 2247 3059 2301 ego
3097 2233 3374 2301 praestigiis
3413 2232 3737 2300 decipiebant

2181 2321 2349 2386 meis,
2394 2330 2451 2374 ut
2479 2321 2701 2376 serviret
2725 2322 2878 2376 ctecis
2907 2330 2958 2376 et
2985 2323 3156 2376 surdis
3180 2322 3471 2376 simulacris
3491 2361 3504 2383 ,
3533 2322 3616 2376 cui
3643 2335 3742 2390 ego

2181 2426 2280 2466 nec
2326 2413 2767 2466 resurrectionem
2807 2427 2837 2466 a
2873 2413 3092 2465 mortuis
3114 2451 3130 2476 ,
3159 2427 3255 2466 nec
3281 2412 3576 2481 paradisum
3601 2427 3742 2477 ,-nec

2181 2502 2429 2557 canorum
2482 2517 2638 2571 regna
2668 2502 3011 2571 promiseram
3037 2541 3051 2566 ,
3080 2501 3163 2554 hic
3187 2500 3276 2554 ﬁlii
3305 2501 3496 2554 nobilis
3523 2502 3732 2570 sapiens

2183 2594 2320 2647 unici
2347 2601 2570 2647 mortem
2603 2607 2702 2647 nec
2728 2591 2895 2646 doluit
2921 2605 3019 2645 nec
3047 2591 3295 2660 ingemuit
3320 2632 3335 2657 ,
3365 2606 3462 2645 nec
3494 2592 3578 2644 tali
3609 2608 3740 2645 nun-

2185 2683 2258 2737 tio
2303 2698 2418 2736 mea
2461 2697 2608 2735 sacra
2635 2682 2869 2737 deseruit
2898 2698 2910 2733 :
2941 2682 3014 2734 tui
3042 2691 3214 2735 autem
3244 2681 3560 2743 Christiani,
3590 2682 3662 2734 tui
3692 2683 3743 2733 ﬁ-

2182 2771 2330 2826 deles
2354 2813 2368 2836 ,
2419 2787 2512 2841 pro
2555 2772 2745 2841 quibus
2773 2771 2890 2826 idco
2921 2771 3199 2826 cruciﬁxus
3224 2780 3274 2824 et
3295 2783 3536 2826 mortuus
3565 2786 3622 2825 es
3645 2813 3658 2834 ,
3688 2787 3742 2824 ut

2183 2868 2408 2915 mortem
2431 2861 2528 2928 ipsi
2551 2875 2653 2914 non
2679 2862 2942 2924 timerent,
2966 2860 3055 2914 sed
3072 2871 3249 2913 essent
3269 2859 3335 2913 de
3356 2862 3743 2915 resurrectione

2181 2952 2353 3006 securi
2381 2992 2395 3014 ,
2423 2966 2527 3004 non
2558 2950 2726 3003 solum
2753 2950 2924 3018 lugent
2950 2957 3184 3002 mortuos
3211 2958 3266 3002 et
3291 2961 3419 3002 voce
3445 2956 3498 3002 et
3529 2948 3739 3012 habitu,

2182 3043 2276 3098 sed
2319 3042 2477 3096 etiam
2502 3043 2567 3094 ad
2595 3042 2868 3097 ecclesiam
2895 3039 3184 3109 procedere
3208 3038 3619 3104 confunduntur,
3643 3039 3742 3092 ali-

2180 3132 2364 3203 quanti
2415 3132 2576 3186 etiam
2619 3132 2717 3200 ipsi
2754 3130 2933 3184 clerici
2962 3131 3033 3184 tui
3059 3139 3111 3184 et
3136 3138 3372 3197 pastores
3398 3129 3740 3185 ministerium

2182 3239 2336 3279 suum
2368 3222 2718 3276 intermittunt
2742 3262 2757 3287 ,
2784 3229 3030 3275 vacantes
3052 3221 3233 3286 luctui,
3256 3221 3404 3290 quasi
3436 3220 3743 3275 insultantes

2185 3326 2286 3369 tum
2313 3314 2607 3369 voluntati?
2635 3313 2851 3380 Quare?
2875 3312 3004 3378 Quia
3036 3327 3168 3381 quos
3188 3313 3395 3366 voluisti
3421 3352 3435 3378 ,
3467 3311 3534 3366 de
3561 3313 3740 3366 saeculi

2182 3407 2403 3476 caligine
2431 3405 2496 3458 ad
2536 3413 2587 3458 te
2618 3403 2833 3458 vocasti.
2859 3401 2994 3469 Quid
3012 3401 3075 3456 ad
3107 3402 3219 3456 lucc
3245 3402 3566 3471 respondere
3593 3412 3744 3471 pote-

2183 3496 2385 3558 rimus,
2433 3493 2662 3548 fratres?
2708 3493 2889 3545 Nonne
2927 3489 3166 3544 confusio
3207 3505 3303 3544 nos
3350 3489 3740 3559 apprehendet,

2183 3596 2303 3638 cum
2349 3584 2400 3635 in
2444 3582 2541 3635 hac
2568 3589 2717 3649 parte
2741 3579 3016 3634 inferiores
3042 3578 3285 3648 gentibus
3315 3579 3646 3632 invenimur?
3680 3579 3745 3632 Et

2185 3673 2362 3742 utique
2403 3671 2579 3740 lugere
2622 3670 2780 3724 debet
2825 3683 3074 3739 paganus,
3117 3669 3203 3737 qui
3250 3668 3490 3723 nesciens
3539 3668 3741 3732 Deum,

2187 3778 2308 3817 mox
2335 3772 2390 3815 ut
2419 3760 2659 3825 moritur,
2691 3769 2837 3814 recto
2857 3773 3013 3813 cursu
3036 3758 3279 3827 pergitad
3307 3773 3536 3826 ptenam.
3563 3758 3744 3826 Plangi

2184 3851 2340 3906 debet
2385 3851 2634 3914 Judmus,
2685 3850 2770 3919 qui
2817 3847 3024 3903 Christo
3070 3863 3172 3902 non
3215 3847 3473 3910 credens,
3515 3846 3743 3901 animam

2185 3957 2334 3996 suam
2377 3941 2655 4011 perditioni
2701 3939 2986 4007 deputavit.
3038 3938 3327 3992 Dolendum
3371 3946 3451 3989 est
3497 3937 3648 4004 plane
3675 3937 3746 3991 de

2185 4032 2578 4088 calochumenis
2623 4030 2817 4082 nostris
2839 4069 2854 4092 ,
2911 4028 2954 4081 si
2984 4036 3073 4080 aut
3100 4041 3192 4080 sua
3223 4027 3586 4080 incredulitate
3609 4067 3622 4089 ,
3654 4037 3746 4079 aut

2187 4123 2499 4193 negligentia
2548 4121 2938 4189 proximorum,
2979 4118 3094 4171 sine
3133 4118 3389 4186 baptismo
3426 4117 3638 4170 salutari
3667 4133 3747 4170 re-

2186 4213 2463 4269 cesserint.
2497 4211 2756 4264 Caeterum
2785 4207 2873 4276 qui
2899 4207 3253 4260 sanctiﬁcatus
3277 4207 3439 4273 gratia
3463 4246 3477 4268 ,
3507 4207 3745 4273 signatus

2190 4302 2291 4354 fide
2316 4340 2331 4364 ,
2355 4298 2755 4354 conversatione
2773 4296 3050 4364 probatus,
3073 4299 3156 4350 vel
3181 4295 3473 4349 innocentia
3501 4310 3743 4359 securus,

2187 4392 2253 4446 de
2278 4391 2377 4444 hoc
2406 4388 2600 4443 mundo
2625 4387 2820 4440 recedit
2846 4426 2860 4448 .
2887 4385 3282 4440 beatiﬁcandus
3301 4394 3401 4449 est,
3431 4400 3532 4438 non
3563 4386 3746 4452 ingen-

2188 4481 2313 4545 dus;
2342 4476 2735 4538 desiderandus,
2757 4487 2858 4527 non
2876 4474 3234 4543 plangendus;
3255 4472 3345 4526 sed
3367 4473 3748 4528 desiderandus

2189 4585 2307 4624 cum
2337 4566 2697 4620 moderatione
2721 4602 2735 4625 ,
2762 4579 2881 4617 cum
2909 4565 3134 4616 sciamus
3161 4576 3256 4615 nos
3282 4562 3423 4630 ipsos
3451 4563 3745 4616 accedenti-

2190 4661 2287 4714 bus
2316 4659 2643 4724 temporibus
2665 4664 3010 4725 sequuturos.

2260 4751 2312 4803 8.
2342 4747 2566 4800 Tristitia
2593 4746 2824 4798 salutaris
2848 4761 3092 4812 quamam.
3115 4775 3184 4784 —
3206 4745 3375 4811 Terge
3404 4745 3558 4812 igitur
3585 4744 3748 4813 lacry-

2191 4850 2306 4891 mas
2327 4876 2342 4900 ,
2378 4835 2665 4888 intermitte
2694 4834 2916 4899 suspiria
2938 4874 2951 4896 ,
2981 4848 3259 4900 compesce
3279 4833 3500 4901 gemitus
3523 4872 3538 4894 ,
3560 4846 3592 4885 o
3617 4833 3748 4884 iide-

2193 4926 2258 4979 lis
2281 4963 2296 4988 ,
2341 4931 2392 4977 et
2433 4937 2528 4990 pro
2567 4921 2665 4973 hac
2690 4921 2896 4974 tristitia
2926 4921 3210 4974 salutarem
3238 4921 3375 4975 illam
3405 4921 3559 4973 indue
3590 4921 3752 4971 tristi-

2193 5016 2318 5070 tiam
2343 5055 2358 5080 ,
2386 5015 2564 5082 utique
2590 5027 2743 5081 quam
2769 5008 3242 5078 beatusApostolus
3266 5010 3553 5063 secundum
3586 5010 3748 5062 Deum

2193 5121 2313 5160 esse
2351 5101 2662 5156 memoravit
2685 5142 2697 5163 ,
2719 5114 2836 5167 quae
2863 5099 3085 5151 salutem
3115 5097 3354 5151 stabilem
3378 5097 3515 5151 solet
3541 5099 3748 5164 operati

2195 5195 2252 5266 (2
2270 5195 2384 5248 Cor.
2405 5193 2457 5244 Ἰ,
2481 5189 2592 5259 l0);
2617 5189 2793 5257 utique
2817 5185 3172 5254 pmnitentiam
3195 5183 3479 5237 facinorum
3501 5183 3754 5236 comatis“

2194 5301 2393 5341 sorum.
2433 5283 2677 5337 Scrutare
2702 5288 2885 5348 pectus
2914 5286 3057 5330 tuum
3083 5316 3098 5341 ,
3126 5278 3389 5343 propriam
3423 5276 3752 5341 interrogans

2259 5397 2274 5427 ι
2311 5394 2513 5448 Habent,
2539 5388 2764 5451 dirigere.
2792 5386 2906 5451 Editi
2958 5393 3172 5440 veteres,
3196 5386 3276 5443 qui
3317 5396 3425 5430 mox
3454 5382 3620 5436 verbo,
3670 5394 3755 5440 pa-

2196 5456 2388 5509 bticqre,
2413 5449 2685 5501 sermonem
2709 5449 2971 5510 claudunt._
3169 5503 3181 5510 _
3224 5503 3234 5510 _
3423 5502 3432 5510 _

2226 5498 2636 5618 kilutartlzlujts
2679 5511 2728 5557 iu
2768 5508 3002 5556 Laconicis
3045 5501 3526 5565 Apopbthegmatilms
3563 5515 3606 5562 p.
3646 5498 3754 5560 sas,

2224 5586 2328 5618 nus
2373 5586 2501 5618 .mtts
2546 5585 2628 5616 .:..

2199 5582 2923 5696 1“ei:‘iioi'ilgfdzhutctusesset
2949 5623 3045 5687 [vel
3071 5623 3354 5684 defecisset].
