3990 6426
244 405 355 461 305

237 508 614 564 conscientiam
636 546 651 572 ,
685 513 738 561 et
760 506 804 561 si
835 505 1067 560 invenias
1086 503 1279 573 aliquid
1303 504 1658 573 panitendum
1682 506 1789 574 (in-

238 598 416 651 venies
453 605 629 651 autem
671 610 790 649 cum
816 597 888 649 sis
916 593 1092 665 homo)
1116 634 1131 658 ,
1163 593 1310 647 trahe
1335 595 1553 662 suspiria
1581 596 1633 649 in
1661 610 1789 649 con-

236 684 467 738 fessione
487 725 502 749 ,
544 684 705 737 funde
733 684 990 753 lacrymas
1020 684 1072 737 in
1098 685 1335 737 oratione
1354 723 1369 749 ,
1399 694 1513 739 esto
1539 686 1791 740 sollicitus

235 774 301 828 de
344 784 515 828 morte
561 773 646 826 illa
681 788 801 827 vera
825 813 839 837 ,
871 773 936 826 de
966 788 1118 840 paena
1143 775 1330 826 anima:
1350 813 1366 838 ,
1396 784 1512 828 erto
1537 775 1790 829 sollicitus

236 862 301 916 de
345 873 593 930 peccato,
641 862 775 915 sicut
816 862 973 913 David
1007 861 1131 914 dicit
1165 878 1179 913 :
1226 861 1790 930 Quoniamiuiquitatem

238 967 393 1003 meam
420 951 704 1019 pronuntio,
733 960 775 1002 et
802 950 1041 1002 sollicitus
1060 964 1143 1001 ero
1172 965 1260 1017 pro
1282 959 1478 1015 peccato
1498 965 1603 1001 meo
1622 948 1787 1018 (Psal.

236 1038 323 1093 50.
353 1040 407 1107 5)
440 1056 451 1091 :
497 1049 551 1093 et
591 1053 693 1091 non
718 1038 783 1091 de
825 1037 1062 1106 corporis
1088 1036 1241 1104 hujus
1266 1036 1528 1090 solutione
1554 1037 1791 1090 terrebe-

237 1128 344 1192 ris,
380 1128 516 1197 quod
549 1142 643 1181 suo
666 1136 898 1195 tempore
926 1127 975 1177 in
1004 1126 1217 1189 melius,
1250 1126 1356 1179 Deo
1376 1125 1620 1193 jubente,
1644 1141 1793 1193 repa-

236 1218 458 1270 rabitur.
488 1214 621 1268 Vide
656 1212 1093 1282 quemadmodum
1130 1222 1407 1281 utrumque
1431 1214 1687 1266 sententia
1713 1212 1793 1266 di-

238 1307 357 1359 vina
403 1304 675 1372 complexa
717 1312 832 1367 est,
874 1302 1085 1367 dicens,
1139 1301 1279 1353 Venit
1317 1303 1474 1365 liora,
1518 1316 1631 1352 cum
1660 1317 1794 1352 mor-

237 1395 308 1445 tui
324 1433 341 1458 ,
386 1392 474 1460 qui
513 1401 628 1445 sunt
657 1392 707 1443 in
737 1388 1092 1450 monumentis.
1123 1398 1374 1457 resurgent
1399 1388 1573 1458 (Joan.
1600 1390 1650 1443 5.
1677 1389 1789 1459 28).

237 1486 373 1540 Ecce
398 1484 650 1538 securitas
668 1521 684 1547 ,
706 1496 828 1535 ecce
848 1489 1175 1547 contemptus
1200 1480 1405 1533 mortis.
1434 1479 1536 1533 Sed
1561 1480 1683 1548 quid
1709 1494 1794 1533 se-

232 1573 454 1642 quitur?
485 1573 582 1638 Qui
608 1571 736 1624 bona
757 1573 1007 1639 fecerunt,
1035 1570 1086 1620 in
1111 1569 1510 1621 resurrectionem
1539 1568 1685 1630 vita;
1710 1569 1792 1633 qui

231 1674 405 1715 autem
433 1662 568 1715 mala
600 1670 798 1729 egerunt
823 1699 837 1726 ,
857 1660 907 1712 in
933 1659 1332 1711 resurrectionem
1346 1658 1529 1726 judicii
1556 1657 1711 1726 (Ibid.
1740 1674 1788 1711 υ.

229 1751 349 1821 29).
396 1750 531 1803 Ecce
574 1748 848 1801 diversitas
884 1746 1284 1815 resurgentium.
1333 1746 1552 1800 Omnem
1581 1747 1788 1815 quidem

238 1853 455 1893 necesse
486 1847 565 1891 est
613 1851 823 1889 carnem
860 1849 1131 1902 resurgere
1161 1834 1431 1887 dumtaxat
1460 1835 1742 1888 humanam
1774 1852 1788 1888 :

237 1927 330 1981 sed
396 1927 563 1981 bonus
626 1933 863 1993 resurget
902 1924 966 1977 ad
1004 1924 1199 1988 vitam,
1243 1925 1411 1977 malus
1445 1934 1677 1993 resurget
1727 1923 1791 1977 ad

239 2031 447 2084 pmnam
478 2056 493 2080 ,
524 2016 660 2068 sicut
685 2014 932 2081 scriptum
973 2021 1055 2067 est
1090 2031 1101 2065 :
1131 2012 1257 2065 Ideo
1285 2028 1386 2065 non
1419 2023 1671 2081 resurgant
1697 2013 1793 2065 im-

240 2107 308 2173 pii
344 2111 397 2157 in
426 2104 624 2173 judicio
649 2145 664 2168 ,
710 2119 861 2172 neque
899 2112 1176 2173 peccatores
1214 2103 1266 2155 in
1306 2103 1513 2155 concilio
1543 2106 1792 2171 justorum

239 2192 405 2263 (Psal.
440 2209 477 2245 ι.
504 2193 581 2261 5).
608 2192 673 2246 Ut
698 2207 820 2259 ergo
842 2207 942 2245 non
965 2193 1016 2245 in
1040 2192 1291 2259 judicium
1319 2207 1682 2260 resurgamus,
1715 2193 1793 2245 in-

239 2283 480 2335 termissa
519 2282 702 2335 mortis
741 2282 943 2335 tristitia
988 2282 1127 2334 illam
1161 2281 1519 2349 pmnitentiam
1551 2292 1603 2335 et
1633 2281 1791 2334 tristi-

241 2370 364 2423 tiam
405 2384 678 2423 sumamus
704 2410 719 2435 ,
760 2378 812 2423 et
852 2384 1029 2422 curam
1060 2370 1315 2422 bonorum
1340 2383 1553 2436 operum
1584 2384 1645 2423 ac
1671 2370 1791 2421 vita:

238 2461 472 2514 melioris
497 2459 783 2512 habeamus
805 2498 820 2524 ,
852 2468 904 2512 et
933 2459 998 2511 ad
1026 2462 1123 2511 hoc
1150 2459 1220 2511 sit
1248 2459 1397 2511 nobis
1419 2458 1663 2525 cogitatio
1691 2457 1786 2509 bu-

236 2548 318 2616 jus
343 2548 543 2601 funeris
566 2546 932 2610 etcadaveris,
964 2557 1020 2599 ut
1046 2560 1140 2599 nos
1170 2546 1420 2599 mortales
1444 2560 1561 2598 esse
1587 2544 1789 2597 noveni-

240 2653 352 2691 mus
373 2679 387 2703 ,
414 2646 467 2690 et
490 2652 580 2703 per
606 2636 739 2688 hanc
758 2635 1119 2702 cogitationem
1147 2634 1365 2686 salutem
1390 2642 1641 2697 nostram,
1664 2631 1786 2683 dum

241 2739 443 2795 tempus
485 2736 564 2778 est
583 2766 595 2789 ,
631 2726 754 2778 dum
782 2725 933 2785 licet,
960 2724 1172 2776 minime
1200 2723 1519 2791 negligamus
1550 2738 1562 2771 :
1591 2720 1789 2773 scilicet

237 2826 325 2871 aut
351 2816 725 2869 fructiﬁcantes
749 2815 803 2868 in
830 2816 1044 2879 melius,
1080 2822 1169 2865 aut
1189 2812 1548 2873 emendantes,
1577 2812 1620 2863 si
1644 2810 1787 2878 igno-

238 2915 413 2958 rantes
444 2902 737 2956 erravimus
763 2918 775 2951 :
802 2916 865 2952 ne
895 2901 1067 2952 subito
1090 2900 1434 2968 praeoccupati
1457 2898 1539 2951 die
1565 2898 1747 2951 mortis
1771 2936 1785 2961 ,

237 3006 534 3060 quaeramus
576 2989 798 3057 spatium
836 2989 1177 3056 paenitentizn,
1208 2998 1259 3041 et
1284 3002 1387 3040 non
1418 2987 1649 3039 invenire
1676 3000 1789 3053 pos-

236 3082 397 3133 simus
421 3120 435 3143 ,
485 3091 779 3146 qumramus
823 3078 1183 3145 eleemosynas
1218 3089 1436 3144 erogare
1509 3083 1562 3127 et
1591 3073 1787 3126 satisfa-

234 3182 354 3221 cere
382 3183 476 3234 pro
504 3166 708 3219 delictis
732 3204 746 3229 ,
773 3180 869 3217 nec
891 3164 1029 3231 quod
1052 3163 1287 3216 volumus
1313 3160 1647 3215 concedatur.

1441 392 1750 450 DIATBIBA
1793 393 1855 448 IN
1893 394 2239 451 SYNOPSIN.

3327 400 3437 455 30ίὶ

1964 507 2017 561 9.
2062 506 2433 574 Recapitulatio
2464 508 2697 559 sermonis
2731 507 2999 574 utriusque.
3023 534 3093 545 —
3116 504 3334 560 Ostensa
3358 505 3444 573 igi-

1896 604 2001 658 tur,
2026 593 2214 648 fratres
2233 633 2247 657 ,
2281 594 2464 647 mortis
2488 596 2779 647 communis
2810 594 2882 662 (α)
2911 635 2925 658 ,
2952 604 3160 648 ostensa
3193 594 3444 662 lacryma-

1894 698 2011 737 rum
2052 682 2419 737 interdictione
2442 724 2457 746 ,
2484 692 2768 736 monstrata
2796 691 3030 736 veterum
3057 681 3226 735 adhuc
3254 681 3440 749 fragili-

1898 779 2004 823 tate
2030 779 2085 825 et
2110 785 2213 824 non
2236 769 2646 824 Christianitatis
2672 770 2891 835 virtute,
2920 780 3209 824 manstrato
3236 769 3441 822 Domini

1896 868 2225 913 sacramento
2271 869 2325 914 et
2361 860 2712 927 apostolorum
2759 859 2824 912 de
2863 860 3247 913 resurrectione
3290 858 3443 911 docu-

1897 958 2093 1016 mento,
2113 951 2535 1003 commemoratis
2555 949 2909 1018 apostolorum
2932 949 3153 1015 actibus,
3176 956 3229 1001 et
3256 958 3445 1017 marty-

1900 1054 2014 1091 rum
2053 1039 2379 1106 passionibus
2402 1077 2416 1099 .
2458 1048 2672 1091 ostenso
2698 1045 2950 1104 praeterea
2981 1037 3139 1090 David
3165 1037 3402 1104 exemplo
3424 1075 3442 1101 ,

1898 1136 1953 1179 et
1996 1125 2205 1194 gentilis
2250 1126 2476 1178 hominis
2503 1126 2713 1192 insuper
2739 1124 2873 1177 facto
2895 1164 2909 1185 ,
2933 1124 2999 1177 ad
3022 1124 3255 1177 ultimum
3286 1138 3444 1191 expo-

1895 1217 1994 1269 sita
2034 1224 2089 1269 et
2124 1216 2276 1269 noxia
2319 1225 2372 1269 et
2414 1217 2526 1268 utili
2574 1216 2814 1279 tristitia,
2861 1214 2945 1267 illa
2980 1230 3097 1282 qua:
3124 1222 3312 1279 nocet,
3344 1215 3442 1267 ista

1895 1320 2012 1374 qua:
2055 1319 2150 1373 per
2177 1304 2535 1372 pcenitentiam
2563 1305 2729 1357 salvat
2755 1322 2768 1357 :
2800 1305 2879 1357 bis
2904 1304 3146 1357 omnibus
3175 1306 3250 1357 sic
3274 1314 3445 1358 osten-

1895 1396 1968 1448 sis
1988 1436 2001 1458 ,
2028 1393 2150 1463 quid
2179 1409 2274 1447 nos
2299 1394 2467 1447 facere
2492 1394 2599 1463 jam
2629 1394 2766 1448 aliud
2792 1402 3016 1463 oportet,
3050 1393 3255 1455 fratres,
3288 1411 3441 1463 quam

1895 1485 2089 1554 gratias
2125 1493 2340 1553 agentes
2381 1485 2485 1537 Deo
2528 1484 2668 1537 Patri
2709 1484 2919 1547 dicere,
2964 1481 3080 1535 Fiat
3110 1483 3331 1535 voluntas
3358 1493 3443 1536 tua

1894 1576 2023 1628 sicut
2068 1576 2117 1627 in
2148 1575 2267 1628 calo
2291 1585 2334 1626 et
2362 1574 2412 1626 in
2440 1584 2570 1625 terra
2597 1573 2802 1640 (Matth.
2834 1573 2887 1627 6.
2918 1572 3005 1642 10)
3029 1588 3044 1637 ;
3072 1583 3126 1627 tu
3152 1573 3338 1627 dedisti
3366 1575 3443 1627 vi-

1898 1672 2022 1726 tam,
2046 1673 2099 1715 tu
2130 1663 2442 1715 constituisti
2473 1673 2693 1714 mortem
2719 1677 2733 1725 ;
2768 1671 2819 1713 tu
2850 1661 3051 1715 inducis
3076 1663 3127 1715 in
3153 1662 3396 1716 saeculum
3420 1704 3435 1726 ,

1897 1759 1949 1804 tu
1972 1751 2151 1805 educis
2178 1750 2245 1804 de
2275 1750 2466 1803 saeculo
2486 1790 2501 1814 ,
2528 1757 2581 1803 ct
2604 1764 2723 1802 cum
2753 1748 2996 1803 eduxeris
3018 1789 3034 1814 ,
3066 1765 3247 1803 servas
3270 1767 3284 1814 ;
3313 1750 3442 1803 nihil

1895 1842 2034 1894 enim
2055 1840 2256 1907 deperit
2279 1849 2481 1892 tuorum
2510 1878 2523 1901 ,
2547 1840 2632 1907 qui
2661 1853 2757 1891 nec
2779 1839 3021 1906 capillum
3051 1840 3235 1907 capitis
3261 1853 3439 1892 eorum

1899 1934 2067 2000 perire
2094 1932 2269 1985 dixisti
2297 1948 2309 1987 :
2349 1949 2365 1981 ι
2400 1930 2648 1984 Auferes»
2675 1932 2811 1983 enim
2840 1948 2858 1981 ι
2891 1930 3129 1997 spiritum
3158 1945 3363 1995 eorum,
3389 1939 3443 1982 et

1895 2020 2139 2075 detieicnt
2160 2061 2173 2081 ,
2216 2029 2269 2074 et
2311 2022 2362 2073 in
2386 2032 2574 2073 terram
2604 2034 2747 2072 suam
2777 2027 3101 2072 revertentur
3136 2036 3156 2069 ι
3181 2016 3323 2085 (Luc.
3348 2016 3436 2070 2i.

1899 2110 1986 2177 18)
2009 2110 2129 2172 ;sed
2152 2128 2168 2157 ι
2190 2107 2417 2161 Emittes
2430 2108 2666 2175 Spiritum
2685 2116 2848 2169 tuum,
2872 2115 2924 2159 et
2942 2107 3274 2170 creabantur,
3293 2112 3343 2157 et
3365 2121 3440 2158 re-

1901 2196 2117 2250 novabis
2143 2196 2324 2248 faciem
2357 2204 2541 2249 terrae»
2571 2194 2735 2262 (Psal.
2772 2196 2889 2248 105.
2918 2194 3005 2248 29.
3039 2195 3149 2263 50).
3178 2194 3300 2246 llaec
3325 2209 3441 2246 ver-

1896 2284 1959 2336 ba
1980 2324 1994 2348 ,
2018 2282 2207 2336 fratres
2230 2324 2243 2348 ,
2272 2282 2421 2351 digna
2448 2282 2703 2346 lidelibus,
2732 2282 2842 2335 bznc
2872 2282 3127 2335 medicina
3152 2282 3393 2335 salutaris
3419 2301 3432 2334 :

1895 2371 1992 2425 hac
2017 2374 2231 2439 spongia
2250 2370 2619 2424 consolationis
2638 2370 2876 2424 detersus
2897 2371 3097 2436 oculus,
3126 2371 3223 2423 hoc
3242 2370 3439 2425 infusus

1894 2462 2109 2528 collyrio
2156 2462 2403 2522 rationis,
2453 2475 2557 2513 non
2605 2460 2759 2513 modo
2791 2462 3075 2513 cmeitatem
3104 2473 3165 2513 ex
3194 2459 3437 2527 despera-

1899 2544 2042 2596 tione
2060 2559 2165 2596 non
2183 2545 2497 2607 sentiet,scd
2510 2560 2609 2598 nec
2625 2546 2969 2614 lippitudines
2989 2548 3196 2617 aliquas
3218 2551 3443 2607 tristitia:

1896 2635 2197 2697 sustinebit,
2220 2635 2345 2701 quin
2368 2635 2543 2702 potius
2564 2636 2733 2688 oculis
2754 2637 2931 2689 cordis
2958 2638 3130 2691 lucida
3148 2648 3339 2693 cuncta
3365 2657 3447 2693 re.-

1895 2725 2146 2792 spiciens,
2178 2725 2315 2777 dicet
2342 2726 2639 2777 secundum
2669 2726 3115 2794 patientissimum
3147 2729 3293 2783 illum
3321 2731 3441 2795 Job,

1903 2832 1918 2862 ‹
1946 2811 2199 2865 Dominus
2214 2813 2381 2874 dedit,
2410 2823 2464 2867 ct
2489 2814 2745 2867 Dominus
2775 2816 3021 2881 abstulit;
3054 2818 3194 2873 sicut
3218 2819 3445 2875 Domino

1895 2899 2067 2954 visum
2097 2908 2197 2964 est,
2226 2900 2295 2953 ita
2321 2900 2515 2954 factum
2542 2910 2624 2955 est
2664 2921 2678 2955 :
2708 2904 2775 2956 sit
2812 2920 3007 2959 nomen
3046 2906 3252 2961 Dmnini
3284 2910 3444 2964 benc-

1894 2990 2092 3043 dictum
2118 3009 2135 3042 ›
2175 2990 2285 3060 (Job
2339 2992 2387 3043 l.
2418 2992 2506 3061 2|)
2539 2993 2588 3044 in
2622 2994 2811 3047 saecula
2846 2996 3179 3051 saeculorum.
3216 2999 3405 3053 Amen.

1896 3106 2028 3214 d_(_a)
2054 3105 2321 3153 addendum
2348 3108 2468 3164 post,
2486 3100 2646 3149 mortis
2666 3096 2935 3157 communis,
2956 3097 3049 3155 vel,
3064 3104 3205 3156 sorte,
3225 3094 3319 3153 vel,
3333 3107 3442 3143 cou-

1931 3175 2088 3214 mone.

1931 3175 2088 3215 ιιιοηε.

255 3314 397 3363 ᾗ
1404 3411 2304 3523 DIATBIBA

1340 3578 1421 3639 IN
1462 3576 1834 3638 SYNOPSIN
1877 3575 2343 3648 SEQUENTEM
2353 3618 2367 3632 .

309 3709 492 3761 Exstat
535 3705 648 3756 ha‘c
691 3702 942 3771 Synopsis
978 3701 1028 3752 in
1058 3699 1259 3753 duobus
1296 3696 1572 3752 Codicibus
1600 3712 1782 3750 manu-

234 3798 443 3865 scriptis
467 3836 482 3860 ,
530 3806 752 3862 quorum
797 3790 929 3843 alter
953 3797 1031 3842 est
1061 3787 1394 3841 Bibliotheca:
1422 3785 1781 3850 Coislinianm,

234 3886 358 3940 olim
384 3882 735 3951 Seguerianaz,
780 3892 924 3933 num.
960 3876 1093 3938 588,
1124 3876 1253 3929 alter
1282 3873 1613 3928 Bibliotheca:
1642 3873 1781 3941 Lug-

235 3975 359 4029 duni
402 3973 749 4033 Batavorum,
789 3968 913 4022 olim
956 3966 1115 4019 lsaaci
1144 3964 1332 4019 Vossii.
1360 3965 1507 4019 Prior
1536 3974 1616 4016 est
1664 3978 1781 4015 om-

236 4063 360 4117 nino
388 4074 575 4114 recens
593 4099 608 4123 ,
635 4066 688 4111 et
713 4056 848 4109 circa
880 4053 1231 4125 typographize
1254 4054 1464 4107 exordia
1486 4094 1500 4115 ,
1528 4051 1616 4106 sed
1645 4066 1671 4104 a
1695 4067 1785 4121 pe-

236 4154 337 4205 rito
359 4166 455 4205 nec
488 4148 696 4203 indocto
719 4146 886 4200 scriba
908 4154 1151 4200 exaratus
1176 4144 1240 4197 ad
1266 4144 1421 4197 ﬁdem
1445 4142 1781 4211 antiquioris;

235 4242 455 4297 alterum
500 4239 688 4302 etiam,
725 4236 820 4290 etsi
866 4251 967 4288 non
1012 4234 1214 4287 licuerit
1253 4234 1415 4287 oculis
1446 4233 1570 4301 ipsis
1609 4232 1787 4299 explo-

237 4346 383 4396 rare,
429 4338 693 4383 recentem
722 4341 927 4396 quoque
953 4335 1075 4393 puto
1094 4365 1107 4387 ,
1141 4323 1337 4391 fuitque
1363 4322 1428 4404 ah
1456 4321 1777 4391 imperitiore

236 4434 559 4474 amanuense
605 4416 917 4483 descriptus.
965 4414 1026 4466 lli
1068 4428 1222 4480 porro
1258 4412 1507 4475 Codices,
1540 4428 1604 4465 ne
1632 4412 1785 4465 ambo

237 4510 446 4576 quidem
475 4517 635 4561 totam
660 4506 916 4574 Synopsin
942 4503 1373 4570 complectuntur,
1403 4502 1570 4569 qualis
1599 4501 1662 4553 ab
1692 4515 1784 4552 au-

236 4608 382 4649 ctore
424 4595 675 4648 adornata
720 4592 921 4655 fuerat;
965 4591 1055 4644 sed
1085 4591 1135 4643 in
1164 4590 1267 4641 alio
1295 4591 1394 4641 alia
1423 4588 1663 4641 deficiunt
1690 4604 1702 4650 ;
1734 4588 1783 4641 in

237 4694 455 4753 utroque
476 4690 650 4735 autem
679 4688 783 4731 tota
810 4679 935 4731 Novi
962 4678 1277 4731 Testamenti
1307 4678 1556 4745 Synapsis
1580 4677 1784 4731 deside-

237 4783 398 4831 ratur.
423 4773 772 4828 Coislinianus
794 4771 940 4825 initio
967 4770 1177 4824 exhibet
1204 4769 1563 4837 prmfationem
1586 4770 1649 4823 ab
1672 4771 1784 4837 ipso

238 4868 496 4933 scriptore
540 4863 933 4926 concinnatam,
960 4870 1011 4914 et
1037 4861 1245 4929 optima:
1277 4871 1409 4912 nutm
1430 4901 1444 4923 ,
1472 4874 1628 4923 quam
1660 4858 1787 4912 Pro-

241 4953 478 5006 theoriam
500 4948 751 5002 inscribit.
783 4948 905 5001 llaec
931 4956 1102 5001 autem
1135 4946 1439 4999 Prothcoria
1457 4956 1559 4998 tota
1591 4947 1735 5000 abest
1755 4962 1785 4999 a

238 5041 429 5097 Codice
472 5035 841 5105 Lugdunensi:
874 5035 1201 5101 vicissimque
1242 5034 1599 5101 Lugdunensis
1626 5034 1783 5085 multa

241 5129 396 5183 habet
416 5168 430 5191 ,
471 5141 587 5194 qua:
623 5130 673 5176 in
701 5122 1018 5175 Coisliniano
1046 5136 1259 5187 prorsus
1287 5122 1508 5181 desunt;
1543 5122 1783 5173 nimirum

241 5218 499 5286 Synopsin
526 5216 578 5267 in
601 5212 886 5265 Leviticum
905 5248 919 5273 ,
952 5209 1300 5276 Epilogum°in
1330 5208 1592 5277 Synopscs
1622 5209 1780 5259 libro-

240 5319 352 5358 rum
376 5304 574 5370 Regum
600 5316 614 5362 ;
644 5300 904 5367 Synopses
932 5297 984 5347 in
1017 5295 1434 5361 Paralipomena,
1464 5296 1511 5346 in
1541 5293 1777 5354 Esdram,

240 5393 291 5446 in
323 5393 485 5445 libros
513 5388 701 5443 Esther
720 5427 734 5450 ,
764 5386 972 5449 Tobias,
1002 5382 1175 5435 Judith
1196 5424 1210 5449 ,
1234 5384 1331 5437 Job
1350 5425 1364 5449 ,
1395 5384 1445 5435 in
1468 5383 1654 5435 librum
1683 5382 1777 5433 Sa-

240 5479 444 5547 pientiae
463 5519 479 5541 ,
506 5479 558 5529 in
585 5474 883 5529 Proverbia.

312 5566 387 5618 Ex
426 5565 569 5618 hisce
606 5561 810 5617 duobus
852 5560 973 5612 Mss.
1006 5558 1178 5626 prodit
1206 5558 1454 5627 Synopsis
1479 5558 1661 5611 isthrcc
1683 5598 1696 5621 ,
1732 5558 1779 5609 in

242 5668 341 5721 qua
375 5652 617 5707 nonnulla
646 5651 802 5707 etiam
832 5663 894 5703 ex
924 5646 1093 5702 Veteri
1119 5645 1450 5701 Testamento
1479 5645 1781 5701 desideran-

1890 3704 2009 3760 tur;
2048 3696 2289 3749 nimirum
2320 3695 2570 3764 Synepsis
2601 3693 2921 3747 Psalmnrum
2942 3733 2956 3756 ,
2985 3700 3038 3745 et
3060 3690 3285 3759 quinque
3314 3686 3439 3740 Pro-

1890 3787 2164 3852 phetarum
2210 3785 2487 3838 minorum.
2530 3782 2584 3835 ln
2624 3791 2847 3850 utroque
2871 3795 3026 3849 porro
3052 3778 3243 3832 Codice
3271 3776 3441 3845 Syno-

1889 3875 1995 3940 psis
2036 3873 2221 3927 Joanni
2258 3872 2628 3941 Chrysostomo
2672 3869 2909 3922 tribuitur
2957 3884 2970 3919 :
3014 3867 3065 3918 in
3112 3865 3271 3916 titulis
3298 3863 3435 3914 enim

1887 3961 2183 4014 Coisliniani
2224 3969 2276 4012 et
2314 3958 2676 4027 Lugdunensis
2702 3956 2906 4010 Cudiris
2933 3952 3291 4022 Chrysostomi
3318 3964 3435 4004 esse

1886 4051 2103 4112 dicitur,
2153 4056 2209 4101 ut
2250 4063 2367 4099 mox
2407 4046 2621 4099 videbis.
2663 4046 2774 4098 Jam
2808 4059 2930 4097 vero
2958 4042 3232 4110 quaeritur,
3264 4048 3432 4092 utrum

1887 4154 2010 4192 vere
2055 4136 2411 4206 Chrysostomi
2441 4136 2542 4197 sit,
2571 4148 2754 4187 necne.
2788 4133 2992 4185 Isaacus
3016 4138 3155 4183 certe
3181 4126 3398 4180 Vossius
3420 4165 3436 4187 ,

1886 4227 2033 4295 eujus
2076 4235 2188 4279 erat
2216 4224 2391 4277 Codex
2416 4223 2501 4275 ille
2531 4222 2863 4275 Bibliotheca:
2892 4214 3253 4285 Lugdunensis
3283 4213 3439 4264 Bata-

1887 4318 2036 4381 victe,
2066 4330 2167 4368 non
2194 4317 2402 4382 putabat
2431 4327 2545 4366 esse
2562 4311 2936 4380 Chrysostomi,
2962 4304 3267 4359 teSIitlcante
3286 4301 3435 4356 Guil-

1887 4407 2041 4459 lelmo
2086 4406 2224 4458 Cave
2273 4404 2323 4457 in
2370 4404 2590 4456 llistoria
2635 4417 2724 4453 sua
2768 4397 2995 4451 literaria
3042 4395 3264 4449 Ccneva:
3297 4406 3436 4445 anno

1888 4495 2022 4548 Ποὸ
2044 4494 2179 4548 edita
2204 4534 2218 4557 ,
2246 4492 2393 4559 cujus
2424 4493 2533 4543 haec
2558 4497 2674 4541 sunt
2702 4485 2856 4538 verba
2876 4525 2890 4547 ,
2923 4499 2971 4551 p.
3004 4483 3107 4535 215
3136 4500 3148 4533 :
3187 4500 3205 4532 ι
3243 4482 3425 4534 Exstat

1888 4584 2069 4638 Cnece
2109 4582 2203 4635 his.
2253 4582 2301 4633 in
2334 4578 2650 4632 Bibliotheca
2678 4574 2925 4627 Vossiana
2952 4573 3049 4626 sub
3074 4570 3431 4641 Chrysostomi

1889 4672 2099 4724 nomine
2148 4669 2396 4738 Synapsis
2426 4666 2625 4719 Veteris
2672 4663 3028 4727 Testamenti;
3066 4641 3160 4718 sed
3189 4677 3288 4714 non
3319 4674 3434 4712 cs.~e

1886 4761 2165 4828 genuinum
2197 4755 2555 4823 Chrysostomi
2586 4755 2762 4806 Return
2796 4752 2905 4819 ipse
2935 4751 3060 4804 mihi
3085 4750 3206 4802 olim
3230 4748 3435 4803 confes-

1886 4862 1973 4898 sus
2001 4853 2080 4898 est
2106 4845 2173 4897 cl.
2208 4843 2439 4895 Vossius.
2478 4859 2497 4892 ι
2533 4842 2598 4893 At
2623 4841 2808 4907 opinor
2839 4839 3072 4891 Vossium
3096 4838 3206 4890 haec
3227 4836 3432 4903 perfun-

1885 4937 2046 4988 ctorie
2094 4934 2279 5001 legisse
2303 4974 2315 4995 ,
2363 4941 2415 4983 et
2458 4946 2519 4984 ex
2561 4931 2679 4999 styli
2710 4933 2927 4982 fortasse
2951 4929 3151 4981 ratione
3174 4926 3427 4979 calculum

1888 5022 2068 5074 tulisse
2118 5040 2129 5073 :
2170 5036 2322 5089 quam
2366 5020 2485 5089 styli
2518 5019 2732 5072 formam
2761 5033 2861 5069 non
2889 5017 3054 5085 potuit
3080 5017 3130 5069 in
3161 5026 3261 5068 tam
3289 5028 3431 5067 com-

1886 5110 2133 5177 pendiosa
2174 5112 2471 5162 narratione
2500 5106 2908 5174 deprehendere.
2937 5106 3014 5158 Ad
3046 5106 3156 5157 haec
3183 5118 3305 5157 vero
3326 5103 3429 5157 Co-

1885 5200 1984 5252 dex
2016 5200 2105 5253 ille
2134 5200 2422 5251 Vossianus
2453 5198 2806 5251 Protheoriam
2832 5196 2974 5250 illam
2998 5196 3049 5248 in
3074 5196 3240 5247 fronte
3262 5194 3430 5261 Syno-

1884 5303 2037 5356 pseos
2080 5290 2298 5356 positam
2340 5304 2441 5341 non
2482 5287 2638 5339 habet
2666 5305 2677 5337 :
2707 5301 2820 5353 qua:
2851 5300 2982 5337 sane
3016 5283 3316 5337 Protheoria
3353 5291 3432 5333 sat

1894 5379 2090 5445 prolixa
2129 5389 2180 5432 et
2212 5394 2239 5430 a
2271 5380 2439 5446 sagaci
2471 5380 2581 5430 viro
2610 5378 2831 5444 scripta,
2862 5376 3110 5444 quasdam
3140 5373 3431 5442 suppeditat

1891 5476 2041 5519 notas
2066 5482 2180 5534 quae
2210 5467 2581 5534 Chrysostomo
2610 5464 2866 5532 SynOpsin
2891 5464 3151 5517 vindicare
3173 5460 3427 5512 videntur.

1894 5555 1947 5607 ln
1976 5556 2085 5623 ipsa
2116 5557 2267 5609 etiam
2294 5555 2515 5623 SynOpsi
2544 5570 2644 5607 non
2676 5568 2835 5621 pauca
2864 5559 3171 5613 occurrunt,
3198 5562 3311 5615 quae
3337 5561 3435 5613 pro

1890 5643 2260 5714 Chrysostomo
2307 5652 2551 5711 pugnant.
2602 5642 2712 5695 Non
2740 5656 2799 5695 ea
2824 5654 2979 5711 porro
3008 5644 3179 5691 mente
3210 5636 3317 5688 hac
3347 5648 3433 5687 ar-
