3990 6422
568 418 680 477 307

562 521 806 580 gntnenta
831 511 1143 580 proferimus
1161 552 1176 576 ,
1203 518 1261 566 ut
1287 511 1400 565 sine
1420 509 1532 564 ulla
1560 520 1772 577 prorsus
1791 505 2111 560 dubitatione

563 603 821 674 Synopsin
844 617 961 656 esse
975 603 1330 672 Chrysostomi
1354 611 1676 656 statuamus:
1706 613 1807 651 non
1827 597 1964 650 enim
1997 610 2113 662 per-

565 691 685 743 inde
714 691 883 743 affecti
906 705 1116 754 sumus,
1145 701 1300 759 atque
1341 689 1575 745 nonnulli
1613 689 1915 755 scriptorcs,
1943 687 2028 753 qui
2051 699 2111 738 ea

561 797 680 849 qua:
711 797 774 834 ex
806 783 1033 836 tenebris
1053 793 1272 844 eruunt,
1301 783 1362 835 iis
1389 796 1522 850 quos
1561 788 1784 832 tractant
1813 777 2113 831 auctoribus

563 873 631 923 ita
659 885 893 924 asserere
917 880 1198 933 conantur,
1227 879 1284 924 ut
1309 871 1502 924 nullam
1530 869 1786 921 rationem
1817 866 2007 919 habere
2033 864 2106 916 vi-

564 959 788 1012 dcantur
825 971 1011 1010 eorum
1055 971 1172 1024 qtue
1210 965 1437 1024 possunt
1467 964 1648 1009 contra
1686 954 1863 1022 objici.
1895 953 2111 1004 Etiamsi

560 1049 701 1101 enim
723 1046 832 1100 ha:c
852 1060 968 1116 qua:
988 1047 1298 1115 proferimus
1317 1045 1488 1113 magni
1508 1059 1624 1097 esse
1644 1043 1889 1095 momenti
1917 1041 2115 1108 perspi-

562 1152 718 1191 cuum
762 1137 912 1190 nobis
952 1136 1020 1189 sit
1065 1153 1078 1187 :
1121 1145 1398 1202 antequam
1438 1133 1676 1186 ultimum
1705 1145 1766 1184 ea
1795 1129 1861 1184 de
1891 1146 1947 1182 re
1971 1128 2110 1198 judi-

561 1233 700 1284 cium
722 1239 1006 1285 statuamus
1024 1271 1038 1293 ,
1062 1237 1365 1299 argumenta
1392 1235 1568 1280 nostra
1595 1226 1799 1280 erudito
1825 1225 2002 1278 lectori
2030 1224 2111 1276 of-

562 1318 700 1373 ferre
739 1319 907 1372 visum
935 1327 1038 1384 est,
1089 1327 1143 1371 ut
1185 1328 1287 1370 tam
1328 1317 1466 1370 illius
1490 1356 1504 1377 ,
1533 1331 1686 1383 quam
1716 1324 1897 1367 nostro
1917 1313 2114 1382 judicio

561 1409 682 1478 quid
709 1409 1026 1463 censendum
1055 1409 1121 1462 sit
1151 1409 1306 1460 tutius
1335 1405 1674 1459 afﬁrmemus.

631 1499 863 1552 Primum
913 1498 1068 1567 igitur
1113 1504 1475 1565 argumentum
1524 1502 1821 1548 mutuamur
1865 1507 1931 1546 ex
1968 1490 2114 1546 hisce

563 1590 844 1657 postremis
868 1588 1188 1642 Protheorize
1212 1587 1383 1642 verbis
1402 1627 1416 1650 ,
1447 1585 1530 1638 ubi
1557 1586 1780 1652 scriptor
1804 1596 2115 1637 enumerans

559 1679 689 1733 Novi
718 1680 1034 1733 Testamenti
1064 1679 1253 1741 libros,
1284 1685 1574 1746 postremas
1599 1675 1746 1743 ponit
1773 1683 1880 1727 tres
1907 1672 2114 1738 Episto-

561 1770 638 1824 las
667 1770 970 1830 catholicas,
1002 1779 1046 1822 et
1071 1779 1164 1822 (res
1182 1786 1242 1822 ex
1261 1768 1513 1821 catholicis
1541 1765 1798 1833 Epistolis.
1827 1763 2112 1816 Catholica:

562 1869 734 1913 autem
781 1868 902 1913 sunt
946 1859 1192 1928 Epistola:
1233 1866 1467 1925 septem,
1513 1869 1729 1921 quarum
1769 1862 1876 1906 tres
1915 1860 2113 1903 tantum

563 1959 798 2017 tempore
835 1949 1194 2017 Chrysostomi
1241 1948 1290 1999 in
1321 1946 1550 1999 Ecclesia
1584 1944 1936 2006 Antiochena,
1966 1941 2115 2009 cujus

562 2041 647 2092 ille
675 2039 946 2106 presbyter
970 2047 1078 2091 erat
1101 2076 1118 2100 ,
1148 2037 1550 2102 recipiebamur.
1580 2031 1709 2085 Nam
1741 2033 1857 2086 licet
1882 2031 2114 2099 Epistola

563 2127 788 2181 secunda
817 2127 991 2189 Petri,
1025 2123 1248 2177 secunda
1277 2135 1328 2177 et
1355 2123 1501 2175 tertia
1533 2123 1748 2176 Joannis
1768 2162 1782 2185 ,
1811 2131 1966 2189 atque
1986 2120 2112 2188 Epi-

563 2217 693 2270 stola
736 2216 797 2268 B.
837 2214 983 2269 Juda:
1029 2213 1247 2281 apostoli
1279 2214 1414 2265 inter
1437 2222 1794 2264 sacrosanctas
1820 2219 1871 2262 et
1898 2209 2113 2262 canoni-

562 2305 970 2374 easScripturas
993 2320 1022 2357 a
1042 2304 1215 2357 multis
1237 2303 1341 2370 jam
1369 2302 1576 2356 saeculis
1603 2316 1695 2369 per
1722 2309 1882 2353 totam
1900 2300 2114 2351 omnino

565 2396 850 2449 Eeelcsiam
879 2397 1226 2462 recipiantur,
1255 2393 1513 2462 prioribus
1535 2402 1705 2446 tamen
1738 2393 1987 2445 Ecclesia:
2011 2406 2114 2443 sm-

564 2488 692 2539 culis
733 2487 843 2539 istae
867 2495 1089 2555 quatuor
1123 2485 1366 2552 Epistulae
1395 2498 1497 2536 non
1527 2484 1577 2536 in
1605 2483 1846 2537 omnibus
1873 2482 2114 2535 Ecclesiis

566 2586 622 2628 ut
662 2575 925 2628 canonica:
968 2574 1377 2627 admittebantur
1423 2591 1434 2624 :
1477 2573 1714 2640 quaedam
1762 2571 1902 2624 enim
1932 2579 2112 2632 erant,

564 2665 663 2719 etsi
707 2679 916 2731 panem,
966 2678 1082 2730 qua:
1125 2663 1236 2715 illas
1281 2677 1382 2715 non
1427 2661 1804 2725 admittebant,
1844 2669 1901 2713 ut
1939 2659 2116 2712 videas

565 2757 699 2825 apud
743 2757 944 2811 Sixtum
988 2756 1276 2810 Senensem
1303 2756 1435 2809 libro
1465 2755 1629 2822 primo
1653 2758 1707 2810 in
1737 2753 1840 2806 line
1867 2751 2116 2805 sectiouis

565 2847 826 2902 secundae.
853 2847 953 2898 Sed
982 2861 1010 2898 a
1035 2847 1256 2897 maxima
1285 2846 1563 2898 Orientalis
1592 2845 1834 2896 Ecclesia:
1859 2852 2032 2910 parte,
2065 2851 2117 2892 et

566 2953 592 2989 a
638 2947 746 2990 toto
786 2951 916 3004 pcnc
958 2935 1235 2989 Occidente
1275 2935 1410 2986 inter
1445 2933 1723 2985 canonicos
1747 2933 1906 2984 libros
1929 2945 2113 2983 cense-

568 3027 786 3088 bantur;
829 3027 962 3078 inter
990 3026 1149 3078 libros
1178 3024 1419 3077 videlicet
1450 3023 1649 3074 divinos
1668 3062 1682 3085 ,
1713 3020 1961 3074 canonice
1988 3020 2117 3072 scri-

566 3125 682 3181 ptos
706 3155 720 3175 ,
759 3117 986 3173 traditos
1024 3123 1077 3167 et
1101 3112 1328 3167 creditos
1348 3151 1363 3174 ,
1394 3111 1557 3178 inquit
1582 3124 1796 3177 magnus
1824 3108 1908 3162 ille
1937 3109 2116 3160 Eccle-

565 3205 658 3256 sia:
702 3219 874 3270 prmco
914 3203 1264 3265 Athanasius,
1305 3201 1390 3270 qui
1431 3199 1714 3253 catholicas
1755 3198 2009 3265 Epistolas
2035 3211 2119 3248 se-

566 3303 708 3361 ptem
757 3293 808 3347 in
855 3294 1058 3347 illorum
1107 3306 1327 3346 numero
1379 3293 1532 3344 locat.
1562 3291 1630 3342 At
1674 3289 1906 3344 Ecclesia
1936 3287 2117 3339 Antio-

568 3384 731 3438 cltcna
756 3394 976 3451 quatuor
1007 3383 1120 3436 illas
1149 3396 1302 3449 supra
1331 3388 1646 3432 memoratas
1675 3377 1938 3446 Epistolas
1961 3375 2118 3428 J0an-

568 3476 651 3528 nis
697 3472 1053 3542 (Zhrysostomi
1103 3481 1338 3538 tempore
1379 3485 1480 3522 non
1517 3467 1849 3529 admittebat,
1878 3467 1983 3517 imo
2010 3463 2116 3531 pri-

569 3563 689 3616 stini
731 3571 881 3615 tenax
928 3561 1213 3629 propositi,
1257 3573 1321 3612 ne
1352 3566 1584 3625 tempore
1608 3556 1815 3626 quidem
1843 3553 2116 3608 Justiniani

570 3654 902 3721 Imperatoris
947 3653 1061 3704 illas
1103 3651 1274 3704 adhuc.
1318 3649 1692 3717 adoptaverat;
1721 3646 1770 3700 id
1795 3646 1933 3715 quod
1961 3645 2119 3714 Syro.

571 3757 686 3796 rum
711 3741 976 3809 preprium
1002 3749 1115 3793 erat
1135 3778 1148 3797 .
1176 3747 1233 3790 ut
1253 3737 1406 3791 modo
1426 3736 1734 3789 videbimus.

637 3830 787 3898 Quod
821 3839 997 3882 autem
1039 3827 1268 3881 Ecclesia
1295 3825 1616 3878 Antiochena
1639 3820 1920 3875 secundam
1942 3827 1995 3872 et
2019 3829 2118 3871 ter-

573 3921 697 3975 tiam
739 3919 953 3973 Joannis
996 3933 1099 3970 non
1140 3917 1428 3984 reciperet,
1457 3914 1507 3968 id
1534 3912 1730 3981 liquido
1754 3909 2122 3978 comprobatur

575 4027 638 4066 ex
665 4009 888 4064 l‘lomilia
917 4023 1034 4062 mox
1062 4005 1284 4072 edenda,
1313 4019 1466 4073 quam
1492 4004 1635 4071 prior
1659 4000 1937 4070 publicavit
1959 3998 2119 4052 Joan-

576 4101 657 4154 nis
685 4097 1039 4168 Chrysostomi
1071 4095 1280 4148 nomine
1304 4093 1592 4147 Cotelerius
1612 4131 1626 4155 ,
1655 4105 1913 4159 quamque
1937 4087 2124 4156 proba-

575 4203 694 4244 mus
718 4188 769 4241 in
790 4186 982 4240 Monito
1005 4183 1137 4238 infra
1167 4199 1268 4238 non
1289 4182 1645 4251 Chrysostomi
1671 4194 1809 4243 esse,
1835 4178 1927 4232 sed
1950 4178 2124 4244 cujus-

576 4279 696 4333 dam
744 4275 1032 4346 presbyteri
1058 4271 1366 4326 Antiocheni
1404 4269 1540 4322 illius
1559 4268 1654 4320 aevi
1676 4281 1854 4320 coram
1876 4266 2124 4317 Flaviano

577 4369 824 4438 episcopo
849 4363 1228 4418 concionantis.
1257 4359 1312 4412 In
1339 4359 1436 4412 hac
1456 4357 1611 4425 igitur
1630 4354 1873 4418 l’lomilia,
1896 4367 2040 4405 num.
2069 4353 2122 4414 6,

578 4459 643 4512 de
667 4455 882 4512 Joannis
909 4453 1240 4521 evangelista:
1269 4447 1500 4516 Epistola
1521 4442 1749 4499 secunda
1770 4451 1824 4495 et
1847 4440 1995 4496 tertia
2015 4439 2125 4491 ll:th

581 4548 828 4600 dicuntur
858 4561 870 4596 :
907 4561 926 4595 ι
966 4543 1104 4596 Idem
1135 4540 1220 4593 ille
1247 4551 1439 4607 praeco,
1469 4534 1558 4603 qui
1581 4532 1694 4585 lucc
1717 4529 2048 4598 praedicavit,
2075 4528 2124 4579 in

582 4635 812 4703 Epistola
859 4647 950 4685 sua
996 4629 1174 4684 scribit
1205 4640 1218 4680 :
1247 4627 1410 4696 prima
1449 4632 1624 4676 autem
1646 4618 1878 4688 Epistola
1909 4617 2042 4670 inter
2065 4631 2125 4668 ea

581 4740 697 4793 qua:
737 4725 788 4775 in
843 4721 1073 4774 Ecclesia
1126 4716 1483 4784 recipiuntur,
1542 4725 1647 4764 non
1675 4711 1810 4763 inter
1832 4705 2127 4775 apocrypha

583 4818 897 4867 recensetur
930 4827 945 4860 ε
989 4822 1110 4860 nam
1150 4805 1432 4859 secundam
1475 4810 1527 4854 et
1553 4800 1755 4854 tertiam
1782 4804 1954 4864 patres
1982 4805 2128 4846 extra

584 4914 837 4956 cauonem
859 4903 1084 4965 ponunt;
1105 4894 1321 4960 primam
1336 4903 1460 4944 vero
1479 4887 1762 4957 Epistolam
1777 4883 1992 4937 Joannis
2015 4895 2131 4934 esse

586 5005 768 5046 omnes
798 4986 1198 5042 consentiunt.)
1233 4981 1363 5034 llinc
1391 4979 1537 5032 vides
1555 4975 1835 5030 secundam
1857 4981 1909 5026 et
1929 4972 2130 5026 tertiam

586 5082 801 5136 Joannis
827 5074 1108 5144 Epistolam
1135 5079 1271 5123 inter
1289 5067 1566 5121 canonicas
1588 5062 1876 5116 Antiochia:
1903 5075 2006 5113 non
2038 5059 2135 5111 ha-

590 5173 721 5226 bitas
787 5169 964 5220 fuisse.
990 5160 1279 5219 Secundam
1310 5158 1433 5210 item
1460 5153 1596 5206 Petri
1619 5193 1634 5216 ,
1658 5161 1710 5204 ct
1740 5151 2024 5217 Epistolam
2046 5149 2138 5203 Ju-

589 5261 671 5314 da:
699 5251 1161 5328 apostoli,perinde
1185 5258 1340 5317 atque
1367 5243 1647 5299 secundam
1676 5249 1728 5294 et
1756 5241 1959 5292 tertiam
1981 5239 2139 5293 Joan-

591 5350 673 5406 nis
694 5389 708 5414 ,
733 5365 761 5400 a
783 5347 928 5417 Syris
951 5385 966 5411 ,
989 5353 1143 5413 atque
1161 5339 1291 5394 adeo
1311 5337 1376 5390 ab
1401 5331 1738 5389 Antiochenis
1762 5344 1863 5382 non
1887 5329 2138 5382 admissas

593 5439 756 5492 luisse
793 5437 988 5488 diserte
1025 5433 1177 5486 docet
1205 5428 1420 5483 Cosmas
1451 5421 1722 5490 [Egyptins
1745 5459 1760 5484 ,
1788 5418 1875 5484 qui
1904 5427 2139 5486 tempore

597 5522 871 5582 Justiniaui
890 5519 1222 5589 Imperatoris
1237 5513 1513 5570 scribebat.
1538 5511 1683 5564 Hunc
1704 5507 2009 5574 scriptorem
2030 5506 2141 5558 edi-

596 5616 767 5670 dimus
803 5625 941 5664 anno
971 5608 1123 5662 Ποῦ.
1155 5606 1242 5659 Sic
1264 5613 1437 5657 autem
1467 5600 1623 5653 habet
1649 5613 1698 5665 p.
1727 5595 1858 5657 292,
1893 5593 2049 5646 multa
2076 5593 2142 5646 de

596 5703 865 5760 catholicis
907 5697 1149 5768 Epistoiis
1195 5705 1246 5748 ct
1285 5694 1349 5747 de
1377 5705 1554 5746 carum
1584 5686 1886 5741 auctoritate
1915 5694 2031 5737 ante
2059 5685 2136 5735 lo-

1779 390 2092 455 DIATRIBA
2134 389 2194 444 ΙΝ
2232 389 2576 446 ΞῪΝΟΡΞΙΝ.

3668 427 3778 479 308

2219 511 2411 569 quutus
2443 520 2455 556 :
2493 522 2512 553 ι
2552 504 2698 573 Apud
2731 505 2889 576 Syros
2916 517 3088 562 autem
3117 526 3218 565 non
3251 512 3348 566 nisi
3381 522 3482 567 tres
3509 519 3773 583 praedicta:

2219 595 2585 659 reperiuntur;
2613 594 2854 650 videlicet
2888 597 3101 662 Jacobi,
3130 601 3268 654 Petri
3296 612 3350 656 et
3373 604 3586 658 Joannis
3615 624 3628 659 :
3655 609 3772 662 alia:

2219 685 2410 752 quippe
2455 700 2614 752 penes
2657 686 2773 741 illos
2820 703 2886 741 ne
2926 691 3133 757 quidem
3174 692 3446 746 habentur.
3477 696 3768 750 Perfectum

2221 773 2394 840 itaque
2431 775 2781 830 Christianum
2825 778 2993 832 dubiis
3031 781 3176 833 inniti
3221 796 3323 834 non
3373 795 3616 851 Oportet,
3648 802 3768 841 cum

2218 877 2295 915 ea:
2321 864 2602 932 Scriptura:
2626 907 2641 930 ,
2674 881 2789 933 qure
2817 867 2866 919 in
2892 881 3094 921 canone
3119 872 3358 937 reposita:
3377 911 3395 935 ,
3422 879 3476 924 et
3493 874 3628 939 apud
3650 890 3769 926 om-

2221 967 2312 1004 nes
2343 954 2390 1004 in
2406 955 2648 1008 confesso
2664 965 2804 1019 sunt,
2829 960 3001 1009 onmia
3017 959 3140 1010 satis
3162 959 3477 1014 declarent.»
3506 963 3638 1015 lline
3660 980 3770 1016 ma.

2219 1040 2406 1095 nil'este
2438 1042 2582 1096 vides
2610 1045 2764 1097 etiam
2794 1054 3027 1114 tempore
3048 1047 3320 1101 Justiniani
3347 1048 3679 1115 Imperatoris
3702 1068 3768 1104 ex

2218 1129 2486 1185 catholicis
2505 1133 2605 1186 illis
2630 1135 2871 1201 Epistolis
2899 1136 3102 1188 nonnisi
3129 1147 3232 1190 tres
3252 1137 3383 1204 apud
3410 1139 3588 1206 Syros,
3611 1153 3768 1208 atque

2217 1221 2347 1273 adeo
2376 1222 2424 1275 in
2458 1223 2686 1276 Ecclesia
2714 1225 3035 1278 Antiochena
3057 1265 3070 1288 ,
3095 1236 3329 1293 receptas
3353 1225 3534 1278 fuisse.

2286 1311 2417 1364 llinc
2456 1313 2609 1380 igitur
2633 1315 2799 1382 palam
2826 1324 2906 1367 est
2935 1315 3070 1366 hunc
3096 1314 3413 1380 Scriptorem
3440 1355 3452 1376 ,
3485 1331 3637 1383 quem
3659 1317 3765 1380 jam

2218 1402 2268 1452 in
2301 1400 2560 1468 publicum
2591 1402 2875 1455 emittimus
2897 1441 2911 1466 ,
2938 1403 3128 1470 quique
3157 1412 3259 1455 tres
3289 1412 3485 1455 tantum
3510 1405 3769 1471 Epistolas

2217 1491 2502 1544 catholicas
2566 1492 2674 1545 sive
2733 1492 3012 1544 eanonicas
3066 1493 3330 1555 admittit,
3385 1494 3766 1546 Antiochennm

2217 1593 2332 1633 esse
2356 1597 2369 1643 ;
2397 1580 2610 1649 jamque
2639 1581 2755 1634 hinc
2779 1581 3004 1650 aliquam
3036 1582 3182 1634 titulo
3206 1583 3468 1636 conciliari
3497 1583 3685 1646 iidem,
3716 1585 3764 1636 in

2217 1685 2320 1738 quo
2363 1671 2554 1722 dicitur
2593 1685 2712 1724 esse
2748 1670 2965 1724 Joannis
2989 1669 3368 1741 Chrysostomi.
3399 1672 3464 1725 Et
3491 1687 3614 1726 vere
3645 1689 3767 1726 san-

2217 1770 2330 1814 ctus
2355 1761 2438 1814 hic
2466 1761 2671 1825 doctor,
2701 1763 2786 1830 qui
2813 1763 3094 1830 Scriptura:
3121 1778 3284 1815 sacrze
3313 1763 3471 1815 libras
3496 1778 3681 1816 omnes
3714 1764 3764 1815 in

2220 1851 2456 1904 llomiliis
2503 1852 2614 1904 suis
2657 1852 2906 1914 adhibet,
2937 1862 3158 1918 quatuor
3184 1853 3383 1904 illarum
3413 1853 3766 1921 Epistolarum

2219 1939 2327 1991 loca
2369 1953 2618 2005 nusquam
2665 1938 2853 2001 aii'ert;
2905 1948 2996 1992 aut
3038 1939 3220 1991 saltem
3252 1941 3544 2006 bujusmodi
3575 1941 3682 1992 loca
3714 1943 3765 1992 in

2218 2028 2330 2093 ejus
2373 2029 2578 2095 scriptis
2624 2027 2853 2080 nomium
2896 2028 3214 2095 deprehendi
3242 2046 3252 2078 :
3286 2031 3484 2080 etiamsi
3518 2045 3644 2081 vero
3673 2031 3763 2082 de-

2220 2117 2667 2186 prehenderentur
2698 2158 2710 2176 ,
2766 2132 2867 2169 non
2913 2127 3083 2169 tamen
3136 2118 3254 2170 inde
3298 2129 3602 2184 sequeretur
3648 2134 3763 2170 eam

2216 2207 2496 2273 Scriptura:
2540 2217 2738 2273 partem
2769 2207 3071 2259 canonicam
3096 2206 3270 2259 haberi
3306 2224 3317 2257 :
3351 2222 3466 2258 nam
3498 2206 3600 2258 illis
3632 2216 3765 2260 teni-

2218 2298 2427 2365 porihus
2456 2311 2554 2346 non
2585 2310 2744 2363 paur-a
2773 2306 2920 2349 crant
2949 2299 2997 2349 in
3027 2299 3332 2364 quibusdam
3358 2298 3624 2361 Ecclesiis,
3646 2313 3764 2364 qua:

2218 2387 2518 2454 legebantur
2561 2385 2801 2452 quidem,
2847 2385 2938 2437 sed
2982 2387 3226 2437 canonica
3267 2400 3382 2438 esse
3421 2400 3522 2436 non
3561 2397 3767 2452 reputa-

2219 2478 2425 2529 bantur.
2505 2475 2816 2528 Moriendum
2866 2484 3036 2526 autem
3082 2474 3362 2535 existimo,
3390 2474 3560 2526 locum
3586 2475 3766 2528 haberi

2220 2565 2438 2618 llomilia
2477 2574 2619 2617 sexta
2661 2565 2874 2617 Joannis
2917 2564 3275 2635 Chrysostomi
3321 2565 3368 2617 in
3399 2565 3641 2620 Genesim
3665 2605 3683 2632 ,
3713 2582 3765 2634 p.

2217 2655 2285 2708 40
2316 2654 2570 2707 Editionis
2608 2666 2829 2716 nosme,
2869 2653 2951 2705 ubi
2983 2655 3059 2707 sic
3083 2655 3269 2722 legitur
3297 2671 3313 2709 :
3344 2653 3395 2705 Ii
3422 2671 3534 2707 vero
3561 2655 3644 2719 qui
3669 2656 3767 2706 uli-

2217 2743 2415 2808 qumttlo
2445 2758 2497 2795 se
2525 2743 2573 2792 in
2599 2743 2785 2793 diaboli
2814 2745 2938 2794 retia
2967 2743 3190 2810 injiciuut
3211 2784 3225 2806 ,
3254 2742 3456 2795 canibus
3477 2759 3768 2810 comparan-

2217 2840 2298 2881 tur
2324 2847 2354 2881 a
2387 2830 2648 2897 Scriptum
2674 2833 2838 2882 divina
2870 2847 2888 2883 :
2919 2831 3083 2883 Homo
3113 2832 3249 2884 enim
3276 2872 3289 2892 ,
3316 2832 3499 2900 inquit,
3531 2833 3615 2898 qui
3643 2846 3767 2884 con-

2220 2921 2438 2974 vertitur
2480 2935 2508 2972 a
2553 2931 2763 2986 peccato
2805 2935 2897 2970 suo
2922 2960 2936 2982 ,
2965 2929 3017 2972 et
3047 2921 3228 2972 iterum
3258 2923 3307 2970 iu
3339 2920 3559 2985 idipsum
3588 2918 3765 2980 redit,

2219 3010 2404 3063 similis
2429 3018 2511 3062 est
2538 3009 2652 3062 caui
2684 3009 2744 3060 ad
2769 3010 3017 3060 vomitum
3049 3009 3306 3061 redeunti.
3340 3008 3412 3060 lbi
3437 3023 3561 3060 vero
3591 3024 3686 3060 nos
3719 3010 3769 3060 in

2219 3101 2451 3168 margine
2493 3099 2660 3150 locum
2686 3098 3020 3151 indicavimus
3048 3098 3081 3148 2
3110 3097 3246 3150 νου-ἰ
3272 3095 3325 3162 2,
3357 3096 3425 3149 22
3452 3114 3467 3150 :
3497 3106 3550 3148 at
3572 3096 3668 3148 etsi
3703 3097 3770 3149 ibi

2219 3189 2283 3241 de
2310 3204 2438 3240 cane
2459 3187 2522 3239 ad
2552 3188 2799 3239 vomitum
2831 3201 3048 3240 reverso
3073 3197 3271 3254 agatur,
3298 3197 3497 3238 certum
3527 3194 3608 3238 est
3635 3186 3775 3239 hunc

2223 3280 2392 3330 locmn
2420 3278 2482 3330 ad
2515 3278 2794 3331 secundam
2827 3277 2967 3330 Petri
2997 3277 3284 3345 Epistulam
3315 3289 3414 3329 non
3443 3272 3773 3328 referendum

2221 3383 2370 3432 esse,
2410 3366 2500 3419 sed
2529 3368 2593 3418 ad
2623 3366 3019 3418 Proverbiorum
3045 3366 3234 3418 librum
3260 3405 3274 3427 ,
3304 3380 3421 3431 cap.
3447 3364 3547 3426 26,
3580 3379 3631 3415 v.
3666 3365 3724 3416 Η
3754 3403 3770 3429 ,

2221 3469 2376 3524 atque
2400 3455 2533 3508 adeo
2559 3454 2892 3521 marginalem
2919 3463 3092 3506 notam
3115 3455 3191 3504 sic
3220 3453 3590 3505 restituendam
3613 3467 3732 3505 esse
3755 3492 3771 3516 ,

2228 3546 2382 3599 Prov.
2407 3544 2497 3598 26.
2529 3545 2585 3597 Η
2624 3542 2720 3614 (a).
2749 3543 2843 3595 llic
2863 3543 3243 3594 animadvertas
3267 3542 3441 3603 velim,
3463 3541 3775 3609 Chrysosto-

2223 3651 2364 3689 mum
2407 3634 2803 3687 concionantcm
2847 3632 2928 3685 hic
2953 3642 3006 3686 et
3030 3632 3323 3685 sexcenties
3344 3631 3464 3683 alibi
3492 3630 3785 3699 Scriptura:

2224 3727 2374 3788 loca,
2427 3732 2578 3791 prout
2618 3722 2883 3775 memoria:
2925 3735 3042 3774 sese
3077 3721 3400 3782 olb-rebant,
3433 3720 3517 3771 alb
3536 3721 3774 3787 gavisse,

2226 3815 2478 3882 longeque
2507 3813 2713 3865 diverso
2735 3829 2762 3862 a
2794 3810 3073 3877 Scriptura:
3092 3818 3237 3862 textu
3256 3808 3429 3861 modo.
3461 3807 3629 3860 Locus
3651 3823 3776 3875 ergo

2224 3905 2539 3972 Scriptum,
2571 3917 2727 3970 quem
2759 3901 2843 3954 hic
2871 3901 3084 3969 reSpicit
3106 3899 3528 3969 Chtysostomus,
3554 3908 3634 3950 est
3661 3912 3778 3949 ver~

2224 3993 2421 4047 siculns
2461 3993 2547 4044 ille
2587 3989 2983 4044 Proverbiornm
3005 4029 3020 4054 ,
3048 4002 3200 4056 quem
3229 3989 3316 4040 ille
3339 4002 3433 4054 pro
3461 4001 3605 4038 more
3629 3993 3681 4038 et
3711 3985 3774 4036 ad

2223 4099 2373 4137 suum
2402 4097 2618 4151 scopum
2655 4079 3018 4142 concinnavit,
3047 4087 3103 4130 ut
3127 4076 3191 4130 ad
3215 4085 3417 4142 captum
3447 4073 3609 4141 ﬂebis
3634 4083 3779 4126 esset

2224 4171 2666 4227 accommodatior
2708 4186 2723 4227 :
2773 4169 2850 4223 sic
2887 4177 3060 4220 autem
3089 4166 3244 4218 habet
3271 4165 3320 4215 in
3347 4178 3443 4214 Lxx
3476 4164 3779 4228 interpreti-

2227 4265 2324 4316 bus
2352 4279 2367 4314 :
2401 4261 2544 4315 Sicut
2571 4260 2709 4311 amis
2733 4273 2846 4309 cum
2867 4271 3088 4308 reversus
3107 4263 3176 4304 est
3197 4253 3262 4302 ad
3281 4252 3512 4303 vomitum
3540 4267 3708 4312 suum,
3734 4262 3780 4303 et

2225 4357 2426 4408 odiosus
2458 4362 2528 4406 est
2562 4350 2789 4416 e/fcctus,
2826 4349 2896 4400 sic
2926 4347 3105 4398 stultus
3141 4345 3329 4395 malitia
3355 4359 3446 4395 sua
3469 4358 3689 4394 reuersus
3713 4343 3782 4394 ut!

2227 4453 2478 4511 peccatum
2525 4457 2688 4493 sttui».
2733 4437 2864 4491 Cum
2909 4435 3007 4488 hoc
3038 4436 3153 4489 loco
3177 4449 3390 4502 prorsus
3415 4442 3670 4486 c0nsonat
3697 4432 3780 4486 ille

2228 4546 2418 4598 supra;
2462 4529 2527 4582 ad
2569 4528 2812 4596 Epistola:
2852 4540 2976 4579 vero
3017 4523 3260 4578 secunda:
3306 4522 3443 4575 l’elri
3475 4521 3644 4574 locum
3676 4535 3778 4573 non

2231 4622 2446 4690 perinde.
2484 4621 2738 4688 quadrat;
2778 4617 2854 4671 sic
2895 4630 3048 4685 porro
3074 4614 3157 4667 ille
3187 4613 3342 4666 habet
3369 4629 3381 4664 :
3406 4611 3628 4678 Contigit
3645 4614 3781 4664 enim

2230 4715 2300 4767 eis
2336 4713 2464 4764 illud
2503 4711 2601 4763 reri
2641 4707 2878 4775 proverbii
2915 4723 2932 4759 :
2965 4706 3102 4757 cauis
3126 4717 3344 4754 reversus
3369 4709 3432 4752 ad
3459 4717 3602 4752 suum
3631 4700 3786 4752 vomi-

2233 4813 2374 4865 tum;
2403 4810 2480 4863 et,
2510 4815 2592 4851 sus
2617 4799 2718 4850 lota
2746 4797 2798 4847 in
2827 4793 3082 4847 voiumbro
3110 4791 3220 4843 luti.
3249 4789 3460 4842 Certum
3491 4789 3662 4856 itaque
3692 4803 3786 4841 er.-

2235 4893 2594 4962 ploratumque
2635 4895 2717 4940 est
2759 4885 2928 4937 locum
2972 4879 3329 4950 Chrysostomi
3371 4895 3475 4930 non
3518 4878 3654 4930 hunc
3695 4892 3783 4929 se-

2233 4983 2418 5040 cunda:
2445 4981 2584 5035 Petri
2611 4975 2924 5031 versiculum
2946 4975 3204 5041 respicere
3223 5011 3238 5034 ,
3270 4970 3360 5023 sed
3392 4971 3536 5021 illum
3563 4969 3784 5020 Prover-

2237 5076 2461 5130 biorum.
2488 5070 2813 5135 Quamquam
2833 5105 2848 5126 ,
2871 5073 2928 5116 ut
2954 5062 3094 5124 dixi,
3125 5061 3222 5113 etsi
3249 5057 3474 5112 secunda
3504 5057 3642 5108 Petri
3663 5055 3783 5120 Epi-

2237 5165 2370 5217 stola
2411 5159 2688 5227 aliquando
2733 5168 2856 5206 usns
2904 5160 3044 5204 esset
3069 5150 3469 5216 Chrysostomus
3489 5184 3502 5205 ,
3533 5156 3634 5192 non
3665 5141 3787 5194 inde

2241 5263 2411 5306 tamen
2443 5255 2749 5316 sequeretur
2775 5243 2913 5294 illam
2944 5241 3024 5294 vel
3051 5239 3116 5295 ab
3141 5253 3196 5291 se
3219 5238 3297 5290 vel
3326 5235 3390 5286 ab
3420 5232 3646 5285 Ecclesia
3674 5231 3788 5282 An-

2301 5429 2373 5489 (n)
2407 5433 2455 5472 In
2479 5426 2566 5489 hac
2581 5429 2739 5489 nostra
2762 5419 2991 5489 Editionc,
3009 5407 3575 5489 :l‘otn._lv_,|col.‘§5&mubi

2241 5466 2455 5538 muniri:
2483 5466 2695 5531 locu—side
2729 5491 2824 5540 quo
2847 5478 2923 5525 hic
2943 5466 3127 5540 agitur,
3153 5466 3321 5540 verba,
3355 5477 3580 5540 nomon"
3624 5466 3799 5540 sortita!

2242 5525 2455 5600 3i
2481 5525 2715 5596 ξιξ,ἰῖοῇ
2738 5525 2818 5586 ‘ad
2862 5525 3126 5600 secundam:
3142 5533 3263 5579 Petri
3295 5525 3581 5600 Epistolatu,‘
3604 5526 3709 5600 sed
3737 5528 3795 5600 ad

2246 5585 2462 5655 iiii-Bibi
2485 5585 2595 5661 Et}:
2614 5585 2690 5656 26,
2704 5585 2805 5648 v.1
2821 5601 2859 5657 ι,
2885 5605 2962 5643 PP.
2987 5595 3294 5643 Maurinorum
3319 5585 3532 5635 errorem
3553 5585 3780 5632 deeltnau

2246 5677 2339 5725 tes,
2360 5664 2698 5714 t'cvocavinuts.
2897 5664 2951 5704 μ.
