3990 6446
327 330 435 383 3119

321 431 557 482 ιξηςῑιοιιτι
578 471 592 492 ,
633 441 686 483 ιιι
715 432 1018 483 canonicam
1049 428 1326 481 admissam
1360 427 1536 480 fuisse.
1565 429 1692 480 llinc
1715 444 1868 496 porro

319 519 565 586 liquidum
612 530 693 572 est
733 529 996 572 auctorem
1023 519 1318 586 Syuopseos
1343 534 1458 571 esse
1486 519 1564 571 vel
1591 519 1868 572 Antioche-

317 623 438 658 num
467 609 548 660 vel
577 610 761 661 saltem
792 608 982 677 Syrum
1009 648 1022 667 ,
1051 617 1205 674 atque
1224 648 1238 670 ,
1264 615 1320 658 ut
1345 606 1442 660 fert
1473 608 1667 666 titulus,
1695 607 1866 676 Chry-

315 707 601 750 snstomum
627 714 643 761 ;
673 699 808 765 quod
841 709 893 750 et
921 698 1033 750 aliis
1055 697 1359 763 probabitur
1379 697 1716 764 argumentis.

381 789 536 840 Aliud
567 799 926 858 argumentum
955 789 1073 842 inde
1101 789 1354 849 sumitur,
1381 789 1517 855 quod
1548 790 1680 842 inter
1703 805 1862 842 cino-

314 877 458 930 nicos
485 878 767 944 Scripturze
797 881 957 932 libros
980 920 994 941 ,
1023 895 1153 946 quos
1175 880 1316 930 solos
1342 882 1390 930 in
1418 880 1520 930 line
1544 880 1864 934 Protlieoriu:

311 985 417 1021 sua:
445 980 632 1020 auctor
663 979 838 1022 uoster
865 979 1120 1028 recenset,
1155 969 1492 1036 Apoc-alvpsis
1521 985 1621 1020 non
1648 985 1863 1036 compa-

312 1067 439 1108 real.
465 1058 540 1110 Ne
571 1074 695 1110 vero
725 1067 931 1125 putetur
956 1073 1068 1109 eam
1100 1058 1243 1123 lapsu
1267 1059 1516 1123 graphice
1546 1061 1862 1124 praetermis-

309 1161 418 1196 sam
461 1147 654 1208 fuisse,
690 1155 828 1198 vetat
871 1145 1161 1198 scholiach
1205 1145 1473 1210 cujusdam
1516 1155 1633 1197 nota
1666 1147 1858 1212 margi-

309 1236 439 1284 nalis
464 1275 477 1295 ,
508 1250 625 1300 qua:
649 1235 725 1286 sic
754 1234 939 1296 habet,
968 1233 1101 1286 Nota
1129 1236 1290 1300 ipsum
1315 1250 1410 1284 non
1439 1249 1709 1284 memorare
1731 1235 1860 1300 Λειο-

306 1323 552 1388 cnlypsin.
598 1323 936 1389 Apocalypsis
973 1323 1108 1375 enim
1149 1322 1332 1388 priscis
1372 1322 1616 1374 Ecclesia:
1655 1323 1858 1374 saxulis

305 1427 407 1464 non
441 1413 492 1463 in
535 1413 778 1464 omnibus
809 1412 1054 1464 Ecclesiis
1083 1410 1460 1478 recipiebatur,
1494 1421 1546 1461 ut
1577 1411 1720 1462 aiunt
1751 1411 1857 1462 Eu-

303 1501 481 1554 sebius
509 1542 522 1561 ,
556 1500 901 1567 llieronymus
940 1500 1004 1551 de
1044 1499 1294 1565 Scriptor.
1332 1499 1529 1552 Eccles.
1558 1516 1572 1561 ;
1603 1499 1860 1566 Nicepho-

304 1604 391 1640 rus
424 1602 550 1639 vero
583 1587 869 1652 patriarcha
903 1588 949 1637 in
980 1587 1230 1653 Catalogo
1257 1602 1351 1637 suo
1372 1627 1385 1648 ,
1415 1603 1566 1653 quem
1597 1587 1857 1640 edidimus

305 1677 356 1728 in
397 1676 719 1728 Bibliotheca
748 1675 1058 1727 Coisliniana
1081 1715 1095 1736 ,
1130 1691 1180 1742 p.
1211 1675 1346 1739 203,
1381 1677 1516 1728 illam
1562 1677 1695 1729 inter
1731 1692 1856 1743 apo-

302 1767 498 1834 crypha
529 1776 805 1826 recenset,
839 1775 892 1816 nt
917 1774 968 1816 et
995 1765 1126 1817 alius
1154 1766 1241 1833 qui
1273 1765 1401 1818 infra
1430 1767 1478 1818 in
1507 1777 1625 1818 uota
1654 1783 1853 1821 memo-

303 1857 502 1906 rabitur
526 1872 538 1905 :
567 1871 748 1906 verum
777 1863 950 1921 patres
976 1869 1156 1906 omnes
1187 1855 1428 1922 prarcipui
1455 1897 1469 1920 ,
1502 1858 1816 1911 Athanasius
1835 1900 1850 1922 ,

304 1945 555 2007 Basilius,
585 1945 868 2011 Gregorius
891 1944 1244 1997 Nazianzenus
1265 1986 1279 2007 ,
1311 1955 1549 2013 totusque
1577 1948 1848 2011 Occidens,

303 2043 358 2083 ut
388 2033 670 2100 legitimum
701 2033 912 2086 Joannis
941 2035 1158 2100 apostoli
1186 2048 1316 2101 opus
1336 2074 1350 2097 ,
1377 2044 1428 2086 et
1455 2045 1510 2086 ut
1550 2038 1850 2089 canonicum

302 2125 624 2190 Scripturam
651 2125 876 2176 habuere
900 2142 913 2176 :
939 2125 1251 2191 demumque
1275 2140 1366 2191 per
1389 2133 1544 2176 totam
1568 2126 1849 2180 Ecclesium

303 2223 410 2264 tum
439 2214 674 2265 Grmcam
706 2223 810 2265 tum
842 2213 1075 2264 Latinam
1107 2213 1156 2263 in
1187 2229 1385 2266 canone
1426 2229 1692 2266 sacrorum
1722 2215 1853 2267 divi-

301 2318 591 2370 norumque
618 2304 866 2355 librorum
897 2312 1102 2369 recepta
1139 2311 1236 2355 est.

370 2396 614 2445 Attamen
643 2395 690 2445 in
725 2393 820 2444 hac
845 2394 1065 2461 Synopsi
1097 2393 1435 2461 Apoealypsis
1463 2411 1564 2446 non
1593 2411 1848 2448 memora-

298 2492 414 2544 tur,
449 2492 497 2532 et
530 2492 774 2533 monente
816 2483 1090 2532 scholiasta
1115 2522 1129 2543 ,
1164 2483 1211 2532 id
1246 2498 1344 2533 non
1376 2483 1567 2534 librarii
1598 2483 1722 2535 vitio
1751 2485 1845 2535 tri-

298 2569 558 2621 buendum
588 2576 687 2620 est.
718 2567 862 2621 Unde
888 2569 1116 2634 arguitur
1142 2583 1169 2620 a
1201 2571 1453 2635 scriptore
1497 2571 1608 2635 ipso
1632 2611 1647 2631 ,
1693 2580 1845 2636 atque

295 2659 497 2710 uthinc
525 2657 773 2724 consequi
822 2657 1054 2721 videtur,
1103 2658 1168 2708 ab
1217 2659 1481 2722 Ecclesia,
1536 2661 1683 2726 cujus
1738 2662 1846 2727 ipse

293 2757 404 2800 erat
426 2789 439 2809 ,
475 2747 702 2798 nondmn
723 2755 981 2812 receptam
1011 2745 1168 2798 fuisse
1197 2761 1313 2799 cum
1333 2747 1442 2798 lucc
1470 2750 1840 2801 scriberentur.

293 2838 448 2888 (Iertc
478 2836 705 2887 Joannes
727 2835 1148 2904 Chrysostomus,
1173 2837 1258 2903 qui
1283 2847 1465 2889 auctor
1485 2839 1660 2904 operis
1681 2838 1842 2890 fertur

295 2926 342 2975 in
387 2926 534 2976 titulo
555 2965 568 2985 ,
599 2939 877 2990 numquam
908 2925 1215 2992 Apocalypsi
1261 2941 1380 2977 usus
1407 2935 1486 2979 est
1515 2928 1563 2977 iu
1609 2927 1842 2979 llomiliis

290 3013 510 3078 aliisque
556 3013 702 3063 libris
729 3013 870 3074 suis,
903 3011 1032 3072 etsi,
1078 3012 1142 3062 ad
1170 3027 1344 3064 mores
1375 3013 1756 3076 informandus,
1790 3018 1838 3067 in

290 3118 392 3168 quo
420 3117 612 3168 genere
642 3102 865 3154 maxime
894 3110 1130 3153 versatur
1154 3115 1363 3154 sanetus
1389 3103 1598 3164 doctor,
1627 3105 1680 3157 in
1703 3106 1840 3171 Apo-

290 3191 486 3258 calypsi
512 3191 671 3241 multa
703 3190 884 3242 idonea
909 3201 1300 3257 opportunaque
1327 3192 1676 3257 reperiantur,
1707 3208 1834 3258 pra»

289 3283 543 3348 cipueque
570 3281 619 3332 in
652 3281 814 3333 tribus
846 3281 1102 3347 prioribus
1127 3282 1401 3347 capitibus.
1430 3282 1836 3346 Quantumcum-

287 3386 388 3436 que
407 3370 728 3434 diligentiam
749 3368 1096 3429 adhibuerim,
1122 3378 1174 3421 ut
1193 3370 1518 3434 explorarent
1547 3385 1668 3420 num
1693 3371 1838 3435 quid-

291 3459 423 3523 piam
457 3458 507 3508 iu
538 3466 676 3508 tanta
722 3472 934 3524 operum
964 3458 1101 3510 serie
1130 3457 1193 3508 ad
1223 3457 1568 3526 Apocalypsin
1596 3467 1837 3524 spectans

287 3545 797 3612 deprehenderetur,
849 3546 972 3598 nihil
1023 3547 1270 3598 hactenus
1320 3548 1508 3612 reperi.
1556 3547 1618 3599 Et
1665 3556 1835 3601 tamen

289 3635 444 3686 nmlta
473 3637 704 3686 erantin
751 3635 925 3686 libris.
963 3636 1104 3687 verbi
1145 3637 1303 3703 gratia
1327 3676 1340 3700 ,
1383 3636 1450 3689 de
1493 3636 1796 3690 Sacerdotio
1820 3681 1834 3703 ,

282 3741 400 3790 qua:
429 3725 491 3774 ad
524 3740 632 3775 rem
662 3725 883 3776 maxime
912 3725 1152 3777 conferre
1183 3741 1332 3790 posse
1360 3726 1678 3778 videbantur.
1711 3729 1835 3780 lude

287 3822 454 3865 autem
482 3813 619 3864 aliud
666 3813 927 3877 exsurgit,
956 3814 1064 3864 sive
1090 3823 1446 3879 argumentum
1467 3854 1481 3874 ,
1512 3816 1617 3866 sive
1659 3817 1832 3879 conje-

284 3910 447 3962 ctura,
472 3916 571 3967 qua
596 3900 728 3951 hanc
748 3901 1002 3966 Synopsin
1027 3900 1399 3966 Chrysostomo
1425 3917 1659 3954 asserere
1684 3919 1834 3968 posse

285 3992 538 4044 videmur.
561 3991 680 4042 llaec
695 4001 812 4042 sunt
835 3998 1132 4058 argumenta
1150 4006 1263 4058 qua:
1297 3999 1592 4045 mutuamur
1626 4008 1688 4045 ex
1713 3994 1833 4046 l‘ro-

285 4081 482 4132 theoria
513 4080 829 4148 Synopseos.

351 4168 405 4219 lu
451 4168 558 4233 ipsa
589 4182 742 4234 porro
767 4167 985 4235 Synopsi
1023 4168 1120 4219 alia
1152 4169 1311 4220 multa
1342 4177 1490 4234 sunt,
1518 4185 1632 4236 qum
1663 4170 1830 4239 Chry-

281 4266 565 4309 sostomum
587 4257 698 4322 ejus
717 4271 832 4308 esse
853 4266 1114 4308 auctorem
1136 4259 1371 4324 probent.
1399 4259 1632 4326 Exempli
1653 4276 1826 4324 causa,

283 4344 433 4407 paulo
465 4353 579 4410 post
611 4345 808 4395 initium
851 4344 1115 4397 Ceneseos
1139 4386 1150 4405 ,
1187 4345 1271 4397 tibi
1299 4346 1458 4397 Cham
1490 4349 1710 4400 verenda
1742 4365 1829 4415 p.1-

281 4433 370 4483 tris
395 4435 473 4485 sui
502 4435 760 4487 revelasse
789 4445 1058 4496 narratur,
1093 4436 1310 4504 ideoque
1336 4447 1385 4488 ct
1414 4437 1570 4489 Cham
1601 4450 1654 4491 et
1693 4440 1826 4491 filius

277 4525 387 4589 ejus
412 4525 657 4577 Chanaan
687 4527 1044 4580 maledicitur:
1088 4527 1196 4580 haec
1221 4530 1285 4579 ibi
1312 4531 1552 4593 leguntur
1579 4549 1588 4580 :
1629 4549 1645 4580 ι
1679 4533 1824 4584 Post-

277 4629 335 4664 ca
360 4629 482 4665 vero
509 4615 666 4668 Senio
691 4617 895 4682 quidem
921 4625 972 4668 ct
995 4616 1212 4682 Japltcto
1240 4617 1534 4681 benediait;
1567 4621 1825 4673 maledii-it

276 4712 443 4752 autem
474 4701 809 4755 Chanaannm
833 4745 844 4765 ,
873 4706 987 4771 quia
1014 4715 1157 4770 pater
1185 4706 1296 4771 ejus
1318 4707 1478 4758 Cbam
1507 4710 1824 4761 revelari-rat

277 4791 559 4843 nuditatem
589 4794 768 4856 patris.
810 4795 1096 4846 Maledictio
1138 4804 1308 4846 autem
1343 4797 1422 4846 illa
1464 4808 1701 4849 eventum
1733 4799 1821 4851 lia-

277 4879 382 4930 huit
413 4881 460 4931 in
501 4880 799 4933 Gabaonitis
825 4899 836 4940 ;
882 4885 984 4934 imo
1014 4885 1182 4950 potius
1221 4885 1392 4950 specie
1420 4887 1626 4952 quidem
1658 4892 1818 4939 male-

274 4971 428 5022 dictio
455 4981 596 5033 erat,
640 4973 729 5023 sed
771 4987 946 5024 revera
990 4973 1278 5039 prophetia.
1318 4994 1332 5022 θ
1371 4975 1434 5026 Et
1459 4975 1569 5026 lucc
1593 4986 1672 5027 est
1701 4993 1818 5027 sen-

275 5060 428 5109 tentia
459 5059 830 5125 Chrysostomo
876 5062 1078 5125 propria
1099 5101 1112 5122 ,
1143 5077 1295 5127 quam
1323 5062 1454 5126 apud
1486 5071 1704 5114 Caeteros
1730 5081 1815 5113 ec-

271 5146 587 5198 clesiaSticos
623 5147 912 5212 Scriptores
936 5164 1034 5197 non
1065 5150 1275 5200 memini
1304 5165 1383 5200 me
1410 5150 1598 5215 legere,
1631 5167 1816 5216 nempe

275 5236 688 5287 maledictioncm
710 5236 968 5286 Chanaani
995 5237 1042 5286 in
1071 5237 1371 5289 Gabaonitis
1399 5239 1663 5305 impletam
1693 5240 1814 5291 fuis-

272 5337 344 5372 se.
378 5321 635 5388 lpsissiina
659 5363 672 5384 ,
707 5323 940 5389 inquam,
969 5322 1022 5374 S.
1052 5322 1278 5376 doctoris
1311 5327 1565 5377 sententia
1588 5367 1601 5389 ,
1632 5327 1811 5377 iisdem

272 5418 322 5460 ut
351 5411 621 5475 plurimum
652 5410 824 5462 verbis
852 5425 1119 5476 expressa.
1165 5412 1248 5463 Sic
1279 5413 1414 5463 enim
1446 5413 1598 5466 habet
1629 5415 1676 5466 in
1711 5416 1812 5466 Isa-

273 5501 389 5556 iam,
417 5513 532 5564 cap.
559 5499 612 5559 2,
641 5515 690 5548 ν.
725 5500 998 5564 l,bujuscc
1020 5499 1164 5549 Tomi
1189 5499 1245 5547 VI
1277 5501 1374 5552 col.
1408 5502 1474 5552 ‘38
1508 5519 1518 5551 :
1559 5521 1573 5550 (
1598 5502 1648 5553 ld
1676 5503 1811 5569 quod

269 5587 418 5639 etiam
449 5588 498 5640 in
523 5588 804 5644 Chanaano
847 5591 1033 5644 factum
1074 5598 1169 5641 est.
1211 5589 1384 5656 neque
1413 5594 1548 5643 cnim
1579 5593 1810 5646 videmus

1529 316 1839 371 DlATRlB-A
1881 316 1942 369 IN
1981 316 2318 377 SYNOPSIN.

3421 335 3532 389 310

1971 429 2116 484 illtun
2149 432 2423 486 servivisse
2463 434 2704 488 fratribus
2753 438 2891 496 suis,
2925 454 3092 507 neque
3119 441 3274 493 etiam
3302 440 3508 495 maledi-

1970 519 2192 572 ctionem
2212 523 2484 583 excidisse,
2500 525 2591 577 sed
2613 526 2659 576 in
2683 525 2982 579 Cubaonitis
3003 546 3064 580 ex
3087 530 3362 582 Chanaauo
3384 531 3518 584 ortis

1971 609 2126 660 linem
2150 611 2431 676 accepisse.
2479 610 2606 663 Nam
2654 614 2700 664 id
2750 615 2885 680 quod
2936 616 3200 669 dicebatur
3246 617 3515 685 prophetia

1969 706 2100 762 erat,
2125 698 2499 753 maledictionis
2521 701 2681 754 forma
2701 704 2917 770 prolata.
2949 725 2967 756 ι
3003 706 3068 758 Ει
3098 708 3194 760 hoc
3225 709 3388 776 ipsum
3414 709 3520 762 alio

1969 784 2123 836 modo
2149 786 2272 837 dicit
2299 787 2428 839 infra
2455 789 2504 840 iu
2530 788 2751 858 Synopsi
2794 791 2965 844 Josua:
2989 810 3002 843 :
3038 812 3054 842 ι
3092 794 3219 846 Cum
3246 811 3347 848 non
3381 811 3508 865 pos-

1968 882 2084 925 sent
2127 875 2370 928 lsraelita:
2418 889 2628 945 pmpter
2694 881 2812 933 data
2855 882 3144 948 juramcnta
3201 886 3514 941 Gabaonitas

1967 978 2266 1032 oppugnare
2289 1007 2302 1027 ,
2335 981 2512 1020 servos
2543 968 2682 1035 ipsos
2729 973 3105 1024 constituerunt
3126 1015 3138 1031 .
3171 975 3414 1042 lignarios
3460 989 3514 1032 ct

1965 1065 2113 1117 aqum
2132 1053 2349 1120 bajulos.
2381 1056 2471 1108 lltc
2499 1060 2692 1110 exitum
2724 1059 2876 1113 habet
2904 1064 3169 1128 praedictio
3189 1065 3326 1129 Noe,
3356 1084 3516 1135 quam

1965 1140 2132 1193 dixit:
2163 1143 2399 1196 Chanaan
2423 1162 2546 1212 puer
2576 1163 2740 1199 servus
2767 1165 2784 1199 :
2811 1164 2875 1201 ex
2919 1150 3004 1203 illo
3047 1167 3270 1221 namque
3317 1155 3368 1208 lii
3410 1155 3511 1210 orti

1965 1238 2130 1280 erant.
2167 1248 2186 1280 ι
2227 1231 2345 1283 ιιωρ
2382 1248 2508 1286 sane
2528 1250 2630 1288 non
2663 1238 2804 1303 parvi
2828 1241 3076 1292 momenti
3101 1243 3304 1295 erudito
3329 1244 3508 1298 lectori

1964 1316 2275 1370 videbuntur
2318 1320 2382 1372 ad
2426 1337 2555 1384 opus
2600 1323 2973 1392 Chrysostomo
3005 1328 3434 1395 adjmlicandum.

2037 1407 2187 1458 Aliud
2216 1420 2600 1475 argumentum,
2630 1426 2725 1464 nec
2745 1428 2870 1465 sane
2899 1415 3087 1477 levius,
3114 1418 3310 1468 crnitur
3331 1434 3388 1469 ex
3419 1436 3508 1470 cu-

1962 1493 2080 1545 dem
2109 1494 2370 1548 Geneseos
2400 1496 2620 1566 Syuopsi
2648 1519 2659 1552 :
2692 1503 2908 1553 Assunu't
2939 1502 3104 1554 Thara
3134 1515 3271 1572 pater
3301 1507 3509 1560 Ala-aha:

1960 1583 2092 1648 ﬁlios
2115 1601 2230 1636 suos
2255 1586 2499 1638 Abraham
2528 1598 2572 1639 ct
2597 1587 2804 1642 Nae/tor
2828 1600 2872 1642 ct
2892 1603 3114 1659 nepotem
3139 1610 3280 1644 suum
3309 1592 3402 1646 Lat
3421 1635 3435 1660 ,
3463 1605 3509 1648 et

1959 1673 2086 1724 venit
2114 1674 2163 1724 in
2192 1672 2435 1726 Charran.
2465 1675 2584 1729 llaac
2610 1686 2751 1730 certe
2778 1679 2932 1731 lectio
2962 1681 3134 1732 vitiata
3165 1680 3258 1734 fuit
3279 1722 3291 1742 ,
3323 1691 3375 1734 et
3403 1682 3506 1735 Na-

1958 1760 2086 1814 chor
2112 1773 2290 1814 coiitra
2316 1765 2466 1817 fidem
2501 1774 2667 1819 textus
2706 1767 2942 1820 llebraici
2969 1809 2980 1829 ,
3011 1770 3252 1823 editionis
3281 1771 3419 1824 LXX
3455 1784 3507 1826 ct

1959 1849 2195 1915 vulgata‘,
2215 1850 2262 1901 in
2286 1850 2420 1903 hunc
2443 1861 2635 1905 textum
2656 1854 2877 1921 irrepsit.
2898 1856 3038 1908 llanc
3056 1872 3209 1924 porro
3229 1859 3501 1912 lectionem

1959 1953 2211 2005 nusquam
2233 1940 2360 1991 alias
2383 1942 2573 2007 reperi,
2595 1945 2690 1995 nisi
2713 1944 2846 2011 apud
2875 1946 3325 2014 CllrySt)Sl0Hillﬂl,
3351 1964 3503 2016 quem

1958 2038 2154 2080 certum
2186 2039 2264 2081 est
2295 2031 2360 2080 ita
2394 2030 2576 2098 legisse
2607 2032 2654 2083 in
2682 2034 2964 2100 exemplari
2993 2049 3086 2087 suo
3114 2053 3126 2088 :
3158 2051 3277 2086 nam
3311 2036 3499 2088 llomil.

1955 2117 2015 2168 51
2046 2118 2097 2170 in
2137 2117 2402 2182 Genesim,
2427 2119 2527 2172 col.
2556 2120 2658 2173 282
2688 2121 2836 2174 Tom.
2858 2123 2890 2175 4
2917 2134 3106 2176 nostra:
3133 2123 3374 2177 editionis
3394 2166 3407 2187 ,
3431 2127 3505 2179 sic

1956 2204 2172 2273 legimus
2191 2224 2201 2258 :
2219 2206 2282 2258 Et
2301 2209 2484 2275 accepit
2507 2209 2700 2260 Tharra
2721 2211 2900 2263 Abram
2920 2221 2964 2263 et
2987 2212 3194 2266 Nachor
3219 2217 3347 2281 ﬁlios
3369 2232 3502 2278 suos,

1954 2306 1999 2345 et
2018 2295 2110 2345 Lot
2127 2297 2290 2361 ﬁlium
2312 2299 2471 2348 Arran
2491 2299 2583 2364 ﬁlii
2605 2302 2699 2351 sui.
2727 2299 2846 2353 lla-c
2876 2317 2998 2355 vero
3024 2303 3173 2355 lectio
3190 2306 3264 2356 sic
3286 2304 3503 2356 habetur

1955 2383 2004 2434 in
2033 2384 2274 2437 omnibus
2301 2387 2512 2438 omnino
2541 2401 2654 2439 cum
2687 2387 2851 2439 Editis
2893 2398 2997 2440 tum
3027 2392 3420 2458 manuscriptis,
3451 2402 3504 2444 et

1953 2472 2005 2522 in
2031 2471 2212 2523 eadem
2244 2472 2462 2525 llomilia
2493 2474 2641 2536 infra,
2676 2476 2776 2527 col.
2806 2477 2932 2539 285,
2963 2491 3100 2544 scq.,
3131 2479 3312 2530 eadem
3346 2480 3502 2532 lectio

1954 2558 2030 2610 bis
2067 2561 2318 2626 repetitur
2347 2579 2357 2611 :
2391 2563 2458 2612 ita
2487 2572 2538 2613 ut
2565 2563 2688 2614 nihil
2719 2564 2858 2616 dubii
2886 2565 3098 2618 subesse
3143 2569 3336 2633 possit,
3379 2570 3502 2635 quin

1954 2645 2035 2698 hic
2064 2648 2208 2700 locus
2232 2650 2304 2700 sic
2326 2665 2605 2717 expressus
2634 2653 2789 2705 fuerit
2816 2653 2864 2704 iu
2893 2656 3172 2720 exemplari
3205 2672 3306 2724 quo
3333 2658 3501 2726 Chry-

1950 2744 2212 2789 sostomus
2241 2739 2480 2792 utebatur
2506 2758 2516 2790 :
2551 2756 2654 2808 quo
2679 2756 2799 2793 usus
2829 2752 2906 2794 est
2932 2744 3085 2794 etiam
3104 2755 3282 2797 auctor
3301 2746 3502 2814 Synup~

1949 2839 2100 2888 seos,
2130 2827 2237 2879 sive
2265 2828 2372 2887 ipse
2403 2828 2834 2896 Chrysostomns,
2880 2840 2933 2883 ut
2957 2846 3017 2883 ex
3049 2832 3146 2886 hoc
3173 2843 3223 2885 et
3267 2851 3328 2886 ex
3368 2850 3500 2902 pra:-

1947 2915 2252 2969 cedentibus
2292 2921 2607 2985 argumentis
2638 2919 2842 2986 probari
2879 2919 3103 2973 videtur.

2017 3005 2127 3057 Non
2153 3008 2406 3060 minorem
2447 3008 2857 3074 prwccdentibus
2885 3012 3240 3076 probationem
3269 3013 3499 3065 eruimus

1945 3111 2006 3148 cx
2035 3097 2254 3163 Synopsi
2278 3098 2658 3149 Deuteronomii
2677 3138 2691 3161 ,
2716 3100 2798 3150 ubi
2825 3100 3012 3151 dicitur
3037 3119 3048 3152 :
3081 3099 3176 3152 llic
3195 3103 3331 3169 jacet
3350 3103 3492 3165 illud,

1945 3185 2244 3240 Maledictus
2281 3189 2449 3240 otnnis
2479 3189 2564 3257 qui
2597 3189 2784 3255 pendet
2815 3191 2864 3242 in
2895 3191 3050 3258 ligno.
3085 3192 3212 3253 Quia
3243 3210 3356 3261 ergo
3388 3210 3495 3244 ma-

1945 3274 2138 3326 ledictio
2164 3277 2356 3342 prolata
2395 3285 2498 3328 erat
2528 3278 2578 3327 in
2603 3293 2683 3329 eos
2719 3279 2804 3344 qui
2831 3295 2926 3330 non
2955 3280 3259 3332 observarent
3303 3282 3455 3349 legem
3478 3322 3492 3347 ,

1943 3365 2243 3416 Maledictus
2273 3367 2438 3415 omnis
2465 3366 2549 3432 qui
2581 3381 2683 3416 non
2713 3377 2886 3418 manet
2914 3369 2961 3418 in
3006 3369 3245 3420 omnibus
3289 3371 3494 3436 scriptis

1944 3451 1992 3502 iu
2014 3451 2111 3503 hoc
2132 3451 2295 3504 libro:
2325 3453 2384 3503 de
2405 3453 2506 3519 lege
2533 3454 2746 3518 loquitur
2771 3453 2984 3521 Moyses,
3020 3471 3105 3506 nec
3134 3466 3320 3520 poterat
3350 3457 3492 3509 Citri-

1941 3552 2042 3594 stus
2067 3543 2118 3593 in
2142 3543 2268 3594 hanc
2294 3544 2539 3596 incurrere
2578 3545 2968 3596 maletlirtionein
2991 3561 3007 3596 :
3035 3546 3250 3612 implerit
3279 3564 3491 3611 namque

1943 3632 2114 3699 legem,
2145 3634 2533 3685 maledictioncm
2557 3637 2898 3688 maledictione
2924 3639 3236 3688 conmtutarit
3255 3678 3270 3702 ,
3294 3655 3492 3704 sitspcn-

1940 3739 2024 3773 sus
2062 3723 2112 3774 in
2152 3724 2302 3790 ligno.
2346 3724 2454 3776 lloc
2494 3725 2658 3792 ipsum
2707 3727 2938 3793 pitu-ibus
2975 3728 3293 3780 enuntiatum
3332 3729 3490 3782 habes

1939 3813 2326 3865 Commentario
2354 3814 2403 3864 in
2433 3814 2716 3881 Epistulam
2744 3815 2806 3866 ad
2837 3815 3044 3868 Galatas
3067 3855 3080 3878 ,
3112 3818 3276 3884 capite
3302 3818 3334 3870 5
3355 3859 3367 3879 ,
3402 3819 3487 3870 ubi

1939 3915 2046 3951 rem
2085 3902 2314 3968 explicat.
2335 3900 2442 3962 ille,
2462 3908 2534 3962 et,
2559 3915 2677 3967 qua:
2701 3900 2786 3953 hic
2812 3902 3047 3954 breviter
3067 3905 3276 3966 extulit,
3310 3905 3486 3958 multis

1935 3988 2180 4054 explanat
2218 3990 2408 4040 verbis.
2450 3989 2516 4042 lis
2544 4005 2667 4042 vero
2712 3989 2997 4042 referendis
3038 3990 3299 4043 brevitatis
3327 4007 3484 4045 causa

1936 4077 2268 4141 supersedeo.
2294 4077 2393 4129 Sed
2417 4079 2703 4131 studiosum
2733 4080 2974 4130 lectorem
3000 4078 3176 4131 hortor
3196 4121 3209 4144 ,
3234 4089 3286 4131 ut
3311 4081 3481 4132 lounu

1937 4167 2102 4231 ipsum
2131 4168 2314 4228 adeat,
2345 4179 2394 4220 et
2425 4183 2542 4220 meo
2583 4169 2706 4236 perii
2729 4169 2812 4220 nlo
2855 4168 2923 4220 ibi
2966 4168 3391 4235 Chrysostonmm
3420 4186 3479 4220 ea

1938 4254 2166 4319 pluribus
2210 4264 2539 4320 narrantem,
2584 4265 2635 4308 et
2679 4255 2915 4308 eumdem
2963 4257 3384 4325 Chrysostomum
3431 4257 3479 4309 iu

1936 4342 2031 4394 hac
2062 4344 2279 4411 Synopsi
2310 4345 2574 4409 cpitomcn
2603 4360 2782 4397 eorum
2814 4343 3140 4397 exhibentem
3173 4347 3475 4410 comperiet.

2001 4436 2196 4485 Auctor
2220 4435 2298 4484 hic
2324 4445 2496 4485 noster
2525 4434 2925 4502 Chrysnstomus
2953 4434 3139 4498 passim
3164 4449 3278 4484 cum
3307 4432 3478 4485 Juda:-

1932 4522 1994 4584 is,
2018 4538 2234 4587 quorum
2265 4540 2477 4588 magnus
2506 4522 2791 4573 Antiochia:
2821 4538 3064 4573 umnerus
3092 4532 3234 4586 erat,
3257 4538 3476 4575 concer-

1931 4620 2022 4663 tat.
2049 4613 2175 4663 Illud
2203 4615 2364 4675 ipsum
2392 4613 2437 4662 in
2466 4611 2560 4662 hac
2584 4610 2805 4678 Synnpsi
2836 4609 3127 4676 frequenter
3149 4611 3473 4675 observatur,

1930 4699 2052 4750 nihil
2083 4699 2319 4751 obstante
2347 4699 2594 4749 brevitate
2616 4738 2629 4760 ,
2661 4713 2813 4763 quam
2843 4698 2921 4748 vel
2949 4714 3014 4749 ex
3051 4699 3160 4765 ipso
3188 4714 3281 4751 suo
3309 4701 3476 4750 nouli-

1929 4805 1990 4839 ne
2013 4791 2260 4856 Synnpsis
2282 4789 2455 4854 exigit.
2482 4788 2770 4853 Aliquando
2793 4787 2945 4837 etiam
2971 4790 3079 4840 loca
3109 4789 3299 4841 indicat
3319 4831 3330 4848 ,
3357 4805 3472 4857 qua:

1928 4880 2124 4944 passim
2152 4893 2326 4928 comta
2369 4878 2576 4928 Judmos
2613 4876 2845 4942 nsurpari
2867 4917 2879 4936 ,
2916 4884 2971 4926 ut
3002 4876 3050 4926 in
3077 4877 3298 4944 Synopsi
3324 4877 3470 4931 Jcrc-

1926 4968 2042 5018 mia:
2064 4968 2174 5018 sic:
2213 4987 2227 5014 ι
2278 4968 2336 5018 lit
2364 4970 2402 5016 si
2432 4966 2618 5016 malum
2645 4966 2888 5024 fecerint,
2921 4981 3022 5014 non
3054 4964 3233 5015 faciam
3264 4981 3359 5031 ego
3382 4968 3472 5017 bo-

1925 5073 1986 5106 na
2037 5073 2150 5122 qua:
2194 5057 2432 5122 loquutus
2481 5071 2592 5106 smn
2636 5063 2689 5104 ut
2728 5055 2947 5104 facerem
2990 5053 3104 5105 illis.
3139 5052 3246 5105 lloc
3292 5064 3466 5107 autem

1923 5156 2077 5210 caput
2097 5156 2273 5196 contra
2294 5146 2422 5198 Judi
2443 5162 2501 5196 os
2524 5145 2646 5195 utile
2669 5144 2765 5194 erit
2787 5183 2799 5204 ,
2823 5159 2938 5194 cum
2965 5142 3167 5205 dicent,
3195 5145 3465 5196 Dominum

1924 5236 2046 5299 ipsis
2074 5237 2206 5286 bona
2235 5237 2550 5301 promisisse.
2581 5234 2707 5286 Cum
2733 5234 2868 5285 enim
2898 5247 2998 5287 non
3023 5233 3337 5284 crediderint
3364 5233 3469 5284 Do-

1921 5326 2062 5374 mino
2094 5335 2271 5375 nostro
2298 5324 2417 5374 Jestt
2450 5324 2694 5381 Christo,
2732 5322 2824 5384 ipsi
2859 5322 2954 5372 sibi
2990 5322 3111 5388 ipsis
3137 5337 3290 5374 causa
3323 5322 3467 5377 fuere

1920 5415 2249 5478 pt'msentinu'i
2293 5415 2564 5465 malorum.
2608 5430 2619 5460 l

1987 5502 2339 5568 Chrysostomi
2380 5517 2566 5566 scapus
2593 5509 2667 5552 est
2710 5499 2886 5551 multis
2913 5499 2962 5551 in
3005 5499 3129 5551 locis
3154 5541 3164 5560 ,
3193 5511 3245 5553 et
3272 5502 3466 5556 .Iuda'is

1916 5604 1966 5646 ct
1997 5591 2299 5646 Christianis
2339 5591 2592 5656 probare,
2638 5599 2894 5657 praecepta
2939 5587 3234 5655 lmjusmodi
3282 5593 3469 5660 lcgalia
