3990 6458
524 358 628 413 311

531 464 632 502 non
671 447 829 502 fuisse
855 453 994 499 tanta
1020 445 1267 512 religione
1296 441 1566 497 servanda.
1597 441 1728 507 Quin
1756 443 1911 494 etiam
1939 455 2060 492 san-

533 548 640 591 ctos
667 536 807 589 viros
836 535 885 588 in
919 534 1088 588 Veteri
1117 532 1449 585 Testamento
1481 531 1563 582 illa
1593 528 1745 582 facile
1773 538 2063 596 transgres-

531 641 615 678 sos
645 639 788 688 esse,
831 623 1072 692 quoniam
1103 635 1163 675 ea
1184 661 1198 685 ,
1231 635 1345 688 qua:
1371 619 1433 673 ad
1464 620 1616 672 ritum
1645 617 1942 686 cultumque
1970 630 2064 669 ex-

527 715 778 772 teriorem
809 712 1155 780 pertinebant,
1175 723 1278 762 non
1304 723 1420 762 esse
1461 708 1584 761 tanti
1612 706 1880 766 momenti,
1905 714 1958 759 et
1983 704 2062 756 fa-

523 804 627 857 cile
647 817 796 870 posse
808 801 1131 870 prmtermitti
1151 800 1380 868 putabat.
1397 799 1481 853 Sic
1505 799 1553 850 in
1569 799 1751 850 Isaiam
1769 811 1942 864 supra,
1959 796 2061 850 col.

532 892 597 946 19
624 897 641 961 (
666 907 692 943 a
711 890 906 946 Grmeis
930 889 1213 943 referendis
1240 889 1503 942 brevitatis
1525 900 1680 940 causa
1705 885 2018 954 supersedeo
2046 883 2064 949 )

537 983 792 1050 legimus:
822 979 1126 1033 Ilolocausla
1165 980 1372 1032 arietum
1413 988 1457 1030 et
1500 978 1695 1042 adipem
1740 989 1982 1044 agnorum
2019 982 2066 1026 et

531 1071 818 1138 sanguinem
859 1080 1112 1121 taurorum
1151 1076 1194 1118 et
1247 1067 1494 1118 hircorum
1534 1065 1666 1115 nolo.
1711 1063 1763 1115 In
1801 1064 1911 1115 haec
1943 1072 2065 1114 ver-

532 1158 596 1210 ba
633 1154 1032 1225 Cbrysostomus
1061 1156 1129 1208 ita
1167 1154 1430 1222 loquitur:
1478 1170 1497 1203 ‹
1530 1151 1657 1204 Nam
1687 1151 1804 1217 quia
1841 1148 2067 1202 accusati

532 1246 830 1314 frequenter
849 1285 863 1308 ,
888 1243 1025 1314 quod
1049 1243 1250 1298 eteteris
1275 1239 1550 1294 virtutibus
1572 1239 1720 1292 vacui
1744 1246 1945 1301 essent,
1973 1251 2067 1306 pro

531 1336 754 1389 maxima
806 1333 1108 1388 defensione
1151 1331 1400 1384 sacriﬁcia
1439 1327 1817 1390 obtendebant,
1859 1334 1917 1379 ut
1952 1340 2069 1394 qua

532 1427 829 1494 frequenter
869 1423 1261 1491 persolvebant,
1308 1421 1496 1474 merito
1523 1429 1738 1485 uterque
1778 1416 2027 1485 propheta
2051 1455 2066 1480 ,

532 1513 635 1565 imo
664 1512 832 1580 potius
858 1511 1029 1564 caeleri
1067 1523 1251 1561 omnes
1273 1508 1338 1561 ab
1377 1507 1472 1560 hac
1513 1506 1810 1559 defensione
1837 1504 1952 1557 illos
1977 1517 2068 1557 ex-

531 1601 760 1654 turbant.
792 1599 941 1655 Unde
970 1599 1176 1667 plauum
1203 1605 1282 1651 est
1308 1610 1368 1650 ea
1395 1609 1500 1650 non
1525 1608 1639 1647 esse
1669 1608 1763 1662 per
1788 1607 1845 1645 se
1881 1591 2070 1660 praeci-

535 1707 633 1758 pue
661 1692 938 1744 constituta
956 1729 971 1754 ,
995 1687 1087 1742 sed
1114 1695 1167 1739 ut
1191 1685 1254 1739 ad
1283 1694 1479 1738 rectum
1507 1683 1624 1735 vita:
1655 1683 1942 1734 institutum
1969 1694 2072 1733 caa-

535 1789 775 1848 terasque
810 1779 1025 1832 virtutes
1053 1776 1170 1829 illos
1199 1773 1534 1827 deducerent.
1569 1790 1586 1820 ι
1624 1771 1954 1836 Expositione
1981 1782 2071 1821 au-

535 1879 639 1921 tem
669 1869 720 1920 in
749 1867 1000 1935 psalmum
1028 1865 1115 1930 45,
1147 1864 1293 1916 Tom.
1324 1862 1385 1926 V,
1408 1861 1508 1915 col.
1540 1861 1637 1913 167
1665 1875 1795 1927 sqq.,
1828 1867 1965 1909 totus
1993 1864 2072 1908 est

534 1972 596 2010 ea
623 1956 672 2009 in
701 1969 757 2008 re
782 1954 1064 2022 probanda,
1083 1952 1308 2018 dicitque
1331 1957 1640 2018 praeceptum
1669 1948 1733 2000 de
1759 1947 1972 1998 sabbato
1989 1958 2072 1998 so-

535 2047 698 2098 lutum
721 2044 896 2107 fuisse,
914 2059 1031 2097 eum
1047 2042 1266 2112 populus
1289 2056 1380 2108 per
1398 2047 1594 2106 septem
1610 2037 1720 2090 dies
1733 2045 1961 2090 armatus
1978 2036 2073 2088 sub

535 2133 690 2186 Josue
716 2132 842 2195 fuit;
872 2145 989 2184 nam
1011 2138 1210 2197 septem
1238 2127 1470 2181 continui
1498 2126 1609 2179 dies
1639 2124 1932 2178 necessario
1957 2122 2073 2176 sab-

537 2223 715 2276 batum
746 2219 1030 2273 includunt.
1059 2218 1181 2271 Hme
1207 2217 1489 2284 smpissime
1511 2214 1746 2269 decantat
1765 2212 2075 2283 Cbrysosto-

541 2325 676 2362 mus.
714 2308 766 2361 ln
802 2307 1026 2378 Synopsi
1067 2314 1237 2358 autem
1268 2305 1383 2357 libri
1415 2303 1570 2357 .losuc
1600 2303 1725 2354 infra
1755 2301 1831 2354 sic
1855 2299 2076 2353 dilucide

539 2398 770 2466 loquitur
795 2414 806 2449 :
833 2396 1008 2450 «Tune
1029 2394 1179 2448 Jesus
1207 2394 1384 2447 cultris
1412 2391 1623 2459 lapideis
1641 2389 1960 2442 circumcidit
1986 2388 2077 2441 Ju-

537 2487 713 2539 daeos:
745 2485 863 2554 quia
885 2484 1214 2553 quadraginta
1238 2483 1385 2534 annis
1408 2490 1640 2534 versatus
1661 2477 1825 2531 fuerat
1845 2478 2003 2532 lsrael
2025 2479 2076 2530 in

543 2580 787 2631 deserto:
821 2576 1039 2643 ideoque
1083 2572 1229 2624 multi
1276 2585 1454 2625 eorum
1481 2569 1786 2622 bellatorum
1808 2609 1822 2631 ,
1853 2567 1938 2634 qui
1981 2565 2079 2620 ob-

537 2662 732 2725 ierant,
748 2660 1112 2716 incircumcisi
1130 2653 1418 2711 erant.Pro
1438 2657 1534 2708 illis
1559 2654 1822 2709 substituit
1851 2654 1986 2708 Deus
2015 2655 2073 2706 li-

541 2752 636 2804 lios
663 2764 841 2803 eorum
862 2789 876 2812 ,
909 2763 1037 2815 quos
1065 2747 1214 2799 Jcsus
1239 2743 1559 2798 circumcidit
1583 2761 1594 2795 :
1625 2743 1762 2812 quod
1791 2743 1888 2811 ipsi
1917 2742 2076 2796 incir-

541 2842 755 2897 cutneisi
783 2838 1160 2892 mansissentin
1180 2837 1278 2888 via.
1304 2835 1447 2887 Tune
1477 2833 1597 2887 fecit
1623 2833 1817 2886 Pascha
1848 2841 1971 2885 :eta
1994 2833 2077 2886 die

539 2947 640 3000 qua
656 2929 991 2984 comederunt
1006 2940 1182 2995 azyma
1199 2941 1260 2979 ex
1280 2924 1533 2977 frumento
1551 2930 1700 2975 terra:
1719 2922 1872 2985 illius,
1891 2921 2074 2974 defecit

540 3033 747 3073 manna.
770 3017 985 3072 Jubetur
1003 3004 1154 3069 Jesus
1178 3015 1376 3067 solvere
1396 3012 1801 3064 calceamentum
1824 3024 1999 3074 suum,
2025 3018 2077 3062 et

540 3109 760 3165 circuire
783 3106 992 3161 Jerieho
1016 3120 1132 3158 cum
1152 3104 1284 3158 tubis
1297 3111 1480 3156 etarca
1500 3110 1698 3168 septem
1729 3100 1910 3155 diebus
1933 3116 1945 3151 :
1975 3116 2078 3168 quo

539 3205 750 3262 peracto
771 3210 863 3264 per
888 3209 944 3247 se
973 3193 1102 3246 muri
1123 3191 1439 3245 ceciderunt.
1466 3189 1787 3242 Manifestum
1815 3189 1984 3256 itaque
1999 3199 2080 3241 est

535 3287 642 3357 jam
666 3295 784 3336 tunc
809 3291 1034 3348 emptum
1063 3294 1177 3334 esse
1203 3279 1335 3331 solvi
1374 3278 1644 3329 sabbatum
1670 3293 1684 3327 :
1717 3276 2076 3343 undecumque

540 3375 740 3430 initium
755 3372 876 3440 quis
894 3372 1085 3431 ducat,
1115 3380 1326 3419 necesse
1361 3375 1441 3418 est
1478 3365 1745 3418 snbbatum
1777 3362 2005 3416 incidere
2027 3363 2077 3414 in

541 3475 738 3534 septem
781 3465 894 3516 illos
918 3464 1046 3516 dies.
1089 3481 1106 3512 ι
1139 3457 1327 3514 Statuit
1355 3471 1478 3524 ergo
1500 3455 1899 3524 Cbrysostomus
1947 3467 2079 3521 prte-

543 3563 690 3621 cepta
713 3553 795 3604 illa
820 3552 883 3604 ad
909 3551 1217 3604 exteriorem
1240 3549 1432 3602 cultum
1458 3544 1764 3614 pertinentia
1786 3584 1798 3606 ,
1826 3558 1925 3595 non
1953 3541 2077 3595 fuis-

543 3657 600 3695 se
626 3641 757 3694 vela
793 3641 983 3693 sanctis
1012 3639 1133 3690 viris
1164 3645 1301 3689 tanta
1340 3637 1588 3704 religione
1628 3641 1866 3696 servata,
1897 3640 1952 3684 ut
1977 3632 2080 3684 eir-

545 3731 791 3785 cumcisio
819 3739 871 3782 et
898 3728 1185 3782 sabbatum.
1213 3725 1268 3778 lu
1289 3728 1376 3780 bis
1399 3726 1572 3794 utique
1599 3740 1701 3778 non
1740 3726 1896 3778 alium
1924 3736 2075 3792 quam

543 3823 965 3891 ChrySOstomum
1007 3832 1286 3887 agnoscere
1314 3831 1523 3885 possum
1547 3832 1560 3880 ;
1588 3816 1709 3885 quid
1738 3831 1862 3869 vero
1887 3816 1930 3868 si
1959 3828 2076 3870 cum

543 3920 620 3963 tot
647 3912 760 3963 aliis
789 3909 1103 3977 argumentis
1133 3908 1228 3959 hoc
1251 3908 1406 3959 etiam
1448 3905 1733 3973 adjungas?
1780 3905 1914 3958 Alibi
1941 3919 2072 3973 quo-

542 4013 645 4065 que
675 3999 722 4049 iu
740 3998 841 4050 hac
861 3994 1091 4065 Synopsi
1110 3995 1218 4047 loca
1242 3995 1468 4062 reperias
1487 4033 1501 4056 ,
1526 3993 1609 4046 ubi
1632 3993 1853 4060 scriptor
1871 4007 1930 4047 se
1957 4007 2074 4047 cum

540 4087 732 4140 .ludaais
761 4099 898 4152 szrpe
927 4099 1134 4136 manum
1165 4098 1439 4136 conserere
1466 4082 1772 4135 subindicat.

613 4176 806 4227 Prmter
835 4176 942 4226 luce
967 4180 1269 4240 argumenta
1289 4210 1302 4232 ,
1330 4187 1445 4240 quae
1471 4186 1593 4224 sane
1619 4171 1930 4224 validissima
1961 4186 2077 4225 esse

545 4281 697 4318 nemo
723 4280 749 4315 a
777 4263 1104 4331 pra-judicata
1145 4261 1389 4329 opinione
1417 4261 1547 4314 liber
1572 4275 1673 4313 non
1701 4259 1946 4322 fateatur,
1975 4261 2074 4314 alia

545 4355 681 4406 forte
708 4352 903 4403 minora
923 4390 936 4413 ,
966 4351 1055 4403 sed
1081 4363 1193 4417 quae
1219 4349 1284 4403 ob
1323 4347 1659 4415 frequentiam
1681 4388 1694 4413 ,
1723 4358 1772 4400 et
1801 4349 2068 4416 repetitam

546 4442 787 4510 loquendi
833 4439 1182 4508 probandique
1225 4439 1613 4491 similitudinem
1645 4453 1736 4505 pro
1765 4438 2076 4507 Cbrysosto-

549 4546 632 4581 nio
667 4539 922 4597 pugnent,
956 4527 1037 4580 hic
1062 4542 1342 4594 congerere
1368 4527 1572 4578 animus
1597 4537 1694 4578 est.
1734 4525 1880 4578 Initio
1907 4527 2075 4594 Syno-

548 4621 653 4685 [his
680 4619 939 4672 Geneseos
968 4617 1119 4680 dicit,
1149 4615 1282 4668 ﬁlios
1309 4616 1397 4669 Dei
1425 4615 1475 4668 in
1501 4615 1688 4668 Genesi
1718 4615 1816 4668 diei
1842 4630 1962 4680 eos,
1990 4616 2076 4683 qui

547 4724 573 4759 a
603 4708 763 4761 Setho
789 4709 886 4760 orti
913 4715 1093 4769 erant,
1122 4717 1175 4759 et
1196 4707 1329 4759 hunc
1354 4707 1523 4759 locum
1553 4707 1738 4759 Psalmi
1763 4706 1938 4768 affert,
1972 4705 2079 4774 Ego

546 4796 650 4846 dixi
667 4836 680 4855 ,
711 4797 779 4848 dii
807 4797 937 4848 estis.
969 4794 1191 4862 Idipsum
1218 4809 1340 4847 vero
1366 4794 1594 4860 pluribus
1617 4793 1740 4845 dicit
1771 4793 1989 4846 llomilia
2013 4793 2080 4845 22

547 4885 598 4936 in
630 4883 904 4947 Genesim,
938 4885 1089 4936 allato
1119 4881 1299 4935 eodem
1345 4881 1534 4933 Psalmi
1581 4880 1711 4932 loco.
1758 4879 1833 4932 Ex
1878 4880 2080 4933 Hebero

549 4970 852 5023 llebraicam
883 4970 1102 5036 linguam
1132 4984 1314 5022 nomen
1347 4967 1604 5034 accepisse
1631 4968 1756 5019 dicit
1782 4967 1865 5019 hic
1897 4966 2078 5019 eodem

551 5060 658 5110 fere
681 5055 848 5117 modo,
871 5071 972 5122 quo
1005 5057 1052 5107 in
1080 5056 1342 5117 Genesim,
1368 5055 1514 5107 Tom.
1541 5054 1626 5118 ιν,
1659 5056 1759 5107 col.
1788 5055 1908 5108 279.
1935 5055 2080 5120 Quod

551 5145 611 5196 ad
631 5145 851 5198 decimas
864 5152 1058 5210 spectat
1075 5159 1199 5210 quas
1216 5144 1397 5196 obtulit
1413 5143 1668 5195 Abraham
1687 5142 2080 5206 Melehisedeco,

553 5237 732 5286 eadem
765 5232 964 5285 brevius
991 5232 1074 5286 bic
1102 5232 1226 5282 dicit
1253 5248 1369 5299 qua:
1398 5234 1448 5284 in
1485 5232 1870 5284 Commentario
1908 5233 1956 5283 in
1985 5232 2084 5285 Ge-

557 5321 718 5372 nesim
739 5359 754 5385 ,
782 5320 882 5372 col.
905 5319 1021 5379 397,
1045 5318 1164 5380 528,
1194 5318 1376 5370 eodem
1406 5320 1560 5370 allato
1589 5320 1644 5370 Β.
1678 5319 1819 5371 Pauli
1849 5319 1979 5371 loco.
2013 5320 2084 5371 De

555 5411 755 5463 filiabus
775 5408 870 5461 Lot
892 5408 1023 5460 idem
1046 5408 1126 5459 bic
1147 5408 1473 5473 paucioribus
1501 5407 1621 5459 dicit
1649 5448 1663 5471 ,
1692 5406 1826 5472 qttod
1853 5407 2083 5472 pluribus

551 5509 731 5555 narrat
757 5501 809 5552 in
837 5495 1075 5549 Genesim
1100 5535 1112 5557 ,
1142 5494 1240 5547 col.
1288 5493 1542 5546 410-412.
1587 5494 1710 5546 ltem
1738 5493 1803 5545 de
1832 5494 2083 5545 sacriﬁcio

552 5586 770 5642 Abrahae
802 5584 1111 5646 compendio
1135 5590 1308 5637 narrat
1338 5597 1431 5648 ea,
1461 5597 1574 5649 qnze
1614 5581 1723 5635 fuse
1767 5581 1988 5649 explicat
2032 5581 2077 5632 in

1699 324 2008 382 Dl:\TlllB.\
2052 323 2112 377 ΙΝ
2153 322 2498 380 SYNOPSIN.

3609 337 3724 390 312

2170 435 2433 501 Gcnesim,
2469 436 2571 488 eol.
2600 436 2722 489 451.
2763 435 3070 503 Alli-getiam
3112 435 3177 488 de
3222 433 3487 486 Natalibus
3518 431 3715 486 Phares

2168 533 2222 579 et
2247 526 2390 577 Zarat:
2412 524 2592 578 eodem
2618 523 2771 577 modo
2794 523 2876 576 hic
2896 524 3118 588 explicat
3137 532 3293 590 atque
3324 520 3716 576 Commentario

2169 616 2219 667 iu
2267 614 2528 676 Genesim,
2583 612 2683 665 col.
2736 611 2875 675 554,
2928 612 3052 665 555.
3099 610 3153 663 ld
3195 609 3331 679 quod
3377 609 3516 663 circa
3558 609 3713 662 ﬁnem

2169 711 2417 780 Synopsis
2439 711 2702 765 Gcneseos
2729 707 2853 760 dicit
2879 704 3122 759 Sicimam
3153 718 3180 756 a
3213 704 3473 771 Symeone
3508 710 3560 755 et
3590 701 3713 754 Levi

2168 807 2368 866 capiam
2391 798 2548 852 fuisse
2567 838 2582 861 ,
2609 797 2831 864 idipsum
2870 801 3047 847 narrat
3084 792 3320 859 pluribus
3347 791 3535 844 llomil.
3566 790 3633 844 59
3660 790 3712 842 in

2167 884 2430 944 Gen.,col.
2461 884 2582 948 5l6,
2624 884 2744 936 5l7.
2776 884 2898 938 l'lznc
2924 898 3079 951 porro
3099 883 3253 936 lectio
3281 882 3462 949 capitis
3487 880 3554 933 49
3573 920 3587 944 ,
3626 878 3711 944 l0,

2168 988 2283 1041 qute
2309 974 2359 1026 in
2388 972 2606 1043 Synopsi
2635 973 2711 1027 sic
2737 973 2928 1038 habet,
2956 974 3109 1026 donec
3135 973 3294 1024 veniat
3332 972 3374 1023 is
3413 970 3490 1022 cui
3516 968 3712 1035 reposi-

2169 1071 2271 1114 tum
2291 1072 2388 1125 est,
2419 1077 2627 1130 semper
2653 1063 2728 1116 sic
2751 1061 2965 1116 effertur
2991 1076 3018 1112 a
3045 1061 3453 1128 Cbrysostomo;
3480 1057 3567 1108 alii
3588 1069 3716 1108 vero

2169 1154 2448 1220 scriptores
2469 1153 2696 1204 variant:
2722 1166 2838 1204 nam
2861 1149 3070 1218 qttidam
3089 1149 3186 1201 hoc
3201 1149 3312 1215 ipso
3329 1146 3482 1199 modo
3505 1145 3682 1212 legunt
3693 1159 3713 1206 ;

2169 1242 2257 1295 alii
2276 1257 2420 1306 vero,
2439 1243 2592 1294 donec
2608 1241 2798 1293 veniant
2823 1254 2931 1309 quia
2952 1239 3028 1291 illi
3043 1239 3256 1305 reposita
3280 1245 3410 1289 sunt.
3431 1234 3485 1287 In
3507 1232 3712 1292 Exodo,

2170 1330 2307 1398 quod
2331 1329 2519 1383 dicitur
2543 1329 2592 1382 in
2619 1327 2862 1398 Synopsi,
2882 1341 3066 1380 manus
3082 1326 3272 1395 Moysis
3301 1332 3573 1386 extensas,
3597 1337 3716 1389 qua

2172 1419 2437 1472 victoriam
2482 1416 2728 1472 lsraelitis
2753 1423 3084 1484 pepererunt,
3108 1414 3323 1481 ﬁguram
3343 1411 3514 1464 crucis
3534 1410 3713 1473 fuisse,

2175 1506 2272 1561 hoc
2292 1508 2458 1575 ipsum
2488 1507 2645 1560 refert
2668 1504 3090 1572 Chrysostomus,
3124 1501 3314 1554 Homil.
3345 1500 3397 1553 in
3415 1499 3540 1553 illud
3566 1515 3580 1550 :
3610 1498 3717 1552 Pa-

2174 1607 2276 1661 ter,
2301 1598 2344 1649 si
2373 1596 2602 1664 possibile
2628 1604 2729 1660 est,
2766 1593 2916 1647 Tom.
2958 1592 3041 1656 Ill,
3069 1591 3172 1645 col.
3193 1589 3279 1644 36.

2244 1685 2390 1737 Dicet
2415 1683 2636 1737 fortasse
2673 1682 2930 1750 quispiam
2964 1699 2977 1735 :
3009 1680 3066 1734 Si
3090 1679 3204 1733 haec
3241 1676 3494 1748 Synopsis
3528 1676 3714 1745 genui-

2174 1789 2297 1827 num
2323 1773 2392 1827 sit
2411 1772 2772 1843 Chrysostomi
2799 1785 2951 1839 opus,
2982 1783 3074 1822 cur
3099 1783 3127 1820 a
3160 1768 3390 1832 nemine,
3429 1766 3566 1835 quod
3595 1766 3716 1833 qui-

2173 1864 2293 1918 dem
2338 1865 2597 1927 sciamus,
2649 1869 2934 1916 memorata
2993 1859 3104 1914 est?
3147 1873 3242 1912 cur
3288 1865 3484 1910 tantum
3523 1856 3588 1909 de
3627 1856 3718 1908 illo

2175 1969 2333 2022 Opere
2382 1952 2517 2020 apud
2565 1965 2748 2005 omnes
2792 1948 3186 2002 Ecclesiasticos
3231 1947 3513 2014 scriptores
3555 1947 3715 1998 silen-

2178 2042 2338 2094 tium?
2371 2041 2560 2094 Verum
2594 2053 2694 2091 non
2724 2049 2805 2092 est
2824 2037 2960 2106 quod
2987 2046 3198 2105 stupeas
3219 2036 3284 2089 de
3311 2046 3456 2088 tanto
3480 2035 3714 2094 silentio,

2175 2131 2381 2200 quando
2407 2145 2471 2184 ne
2508 2129 2759 2183 decimam
2803 2127 3012 2195 quidem
3049 2134 3246 2194 partem
3295 2140 3509 2193 operum
3551 2124 3718 2193 Chry-

2177 2220 2414 2282 sostomi,
2445 2233 2558 2286 qua:
2592 2231 2729 2271 nunc
2756 2225 2977 2280 exstant,
3001 2231 3028 2266 a
3046 2215 3234 2268 Photio
3259 2215 3564 2280 exterisque
3591 2214 3718 2266 seti-

2179 2307 2416 2375 ptoribus
2444 2313 2784 2358 memoratam
2805 2304 3186 2370 comperimus;
3210 2301 3274 2355 de
3299 2301 3379 2354 his
3405 2311 3577 2355 autem
3597 2316 3716 2369 ope-

2177 2396 2319 2449 ribus
2343 2395 2544 2462 loquor,
2561 2409 2675 2462 qua:
2702 2407 2943 2462 germana
2973 2407 3090 2447 esse
3117 2391 3252 2461 apud
3278 2391 3510 2446 eruditos
3536 2406 3717 2444 omnes

2178 2484 2230 2537 in
2257 2485 2496 2538 confesso
2541 2493 2640 2537 est.
2669 2483 2847 2551 Neque
2880 2482 3122 2548 estquod
3172 2482 3422 2534 miremur
3463 2481 3562 2534 hoe
3587 2497 3716 2550 opus

2179 2574 2309 2626 adeo
2339 2575 2627 2641 neglectum
2664 2572 2842 2637 fuisse,
2876 2583 2930 2623 ut
2954 2571 3064 2639 ejus
3099 2585 3219 2638 pars
3246 2571 3469 2623 maxima
3513 2570 3716 2623 excide-

2177 2663 2272 2725 rit,
2323 2679 2386 2716 ex
2432 2663 2604 2715 Veteri
2649 2677 2834 2729 nempe
2877 2661 3210 2714 Testamento
3256 2660 3491 2727 qmedam
3537 2670 3590 2713 et
3633 2661 3716 2714 illa

2180 2754 2353 2806 omnia
2385 2768 2498 2820 qua:
2524 2753 2586 2804 ad
2612 2752 2812 2805 Novum
2842 2750 3505 2820 pertinebant.llujnsmodi
3527 2751 3716 2820 quip;:e

2177 2843 2381 2909 generis
2401 2843 2592 2910 scripta
2608 2841 2773 2895 Graeci
2799 2841 3075 2894 admodum
3093 2839 3441 2907 negligebaut,
3479 2838 3716 2893 homilias

2180 2943 2308 2982 vero
2337 2939 2441 2981 tum
2473 2944 2640 2994 veras,
2666 2937 2771 2982 tum
2800 2930 3020 2997 spurius,
3040 2928 3374 2981 libentissime
3400 2929 3714 2982 scribebant.

2178 3017 2304 3070 Nam
2355 3028 2626 3086 utrumque
2667 3019 3055 3071 Testamentum
3101 3017 3227 3069 sica
3253 3016 3622 3086 Cbrysostomo
3663 3019 3714 3072 in

2179 3108 2539 3176 compendium
2587 3107 2852 3161 redactum
2891 3107 3050 3161 fuisse
3086 3107 3236 3162 docet
3262 3107 3561 3161 Protbeoria
3603 3107 3712 3173 illa,

2179 3211 2332 3264 quam
2364 3197 2504 3248 solus
2529 3195 2682 3248 habet
2711 3195 2882 3249 Codex
2912 3196 3270 3251 Coislinianus.
3309 3199 3362 3252 Si
3384 3197 3511 3250 Novi
3535 3195 3716 3250 Testa-

2180 3286 2341 3337 menti
2367 3284 2618 3352 Synopsis
2660 3296 2974 3351 superesset,
3009 3288 3166 3339 multa
3193 3287 3325 3342 haud
3356 3287 3510 3341 dubie
3531 3286 3716 3353 depre-

2180 3371 2546 3434 ltcuderemus,
2582 3389 2696 3441 quae
2720 3373 2907 3426 Joanni
2950 3375 3327 3442 Cbrysostomo
3367 3385 3526 3428 totam
3551 3375 3716 3444 Syno-

2179 3463 2292 3531 psin
2321 3472 2634 3515 assererent.
2682 3462 2809 3514 Nam
2831 3471 3072 3530 quantam
3105 3473 3255 3531 putas
3279 3463 3593 3531 diligentiam
3625 3463 3716 3515 ad-

2180 3550 2410 3604 bibuisse
2459 3550 2600 3602 illum
2645 3550 2696 3602 in
2743 3551 3042 3615 tractandis,
3080 3561 3234 3620 atque
3274 3553 3324 3604 in
3353 3551 3713 3618 compendium

2180 3638 2475 3706 redigendis
2508 3639 2566 3691 Β.
2601 3638 2744 3691 Pauli
2788 3639 3062 3706 Epistolis?
3103 3642 3265 3704 Quam
3293 3641 3570 3710 Scriptum
3599 3656 3717 3708 par-

2183 3738 2284 3783 tem
2309 3739 2358 3783 et
2388 3729 2705 3798 frequentius
2742 3729 2996 3793 adhibuit,
3021 3741 3068 3783 et
3099 3731 3244 3798 quasi
3275 3732 3582 3798 praecipuam
3600 3732 3715 3783 ubi-

2179 3834 2280 3888 que
2308 3820 2620 3882 celebravit;
2648 3819 2690 3872 si
2719 3827 2888 3872 tameu
2919 3818 3041 3886 quid
3074 3820 3388 3886 przeeipunm
3425 3818 3524 3871 dici
3556 3819 3716 3886 possit

2181 3909 2230 3961 in
2259 3909 2341 3973 iis,
2373 3923 2488 3973 qua:
2527 3907 2748 3975 primum
2783 3915 3046 3960 auctorem
3079 3906 3328 3975 Spiritum
3370 3914 3603 3958 sanctum
3625 3905 3717 3958 ha-

2179 3997 2322 4052 bent.
2354 3997 2473 4050 lllas
2495 4006 2637 4051 certe
2663 3997 2919 4064 Epistolas
2944 3996 3074 4051 adeo
3102 3999 3152 4049 in
3179 4005 3370 4060 mente,
3394 3995 3443 4048 in
3466 3997 3714 4051 memoria

2180 4088 2442 4150 versabat,
2475 4096 2529 4140 ut
2556 4102 2647 4143 eas
2673 4087 2860 4158 ubique
2886 4099 2936 4142 et
2961 4087 3141 4158 quavis
3171 4088 3379 4142 minima
3417 4087 3533 4142 data
3561 4101 3718 4143 occa-

2179 4177 2327 4230 sione
2369 4176 2639 4231 adhiberet
2668 4178 2717 4230 in
2752 4177 2977 4231 homiliis
3002 4177 3052 4231 in
3089 4177 3308 4247 aliisque
3345 4176 3587 4245 operibus
3628 4190 3722 4229 cu-

2174 4267 2338 4335 jusvis
2378 4270 2601 4335 generis.
2645 4267 2768 4322 lude
2811 4277 2922 4328 est,
2960 4276 3014 4321 ut
3041 4269 3091 4321 in
3123 4267 3707 4339 SynopsiPentateuebi

2179 4370 2317 4422 saepe
2337 4356 2551 4407 Paulum
2566 4356 2746 4408 videas
2765 4357 2812 4407 in
2834 4356 3057 4408 medium
3080 4354 3283 4418 adduci,
3307 4355 3354 4406 in
3386 4352 3450 4405 iis
3471 4350 3715 4403 nimirum

2181 4443 2518 4498 Pentatcuebi
2559 4443 2703 4505 locis,
2730 4459 2844 4510 quas
2869 4443 3057 4495 Paulus
3086 4443 3137 4494 in
3168 4442 3411 4509 Epistolis
3437 4440 3545 4493 suis
3564 4439 3716 4492 adhi-

2182 4532 2381 4586 buerat.
2417 4530 2668 4598 Quodque
2705 4530 3169 4596 siugttlarissimum
3207 4541 3305 4594 est,
3333 4531 3384 4583 in
3412 4527 3719 4583 Protheoria

2182 4637 2295 4686 sua,
2336 4623 2425 4675 ubi
2465 4622 2625 4674 libros
2661 4619 2787 4674 Novi
2829 4619 3164 4684 Testamenti,
3211 4634 3340 4688 quos
3382 4619 3432 4672 in
3459 4616 3717 4686 Synopsin

2186 4713 2474 4779 redegerat,
2520 4719 2825 4774 recenset,a
2853 4709 3239 4776 quatuordeeim
3284 4709 3525 4774 Epistolis
3570 4705 3718 4760 Pauli

2185 4799 2452 4851 exordium
2502 4796 2674 4858 ducit,
2719 4796 2957 4863 ipsasque
3003 4795 3267 4862 praemittit
3319 4795 3444 4862 ipsis
3498 4801 3722 4862 quatuor

2186 4885 2481 4950 Evangeliis
2517 4893 2567 4936 et
2589 4882 2955 4949 Apostolorum
2977 4883 3195 4935 actibus.
3220 4881 3367 4935 Unde
3386 4881 3603 4935 fortasse
3621 4896 3722 4934 no-

2186 4989 2306 5024 vum
2337 4972 2590 5039 quispiam
2617 4981 2978 5037 argumentum
3009 4980 3153 5023 eruat
3177 4971 3240 5023 ad
3269 4970 3524 5041 Synopsin
3554 4971 3722 5040 Chry-

2186 5070 2418 5113 sostomo
2447 5059 2796 5121 asserendam,
2817 5060 2903 5128 qui
2929 5075 3029 5112 non
3061 5061 3221 5114 semel
3248 5060 3459 5112 Paulum
3491 5075 3546 5113 se
3568 5060 3723 5112 vehe-

2188 5156 2387 5200 menter
2415 5159 2587 5198 amare
2631 5145 2921 5212 proﬁtetur,
2946 5155 2998 5199 et
3028 5147 3138 5213 plus
3173 5147 3316 5199 Pauli
3347 5147 3491 5198 libris
3517 5156 3568 5199 et
3593 5147 3724 5200 actis

2189 5236 2368 5294 utitur,
2393 5249 2543 5301 quam
2571 5234 2774 5285 exteris
2797 5233 3078 5299 Scriptura:
3105 5248 3264 5286 sacrae
3290 5236 3432 5287 libris
3458 5233 3555 5303 (η).

2256 5324 2453 5392 Stylum
2482 5332 2649 5375 autem
2672 5321 2807 5389 quod
2833 5331 3049 5388 spectat,
3075 5321 3409 5388 profluentem
3439 5322 3574 5372 illam
3603 5337 3728 5375 ver-

2189 5413 2373 5465 borum
2401 5419 2452 5463 et
2474 5409 2863 5462 similitudinum
2897 5410 3119 5477 copiam,
3146 5425 3244 5476 qua
3281 5410 3350 5463 uti
3394 5409 3524 5464 solet
3555 5410 3717 5480 Chry-

2256 5587 2326 5646 (a)
2361 5584 2462 5634 Vid.
2483 5585 2607 5632 Tomi
2631 5583 2765 5642 Lujus
2791 5580 2906 5630 I‘razf
2939 5582 2962 5644 ς
2987 5588 3050 5630 Ill.
