3990 6430
236 424 344 477 311

226 531 518 584 sostomus,
556 521 609 574 in
651 520 876 591 Synopsi
902 527 950 574 et
979 517 1292 588 compendio
1337 519 1635 587 exquirere,
1679 516 1805 571 illud

228 622 380 665 esset
406 610 599 665 nodum
630 611 682 665 in
712 612 884 678 scirpo
922 624 1175 678 qurerere.
1214 608 1409 662 Verum
1442 607 1602 661 dictio
1631 607 1804 677 Chry-

224 698 453 752 sostomi
488 713 608 753 esse
629 697 1060 768 deprehenditur,
1091 697 1162 750 ita
1192 712 1343 765 pura,
1370 696 1511 749 clara
1540 696 1806 764 nitidaque

222 799 329 841 est.
366 788 477 841 Etsi
513 803 639 843 vero
674 803 760 841 res
786 786 1099 855 compendio
1138 785 1350 852 referat,
1400 784 1683 853 aliquando
1726 794 1807 839 ta-

222 894 348 933 men
397 880 739 947 interpretem
758 879 881 947 agit,
910 892 997 932 res
1024 878 1273 946 explicat,
1312 887 1364 931 et
1389 877 1486 930 alia
1520 876 1806 946 Scriptura:

220 968 562 1037 maximeque
602 968 749 1022 Pauli
781 969 894 1022 loca
921 967 1075 1021 all‘ert
1104 967 1169 1021 ad
1201 968 1626 1037 explanationem
1664 975 1804 1036 apta.

217 1058 332 1114 Nec
376 1061 537 1113 nimis
574 1058 753 1128 jejuna
793 1059 1046 1129 Synopsis
1087 1067 1203 1124 est,
1235 1059 1330 1112 sed
1369 1060 1418 1112 in
1450 1059 1808 1113 Pentateucho

218 1148 456 1203 maxime
494 1148 634 1217 justa
661 1162 793 1217 pene
810 1147 1131 1217 longitudine
1159 1148 1430 1203 historiam
1454 1149 1600 1212 texit,
1625 1159 1683 1203 ut
1710 1164 1806 1203 ex-

215 1239 476 1306 emplaris
497 1239 613 1293 loco
630 1239 727 1293 bac
747 1240 798 1293 in
824 1247 971 1307 parte
992 1238 1170 1294 haberi
1194 1240 1376 1308 possit.
1399 1240 1698 1295 Verisimile
1723 1254 1809 1295 au-

214 1340 328 1385 tem
356 1341 442 1386 est
468 1334 638 1401 ipsum
660 1331 727 1386 ad
749 1346 898 1386 usum
926 1346 1079 1386 suum
1112 1340 1277 1386 totam
1300 1332 1626 1400 Scripturam
1654 1332 1729 1386 sic
1754 1332 1805 1385 in

212 1418 489 1489 Synopsiu
522 1430 677 1489 atque
705 1420 1073 1489 compendium
1096 1420 1382 1489 redegisse.
1417 1420 1472 1474 Si
1496 1435 1654 1489 porro
1676 1421 1808 1475 Novi

211 1512 548 1568 Testamenti
570 1512 1126 1583 Syn0psis-aliquando
1149 1528 1220 1568 ex
1247 1513 1478 1570 tenebris
1502 1515 1805 1581 emerserit,

222 1602 349 1657 inde
374 1618 535 1666 nova,
561 1612 619 1657 ut
643 1603 777 1668 dixi,
794 1602 1079 1673 prodibunt
1107 1612 1415 1672 argumenta
1431 1646 1445 1670 ,
1476 1605 1627 1675 queis
1651 1620 1808 1661 verus

217 1694 389 1747 totius
419 1692 723 1763 Synopseos
743 1702 927 1748 auctor
962 1693 1407 1763 deprehendatur.
1441 1694 1518 1749 Ex
1548 1695 1611 1749 iis
1628 1704 1807 1751 autem

204 1798 334 1849 qua:
352 1788 675 1851 supersunt,
692 1791 747 1836 et
760 1796 821 1837 ex
842 1782 1212 1853 Manuscriptis
1234 1792 1382 1839 eruta
1399 1794 1541 1852 sunt,
1575 1784 1809 1857 Chryso-

209 1880 449 1925 stomum
476 1886 617 1938 esse,
636 1873 958 1941 argumentis
982 1873 1033 1927 in
1062 1873 1294 1927 medium
1318 1874 1510 1939 allatis,
1538 1875 1756 1944 probavi
1787 1892 1801 1929 :

211 1978 318 2016 non
351 1964 424 2017 ita
452 1972 629 2017 tamen
656 1974 712 2017 ut
732 1978 843 2018 rem
884 1964 1167 2032 perfectam
1198 1964 1599 2034 absolutamque
1627 1966 1808 2021 existi-

210 2070 375 2108 mem.
409 2055 756 2108 Eruditon
779 2054 969 2124 quippe
985 2055 1240 2125 judicium
1262 2064 1518 2125 exspecto
1543 2075 1557 2111 :
1583 2072 1703 2111 nam
1722 2073 1807 2112 res

210 2143 431 2212 majoris
448 2154 530 2199 est
555 2146 810 2199 momenti
826 2159 981 2214 quam
1001 2154 1058 2199 ut
1074 2146 1239 2214 possit
1256 2146 1413 2199 unius
1432 2147 1705 2215 scriptoris
1720 2147 1807 2216 ju-

208 2234 347 2289 dicio
372 2236 574 2301 dirimi,
598 2245 654 2290 et
683 2236 878 2305 absque
921 2236 1283 2291 controversia
1314 2251 1432 2291 esse
1452 2238 1804 2306 pronuntiari.

278 2325 466 2379 Restat
489 2336 546 2379 ut
574 2327 643 2380 de
674 2325 901 2396 Synopsi
940 2325 1230 2395 Scriptura:
1272 2326 1362 2381 illa
1401 2341 1638 2397 agamus,
1687 2342 1805 2397 quae

211 2416 349 2472 inter
392 2419 675 2475 Athanasii
714 2418 884 2489 Opera
928 2417 1315 2484 circumfertur,
1350 2434 1634 2490 quamque,
1681 2420 1805 2475 licet

1461 402 1781 461 DIATRIBA
1820 405 1885 460 IN
1927 401 2274 461 SYNOPSIN.

3378 423 3489 477 312

1914 517 2179 588 diligentis
2215 514 2485 583 scriptoris
2511 529 2645 584 opus
2668 516 2755 581 sit,
2782 515 3053 571 Athanasii
3082 530 3186 571 non
3216 530 3334 573 esse
3363 531 3492 586 pro-

1914 607 2152 660 iuvimus
2191 606 2342 660 Tom.
2367 606 2424 658 2.
2458 606 2544 659 Illa
2567 622 2693 660 vero
2722 606 2950 661 inlibris
2993 607 3238 662 omnibus
3279 606 3495 661 histori-

1912 697 2008 762 cis,
2041 696 2091 749 in
2121 696 2501 762 Pentateucho,
2550 698 2601 749 in
2633 696 2781 750 libris
2818 696 3045 767 Regum,
3077 706 3130 752 et
3158 698 3209 751 in
3254 696 3495 765 Prophe-

1912 791 1999 853 tis,
2032 797 2142 843 toto
2183 790 2314 843 είριο
2343 789 2516 844 dilTert
2543 790 2611 843 ab
2633 789 2731 844 hac
2768 798 2948 843 nostra
2988 789 3237 862 Synopsi,
3278 805 3378 846 nec
3408 798 3491 845 est

1914 878 2036 933 huic
2075 878 2449 947 comparanda,
2484 888 2539 933 ut
2576 879 2745 947 quivis
2792 881 2970 934 statim
3015 882 3315 951 perspiciat.
3342 882 3397 935 In
3428 881 3495 935 li-

1910 971 2022 1025 bris
2050 986 2176 1026 vero
2202 971 2521 1033 Salomonis,
2546 972 2598 1024 in
2617 969 2901 1037 Sapientia,
2923 974 2974 1026 in
3000 972 3255 1037 Siracide,
3275 972 3485 1035 Esther,

1911 1060 2109 1125 Tobia,
2156 1059 2371 1124 Judith,
2411 1060 2595 1114 eadem
2641 1061 2753 1128 ipsa
2796 1070 2879 1115 est
2914 1078 2927 1114 :
2958 1077 3292 1131 augurorque
3341 1061 3489 1115 illum

1912 1148 2181 1219 Synopses
2202 1149 2457 1204 librorum
2484 1149 2785 1218 hujusmodi
2810 1165 2876 1205 ex
2908 1162 3087 1205 nostra
3116 1151 3341 1221 Synopsi
3378 1166 3493 1203 mu-

1915 1248 2117 1294 tuatum
2144 1254 2282 1295 esse.
2308 1238 2436 1293 Nam
2456 1239 2595 1294 illius
2611 1240 2912 1311 Synopscos
2934 1244 3269 1311 scriptorem,
3292 1250 3487 1295 nostra:

1911 1331 2216 1401 Synopseos
2235 1339 2454 1385 auctore
2472 1340 2625 1385 mtate
2647 1332 2802 1401 longe
2818 1330 3120 1387 inferiorem
3139 1346 3258 1387 esse
3279 1346 3381 1386 non
3399 1331 3486 1385 du.

1911 1421 2043 1485 bito,
2064 1434 2160 1475 nec
2181 1419 2440 1475 dubitabit
2456 1428 2581 1489 puto
2597 1422 2896 1490 quisquam.
2911 1420 3173 1476 Caeterum
3194 1421 3315 1475 libri
3337 1420 3491 1475 Levi-

1913 1511 2002 1566 tici
2028 1511 2303 1581 Synopsis,
2336 1525 2454 1579 quae
2482 1513 2533 1564 in
2563 1508 2886 1566 Coisliniano
2914 1510 3109 1566 Codice
3137 1511 3488 1576 desideratur,

1912 1614 2179 1669 quamque
2207 1614 2271 1653 ex
2299 1598 2548 1653 Batavico
2565 1598 2901 1669 Lugdunensi
2927 1600 3339 1669 desumpsimus,
3360 1616 3482 1655 cum

1911 1689 2137 1761 Synopsi
2160 1690 2246 1744 illa
2263 1689 2550 1743 Athanasio
2562 1689 2846 1757 adscripta,
2869 1690 3009 1760 quod
3034 1688 3101 1743 ad
3121 1705 3361 1760 magnam
3378 1690 3489 1746 sal-

1912 1791 2019 1835 tem
2048 1781 2125 1834 sui
2157 1789 2381 1849 partem,
2409 1780 2693 1848 consentit,
2721 1780 2861 1850 quod
2892 1794 2993 1850 qua
3033 1781 3234 1835 ratione
3258 1781 3492 1851 contige-

1911 1873 1998 1936 rit,
2024 1886 2128 1926 non
2156 1871 2284 1925 satis
2312 1871 2564 1941 percipio.

1982 1961 2280 2016 Putaverim
2303 1970 2477 2016 autem
2514 1961 2946 2033 Chrysostomum
2976 1960 3079 2015 hoc
3100 1960 3279 2030 operis
3306 1960 3493 2014 Antio-

1910 2050 2046 2105 chiae
2075 2050 2420 2104 adornavisse
2444 2049 2673 2105 fortasse
2691 2060 2973 2121 antequam
2990 2050 3337 2105 concionandi
3366 2065 3493 2119 ope-

1911 2157 2024 2195 ram
2066 2141 2385 2211 susciperet,
2430 2151 2487 2195 ut
2536 2140 2638 2196 hoc
2682 2142 2811 2196 satis
2850 2141 3029 2211 amplo
3067 2140 3384 2212 compendio
3426 2140 3493 2194 ad

1911 2231 2057 2285 verbi
2088 2230 2181 2285 Dei
2225 2229 2655 2299 przedicatiouem
2695 2240 2957 2299 uteretur,
2990 2240 3046 2286 et
3064 2231 3130 2285 ad
3163 2246 3375 2285 manum
3401 2229 3494 2284 ha-

1913 2320 2062 2376 beret
2091 2317 2231 2375 unde
2250 2319 2564 2377 concionum
2590 2328 2897 2391 argumenta
2929 2327 3277 2376 mutuarctur.
