3990 6446
583 456 695 512 313

1326 443 1387 499 8.
1419 439 1699 498 JOANNIS
1729 434 2209 495 CHRYSOSTOMI
2248 438 2559 496 ARCHIEP.
2600 434 3142 494 CONSTANTINOP.

3694 448 3806 502 314

601 749 3794 779 W

1381 1182 1607 1268 ΤΟΥ
1670 1183 1816 1269 ΕΝ
1870 1179 2231 1269 ΑΓΙΟΙΣ
2302 1176 2731 1271 ΠΑΤΡΟΣ
2785 1175 3107 1266 ΗΜΩΝ

580 1554 1582 1733 ΙΩΑΝΝΟΥ
1639 1553 2075 1726 ΤΟΥ
2119 1550 3808 1730 ΧΡΥΣΟΣΤΟΜΟΥ

1922 2031 2409 2122 ΣΥΝΟΨΙΣ

1241 2388 1353 2457 τῆς
1391 2387 1654 2453 Παλαιᾶς
1691 2406 1754 2442 τε
1796 2388 1893 2442 καὶ
1932 2389 2171 2459 Καινῆς,
2205 2388 2280 2455 ὡς
2313 2392 2381 2442 ἐν
2419 2386 2577 2451 τάξει
2606 2384 3078 2452 ὑπομνηστικοῦ.

1993 2946 2391 3003 ΠΡΟΘΕΩΡΙΛ.

641 3188 813 3259 Καινή
844 3187 1056 3256 λέγεται
1086 3185 1192 3239 ἀπὺ
1210 3184 1305 3239 τοῦ
1329 3185 1518 3256 χρόνου
1543 3182 1633 3238 καὶ
1661 3183 1767 3236 ἀπὸ
1787 3184 1885 3253 τῆς
1916 3182 2127 3252 φύσεως

569 3278 678 3331 τῶν
706 3280 763 3331 ἐν
787 3278 923 3347 αὐτῇ
948 3276 1268 3346 γενομένων,
1310 3276 1389 3327 ὃτι
1429 3275 1603 3326 πάντα
1637 3271 2004 3341 ἀνεκαινίσθη,
2034 3274 2128 3325 καὶ

574 3366 789 3438 πρῶτον
815 3367 1114 3437 ἄνθρωπος,
1145 3365 1211 3417 δι’
1238 3364 1297 3416 ὃν
1342 3363 1412 3415 τά
1448 3363 1643 3416 πάντα.
1675 3363 1790 3414 Ἵνα
1830 3361 1886 3413 δέ
1923 3362 1995 3431 μή
2046 3377 2126 3422 τις

572 3450 1095 3526 λέγῃ·¹οοὺρανδςό
1134 3454 1314 3519 αὐτὸς,
1363 3454 1396 3522 ή
1441 3451 1535 3520 γῆ,
1582 3452 1672 3503 καὶ
1702 3451 1762 3503 τὸ
1800 3450 2127 3521 κυριώτατον

570 3543 824 3597 ἁπάντων
876 3542 1182 3612 ἄνθρωπος’
1233 3542 1325 3594 καὶ
1380 3540 1439 3607 (l.
1490 3538 1692 3605 καινὸς)
1746 3538 1905 3607 νόμος
1951 3537 2122 3609 ἐδόθη,

572 3633 752 3686 καιναὶ
783 3632 1008 3697 ἐντολαὶ,
1039 3631 1196 3700 καινὴ
1223 3632 1257 3700 ἡ
1302 3630 1458 3699 χάρις
1500 3628 1586 3681 διὰ
1610 3627 1699 3681 τοῦ
1729 3627 1971 3698 λουτροῦ,
2003 3645 2124 3680 και-

571 3722 658 3785 νὸς
688 3721 989 3789 ἄνθρωπος,
1015 3720 1197 3771 καιναὶ
1217 3718 1554 3785 ἐπαγγελίαι.
1583 3716 1776 3769 Οὐκέτι
1796 3717 1901 3786 γὰρ
1922 3717 1991 3787 γῆ
2034 3719 2125 3770 καὶ

570 3810 641 3862 τά
685 3808 791 3862 ἀπὸ
830 3809 926 3878 τῆς
953 3808 1089 3878 γῆς’
1113 3807 1225 3860 ἀλλ’
1260 3807 1501 3877 οὐρανὸς,
1548 3806 1639 3858 καὶ
1668 3806 1735 3857 τὰ
1778 3806 1834 3857 ἐν
1860 3808 2119 3875 οὐρανοῖς.

573 3898 749 3953 Καινά
776 3898 843 3952 τά
876 3898 1162 3967 μυστήρια.
1187 3897 1379 3950 Οὐκέτι
1400 3896 1505 3965 γὰρ
1521 3896 1699 3948 ἐκεῖνα
1720 3895 1789 3948 τά
1818 3894 2121 3964 σωματικὰ,

572 3986 835 4057 πρόϐατον
876 3987 968 4039 καὶ
999 3981 1134 4055 αἷμα
1154 4024 1170 4050 ,
1206 3988 1299 4039 καὶ
1332 3986 1541 4040 κνίσσα.
1570 3984 1663 4035 καὶ
1692 3983 1912 4053 κόπρος,
1950 3982 2061 4036 ἀλλ’
2089 3985 2122 4053 ή

572 4076 758 4146 λογικὴ
788 4077 880 4128 καὶ
905 4076 1150 4145 ἐνάρετος
1177 4076 1415 4145 λατρεία,
1446 4074 1513 4127 τὰ
1546 4073 1968 4143 παραγγέλματα
2000 4090 2121 4125 και-

572 4167 657 4229 νά,
695 4165 846 4230 ξύλον
874 4165 952 4228 εἱς
988 4166 1242 4235 οὐρανοὺς
1272 4165 1468 4231 ἀνάγον
1497 4165 1589 4215 καὶ
1636 4163 1866 4232 ὑψηλοὺς
1898 4162 2121 4233 ἐργαζό-

573 4271 752 4325 μενον.
777 4254 981 4316 Σκοπὸς
996 4254 1061 4325 δὴ
1088 4252 1419 4323 ἑκατέρωθεν
1443 4251 1549 4303 τῶν
1575 4251 1849 4319 Διαθηκῶν
1870 4245 1967 4313 εἱς,
2016 4251 2121 4303 τῶν

572 4341 867 4411 ἀνθρώπων
892 4344 925 4411 ἡ
949 4342 1246 4411 διόρθωσις.
1264 4340 1372 4392 Καὶ
1390 4340 1441 4391 τί
1458 4341 1538 4391 δεῖ
1558 4337 1851 4406 θαυμάζειν
1877 4339 2001 4406 περὶ
2024 4339 2120 4406 τῆς

570 4429 810 4499 Γραφῆς,
843 4430 974 4482 ὅπου
1007 4446 1070 4497 γε
1096 4430 1187 4481 καί⁷
1213 4429 1308 4497 τῆς
1342 4428 1567 4489 κτίσεως
1595 4428 1761 4496 αὐτῆς
1791 4430 1823 4496 ή
1851 4426 2003 4496 χρεία
2033 4426 2121 4478 διὰ

569 4518 791 4585 τοῦτον;
820 4520 929 4573 Καὶ
975 4519 1081 4588 7&9
1124 4517 1347 4587 οὐρανὸν
1396 4516 1565 4585 μέγαν
1588 4516 1651 4568 δι’
1679 4516 1839 4569 αὑτὸν
1875 4516 2115 4584 ἐποίησε,

572 4610 668 4663 καὶ
708 4610 811 4679 γῆν
859 4607 1086 4672 εὐθεῖαν,
1120 4610 1211 4661 καὶ
1237 4608 1503 4659 Θάλασσαν
1559 4605 1696 4675 ὑπὲρ
1748 4607 1844 4677 τὴν
1899 4606 2116 4676 χρείαν,

573 4699 660 4752 ἵνα
691 4697 797 4751 ἀπὸ
845 4697 938 4749 τοῦ
990 4697 1245 4767 μεγέθους
1272 4696 1380 4748 τῶν
1427 4694 1728 4763 γενομένων
1752 4695 2119 4762 θαυμάσαντες

570 4786 663 4839 τὸν
710 4787 1065 4856 Δημιουργδν,
1111 4788 1188 4848 εἰς
1218 4786 1539 4853 θεογνωσίαν
1567 4784 1775 4837 ἔλθωσι.
1813 4786 1919 4837 Καὶ
1950 4784 2118 4838 ταῦτα

570 4872 663 4928 οὖν
712 4875 800 4928 διὰ
845 4876 1026 4929 τοῦτον
1053 4876 1291 4943 γέγονεν.
1333 4876 1484 4929 Ἐπεὶ
1529 4870 1618 4927 οὖν
1652 4874 1849 4936 σκοπὸς
1895 4871 1973 4937 εἷς
2017 4878 2117 4947 τῆς

570 4966 809 5029 nam;
843 4966 935 5019 καὶ
959 4966 1053 5035 τῆς
1088 4966 1291 5033 Καινῆς
1310 5005 1324 5028 ,
1358 4966 1645 5032 ἀναγκαῖον
1670 4960 1802 5017 εῖναι
1827 4964 2066 5033 ἐνόμισεν
2091 4966 2118 5016 ό

570 5055 806 5125 Μωῦσῆς
826 5056 917 5107 καὶ
941 5054 1173 5124 ἱστορίας
1191 5053 1496 5123 ἀναγράψαι
1513 5053 1761 5116 παλαιάς·
1778 5054 1837 5105 οὐ
1865 5053 2001 5106 κατά
2021 5056 2117 5123 τὴν

572 5140 766 5204 ἔξωθεν
782 5141 1093 5195 ἀκολουθίαν
1111 5158 1125 5173 ⁸
1147 5144 1338 5194 ἐκεῖνοι
1362 5141 1459 5211 μὲν
1486 5142 1592 5211 7&9
1629 5142 1859 5211 ἱστορίας
1882 5142 2116 5210 γράφου-

574 5245 660 5282 σιν
705 5228 907 5291 ἀπλῶς,
950 5229 1086 5281 ὥστε
1133 5230 1465 5299 πραγμάτων
1496 5231 1771 5299 διηγήσεις
1814 5231 2112 5292 ποιεῖσθαι,

572 5319 664 5372 καὶ
691 5318 955 5388 πολέμους
984 5319 1075 5371 καὶ
1103 5319 1275 5387 μάχας
1303 5321 1379 5381 εἱς
1402 5320 1562 5388 μέσον
1591 5321 1829 5386 ἀγαγεῖν,
1861 5322 1951 5371 καὶ
1980 5337 2115 5388 καρ-

574 5408 853 5461 πώσασθαι
886 5410 1037 5473 δόξαν
1070 5410 1175 5461 ἀπὸ
1200 5408 1305 5460 τῶν
1327 5410 1681 5479 γραμμάτων.
1722 5409 1777 5460 '0
1808 5409 1862 5460 δέ
1905 5408 2117 5477 νομοθέ-

570 5514 673 5567 της
718 5498 814 5568 οὐχ
845 5499 1041 5561 οὖτως’
1092 5499 1225 5553 ἀλλά
1274 5500 1495 5553 πάντοτε
1542 5498 1775 5567 ἱστορίας
1817 5497 2115 5567 ἀναγράφει

572 5588 779 5659 ἀνδρῶν
832 5590 1073 5657 μεγάλων
1127 5589 1575 5658 κατωρθωκότων,
1626 5586 1763 5637 ὥστε
1815 5590 1943 5649 τοῖς·
1981 5588 2115 5656 μετά

572 5676 742 5731 ταῦτα
784 5678 889 5730 τῶν
936 5678 1157 5739 ἐκείνοις
1188 5678 1521 5746 βεϐιωμένων
1545 5676 1641 5745 τὴν
1683 5674 1927 5741 διήγησιν
1965 5675 2112 5742 γενέ⁶

576 5765 698 5822 σθαι
740 5766 1072 5830 διδασκαλίας
1105 5767 1312 5837 ἀγαθῆς
1359 5766 1625 5819 ὑπόθεσιν.
1657 5762 1753 5816 Διὰ
1784 5763 1851 5831 δὴ
1874 5763 2026 5818 τοῦτο
2052 5764 2111 5817 οὐ

2230 3183 2390 3254 μόνον
2429 3183 2552 3245 τοὺς
2578 3180 3006 3249 κατωρθωκότας
3048 3182 3131 3247 εἰς
3166 3186 3325 3254 μέσον
3357 3186 3498 3254 ἀγει,
3529 3189 3664 3242 άλλά
3692 3192 3795 3244 καὶ

2225 3273 2349 3336 τοὺς
2376 3273 2778 3343 ἡμαρτηκότας,
2802 3274 2889 3326 ἵνα
2918 3273 3044 3336 τοὺς
3076 3274 3172 3343 μὲν
3200 3274 3550 3347 ζηλώσωμεν,
3582 3282 3706 3342 τοὺς
3729 3282 3793 3334 δὲ

2227 3361 2574 3429 ἐκφύγωμεν,
2605 3362 2697 3414 καὶ
2730 3360 3061 3431 ἑκατέρωθεν
3087 3362 3295 3433 ὀρθωθῇ
3336 3365 3405 3417 τὰ
3448 3367 3545 3435 τῆς
3588 3368 3795 3437 ἀρετῆς

2227 3448 2317 3502 καὶ
2340 3449 2408 3502 τά
2433 3449 2532 3516 τῆς
2560 3449 2890 3518 ἐπιμελείας.
2925 3450 3015 3520 Μὴ
3043 3451 3216 3505 τοίνυν
3244 3453 3506 3524 νομιζέτω
3532 3474 3615 3520 τις
3640 3458 3793 3522 ξένον

2226 3533 2365 3593 εἶναι
2390 3537 2674 3608 νομοθέτου
2705 3538 2766 3590 τὸ
2795 3538 3030 3603 παλαιὰς
3084 3541 3317 3612 ἱστορίας
3347 3545 3646 3613 διηγεῖσθαι
3691 3549 3793 3600 καὶ

2224 3629 2417 3699 νόμους
2451 3627 2597 3701 [515]
2640 3630 2990 3700 ἀναγράφειν.
3026 3632 3199 3703 Ὅπερ
3230 3632 3335 3703 7&9
3370 3635 3541 3705 ίσχύει
3584 3639 3787 3708 νόμος,

2223 3716 2376 3771 τοῦτο
2421 3718 2512 3771 καὶ
2558 3720 2589 3788 ή
2634 3718 2880 3788 διήγησις
2925 3718 3018 3771 τοῦ
3072 3720 3183 3790 βίου
3232 3722 3339 3775 τῶν
3384 3725 3571 3793 ἀγίων.
3628 3728 3788 3781 Ἐστι

2220 3809 2395 3863 τοίνυν
2420 3810 2517 3879 τῆς
2547 3809 2787 3871 Παλαιᾶς
2816 3808 2875 3860 τὸ
2901 3810 2998 3879 μὲν
3036 3811 3303 3881 ἱστορικὸν
3322 3854 3336 3877 ,
3383 3813 3457 3878 ὡς
3499 3818 3533 3885 ή
3583 3817 3785 3871 Ὀκτά-

2222 3915 2405 3968 τευχος
2429 3917 2442 3930 ο
2476 3900 2509 3969 ή
2539 3898 2636 3968 μέν
2658 3899 2871 3961 Γένεσις
2901 3899 2967 3952 τά
2998 3903 3122 3970 περὶ
3152 3903 3250 3971 τῆς
3276 3904 3633 3976 δημιουργίας
3694 3907 3777 3960 δι-

2224 3986 2519 4055 ηγουμένη,
2554 3986 2647 4038 καὶ
2680 3986 2747 4037 τὰ
2776 3991 2903 4056 περὶ
2939 3991 3029 4040 τοῦ
3064 3990 3175 4057 βίου
3194 3992 3299 4044 τῶν
3337 3993 3784 4065 εύηρεστηκότων

2220 4073 2363 4145 Θεῷ·
2387 4077 2419 4145 ή
2447 4075 2502 4126 δέ
2535 4074 2746 4139 Ἐξοδος
2774 4075 2871 4144 τὴν
2893 4077 3209 4149 ἀπαλλαγὴν
3238 4081 3345 4135 τῶν
3388 4083 3653 4137 Ἰουδαίων
3678 4085 3783 4157 τὴν

2221 4163 2277 4229 ἐξ
2309 4164 2603 4233 Αἰγύπτου,
2641 4164 2739 4233 τὴν
2789 4167 3085 4234 παράδοξον
3129 4170 3360 4240 ἐκείνην,
3416 4174 3508 4226 καὶ
3549 4174 3647 4245 τὴν
3680 4178 3782 4246 τῆς

2219 4253 2424 4323 ἐρήμου
2469 4252 2769 4324 διατριϐήν,
2805 4256 2898 4307 καὶ
2941 4256 3040 4324 τὴν
3071 4258 3164 4310 τοῦ
3194 4259 3355 4329 νόμου
3385 4262 3560 4317 δόσιν·
3612 4267 3672 4319 τὸ
3717 4267 3780 4319 δὲ

2220 4341 2497 4393 Λευιτικὸν
2520 4340 2586 4393 τά
2617 4342 2752 4424 ’περὶ⁸
2770 4342 2969 4396 θυσιῶν
2995 4346 3087 4398 καὶ
3113 4348 3445 4417 ἱερουργίας
3487 4355 3519 4421 ή
3547 4353 3654 4424 7&9
3681 4356 3781 4408 τοῦ

2222 4429 2351 4480 Λευὶ
2386 4429 2522 4500 φυλὴ
2558 4430 2692 4499 αὕτη
2721 4422 2787 4501 ἦν
2821 4432 2853 4501 ή
2886 4434 2984 4504 τὴν
3017 4436 3311 4508 ἱερωσύνην
3351 4422 3740 4517 κεκληρωμένη
3763 4487 3779 4511 ,

2221 4518 2312 4569 καὶ
2364 4519 2469 4571 ἀπὸ
2507 4520 2600 4572 τοῦ
2634 4521 2890 4592 ὀνόματος
2923 4524 3021 4592 τῆς
3067 4525 3235 4595 φυλῆς
3267 4527 3365 4597 τὴν
3408 4534 3782 4603 προσηγορίαν

2218 4606 2372 4674 ἔλαχε
2402 4606 2461 4659 τὸ
2492 4608 2709 4676 βιϐλίον.
2742 4613 2872 4664 Μετ’
2903 4615 3073 4665 ἐκεῖνο
3095 4615 3143 4666 οἰ
3188 4617 3459 4687 Ἀριθμοί*
3500 4622 3637 4689 μετά
3668 4624 3781 4696 7&9

2216 4696 2277 4748 τὸ
2301 4696 2531 4761 ἐξελθεῖν
2568 4699 2625 4764 ἐξ
2662 4700 2955 4767 Αἰγύπτου,
2992 4704 3269 4759 ἐκέλευσεν
3299 4709 3327 4760 ὁ
3373 4710 3504 4773 Θεὸς
3534 4713 3779 4785 ἀριθμη-

2218 4785 2371 4855 θῆναι
2406 4788 2494 4839 τὸν
2520 4788 2689 4856 δῆμον
2720 4790 2826 4843 τῶν
2866 4793 3151 4859 Ἰουδαίων,
3186 4798 3279 4848 καὶ
3323 4793 3462 4867 ἦσαν
3498 4801 3779 4865 ἑξακόσιαι

2216 4876 2470 4946 χιλιάδες,
2504 4879 2593 4945 ἀφ’
2618 4879 2733 4942 ἐνὸς
2764 4880 3045 4950 ἀνθρώπου
3064 4884 3155 4937 τοῦ
3188 4886 3432 4958 Ἀϐραὰμ
3461 4890 3776 4960 γενόμεναι.

2217 4962 2345 5020 Εἶτα
2370 4968 2485 5037 μετ’
2508 4968 2683 5020 ἐκεῖνο
2710 4969 2767 5021 τὸ
2801 4974 3211 5044 Δευτερονόμιον
3230 4994 3243 5008 ο
3271 4978 3361 5031 τὸν
3391 4980 3496 5051 γὰρ
3522 4982 3682 5050 νόμον
3707 4984 3777 5037 ἐκ

2215 5056 2462 5127 δευτέρου
2500 5059 2841 5127 ήρμήνευσεν
2885 5063 3063 5126 αὐτοῖς
3104 5066 3131 5116 ό
3174 5068 3430 5137 Μωῦσῆς.
3477 5068 3608 5123 Εἶτα
3655 5076 3776 5141 μετ’

2217 5144 2387 5196 ἐκεῖνο
2442 5144 2645 5212 Ἰησοῦς
2698 5147 2725 5197 ό
2773 5148 2862 5199 τοῦ
2899 5150 3086 5220 Ναυῆ·
3138 5147 3287 5216 οὗτος
3325 5155 3432 5224 γὰρ
3487 5159 3624 5225 μετὰ
3682 5162 3778 5215 τὸν

2216 5232 2450 5285 Μωῢσέα
2481 5235 2763 5303 γενόμενος
2786 5237 2958 5290 αὐτῶν
2984 5240 3319 5311 δημαγωγὸς,
3352 5244 3432 5307 είς
3456 5263 3513 5297 τε
3543 5248 3641 5318 τῆν
3671 5251 3775 5320 γῆν

2215 5322 2311 5389 τῆς
2339 5324 2661 5389 ἐπαγγελίας
2683 5327 2957 5395 εἰσήγαγε,
2989 5331 3081 5383 καὶ
3110 5334 3206 5402 τὴν
3234 5334 3335 5402 γῆν
3367 5334 3600 5406 διένειμε
3631 5344 3774 5397 κατά

2219 5412 2444 5481 κλήρους
2474 5417 2591 5476 ταῖς
2622 5415 2822 5468 δώδεκα
2845 5419 3051 5485 φυλαῖς.
3081 5422 3211 5474 Μετ’
3244 5424 3445 5477 ἐκεῖνον
3464 5428 3515 5477 οἱ
3538 5430 3733 5497 Κριταί
3754 5449 3768 5463 ·

2214 5501 2305 5553 τοῦ
2345 5505 2449 5572 7&9
2508 5504 2677 5573 Ἰησοῦ
2724 5508 3169 5579 τελευτήσαντος,
3204 5512 3284 5574 εἰς
3320 5515 3769 5587 άριστοκράτειαν

2218 5590 2478 5658 μετέπεσε
2512 5594 2577 5645 τά
2613 5595 2909 5663 πράγματα
2938 5597 3042 5649 τῶν
3088 5600 3371 5665 Ἰουδαίων,
3406 5605 3498 5655 καί
3520 5608 3575 5658 al
3602 5609 3769 5676 φυλαὶ

2216 5680 2493 5749 ἐκράτουν.
2538 5680 2666 5735 Εἱτα
2696 5686 2851 5751 Ρουθ,
2906 5686 3104 5754 βιϐλίον
3138 5688 3333 5759 βραχὺ,
3376 5694 3611 5763 ἱστορίαν
3644 5699 3765 5767 ἕχον

2221 5771 2471 5837 γυναικὸς
2498 5772 2807 5841 ἀλλοςύλου,
2844 5776 3181 5848 γαμηθείσης
3214 5781 3442 5849 Ἰουδαίῳ
3479 5786 3603 5842 τινί.
3630 5788 3765 5844 Μετ’
