3990 6424
203 392 316 445 313

1274 375 1599 432 SYNOPSlS
1635 373 2048 430 SCRIPTUR/E
2089 371 2353 426 SACR/E.

3314 385 3420 438 3H

212 713 3407 738 WW

1123 1235 1531 1322 SANCTI
1611 1231 2028 1320 PATRIS
2102 1225 2537 1319 NOSTRI

699 1648 1496 1808 JOANNIS
1615 1641 2974 1802 CHRYSOSTOMI

1553 2145 2116 2238 SYNOPSIS

852 2469 1082 2530 Veteris
1115 2475 1168 2526 et
1208 2467 1352 2523 novi
1393 2462 1775 2532 testamenti,
1826 2460 2002 2537 quasi
2045 2457 2499 2517 conunonitorit’
2532 2472 2694 2513 more
2737 2453 2844 2531 (α).

1444 3301 1585 3362 CON
1595 3299 1915 3362 SPECTUS
1957 3299 2244 3360 OPERIS.

285 3674 456 3736 Quare
473 3671 620 3738 prius
649 3669 1035 3721 Testamentum
1060 3667 1369 3732 appelletur,
1410 3665 1584 3719 Vetus.
1605 3667 1804 3732 Scopus

221 3769 486 3830 utriusque
503 3759 818 3813 Testamenti
831 3773 980 3809 unus.
996 3756 1194 3827 Divisio
1210 3756 1404 3808 Veteris
1423 3755 1739 3808 Testamenti
1755 3758 1808 3808 in

215 3853 430 3905 his'oria
440 3852 735 3912 nt,cousilia
747 3859 793 3903 et
805 3849 1069 3917 prophetia
1079 3846 1811 3901 m.-NovumTcstamcntum

220 3947 405 4001 dicitur
427 3954 482 3998 et
499 3959 526 3994 a
558 3953 795 4007 tempore
819 3947 871 3992 et
891 3953 918 3989 a
939 3947 1120 3990 natura
1144 3950 1318 3988 rerum
1341 3948 1471 4000 quas
1492 3933 1797 4001 complecti—

221 4046 318 4100 tur,
334 4035 582 4104 quoniam
595 4031 767 4085 omnia
783 4036 1029 4082 renovata
1044 4033 1184 4088 sunt,
1200 4023 1474 4092 primoque
1488 4022 1666 4085 homo,
1682 4036 1797 4089 pro-

220 4137 330 4195 pter
344 4140 502 4194 quem
522 4124 696 4175 omnia
715 4128 835 4172 snnt
854 4117 1081 4171 condita.
1106 4115 1180 4167 Ne
1197 4115 1313 4181 quis
1331 4122 1502 4163 autem
1520 4112 1657 4164 dicat
1678 4130 1689 4162 :
1713 4113 1795 4162 At-

218 4218 298 4285 qui
317 4217 503 4267 carlum
521 4213 658 4265 idem
677 4219 774 4271 est,
797 4218 934 4262 terra
955 4207 1160 4266 eadem,
1178 4214 1230 4257 et
1250 4205 1408 4255 homo
1445 4217 1674 4270 quoque,
1703 4217 1788 4256 res

221 4307 451 4359 omnium
471 4300 809 4370 dignissima;
839 4311 969 4349 nova
989 4295 1067 4346 lex
1089 4293 1204 4346 data
1225 4304 1325 4356 εει,
1352 4307 1484 4343 nova
1511 4299 1790 4358 praicepta,

221 4412 348 4449 nova
368 4394 538 4463 gratia
570 4390 1156 4459 perlavacrummovus
1189 4383 1367 4445 homo,
1389 4396 1539 4433 nova:
1577 4381 1796 4448 promis-

221 4491 412 4540 sioncs.
438 4485 551 4538 Non
577 4484 716 4536 enim
747 4481 882 4532 ultra
920 4477 1090 4545 agitur
1121 4477 1186 4527 de
1211 4483 1347 4526 terra
1364 4482 1416 4524 et
1437 4473 1502 4524 de
1531 4473 1752 4524 terrenis
1779 4487 1792 4534 ;

221 4579 309 4629 sed
335 4577 400 4628 de
418 4575 549 4626 carlo
566 4583 618 4625 et
633 4571 700 4622 de
716 4568 1034 4622 carlestibus.
1054 4565 1196 4617 Nova
1231 4563 1500 4632 mysteria.
1526 4561 1636 4614 Non
1661 4563 1793 4612 ultra

223 4669 388 4719 locum
411 4663 607 4714 habent
623 4660 709 4711 illa
724 4671 998 4724 corporea,
1019 4656 1151 4715 ovis,
1170 4653 1404 4719 sanguis,
1421 4651 1591 4709 nidor,
1615 4651 1643 4701 ii
1657 4664 1790 4709 mus;

225 4755 310 4809 sed
328 4750 654 4806 rationabilis
671 4749 754 4801 ille
771 4747 1063 4811 virtuteque
1077 4752 1291 4795 ornatus
1306 4741 1474 4791 cultus
1494 4757 1503 4788 :
1523 4752 1652 4789 nova
1671 4752 1796 4804 prae-

225 4855 389 4913 cepta.
431 4843 647 4910 Lignum
675 4851 771 4891 nos
800 4835 862 4888 ad
881 4835 1066 4888 crclum
1103 4833 1277 4893 ducit,
1307 4830 1661 4895 sublimcsque
1680 4827 1795 4879 efﬁ-

225 4936 308 4988 cit.
327 4935 532 4998 Scopus
549 4938 722 4982 autem
743 4927 792 4978 in
811 4935 1034 4992 utroque
1063 4922 1403 4974 Testamento
1426 4933 1560 4970 unus
1586 4928 1682 4978 est,
1702 4918 1795 4968 ho-

227 5028 420 5080 minum
442 5036 632 5088 nempe
648 5018 966 5072 emendatio.
988 5013 1184 5083 Ecquid
1205 5014 1392 5064 mirum
1409 5011 1473 5061 de
1496 5011 1790 5074 Scriptura,

227 5117 430 5187 quando
448 5125 633 5168 natura
656 5121 760 5164 tota
793 5108 856 5160 ad
883 5108 994 5174 ejus
1017 5121 1166 5158 usum
1198 5112 1277 5157 est
1307 5101 1560 5155 condita?
1591 5100 1793 5152 Etenim

230 5222 468 5272 magnum
495 5212 712 5273 prOpter
739 5201 883 5252 illum
908 5198 1091 5251 cadum
1119 5195 1368 5254 condidit,
1398 5202 1587 5243 terram
1617 5191 1794 5250 latam,

233 5315 370 5350 mare
403 5296 592 5363 majus,
624 5306 777 5361 quam
811 5288 1096 5341 necessitas
1127 5285 1395 5354 postulare
1423 5280 1715 5340 videbatur,
1745 5287 1800 5327 ut

236 5402 258 5438 ι
286 5386 640 5455 magnitudine
671 5381 998 5450 opiﬁciorum
1027 5378 1278 5445 Opiﬁcem
1308 5375 1580 5435 mirantes,
1615 5368 1677 5421 ad
1709 5369 1796 5420 Dei

294 5580 361 5636 (η)
396 5585 525 5626 Bene
551 5577 739 5629 dicitur,
759 5569 1116 5636 commermerit",
1138 5568 1216 5615 vel
1243 5565 1552 5636 mrte,_breris
1569 5576 1801 5636 continen-

241 5624 515 5687 tarit’nto‘re.
541 5645 649 5683 Mm
675 5624 749 5683 mi,-
775 5635 946 5694 passim
969 5630 1354 5694 Aﬂltrysostnmus
1389 5630 1565 5673 breves
1596 5624 1800 5684 explica-

240 5708 390 5747 tiones
407 5700 596 5759 adiecit,
621 5691 888 5759 rerumque
902 5691 1136 5759 in__Veteri
1154 5696 1459 5739 Testamento
1477 5694 1800 5736 enarratarum

239 5771 341 5809 cum
358 5754 477 5810 aeto
502 5758 852 5809 consonantiam
879 5754 1063 5801 indicat.

1903 3668 2258 3735 cognitionem
2285 3667 2547 3720 venirent.
2576 3667 2697 3720 llzrc
2730 3667 2903 3735 itaque
2934 3680 3146 3738 propter
3173 3673 3316 3725 illum
3346 3673 3479 3729 facta

1903 3765 2044 3810 sunt.
2073 3756 2331 3823 Quoniam
2361 3757 2516 3825 igitur
2547 3758 2754 3812 Veteris
2778 3769 2829 3812 et
2855 3760 2981 3813 Novi
3014 3763 3332 3817 Testamenti
3363 3781 3482 3819 sco-

1900 3861 1998 3914 pus
2035 3862 2170 3899 unus
2209 3857 2289 3899 est
2313 3888 2325 3910 ,
2360 3849 2717 3900 necessarium
2747 3850 2904 3901 etiam
2935 3853 3132 3917 putavit
3161 3853 3365 3920 Moyses
3389 3854 3473 3906 hi-

1900 3937 2092 3990 storias
2113 3947 2318 3990 veteres
2339 3937 2639 3990 describere
2666 3957 2677 3989 :
2704 3953 2804 3990 non
2827 3941 3118 3992 secundum
3142 3949 3488 3998 externorum

1900 4041 2100 4078 morem
2129 4067 2140 4083 .
2171 4026 2256 4092 qui
2293 4025 2539 4078 historias
2569 4028 2804 4080 scribunt
2835 4043 2894 4081 ea
2941 4040 3116 4082 mente
3153 4039 3385 4091 tantum,
3423 4041 3479 4081 ut

1902 4130 2074 4168 rerum
2111 4115 2440 4168 narrationes
2474 4125 2674 4180 texant,
2701 4128 2754 4169 et
2785 4117 2918 4170 bella
2952 4133 3251 4187 pugnasque
3284 4122 3331 4172 in
3367 4136 3477 4173 mc-

1900 4205 2045 4257 dium
2075 4214 2251 4272 agant,
2285 4216 2442 4273 atque
2469 4221 2532 4259 ex
2561 4208 2768 4274 scriptis
2797 4209 3015 4275 gloriam
3048 4210 3144 4261 sibi
3175 4219 3375 4276 parent.
3405 4211 3473 4261 At

1902 4294 2171 4362 legislator
2198 4311 2302 4347 non
2333 4299 2408 4349 sic
2439 4315 2451 4348 :
2482 4296 2572 4349 sed
2608 4313 2820 4365 semper
2855 4299 3098 4350 historias
3128 4301 3307 4352 scribit
3348 4300 3470 4351 illu-

1901 4389 2086 4440 strium
2116 4389 2345 4440 virorum
2379 4389 2466 4456 qui
2499 4404 2582 4442 res
2615 4391 2892 4457 prmelaras
2921 4400 3232 4457 gesserunt;
3265 4401 3321 4442 ut
3352 4391 3472 4443 vita:

1901 4477 2109 4530 illorum
2140 4479 2372 4529 narratio
2413 4481 2638 4546 posteris
2682 4480 2750 4530 sit
2788 4481 2998 4544 Optume
3032 4479 3284 4532 doctrina:
3313 4496 3471 4548 argu-

1903 4578 2153 4620 mentum.
2191 4568 2417 4637 Ideoque
2449 4584 2550 4620 non
2585 4569 2741 4621 modo
2771 4585 2862 4622 eos
2893 4571 2977 4636 qui
3010 4585 3064 4623 se
3098 4572 3256 4635 probe
3285 4587 3474 4639 gesse-

1903 4666 2024 4709 runt
2053 4659 2100 4710 in
2134 4658 2362 4711 medium
2406 4657 2655 4722 adducit,
2699 4658 2788 4711 sed
2835 4661 2990 4712 etiam
3036 4671 3336 4729 peccatores
3371 4681 3383 4717 :
3420 4672 3478 4715 ut

1903 4749 2019 4801 illos
2058 4750 2395 4810 :emulcmur,
2443 4749 2538 4802 bos
2576 4759 2748 4803 autem
2791 4749 3047 4819 fugiamus
3075 4795 3090 4817 ,
3134 4762 3184 4804 et
3220 4755 3474 4822 utrinque

1902 4838 2148 4890 virtutem
2193 4837 2625 4906 diligentiamque
2669 4840 2924 4907 majorem
2972 4838 3345 4906 adipiscamur.
3399 4842 3474 4892 Ne

1901 4931 2016 4998 quis
2062 4945 2186 4997 ergo
2229 4931 2492 4983 existimet
2534 4922 2681 4984 extra
2732 4932 3042 4998 legislatoris
3079 4932 3305 4983 ofﬁcium
3357 4947 3476 4984 esse

1903 5019 2148 5071 historias
2179 5029 2384 5072 veteres
2424 5036 2639 5072 narrare
2665 5062 2679 5085 ,
2735 5001 2785 5073 et
2817 5021 2955 5087 leges
3002 5021 3346 5088 perscribere.
3381 5022 3472 5073 Et-

1903 5111 2041 5162 enim
2077 5126 2229 5178 quam
2264 5112 2362 5162 vim
2385 5111 2541 5163 habet
2571 5112 2676 5175 lex,
2701 5111 2936 5163 eamdem
2953 5111 3149 5164 obtinet
3175 5122 3476 5164 sanctorum

1901 5200 2021 5250 vita:
2054 5201 2299 5251 narratio.
2335 5200 2429 5251 Est
2461 5201 2631 5266 itaque
2663 5201 2713 5251 in
2747 5202 2906 5251 veteri
2941 5202 3052 5268 lege
3083 5201 3220 5252 aliud
3255 5201 3470 5252 histori-

1903 5305 2020 5342 cum
2053 5332 2064 5353 ,
2098 5300 2151 5341 ut
2179 5290 2531 5343 Octateuchus
2559 5290 2668 5357 (tt):
2703 5305 2890 5357 nempe
2913 5289 3152 5353 Genesis,
3183 5305 3296 5355 qum
3323 5303 3474 5339 crea-

1908 5382 2098 5433 tionem
2128 5390 2358 5439 enarrat,
2395 5395 2596 5432 necnon
2621 5381 2774 5431 ritam
2799 5394 2980 5432 eorum
3015 5379 3099 5446 qui
3132 5378 3237 5428 lico
3266 5377 3467 5441 accepti

1906 5471 2080 5536 fuere;
2117 5471 2353 5535 lixodus,
2378 5486 2493 5538 qua:
2511 5469 2720 5523 Judaeos
2744 5470 2957 5523 exhibet
2979 5485 3038 5521 ex
3064 5467 3290 5534 Aigypto
3313 5466 3472 5517 mira-

1970 5623 2039 5682 (ιι)
2077 5621 2407 5674 Octateuchus,
2427 5627 2534 5666 octo
2555 5621 2738 5680 priores
2760 5622 3006 5678 Scripturm
3027 5615 3171 5661 libros
3196 5613 3477 5672 complecti.

1907 5690 1999 5736 tur,
2026 5684 2265 5738 Genesim,
2302 5682 2529 5736 Exodum,
2564 5683 2835 5739 leviticum,
2883 5687 3125 5735 humeros,
3174 5682 3470 5723 Ueutcrono-

1907 5745 2249 5806 1nium,Josue,
2276 5743 2485 5801 Judices,
2508 5749 2557 5789 et
2580 5743 2714 5789 ltuth.
