3990 6434
512 391 621 445 315

516 485 688 537 hiliter
704 483 920 536 eductos
939 489 993 534 et
1015 481 1280 540 liberatos,
1304 489 1460 548 atque
1479 480 1527 532 in
1551 478 1761 532 deserto
1777 475 1864 529 diu
1883 489 2087 527 moran-

515 583 613 634 tes,
634 573 904 640 legemque
923 576 1076 623 latam
1103 587 1116 633 ;
1139 569 1421 632 Leviticus,
1456 570 1505 621 in
1529 581 1631 636 quo
1651 567 1717 620 de
1737 565 2010 619 sacriﬁciis
2029 572 2082 617 et

516 661 848 717 sacerdotio:
881 677 999 714 nam
1025 661 1192 713 tribus
1217 659 1340 712 Levi
1370 657 1719 712 sacerdotium
1743 657 1923 710 sortita
1956 666 2037 710 est
2071 674 2083 708 :

515 761 569 804 et
592 767 653 804 ex
681 752 846 804 tribus
875 751 1085 803 nomine
1117 759 1446 817 nuncupatus
1475 747 1609 802 liber
1630 755 1729 800 est.
1755 746 1949 799 Deinde
1975 746 2084 798 Nu-

516 843 684 905 meri;
729 851 847 909 post
890 856 1160 910 egressum
1203 842 1343 894 enim
1385 855 1448 892 ex
1495 837 1726 907 Egypto
1757 836 1914 904 jussit
1949 837 2085 888 Deus

514 931 777 984 numerari
827 930 1080 998 populum
1123 928 1402 982 Judaicum
1429 968 1442 991 ,
1491 937 1748 996 erantque
1790 927 2085 980 sexcenties

514 1023 658 1074 mille
677 1064 690 1084 ,
725 1022 791 1074 ab
821 1039 924 1075 uno
957 1022 1169 1075 homine
1199 1020 1499 1074 Abrahamo
1524 1022 1644 1075 orti.
1674 1021 1862 1074 Postea
1893 1021 2085 1072 Dente-

514 1113 812 1166 ronomium
843 1130 857 1166 :
888 1113 1053 1180 legem
1082 1113 1220 1165 enim
1249 1111 1484 1166 secundo
1515 1111 1888 1180 interpretatus
1918 1120 1996 1164 est
2022 1111 2084 1163 il-

514 1203 579 1254 lis
605 1202 829 1272 Moyses.
874 1203 1072 1256 Deinde
1099 1203 1254 1257 Jesus
1295 1203 1434 1257 ﬁlius
1465 1203 1651 1257 Nave:
1682 1202 1772 1256 hic
1799 1202 1938 1256 enim
1969 1210 2086 1269 post

513 1293 745 1363 Moysem
778 1295 986 1346 illorum
1019 1294 1123 1347 dux
1157 1294 1472 1347 constitutus
1498 1334 1510 1356 ,
1548 1294 1598 1346 in
1630 1301 1822 1346 terram
1857 1293 2082 1359 promis-

515 1384 679 1436 sionis
701 1383 988 1436 introduxit
1011 1383 1148 1447 illos,
1174 1393 1472 1450 terramque
1497 1397 1591 1451 per
1618 1390 1787 1436 sortes
1807 1381 2084 1434 duodecim

517 1474 755 1528 tribubus
781 1473 975 1526 divisit.
1007 1473 1134 1526 Post
1162 1473 1300 1526 hunc
1326 1472 1537 1526 Judices
1570 1490 1584 1525 :
1626 1486 1745 1525 nam
1784 1471 1908 1524 Jesu
1940 1486 2084 1522 mor-

519 1572 627 1628 tuo,
660 1563 955 1632 respublica
987 1560 1289 1616 Judzeorum
1319 1563 1368 1616 in
1396 1561 1774 1617 aristocratiam
1803 1575 1952 1614 versa
1980 1568 2082 1623 est,

514 1663 568 1704 et
594 1654 760 1706 tribus
783 1653 1058 1721 imperium
1081 1651 1512 1706 moderabantur.
1539 1650 1738 1704 Deinde
1761 1648 1923 1714 Ruth,
1953 1649 2086 1701 liber

513 1745 734 1812 exiguus
758 1785 772 1808 ,
804 1744 1077 1797 historiam
1107 1741 1463 1810 complectens
1491 1741 1726 1795 mulieris
1754 1739 2081 1806 alienigenae,

512 1849 628 1903 qum
655 1834 836 1888 ,Ιυάωο
860 1834 1068 1887 cuidam
1098 1834 1292 1901 nupsit.
1317 1833 1443 1886 Post
1467 1832 1607 1884 hunc
1633 1831 1933 1899 Regnorum
1965 1828 2084 1882 libri

512 1935 738 1992 quatuor
766 1941 778 1976 :
815 1925 864 1978 in
893 1924 1082 1994 quibus
1111 1933 1258 1992 gesta
1289 1922 1481 1984 Saulis,
1509 1920 1738 1984 Davidis,
1765 1919 2082 1983 Salonwnis,

515 2015 666 2079 Elia},
703 2015 901 2079 Eliszei,
931 2023 983 2066 et
1011 2015 1209 2082 reliqua
1242 2027 1408 2082 usque
1433 2011 1496 2064 ad
1526 2011 1882 2077 captivitatem
1915 2009 2086 2077 Baby-

515 2105 758 2159 lonicam.
806 2105 930 2158 Post
977 2104 1279 2172 Regnorum
1322 2102 1481 2156 libros
1531 2100 1750 2154 Esdras.
1799 2099 2083 2166 Postquam

513 2196 652 2247 enim
684 2195 732 2247 in
771 2195 1090 2264 Babylonem
1121 2194 1188 2246 ob
1217 2200 1426 2262 peccata
1463 2206 1554 2244 sua
1585 2190 1796 2245 abducti
1837 2189 2042 2243 fuerant
2067 2229 2083 2253 ,

516 2287 689 2355 ibique
715 2288 1042 2354 septuaginta
1071 2286 1222 2339 annis
1253 2287 1302 2337 in
1333 2284 1587 2337 servitute
1614 2291 1918 2336 manserant
1943 2324 1957 2348 ,
1989 2282 2084 2336 de-

516 2391 659 2428 mum
696 2377 832 2429 Deus
865 2376 1100 2443 placatus
1125 2415 1137 2434 .
1171 2375 1222 2428 id
1262 2374 1490 2442 providit
1535 2383 1589 2426 ut
1627 2373 1798 2440 Cyrus
1831 2383 1952 2426 tunc
1993 2388 2086 2425 rex

516 2467 817 2530 Persarum,
852 2464 1039 2534 Cyrus,
1073 2467 1306 2534 inquam,
1337 2463 1488 2532 cujus
1520 2462 1770 2531 puerilem
1803 2462 2090 2514 institutio-

517 2570 635 2608 nem
656 2555 936 2622 descripsit
952 2554 1269 2623 Xenophon,
1287 2554 1522 2621 captivos
1543 2551 1852 2606 dimitteret.
1874 2551 2084 2604 Dimissi

516 2661 641 2697 vero
664 2645 932 2697 redierunt
959 2644 1177 2697 ducibus
1207 2643 1398 2708 Esdra,
1429 2643 1640 2696 Neemia
1663 2651 1715 2694 et
1741 2641 2085 2695 Zorobahele.

518 2735 666 2787 Ilunc
699 2733 922 2787 reditum
954 2733 1208 2787 describit
1239 2732 1434 2786 Esdras
1455 2772 1470 2797 ,
1503 2741 1556 2784 et
1592 2730 1855 2799 quomodo
1887 2731 2087 2784 reversi

519 2825 767 2890 templum
791 2823 960 2876 denuo
975 2821 1704 2889 construxerint,urbemque
1734 2819 2093 2873 reccdiﬁeave-

517 2915 639 2967 rint.
665 2917 885 2967 Centum
907 2913 1099 2967 deinde
1120 2914 1270 2966 annis
1286 2913 1504 2982 elapsis,
1522 2927 1704 2965 rursus
1726 2911 1844 2965 illos
1869 2911 2086 2978 bellum,

516 3002 905 3057 Macedonicum
938 3018 1128 3070 nempe
1153 3044 1168 3067 ,
1199 3003 1410 3056 invasit.
1446 3001 1646 3054 Deinde
1675 3001 1921 3054 Antiochi
1965 3001 2088 3070 Epi-

517 3095 704 3164 phanis
732 3102 876 3166 gesta
918 3105 1231 3164 sequuntur,
1269 3093 1478 3162 quando
1510 3093 1675 3146 tribus
1716 3093 1870 3146 annis
1906 3101 1959 3146 et
2002 3092 2085 3146 di-

517 3185 679 3239 midio
707 3186 910 3240 obsessi
936 3225 950 3248 ,
984 3185 1226 3252 maleque
1256 3183 1425 3238 allecti
1453 3224 1465 3246 ,
1496 3197 1525 3236 a
1553 3181 1942 3236 calamitatibus
1971 3198 2087 3236 rur-

515 3293 634 3330 sum
655 3278 816 3344 erepti
840 3285 979 3329 sunt.
1004 3277 1129 3328 Post
1155 3275 1266 3328 hate
1291 3273 1497 3328 modico
1518 3273 1699 3341 elapso
1725 3283 1963 3341 tempore
1987 3273 2084 3344 (a),

513 3363 753 3419 Christus
778 3364 1010 3427 advenit,
1038 3373 1091 3418 et
1118 3363 1279 3416 Vetus
1302 3362 1694 3417 Testamentum
1726 3362 1937 3417 desinit.

581 3455 878 3509 ludceorum
919 3471 1072 3525 genus
1121 3455 1272 3508 unde.
1303 3484 1375 3494 —-
1412 3453 1480 3508 Ut
1517 3462 1692 3508 autem
1723 3453 1955 3509 discatur
1983 3454 2084 3508 Ju-

515 3545 678 3599 daicre
724 3547 894 3614 gentis
934 3548 1120 3616 origo,
1165 3545 1405 3615 quaedam
1458 3545 1542 3600 hic
1595 3546 1884 3600 enarranda
1942 3556 2085 3601 sunt.

515 3636 636 3689 Post
663 3636 826 3689 Adam
855 3635 950 3689 l‘uit
976 3635 1124 3701 Selh,
1150 3635 1340 3690 deinde
1370 3633 1576 3699 Enoch,
1606 3642 1786 3704 postea
1807 3635 1894 3689 alii
1923 3651 2088 3705 usque

513 3726 578 3778 ad
611 3727 799 3778 multas
827 3727 1222 3794 generationes;
1245 3726 1454 3778 demum
1481 3724 1616 3789 Noe,
1643 3725 1794 3794 cujus
1824 3734 2081 3795 tempore,

513 3833 632 3870 eum
663 3816 903 3871 homines
931 3828 1112 3870 essent
1143 3817 1341 3869 malitia
1364 3815 1635 3885 corrupti,
1669 3815 1920 3869 diluvium
1947 3817 2086 3871 acci-

513 3907 608 3959 dit.
660 3907 913 3962 Cessante
952 3907 1149 3961 diluvio
1175 3947 1190 3973 ,
1221 3921 1466 3977 egressus
1505 3922 1570 3961 ex
1612 3921 1735 3960 arca
1778 3908 1922 3962 solus
1964 3923 2082 3962 cum

513 3995 682 4050 tribus
712 3996 850 4061 filiis,
887 4006 1077 4049 terram
1105 4010 1316 4050 omnem
1341 3997 1487 4064 prole
1512 4011 1604 4050 sua
1632 3997 1874 4067 replevit,
1907 3998 2087 4052 multis

510 4085 847 4138 successione
874 4087 1097 4154 quadam
1126 4087 1416 4155 prognatis.
1449 4086 1579 4141 Cum
1606 4102 1734 4157 ergo
1761 4088 1969 4156 plurimi
1995 4103 2083 4143 es-

511 4183 664 4241 sent,
699 4175 1060 4228 deliherarunt
1099 4175 1362 4230 aediﬁcare
1401 4177 1622 4241 turrim,
1652 4191 1769 4246 quae
1799 4177 1864 4232 ad
1895 4178 2081 4232 caelum

512 4279 678 4332 usque
701 4267 1043 4333 pertingeret.
1071 4265 1263 4318 Eorum
1286 4266 1563 4320 consilium
1593 4265 1900 4335 improbans
1922 4267 2080 4334 Deus,

511 4357 718 4425 linguas
747 4357 978 4423 ipsorum
1001 4355 1257 4422 confudit,
1291 4372 1555 4425 unamque
1583 4358 1636 4412 in
1664 4357 1855 4411 multas
1885 4357 2082 4412 divisit.

509 4447 683 4512 Quare
711 4460 828 4500 cum
859 4460 962 4499 non
991 4461 1106 4500 sese
1136 4456 1316 4502 mutuo
1344 4446 1621 4512 audirent,
1657 4447 1814 4501 simul
1846 4446 2085 4501 habitare

512 4553 616 4591 non
651 4545 930 4605 potuerunt
961 4553 974 4590 :
1007 4553 1124 4606 qum
1164 4552 1322 4591 causa
1363 4537 1460 4590 fuit
1484 4548 1542 4592 ut
1583 4553 1678 4607 per
1707 4546 1873 4592 totum
1903 4538 2084 4593 orbem

515 4627 969 4700 dispergerentur.
1005 4628 1204 4682 Dicitur
1232 4636 1409 4682 autem
1447 4628 1499 4682 in
1531 4629 1616 4682 illa
1646 4629 1951 4684 confusione
1983 4629 2086 4683 lin-

509 4732 728 4784 gnarum
750 4758 762 4776 .
797 4716 1062 4771 Heberum
1094 4717 1396 4772 Judaeorum
1428 4718 1818 4787 progenitorem
1851 4720 2086 4774 noluisse

510 4807 694 4860 tentati
716 4808 892 4875 operis
916 4822 1034 4862 esse
1064 4809 1390 4878 participem,
1419 4810 1695 4879 solumque
1723 4811 1978 4864 mansisse
1997 4813 2083 4878 qui
2170 4831 2176 4836 ’

511 4897 742 4965 linguam
788 4905 1028 4950 servaret
1065 4897 1135 4967 (b)
1163 4939 1177 4962 ,
1221 4897 1323 4953 hoc
1358 4900 1540 4966 Optimi
1572 4899 1780 4954 consilii
1813 4902 2083 4968 praemium

510 4986 778 5055 adeptum.
807 4987 881 5041 Ex
902 4988 1178 5056 nepotibus
1195 4988 1306 5058 ejus
1329 4988 1426 5042 fuit
1441 4990 1704 5043 Abraham
1727 5008 1740 5043 :
1762 4990 1984 5060 ideoque
2003 4990 2085 5044 Ju-

511 5077 744 5130 dmorum
767 5078 964 5147 lingua,
989 5078 1242 5134 llebraica
1269 5089 1489 5134 vocatur
1514 5081 1579 5134 ab
1601 5080 1826 5135 chero.
1858 5083 2084 5135 Ahraha:

512 5169 651 5223 ﬁlius
694 5169 788 5222 fuit
829 5169 971 5224 lsaac
995 5211 1009 5234 ,
1045 5171 1198 5240 hujus
1235 5171 1418 5225 Jacoh.
1469 5171 1566 5225 llic
1595 5172 1778 5241 genuit
1804 5172 2083 5226 duodecim

511 5259 865 5328 patriarchas,
897 5261 1080 5315 Ruben
1107 5302 1120 5324 ,
1146 5262 1400 5331 Symeon,
1428 5261 1575 5329 Levi,
1607 5262 1818 5328 Judam,
1852 5263 2081 5330 lsachar,

511 5351 769 5416 Zabnlon,
793 5351 1312 5420 Nephthalim,Gad,
1345 5353 1478 5420 Dan,
1513 5356 1666 5416 Aser,
1701 5353 1916 5423 .loseph,
1950 5356 2085 5410 Ben-

568 5461 638 5522 (a)
676 5471 705 5525 A_
752 5460 1077 5525 profanatione
1125 5462 1292 5523 templi
1337 5476 1425 5524 per
1470 5463 1750 5511 Antiochum
1790 5464 2083 5525 Epip‘lianem

504 5521 627 5571 facta
652 5523 707 5569 ad
733 5521 887 5571 ortum
911 5523 1082 5573 Christi
1108 5521 1356 5572 anni‘suut
1379 5525 1569 5572 circiter
1594 5532 1788 5572 centum
1812 5521 2080 5582 sexaginta.

573 5583 644 5645 (b)
677 5584 890 5646 tlomiliis
923 5586 968 5632 in
1000 5586 1222 5646 Genesim
1243 5591 1374 5631 Tom.
1416 5585 1494 5638 ιν,
1539 5585 1629 5633 col.
1657 5584 1765 5639 279,
1795 5587 1859 5631 ait
1883 5587 2084 5646 Chryso-

502 5653 686 5694 stomus
710 5645 948 5691 Heberum
961 5645 1112 5693 solum
1135 5648 1334 5705 primum
1347 5647 1506 5692 mundi
1521 5659 1744 5694 servasse
1760 5646 1942 5691 idioma.
1959 5645 2084 5705 qutxl

510 5706 586 5753 hic
605 5708 754 5756 etiam
777 5705 889 5754 dicit
930 5707 1020 5756 Sed
1047 5721 1103 5756 ea
1114 5705 1243 5755 dere
1256 5707 1685 5756 contrevertitme‘
1697 5707 1774 5754 ide
1792 5714 1946 5754 notam
1966 5707 2081 5754 ibid.

1217 369 1271 424 S.
1313 366 1589 423 JOANNIS
1625 361 2101 420 CllRYSOSTOMl
2141 361 2450 418 ARCIIIEP.
2481 361 3010 419 CONS'I'ANTINOP.

2188 474 2375 542 jamin.
2404 474 2656 530 Undecim
2698 475 2882 529 horum
2921 474 3331 544 patriarcharum
3367 490 3558 532 nomen
3599 491 3763 531 areo-

3638 382 3760 437 316

2195 579 2318 632 pere
2350 565 2514 618 tribus
2553 566 2619 618 ab
2658 565 2760 617 illis
2799 576 2948 618 ortze.
2991 564 3361 636 Unusquisque
3387 570 3526 622 enim
3555 569 3763 622 tribum

2191 655 2587 722 proseminavit,
2609 665 2660 708 et
2681 655 2856 722 proles
2882 656 2948 710 ab
2974 657 3528 712 eisdenominabatur.
3555 659 3762 713 Verum

2192 743 2405 809 Josephi
2437 759 2538 796 non
2571 760 2671 796 una
2696 745 2882 809 tribus,
2912 747 3002 800 sed
3025 747 3140 801 dua:
3167 749 3394 801 fuerunt.
3420 748 3592 802 Noluit
3612 750 3762 802 enim

2191 833 2404 902 Josephi
2452 844 2598 902 pater
2619 849 2774 887 unam
2821 836 3011 889 tribum
3033 837 3100 890 ab
3119 852 3184 892 eo
3226 837 3575 893 denominari.
3617 839 3763 906 Quid

2192 939 2316 991 ergo
2339 923 2532 976 factum
2560 934 2638 976 est
2665 924 2686 975 ?
2714 924 2843 989 Quia
2872 939 3007 978 unus
3033 934 3146 980 erat
3174 926 3282 992 ille,
3306 936 3362 979 ut
3384 927 3576 996 duplex
3607 927 3768 981 ﬁeret

2199 1013 2514 1080 patriarcha,
2535 1013 2783 1082 Ephraim
2798 1024 2850 1068 et
2865 1015 3156 1070 Manassem
3175 1017 3309 1071 duos
3329 1018 3442 1086 ejus
3457 1018 3610 1085 ﬁlios,
3625 1018 3769 1073 dua-

2191 1102 2287 1156 bus
2334 1103 2570 1156 tribubus
2608 1104 2821 1157 nomina
2854 1119 2947 1158 sua
2976 1105 3104 1159 dare
3139 1106 3315 1175 jussit.
3364 1107 3513 1163 Unde
3537 1110 3777 1177 contigit

2191 1205 2248 1247 ut
2279 1194 2528 1249 tredecim
2562 1196 2728 1250 tribus
2756 1206 2969 1261 essent;
3004 1214 3193 1268 nempe
3224 1199 3464 1255 undecim
3494 1202 3720 1256 aliorum
3743 1240 3758 1264 ,

2193 1295 2244 1338 et
2271 1284 2386 1337 duae
2415 1283 2630 1354 Josephi
2663 1301 2756 1354 per
2786 1286 2900 1355 ejus
2939 1287 3094 1342 ﬁlios.
3127 1289 3318 1346 Tribus
3359 1291 3486 1346 Levi
3519 1291 3638 1348 hinc
3665 1308 3770 1346 ex-

2193 1377 2436 1443 trahitur,
2460 1378 2739 1449 ordiniquc
2759 1381 3070 1436 sacerdotali
3092 1382 3374 1452 deputatur
3387 1400 3588 1455 meque
3605 1385 3765 1438 enim

2192 1470 2546 1524 necessarium
2578 1480 2689 1526 erat
2713 1473 2854 1526 aliud
2879 1473 3148 1542 quidpiam
3176 1475 3273 1544 ipsi
3303 1475 3544 1541 tradere;
3572 1477 3770 1545 sicque

2191 1567 2368 1612 manet
2395 1559 2674 1615 duodecim
2716 1561 2944 1616 tribuum
2985 1577 3237 1618 numerus
3283 1578 3389 1619 non
3429 1565 3764 1619 imminutus.

2191 1648 2474 1704 Duodecim
2502 1666 2629 1722 ergo
2660 1651 2826 1707 tribus
2854 1654 2954 1708 alia
2985 1655 3160 1709 omnia
3190 1656 3486 1725 gerebant:
3513 1657 3636 1712 Levi
3662 1672 3784 1711 att-

2192 1747 2294 1792 tem
2329 1740 2483 1794 tribui
2514 1743 2602 1796 uni
2643 1742 2987 1797 sacerdotalia
3031 1745 3208 1798 munia
3247 1746 3547 1800 concredita
3580 1755 3769 1802 erant.

2191 1829 2269 1883 Ex
2305 1831 2401 1884 hac
2427 1832 2564 1886 tribu
2594 1833 2800 1902 Moyses
2827 1843 2958 1888 erat.
2988 1834 3049 1888 Hi
3080 1849 3206 1904 ergo
3233 1834 3510 1890 duodecim
3537 1837 3772 1904 patriar-

2190 1920 2304 1974 chae
2335 1921 2386 1974 in
2428 1923 2713 1992 Egyptum
2748 1923 2961 1992 profecti
2987 1964 3001 1989 ,
3037 1925 3250 1994 impleta
3282 1925 3374 1978 Dei
3408 1925 3774 1994 promissione

2189 2009 2494 2066 Abrahamo
2523 2013 2659 2067 facta
2680 2055 2696 2078 ,
2729 2029 2828 2082 qua
2857 2014 3150 2080 dicebatur,
3185 2013 3394 2067 Faciam
3423 2032 3590 2070 conten
3619 2025 3772 2069 tuum

2189 2101 2315 2153 sicut
2337 2101 2512 2156 stellas
2531 2104 2661 2165 creti»,
2691 2113 3062 2158 sexcentorum
3093 2104 3315 2158 millium
3341 2104 3489 2165 fuere
3518 2105 3774 2175 progeni-

2194 2201 2352 2245 tores.
2372 2192 2506 2246 Hinc
2521 2193 2825 2248 Iudaeorum
2844 2209 3009 2263 genus
3033 2195 3374 2250 constitutum
3385 2203 3485 2257 est,
3499 2197 3641 2267 quod
3657 2209 3773 2248 no-

2193 2298 2312 2335 men
2340 2285 2542 2353 accepit
2570 2299 2599 2337 a
2631 2285 2764 2338 tribu
2794 2284 2929 2338 Juda
2955 2285 3192 2338 omnium
3221 2285 3484 2354 praecipua
3514 2293 3566 2338 et
3593 2285 3769 2353 regia,

2192 2375 2330 2427 unde
2360 2390 2510 2442 reges
2530 2376 2699 2429 exorti
2723 2375 3078 2431 sunt.\’eteris
3094 2376 3251 2444 igitur
3271 2376 3594 2430 Testamenti
3619 2375 3772 2429 aliud

2191 2463 2401 2531 quidem
2434 2463 2740 2518 historicum
2770 2473 2850 2519 est
2875 2505 2890 2529 ,
2921 2464 3022 2520 hoc
3047 2479 3237 2534 nempe
3265 2465 3405 2534 quod
3429 2465 3539 2533 jam
3568 2478 3773 2519 recen-

2191 2554 2413 2608 suimns.
2443 2555 2572 2620 Qua:
2598 2555 2663 2608 ad
2692 2556 2909 2610 consilia
2936 2556 3153 2609 moralia
3178 2555 3461 2624 pertinent,
3490 2563 3613 2610 sunt
3635 2554 3774 2608 Pro-

2189 2643 2388 2707 verbia,
2419 2644 2686 2712 Sapientia
2716 2644 2918 2709 Sirach,
2953 2644 3320 2708 Ecclesiastes,
3347 2644 3561 2700 Cantica
3591 2643 3774 2698 canti-

2191 2747 2393 2786 corum.
2431 2733 2804 2802 Propheticum
2835 2749 2963 2789 vero
2991 2743 3115 2790 sunt
3143 2733 3411 2790 sexdecim
3440 2733 3724 2804 Propheta:
3753 2772 3771 2796 ,

2193 2821 2332 2874 Ruth
2355 2822 2453 2892 (a),
2475 2834 2526 2876 et
2549 2823 2730 2878 David.
2755 2824 2848 2878 Ha:
2867 2839 2992 2878 vero
3012 2823 3219 2893 species
3236 2824 3442 2887 divisse,
3465 2823 3622 2878 etiam
3647 2837 3773 2892 per-

2191 2913 2395 2966 mixtim
2431 2914 2547 2967 alia:
2575 2916 2626 2967 in
2657 2914 2774 2968 aliis
2808 2915 3161 2984 reperiuntur.
3197 2915 3440 2984 Exempli
3479 2929 3638 2970 causa
3663 2955 3678 2980 ,
3710 2913 3772 2968 in

2193 3000 2424 3056 historiis
2455 3002 2787 3072 prophetiam.
2807 3004 3044 3060 invenire
3071 3013 3188 3060 est:
3211 3013 3267 3060 et
3291 3003 3575 3074 prophetas
3600 3004 3775 3060 histo-

2193 3092 2300 3144 rica
2329 3093 2492 3145 multa
2523 3107 2803 3148 recensere
2831 3093 3094 3157 audimus,
3125 3102 3285 3164 atque
3311 3095 3363 3150 in
3391 3094 3581 3149 borum
3612 3104 3773 3149 utro-

2191 3197 2293 3250 que
2319 3182 2535 3236 consilia
2560 3191 2613 3238 et
2633 3184 2830 3239 monita
2852 3183 3316 3253 deprehendimus,
3348 3201 3539 3256 nempe
3563 3188 3614 3240 in
3642 3201 3774 3256 pro.

2192 3272 2369 3341 phetia
2395 3281 2450 3327 et
2477 3275 2529 3328 in
2577 3273 2820 3330 historia.
2862 3274 2986 3330 Haec
3014 3276 3189 3330 omnia
3210 3316 3225 3342 ,
3259 3285 3316 3330 ut
3341 3276 3476 3339 dixi,
3507 3275 3573 3329 ad
3602 3291 3772 3332 unum

2190 3361 2479 3430 rCSpieiunt
2498 3403 2513 3428 ,
2545 3377 2736 3432 nempe
2757 3363 2822 3417 ad
2850 3363 3176 3419 audientium
3202 3365 3628 3420 emendationem
3648 3406 3664 3431 ,
3696 3367 3772 3420 ita

2195 3460 2250 3504 ut
2274 3467 2339 3505 ex
2366 3452 2515 3520 prius
2542 3463 2808 3522 gestorum
2830 3457 3155 3523 narratione,
3181 3470 3244 3511 ex
3277 3456 3498 3510 consilio
3522 3457 3774 3530 admoni-

2195 3543 2532 3612 tioneque,et
2558 3560 2620 3598 ex
2655 3542 2931 3614 prophetia
2952 3544 3016 3598 ad
3039 3546 3090 3600 id
3115 3545 3256 3614 quod
3283 3545 3534 3601 decorum
3561 3555 3642 3601 est
3671 3561 3778 3602 nos

2190 3634 2590 3689 concinnemus.
2617 3635 2918 3704 Prophetite
2933 3649 3061 3692 vero
3078 3635 3204 3690 illud
3221 3637 3455 3691 maxime
3474 3651 3609 3706 opus
3628 3645 3772 3702 erat,

2191 3734 2249 3779 ut
2276 3726 2445 3780 futura
2469 3727 2869 3794 praenuntiaret,
2897 3741 2992 3781 seu
3019 3725 3156 3782 bona
3186 3741 3280 3781 seu
3305 3727 3440 3780 mala
3469 3737 3683 3792 essent;
3713 3738 3775 3784 ut

2189 3817 2322 3871 alios
2360 3815 2687 3870 attraherent
2709 3857 2723 3879 ,
2753 3816 2885 3872 alios
2923 3825 3068 3871 metu
3097 3831 3127 3870 a
3157 3817 3388 3886 nequitia
3433 3827 3769 3872 coercerent.

2188 3906 2287 3961 Est
2310 3915 2363 3959 et
2386 3905 2528 3958 aliud
2558 3905 2848 3974 prophetiae
2871 3920 3063 3975 genus,
3089 3921 3280 3975 nempe
3305 3920 3367 3960 ea
3392 3921 3510 3975 qua:
3529 3904 3596 3959 ad
3616 3906 3774 3960 Chri-

2191 4007 2330 4050 stum
2358 3996 2625 4065 pertinent
2643 3997 2917 4052 vaticinari
2943 4012 2955 4050 :
2979 3998 3068 4053 ubi
3093 4006 3337 4054 accurate
3365 4005 3636 4064 tractatur,
3660 4013 3772 4053 non

2190 4086 2258 4141 de
2294 4085 2521 4140 adventu
2550 4086 2708 4142 modo
2731 4127 2747 4153 ,
2791 4086 2887 4141 sed
2916 4095 2970 4142 et
2996 4086 3062 4142 de
3093 4088 3157 4142 iis
3183 4103 3300 4157 qua
3328 4097 3449 4158 post
3475 4087 3774 4143 adventum

2191 4176 2422 4231 facturus
2451 4185 2604 4244 erat,
2634 4175 2701 4232 de
2728 4186 2883 4247 partu
2901 4219 2915 4245 ,
2948 4177 3018 4234 de
3046 4178 3347 4246 natalibus,
3375 4177 3442 4234 de
3466 4193 3627 4234 cruce
3650 4220 3665 4245 ,
3701 4180 3775 4234 de

2189 4265 2482 4329 miraculis,
2506 4265 2573 4320 de
2601 4266 2981 4338 discipulorum
3001 4267 3286 4333 electione,
3314 4267 3381 4324 de
3400 4267 3552 4323 Novo
3576 4267 3772 4323 Testa-

2190 4363 2388 4417 mento,
2432 4354 2499 4409 de
2526 4357 2824 4410 cessatione
2859 4355 3196 4410 Judaicorum
3225 4357 3439 4422 rituum,
3462 4357 3528 4412 de
3555 4357 3772 4413 destru-

2192 4445 2368 4500 ctione
2405 4446 2784 4513 gentilitiorum
2808 4485 2823 4512 ,
2865 4444 2934 4500 de
2973 4443 3252 4500 nobilitate
3278 4445 3532 4501 Ecclesia:
3552 4486 3566 4512 ,
3597 4446 3778 4516 dequo

2192 4535 2312 4589 aliis
2336 4535 2580 4589 omnibus
2607 4533 3048 4604 subsequentibus
3074 4534 3252 4590 rebus.
3292 4535 3418 4592 Haec
3447 4536 3624 4591 omnia
3653 4536 3772 4591 cla-

2191 4627 2400 4681 rissime
2429 4635 2551 4680 ante
2578 4626 2804 4679 multum
2833 4635 3039 4694 tempus
3069 4625 3422 4696 pmdixerant
3449 4625 3724 4698 propheta)
3749 4665 3772 4694 ,

2191 4717 2291 4770 alia
2318 4716 2518 4786 ﬁguris,
2543 4716 2642 4769 alia
2670 4715 2866 4770 verbis.

2263 4805 2550 4874 Prop/tctia:
2579 4806 2692 4858 dum
2718 4805 2925 4874 species,
2957 4821 3046 4874 per
3069 4821 3220 4874 opera
3242 4815 3290 4860 et
3318 4821 3406 4875 per
3431 4804 3598 4858 verba.
3631 4803 3770 4858 Pra-

2193 4897 2371 4964 pltctiw
2389 4905 2460 4949 est
2488 4912 2588 4948 non
2615 4895 2762 4948 modo
2787 4896 2976 4962 futura,
3001 4894 3089 4948 sed
3111 4896 3261 4948 etiam
3283 4895 3532 4961 praeterita
3549 4894 3770 4963 aperire.

2191 5016 2261 5025 —
2288 4986 2495 5040 Etenim
2520 4985 2624 5038 duo
2649 4992 2774 5038 sunt
2799 4983 3088 5053 prephetite
3110 4999 3326 5054 genera,
3355 4991 3413 5038 et
3437 4982 3685 5053 operibus
3712 4993 3771 5036 et

2193 5077 2367 5131 verbis
2397 5077 2570 5131 futura
2609 5075 2966 5143 praenuntiare
3000 5092 3012 5127 :
3053 5074 3231 5129 verbis
3271 5073 3520 5143 quidem,
3552 5080 3607 5126 ut
3647 5086 3770 5128 cum

2193 5183 2404 5223 erucem
2432 5167 2728 5237 signiﬁcare
2752 5165 3012 5232 volentes,
3039 5165 3222 5220 dicunt
3245 5182 3258 5218 :
3288 5163 3430 5220 Sicut
3449 5163 3552 5217 ovis
3581 5161 3650 5214 ad
3671 5177 3770 5216 ccc-

2191 5259 2304 5310 dem
2329 5259 2505 5310 ductus
2534 5265 2605 5310 est
2627 5297 2640 5318 ,
2666 5265 2712 5308 et
2748 5255 2876 5307 sicut
2918 5271 3079 5326 agnus
3117 5271 3286 5308 coram
3314 5270 3370 5307 sc
3396 5251 3628 5305 tondente
3664 5251 3772 5305 sine

2191 5367 2308 5404 uoce
2337 5348 2503 5420 (Isai.
2535 5349 2620 5402 55.
2651 5347 2741 5416 7).
2770 5346 2884 5402 lloc
2921 5347 3097 5418 itaque
3123 5346 3296 5402 verbis
3338 5344 3468 5415 ipsis
3493 5343 3771 5400 vaticinari

2256 5461 2328 5522 (a)
2364 5459 2481 5522 Ruth
2523 5459 2662 5522 inter
2693 5458 3000 5522 propheticos
3039 5457 3188 5506 libros
3217 5456 3435 5522 fortasse
3459 5453 3594 5522 ponit
3609 5456 3771 5522 ,_Iquia

2190 5512 2334 5570 unius
2354 5520 2572 5568 mulieris
2595 5512 2795 5579 privatae
2835 5519 3031 5568 historia
3063 5532 3160 5568 non
3184 5517 3434 5579 videbatur
3460 5512 3600 5579 inter
3626 5512 3772 5579 libros

2191 5595 2357 5631 sacros
2381 5574 2626 5628 aerenseri
2655 5591 2814 5640 posse,
2841 5581 2931 5627 nisi
2955 5592 3016 5627 ex
3055 5591 3116 5627 ea
3136 5574 3341 5640 muliere
3365 5577 3634 5640 nasciturus
3659 5575 3771 5624 fuis-

2191 5651 2268 5691 set
2291 5643 2522 5696 Christus,
2549 5641 2592 5688 id
2617 5637 2741 5696 quod
2774 5649 2844 5689 tot
2881 5647 2994 5688 ante
3035 5638 3224 5687 smculis
3263 5638 3446 5684 nonnisi
3487 5637 3771 5696 prephetlco

2195 5705 2305 5754 sciri
2327 5709 2514 5764 poterat
2529 5716 2543 5763 ;
2572 5699 2646 5750 vel
2674 5704 2793 5752 forte
2817 5700 2934 5751 ltuth
2960 5701 3038 5749 hic
3063 5699 3297 5749 mendose
3320 5699 3589 5761 irrepserit.
