3990 6440
134 375 239 432 315

135 481 300 531 ἐκεῖνο
344 478 400 532 al
431 479 703 531 Βασιλεῖαι
734 477 788 529 αἱ
830 476 1107 544 τέσσαρες,
1154 473 1212 528 ύν
1241 469 1326 537 αίς
1370 475 1437 526 τά
1464 475 1541 534 είς
1580 472 1668 524 16v

134 568 315 628 Σαούλ,
366 568 431 620 τά
458 571 535 629 εἰς
563 567 649 620 τὸν
679 566 854 628 Δαυῒδ,
885 566 949 617 τὰ
991 567 1067 626 εις
1110 563 1421 630 Σολομῶντα
1463 562 1555 614 καὶ
1584 561 1671 612 τὸν

142 654 318 706 Ἠλίαν
348 656 438 706 καὶ
468 655 556 706 τὸν
603 654 912 715 Ἐλισσαῖον,
946 652 1036 704 καὶ
1069 650 1133 702 τὰ
1162 651 1318 719 μέχρι
1347 650 1444 716 τῆς
1467 650 1667 717 αἰχμα-

132 745 319 806 λωσίας
367 744 466 811 τῆς
514 745 592 804 είς
633 742 933 794 Βαϐυλῶνα.
970 741 1122 794 Μετά
1163 740 1217 790 δὲ
1262 739 1357 800 τὰς
1406 738 1671 806 βασιλείας

134 834 381 903 Ἔσδρας.
435 831 648 900 Ἐπειδὴ
683 831 786 900 γάρ
834 830 1210 898 ἀπηνέχθησαν
1253 830 1330 889 εἰς
1383 827 1671 878 Βαϐυλῶνα

132 924 482 992 ἁμαρτόντες,
513 922 602 973 καὶ
629 921 988 989 ἑϐδομήκοντα
1033 918 1126 986 ἔτη
1158 917 1456 970 διετέλεσαν
1487 917 1670 969 αὐτόθι

129 1011 484 1072 δουλεύοντες,
504 1010 532 1060 6
554 1008 680 1070 Θεὸς
720 1008 936 1075 ὕστερον
975 1007 1129 1066 ἵλεως
1156 1005 1332 1065 αὐτοῖς
1369 1003 1669 1072 γενόμενος,

136 1098 512 1167 παρεσκεύασε
546 1096 630 1149 τὸν
665 1095 837 1164 Κῦρον
884 1095 970 1146 τὸν
1011 1094 1127 1144 τότε
1173 1092 1392 1160 Περσῶν
1426 1091 1670 1159 βασιλεύ-

129 1204 270 1248 οντα,
308 1186 511 1255 Κῦρον,
561 1177 619 1236 οῦ
671 1183 766 1244 τὰς
818 1182 1057 1244 παιδείας
1090 1180 1357 1249 ἀνέγραψε
1407 1178 1667 1245 Ξενοφῶν,

130 1279 339 1345 ἀφεῖναι
380 1275 502 1336 τοὺς
547 1271 930 1342 αἰχμαλώτους.
962 1271 1069 1322 Καὶ
1103 1269 1344 1336 ἀφέντος,
1379 1267 1671 1337 ἐπανῆλθον

130 1364 425 1433 ἡγουμένου
479 1361 567 1413 τοῦ
627 1360 860 1431 Ἔσδρα,
906 1358 995 1411 τοῦ
1053 1358 1319 1427 Νεεμίου,
1379 1359 1465 1409 τοῦ
1523 1359 1675 1427 Ζορο-

130 1453 312 1506 ϐαϐελ.
339 1452 454 1504 Καὶ
490 1451 585 1519 τὴν
623 1448 870 1502 ἐπάνοδον
890 1447 1090 1516 ταύτην
1122 1447 1315 1515 γράφει
1337 1448 1363 1498 6
1391 1446 1621 1514 Ἔσδρας
1655 1462 1667 1475 ·

128 1545 197 1607 ὡς
226 1539 613 1601 ἐπανελθόντες
641 1541 704 1591 ἐκ
742 1537 987 1606 δευτέρου
1019 1537 1107 1588 τὸν
1138 1535 1260 1588 ναὸν
1299 1536 1664 1606 ᾠκοδόμησαν,

130 1629 217 1680 καὶ
255 1628 355 1696 τὴν
386 1625 536 1677 πόλιν
576 1623 890 1690 ἀνέστησαν.
924 1621 1030 1674 Καὶ
1063 1621 1248 1672 ἐκατδν
1291 1621 1674 1690 διαγενομένων

130 1713 296 1774 ἐτῶν,
347 1711 509 1766 πάλιν
558 1709 786 1777 πόλεμος
831 1709 1020 1770 αὐτοὺς
1084 1707 1376 1760 κατέλαϐεν
1424 1710 1452 1759 6
1484 1709 1669 1761 Μακε-

128 1803 350 1864 δονικός.
405 1796 536 1852 Εἶτα
581 1797 650 1850 τά
697 1799 785 1850 ἐπὶ
825 1796 1087 1865 Ἀντιόχου
1137 1797 1328 1865 συνέϐη
1380 1796 1470 1848 τοῦ
1528 1797 1674 1848 Ἐπι-

133 1891 328 1959 φανοῦς
349 1929 363 1952 ,
407 1890 496 1940 δτε
517 1889 610 1939 καὶ
635 1887 757 1958 τρία
786 1886 878 1955 ἔτη
905 1885 1338 1955 πολιορκηθέντες
1375 1885 1463 1937 καὶ
1487 1886 1671 1954 ἥμισυ,

135 1980 312 2042 κακῶς
341 1978 620 2038 παθόντες,
667 1975 822 2028 πάλιν
870 1975 1252 2046 ἀπηλλάγησαν
1293 1974 1399 2026 τῶν
1440 1975 1676 2040 ἐπιγενο-

139 2070 306 2138 μένων
351 2065 557 2119 κακῶν.
595 2064 705 2117 Καὶ
750 2066 862 2132 μετ’
905 2065 1074 2115 ἐκεῖνο
1103 2061 1275 2128 ὀλίγου
1307 2062 1674 2130 διαγενομένου

137 2161 347 2229 χρόνου,
398 2157 616 2227 ἔρχεται
647 2155 674 2207 6
719 2153 978 2224 Χριστὸς,
1022 2152 1114 2205 καὶ
1156 2152 1302 2213 τέλος
1338 2150 1594 2220 λαμϐάνει
1644 2152 1676 2219 ὴ

140 2246 362 2298 Παλαιὰ.

205 2358 366 2409 Ὥστε
423 2355 481 2406 δέ
546 2353 733 2424 μαθεῖν
788 2350 944 2403 πόθεν
1001 2349 1224 2418 συνέστη
1293 2350 1350 2402 16
1417 2349 1678 2402 Ἰουδαίων

140 2448 306 2516 γένος,
335 2447 628 2512 ἀναγκαῖον
662 2441 811 2507 ὀλίγα
854 2444 1040 2492 εἰπεῖν.
1083 2441 1235 2493 Μετά
1269 2441 1356 2493 τὸν
1392 2441 1556 2507 Ἀδὰμ
1588 2439 1678 2505 γέέ

142 2547 287 2603 γονεν
319 2539 348 2588 6
387 2535 515 2602 Σὴθ,
561 2528 678 2584 εἶτα
720 2531 900 2598 Ἑνὼχ,
945 2525 1060 2580 εἶτα
1104 2529 1274 2598 ἐτεροι
1306 2529 1460 2596 μέχρι
1506 2528 1678 2578 πλειο-

144 2645 240 2679 νων
264 2624 462 2694 γενεῶν
487 2639 502 2653 ο
535 2623 628 2674 καὶ
659 2620 776 2672 τότε
800 2623 826 2672 6
860 2619 997 2681 Νῶε,
1027 2619 1108 2686 ἐφ’
1129 2611 1210 2680 οῦ,
1260 2616 1364 2666 τῶν
1391 2614 1678 2682 ἀνθρώπων

145 2711 537 2780 διαφθαρέντων
571 2706 673 2758 ὑπὸ
704 2705 916 2765 κακίας,
963 2704 1167 2768 γίνεται
1211 2703 1236 2752 6
1286 2697 1676 2763 κατακλυσμός.

147 2797 270 2853 Εἶτα
297 2795 391 2850 τοῦ
427 2790 806 2859 κατακλυσμοῦ
840 2788 1151 2849 παυθέντος,
1199 2784 1419 2848 ἐξελθὼν
1456 2782 1556 2834 ἀπὸ
1586 2782 1681 2850 τῆς

148 2885 370 2940 κιϐωτοῦ
426 2883 580 2953 μόνος
629 2880 762 2950 μετά
813 2879 1009 2929 παίδων
1043 2875 1224 2945 τριῶν,
1276 2873 1531 2941 ἐνέπλησε
1587 2870 1680 2939 τὴν

148 2977 243 3043 γῆν
271 2979 331 3027 ἐκ
363 2975 462 3042 τῆς
493 2968 657 3024 αὑτοῦ
685 2969 888 3036 γενεᾶς,
925 2965 1062 3017 κατά
1084 2963 1322 3031 διαδοχὴν
1347 2960 1546 3013 πολλῶν
1596 2959 1681 3010 δν-

148 3080 248 3115 των
272 3061 376 3114 τῶν
399 3056 744 3127 τικτομένων.
787 3056 870 3114 Ὠς
908 3049 996 3104 οὖν
1027 3051 1264 3118 ἐγένοντο
1305 3050 1502 3108 πολλοὶ,
1533 3049 1680 3099 ἐϐου-

149 3149 398 3204 λεύσαντο
448 3148 650 3216 πύργον
693 3143 1030 3212 οἰκοδομῆσαι
1059 3181 1071 3203 ,
1127 3140 1389 3208 φθάνοντα
1443 3139 1544 3198 ἔως
1591 3134 1680 3186 τοῦ

150 3237 391 3313 οὐρανοῦ.
420 3236 730 3302 Καταγνοῦς
767 3233 821 3284 δὲ
864 3231 1034 3283 αὐτῶν
1070 3230 1162 3298 τὴν
1195 3228 1413 3296 γνώμην
1457 3227 1482 3276 6
1523 3226 1680 3287 Θεὸς,

153 3328 392 3397 συνέχεεν
425 3325 599 3378 αὐτῶν
614 3324 711 3385 τὰς
737 3316 1103 3389 γλώσσας,καὶ
1123 3319 1217 3388 τὴν
1243 3318 1365 3387 μίαν
1387 3319 1464 3377 είς
1492 3315 1684 3377 πολλὰς

151 3417 404 3484 διέτεμεν.
428 3411 574 3483 [516]
592 3411 748 3463 Ὅθεν
769 3411 972 3477 ἀνάγκη
989 3408 1203 3474 γέγονεν
1225 3406 1401 3466 αὐτοῖς
1417 3404 1511 3455 ούκ
1530 3401 1686 3454 ἀκού-

152 3522 294 3557 ουσιν
315 3504 578 3571 ἀλλήλων,
617 3499 748 3568 μηδέ
773 3498 1076 3565 συνοικῆσαι
1117 3493 1358 3562 ἀλλήλοις
1384 3509 1397 3522 ³
1426 3491 1514 3543 καὶ
1551 3489 1684 3556 αὕτη

153 3595 332 3660 γέγονε
365 3592 630 3660 πρόφασις
660 3587 751 3640 τοῦ
793 3584 1061 3653 πανταχοῦ
1108 3581 1460 3650 διασπαρῆναι
1498 3578 1686 3638 αὐτοὺς

152 3684 244 3750 τῆς
274 3679 612 3747 οἰκουμένης.
636 3675 859 3741 Λέγεται
879 3674 932 3724 δέ
961 3676 1015 3724 ἐν
1034 3671 1201 3740 ταύτῃ
1222 3673 1284 3740 τῇ
1315 3667 1562 3736 συγχύσει
1582 3665 1686 3717 τῶν

152 3770 400 3839 γλωσσῶν
433 3771 462 3819 6
487 3765 649 3834 Ἔϐερ
677 3766 704 3815 6
734 3763 837 3813 τῶν
878 3761 1137 3813 Ἰουδαίων
1168 3759 1421 3826 πρόγονος
1456 3758 1526 3824 μὴ
1565 3755 1686 3823 βου-

154 3861 373 3930 ληθῆναι
418 3853 734 3922 κοινωνῆσαι
775 3851 869 3919 τῆς
919 3849 1299 3918 ἐπιχειρήσεως
1357 3845 1555 3905 αὐτοῖς,
1598 3844 1688 3894 καὶ

159 3952 307 4021 μόνος
365 3947 542 4016 μεῖναι
585 3938 848 4010 διατηρῶν
877 3938 971 4007 τὴν
1019 3936 1220 3988 οἰκείαν
1269 3933 1532 3999 γλῶσσαν,
1589 3930 1688 3997 τῆς

156 4019 444 4105 καλλίστης
478 4030 698 4100 γνώμης
737 4027 889 4081 τοῦτο
927 4025 1191 4094 τιμηθείς.
1236 4021 1431 4074 Τούτου
1477 4019 1688 4105 ἔγγονος

156 4101 663 4193 ἐγένετοξἋϐραάμ
679 4133 690 4144 ·
713 4115 792 4166 διὸ
810 4114 899 4164 καὶ
924 4109 1182 4162 Ἰουδαίων
1197 4106 1409 4174 γλῶσσα
1435 4101 1687 4171 Ἐϐραῖκὴ

157 4192 448 4282 κέκληται,
504 4207 611 4261 ἀπὸ
645 4202 736 4256 τοῦ
778 4201 962 4268 Ἔϐερ.
1007 4197 1204 4250 Τούτου
1255 4193 1429 4246 τοίνυν
1479 4192 1688 4258 ἐγένετο

158 4271 364 4366 ἔγγονος
408 4271 738 4368 [Ἀϐραὰμ]
763 4327 776 4349 ,
813 4285 903 4339 τοῦ
965 4283 1209 4355 ’Λϐραάμ
1246 4293 1292 4342 α,
1355 4279 1534 4331 Ἰσαὰκ
1560 4316 1573 4339 ,
1629 4271 1688 4330 οὗ

169 4388 372 4444 Ἰακώϐ.
403 4367 568 4445 Οὗτος
593 4380 840 4447 ἐγέννησε
862 4375 983 4437 τοὺς
1004 4373 1204 4426 δώδεκα
1228 4371 1579 4440 πατριάρχας,
1605 4367 1688 4419 τὸν

169 4479 431 4545 Ῥουϐεὶμ,
468 4473 556 4526 τὸν
591 4467 838 4538 Συμεὼν,
881 4465 969 4517 τὸν
1007 4465 1156 4526 Λευὶ,
1205 4463 1292 4514 16v
1350 4460 1563 4520 Ἰούδαν,
1603 4459 1689 4510 τὸν

169 4567 401 4635 Ἱσαχάρ,
446 4562 537 4614 τὸν
586 4555 882 4622 Ζαϐουλὼν,
920 4556 1007 4607 τὸν
1039 4551 1380 4621 Νεφθαλεὶμ,
1432 4550 1520 4601 τὸν
1565 4548 1686 4610 Γὰδ,

157 4656 239 4709 16v
262 4654 385 4715 Δάν,
414 4651 510 4702 τὸν
549 4649 733 4716 Ἀσὴρ,
757 4646 845 4697 τὸν
895 4642 1106 4711 Ἰωσὴφ,
1129 4641 1217 4692 τὸν
1254 4637 1525 4707 Βενιαμίν.
1560 4636 1690 4688 T06—

156 4761 256 4795 των
283 4741 386 4793 τῶν
415 4737 605 4789 ἔνδεκα
634 4730 978 4802 πατριαρχῶν
1010 4727 1279 4795 ἐπώνυμοι
1326 4725 1603 4792 γεγόνασιν
1634 4725 1687 4774 αί

163 4833 291 4903 μετά
318 4829 488 4882 ταῦτα
511 4822 690 4894 φυλαί.
719 4822 979 4880 Ἕκαστος
1018 4816 1123 4886 γὰρ
1151 4815 1318 4884 φυλὴν
1340 4813 1686 4881 ἀπεγέννησε,

157 4925 244 4976 καὶ
262 4923 308 4974 οί
331 4917 626 4986 τεχθέντες,
651 4912 743 4965 ἀπ’
763 4911 980 4962 ἐκείνων
1001 4906 1300 4958 ἐκαλοῦντο.
1343 4904 1480 4955 Ἀντὶ
1513 4905 1688 4971 μέντοι

156 5011 243 5065 τοῦ
288 5008 480 5076 Ἰωσὴφ
522 5003 620 5073 μία
677 5000 812 5069 φυλὴ
840 4999 1015 5051 οὐκέτι
1047 4998 1269 5063 γίνεται,
1310 4993 1440 5046 ἀλλὰ
1473 4995 1578 5046 δύο.
1616 4993 1686 5045 Ού

155 5104 256 5170 γάρ
282 5092 551 5167 ἠϐουλήθη
600 5091 627 5141 6
657 5089 834 5156 πατὴρ
879 5089 906 5139 6
932 5085 1024 5138 τοῦ
1073 5084 1264 5152 Ἰωσὴφ
1302 5083 1396 5150 μιᾷ
1427 5080 1562 5149 φυλῇ
1599 5081 1689 5170 ἐπ-

154 5165 360 5258 ῶνυμον
380 5182 540 5238 αὑτὸν
574 5176 840 5247 γενέσθαι.
873 5177 936 5226 Τί
965 5171 1055 5227 οὖν
1093 5174 1331 5242 γίνεται;
1373 5170 1584 5238 Ἐπειδὴ
1611 5165 1689 5229 εἷς

152 5279 216 5352 ἦν
256 5282 282 5332 6
314 5276 503 5337 αὐτὸς,
550 5272 638 5322 ἵνα
685 5266 898 5328 διπλοῦς
947 5265 1166 5333 γένηται
1202 5263 1555 5331 πατριάρχης,
1600 5260 1689 5311 τὸν

165 5348 394 5439 ’Ἐφραῒμ
423 5362 516 5416 καὶ
536 5359 624 5412 16v
652 5354 906 5422 Μανασσῆ
935 5353 1057 5413 τοὺς
1087 5353 1231 5415 υἱοὺς
1255 5350 1414 5404 αὑτοῦ
1436 5351 1557 5410 τοὺς
1576 5348 1685 5412 δύο,

213 5504 237 5532 ⁸
262 5501 351 5549 Hic
389 5496 614 5545 mendum
640 5502 749 5541 esse
769 5483 1308 5549 κήδειοι-ηἰκτερῐιςίιιπιΔ
1329 5485 1378 5531 ni
1397 5481 1563 5549 fallor,
1589 5482 1689 5540 ἐγέ-

155 5544 478 5620 νετίέῆγοοές
519 5554 752 5620 Ἀϐραᾲμ,
790 5547 871 5618 τοῦ
917 5545 1143 5620 Ἀϐραὰμ,
1185 5544 1361 5591 Ἰσαάκ.
1391 5545 1689 5620 Quapropter

166 5605 371 5680 ίλέςιαᾶμ
391 5605 591 5677 ρνὶὲηιιιη
612 5605 744 5662 ὶηιει·
769 5610 963 5658 uncinos
988 5607 1247 5664 posuimus.
1276 5616 1335 5651 uc
1362 5605 1606 5651 videretur
1630 5615 1685 5650 ex

156 5695 241 5730 ms.
256 5681 542 5727 desumlum.

1211 359 1536 417 SYNOPSlS
1567 356 1972 415 δοιιιΡτυῐιΑε
2014 356 2282 412 SACIUE.

3223 373 3334 426 316

1775 470 1993 533 τούτους
2011 471 2228 537 ἐποίησε
2247 467 2337 521 δύο
2357 467 2534 535 φυλῶν
2557 466 2804 533 γενέσθαι
2832 465 3141 534 ἐπωνύμους
3155 466 3205 528 δ,
3231 469 3323 520 καὶ

1775 560 1828 612 αί
1859 558 1949 610 δύο
1975 559 2134 626 φυλαὶ
2157 557 2232 625 τῷ
2272 558 2460 624 Ἰωσὴφ
2493 555 2806 620 ἐλογίζοντο.
2840 556 2998 605 Ὥστε
3034 553 3224 624 συνέϐη
3255 557 3318 606 ἐκ

1774 649 1957 701 τούτου
2008 647 2200 699 ἕνδεκα
2247 645 2305 713 (ί.
2361 643 2732 713 τρισκαίδεκα)
2790 640 2924 694 εἶναι
2981 642 3074 705 τὰς
3129 641 3316 708 φυλὰς,

1775 737 1961 788 ἕνδεκα
1982 735 2077 795 τάς
2102 733 2207 785 τῶν
2232 734 2420 793 ἄλλων,
2437 733 2525 782 δύο
2545 734 2635 792 τὰς
2659 733 2747 782 τοῦ
2778 734 2966 798 Ἰωσὴφ
2992 747 3082 789 τας
3106 731 3191 782 διὰ
3214 730 3320 782 τῶν

1777 824 1992 875 παίδων.
2031 822 2424 889 ’Υπεξαιρεῖται
2449 819 2585 887 ήτοῦ
2620 821 2767 878 Λευὶ,
2802 820 2889 870 καὶ
2919 818 3228 885 ἀφορίζεται
3253 820 3318 884 τῇ

1774 911 1920 975 τάξει
1952 912 2048 978 τῆς
2077 909 2368 979 ἱερωσύνης
2390 927 2401 939 ·
2422 909 2540 959 ούδέ
2571 908 2672 975 γὰρ
2702 905 2765 976 ἦν
2795 909 3087 973 ἀναγκαῖον
3112 907 3235 958 ἄλλο
3265 924 3317 957 τι

1780 999 2180 1069 μεταχειρίσαι·
2229 998 2321 1048 καὶ
2357 997 2502 1065 μένει
2546 996 2652 1045 τῶν
2684 995 2882 1045 δώδεκα
2921 996 2948 1044 ὁ
2980 995 3203 1063 ἀριθμὸς
3247 995 3320 1064 μὴ

1776 1087 2252 1158 ἀκρωτηριασθείς.
2285 1089 2346 1137 Αἱ
2393 1088 2486 1154 μὲν
2518 1081 2607 1136 οῦν
2638 1085 2836 1135 δώδεκα
2878 1084 2942 1135 τά
2980 1085 3108 1136 ἄλλα
3148 1085 3321 1135 πάντα

1778 1175 2037 1244 ἔπραττον
2058 1190 2069 1202 ’
2097 1175 2128 1242 ἡ
2150 1173 2205 1224 δὲ
2227 1173 2316 1224 τοῦ
2341 1173 2466 1224 Λευὶ
2488 1172 2550 1222 τὰ
2570 1171 2810 1239 ίερατικά
2833 1167 2895 1240 ῆν
2923 1173 3317 1238 ἐπιτεταγμένη

1781 1265 1933 1334 μόνη.
1973 1265 2065 1315 Ἐκ
2112 1262 2311 1330 ταύτης
2360 1257 2425 1330 ἦν
2469 1262 2496 1311 6
2542 1261 2795 1327 Μωῦσῆς.
2857 1254 3010 1311 Οῦτοι
3049 1262 3220 1311 τοίνυν
3265 1263 3314 1310 οί

1777 1352 1976 1405 δώδεκα
2007 1351 2330 1420 πατριάρχαι
2365 1350 2676 1410 ἀπελθόντες
2698 1352 2774 1410 είς
2804 1349 3081 1416 Αἴγυπτον,
3107 1352 3200 1417 τῆς
3229 1348 3316 1399 τοῦ

1778 1441 1908 1492 Θεοῦ
1932 1439 2252 1506 ἐπαγγελίας
2272 1439 2367 1506 τῆς
2389 1439 2522 1507 πρὸς
2549 1439 2650 1489 τὸν·
2674 1437 2916 1505 ’Λϐραὰμ
2947 1437 3047 1503 πλη
3059 1437 3320 1506 ρουμένης

1777 1531 1873 1597 τῆς
1905 1529 2180 1597 λεγούσης,
2204 1529 2434 1594 Ποιήσω
2452 1528 2516 1578 τὸ
2538 1527 2768 1594 σπέρμα
2799 1543 2911 1578 σου
2943 1528 3016 1589 ὡς
3042 1529 3111 1578 τὰ
3134 1525 3320 1591 ἄστρα

1777 1617 1882 1670 τοῦ
1901 1616 2171 1684 οΐιρανοῦ,
2190 1616 2472 1679 ἑξακοσίων
2501 1616 2747 1684 χιλιάδων
2775 1617 3014 1680 ἐγένοντο
3052 1616 3316 1684 πρόγονοι.

1791 1705 2060 1758 Ἐντεῦθεν
2087 1707 2146 1757 16
2170 1705 2274 1756 τῶν
2319 1705 2576 1756 Ἰουδαίων
2633 1705 2855 1770 συνέστη
2898 1704 3048 1768 γένος
3087 1704 3191 1754 ἀπὸ
3226 1704 3322 1770 τῆς

1793 1796 1955 1848 Ἰούδα
2001 1795 2169 1864 φυλῆς
2202 1793 2492 1862 ὀνομασθὲν
2533 1793 2629 1860 τῆς
2664 1791 3098 1860 βασιλικωτάτης,
3134 1792 3251 1843 ὅθεν
3274 1794 3321 1842 ot

1787 1884 2024 1953 βασιλεῖς
2057 1883 2121 1936 ἂν
2174 1883 2434 1950 ἐγένοντο.
2470 1881 2578 1948 Τῆς
2613 1877 2702 1932 οῦν
2726 1881 2960 1942 Παλαιᾶς
2995 1882 3104 1930 έστι
3135 1880 3192 1930 τὸ
3224 1881 3318 1947 μὲν

1785 1973 2065 2041 ἱστορικὸν,
2094 1971 2246 2024 τοῦτο
2280 1972 2344 2040 δὴ
2380 1971 2407 2021 6
2447 1972 2876 2039 προειρήκαμεν“
2921 1970 2979 2021 τὸ
3005 1969 3058 2020 δέ
3095 1969 3324 2036 συμϐου-

1781 2060 2038 2123 λευτικὸν,
2075 2060 2147 2124 ὡς
2191 2061 2251 2114 αἴ
2290 2077 2348 2112 τε
2396 2061 2722 2128 Παροιμίαι,
2775 2060 2866 2111 καὶ
2913 2061 2945 2128 ή
2984 2058 3074 2109 τοῦ
3125 2057 3320 2126 Σειράχ

1783 2153 1945 2221 Σοφία
1970 2190 1984 2214 ,
2025 2152 2114 2203 καὶ
2144 2153 2170 2203 6
2206 2151 2622 2218 Ἑκκλησιαστὴς
2646 2189 2659 2210 ,
2704 2152 2794 2201 καὶ
2837 2149 2904 2201 τὰ
2940 2149 3186 2217 Ι’ᾼσμοιτα
3219 2148 3322 2199 τῶν

1783 2243 2064 2312 ᾀσμάτωνο
2109 2241 2169 2292 16
2209 2241 2262 2292 δὲ
2302 2241 2628 2309 προφητικὸν
2655 2279 2668 2301 ,
2722 2239 2793 2300 ὡς
2842 2241 2889 2290 οἱ
2943 2238 3129 2301 δεκαέξ
3182 2238 3323 2302 λέγω

1784 2331 2077 2400 Προφῆται,
2115 2331 2206 2381 καὶ
2260 2329 2444 2393 Ῥούθ,
2498 2330 2588 2380 καὶ
2626 2329 2798 2379 Δαυῖδ.
2848 2328 3008 2396 Εὖροι
3050 2328 3092 2378 6‘
3136 2328 3198 2378 ἄν
3243 2343 3324 2387 τις

1786 2420 1849 2469 τὰ
1883 2419 1993 2485 εἴδη
2026 2418 2191 2468 ταῦτα
2206 2419 2502 2485 διῃρημένα
2530 2415 2795 2482 ἁδρομερῆ
2823 2418 2877 2465 έν
2907 2415 3146 2482 ἀλλήλοις
3173 2415 3319 2465 ὂντα.

1785 2502 1906 2558 Οῗόν
1937 2523 1987 2556 τι
2019 2505 2177 2570 λέγω,
2213 2505 2270 2555 ἐν
2299 2506 2414 2563 ταῖς
2450 2503 2702 2572 ἱστορίαις
2731 2503 2874 2571 εὖροι
2921 2519 3000 2562 τις
3030 2503 3091 2553 ἂν
3120 2517 3324 2570 προφη-

1783 2596 1928 2647 τείαν
1949 2611 1960 2624 ⁸
1996 2593 2085 2646 καὶ
2117 2593 2220 2644 τῶν
2252 2592 2537 2661 προφητῶν
2574 2590 2849 2642 ἀκούσειεν
2896 2590 2960 2641 ἂν
2991 2589 3151 2640 πολλά
3188 2591 3324 2640 ἱστο-

1790 2683 1913 2751 ρικά
1953 2681 2354 2750 διαλεγομένων.
2409 2680 2512 2731 Καὶ
2543 2682 2601 2731 16
2630 2682 2724 2749 τῆς
2767 2679 3067 2748 συμϐουλῆς
3104 2679 3158 2729 δὲ
3190 2677 3325 2739 εῖδος

1787 2776 1876 2827 καὶ
1895 2774 1952 2825 τὸ
1978 2773 2073 2841 τῆς
2100 2770 2478 2840 παραινέσεως,
2509 2772 2564 2821 ἐν
2587 2770 2823 2838 ἐκατέρῳ
2844 2769 3060 2829 τούτων,
3103 2766 3156 2818 ἔν
3177 2783 3234 2817 τε
3258 2770 3322 2834 τῇ

1788 2861 2101 2930 προφητείᾳ.
2134 2859 2188 2910 ἔν
2224 2876 2280 2911 τε
2312 2862 2374 2928 τῇ
2411 2859 2632 2926 ἱστορίᾳ.
2667 2857 2842 2908 Πάντα
2859 2855 2914 2907 δέ
2932 2854 3117 2914 ταῦτα,
3143 2852 3325 2922 ῶσπερ

1788 2948 1952 3016 ἔφθην
1980 2947 2162 3008 εἰπὼν,
2197 2949 2274 3007 είς
2302 2947 2356 2997 ἓν
2388 2947 2589 3014 βλέπει,
2613 2946 2707 3014 τὴν
2738 2945 2844 2994 τῶν
2866 2943 3159 2994 ἀκουόντων
3183 2940 3324 3008 διόρ-

1790 3040 1979 3099 θωσιν,
2014 3038 2150 3090 ὥστε
2180 3038 2271 3092 καὶ
2298 3037 2402 3088 ἀπὸ
2433 3035 2530 3102 τῆς
2571 3036 2674 3086 τῶν
2706 3032 2976 3102 προτέρων
3011 3031 3324 3097 διηγήσεως,

1789 3129 1881 3181 καὶ
1897 3129 2000 3180 άπὸ
2022 3125 2165 3197 [517]
2184 3127 2278 3193 τῆς
2303 3124 2598 3192 συμϐουλῆς
2615 3123 2704 3172 καὶ
2725 3122 2820 3187 τῆς
2838 3120 3217 3187 παραινέσεως,
3235 3117 3326 3167 καὶ

1789 3217 1893 3269 ἀπὸ
1919 3217 2014 3284 τῆς
2043 3214 2369 3284 προφητείας
2405 3210 2749 3279 ρυθμίζεσθαι
2773 3209 2905 3276 πρὸς
2938 3207 2996 3257 16
3027 3207 3158 3257 δέον.
3188 3208 3326 3274 Προ-

1790 3303 2010 3373 φητείας
2049 3301 2104 3352 δέ
2147 3299 2297 3353 τοῦτο
2338 3298 2492 3364 ἔργον
2522 3296 2712 3364 μᾶλλον
2751 3290 2837 3362 ἦν,
2881 3294 2939 3344 τὸ
2972 3293 3037 3342 τα
3070 3292 3326 3360 μέλλοντα

1792 3393 2205 3463 προαναφωνεῖν,
2223 3389 2329 3441 εἴτε
2350 3387 2580 3456 χρηστὰ,
2605 3386 2709 3436 εἴτε
2735 3382 2967 3450 λυπηρὰ,
2993 3383 3075 3433 ἵνα
3092 3382 3211 3442 τοὺς
3232 3381 3326 3448 μὲν

1791 3481 2226 3541 ἀποσπάσωνται,
2247 3480 2367 3539 τοὺς
2386 3477 2441 3528 δὲ
2467 3477 2542 3546 τῷ
2566 3475 2709 3543 φόϐῳ
2734 3475 2829 3542 τῆς
2854 3473 3044 3534 κακίας
3068 3471 3329 3540 ἀπείρξω-

1793 3589 1890 3623 σιν.
1931 3572 2079 3622 Ἐστι
2108 3570 2162 3621 δὲ
2191 3570 2279 3622 καὶ
2307 3569 2485 3637 ἕτερον
2519 3564 2842 3633 προφητείας
2873 3558 3025 3623 εἶδος,
3044 3562 3100 3612 :6
3118 3562 3184 3613 τὰ
3205 3562 3327 3629 περὶ

1791 3658 1882 3710 τοῦ
1915 3655 2145 3726 Χριστοῦ
2174 3653 2657 3724 προαναφωνῆσαι·
2686 3649 2808 3700 ἔνθα
2835 3647 2947 3716 μετ’
2978 3646 3249 3713 ἀκριϐείας
3267 3646 3323 3696 ού

1795 3750 1917 3820 περὶ
1945 3748 2042 3815 τῆς
2067 3746 2360 3816 παρουσίας
2389 3745 2564 3813 μόνον,
2601 3739 2734 3792 ἀλλὰ
2770 3739 2861 3790 καὶ
2894 3737 3018 3807 περὶ
3044 3729 3116 3787 ὧν
3143 3735 3327 3804 ἔμελλε

1793 3837 2218 3908 παραγενόμενος
2258 3833 2530 3903 πράττειν,
2562 3830 2654 3881 καὶ
2697 3829 2823 3895 περὶ
2864 3827 2953 3876 τοῦ
3008 3825 3185 3886 τόκου,
3236 3823 3328 3875 καὶ

1793 3929 1917 3996 περὶ
1943 3928 2037 3994 τῆς
2064 3927 2378 3992 γεννήσεως,
2411 3922 2503 3972 καὶ
2526 3919 2649 3988 περὶ
2681 3917 2772 3967 τοῦ
2808 3914 3058 3982 σταυροῦ,
3092 3915 3182 3964 καὶ
3206 3915 3328 3980 περὶ

1791 4015 1895 4067 τῶν
1925 4014 2228 4081 θαυμάτων,
2258 4010 2350 4062 καὶ
2381 4009 2506 4078 περὶ
2527 4008 2622 4075 τῆς
2657 4005 2761 4057 τῶν
2803 4002 3054 4072 μαθητῶν
3083 4001 3324 4068 ἐκλογῆς,

1795 4120 1914 4170 περι
1939 4104 2034 4170 τῆς
2062 4099 2262 4166 Καινῆς
2299 4096 2585 4164 Διαθὴκης,
2625 4094 2748 4161 περὶ
2796 4093 2892 4160 τῆς
2942 4089 3185 4150 παύσεως
3221 4089 3327 4138 τῶν

1807 4189 2122 4251 Ἰουδαϊκῶν,
2147 4189 2237 4240 καὶ
2255 4186 2380 4256 περὶ
2405 4185 2494 4237 τοῦ
2526 4182 2827 4251 ἀφανισμοῦ
2848 4180 2950 4231 τῶν
2993 4178 3324 4245 Ἑλληνικῶν,

1794 4280 1883 4332 καὶ
1913 4280 2036 4348 περὶ
2055 4280 2150 4347 τῆς
2177 4275 2449 4342 εὐγενείας
2472 4274 2571 4341 τῆς
2597 4274 2734 4324 κατά
2753 4273 2849 4340 τὴν
2877 4270 3213 4338 Ἐκκλησίαν,
3237 4269 3327 4319 καὶ

1795 4370 1920 4439 περὶ
1954 4368 2058 4420 τῶν
2105 4366 2275 4421 ἄλλων
2325 4364 2572 4416 ἁπάντων
2599 4363 2705 4414 τῶν
2737 4361 2968 4427 καθεξῆς
2995 4359 3157 4410 ὄντων
3193 4375 3329 4425 πρα-

1794 4463 2032 4532 γμάτων.
2062 4457 2242 4510 Ταῦτα
2271 4456 2442 4506 πάντα
2484 4455 2617 4522 μετά
2658 4452 2948 4521 σαφηνείας
2984 4449 3195 4516 ἁπάσης
3226 4447 3328 4515 πρὸ

1794 4549 1983 4605 πολλοῦ
2019 4548 2110 4601 τοῦ
2152 4549 2338 4616 χρόνου
2375 4544 2826 4613 προανεφῶνησαν
2853 4542 2900 4592 οἱ
2938 4538 3228 4607 προφῆται,
3259 4538 3326 4589 τὰ

1797 4641 1893 4711 μὲν
1917 4639 2000 4692 διὰ
2021 4637 2220 4699 τύπων,
2253 4637 2316 4686 τὰ
2344 4634 2398 4687 δὲ
2422 4633 2508 4685 διὰ
2538 4633 2808 4700 ῥημάτων.

1864 4730 1972 4783 Καὶ
1996 4728 2100 4798 γὰρ
2130 4725 2219 4779 δύο
2249 4723 2574 4793 προφητείας
2606 4720 2737 4787 εἴδη,
2774 4721 2867 4772 καὶ
2911 4720 2996 4771 διὰ
3030 4719 3201 4787 ἔργων
3239 4717 3328 4769 καὶ

1793 4823 1879 4876 διὰ
1905 4822 2072 4888 λόγων
2095 4816 2489 4886 προαναφωνεῖν
2510 4812 2575 4862 τὰ
2606 4810 2857 4880 μέλλοντα
2878 4826 2888 4836 ·
2911 4809 2993 4859 διὰ
3013 4809 3179 4872 λόγων
3209 4806 3323 4874 μὲν,

1793 4914 1866 4975 ὡς
1891 4913 2016 4964 ὅταν
2040 4908 2127 4960 τὸν
2146 4903 2367 4972 σταυρὸν
2399 4900 2701 4970 βουλόμενοι
2731 4900 2920 4958 είπεῖν,
2941 4895 3165 4961 λέγωσιν
3184 4912 3196 4924 ·
3237 4893 3327 4956 Ὠς

1794 5002 2080 5068 πρόϐατον
2111 4995 2202 5047 ἐπὶ
2232 4991 2471 5059 σφαγὴν
2498 4989 2672 5054 ἤχθη,
2710 4987 2806 5039 καὶ
2848 4987 2926 5049 ὠς
2953 4984 3135 5051 ἀμνὸς
3162 4984 3328 5068 ἐναῖλ-

1794 5092 1920 5143 τίον
1938 5086 2041 5141 τοῦ
2073 5098 2368 5151 κειροντος
2416 5078 2596 5131 αὐτὸν
2625 5076 2876 5144 ἄφωνος.
2906 5072 3070 5125 Τοῦτο
3113 5071 3208 5141 μὲν
3236 5066 3327 5123 οὖν

1854 5300 1882 5339 b
1906 5297 2081 5347 Homil.
2110 5295 2135 5340 7
2160 5294 2391 5340 adversus
2418 5292 2624 5339 Judmos.
2650 5296 2761 5336 lnm.
2788 5290 2826 5344 1,
2847 5304 2892 5348 p.
2917 5288 3004 5335 668
3030 5309 3038 5332 τ
3067 5289 3328 5348 Μανασσῆς

1793 5363 1872 5420 καὶ
1907 5346 2103 5420 Ἐφραὶμ.
2123 5355 2211 5420 δύο,
2237 5353 2645 5420 φυλαὶ-γεγόνασιν
2689 5346 2932 5420 ἐπωνύμοι.
2971 5346 3236 5420 [ιιὶμδονὶι.
3279 5349 3330 5390 οι

1794 5408 2125 5478 aliquoi'més.
2165 5408 2254 5478 δύο
2284 5408 2436 5472 φυλῶν
2461 5408 2708 5478 habentet
2736 5409 2932 5478 ﬁ)rl;|ss_::
2976 5408 3181 5475 melius:
3222 5416 3330 5450 nam

1795 5469 1898 5529 cun-1
1922 5479 2006 5525 hac
2028 5473 2236 5533 Synopsi
2260 5469 2488 5533 pbnsonut
2512 5472 2614 5533 ὶιωο
2636 5474 2882 5533 poslrem:p_
2901 5469 3055 5533 ιρςιίοἶ

1797 5520 2350 5587 TFE—6Ev1666CCUUObUR
2391 5520 2660 5589 ιποιιιιςδιὶερ
2699 5525 2960 5589 genpribus
2995 5525 3194 5589 itlipaqm
3223 5520 3330 5589 ἴθι-θ

1795 5583 2006 5647 dicit)".
2031 5583 2401 5654 Chrysoslon'us'
2439 5583 2489 5636 l.'
2521 5587 2580 5645 ll,
2625 5585 2829 5634 Humilia
2854 5587 2882 5632 6
2921 5589 2980 5633 de
3016 5583 3332 5641 l‘wuilcmia,

1796 5674 1844 5722 p.
1866 5658 1970 5717 5'28,
1995 5656 2052 5704 D.
