3990 6474
653 423 762 477 317

649 520 738 573 διὰ
778 519 946 586 λόγων
985 514 1124 573 εἷλον
1170 519 1572 589 προφητεῦσαι·
1621 518 1686 572 δι’
1732 519 1904 588 ἔργων
1947 519 2022 582 δὲ,
2070 519 2196 570 ὅταν

664 612 910 681 Ἀϐραὰμ
937 614 1190 682 φαίνηται
1212 613 1300 667 τὸν
1323 613 1435 666 υίόν
1459 613 1762 684 ἀναφέρων,
1798 614 1888 665 καὶ
1915 613 2006 665 τὸν
2049 613 2200 682 κριὸν

647 707 1060 773 κατασφάττων.
1115 708 1211 759 Διά
1257 708 1364 778 γὰρ
1415 709 1522 761 τῶν
1571 709 1906 779 πραγμάτων
1965 724 2200 778 προανα-

645 805 805 853 τυποῖ
845 802 936 854 τοῦ
988 805 1214 871 σταυροῦ
1257 805 1352 874 τὴν
1395 804 1594 867 εἰκόνα,
1632 805 1726 856 καὶ
1777 804 1874 874 τὴν
1921 805 2059 874 ὑπὲρ
2102 804 2200 872 τῆς

645 897 970 966 οἰκουμένης
1012 899 1271 967 ἐσομένην
1310 900 1538 968 σφαγήν.
1579 899 1690 952 Καὶ
1735 898 1962 961 πολλοὺς
2002 900 2068 952 ἄν
2115 915 2198 960 τις

645 989 794 1057 εὖροι
824 989 1092 1053 τοιούτους
1109 991 1304 1054 τύπους
1333 994 1388 1044 ὲν
1403 995 1466 1061 τῇ
1491 993 1719 1062 Παλαιᾷ,
1751 995 1842 1046 καί
1863 993 2197 1063 προφητείας

644 1083 732 1137 διὰ
784 1084 1140 1154 πραγμάτων.
1188 1087 1262 1137 Ού
1315 1086 1473 1154 μόνον
1523 1086 1579 1138 δὲ
1627 1087 1694 1138 τὰ
1755 1088 2012 1157 μέλλοντα
2059 1105 2195 1158 προ-

645 1179 870 1248 φητείας
896 1181 1039 1234 ἐστιν
1078 1183 1269 1242 εἰπεῖν,
1293 1180 1424 1233 ἀλλὰ
1455 1180 1548 1232 καὶ
1573 1181 1641 1233 τὰ
1677 1183 2028 1252 παρελθόντα,
2062 1185 2194 1254 ὅπερ

646 1274 842 1341 μᾶλλόν
869 1275 982 1326 ἐστι
1013 1275 1159 1344 παρὰ
1185 1276 1409 1344 Μωῦσῇ.
1451 1275 1618 1329 Ὅταν
1664 1275 1773 1347 γὰρ
1806 1279 1934 1348 περὶ
1966 1278 2192 1348 οὐρανοῦ

642 1369 734 1420 καὶ
756 1369 856 1438 γῆς
879 1370 1204 1438 διαλέγηται,
1226 1371 1556 1440 παρελθόντα
1588 1372 1685 1440 μὲν
1717 1373 1864 1441 λέγει
1894 1375 2199 1444 πράγματα

643 1463 734 1515 καὶ
766 1464 1117 1532 κεκρυμμένα
1149 1465 1226 1535 τῷ
1243 1466 1441 1536 χρόνῳ,
1464 1468 1768 1536 προφητεία
1793 1468 1847 1520 δέ
1875 1469 2012 1520 αὐτὰ
2031 1468 2194 1536 φθέγ-

639 1572 815 1622 γεται.
845 1559 1055 1629 Ὥσπερ
1075 1561 1181 1630 γὰρ
1205 1559 1276 1612 τά
1305 1561 1525 1630 μηδέπω
1587 1562 1867 1632 γενόμενα,
1903 1563 1992 1615 καὶ
2014 1563 2190 1632 ἀφανῆ

640 1650 719 1703 ἔτι
749 1653 1104 1721 τυγχάνοντα,
1154 1656 1490 1725 προφητείας
1539 1657 1684 1709 ἐστὶν
1710 1659 1902 1721 εἰπεῖν,
1936 1657 2075 1711 οὕτω
2123 1656 2193 1710 τὰ

639 1747 902 1816 γενόμενα
948 1748 1082 1818 μὲν,
1141 1751 1491 1819 κεκρυμμένα
1536 1750 1591 1803 δὲ
1638 1751 1718 1820 τῷ
1765 1754 1972 1822 χρόνῳ,
2025 1753 2193 1806 ταῦτα

638 1840 978 1910 ἀνακαλύψαι
1011 1843 1105 1895 καὶ
1137 1845 1216 1905 είς
1246 1843 1406 1912 μέσον
1431 1845 1656 1911 ἀγαγεῖν
1684 1849 1782 1916 τῆς
1817 1847 1935 1917 ἴσης
1977 1849 2192 1918 χάριτός

642 1939 808 1992 ἐστιν.
835 1939 990 1991 Ἔστι
1018 1939 1074 1992 δὲ
1106 1940 1201 1993 καὶ
1249 1940 1318 1992 τὰ
1350 1941 1590 2008 παρόντα
1623 1943 1953 2012 προφητείας
1997 1947 2188 2008 εἰπεῖν,

639 2034 767 2086 ὅταν
813 2051 865 2086 τι
913 2035 1129 2104 γίνηται
1178 2035 1295 2100 μὲν,
1328 2037 1638 2105 κρύπτηται
1667 2036 1744 2099 δὲ,
1795 2033 1904 2090 οἷον
1952 2039 2044 2091 ἐπὶ
2097 2037 2190 2092 τοῦ

651 2129 889 2181 Ἀνανίου
912 2129 1122 2197 καὶτῆς
1147 2130 1478 2200 Σαπφείρης.
1532 2131 1678 2183 Ἐκεῖ
1721 2132 1829 2202 γάρ
1870 2133 1990 2186 οὔτε
2051 2152 2192 2205 παρ-

638 2221 812 2282 ελθὸν.
870 2221 992 2274 οὔτε
1028 2223 1216 2292 μέλλον
1248 2219 1334 2293 ἦν,
1370 2223 1501 2276 ἀλλὰ
1526 2226 1695 2295 παρὸν
1745 2229 1860 2296 μὲν,
1892 2227 2083 2296 ἄδηλον
2111 2229 2190 2280 δέ.

649 2315 708 2369 Ὀ
750 2316 926 2370 τοίνυν
976 2318 1178 2388 Πέτρος
1227 2321 1529 2389 προφητείᾳ
1560 2320 1696 2373 αὐτά
1731 2323 2062 2391 ἐκκαλύψας,
2111 2326 2189 2388 είς

639 2412 802 2482 μέσον
855 2412 995 2480 ἄγει.
1032 2413 1140 2466 Kal
1185 2412 1251 2465 τά
1308 2415 1408 2483 μὲν
1444 2416 1544 2483 τῆς
1585 2416 1858 2481 Παλαιᾶς,
1903 2418 1975 2480 ὡς
2012 2418 2076 2470 ἄν
2109 2435 2190 2480 τις

637 2505 952 2578 ἀδρομερῶς
1001 2507 1162 2572 εῐποι,
1211 2507 1399 2562 ταῦτα.
1456 2509 1577 2562 Ἐπὶ
1624 2509 1681 2561 δὲ
1724 2513 1821 2579 τῆς
1870 2512 2073 2580 Καινῆς
2123 2513 2190 2566 τά

636 2601 693 2652 ἐν
724 2605 791 2671 τῇ
819 2603 1026 2673 Παλαιᾷ
1053 2604 1460 2672 αἰνιγματωδῶς
1481 2605 1768 2674 εἰρημένα,
1801 2605 1969 2656 ταῦτα
1991 2605 2192 2658 δείκνυ·
2254 2668 2262 2679 ⁹

635 2711 763 2758 ται,
805 2696 903 2760 τάς
929 2699 1258 2766 προφητείας
1283 2698 1424 2764 λέγω
1471 2699 1567 2760 τὰς
1592 2699 1675 2750 διά
1708 2698 1814 2750 τῶν
1843 2700 2014 2768 ἔργων
2052 2717 2190 2768 μαρ-

635 2791 984 2860 τυρουμένας,
1018 2793 1240 2862 τὴντῶν
1268 2794 1506 2863 οὐρανῶν
1557 2794 1862 2865 ἁπτομένην
1896 2794 2184 2856 πολιτείαν,

634 2884 702 2935 τά
728 2885 1010 2955 ἀπόρρητα
1025 2885 1131 2937 τῶν
1150 2885 1444 2953 μελλόντων
1461 2888 1658 2953 ἀγαθά,
1679 2889 1744 2940 Ἃ
1760 2890 2061 2956 ὀφθαλμός
2076 2892 2185 2941 οὐκ

635 2974 774 3041 εἶδε,
788 2977 884 3030 καὶ
899 2975 1003 3042 οὖς
1019 2981 1126 3032 οὐκ
1142 2978 1381 3046 ἤκουσε,
1397 2980 1492 3031 καὶ
1508 2980 1602 3032 ἐπὶ
1620 2981 1866 3047 καρδίαν
1879 2984 2184 3049 ἀνθρώπου

637 3073 745 3124 οὐκ
774 3071 974 3138 ἀνέϐη.
995 3071 1382 3141 Παραλαϐοῦσα
1418 3072 1525 3142 γὰρ
1559 3073 1647 3124 τὸν
1677 3075 1956 3144 ἄνθρωπον
1985 3076 2069 3127 διὰ
2089 3078 2186 3146 τῆς

639 3166 876 3228 Παλαιᾶς
904 3169 938 3235 η
971 3167 1168 3236 Καινὴ,
1206 3169 1531 3238 συμμέτρως
1577 3187 1691 3232 πως
1722 3171 1812 3223 καὶ¹
1841 3173 1937 3240 τῆς
1991 3173 2187 3234 κακίας

635 3262 819 3332 ἠρέμα
847 3262 1222 3330 ἀπαλλαγέντα
1244 3303 1257 3326 ,
1310 3264 1445 3333 πρὸς
1471 3264 1566 3334 τὴν
1593 3266 1701 3318 τῶν
1725 3267 1966 3333 ἀγγέλων
1999 3268 2185 3335 ἀνάγει

636 3359 930 3413 πολιτείαν.
967 3361 1124 3413 Ὥστε
1166 3362 1265 3430 τῆς
1303 3363 1399 3431 μὲν
1430 3363 1666 3426 Παλαιᾶς
1693 3363 1848 3434 ἔργον
1877 3361 1943 3435 ἦν
1968 3367 2185 3434 ποιῆσαι

635 3454 934 3525 ἄνθρωπον,
981 3461 1077 3527 τῆς
1113 3457 1166 3508 δὲ
1200 3459 1400 3525 Καινῆς
1427 3459 1517 3510 τὸν
1552 3459 1830 3528 ἄνθρωπον
1856 3462 2186 3531 ἐργάσασθαι

636 3550 879 3616 ἄγγελον.
925 3551 1138 3621 Ἐπειδὴ
1165 3553 1270 3622 γὰρ
1298 3554 1328 3622 ἡ
1362 3555 1526 3606 κακία
1546 3557 1640 3608 καὶ
1671 3556 1731 3607 τὸ
1756 3557 1851 3609 ἀνθ
1863 3557 2072 3626 ρώπους
2109 3555 2186 3610 εἴ·

635 3662 722 3697 ναι
747 3646 996 3716 ἐποίησεν
1023 3648 1300 3710 ἀπολέσαι,
1335 3650 1412 3708 εἰς
1445 3648 1648 3716 ἀλόγων
1691 3651 2001 3716 δυσγένειαν
2021 3669 2187 3703 κατα-

635 3739 895 3806 γαγοῦσα,
918 3740 1060 3812 [518]
1081 3742 1170 3792 καὶ
1189 3742 1466 3812 θηριώδεις
1489 3744 1852 3812 ἐργασαμένη·
1872 3747 1897 3795 6
1917 3745 2010 3813 μὲν
2027 3746 2185 3812 νόμος

637 3832 846 3902 ἐκείνης
875 3835 970 3902 μὲν
999 3835 1303 3904 ἀπήλλαττε
1351 3836 1446 3903 τῆς
1480 3837 1692 3897 κακίας·
1729 3838 1760 3903 ἡ
1791 3835 1846 3887 δὲ
1889 3837 2043 3904 χάρις
2091 3838 2184 3889 καὶ

636 3925 835 3994 ταύτην
863 3927 959 3997 τὴν
1003 3930 1292 3999 ἀγγελικὴν
1323 3929 1667 3998 προστίθησιν
1699 3930 1912 3998 ἀρετήν.
1947 3931 2099 3982 Ἐστι
2130 3931 2185 3983 δὲ

638 4022 729 4074 καὶ
747 4023 844 4091 τῆς
889 4025 1092 4092 Καινῆς
1142 4025 1336 4093 βιϐλία,
1373 4027 1426 4077 αἱ
1470 4025 1770 4076 Ἐπιστολαὶ
1823 4026 1876 4077 al
1928 4027 2184 4079 δεκατέσ-

638 4133 799 4186 σαρες
829 4118 1057 4183 Παύλου,
1090 4123 1156 4172 τά
1172 4121 1468 4187 Εύαγγέλια
1495 4121 1560 4171 τά
1585 4121 1840 4190 τέσσαρα,
1862 4120 1950 4172 δύο
1969 4122 2062 4190 μὲν
2079 4121 2184 4174 τῶν

641 4212 893 4282 μαθητῶν
928 4213 1018 4264 τοῦ
1050 4214 1310 4283 Χριστοῦ,
1356 4215 1594 4266 Ἰωάννου
1631 4217 1720 4266 καὶ
1771 4217 2066 4278 Ματθαίου,
2094 4217 2184 4269 δύο

636 4308 692 4359 δὲ
724 4309 904 4359 Λουκᾶ
925 4309 1269 4378 καὶΜάρκου·
1305 4303 1376 4362 ὦν
1409 4312 1436 4360 ὁ
1475 4309 1570 4378 μὲν
1597 4309 1686 4360 τοῦ
1719 4310 1942 4379 Πέτρου,
1966 4312 2062 4362 ὁδέ
2091 4311 2182 4363 τοῦ

638 4400 845 4454 Παύλου
899 4403 1146 4469 γεγόνασι
1202 4403 1452 4473 μαθηταί.
1508 4404 1569 4453 Οἱ
1624 4405 1718 4470 μέν
1753 4403 1858 4471 γὰρ
1921 4405 2180 4456 αὐτόπται

636 4490 773 4561 ἦσαν
803 4497 1168 4564 γεγενημένοι,
1219 4499 1310 4548 καὶ
1339 4496 1713 4564 συγγενόμενοι
1737 4496 1813 4563 τῷ
1841 4496 2074 4565 Χριστῷ·
2132 4498 2180 4547 οἱ

637 4587 690 4638 δὲ
724 4590 850 4658 παρ’
881 4589 1096 4643 ἐκείνων
1121 4592 1188 4642 τὰ
1211 4592 1425 4642 ἐκείνων
1449 4590 1829 4658 διαδεξάμενοι,
1862 4591 1938 4652 είς
1968 4591 2180 4658 ἐτέρους

640 4684 950 4751 ἐξήνεγκαν⁸
984 4686 1075 4736 καὶ
1113 4686 1170 4735 τὸ
1203 4685 1307 4735 τῶν
1338 4684 1588 4752 Πράξεων
1612 4685 1666 4735 δέ
1690 4684 1909 4749 βιϐλίον,
1940 4685 2028 4734 καὶ
2057 4684 2183 4734 αὐτὸ

638 4752 837 4822 ᾼουκᾶ.
867 4755 1235 4822 ἱπορήσαντος
1251 4756 1314 4805 τά
1343 4756 1622 4821 γενόμενα,
1643 4756 1734 4804 καὶ
1761 4754 1866 4803 τῶν
1890 4752 2183 4804 καθολικῶν

651 4818 954 4875 Ἐπιστολαὶ
976 4818 1136 4890 τρεῖς.

1003 5022 1258 5086 Σύνοψις
1293 5019 1399 5086 τῆς
1427 5021 1725 5086 Γενέσεως
1751 5036 1794 5074 α.

709 5198 788 5249 Τά
823 5199 954 5248 κατὰ
995 5198 1088 5265 τὴν
1121 5203 1487 5267 κοσμοποιίαν,
1524 5204 1612 5252 καὶ
1657 5201 1751 5269 τὴν
1778 5203 1869 5252 τοῦ
1904 5203 2207 5270 άνθρώπου¹

642 5293 854 5345 πλάσιν.
899 5292 1135 5361 Ἰἰντολὴν
1162 5292 1419 5360 λαμϐάνει
1475 5297 1501 5344 ὁ
1545 5297 1727 5362 Ἄδὲιμ,
1759 5299 1847 5347 καὶ
1898 5298 2180 5348 πλάττεται

640 5391 672 5457 ἡ
700 5389 832 5456 γυνη
860 5390 922 5438 ἐκ
938 5387 1032 5454 τῆς
1061 5387 1287 5454 πλευρὶς
1321 5388 1500 5449 αὑτοῦ,
1528 5390 1560 5456 ἧ
1583 5391 1913 5457 ὰπατηθεῐσα
1944 5391 2044 5441 ὑπὸ
2088 5391 2179 5442 τοῦ

703 5650 727 5676 ⁸
757 5647 948 5694 Titulus
991 5646 1039 5690 in
1065 5643 1372 5704 Luggunensi
1417 5641 1522 5704 cod.
1568 5642 1759 5702 Σύνοψις
1794 5645 1840 5690 ἐν
1874 5645 2078 5704 ἐπιτὸμῳ
2102 5651 2182 5700 τῆς

644 5710 853 5762 Imma;
874 5707 1102 5763 Διαθὴκης
1119 5701 1200 5752 τοῦ
1222 5703 1573 5765 Χρυσοστὸμου.
1600 5701 1794 5758 Γένεσις.
1819 5701 2088 5752 Βιϐλ.ίονά”.

1351 405 1407 458 S.
1448 401 1727 459 JOANNIS
1761 399 2239 458 CHRYSUSTOMI
2274 399 2587 459 ARCHIEP.
2629 403 3160 460 CONSTANTINOP.

3748 435 3861 488 318

2303 516 2496 584 ὄφεως,
2525 521 2705 590 ἀπατᾷ
2745 521 2833 572 τὸν
2878 521 3061 590 ἄνδρα,
3099 522 3190 574 καὶ
3232 522 3494 592 γενομένη
3536 525 3649 593 μετ’
3681 522 3860 578 αὐτοῦ

2301 612 2713 681 έπικατάρατος,
2777 615 3092 669 ἐκϐάλλεται
3136 615 3230 669 τοῦ
3289 617 3630 687 παραδείσου·
3690 620 3784 670 καὶ
3827 620 3860 670 6

2299 707 2418 774 ὄφις
2443 708 2649 778 δέχεται
2693 709 2934 778 κατάραν
2977 710 3066 761 ἐπὶ
3094 709 3184 762 τοῦ
3225 711 3449 780 στήθους
3507 714 3850 781 περιπατεῖν.

2311 801 2544 871 ’Λναιρεῖ
2568 803 2656 854 τὸν
2683 803 2904 870 ἀδελφὸν
2936 805 2964 856 6
2989 803 3126 856 Κάῖν
3153 803 3240 856 διὰ
3263 804 3325 856 τὸ
3358 805 3864 874 ὑπερευδοκιμηθῆ-

2299 911 2383 946 ναι
2430 895 2478 958 δ,
2503 898 2594 948 καὶ
2627 898 2807 950 δίδωσι
2829 898 3001 966 δίκην·
3035 899 3125 950 καὶ
3155 897 3292 966 μετὰ
3317 898 3486 951 ταῦτα
3530 900 3857 953 παιδοποιεῖ.

2297 989 2481 1040 Τίκτει
2509 990 2565 1042 δέ
2594 991 2687 1043 καὶ
2727 991 2840 1042 Εὔα
2876 992 2966 1044 τὸν
2994 993 3124 1061 Σήθ.
3159 992 3461 1059 Κατάλογος
3488 993 3594 1046 τῶν
3623 995 3729 1046 ἀπὸ
3759 993 3858 1046 τοῦ

2308 1083 2494 1152 Ἀδὰμ.
2523 1085 2614 1136 καὶ
2641 1085 2747 1137 τῶν
2776 1087 2883 1138 ἀπὸ
2904 1087 2994 1138 τοῦ
3024 1087 3150 1154 Σὴθ,
3180 1088 3282 1149 ἕως
3303 1087 3394 1138 τοῦ
3421 1088 3562 1149 Νῶε,
3601 1090 3692 1142 καὶ
3721 1107 3860 1142 κατ-

2294 1180 2488 1248 ηγορία
2511 1181 2617 1232 τῶν
2673 1181 2880 1251 ἀνδρῶν
2903 1182 2989 1234 διὰ
3019 1181 3115 1245 τὰς
3141 1182 3198 1234 ού
3239 1184 3609 1252 προσηκούσας
3660 1187 3859 1252 ἐπιγα-

2297 1272 2424 1342 μίας
2477 1275 2571 1326 καὶ
2621 1274 2716 1339 τὰς
2765 1275 2955 1338 λοιπὰς
3003 1276 3253 1344 ἀνομίας·
3285 1276 3444 1340 Υίοὺς
3492 1277 3548 1329 δὲ
3579 1279 3713 1330 Θεοῦ
3775 1283 3859 1331 ὲν-

2291 1367 2464 1420 ταῦθα
2487 1368 2638 1421 καλεῖ
2671 1369 2794 1432 τοὺς
2813 1370 2918 1421 ἀπὸ
2937 1368 3028 1421 τοῦ
3064 1369 3168 1439 Σὴθ
3195 1370 3524 1438 κατάγοντας
3562 1372 3620 1425 τὸ
3670 1374 3858 1440 γένος·

2292 1463 2508 1532 καὶγὰρ
2539 1465 2771 1542 εἴρηται·
2822 1463 2966 1532 Ἐγὼ
3012 1460 3200 1527 εἷπον,
3223 1466 3352 1522 Θεοί
3386 1467 3543 1532 ἐστε,
3597 1470 3693 1522 καὶ
3732 1471 3854 1524 υἱοὶ

2305 1559 2591 1625 Ὑψίστου
2624 1559 2862 1624 πάντες.
2881 1559 3190 1628 Θυγατέρας
3217 1561 3272 1613 δὲ
3303 1562 3595 1632 ἀνθρώπων
3625 1566 3722 1629 τάς
3743 1568 3858 1620 ἀπὸ

2291 1651 2383 1703 τοῦ
2417 1653 2571 1705 Κάῐν.
2622 1652 2878 1720 Προλέγει
2924 1653 2952 1702 6
2978 1651 3106 1715 Θεὸς
3133 1653 3210 1720 τῷ
3256 1652 3378 1705 Νῶε
3415 1655 3511 1724 τὴν
3549 1657 3857 1724 μέλλουσαν

2292 1748 2397 1799 τῶν
2435 1746 2729 1816 ἀνθρώπων
2755 1745 3026 1800 ἀπώλειαν
3055 1747 3140 1800 διὰ
3179 1747 3270 1800 τοῦ
3304 1750 3700 1818 κατακλυσμοῦ,
3754 1755 3853 1805 καὶ

2295 1844 2543 1910 παραινεῖ
2587 1844 2799 1910 ποιῆσαι
2826 1843 2922 1910 τὴν
2957 1841 3212 1905 κιϐωτὸν,
3259 1842 3580 1909 τριακοσίων
3629 1846 3855 1913 πήχεων

2291 1937 2351 1990 τὸ
2379 1937 2569 2005 μῆκος,
2600 1938 2930 2004 πεντήκοντα
2967 1937 3181 2005 πήχεων
3195 1937 3255 1990 τὸ
3298 1937 3519 2000 πλάτος,
3559 1941 3855 2007 τριάκοντα

2294 2035 2506 2103 πήχεων
2555 2032 2614 2082 τὸ
2641 2029 2788 2098 ὕψος.
2829 2031 2914 2092 Ὦς
2935 2030 2991 2083 δὲ
3022 2031 3265 2099 εἰσῆλθεν
3309 2034 3388 2095 εἰς
3433 2034 3532 2103 τὴν
3595 2036 3852 2100 κιϐωτὸν,

2294 2129 2514 2195 ἐφέρετο
2543 2128 2570 2178 6
2614 2123 2992 2192 κατακλυσμὸς
3034 2125 3434 2194 τεσσαράκοντα
3488 2129 3696 2197 ἡμέρας
3753 2131 3854 2182 καὶ

2290 2222 2685 2291 τεσσαράκοντα
2709 2218 2923 2279 νύκτας.
2954 2219 3210 2270 Ἐνεδίδου
3235 2220 3292 2271 δὲ
3309 2219 3370 2271 τὸ
3397 2219 3534 2290 ὕδωρ
3567 2222 3700 2289 μετά
3719 2223 3853 2275 ἑκα-

2289 2315 2377 2367 τὸν
2411 2316 2740 2383 πεντήκοντα
2769 2313 2998 2381 ἡμέρας.
3031 2312 3305 2380 Ὠφθησαν
3329 2313 3383 2364 δέ
3401 2313 3456 2366 αἱ
3491 2316 3718 2382 κορυφαὶ
3742 2316 3852 2367 τῶν

2289 2409 2456 2478 ὀρέων
2485 2407 2672 2478 πρώτῃ
2697 2405 2787 2458 τοῦ
2822 2405 3044 2458 δεκάτου
3081 2406 3246 2473 μηνός
3286 2415 3334 2458 α.
3361 2405 3470 2458 Καὶ
3494 2408 3628 2474 μετά
3651 2425 3852 2460 τεσσα-

2291 2505 2527 2574 ράκοντα
2551 2502 2761 2571 ἡμέρας
2785 2500 3064 2552 ἀπέστειλε
3093 2499 3182 2551 τὸν
3206 2499 3434 2568 κόρακα,
3479 2502 3570 2552 καὶ
3613 2503 3710 2570 οὐχ
3745 2503 3855 2555 ὑπο

2290 2598 2537 2668 έστρεψε·
2560 2599 2651 2649 καὶ
2679 2596 2812 2666 μετὰ
2843 2595 2978 2648 ἐπτά
3003 2595 3208 2665 ἡμέρας
3245 2594 3522 2648 ἀπέστειλε
3564 2597 3660 2664 τὴν
3688 2614 3858 2666 περι-

2291 2693 2503 2761 στερὰν,
2557 2693 2650 2743 καὶ
2702 2689 3002 2760 ὑπέστρεψε
3049 2689 3233 2742 θαλλὸν
3289 2689 3471 2750 ἐλαίας
3521 2689 3849 2757 κομίζουσα.

2288 2786 2573 2840 Κελεύεται
2618 2785 2721 2836 ὑπὸ
2751 2783 2842 2835 τοῦ
2884 2782 3014 2835 Θεοῦ
3048 2784 3075 2833 6
3104 2782 3221 2833 Νῶε
3272 2781 3498 2846 ἐξελθεῖν
3529 2785 3590 2834 ἐκ
3621 2782 3722 2850 τῆς
3759 2801 3848 2838 κι-

2288 2879 2478 2931 ϐωτοῦ·
2536 2879 2627 2930 καὶ
2673 2877 2898 2940 ἐξελθὼν
2945 2876 3100 2927 ἔθυσε
3126 2875 3202 2944 τῷ
3257 2875 3393 2944 Θεῷ,
3452 2876 3542 2927 καὶ
3578 2874 3849 2947 εύλογήθη

2290 2972 2544 3041 μετὰτῶν
2575 2971 2700 3021 υἱῶν
2747 2969 2928 3022 αὑτοῦ.
2960 2970 3064 3022 Καὶ
3090 2968 3275 3019 ἔλαϐεν
3307 2968 3633 3035 ἐπαγγελίαν
3692 2971 3852 3040 παρὰ

2288 3066 2378 3118 τοῦ
2400 3065 2550 3129 Θεοῦ,
2581 3064 2718 3115 ὥστε
2764 3063 2954 3132 μηκέτι
2998 3061 3244 3128 γενέσθαι
3272 3061 3524 3130 τοιαύτην
3569 3062 3847 3116 ἀπώλειαν

2287 3157 2581 3227 ἀνθρώπων
2608 3156 2692 3207 διὰ
2722 3155 2812 3206 τοῦ
2843 3153 3239 3222 κατακλυσμοῦ.
3270 3156 3378 3207 Καὶ
3413 3156 3545 3224 μετὰ
3569 3156 3741 3208 ταῦτα
3763 3159 3850 3209 εὑ-

2286 3253 2432 3319 λογεί
2459 3250 2606 3322 [519]
2639 3251 2735 3319 μὲν
2758 3251 2845 3302 τὸν
2876 3250 2995 3318 Σὴμ
3015 3249 3111 3301 καὶ
3132 3249 3222 3301 τὸν
3261 3248 3454 3316 ’1άφεθ,
3471 3253 3772 3320 καταρᾶται
3788 3252 3846 3304 δὲ

2285 3348 2373 3400 τὸν
2402 3347 2638 3409 Χαναὰν,
2671 3345 2853 3414 ἐπειδὴ
2885 3346 2913 3396 ὁ
2941 3345 3120 3414 πατὴρ
3167 3343 3328 3396 αὑτοῦ
3363 3345 3490 3413 Χάμ
3536 3345 3714 3410 ἐξεῖπε
3745 3346 3844 3416 τὴν

2286 3446 2557 3514 γύμνωσιν
2579 3441 2669 3494 τοῦ
2699 3441 2919 3510 πατρός.
2963 3440 3228 3492 Ἐκϐαίνει
3255 3439 3310 3490 δὲ
3333 3441 3364 3508 ή
3391 3440 3597 3509 κατάρα
3616 3442 3843 3495 ἐπὶτῶν

2287 3536 2634 3590 Γαϐαονιτῶν·
2672 3533 2868 3604 μᾶλλον
2919 3533 2974 3584 δὲ
3004 3533 3288 3600 πρόσχημα
3323 3533 3418 3602 μὲν
3475 3534 3713 3602 κατάρας
3746 3531 3843 3605 ἦν,

2284 3633 2344 3683 τὸ
2399 3632 2454 3682 δὲ
2478 3631 2670 3698 ἀληθὲς
2729 3627 3048 3695 προφητεία.
3091 3627 3151 3676 Ol
3195 3625 3300 3676 ἀπὸ
3327 3624 3417 3676 τοῦ
3452 3625 3574 3678 Νῶε
3611 3629 3715 3689 ἕως
3745 3630 3842 3682 τοῦ

2284 3725 2476 3786 Φαλὲκ,
2502 3725 2558 3785 ὃς
2583 3724 2688 3774 ἀπὸ
2714 3721 2807 3772 τοῦ
2840 3719 3160 3790 μερισθῆναι
3196 3719 3280 3770 ἐπ’
3307 3720 3464 3771 αὑτοῦ
3491 3721 3587 3790 τὴν
3608 3723 3710 3792 γῆν
3739 3725 3844 3794 τὴν

2287 3819 2650 3889 προσηγορίαν
2714 3816 2869 3868 ἔλαϐε
2916 3815 3131 3883 ταύτην.
3186 3815 3316 3866 Τότε
3361 3816 3467 3886 γὰρ
3502 3817 3590 3868 τὸν
3628 3817 3842 3888 πύργον

2286 3915 2652 3983 ᾠκοδόμησαν,
2696 3910 2813 3962 ὅθεν
2855 3910 2946 3961 κοιλ⁵
2973 3911 3000 3961 ὁ
3043 3910 3204 3971 τόπος
3257 3909 3507 3962 Βαϐυλὼν
3568 3927 3843 3981 προσηγο-

2291 4009 2472 4080 ρεύθη,
2520 4007 2686 4058 ὅέστι
2744 4004 3034 4074 Σύγχυσις,
3086 4004 3267 4072 ἐπειδὴ
3301 4007 3414 4058 ἐκεῖ
3469 4005 3842 4077 συνεχύθησαν

2286 4103 2459 4156 αὐτῶν
2488 4105 2542 4155 αἱ
2602 4100 2856 4168 γλῶσσαι.
2909 4099 3010 4150 Τὸν
3047 4099 3103 4150 δὲ
3135 4099 3342 4168 πατέρα
3389 4099 3482 4151 τοῦ
3523 4101 3697 4154 Φαλέκ
3744 4104 3841 4158 τὸν

2288 4197 2451 4266 Ἔϐερ
2473 4196 2624 4261 λόγος
2663 4193 2771 4262 ἔχει
2800 4195 2873 4261 μὴ
2920 4191 3207 4260 ὁμονοῆσαι
3250 4195 3360 4253 τοῖς
3384 4193 3587 4254 λοιποῖς
3623 4196 3703 4257 είς
3735 4198 3842 4267 τὴν

2283 4291 2374 4343 τοῦ
2403 4290 2602 4358 πύργου
2627 4287 2927 4356 οἰκοδομὴν,
2959 4288 3048 4337 καὶ
3073 4287 3158 4336 διὰ
3176 4285 3329 4336 τοῦτο
3344 4287 3487 4354 αὐτῷ
3513 4287 3607 4357 τὴν
3644 4289 3840 4345 λαλιὰν

2288 4389 2360 4456 μὴ
2388 4385 2730 4452 ἀμειφοῆναι,
2782 4382 2914 4434 ἀλλὰ
2943 4384 3115 4449 μεῖναι
3166 4381 3323 4431 αὑτὸν
3371 4382 3618 4450 ἀκέραιον
3644 4384 3840 4454 ἔχοντα

2283 4482 2377 4549 τὴν
2405 4479 2698 4539 διάλεκτον,
2735 4476 2826 4528 καὶ
2878 4475 2969 4526 ἀπ’
3008 4474 3168 4525 αὑτοῦ
3197 4474 3292 4543 τὴν
3321 4476 3628 4544 ἐπωνυμίαν
3661 4480 3838 4551 αὐτὴν

2283 4573 2648 4641 λαϐεῖν.”Εϐερ
2672 4573 2775 4640 γὰρ
2800 4570 3001 4621 ἐκείνου
3027 4568 3349 4638 καλουμένου
3375 4569 3426 4632 (Ι,
3461 4570 3673 4640 Ἐϐραῒς
3694 4576 3837 4645 αὕτη

2285 4669 2560 4737 κέκληται,
2616 4666 2643 4717 ὃ
2697 4667 2786 4716 καὶ
2829 4664 3047 4733 σημεῖόν
3079 4665 3190 4713 ἐστι
3233 4663 3480 4730 μέγιστον
3524 4664 3619 4715 τοῦ
3641 4670 3838 4721 πασῶν

2283 4764 2390 4814 τῶν
2419 4761 2611 4814 λαλιῶν
2653 4759 3022 4829 πρεσϐυτέραν
3055 4753 3188 4808 εἶναι
3239 4757 3334 4825 τὴν
3375 4757 3648 4826 Ἐϐραῖδα·
3700 4763 3836 4830 πρὶν

2285 4857 2390 4927 γὰρ
2418 4855 2743 4923 συγχυθῆναι
2764 4852 2857 4914 τὰς
2887 4853 3148 4920 γλώσσας,
3166 4851 3336 4922 ταύτῃ
3364 4853 3554 4914 πάντες
3580 4853 3839 4922 ἐκέχρην-

2285 4969 2362 5002 το.
2404 4953 2554 5002 ’Έστι
2587 4949 2640 5000 δὲ
2675 4949 2702 4999 6
2756 4948 2916 5014 Ἔϐερ
2942 4939 3091 5006 οὗτος
3147 4945 3403 5013 πρόγονος
3443 4945 3703 5015 Ἁϐραάμ.
3740 4950 3839 5002 Γε-

2287 5047 2656 5112 νεαλογοῦνται
2700 5044 2752 5094 δὲ
2776 5042 2880 5094 ἀπὸ
2913 5039 3000 5091 τοῦ
3027 5040 3131 5110 Σὴθ
3152 5041 3252 5102 ’έως
3272 5041 3361 5092 τοῦ
3401 5041 3665 5111 Ἀϐραάμ.
3690 5046 3839 5114 Λαμ-

2287 5145 2433 5195 ϐάνει
2473 5146 2498 5194 ὀ
2518 5141 2693 5207 πατὴρ
2723 5138 2813 5188 τοῦ
2832 5137 3074 5205 ’Λϐραάμ
3095 5138 3121 5186 ὁ
3149 5135 3297 5204 Θαρᾶ
3333 5137 3453 5196 τοῦς
3485 5139 3624 5198 υἱοὺς
3645 5141 3834 5203 αὑτοῦ,

2284 5230 2371 5289 τὸν
2401 5255 2452 5287 τε
2497 5236 2756 5302 Ἁϐραάμ,
2819 5232 2909 5284 καὶ
2965 5231 3052 5282 τὸν
3087 5229 3318 5298 Ναχὼρ,
3354 5231 3564 5282 καὶτὸν
3611 5233 3836 5300 ἔγγονον

2346 5521 2371 5558 b
2411 5520 2667 5565 Vmsiunus
2713 5518 2863 5564 codex
2906 5517 3402 5578 παρευδοκιμασθῆναι.
3444 5516 3657 5578 Utraque
3684 5521 3837 5572 lectio

2283 5582 2464 5629 admilli
2489 5587 2661 5638 (mest.

2347 5647 2368 5672 τ
2398 5643 2442 5686 In
2469 5636 2606 5685 (ίυὶςΙ.
2638 5638 2762 5683 male
2783 5636 2865 5683 τοῦ
2888 5637 3098 5695 δευτέρου
3127 5637 3280 5693 μηνός.

2349 5704 2374 5741 «1
2395 5703 2466 5750 De
2492 5699 2686 5751 urbem
2711 5700 2799 5746 hoc
2823 5700 2962 5746 etiam
2983 5710 3124 5758 supra
3150 5698 3272 5746 dixit
3291 5698 3339 5747 in
3361 5698 3648 5762 Προθεωρίφ,
