3990 6444
144 442 253 495 317

142 541 467 601 voluerunt;
507 532 754 601 operibus
777 544 902 582 vero
927 567 941 588 ,
980 522 1102 578 cum
1143 521 1404 576 Abraham
1430 515 1704 569 exhibetur

148 630 308 680 lilium
340 627 598 684 offerens,
631 629 681 674 et
717 622 929 672 arietem
969 616 1229 682 jttgulans.
1259 613 1352 663 llic
1378 610 1517 661 enim
1549 604 1705 656 rebus

147 718 268 781 ipsis
289 714 466 767 crucis
495 711 771 775 imaginem
799 705 1183 774 pr:csigniiicat,
1211 712 1364 766 atque
1390 696 1586 748 caulem
1614 706 1706 758 pro

145 805 268 855 orbe
298 802 552 854 futuram.
585 798 770 849 lllultas
799 803 940 847 certe
966 791 1201 844 invenire
1227 793 1308 836 est
1334 782 1387 833 in
1408 782 1579 836 Veteri
1607 780 1706 832 Tc-

145 900 409 944 stamento
445 884 744 953 hujusmodi
787 884 976 949 tiguras
1001 921 1015 941 ,
1061 874 1466 946 prophetiasque
1503 883 1596 935 per
1621 881 1707 918 res

145 978 429 1033 exhibitas.
465 974 755 1040 Prophetize
786 987 910 1024 vero
937 983 1127 1021 munus
1185 974 1282 1025 est,
1317 978 1418 1014 non
1446 958 1601 1011 modo
1632 957 1710 1006 lu-

146 1078 254 1119 tura
282 1067 468 1119 dicere
492 1103 506 1127 ,
537 1063 629 1116 sed
659 1061 814 1114 etiam
844 1058 1121 1126 praeterita,
1153 1052 1289 1120 quod
1321 1051 1543 1103 maxime
1573 1046 1707 1114 apud

146 1158 380 1226 Moysem
423 1152 851 1220 deprehenditur.
884 1146 1100 1213 Quando
1132 1144 1270 1196 enim
1311 1141 1376 1193 de
1406 1139 1534 1192 ca-lo
1565 1147 1616 1189 et
1645 1137 1710 1188 de

146 1257 283 1299 terra
319 1246 575 1312 loquitur,
603 1257 686 1294 res
709 1239 916 1307 quidem
942 1237 1070 1288 dicit
1093 1232 1382 1302 praeteritas
1402 1239 1453 1280 et
1479 1237 1710 1292 tempore

145 1335 475 1394 obscuratas,
500 1330 593 1385 scd
622 1328 892 1396 pr0phetia
932 1326 1042 1377 hzec
1062 1322 1314 1375 enuntiat.
1361 1316 1712 1384 Quemadmo—

145 1424 268 1476 dum
297 1423 445 1474 enim
478 1418 765 1487 prophetia:
789 1424 889 1473 est.
915 1431 1001 1467 res
1018 1411 1243 1463 nondum
1273 1419 1464 1476 gestas,
1495 1419 1712 1473 quaeque

146 1515 320 1565 adhuc
350 1511 572 1563 occultae
603 1515 724 1561 sunt
751 1504 1079 1563 annuntiare,
1111 1500 1185 1551 sic
1215 1507 1268 1550 et
1294 1512 1377 1550 res
1406 1503 1578 1562 gestas
1603 1495 1715 1559 qui-

149 1603 288 1663 dem,
323 1600 418 1651 sed
452 1599 519 1650 ob
548 1610 750 1664 tempus
775 1593 1002 1645 occultas
1031 1589 1293 1648 revelare,
1325 1593 1378 1638 et
1407 1585 1459 1635 in
1488 1583 1714 1635 medium

150 1691 452 1749 adducere,
503 1701 679 1754 parem
713 1684 930 1751 gratiam
971 1680 1218 1748 postulat.
1269 1676 1344 1728 Ad
1389 1673 1715 1741 prophetiam

151 1793 364 1846 quoque
411 1777 636 1843 pertinet
686 1788 769 1825 res
806 1778 1090 1838 prtusentes
1129 1765 1439 1819 annuntiare
1463 1803 1477 1826 ,
1509 1761 1716 1829 quando

152 1869 422 1935 quidpiam
451 1865 697 1924 efﬁcitur,
729 1862 818 1914 sed
849 1859 1110 1913 occultum
1136 1867 1250 1917 est;
1282 1865 1338 1906 ut
1363 1851 1550 1905 accidit
1580 1852 1715 1903 circa

154 1957 416 2010 Ananiam
447 1963 500 2006 et
527 1951 854 2019 Sapphiram.
884 1950 987 2001 Illic
1009 1948 1149 2000 enim
1182 1959 1352 2012 neque
1377 1941 1714 2009 praeteritum,

155 2063 328 2114 neque
359 2046 613 2103 futurum,
643 2040 734 2093 sed
761 2053 844 2092 res
875 2050 1128 2105 prtesens,
1157 2034 1358 2086 occulta
1391 2043 1581 2084 tamen.
1618 2030 1718 2081 Pc-

158 2148 268 2189 trus
304 2151 435 2203 ergo
474 2136 586 2185 hzrc
615 2147 708 2199 per
735 2130 1058 2198 prophetiam
1102 2127 1342 2179 revelatis
1362 2165 1377 2187 ,
1409 2124 1460 2176 in
1493 2122 1719 2174 medium

159 2228 390 2278 adducit.
423 2225 564 2276 Sane
591 2237 708 2289 qua:
735 2222 799 2271 ad
831 2220 982 2271 Vetus
1010 2217 1405 2269 Testamentum
1435 2214 1717 2279 pertinent,

163 2327 216 2371 ut
243 2319 363 2385 quis
389 2314 666 2368 confertim
693 2311 831 2363 dicat
855 2349 869 2373 ,
907 2306 1163 2375 ejusmodi
1204 2311 1342 2357 sunt.
1376 2303 1430 2354 ln
1460 2301 1604 2354 Novo
1630 2316 1723 2352 au-

165 2419 264 2458 tem
298 2420 360 2457 ea
385 2444 398 2466 ,
436 2417 552 2470 quae
582 2402 632 2453 in
665 2399 837 2451 Veteri
879 2395 1202 2462 :enigmatice
1232 2393 1369 2444 dicta
1401 2400 1540 2450 sunt,
1573 2388 1721 2441 exhi-

165 2494 396 2546 bentur:
431 2491 498 2543 de
545 2487 832 2557 pr0phetiis
869 2485 1087 2552 loquor,
1132 2482 1322 2549 quibus
1369 2478 1724 2532 testimonium

168 2584 446 2651 perhibent
476 2580 586 2646 ipsa
615 2592 772 2644 opera
796 2615 812 2640 ,
853 2588 1041 2640 nempe
1072 2574 1190 2622 vita:
1217 2570 1504 2622 institutum
1531 2569 1594 2618 ad
1623 2582 1725 2616 ριιτ-

171 2676 272 2727 lum
303 2688 473 2740 usque
501 2669 819 2737 pertingens,
846 2677 1035 2717 arcana
1067 2663 1355 2713 futurorum
1393 2660 1525 2711 bona
1552 2698 1564 2720 ,
1601 2659 1726 2720 Quae

170 2781 253 2815 nec
296 2763 472 2812 oculus
500 2760 649 2821 vidit,
686 2772 773 2807 nec
801 2754 935 2804 auris
957 2752 1146 2804 audivit
1164 2791 1180 2814 ,
1211 2765 1298 2800 nec
1327 2749 1376 2798 in
1405 2763 1488 2798 cor
1515 2746 1726 2795 hominis

171 2853 490 2905 ascenderunt
509 2849 581 2914 (1.
601 2846 715 2898 Cor.
733 2845 786 2896 9..
810 2843 884 2912 9).
902 2842 1104 2894 Novum
1125 2840 1315 2907 quippe
1336 2837 1725 2889 Testamentum

174 2943 438 2995 hominem
467 2954 558 3006 per
585 2935 746 2988 Vetus
770 2942 1039 3001 acceptum
1061 2971 1075 2995 ,
1107 2930 1374 2982 moderate
1399 2937 1450 2980 et
1477 2927 1669 2979 sensim
1699 2939 1725 2975 a

175 3032 399 3099 nequitia
427 3029 491 3080 ad
522 3026 826 3094 angelorum
852 3023 1143 3076 institutum
1165 3019 1394 3072 adducit.
1430 3018 1607 3084 Itaque
1631 3016 1730 3067 Vc-

178 3125 297 3176 teris
325 3121 538 3190 qtndem
570 3118 889 3171 Testamenti
920 3129 1050 3180 opus
1081 3121 1190 3164 erat
1220 3109 1482 3162 hominem
1527 3108 1726 3168 facere;

177 3213 299 3265 Novi
331 3207 818 3278 atttethtontinem
853 3203 1062 3256 efficere
1104 3199 1366 3266 angelum.
1397 3195 1730 3262 Quandoqui-

178 3304 293 3355 dem
323 3301 462 3352 enim
504 3295 731 3362 nequitia
763 3293 813 3344 id
841 3291 1013 3344 ell'ecit
1040 3297 1094 3341 ut
1139 3287 1264 3339 illud
1307 3285 1586 3352 perderent
1629 3299 1731 3350 quo

182 3393 416 3445 homines
469 3397 617 3442 erant
643 3425 657 3448 ,
703 3385 946 3452 ipsosque
973 3383 1022 3433 in
1055 3379 1323 3432 brutorum
1360 3377 1731 3443 ignobilitatem

181 3483 367 3548 tlejecit
391 3520 405 3541 ,
450 3494 510 3531 ac
541 3477 735 3530 ferinos
766 3472 992 3526 reddidit
1020 3486 1033 3532 ;
1073 3470 1156 3522 lex
1191 3467 1401 3536 quidem
1448 3466 1562 3518 illos
1589 3479 1618 3517 a
1647 3465 1731 3516 tali

183 3571 374 3623 malitia
414 3567 702 3625 liberabat;
743 3564 906 3631 gratia
944 3574 1069 3613 vero
1109 3559 1234 3626 ipsis
1275 3557 1407 3609 hanc
1449 3555 1731 3622 angelicam

185 3661 425 3710 virtutem
465 3654 625 3706 addit.
673 3652 805 3703 Sunt
843 3657 1016 3701 autem
1061 3647 1188 3699 Novi
1218 3645 1534 3697 Testatnenti
1578 3643 1732 3705 libri,

186 3748 429 3816 Epistula:
468 3740 859 3812 quatuordecim
890 3738 1032 3790 Pauli
1060 3737 1152 3803 (α),
1185 3744 1407 3802 quatuor
1435 3733 1731 3798 Evangelia,

185 3842 283 3891 duo
311 3836 687 3902 discipulorum
731 3828 920 3883 Christi
947 3868 960 3890 ,
1005 3826 1219 3880 Joannis
1248 3833 1300 3876 et
1337 3822 1560 3874 Matthmi
1588 3861 1602 3886 ,
1631 3821 1736 3872 duo

187 3937 356 3980 autem
385 3925 539 3977 Luca:
560 3931 609 3974 et
627 3919 782 3973 Marci
809 3935 820 3969 ε
845 3929 1065 3984 quorum
1092 3914 1223 3965 alius
1251 3912 1406 3971 Petri,
1438 3911 1568 3961 alius
1592 3908 1734 3960 l’auli

187 4016 468 4083 discipulus
494 4013 607 4065 fuit.
641 4012 717 4063 llli
748 4010 887 4062 enim
926 4008 1051 4075 ipsis
1089 4006 1254 4058 oculis
1293 4003 1554 4056 Christum
1587 4001 1737 4054 vide-

187 4118 320 4170 rant,
348 4121 411 4158 ac
441 4119 560 4156 cum
600 4103 688 4154 illo
719 4100 907 4152 versati
940 4099 1142 4148 fuerant
1167 4112 1180 4155 ;
1213 4094 1265 4146 hi
1291 4108 1414 4146 vero
1439 4108 1496 4145 ea
1525 4107 1640 4160 qum
1671 4106 1734 4144 ex

189 4198 311 4264 ipsis
357 4200 708 4260 acceperant,
756 4189 872 4240 aliis
917 4185 1286 4245 tradiderunt;
1335 4183 1562 4248 itemque
1607 4181 1738 4233 liber

191 4289 432 4346 Aetnam,
466 4283 551 4348 qui
581 4282 735 4333 etiam
771 4278 920 4330 Luca:
947 4283 1047 4337 est,
1069 4271 1327 4325 narrantis
1353 4285 1413 4322 ea
1444 4285 1561 4338 qua:
1591 4279 1734 4336 gesta

190 4387 305 4428 sunt
330 4390 345 4436 ;
377 4383 430 4426 et
456 4387 519 4424 ex
545 4367 812 4422 catholicis
841 4375 945 4418 tres
974 4363 1220 4431 Epistula:
1254 4359 1345 4430 (ὁ).

253 4526 322 4582 (a)
358 4524 519 4582 Mirum
539 4521 616 4582 hic
637 4518 852 4564 videatur
871 4514 1094 4576 Epistolas
1108 4511 1464 4582 quatuordecim
1488 4509 1609 4556 Pauli
1629 4516 1741 4558 ante

193 4570 440 4642 Evangelia
475 4581 601 4642 poni.
640 4584 867 4642 Quantum
905 4570 1086 4642 amaret
1128 4570 1324 4642 Paulum
1366 4570 1739 4637 Chrysostomus,

193 4631 340 4704 quani
351 4652 447 4701 prie
465 4631 567 4684 aliis
588 4631 1073 4702 oninibusscripturze
1095 4645 1242 4700 sacrae
1281 4631 1411 4677 libris
1437 4633 1541 4687 ejus
1564 4631 1741 4696 Episto-

195 4689 265 4752 ii;
282 4689 588 4761 scritpcrore
608 4697 867 4761 menteque
893 4689 1122 4761 versaret,
1151 4692 1337 4758 ignorat
1362 4702 1502 4761 nemo
1525 4689 1603 4747 qui
1624 4693 1742 4761 scri-

215 4748 268 4812 .12.
284 4748 401 4822 ejus
422 4748 813 4822 velprimorihus
842 4753 988 4822 labris
1018 4748 1246 4822 attigerit.
1288 4749 1508 4816 Ordinem
1545 4759 1661 4822 ergo
1687 4748 1742 4794 li-

215 4781 268 4812 lla
295 4781 397 4822 elus
425 4781 499 4805 Vtzt
526 4781 804 4818 liltmutmuo
849 4781 988 4799 munia
1018 4781 1246 4797 αιιι--υιιιη
1289 4781 1508 4795 υιυ--ιυ-ι,
1545 4781 1660 4806 ut...
1687 4781 1740 4794 ..κ

197 4781 386 4871 Ιιτυωιιι
407 4821 517 4866 Νονί
531 4815 817 4863 'l‘estamenti
840 4814 914 4860 hic
936 4825 1027 4858 non
1045 4787 1209 4858 ordine
1230 4808 1488 4871 recensuit,
1510 4808 1595 4853 sed
1622 4812 1669 4853 ut
1688 4821 1742 4855 se

195 4869 394 4944 primum
441 4880 602 4944 menti“
624 4875 890 4944 olferebant
925 4869 1327 4944 descripsitpsi‘c
1354 4874 1743 4944 doannegtnan‘tc

194 4925 722 4998 bin'tt-esihvangelistas,
750 4943 798 4982 et
813 4940 974 4980 Lucam
998 4925 1331 4998 anteata'rcum
1354 4928 1524 4998 posuit.
1540 4925 1743 4975 Catholi-

195 4987 275 5053 cas
297 4987 618 5060 Epistolasuhic
642 4987 742 5060 tres
771 4991 1023 5060 _recens_eri_
1056 4990 1191 5037 vides
1234 4987 1495 5060 secundpgn
1527 4994 1744 5054 Syrorum

201 5047 378 5109 itiorein
402 5070 586 5105 necnon
609 5053 826 5100 Ecclesiae
851 5051 1169 5106 Autiochenae,
1203 5051 1282 5095 ubi
1306 5047 1461 5093 Jacobi
1487 5059 1595 5100 una,
1623 5047 1743 5109 Petri

204 5103 581 5180 jiriitia:.loannis
596 5117 716 5180 iteu'}
742 5113 886 5180 prima
909 5103 1469 5180 solumadtitittebautur.
1493 5114 1586 5160 Qua
1608 5103 1670 5150 de
1688 5116 1743 5150 re

204 5171 411 5240 pluribus
433 5191 502 5236 sui
517 5189 574 5240 ira
595 5177 640 5240 iu_
666 5173 866 5240 Diatriba
887 5171 1267 5240 verbalecimus.

263 5241 330 5301 (ὑ)
365 5229 667 5301 Νυιιιξὶιιςιυὶι
704 5229 997 5301 scholiastes,
1034 5230 1192 5301 ipsum
1227 5240 1320 5301 non
1344 5235 1606 5301 memorare
1632 5231 1745 5301 Apoj

205 5282 688 5360 ωῗῇίδῖηἶξῙ-ίίῃιὶἃυιη
707 5291 808 5360 haec
829 5282 1093 5360 Scholiastis
1107 5288 1343 5360 adnotatio
1366 5282 1743 5360 aliquid-lnegotii

206 5343 441 5406 facessere
466 5343 641 5416 potest,
666 5355 774 5412 quta
801 5347 1129 5416 Apocalypsim,
1154 5346 1360 5416 amplum
1385 5345 1497 5413 licet
1517 5343 1702 5416 librum,
1721 5355 1747 5387 a

208 5403 397 5466 iii‘aiﬁé’
422 5403 752 5475 Clivysostomo
777 5403 1043 5475 usurpatam
1071 5403 1281 5475 nonduin
1312 5406 1492 5475 reperi,
1535 5416 1625 5449 nec
1660 5403 1747 5475 dc-

209 5461 470 5538 iiiéi'é'fqtit
485 5461 550 5538 de
574 5475 677 5538 ejus
698 5461 1044 5538 auctoritate-in
1071 5464 1276 5538 Ecclesia
1299 5461 1466 5532 saltem
1487 5471 1640 5538 Grmlca
1663 5461 1748 5508 (lu-

210 5523 476 5592 liit‘averint,
503 5523 888 5592 sicéphorusque
920 5525 1181 5592 patriarcha
1214 5523 1750 5592 Constantinpolitanu-s

211 5583 571 5647 ὧραί)όῂεέυο
593 5583 854 5639 recensuit.
877 5583 989 5643 Quin
1014 5593 1062 5632 et
1084 5588 1127 5632 in
1149 5583 1357 5647 secundo
1391 5584 1748 5647 t'omo_Crcgorii

215 5644 473 5705 Mummi
497 5656 544 5700 in
569 5649 792 5709 Catalogo
815 5647 1038 5694 librorum
1074 5646 1339 5703 Scripturze,
1387 5644 1469 5703 qtti
1503 5645 1606 5701 ejus
1642 5655 1748 5686 esse

218 5735 308 5770 non
333 5728 548 5783 putatur,
581 5719 684 5766 haec
716 5719 949 5781 leguntur
985 5729 1036 5783 ρ.
1068 5714 1157 5763 198
1188 5727 1199 5763 :
1233 5715 1326 5766 Τὴν
1360 5715 1400 5762 δ’
1444 5715 1757 5778 Ἀπογάλυιξιιν

1187 403 1501 464 SYNOPSIS
1538 387 1929 454 SCRIPTURE
1963 382 2221 440 SACRM.

3262 401 3370 455 318

2317 512 2551 554 svxorsrs
2587 513 2798 553 Genesis
2823 498 2862 549 ¹.

1882 633 2055 687 Mundi
2103 632 2339 694 crcatio,
2385 629 2713 695 hominisque
2763 627 3023 678 formatio.
3070 625 3367 679 Mandatum

1811 723 1996 789 accipit
2024 721 2184 772 Adam
2208 760 2220 780 ,
2253 728 2306 772 et
2331 719 2585 771 formatur
2615 717 2797 769 mulier
2824 732 2886 768 ex
2913 725 3056 767 costa
3086 716 3197 782 ejus
3217 755 3230 776 ,
3257 731 3373 782 qua:

1812 827 1840 863 a
1870 819 2112 876 serpente
2139 809 2376 874 decepta,
2409 807 2577 858 virum
2601 805 2813 866 decipit,
2837 815 2989 871 atque
3012 819 3110 856 una
3137 819 3254 856 cum
3283 804 3372 855 illo

1813 900 2084 952 maledicta
2107 899 2310 964 cjicitnr
2334 913 2394 950 ex
2424 896 2687 964 paradiso.
2719 896 2947 960 Serpens
2976 909 3182 960 quoque
3212 894 3365 945 male-

1814 989 2004 1040 dictum
2036 989 2256 1054 accipit,
2288 997 2341 1038 ιιι
2369 1002 2525 1053 super
2554 994 2733 1051 pectus
2759 984 3045 1052 gradiatur.
3077 985 3204 1035 Cain
3234 983 3374 1035 occi-

1815 1079 1892 1130 dit
1931 1077 2146 1129 fratrcm
2167 1118 2180 1136 ,
2215 1078 2335 1144 quia
2369 1075 2678 1127 laudabilius
2703 1089 2759 1125 se
2784 1081 3037 1140 gesserat,
3070 1073 3259 1139 datque
3285 1073 3373 1124 ille

1815 1181 1996 1234 ptenas
2021 1183 2031 1216 :
2059 1174 2341 1232 posteaque
2365 1164 2556 1216 liberos
2585 1163 2817 1228 suscipit.
2847 1162 2949 1212 Era
2977 1161 3192 1212 Sethum
3217 1161 3369 1227 parit.

1811 1252 2089 1320 Catalogus
2109 1268 2293 1304 eorum
2337 1252 2423 1318 qui
2462 1251 2528 1302 ab
2568 1249 2767 1302 Adanto
2797 1261 2846 1300 et
2874 1265 2900 1298 a
2927 1249 3088 1300 Setho
3116 1248 3216 1300 orti
3253 1256 3374 1299 sunt

1816 1360 1979 1412 usque
2009 1344 2072 1396 ad
2103 1343 2212 1396 Noe
2241 1361 2251 1394 :
2283 1343 2658 1408 hominumque
2706 1340 3000 1392 criminatio
3026 1339 3093 1390 ob
3130 1338 3371 1390 indecora

1813 1434 2093 1495 connubia,
2121 1447 2181 1483 ac
2208 1442 2426 1483 caeteras
2457 1429 2775 1496 iniquitates.
2803 1427 2960 1479 Filios
2994 1428 3082 1479 Dei
3115 1427 3198 1479 hic
3225 1436 3374 1478 vocat

1818 1537 1908 1574 eos
1939 1523 2024 1589 qui
2063 1537 2090 1572 a
2129 1521 2286 1572 Setho
2308 1535 2471 1586 genus
2497 1518 2753 1570 ducebant
2777 1518 2793 1584 (
2820 1515 2941 1566 Gen.
2971 1517 3021 1568 6.
3051 1517 3151 1583 2);
3188 1516 3376 1568 diaitur

1818 1614 1954 1664 enim
1981 1629 1994 1663 :
2023 1612 2127 1679 Ego
2161 1613 2285 1673 dixi,
2325 1611 2408 1661 Dii
2438 1610 2570 1672 estis,
2609 1618 2652 1659 el
2689 1595 2776 1674 ﬁlii
2818 1608 3056 1659 Allissimi
3103 1624 3267 1659 onmes
3301 1608 3374 1676 (α)

1821 1701 1979 1770 (Paul.
2009 1703 2092 1754 8|.
2111 1703 2186 1767 6).
2213 1701 2368 1752 Filias
2389 1716 2511 1751 vero
2532 1700 2795 1750 hominum
2816 1710 2962 1750 vocat
2985 1713 3072 1750 eas
3093 1714 3246 1764 quara
3270 1699 3379 1750 (Σπῖ-

1822 1805 1888 1841 ηο
1919 1799 2045 1842 ortm
2075 1801 2241 1842 crant.
2266 1789 2505 1842 Prmdicit
2537 1789 2669 1840 Deus
2700 1786 2822 1838 Νοω
2848 1786 3072 1838 futuram
3108 1788 3372 1838 hominum

1824 1879 2102 1945 perniciem
2145 1894 2236 1945 per
2265 1879 2536 1940 diluvium,
2569 1885 2619 1929 et
2652 1876 2799 1943 jubet
2841 1891 3012 1928 arcam
3040 1887 3370 1937 construere,

1823 1977 2176 2020 trecentorum
2235 1969 2529 2021 cubitorum
2588 1966 2943 2034 longitudine,
3003 1966 3373 2033 quinquaginta

1823 2058 2113 2109 cubitorum
2144 2057 2434 2119 latitudine,
2465 2067 2513 2108 et
2540 2057 2746 2123 triginta
2768 2057 3057 2107 cubitorum
3084 2055 3372 2106 altitudine.

1825 2146 1891 2199 Ut
1919 2159 2089 2198 autem
2136 2150 2398 2214 ingressus
2439 2154 2517 2198 est
2564 2146 2612 2196 in
2657 2159 2869 2205 arcam,
2897 2144 3376 2195 advenitdiluvium

1824 2236 2160 2303 quadraginta
2193 2235 2375 2286 diebus
2405 2244 2457 2286 ct
2484 2233 2824 2300 quadraginta
2861 2233 3113 2284 noctibus.
3144 2232 3378 2286 Obtinnit

1825 2338 1954 2391 aqua
1977 2333 2184 2375 centum
2208 2324 2581 2390 quinquaginta
2599 2324 2799 2374 diebus.
2826 2324 3185 2387 Apparuernnt
3205 2333 3375 2373 autem

1826 2413 2092 2464 cacumina
2121 2412 2371 2463 montium
2409 2412 2576 2476 primo
2604 2413 2688 2462 die
2719 2411 2904 2461 decimi
2936 2411 3147 2461 mensis.
3174 2412 3237 2461 Et
3263 2420 3379 2477 post

1826 2501 2166 2569 quadraginta
2209 2500 2319 2551 dies
2363 2500 2538 2549 emisit
2585 2512 2837 2559 corvum,
2871 2499 2957 2564 qui
2989 2512 3091 2549 non
3138 2514 3378 2551 reversus

1826 2599 1906 2642 est
1943 2607 1954 2640 :
1997 2599 2048 2640 et
2097 2597 2211 2653 post
2260 2596 2460 2653 septem
2517 2587 2628 2638 dies
2672 2586 2846 2638 emisit
2892 2587 3219 2649 columbam,
3265 2603 3381 2653 quae

1829 2691 2035 2729 reversa
2061 2686 2139 2727 est
2170 2691 2368 2726 ramum
2398 2675 2547 2724 oliva:
2576 2684 2805 2740 gestans.
2835 2672 3054 2725 Jubctnr
3075 2689 3101 2724 a
3133 2674 3241 2725 Deo
3269 2675 3379 2728 Noe

1829 2766 2003 2833 egredi
2036 2782 2095 2817 ex
2128 2780 2243 2816 arca
2277 2782 2287 2814 :
2315 2776 2365 2817 et
2392 2778 2633 2831 egressus
2667 2764 2770 2816 Deo
2794 2765 3127 2826 Sacriticavit,
3158 2774 3205 2816 ot
3232 2765 3384 2817 benc-

1829 2855 1998 2906 dietus
2042 2861 2121 2906 est
2163 2870 2278 2906 cum
2308 2855 2423 2905 liliis
2463 2855 2586 2905 suis.
2635 2855 2947 2920 Ateepilquc
2985 2855 3383 2921 promissionem

1831 2959 1857 2994 a
1892 2944 2014 3006 Deo,
2049 2960 2150 2994 non
2180 2944 2308 2993 ultra
2343 2942 2566 2994 futuram
2592 2941 2886 3007 hujusmodi
2911 2944 3193 3009 perniciem
3219 2945 3384 2996 homi-

1834 3049 1955 3085 num
1987 3050 2076 3099 per
2103 3034 2373 3084 diluvium.
2429 3032 2612 3083 Postea
2643 3048 2764 3083 vero
2789 3031 2946 3084 Semo
2981 3033 3190 3098 quidem
3213 3045 3264 3085 et
3291 3033 3382 3086 Ja-

1833 3125 1991 3191 pheto
2035 3124 2293 3175 benedicit
2319 3164 2332 3183 ,
2367 3122 2626 3171 maledicit
2670 3132 2840 3171 autem
2872 3121 3231 3184 Chanaannm,
3261 3124 3382 3190 quia

1836 3223 1979 3279 pater
2007 3212 2121 3279 cjus
2146 3213 2306 3262 Cham
2339 3211 2661 3263 revelaverat
2693 3211 2974 3262 nuditatem
3009 3214 3189 3278 patris.
3223 3214 3384 3266 Male-

1834 3301 1990 3353 tlictio
2034 3313 2206 3352 autem
2238 3301 2319 3352 illa
2351 3311 2594 3352 eventum
2643 3300 2822 3352 habuit
2861 3303 2908 3353 in
2949 3301 3250 3356 Gabaonitis
3277 3305 3383 3370 (b);

1837 3392 1940 3444 imo
1971 3393 2141 3458 potius
2168 3392 2340 3460 specie
2369 3393 2574 3460 quidem
2609 3393 2900 3445 maledictio
2929 3403 3057 3455 erat,
3090 3398 3179 3448 sed
3205 3413 3386 3449 revera

1838 3482 2130 3549 prophetia.
2161 3482 2288 3533 llinc
2311 3491 2599 3549 sequuntur
2623 3482 2708 3549 qui
2739 3498 2800 3533 ex
2827 3482 2934 3535 Noe
2959 3484 3055 3535 orti
3078 3495 3197 3537 sunt
3225 3502 3388 3553 usque

1837 3572 1899 3622 ad
1925 3571 2128 3632 l’halcc,
2153 3571 2237 3638 qui
2269 3572 2366 3623 hoc
2389 3586 2577 3622 nomen
2609 3571 2820 3623 sortitus
2848 3583 2944 3633 est,
2974 3574 3090 3639 quia
3123 3575 3236 3640 ejus
3263 3586 3389 3628 tem-

1839 3675 1964 3726 pore
1992 3659 2154 3712 divisa
2189 3659 2278 3711 fuit
2309 3670 2464 3711 terra.
2495 3661 2639 3712 Tunc
2664 3661 2801 3713 enim
2833 3665 3012 3714 turrim
3045 3665 3386 3728 mdilicarunt.

1840 3751 1975 3800 unde
1995 3750 2141 3802 locus
2177 3750 2406 3817 Babylon
2437 3760 2517 3802 est
2538 3751 2821 3816 appellatus
2842 3791 2855 3814 ,
2880 3752 3014 3818 quod
3031 3753 3391 3820 Confusionem

1839 3839 2124 3904 significat,
2173 3840 2290 3906 quia
2340 3839 2441 3889 illic
2488 3837 2718 3890 confusa:
2766 3849 2882 3889 sunt
2946 3839 3136 3906 lingua:
3188 3857 3388 3892 eorum.

1844 3927 1998 3980 Pater
2038 3939 2210 3981 autem
2241 3928 2448 3980 Phalcci
2483 3927 2650 3977 Ilcber
2679 3927 2868 3977 dicitur
2913 3942 3013 3977 non
3064 3931 3392 3983 consensisse

1841 4031 1957 4067 cum
1984 4017 2187 4068 caeteris
2208 4016 2342 4067 circa
2374 4014 2771 4066 zedilicationem
2804 4017 2996 4077 turris;
3031 4015 3252 4084 ideoque
3295 4018 3392 4084 ipsi

1842 4106 2098 4173 loquelam
2147 4122 2249 4157 non
2294 4114 2543 4156 mutatam
2593 4105 2782 4166 fuisse,
2813 4106 2903 4158 sed
2949 4110 3203 4161 mansisse
3250 4110 3394 4162 illum

1905 4223 1920 4252 ¹
1955 4221 2135 4289 Titulus
2159 4222 2202 4267 in
2227 4219 2523 4286 Lugduuensi
2545 4218 2656 4267 Cod.
2682 4220 2749 4289 sic
2767 4219 2971 4266 habetur
2998 4234 3009 4267 :
3050 4220 3206 4267 [Iret-is
3229 4221 3395 4268 ceteris

1849 4280 2121 4350 Testantcnti
2143 4278 2374 4342 synopSis,
2412 4285 2601 4327 auctore
2640 4278 2982 4339 Clu‘ysostomo.
3018 4279 3221 4327 Genesis.
3259 4281 3389 4328 Liber

1843 4355 2038 4402 prunus.

1906 4405 1975 4461 (rt)
2012 4411 2115 4449 Iltec
2141 4401 2350 4461 pluribus
2375 4399 2818 4461 explicantnrgTom.
2841 4398 2921 4461 IV,
2941 4399 3149 4461 Itonia?)
3172 4400 3214 4445 in
3240 4406 3391 4446 Cenc-

1843 4459 2048 4517 sim,rubi
2077 4459 2305 4522 probatur
2325 4473 2425 4516 eos,
2445 4459 2529 4520 qui
2549 4472 2574 4522 a
2602 4459 2742 4522 actito
2764 4460 2850 4522 mai
2877 4468 3028 4512 erant,
3068 4459 3185 4504 liiios
3209 4462 3288 4506 l)ei
3318 4474 3394 4506 vo-

1845 4516 1957 4577 cari,
1984 4530 2033 4569 et
2058 4516 2132 4568 liic
2157 4524 2256 4580 ipse
2294 4518 2426 4566 locus
2467 4516 2624 4565 i‘salmi
2654 4517 2712 4580 ﬁt
2759 4516 3112 4580 all"ertur_:rl;‘qo
3149 4519 3272 4576 dixi,
3318 4521 3394 4568 Lit"

1843 4575 1970 4629 estis.
2011 4582 2144 4628 Filias
2176 4575 2345 4628 autem
2379 4580 2616 4625 hominum
2649 4575 2765 4622 tilias
2799 4588 2907 4622 esse
2945 4576 3071 4624 Caiui
3108 4579 3221 4626 dicit
3257 4575 3395 4640 paulo

1877 4650 2026 4688 οειρθ.

1877 4655 1950 4688 osr.
2017 4677 2026 4686 .

1845 4655 1874 4701 Ρ
1908 4655 2352 4759 (ὺῗθυυηπηεηζῃικίο
2375 4699 2418 4740 in
2446 4695 2611 4741 Isaiam
2636 4693 2691 4759 ad
2723 4704 2824 4759 cap.
2860 4693 3075 4759 2,_versu
3096 4697 3273 4759 Al,h:ee
3297 4701 3394 4758 ipsa

1851 4754 1922 4804 sic
1945 4754 2178 4817 exprimit
2204 4758 2565 4817 (Ihrvsostnmns
2592 4767 2600 4796 :
2629 4754 2698 4817 (ξύ
2722 4756 2812 4817 tit-hy
2839 4755 2952 4817 ρὺδὲ
2978 4758 3060 4810 τήν
3087 4757 3201 4816 ἀρὰν
3229 4754 3391 4803 suis-

1848 4813 2048 4875 σοῦσαῦ,
2072 4818 2169 4863 ἀλλ’
2195 4817 2266 4861 ἐπὶ
2288 4817 2379 4858 τῶν
2407 4814 2698 4858 ιάϐαονιτών
2721 4813 2956 4859 ὶαϐοὖσαν
2976 4818 3029 4861 τὸ
3057 4813 3186 4870 τέἳος
3217 4820 3310 4862 τῶν
3336 4818 3389 4862 ἐκ

1846 4879 1932 4923 τοῦ
1961 4873 2145 4937 Χὰἐισαγ
2168 4875 2443 4937 γεγονότῳντ
2472 4875 2558 4937 Kai
2583 4874 2682 4937 vero
2699 4873 2744 4917 ἐν
2771 4875 2892 4925 τάξει
2920 4877 3031 4933 ἀρᾶς
3055 4879 3309 4935 προῖιητεία
3336 4879 3390 4922 τὸ

1849 4937 2091 4995 λεγόμενον
2114 4935 2184 4986 ἡν.
2214 4937 2329 4988 Quae
2359 4931 2594 4995 ipsi~sima
2638 4933 2712 4977 hic
2739 4945 2932 4995 quoque
2956 4931 3196 4980 habentur
3225 4952 3232 4980 :
3261 4937 3388 4982 unde

1846 4993 2030 5056 probari
2054 4996 2368 5056 rideaturhoc
2391 4993 2836 5056 tilitts_tjltr3‘sosttitni
2856 4998 3092 5056 esse._ttoc
3117 4995 3264 5051 ipsum
3285 5008 3396 5041 vero

1845 5049 1908 5101 de
1942 5054 2206 5101 Cabaonitis
2242 5053 2307 5097 ait
2341 5052 2482 5098 etiam
2517 5051 2633 5096 iuli‘a
2671 5050 2716 5095 in
2751 5053 2941 5111 Syttupsi
2977 5049 3085 5098 libri
3115 5049 3253 5113 Iesu,
3295 5056 3396 5102 sive

1845 5123 2004 5162 JOSUO.

1857 5216 1942 5285 τῄχ
1973 5213 2187 5285 Ἰευᾴννου
2211 5215 2349 5285 rei)“
2376 5214 2493 5285 τινὲς
2524 5214 2603 5274 μὲν
2635 5213 2938 5273 ἐγκρίνωσιν,
2975 5219 3016 5262 οἱ
3057 5216 3240 5270 πλείους
3272 5217 3323 5262 δέ
3350 5233 3401 5274 γε

1858 5276 1987 5335 γρθον
2006 5275 2214 5335 λέγουσι.
2239 5274 2415 5321 Verum
2450 5275 2525 5320 hic
2557 5277 2763 5331 scriptor
2791 5287 2882 5318 non
2916 5284 3135 5322 accurate
3171 5277 3396 5335 loquitur.

1860 5333 1976 5381 Nam
2006 5334 2202 5379 l’atrnm
2229 5335 2498 5381 Graecorum
2529 5337 2793 5393 print-ipes,
2820 5335 3108 5381 Athanasius
3137 5335 3184 5381 in
3215 5333 3404 5381 Canone

1861 5407 1950 5441 suo
1975 5407 2020 5452 p.
2052 5393 2158 5448 962,
2188 5394 2406 5449 Basilius,
2444 5393 2705 5453 Gregorius
2738 5393 2866 5446 Nar,
2895 5396 3188 5453 insuperqne
3224 5395 3408 5453 Hippo-_

1861 5451 1993 5507 lytus
2018 5460 2163 5513 atque
2193 5454 2465 5500 Methodins
2498 5451 2664 5500 auctor
2697 5454 2972 5512 Synopseos
3005 5451 3131 5500 inter
3159 5451 3406 5500 Athanasii

1863 5514 2049 5583 Opera,
2077 5515 2138 5583 ad
2180 5515 2281 5583 hate
2305 5521 2467 5560 autem
2501 5513 2792 5583 togatalina
2823 5515 3037 5583 Ecclesia
3065 5513 3406 5571 Apocalypsin:

1865 5577 1992 5640 inter
2012 5573 2468 5640 authenticahopcra
2501 5573 2813 5640 admiserunt.
2841 5573 3160 5640 Quamobrem
3187 5573 3296 5630 jure
3326 5575 3406 5617 illa

1863 5631 1996 5680 inter
2016 5637 2268 5680 canonicas
2295 5632 2568 5691 scripturas
2599 5636 2752 5677 locum
2781 5633 2942 5678 habet.
2969 5633 3088 5680 Vide
3112 5631 3406 5681 Ubicumcnii

1863 5703 2146 5753 rapuscututn
2170 5692 2218 5741 in
2245 5690 2474 5741 Biblioth.
2499 5691 2784 5742 Coisliniana
2808 5707 2850 5752 p.
2879 5692 2982 5739 ‘278.
