3990 6444
585 405 698 460 319

567 513 685 552 eum
715 499 914 566 integra
935 512 1030 551 sua
1051 495 1296 560 di-alecto,
1314 511 1431 565 qua:
1461 496 1635 552 abillo
1655 495 2133 551 denominatiouem

571 590 757 642 sortita
789 588 875 641 sit.
923 587 1050 640 Nam
1081 603 1198 641 cum
1225 587 1314 641 ille
1338 587 1513 642 lleber
1542 595 1819 642 vocaretur
1839 629 1852 652 ,
1885 587 1999 640 hmc
2029 586 2134 641 lle-

567 677 748 730 hraica
779 676 1034 744 appellata
1060 685 1140 730 est
1166 675 1240 744 (a)
1275 675 1454 744 :quod
1495 676 1698 744 signum
1734 684 1814 728 est
1847 674 2132 729 maximum

569 765 884 818 Hebraicam
926 780 1046 819 esse
1083 766 1315 817 omnium
1366 765 1656 833 linguarum
1697 764 2128 833 antiquissimam.

573 855 861 921 Antequam
893 854 1033 907 enim
1073 853 1523 908 confunderentur
1552 853 1742 922 lingute
1766 895 1779 916 ,
1810 854 1908 908 hac
1951 866 2136 907 omnes

570 944 867 996 utebantur.
890 943 980 995 Est
1017 951 1194 996 autem
1223 943 1307 996 hic
1332 943 1503 997 Heber
1547 943 1683 996 inter
1705 943 1933 1011 majores
1963 943 2132 996 Abra-

569 1031 671 1085 hae.
694 1031 923 1083 Assumit
945 1031 1116 1084 Thara
1145 1041 1291 1098 paler
1316 1030 1562 1096 Abrahae,
1585 1030 1718 1084 ﬁlios
1733 1045 1856 1084 suos
1874 1030 2136 1084 Abraham

569 1128 623 1172 et
649 1119 855 1173 Nachor
880 1115 1028 1188 (ί·),υι
1052 1128 1294 1187 nepotem
1325 1135 1476 1173 suum
1500 1119 1616 1185 Lot,
1643 1130 1695 1173 et
1717 1119 1858 1173 venit
1882 1120 1934 1172 in
1968 1118 2136 1172 Char-

574 1225 667 1264 ran
689 1251 703 1274 ,
739 1210 789 1262 in
833 1209 1008 1261 animo
1035 1211 1232 1262 habens
1262 1208 1383 1263 inde
1407 1209 1664 1278 proﬁcisci
1697 1211 1746 1262 in
1780 1218 1971 1262 terram
1997 1207 2137 1262 Cha-

573 1298 896 1350 nanteorum.
947 1297 1145 1365 llloque
1185 1306 1392 1351 mortuo
1439 1299 1488 1350 in
1541 1299 1809 1363 Oharran,
1854 1297 2066 1366 jubetur
2107 1312 2136 1350 a

579 1386 685 1438 Deo
717 1385 980 1438 Abraham
1012 1387 1384 1454 trausmigrarc
1431 1403 1492 1439 ex
1531 1379 1790 1453 Charran,
1819 1397 1872 1441 et
1895 1388 2039 1442 venit
2081 1386 2135 1440 in

575 1474 798 1543 Sychem
826 1476 875 1526 in
905 1483 1041 1526 terra
1082 1474 1350 1527 Chanaan.
1387 1475 1452 1528 Et
1479 1475 1610 1529 dixit
1649 1477 1700 1529 ei
1746 1476 1901 1539 Deus,
1949 1474 2136 1529 semini

577 1564 693 1630 ejus
723 1578 780 1616 se
804 1562 1046 1616 daturum
1077 1571 1267 1616 terram
1296 1565 1454 1617 illam.
1487 1564 1551 1618 Et
1575 1564 1849 1618 ardificavit
1876 1564 2138 1618 Abraham

579 1652 743 1704 altare
777 1653 902 1712 Deo,
933 1662 984 1703 et
1015 1651 1127 1704 ﬁxit
1154 1653 1543 1705 tabernaculum
1571 1668 1720 1705 suum
1751 1667 1935 1706 versus
1970 1668 2136 1707 mare.

577 1739 706 1792 Cum
745 1738 911 1792 fames
957 1749 1130 1793 autem
1176 1749 1336 1806 esset,
1387 1741 1713 1794 descendens
1758 1742 1808 1794 iu
1858 1741 2138 1810 zEgyptum

577 1830 829 1897 praecepit
856 1829 1004 1882 uxiri
1045 1838 1239 1898 sur,ut
1267 1830 1465 1884 diceret
1502 1846 1559 1883 se
1598 1846 1830 1885 sororem
1858 1832 1972 1901 ejus
2003 1847 2138 1886 esse.

580 1918 708 1972 Cum
760 1935 916 1986 porro
955 1921 1255 1973 sustulisset
1284 1935 1400 1974 eam
1432 1921 1653 1983 Pharao,
1683 1932 1736 1975 et
1768 1923 1858 1975 Dei
1890 1924 2140 1977 ultionem

580 2017 828 2076 expertus
866 2020 1025 2070 eSSCI,
1057 2009 1284 2062 reddidit
1327 2011 1468 2062 illam
1508 2011 1752 2063 Abrahae.
1799 2011 2142 2080 Litiganlibus

582 2099 804 2152 invicem
850 2099 1146 2166 pastoribus
1189 2099 1411 2152 Abralue
1439 2109 1491 2153 et
1518 2100 1632 2152 Loti
1656 2141 1669 2164 ,
1701 2101 1797 2169 ipsi
1827 2101 2144 2156 habitatione

581 2187 807 2254 separati
865 2196 1004 2240 sunt.
1058 2187 1156 2239 Lot
1206 2189 1406 2254 accepit
1458 2187 1843 2242 Sodomitarum
1904 2198 2142 2243 terram:

584 2276 849 2329 Abraham
882 2292 1006 2330 vero
1033 2277 1098 2330 ad
1134 2292 1382 2345 quercum
1427 2277 1657 2332 Mambre
1689 2279 1973 2344 habitavit,
2020 2294 2144 2348 pro-

587 2364 968 2432 missioaesque
990 2380 1197 2418 rursum
1223 2380 1253 2417 a
1285 2367 1390 2418 Deo
1415 2368 1636 2434 accepit,
1665 2368 1776 2436 ejus
1803 2383 1982 2423 semen
2012 2370 2147 2423 mul—

585 2453 804 2506 titudinc
833 2453 1220 2522 propagandum
1247 2469 1386 2518 esse,
1425 2464 1478 2509 et
1505 2456 1642 2508 illam
1690 2466 1881 2510 terram
1933 2472 2144 2526 posses-

584 2556 785 2595 snrum.
815 2543 1271 2612 Chodollagomor,
1301 2545 1419 2612 quia
1443 2545 1508 2599 ab
1532 2546 1644 2614 ipso
1669 2543 1972 2601 defecerant
1995 2548 2149 2616 quin-

584 2645 687 2699 que
712 2647 860 2701 reges
883 2633 1220 2687 Sodomitica:
1242 2643 1416 2700 terrae,
1436 2638 1520 2704 qui
1549 2637 1644 2703 ipsi
1671 2638 1812 2705 prius
1834 2638 2143 2701 servierant,

585 2723 867 2788 assumptis
915 2737 1090 2775 secum
1142 2723 1307 2777 tribus
1353 2725 1467 2778 aliis
1511 2727 1752 2794 regibus,
1786 2727 1979 2781 bellum
2020 2729 2145 2797 ipsis

587 2806 780 2872 intulit,
814 2824 1009 2876 eosque
1043 2812 1092 2861 in
1124 2811 1294 2878 fugam
1324 2827 1505 2866 versos
1546 2815 1778 2880 captivos
1804 2816 2050 2880 abduxit;
2093 2817 2144 2870 in

585 2895 774 2963 quibus
809 2906 923 2948 erat
949 2896 1103 2949 etiam
1133 2897 1250 2950 Lot.
1307 2898 1398 2951 llis
1441 2899 1633 2951 auditis
1675 2902 1972 2965 Abraham,
2025 2917 2142 2955 cum

587 2983 882 3036 vernaculis
932 2985 1039 3037 suis
1068 2986 1313 3037 trecentis
1340 2986 1654 3049 octodecim,
1676 2988 1790 3040 illos
1816 2988 2142 3057 iusequutus,

587 3071 777 3138 eripuit
803 3071 978 3126 fratris
1025 3072 1186 3125 ﬁlium
1216 3087 1332 3126 cum
1372 3075 1605 3141 equitatu
1632 3083 1684 3128 et
1727 3077 2064 3142 mulieribus;
2093 3086 2146 3131 et

587 3159 967 3215 Melchisedeeo
1019 3176 1076 3214 se
1111 3162 1439 3216 benedicenti
1480 3174 1532 3216 et
1567 3163 1804 3218 afl'ercnti
1864 3180 2047 3233 panem
2097 3177 2148 3221 et

589 3256 762 3306 vinum
787 3294 800 3319 ,
845 3254 1073 3306 decimas
1117 3255 1279 3308 dedit.
1324 3255 1444 3308 Ideo
1481 3256 1553 3308 ait
1615 3255 1805 3309 Paulus
1837 3257 1906 3326 (τ)
1946 3258 1993 3308 in
2033 3257 2143 3325 epi-

587 3343 716 3395 stola
735 3342 797 3394 ad
829 3341 1196 3396 llehrazoszEt
1215 3343 1329 3395 Levi
1357 3344 1440 3412 qui
1469 3344 1685 3396 decimas
1712 3345 1919 3412 accepit,
1943 3345 2147 3398 decima-

589 3442 668 3484 tus
704 3442 775 3484 est
800 3431 976 3502 (Hebr.
1009 3434 1058 3485 7.
1085 3433 1159 3502 9).
1181 3433 1308 3502 Regi
1337 3433 1682 3488 Sodomorum
1704 3438 1898 3503 roganti
1922 3444 1976 3488 ut
1999 3437 2146 3503 equi-

587 3531 749 3574 tatum
779 3523 1039 3588 acciperet
1089 3537 1194 3573 non
1241 3524 1422 3574 annuit
1454 3541 1466 3575 :
1499 3522 1579 3574 Nc
1612 3525 1768 3586 dicas,
1803 3524 2004 3592 inquit,
2038 3523 2147 3592 Ego

586 3609 738 3661 ditavi
763 3608 1028 3659 Abraham.
1049 3611 1065 3674 (
1085 3608 1300 3661 Gelu”.
1329 3610 1451 3677 25).
1479 3609 1627 3661 Tunc
1655 3610 1763 3662 Deo
1793 3611 1890 3678 ipsi
1915 3611 2143 3674 dicente,

589 3699 778 3751 κυεῖ-σεε
806 3709 892 3750 tua
928 3715 1107 3767 magna
1141 3698 1409 3768 erit(Gen.
1436 3698 1519 3753 l5.
1554 3701 1576 3752 1
1608 3701 1645 3767 ),
1691 3700 1912 3753 ﬁliorum
1952 3701 2147 3754 orbita—

588 3797 692 3840 tem
739 3786 980 3855 deplorat
1022 3803 1034 3837 :
1079 3801 1388 3854 rursumque
1436 3786 1601 3852 audit,
1651 3802 1775 3840 eum
1816 3789 1901 3857 qui
1953 3803 2014 3841 ex
2056 3789 2145 3843 illo

586 3889 894 3943 egressurus
943 3885 1075 3937 erat,
1109 3874 1224 3942 ejus
1265 3875 1606 3928 hereditatem
1635 3887 1968 3943 accepturum
2006 3890 2139 3940 esse,

589 3975 642 4018 et
681 3978 860 4017 semen
896 3963 1010 4030 ejus
1054 3961 1281 4014 futurum
1312 3962 1445 4016 sicut
1483 3963 1660 4016 stellas
1704 3963 1837 4017 creli.
1890 3963 1984 4017 llic
2005 3963 2145 4032 jacet

587 4053 714 4105 illud
742 4071 754 4103 :
787 4050 1006 4104 Credidit
1046 4051 1300 4102 Abraham
1329 4050 1463 4115 Deo,
1493 4061 1538 4104 et
1583 4062 1864 4120 reputatum
1892 4063 1959 4106 est
1985 4053 2057 4105 illi
2078 4053 2144 4105 ad

587 4142 823 4204 iustitiam
858 4139 1020 4206 (Gen.
1076 4141 1160 4193 15.
1207 4141 1299 4208 6).
1347 4140 1618 4194 Sectiones
1642 4139 1716 4210 (ά)
1747 4141 1882 4205 facit,
1915 4152 1965 4195 et
1991 4141 2144 4196 discit

585 4231 911 4298 peregrinum
951 4228 1176 4280 futurum
1208 4242 1323 4280 esse
1354 4243 1530 4281 semen
1553 4244 1722 4291 suum,
1747 4239 1796 4282 et
1822 4239 1997 4297 postea
2025 4229 2144 4283 libe-

585 4318 803 4369 randum
836 4315 946 4368 fore
973 4326 1246 4383 postquam
1269 4315 1572 4385 depressum
1603 4313 1752 4368 fuerit
1781 4331 1874 4384 per
1895 4317 2140 4385 quadrin-

583 4417 765 4475 gentos
794 4421 978 4458 annos.
1008 4405 1133 4458 Sara
1163 4413 1336 4458 autem
1367 4404 1485 4472 quia
1517 4403 1708 4456 sterilis
1734 4412 1862 4465 erat,
1889 4402 1978 4456 dat
2000 4406 2138 4472 Aga-

585 4512 695 4548 rem
741 4494 1068 4554 Abrahamo,
1103 4501 1161 4546 ut
1208 4493 1400 4546 liberos
1439 4492 1726 4559 susciperet
1767 4505 1827 4543 ex
1873 4490 1978 4543 illa.
2009 4489 2139 4544 Cum

582 4594 754 4637 autem
779 4583 891 4636 lucc
919 4594 1122 4635 uterum
1143 4589 1390 4648 gestaret,
1421 4589 1599 4634 contra
1640 4576 1816 4630 heram
1846 4591 1990 4631 suam
2021 4594 2140 4634 sese

583 4673 767 4725 extulit
806 4688 817 4721 :
850 4671 1110 4737 traditque
1149 4669 1289 4720 illam
1346 4669 1489 4721 Sara:
1538 4666 1834 4730 Abraham,
1867 4677 1922 4718 ut
1958 4678 2140 4720 contu-

585 4759 795 4813 meliam
831 4759 1188 4810 ulcisceretur.
1214 4756 1299 4808 llla
1326 4769 1453 4808 vero
1473 4753 1537 4806 ab
1564 4753 1684 4806 hera
1710 4769 1800 4806 sua
1830 4755 1965 4808 male
1991 4770 2140 4809 accc-

592 4858 700 4915 pta,
740 4861 768 4898 a
809 4846 965 4899 domo
991 4843 1207 4911 aufugit,
1235 4843 1300 4895 ab
1324 4843 1613 4910 augeloque
1647 4842 1860 4909 jubetur
1885 4843 1948 4896 ad
1975 4843 2139 4896 domi-

645 4976 715 5038 (a)
752 4982 845 5024 tloe
867 4973 1108 5038 ipsum_d_e
1132 4972 1336 5038 “chelyn,
1368 4971 1460 5017 etsi
1481 4970 1693 5028 brevius,
1736 4971 1848 5018 dicit
1882 4969 2047 5018 Ilomil.
2081 4971 2139 5021 30

581 5039 628 5083 in
651 5029 845 5093 Cenes"
867 5029 996 5082 't‘om.
1024 5032 1102 5090 1V,
1132 5031 1221 5093 col.
1248 5029 1352 5093 279.

654 5095 724 5154 (b)
760 5095 812 5142 lu
834 5088 1064 5149 'Hebraeo,
1092 5088 1147 5138 in
1170 5091 1398 5154 Vulgata,
1441 5095 1488 5135 et
1529 5088 1575 5135 in
1608 5089 1818 5136 Editione
1842 5097 1945 5136 LXX
1969 5089 2138 5138 dicitur

590 5150 741 5201 'rhare
766 5166 929 5202 secum
951 5153 1262 5211 assumpsisse
1281 5150 1461 5211 'Abratn
1486 5154 1737 5211 et.l_.otum,
1766 5156 2034 5211 nouantem
2058 5157 2140 5197 Na-

581 5214 790 5279 ehorem.
805 5214 890 5261 Sed
907 5213 1008 5276 haec
1022 5206 1163 5279 lectio
1179 5212 1227 5259 in
1251 5208 1511 5279 exemplari
1527 5206 1976 5279 Chrysostomi‘li'aud
1991 5210 2139 5279 dqbie

583 5274 862 5327 habebatur,
887 5279 941 5318 ut
960 5268 1122 5317 videas
1145 5270 1309 5318 Homil.
1327 5268 1452 5317 31in
1482 5275 1672 5324 Cenes,
1691 5276 1816 5328 't'om.
1832 5268 1911 5324 ιν,
1932 5268 2137 5328 εοΙ.282,

581 5348 639 5383 ut
656 5346 762 5400 ῑλαεε
778 5344 976 5400 aestaset.
994 5329 1148 5400 A6001...
1168 5342 1227 5399 ad
1247 5343 1308 5377 τὸν
1332 5343 1454 5400 nulla?
1467 5363 1480 5384 ,
1494 5335 1564 5400 ρει
1594 5327 1770 5400 accepit
1803 5328 1951 5400 Tltara
1974 5327 2140 5377 Abram

581 5402 626 5443 et
651 5386 981 5449 Α’(ιειιονζεια,
1010 5390 1316 5449 quodipsum
1347 5386 1419 5435 bis
1440 5386 1560 5434 infra
1582 5386 1832 5449 repetitur.
1856 5389 1968 5436 Hinc
2000 5401 2139 5447 porro

581 5446 1269 5515 Chrysostomoasseijividetur
1291 5448 1391 5515 haec
1400 5449 1630 5515 Synopsis.
1645 5446 1804 5494 Multas
1818 5455 1974 5515 autem
1995 5446 2139 5515 tuisse

579 5515 626 5562 in
663 5507 1012 5572 exemplaribus
1042 5514 1145 5554 LXX
1172 5507 1437 5572 varietates
1458 5509 1766 5572 Hieronymus
1794 5516 1841 5556 et
1863 5509 1938 5572 alii
1970 5510 2138 5572 passim

579 5557 821 5621 limina:
843 5557 998 5621 Codex
1016 5580 1208 5630 quoque
1224 5557 1802 5630 Lugdunensistfachorein
1816 5570 1957 5630 etiam
1971 5557 2136 5617 habet.

635 5634 707 5693 (ε)
742 5632 866 5693 Vide
882 5624 1048 5677 HomilI
1071 5624 1143 5693 55‘
1160 5628 1207 5693 in
1229 5624 1509 5693 Geb_.,_'t‘om.
1533 5624 1856 5693 lV,neol_._528.

639 5683 714 5752 (α’)
750 5692 992 5739 Sectiuaes
1011 5686 1295 5735 animalium.
1319 5683 1440 5732 Vide
1459 5690 1570 5731 Gen.
1603 5685 1673 5742 15,
1701 5687 1755 5732 l0

1279 385 1334 440 S.
1373 384 1646 441 JOANNIS
1669 382 2137 442 CllRYSOSTOMl
2175 383 2486 444 ARCHIEP.
2518 387 3045 450 CONSTANTINOP.

3713 417 3836 471 320

2247 510 2368 550 nam
2408 511 2557 552 suam
2598 499 2806 566 redire;
2863 504 3371 578 promissionemque
3406 512 3596 581 accipit
3632 529 3824 571 semen

2245 585 2410 654 ipsius
2465 589 2914 658 multiplicandmu
2969 608 3088 648 esse
3139 613 3154 649 :
3204 612 3472 670 pueroque
3526 612 3815 673 antequam

2244 687 2557 732 nasceretur
2607 693 2796 733 nomen
2846 681 3066 750 imponit
3113 687 3373 754 angelus,
3404 690 3589 744 lsmael
3641 694 3824 761 ipsum

2243 765 2533 832 appellans.
2565 767 2776 836 Peperit
2803 777 2943 837 Agar
2969 770 3242 827 lsmaelem
3261 815 3276 840 ,
3305 786 3358 830 ct
3386 777 3654 832 Abraham
3690 795 3822 835 cum

2243 855 2527 922 nonaginta
2578 870 2770 910 novem
2821 873 3080 914 annorum
3118 871 3293 923 esset.
3344 879 3535 920 nomen
3576 871 3816 923 mutavit.

2243 939 2357 993 Non
2389 942 2527 996 enim
2561 945 2697 998 ultra
2738 945 2955 1014 Abram,
2997 949 3089 1003 sed
3129 950 3394 1006 Abraham
3448 966 3664 1011 vocatus
3704 967 3814 1012 est.

2243 1029 2492 1101 Prmeipit
2520 1034 2588 1086 illi
2632 1035 2768 1090 Deus
2795 1047 2851 1090 ut
2878 1039 3283 1096 circumcldatur
3325 1057 3441 1096 cum
3475 1054 3580 1099 tota
3609 1046 3772 1100 domo
3801 1066 3818 1100 :

2243 1136 2537 1193 nomenque
2574 1125 2715 1180 Sara:
2741 1138 2990 1194 mutatur,
3016 1141 3335 1201 vocaturque
3371 1130 3465 1187 illa
3496 1133 3644 1190 Sara.
3696 1139 3802 1191 Ac-

2243 1223 2370 1291 cipit
2411 1223 2672 1277 Abraham
2717 1225 3115 1293 promissionem
3161 1229 3299 1281 circa
3343 1227 3595 1283 Isaacum.
3630 1233 3821 1300 Appa-

2242 1319 2322 1365 ret
2359 1312 2657 1365 Abrahamo
2696 1313 2858 1368 Filius
2906 1316 2994 1370 Dei
3038 1315 3111 1386 (a)
3148 1333 3265 1371 cum
3310 1318 3512 1373 duobus
3564 1322 3771 1391 angelis
3797 1364 3815 1385 ,

2242 1409 2296 1456 et
2336 1401 2407 1454 ait
2449 1401 2520 1455 illi
2555 1420 2568 1457 :
2599 1404 2835 1458 Revertar
2871 1407 2937 1458 ad
2974 1415 3021 1460 te
3056 1417 3272 1476 tempore
3308 1409 3402 1462 isto
3440 1413 3506 1463 ad
3542 1411 3693 1466 horas
3721 1427 3741 1465 :
3767 1424 3820 1465 et

2244 1489 2436 1542 habebit
2461 1492 2622 1558 ﬁlium
2654 1493 2814 1547 Sarra
2841 1510 2966 1547 uxor
2990 1505 3074 1548 tua
3097 1495 3115 1568 (
3139 1495 3356 1552 GenJS.
3393 1496 3518 1568 10).
3540 1500 3818 1555 Abraham

2245 1579 2486 1632 obsecrat
2513 1581 2672 1634 Deum
2715 1597 2809 1650 pro
2848 1583 3115 1639 Sodomis.
3158 1585 3271 1638 Duo
3294 1587 3463 1655 angeli
3506 1589 3720 1642 veniunt
3745 1590 3818 1643 ad

2245 1666 2362 1720 Lot.
2405 1666 2664 1724 instantes
2705 1669 2992 1724 Sodomita:
3036 1674 3343 1741 perquirunt
3378 1689 3487 1739 eos,
3530 1686 3582 1730 et
3619 1692 3819 1745 percu-

2245 1756 2442 1808 tiuntur
2471 1758 2722 1812 eazeitate.
2755 1759 2992 1814 Abducto
3041 1771 3215 1815 autem
3263 1762 3394 1816 Loto
3441 1765 3608 1834 angeli
3653 1780 3816 1834 egre-

2246 1843 2458 1898 diuntur
2503 1845 2661 1899 domo
2690 1864 2702 1900 :
2735 1856 2787 1900 et
2815 1848 2925 1916 ipse
2956 1850 3167 1917 quidem
3214 1866 3332 1905 cum
3384 1852 3588 1908 filiabus
3632 1857 3821 1910 salvus

2245 1935 2474 2006 confugit
2496 1937 2545 1990 in
2571 1937 2735 2005 Segor
2759 1956 2772 1992 :
2802 1954 2932 1991 uxor
2957 1950 3129 1994 autem
3159 1943 3271 2009 ejus
3297 1941 3430 1996 facta
3459 1953 3539 1996 cst
3563 1946 3811 1999 columna

2247 2023 2386 2089 salis,
2416 2026 2533 2093 quia
2561 2035 2701 2078 retro
2731 2028 2976 2094 respexit.
3005 2027 3073 2082 Ut
3099 2044 3221 2083 vero
3245 2030 3625 2085 Sodomitarum
3662 2037 3817 2104 regio

2247 2113 2456 2166 incensa
2486 2123 2596 2177 est.
2627 2124 2679 2168 et
2707 2115 2802 2168 Lot
2829 2118 2879 2168 in
2908 2128 3136 2170 montem
3169 2135 3225 2173 se
3265 2122 3516 2186 contulit,
3547 2138 3818 2191 concepe-

2248 2212 2370 2256 runt
2400 2219 2462 2257 ex
2495 2205 2585 2259 illo
2629 2206 2747 2258 dna:
2775 2207 2890 2259 tilia:
2917 2208 3032 2275 ejus
3059 2249 3072 2272 ,
3105 2217 3155 2262 et
3185 2211 3350 2278 major
3391 2214 3588 2281 peperit
3621 2214 3812 2280 Moab,

2243 2290 2420 2359 junior
2444 2306 2571 2346 vero
2611 2295 2834 2346 Ammon
2889 2312 2900 2346 :
2947 2296 3141 2348 coitum
3185 2313 3310 2352 vero
3353 2314 3472 2352 eum
3512 2309 3655 2369 patre
3703 2317 3806 2370 per

2250 2381 2516 2436 ebrietatis
2542 2382 2776 2437 fraudem
2805 2395 3141 2454 consequuta:
3170 2397 3310 2450 sunt,
3359 2391 3608 2457 putabant
3661 2393 3808 2446 enim

2249 2486 2414 2539 genus
2462 2472 2746 2528 humanum
2773 2474 3047 2529 defecisse.
3072 2476 3434 2547 Peregrinatns
3459 2491 3538 2534 est
3567 2483 3615 2534 in
3645 2482 3813 2536 Cera-

2250 2561 2324 2613 ris
2353 2561 2638 2627 Abraham,
2671 2573 2722 2616 et
2752 2563 3052 2618 Abimelech
3097 2581 3188 2620 rex
3238 2566 3553 2622 Gerarorum
3618 2567 3808 2623 Saram

2247 2652 2483 2719 accepit:
2523 2654 2630 2706 Deo
2652 2663 2823 2707 autem
2857 2655 3026 2708 minas
3064 2656 3114 2709 in
3146 2657 3314 2725 ipsum
3345 2659 3654 2720 intentante,
3686 2675 3811 2714 sese

2246 2741 2502 2810 purgabat
2531 2742 2617 2795 ille
2641 2741 2838 2806 dicens,
2869 2754 3080 2811 putasse
3111 2746 3381 2800 mulierem
3405 2747 3540 2800 illam
3567 2761 3811 2802 sort-rem

2247 2830 2359 2897 ejus
2387 2845 2503 2884 esse
2531 2849 2544 2882 :
2576 2832 2651 2884 sic
2671 2833 2808 2884 enim
2833 2833 2943 2900 ipsa
2963 2833 3182 2887 dixerat.
3215 2833 3460 2888 Reddidit
3493 2849 3616 2888 vero
3661 2835 3810 2888 illam

2247 2915 2471 2969 Abrahcc
2497 2932 2614 2970 cum
2647 2918 2817 2973 donis.
2846 2920 2992 2974 Tune
3038 2931 3313 2990 postquam
3365 2923 3564 2976 reddita
3614 2925 3809 2988 fuerat,

2247 3005 2446 3073 peperit
2469 3004 2714 3059 Isaacum.
2746 3007 2899 3075 Ejicit
2922 3018 3092 3060 autem
3115 3008 3270 3063 domo
3289 3011 3530 3064 ancillam
3557 3026 3676 3064 eum
3701 3014 3812 3064 tilio

2247 3094 2360 3156 ejus
2391 3092 2628 3148 lsmacle.
2659 3094 2961 3149 Abimclech
2980 3110 3137 3165 porro
3155 3097 3479 3166 pepigitcum
3507 3099 3814 3154 Abrahamo

2249 3178 2439 3246 foedus,
2472 3193 2528 3234 ut
2558 3183 2687 3234 nihil
2707 3183 2911 3251 injuriae
2941 3185 3077 3238 inter
3105 3200 3196 3238 eos
3221 3185 3614 3240 intercederet:
3642 3198 3699 3242 et
3720 3202 3814 3242 ac-

2248 3272 2374 3340 cipit
2401 3272 2487 3326 ille
2516 3281 2716 3341 septem
2743 3288 2902 3342 agnas
2933 3275 2998 3328 ab
3025 3275 3340 3342 Abrahamo,
3371 3276 3423 3330 in
3451 3277 3812 3331 testimonium

2248 3365 2388 3432 putei
2412 3364 2712 3432 juramenti,
2747 3376 2801 3417 ut
2833 3366 3000 3432 palam
3039 3374 3181 3420 esset
3221 3366 3364 3419 illum
3393 3367 3616 3421 Abrahae
3663 3381 3810 3422 esse.

2247 3453 2466 3507 Jubetur
2493 3454 2756 3508 Abraham
2800 3455 2962 3508 ﬁlium
2985 3456 3176 3510 offerre
3224 3457 3277 3510 in
3326 3456 3710 3521 holocaustum,
3755 3471 3814 3515 et

2248 3543 2419 3608 oﬁ‘crt,
2454 3543 2855 3615 immolaturque
2893 3545 3030 3600 aries
3056 3561 3149 3614 pro
3173 3561 3257 3601 eo.
3300 3546 3424 3601 Haec
3461 3561 3614 3614 porro
3642 3548 3812 3617 ﬁgura

2248 3642 2395 3687 erant
2419 3634 2728 3688 oeconomire
2752 3650 2906 3703 quam
2947 3650 3044 3704 pro
3066 3636 3218 3690 nobis
3271 3636 3669 3705 dispensatnrus
3691 3649 3812 3694 erat

2248 3721 2508 3776 Christus.
2536 3722 2752 3776 Moritur
2782 3723 2911 3778 Sara
2938 3765 2953 3790 ,
2983 3732 3036 3777 et
3061 3734 3236 3792 empto
3281 3724 3396 3779 loco
3431 3725 3694 3780 Abraham
3739 3730 3811 3783 ab

2248 3811 2496 3881 Ephrone
2521 3812 2776 3877 Chettazo,
2801 3811 2901 3864 illic
2928 3827 3144 3866 uxorem
3179 3813 3388 3880 sepelit,
3407 3813 3663 3883 mittitque
3688 3830 3812 3869 ser-

2247 3915 2388 3964 vum,
2423 3910 2480 3954 ut
2505 3915 2720 3954 uxorem
2741 3899 2895 3953 ducat
2917 3900 3094 3955 lsaaco
3114 3916 3176 3956 ex
3203 3901 3598 3972 Mesopotamia,
3627 3905 3809 3970 prmei-

2248 3989 2395 4057 piens
2421 4003 2484 4043 ne
2506 3988 2664 4042 tilium
2693 4002 2845 4042 suum
2867 3987 2954 4041 illo
2975 3988 3151 4055 ducat,
3180 3990 3224 4043 si
3252 3990 3478 4044 noluerit
3500 3990 3689 4043 mulier
3711 4006 3808 4045 ve-

2246 4079 2378 4131 nire.
2413 4077 2477 4133 Ut
2504 4086 2676 4132 autem
2705 4077 2847 4129 venit
2865 4091 3050 4131 servus
3077 4078 3127 4130 in
3159 4078 3340 4132 urbem
3357 4077 3632 4141 Nachoris,
3659 4087 3712 4131 et
3731 4080 3808 4131 si-

2243 4184 2399 4238 gnum
2417 4169 2580 4236 petiit,
2596 4182 2698 4236 quo
2709 4167 2960 4236 virginem
2978 4169 3245 4235 agniturus
3257 4175 3369 4220 erat
3384 4182 3397 4218 :
3412 4167 3612 4235 signum
3625 4176 3807 4225 autem

2245 4256 2369 4309 illud
2397 4265 2527 4319 erat,
2558 4257 2601 4308 si
2634 4257 2893 4323 prmberet
2911 4256 2995 4307 illa
3029 4255 3127 4308 sibi
3162 4265 3214 4306 et
3241 4254 3456 4307 camelis
3479 4256 3588 4308 suis
3613 4270 3807 4324 aquam

2242 4343 2306 4395 ad
2330 4343 2612 4396 bibendum
2639 4359 2652 4393 :
2678 4343 2785 4395 exit
2805 4341 3041 4394 Rebecca
3064 4341 3168 4394 ﬁlia
3198 4342 3463 4396 Bathuelis
3481 4342 3567 4396 ﬁlii
3594 4343 3808 4398 Nacho-

2242 4433 2316 4484 ris
2349 4447 2360 4481 :
2390 4430 2597 4484 Nachor
2624 4443 2747 4483 vero
2785 4429 2948 4482 frater
2984 4437 3097 4482 erat
3138 4429 3379 4484 Abrahte.
3419 4430 3549 4485 Cum
3571 4432 3808 4490 dedisset

2241 4530 2415 4573 autem
2442 4520 2550 4587 ipsa
2582 4520 2653 4572 illi
2681 4530 2733 4572 et
2752 4520 2966 4572 camelis
2982 4520 3089 4571 suis
3112 4528 3383 4587 potum,et
3411 4521 3627 4576 dixisset
3653 4524 3810 4590 cujus

2243 4618 2382 4662 esset
2409 4609 2532 4673 ﬁlia,
2567 4609 2849 4662 introducit
2888 4609 3057 4661 virum
3087 4618 3139 4662 et
3183 4610 3407 4679 hospitio
3447 4612 3652 4680 accipit.
3701 4612 3805 4667 Ubi

2242 4699 2372 4752 dixit
2413 4700 2501 4752 ille
2526 4700 2671 4767 cujus
2699 4701 2772 4752 rei
2822 4714 2975 4753 causa
3007 4700 3252 4764 venisset,
3283 4710 3336 4754 et
3363 4702 3595 4767 petiisset
3623 4712 3678 4757 ut
3701 4705 3804 4757 sibi

2244 4791 2538 4844 traderetur
2575 4790 2768 4859 puella,
2810 4791 2859 4842 id
2893 4788 3110 4857 virginis
3138 4790 3352 4844 arbitrio
3394 4805 3633 4859 parentes
3674 4793 3804 4846 reli-

2241 4886 2481 4945 querunt.
2526 4879 2666 4930 Illam
2711 4887 3027 4931 annuentem
3067 4893 3340 4934 assumens
3367 4895 3546 4935 servus
3588 4882 3803 4936 absces-

2241 4967 2308 5019 sit
2366 4985 2378 5019 :
2431 4966 2627 5032 fuitque
2668 4966 2753 5018 illa
2797 4981 2928 5019 uxor
2971 4966 3152 5020 lsaaci.
3186 4969 3314 5023 Sara
3348 4969 3611 5030 defuncta,
3654 4969 3802 5024 ducit

2241 5054 2501 5107 Abraham
2550 5068 2770 5107 uxorem
2799 5055 3127 5118 Chetturam,
3163 5067 3215 5111 et
3259 5058 3408 5121 filios,
3445 5073 3574 5126 quos
3616 5073 3678 5110 ex
3707 5059 3797 5113 illa

2241 5152 2563 5209 susceperat,
2592 5145 2854 5210 separavit
2892 5145 2958 5198 ab
2986 5146 3182 5211 lsaaeo,
3213 5148 3512 5200 muneribus
3539 5146 3756 5202 affectos
3781 5167 3796 5202 :

2242 5249 2395 5302 opum
2422 5248 2546 5285 vero
2591 5247 2802 5286 suarum
2832 5234 3080 5289 heredem
3113 5236 3234 5288 fecit
3282 5236 3536 5298 Isaacum.
3567 5244 3619 5288 et
3650 5252 3800 5290 mor-

2242 5333 2358 5376 tuus
2387 5332 2484 5376 est.
2511 5322 2604 5374 llic
2631 5334 2975 5376 recensentur
3017 5339 3223 5376 nomina
3273 5324 3494 5376 ﬁliorum
3518 5323 3753 5380 lsmaelis
3779 5368 3795 5391 ,

2241 5414 2324 5480 qui
2347 5412 2593 5464 habitavit
2615 5412 2680 5464 ab
2698 5412 2863 5466 Evilat
2884 5428 3047 5481 usque
3068 5413 3129 5464 ad
3150 5414 3268 5466 Sur.
3283 5410 3412 5464 Cum
3437 5412 3670 5466 Rebecca
3690 5425 3799 5468 ste-

2301 5505 2369 5563 (α)
2402 5503 2543 5564 Filius
2559 5503 2642 5564 Dei
2665 5506 2745 5564 qui
2771 5505 2831 5552 ab
2855 5506 3078 5551 Abraham
3106 5513 3337 5563 exceptus
3358 5512 3447 5562 est,
3467 5508 3688 5553 Dominus
3711 5517 3798 5553 vo-

2239 5572 2369 5612 catur
2387 5562 2548 5610 Ilomil.
2565 5562 2888 5619 42inbenes.,
2911 5572 3036 5610 ’I‘om.
3062 5565 3140 5621 IV,
3167 5565 3256 5612 cel.
3282 5565 3386 5613 587.
3418 5573 3482 5614 ne
3507 5564 3690 5612 ﬁliabus
3715 5572 3726 5612 l
3747 5575 3796 5617 ot

2241 5622 2356 5670 infra
2384 5624 2542 5713 pap‘cis
2569 5623 2778 5713 (ξὶίῖίῐιςέἓἲ
2793 5639 2913 5713 1qtae
2934 5623 3146 5685 pluribus
3179 5634 3394 5674 enarrata
3419 5636 3530 5676 suut
3553 5625 3715 5674 Ilomil.
3747 5627 3796 5675 tu

2249 5693 2398 5713 l‘nnnc
2529 5695 2584 5713 ιη.
2654 5686 2664 5713 ’.

2249 5681 2416 5731 Cenes.
2433 5682 2507 5740 Η,
2529 5681 2615 5728 Col.
2649 5681 2859 5732 neua.
