  <div class='ocr_page' id='page_1' title='image "/cluster/home/n/w/nwhite01/storage/ocr_20150623/56/ien.35556001660836/318.png"; bbox 0 0 3990 6450; ppageno 0'>
   <div class='ocr_carea' id='block_1_1' title="bbox 167 341 274 396">
    <p class='ocr_par' dir='ltr' id='par_1_1' title="bbox 167 341 274 396">
     <span class='ocr_line' id='line_1_1' title="bbox 167 341 274 396; baseline -0.019 0"><span class='ocrx_word' id='word_1_1' title='bbox 167 341 274 396; x_wconf 89' lang='grc'>319</span> 
     </span>
    </p>
   </div>
   <div class='ocr_carea' id='block_1_2' title="bbox 157 542 1709 613">
    <p class='ocr_par' dir='ltr' id='par_1_2' title="bbox 157 542 1709 613">
     <span class='ocr_line' id='line_1_2' title="bbox 157 542 1709 613; baseline -0.003 -18"><span class='ocrx_word' id='word_1_2' title='bbox 157 545 249 613; x_wconf 82' lang='grc' dir='ltr'>τὴν</span> <span class='ocrx_word' id='word_1_3' title='bbox 304 544 621 597; x_wconf 72' lang='grc' dir='ltr'>Χαναναίων</span> <span class='ocrx_word' id='word_1_4' title='bbox 682 543 873 605; x_wconf 79' lang='grc' dir='ltr'>ἐλθεῖν,</span> <span class='ocrx_word' id='word_1_5' title='bbox 914 545 1004 595; x_wconf 74' lang='grc' dir='ltr'>καὶ</span> <span class='ocrx_word' id='word_1_6' title='bbox 1053 545 1405 605; x_wconf 82' lang='grc' dir='ltr'>ἀποθανόντος</span> <span class='ocrx_word' id='word_1_7' title='bbox 1449 542 1609 595; x_wconf 80' lang='grc' dir='ltr'>αὑτοῦ</span> <span class='ocrx_word' id='word_1_8' title='bbox 1654 543 1709 592; x_wconf 88' lang='grc' dir='ltr'>ἐν</span> 
     </span>
    </p>
   </div>
   <div class='ocr_carea' id='block_1_3' title="bbox 159 630 1709 701">
    <p class='ocr_par' dir='ltr' id='par_1_3' title="bbox 159 630 1709 701">
     <span class='ocr_line' id='line_1_3' title="bbox 159 630 1709 701; baseline -0.003 -18"><span class='ocrx_word' id='word_1_9' title='bbox 159 632 369 701; x_wconf 77' lang='grc' dir='ltr'>Χαρρᾷ,</span> <span class='ocrx_word' id='word_1_10' title='bbox 405 630 791 699; x_wconf 84' lang='grc' dir='ltr'>προστάττεται</span> <span class='ocrx_word' id='word_1_11' title='bbox 824 631 924 682; x_wconf 73' lang='lat'><em>6:06</em></span> <span class='ocrx_word' id='word_1_12' title='bbox 958 630 1048 681; x_wconf 92' lang='grc' dir='ltr'>τοῦ</span> <span class='ocrx_word' id='word_1_13' title='bbox 1088 631 1218 682; x_wconf 93' lang='grc' dir='ltr'>Θεοῦ</span> <span class='ocrx_word' id='word_1_14' title='bbox 1260 632 1503 700; x_wconf 78' lang='grc' dir='ltr'>Ἀϐραάμ</span> <span class='ocrx_word' id='word_1_15' title='bbox 1538 645 1709 696; x_wconf 86' lang='grc' dir='ltr'>μετοι-</span> 
     </span>
    </p>
   </div>
   <div class='ocr_carea' id='block_1_4' title="bbox 160 714 1707 788">
    <p class='ocr_par' dir='ltr' id='par_1_4' title="bbox 160 714 1707 788">
     <span class='ocr_line' id='line_1_4' title="bbox 160 714 1707 788; baseline -0.003 -17"><span class='ocrx_word' id='word_1_16' title='bbox 160 720 316 787; x_wconf 86' lang='grc' dir='ltr'>κῆσαι</span> <span class='ocrx_word' id='word_1_17' title='bbox 342 719 450 771; x_wconf 81' lang='grc' dir='ltr'>ἀπὸ</span> <span class='ocrx_word' id='word_1_18' title='bbox 480 720 719 788; x_wconf 75' lang='grc' dir='ltr'>Χαρράν,</span> <span class='ocrx_word' id='word_1_19' title='bbox 753 719 844 770; x_wconf 76' lang='grc' dir='ltr'>καὶ</span> <span class='ocrx_word' id='word_1_20' title='bbox 868 714 1025 788; x_wconf 78' lang='grc' dir='ltr'>ἦλθεν</span> <span class='ocrx_word' id='word_1_21' title='bbox 1055 721 1131 781; x_wconf 82' lang='grc' dir='ltr'>είς</span> <span class='ocrx_word' id='word_1_22' title='bbox 1165 719 1341 787; x_wconf 83' lang='grc' dir='ltr'>Συχὲμ</span> <span class='ocrx_word' id='word_1_23' title='bbox 1363 720 1457 786; x_wconf 85' lang='grc' dir='ltr'>τῆς</span> <span class='ocrx_word' id='word_1_24' title='bbox 1473 719 1571 785; x_wconf 83' lang='grc' dir='ltr'>γῆς</span> <span class='ocrx_word' id='word_1_25' title='bbox 1600 718 1707 767; x_wconf 87' lang='grc' dir='ltr'>Χα-</span> 
     </span>
    </p>
   </div>
   <div class='ocr_carea' id='block_1_5' title="bbox 156 803 1704 876">
    <p class='ocr_par' dir='ltr' id='par_1_5' title="bbox 156 803 1704 876">
     <span class='ocr_line' id='line_1_5' title="bbox 156 803 1704 876; baseline -0.002 -18"><span class='ocrx_word' id='word_1_26' title='bbox 156 811 303 861; x_wconf 85' lang='grc' dir='ltr'>ναάν.</span> <span class='ocrx_word' id='word_1_27' title='bbox 346 808 457 860; x_wconf 77' lang='lat' dir='ltr'>Kal</span> <span class='ocrx_word' id='word_1_28' title='bbox 478 803 626 859; x_wconf 71' lang='grc' dir='ltr'>εἶπεν</span> <span class='ocrx_word' id='word_1_29' title='bbox 677 806 822 875; x_wconf 76' lang='grc' dir='ltr'>αὐτῷ</span> <span class='ocrx_word' id='word_1_30' title='bbox 850 809 877 859; x_wconf 99' lang='lat'>6</span> <span class='ocrx_word' id='word_1_31' title='bbox 919 807 1063 871; x_wconf 85' lang='grc' dir='ltr'>Θεὸς,</span> <span class='ocrx_word' id='word_1_32' title='bbox 1117 806 1193 876; x_wconf 82' lang='grc' dir='ltr'>τῷ</span> <span class='ocrx_word' id='word_1_33' title='bbox 1234 808 1500 875; x_wconf 82' lang='grc' dir='ltr'>σπέρματι</span> <span class='ocrx_word' id='word_1_34' title='bbox 1544 803 1704 857; x_wconf 83' lang='grc' dir='ltr'>αὑτοῦ</span> 
     </span>
    </p>
   </div>
   <div class='ocr_carea' id='block_1_6' title="bbox 149 893 1699 965">
    <p class='ocr_par' dir='ltr' id='par_1_6' title="bbox 149 893 1699 965">
     <span class='ocr_line' id='line_1_6' title="bbox 149 893 1699 965; baseline -0.003 -18"><span class='ocrx_word' id='word_1_35' title='bbox 149 896 341 947; x_wconf 76' lang='grc' dir='ltr'>δώσειν</span> <span class='ocrx_word' id='word_1_36' title='bbox 362 896 458 963; x_wconf 82' lang='grc' dir='ltr'>τὴν</span> <span class='ocrx_word' id='word_1_37' title='bbox 485 896 605 965; x_wconf 80' lang='grc' dir='ltr'>γῆν.</span> <span class='ocrx_word' id='word_1_38' title='bbox 629 896 735 947; x_wconf 79' lang='grc' dir='ltr'>Καὶ</span> <span class='ocrx_word' id='word_1_39' title='bbox 756 896 1093 965; x_wconf 80' lang='grc' dir='ltr'>ᾠκοδόμησεν</span> <span class='ocrx_word' id='word_1_40' title='bbox 1138 895 1381 961; x_wconf 84' lang='grc' dir='ltr'>Ἀϐραάμ</span> <span class='ocrx_word' id='word_1_41' title='bbox 1419 893 1699 960; x_wconf 85' lang='grc' dir='ltr'>θυσιαστή-</span> 
     </span>
    </p>
   </div>
   <div class='ocr_carea' id='block_1_7' title="bbox 158 982 1704 1055">
    <p class='ocr_par' dir='ltr' id='par_1_7' title="bbox 158 982 1704 1055">
     <span class='ocr_line' id='line_1_7' title="bbox 158 982 1704 1055; baseline -0.003 -18"><span class='ocrx_word' id='word_1_42' title='bbox 158 1003 263 1055; x_wconf 88' lang='grc' dir='ltr'>ριον</span> <span class='ocrx_word' id='word_1_43' title='bbox 285 985 367 1054; x_wconf 88' lang='grc' dir='ltr'>τῷ</span> <span class='ocrx_word' id='word_1_44' title='bbox 395 985 512 1053; x_wconf 89' lang='grc' dir='ltr'>Θεῷ</span> <span class='ocrx_word' id='word_1_45' title='bbox 533 1023 548 1047; x_wconf 96' lang='grc'>,</span> <span class='ocrx_word' id='word_1_46' title='bbox 577 986 673 1037; x_wconf 78' lang='grc' dir='ltr'>καὶ</span> <span class='ocrx_word' id='word_1_47' title='bbox 705 983 864 1053; x_wconf 76' lang='grc' dir='ltr'>ἔπηξε</span> <span class='ocrx_word' id='word_1_48' title='bbox 889 986 985 1055; x_wconf 78' lang='grc' dir='ltr'>τὴν</span> <span class='ocrx_word' id='word_1_49' title='bbox 1016 986 1213 1053; x_wconf 77' lang='grc' dir='ltr'>σκηνήν</span> <span class='ocrx_word' id='word_1_50' title='bbox 1244 983 1402 1035; x_wconf 83' lang='grc' dir='ltr'>αὑτοῦ</span> <span class='ocrx_word' id='word_1_51' title='bbox 1428 984 1566 1035; x_wconf 81' lang='grc' dir='ltr'>κατὰ</span> <span class='ocrx_word' id='word_1_52' title='bbox 1612 982 1704 1033; x_wconf 88' lang='grc' dir='ltr'>θά-</span> 
     </span>
    </p>
   </div>
   <div class='ocr_carea' id='block_1_8' title="bbox 154 1074 1703 1146">
    <p class='ocr_par' dir='ltr' id='par_1_8' title="bbox 154 1074 1703 1146">
     <span class='ocr_line' id='line_1_8' title="bbox 154 1074 1703 1146; baseline -0.003 -19"><span class='ocrx_word' id='word_1_53' title='bbox 154 1076 376 1130; x_wconf 85' lang='grc' dir='ltr'>λασσαν.</span> <span class='ocrx_word' id='word_1_54' title='bbox 414 1076 705 1146; x_wconf 79' lang='grc' dir='ltr'>Γενομένου</span> <span class='ocrx_word' id='word_1_55' title='bbox 737 1076 792 1127; x_wconf 69' lang='grc' dir='ltr'>δὲ</span> <span class='ocrx_word' id='word_1_56' title='bbox 820 1076 996 1144; x_wconf 88' lang='grc' dir='ltr'>λιμοῦ,</span> <span class='ocrx_word' id='word_1_57' title='bbox 1022 1074 1290 1128; x_wconf 87' lang='grc' dir='ltr'>κατελθὼν</span> <span class='ocrx_word' id='word_1_58' title='bbox 1332 1076 1407 1136; x_wconf 87' lang='grc' dir='ltr'>είς</span> <span class='ocrx_word' id='word_1_59' title='bbox 1438 1074 1703 1139; x_wconf 81' lang='grc' dir='ltr'>Αἴγυπτον</span> 
     </span>
    </p>
   </div>
   <div class='ocr_carea' id='block_1_9' title="bbox 150 1162 1704 1234">
    <p class='ocr_par' dir='ltr' id='par_1_9' title="bbox 150 1162 1704 1234">
     <span class='ocr_line' id='line_1_9' title="bbox 150 1162 1704 1234; baseline -0.003 -18"><span class='ocrx_word' id='word_1_60' title='bbox 150 1164 597 1234; x_wconf 79' lang='grc' dir='ltr'>παραγγέλλειτῇ</span> <span class='ocrx_word' id='word_1_61' title='bbox 628 1167 839 1233; x_wconf 74' lang='grc' dir='ltr'>γυναικὶ</span> <span class='ocrx_word' id='word_1_62' title='bbox 866 1164 1024 1217; x_wconf 75' lang='grc' dir='ltr'>αὑτοῦ</span> <span class='ocrx_word' id='word_1_63' title='bbox 1061 1166 1251 1224; x_wconf 78' lang='grc' dir='ltr'>εἰπεῖν,</span> <span class='ocrx_word' id='word_1_64' title='bbox 1282 1165 1361 1215; x_wconf 83' lang='grc' dir='ltr'>δτι</span> <span class='ocrx_word' id='word_1_65' title='bbox 1395 1162 1592 1231; x_wconf 82' lang='grc' dir='ltr'>ἀδελφή</span> <span class='ocrx_word' id='word_1_66' title='bbox 1615 1163 1704 1212; x_wconf 80' lang='grc' dir='ltr'>αύ-</span> 
     </span>
    </p>
   </div>
   <div class='ocr_carea' id='block_1_10' title="bbox 146 1251 1701 1323">
    <p class='ocr_par' dir='ltr' id='par_1_10' title="bbox 146 1251 1701 1323">
     <span class='ocr_line' id='line_1_10' title="bbox 146 1251 1701 1323; baseline -0.004 -17"><span class='ocrx_word' id='word_1_67' title='bbox 146 1254 237 1306; x_wconf 78' lang='grc' dir='ltr'>ιτοῦ</span> <span class='ocrx_word' id='word_1_68' title='bbox 262 1255 375 1322; x_wconf 92' lang='grc' dir='ltr'>εῖη.</span> <span class='ocrx_word' id='word_1_69' title='bbox 408 1256 515 1307; x_wconf 76' lang='grc' dir='ltr'>Καὶ</span> <span class='ocrx_word' id='word_1_70' title='bbox 542 1254 716 1307; x_wconf 89' lang='grc' dir='ltr'>λαϐὼν</span> <span class='ocrx_word' id='word_1_71' title='bbox 750 1255 912 1323; x_wconf 82' lang='grc' dir='ltr'>αὐτὴν</span> <span class='ocrx_word' id='word_1_72' title='bbox 944 1252 1158 1323; x_wconf 80' lang='grc' dir='ltr'>Φαραὼ,</span> <span class='ocrx_word' id='word_1_73' title='bbox 1195 1254 1284 1305; x_wconf 72' lang='grc' dir='ltr'>καὶ</span> <span class='ocrx_word' id='word_1_74' title='bbox 1329 1252 1565 1312; x_wconf 78' lang='grc' dir='ltr'>ἐτασθεὶς</span> <span class='ocrx_word' id='word_1_75' title='bbox 1600 1251 1701 1301; x_wconf 78' lang='lat'><em>61:6</em></span> 
     </span>
    </p>
   </div>
   <div class='ocr_carea' id='block_1_11' title="bbox 149 1340 1702 1413">
    <p class='ocr_par' dir='ltr' id='par_1_11' title="bbox 149 1340 1702 1413">
     <span class='ocr_line' id='line_1_11' title="bbox 149 1340 1702 1413; baseline -0.002 -18"><span class='ocrx_word' id='word_1_76' title='bbox 149 1344 235 1395; x_wconf 87' lang='grc' dir='ltr'>τοῦ</span> <span class='ocrx_word' id='word_1_77' title='bbox 263 1343 425 1402; x_wconf 87' lang='grc' dir='ltr'>Θεοῦ,</span> <span class='ocrx_word' id='word_1_78' title='bbox 457 1340 636 1396; x_wconf 87' lang='grc' dir='ltr'>δίδωσι</span> <span class='ocrx_word' id='word_1_79' title='bbox 656 1344 731 1413; x_wconf 86' lang='grc' dir='ltr'>τῷ</span> <span class='ocrx_word' id='word_1_80' title='bbox 766 1343 1026 1412; x_wconf 86' lang='grc' dir='ltr'>Ἀϐραάμ.</span> <span class='ocrx_word' id='word_1_81' title='bbox 1051 1343 1437 1412; x_wconf 79' lang='grc' dir='ltr'>Μαχεσθέντων</span> <span class='ocrx_word' id='word_1_82' title='bbox 1457 1343 1560 1393; x_wconf 82' lang='grc' dir='ltr'>τῶν</span> <span class='ocrx_word' id='word_1_83' title='bbox 1586 1358 1702 1392; x_wconf 87' lang='grc' dir='ltr'>ποι-</span> 
     </span>
    </p>
   </div>
   <div class='ocr_carea' id='block_1_12' title="bbox 142 1428 1697 1499">
    <p class='ocr_par' dir='ltr' id='par_1_12' title="bbox 142 1428 1697 1499">
     <span class='ocr_line' id='line_1_12' title="bbox 142 1428 1697 1499; baseline 0 -19"><span class='ocrx_word' id='word_1_84' title='bbox 142 1433 320 1499; x_wconf 73' lang='grc' dir='ltr'>μένων</span> <span class='ocrx_word' id='word_1_85' title='bbox 358 1430 455 1482; x_wconf 84' lang='grc' dir='ltr'>τοῦ</span> <span class='ocrx_word' id='word_1_86' title='bbox 519 1430 763 1499; x_wconf 81' lang='grc' dir='ltr'>Ἀϐραάμ</span> <span class='ocrx_word' id='word_1_87' title='bbox 813 1430 902 1482; x_wconf 78' lang='grc' dir='ltr'>καὶ</span> <span class='ocrx_word' id='word_1_88' title='bbox 959 1429 1050 1481; x_wconf 82' lang='grc' dir='ltr'>τοῦ</span> <span class='ocrx_word' id='word_1_89' title='bbox 1093 1431 1210 1481; x_wconf 85' lang='grc' dir='ltr'>Λὼτ</span> <span class='ocrx_word' id='word_1_90' title='bbox 1262 1429 1393 1498; x_wconf 75' lang='grc' dir='ltr'>πρὸς</span> <span class='ocrx_word' id='word_1_91' title='bbox 1421 1428 1697 1497; x_wconf 79' lang='grc' dir='ltr'>ἀλλήλους,</span> 
     </span>
    </p>
   </div>
   <div class='ocr_carea' id='block_1_13' title="bbox 138 1518 1698 1589">
    <p class='ocr_par' dir='ltr' id='par_1_13' title="bbox 138 1518 1698 1589">
     <span class='ocr_line' id='line_1_13' title="bbox 138 1518 1698 1589; baseline -0.003 -17"><span class='ocrx_word' id='word_1_92' title='bbox 138 1522 399 1572; x_wconf 71' lang='grc' dir='ltr'>διείλοντο</span> <span class='ocrx_word' id='word_1_93' title='bbox 428 1520 525 1581; x_wconf 80' lang='grc' dir='ltr'>τὰς</span> <span class='ocrx_word' id='word_1_94' title='bbox 557 1521 813 1587; x_wconf 72' lang='grc' dir='ltr'>οἰκήσεις.</span> <span class='ocrx_word' id='word_1_95' title='bbox 835 1522 941 1573; x_wconf 79' lang='grc' dir='ltr'>Καὶ</span> <span class='ocrx_word' id='word_1_96' title='bbox 973 1522 999 1571; x_wconf 88' lang='lat'>6</span> <span class='ocrx_word' id='word_1_97' title='bbox 1031 1521 1126 1589; x_wconf 85' lang='grc' dir='ltr'>μὲν</span> <span class='ocrx_word' id='word_1_98' title='bbox 1153 1518 1271 1570; x_wconf 88' lang='grc' dir='ltr'>Λὼτ</span> <span class='ocrx_word' id='word_1_99' title='bbox 1303 1519 1455 1568; x_wconf 76' lang='grc' dir='ltr'>ἔλαϐε</span> <span class='ocrx_word' id='word_1_100' title='bbox 1483 1518 1575 1586; x_wconf 81' lang='grc' dir='ltr'>τήν</span> <span class='ocrx_word' id='word_1_101' title='bbox 1604 1520 1698 1568; x_wconf 87' lang='grc' dir='ltr'>Σο-</span> 
     </span>
    </p>
   </div>
   <div class='ocr_carea' id='block_1_14' title="bbox 142 1604 1693 1677">
    <p class='ocr_par' dir='ltr' id='par_1_14' title="bbox 142 1604 1693 1677">
     <span class='ocr_line' id='line_1_14' title="bbox 142 1604 1693 1677; baseline -0.005 -16"><span class='ocrx_word' id='word_1_102' title='bbox 142 1610 413 1677; x_wconf 65' lang='grc' dir='ltr'>ὼμηνών,</span> <span class='ocrx_word' id='word_1_103' title='bbox 457 1611 489 1660; x_wconf 82' lang='lat'>6</span> <span class='ocrx_word' id='word_1_104' title='bbox 521 1608 577 1660; x_wconf 85' lang='grc' dir='ltr'>δέ</span> <span class='ocrx_word' id='word_1_105' title='bbox 624 1608 869 1677; x_wconf 83' lang='grc' dir='ltr'>Ἀϐραάμ</span> <span class='ocrx_word' id='word_1_106' title='bbox 901 1609 1031 1676; x_wconf 82' lang='grc' dir='ltr'>πρὸς</span> <span class='ocrx_word' id='word_1_107' title='bbox 1056 1611 1120 1674; x_wconf 85' lang='grc' dir='ltr'>τῇ</span> <span class='ocrx_word' id='word_1_108' title='bbox 1163 1604 1279 1674; x_wconf 72' lang='grc' dir='ltr'>δρυῒ</span> <span class='ocrx_word' id='word_1_109' title='bbox 1318 1606 1382 1673; x_wconf 80' lang='grc' dir='ltr'>τῇ</span> <span class='ocrx_word' id='word_1_110' title='bbox 1419 1604 1644 1676; x_wconf 68' lang='grc' dir='ltr'>Μαμϐρὶ</span> <span class='ocrx_word' id='word_1_111' title='bbox 1669 1616 1693 1642; x_wconf 74' lang='grc' dir='ltr'>ι</span> 
     </span>
    </p>
   </div>
   <div class='ocr_carea' id='block_1_15' title="bbox 145 1694 1693 1767">
    <p class='ocr_par' dir='ltr' id='par_1_15' title="bbox 145 1694 1693 1767">
     <span class='ocr_line' id='line_1_15' title="bbox 145 1694 1693 1767; baseline -0.003 -17"><span class='ocrx_word' id='word_1_112' title='bbox 145 1697 489 1767; x_wconf 74' lang='grc' dir='ltr'>κατῴκησεν,</span> <span class='ocrx_word' id='word_1_113' title='bbox 517 1698 841 1765; x_wconf 78' lang='grc' dir='ltr'>ἐπαγγελίας</span> <span class='ocrx_word' id='word_1_114' title='bbox 880 1714 939 1748; x_wconf 85' lang='grc' dir='ltr'>τε</span> <span class='ocrx_word' id='word_1_115' title='bbox 993 1696 1149 1749; x_wconf 75' lang='grc' dir='ltr'>ἔλαϐε</span> <span class='ocrx_word' id='word_1_116' title='bbox 1198 1695 1356 1748; x_wconf 88' lang='grc' dir='ltr'>πάλιν</span> <span class='ocrx_word' id='word_1_117' title='bbox 1420 1694 1565 1761; x_wconf 82' lang='grc' dir='ltr'>παρὰ</span> <span class='ocrx_word' id='word_1_118' title='bbox 1603 1694 1693 1745; x_wconf 85' lang='grc' dir='ltr'>τοῦ</span> 
     </span>
    </p>
   </div>
   <div class='ocr_carea' id='block_1_16' title="bbox 144 1781 1686 1855">
    <p class='ocr_par' dir='ltr' id='par_1_16' title="bbox 144 1781 1686 1855">
     <span class='ocr_line' id='line_1_16' title="bbox 144 1781 1686 1855; baseline -0.005 -15"><span class='ocrx_word' id='word_1_119' title='bbox 144 1788 294 1851; x_wconf 75' lang='grc' dir='ltr'>Θεοῦ,</span> <span class='ocrx_word' id='word_1_120' title='bbox 326 1790 424 1840; x_wconf 79' lang='grc' dir='ltr'>καὶ</span> <span class='ocrx_word' id='word_1_121' title='bbox 453 1789 532 1840; x_wconf 85' lang='grc' dir='ltr'>ὅτι</span> <span class='ocrx_word' id='word_1_122' title='bbox 566 1790 644 1849; x_wconf 81' lang='grc' dir='ltr'>είς</span> <span class='ocrx_word' id='word_1_123' title='bbox 676 1787 874 1855; x_wconf 85' lang='grc' dir='ltr'>πλῆθος</span> <span class='ocrx_word' id='word_1_124' title='bbox 904 1784 1151 1837; x_wconf 75' lang='grc' dir='ltr'>ἐπιδώσει</span> <span class='ocrx_word' id='word_1_125' title='bbox 1184 1784 1345 1836; x_wconf 69' lang='grc' dir='ltr'>αὑτοῦ</span> <span class='ocrx_word' id='word_1_126' title='bbox 1372 1781 1430 1833; x_wconf 86' lang='lat'>:6</span> <span class='ocrx_word' id='word_1_127' title='bbox 1456 1783 1686 1850; x_wconf 76' lang='grc' dir='ltr'>σπέρμα¹</span> 
     </span>
    </p>
   </div>
   <div class='ocr_carea' id='block_1_17' title="bbox 145 1871 1692 1945">
    <p class='ocr_par' dir='ltr' id='par_1_17' title="bbox 145 1871 1692 1945">
     <span class='ocr_line' id='line_1_17' title="bbox 145 1871 1692 1945; baseline -0.005 -17"><span class='ocrx_word' id='word_1_128' title='bbox 145 1880 235 1930; x_wconf 71' lang='grc' dir='ltr'>καὶ</span> <span class='ocrx_word' id='word_1_129' title='bbox 280 1878 367 1930; x_wconf 81' lang='grc' dir='ltr'>ὅτι</span> <span class='ocrx_word' id='word_1_130' title='bbox 415 1877 809 1945; x_wconf 78' lang='grc' dir='ltr'>κληρονομήσει</span> <span class='ocrx_word' id='word_1_131' title='bbox 855 1874 951 1943; x_wconf 79' lang='grc' dir='ltr'>τὴν</span> <span class='ocrx_word' id='word_1_132' title='bbox 1002 1874 1125 1943; x_wconf 73' lang='grc' dir='ltr'>γῆν.</span> <span class='ocrx_word' id='word_1_133' title='bbox 1192 1874 1252 1925; x_wconf 92' lang='lat'><strong>&#39;0</strong></span> <span class='ocrx_word' id='word_1_134' title='bbox 1305 1871 1692 1940; x_wconf 76' lang='grc' dir='ltr'>Χοδολαγομὸρ,</span> 
     </span>
    </p>
   </div>
   <div class='ocr_carea' id='block_1_18' title="bbox 145 1962 1691 2036">
    <p class='ocr_par' dir='ltr' id='par_1_18' title="bbox 145 1962 1691 2036">
     <span class='ocr_line' id='line_1_18' title="bbox 145 1962 1691 2036; baseline -0.005 -17"><span class='ocrx_word' id='word_1_135' title='bbox 145 1968 328 2036; x_wconf 80' lang='grc' dir='ltr'>ἐπειδὴ</span> <span class='ocrx_word' id='word_1_136' title='bbox 368 1968 680 2033; x_wconf 87' lang='grc' dir='ltr'>ἀπέστησαν</span> <span class='ocrx_word' id='word_1_137' title='bbox 713 1963 873 2016; x_wconf 85' lang='grc' dir='ltr'>αὐτοῦ</span> <span class='ocrx_word' id='word_1_138' title='bbox 921 1965 969 2015; x_wconf 74' lang='grc' dir='ltr'>οἱ</span> <span class='ocrx_word' id='word_1_139' title='bbox 1029 1964 1185 2015; x_wconf 80' lang='grc' dir='ltr'>πέντε</span> <span class='ocrx_word' id='word_1_140' title='bbox 1247 1962 1475 2030; x_wconf 75' lang='grc' dir='ltr'>βασιλεῖς</span> <span class='ocrx_word' id='word_1_141' title='bbox 1522 1965 1569 2011; x_wconf 81' lang='grc' dir='ltr'>οἱ</span> <span class='ocrx_word' id='word_1_142' title='bbox 1598 1962 1691 2029; x_wconf 86' lang='grc' dir='ltr'>τῆς</span> 
     </span>
    </p>
   </div>
   <div class='ocr_carea' id='block_1_19' title="bbox 146 2049 1696 2123">
    <p class='ocr_par' dir='ltr' id='par_1_19' title="bbox 146 2049 1696 2123">
     <span class='ocr_line' id='line_1_19' title="bbox 146 2049 1696 2123; baseline -0.004 -16"><span class='ocrx_word' id='word_1_143' title='bbox 146 2054 475 2123; x_wconf 77' lang='grc' dir='ltr'>Σοδομηνῆς,</span> <span class='ocrx_word' id='word_1_144' title='bbox 503 2051 838 2114; x_wconf 82' lang='grc' dir='ltr'>δουλεύοντες</span> <span class='ocrx_word' id='word_1_145' title='bbox 866 2051 1011 2120; x_wconf 85' lang='grc' dir='ltr'>αύτῷ</span> <span class='ocrx_word' id='word_1_146' title='bbox 1058 2052 1337 2120; x_wconf 85' lang='grc' dir='ltr'>πρότερον,</span> <span class='ocrx_word' id='word_1_147' title='bbox 1371 2049 1696 2119; x_wconf 85' lang='grc' dir='ltr'>παραλαϐὼν</span> 
     </span>
    </p>
   </div>
   <div class='ocr_carea' id='block_1_20' title="bbox 144 2139 1693 2211">
    <p class='ocr_par' dir='ltr' id='par_1_20' title="bbox 144 2139 1693 2211">
     <span class='ocr_line' id='line_1_20' title="bbox 144 2139 1693 2211; baseline -0.003 -16"><span class='ocrx_word' id='word_1_148' title='bbox 144 2143 361 2211; x_wconf 75' lang='grc' dir='ltr'>ἐτέρους</span> <span class='ocrx_word' id='word_1_149' title='bbox 411 2140 646 2209; x_wconf 84' lang='grc' dir='ltr'>βασιλεῖς</span> <span class='ocrx_word' id='word_1_150' title='bbox 687 2141 850 2208; x_wconf 85' lang='grc' dir='ltr'>τρεῖς,</span> <span class='ocrx_word' id='word_1_151' title='bbox 882 2139 1305 2207; x_wconf 80' lang='grc' dir='ltr'>ἐπεστράτευσεν</span> <span class='ocrx_word' id='word_1_152' title='bbox 1372 2142 1569 2201; x_wconf 77' lang='grc' dir='ltr'>αὐτοῖς,</span> <span class='ocrx_word' id='word_1_153' title='bbox 1604 2140 1693 2191; x_wconf 78' lang='grc' dir='ltr'>καὶ</span> 
     </span>
    </p>
   </div>
   <div class='ocr_carea' id='block_1_21' title="bbox 145 2225 1689 2299">
    <p class='ocr_par' dir='ltr' id='par_1_21' title="bbox 145 2225 1689 2299">
     <span class='ocr_line' id='line_1_21' title="bbox 145 2225 1689 2299; baseline -0.002 -17"><span class='ocrx_word' id='word_1_154' title='bbox 145 2230 559 2299; x_wconf 84' lang='grc' dir='ltr'>τροπωσάμενος</span> <span class='ocrx_word' id='word_1_155' title='bbox 589 2227 775 2279; x_wconf 77' lang='grc' dir='ltr'>ἔλαϐεν</span> <span class='ocrx_word' id='word_1_156' title='bbox 821 2227 1203 2296; x_wconf 72' lang='grc' dir='ltr'>αἰχμαλώτους·</span> <span class='ocrx_word' id='word_1_157' title='bbox 1240 2230 1298 2280; x_wconf 89' lang='grc' dir='ltr'>ἐν</span> <span class='ocrx_word' id='word_1_158' title='bbox 1347 2225 1425 2289; x_wconf 77' lang='grc' dir='ltr'>οἷς</span> <span class='ocrx_word' id='word_1_159' title='bbox 1451 2226 1515 2296; x_wconf 80' lang='grc' dir='ltr'>ῆν</span> <span class='ocrx_word' id='word_1_160' title='bbox 1543 2231 1631 2279; x_wconf 72' lang='grc' dir='ltr'>καὶ</span> <span class='ocrx_word' id='word_1_161' title='bbox 1662 2230 1689 2279; x_wconf 90' lang='lat'>6</span> 
     </span>
    </p>
   </div>
   <div class='ocr_carea' id='block_1_22' title="bbox 146 2316 1690 2385">
    <p class='ocr_par' dir='ltr' id='par_1_22' title="bbox 146 2316 1690 2385">
     <span class='ocr_line' id='line_1_22' title="bbox 146 2316 1690 2385; baseline -0.003 -15"><span class='ocrx_word' id='word_1_162' title='bbox 146 2319 279 2370; x_wconf 81' lang='grc' dir='ltr'>Λώτ.</span> <span class='ocrx_word' id='word_1_163' title='bbox 324 2320 383 2369; x_wconf 92' lang='grc' dir='ltr'>Ὀ</span> <span class='ocrx_word' id='word_1_164' title='bbox 407 2318 465 2369; x_wconf 89' lang='grc' dir='ltr'>δέ</span> <span class='ocrx_word' id='word_1_165' title='bbox 505 2316 753 2385; x_wconf 84' lang='grc' dir='ltr'>Ἀϐραὰμ</span> <span class='ocrx_word' id='word_1_166' title='bbox 789 2316 1041 2381; x_wconf 84' lang='grc' dir='ltr'>ἀκούσας,</span> <span class='ocrx_word' id='word_1_167' title='bbox 1094 2316 1185 2367; x_wconf 77' lang='grc' dir='ltr'>καὶ</span> <span class='ocrx_word' id='word_1_168' title='bbox 1208 2316 1301 2367; x_wconf 82' lang='grc' dir='ltr'>σὺν</span> <span class='ocrx_word' id='word_1_169' title='bbox 1350 2320 1456 2377; x_wconf 84' lang='grc' dir='ltr'>τοῖς</span> <span class='ocrx_word' id='word_1_170' title='bbox 1488 2319 1690 2381; x_wconf 84' lang='grc' dir='ltr'>οἰκογε-</span> 
     </span>
    </p>
   </div>
   <div class='ocr_carea' id='block_1_23' title="bbox 144 2405 1687 2478">
    <p class='ocr_par' dir='ltr' id='par_1_23' title="bbox 144 2405 1687 2478">
     <span class='ocr_line' id='line_1_23' title="bbox 144 2405 1687 2478; baseline -0.001 -20"><span class='ocrx_word' id='word_1_171' title='bbox 144 2412 281 2461; x_wconf 77' lang='grc' dir='ltr'>νίσιν</span> <span class='ocrx_word' id='word_1_172' title='bbox 310 2407 477 2460; x_wconf 78' lang='grc' dir='ltr'>αὑτοῦ</span> <span class='ocrx_word' id='word_1_173' title='bbox 506 2406 830 2478; x_wconf 78' lang='grc' dir='ltr'>τριακοσίοις</span> <span class='ocrx_word' id='word_1_174' title='bbox 854 2405 1125 2458; x_wconf 85' lang='grc' dir='ltr'>δεκαοκτὼ</span> <span class='ocrx_word' id='word_1_175' title='bbox 1171 2405 1519 2469; x_wconf 78' lang='grc' dir='ltr'>καταδιώξας,</span> <span class='ocrx_word' id='word_1_176' title='bbox 1554 2405 1687 2469; x_wconf 77' lang='grc' dir='ltr'>ἐξεί-</span> 
     </span>
    </p>
   </div>
   <div class='ocr_carea' id='block_1_24' title="bbox 146 2494 1690 2563">
    <p class='ocr_par' dir='ltr' id='par_1_24' title="bbox 146 2494 1690 2563">
     <span class='ocr_line' id='line_1_24' title="bbox 146 2494 1690 2563; baseline -0.003 -14"><span class='ocrx_word' id='word_1_177' title='bbox 146 2499 258 2549; x_wconf 88' lang='grc' dir='ltr'>λετο</span> <span class='ocrx_word' id='word_1_178' title='bbox 284 2498 376 2549; x_wconf 74' lang='grc' dir='ltr'>τὸν</span> <span class='ocrx_word' id='word_1_179' title='bbox 402 2494 714 2562; x_wconf 70' lang='grc' dir='ltr'>ἀδελφιδοῦν</span> <span class='ocrx_word' id='word_1_180' title='bbox 750 2496 882 2563; x_wconf 88' lang='grc' dir='ltr'>μετά</span> <span class='ocrx_word' id='word_1_181' title='bbox 908 2496 1003 2563; x_wconf 87' lang='grc' dir='ltr'>τῆς</span> <span class='ocrx_word' id='word_1_182' title='bbox 1032 2496 1195 2546; x_wconf 79' lang='grc' dir='ltr'>ἵππου</span> <span class='ocrx_word' id='word_1_183' title='bbox 1238 2496 1326 2546; x_wconf 85' lang='grc' dir='ltr'>καὶ</span> <span class='ocrx_word' id='word_1_184' title='bbox 1353 2495 1457 2547; x_wconf 82' lang='grc' dir='ltr'>τῶν</span> <span class='ocrx_word' id='word_1_185' title='bbox 1511 2511 1690 2561; x_wconf 85' lang='grc' dir='ltr'>γυναι-</span> 
     </span>
    </p>
   </div>
   <div class='ocr_carea' id='block_1_25' title="bbox 146 2585 1685 2655">
    <p class='ocr_par' dir='ltr' id='par_1_25' title="bbox 146 2585 1685 2655">
     <span class='ocr_line' id='line_1_25' title="bbox 146 2585 1685 2655; baseline -0.003 -16"><span class='ocrx_word' id='word_1_186' title='bbox 146 2588 267 2639; x_wconf 81' lang='grc' dir='ltr'>κῶν·</span> <span class='ocrx_word' id='word_1_187' title='bbox 328 2589 423 2639; x_wconf 80' lang='grc' dir='ltr'>καὶ</span> <span class='ocrx_word' id='word_1_188' title='bbox 478 2585 555 2655; x_wconf 84' lang='grc' dir='ltr'>τῷ</span> <span class='ocrx_word' id='word_1_189' title='bbox 609 2585 707 2655; x_wconf 84' lang='grc' dir='ltr'>μὲν</span> <span class='ocrx_word' id='word_1_190' title='bbox 737 2586 1057 2653; x_wconf 86' lang='grc' dir='ltr'>Μελχισεδὲκ</span> <span class='ocrx_word' id='word_1_191' title='bbox 1111 2585 1457 2652; x_wconf 87' lang='grc' dir='ltr'>εύλογήσαντι</span> <span class='ocrx_word' id='word_1_192' title='bbox 1509 2585 1685 2650; x_wconf 78' lang='grc' dir='ltr'>αὑτὸν,</span> 
     </span>
    </p>
   </div>
   <div class='ocr_carea' id='block_1_26' title="bbox 146 2670 1691 2745">
    <p class='ocr_par' dir='ltr' id='par_1_26' title="bbox 146 2670 1691 2745">
     <span class='ocr_line' id='line_1_26' title="bbox 146 2670 1691 2745; baseline -0.002 -18"><span class='ocrx_word' id='word_1_193' title='bbox 146 2677 473 2744; x_wconf 73' lang='grc' dir='ltr'>ἐξενεγκόντι</span> <span class='ocrx_word' id='word_1_194' title='bbox 506 2676 703 2745; x_wconf 74' lang='grc' dir='ltr'>ἄρτους</span> <span class='ocrx_word' id='word_1_195' title='bbox 745 2690 801 2724; x_wconf 88' lang='grc' dir='ltr'>τε</span> <span class='ocrx_word' id='word_1_196' title='bbox 831 2674 922 2725; x_wconf 77' lang='grc' dir='ltr'>καὶ</span> <span class='ocrx_word' id='word_1_197' title='bbox 944 2670 1100 2737; x_wconf 75' lang='grc' dir='ltr'>οἶνον,</span> <span class='ocrx_word' id='word_1_198' title='bbox 1129 2676 1354 2743; x_wconf 82' lang='grc' dir='ltr'>δεκάτην</span> <span class='ocrx_word' id='word_1_199' title='bbox 1382 2676 1565 2726; x_wconf 78' lang='grc' dir='ltr'>ἔδωκε.</span> <span class='ocrx_word' id='word_1_200' title='bbox 1603 2676 1691 2725; x_wconf 87' lang='grc' dir='ltr'>Διὸ</span> 
     </span>
    </p>
   </div>
   <div class='ocr_carea' id='block_1_27' title="bbox 145 2761 1689 2835">
    <p class='ocr_par' dir='ltr' id='par_1_27' title="bbox 145 2761 1689 2835">
     <span class='ocr_line' id='line_1_27' title="bbox 145 2761 1689 2835; baseline -0.003 -18"><span class='ocrx_word' id='word_1_201' title='bbox 145 2783 300 2835; x_wconf 71' lang='grc' dir='ltr'>φησιν</span> <span class='ocrx_word' id='word_1_202' title='bbox 325 2769 352 2818; x_wconf 91' lang='lat'>6</span> <span class='ocrx_word' id='word_1_203' title='bbox 384 2764 592 2825; x_wconf 82' lang='grc' dir='ltr'>Παῦλος</span> <span class='ocrx_word' id='word_1_204' title='bbox 622 2765 678 2816; x_wconf 88' lang='grc' dir='ltr'>ἐν</span> <span class='ocrx_word' id='word_1_205' title='bbox 698 2765 762 2832; x_wconf 80' lang='grc' dir='ltr'>τῇ</span> <span class='ocrx_word' id='word_1_206' title='bbox 786 2762 916 2831; x_wconf 81' lang='grc' dir='ltr'>πρὸς</span> <span class='ocrx_word' id='word_1_207' title='bbox 949 2763 1246 2832; x_wconf 78' lang='grc' dir='ltr'>Ἐϐραίους,</span> <span class='ocrx_word' id='word_1_208' title='bbox 1272 2766 1351 2814; x_wconf 84' lang='grc' dir='ltr'>ὅτι</span> <span class='ocrx_word' id='word_1_209' title='bbox 1379 2764 1485 2813; x_wconf 74' lang='grc' dir='ltr'>Καὶ</span> <span class='ocrx_word' id='word_1_210' title='bbox 1503 2761 1689 2830; x_wconf 71' lang='grc' dir='ltr'>ὀ[520]</span> 
     </span>
    </p>
   </div>
   <div class='ocr_carea' id='block_1_28' title="bbox 148 2848 1690 2918">
    <p class='ocr_par' dir='ltr' id='par_1_28' title="bbox 148 2848 1690 2918">
     <span class='ocr_line' id='line_1_28' title="bbox 148 2848 1690 2918; baseline -0.006 -11"><span class='ocrx_word' id='word_1_211' title='bbox 148 2856 315 2918; x_wconf 78' lang='grc' dir='ltr'>Λευίς</span> <span class='ocrx_word' id='word_1_212' title='bbox 344 2856 374 2905; x_wconf 88' lang='grc' dir='ltr'>ό</span> <span class='ocrx_word' id='word_1_213' title='bbox 391 2851 643 2915; x_wconf 81' lang='grc' dir='ltr'>δεκάτας</span> <span class='ocrx_word' id='word_1_214' title='bbox 666 2850 977 2916; x_wconf 71' lang='grc' dir='ltr'>λαμϐάνων</span> <span class='ocrx_word' id='word_1_215' title='bbox 996 2850 1393 2901; x_wconf 81' lang='grc' dir='ltr'>δεδεκάτωται.</span> <span class='ocrx_word' id='word_1_216' title='bbox 1444 2849 1575 2899; x_wconf 81' lang='grc' dir='ltr'>Ὑπὸ</span> <span class='ocrx_word' id='word_1_217' title='bbox 1599 2848 1690 2898; x_wconf 68' lang='grc' dir='ltr'>τοῦ</span> 
     </span>
    </p>
   </div>
   <div class='ocr_carea' id='block_1_29' title="bbox 147 2936 1688 3013">
    <p class='ocr_par' dir='ltr' id='par_1_29' title="bbox 147 2936 1688 3013">
     <span class='ocr_line' id='line_1_29' title="bbox 147 2936 1688 3013; baseline -0.008 -16"><span class='ocrx_word' id='word_1_218' title='bbox 147 2944 400 3011; x_wconf 78' lang='grc' dir='ltr'>βασιλέως</span> <span class='ocrx_word' id='word_1_219' title='bbox 454 2944 699 3013; x_wconf 83' lang='grc' dir='ltr'>Σοδόμων</span> <span class='ocrx_word' id='word_1_220' title='bbox 741 2940 1102 3011; x_wconf 66' lang='grc' dir='ltr'>παρακληθεὶς</span> <span class='ocrx_word' id='word_1_221' title='bbox 1136 2938 1231 3007; x_wconf 81' lang='grc' dir='ltr'>τὴν</span> <span class='ocrx_word' id='word_1_222' title='bbox 1284 2938 1444 2988; x_wconf 84' lang='grc' dir='ltr'>ἵππον</span> <span class='ocrx_word' id='word_1_223' title='bbox 1491 2936 1688 2997; x_wconf 83' lang='grc' dir='ltr'>λαϐεῖν,</span> 
     </span>
    </p>
   </div>
   <div class='ocr_carea' id='block_1_30' title="bbox 147 3026 1692 3098">
    <p class='ocr_par' dir='ltr' id='par_1_30' title="bbox 147 3026 1692 3098">
     <span class='ocr_line' id='line_1_30' title="bbox 147 3026 1692 3098; baseline -0.007 -11"><span class='ocrx_word' id='word_1_224' title='bbox 147 3038 240 3087; x_wconf 79' lang='grc' dir='ltr'>οὐκ</span> <span class='ocrx_word' id='word_1_225' title='bbox 266 3036 573 3087; x_wconf 86' lang='grc' dir='ltr'>ἐπένευσεν·</span> <span class='ocrx_word' id='word_1_226' title='bbox 618 3034 747 3086; x_wconf 78' lang='grc' dir='ltr'>Ἵνα</span> <span class='ocrx_word' id='word_1_227' title='bbox 762 3031 844 3098; x_wconf 79' lang='grc' dir='ltr'>μὴ</span> <span class='ocrx_word' id='word_1_228' title='bbox 872 3031 1061 3096; x_wconf 79' lang='grc' dir='ltr'>εἴπῃς,</span> <span class='ocrx_word' id='word_1_229' title='bbox 1092 3030 1423 3098; x_wconf 63' lang='grc' dir='ltr'>φησὶν,Ὲγὼ</span> <span class='ocrx_word' id='word_1_230' title='bbox 1436 3026 1692 3077; x_wconf 76' lang='grc' dir='ltr'>πεπλού-</span> 
     </span>
    </p>
   </div>
   <div class='ocr_carea' id='block_1_31' title="bbox 150 3113 1690 3193">
    <p class='ocr_par' dir='ltr' id='par_1_31' title="bbox 150 3113 1690 3193">
     <span class='ocr_line' id='line_1_31' title="bbox 150 3113 1690 3193; baseline -0.012 -13"><span class='ocrx_word' id='word_1_231' title='bbox 150 3144 289 3193; x_wconf 78' lang='grc' dir='ltr'>τηκα</span> <span class='ocrx_word' id='word_1_232' title='bbox 326 3126 434 3178; x_wconf 76' lang='grc' dir='ltr'>τὸν</span> <span class='ocrx_word' id='word_1_233' title='bbox 462 3122 726 3190; x_wconf 80' lang='grc' dir='ltr'>Ἀϐραάμ.</span> <span class='ocrx_word' id='word_1_234' title='bbox 750 3119 878 3172; x_wconf 87' lang='grc' dir='ltr'>Τότε</span> <span class='ocrx_word' id='word_1_235' title='bbox 906 3119 995 3170; x_wconf 89' lang='grc' dir='ltr'>τοῦ</span> <span class='ocrx_word' id='word_1_236' title='bbox 1028 3118 1159 3170; x_wconf 88' lang='grc' dir='ltr'>Θεοῦ</span> <span class='ocrx_word' id='word_1_237' title='bbox 1189 3117 1323 3186; x_wconf 83' lang='grc' dir='ltr'>πρὸς</span> <span class='ocrx_word' id='word_1_238' title='bbox 1339 3113 1690 3167; x_wconf 67' lang='grc' dir='ltr'>αὑτὸνείπὸνυ</span> 
     </span>
    </p>
   </div>
   <div class='ocr_carea' id='block_1_32' title="bbox 148 3204 1691 3280">
    <p class='ocr_par' dir='ltr' id='par_1_32' title="bbox 148 3204 1691 3280">
     <span class='ocr_line' id='line_1_32' title="bbox 148 3204 1691 3280; baseline -0.008 -15"><span class='ocrx_word' id='word_1_239' title='bbox 148 3232 251 3277; x_wconf 85' lang='grc' dir='ltr'>τος,</span> <span class='ocrx_word' id='word_1_240' title='bbox 271 3218 351 3268; x_wconf 85' lang='grc' dir='ltr'>ὄτι</span> <span class='ocrx_word' id='word_1_241' title='bbox 378 3215 440 3266; x_wconf 84' lang='lat'><strong>&#39;0</strong></span> <span class='ocrx_word' id='word_1_242' title='bbox 455 3213 671 3280; x_wconf 81' lang='grc' dir='ltr'>μισθός</span> <span class='ocrx_word' id='word_1_243' title='bbox 702 3226 817 3263; x_wconf 89' lang='grc' dir='ltr'>σου</span> <span class='ocrx_word' id='word_1_244' title='bbox 838 3209 1029 3273; x_wconf 66' lang='grc' dir='ltr'>πολὺς</span> <span class='ocrx_word' id='word_1_245' title='bbox 1041 3208 1229 3267; x_wconf 83' lang='grc' dir='ltr'>ἔσται,</span> <span class='ocrx_word' id='word_1_246' title='bbox 1254 3205 1572 3273; x_wconf 81' lang='grc' dir='ltr'>ἀποδύρεται</span> <span class='ocrx_word' id='word_1_247' title='bbox 1595 3204 1691 3271; x_wconf 77' lang='grc' dir='ltr'>τὴν</span> 
     </span>
    </p>
   </div>
   <div class='ocr_carea' id='block_1_33' title="bbox 149 3294 1717 3361">
    <p class='ocr_par' dir='ltr' id='par_1_33' title="bbox 149 3294 1717 3361">
     <span class='ocr_line' id='line_1_33' title="bbox 149 3294 1717 3361; baseline -0.01 -5"><span class='ocrx_word' id='word_1_248' title='bbox 149 3304 413 3357; x_wconf 79' lang='grc' dir='ltr'>ἀπαιδίαν·</span> <span class='ocrx_word' id='word_1_249' title='bbox 457 3304 547 3355; x_wconf 83' lang='grc' dir='ltr'>καί</span> <span class='ocrx_word' id='word_1_250' title='bbox 575 3300 757 3354; x_wconf 88' lang='grc' dir='ltr'>ἀκούει</span> <span class='ocrx_word' id='word_1_251' title='bbox 797 3300 974 3361; x_wconf 88' lang='grc' dir='ltr'>πάλιν,</span> <span class='ocrx_word' id='word_1_252' title='bbox 1006 3300 1086 3350; x_wconf 82' lang='grc' dir='ltr'>ὅτι</span> <span class='ocrx_word' id='word_1_253' title='bbox 1118 3299 1146 3348; x_wconf 94' lang='lat'>6</span> <span class='ocrx_word' id='word_1_254' title='bbox 1199 3296 1257 3359; x_wconf 76' lang='grc' dir='ltr'>ἐξ</span> <span class='ocrx_word' id='word_1_255' title='bbox 1289 3295 1448 3346; x_wconf 81' lang='grc' dir='ltr'>αὑτοῦ</span> <span class='ocrx_word' id='word_1_256' title='bbox 1482 3294 1690 3356; x_wconf 80' lang='grc' dir='ltr'>ἐξελευ-</span> <span class='ocrx_word' id='word_1_257' title='bbox 1716 3308 1717 3311; x_wconf 43' lang='grc' dir='ltr'>η</span> 
     </span>
    </p>
   </div>
   <div class='ocr_carea' id='block_1_34' title="bbox 150 3382 1690 3463">
    <p class='ocr_par' dir='ltr' id='par_1_34' title="bbox 150 3382 1690 3463">
     <span class='ocr_line' id='line_1_34' title="bbox 150 3382 1690 3463; baseline -0.009 -17"><span class='ocrx_word' id='word_1_258' title='bbox 150 3394 370 3463; x_wconf 61' lang='grc' dir='ltr'>ρόμενος</span> <span class='ocrx_word' id='word_1_259' title='bbox 400 3393 787 3461; x_wconf 75' lang='grc' dir='ltr'>κληρονομήσει</span> <span class='ocrx_word' id='word_1_260' title='bbox 825 3389 983 3442; x_wconf 77' lang='grc' dir='ltr'>αὐτὸν</span> <span class='ocrx_word' id='word_1_261' title='bbox 1004 3430 1019 3453; x_wconf 91' lang='grc'>,</span> <span class='ocrx_word' id='word_1_262' title='bbox 1079 3387 1170 3439; x_wconf 72' lang='grc' dir='ltr'>καὶ</span> <span class='ocrx_word' id='word_1_263' title='bbox 1196 3385 1255 3437; x_wconf 83' lang='grc' dir='ltr'>τὸ</span> <span class='ocrx_word' id='word_1_264' title='bbox 1293 3385 1509 3453; x_wconf 86' lang='grc' dir='ltr'>σπέρμα</span> <span class='ocrx_word' id='word_1_265' title='bbox 1531 3382 1690 3434; x_wconf 87' lang='grc' dir='ltr'>αὐτοῦ</span> 
     </span>
    </p>
   </div>
   <div class='ocr_carea' id='block_1_35' title="bbox 150 3474 1688 3551">
    <p class='ocr_par' dir='ltr' id='par_1_35' title="bbox 150 3474 1688 3551">
     <span class='ocr_line' id='line_1_35' title="bbox 150 3474 1688 3551; baseline -0.008 -14"><span class='ocrx_word' id='word_1_266' title='bbox 150 3484 295 3537; x_wconf 81' lang='grc' dir='ltr'>ισται</span> <span class='ocrx_word' id='word_1_267' title='bbox 324 3482 484 3545; x_wconf 82' lang='grc' dir='ltr'>ὡςτά</span> <span class='ocrx_word' id='word_1_268' title='bbox 513 3482 684 3551; x_wconf 77' lang='grc' dir='ltr'>ἄστρα</span> <span class='ocrx_word' id='word_1_269' title='bbox 697 3481 787 3532; x_wconf 90' lang='grc' dir='ltr'>τοῦ</span> <span class='ocrx_word' id='word_1_270' title='bbox 814 3478 1058 3547; x_wconf 82' lang='grc' dir='ltr'>ούρανοῦ.</span> <span class='ocrx_word' id='word_1_271' title='bbox 1106 3477 1362 3529; x_wconf 82' lang='grc' dir='ltr'>Ἐνταῦθα</span> <span class='ocrx_word' id='word_1_272' title='bbox 1398 3478 1569 3527; x_wconf 83' lang='grc' dir='ltr'>κεῖται</span> <span class='ocrx_word' id='word_1_273' title='bbox 1608 3474 1688 3536; x_wconf 86' lang='lat'><em>:6,</em></span> 
     </span>
    </p>
   </div>
   <div class='ocr_carea' id='block_1_36' title="bbox 162 3563 1691 3637">
    <p class='ocr_par' dir='ltr' id='par_1_36' title="bbox 162 3563 1691 3637">
     <span class='ocr_line' id='line_1_36' title="bbox 162 3563 1691 3637; baseline -0.007 -12"><span class='ocrx_word' id='word_1_274' title='bbox 162 3576 547 3627; x_wconf 77' lang='grc' dir='ltr'>Ἐπίστευσεν</span> <span class='ocrx_word' id='word_1_275' title='bbox 570 3570 810 3637; x_wconf 79' lang='grc' dir='ltr'>Ἀϐραὰμ</span> <span class='ocrx_word' id='word_1_276' title='bbox 836 3569 911 3632; x_wconf 82' lang='grc' dir='ltr'>τῷ</span> <span class='ocrx_word' id='word_1_277' title='bbox 942 3568 1079 3631; x_wconf 85' lang='grc' dir='ltr'>Θεῷ,</span> <span class='ocrx_word' id='word_1_278' title='bbox 1112 3567 1204 3619; x_wconf 78' lang='grc' dir='ltr'>καί</span> <span class='ocrx_word' id='word_1_279' title='bbox 1228 3567 1505 3633; x_wconf 73' lang='grc' dir='ltr'>ἐλογίσθη</span> <span class='ocrx_word' id='word_1_280' title='bbox 1535 3563 1691 3627; x_wconf 86' lang='grc' dir='ltr'>αὐτῷ</span> 
     </span>
    </p>
   </div>
   <div class='ocr_carea' id='block_1_37' title="bbox 152 3656 1690 3726">
    <p class='ocr_par' dir='ltr' id='par_1_37' title="bbox 152 3656 1690 3726">
     <span class='ocr_line' id='line_1_37' title="bbox 152 3656 1690 3726; baseline -0.008 -11"><span class='ocrx_word' id='word_1_281' title='bbox 152 3666 231 3726; x_wconf 77' lang='grc' dir='ltr'>εὶς</span> <span class='ocrx_word' id='word_1_282' title='bbox 258 3662 668 3725; x_wconf 80' lang='grc' dir='ltr'>δικαιοσύνην.</span> <span class='ocrx_word' id='word_1_283' title='bbox 702 3660 779 3710; x_wconf 87' lang='grc' dir='ltr'>Τά</span> <span class='ocrx_word' id='word_1_284' title='bbox 821 3658 1214 3726; x_wconf 86' lang='grc' dir='ltr'>διχοτομήματα</span> <span class='ocrx_word' id='word_1_285' title='bbox 1240 3658 1397 3715; x_wconf 86' lang='grc' dir='ltr'>ποιεί,</span> <span class='ocrx_word' id='word_1_286' title='bbox 1433 3656 1524 3705; x_wconf 81' lang='grc' dir='ltr'>καὶ</span> <span class='ocrx_word' id='word_1_287' title='bbox 1560 3671 1690 3721; x_wconf 88' lang='grc' dir='ltr'>μαν-</span> 
     </span>
    </p>
   </div>
   <div class='ocr_carea' id='block_1_38' title="bbox 151 3743 1688 3819">
    <p class='ocr_par' dir='ltr' id='par_1_38' title="bbox 151 3743 1688 3819">
     <span class='ocr_line' id='line_1_38' title="bbox 151 3743 1688 3819; baseline -0.008 -14"><span class='ocrx_word' id='word_1_288' title='bbox 151 3754 289 3805; x_wconf 84' lang='grc' dir='ltr'>θάνει</span> <span class='ocrx_word' id='word_1_289' title='bbox 315 3754 398 3803; x_wconf 83' lang='grc' dir='ltr'>ὅτι</span> <span class='ocrx_word' id='word_1_290' title='bbox 424 3750 679 3819; x_wconf 88' lang='grc' dir='ltr'>πάροικον</span> <span class='ocrx_word' id='word_1_291' title='bbox 730 3747 876 3798; x_wconf 74' lang='grc' dir='ltr'>ἔσται</span> <span class='ocrx_word' id='word_1_292' title='bbox 915 3746 975 3797; x_wconf 88' lang='lat'>:6</span> <span class='ocrx_word' id='word_1_293' title='bbox 1003 3746 1218 3815; x_wconf 88' lang='grc' dir='ltr'>σπέρμα</span> <span class='ocrx_word' id='word_1_294' title='bbox 1251 3743 1411 3796; x_wconf 81' lang='grc' dir='ltr'>αὑτοῦ</span> <span class='ocrx_word' id='word_1_295' title='bbox 1437 3783 1451 3807; x_wconf 96' lang='grc'>,</span> <span class='ocrx_word' id='word_1_296' title='bbox 1492 3745 1582 3794; x_wconf 82' lang='grc' dir='ltr'>καὶ</span> <span class='ocrx_word' id='word_1_297' title='bbox 1609 3744 1688 3794; x_wconf 85' lang='grc' dir='ltr'>ὅτι</span> 
     </span>
    </p>
   </div>
   <div class='ocr_carea' id='block_1_39' title="bbox 154 3833 1688 3909">
    <p class='ocr_par' dir='ltr' id='par_1_39' title="bbox 154 3833 1688 3909">
     <span class='ocr_line' id='line_1_39' title="bbox 154 3833 1688 3909; baseline -0.007 -16"><span class='ocrx_word' id='word_1_298' title='bbox 154 3843 281 3909; x_wconf 84' lang='grc' dir='ltr'>μετά</span> <span class='ocrx_word' id='word_1_299' title='bbox 312 3840 483 3892; x_wconf 88' lang='grc' dir='ltr'>ταῦτα</span> <span class='ocrx_word' id='word_1_300' title='bbox 519 3838 971 3904; x_wconf 81' lang='grc' dir='ltr'>ἀπαλλαγήσεται,</span> <span class='ocrx_word' id='word_1_301' title='bbox 1023 3834 1157 3902; x_wconf 88' lang='grc' dir='ltr'>μετὰ</span> <span class='ocrx_word' id='word_1_302' title='bbox 1205 3834 1262 3884; x_wconf 87' lang='lat'>:6</span> <span class='ocrx_word' id='word_1_303' title='bbox 1296 3833 1688 3900; x_wconf 78' lang='grc' dir='ltr'>ταπεινωθῆναι</span> 
     </span>
    </p>
   </div>
   <div class='ocr_carea' id='block_1_40' title="bbox 152 3919 1688 3999">
    <p class='ocr_par' dir='ltr' id='par_1_40' title="bbox 152 3919 1688 3999">
     <span class='ocr_line' id='line_1_40' title="bbox 152 3919 1688 3999; baseline -0.007 -18"><span class='ocrx_word' id='word_1_304' title='bbox 152 3930 237 3999; x_wconf 77' lang='grc' dir='ltr'>ῑτη</span> <span class='ocrx_word' id='word_1_305' title='bbox 258 3929 603 3998; x_wconf 80' lang='grc' dir='ltr'>τετρακόσια,</span> <span class='ocrx_word' id='word_1_306' title='bbox 629 3929 808 3998; x_wconf 74' lang='grc' dir='ltr'>Σάρρα</span> <span class='ocrx_word' id='word_1_307' title='bbox 837 3928 891 3978; x_wconf 90' lang='grc' dir='ltr'>δέ</span> <span class='ocrx_word' id='word_1_308' title='bbox 918 3926 1036 3978; x_wconf 70' lang='grc' dir='ltr'>ἐπεὶ</span> <span class='ocrx_word' id='word_1_309' title='bbox 1068 3927 1247 3993; x_wconf 88' lang='grc' dir='ltr'>στεῖρα</span> <span class='ocrx_word' id='word_1_310' title='bbox 1273 3919 1361 3991; x_wconf 74' lang='grc' dir='ltr'>ἦν,</span> <span class='ocrx_word' id='word_1_311' title='bbox 1395 3923 1570 3974; x_wconf 86' lang='grc' dir='ltr'>δίδωσι</span> <span class='ocrx_word' id='word_1_312' title='bbox 1591 3922 1688 3989; x_wconf 85' lang='grc' dir='ltr'>τὴν</span> 
     </span>
    </p>
   </div>
   <div class='ocr_carea' id='block_1_41' title="bbox 154 4014 1684 4090">
    <p class='ocr_par' dir='ltr' id='par_1_41' title="bbox 154 4014 1684 4090">
     <span class='ocr_line' id='line_1_41' title="bbox 154 4014 1684 4090; baseline -0.006 -18"><span class='ocrx_word' id='word_1_313' title='bbox 154 4022 325 4090; x_wconf 78' lang='grc' dir='ltr'>’Δγαρ</span> <span class='ocrx_word' id='word_1_314' title='bbox 350 4019 427 4087; x_wconf 84' lang='grc' dir='ltr'>τῷ</span> <span class='ocrx_word' id='word_1_315' title='bbox 468 4018 745 4086; x_wconf 81' lang='grc' dir='ltr'>Ἀϐραάμ,</span> <span class='ocrx_word' id='word_1_316' title='bbox 798 4018 883 4069; x_wconf 80' lang='grc' dir='ltr'>ἴνα</span> <span class='ocrx_word' id='word_1_317' title='bbox 935 4016 1371 4083; x_wconf 87' lang='grc' dir='ltr'>παιδοποιήσηται</span> <span class='ocrx_word' id='word_1_318' title='bbox 1406 4014 1460 4078; x_wconf 80' lang='grc' dir='ltr'>ἐξ</span> <span class='ocrx_word' id='word_1_319' title='bbox 1499 4015 1684 4081; x_wconf 80' lang='grc' dir='ltr'>αὐτῆς.</span> 
     </span>
    </p>
   </div>
   <div class='ocr_carea' id='block_1_42' title="bbox 162 4102 1688 4176">
    <p class='ocr_par' dir='ltr' id='par_1_42' title="bbox 162 4102 1688 4176">
     <span class='ocr_line' id='line_1_42' title="bbox 162 4102 1688 4176; baseline -0.005 -16"><span class='ocrx_word' id='word_1_320' title='bbox 162 4109 318 4170; x_wconf 82' lang='grc' dir='ltr'>Ὠςδέ</span> <span class='ocrx_word' id='word_1_321' title='bbox 349 4106 531 4166; x_wconf 85' lang='grc' dir='ltr'>ἐκύει,</span> <span class='ocrx_word' id='word_1_322' title='bbox 581 4106 788 4176; x_wconf 85' lang='grc' dir='ltr'>ἐπήρθη</span> <span class='ocrx_word' id='word_1_323' title='bbox 845 4102 983 4156; x_wconf 88' lang='grc' dir='ltr'>κατά</span> <span class='ocrx_word' id='word_1_324' title='bbox 1024 4102 1121 4171; x_wconf 85' lang='grc' dir='ltr'>τῆς</span> <span class='ocrx_word' id='word_1_325' title='bbox 1154 4102 1340 4171; x_wconf 87' lang='grc' dir='ltr'>κυρίας</span> <span class='ocrx_word' id='word_1_326' title='bbox 1388 4102 1568 4169; x_wconf 85' lang='grc' dir='ltr'>αὐτῆς·</span> <span class='ocrx_word' id='word_1_327' title='bbox 1598 4103 1688 4153; x_wconf 78' lang='grc' dir='ltr'>καὶ</span> 
     </span>
    </p>
   </div>
   <div class='ocr_carea' id='block_1_43' title="bbox 152 4192 1683 4266">
    <p class='ocr_par' dir='ltr' id='par_1_43' title="bbox 152 4192 1683 4266">
     <span class='ocr_line' id='line_1_43' title="bbox 152 4192 1683 4266; baseline -0.007 -14"><span class='ocrx_word' id='word_1_328' title='bbox 152 4200 351 4252; x_wconf 79' lang='grc' dir='ltr'>δίδωσιν</span> <span class='ocrx_word' id='word_1_329' title='bbox 380 4198 546 4266; x_wconf 79' lang='grc' dir='ltr'>αὐτὴν</span> <span class='ocrx_word' id='word_1_330' title='bbox 576 4200 641 4266; x_wconf 77' lang='grc' dir='ltr'>τῇ</span> <span class='ocrx_word' id='word_1_331' title='bbox 673 4197 852 4265; x_wconf 67' lang='grc' dir='ltr'>Σάρρα</span> <span class='ocrx_word' id='word_1_332' title='bbox 885 4198 913 4248; x_wconf 92' lang='lat'>6</span> <span class='ocrx_word' id='word_1_333' title='bbox 956 4193 1375 4264; x_wconf 81' lang='grc' dir='ltr'>Ἀϐραὰμ,ὥστε</span> <span class='ocrx_word' id='word_1_334' title='bbox 1404 4192 1601 4260; x_wconf 89' lang='grc' dir='ltr'>ἀμῦναι</span> <span class='ocrx_word' id='word_1_335' title='bbox 1622 4194 1683 4259; x_wconf 85' lang='grc' dir='ltr'>τῇ</span> 
     </span>
    </p>
   </div>
   <div class='ocr_carea' id='block_1_44' title="bbox 154 4284 1686 4358">
    <p class='ocr_par' dir='ltr' id='par_1_44' title="bbox 154 4284 1686 4358">
     <span class='ocr_line' id='line_1_44' title="bbox 154 4284 1686 4358; baseline -0.005 -18"><span class='ocrx_word' id='word_1_336' title='bbox 154 4288 295 4358; x_wconf 77' lang='grc' dir='ltr'>ὓϐρει</span> <span class='ocrx_word' id='word_1_337' title='bbox 332 4291 399 4357; x_wconf 79' lang='grc' dir='ltr'>τῇ</span> <span class='ocrx_word' id='word_1_338' title='bbox 416 4287 629 4355; x_wconf 87' lang='grc' dir='ltr'>ἐαυτῆς.</span> <span class='ocrx_word' id='word_1_339' title='bbox 656 4287 718 4337; x_wconf 87' lang='grc' dir='ltr'>Ἡ</span> <span class='ocrx_word' id='word_1_340' title='bbox 745 4287 800 4337; x_wconf 90' lang='grc' dir='ltr'>δέ</span> <span class='ocrx_word' id='word_1_341' title='bbox 829 4285 1131 4339; x_wconf 85' lang='grc' dir='ltr'>κακωθεῖσα</span> <span class='ocrx_word' id='word_1_342' title='bbox 1152 4286 1254 4337; x_wconf 89' lang='lat'><em>61:6</em></span> <span class='ocrx_word' id='word_1_343' title='bbox 1268 4285 1364 4352; x_wconf 80' lang='grc' dir='ltr'>τῆς</span> <span class='ocrx_word' id='word_1_344' title='bbox 1389 4284 1686 4351; x_wconf 78' lang='grc' dir='ltr'>δεσποίνης,</span> 
     </span>
    </p>
   </div>
   <div class='ocr_carea' id='block_1_45' title="bbox 153 4376 1687 4448">
    <p class='ocr_par' dir='ltr' id='par_1_45' title="bbox 153 4376 1687 4448">
     <span class='ocr_line' id='line_1_45' title="bbox 153 4376 1687 4448; baseline -0.004 -17"><span class='ocrx_word' id='word_1_345' title='bbox 153 4380 349 4448; x_wconf 77' lang='grc' dir='ltr'>ἀπέδρα</span> <span class='ocrx_word' id='word_1_346' title='bbox 381 4378 488 4430; x_wconf 87' lang='grc' dir='ltr'>ἀπὸ</span> <span class='ocrx_word' id='word_1_347' title='bbox 515 4378 610 4446; x_wconf 89' lang='grc' dir='ltr'>τῆς</span> <span class='ocrx_word' id='word_1_348' title='bbox 630 4379 823 4441; x_wconf 75' lang='grc' dir='ltr'>οἰκίας,</span> <span class='ocrx_word' id='word_1_349' title='bbox 866 4377 959 4429; x_wconf 72' lang='grc' dir='ltr'>καὶ</span> <span class='ocrx_word' id='word_1_350' title='bbox 1012 4377 1283 4428; x_wconf 88' lang='grc' dir='ltr'>κελεύεται</span> <span class='ocrx_word' id='word_1_351' title='bbox 1322 4377 1423 4428; x_wconf 83' lang='lat'><em>61:6</em></span> <span class='ocrx_word' id='word_1_352' title='bbox 1460 4376 1687 4442; x_wconf 84' lang='grc' dir='ltr'>ἀγγέλου</span> 
     </span>
    </p>
   </div>
   <div class='ocr_carea' id='block_1_46' title="bbox 152 4464 1687 4538">
    <p class='ocr_par' dir='ltr' id='par_1_46' title="bbox 152 4464 1687 4538">
     <span class='ocr_line' id='line_1_46' title="bbox 152 4464 1687 4538; baseline -0.005 -17"><span class='ocrx_word' id='word_1_353' title='bbox 152 4470 549 4538; x_wconf 70' lang='grc' dir='ltr'>ἀποστραφῆναι</span> <span class='ocrx_word' id='word_1_354' title='bbox 606 4468 738 4535; x_wconf 84' lang='grc' dir='ltr'>πρὸς</span> <span class='ocrx_word' id='word_1_355' title='bbox 780 4466 875 4536; x_wconf 82' lang='grc' dir='ltr'>τὴν</span> <span class='ocrx_word' id='word_1_356' title='bbox 913 4467 1102 4535; x_wconf 88' lang='grc' dir='ltr'>κυρίαν</span> <span class='ocrx_word' id='word_1_357' title='bbox 1133 4465 1316 4533; x_wconf 81' lang='grc' dir='ltr'>αὺτῆς’</span> <span class='ocrx_word' id='word_1_358' title='bbox 1348 4464 1603 4532; x_wconf 86' lang='grc' dir='ltr'>λαμϐάνει</span> <span class='ocrx_word' id='word_1_359' title='bbox 1630 4480 1687 4513; x_wconf 89' lang='grc' dir='ltr'>τε</span> 
     </span>
    </p>
   </div>
   <div class='ocr_carea' id='block_1_47' title="bbox 151 4552 1688 4626">
    <p class='ocr_par' dir='ltr' id='par_1_47' title="bbox 151 4552 1688 4626">
     <span class='ocr_line' id='line_1_47' title="bbox 151 4552 1688 4626; baseline 0 -19"><span class='ocrx_word' id='word_1_360' title='bbox 151 4557 493 4625; x_wconf 80' lang='grc' dir='ltr'>ἐπαγγελίαν,</span> <span class='ocrx_word' id='word_1_361' title='bbox 522 4558 602 4609; x_wconf 83' lang='grc' dir='ltr'>ὅτι</span> <span class='ocrx_word' id='word_1_362' title='bbox 630 4558 687 4609; x_wconf 91' lang='lat'>:6</span> <span class='ocrx_word' id='word_1_363' title='bbox 726 4557 943 4626; x_wconf 90' lang='grc' dir='ltr'>σπέρμα</span> <span class='ocrx_word' id='word_1_364' title='bbox 977 4556 1141 4624; x_wconf 86' lang='grc' dir='ltr'>αὐτῆς</span> <span class='ocrx_word' id='word_1_365' title='bbox 1173 4552 1419 4606; x_wconf 77' lang='grc' dir='ltr'>ἐπιδώσει</span> <span class='ocrx_word' id='word_1_366' title='bbox 1448 4556 1523 4615; x_wconf 85' lang='grc' dir='ltr'>είς</span> <span class='ocrx_word' id='word_1_367' title='bbox 1552 4554 1688 4619; x_wconf 90' lang='grc' dir='ltr'>πλῆ-</span> 
     </span>
    </p>
   </div>
   <div class='ocr_carea' id='block_1_48' title="bbox 152 4660 1687 4731">
    <p class='ocr_par' dir='ltr' id='par_1_48' title="bbox 152 4660 1687 4731">
     <span class='ocr_line' id='line_1_48' title="bbox 152 4660 1687 4731; baseline -0.001 -19"><span class='ocrx_word' id='word_1_368' title='bbox 152 4660 253 4725; x_wconf 84' lang='grc' dir='ltr'>θος,</span> <span class='ocrx_word' id='word_1_369' title='bbox 274 4664 365 4714; x_wconf 80' lang='grc' dir='ltr'>καὶ</span> <span class='ocrx_word' id='word_1_370' title='bbox 384 4663 554 4729; x_wconf 83' lang='grc' dir='ltr'>ϐνομα</span> <span class='ocrx_word' id='word_1_371' title='bbox 575 4660 652 4730; x_wconf 84' lang='grc' dir='ltr'>τῷ</span> <span class='ocrx_word' id='word_1_372' title='bbox 672 4661 862 4731; x_wconf 86' lang='grc' dir='ltr'>παιδίῳ</span> <span class='ocrx_word' id='word_1_373' title='bbox 897 4662 1021 4731; x_wconf 73' lang='grc' dir='ltr'>πρὶν</span> <span class='ocrx_word' id='word_1_374' title='bbox 1062 4662 1097 4728; x_wconf 78' lang='grc' dir='ltr'>ἢ</span> <span class='ocrx_word' id='word_1_375' title='bbox 1124 4661 1370 4729; x_wconf 84' lang='grc' dir='ltr'>τεχθῆναι</span> <span class='ocrx_word' id='word_1_376' title='bbox 1393 4660 1687 4729; x_wconf 82' lang='grc' dir='ltr'>ἐπιτίθησιν</span> 
     </span>
    </p>
   </div>
   <div class='ocr_carea' id='block_1_49' title="bbox 152 4762 1687 4832">
    <p class='ocr_par' dir='ltr' id='par_1_49' title="bbox 152 4762 1687 4832">
     <span class='ocr_line' id='line_1_49' title="bbox 152 4762 1687 4832; baseline 0.001 -18"><span class='ocrx_word' id='word_1_377' title='bbox 152 4764 175 4814; x_wconf 85' lang='lat'>6</span> <span class='ocrx_word' id='word_1_378' title='bbox 198 4763 440 4830; x_wconf 76' lang='grc' dir='ltr'>ἄγγελος,</span> <span class='ocrx_word' id='word_1_379' title='bbox 479 4762 697 4831; x_wconf 83' lang='grc' dir='ltr'>Ἰσμαὴλ</span> <span class='ocrx_word' id='word_1_380' title='bbox 719 4763 877 4815; x_wconf 81' lang='grc' dir='ltr'>αὑτὸν</span> <span class='ocrx_word' id='word_1_381' title='bbox 898 4763 1091 4815; x_wconf 84' lang='grc' dir='ltr'>καλῶν.</span> <span class='ocrx_word' id='word_1_382' title='bbox 1120 4765 1386 4831; x_wconf 85' lang='grc' dir='ltr'>Ἐτεκενή</span> <span class='ocrx_word' id='word_1_383' title='bbox 1411 4765 1584 4832; x_wconf 79' lang='grc' dir='ltr'>Ἀγαρ</span> <span class='ocrx_word' id='word_1_384' title='bbox 1600 4763 1687 4816; x_wconf 81' lang='grc' dir='ltr'>τὸν</span> 
     </span>
    </p>
   </div>
   <div class='ocr_carea' id='block_1_50' title="bbox 161 4866 1689 4938">
    <p class='ocr_par' dir='ltr' id='par_1_50' title="bbox 161 4866 1689 4938">
     <span class='ocr_line' id='line_1_50' title="bbox 161 4866 1689 4938; baseline 0.001 -19"><span class='ocrx_word' id='word_1_385' title='bbox 161 4868 395 4938; x_wconf 81' lang='grc' dir='ltr'>Ἰσμαὴλ,</span> <span class='ocrx_word' id='word_1_386' title='bbox 440 4868 533 4919; x_wconf 80' lang='grc' dir='ltr'>καὶ</span> <span class='ocrx_word' id='word_1_387' title='bbox 575 4866 816 4936; x_wconf 76' lang='grc' dir='ltr'>Ἀϐραὰμ</span> <span class='ocrx_word' id='word_1_388' title='bbox 854 4866 988 4917; x_wconf 86' lang='grc' dir='ltr'>ἐτῶν</span> <span class='ocrx_word' id='word_1_389' title='bbox 1036 4869 1353 4934; x_wconf 90' lang='grc' dir='ltr'>ἐνενήκοντα</span> <span class='ocrx_word' id='word_1_390' title='bbox 1392 4868 1542 4918; x_wconf 84' lang='grc' dir='ltr'>ἐννέα</span> <span class='ocrx_word' id='word_1_391' title='bbox 1563 4886 1689 4936; x_wconf 88' lang='grc' dir='ltr'>μετ-</span> 
     </span>
    </p>
   </div>
   <div class='ocr_carea' id='block_1_51' title="bbox 150 4964 1686 5039">
    <p class='ocr_par' dir='ltr' id='par_1_51' title="bbox 150 4964 1686 5039">
     <span class='ocr_line' id='line_1_51' title="bbox 150 4964 1686 5039; baseline 0 -18"><span class='ocrx_word' id='word_1_392' title='bbox 150 4966 469 5039; x_wconf 78' lang='grc' dir='ltr'>ωνομάζετο.</span> <span class='ocrx_word' id='word_1_393' title='bbox 514 4969 707 5021; x_wconf 88' lang='grc' dir='ltr'>Ούκέτι</span> <span class='ocrx_word' id='word_1_394' title='bbox 749 4968 854 5037; x_wconf 86' lang='grc' dir='ltr'>γάρ</span> <span class='ocrx_word' id='word_1_395' title='bbox 902 4969 1134 5038; x_wconf 80' lang='grc' dir='ltr'>’Δϐραμ,</span> <span class='ocrx_word' id='word_1_396' title='bbox 1176 4964 1307 5019; x_wconf 86' lang='grc' dir='ltr'>ἀλλὰ</span> <span class='ocrx_word' id='word_1_397' title='bbox 1350 4968 1591 5037; x_wconf 82' lang='grc' dir='ltr'>Ἀϐραάμ</span> <span class='ocrx_word' id='word_1_398' title='bbox 1633 4973 1686 5021; x_wconf 85' lang='grc' dir='ltr'>ἐ-</span> 
     </span>
    </p>
   </div>
   <div class='ocr_carea' id='block_1_52' title="bbox 150 5070 1686 5141">
    <p class='ocr_par' dir='ltr' id='par_1_52' title="bbox 150 5070 1686 5141">
     <span class='ocr_line' id='line_1_52' title="bbox 150 5070 1686 5141; baseline -0.001 -18"><span class='ocrx_word' id='word_1_399' title='bbox 150 5073 337 5141; x_wconf 85' lang='grc' dir='ltr'>κλήθη.</span> <span class='ocrx_word' id='word_1_400' title='bbox 362 5072 652 5124; x_wconf 81' lang='grc' dir='ltr'>Κελεύεται</span> <span class='ocrx_word' id='word_1_401' title='bbox 683 5071 784 5123; x_wconf 87' lang='lat'><em>61:6</em></span> <span class='ocrx_word' id='word_1_402' title='bbox 812 5070 901 5122; x_wconf 89' lang='grc' dir='ltr'>τοῦ</span> <span class='ocrx_word' id='word_1_403' title='bbox 940 5072 1070 5123; x_wconf 84' lang='grc' dir='ltr'>Θεοῦ</span> <span class='ocrx_word' id='word_1_404' title='bbox 1111 5071 1500 5139; x_wconf 77' lang='grc' dir='ltr'>περιτμηθῆναι</span> <span class='ocrx_word' id='word_1_405' title='bbox 1529 5072 1686 5134; x_wconf 80' lang='grc' dir='ltr'>αὐτὸς</span> 
     </span>
    </p>
   </div>
   <div class='ocr_carea' id='block_1_53' title="bbox 152 5172 1687 5243">
    <p class='ocr_par' dir='ltr' id='par_1_53' title="bbox 152 5172 1687 5243">
     <span class='ocr_line' id='line_1_53' title="bbox 152 5172 1687 5243; baseline 0.001 -18"><span class='ocrx_word' id='word_1_406' title='bbox 152 5174 478 5243; x_wconf 74' lang='grc' dir='ltr'>πανοικεσίᾳ.</span> <span class='ocrx_word' id='word_1_407' title='bbox 510 5174 621 5225; x_wconf 78' lang='lat' dir='ltr'>Kal</span> <span class='ocrx_word' id='word_1_408' title='bbox 647 5174 710 5226; x_wconf 87' lang='lat'>:6</span> <span class='ocrx_word' id='word_1_409' title='bbox 730 5172 826 5242; x_wconf 84' lang='grc' dir='ltr'>τῆς</span> <span class='ocrx_word' id='word_1_410' title='bbox 860 5173 1033 5241; x_wconf 88' lang='grc' dir='ltr'>Σάρας</span> <span class='ocrx_word' id='word_1_411' title='bbox 1065 5173 1229 5241; x_wconf 69' lang='grc' dir='ltr'>ὄνομα</span> <span class='ocrx_word' id='word_1_412' title='bbox 1258 5174 1556 5241; x_wconf 85' lang='grc' dir='ltr'>ἀμείϐεται,</span> <span class='ocrx_word' id='word_1_413' title='bbox 1596 5175 1687 5227; x_wconf 77' lang='grc' dir='ltr'>καὶ</span> 
     </span>
    </p>
   </div>
   <div class='ocr_carea' id='block_1_54' title="bbox 149 5272 1689 5342">
    <p class='ocr_par' dir='ltr' id='par_1_54' title="bbox 149 5272 1689 5342">
     <span class='ocr_line' id='line_1_54' title="bbox 149 5272 1689 5342; baseline -0.001 -16"><span class='ocrx_word' id='word_1_414' title='bbox 149 5274 383 5326; x_wconf 76' lang='grc' dir='ltr'>καλεῖται</span> <span class='ocrx_word' id='word_1_415' title='bbox 409 5273 609 5342; x_wconf 75' lang='grc' dir='ltr'>Σάρρα.</span> <span class='ocrx_word' id='word_1_416' title='bbox 636 5273 744 5324; x_wconf 75' lang='lat' dir='ltr'>Kal</span> <span class='ocrx_word' id='word_1_417' title='bbox 770 5272 1030 5339; x_wconf 90' lang='grc' dir='ltr'>λαμϐάνει</span> <span class='ocrx_word' id='word_1_418' title='bbox 1058 5272 1290 5340; x_wconf 72' lang='grc' dir='ltr'>περὶτοῦ</span> <span class='ocrx_word' id='word_1_419' title='bbox 1328 5273 1502 5323; x_wconf 84' lang='grc' dir='ltr'>Ἰσαὰκ</span> <span class='ocrx_word' id='word_1_420' title='bbox 1521 5275 1689 5339; x_wconf 86' lang='grc' dir='ltr'>ἐπαγ-</span> 
     </span>
    </p>
   </div>
   <div class='ocr_carea' id='block_1_55' title="bbox 146 5356 1694 5429">
    <p class='ocr_par' dir='ltr' id='par_1_55' title="bbox 146 5356 1694 5429">
     <span class='ocr_line' id='line_1_55' title="bbox 146 5356 1694 5429; baseline 0.001 -20"><span class='ocrx_word' id='word_1_421' title='bbox 146 5360 322 5425; x_wconf 86' lang='grc' dir='ltr'>γελίαν</span> <span class='ocrx_word' id='word_1_422' title='bbox 350 5361 377 5409; x_wconf 90' lang='lat'>6</span> <span class='ocrx_word' id='word_1_423' title='bbox 410 5361 674 5429; x_wconf 82' lang='grc' dir='ltr'>Ἀϐραάμ.</span> <span class='ocrx_word' id='word_1_424' title='bbox 713 5358 1075 5423; x_wconf 70' lang='grc' dir='ltr'>Ἐπιφαίνεται</span> <span class='ocrx_word' id='word_1_425' title='bbox 1118 5364 1192 5429; x_wconf 84' lang='grc' dir='ltr'>τῷ</span> <span class='ocrx_word' id='word_1_426' title='bbox 1224 5360 1469 5429; x_wconf 86' lang='grc' dir='ltr'>Ἀϐραάμ</span> <span class='ocrx_word' id='word_1_427' title='bbox 1507 5358 1537 5412; x_wconf 97' lang='lat'>6</span> <span class='ocrx_word' id='word_1_428' title='bbox 1567 5356 1694 5425; x_wconf 76' lang='grc' dir='ltr'>Υίδς</span> 
     </span>
    </p>
   </div>
   <div class='ocr_carea' id='block_1_56' title="bbox 212 5520 308 5565">
    <p class='ocr_par' dir='ltr' id='par_1_56' title="bbox 212 5520 308 5565">
     <span class='ocr_line' id='line_1_56' title="bbox 212 5520 308 5565; baseline 0 0"><span class='ocrx_word' id='word_1_429' title='bbox 212 5520 308 5565; x_wconf 74' lang='grc' dir='ltr'>’Μ</span> 
     </span>
    </p>
   </div>
   <div class='ocr_carea' id='block_1_57' title="bbox 155 5516 1686 5628">
    <p class='ocr_par' dir='ltr' id='par_1_57' title="bbox 155 5516 1686 5628">
     <span class='ocr_line' id='line_1_57' title="bbox 212 5516 1686 5626; baseline 0.004 -62"><span class='ocrx_word' id='word_1_430' title='bbox 212 5523 236 5548; x_wconf 80' lang='grc'><strong><em>⁸</em></strong></span> <span class='ocrx_word' id='word_1_431' title='bbox 262 5518 465 5626; x_wconf 59' lang='grc' dir='ltr'>Μῖμόρή</span> <span class='ocrx_word' id='word_1_432' title='bbox 509 5518 696 5599; x_wconf 41' lang='lat' dir='ltr'>legitur</span> <span class='ocrx_word' id='word_1_433' title='bbox 730 5517 780 5563; x_wconf 76' lang='lat' dir='ltr'><strong>in</strong></span> <span class='ocrx_word' id='word_1_434' title='bbox 820 5516 1038 5566; x_wconf 80' lang='lat' dir='ltr'>Homi‘iis</span> <span class='ocrx_word' id='word_1_435' title='bbox 1071 5519 1119 5566; x_wconf 89' lang='lat' dir='ltr'>in</span> <span class='ocrx_word' id='word_1_436' title='bbox 1144 5520 1388 5590; x_wconf 68' lang='grc' dir='ltr'>δεηθεῖσι.</span> <span class='ocrx_word' id='word_1_437' title='bbox 1418 5522 1512 5568; x_wconf 76' lang='lat' dir='ltr'>Sed</span> <span class='ocrx_word' id='word_1_438' title='bbox 1546 5537 1686 5594; x_wconf 60' lang='lat' dir='ltr'>quqm</span> 
     </span>
     <span class='ocr_line' id='line_1_58' title="bbox 155 5576 1681 5628; baseline 0 0"><span class='ocrx_word' id='word_1_439' title='bbox 155 5576 302 5628; x_wconf 63' lang='lat' dir='ltr'><strong><em>bella</em></strong></span> <span class='ocrx_word' id='word_1_440' title='bbox 365 5578 565 5627; x_wconf 76' lang='lat' dir='ltr'>tharum</span> <span class='ocrx_word' id='word_1_441' title='bbox 588 5577 825 5625; x_wconf 69' lang='lat' dir='ltr'>Vocalium</span> <span class='ocrx_word' id='word_1_442' title='bbox 847 5594 877 5628; x_wconf 89' lang='grc' dir='ltr'>η</span> <span class='ocrx_word' id='word_1_443' title='bbox 911 5583 961 5626; x_wconf 76' lang='grc' dir='ltr'>ει</span> <span class='ocrx_word' id='word_1_444' title='bbox 982 5596 997 5625; x_wconf 87' lang='grc' dir='ltr'>ι</span> <span class='ocrx_word' id='word_1_445' title='bbox 1020 5587 1325 5628; x_wconf 73' lang='lat' dir='ltr'>commulatio</span> <span class='ocrx_word' id='word_1_446' title='bbox 1348 5594 1491 5628; x_wconf 86' lang='lat' dir='ltr'>nemo</span> <span class='ocrx_word' id='word_1_447' title='bbox 1513 5593 1681 5628; x_wconf 78' lang='lat' dir='ltr'>nescn.</span> 
     </span>
    </p>
   </div>
   <div class='ocr_carea' id='block_1_58' title="bbox 365 5577 1681 5633">
    <p class='ocr_par' dir='ltr' id='par_1_58' title="bbox 365 5577 1681 5633">
     <span class='ocr_line' id='line_1_59' title="bbox 365 5577 1681 5633; baseline 0.002 -7"><span class='ocrx_word' id='word_1_448' title='bbox 365 5577 565 5627; x_wconf 67' lang='lat' dir='ltr'>limum</span> <span class='ocrx_word' id='word_1_449' title='bbox 588 5577 825 5625; x_wconf 78' lang='lat' dir='ltr'>vocalium</span> <span class='ocrx_word' id='word_1_450' title='bbox 847 5594 877 5633; x_wconf 87' lang='grc' dir='ltr'>η</span> <span class='ocrx_word' id='word_1_451' title='bbox 911 5583 961 5626; x_wconf 76' lang='grc' dir='ltr'>ει</span> <span class='ocrx_word' id='word_1_452' title='bbox 982 5596 997 5625; x_wconf 87' lang='grc' dir='ltr'><strong>ι</strong></span> <span class='ocrx_word' id='word_1_453' title='bbox 1020 5582 1325 5628; x_wconf 73' lang='lat' dir='ltr'>commulatio</span> <span class='ocrx_word' id='word_1_454' title='bbox 1348 5594 1491 5631; x_wconf 86' lang='lat' dir='ltr'>nemo</span> <span class='ocrx_word' id='word_1_455' title='bbox 1513 5577 1681 5631; x_wconf 76' lang='lat' dir='ltr'>néscil.</span> 
     </span>
    </p>
   </div>
   <div class='ocr_carea' id='block_1_59' title="bbox 1246 338 2315 397">
    <p class='ocr_par' dir='ltr' id='par_1_59' title="bbox 1246 338 2315 397">
     <span class='ocr_line' id='line_1_60' title="bbox 1246 338 2315 397; baseline 0.001 -1"><span class='ocrx_word' id='word_1_456' title='bbox 1246 338 1573 396; x_wconf 77' lang='lat' dir='ltr'>SYNOPSIS</span> <span class='ocrx_word' id='word_1_457' title='bbox 1610 338 2015 395; x_wconf 67' lang='lat' dir='ltr'>SCRIPTURAZ</span> <span class='ocrx_word' id='word_1_458' title='bbox 2055 339 2315 397; x_wconf 72' lang='lat' dir='ltr'>SACRAE.</span> 
     </span>
    </p>
   </div>
   <div class='ocr_carea' id='block_1_60' title="bbox 160 452 1719 526">
    <p class='ocr_par' dir='ltr' id='par_1_60' title="bbox 160 452 1719 526">
     <span class='ocr_line' id='line_1_61' title="bbox 160 452 1719 526; baseline -0.004 -17"><span class='ocrx_word' id='word_1_459' title='bbox 160 456 316 511; x_wconf 74' lang='grc' dir='ltr'>αὐτοῦ</span> <span class='ocrx_word' id='word_1_460' title='bbox 354 454 498 518; x_wconf 81' lang='grc' dir='ltr'>Λὼτ,</span> <span class='ocrx_word' id='word_1_461' title='bbox 550 454 643 507; x_wconf 67' lang='grc' dir='ltr'>καὶ</span> <span class='ocrx_word' id='word_1_462' title='bbox 668 454 877 524; x_wconf 78' lang='grc' dir='ltr'>ἔρχεται</span> <span class='ocrx_word' id='word_1_463' title='bbox 905 454 982 517; x_wconf 75' lang='grc' dir='ltr'>εἰς</span> <span class='ocrx_word' id='word_1_464' title='bbox 1012 454 1254 526; x_wconf 75' lang='grc' dir='ltr'>Χαρράν,</span> <span class='ocrx_word' id='word_1_465' title='bbox 1286 456 1610 525; x_wconf 82' lang='grc' dir='ltr'>προθέμενος</span> <span class='ocrx_word' id='word_1_466' title='bbox 1631 452 1719 515; x_wconf 85' lang='grc' dir='ltr'>είς</span> 
     </span>
    </p>
   </div>
   <div class='ocr_carea' id='block_1_61' title="bbox 3255 362 3363 412">
    <p class='ocr_par' dir='ltr' id='par_1_61' title="bbox 3255 362 3363 412">
     <span class='ocr_line' id='line_1_62' title="bbox 3255 362 3363 412; baseline 0.009 -1"><span class='ocrx_word' id='word_1_467' title='bbox 3255 362 3363 412; x_wconf 78' lang='lat'>320</span> 
     </span>
    </p>
   </div>
   <div class='ocr_carea' id='block_1_62' title="bbox 1810 453 3355 535">
    <p class='ocr_par' dir='ltr' id='par_1_62' title="bbox 1810 453 3355 535">
     <span class='ocr_line' id='line_1_63' title="bbox 1810 453 3355 535; baseline 0.012 -31"><span class='ocrx_word' id='word_1_468' title='bbox 1810 453 1898 505; x_wconf 85' lang='grc' dir='ltr'>τοῦ</span> <span class='ocrx_word' id='word_1_469' title='bbox 1923 454 2053 506; x_wconf 85' lang='grc' dir='ltr'>Θεοῦ</span> <span class='ocrx_word' id='word_1_470' title='bbox 2083 458 2217 524; x_wconf 89' lang='grc' dir='ltr'>μετά</span> <span class='ocrx_word' id='word_1_471' title='bbox 2244 457 2334 509; x_wconf 91' lang='grc' dir='ltr'>δύο</span> <span class='ocrx_word' id='word_1_472' title='bbox 2369 460 2630 525; x_wconf 86' lang='grc' dir='ltr'>ἀγγέλων,</span> <span class='ocrx_word' id='word_1_473' title='bbox 2664 462 2758 514; x_wconf 83' lang='grc' dir='ltr'>καὶ</span> <span class='ocrx_word' id='word_1_474' title='bbox 2799 459 2940 529; x_wconf 79' lang='grc' dir='ltr'>λέγει</span> <span class='ocrx_word' id='word_1_475' title='bbox 2983 466 3117 535; x_wconf 75' lang='grc' dir='ltr'>πρὸς</span> <span class='ocrx_word' id='word_1_476' title='bbox 3164 468 3321 521; x_wconf 79' lang='grc' dir='ltr'>αὐτόν</span> <span class='ocrx_word' id='word_1_477' title='bbox 3343 486 3355 498; x_wconf 84' lang='grc'><em>’</em></span> 
     </span>
    </p>
   </div>
   <div class='ocr_carea' id='block_1_63' title="bbox 1820 542 3359 617">
    <p class='ocr_par' dir='ltr' id='par_1_63' title="bbox 1820 542 3359 617">
     <span class='ocr_line' id='line_1_64' title="bbox 1820 542 3359 617; baseline 0.008 -24"><span class='ocrx_word' id='word_1_478' title='bbox 1820 542 2127 607; x_wconf 61' lang='grc' dir='ltr'>Ἐπανῄει.)</span> <span class='ocrx_word' id='word_1_479' title='bbox 2159 546 2305 610; x_wconf 80' lang='grc' dir='ltr'>πρὸς</span> <span class='ocrx_word' id='word_1_480' title='bbox 2330 546 2403 597; x_wconf 83' lang='grc' dir='ltr'>σὲ</span> <span class='ocrx_word' id='word_1_481' title='bbox 2440 550 2587 601; x_wconf 78' lang='grc' dir='ltr'>κατὰ</span> <span class='ocrx_word' id='word_1_482' title='bbox 2641 553 2743 601; x_wconf 70' lang='grc' dir='ltr'>τὸν</span> <span class='ocrx_word' id='word_1_483' title='bbox 2793 553 2994 617; x_wconf 66' lang='grc' dir='ltr'>καιρύν</span> <span class='ocrx_word' id='word_1_484' title='bbox 3023 556 3234 606; x_wconf 82' lang='grc' dir='ltr'>τοῦτον</span> <span class='ocrx_word' id='word_1_485' title='bbox 3274 561 3359 617; x_wconf 76' lang='grc' dir='ltr'>εἰς</span> 
     </span>
    </p>
   </div>
   <div class='ocr_carea' id='block_1_64' title="bbox 1805 630 3357 711">
    <p class='ocr_par' dir='ltr' id='par_1_64' title="bbox 1805 630 3357 711">
     <span class='ocr_line' id='line_1_65' title="bbox 1805 630 3357 711; baseline 0.008 -29"><span class='ocrx_word' id='word_1_486' title='bbox 1805 630 1973 698; x_wconf 78' lang='grc' dir='ltr'>ὥρας,</span> <span class='ocrx_word' id='word_1_487' title='bbox 1994 634 2087 685; x_wconf 83' lang='grc' dir='ltr'>καὶ</span> <span class='ocrx_word' id='word_1_488' title='bbox 2109 634 2229 695; x_wconf 78' lang='grc' dir='ltr'>ἕξει</span> <span class='ocrx_word' id='word_1_489' title='bbox 2259 637 2390 687; x_wconf 77' lang='grc' dir='ltr'>υἱὸν</span> <span class='ocrx_word' id='word_1_490' title='bbox 2416 638 2607 703; x_wconf 60' lang='grc' dir='ltr'>Σάρρα</span> <span class='ocrx_word' id='word_1_491' title='bbox 2626 640 2660 702; x_wconf 74' lang='grc' dir='ltr'>ἡ</span> <span class='ocrx_word' id='word_1_492' title='bbox 2677 640 2824 706; x_wconf 73' lang='grc' dir='ltr'>γυνή</span> <span class='ocrx_word' id='word_1_493' title='bbox 2847 657 2975 691; x_wconf 83' lang='grc' dir='ltr'>σου.</span> <span class='ocrx_word' id='word_1_494' title='bbox 2998 643 3239 711; x_wconf 78' lang='grc' dir='ltr'>Ἀϐραὰμ</span> <span class='ocrx_word' id='word_1_495' title='bbox 3253 645 3357 695; x_wconf 89' lang='grc' dir='ltr'>δεῖ-</span> 
     </span>
    </p>
   </div>
   <div class='ocr_carea' id='block_1_65' title="bbox 1804 723 3353 800">
    <p class='ocr_par' dir='ltr' id='par_1_65' title="bbox 1804 723 3353 800">
     <span class='ocr_line' id='line_1_66' title="bbox 1804 723 3353 800; baseline 0.008 -29"><span class='ocrx_word' id='word_1_496' title='bbox 1804 737 1891 773; x_wconf 85' lang='grc' dir='ltr'>ται</span> <span class='ocrx_word' id='word_1_497' title='bbox 1920 723 2011 773; x_wconf 85' lang='grc' dir='ltr'>τοῦ</span> <span class='ocrx_word' id='word_1_498' title='bbox 2045 724 2177 775; x_wconf 85' lang='grc' dir='ltr'>Θεοῦ</span> <span class='ocrx_word' id='word_1_499' title='bbox 2200 725 2336 793; x_wconf 81' lang='grc' dir='ltr'>ὑπὲρ</span> <span class='ocrx_word' id='word_1_500' title='bbox 2362 726 2622 793; x_wconf 78' lang='grc' dir='ltr'>Σοδόμων.</span> <span class='ocrx_word' id='word_1_501' title='bbox 2651 726 2712 779; x_wconf 89' lang='grc' dir='ltr'>Οί</span> <span class='ocrx_word' id='word_1_502' title='bbox 2748 728 2837 779; x_wconf 84' lang='grc' dir='ltr'>δύο</span> <span class='ocrx_word' id='word_1_503' title='bbox 2863 731 3078 795; x_wconf 73' lang='grc' dir='ltr'>ἄγγελοι</span> <span class='ocrx_word' id='word_1_504' title='bbox 3111 733 3353 800; x_wconf 71' lang='grc' dir='ltr'>ἔρχονται</span> 
     </span>
    </p>
   </div>
   <div class='ocr_carea' id='block_1_66' title="bbox 1807 808 3352 885">
    <p class='ocr_par' dir='ltr' id='par_1_66' title="bbox 1807 808 3352 885">
     <span class='ocr_line' id='line_1_67' title="bbox 1807 808 3352 885; baseline 0.006 -28"><span class='ocrx_word' id='word_1_505' title='bbox 1807 809 1935 875; x_wconf 80' lang='grc' dir='ltr'>πρὸς</span> <span class='ocrx_word' id='word_1_506' title='bbox 1962 809 2048 861; x_wconf 85' lang='grc' dir='ltr'>τὸν</span> <span class='ocrx_word' id='word_1_507' title='bbox 2078 808 2217 863; x_wconf 85' lang='grc' dir='ltr'>Λώτ.</span> <span class='ocrx_word' id='word_1_508' title='bbox 2259 811 2596 872; x_wconf 86' lang='grc' dir='ltr'>Ἐπιστάντες</span> <span class='ocrx_word' id='word_1_509' title='bbox 2628 814 2675 862; x_wconf 91' lang='grc' dir='ltr'>οί</span> <span class='ocrx_word' id='word_1_510' title='bbox 2734 814 3006 877; x_wconf 78' lang='grc' dir='ltr'>Σοδομῖται</span> <span class='ocrx_word' id='word_1_511' title='bbox 3061 816 3352 885; x_wconf 77' lang='grc' dir='ltr'>ἐπεζήτουν</span> 
     </span>
    </p>
   </div>
   <div class='ocr_carea' id='block_1_67' title="bbox 1803 897 3351 971">
    <p class='ocr_par' dir='ltr' id='par_1_67' title="bbox 1803 897 3351 971">
     <span class='ocr_line' id='line_1_68' title="bbox 1803 897 3351 971; baseline 0.006 -24"><span class='ocrx_word' id='word_1_512' title='bbox 1803 897 2015 958; x_wconf 79' lang='grc' dir='ltr'>αὐτοὺς,</span> <span class='ocrx_word' id='word_1_513' title='bbox 2040 900 2131 950; x_wconf 78' lang='grc' dir='ltr'>καὶ</span> <span class='ocrx_word' id='word_1_514' title='bbox 2162 899 2475 967; x_wconf 86' lang='grc' dir='ltr'>πλήττονται</span> <span class='ocrx_word' id='word_1_515' title='bbox 2502 902 2854 971; x_wconf 78' lang='grc' dir='ltr'>άορασίᾳ.Τὸν</span> <span class='ocrx_word' id='word_1_516' title='bbox 2874 904 2929 953; x_wconf 83' lang='grc' dir='ltr'>δέ</span> <span class='ocrx_word' id='word_1_517' title='bbox 2952 906 3069 955; x_wconf 81' lang='grc' dir='ltr'>Λὼτ</span> <span class='ocrx_word' id='word_1_518' title='bbox 3104 906 3351 966; x_wconf 78' lang='grc' dir='ltr'>λαϐόντες</span> 
     </span>
    </p>
   </div>
   <div class='ocr_carea' id='block_1_68' title="bbox 1803 988 3349 1063">
    <p class='ocr_par' dir='ltr' id='par_1_68' title="bbox 1803 988 3349 1063">
     <span class='ocr_line' id='line_1_69' title="bbox 1803 988 3349 1063; baseline 0.008 -28"><span class='ocrx_word' id='word_1_519' title='bbox 1803 988 1848 1035; x_wconf 80' lang='grc' dir='ltr'>οἱ</span> <span class='ocrx_word' id='word_1_520' title='bbox 1877 988 2091 1052; x_wconf 83' lang='grc' dir='ltr'>ἄγγελοι</span> <span class='ocrx_word' id='word_1_521' title='bbox 2129 989 2345 1056; x_wconf 80' lang='grc' dir='ltr'>ἐξῆλθον</span> <span class='ocrx_word' id='word_1_522' title='bbox 2396 990 2491 1057; x_wconf 87' lang='grc' dir='ltr'>τῆς</span> <span class='ocrx_word' id='word_1_523' title='bbox 2541 992 2713 1051; x_wconf 76' lang='grc' dir='ltr'>οἰκίας</span> <span class='ocrx_word' id='word_1_524' title='bbox 2739 1006 2750 1018; x_wconf 91' lang='grc'><strong>·</strong></span> <span class='ocrx_word' id='word_1_525' title='bbox 2800 992 2890 1041; x_wconf 75' lang='grc' dir='ltr'>καὶ</span> <span class='ocrx_word' id='word_1_526' title='bbox 2924 994 3079 1054; x_wconf 74' lang='grc' dir='ltr'>αὐτὸς</span> <span class='ocrx_word' id='word_1_527' title='bbox 3110 997 3205 1061; x_wconf 78' lang='grc' dir='ltr'>μὲν</span> <span class='ocrx_word' id='word_1_528' title='bbox 3236 998 3349 1063; x_wconf 77' lang='grc' dir='ltr'>ἅμα</span> 
     </span>
    </p>
   </div>
   <div class='ocr_carea' id='block_1_69' title="bbox 1802 1076 3346 1154">
    <p class='ocr_par' dir='ltr' id='par_1_69' title="bbox 1802 1076 3346 1154">
     <span class='ocr_line' id='line_1_70' title="bbox 1802 1076 3346 1154; baseline 0.008 -31"><span class='ocrx_word' id='word_1_529' title='bbox 1802 1078 1921 1135; x_wconf 90' lang='grc' dir='ltr'>ταῖς</span> <span class='ocrx_word' id='word_1_530' title='bbox 1965 1076 2254 1145; x_wconf 79' lang='grc' dir='ltr'>θυγατράσι</span> <span class='ocrx_word' id='word_1_531' title='bbox 2301 1079 2615 1139; x_wconf 74' lang='grc' dir='ltr'>διασώζεται</span> <span class='ocrx_word' id='word_1_532' title='bbox 2663 1082 2740 1139; x_wconf 83' lang='grc' dir='ltr'>είς</span> <span class='ocrx_word' id='word_1_533' title='bbox 2775 1081 3048 1149; x_wconf 77' lang='grc' dir='ltr'>Σηγώρ·ή</span> <span class='ocrx_word' id='word_1_534' title='bbox 3107 1084 3159 1132; x_wconf 87' lang='grc' dir='ltr'>δὲ</span> <span class='ocrx_word' id='word_1_535' title='bbox 3214 1087 3346 1154; x_wconf 86' lang='grc' dir='ltr'>γυνὴ</span> 
     </span>
    </p>
   </div>
   <div class='ocr_carea' id='block_1_70' title="bbox 1802 1160 3342 1233">
    <p class='ocr_par' dir='ltr' id='par_1_70' title="bbox 1802 1160 3342 1233">
     <span class='ocr_line' id='line_1_71' title="bbox 1802 1160 3342 1233; baseline 0.008 -23"><span class='ocrx_word' id='word_1_536' title='bbox 1802 1160 1989 1225; x_wconf 88' lang='grc' dir='ltr'>γέγονε</span> <span class='ocrx_word' id='word_1_537' title='bbox 2016 1164 2179 1232; x_wconf 81' lang='grc' dir='ltr'>στήλη</span> <span class='ocrx_word' id='word_1_538' title='bbox 2215 1165 2355 1228; x_wconf 84' lang='grc' dir='ltr'>ἁλὸς,</span> <span class='ocrx_word' id='word_1_539' title='bbox 2391 1166 2569 1233; x_wconf 82' lang='grc' dir='ltr'>ἐπειδὴ</span> <span class='ocrx_word' id='word_1_540' title='bbox 2610 1166 2907 1233; x_wconf 84' lang='grc' dir='ltr'>ἀπέϐλεψεν</span> <span class='ocrx_word' id='word_1_541' title='bbox 2939 1171 3015 1229; x_wconf 84' lang='grc' dir='ltr'>εἰς</span> <span class='ocrx_word' id='word_1_542' title='bbox 3047 1170 3110 1219; x_wconf 84' lang='grc' dir='ltr'>τά</span> <span class='ocrx_word' id='word_1_543' title='bbox 3156 1172 3342 1224; x_wconf 82' lang='grc' dir='ltr'>ὀπίσω.</span> 
     </span>
    </p>
   </div>
   <div class='ocr_carea' id='block_1_71' title="bbox 1812 1249 3341 1327">
    <p class='ocr_par' dir='ltr' id='par_1_71' title="bbox 1812 1249 3341 1327">
     <span class='ocr_line' id='line_1_72' title="bbox 1812 1249 3341 1327; baseline 0.007 -27"><span class='ocrx_word' id='word_1_544' title='bbox 1812 1249 1897 1311; x_wconf 82' lang='grc' dir='ltr'>Ὣς</span> <span class='ocrx_word' id='word_1_545' title='bbox 1928 1251 1982 1302; x_wconf 88' lang='grc' dir='ltr'>δέ</span> <span class='ocrx_word' id='word_1_546' title='bbox 2012 1252 2314 1323; x_wconf 81' lang='grc' dir='ltr'>ἐνεπρήσθη</span> <span class='ocrx_word' id='word_1_547' title='bbox 2350 1256 2379 1323; x_wconf 91' lang='grc' dir='ltr'>ή</span> <span class='ocrx_word' id='word_1_548' title='bbox 2412 1257 2703 1325; x_wconf 78' lang='grc' dir='ltr'>Σοδομηνὴ.</span> <span class='ocrx_word' id='word_1_549' title='bbox 2737 1259 2825 1307; x_wconf 72' lang='grc' dir='ltr'>καὶ</span> <span class='ocrx_word' id='word_1_550' title='bbox 2860 1260 3093 1327; x_wconf 80' lang='grc' dir='ltr'>ἀπῆλθεν</span> <span class='ocrx_word' id='word_1_551' title='bbox 3146 1264 3221 1322; x_wconf 78' lang='grc' dir='ltr'>είς</span> <span class='ocrx_word' id='word_1_552' title='bbox 3284 1263 3341 1313; x_wconf 90' lang='lat'>:6</span> 
     </span>
    </p>
   </div>
   <div class='ocr_carea' id='block_1_72' title="bbox 1798 1339 3339 1419">
    <p class='ocr_par' dir='ltr' id='par_1_72' title="bbox 1798 1339 3339 1419">
     <span class='ocr_line' id='line_1_73' title="bbox 1798 1339 3339 1419; baseline 0.008 -29"><span class='ocrx_word' id='word_1_553' title='bbox 1798 1339 1920 1409; x_wconf 78' lang='grc' dir='ltr'>ὅρος</span> <span class='ocrx_word' id='word_1_554' title='bbox 1954 1342 2093 1401; x_wconf 88' lang='grc' dir='ltr'>Λὼτ,</span> <span class='ocrx_word' id='word_1_555' title='bbox 2125 1344 2214 1394; x_wconf 76' lang='grc' dir='ltr'>καὶ</span> <span class='ocrx_word' id='word_1_556' title='bbox 2252 1346 2532 1397; x_wconf 85' lang='grc' dir='ltr'>συνέλαϐον</span> <span class='ocrx_word' id='word_1_557' title='bbox 2564 1347 2621 1408; x_wconf 83' lang='grc' dir='ltr'>ἐξ</span> <span class='ocrx_word' id='word_1_558' title='bbox 2660 1349 2818 1399; x_wconf 79' lang='grc' dir='ltr'>αὑτοῦ</span> <span class='ocrx_word' id='word_1_559' title='bbox 2846 1350 2897 1399; x_wconf 79' lang='grc' dir='ltr'>αἱ</span> <span class='ocrx_word' id='word_1_560' title='bbox 2932 1350 3219 1419; x_wconf 82' lang='grc' dir='ltr'>θυγατέρες</span> <span class='ocrx_word' id='word_1_561' title='bbox 3243 1353 3339 1403; x_wconf 89' lang='grc' dir='ltr'>αύ-</span> 
     </span>
    </p>
   </div>
   <div class='ocr_carea' id='block_1_73' title="bbox 1798 1428 3340 1508">
    <p class='ocr_par' dir='ltr' id='par_1_73' title="bbox 1798 1428 3340 1508">
     <span class='ocr_line' id='line_1_74' title="bbox 1798 1428 3340 1508; baseline 0.009 -29"><span class='ocrx_word' id='word_1_562' title='bbox 1798 1428 1911 1490; x_wconf 85' lang='grc' dir='ltr'>τοῦ,</span> <span class='ocrx_word' id='word_1_563' title='bbox 1947 1431 2094 1499; x_wconf 71' lang='grc' dir='ltr'>καὶή</span> <span class='ocrx_word' id='word_1_564' title='bbox 2132 1432 2228 1499; x_wconf 86' lang='grc' dir='ltr'>μέν</span> <span class='ocrx_word' id='word_1_565' title='bbox 2264 1436 2599 1504; x_wconf 83' lang='grc' dir='ltr'>πρεσϐυτέρα</span> <span class='ocrx_word' id='word_1_566' title='bbox 2644 1438 2793 1488; x_wconf 80' lang='grc' dir='ltr'>ἔτεκε</span> <span class='ocrx_word' id='word_1_567' title='bbox 2838 1440 2926 1490; x_wconf 82' lang='grc' dir='ltr'>τὸν</span> <span class='ocrx_word' id='word_1_568' title='bbox 2979 1441 3167 1499; x_wconf 80' lang='grc' dir='ltr'>Μωάϐ,</span> <span class='ocrx_word' id='word_1_569' title='bbox 3215 1443 3245 1508; x_wconf 89' lang='grc' dir='ltr'>ἡ</span> <span class='ocrx_word' id='word_1_570' title='bbox 3285 1444 3340 1493; x_wconf 81' lang='grc' dir='ltr'>δὲ</span> 
     </span>
    </p>
   </div>
   <div class='ocr_carea' id='block_1_74' title="bbox 1798 1519 3341 1599">
    <p class='ocr_par' dir='ltr' id='par_1_74' title="bbox 1798 1519 3341 1599">
     <span class='ocr_line' id='line_1_75' title="bbox 1798 1519 3341 1599; baseline 0.01 -31"><span class='ocrx_word' id='word_1_571' title='bbox 1798 1519 2029 1588; x_wconf 81' lang='grc' dir='ltr'>νεωτέρα</span> <span class='ocrx_word' id='word_1_572' title='bbox 2046 1520 2133 1571; x_wconf 69' lang='grc' dir='ltr'>τὸν</span> <span class='ocrx_word' id='word_1_573' title='bbox 2175 1522 2410 1590; x_wconf 75' lang='grc' dir='ltr'>Ἄμμων’</span> <span class='ocrx_word' id='word_1_574' title='bbox 2446 1526 2539 1594; x_wconf 84' lang='grc' dir='ltr'>τὴν</span> <span class='ocrx_word' id='word_1_575' title='bbox 2567 1528 2620 1578; x_wconf 80' lang='grc' dir='ltr'>δὲ</span> <span class='ocrx_word' id='word_1_576' title='bbox 2656 1529 2788 1595; x_wconf 84' lang='grc' dir='ltr'>μετά</span> <span class='ocrx_word' id='word_1_577' title='bbox 2830 1529 2920 1580; x_wconf 87' lang='grc' dir='ltr'>τοῦ</span> <span class='ocrx_word' id='word_1_578' title='bbox 2946 1532 3146 1597; x_wconf 76' lang='grc' dir='ltr'>πατρὸς</span> <span class='ocrx_word' id='word_1_579' title='bbox 3199 1535 3341 1599; x_wconf 78' lang='grc' dir='ltr'>μίξιν</span> 
     </span>
    </p>
   </div>
   <div class='ocr_carea' id='block_1_75' title="bbox 1798 1606 3340 1685">
    <p class='ocr_par' dir='ltr' id='par_1_75' title="bbox 1798 1606 3340 1685">
     <span class='ocr_line' id='line_1_76' title="bbox 1798 1606 3340 1685; baseline 0.01 -28"><span class='ocrx_word' id='word_1_580' title='bbox 1798 1606 2024 1674; x_wconf 80' lang='grc' dir='ltr'>ἔκλεψαν</span> <span class='ocrx_word' id='word_1_581' title='bbox 2055 1613 2118 1677; x_wconf 83' lang='grc' dir='ltr'>τῇ</span> <span class='ocrx_word' id='word_1_582' title='bbox 2144 1610 2295 1679; x_wconf 79' lang='grc' dir='ltr'>μέθῃ·</span> <span class='ocrx_word' id='word_1_583' title='bbox 2322 1611 2484 1679; x_wconf 76' lang='grc' dir='ltr'>ᾤοντο</span> <span class='ocrx_word' id='word_1_584' title='bbox 2512 1614 2617 1683; x_wconf 87' lang='grc' dir='ltr'>γάρ</span> <span class='ocrx_word' id='word_1_585' title='bbox 2643 1616 2702 1666; x_wconf 89' lang='lat'>:6</span> <span class='ocrx_word' id='word_1_586' title='bbox 2746 1616 3075 1685; x_wconf 82' lang='grc' dir='ltr'>ἀνθρώπινον</span> <span class='ocrx_word' id='word_1_587' title='bbox 3112 1622 3340 1672; x_wconf 81' lang='grc' dir='ltr'>ἐκλελοι-</span> 
     </span>
    </p>
   </div>
   <div class='ocr_carea' id='block_1_76' title="bbox 1800 1698 3339 1777">
    <p class='ocr_par' dir='ltr' id='par_1_76' title="bbox 1800 1698 3339 1777">
     <span class='ocr_line' id='line_1_77' title="bbox 1800 1698 3339 1777; baseline 0.01 -30"><span class='ocrx_word' id='word_1_588' title='bbox 1800 1698 1955 1750; x_wconf 89' lang='grc' dir='ltr'>πέναι</span> <span class='ocrx_word' id='word_1_589' title='bbox 1986 1699 2155 1764; x_wconf 88' lang='grc' dir='ltr'>γένος.</span> <span class='ocrx_word' id='word_1_590' title='bbox 2184 1702 2510 1771; x_wconf 79' lang='grc' dir='ltr'>Παρῴκησεν</span> <span class='ocrx_word' id='word_1_591' title='bbox 2537 1707 2591 1754; x_wconf 88' lang='grc' dir='ltr'>ἐν</span> <span class='ocrx_word' id='word_1_592' title='bbox 2623 1706 2872 1773; x_wconf 89' lang='grc' dir='ltr'>Γεράροις</span> <span class='ocrx_word' id='word_1_593' title='bbox 2903 1709 2928 1758; x_wconf 93' lang='lat'>6</span> <span class='ocrx_word' id='word_1_594' title='bbox 2968 1709 3339 1777; x_wconf 72' lang='grc' dir='ltr'>Ἀϐραὰμ,καὶ</span> 
     </span>
    </p>
   </div>
   <div class='ocr_carea' id='block_1_77' title="bbox 1796 1784 3337 1867">
    <p class='ocr_par' dir='ltr' id='par_1_77' title="bbox 1796 1784 3337 1867">
     <span class='ocr_line' id='line_1_78' title="bbox 1796 1784 3337 1867; baseline 0.011 -34"><span class='ocrx_word' id='word_1_595' title='bbox 1796 1786 1822 1833; x_wconf 89' lang='lat'>6</span> <span class='ocrx_word' id='word_1_596' title='bbox 1847 1784 2092 1852; x_wconf 78' lang='grc' dir='ltr'>βασιλεὺς</span> <span class='ocrx_word' id='word_1_597' title='bbox 2132 1786 2380 1856; x_wconf 85' lang='grc' dir='ltr'>Γεράρων</span> <span class='ocrx_word' id='word_1_598' title='bbox 2419 1790 2698 1859; x_wconf 79' lang='grc' dir='ltr'>Ἀϐιμὲλεχ</span> <span class='ocrx_word' id='word_1_599' title='bbox 2730 1792 2885 1844; x_wconf 74' lang='grc' dir='ltr'>ἔλαϐε</span> <span class='ocrx_word' id='word_1_600' title='bbox 2940 1796 3038 1862; x_wconf 82' lang='grc' dir='ltr'>τήν</span> <span class='ocrx_word' id='word_1_601' title='bbox 3083 1799 3296 1867; x_wconf 74' lang='grc' dir='ltr'>Σάρραν</span> <span class='ocrx_word' id='word_1_602' title='bbox 3323 1816 3337 1829; x_wconf 88' lang='grc'><strong>·</strong></span> 
     </span>
    </p>
   </div>
   <div class='ocr_carea' id='block_1_78' title="bbox 1796 1872 3334 1951">
    <p class='ocr_par' dir='ltr' id='par_1_78' title="bbox 1796 1872 3334 1951">
     <span class='ocr_line' id='line_1_79' title="bbox 1796 1872 3334 1951; baseline 0.01 -29"><span class='ocrx_word' id='word_1_603' title='bbox 1796 1872 2174 1941; x_wconf 79' lang='grc' dir='ltr'>ἀπειλήσαντος</span> <span class='ocrx_word' id='word_1_604' title='bbox 2208 1875 2262 1925; x_wconf 83' lang='grc' dir='ltr'>δὲ</span> <span class='ocrx_word' id='word_1_605' title='bbox 2294 1876 2437 1945; x_wconf 82' lang='grc' dir='ltr'>αύτῷ</span> <span class='ocrx_word' id='word_1_606' title='bbox 2465 1879 2554 1929; x_wconf 91' lang='grc' dir='ltr'>τοῦ</span> <span class='ocrx_word' id='word_1_607' title='bbox 2584 1880 2735 1941; x_wconf 85' lang='grc' dir='ltr'>Θεοῦ,</span> <span class='ocrx_word' id='word_1_608' title='bbox 2788 1881 3099 1947; x_wconf 83' lang='grc' dir='ltr'>ἀπελογεῖτο</span> <span class='ocrx_word' id='word_1_609' title='bbox 3145 1886 3334 1951; x_wconf 86' lang='grc' dir='ltr'>λέγων,</span> 
     </span>
    </p>
   </div>
   <div class='ocr_carea' id='block_1_79' title="bbox 1794 1961 3337 2036">
    <p class='ocr_par' dir='ltr' id='par_1_79' title="bbox 1794 1961 3337 2036">
     <span class='ocr_line' id='line_1_80' title="bbox 1794 1961 3337 2036; baseline 0.011 -26"><span class='ocrx_word' id='word_1_610' title='bbox 1794 1961 2018 2028; x_wconf 81' lang='grc' dir='ltr'>ἀδελφὴν</span> <span class='ocrx_word' id='word_1_611' title='bbox 2041 1962 2200 2014; x_wconf 73' lang='grc' dir='ltr'>αὑτοῦ</span> <span class='ocrx_word' id='word_1_612' title='bbox 2244 1968 2577 2033; x_wconf 85' lang='grc' dir='ltr'>νενομικέναι</span> <span class='ocrx_word' id='word_1_613' title='bbox 2600 1968 2694 2036; x_wconf 85' lang='grc' dir='ltr'>τὴν</span> <span class='ocrx_word' id='word_1_614' title='bbox 2729 1973 2953 2034; x_wconf 84' lang='grc' dir='ltr'>γυναῖκα</span> <span class='ocrx_word' id='word_1_615' title='bbox 2986 1968 3141 2025; x_wconf 77' lang='grc' dir='ltr'>εἶναι·</span> <span class='ocrx_word' id='word_1_616' title='bbox 3195 1976 3337 2028; x_wconf 80' lang='grc' dir='ltr'>οὓτω</span> 
     </span>
    </p>
   </div>
   <div class='ocr_carea' id='block_1_80' title="bbox 1796 2048 3334 2130">
    <p class='ocr_par' dir='ltr' id='par_1_80' title="bbox 1796 2048 3334 2130">
     <span class='ocr_line' id='line_1_81' title="bbox 1796 2048 3334 2130; baseline 0.009 -29"><span class='ocrx_word' id='word_1_617' title='bbox 1796 2050 1900 2119; x_wconf 86' lang='grc' dir='ltr'>γάρ</span> <span class='ocrx_word' id='word_1_618' title='bbox 1928 2052 2057 2118; x_wconf 78' lang='grc' dir='ltr'>αὐτή</span> <span class='ocrx_word' id='word_1_619' title='bbox 2078 2048 2243 2105; x_wconf 86' lang='grc' dir='ltr'>εἶπεν.</span> <span class='ocrx_word' id='word_1_620' title='bbox 2272 2054 2536 2106; x_wconf 81' lang='grc' dir='ltr'>Ἀπέδωκε</span> <span class='ocrx_word' id='word_1_621' title='bbox 2562 2057 2615 2107; x_wconf 88' lang='grc' dir='ltr'>δὲ</span> <span class='ocrx_word' id='word_1_622' title='bbox 2638 2058 2801 2126; x_wconf 82' lang='grc' dir='ltr'>αὐτὴν</span> <span class='ocrx_word' id='word_1_623' title='bbox 2829 2058 2904 2127; x_wconf 82' lang='grc' dir='ltr'>τῷ</span> <span class='ocrx_word' id='word_1_624' title='bbox 2935 2058 3175 2130; x_wconf 82' lang='grc' dir='ltr'>Ἀϐραάμ</span> <span class='ocrx_word' id='word_1_625' title='bbox 3201 2066 3334 2130; x_wconf 66' lang='grc' dir='ltr'>μετὰ</span> 
     </span>
    </p>
   </div>
   <div class='ocr_carea' id='block_1_81' title="bbox 1793 2140 3331 2208">
    <p class='ocr_par' dir='ltr' id='par_1_81' title="bbox 1793 2140 3331 2208">
     <span class='ocr_line' id='line_1_82' title="bbox 1793 2140 3331 2208; baseline 0.008 -18"><span class='ocrx_word' id='word_1_626' title='bbox 1793 2140 1992 2208; x_wconf 83' lang='grc' dir='ltr'>δώρων.</span> <span class='ocrx_word' id='word_1_627' title='bbox 2031 2142 2157 2193; x_wconf 75' lang='grc' dir='ltr'>Τότε</span> <span class='ocrx_word' id='word_1_628' title='bbox 2182 2144 2494 2195; x_wconf 83' lang='grc' dir='ltr'>ἀποδοθεῖσα</span> <span class='ocrx_word' id='word_1_629' title='bbox 2524 2146 2691 2197; x_wconf 83' lang='grc' dir='ltr'>τίκτει</span> <span class='ocrx_word' id='word_1_630' title='bbox 2716 2147 2802 2198; x_wconf 81' lang='grc' dir='ltr'>τὸν</span> <span class='ocrx_word' id='word_1_631' title='bbox 2842 2150 3036 2200; x_wconf 86' lang='grc' dir='ltr'>Ἰσαάκ.</span> <span class='ocrx_word' id='word_1_632' title='bbox 3108 2152 3331 2205; x_wconf 80' lang='grc' dir='ltr'>Ἐκϐαλ-</span> 
     </span>
    </p>
   </div>
   <div class='ocr_carea' id='block_1_82' title="bbox 1794 2227 3335 2304">
    <p class='ocr_par' dir='ltr' id='par_1_82' title="bbox 1794 2227 3335 2304">
     <span class='ocr_line' id='line_1_83' title="bbox 1794 2227 3335 2304; baseline 0.01 -27"><span class='ocrx_word' id='word_1_633' title='bbox 1794 2227 1953 2280; x_wconf 85' lang='grc' dir='ltr'>λειδέ</span> <span class='ocrx_word' id='word_1_634' title='bbox 1989 2232 2085 2298; x_wconf 78' lang='grc' dir='ltr'>τὴν</span> <span class='ocrx_word' id='word_1_635' title='bbox 2139 2233 2421 2301; x_wconf 76' lang='grc' dir='ltr'>παιδίσκην</span> <span class='ocrx_word' id='word_1_636' title='bbox 2459 2234 2555 2302; x_wconf 81' lang='grc' dir='ltr'>τῆς</span> <span class='ocrx_word' id='word_1_637' title='bbox 2608 2235 2777 2296; x_wconf 80' lang='grc' dir='ltr'>οἰκίας</span> <span class='ocrx_word' id='word_1_638' title='bbox 2831 2238 2961 2304; x_wconf 88' lang='grc' dir='ltr'>μετά</span> <span class='ocrx_word' id='word_1_639' title='bbox 2991 2238 3078 2289; x_wconf 86' lang='grc' dir='ltr'>τοῦ</span> <span class='ocrx_word' id='word_1_640' title='bbox 3128 2242 3335 2293; x_wconf 74' lang='grc' dir='ltr'>παιδίου</span> 
     </span>
    </p>
   </div>
   <div class='ocr_carea' id='block_1_83' title="bbox 1804 2319 3333 2397">
    <p class='ocr_par' dir='ltr' id='par_1_83' title="bbox 1804 2319 3333 2397">
     <span class='ocr_line' id='line_1_84' title="bbox 1804 2319 3333 2397; baseline 0.008 -28"><span class='ocrx_word' id='word_1_641' title='bbox 1804 2319 2042 2387; x_wconf 87' lang='grc' dir='ltr'>Ἰσμαήλ.</span> <span class='ocrx_word' id='word_1_642' title='bbox 2095 2322 2147 2373; x_wconf 87' lang='grc' dir='ltr'><strong>Ὀ</strong></span> <span class='ocrx_word' id='word_1_643' title='bbox 2168 2323 2222 2373; x_wconf 81' lang='grc' dir='ltr'>δέ</span> <span class='ocrx_word' id='word_1_644' title='bbox 2259 2324 2536 2391; x_wconf 81' lang='grc' dir='ltr'>Ἀϐιμέλεχ</span> <span class='ocrx_word' id='word_1_645' title='bbox 2561 2324 2761 2375; x_wconf 88' lang='grc' dir='ltr'>τίθεται</span> <span class='ocrx_word' id='word_1_646' title='bbox 2792 2326 2923 2393; x_wconf 84' lang='grc' dir='ltr'>πρὸς</span> <span class='ocrx_word' id='word_1_647' title='bbox 2948 2326 3034 2377; x_wconf 87' lang='grc' dir='ltr'>τὸν</span> <span class='ocrx_word' id='word_1_648' title='bbox 3090 2329 3333 2397; x_wconf 84' lang='grc' dir='ltr'>Ἀϐραάμ</span> 
     </span>
    </p>
   </div>
   <div class='ocr_carea' id='block_1_84' title="bbox 1791 2406 3333 2484">
    <p class='ocr_par' dir='ltr' id='par_1_84' title="bbox 1791 2406 3333 2484">
     <span class='ocr_line' id='line_1_85' title="bbox 1791 2406 3333 2484; baseline 0.008 -28"><span class='ocrx_word' id='word_1_649' title='bbox 1791 2406 2065 2476; x_wconf 79' lang='grc' dir='ltr'>διαθήκην,</span> <span class='ocrx_word' id='word_1_650' title='bbox 2095 2409 2231 2461; x_wconf 80' lang='grc' dir='ltr'>ὥστε</span> <span class='ocrx_word' id='word_1_651' title='bbox 2264 2412 2335 2479; x_wconf 84' lang='grc' dir='ltr'>μὴ</span> <span class='ocrx_word' id='word_1_652' title='bbox 2384 2412 2631 2481; x_wconf 83' lang='grc' dir='ltr'>ἀδικῆσαι</span> <span class='ocrx_word' id='word_1_653' title='bbox 2681 2414 2952 2482; x_wconf 85' lang='grc' dir='ltr'>ἀλλήλους,</span> <span class='ocrx_word' id='word_1_654' title='bbox 2986 2417 3073 2467; x_wconf 76' lang='grc' dir='ltr'>καὶ</span> <span class='ocrx_word' id='word_1_655' title='bbox 3124 2418 3333 2484; x_wconf 88' lang='grc' dir='ltr'>λαμϐά-</span> 
     </span>
    </p>
   </div>
   <div class='ocr_carea' id='block_1_85' title="bbox 1789 2498 3333 2574">
    <p class='ocr_par' dir='ltr' id='par_1_85' title="bbox 1789 2498 3333 2574">
     <span class='ocr_line' id='line_1_86' title="bbox 1789 2498 3333 2574; baseline 0.005 -28"><span class='ocrx_word' id='word_1_656' title='bbox 1789 2512 1865 2547; x_wconf 87' lang='grc' dir='ltr'>νει</span> <span class='ocrx_word' id='word_1_657' title='bbox 1895 2498 2028 2548; x_wconf 79' lang='grc' dir='ltr'>ἐπτά</span> <span class='ocrx_word' id='word_1_658' title='bbox 2060 2500 2295 2567; x_wconf 68' lang='grc' dir='ltr'>ἀμνάδας</span> <span class='ocrx_word' id='word_1_659' title='bbox 2326 2502 2473 2569; x_wconf 81' lang='grc' dir='ltr'>παρά</span> <span class='ocrx_word' id='word_1_660' title='bbox 2508 2502 2598 2552; x_wconf 85' lang='grc' dir='ltr'>τοῦ</span> <span class='ocrx_word' id='word_1_661' title='bbox 2637 2503 2896 2570; x_wconf 81' lang='grc' dir='ltr'>Ἀϐραάμ,</span> <span class='ocrx_word' id='word_1_662' title='bbox 2933 2506 3010 2563; x_wconf 83' lang='grc' dir='ltr'>είς</span> <span class='ocrx_word' id='word_1_663' title='bbox 3045 2505 3333 2574; x_wconf 86' lang='grc' dir='ltr'>μαρτύριον</span> 
     </span>
    </p>
   </div>
   <div class='ocr_carea' id='block_1_86' title="bbox 1788 2581 3332 2658">
    <p class='ocr_par' dir='ltr' id='par_1_86' title="bbox 1788 2581 3332 2658">
     <span class='ocr_line' id='line_1_87' title="bbox 1788 2581 3332 2658; baseline 0.006 -26"><span class='ocrx_word' id='word_1_664' title='bbox 1788 2581 1878 2631; x_wconf 86' lang='grc' dir='ltr'>τοῦ</span> <span class='ocrx_word' id='word_1_665' title='bbox 1936 2584 2162 2650; x_wconf 77' lang='grc' dir='ltr'>φρέατος</span> <span class='ocrx_word' id='word_1_666' title='bbox 2212 2586 2301 2635; x_wconf 83' lang='grc' dir='ltr'>τοῦ</span> <span class='ocrx_word' id='word_1_667' title='bbox 2357 2588 2636 2653; x_wconf 83' lang='grc' dir='ltr'>ὀρκισμοῦ,</span> <span class='ocrx_word' id='word_1_668' title='bbox 2704 2588 2786 2636; x_wconf 83' lang='grc' dir='ltr'>ἵνα</span> <span class='ocrx_word' id='word_1_669' title='bbox 2922 2588 3075 2654; x_wconf 87' lang='grc' dir='ltr'>δῆλον</span> <span class='ocrx_word' id='word_1_670' title='bbox 3107 2592 3183 2641; x_wconf 89' lang='grc' dir='ltr'>ὅτι</span> <span class='ocrx_word' id='word_1_671' title='bbox 3239 2593 3332 2643; x_wconf 89' lang='grc' dir='ltr'>τοῦ</span> 
     </span>
    </p>
   </div>
   <div class='ocr_carea' id='block_1_87' title="bbox 1801 2668 3333 2739">
    <p class='ocr_par' dir='ltr' id='par_1_87' title="bbox 1801 2668 3333 2739">
     <span class='ocr_line' id='line_1_88' title="bbox 1801 2668 3333 2739; baseline 0.008 -22"><span class='ocrx_word' id='word_1_672' title='bbox 1801 2668 2046 2736; x_wconf 84' lang='grc' dir='ltr'>Ἀϐραάμ</span> <span class='ocrx_word' id='word_1_673' title='bbox 2068 2671 2198 2721; x_wconf 84' lang='grc' dir='ltr'>ἐστι.</span> <span class='ocrx_word' id='word_1_674' title='bbox 2223 2671 2509 2721; x_wconf 77' lang='grc' dir='ltr'>Κελεύεται</span> <span class='ocrx_word' id='word_1_675' title='bbox 2540 2669 2822 2738; x_wconf 80' lang='grc' dir='ltr'>ἀνενέγκαι</span> <span class='ocrx_word' id='word_1_676' title='bbox 2856 2674 2943 2724; x_wconf 79' lang='grc' dir='ltr'>τὸν</span> <span class='ocrx_word' id='word_1_677' title='bbox 2972 2678 3084 2728; x_wconf 82' lang='grc' dir='ltr'>υἱὸν</span> <span class='ocrx_word' id='word_1_678' title='bbox 3119 2680 3195 2739; x_wconf 84' lang='grc' dir='ltr'>εἰς</span> <span class='ocrx_word' id='word_1_679' title='bbox 3222 2680 3333 2730; x_wconf 82' lang='grc' dir='ltr'>ὁλο-</span> 
     </span>
    </p>
   </div>
   <div class='ocr_carea' id='block_1_88' title="bbox 1792 2756 3333 2833">
    <p class='ocr_par' dir='ltr' id='par_1_88' title="bbox 1792 2756 3333 2833">
     <span class='ocr_line' id='line_1_89' title="bbox 1792 2756 3333 2833; baseline 0.009 -28"><span class='ocrx_word' id='word_1_680' title='bbox 1792 2756 2089 2822; x_wconf 85' lang='grc' dir='ltr'>κάρπωσιν,</span> <span class='ocrx_word' id='word_1_681' title='bbox 2121 2760 2211 2809; x_wconf 77' lang='grc' dir='ltr'>καὶ</span> <span class='ocrx_word' id='word_1_682' title='bbox 2258 2760 2599 2827; x_wconf 82' lang='grc' dir='ltr'>ἀναφέρεται,</span> <span class='ocrx_word' id='word_1_683' title='bbox 2631 2763 2723 2811; x_wconf 78' lang='grc' dir='ltr'>καὶ</span> <span class='ocrx_word' id='word_1_684' title='bbox 2756 2764 3009 2828; x_wconf 79' lang='grc' dir='ltr'>σφάζεται</span> <span class='ocrx_word' id='word_1_685' title='bbox 3045 2767 3191 2833; x_wconf 80' lang='grc' dir='ltr'>κριὸς</span> <span class='ocrx_word' id='word_1_686' title='bbox 3222 2769 3333 2819; x_wconf 76' lang='grc' dir='ltr'>ἀντ’</span> 
     </span>
    </p>
   </div>
   <div class='ocr_carea' id='block_1_89' title="bbox 1794 2840 3333 2923">
    <p class='ocr_par' dir='ltr' id='par_1_89' title="bbox 1794 2840 3333 2923">
     <span class='ocr_line' id='line_1_90' title="bbox 1794 2840 3333 2923; baseline 0.008 -30"><span class='ocrx_word' id='word_1_687' title='bbox 1794 2840 1939 2912; x_wconf 68' lang='grc' dir='ltr'>[5Ξ1]</span> <span class='ocrx_word' id='word_1_688' title='bbox 1969 2844 2145 2895; x_wconf 82' lang='grc' dir='ltr'>αὐτοῦ.</span> <span class='ocrx_word' id='word_1_689' title='bbox 2178 2846 2205 2883; x_wconf 73' lang='lat' dir='ltr'><strong>b</strong></span> <span class='ocrx_word' id='word_1_690' title='bbox 2239 2846 2415 2897; x_wconf 85' lang='grc' dir='ltr'>Ταῦτα</span> <span class='ocrx_word' id='word_1_691' title='bbox 2443 2848 2495 2899; x_wconf 88' lang='grc' dir='ltr'>δέ</span> <span class='ocrx_word' id='word_1_692' title='bbox 2540 2849 2694 2900; x_wconf 87' lang='grc' dir='ltr'>τύποι</span> <span class='ocrx_word' id='word_1_693' title='bbox 2726 2846 2861 2919; x_wconf 83' lang='grc' dir='ltr'>ἦσαν</span> <span class='ocrx_word' id='word_1_694' title='bbox 2907 2854 2999 2921; x_wconf 87' lang='grc' dir='ltr'>τῆς</span> <span class='ocrx_word' id='word_1_695' title='bbox 3041 2855 3333 2923; x_wconf 73' lang='grc' dir='ltr'>μελλούσης</span> 
     </span>
    </p>
   </div>
   <div class='ocr_carea' id='block_1_90' title="bbox 1789 2930 3332 3008">
    <p class='ocr_par' dir='ltr' id='par_1_90' title="bbox 1789 2930 3332 3008">
     <span class='ocr_line' id='line_1_91' title="bbox 1789 2930 3332 3008; baseline 0.009 -29"><span class='ocrx_word' id='word_1_696' title='bbox 1789 2930 2088 2997; x_wconf 84' lang='grc' dir='ltr'>οίκονομίας</span> <span class='ocrx_word' id='word_1_697' title='bbox 2113 2933 2212 2982; x_wconf 82' lang='lat'><em>61:6</em></span> <span class='ocrx_word' id='word_1_698' title='bbox 2238 2934 2467 3000; x_wconf 84' lang='grc' dir='ltr'>Χριστοῦ</span> <span class='ocrx_word' id='word_1_699' title='bbox 2498 2935 2758 2986; x_wconf 80' lang='grc' dir='ltr'>τελεῖσθαι</span> <span class='ocrx_word' id='word_1_700' title='bbox 2800 2939 2937 3008; x_wconf 87' lang='grc' dir='ltr'>ύπέρ</span> <span class='ocrx_word' id='word_1_701' title='bbox 2967 2941 3137 3008; x_wconf 83' lang='grc' dir='ltr'>ήμῶν.</span> <span class='ocrx_word' id='word_1_702' title='bbox 3180 2944 3332 2993; x_wconf 81' lang='grc' dir='ltr'>Ἀπο-</span> 
     </span>
    </p>
   </div>
   <div class='ocr_carea' id='block_1_91' title="bbox 1791 3016 3332 3099">
    <p class='ocr_par' dir='ltr' id='par_1_91' title="bbox 1791 3016 3332 3099">
     <span class='ocr_line' id='line_1_92' title="bbox 1791 3016 3332 3099; baseline 0.009 -32"><span class='ocrx_word' id='word_1_703' title='bbox 1791 3016 2003 3085; x_wconf 89' lang='grc' dir='ltr'>θνήσκει</span> <span class='ocrx_word' id='word_1_704' title='bbox 2036 3018 2234 3087; x_wconf 75' lang='grc' dir='ltr'>Σάρρα,</span> <span class='ocrx_word' id='word_1_705' title='bbox 2260 3021 2349 3070; x_wconf 71' lang='grc' dir='ltr'>καὶ</span> <span class='ocrx_word' id='word_1_706' title='bbox 2383 3024 2652 3089; x_wconf 84' lang='grc' dir='ltr'>ἀγοράσας</span> <span class='ocrx_word' id='word_1_707' title='bbox 2672 3024 2827 3076; x_wconf 75' lang='grc' dir='ltr'>τόπον</span> <span class='ocrx_word' id='word_1_708' title='bbox 2849 3028 2875 3077; x_wconf 90' lang='lat'>6</span> <span class='ocrx_word' id='word_1_709' title='bbox 2909 3028 3150 3096; x_wconf 85' lang='grc' dir='ltr'>Ἀϐραάμ</span> <span class='ocrx_word' id='word_1_710' title='bbox 3185 3030 3332 3099; x_wconf 83' lang='grc' dir='ltr'>παρά</span> 
     </span>
    </p>
   </div>
   <div class='ocr_carea' id='block_1_92' title="bbox 1787 3104 3330 3181">
    <p class='ocr_par' dir='ltr' id='par_1_92' title="bbox 1787 3104 3330 3181">
     <span class='ocr_line' id='line_1_93' title="bbox 1787 3104 3330 3181; baseline 0.01 -27"><span class='ocrx_word' id='word_1_711' title='bbox 1787 3104 1996 3171; x_wconf 73' lang='grc' dir='ltr'>Ἐφρὼν</span> <span class='ocrx_word' id='word_1_712' title='bbox 2026 3104 2115 3155; x_wconf 90' lang='grc' dir='ltr'>τοῦ</span> <span class='ocrx_word' id='word_1_713' title='bbox 2148 3108 2419 3169; x_wconf 80' lang='grc' dir='ltr'>Χετταίου,</span> <span class='ocrx_word' id='word_1_714' title='bbox 2458 3109 2645 3161; x_wconf 82' lang='grc' dir='ltr'>θάπτει</span> <span class='ocrx_word' id='word_1_715' title='bbox 2687 3113 2798 3163; x_wconf 82' lang='grc' dir='ltr'>ἐκεῖ</span> <span class='ocrx_word' id='word_1_716' title='bbox 2822 3115 2917 3181; x_wconf 78' lang='grc' dir='ltr'>τὴν</span> <span class='ocrx_word' id='word_1_717' title='bbox 2946 3120 3192 3180; x_wconf 88' lang='grc' dir='ltr'>γυναῖκα,</span> <span class='ocrx_word' id='word_1_718' title='bbox 3237 3121 3330 3169; x_wconf 78' lang='grc' dir='ltr'>καὶ</span> 
     </span>
    </p>
   </div>
   <div class='ocr_carea' id='block_1_93' title="bbox 1790 3192 3331 3273">
    <p class='ocr_par' dir='ltr' id='par_1_93' title="bbox 1790 3192 3331 3273">
     <span class='ocr_line' id='line_1_94' title="bbox 1790 3192 3331 3273; baseline 0.01 -33"><span class='ocrx_word' id='word_1_719' title='bbox 1790 3192 2106 3258; x_wconf 83' lang='grc' dir='ltr'>πέμπειτὸν</span> <span class='ocrx_word' id='word_1_720' title='bbox 2133 3193 2292 3242; x_wconf 86' lang='grc' dir='ltr'>παῖδα</span> <span class='ocrx_word' id='word_1_721' title='bbox 2337 3194 2492 3244; x_wconf 82' lang='grc' dir='ltr'>αὑτοῦ</span> <span class='ocrx_word' id='word_1_722' title='bbox 2524 3235 2537 3258; x_wconf 94' lang='grc'>,</span> <span class='ocrx_word' id='word_1_723' title='bbox 2587 3196 2722 3248; x_wconf 80' lang='grc' dir='ltr'>ὥστε</span> <span class='ocrx_word' id='word_1_724' title='bbox 2784 3201 3205 3267; x_wconf 84' lang='grc' dir='ltr'>μνηστεύσασθαι</span> <span class='ocrx_word' id='word_1_725' title='bbox 3256 3207 3331 3273; x_wconf 84' lang='grc' dir='ltr'>τῷ</span> 
     </span>
    </p>
   </div>
   <div class='ocr_carea' id='block_1_94' title="bbox 1802 3278 3331 3360">
    <p class='ocr_par' dir='ltr' id='par_1_94' title="bbox 1802 3278 3331 3360">
     <span class='ocr_line' id='line_1_95' title="bbox 1802 3278 3331 3360; baseline 0.01 -33"><span class='ocrx_word' id='word_1_726' title='bbox 1802 3278 1981 3329; x_wconf 75' lang='grc' dir='ltr'>Ἰσαὰκ</span> <span class='ocrx_word' id='word_1_727' title='bbox 2001 3282 2227 3343; x_wconf 87' lang='grc' dir='ltr'>γυναῖκα</span> <span class='ocrx_word' id='word_1_728' title='bbox 2256 3281 2360 3331; x_wconf 71' lang='grc' dir='ltr'>ἀπὸ</span> <span class='ocrx_word' id='word_1_729' title='bbox 2381 3282 2815 3351; x_wconf 84' lang='grc' dir='ltr'>Μεσοποταμίας,</span> <span class='ocrx_word' id='word_1_730' title='bbox 2862 3289 3224 3354; x_wconf 84' lang='grc' dir='ltr'>παραγγείλας</span> <span class='ocrx_word' id='word_1_731' title='bbox 3260 3295 3331 3360; x_wconf 82' lang='grc' dir='ltr'>μὴ</span> 
     </span>
    </p>
   </div>
   <div class='ocr_carea' id='block_1_95' title="bbox 1789 3367 3333 3444">
    <p class='ocr_par' dir='ltr' id='par_1_95' title="bbox 1789 3367 3333 3444">
     <span class='ocr_line' id='line_1_96' title="bbox 1789 3367 3333 3444; baseline 0.01 -28"><span class='ocrx_word' id='word_1_732' title='bbox 1789 3367 2117 3436; x_wconf 76' lang='grc' dir='ltr'>ἀποστρέψαι</span> <span class='ocrx_word' id='word_1_733' title='bbox 2141 3368 2227 3420; x_wconf 76' lang='grc' dir='ltr'>τὸν</span> <span class='ocrx_word' id='word_1_734' title='bbox 2261 3370 2371 3420; x_wconf 81' lang='grc' dir='ltr'>υἱὸν</span> <span class='ocrx_word' id='word_1_735' title='bbox 2404 3372 2562 3422; x_wconf 83' lang='grc' dir='ltr'>αὑτοῦ</span> <span class='ocrx_word' id='word_1_736' title='bbox 2587 3374 2715 3436; x_wconf 85' lang='grc' dir='ltr'>ἐκεῖ,</span> <span class='ocrx_word' id='word_1_737' title='bbox 2742 3377 2787 3424; x_wconf 90' lang='grc' dir='ltr'>εἰ</span> <span class='ocrx_word' id='word_1_738' title='bbox 2812 3376 2883 3443; x_wconf 87' lang='grc' dir='ltr'>μὴ</span> <span class='ocrx_word' id='word_1_739' title='bbox 2909 3377 3142 3444; x_wconf 69' lang='grc' dir='ltr'>βούλοιτο</span> <span class='ocrx_word' id='word_1_740' title='bbox 3162 3380 3333 3430; x_wconf 82' lang='grc' dir='ltr'>ἐλθεῖν</span> 
     </span>
    </p>
   </div>
   <div class='ocr_carea' id='block_1_96' title="bbox 1787 3455 3329 3537">
    <p class='ocr_par' dir='ltr' id='par_1_96' title="bbox 1787 3455 3329 3537">
     <span class='ocr_line' id='line_1_97' title="bbox 1787 3455 3329 3537; baseline 0.01 -32"><span class='ocrx_word' id='word_1_741' title='bbox 1787 3460 1819 3525; x_wconf 88' lang='grc' dir='ltr'>ή</span> <span class='ocrx_word' id='word_1_742' title='bbox 1849 3458 2001 3526; x_wconf 89' lang='grc' dir='ltr'>γυνή.</span> <span class='ocrx_word' id='word_1_743' title='bbox 2049 3457 2131 3519; x_wconf 85' lang='grc' dir='ltr'>Ὦς</span> <span class='ocrx_word' id='word_1_744' title='bbox 2184 3459 2237 3508; x_wconf 80' lang='grc' dir='ltr'>δέ</span> <span class='ocrx_word' id='word_1_745' title='bbox 2267 3455 2422 3527; x_wconf 78' lang='grc' dir='ltr'>ἦλθεν</span> <span class='ocrx_word' id='word_1_746' title='bbox 2448 3463 2474 3511; x_wconf 93' lang='lat'>6</span> <span class='ocrx_word' id='word_1_747' title='bbox 2520 3464 2641 3522; x_wconf 89' lang='grc' dir='ltr'>παῖς</span> <span class='ocrx_word' id='word_1_748' title='bbox 2696 3465 2770 3523; x_wconf 83' lang='grc' dir='ltr'>εἰς</span> <span class='ocrx_word' id='word_1_749' title='bbox 2801 3465 2894 3533; x_wconf 83' lang='grc' dir='ltr'>τήν</span> <span class='ocrx_word' id='word_1_750' title='bbox 2929 3467 3079 3517; x_wconf 68' lang='grc' dir='ltr'>πόλιν</span> <span class='ocrx_word' id='word_1_751' title='bbox 3112 3469 3329 3537; x_wconf 82' lang='grc' dir='ltr'>Ναχὼρ,</span> 
     </span>
    </p>
   </div>
   <div class='ocr_carea' id='block_1_97' title="bbox 1788 3542 3333 3623">
    <p class='ocr_par' dir='ltr' id='par_1_97' title="bbox 1788 3542 3333 3623">
     <span class='ocr_line' id='line_1_98' title="bbox 1788 3542 3333 3623; baseline 0.006 -28"><span class='ocrx_word' id='word_1_752' title='bbox 1788 3545 1879 3595; x_wconf 69' lang='grc' dir='ltr'>καὶ</span> <span class='ocrx_word' id='word_1_753' title='bbox 1894 3542 1951 3594; x_wconf 92' lang='lat'>:6</span> <span class='ocrx_word' id='word_1_754' title='bbox 1982 3547 2197 3612; x_wconf 83' lang='grc' dir='ltr'>σημεῖον</span> <span class='ocrx_word' id='word_1_755' title='bbox 2235 3547 2421 3615; x_wconf 75' lang='grc' dir='ltr'>ᾔτησε,</span> <span class='ocrx_word' id='word_1_756' title='bbox 2467 3548 2584 3598; x_wconf 83' lang='grc' dir='ltr'>καθ’</span> <span class='ocrx_word' id='word_1_757' title='bbox 2611 3548 2637 3599; x_wconf 85' lang='lat'>6</span> <span class='ocrx_word' id='word_1_758' title='bbox 2664 3550 2855 3618; x_wconf 75' lang='grc' dir='ltr'>ἤμελλε</span> <span class='ocrx_word' id='word_1_759' title='bbox 2910 3555 3188 3621; x_wconf 78' lang='grc' dir='ltr'>γνωρίζειν</span> <span class='ocrx_word' id='word_1_760' title='bbox 3236 3555 3333 3623; x_wconf 81' lang='grc' dir='ltr'>τὴν</span> 
     </span>
    </p>
   </div>
   <div class='ocr_carea' id='block_1_98' title="bbox 1791 3628 3332 3711">
    <p class='ocr_par' dir='ltr' id='par_1_98' title="bbox 1791 3628 3332 3711">
     <span class='ocr_line' id='line_1_99' title="bbox 1791 3628 3332 3711; baseline 0.008 -32"><span class='ocrx_word' id='word_1_761' title='bbox 1791 3629 2069 3698; x_wconf 88' lang='grc' dir='ltr'>παρθένον·</span> <span class='ocrx_word' id='word_1_762' title='bbox 2094 3628 2159 3700; x_wconf 82' lang='grc' dir='ltr'>ῆν</span> <span class='ocrx_word' id='word_1_763' title='bbox 2181 3632 2234 3682; x_wconf 86' lang='grc' dir='ltr'>δὲ</span> <span class='ocrx_word' id='word_1_764' title='bbox 2274 3634 2331 3684; x_wconf 90' lang='lat'>:6</span> <span class='ocrx_word' id='word_1_765' title='bbox 2365 3638 2600 3701; x_wconf 83' lang='grc' dir='ltr'>σημεῖον,</span> <span class='ocrx_word' id='word_1_766' title='bbox 2643 3641 2933 3706; x_wconf 81' lang='grc' dir='ltr'>παρασχεῖν</span> <span class='ocrx_word' id='word_1_767' title='bbox 2959 3642 3167 3709; x_wconf 82' lang='grc' dir='ltr'>ἐκείνην</span> <span class='ocrx_word' id='word_1_768' title='bbox 3187 3643 3332 3711; x_wconf 84' lang='grc' dir='ltr'>αύτῴ</span> 
     </span>
    </p>
   </div>
   <div class='ocr_carea' id='block_1_99' title="bbox 1786 3719 3331 3794">
    <p class='ocr_par' dir='ltr' id='par_1_99' title="bbox 1786 3719 3331 3794">
     <span class='ocr_line' id='line_1_100' title="bbox 1786 3719 3331 3794; baseline 0.009 -26"><span class='ocrx_word' id='word_1_769' title='bbox 1786 3734 1842 3769; x_wconf 91' lang='grc' dir='ltr'>τε</span> <span class='ocrx_word' id='word_1_770' title='bbox 1873 3719 1962 3769; x_wconf 76' lang='grc' dir='ltr'>καὶ</span> <span class='ocrx_word' id='word_1_771' title='bbox 1988 3722 2104 3781; x_wconf 87' lang='grc' dir='ltr'>ταῖς</span> <span class='ocrx_word' id='word_1_772' title='bbox 2141 3722 2397 3788; x_wconf 86' lang='grc' dir='ltr'>καμήλοις</span> <span class='ocrx_word' id='word_1_773' title='bbox 2414 3723 2570 3773; x_wconf 83' lang='grc' dir='ltr'>αὑτοῦ</span> <span class='ocrx_word' id='word_1_774' title='bbox 2602 3728 2756 3775; x_wconf 85' lang='grc' dir='ltr'>πιεῖν’</span> <span class='ocrx_word' id='word_1_775' title='bbox 2787 3727 3331 3794; x_wconf 78' lang='grc' dir='ltr'>ἐξέρχεταιῬεϐέκκα</span> 
     </span>
    </p>
   </div>
   <div class='ocr_carea' id='block_1_100' title="bbox 1789 3809 3331 3890">
    <p class='ocr_par' dir='ltr' id='par_1_100' title="bbox 1789 3809 3331 3890">
     <span class='ocr_line' id='line_1_101' title="bbox 1789 3809 3331 3890; baseline 0.009 -30"><span class='ocrx_word' id='word_1_776' title='bbox 1789 3810 1821 3876; x_wconf 83' lang='grc' dir='ltr'>ή</span> <span class='ocrx_word' id='word_1_777' title='bbox 1870 3809 2106 3879; x_wconf 88' lang='grc' dir='ltr'>θυγάτηρ</span> <span class='ocrx_word' id='word_1_778' title='bbox 2150 3812 2383 3880; x_wconf 78' lang='grc' dir='ltr'>Βαθουήλ</span> <span class='ocrx_word' id='word_1_779' title='bbox 2423 3813 2513 3864; x_wconf 87' lang='grc' dir='ltr'>τοῦ</span> <span class='ocrx_word' id='word_1_780' title='bbox 2553 3814 2664 3865; x_wconf 84' lang='grc' dir='ltr'>υἱοῦ</span> <span class='ocrx_word' id='word_1_781' title='bbox 2719 3816 2935 3885; x_wconf 79' lang='grc' dir='ltr'>Ναχώρ·</span> <span class='ocrx_word' id='word_1_782' title='bbox 2971 3823 2997 3871; x_wconf 90' lang='lat'>6</span> <span class='ocrx_word' id='word_1_783' title='bbox 3034 3820 3089 3870; x_wconf 86' lang='grc' dir='ltr'>δέ</span> <span class='ocrx_word' id='word_1_784' title='bbox 3132 3822 3331 3890; x_wconf 84' lang='grc' dir='ltr'>Ναχὼρ</span> 
     </span>
    </p>
   </div>
   <div class='ocr_carea' id='block_1_101' title="bbox 1788 3897 3331 3976">
    <p class='ocr_par' dir='ltr' id='par_1_101' title="bbox 1788 3897 3331 3976">
     <span class='ocr_line' id='line_1_102' title="bbox 1788 3897 3331 3976; baseline 0.008 -26"><span class='ocrx_word' id='word_1_785' title='bbox 1788 3898 2010 3965; x_wconf 71' lang='grc' dir='ltr'>ἀδελφὸς</span> <span class='ocrx_word' id='word_1_786' title='bbox 2034 3897 2099 3968; x_wconf 81' lang='grc' dir='ltr'>ἦν</span> <span class='ocrx_word' id='word_1_787' title='bbox 2122 3900 2211 3951; x_wconf 90' lang='grc' dir='ltr'>τοῦ</span> <span class='ocrx_word' id='word_1_788' title='bbox 2253 3902 2513 3970; x_wconf 69' lang='grc' dir='ltr'>Ἀϐραάμυ</span> <span class='ocrx_word' id='word_1_789' title='bbox 2568 3904 2726 3957; x_wconf 83' lang='grc' dir='ltr'>δοῦσά</span> <span class='ocrx_word' id='word_1_790' title='bbox 2777 3923 2834 3956; x_wconf 86' lang='grc' dir='ltr'>τε</span> <span class='ocrx_word' id='word_1_791' title='bbox 2872 3908 3016 3976; x_wconf 76' lang='grc' dir='ltr'>αὐτῷ</span> <span class='ocrx_word' id='word_1_792' title='bbox 3045 3912 3185 3961; x_wconf 88' lang='grc' dir='ltr'>πιεῖν</span> <span class='ocrx_word' id='word_1_793' title='bbox 3238 3915 3331 3963; x_wconf 77' lang='grc' dir='ltr'>καὶ</span> 
     </span>
    </p>
   </div>
   <div class='ocr_carea' id='block_1_102' title="bbox 1787 3992 3330 4067">
    <p class='ocr_par' dir='ltr' id='par_1_102' title="bbox 1787 3992 3330 4067">
     <span class='ocr_line' id='line_1_103' title="bbox 1787 3992 3330 4067; baseline 0.006 -27"><span class='ocrx_word' id='word_1_794' title='bbox 1787 3993 1903 4050; x_wconf 84' lang='grc' dir='ltr'>ταῖς</span> <span class='ocrx_word' id='word_1_795' title='bbox 1936 3992 2456 4058; x_wconf 82' lang='grc' dir='ltr'>καμήλοις,είποῦσά</span> <span class='ocrx_word' id='word_1_796' title='bbox 2485 4012 2560 4055; x_wconf 92' lang='grc' dir='ltr'>τε,</span> <span class='ocrx_word' id='word_1_797' title='bbox 2598 3997 2733 4057; x_wconf 87' lang='grc' dir='ltr'>τίνος</span> <span class='ocrx_word' id='word_1_798' title='bbox 2767 3999 2849 4064; x_wconf 81' lang='grc' dir='ltr'>εἴη</span> <span class='ocrx_word' id='word_1_799' title='bbox 2897 3998 3155 4067; x_wconf 86' lang='grc' dir='ltr'>θυγάτηρ,</span> <span class='ocrx_word' id='word_1_800' title='bbox 3225 4004 3330 4050; x_wconf 55' lang='grc' dir='ltr'><strong>εἰσ.</strong></span> 
     </span>
    </p>
   </div>
   <div class='ocr_carea' id='block_1_103' title="bbox 1789 4078 3327 4153">
    <p class='ocr_par' dir='ltr' id='par_1_103' title="bbox 1789 4078 3327 4153">
     <span class='ocr_line' id='line_1_104' title="bbox 1789 4078 3327 4153; baseline 0.008 -24"><span class='ocrx_word' id='word_1_801' title='bbox 1789 4078 1907 4143; x_wconf 88' lang='grc' dir='ltr'>ἀγει</span> <span class='ocrx_word' id='word_1_802' title='bbox 1937 4078 2025 4131; x_wconf 71' lang='grc' dir='ltr'>τὸν</span> <span class='ocrx_word' id='word_1_803' title='bbox 2053 4080 2217 4148; x_wconf 80' lang='grc' dir='ltr'>ἄνδρα</span> <span class='ocrx_word' id='word_1_804' title='bbox 2266 4083 2355 4132; x_wconf 72' lang='grc' dir='ltr'>καὶ</span> <span class='ocrx_word' id='word_1_805' title='bbox 2388 4082 2597 4143; x_wconf 74' lang='grc' dir='ltr'>ξενίζει.</span> <span class='ocrx_word' id='word_1_806' title='bbox 2626 4086 2839 4152; x_wconf 84' lang='grc' dir='ltr'>Ἐπειδὴ</span> <span class='ocrx_word' id='word_1_807' title='bbox 2861 4087 2912 4136; x_wconf 83' lang='grc' dir='ltr'>δὲ</span> <span class='ocrx_word' id='word_1_808' title='bbox 2944 4082 3090 4137; x_wconf 83' lang='grc' dir='ltr'>εἶπεν</span> <span class='ocrx_word' id='word_1_809' title='bbox 3111 4091 3327 4153; x_wconf 77' lang='grc' dir='ltr'>ἐκεῖνος,</span> 
     </span>
    </p>
   </div>
   <div class='ocr_carea' id='block_1_104' title="bbox 1785 4164 3328 4246">
    <p class='ocr_par' dir='ltr' id='par_1_104' title="bbox 1785 4164 3328 4246">
     <span class='ocr_line' id='line_1_105' title="bbox 1785 4164 3328 4246; baseline 0.006 -28"><span class='ocrx_word' id='word_1_810' title='bbox 1785 4167 1924 4228; x_wconf 89' lang='grc' dir='ltr'>τίνος</span> <span class='ocrx_word' id='word_1_811' title='bbox 1953 4168 2132 4218; x_wconf 78' lang='grc' dir='ltr'>ἕνεκεν</span> <span class='ocrx_word' id='word_1_812' title='bbox 2154 4164 2300 4235; x_wconf 74' lang='grc' dir='ltr'>ἦλθε,</span> <span class='ocrx_word' id='word_1_813' title='bbox 2326 4172 2414 4220; x_wconf 67' lang='grc' dir='ltr'>καὶ</span> <span class='ocrx_word' id='word_1_814' title='bbox 2434 4172 2548 4238; x_wconf 76' lang='grc' dir='ltr'>ᾔτει</span> <span class='ocrx_word' id='word_1_815' title='bbox 2572 4171 2664 4240; x_wconf 82' lang='grc' dir='ltr'>τὴν</span> <span class='ocrx_word' id='word_1_816' title='bbox 2693 4175 2852 4224; x_wconf 86' lang='grc' dir='ltr'>παῖδα</span> <span class='ocrx_word' id='word_1_817' title='bbox 2883 4174 3079 4234; x_wconf 77' lang='grc' dir='ltr'>λαϐεῖν,</span> <span class='ocrx_word' id='word_1_818' title='bbox 3107 4181 3167 4244; x_wconf 82' lang='grc' dir='ltr'>τῇ</span> <span class='ocrx_word' id='word_1_819' title='bbox 3194 4196 3328 4246; x_wconf 65' lang='grc' dir='ltr'>παρα</span> 
     </span>
    </p>
   </div>
   <div class='ocr_carea' id='block_1_105' title="bbox 1789 4256 3326 4327">
    <p class='ocr_par' dir='ltr' id='par_1_105' title="bbox 1789 4256 3326 4327">
     <span class='ocr_line' id='line_1_106' title="bbox 1789 4256 3326 4327; baseline 0.006 -20"><span class='ocrx_word' id='word_1_820' title='bbox 1789 4256 1923 4324; x_wconf 83' lang='grc' dir='ltr'>θένῳ</span> <span class='ocrx_word' id='word_1_821' title='bbox 1950 4257 2043 4324; x_wconf 78' lang='grc' dir='ltr'>τὴν</span> <span class='ocrx_word' id='word_1_822' title='bbox 2105 4258 2309 4326; x_wconf 82' lang='grc' dir='ltr'>αἵρεσιν</span> <span class='ocrx_word' id='word_1_823' title='bbox 2347 4259 2642 4327; x_wconf 71' lang='grc' dir='ltr'>ἐπέτρεψαν</span> <span class='ocrx_word' id='word_1_824' title='bbox 2690 4263 2735 4310; x_wconf 83' lang='grc' dir='ltr'>οἱ</span> <span class='ocrx_word' id='word_1_825' title='bbox 2775 4265 2962 4327; x_wconf 85' lang='grc' dir='ltr'>γονεῖς.</span> <span class='ocrx_word' id='word_1_826' title='bbox 3018 4265 3099 4323; x_wconf 82' lang='grc' dir='ltr'>Ὡς</span> <span class='ocrx_word' id='word_1_827' title='bbox 3131 4267 3184 4315; x_wconf 85' lang='grc' dir='ltr'>δὲ</span> <span class='ocrx_word' id='word_1_828' title='bbox 3228 4268 3326 4316; x_wconf 62' lang='grc' dir='ltr'>ἐπα</span> 
     </span>
    </p>
   </div>
   <div class='ocr_carea' id='block_1_106' title="bbox 1786 4346 3327 4423">
    <p class='ocr_par' dir='ltr' id='par_1_106' title="bbox 1786 4346 3327 4423">
     <span class='ocr_line' id='line_1_107' title="bbox 1786 4346 3327 4423; baseline 0.006 -26"><span class='ocrx_word' id='word_1_829' title='bbox 1786 4346 1997 4397; x_wconf 89' lang='grc' dir='ltr'>ένευσεν</span> <span class='ocrx_word' id='word_1_830' title='bbox 2030 4347 2229 4414; x_wconf 82' lang='grc' dir='ltr'>ἐκείνη,</span> <span class='ocrx_word' id='word_1_831' title='bbox 2272 4346 2446 4398; x_wconf 85' lang='grc' dir='ltr'>λαϐὼν</span> <span class='ocrx_word' id='word_1_832' title='bbox 2472 4350 2631 4417; x_wconf 74' lang='grc' dir='ltr'>αὐτὴν</span> <span class='ocrx_word' id='word_1_833' title='bbox 2656 4351 2875 4417; x_wconf 78' lang='grc' dir='ltr'>ἀπῆλθε·</span> <span class='ocrx_word' id='word_1_834' title='bbox 2906 4354 2995 4402; x_wconf 77' lang='grc' dir='ltr'>καὶ</span> <span class='ocrx_word' id='word_1_835' title='bbox 3024 4355 3231 4417; x_wconf 74' lang='grc' dir='ltr'>ἐγένετο</span> <span class='ocrx_word' id='word_1_836' title='bbox 3255 4356 3327 4423; x_wconf 81' lang='grc' dir='ltr'>τῷ</span> 
     </span>
    </p>
   </div>
   <div class='ocr_carea' id='block_1_107' title="bbox 1788 4432 3327 4509">
    <p class='ocr_par' dir='ltr' id='par_1_107' title="bbox 1788 4432 3327 4509">
     <span class='ocr_line' id='line_1_108' title="bbox 1788 4432 3327 4509; baseline -0.005 -20"><span class='ocrx_word' id='word_1_837' title='bbox 1788 4432 1967 4484; x_wconf 76' lang='grc' dir='ltr'>Ἰσαὰκ</span> <span class='ocrx_word' id='word_1_838' title='bbox 1989 4435 2140 4502; x_wconf 80' lang='grc' dir='ltr'>γυνή.</span> <span class='ocrx_word' id='word_1_839' title='bbox 2169 4436 2437 4502; x_wconf 78' lang='grc' dir='ltr'>Λαμϐάνει</span> <span class='ocrx_word' id='word_1_840' title='bbox 2465 4439 2490 4486; x_wconf 90' lang='grc' dir='ltr'>ὁ</span> <span class='ocrx_word' id='word_1_841' title='bbox 2525 4438 2766 4506; x_wconf 72' lang='grc' dir='ltr'>Ἀϐραὰμ</span> <span class='ocrx_word' id='word_1_842' title='bbox 2812 4444 3038 4504; x_wconf 83' lang='grc' dir='ltr'>γυναῖκα</span> <span class='ocrx_word' id='word_1_843' title='bbox 3068 4443 3161 4509; x_wconf 78' lang='grc' dir='ltr'>τὴν</span> <span class='ocrx_word' id='word_1_844' title='bbox 3195 4444 3327 4492; x_wconf 76' lang='grc' dir='ltr'>Χετ-</span> 
     </span>
    </p>
   </div>
   <div class='ocr_carea' id='block_1_108' title="bbox 1787 4522 3327 4597">
    <p class='ocr_par' dir='ltr' id='par_1_108' title="bbox 1787 4522 3327 4597">
     <span class='ocr_line' id='line_1_109' title="bbox 1787 4522 3327 4597; baseline 0.005 -26"><span class='ocrx_word' id='word_1_845' title='bbox 1787 4522 2000 4590; x_wconf 85' lang='grc' dir='ltr'>τούραν,</span> <span class='ocrx_word' id='word_1_846' title='bbox 2049 4524 2413 4593; x_wconf 76' lang='grc' dir='ltr'>ἀποθανούσης</span> <span class='ocrx_word' id='word_1_847' title='bbox 2452 4527 2695 4595; x_wconf 66' lang='grc' dir='ltr'>Σάρρας,</span> <span class='ocrx_word' id='word_1_848' title='bbox 2763 4531 2851 4577; x_wconf 66' lang='grc' dir='ltr'>καὶ</span> <span class='ocrx_word' id='word_1_849' title='bbox 2897 4531 3016 4588; x_wconf 63' lang='grc' dir='ltr'>τοὺς</span> <span class='ocrx_word' id='word_1_850' title='bbox 3060 4530 3115 4591; x_wconf 79' lang='grc' dir='ltr'>ἐξ</span> <span class='ocrx_word' id='word_1_851' title='bbox 3165 4532 3327 4597; x_wconf 74' lang='grc' dir='ltr'>αὐτῆς</span> 
     </span>
    </p>
   </div>
   <div class='ocr_carea' id='block_1_109' title="bbox 1787 4612 3327 4684">
    <p class='ocr_par' dir='ltr' id='par_1_109' title="bbox 1787 4612 3327 4684">
     <span class='ocr_line' id='line_1_110' title="bbox 1787 4612 3327 4684; baseline 0.006 -25"><span class='ocrx_word' id='word_1_852' title='bbox 1787 4612 2098 4677; x_wconf 78' lang='grc' dir='ltr'>γενομένους</span> <span class='ocrx_word' id='word_1_853' title='bbox 2130 4614 2315 4672; x_wconf 82' lang='grc' dir='ltr'>παῖδας</span> <span class='ocrx_word' id='word_1_854' title='bbox 2349 4616 2713 4677; x_wconf 79' lang='grc' dir='ltr'>ἐξαπέστειλεν</span> <span class='ocrx_word' id='word_1_855' title='bbox 2738 4617 2843 4665; x_wconf 69' lang='grc' dir='ltr'>άπὸ</span> <span class='ocrx_word' id='word_1_856' title='bbox 2879 4619 3076 4667; x_wconf 66' lang='grc' dir='ltr'>Ἰσαὰκ.</span> <span class='ocrx_word' id='word_1_857' title='bbox 3126 4620 3327 4684; x_wconf 77' lang='grc' dir='ltr'>δόματα</span> 
     </span>
    </p>
   </div>
   <div class='ocr_carea' id='block_1_110' title="bbox 1787 4699 3323 4775">
    <p class='ocr_par' dir='ltr' id='par_1_110' title="bbox 1787 4699 3323 4775">
     <span class='ocr_line' id='line_1_111' title="bbox 1787 4699 3323 4775; baseline 0.004 -26"><span class='ocrx_word' id='word_1_858' title='bbox 1787 4699 1905 4759; x_wconf 76' lang='grc' dir='ltr'>δοὺς</span> <span class='ocrx_word' id='word_1_859' title='bbox 1932 4701 2125 4761; x_wconf 71' lang='grc' dir='ltr'>αὐτοῖς·</span> <span class='ocrx_word' id='word_1_860' title='bbox 2146 4702 2241 4767; x_wconf 79' lang='grc' dir='ltr'>τῆς</span> <span class='ocrx_word' id='word_1_861' title='bbox 2275 4703 2328 4752; x_wconf 81' lang='grc' dir='ltr'>δὲ</span> <span class='ocrx_word' id='word_1_862' title='bbox 2362 4704 2543 4763; x_wconf 71' lang='grc' dir='ltr'>οὐσίας</span> <span class='ocrx_word' id='word_1_863' title='bbox 2577 4704 2755 4754; x_wconf 75' lang='grc' dir='ltr'>Ἰσαὰκ</span> <span class='ocrx_word' id='word_1_864' title='bbox 2784 4704 3105 4771; x_wconf 69' lang='grc' dir='ltr'>κληρονόμον</span> <span class='ocrx_word' id='word_1_865' title='bbox 3143 4708 3323 4775; x_wconf 78' lang='grc' dir='ltr'>ἐποίη-</span> 
     </span>
    </p>
   </div>
   <div class='ocr_carea' id='block_1_111' title="bbox 1790 4788 3328 4863">
    <p class='ocr_par' dir='ltr' id='par_1_111' title="bbox 1790 4788 3328 4863">
     <span class='ocr_line' id='line_1_112' title="bbox 1790 4788 3328 4863; baseline 0.005 -26"><span class='ocrx_word' id='word_1_866' title='bbox 1790 4804 1865 4846; x_wconf 90' lang='grc' dir='ltr'>σε,</span> <span class='ocrx_word' id='word_1_867' title='bbox 1924 4788 2014 4838; x_wconf 73' lang='grc' dir='ltr'>καὶ</span> <span class='ocrx_word' id='word_1_868' title='bbox 2059 4788 2309 4839; x_wconf 83' lang='grc' dir='ltr'>ἀπέθανε.</span> <span class='ocrx_word' id='word_1_869' title='bbox 2360 4791 2436 4841; x_wconf 76' lang='lat' dir='ltr'>Tal</span> <span class='ocrx_word' id='word_1_870' title='bbox 2482 4793 2714 4858; x_wconf 74' lang='grc' dir='ltr'>ὀνόματα</span> <span class='ocrx_word' id='word_1_871' title='bbox 2768 4794 2870 4843; x_wconf 77' lang='grc' dir='ltr'>τῶν</span> <span class='ocrx_word' id='word_1_872' title='bbox 2920 4795 3045 4843; x_wconf 74' lang='grc' dir='ltr'>υἱῶν</span> <span class='ocrx_word' id='word_1_873' title='bbox 3114 4797 3328 4863; x_wconf 79' lang='grc' dir='ltr'>Ἰσμαήλ</span> 
     </span>
    </p>
   </div>
   <div class='ocr_carea' id='block_1_112' title="bbox 1787 4873 3323 4948">
    <p class='ocr_par' dir='ltr' id='par_1_112' title="bbox 1787 4873 3323 4948">
     <span class='ocr_line' id='line_1_113' title="bbox 1787 4873 3323 4948; baseline 0.005 -25"><span class='ocrx_word' id='word_1_874' title='bbox 1787 4873 2018 4937; x_wconf 77' lang='grc' dir='ltr'>ἔγκειται</span> <span class='ocrx_word' id='word_1_875' title='bbox 2042 4875 2289 4926; x_wconf 85' lang='grc' dir='ltr'>ἐνταῦθα·</span> <span class='ocrx_word' id='word_1_876' title='bbox 2314 4876 2593 4944; x_wconf 81' lang='grc' dir='ltr'>κατῴκησε</span> <span class='ocrx_word' id='word_1_877' title='bbox 2620 4880 2672 4927; x_wconf 80' lang='grc' dir='ltr'>δὲ</span> <span class='ocrx_word' id='word_1_878' title='bbox 2703 4880 2803 4927; x_wconf 74' lang='grc' dir='ltr'>ἀπὸ</span> <span class='ocrx_word' id='word_1_879' title='bbox 2826 4881 3016 4930; x_wconf 49' lang='lat' dir='ltr'>Eii/.52:</span> <span class='ocrx_word' id='word_1_880' title='bbox 3044 4880 3143 4940; x_wconf 77' lang='grc' dir='ltr'>ἕως</span> <span class='ocrx_word' id='word_1_881' title='bbox 3170 4882 3323 4948; x_wconf 77' lang='grc' dir='ltr'>Σούρ.</span> 
     </span>
    </p>
   </div>
   <div class='ocr_carea' id='block_1_113' title="bbox 1785 4963 3323 5034">
    <p class='ocr_par' dir='ltr' id='par_1_113' title="bbox 1785 4963 3323 5034">
     <span class='ocr_line' id='line_1_114' title="bbox 1785 4963 3323 5034; baseline 0.004 -20"><span class='ocrx_word' id='word_1_882' title='bbox 1785 4964 1891 5029; x_wconf 88' lang='grc' dir='ltr'>Τῆς</span> <span class='ocrx_word' id='word_1_883' title='bbox 1931 4963 2217 5024; x_wconf 84' lang='grc' dir='ltr'>Ῥεϐέκκας</span> <span class='ocrx_word' id='word_1_884' title='bbox 2242 4966 2649 5034; x_wconf 80' lang='grc' dir='ltr'>ἐστειρωμένης,</span> <span class='ocrx_word' id='word_1_885' title='bbox 2672 4969 3029 5020; x_wconf 78' lang='grc' dir='ltr'>ἐδεῖτοῚσαάκ</span> <span class='ocrx_word' id='word_1_886' title='bbox 3060 4969 3149 5019; x_wconf 79' lang='grc' dir='ltr'>τοῦ</span> <span class='ocrx_word' id='word_1_887' title='bbox 3172 4970 3323 5029; x_wconf 85' lang='grc' dir='ltr'>Θεοῦ,</span> 
     </span>
    </p>
   </div>
   <div class='ocr_carea' id='block_1_114' title="bbox 1785 5049 3325 5123">
    <p class='ocr_par' dir='ltr' id='par_1_114' title="bbox 1785 5049 3325 5123">
     <span class='ocr_line' id='line_1_115' title="bbox 1785 5049 3325 5123; baseline 0.005 -24"><span class='ocrx_word' id='word_1_888' title='bbox 1785 5049 1919 5099; x_wconf 80' lang='grc' dir='ltr'>ὥστε</span> <span class='ocrx_word' id='word_1_889' title='bbox 1945 5053 2089 5100; x_wconf 78' lang='grc' dir='ltr'>κυεῖν</span> <span class='ocrx_word' id='word_1_890' title='bbox 2130 5052 2314 5117; x_wconf 77' lang='grc' dir='ltr'>αὑτήν·</span> <span class='ocrx_word' id='word_1_891' title='bbox 2367 5054 2456 5103; x_wconf 71' lang='grc' dir='ltr'>καὶ</span> <span class='ocrx_word' id='word_1_892' title='bbox 2485 5054 2665 5121; x_wconf 81' lang='grc' dir='ltr'>ἐπειδὴ</span> <span class='ocrx_word' id='word_1_893' title='bbox 2716 5054 2882 5115; x_wconf 81' lang='grc' dir='ltr'>ἐκύει,</span> <span class='ocrx_word' id='word_1_894' title='bbox 2926 5056 3083 5121; x_wconf 68' lang='grc' dir='ltr'>φησὶν</span> <span class='ocrx_word' id='word_1_895' title='bbox 3120 5056 3249 5123; x_wconf 78' lang='grc' dir='ltr'>αύτῇ</span> <span class='ocrx_word' id='word_1_896' title='bbox 3298 5058 3325 5107; x_wconf 93' lang='lat'>6</span> 
     </span>
    </p>
   </div>
   <div class='ocr_carea' id='block_1_115' title="bbox 1785 5138 3324 5207">
    <p class='ocr_par' dir='ltr' id='par_1_115' title="bbox 1785 5138 3324 5207">
     <span class='ocr_line' id='line_1_116' title="bbox 1785 5138 3324 5207; baseline 0.005 -19"><span class='ocrx_word' id='word_1_897' title='bbox 1785 5138 1932 5200; x_wconf 87' lang='grc' dir='ltr'>Θεός·</span> <span class='ocrx_word' id='word_1_898' title='bbox 1968 5140 2079 5191; x_wconf 84' lang='grc' dir='ltr'>Δύο</span> <span class='ocrx_word' id='word_1_899' title='bbox 2111 5139 2251 5205; x_wconf 80' lang='grc' dir='ltr'>ἔθνη</span> <span class='ocrx_word' id='word_1_900' title='bbox 2279 5140 2346 5191; x_wconf 74' lang='grc' dir='ltr'>ἐν</span> <span class='ocrx_word' id='word_1_901' title='bbox 2390 5141 2460 5207; x_wconf 76' lang='grc' dir='ltr'>τῇ</span> <span class='ocrx_word' id='word_1_902' title='bbox 2488 5144 2678 5206; x_wconf 77' lang='grc' dir='ltr'>κοιλίᾳ</span> <span class='ocrx_word' id='word_1_903' title='bbox 2706 5158 2837 5204; x_wconf 84' lang='grc' dir='ltr'>σου,</span> <span class='ocrx_word' id='word_1_904' title='bbox 2862 5144 2955 5194; x_wconf 79' lang='grc' dir='ltr'>καὶ</span> <span class='ocrx_word' id='word_1_905' title='bbox 2984 5145 3128 5207; x_wconf 74' lang='grc' dir='ltr'>λαὸς</span> <span class='ocrx_word' id='word_1_906' title='bbox 3175 5144 3324 5197; x_wconf 74' lang='grc' dir='ltr'>λαοῦ</span> 
     </span>
    </p>
   </div>
   <div class='ocr_carea' id='block_1_116' title="bbox 1785 5226 3325 5301">
    <p class='ocr_par' dir='ltr' id='par_1_116' title="bbox 1785 5226 3325 5301">
     <span class='ocr_line' id='line_1_117' title="bbox 1785 5226 3325 5301; baseline 0.004 -24"><span class='ocrx_word' id='word_1_907' title='bbox 1785 5226 2071 5292; x_wconf 75' lang='grc' dir='ltr'>ὑπερέξει·</span> <span class='ocrx_word' id='word_1_908' title='bbox 2090 5228 2362 5296; x_wconf 89' lang='grc' dir='ltr'>προλέγων</span> <span class='ocrx_word' id='word_1_909' title='bbox 2388 5232 2451 5281; x_wconf 86' lang='grc' dir='ltr'>τά</span> <span class='ocrx_word' id='word_1_910' title='bbox 2479 5232 2601 5298; x_wconf 66' lang='grc' dir='ltr'>περὶ</span> <span class='ocrx_word' id='word_1_911' title='bbox 2634 5232 2892 5283; x_wconf 71' lang='grc' dir='ltr'>Ἰουδαίων</span> <span class='ocrx_word' id='word_1_912' title='bbox 2926 5232 3017 5283; x_wconf 66' lang='grc' dir='ltr'>καὶ</span> <span class='ocrx_word' id='word_1_913' title='bbox 3040 5233 3192 5301; x_wconf 83' lang='grc' dir='ltr'>ήμῶν</span> <span class='ocrx_word' id='word_1_914' title='bbox 3220 5234 3325 5283; x_wconf 82' lang='grc' dir='ltr'>τῶν</span> 
     </span>
    </p>
   </div>
   <div class='ocr_carea' id='block_1_117' title="bbox 1781 5320 3317 5397">
    <p class='ocr_par' dir='ltr' id='par_1_117' title="bbox 1781 5320 3317 5397">
     <span class='ocr_line' id='line_1_118' title="bbox 1781 5320 3317 5397; baseline 0.006 -27"><span class='ocrx_word' id='word_1_915' title='bbox 1781 5320 2130 5372; x_wconf 60' lang='grc' dir='ltr'>Χριστιανῶν.</span> <span class='ocrx_word' id='word_1_916' title='bbox 2171 5323 2254 5374; x_wconf 77' lang='grc' dir='ltr'>Ὡς</span> <span class='ocrx_word' id='word_1_917' title='bbox 2306 5324 2359 5375; x_wconf 84' lang='grc' dir='ltr'>δέ</span> <span class='ocrx_word' id='word_1_918' title='bbox 2404 5326 2591 5394; x_wconf 80' lang='grc' dir='ltr'>ἐτέχθη</span> <span class='ocrx_word' id='word_1_919' title='bbox 2629 5327 2692 5377; x_wconf 82' lang='grc' dir='ltr'>τά</span> <span class='ocrx_word' id='word_1_920' title='bbox 2736 5330 2914 5380; x_wconf 71' lang='grc' dir='ltr'>παιδία</span> <span class='ocrx_word' id='word_1_921' title='bbox 2949 5330 3037 5379; x_wconf 67' lang='grc' dir='ltr'>καὶ</span> <span class='ocrx_word' id='word_1_922' title='bbox 3096 5328 3317 5397; x_wconf 72' lang='grc' dir='ltr'>ηὐξήθη,</span> 
     </span>
    </p>
   </div>
   <div class='ocr_carea' id='block_1_118' title="bbox 1848 5464 3328 5535">
    <p class='ocr_par' dir='ltr' id='par_1_118' title="bbox 1848 5464 3328 5535">
     <span class='ocr_line' id='line_1_119' title="bbox 1848 5464 3328 5535; baseline 0.009 -25"><span class='ocrx_word' id='word_1_923' title='bbox 1848 5464 1873 5500; x_wconf 63' lang='grc' dir='ltr'>δ)</span> <span class='ocrx_word' id='word_1_924' title='bbox 1904 5467 2013 5511; x_wconf 78' lang='grc' dir='ltr'>Ηῖῐέ</span> <span class='ocrx_word' id='word_1_925' title='bbox 2050 5467 2109 5511; x_wconf 81' lang='lat' dir='ltr'>de</span> <span class='ocrx_word' id='word_1_926' title='bbox 2138 5471 2643 5535; x_wconf 36' lang='lat' dir='ltr'>‘saCIjﬁcjoAbralL-n.</span> <span class='ocrx_word' id='word_1_927' title='bbox 2689 5477 2813 5532; x_wconf 75' lang='lat' dir='ltr'>qum]</span> <span class='ocrx_word' id='word_1_928' title='bbox 2856 5483 2957 5522; x_wconf 81' lang='lat' dir='ltr'>erat</span> <span class='ocrx_word' id='word_1_929' title='bbox 2982 5478 3131 5535; x_wconf 70' lang='lat' dir='ltr'>ﬁgura</span> <span class='ocrx_word' id='word_1_930' title='bbox 3156 5481 3328 5531; x_wconf 72' lang='lat' dir='ltr'>crucis,</span> 
     </span>
    </p>
   </div>
   <div class='ocr_carea' id='block_1_119' title="bbox 1787 5526 3329 5594">
    <p class='ocr_par' dir='ltr' id='par_1_119' title="bbox 1787 5526 3329 5594">
     <span class='ocr_line' id='line_1_120' title="bbox 1787 5526 3329 5594; baseline 0.011 -27"><span class='ocrx_word' id='word_1_931' title='bbox 1787 5526 1889 5594; x_wconf 68' lang='grc' dir='ltr'>εἱγε</span> <span class='ocrx_word' id='word_1_932' title='bbox 1916 5526 2211 5594; x_wconf 53' lang='grc' dir='ltr'>οςςςιιιοιηῇεε</span> <span class='ocrx_word' id='word_1_933' title='bbox 2238 5529 2429 5591; x_wconf 73' lang='lat' dir='ltr'>Christi,</span> <span class='ocrx_word' id='word_1_934' title='bbox 2476 5526 2924 5594; x_wconf 56' lang='lat' dir='ltr'>plunbus&#39;explical</span> <span class='ocrx_word' id='word_1_935' title='bbox 2967 5526 3329 5594; x_wconf 42' lang='lat' dir='ltr'>Chvrysuslomui</span> 
     </span>
    </p>
   </div>
   <div class='ocr_carea' id='block_1_120' title="bbox 1791 5584 3071 5644">
    <p class='ocr_par' dir='ltr' id='par_1_120' title="bbox 1791 5584 3071 5644">
     <span class='ocr_line' id='line_1_121' title="bbox 1791 5584 3071 5644; baseline 0.007 -14"><span class='ocrx_word' id='word_1_936' title='bbox 1791 5589 1921 5631; x_wconf 79' lang='lat' dir='ltr'>tomo</span> <span class='ocrx_word' id='word_1_937' title='bbox 1946 5584 2021 5644; x_wconf 86' lang='lat' dir='ltr'>IV,</span> <span class='ocrx_word' id='word_1_938' title='bbox 2052 5599 2098 5642; x_wconf 88' lang='lat' dir='ltr'>p.</span> <span class='ocrx_word' id='word_1_939' title='bbox 2126 5587 2229 5637; x_wconf 72' lang='grc'>478.</span> <span class='ocrx_word' id='word_1_940' title='bbox 2418 5584 2426 5591; x_wconf 84' lang='grc'><em>’</em></span> <span class='ocrx_word' id='word_1_941' title='bbox 2477 5584 2490 5591; x_wconf 76' lang='grc'><strong><em>“</em></strong></span> <span class='ocrx_word' id='word_1_942' title='bbox 2784 5584 2799 5594; x_wconf 70' lang='grc'><strong>⁸</strong></span> <span class='ocrx_word' id='word_1_943' title='bbox 3056 5588 3071 5597; x_wconf 86' lang='grc'>”</span> 
     </span>
    </p>
   </div>
  </div>
