3990 6482
607 416 707 468 32]

607 514 911 567 ἀποδίῖοται
944 513 1038 566 καὶ
1065 514 1359 584 πιπράσκει
1393 514 1665 583 ἑψήματος
1693 513 1872 581 φακῆς
1919 509 1989 563 τὰ
2014 526 2162 579 πρω-

606 605 820 657 τοτόκια
835 603 1026 656 ἐαυτοῦ
1046 606 1073 657 ό
1105 604 1271 656 Ἦσαῦ
1299 605 1375 674 τῷ
1402 604 1613 660 Ἰακώϐ.
1645 604 1975 673 Βουλόμενον
1999 601 2056 653 66
2078 600 2167 652 τὸν

620 694 803 745 Ἰσαὰκ
838 695 916 754 είς
955 695 1223 760 Αἴγυπτον
1272 691 1567 754 κατελθεῖν,
1612 691 1795 760 ἐπειδὴ
1838 689 1995 758 λιμὸς
2041 704 2168 740 κατ-

611 783 794 851 ίσχυε,
845 783 1042 834 κωλύει
1086 785 1113 834 6
1167 784 1324 848 Θεὸς,
1373 781 1648 851 παραινῶν
1695 781 1821 832 ἔνθα
1855 778 2007 849 ᾠκει,
2055 778 2170 830 ἐκεῖ

612 872 810 939 μένειν,
848 871 939 924 καὶ
970 871 1389 940 ὑπισχνούμενος
1438 869 1653 921 ἔσεσθαι
1687 868 1802 937 μετ’
1834 864 2022 926 αὑτοῦ,
2075 865 2168 916 καὶ

608 961 915 1030 εὑλογήσειν
947 963 1005 1014 16
1039 963 1256 1033 σπέρμα
1288 960 1448 1016 αὑτοῦ
1488 962 1580 1014 καί¹
1628 957 1935 1028 πληθυνεῖν.
1970 955 2167 1009 Μαθὼν

607 1052 981 1122 δὲόβασιλεὺς
1015 1055 1265 1123 Γεράρων
1314 1051 1620 1121 ’Λϐιμέλεχ,
1667 1050 1747 1100 ὅτι
1799 1048 1834 1116 ἡ
1904 1044 2167 1097 Ῥεϐέκκα

608 1145 740 1212 γυνή
775 1145 888 1194 ἐστι
906 1143 997 1194 τοῦ
1030 1144 1212 1195 Ἰσαὰκ
1253 1142 1595 1212 (ὑπώπτευσε
1613 1139 1720 1208 γὰρ
1746 1137 1978 1205 ἀδελφὴν
2004 1135 2164 1187 αὑτοῦ

608 1225 744 1281 εἶναι
777 1230 940 1299 αὑτὴν
958 1229 976 1300 )
993 1271 1008 1291 ,
1052 1229 1275 1282 θάνατον
1295 1231 1460 1300 ὥρισε
1492 1228 1547 1280 εί
1575 1244 1657 1289 τις
1679 1224 1948 1294 ἐξυϐρίσει
1970 1225 2048 1286 εἰς
2072 1225 2168 1276 αὑ-

606 1318 724 1388 τήν.
762 1319 893 1368 Τότε
921 1317 1167 1388 ἔσπειρεν
1195 1321 1221 1370 6
1256 1318 1456 1378 Ἰσαάκ,
1497 1315 1590 1366 καὶ
1611 1307 1767 1384 εὗρεν
1791 1313 2167 1366 ἐκατοστεύου-

610 1423 708 1458 σαν
732 1406 943 1475 κριθήν.
985 1407 1071 1468 Ὠς
1105 1407 1158 1458 δέ
1181 1403 1340 1475 ἦλθεν
1384 1408 1463 1467 εἰς
1509 1403 1735 1455 πλοῦτον
1783 1403 1952 1471 μέγαν
1975 1403 2036 1454 ἐκ
2069 1403 2167 1470 τῆς

607 1493 850 1559 εὐλογίας
881 1491 974 1542 τοῦ
1008 1490 1544 1559 Θεοῦ,διεφθονοῦντο
1571 1488 1718 1557 αὑτῷ
1764 1491 1811 1540 οὶ
1832 1487 2164 1556 Φυλιστιεὶμ,

608 1582 697 1634 καὶ
722 1581 750 1630 6
799 1581 1084 1650 ’Λϐιμέλεχ
1107 1581 1410 1649 ἀπήλαυνεν
1438 1580 1595 1631 αὑτὸν
1643 1578 1868 1630 ἐκεῖθεν.
1910 1577 1966 1628 '0
1988 1577 2043 1628 δὲ
2069 1577 2167 1628 οὑκ

607 1669 868 1739 ἠμύνατο,
919 1670 1030 1722 ἀλλ’
1080 1668 1411 1740 ἀνεχώρησε,
1469 1669 1561 1721 καὶ
1597 1668 1769 1737 ὤρυξε
1793 1666 2020 1737 φρέατα,
2077 1665 2167 1716 καὶ

607 1760 868 1828 ἐμάχοντο
919 1760 1046 1828 περὶ
1086 1759 1281 1811 αὐτῶν.
1350 1759 1408 1810 Ὀ
1444 1759 1498 1811 δὲ
1543 1759 1643 1810 οὑκ
1696 1757 2003 1816 ἀνθίστατο,
2054 1755 2165 1806 ἀλλ’

607 1850 767 1918 ἔτερα
791 1849 1049 1918 ὤρυσσεν,
1081 1848 1182 1910 ἓως
1202 1841 1262 1901 οὗ
1297 1849 1603 1902 ἐπαύσαντο
1643 1860 1690 1900 ο.
1724 1848 1832 1898 Kal
1880 1846 2167 1912 εὐλόγησεν

607 1940 764 1990 αὑτὸν
784 1941 811 1989 6
839 1939 988 2000 Θεός.
1037 1939 1185 1992 Καὶό
1227 1939 1411 1991 Ἰσαὰκ
1444 1939 1665 1990 ἐλθόντα
1709 1937 1843 2005 πρὸς
1871 1935 2030 1987 αὑτὸν
2080 1934 2170 1985 τὸν

620 2029 903 2098 Ἀϐιμέλεχ
924 2029 1139 2092 ἐδέξατο
1180 2027 1429 2097 ἀσμένως
1464 2029 1556 2079 καὶ
1605 2025 1890 2086 εἱστίασεν,
1943 2025 2001 2074 οὑ
2036 2040 2169 2092 μνη-

611 2119 752 2180 σθεὶς
785 2112 858 2172 ὧν
901 2119 1146 2188 ἠδικήθη.
1186 2116 1412 2169 Ἔλαϐεν
1450 2119 1477 2168 6
1521 2114 1686 2166 Ἢσαῦ
1723 2115 2027 2174 Χαναναίας
2076 2130 2171 2180 γυ-

608 2209 816 2267 ναῖκας,
846 2209 938 2258 καὶ
960 2207 1144 2274 ῆριζον
1171 2209 1238 2273 τῇ
1281 2205 1562 2272 Ῥεϐέκκα.
1587 2204 1886 2273 Ἐγήρασεν
1918 2204 1945 2253 6
1989 2203 2170 2254 Ίσαάκ

608 2295 702 2345 καὶ
722 2293 1110 2362 ἡμϐλυώπησε,
1139 2293 1232 2344 καὶ
1267 2293 1593 2361 προστάσσει
1616 2292 1692 2358 τῷ
1719 2291 1817 2358 υἱῷ
1849 2290 2016 2341 Ἦσαῦ
2071 2291 2169 2358 θη-

612 2383 907 2453 ρεῦσαικαὶ
949 2383 1168 2451 ποιῆσαι
1198 2382 1346 2450 αὑτῷ
1382 2380 1578 2449 ἔδεσμα
1603 2422 1616 2444 ,
1657 2380 1741 2430 ἵνα
1771 2379 2034 2448 εύλογήσῃ
2077 2380 2172 2431 αὑ-

607 2471 718 2524 τόν.
764 2471 819 2521 Ὀ
840 2470 896 2521 66
926 2468 1139 2532 Ἰακὼϐ,
1169 2467 1620 2538 συμπραττούσης
1655 2465 1801 2535 αὑτῷ
1834 2467 1931 2535 τῆς
1949 2465 2169 2534 μητρὸς,

609 2561 810 2628 ἔφθασε
840 2560 929 2611 τὸν
970 2558 1158 2612 Ἠσαῦο
1193 2559 1441 2627 ἐψήσασα
1470 2557 1577 2628 γὰρ
1600 2556 1818 2626 ἐρίφους
1852 2555 1960 2618 δύο,
1985 2556 2077 2608 xal
2105 2555 2171 2606 τὰ

609 2648 761 2721 [ὅέἓι
788 2650 1029 2719 δέρματα
1067 2649 1243 2701 αὑτῶν
1278 2648 1561 2718 περιθεῖσα
1594 2645 1762 2715 αὑτῷ,
1793 2647 1879 2697 ἵνα
1901 2646 2171 2716 ἐπικρύψῃ

608 2741 706 2810 τὴν
739 2740 983 2809 λειότητα
999 2739 1090 2790 106
1127 2739 1333 2801 παιδὸς,
1383 2738 1548 2790 ἔδωκε
1581 2738 1649 2790 τὰ
1674 2737 1944 2806 ἐδέσματα
1966 2739 2043 2798 εἰς
2077 2737 2172 2798 τὰς

609 2833 796 2900 χεῖρας
823 2829 1007 2892 αὑτοῦ,
1036 2831 1127 2881 καὶ
1155 2829 1498 2897 εἰσέπεμψεν.
1557 2828 1615 2880 '0
1653 2829 1708 2880 66
1738 2824 1990 2880 εἰσελθὼν
2016 2826 2171 2877 ἔλαϐε

608 2920 706 2983 τὰς
751 2920 1017 2986 εὐλογίας.
1067 2919 1262 2971 Ἐλθὼν
1291 2919 1344 2970 δὲ
1374 2921 1400 2969 6
1437 2917 1631 2978 Ἠσαῦ,
1660 2918 1751 2968 καὶ
1787 2916 1969 2986 μαθὼν
1990 2916 2047 2966 16
2079 2932 2172 2982 γε-

609 3011 782 3077 γονὸς,
812 3009 1120 3077 ἀπωδύρετο
1143 3011 1234 3060 καὶ
1271 3008 1504 3077 ἐθρήνει,
1538 3010 1630 3059 καὶ
1651 3009 1768 3077 ᾔτει
1817 3007 2172 3075 εὑλογηθῆναι

612 3099 706 3152 καὶ
736 3099 914 3162 αὑτὸς,
951 3100 1042 3149 καὶ
1064 3099 1225 3166 ῆνυσε
1254 3101 1319 3166 τῇ
1350 3099 1600 3166 ἐπιμονῇ,
1623 3097 1771 3147 οὐδὲν
1809 3097 1905 3164 μὲν
1925 3097 2174 3147 τοσοῦτον

610 3189 733 3242 ὅσον
752 3190 992 3258 ἤλπισενο
1040 3190 1202 3256 ῆνυσε
1235 3188 1293 3240 δὲ
1341 3190 1505 3256 ὅμως.
1541 3187 1727 3254 Μικρά
1755 3187 1930 3237 τοίνυν
1957 3185 2176 3252 εὐλογη-

612 3279 725 3340 θεὶς
743 3279 862 3331 ἀντὶ
888 3278 1152 3347 μεγάλων,
1175 3277 1435 3347 ὠργίζετο
1462 3277 1596 3347 πρὸς
1616 3278 1706 3328 τὸν
1728 3277 1974 3343 ἀδελφὺν,
2010 3279 2175 3344 ἐμνη-

613 3372 843 3430 σικάκει,
882 3369 1166 3438 περιέμενε
1203 3368 1294 3420 τοῦ
1320 3369 1522 3437 πατρὸς
1541 3368 1637 3437 τὴν
1666 3367 1935 3437 τελευτὴν,
1972 3367 2172 3427 ὼςτότε

613 3460 924 3528 ἀδεέστερον
971 3457 1363 3510 ἐπιϐουλεύσων
1403 3457 1566 3527 αὑτῷ.
1618 3456 1926 3526 Μηνύειτῷ
1987 3454 2174 3506 Ἰακὼϐ

611 3549 784 3602 ταῦτα
814 3552 845 3618 ἡ
879 3550 1082 3619 μήτηρ,
1114 3548 1206 3600 καλ⁵
1230 3550 1480 3616 παραινεῖ
1504 3550 1645 3615 φυγῇ
1679 3547 1776 3616 τὴν
1797 3545 2062 3615 σωτηρίαν
2091 3545 2172 3596 εὑ-

615 3640 855 3708 ρηκέναι’
889 3636 1115 3688 εἰποῦσά
1168 3653 1226 3687 τε
1274 3635 1406 3704 πρὸς
1429 3638 1520 3685 τὸν
1579 3633 1799 3691 Ἰσαὰκ,
1845 3633 1924 3683 ὅτι
1949 3631 2176 3692 ἀϐίωτος

612 3729 748 3796 αὐτῇ
767 3727 916 3778 ἔσται
945 3729 972 3778 6
993 3727 1100 3795 βίος
1116 3727 1165 3788 Β,
1195 3728 1242 3776 εί
1273 3726 1365 3776 καὶ
1387 3722 1580 3776 Ἰακὼϐ
1604 3722 1708 3775 ἀπὸ
1733 3722 1839 3774 τῶν
1862 3719 2175 3774 Χαναναίων

611 3818 763 3870 λάϐοι
789 3821 1044 3883 γυναῖκα,
1086 3816 1487 3885 παρασκευάζει
1534 3815 1623 3866 16v
1685 3813 1869 3865 Ἰσαὰκ
1895 3809 2174 3880 ἐκπέμψαι

611 3907 702 3957 τὸν
746 3905 934 3956 Ἰακὼϐ
969 3907 1048 3966 είς
1092 3904 1506 3972 Μεσοποταμίαν
1558 3904 1692 3970 πρὸς
1712 3903 1801 3954 τὸν
1835 3900 2057 3968 ἀδελφὸν
2083 3900 2176 3951 αὑ-

611 3998 709 4065 τῆς
731 3995 820 4047 16v
846 3995 1049 4056 Λάϐαν,
1068 3995 1161 4046 κα)⁵
1191 3996 1253 4046 ἐκ
1281 3995 1387 4046 τῶν
1413 3993 1719 4061 θυγατέρων
1753 3990 1914 4044 αὑτοῦ
1946 3995 2176 4058 γυναῖκα

611 4085 812 4139 λαϐεῖν.
853 4085 1197 4147 Ἀπελθόντος
1238 4083 1291 4136 δὲ
1315 4083 1408 4135 τοῦ
1432 4080 1643 4143 Ἰακὼϐ,
1679 4080 1940 4149 λαμϐάνει
1965 4081 2062 4151 τὴν
2087 4080 2178 4132 θυ-

611 4177 817 4244 γατέρα
849 4174 1070 4244 Ἰσμαὴλ
1097 4172 1272 4242 ἐαυτῷ
1290 4175 1522 4240 γυναῖκα
1545 4174 1572 4224 6
1593 4171 1781 4224 Ἡσαῦ.
1805 4171 1864 4222 '0
1884 4171 1940 4223 66
1957 4170 2176 4240 Ἰσμαήλ

613 4264 728 4328 υίὸς
742 4261 809 4334 ἦν
837 4266 931 4316 106
973 4265 1237 4334 Ἀϐρααμ,
1265 4265 1371 4316 ἀπὸ
1399 4265 1495 4332 τῆς
1511 4265 1686 4332 ’Λγαρ
1700 4263 1983 4332 γενόμενος
2008 4262 2170 4330 αὑτῷ.

614 4357 807 4408 Βλέπει
835 4357 932 4425 τὴν
988 4355 1226 4423 κλίμακα
1263 4356 1291 4406 6
1325 4353 1540 4417 Ἰακὼϐ,
1584 4353 1760 4421 ἵστησι
1800 4353 2016 4422 στήλην,
2082 4353 2175 4402 καὶ

615 4445 1006 4512 ἐπαγγέλλεται
1033 4445 1098 4496 τὰ
1120 4445 1429 4513 ὑπάρχοντα
1471 4443 1617 4512 αὑτῷ
1646 4442 2072 4495 ἁποδεκατώσειν
2098 4441 2175 4509 τῷ

613 4535 754 4604 Θεῷ,
785 4538 830 4587 εί
859 4535 1112 4601 ὑγιαίνων
1159 4533 1457 4586 ἐπανέλθοι.
1517 4534 1769 4600 Ἔρχεται
1802 4533 1881 4593 είς
1937 4531 2031 4600 τὴν
2066 4531 2176 4582 Με-

617 4627 965 4694 σοποταμίαν,
994 4621 1099 4677 εἶδε
1129 4624 1225 4690 τὴν
1264 4621 1483 4691 Ῥαχὴλ,
1511 4622 1761 4688 ἐφίλησεν
1794 4622 1980 4690 αὑτήψ
2009 4620 2174 4670 ἀπελ-

617 4715 783 4768 θοῦσα
809 4718 841 4784 ή
894 4716 1029 4785 κόρη
1061 4713 1354 4783 ἀπήγγειλε
1393 4712 1469 4781 τῷ
1525 4713 1690 4780 πατρὶ
1730 4711 1930 4762 Λάϐαν.
1981 4708 2176 4761 Ἐλθὼν

617 4805 776 4868 αὐτὸς
801 4805 1010 4871 ἐπέγνω
1034 4804 1123 4856 τὸν
1159 4800 1368 4863 Ἰακὼϐ,
1397 4803 1680 4870 εἰσήγαγεν
1702 4801 1859 4851 αὑτὸν
1890 4800 2023 4869 πρὸς
2048 4801 2175 4852 ἐαυ-

616 4897 728 4948 τόν.
764 4895 1096 4946 Ἐδοὺλευσεν
1129 4893 1270 4960 αὑτῷ
1300 4894 1390 4944 ἐπὶ
1435 4890 1607 4960 μισθῷ
1630 4889 1911 4958 θυγατρός
1935 4889 2034 4941 666
2079 4889 2177 4958 τὴν

619 4984 988 5054 πρεσϐυτέραν
1019 4983 1202 5035 ἔδωκε·
1259 4981 1655 5051 δυσχεραίνοντι
1679 4981 1733 5033 66
1758 4981 1832 5050 τῷ
1872 4980 2060 5034 Ἰακὼϐ
2085 4983 2177 5033 ἐπὶ

618 5077 685 5144 τῇ
718 5075 918 5143 ἀπάτῃ,
951 5072 1216 5142 προτείνει
1255 5071 1394 5123 ἐπτά
1453 5070 1547 5136 ἔτη
1601 5069 1761 5136 ἕτερα
1791 5068 2103 5129 δουλεῦσαι,
2130 5072 2176 5121 εἰ

621 5165 860 5234 βούλοιτο
901 5167 990 5216 καὶ
1018 5165 1113 5232 τὴν
1143 5163 1414 5231 νεωτέραν
1461 5161 1664 5211 λαϐεῖν.
1715 5160 1771 5211 '0
1812 5159 1867 5210 66
1905 5159 1995 5209 καὶ
2024 5158 2178 5210 τοῦτο

622 5250 895 5318 ὑπέμεινε,
922 5251 1015 5302 καὶ
1046 5249 1309 5318 λαμϐάνει
1333 5249 1424 5299 καὶ
1461 5247 1555 5314 τὴν
1584 5246 1868 5315 νεωτέραν.
1896 5242 2003 5296 Ἦν
2037 5246 2091 5297 δὲ
2143 5248 2174 5314 ἡ

625 5340 721 5409 μὲν
745 5339 1082 5408 πρεσϐυτέρα
1116 5339 1342 5406 ἀσθενὴς
1367 5339 1474 5398 τοῖς
1523 5336 1833 5404 ὀφθαλμοῖς,
1859 5335 2011 5387 Λεία’
2120 5337 2178 5389 δὲ

621 5431 855 5499 νεωτέρα
878 5431 1078 5498 ὡραία,
1121 5431 1154 5497 ἡ
1195 5427 1413 5496 Ῥαχήλ.
1458 5425 1576 5476 Εἰσὶ
1619 5425 1673 5476 δὲ
1716 5424 1873 5476 τύποι
1915 5425 2097 5486 αὑταὶ,
2145 5427 2177 5494 ὴ

684 5521 709 5548 ⁸
725 5520 1066 5590 ,[,ιιεᾱυηθηεὶς
1087 5521 1113 5566 6
1134 5520 1185 5566 δέ
1207 5518 1293 5565 οὑκ
1311 5516 1556 5578 ἀφίστατο,
1585 5515 1686 5561 ἀλλ’
1707 5516 1840 5575 ἕτερα
1861 5515 2072 5575 ὤρυσσεν
2092 5515 2180 5571 ἕως

620 5579 959 5698 “66676636.,
991 5640 1078 5686 sed
1121 5638 1218 5686 alio
1242 5637 1383 5684 modo
1408 5633 1636 5698 exprimit
1656 5635 2029 5692 Chrysoslomus
2050 5640 2179 5684 ιοωο

623 5697 703 5759 ιγ,
729 5713 776 5762 p.
802 5697 909 5760 526,
931 5710 1127 5761 nempe,
1150 5700 1210 5746 τὰ
1233 5704 1315 5754 τῆς
1333 5701 1454 5754 ζωῆς
1473 5697 1584 5756 ἡμῖν
1605 5698 1802 5756 οἴχεται.

1287 399 1345 455 S.
1386 397 1666 454 JOANNIS
1703 391 2196 454 CHRYSOSTOMI
2235 391 2551 448 ARCHIEP.
2589 392 3131 451 CONSTANTINOP.

3715 427 3826 477 322

2273 506 2371 575 μὲν
2395 507 2738 578 πρεσϐυτέρα
2772 508 2868 578 τῆς
2898 509 3216 578 συναγωγῆς
3250 511 3359 564 τῶν
3392 512 3679 580 Ἰουδαίων,
3712 519 3744 588 ή
3776 521 3840 574 δὲ

2269 597 2504 667 νεωτέρα
2558 601 2658 667 τῆς
2713 597 3036 669 Ἐκκλησίας
3101 599 3195 652 τοῦ
3245 602 3499 671 Χριστοῦ.
3563 607 3836 662 Συνέλαϐε

2269 684 2423 749 Λεία,
2442 687 2533 738 καὶ
2558 687 2710 740 ἔτεκε
2737 687 2826 740 τὸν
2857 689 3124 758 Ῥουϐεὶμ,
3159 691 3248 743 τὸν
3268 693 3508 761 Συμεὼν,
3562 696 3656 747 16v
3681 697 3835 758 Λευῒ,

2267 773 2358 825 τὸν
2390 773 2601 828 Ἰούδαν.
2647 777 2713 829 Ἦ
2739 778 2796 829 δὲ
2844 777 3060 850 Ῥαχὴλ,
3121 779 3242 832 ἐπεὶ
3289 782 3364 850 μὴ
3401 782 3597 846 ἔτικτε,
3650 785 3839 838 δίδωσι

2268 860 2344 928 τῷ
2383 861 2574 914 Ἰακὼϐ
2598 867 2830 930 γυναῖκα
2854 865 3130 936 δευτέραν,
3169 868 3267 938 τὴν
3320 870 3609 942 παιδίσκην
3662 873 3838 942 αὐτῆς

2269 950 2464 1016 Βάλαν,
2489 955 2579 1008 καὶ
2606 955 2788 1008 ἔτεκεν
2819 957 2997 1026 ἐκείνη
3025 958 3114 1009 τὸν
3133 959 3238 1023 Δάν
3259 961 3352 1012 καὶ
3381 960 3470 1013 τὸν
3495 961 3836 1030 Νεφθαλείμ.

2272 1040 2477 1094 Ἔδωκε
2501 1042 2556 1094 δὲ
2589 1045 2680 1096 καὶ
2701 1045 2734 1116 ή
2763 1045 2895 1098 Λεία
2916 1046 3120 1114 Ζελφάν
3141 1048 3237 1118 τὴν
3257 1049 3544 1120 παιδίσκην
3573 1052 3838 1122 αὐτῆςτῷ

2281 1131 2473 1184 Ἰακὼϐ
2505 1137 2754 1200 γυναῖκα·
2786 1137 2818 1204 ή
2845 1135 2902 1186 66
2925 1134 3076 1187 ἔτεκε
3107 1136 3195 1188 τὸν
3233 1138 3338 1191 Γάδ
3366 1141 3458 1193 καὶ
3490 1141 3579 1194 τὸν
3639 1143 3833 1210 ’Λσήρ.

2272 1221 2464 1273 ’Έτεκε
2485 1221 2542 1273 δὲ
2569 1223 2697 1292 ἐξῆς
2716 1225 2847 1277 Λεία
2883 1227 3019 1294 μετά
3041 1227 3210 1278 ταῦτα
3247 1229 3338 1281 τὸν
3379 1229 3594 1299 Ἰσάχαρ
3616 1231 3706 1284 καὶ
3739 1232 3837 1282 16v

2269 1309 2573 1366 Ζαϐουλών.
2617 1313 2747 1364 Τότε
2782 1314 2931 1366 ἔτεκε
2955 1315 3047 1367 καὶ
3078 1317 3110 1384 ἠ
3141 1315 3338 1385 Ῥαχὴλ
3367 1316 3457 1369 τὸν
3495 1318 3707 1388 Ἰωσήφ.
3744 1319 3838 1380 Ὠς

2267 1398 2323 1450 δὲ
2357 1399 2543 1468 ήθελεν
2573 1403 2600 1454 ό
2642 1403 2832 1454 Ἰακὼϐ
2880 1404 3129 1457 ἀπελθεῖν
3156 1406 3234 1468 εἰς
3261 1406 3360 1476 τὴν
3391 1407 3593 1459 οἰκείαν
3613 1407 3738 1476 γῆν,
3757 1407 3838 1459 δίο

2266 1489 2426 1541 δωσιν
2452 1490 2598 1560 αὑτῷ
2629 1492 2719 1544 16v
2742 1492 2928 1561 μισθὸν
2951 1495 2978 1544 6
2998 1495 3202 1559 Λάϐαν,
3253 1495 3312 1548 δν
3354 1496 3511 1558 αὑτὸς
3541 1497 3570 1548 6
3635 1497 3838 1550 Ἰακὼϐ

2268 1575 2452 1646 ὥρισε,
2486 1581 2594 1632 πᾶν
2613 1579 2769 1646 φαιὸν
2795 1582 2851 1632 ἐν
2889 1585 2999 1644 τοῖς
3031 1583 3246 1650 ἀρνασι,
3279 1585 3368 1636 καὶ
3399 1587 3504 1637 πᾶν
3529 1584 3716 1638 λευκὸν
3775 1590 3839 1640 ἐν

2267 1669 2386 1728 ταῖς
2415 1668 2555 1733 αίξίν
2592 1679 2637 1706 ο·
2665 1668 2740 1731 ὼς
2771 1669 2826 1720 66
2860 1669 3026 1722 πολλὰ
3051 1669 3120 1722 τὰ
3141 1670 3361 1724 τοιαῦτα
3398 1672 3636 1739 γέγονεν·
3664 1673 3837 1726 ἐτίθει

2269 1757 2375 1827 γὰρ
2406 1758 2634 1827 ῥάϐδους
2657 1761 2714 1811 ἐν
2761 1763 2870 1822 τοῖς
2903 1760 3283 1830 ποτιστηρίοις,
3329 1763 3421 1815 καὶ
3452 1764 3699 1816 ἐνεκίσσα
3761 1765 3839 1818 τὰ

2270 1848 2531 1917 πρόϐατα,
2552 1850 2644 1900 καὶ
2673 1849 2848 1902 ἔτικτε
2877 1851 3042 1903 λευκά
3068 1853 3159 1904 καὶ
3180 1851 3414 1916 ποικίλα,
3435 1853 3526 1906 καὶ
3551 1853 3835 1924 σποδοειδῆ

2274 1937 2456 2002 ραντά.
2493 1936 2564 1987 Τὸ
2590 1937 2645 1988 δὲ
2675 1940 2779 1989 πᾶν
2805 1939 2896 1989 τοῦ
2917 1938 3048 1990 Θεοῦ
3070 1939 3227 2008 ἔργον
3252 1936 3340 2009 ἦν,
3373 1938 3448 2003 ὡς
3476 1941 3634 2005 αὑτός
3663 1957 3837 2010 φησιν

2269 2025 2296 2074 6
2340 2024 2550 2076 Ἰακώϐ.
2579 2026 2956 2092 Διεφθονοῦντο
2995 2028 3139 2097 αὑτῷ
3165 2030 3267 2081 υἱοὶ
3295 2029 3498 2092 Λάϐαν,
3531 2030 3622 2082 καὶ
3648 2029 3839 2081 λαϐὼν

2270 2113 2440 2182 λάθρα
2469 2116 2568 2177 τὰς
2599 2118 2786 2170 ἐαυτοῦ
2830 2122 3087 2184 γυναῖκας
3140 2121 3275 2187 μετά
3331 2119 3436 2172 τῶν
3480 2121 3837 2191 ὑπαρχόντων

2271 2206 2526 2276 ἀπῆλθεν.
2573 2209 2629 2260 ’0
2669 2209 2724 2260 δὲ
2771 2208 2953 2262 Λάϐαν
2999 2210 3306 2274 κατεδίωξε,
3357 2211 3450 2264 καὶ
3497 2226 3626 2282 πριν
3679 2212 3838 2282 αὐτῷ

2273 2296 2578 2364 συμϐαλεῖν,
2604 2297 2892 2367 ἠπείλησεν
2935 2301 2962 2351 6
2988 2300 3117 2362 Θεὸς
3138 2301 3303 2369 αὐτῷ,
3323 2305 3369 2354 εί
3392 2302 3628 2372 τραχέως
3660 2319 3839 2370 προσ-

2270 2386 2508 2454 ενεχθείη
2538 2387 2616 2455 τῷ
2657 2387 2878 2439 Ἰακώϐ.“
2911 2389 2967 2440 '0
2998 2389 3053 2440 66
3083 2389 3268 2452 ἐλθὼν,
3300 2390 3360 2442 16
3383 2393 3478 2459 μὲν
3502 2391 3715 2460 πρῶτον
3740 2395 3836 2444 ἐν-

2271 2472 2472 2534 εκάλει,
2502 2473 2648 2544 [523]
2668 2475 2761 2526 καὶ
2781 2476 2878 2546 τὴν
2897 2477 3072 2529 αἰτίαν
3096 2478 3274 2547 ἐζήτει
3295 2478 3394 2547 τῆς
3421 2479 3675 2550 λαθραίας
3694 2483 3837 2534 ἀνα-

2271 2564 2581 2632 χωρήσεως.
2619 2565 2704 2626 Ὠς
2729 2565 2782 2617 66
2802 2561 2952 2618 εἶπεν
2971 2569 2998 2618 6
3033 2567 3245 2629 Ἰακὼϐ,
3263 2569 3351 2621 διά
3378 2569 3438 2620 τὸ
3463 2571 3838 2639 πεφθονῆσθαι

2276 2655 2478 2721 μήποτε
2503 2655 2602 2715 τάς
2631 2654 2931 2724 θυγατέρας
2958 2655 3118 2707 αὑτοῦ
3146 2657 3315 2720 λάϐοι,
3344 2657 3500 2710 τοῦτο
3534 2660 3838 2729 116110111116-

2273 2759 2381 2803 ναι,
2411 2742 2588 2812 ἐζήτει
2624 2744 2746 2805 τοὺς
2773 2743 2926 2807 θεοὺς
2973 2745 3133 2797 αὑτοῦ
3180 2747 3386 2810 Λάϐαν,
3417 2748 3507 2811 οὓς
3540 2749 3766 2817 ἔκλεψεν
3798 2755 3835 2821 ὴ

2289 2828 2503 2897 Ῥαχήλ.
2563 2829 2649 2890 Ὠς
2699 2829 2754 2880 δὲ
2801 2831 2898 2898 οὑχ
2944 2824 3129 2901 εὗρεν,
3175 2833 3469 2885 ἐπιτίθεται
3511 2835 3756 2904 σφοδρῶς
3807 2840 3841 2889 6

2288 2913 2476 2966 Ἰακὼϐ
2507 2916 2767 2982 ἐγκαλῶν.
2813 2917 2922 2970 Καὶ
2962 2918 3130 2982 τέλος,
3163 2919 3422 2985 φαγόντες
3465 2923 3556 2973 καὶ
3597 2923 3837 2989 πιόντες,

2273 3001 2692 3072 διεχωρίσθησαν
2713 3003 2969 3072 ἀλλήλων,
2991 3004 3172 3073 βουνὸν
3194 3004 3354 3056 λίθων
3382 3009 3670 3076 στήσαντες
3692 3010 3838 3078 ἐκεῖ,

2273 3086 2330 3138 ὃν
2361 3089 2452 3138 καὶ
2483 3088 2672 3138 Βουνδν
2700 3090 2996 3158 μαρτυρίου
3031 3090 3311 3143 ἐκάλεσαν.
3335 3092 3464 3144 Τότε
3497 3095 3839 3164 συνήντησαν

2266 3171 2350 3238 ’τῷ
2393 3171 2584 3222 Ἰακὼϐ
2617 3172 2831 3239 ἄγγελοι
2865 3173 3020 3227 Θεοῦ.
3058 3175 3392 3228 ’Λποστέλλει
3419 3179 3447 3230 6
3479 3179 3668 3230 Ἰακὼϐ
3696 3181 3840 3251 πρὸς

2276 3255 2365 3306 τὸν
2404 3255 2593 3316 Ἡσαῦ,
2622 3257 2976 3324 ἀπαγγέλλων
3003 3259 3166 3332 αὑτοῦ
3196 3259 3294 3331 τὴν
3327 3262 3633 3332 ἐπιδημίαν.
3662 3265 3752 3329 Ὠς
3779 3268 3842 3322 δὲ

2275 3335 2435 3408 ἦλθον
2461 3344 2508 3392 οἱ
2540 3343 2950 3407 ἀποσταλέντες,
2983 3345 3076 3398 καὶ
3100 3340 3250 3399 εἷπον
3276 3346 3524 3416 ἔρχεσθαι
3545 3349 3632 3402 τὺν
3658 3351 3840 3405 Ἢσαῦ

2277 3427 2416 3496 μετά
2443 3429 2801 3497 τετρακοσίων
2834 3431 3058 3501 ἀνδρῶν,
3090 3432 3379 3502 περίφοϐος
3408 3435 3692 3504 γενόμενος
3726 3438 3841 3491 δεῖ-

2273 3529 2360 3565 ται
2393 3512 2486 3566 τοῦ
2509 3513 2663 3578 Θεοῦ,
2688 3513 2826 3566 ὥστε
2860 3517 3020 3568 αὑτὸν
3045 3517 3346 3582 ἀπαλλάξαι
3375 3519 3466 3572 τοῦ
3487 3522 3837 3590 ἐπικειμένου

2275 3598 2539 3660 κινδύνου,
2577 3601 2670 3651 καὶ
2692 3600 3052 3670 πέμπειδῶρα
3078 3600 3155 3668 τῷ
3199 3601 3389 3657 Ἠσαῦ.
3418 3604 3503 3666 Ὠς
3527 3606 3584 3658 66
3616 3607 3837 3676 είσῆλθε

2274 3681 2364 3734 τὸν
2390 3684 2718 3752 χειμάρρουν
2741 3685 2769 3734 ὁ
2795 3684 3006 3747 Ἰακὼϐ,
3038 3685 3130 3737 καὶ
3157 3686 3441 3758 εὑλογήθη,
3470 3692 3560 3740 καὶ
3593 3707 3838 3758 μετωνο-

2279 3769 2458 3837 μάσθη
2483 3768 2544 3818 16
2571 3768 2739 3837 ὄνομα
2763 3769 2946 3832 αὑτοῦ,
2971 3772 3070 3841 ὁρᾷ
3093 3771 3180 3825 16v
3208 3771 3376 3825 Ἦσαῦ
3405 3774 3712 3844 ἐρχόμενον,
3741 3780 3841 3832 καὶ

2274 3855 2463 3907 διελὼν
2495 3855 2554 3906 16
2580 3855 2800 3924 πλῆθος,
2829 3856 2925 3918 τὰς
2953 3857 3049 3923 μὲν
3089 3858 3373 3922 παιδίσκας
3399 3861 3536 3930 μετὰ
3560 3861 3672 3915 τῶν
3703 3865 3838 3917 παί-

2273 3941 2378 3994 δων
2407 3941 2582 3994 αὐτῶν
2603 3941 2822 4009 πρώτας
2839 3942 3012 4006 ἔταξε,
3033 3943 3130 4014 τήν
3152 3944 3208 3996 δὲ
3229 3944 3391 3998 Λείαν
3417 3946 3668 4018 δευτέραν
3693 3952 3839 4019 μετὰ

2275 4025 2382 4080 τῶν
2416 4027 2662 4091 παιδίων,
2694 4029 2786 4080 καὶ
2817 4028 2913 4098 τὴν
2961 4029 3158 4100 Ῥαχὴλ
3197 4029 3334 4099 μετά
3379 4031 3570 4100 Ἰωσὴφ
3599 4034 3839 4104 ἐσχάτην

2276 4114 2530 4184 ἔρχεσθαι
2557 4116 2833 4180 κελεύσας,
2865 4115 3024 4180 αὑτὸς
3048 4116 3258 4187 πρῶτος
3283 4117 3468 4189 ἀπῄει.
3501 4121 3588 4183 Ὠς
3615 4120 3672 4173 δέ
3695 4118 3838 4174 εἶδεν

2276 4200 2436 4253 αὑτὸν
2468 4200 2715 4270 ἀσμένως
2752 4203 2780 4254 6
2819 4201 3011 4266 Ἠσαῦ,
3061 4203 3154 4256 καὶ
3198 4201 3269 4256 τά
3298 4203 3444 4274 δῶρα
3492 4204 3650 4258 ελαϐε
3700 4208 3834 4276 παρ’

2276 4287 2459 4351 αὑτοῦ,
2494 4287 2644 4356 ἠξίου
2685 4288 3114 4358 συμπορεύεσθαι
3146 4289 3292 4359 αὑτῷ
3313 4307 3327 4320 ·
3358 4292 3387 4343 6
3417 4291 3473 4343 66
3515 4296 3834 4362 παρῃτεῖτο.

2275 4373 2385 4425 Kal
2410 4372 2575 4425 ἐλθὼν
2604 4373 2891 4427 κατέλυσεν
2922 4376 3000 4437 είς
3030 4374 3178 4426 πόλιν
3206 4375 3442 4445 Σικίμων
3474 4376 3679 4446 Σαλήμ,
3703 4377 3837 4430 ἔνθα

2276 4457 2458 4526 Συχὲμ
2491 4459 2518 4508 ό
2551 4458 2662 4521 υίὸς
2703 4458 2927 4530 Ἑμμὼρ
2956 4459 3047 4512 τοῦ
3083 4459 3363 4528 βασιλέως,
3397 4461 3643 4531 ἐρασθεὶς
3672 4463 3838 4526 Δίνας

2273 4544 2373 4611 τῆς
2405 4545 2669 4616 θυγατρὸς
2721 4546 2948 4610 Ἰακὼϐ,
2991 4547 3086 4600 καὶ
3133 4548 3353 4619 φθείρας
3396 4550 3495 4617 τὴν
3527 4549 3797 4618 παρθένον
3822 4591 3838 4611 ,

2274 4629 2423 4697 ήξίου
2453 4630 2604 4699 νόμῳ
2647 4630 2824 4699 γάμου
2874 4630 3055 4682 λαϐεῖν
3101 4633 3266 4700 αὐτὴν
3305 4636 3554 4702 γυναῖκα.
3595 4629 3732 4687 Εἷπε
3777 4635 3838 4688 δὲ

2275 4715 2496 4782 Συμεὼν
2551 4717 2644 4768 καὶ
2675 4716 2803 4768 Λευῖ
2847 4715 3034 4770 δώσειν
3075 4717 3327 4787 ἑτοίμως,
3371 4720 3418 4771 εί
3454 4720 3840 4790 περιτμηθεῖεν

2276 4801 2469 4852 ἐκεῖνοι
2505 4799 2641 4870 μετά
2671 4800 2762 4853 τοῦ
2791 4802 2917 4854 λαοῦ
2947 4803 3142 4856 αὑτῶν.
3179 4804 3263 4867 Ὠς
3285 4803 3341 4856 δὲ
3372 4805 3837 4875 περιετμήθησαν,

2278 4884 2356 4936 ἐτι
2389 4886 2547 4946 ὄντας
2589 4887 2646 4937 ἐν
2691 4885 2767 4954 τῷ
2815 4887 2960 4955 πόνῳ
3007 4888 3211 4942 ἀνεῖλον
3257 4890 3448 4952 αὐτοὺς
3480 4891 3702 4959 Συμεὼν
3743 4893 3839 4946 καὶ

2275 4971 2425 5024 Λευῒ.
2461 4970 2731 5036 Ἑφοϐεῖτο
2759 4971 2941 5024 λοιπὸν
2973 4975 3002 5025 6
3054 4971 3273 5034 Ἰακὼϐ,
3323 4975 3397 5044 μὴ
3443 4975 3838 5031 συνεπιθῶνται

2276 5056 2424 5124 αὑτῷ
2444 5057 2491 5107 οί
2516 5056 2738 5125 πλησίον
2755 5057 3042 5109 Χαναναῖοι
3062 5073 3076 5086 °
3097 5058 3191 5110 καὶ
3213 5057 3307 5110 τοῦ
3324 5058 3457 5124 Θεοῦ
3483 5059 3837 5124 κελεύσαντος

2278 5143 2510 5212 ἀνῆλθεν
2536 5144 2614 5205 είς
2648 5143 2865 5213 Βαιθήλ.
2896 5145 3004 5197 Kal
3034 5144 3302 5197 ἀπέθανεν
3331 5147 3364 5216 ἡ
3395 5147 3588 5216 τροφὸς
3617 5147 3840 5200 Ῥεϐέκ-

2278 5247 2399 5291 κας.
2431 5231 2516 5291 Ὦς
2537 5231 2592 5281 δέ
2620 5229 2917 5300 ηὑλόγησεν
2941 5230 3087 5299 αὐτῷ
3105 5233 3134 5283 6
3154 5231 3528 5302 Θεὸς,ἀπάρας
3555 5233 3616 5284 ἐκ
3635 5233 3838 5301 Βαιθὴλ

2279 5315 2590 5384 κατῴκησεν
2616 5314 2868 5368 ἐπέκεινα
2890 5316 3094 5385 πύργου
3120 5317 3308 5387 Γαδέρ.
3326 5318 3456 5370 Τότε
3481 5317 3837 5388 ἐδυστόκησεν

2280 5404 2312 5471 ὴ
2338 5402 2554 5472 Ῥαχὴλ,
2573 5402 2666 5455 καὶ
2685 5401 2942 5468 ἀπέθανε,
2963 5405 3056 5456 καὶ
3081 5404 3253 5474 ἐτάφη
3273 5405 3331 5456 ἐν
3348 5407 3412 5475 τῇ
3435 5404 3536 5474 6δῷ
3559 5405 3806 5472 Ἐφραθᾶ
3820 5421 3835 5436 ο

2343 5581 2365 5639 ἐ
2398 5577 2610 5639 Inlextq
2633 5573 2822 5639 ijlicp
2844 5574 3190 5639 legimusynav
3217 5575 3458 5624 διάλευκον
3480 5577 3559 5622 καὶ
3586 5575 3760 5639 ῥαντόν
3792 5575 3842 5621 έν

2279 5637 2379 5690 ταῖς
2419 5637 2553 5689 αἰξίν.
2587 5635 2684 5703 Sep
2727 5637 2810 5694 qui
2842 5637 3130 5703 cqmpondio
3156 5639 3385 5697 loquitur,
3421 5649 3514 5684 non
3548 5634 3710 5684 omnia
3741 5634 3840 5698 jam

2281 5704 2500 5745 accurate
2525 5698 2801 5759 exprimere
2825 5698 2986 5744 utet.-
