3990 6444
239 402 336 454 321

233 502 340 554 rilis
367 505 528 560 esset,
560 491 866 547 obsecrabat
885 490 1027 541 lsaac
1049 487 1208 538 Deum
1241 491 1297 535 ut
1319 483 1406 534 illa
1437 481 1734 541 concineret
1763 496 1776 530 :

232 596 384 654 atque
409 593 469 636 ut
497 583 715 651 gestavit
746 593 971 637 uterum,
998 575 1128 628 dixit
1154 574 1224 626 illi
1250 573 1386 626 Deus
1409 590 1422 622 :
1455 570 1581 622 Duo:
1621 577 1781 636 gentes

233 678 280 728 in
311 687 444 727 utero
469 682 552 725 tuo
581 678 710 730 sunt,
760 667 1064 736 populusque
1092 663 1326 730 p0pulnm
1357 659 1600 729 superabit
1619 658 1636 728 (
1657 656 1780 708 Gen.

233 765 321 816 25.
345 762 451 825 ετ.)
485 777 496 811 :
529 759 816 827 praedicens
863 770 922 808 ea
953 768 1067 821 qum
1093 751 1300 804 Judmos
1324 757 1372 802 et
1404 763 1499 800 ncs
1530 745 1782 798 Christia-

235 867 330 905 nos
357 849 680 918 spectabant.
705 845 959 899 Utantcm
982 841 1124 908 pueri
1144 839 1247 890 nati
1277 846 1396 889 sunt
1417 843 1781 895 ctereverunt,

234 941 390 993 tradit
421 937 702 1004 venditque
753 931 1096 1001 primogenita
1137 943 1228 981 sua
1275 927 1470 980 Iacobo
1512 925 1648 977 Esau
1694 938 1785 991 pro

235 1030 476 1082 coctione
505 1025 676 1079 lentis.
701 1025 831 1076 Cum
857 1021 1008 1073 vellet
1030 1020 1170 1072 Isaac
1196 1018 1245 1068 in
1271 1016 1547 1084 .‘Egyptum
1571 1015 1779 1067 descru-

233 1118 381 1178 dere,
412 1116 533 1182 quia
566 1113 728 1165 fames
769 1109 1104 1177 przevalcbat,
1158 1105 1391 1159 eohibuit
1432 1104 1573 1154 illum
1619 1103 1782 1164 Deus,

235 1207 473 1258 hortatus
505 1212 560 1254 ut
597 1202 699 1253 illic
729 1207 983 1260 maneret,
1013 1196 1097 1248 ubi
1134 1205 1253 1246 tunc
1278 1201 1408 1254 erat,
1436 1192 1690 1258 pollicitus
1729 1205 1786 1243 se

234 1310 350 1347 cum
377 1296 490 1360 ipso
541 1290 788 1352 futurum,
837 1301 899 1338 ac
929 1283 1322 1338 benedicturum
1367 1295 1545 1334 semen
1592 1279 1782 1346 ipsius,

235 1383 518 1449 ipsumque
533 1377 1010 1444 multiplicaturum.
1033 1374 1165 1426 Cum
1184 1371 1443 1424 didicisset
1465 1379 1633 1422 autem
1660 1368 1785 1420 Abi-

237 1471 443 1521 niclech
475 1483 568 1521 rex
597 1466 910 1520 Gcrarorum
940 1463 1230 1515 Rebeceam
1256 1475 1467 1512 uxorem
1490 1474 1602 1510 esse
1629 1457 1785 1509 lsaaci

235 1559 254 1624 (
279 1556 647 1623 suSpieabatur
676 1554 812 1606 enim
836 1565 1068 1604 sororem
1099 1551 1210 1614 ejus
1239 1545 1410 1614 esse),
1456 1558 1674 1598 mortem
1705 1546 1785 1596 iu-

238 1644 370 1695 dixit
396 1644 459 1694 iis
480 1643 565 1710 qui
599 1642 694 1709 ipsi
722 1639 1088 1693 contumeliam
1120 1636 1390 1688 inferrent.
1424 1634 1785 1686 Tunesemiua

234 1731 426 1797 sparsit
451 1730 613 1794 Isaac,
641 1737 692 1781 et
711 1728 907 1780 centies
930 1724 1322 1791 multiplicatum
1359 1722 1608 1775 hordeum
1640 1722 1788 1774 inve-

237 1822 328 1872 nit.
357 1821 490 1872 Cum
523 1827 696 1870 autem
740 1831 806 1870 ex
851 1814 1211 1867 benedictione
1246 1813 1337 1864 Dei
1377 1811 1576 1878 magnis
1609 1820 1788 1863 auctus

235 1918 378 1960 esset
395 1908 610 1971 divitiis,
653 1905 947 1958 invidebant
973 1904 1020 1956 ei
1067 1901 1374 1971 Phylistiim,
1404 1909 1456 1952 et
1485 1899 1786 1953 Abimelcch

236 1998 353 2050 inde
380 2013 500 2050 eum
521 1996 739 2064 expulit.
767 1995 856 2046 llle
873 2009 995 2045 vero
1015 2007 1116 2044 non
1139 1992 1355 2053 obstitit,
1376 1991 1463 2042 sed
1488 1990 1718 2054 recessit,
1738 1997 1790 2042 et

237 2097 421 2154 puteos
445 2087 591 2150 fodit,
617 2100 711 2153 pro
732 2086 916 2152 quibus
940 2084 1057 2135 lites
1087 2083 1294 2134 fuerunt
1317 2081 1409 2147 (a).
1432 2081 1518 2132 llle
1542 2095 1664 2133 vero
1686 2094 1787 2131 non

237 2179 372 2230 ultus
401 2193 515 2242 eos,
547 2177 679 2229 alios
709 2175 833 2226 fodit
865 2183 1063 2241 puteos,
1090 2173 1257 2226 donec
1287 2171 1358 2224 illi
1388 2171 1677 2224 molestiam
1706 2170 1778 2222 in-

238 2265 370 2318 ferre
400 2266 686 2318 desierunt.
712 2263 777 2315 Et
800 2263 1061 2316 benedixit
1090 2262 1232 2314 illum
1265 2262 1418 2314 Deus.
1445 2261 1585 2314 Isaac
1615 2271 1784 2313 autem

239 2370 292 2407 se
317 2355 599 2407 adeuntem
623 2353 1008 2406 Abimclechum
1027 2352 1247 2419 benigne
1275 2351 1502 2418 suscepit
1527 2352 1790 2404 convivio-

238 2460 336 2512 quc
366 2444 601 2512 excepit,
643 2443 943 2510 injuriarum
989 2442 1279 2494 immemor.
1314 2442 1464 2492 Duxit
1491 2441 1625 2493 Esaii
1650 2439 1785 2493 Chu-

240 2550 447 2588 nana2as
475 2533 740 2594 mulieres,
761 2547 873 2600 qua:
904 2531 1166 2598 litigabunt
1185 2546 1300 2582 cum
1323 2529 1575 2582 Rebecca.
1601 2529 1785 2582 Senuit

241 2623 444 2676 lsaacus
471 2631 524 2674 ct
550 2621 902 2687 caligaveruut
930 2620 1063 2671 oculi
1095 2621 1204 2684 ejus
1230 2659 1243 2678 ,
1275 2620 1618 2685 pra-Cepitque
1651 2620 1786 2672 Esai't

240 2711 339 2761 filio
365 2725 483 2772 suo,
509 2718 564 2761 ut
585 2717 864 2760 venaretur
890 2714 941 2759 et
965 2717 1167 2773 pararet
1188 2707 1284 2757 sibi
1305 2706 1518 2767 cibaria,
1545 2718 1597 2759 ut
1625 2708 1783 2761 benc-

238 2799 434 2852 tliccret
461 2813 600 2852 eum.
635 2797 795 2851 Jacob
814 2806 1004 2860 autem,
1024 2797 1088 2850 de
1109 2798 1288 2849 matris
1308 2797 1523 2851 consilio
1540 2807 1590 2852 et
1605 2813 1779 2867 Opera,

240 2888 373 2940 Esau
398 2887 608 2939 fratrem
636 2888 920 2954 prtevenit:
946 2901 1062 2938 nam
1086 2885 1246 2940 coctis
1266 2886 1349 2938 illa
1375 2886 1536 2940 hmdis
1559 2888 1780 2952 duobus,

239 2988 290 3030 ct
313 2977 536 3046 pellibus
570 2992 750 3031 eorum
780 2976 885 3030 filio
909 2978 1307 3045 circumpositis,
1335 2988 1390 3031 ut
1410 2979 1495 3031 lilii
1525 2981 1784 3034 levitatem

239 3070 539 3138 obtegeret,
569 3069 762 3122 cibaria
810 3068 905 3137 ipsi
956 3069 1196 3131 tradidit,
1244 3079 1294 3122 et
1323 3071 1495 3122 emisit
1529 3085 1669 3123 cum.
1697 3070 1786 3125 ille

241 3174 360 3211 vero
390 3160 656 3226 ingressus
683 3158 1074 3211 benedictiones
1101 3158 1315 3224 accepit.
1353 3158 1448 3210 Ubi
1483 3168 1653 3212 autem
1694 3175 1782 3212 ac-

239 3249 392 3298 cessit
426 3247 594 3307 Esau,
627 3256 678 3299 ct
718 3246 854 3312 quod
881 3256 1084 3312 gestum
1116 3257 1225 3297 erat
1248 3246 1458 3298 edidicit
1482 3286 1494 3304 ,
1530 3247 1782 3300 lamenta-

240 3325 407 3398 batur,
437 3334 662 3403 lugebat,
693 3333 1000 3403 petebatque
1030 3345 1078 3387 et
1108 3335 1215 3402 ipse
1244 3336 1656 3388 benedictionem
1686 3337 1781 3390 sibi

239 3425 344 3476 dari
377 3434 461 3475 :et
480 3423 882 3491 perseverantia
903 3438 991 3475 sua
1019 3424 1210 3490 aliquid
1230 3425 1429 3486 effecit;
1463 3426 1587 3477 nihil
1612 3436 1781 3478 tamen

239 3522 455 3574 tantum,
489 3520 738 3579 quantum
767 3513 1010 3579 sperabat
1038 3529 1050 3564 :
1080 3513 1374 3579 impetravit
1403 3523 1593 3568 tamen.
1620 3515 1781 3568 Parva

241 3604 406 3670 itaque
439 3603 554 3654 loco
583 3601 794 3668 majoris
820 3601 1179 3657 benedictione
1204 3603 1444 3668 donatus,
1469 3605 1785 3658 irascebatur

238 3702 414 3743 contra
441 3690 670 3751 fratrem,
702 3689 903 3756 injuria:
929 3705 1147 3754 memor,
1171 3692 1604 3760 exspectabatque
1627 3695 1784 3760 patris

241 3789 484 3843 mortem,
518 3788 573 3831 ut
603 3787 722 3832 tunc
751 3779 865 3832 sine
890 3789 1026 3831 metu
1057 3781 1265 3834 insidias
1291 3783 1386 3849 ipsi
1409 3792 1631 3850 pararet.
1665 3784 1785 3837 llaec

238 3869 432 3922 Iacobo
460 3869 650 3922 indicat
669 3879 854 3931 mater,
878 3869 1216 3939 hortaturque
1236 3880 1290 3924 ut
1316 3873 1429 3940 fuga
1454 3875 1668 3927 salutem
1689 3875 1783 3927 sibi

239 3969 418 4024 paret:
450 3972 670 4025 cumque
699 3957 914 4012 dixisset
944 3958 1117 4012 lsaaco
1153 3976 1252 4013 non
1295 3962 1498 4014 vitalem
1543 3963 1637 4015 sibi
1675 3962 1785 4018 fore

239 4051 416 4114 vitam,
450 4048 492 4101 si
524 4048 683 4102 Jacob
708 4050 864 4101 etiam
895 4065 957 4102 ex
984 4050 1522 4106 Chananzeisnxorem
1549 4053 1783 4115 duceret,

239 4138 361 4190 illud
387 4136 549 4190 efﬁcit
578 4148 635 4190 ut
657 4137 797 4192 Isaac
812 4139 1058 4192 Jacobum
1093 4142 1258 4194 mittat
1284 4143 1333 4194 in
1363 4143 1784 4210 Mesopotamiam

238 4227 298 4279 ad
325 4226 538 4280 fratrem
593 4229 751 4295 ipsius
801 4229 1089 4293 Labanum,
1120 4240 1175 4283 ut
1203 4247 1267 4284 ex
1297 4233 1497 4283 filialms
1523 4233 1632 4299 ejus
1661 4249 1786 4284 uxo-

238 4333 344 4371 rem
368 4319 545 4370 ducat.
577 4319 698 4372 Post
735 4319 912 4372 Jacobi
945 4319 1232 4388 profectum
1282 4322 1427 4373 duxit
1460 4322 1596 4374 ESaii
1631 4323 1786 4374 filiam

239 4407 470 4460 lsmaelis
491 4409 585 4462 sibi
612 4424 843 4463 uxorem.
877 4411 1058 4463 lsmael
1080 4421 1252 4464 autem
1277 4413 1411 4466 filius
1431 4423 1540 4467 erat
1567 4414 1787 4467 Abrahae

238 4511 298 4547 ex
331 4499 520 4564 Agare.
547 4497 696 4551 Videt
725 4499 912 4552 scalam
940 4501 1119 4562 Jacob,
1142 4503 1350 4568 cippum
1378 4504 1543 4568 erigit,
1576 4505 1790 4571 promit-

241 4586 404 4651 titque
431 4601 486 4637 se
513 4586 764 4639 bonorum
793 4604 1001 4641 suorum
1031 4590 1258 4643 decimas
1282 4594 1386 4645 Deo
1433 4595 1694 4656 daturum,
1746 4596 1787 4646 si

241 4673 517 4726 incolumis
548 4685 910 4729 reverteretur.
949 4679 1097 4731 Venit
1125 4681 1172 4732 in
1191 4681 1632 4748 Mesopotamiam,
1666 4685 1791 4737 vidit

243 4761 548 4826 Rachelem,
582 4763 742 4829 ipsam
766 4766 1024 4817 osculatus
1045 4776 1122 4818 est
1148 4784 1160 4828 ;
1190 4785 1395 4821 reversa
1430 4772 1594 4836 puella
1625 4772 1672 4823 id
1705 4787 1790 4824 re-

233 4853 646 4917 uuntiavitpatri
675 4868 768 4906 suo
797 4855 1026 4908 Labano.
1059 4858 1143 4908 llle
1165 4859 1376 4911 veniens
1408 4863 1613 4927 agnovit
1639 4862 1788 4914 Jaco-

241 4940 382 5002 bum,
417 4940 620 4993 induxit
663 4943 805 4994 illum
846 4944 1079 4996 domum.
1122 4945 1283 4998 Jacob
1323 4949 1533 5000 servivit
1573 4951 1678 5013 illi,
1741 4952 1788 5002 in

239 5028 534 5080 mercedem
563 5029 718 5080 filiam
750 5031 908 5096 ipsius
925 5045 1230 5098 accepturus
1254 5054 1264 5087 :
1287 5036 1369 5088 ille
1389 5054 1514 5088 vero
1542 5041 1791 5105 majorem

243 5126 360 5167 natu
382 5117 542 5170 dedit.
579 5117 735 5185 Aigre
777 5121 955 5172 ferenti
989 5122 1181 5175 Jacobo
1205 5126 1272 5176 ob
1303 5125 1576 5189 fallaciam,
1602 5144 1791 5196 propo-

246 5204 316 5254 nit
345 5215 399 5256 111
435 5217 631 5271 septem
658 5207 786 5258 alios
812 5223 977 5261 annos
1002 5213 1096 5262 sibi
1143 5214 1353 5276 serviat,
1397 5216 1438 5266 si
1468 5217 1586 5268 velit
1625 5227 1677 5269 et
1708 5219 1791 5284 ju-

244 5293 438 5344 niorem
487 5293 697 5345 dueere.
754 5296 842 5347 llle
886 5311 1011 5348 vero
1061 5299 1109 5350 id
1164 5316 1368 5368 quoque
1399 5318 1578 5370 passus
1614 5314 1710 5369 est,
1742 5316 1794 5358 et

242 5379 388 5432 duxit
413 5383 568 5434 etiam
595 5383 876 5450 juniorcm.
911 5385 1035 5437 Erat
1062 5399 1230 5441 autem
1255 5393 1418 5458 major
1444 5405 1562 5445 natu
1585 5395 1670 5446 Lia
1701 5396 1794 5462 lip-

245 5469 318 5532 pis
341 5471 535 5532 oculis;
569 5473 744 5538 junior
785 5484 956 5525 autem
1003 5475 1198 5528 Rachel
1247 5480 1492 5533 formosa.
1553 5483 1640 5535 lla:
1672 5499 1794 5536 vero

246 5556 416 5624 figune
443 5568 583 5623 sunt,
617 5575 803 5626 nempe
833 5561 998 5628 major
1020 5571 1142 5615 natu
1167 5581 1441 5636 synagoga:
1468 5569 1790 5637 Judmorum,

301 5664 370 5725 (a)
404 5672 510 5716 tltec
533 5668 744 5716 pluribus
769 5683 846 5728 ex;
868 5672 1065 5719 licantnr
1089 5681 1229 5722 'I‘omo
1256 5685 1322 5736 IV,
1355 5679 1445 5727 col.
1475 5682 1561 5730 457

562 5745 830 5803 PA'rnOL.
865 5747 908 5805 G
923 5765 978 5803 R.
1021 5747 1167 5804 LVI.

1307 369 1618 424 SYNOPSIS
1652 366 2046 423 SCRIPTURxﬁ
2085 365 2349 419 SACRE.

3323 383 3432 434 322

1886 477 2059 543 junior
2087 485 2256 528 autem
2286 475 2528 528 Ecclesire
2551 474 2762 527 Christi.
2796 475 3040 542 Concepit
3069 475 3178 537 Lia,
3203 485 3256 529 et
3286 491 3440 544 pepe-

1888 569 1954 620 rit
1984 567 2184 627 Ruben,
2211 566 2544 634 Symconem,
2576 564 2697 618 Levi
2727 574 2777 618 et
2803 564 3009 617 Judam.
3046 565 3235 618 Rachel
3267 577 3436 618 autem

1888 657 2004 724 quia
2032 671 2132 708 non
2169 655 2420 723 pariebat,
2444 654 2531 707 dat
2549 653 2745 706 Jacobo
2773 669 2986 707 uxorem
3012 653 3314 717 secundam,
3341 670 3436 706 an-

1888 747 2056 799 cillam
2089 758 2276 812 nempe
2305 759 2449 796 suam
2491 744 2688 804 Balam,
2739 753 2791 794 et
2837 744 3037 811 peperit
3085 743 3170 795 illa
3230 743 3335 796 Din
3385 753 3437 795 et

1889 833 2237 900 Nephthalim.
2274 832 2421 886 Dedit
2447 834 2601 884 etiam
2634 832 2721 884 Lia
2749 832 2998 898 Zelpham
3022 832 3260 884 ancillam
3289 845 3434 883 suam

1889 923 2083 976 Jacobo
2115 937 2326 973 uxorem
2361 940 2372 972 :
2402 922 2513 973 h:ee
2552 936 2674 974 vero
2703 922 2903 988 peperit
2933 920 3039 972 Gad
3081 931 3130 972 ct
3162 923 3307 973 Aser.
3341 922 3436 975 Pe-

1892 1014 2023 1078 perit
2045 1009 2228 1063 deinde
2256 1011 2410 1062 etiam
2438 1009 2522 1061 Lia
2540 1007 2746 1062 lsachar
2765 1020 2814 1061 et
2835 1009 3084 1061 Zabulou.
3111 1008 3255 1061 Tunc
3281 1024 3438 1077 pepe-

1892 1102 1954 1151 rit
1980 1114 2184 1167 quoqne
2210 1099 2401 1150 Rachel
2419 1097 2724 1167 Josepbum.
2750 1099 2875 1151 Cmn
2904 1111 3072 1152 autem
3102 1100 3254 1153 vellet
3277 1099 3436 1153 Jacob

1891 1191 2080 1243 reverti
2111 1191 2160 1241 in
2186 1199 2374 1242 terram
2414 1203 2581 1251 suam,
2607 1189 2695 1240 dat
2738 1189 2832 1256 ipsi
2888 1189 3181 1244 mercedem
3237 1189 3430 1251 Laban,

1890 1294 2043 1347 quam
2072 1279 2181 1346 ipse
2210 1277 2369 1331 Jacob
2385 1276 2767 1341 determinavit,
2799 1293 2952 1332 omne
2977 1279 3175 1333 fuscum
3194 1280 3243 1333 in
3263 1280 3428 1348 agnis,

1891 1377 1942 1420 et
1971 1382 2124 1419 omne
2149 1367 2321 1419 album
2355 1367 2402 1418 iu
2434 1368 2642 1432 captis:
2676 1367 2756 1417 illa
2795 1377 2966 1418 autem
3014 1383 3163 1435 quam
3215 1370 3432 1434 plurima

1891 1457 2228 1508 oriebantur:
2254 1454 2480 1522 ponebat
2507 1454 2644 1506 enim
2675 1455 2834 1507 Jacob
2859 1457 3026 1523 virgas
3059 1456 3108 1508 in
3136 1457 3432 1520 canalibus;

1892 1557 1943 1599 ct
1973 1545 2330 1612 concipiebaut
2361 1559 2504 1606 oves,
2533 1546 2876 1612 etpariebaut
2913 1546 3026 1599 alba
3073 1555 3126 1600 et
3167 1550 3328 1612 varia,
3383 1559 3437 1602 et

1891 1635 2127 1688 ciucritio
2171 1635 2345 1686 colore
2389 1649 2588 1700 sparsa.
2636 1633 2764 1684 illud
2819 1649 2943 1687 vero
2986 1643 3148 1689 totum
3191 1637 3278 1690 Dei
3325 1647 3438 1690 erat

1891 1739 2041 1792 opus,
2085 1734 2140 1777 ut
2183 1725 2293 1792 ipse
2320 1723 2480 1777 Jacob
2506 1725 2595 1774 ait.
2645 1723 2946 1777 luvidebant
2972 1726 3018 1778 ei
3041 1727 3128 1778 filii
3157 1726 3351 1789 Labau,
3383 1739 3436 1781 et

1893 1814 1978 1867 ille
2007 1814 2138 1865 clam
2167 1813 2392 1881 acceptis
2423 1813 2666 1866 uxoribus
2701 1814 2808 1866 suis
2827 1827 2943 1867 cum
2967 1813 3296 1868 facultatibus
3317 1817 3436 1870 abs-

1893 1904 2067 1956 cessit.
2097 1903 2272 1956 Laban
2299 1918 2426 1956 vero
2454 1903 2761 1971 insequutus
2781 1919 2896 1957 eum
2920 1915 3019 1967 est,
3047 1920 3108 1959 ac
3135 1907 3432 1974 priusquam

1892 2007 2008 2045 cum
2030 1992 2120 2045 illo
2145 1992 2570 2060 congrederetur,
2601 1991 2966 2046 interminatus
2995 2003 3074 2046 est
3100 1994 3168 2046 illi
3209 1995 3363 2058 Deus,
3391 1996 3435 2048 si

1891 2098 2074 2152 aspere
2094 2083 2339 2137 Jacobum
2356 2084 2666 2136 adoriretur.
2693 2083 2780 2136 llle
2798 2098 2920 2136 vero
2943 2093 2995 2135 ut
3015 2082 3244 2148 advenit,
3271 2086 3437 2152 primo

1892 2173 2179 2236 incusabat,
2213 2182 2262 2224 et
2286 2185 2496 2224 causam
2525 2170 2810 2238 quaerebat,
2839 2185 2931 2222 cur
2954 2171 3123 2223 furtim
3155 2172 3437 2224 abscessis-

1893 2272 1989 2316 set.
2024 2262 2087 2316 Ut
2107 2273 2280 2315 autem
2305 2260 2768 2327 JacobrespOndit,
2786 2275 2843 2314 se
2861 2261 2908 2312 id
2929 2261 3043 2314 idco
3072 2261 3275 2326 fecisse,
3298 2264 3434 2331 quod

1890 2354 1986 2406 sibi
2017 2352 2355 2414 invideretur,
2399 2360 2451 2404 et
2490 2351 2708 2403 veritum
2739 2366 2806 2404 ne
2845 2350 2977 2405 filias
3015 2366 3133 2406 suas
3170 2356 3431 2415 retineret,

1890 2443 2016 2494 deos
2044 2456 2166 2494 suos
2209 2441 2472 2508 repetebat
2503 2439 2698 2505 Laban,
2733 2454 2864 2508 quos
2891 2439 3054 2491 furata
3083 2449 3194 2493 erat
3221 2441 3435 2495 Rachel.

1891 2534 2016 2586 Cum
2037 2542 2206 2584 autem
2227 2547 2328 2584 non
2346 2531 2649 2594 invenisset,
2670 2532 2828 2582 instat
2843 2531 3176 2582 vehementer
3191 2529 3350 2583 Jacob
3371 2532 3435 2583 in-

1890 2633 2096 2672 cusans.
2122 2619 2359 2682 Demum,
2394 2627 2666 2686 pestquam
2684 2617 3086 2671 comederautet
3111 2617 3366 2680 biberant,
3387 2620 3434 2672 in

1892 2711 2024 2762 viam
2053 2712 2271 2778 quisque
2311 2724 2456 2761 suam
2489 2717 2814 2761 recesserunt
2835 2749 2848 2766 ,
2881 2709 3132 2760 tumulum
3161 2706 3269 2762 illic
3292 2708 3428 2776 lapi-

1890 2799 2012 2850 dum
2057 2808 2346 2851 statuentes
2373 2837 2385 2857 ,
2429 2813 2580 2862 quem
2621 2797 2804 2850 eollem
2854 2797 3432 2850 testimoniivocarunt.

1891 2889 2036 2942 Tunc
2065 2903 2340 2942 occurrere
2370 2888 2565 2940 Jacobo
2595 2887 2762 2954 angeli
2794 2887 2902 2940 Dei.
2944 2887 3098 2939 Mittit
3124 2903 3249 2940 vero
3276 2887 3435 2941 Jacob

1888 2981 1950 3032 ad
1994 2981 2130 3033 Esau
2152 3020 2165 3044 ,
2198 2979 2283 3048 qui
2309 2979 2678 3030 annuutiarent
2704 2977 2978 3030 adventum
3015 2992 3183 3030 suum.
3223 2978 3283 3032 [ξι
3314 2993 3435 3032 vero

1889 3070 2156 3123 redierunt
2182 3069 2215 3120 ii
2242 3069 2325 3136 qui
2368 3068 2508 3120 missi
2531 3067 2754 3131 fuerant,
2787 3077 2836 3118 ct
2867 3068 3230 3118 nuntiaverunt
3258 3068 3434 3120 venire

1889 3159 2028 3210 Esau
2051 3172 2167 3210 cum
2197 3156 2589 3224 quadringentis
2622 3155 2763 3218 viris,
2789 3155 3062 3207 formidine
3085 3164 3264 3222 captus
3290 3167 3434 3224 rogat

1890 3249 2084 3310 Deum,
2119 3256 2173 3299 ut
2202 3262 2256 3299 se
2282 3248 2345 3299 ab
2377 3245 2664 3298 imminenti
2691 3245 2919 3313 periculo
2944 3246 3144 3308 liberet,
3178 3247 3435 3314 mittitque

1887 3339 2021 3391 dona
2069 3339 2205 3390 Esaii
2252 3337 2418 3388 fratri.
2451 3336 2518 3390 Ut
2549 3344 2721 3387 autem
2767 3335 3032 3403 ingressus
3074 3345 3154 3388 est
3180 3335 3340 3388 Jacob
3383 3336 3433 3388 in

1887 3437 2169 3481 torrentem
2196 3467 2210 3490 ,
2249 3425 2766 3493 benedictionemqne
2795 3426 3032 3492 accepit,
3069 3440 3131 3477 ac
3174 3434 3431 3479 mutatum

1889 3519 1981 3569 fuit
2008 3531 2198 3568 nomen
2224 3515 2357 3581 ejus,
2387 3513 2522 3566 videt
2551 3514 2686 3565 Esau
2713 3513 3024 3572 venientem,
3049 3527 3109 3566 ac
3135 3513 3299 3565 divisa
3326 3525 3434 3566 tur-

1888 3621 1968 3657 ma
1992 3621 2103 3668 sua,
2127 3605 2340 3656 ancillas
2363 3619 2477 3655 cum
2503 3603 2620 3654 filiis
2639 3603 2744 3654 Suis
2768 3603 2956 3668 primas
2983 3604 3266 3666 constituit,
3294 3603 3435 3656 Liam

1888 3697 2166 3749 secundam
2189 3711 2305 3748 cum
2333 3696 2465 3758 filiis,
2501 3707 2552 3747 et
2572 3695 2851 3748 Rachelem
2875 3709 2990 3747 cum
3015 3694 3208 3761 .loseph
3239 3704 3438 3761 postre-

1889 3801 2026 3837 mam
2075 3785 2253 3837 vcnire
2293 3784 2486 3852 jussit:
2518 3782 2629 3851 ipse
2650 3798 2779 3837 vero
2807 3785 3004 3852 primus
3045 3783 3333 3838 incedebat.
3369 3784 3437 3839 Ut

1889 3884 2061 3926 autem
2083 3873 2286 3941 placide
2313 3873 2442 3925 vidit
2471 3871 2613 3924 illum
2647 3871 2782 3924 Esau
2808 3912 2821 3934 ,
2851 3883 2902 3925 et
2929 3873 3063 3926 dona
3089 3872 3155 3924 ab
3185 3872 3274 3925 illo
3293 3887 3438 3926 accc-

1891 3962 1998 4028 pit,
2030 3962 2242 4029 rogabat
2271 3976 2327 4012 se
2357 3965 2451 4012 vim
2481 3961 2724 4012 comitem
2753 3962 3012 4026 acciperet
3041 3979 3053 4012 :
3084 3960 3244 4013 Jacob
3265 3969 3437 4014 autem

1891 4053 2080 4103 renuit.
2112 4048 2358 4102 Confecto
2403 4051 2589 4102 itinere
2628 4061 2860 4102 moratus
2902 4052 3060 4103 estin
3100 4051 3270 4104 Salem
3310 4052 3439 4104 Sieio

1891 4155 2094 4192 morum
2123 4141 2265 4202 urbe,
2299 4138 2386 4191 ubi
2412 4138 2634 4207 Syc-hem
2665 4139 2799 4191 tilius
2829 4139 3040 4192 1111111101-
3064 4141 3198 4208 regis
3219 4182 3232 4206 ,
3262 4156 3441 4194 arnore

1893 4230 2034 4283 Dinue
2063 4230 2178 4283 filia:
2211 4230 2388 4283 Jacobi
2413 4239 2594 4296 captus
2623 4238 2732 4293 est,
2770 4230 2958 4298 illaque
2984 4231 3180 4295 vitiata,
3220 4230 3439 4298 rogabat

1893 4321 2031 4372 illam
2062 4320 2253 4372 ducere
2299 4335 2515 4372 uxorem
2545 4319 2642 4371 sibi
2685 4318 2884 4372 liceret.
2913 4320 3310 4387 Responderunt
3340 4321 3440 4388 Sy-

1893 4423 2044 4461 mcon
2072 4419 2122 4462 et
2151 4409 2273 4461 Levi
2297 4449 2310 4473 ,
2345 4423 2400 4461 se
2431 4408 2651 4461 libenter
2678 4409 2891 4461 daturos
2913 4450 2926 4474 ,
2970 4410 3012 4462 si
3041 4410 3136 4477 ipsi
3167 4411 3440 4462 circumci-

1892 4498 2139 4551 dereutur
2159 4513 2279 4552 cum
2305 4497 2495 4565 pepulo
2515 4512 2628 4550 suo.
2653 4497 2719 4550 Ut
2749 4513 2871 4551 vero
2894 4512 2951 4550 se
2981 4499 3438 4561 circuinciderunt,

1893 4603 2013 4640 cum
2045 4586 2213 4639 adhuc
2254 4587 2304 4638 in
2335 4586 2516 4638 dolore
2564 4596 2935 4648 versarentur,
2985 4586 3100 4638 illos
3139 4586 3443 4640 interfecere

1893 4678 2116 4746 Symeon
2156 4687 2208 4729 et
2249 4677 2390 4728 Levi.
2433 4676 2692 4728 Metuebat
2727 4677 2974 4744 deinceps
3015 4677 3174 4731 Jacob
3203 4693 3267 4731 nc
3297 4680 3346 4730 in
3388 4694 3446 4732 se

1895 4767 2150 4819 irruerent
2182 4767 2332 4816 vicini
2359 4764 2636 4817 Chanaumi
2671 4784 2681 4817 :
2723 4767 3170 4835 00111·ι110]111›‹11110
3213 4770 3448 4823 ascendit

1896 4857 1943 4907 in
1976 4855 2193 4907 Ba-tbel.
2227 4855 2528 4920 Mor-tuaque
2558 4865 2636 4907 cst
2661 4857 2833 4908 nutrix
2879 4857 3144 4910 Rebeccae.
3175 4859 3241 4912 Ut
3274 4872 3444 4912 autem

1897 4945 2157 4996 benedixit
2185 4943 2377 4996 Jacobo
2403 4943 2555 5007 Deus,
2585 4945 2846 5012 profectus
2872 4961 2934 4997 ex
2965 4945 3158 4997 Bzethel
3191 4946 3442 4997 habitavit

1897 5036 2026 5086 ultra
2056 5036 2234 5086 turrim
2257 5034 2442 5088 Gader.
2475 5035 2620 5088 Tunc
2642 5036 2916 5090 infeliciter
2940 5038 3140 5103 peperit
3165 5036 3357 5089 Rachel
3389 5046 3443 5089 et

1897 5137 2097 5179 mortua
2127 5137 2203 5179 est
2230 5167 2242 5187 ,
2277 5128 2582 5193 scpultaque
2629 5137 2707 5177 est
2739 5127 2786 5178 in
2825 5128 2904 5178 via
2933 5126 3154 5192 Eplirata
3189 5143 3201 5180 ;
3235 5127 3344 5180 111110
3373 5136 3453 5179 est

1901 5215 2219 5267 b‘ctblehem.
2245 5215 2338 5281 Qui
2366 5226 2517 5267 natus
2535 5226 2707 5267 autem
2733 5227 2832 5279 est,
2861 5217 3125 5283 Benjamiu
3150 5226 3279 5269 erat.
3307 5217 3451 5269 Tunc

1898 5303 2145 5355 dormivit
2183 5304 2361 5356 Ruben
2392 5319 2506 5355 cum
2541 5304 2681 5356 Balla
2713 5306 2999 5356 eouculiiua
3035 5306 3194 5371 patris
3234 5305 3331 5356 sui.
3362 5304 3453 5355 Illo

1903 5403 2137 5458 tempore
2168 5403 2402 5445 mortuus
2429 5404 2508 5444 est
2542 5394 2683 5445 lsaac
2710 5409 2724 5453 ;
2754 5405 2806 5444 et
2827 5395 3150 5461 sepelierunt
3173 5409 3290 5446 cum
3322 5393 3457 5445 Esau

1901 5491 1950 5532 et
1965 5482 2143 5535 Jacob.
2161 5483 2470 5550 Genealogia
2493 5482 2697 5534 ducitur
2717 5483 2976 5550 progeniei
2996 5483 3153 5546 Esau,
3173 5482 3306 5533 inter
3325 5496 3454 5547 quos

1901 5571 1998 5624 Job
2027 5573 2287 5640 reperitur
2310 5573 2383 5639 (a)
2410 5613 2422 5635 ,
2455 5572 2542 5639 qui
2575 5571 2739 5623 Jobab
2761 5571 2844 5624 hic
2870 5583 3100 5625 vocatur.
3126 5570 3352 5637 Josepho
3384 5571 3456 5622 in-

1968 5683 2035 5739 (rt)
2071 5683 2165 5730 Johi
2193 5683 2427 5741 originem
2451 5681 2508 5727 ab
2533 5679 2648 5728 Esai‘.
2691 5681 2885 5729 deducit
2922 5681 3275 5736 (liirvsostemus
3312 5679 3388 5729 hic
3410 5683 3456 5727 ct

3050 5759 3126 5816 20
