3990 6422
510 363 622 420 323

511 473 692 529 vident
734 473 916 528 fratres
960 474 1282 526 somniorum
1327 485 1482 525 causa
1508 512 1521 534 ,
1570 467 1792 536 etquod
1827 468 1992 535 magis
2042 481 2070 516 ιι

1225 361 1277 416 S.
1319 357 1590 415 JOANNIS
1627 349 2095 411 CHRYSOSTOMI
2137 351 2450 410 ARCHIEP.
2479 351 3000 414 CONSTANTINOP.

2187 385 2450 410 [IUIIIDr-
2479 385 3000 414 uuuosnuuuur.
3627 385 3742 440 324

2186 465 2252 521 Ut
2292 477 2463 522 autem
2493 469 2654 524 fames
2684 469 2927 538 invaluit,
2956 489 3073 528 eum
3102 475 3317 532 instaret
3344 477 3505 534 Iudas
3540 481 3736 552 Benja-

515 570 663 631 patre
699 562 1018 631 diligeretur.
1056 562 1310 629 lllumque
1348 560 1516 611 solum
1546 558 1681 609 nacti
1708 555 1949 609 occidere
1983 569 2076 607 vo-
2180 557 2378 610 mimun
2407 559 2587 612 volens
2613 560 2890 626 abducere,
2920 578 2978 617 se
3005 577 3190 618 sanum
3219 574 3273 620 et
3298 566 3614 622 incolumem
3644 586 3736 625 re-

511 650 689 705 lcbant
716 666 730 703 :
754 649 1034 703 consulens
1059 658 1231 703 autem
1263 647 1482 712 Ruben,
1515 654 1571 698 ut
1609 646 1660 698 in
1689 644 1860 698 lacum
1891 643 2074 710 injice-

514 748 698 804 retur,
731 739 938 794 volebat
980 738 1125 792 illum
1171 739 1354 791 saltem
1397 752 1426 790 a
1465 743 1635 789 morte
1676 734 1901 802 eripere.
1938 732 2068 785 Cum

513 827 833 896 injeeissent,
858 826 1201 881 vendiderunt
1221 825 1430 878 demum
1454 823 1768 888 Madianitis,
1792 821 1921 875 .luda
1950 835 2074 873 con-

511 920 734 974 sulente.
763 916 1013 970 Tunicam
1040 924 1211 969 autem
1235 914 1346 981 ejus
1373 913 1622 980 sanguine
1650 913 1860 964 tinctam
1893 917 2071 962 osten-

512 1008 699 1062 derunt
729 1007 878 1076 patri.
914 1003 1004 1060 Ille
1027 1018 1155 1059 vero
1176 1013 1362 1072 putans
1391 1003 1533 1056 illum
1555 1015 1583 1052 a
1607 1002 1716 1052 fera
1743 998 2069 1060 devoratum,

511 1097 740 1166 graviter
764 1095 994 1164 lugebat.
1029 1093 1178 1149 Judze
1204 1100 1378 1146 autem
1411 1091 1518 1143 nati
1546 1096 1697 1151 sunt,
1734 1087 1822 1150 Er,
1852 1090 2032 1140 Aunan
2054 1128 2068 1152 ,

510 1198 563 1240 et
591 1187 770 1243 Selon.
798 1187 1003 1240 Mortuo
1026 1195 1200 1238 autem
1228 1184 1298 1236 Er
1317 1222 1332 1247 ,
1374 1194 1589 1234 uxorem
1618 1178 1733 1247 ejus
1759 1177 2071 1232 Thamarem

509 1275 657 1329 duxit
679 1275 842 1330 frater
868 1273 982 1343 ejus
1013 1275 1200 1327 Aunan
1229 1289 1242 1324 :
1270 1271 1356 1340 qui
1380 1268 1590 1322 nolebat
1608 1282 1786 1320 semen
1817 1268 2071 1320 suscitare

511 1363 659 1418 fratri
686 1376 803 1417 suo.
827 1361 897 1416 Ut
915 1376 1041 1416 vero
1063 1361 1146 1414 hic
1169 1373 1376 1428 quoque
1399 1365 1636 1410 mortuus
1661 1364 1740 1410 est
1767 1396 1780 1416 ,
1806 1368 1908 1406 non
1938 1355 2070 1406 ultra

513 1454 724 1508 volebat
758 1451 920 1507 .ludas
961 1451 1139 1506 Seloni
1181 1451 1334 1504 tertio
1362 1450 1468 1502 tilio
1509 1446 1819 1500 Thamarem
1856 1458 2069 1496 uxorem

517 1543 656 1600 dare.
727 1542 957 1596 Thamar
986 1555 1111 1594 vero
1147 1547 1330 1593 ornata
1369 1547 1426 1591 ut
1459 1536 1708 1591 meretrix
1747 1548 1897 1588 secus
1937 1535 2069 1585 viam

509 1633 663 1687 sedit.
687 1632 828 1686 Illam
850 1640 1022 1686 autem
1045 1645 1173 1685 vere
1188 1630 1511 1683 meretricem
1535 1635 1721 1696 putans
1735 1624 1893 1678 Judas
1917 1625 1935 1692 (
1952 1638 2070 1677 nam

511 1723 708 1776 vultum
734 1722 1005 1791 obtegerat
1027 1723 1046 1792 )
1070 1761 1085 1788 ,
1118 1721 1383 1789 ingressus
1407 1727 1489 1774 est
1513 1719 1576 1771 ad
1607 1733 1720 1771 eam
1746 1757 1761 1782 ,
1785 1717 2072 1784 pignusque

510 1814 654 1867 dedit
695 1814 767 1867 illl
793 1853 808 1878 ,
843 1822 1083 1882 torquem
1123 1821 1177 1867 et
1205 1811 1453 1864 annulum
1495 1820 1546 1867 ct
1574 1811 1797 1878 virgam.
1837 1807 1905 1862 Ut
1943 1821 2069 1861 vero

514 1903 869 1957 remmtiatum
910 1911 1088 1970 postea
1132 1910 1213 1956 est
1253 1900 1562 1954 Thamarcm
1602 1908 1807 1952 uterum
1837 1906 2070 1966 gestare,

516 1991 670 2059 jussit
706 2005 856 2046 socer
883 1991 997 2060 ejus
1034 1988 1196 2044 Judas
1223 2003 1343 2042 eam
1375 1987 1632 2042 comburi.
1663 1987 1750 2039 Illa
1775 2001 1902 2041 vero
1930 1986 2074 2040 misit

514 2081 714 2146 dicens,
749 2096 812 2135 ex
837 2081 928 2135 illo
949 2081 1063 2134 viro
1084 2094 1142 2134 se
1160 2079 1484 2148 concepisse,
1505 2079 1653 2147 cujus
1671 2087 1807 2133 esset
1827 2077 2068 2132 annulus.

520 2171 562 2224 Τ
567 2185 667 2224 unc
694 2170 767 2224 ait
793 2169 954 2224 Judas
979 2211 995 2235 ,
1026 2167 1222 2223 Justior
1250 2178 1321 2222 est
1351 2166 1569 2221 Thamar
1596 2184 1744 2237 quant
1784 2183 1871 2236 ego
1897 2167 1917 2237 (
1945 2165 2069 2221 Gen.

515 2260 604 2314 38.
632 2258 761 2330 26).
790 2258 920 2314 Cum
944 2267 1116 2312 autem
1143 2257 1374 2326 peperit,
1397 2257 1568 2310 emisit
1597 2271 1805 2310 manum
1835 2255 1988 2320 Zara,
2018 2264 2073 2311 et

517 2360 695 2420 postea
717 2351 955 2416 retraxit,
981 2359 1034 2403 et
1056 2362 1297 2418 egressus
1316 2357 1394 2401 est
1411 2347 1625 2411 Phares,
1647 2355 1700 2400 et
1722 2355 1899 2416 postea
1918 2346 2070 2400 Zara.

520 2440 641 2493 llaec
667 2453 822 2508 porro
864 2438 940 2491 sic
982 2437 1264 2506 allegorice
1305 2436 1645 2504 explicantur.
1679 2435 1940 2499 Protulit,
1994 2435 2072 2488 in-

525 2527 733 2596 quiunt,
769 2527 970 2597 primus
996 2526 1218 2597 populus
1242 2565 1258 2590 ,
1285 2540 1472 2594 nempe
1491 2525 1616 2592 justi
1645 2525 1732 2593 qui
1758 2533 1878 2579 ante
1903 2525 2070 2594 legem

517 2615 744 2683 fuerunt,
776 2630 986 2673 manum
1006 2655 1021 2679 ν
1049 2615 1100 2669 id
1128 2624 1208 2670 est
1235 2615 1392 2668 vitam
1426 2616 1613 2669 virtute
1637 2625 1873 2669 ornatam
1895 2625 1948 2670 et
1974 2631 2071 2668 an-

515 2707 756 2778 gelicam.
793 2706 987 2762 Deinde
1023 2708 1072 2760 in
1111 2706 1338 2761 medium
1387 2705 1595 2760 inducta
1623 2716 1705 2760 est
1743 2707 1860 2772 lex;
1892 2716 2071 2775 postea

517 2811 644 2851 vero
673 2804 912 2851 revocata
942 2811 1147 2851 rursum
1177 2805 1258 2851 est
1285 2795 1365 2848 illa
1397 2795 1541 2864 prior
1569 2796 1670 2848 vita
1695 2837 1710 2862 ,
1744 2810 1835 2865 per
1873 2795 2069 2850 Christi

522 2883 817 2938 institutum
844 2883 908 2936 ad
935 2883 1298 2951 perfectiorem
1324 2892 1514 2936 statum
1543 2891 1786 2950 provecta
1817 2883 1910 2952 (a).
1935 2884 2073 2938 Emit

516 2971 800 3040 Josephum
829 2973 1072 3042 princeps
1098 2986 1380 3040 coquorum
1403 2970 1688 3025 Pharaonis
1709 2971 2030 3039 Pentephres
2055 2991 2067 3026 :

518 3063 721 3133 ipsique
759 3064 1021 3121 commisit
1058 3078 1236 3116 curam
1266 3061 1500 3115 omnium
1543 3077 1660 3131 qua:
1690 3061 1741 3115 in
1788 3061 1948 3115 domo
1978 3077 2070 3115 sua

520 3163 690 3209 erant.
720 3154 833 3209 Non
865 3154 1023 3210 cessit
1066 3153 1152 3208 ille
1180 3154 1319 3207 hcrze
1358 3153 1422 3208 ad
1464 3151 1782 3222 peccandum
1824 3152 2069 3206 hortanti.

519 3245 789 3299 Calumnia
823 3245 1088 3313 impctitus
1113 3252 1224 3308 est,
1256 3242 1522 3312 conjectus
1556 3242 1607 3295 in
1633 3255 1898 3296 carcerem
1933 3240 2028 3295 fuit
2056 3258 2070 3295 :

519 3334 678 3387 etiam
700 3332 804 3387 illic
818 3331 1101 3386 dominium
1122 3331 1388 3385 obtinebat
1407 3347 1420 3396 ;
1446 3331 1662 3399 principi
1691 3330 2066 3400 pincernarum

520 3432 575 3477 et
604 3423 824 3491 principi
855 3422 1105 3491 pistorum
1136 3422 1502 3490 interpretatus
1527 3429 1607 3474 est
1635 3421 1855 3474 somnia.
1888 3421 2074 3475 Evenit

521 3515 656 3569 sicut
683 3514 795 3582 ipse
823 3513 1028 3568 dixerat
1056 3531 1068 3566 :
1104 3512 1189 3568 ille
1213 3515 1406 3581 quippe
1434 3513 1636 3565 occisus
1657 3553 1670 3575 ,
1701 3511 1784 3565 hic
1810 3513 1862 3566 in
1898 3513 2074 3581 pristi-

520 3617 643 3654 num
667 3603 915 3656 honorem
936 3601 1180 3656 reductus
1200 3609 1298 3655 est.
1316 3600 1456 3654 Vidit
1476 3601 1677 3654 Pharao
1695 3601 1895 3654 somnia
1917 3601 2073 3654 boum

518 3701 570 3744 et
596 3691 854 3758 Spiearum
877 3708 890 3754 ;
914 3691 1102 3760 quibus
1121 3689 1510 3757 significabatur
1527 3689 1861 3753 abundantia,
1889 3697 1942 3742 et
1959 3705 2074 3758 qua:

521 3782 663 3834 illam
705 3782 1020 3849 snbsequuta
1047 3789 1128 3835 est
1157 3779 1338 3834 fames.
1380 3779 1610 3833 Eductus
1638 3795 1700 3832 ex
1742 3794 1951 3834 carcere
1993 3788 2075 3834 est

521 3869 740 3938 Joseph,
771 3877 827 3922 ut
854 3868 939 3921 illa
967 3869 1434 3937 interpretaretur;
1465 3883 1582 3920 nam
1607 3883 1725 3920 eum
1758 3868 2076 3922 indicaverat

521 3959 763 4028 princeps
787 3958 1171 4026 pincernarum.
1197 3957 1569 4025 lnterpretatus
1598 3957 1686 4010 illc
1708 3967 1807 4022 est,
1831 3957 2075 4026 deditque

520 4049 816 4112 consilium,
845 4062 948 4116 quo
977 4047 1097 4102 fami
1122 4047 1407 4102 remedium
1437 4047 1796 4102 adhibebatur.
1822 4049 2076 4105 Statuitur

519 4148 638 4207 post
661 4137 984 4191 Pharaonem
1015 4138 1244 4205 primus,
1285 4144 1338 4190 et
1362 4137 1524 4190 multo
1549 4137 1769 4191 collecto
1797 4138 1847 4191 in
1873 4149 2074 4206 septem

521 4230 672 4283 annis
726 4229 978 4283 ubertatis
1022 4229 1332 4292 frumento;
1379 4228 1587 4298 quando
1629 4228 1798 4284 fames
1847 4231 2071 4295 institit,

523 4318 821 4372 volentibus
860 4317 1138 4372 vendebat.
1172 4316 1438 4372 Venerunt
1467 4318 1624 4371 etiam
1651 4317 1837 4372 fratres
1872 4319 1986 4386 ejus
2010 4320 2075 4374 ad

521 4408 821 4463 emendum.
848 4407 946 4463 Ubi
970 4417 1142 4461 autem
1166 4422 1269 4462 non
1290 4421 1406 4461 cum
1429 4407 1531 4460 illis
1553 4407 2072 4476 viditBenjaminum,

522 4511 764 4554 metuens
790 4512 855 4552 ne
879 4497 1022 4551 illum
1045 4511 1252 4566 quoque
1279 4497 1646 4566 perdidissent,
1678 4500 1882 4552 incusat
1905 4512 1996 4552 eos
2023 4507 2077 4552 ut

521 4589 883 4658 exploratores
907 4596 1094 4653 terrae,
1137 4601 1233 4640 nec
1259 4587 1492 4640 criminis
1516 4587 1670 4638 aliam
1711 4588 1820 4640 fore
1855 4588 2074 4641 solutio-

520 4695 642 4735 nem
665 4678 810 4743 dicit,
829 4679 924 4732 nisi
949 4678 1158 4731 fratrem
1178 4677 1437 4744 juniorem
1462 4677 1819 4745 Benjaminum
1843 4679 1893 4731 in
1915 4675 2078 4747 Egy-

523 4783 667 4843 ptum
695 4771 1010 4826 adducentes
1031 4811 1043 4833 ,
1073 4768 1353 4824 ostendere
1380 4777 1609 4837 possent.
1639 4769 1863 4838 Arrepto
1902 4776 2074 4822 autem

521 4873 573 4919 ct
601 4865 778 4918 vincto
806 4863 1065 4934 Symeone
1089 4902 1103 4926 ,
1135 4868 1350 4915 caeteros
1379 4860 1613 4925 dimisit,
1652 4868 1707 4914 et
1735 4860 1996 4914 frumento
2021 4868 2074 4914 et

521 4963 738 5024 argento
761 4953 901 5007 dato.
928 4951 1022 5007 Ubi
1044 4959 1219 5004 autem
1239 4949 1480 5005 viderunt
1499 4959 1792 5018 argentum,
1814 4963 1932 5002 cum
1955 4964 2077 5015 ape-

522 5048 687 5100 rirent
715 5059 895 5100 saccos
921 5083 936 5108 ,
979 5042 1045 5096 de
1075 5055 1134 5094 re
1161 5049 1264 5093 tam
1309 5039 1575 5108 inopinata
1615 5039 1806 5093 turbati
1837 5048 1958 5091 sunt
1979 5079 1994 5095 .
2026 5047 2081 5091 et

525 5137 883 5204 Benjaminum
911 5149 936 5187 a
961 5143 1107 5202 patre
1127 5131 1476 5201 postulabant,
1500 5130 1580 5183 cui
1603 5129 1775 5182 omnia
1797 5142 1913 5196 qua:
1932 5137 2076 5195 gesta

525 5236 674 5278 erant
693 5231 1018 5278 enarrarnnt.
1049 5221 1138 5276 Ille
1163 5235 1289 5274 vero
1306 5218 1555 5274 rennebat
1576 5231 1792 5286 puerum
1819 5217 2074 5269 emittere.

525 5311 654 5372 alibi,
677 5321 731 5360 ut
754 5316 800 5360 in
825 5311 1040 5372 ttontil.g7
1061 5311 1124 5359 de
1137 5308 1434 5372 Pcenitentia.
1450 5312 1503 5354 Et
1527 5306 1630 5372 hzec
1654 5312 1728 5372 est
1752 5311 1972 5372 veterum
1996 5317 2076 5372 re:

527 5365 888 5432 eentiorumque
912 5371 1164 5419 multorum
1186 5371 1362 5430 opinio,
1387 5367 1520 5415 illum
1543 5367 1690 5414 Jobab
1715 5367 1794 5426 qui
1813 5366 1936 5413 inter
1961 5365 2076 5412 Esaii

529 5441 731 5482 nenotcs
757 5431 905 5479 fertur
930 5443 1038 5478 esse
1061 5431 1244 5477 Jobunt.

610 5495 661 5553 a)
695 5499 819 5540 Itane
841 5491 1115 5598 allegoriam
1134 5489 1304 5536 eodem
1328 5501 1520 5549 prorsus
1542 5500 1686 5534 sensu
1707 5483 1913 5556 explicat
1935 5483 2076 5552 Chry-

610 5560 762 5598 tomus
785 5558 912 5598 ttom.
971 5551 999 5597 τ..)
1021 5563 1066 5596 m
1084 5556 1394 5597 cencs.1‘0tn.
1411 5549 1490 5598 lV.
1515 5549 1606 5597 col.
1633 5547 1741 5598 534.
1757 5546 1864 5593 535.
1889 5545 1976 5591 Sed
2005 5546 2076 5589 hu:

527 5545 762 5601 metemus
785 5558 912 5598 ttom.
938 5545 999 5598 Bz.’
1021 5551 1066 5596 in
1084 5545 1394 5597 cencs.1‘oin.
1411 5549 1490 5604 lV,
1515 5549 1606 5597 col.
1633 5547 1741 5600 534,
1757 5546 1864 5593 535.
1889 5545 1976 5591 Sed
2005 5546 2076 5589 hic

525 5615 741 5674 qutcdam
753 5609 923 5675 adjicit,
936 5624 1040 5674 qum
1054 5608 1366 5670 Chrysostomi
1380 5611 1702 5659 inventionem
1714 5618 1816 5667 pra:
1832 5617 1886 5654 sc
1899 5604 2071 5652 ierunt.

2179 645 2451 700 ducturum
2470 648 2747 716 pollicitus,
2765 651 2908 706 dedit
2925 651 3086 707 Jacob
3104 655 3417 722 duplicatum
3435 668 3734 727 argentum,

2174 733 2365 803 jubens
2392 737 2493 792 alia
2534 753 2741 806 quoque
2769 740 2904 794 dona
2947 738 3148 795 afferri.
3183 742 3246 797 Ut
3274 753 3446 798 autem
3491 747 3554 799 ad
3587 747 3736 800 Jose—

2180 824 2340 892 phum
2363 836 2734 894 pervenerunt,
2761 828 2828 881 ab
2848 843 2912 882 eo
2933 829 3323 896 perhumaniter
3347 833 3548 900 excepti
3577 844 3731 898 sunt;

2177 911 2244 966 dc
2276 921 2424 980 patre
2456 913 2541 966 ille
2569 915 2941 983 interrogavit,
2973 926 3026 969 et
3052 917 3193 972 lauto
3221 918 3339 972 illos
3367 922 3608 974 convivio
3637 936 3730 974 ex.

2177 1003 2333 1070 cepit.
2367 1003 2497 1056 Cum
2539 1017 2694 1072 porro
2717 1005 2783 1059 de
2811 1004 2978 1060 reditu
3001 1015 3244 1074 ageretur
3265 1048 3280 1073 ,
3302 1008 3459 1076 jussit
3486 1010 3729 1077 poculum

2177 1106 2393 1146 aureum
2435 1093 2574 1162 injiei
2607 1094 2658 1148 in
2697 1108 2907 1149 saccum
2951 1095 3274 1164 Bcnjamini,
3327 1099 3427 1153 illis
3483 1100 3732 1169 ignoran-

2179 1184 2334 1237 tibus.
2365 1183 2434 1239 Ut
2462 1193 2638 1238 autem
2668 1184 2913 1253 injectum
2943 1185 3040 1239 fuit
3067 1187 3330 1254 poculum,
3361 1189 3483 1242 dum
3517 1191 3590 1244 illi
3616 1193 3734 1246 abi-

2175 1280 2310 1335 rent,
2323 1271 2671 1340 jubetJosepb
2687 1273 3018 1342 prmpositum
3031 1273 3217 1328 domus
3228 1291 3334 1330 sure
3351 1277 3489 1330 viros
3505 1278 3730 1346 insequi.

2176 1361 2486 1431 lnsequutus
2513 1363 2600 1416 ille
2629 1363 2899 1417 incusabat
2932 1365 3071 1433 quod
3110 1365 3401 1420 beneficum
3443 1368 3598 1421 malis
3639 1384 3731 1422 re-

2175 1461 2531 1506 manerarent.
2565 1451 2669 1507 Illis
2704 1467 2828 1508 vero
2858 1453 3097 1518 turbatis,
3120 1465 3170 1508 et
3201 1465 3369 1510 morte
3395 1457 3606 1525 dignum
3637 1458 3733 1511 de-

2177 1542 2477 1596 finientibus
2505 1557 2623 1597 cum
2649 1543 2736 1612 qui
2765 1545 2815 1596 in
2849 1543 2986 1597 furto
3009 1544 3370 1612 deprehensus
3391 1547 3543 1609 foret,
3569 1561 3735 1616 seque

2174 1633 2410 1686 servituti
2438 1631 2722 1698 obnoxios,
2759 1633 3026 1686 inventum
3059 1633 3152 1685 fuit
3177 1634 3421 1701 poculum
3448 1635 3501 1688 in
3543 1636 3732 1703 Benja-

2176 1721 2303 1774 mini
2333 1734 2507 1775 sacco.
2538 1720 2686 1775 Tunc
2728 1722 2993 1790 ingressus
3019 1720 3179 1776 Judas
3201 1761 3216 1788 ,
3261 1722 3520 1792 longoque
3551 1723 3733 1777 habito

2174 1824 2418 1865 sermone
2442 1810 2508 1864 de
2529 1820 2694 1880 patre,
2723 1811 2788 1866 de
2812 1811 3063 1880 Josepho,
3086 1820 3139 1865 et
3160 1810 3226 1866 de
3247 1812 3582 1881 Benjamino;
3605 1827 3728 1866 cum

2174 1913 2231 1955 se
2277 1900 2364 1955 ille
2404 1915 2501 1970 pro
2531 1915 2692 1969 puero
2733 1901 2798 1955 ad
2827 1903 3130 1955 servitutem
3156 1900 3406 1966 oll'erret,
3448 1901 3500 1954 in
3532 1909 3729 1956 tantam

2167 1991 2686 2048 commiserationem
2713 1993 2997 2063 Josephum
3026 1993 3222 2062 injecit,
3252 2004 3304 2046 ut
3332 2003 3437 2047 tota
3458 1993 3541 2047 illa
3571 2009 3729 2049 scena

2175 2081 2502 2149 proderetur.
2535 2079 2787 2134 Omnibus
2805 2081 2942 2134 enim
2964 2081 3208 2144 exclusis,
3233 2089 3290 2134 ιιι
3308 2081 3406 2135 sibi
3427 2095 3546 2136 cum
3568 2081 3730 2136 liber-

2176 2180 2282 2224 tate
2312 2168 2438 2224 flere
2464 2169 2666 2233 liceret,
2698 2183 2818 2224 sese
2847 2169 3092 2222 fratribus
3121 2169 3547 2239 cognoscendum
3573 2171 3724 2224 exhi-

2176 2259 2314 2322 buit,
2344 2257 2586 2326 misitque
2616 2257 2678 2310 ad
2707 2266 2909 2326 patrem
2939 2271 3057 2311 cum
3093 2257 3245 2311 donis
3271 2267 3323 2310 et
3351 2258 3599 2326 plaustris
3626 2274 3640 2310 :
3675 2257 3728 2311 itl

2174 2346 2313 2418 quod
2342 2348 2497 2402 etiam
2529 2347 2785 2401 Pharaoni
2809 2347 3056 2415 placitum
3086 2356 3219 2399 erat.
3255 2345 3323 2400 Ut
3347 2346 3546 2400 audivit
3565 2346 3727 2400 Jacob

2174 2455 2234 2495 ea
2265 2455 2379 2509 qua:
2404 2437 2468 2492 ad
2488 2438 2770 2507 Josephum
2798 2437 3122 2506 spectabant,
3142 2439 3330 2507 gaudio
3355 2437 3594 2505 perfusus
3618 2445 3726 2502 est,

2173 2539 2229 2586 et
2251 2530 2469 2599 jubente
2511 2529 2616 2584 Deo
2660 2528 2932 2583 descendit
2961 2529 3014 2582 in
3064 2527 3368 2598 Egyptum.
3401 2526 3552 2580 Videt
3578 2525 3728 2580 Jose-

2173 2622 2332 2694 phum
2353 2629 2496 2690 pater
2521 2636 2534 2671 :
2561 2619 2671 2673 tunc
2695 2617 3059 2673 renuntiantur
3079 2617 3358 2681 Pharaoni,
3383 2617 3470 2683 qui
3493 2615 3729 2670 habitare

2174 2730 2266 2770 eos
2290 2712 2447 2782 jussit
2485 2713 2535 2768 in
2565 2711 2835 2766 Ramesse.
2877 2710 2946 2766 Ut
2968 2719 3145 2764 autem
3186 2709 3495 2765 exhaustum
3525 2709 3728 2764 fuitar-

2174 2813 2386 2873 gentum
2418 2811 2591 2868 terrm,
2617 2802 2851 2871 jumenta
2882 2799 3065 2854 dantes
3092 2799 3166 2853 illi
3199 2799 3460 2866 homines,
3488 2799 3726 2854 frumen-

2176 2903 2282 2946 tum
2311 2892 2634 2961 accipiebant
2664 2908 2678 2944 :
2705 2891 2787 2944 his
2812 2903 3020 2958 quoque
3043 2887 3433 2950 deficientibus,
3464 2901 3562 2941 nec
3588 2886 3729 2940 fame

2174 2981 2467 3045 desinente,
2495 2980 2696 3047 scipsos
2723 2993 2840 3032 cum
2865 2987 3004 3032 terra
3029 2975 3285 3030 dederunt
3310 2991 3322 3027 :
3352 2989 3414 3030 ac
3433 2975 3570 3030 servi
3594 2974 3730 3029 Pha-

2174 3069 2351 3125 raonis
2379 3069 2647 3122 constituti
2669 3067 3028 3129 seminabant,
3060 3074 3113 3118 et
3138 3064 3370 3132 quintam
3399 3071 3598 3132 partem
3626 3062 3724 3132 ipsi

2175 3160 2506 3222 referebant.
2559 3169 2781 3228 quatuor
2822 3157 2922 3212 sibi
2966 3163 3139 3225 partes
3181 3163 3530 3210 reservantes.
3573 3154 3728 3208 Morti

2176 3252 2445 3322 proximus
2469 3248 2649 3313 Jacob,
2671 3247 3024 3316 juramentum
3054 3245 3214 3313 exigit
3237 3259 3267 3298 a
3296 3244 3544 3312 Josepho,
3578 3257 3645 3298 ne
3668 3257 3732 3298 se

2175 3341 2227 3395 in
2254 3340 2479 3410 Egypto
2504 3339 2769 3405 sepeliret,
2791 3335 2882 3389 sed
2911 3337 2959 3389 in
2982 3336 3222 3404 scpulcro
3252 3341 3458 3402 patrum
3483 3347 3726 3386 suorum.

2175 3430 2441 3498 Filiosque
2479 3427 2691 3494 Josephi
2721 3425 2968 3494 Ephraim
3007 3433 3059 3477 et
3096 3423 3382 3476 Manassem
3414 3435 3516 3476 non
3547 3422 3600 3474 in
3630 3435 3726 3475 nec

2178 3531 2375 3591 potum.
2396 3519 2487 3574 sed
2510 3519 2560 3572 in
2583 3518 2802 3571 filiorum
2823 3515 3059 3569 ordinem
3081 3522 3338 3567 accenset.
3358 3511 3728 3580 Caligabatque

2177 3612 2340 3668 oculis
2365 3609 2528 3665 Jacob
2557 3626 2570 3662 :
2603 3619 2659 3662 ut
2686 3615 2862 3661 autem
2891 3603 3151 3659 osculatus
3176 3613 3257 3658 est
3283 3615 3396 3668 eos,
3426 3616 3542 3656 cum
3566 3600 3728 3655 bene-

2177 3704 2412 3758 dicturus
2445 3701 2560 3755 illos
2586 3705 2762 3764 esset,
2791 3697 2985 3764 Ioseph
3027 3709 3056 3748 a
3088 3693 3317 3750 sinistris
3342 3691 3524 3746 Jacobi
3555 3693 3728 3760 posuit

2178 3791 2429 3860 Ephraim
2448 3830 2464 3855 ,
2495 3797 2548 3842 et
2575 3788 2866 3842 Manassem
2892 3799 2921 3837 a
2947 3783 3164 3838 dextris.
3193 3780 3355 3836 Jacob
3383 3789 3556 3835 autem
3597 3778 3728 3833 dex-

2177 3892 2343 3938 teram
2371 3895 2580 3934 manum
2608 3878 2852 3946 imposuit
2873 3890 3029 3944 super
3048 3874 3308 3941 juniorem
3335 3871 3422 3940 qui
3448 3886 3478 3924 a
3502 3869 3728 3924 sinistris

2178 3973 2386 4036 stabat,
2429 3971 2692 4024 sinistram
2724 3983 2851 4022 vero
2889 3981 3046 4035 super
3080 3979 3198 4019 cum
3228 3963 3314 4032 qui
3341 3977 3370 4015 a
3394 3961 3592 4016 dextris
3617 4000 3631 4026 ,
3672 3969 3727 4014 ct

2177 4059 2465 4115 benedixit.
2495 4057 2766 4112 Putantem
2812 4055 3096 4122 Josephum
3136 4052 3187 4106 id
3218 4062 3416 4119 patrem
3445 4064 3537 4118 per
3573 4048 3726 4116 igno-

2177 4151 2400 4206 rantiam
2428 4147 2618 4210 facere,
2649 4157 2701 4201 et
2725 4153 3023 4199 monentem
3043 4183 3056 4206 ,
3086 4157 3187 4194 non
3218 4140 3334 4193 tulit
3357 4139 3536 4201 Jacob,
3566 4151 3728 4206 seque

2177 4255 2418 4311 gnarum,
2451 4252 2554 4292 non
2585 4237 2908 4305 ignorantem
2936 4233 2986 4287 id
3015 4231 3186 4286 facere
3213 4229 3361 4283 dixit.
3397 4227 3545 4281 Tunc
3583 4225 3730 4279 dedit

2178 4331 2408 4402 Josepho
2426 4329 2587 4385 Iacob
2608 4329 2855 4388 Sicimam
2872 4325 2990 4394 jure
3013 4323 3294 4392 praecipuo,
3325 4334 3478 4388 quam
3500 4317 3728 4387 Symeon

2184 4432 2236 4478 et
2264 4422 2389 4476 Levi
2437 4427 2710 4488 ceperant.
2759 4417 2827 4472 Et
2859 4413 3292 4470 benedicitfilios
3337 4424 3478 4464 suos.
3528 4407 3624 4463 Hie
3665 4407 3729 4461 de

2179 4513 2389 4568 Christo
2417 4509 2730 4562 vaticinatur
2759 4523 2772 4560 :
2803 4503 2920 4557 Non
2948 4501 3160 4570 deﬁciet,
3194 4499 3381 4568 inquit,
3412 4497 3643 4566 princeps
3669 4510 3728 4547 ea

2179 4601 2347 4665 Iuda,
2387 4615 2474 4652 nec
2516 4598 2620 4649 dux
2663 4595 2723 4646 de
2748 4590 3012 4662 femoribus
3037 4591 3145 4658 ejus
3167 4626 3181 4652 ,
3218 4589 3370 4640 donec
3395 4585 3554 4638 veniat
3579 4583 3622 4635 is
3650 4581 3730 4635 cui

2179 4691 2447 4760 repositum
2481 4695 2550 4740 est
2587 4681 2754 4756 (Gen.
2795 4681 2882 4736 49.
2916 4677 3042 4748 10).
3082 4678 3147 4732 Ut
3176 4685 3348 4730 autem
3379 4681 3618 4727 mortuus
3649 4679 3733 4725 est

2179 4779 2340 4834 Jacob
2358 4817 2372 4843 ,
2399 4776 2531 4832 luxit
2554 4788 2673 4829 eum
2693 4769 2887 4841 Ioseph
2907 4808 2922 4832 ,
2950 4777 3002 4823 et
3021 4766 3243 4822 efferens
3263 4763 3504 4832 sepelivit
3525 4761 3578 4816 in
3607 4774 3730 4830 spe-

2181 4874 2334 4928 lunca
2357 4868 2599 4922 Abrahm.
2629 4865 2883 4918 Dixerunt
2904 4861 3077 4927 itaque
3098 4857 3285 4911 fratres
3310 4855 3422 4922 ejus
3452 4869 3466 4905 :
3500 4851 3584 4904 Ne
3607 4855 3734 4922 forte

2180 4961 2378 5033 injuria:
2409 4957 2697 5010 memoriam
2719 4953 2924 5005 retineat
2942 4989 2956 5013 ,
2985 4957 3030 5000 et
3051 4947 3232 5012 referat
3260 4943 3398 4997 nobis
3427 4941 3560 4993 mala
3577 4979 3592 5003 ,
3621 4953 3734 5007 qua

2180 5030 2436 5106 intulimus
2455 5047 2497 5100 ei
2520 5044 2679 5117 (Gen.
2704 5040 2792 5096 50.
2821 5038 2923 5107 15)
2944 5079 2957 5102 ,
2981 5044 3034 5090 et
3053 5033 3308 5103 rogabant
3327 5045 3446 5086 eum
3466 5030 3730 5083 dicentes:

2184 5141 2311 5195 Ecce
2351 5153 2439 5192 nos
2480 5135 2604 5188 servi
2645 5131 2714 5184 tui
2751 5142 2924 5183 sumus
2969 5124 3130 5195 (Gen.
3161 5123 3248 5177 50.
3287 5120 3414 5190 i8).
3457 5118 3734 5184 Flevitque

2182 5234 2404 5304 Juseph,
2437 5241 2488 5285 et
2510 5227 2641 5282 dixit
2670 5225 2746 5278 eis
2775 5241 2788 5277 :
2823 5221 2903 5273 Ne
2934 5219 3142 5272 linteatis
3171 5232 3187 5269 :
3217 5230 3332 5268 nam
3364 5213 3456 5264 Dei
3479 5226 3590 5264 sum

2191 5325 2288 5378 Vos
2310 5296 2446 5375 inuia
2487 5313 2693 5371 consilia
2733 5311 2928 5380 cepistis
2951 5350 2966 5374 ,
2999 5307 3129 5360 Deus
3167 5315 3329 5356 autem
3356 5302 3482 5354 bona
3510 5296 3733 5350 retribuit

2183 5414 2324 5466 mihi.
2356 5411 2460 5477 Ego
2502 5405 2718 5458 nutriant
2747 5417 2831 5454 vos
2858 5409 2901 5452 et
2928 5399 3098 5450 domos
3126 5403 3310 5447 vestras
3351 5389 3417 5461 (1
3427 5388 3526 5440 bid.
3562 5402 3610 5438 υ.

2183 5507 2240 5558 2|
2277 5504 2314 5571 j.
2353 5472 2486 5553 Vixit
2515 5510 2643 5564 ergo
2688 5491 2880 5560 Joseph
2912 5495 3120 5542 centum
3149 5496 3314 5536 annos
3359 5479 3469 5548 (a),
3507 5484 3562 5529 et
3603 5472 3734 5527 vidit

2243 5658 2314 5721 (a)
2347 5654 2508 5703 omnia
2532 5645 2825 5710 exemplaria
2844 5639 3099 5691 Bibliorurn
3115 5641 3308 5687 centum
3332 5639 3382 5681 et
3401 5630 3572 5681 decem
3587 5639 3738 5677 annos
