3990 6436
204 515 336 583 αὕτη
357 513 474 566 ἐστὶ
507 513 769 583 Βηθλεέμ.
801 515 858 565 '0
892 515 947 565 δὲ
970 514 1177 582 τεχθεὶς
1201 512 1269 584 ἦν
1296 515 1597 584 Βενιαμείν.
1624 515 1752 568 Τότε

203 599 464 669 ἐκοιμήθη
512 598 735 667 Ῥουϐὶμ
782 601 918 667 μετά
950 599 1155 662 Βάλλας
1203 604 1300 670 τῆς
1343 600 1618 669 παλλακῆς
1659 599 1751 652 τοῦ

203 685 401 752 πατρὸς
445 684 630 736 αὐτοῦ.
664 684 795 735 Τότε
848 684 1113 737 ἀπέθανεν
1154 687 1372 740 Ἰσαάκο
1423 688 1516 739 καὶ⁸
1551 686 1752 755 ἔθαψαν

201 771 356 822 αὐτὸν
387 771 555 822 Ἠσαῦ
582 771 672 823 καὶ
709 769 919 822 Ἰακώϐ.
954 771 991 822 Γ
994 771 1397 839 ενεαλογοῦνται
1433 774 1482 824 οί
1518 773 1624 824 ἀπὸ
1659 773 1750 826 τοῦ

208 855 395 918 Ἡσαῦ,
421 855 548 908 ἔνθα
578 855 888 925 εὑρίσκεται
927 857 1046 908 Ἰὼϐ
1077 859 1182 911 ἀπὸ
1210 858 1408 912 τούτων
1437 857 1529 921 ῶν,
1563 857 1750 911 Ἰωϐἀϐ

195 942 245 993 δέ
291 940 525 994 ἐνταῦθα
577 942 835 994 καλεῖται.
888 943 1301 1010 Διαφθονοῦνται
1347 944 1424 1012 τῷ
1467 944 1658 1014 Ἰωσὴφ
1702 947 1749 996 οί

197 1025 410 1094 ἀδελφοὶ
436 1027 542 1080 τῶν
572 1028 832 1080 ἐνυπνίων
863 1029 1041 1093 ἕνεκα,
1079 1031 1171 1082 καὶ
1205 1031 1286 1082 δτι
1314 1030 1508 1098 μᾶλλον
1535 1031 1694 1082 αὐτὸν
1721 1030 1749 1080 6

195 1113 371 1182 πατὴρ
406 1113 597 1180 ἐφίλει.
622 1113 727 1165 Καὶ
754 1114 1004 1175 λαϐόντες
1029 1114 1184 1183 μόνον
1211 1113 1485 1166 ἐϐούλοντο
1511 1116 1712 1167 ἀνελεῖν
1732 1131 1747 1145 ·

195 1199 687 1268 συμϐουλεύσαντος
743 1199 797 1252 δὲ
834 1200 924 1252 τοῦ
967 1201 1193 1269 Ῥουϐὶμ
1221 1202 1300 1263 είς
1339 1201 1536 1253 λάκκον
1577 1202 1747 1270 ἐμϐα-

193 1285 294 1336 λεῖν
336 1284 609 1352 (ἐϐούλετο
652 1286 758 1354 γὰρ
786 1285 943 1337 αὐτὸν
973 1286 1107 1348 τέως
1152 1285 1424 1350 ἐξελέσθαι
1450 1285 1541 1338 τοῦ
1589 1286 1748 1338 θανάδ

191 1381 324 1439 του),
367 1372 495 1423 ἐπεὶ
529 1370 811 1434 ἐνέϐαλον,
846 1369 1102 1423 ἀπέδοντο
1140 1368 1361 1439 ὕστερον
1398 1371 1508 1434 τοῖς
1539 1371 1747 1425 Μαδια-

190 1457 375 1518 ναίοις,
393 1456 488 1508 τοῦ
523 1457 690 1508 Ἰούδα
718 1455 870 1508 τοῦτο
891 1455 1338 1526 εἰσηγησαμένου.
1358 1456 1458 1510 Τὸν
1476 1457 1529 1509 δέ
1548 1456 1747 1526 χιτῶνα

189 1543 348 1596 αὐτοῦ
381 1543 650 1611 βάψαντες
675 1545 883 1612 αἵματι,
915 1544 1251 1596 ἐπεδείκνυον
1278 1545 1354 1612 τῷ
1386 1546 1568 1612 πατρί.
1605 1546 1660 1597 'O
1689 1544 1744 1595 66

190 1631 407 1698 νομίσας
438 1628 768 1699 θηριάλωτον
796 1630 1092 1698 γεγονέναι,
1127 1630 1338 1700 ἐθρήνει
1367 1630 1634 1698 χαλεπῶς.
1657 1627 1746 1698 Τῷ

187 1716 238 1767 δέ
272 1715 441 1768 Ἰούδα
480 1715 776 1785 ἐτέχθησαν
800 1716 924 1785 Ἤρ,
968 1716 1164 1778 Αὐνᾶν,
1205 1716 1297 1768 καὶ
1330 1715 1532 1784 Σηλών.
1589 1717 1736 1767 Ἀπο-

189 1801 432 1864 Οανόντος
460 1802 515 1854 66
548 1801 642 1854 106
677 1801 802 1868 Ἢρ,
835 1801 932 1870 τήν
963 1804 1193 1868 γυναῖκα
1217 1799 1379 1852 αὐτοῦ
1422 1799 1518 1870 τὴν
1553 1799 1744 1870 Θάμαρ

189 1887 370 1940 ἐλαϐεν
403 1890 434 1940 ὀ
483 1887 712 1954 ἀδελφὸς
758 1887 922 1939 αὐτοῦ
977 1888 1186 1938 Λύνᾶνο
1238 1887 1330 1938 καὶ
1362 1888 1460 1938 οὐκ
1501 1886 1744 1940 ἐϐούλετο

189 1973 484 2040 ἀναστῆσαι
509 1973 731 2040 σπέρμα
761 1972 837 2039 τῷ
862 1969 1070 2040 ἀδελφῷ
1099 1971 1285 2024 αὐτοῦ.
1327 1972 1414 2033 Ὠς
1442 1972 1497 2024 66
1529 1974 1622 2024 καὶ
1656 1967 1728 2024 06-

189 2076 270 2121 10;
299 2059 593 2117 ἀπέθανεν.
638 2058 817 2110 οὐκέτι
858 2057 1017 2127 ῆθελε
1055 2057 1134 2128 τῷ
1157 2058 1322 2128 τρίτῳ
1351 2058 1534 2128 Σηλὼν
1565 2059 1744 2112 δοῦναι

189 2149 410 2211 γυναῖκα
450 2147 549 2215 τὴν
595 2145 790 2213 Θάμαρ
829 2147 858 2198 6
895 2145 1090 2207 Ἰούδας
1131 2144 1300 2217 [524].
1352 2146 1415 2198 Ἠ
1453 2147 1509 2198 δέ
1551 2147 1742 2216 Θάμαρ

189 2232 574 2300 κοσμησαμένη
607 2231 857 2282 ἐκάθισεν
877 2231 952 2292 ὼς
973 2231 1142 2300 πόρνη
1166 2231 1315 2301 παρά
1343 2231 1440 2302 τὴν
1471 2231 1607 2285 όδόν.
1636 2234 1742 2284 Καὶ

189 2319 403 2386 νομίσας
450 2318 619 2387 αὐτὴν
652 2315 862 2387 ἀληθῶς
901 2318 1103 2387 πόρνην
1131 2313 1270 2370 εἶναι
1306 2318 1498 2381 Ἰούδας
1522 2320 1737 2388 (ἐκεκά-

188 2403 346 2456 λνπτο
395 2404 505 2473 γὰρ
572 2404 633 2454 16
689 2402 1033 2474 πρόσωπον),
1089 2403 1300 2473 είσῆλθε
1355 2405 1490 2474 πρὸς
1555 2405 1740 2476 αὐτὴν,

189 2492 274 2542 καὶ
325 2489 522 2541 ἔδωκεν
565 2490 702 2557 αὐτῇ
751 2488 1060 2559 ἀρραϐῶνα,
1101 2490 1359 2560 ὁρμίσκον
1408 2492 1498 2543 καὶ
1544 2491 1738 2543 δακτύ-

188 2575 290 2628 λιον
333 2577 427 2628 καὶ
473 2575 685 2646 ῥάϐδον.
725 2576 811 2637 Ὧς
872 2575 926 2628 δέ
983 2576 1297 2646 ἀπηγγέλθη
1367 2577 1504 2646 μετά
1547 2577 1736 2639 ταῦτα,

186 2666 259 2716 ὅτι
314 2664 432 2716 κύει
489 2664 718 2733 Θάμαρ,
779 2665 1058 2717 ἐκέλευσεν
1117 2665 1282 2734 αὐτὴν
1339 2666 1739 2735 κατακαυθῆναι

185 2751 211 2800 6
246 2750 498 2818 πενθερὸς
562 2748 776 2810 Ἰούδας.
814 2751 876 2801 'H
928 2750 982 2801 66
1037 2750 1318 2802 ἀπέστειλε
1368 2751 1624 2817 λέγουσα,
1675 2753 1738 2802 ἐκ

185 2836 270 2889 τοῦ
312 2837 502 2906 ἀνδρὸς
571 2835 960 2904 συνειληφέναι,
1021 2830 1082 2888 06
1136 2840 1165 2890 6
1209 2837 1463 2897 δάκτυλός
1527 2845 1544 2865 ⁸
1601 2839 1734 2887 ἐστι.

185 2921 309 2974 Τότε
334 2922 495 2990 φησὶν
531 2919 747 2980 Ἰούδας·
777 2919 1149 2973 Δεδικαιωται
1186 2920 1383 2988 Θάμαρ
1412 2920 1448 2986 ἣ
1489 2919 1620 2987 ἐγώ.
1652 2919 1738 2982 Ὠς

183 3008 236 3060 δέ
265 3007 460 3072 ἐτικτε,
488 3003 852 3076 προεξήνεγκε
881 3006 976 3075 τὴν
1016 3008 1172 3076 χεῖρα
1207 3007 1234 3058 6
1262 3005 1431 3077 Ζαρά,
1461 2999 1579 3057 εἶτα
1612 3023 1737 3057 συν-

186 3093 402 3157 έστειλε,
423 3093 519 3144 καὶ
544 3091 760 3159 ἐξῆλθεν
782 3093 808 3143 6
832 3091 1025 3160 Φαρὲς,
1051 3092 1142 3142 καὶ
1169 3091 1286 3143 τότε
1309 3092 1336 3143 6
1359 3092 1524 3161 Ζαρὰ.
1556 3090 1736 3142 Ταῦτα

183 3179 234 3232 δέ
260 3178 429 3242 οῦτως
464 3179 861 3248 ἀλληγορεῖται.
896 3177 1285 3248 Προεξήνεγκε,
1322 3181 1503 3248 φησὶν,
1531 3180 1560 3230 6
1590 3180 1737 3249 πρῶ-

182 3284 265 3330 τος
287 3268 430 3332 λαὸς,
458 3269 506 3319 οἱ
533 3266 643 3335 πρὸ
677 3265 769 3317 τοῦ
804 3265 965 3335 νόμον
998 3266 1214 3330 δίκαιοι,
1244 3265 1344 3337 τὴν
1380 3269 1552 3336 χεῖρα,
1581 3284 1733 3318 τουτ-

183 3354 312 3417 έστι,
334 3353 429 3422 τὴν
462 3351 716 3420 ἐνάρετον
747 3350 1017 3403 πολιτείαν
1049 3351 1142 3402 καὶ
1169 3352 1480 3422 ἀγγελικὴν.
1514 3347 1646 3403 Εἶτα
1680 3356 1734 3402 ἐν

186 3447 326 3514 μέσῳ
349 3443 720 3516 παρενεϐλήθη
747 3443 906 3512 νόμος
926 3459 938 3474 ο
975 3441 1111 3512 μετὰ
1147 3441 1202 3494 66
1231 3441 1400 3494 ταῦτα
1455 3443 1612 3495 πάλιν
1641 3446 1733 3495 ἁν-

181 3533 374 3602 εκλήθη
403 3534 612 3592 ἐκεῖνος
632 3533 660 3583 6
679 3530 938 3598 πρότερος
967 3528 1096 3597 βίος,
1121 3528 1207 3582 διὰ
1225 3529 1322 3597 τῆς
1344 3529 1484 3580 κατά
1507 3529 1735 3599 Χριστὸν

183 3617 446 3680 πολιτείας
490 3618 582 3668 ἐπὶ
625 3616 686 3667 16
729 3614 1053 3683 τελειότερον
1108 3613 1424 3683 παραχθείς.
1471 3614 1734 3684 Ἥγόρασε

181 3707 264 3758 16v
305 3706 498 3776 Ἰωσὴφ
528 3708 556 3758 6
603 3705 994 3775 ἀρχιμάγειρος
1032 3704 1228 3774 Φαραὼ
1271 3706 1299 3756 6
1339 3706 1729 3775 Πεντεφρήςδι

182 3796 466 3864 ἐνεχείρισε
500 3795 567 3846 τά
601 3795 739 3846 κατά
760 3794 856 3863 τὴν
893 3793 1089 3846 οἰκίαν.
1121 3794 1231 3845 Οὐκ
1263 3790 1368 3858 εἶξε
1392 3796 1456 3863 τῇ
1482 3794 1731 3864 δεσποίνῃ

183 3882 511 3952 παρανομεῖν
575 3879 867 3948 κελευούσῃ
901 3881 1125 3940 ἐκεῖνος.
1167 3880 1623 3949 Ἐσυκοφαντήθη,
1650 3881 1732 3931 ἐν-

182 3967 371 4035 ἐϐλήθη
391 3971 468 4028 είς
485 3967 545 4017 16
566 3965 933 4034 δεσμωτήριον
953 3980 964 3993 ·
991 3960 1059 4034 ἦν
1092 3964 1272 4033 άρχων
1301 3967 1476 4027 κάκεῖ,
1502 3966 1731 4035 διέκρινε

180 4051 250 4121 τῷ
295 4051 643 4122 ἀρχιοινοχόῳ
691 4051 783 4102 καὶ
825 4049 903 4116 τῷ
944 4049 1328 4118 άρχισιτοποιῷ
1368 4051 1436 4101 τὰ
1488 4051 1729 4104 ἐνύπνια.

191 4138 372 4207 Ἐξέϐη
399 4135 582 4198 καθὼς
620 4131 767 4187 εἷπε·
798 4136 889 4188 καὶ
911 4137 936 4186 ό
969 4134 1066 4204 μὲν
1099 4135 1356 4205 ἀνῃρέθη,
1383 4139 1410 4188 6
1435 4137 1489 4189 δὲ
1526 4139 1605 4198 είς
1635 4139 1731 4208 τήν

181 4225 445 4293 προτέραν
482 4221 746 4290 ἐπανῆλθε
793 4221 974 4290 τιμήν.
1024 4217 1139 4272 Εἷδε
1172 4221 1367 4291 Φαραὼ
1397 4223 1464 4274 τὰ
1509 4222 1729 4275 ἐνύπνια

181 4309 278 4361 τῶν
305 4311 462 4379 βοῶν,
492 4309 599 4361 τῶν
627 4307 870 4376 σταχύων
891 4325 903 4338 ο
930 4307 994 4360 δι’
1030 4301 1103 4360 ὧν
1137 4307 1384 4377 ἐδηλοῦτο
1413 4310 1444 4376 ή
1486 4310 1726 4378 εὐθηνία,

182 4399 267 4448 καὶ
296 4400 323 4449 6
353 4396 732 4464 διαδεξάμενος
781 4394 950 4462 αὐτὴν
990 4393 1164 4462 λιμός.
1206 4394 1492 4462 Ἐξηνέχθη
1534 4397 1728 4464 Ἰωσὴφ

181 4483 265 4534 τοῦ
293 4481 689 4551 δεσμωτηρίου,
716 4482 802 4532 ἴνα.
820 4479 1049 4550 ἐπιλύσῃ
1068 4493 1081 4506 ·
1104 4480 1338 4548 ἐμήνυσε
1359 4481 1464 4549 γὰρ
1483 4483 1509 4532 6
1527 4482 1730 4548 ἀρχιοι-

180 4570 373 4638 νοχόος.
413 4568 722 4632 Ἐπέλυσεν,
755 4565 918 4618 ἔδωκε
951 4566 1044 4618 καὶ
1072 4565 1294 4634 γνώμην
1330 4566 1425 4636 τήν
1454 4567 1540 4619 16v
1575 4567 1728 4636 λιμὸν

181 4654 720 4726 παραμυθησομένην.
741 4653 949 4706 Γίνεται
977 4653 1111 4722 μετά
1137 4654 1226 4705 τὸν
1245 4653 1460 4725 Φαραὼ,
1483 4655 1575 4706 καὶ
1605 4671 1727 4706 συν-

180 4743 388 4810 αγαγὼν
422 4746 564 4794 σῖτον
591 4740 754 4792 πολὺν
781 4740 837 4790 ἐν
863 4742 973 4801 τοῖς
1000 4739 1138 4791 ἐπτά
1160 4739 1302 4791 ἐτεσι
1323 4741 1418 4808 τῆς
1443 4740 1692 4808 εὐθηνίας
1711 4782 1724 4803 ,

179 4829 260 4880 ὅτε
291 4830 319 4880 6
345 4829 498 4896 λιμὸς
533 4827 754 4894 ἐπέστη,
787 4825 982 4877 ἐπώλει
1015 4827 1124 4887 τοῖς
1149 4823 1504 4893 βουλομένοις.
1529 4821 1728 4877 Ἶιλθον

183 4918 266 4967 καὶ
301 4917 349 4966 οί
383 4913 600 4981 ἀδελφοὶ
632 4910 794 4963 αὐτοῦ
833 4910 1111 4980 πρίασθαι.
1143 4912 1229 4972 Ὠς
1266 4911 1321 4962 66
1347 4911 1443 4963 οὐκ
1480 4908 1584 4963 εῐδε
1612 4913 1726 4981 μετ’

182 5001 350 5053 αὐτῶν
390 5000 479 5052 τὸν
533 4997 817 5065 Βενιαμὶν,
857 4995 1105 5058 δεδοικὼς
1154 4997 1228 5066 μὴ
1272 4999 1365 5048 καὶ
1426 4998 1585 5050 αὐτὸν
1622 4999 1728 5049 ἀπ-

183 5086 398 5150 ώλεσαν,
427 5087 666 5139 αἰτιᾶται
691 5084 764 5145 ώς
807 5083 1183 5143 κατασκόπους
1213 5081 1310 5150 τῆς
1356 5082 1454 5150 γῆς
1473 5125 1486 5144 ,
1520 5082 1727 5134 καὶτοῦ

181 5177 511 5246 ἐγκλήματος
551 5175 648 5226 οὐκ
676 5169 811 5226 εἶναι
845 5173 1033 5237 ἐτέραν
1071 5171 1239 5234 λύσιν,
1281 5170 1415 5240 πλήν
1446 5173 1492 5222 εί
1532 5171 1605 5240 μὴ
1641 5172 1728 5223 τὸν

181 5265 395 5333 ἀδελφὸν
429 5266 516 5316 τὸν
544 5263 800 5332 νεώτερον
821 5262 910 5313 τὸν
938 5261 1191 5329 Βενιαμὶν
1221 5260 1619 5326 καταγαγόντες
1651 5261 1728 5321 εἰς

182 5351 442 5418 Αἴγυπτον
469 5349 729 5412 ἐπιδεῖξαι
757 5347 1050 5416 δυνηθεῖεν.
1076 5346 1268 5398 Λαϐὼν
1305 5347 1360 5398 δὲ
1387 5346 1475 5398 τὸν
1509 5346 1727 5415 Συμεὼν

239 5438 264 5466 ⁸
291 5437 565 5497 Legendum
588 5435 712 5482 haud
736 5434 882 5497 dubie
894 5433 948 5482 οὐ
969 5434 1023 5480 τὸ
1041 5433 1304 5480 δακτύλιον.
1331 5431 1387 5480 In
1412 5432 1727 5493 Lugdunensi

182 5498 338 5558 codice
361 5495 538 5558 iegimr
557 5495 938 5558 0666411161109

239 5557 266 5597 δ
313 5553 573 5619 Πενὶεςνρής
623 5557 699 5619 hic
753 5555 991 5619 Πετεφρῆς
1043 5560 1244 5619 Vocatur
1288 5554 1337 5600 in
1388 5553 1585 5610 Bibliis;
1643 5554 1726 5600 sed

182 5618 281 5667 haec
335 5617 523 5667 nomina
577 5618 778 5665 variant.
825 5617 1087 5677 Πεντεφρὴς
1132 5618 1278 5677 θιὶσηι
1343 5622 1540 5677 voca_l_ur
1577 5627 1721 5673 supra

183 5677 488 5740 Expositione
533 5680 580 5725 in
623 5677 863 5740 Psalmunp
908 5674 1076 5740 4§,"p.
1127 5675 1233 5740 2H),
1287 5681 1402 5722 tom.
1449 5674 1506 5723 V.
1551 5677 1723 5722 Πεντε-

183 5737 290 5800 φρῆς
315 5743 453 5789 eliam
477 5740 658 5801 legitur
677 5739 726 5786 in
749 5737 914 5785 codice
938 5737 1156 5798 Lugduni
1183 5738 1480 5786 Bulavorum.

1242 401 1574 459 SYNOPSIS
1609 402 2018 460 SCRIPTURA‘J
2053 402 2320 460 SACRE.

3307 423 3417 478 324

1853 516 1947 567 ἀπ’
1981 515 2162 568 αὐτῶν
2191 518 2282 568 καὶ
2315 515 2499 586 δήσας,
2519 515 2641 579 τούς
2669 515 2883 580 λοιποὺς
2902 517 3191 588 ἐξέπεμψε,
3217 522 3306 575 τόν
3341 540 3401 577 τε

1856 604 1998 656 σῖτον
2031 601 2149 663 δοὺς
2185 604 2278 654 καὶ
2302 601 2364 654 16
2396 601 2672 671 ἀργύριον.
2706 602 2793 665 Ὠς
2820 603 2874 654 δέ
2903 599 3038 656 εἶδον
3058 605 3118 656 1‘6
3147 606 3402 677 ἀργύριον

1854 685 1911 736 ἐν
1933 687 2009 755 τῷ
2036 684 2221 739 κενοῦν
2245 687 2368 747 τοὺς
2400 687 2764 754 μαρσίππους,
2794 689 3168 759 ἐταράχθησαν
3194 691 3271 760 τῷ
3297 710 3398 745 πα-

1856 771 2090 840 ραδόξῳ,
2139 771 2232 823 καὶ
2272 771 2360 822 τὸν
2415 771 2664 840 Βενιαμὶν
2707 773 2868 842 ᾔτουν
2896 775 3044 843 παρὰ
3075 775 3168 827 τοῦ
3199 778 3400 846 πατρὸς

1852 857 2054 922 λαϐεῖν,
2097 859 2164 911 τά
2205 859 2461 926 γεγονότα
2508 861 2930 928 ἀπαγγέλλοντες
2964 863 3192 915 ἅπαντα.
3241 865 3299 916 '0
3343 865 3399 918 δὲ

1852 945 2122 1012 ἀντείχετο
2148 945 2239 996 τοῦ
2281 944 2507 996 παιδίου.
2556 946 2640 1006 Ὠς
2674 947 2730 999 66
2772 948 3140 1016 ἐπεκράτησεν
3165 951 3193 1000 6
3224 950 3396 1018 λιμὸς,

1851 1029 1943 1080 καὶ
1977 1030 2172 1090 Ἰούδας
2197 1029 2444 1081 ἐπέκειτο
2468 1028 2778 1098 βουλόμενος
2808 1031 2987 1084 λαϐεῖν
3013 1032 3100 1085 τὸν
3125 1034 3395 1104 Βενιαμὶν,

1854 1113 1981 1182 ὑγιῆ
2020 1115 2113 1166 καὶ
2142 1115 2280 1168 σῶον
2321 1114 2777 1183 ἐπαγγειλάμενος
2812 1115 3114 1187 ἐπανήξειν,
3149 1117 3343 1172 ἔδωκεν
3371 1122 3400 1173 6

1866 1197 2052 1250 Ἰακὼϐ
2093 1201 2153 1252 τό
2195 1216 2253 1251 τε
2281 1199 2540 1269 ἀργύριον
2579 1199 2818 1261 διπλοῦν,
2860 1200 3118 1264 κελεύσας
3143 1203 3399 1274 ἐπιφέρε-

1852 1283 1973 1335 σθαι
2003 1284 2097 1336 καὶ
2120 1285 2265 1351 δῶρα
2297 1285 2476 1357 ἕτερα.
2522 1285 2606 1347 Ὠς
2625 1285 2681 1338 δὲ
2702 1281 2860 1355 ἦλθον
2895 1285 3027 1352 πρὸς
3057 1288 3146 1341 τὸν
3179 1291 3395 1360 Ἰωσήφ,

1849 1367 2063 1433 ἐδέξατο
2094 1371 2287 1433 αὐτοὺς
2325 1370 2583 1439 εὐμενῶς,
2624 1372 2717 1422 καὶ⁷
2754 1367 2996 1442 περὶτοῦ
3022 1374 3221 1442 πατρὸς
3255 1376 3398 1445 ήρώ-

1848 1473 1999 1525 τησε,
2025 1459 2115 1508 καὶ
2139 1459 2375 1510 εἱστίασε
2407 1457 2689 1529 λαμπρῶς.
2731 1459 2917 1511 Ἠνίκα
2943 1460 2998 1510 66
3021 1458 3124 1512 ἔδει
3158 1462 3393 1520 ἀπιέναι,

1848 1542 1906 1592 τὸ
1941 1545 2192 1612 ποτήριον
2231 1544 2290 1594 16
2323 1543 2592 1614 ἀργυροῦν
2641 1544 2845 1595 κελεύει
2881 1544 3027 1616 [525]
3067 1547 3394 1615 ἐμϐληθῆναι

1845 1627 1923 1696 τῷ
1956 1630 2252 1697 μαρσίππῳ
2296 1630 2388 1682 τοῦ
2431 1629 2717 1698 Βενιαμὶν,
2764 1630 2860 1681 οὐκ
2891 1630 3104 1683 εἰδότων
3151 1632 3392 1685 ἐκείνων.

1858 1714 1945 1772 Ὠς
1974 1715 2029 1766 66
2068 1715 2325 1784 ἐνεϐλήθη
2361 1717 2449 1768 καὶ
2487 1716 2735 1778 λαϐόντες
2776 1715 3032 1783 ἀπῆλθον,
3070 1719 3393 1786 προστάσσει

1845 1800 1921 1869 τῷ
1956 1802 2046 1853 ἐπὶ
2071 1802 2166 1869 τῆς
2197 1803 2369 1864 οίκίας
2395 1805 2422 1855 6
2450 1804 2642 1871 Ἰωσὴφ
2674 1803 2995 1867 καταδιῶξαι
3025 1806 3147 1867 τοὺς
3176 1805 3388 1876 ἄνδρας.

1859 1887 1915 1938 ’0
1953 1887 2008 1938 δὲ
2031 1887 2363 1951 καταδιώξας
2401 1887 2660 1953 ἐνεκάλει,
2684 1891 2763 1941 ὅτι
2793 1894 2975 1954 κακοῖς
2996 1890 3085 1944 τὸν
3107 1892 3394 1961 εὐεργέτην

1845 1971 2166 2039 ἠμείψαντο.
2214 1973 2638 2041 Ταραττομένων
2681 1974 2738 2026 66
2776 1976 2980 2040 αὐτῶν,
3025 1977 3116 2029 καὶ
3168 1975 3246 2044 τῲ
3295 1977 3393 2046 μεν

1845 2057 2022 2108 ἁλόντι
2053 2057 2143 2108 ἐπὶ
2164 2059 2228 2126 τῇ
2261 2057 2454 2126 κλοπῇ,
2474 2061 2521 2110 εί
2548 2058 2814 2128 εὑρεθείη,
2837 2061 3060 2113 θάνατον
3086 2060 3390 2130 όριζόντων.

1846 2142 2054 2204 ἑαυτοῖς
2099 2143 2155 2194 66
2187 2143 2457 2204 δουλείαν,
2494 2144 2797 2214 εὑρίσκεται
2836 2145 2983 2214 παρά
3013 2145 3090 2214 τῷ
3122 2146 3388 2214 Βενιαμίν.

1846 2227 1976 2278 Τότε
2004 2227 2258 2280 εἰσελθὼν
2286 2231 2314 2280 6
2350 2229 2565 2290 Ἰούδας,
2595 2230 2686 2281 καὶ
2707 2231 2910 2300 μακρὸν
2935 2231 3217 2292 ἀποτείνας
3241 2231 3392 2298 λόγον

1844 2313 1969 2382 περί
1989 2329 2046 2364 τε
2059 2312 2150 2364 τοῦ
2165 2313 2367 2382 πατρὸς
2387 2315 2479 2365 καὶ
2497 2313 2620 2383 περὶ
2641 2315 2731 2367 106
2767 2315 2955 2385 Ἰωσὴφ
2973 2317 3064 2370 καὶ
3090 2317 3182 2368 τοῦ
3204 2318 3390 2371 Βενια-

1846 2398 1956 2466 μὶν,
1992 2397 2050 2460 ὃς
2083 2394 2149 2469 ῆν
2186 2399 2434 2468 ἐλόμενος
2474 2401 2594 2453 ἀντὶ
2632 2399 2721 2452 τοῦ
2787 2405 3068 2470 μειρακίου
3123 2402 3390 2455 δουλεύειν

1843 2483 2019 2546 αὐτὸς,
2051 2486 2128 2546 είς
2158 2485 2406 2538 τοσοῦτον
2451 2485 2695 2538 ἐνέϐαλεν
2727 2482 2901 2538 οἶκτον
2938 2488 3028 2540 τὸν
3073 2489 3286 2559 Ἰωσὴφ,
3316 2491 3389 2553 ὡς

1842 2568 2160 2637 ἐλεγχθῆναι
2185 2581 2208 2607 ο
2234 2570 2330 2639 τὴν
2372 2572 2573 2640 σκηνὴν
2602 2572 2833 2625 ἃπασαν.
2867 2574 3076 2636 Πάντας
3103 2575 3208 2645 γὰρ
3231 2577 3390 2629 ἐκϐα-

1841 2654 1966 2714 λὼν,
1991 2657 2074 2707 ἵνα
2111 2655 2256 2724 αύτῷ
2291 2659 2407 2724 μετ’
2440 2657 2685 2721 ἐξουσίας
2713 2657 2962 2727 δακρύειν
3001 2659 3114 2728 ἐξῇ,
3139 2661 3389 2730 γνωρίζει

1840 2759 1897 2792 τε
1939 2741 2096 2793 αὐτὸν
2131 2747 2239 2802 τοῖς
2267 2742 2528 2808 ἀδελφοῖς,
2561 2744 2654 2795 καὶ
2693 2744 3005 2795 ἀποστέλλει
3044 2745 3133 2796 ἐπὶ
3164 2745 3251 2797 16v
3287 2765 3390 2799 πα-

1841 2827 1971 2894 τέρα
2015 2826 2151 2894 μετά
2184 2825 2369 2896 δώρων
2402 2826 2495 2877 καὶ
2525 2826 2746 2896 ἁμαξῶν
2767 2845 2781 2858 ’
2809 2824 2876 2898 ἦν
2895 2829 2950 2881 66
2978 2831 3068 2882 καὶ
3096 2829 3170 2900 τῷ
3197 2832 3388 2902 Φαραὼ

1839 2911 1993 2962 τοῦτο
2029 2911 2393 2965 συνευδοκοῦν.
2429 2912 2515 2975 Ὠς
2540 2913 2593 2965 δέ
2616 2915 2842 2982 ήκουσεν
2865 2918 2892 2968 6
2933 2917 3122 2969 Ἰακὼϐ
3154 2917 3219 2969 τὰ
3248 2919 3388 2972 κατά

1839 2996 1927 3046 τ“·ν
1959 2997 2170 3065 Ἰωσήφ,
2206 2998 2501 3067 περιχαρής
2525 3015 2582 3049 τε
2609 2994 2695 3068 ἦν,
2721 3000 2812 3051 καὶ
2841 3000 2931 3052 τοῦ
2959 3001 3090 3054 Θεοῦ
3115 3003 3389 3056 κελεύσαν-

1839 3097 1928 3143 τος
1961 3082 2162 3152 κατὲϐη
2196 3084 2273 3144 είς
2313 3083 2600 3150 Αἴγυπτον.
2629 3085 2763 3154 Ὀρᾷ
2787 3086 2876 3138 16v
2910 3087 3104 3158 Ἰωσὴφ
3136 3089 3162 3139 6
3189 3089 3386 3159 πατὴρ,

1837 3167 2150 3239 ἀπηγγέλθη
2190 3167 2356 3221 ταῦτα
2389 3169 2464 3238 τῷ
2489 3169 2701 3239 Φαραὼ,
2730 3171 2820 3223 καὶ
2848 3171 3159 3241 κατῴκησεν
3181 3176 3236 3226 ἐν
3261 3176 3387 3228 Ῥα-

1839 3253 2035 3321 μεσσῆ.
2070 3254 2158 3314 Ὠς
2196 3254 2252 3306 66
2293 3255 2530 3308 ἀνάλωτο
2555 3255 2612 3307 16
2648 3255 2904 3325 ἀργύριον
2939 3257 3034 3325 τῆς
3063 3259 3186 3326 γῆς,
3219 3262 3384 3330 κτήνη

1836 3339 2064 3400 διδόντες
2108 3340 2156 3390 οί
2203 3339 2493 3409 ἄνθρωποι.
2534 3339 2831 3408 ἐλάμϐανον
2875 3344 3044 3393 σῖτον·
3097 3345 3278 3416 ἐπειδὴ
3329 3346 3385 3400 66

1837 3425 1930 3476 καὶ
1952 3423 2123 3476 ταῦτα
2149 3424 2393 3487 ἐπέλιπε,
2424 3425 2516 3476 καί
2536 3426 2563 3475 6
2590 3424 2745 3492 λιμὸς
2773 3426 2870 3476 οὐκ
2894 3427 3140 3488 ἐπαύετο,
3166 3430 3386 3492 ἐαυτοὺς

1838 3510 2039 3563 ἔδωκαν
2066 3509 2202 3578 μετὰ
2225 3510 2322 3578 τῆς
2349 3510 2450 3577 γῆς
2471 3523 2482 3537 ·
2523 3509 2616 3560 καὶ
2644 3509 2914 3578 γενόμενοι
2936 3511 3013 3579 τῷ
3045 3513 3237 3582 Φαραὼ
3264 3514 3384 3567 606-

1838 3596 1936 3659 λοι,
1961 3597 2229 3665 ἕσπειρον,
2262 3597 2355 3648 καὶ
2386 3596 2444 3648 16
2483 3596 2726 3664 πέμπτον
2762 3597 2920 3666 μέρος
2951 3600 3183 3652 ἐδίδοσαν
3216 3601 3381 3669 αὐτῷ,

1836 3684 1900 3734 τά
1935 3683 2172 3751 τέσσαρα
2203 3682 2353 3734 αὐτοὶ
2389 3680 2771 3750 καρπούμενοι.
2805 3683 3024 3735 Μέλλων
3059 3683 3113 3735 δὲ
3138 3686 3384 3755 τελευτᾷν

1834 3770 1862 3819 6
1890 3767 2102 3833 Ἰακὼϐ,
2131 3767 2290 3837 ὅρκον
2317 3767 2537 3819 ἀπαιτεί
2559 3768 2648 3817 τὸν
2696 3765 2911 3836 Ἰωσὴφ,
2939 3769 3076 3820 ώστε
3117 3770 3189 3838 μή
3219 3771 3382 3839 θάψαι

1835 3854 1994 3906 αὐτὸν
2039 3855 2094 3905 ἐν
2134 3853 2420 3921 Αίγύπτῳ,
2453 3852 2565 3904 ἀλλ’
2597 3855 2654 3904 ἐν
2698 3851 2774 3921 τῷ
2802 3854 2953 3922 τάφῳ
3002 3855 3107 3906 τῶν
3142 3856 3383 3927 πατέρων

1834 3939 2018 3992 αὐτοῦ.
2058 3941 2164 3991 Καὶ
2189 3941 2312 4001 τοὺς
2339 3941 2487 4001 υἱοὺς
2526 3938 2741 4007 Ἰωσὴφ,
2771 3939 2861 3990 τὸν
2907 3941 3140 4009 Ἐφραῖμ
3175 3943 3265 3993 καὶ
3294 3943 3382 3994 τὸν

1834 4025 2121 4093 Μανασσῆ,
2149 4025 2247 4076 οὐκ
2280 4027 2357 4086 είς
2401 4024 2657 4091 ἐγγόνων,
2691 4024 2802 4075 ἀλλ’
2833 4028 2909 4086 εἰς
2943 4027 3069 4078 υἱῶν
3099 4027 3381 4093 καταλέγει

1832 4113 2002 4177 τάξιν.
2042 4113 2148 4164 Καὶ
2187 4111 2500 4179 ἢμϐλυώπει
2555 4111 2778 4162 Ἰακώϐο
2825 4113 2900 4175 ώς
2945 4113 2998 4164 66
3031 4115 3381 4184 κατεφίλησεν

1834 4199 2045 4260 αὐτοὺς,
2081 4199 2173 4249 καὶ
2207 4197 2310 4248 ἔδει
2342 4197 2601 4262 εὐλογεῖν,
2645 4197 2703 4259 ἐξ
2733 4197 3028 4265 ἀριστερῶν
3061 4198 3153 4250 τοῦ
3193 4199 3381 4252 Ἰακὼϐ

1833 4285 2025 4353 ἔστησε
2052 4285 2141 4335 16v
2185 4283 2472 4353 Ἐιρραῒμό
2515 4283 2741 4351 Ἰωσὴφ,
2780 4284 2871 4334 16v
2919 4283 2973 4335 66
3022 4285 3278 4354 Μανασσῆ
3317 4289 3381 4340 ἐκ

1831 4371 2036 4434 δεξιῶν.
2075 4372 2132 4424 '0
2159 4373 2215 4423 66
2249 4371 2437 4424 Ἰακὼϐ
2473 4371 2568 4441 τὴν
2601 4373 2778 4436 δεξιὰν
2817 4375 2972 4441 χεῖρα
2999 4374 3261 4444 ἐπέθηκεν
3289 4378 3379 4428 ἐπὶ

1830 4457 1920 4508 τὸν
1950 4457 2008 4520 ἐξ
2051 4457 2350 4528 ἀριστερῶν
2379 4457 2585 4509 ἐστῶτα
2615 4457 2702 4509 16v
2735 4458 3012 4526 νεώτερον,
3045 4459 3140 4527 τὴν
3170 4459 3224 4510 δὲ
3261 4461 3379 4530 ἀρι-

1833 4544 2024 4613 στερὰν
2059 4544 2148 4594 ἐπὶ
2191 4543 2277 4594 τὸν
2333 4544 2396 4595 ἐκ
2439 4543 2662 4608 δεξιῶν,
2705 4544 2796 4596 καὶ
2837 4544 3091 4613 εὐλόγησε
3117 4585 3132 4608 ,
3187 4545 3278 4598 τοῦ
3322 4546 3378 4599 δὲ

1845 4631 2037 4699 Ἰωσὴφ
2076 4631 2317 4700 οἰομένου
2349 4630 2486 4682 κατὰ
2518 4631 2735 4697 ἄγνοιαν
2759 4632 2912 4683 τοῦτο
2947 4633 3112 4684 ποιεῖν
3149 4633 3238 4684 τὸν
3277 4650 3378 4684 πα-

1831 4717 1994 4786 τέρα,
2026 4716 2118 4767 καὶ
2167 4715 2570 4785 διορθουμένου,
2624 4716 2722 4767 οὐκ
2772 4717 3023 4784 ἠνέσχετο
3068 4718 3095 4766 6
3145 4717 3332 4769 Ἰακώϐ
3360 4736 3372 4750 ⁸

1832 4801 1982 4862 εἰδὼς
2010 4801 2114 4867 γὰρ
2146 4799 2245 4868 ἐφη
2271 4798 2427 4850 τοῦτο
2451 4803 2639 4861 ποιεῖν,
2662 4801 2760 4850 οὐκ
2794 4799 3014 4864 ἀγνοῶν.
3043 4801 3171 4854 Τότε
3201 4803 3376 4856 δίδωσι

1831 4889 1906 4957 τῷ
1957 4887 2147 4957 Ἰωσὴφ
2181 4889 2208 4937 6
2269 4886 2456 4938 Ἰακὼϐ
2499 4887 2596 4954 τὴν
2644 4887 2872 4955 Σίκιμαν
2902 4889 3202 4958 ἐξαίρετον,
3238 4891 3302 4959 ήν
3351 4893 3379 4943 6

1832 4975 2048 5043 Συμεὼν
2073 4973 2163 5024 καὶ
2185 4971 2312 5023 Λευῒ
2334 4967 2491 5023 εἷλον.
2511 4971 2619 5023 Καὶ
2643 4971 2851 5036 εὐλογεῖ
2876 4975 2998 5034 τοὺς
3022 4973 3164 5035 υἱοὺς
3191 4973 3374 5026 αὐτοῦ.

1844 5059 2101 5111 Ἐνταῦθα
2127 5056 2365 5126 περὶτοῦ
2406 5056 2638 5125 Χριστοῦ
2674 5059 3016 5126 προφητεύει.
3045 5061 3163 5111 Οὐκ
3192 5059 3378 5112 6x4131-

1831 5151 1926 5212 ψει
1952 5146 2166 5211 ἅρχων,
2201 5143 2381 5210 φησὶν,
2423 5141 2490 5205 ἐξ
2539 5141 2748 5203 Ἰούδα,
2777 5141 2914 5194 οὐδὲ
2953 5145 3273 5211 ἡγούμενος
3311 5146 3377 5197 ἐκ

1834 5230 1945 5283 τῶν
1956 5229 2161 5297 μηρῶν
2181 5228 2383 5289 αὐτοῦ,
2404 5227 2511 5292 ἕως
2533 5227 2607 5279 ἂν
2630 5228 2776 5295 ἔλθῃ
2801 5221 2848 5292 ᾧ
2875 5229 3176 5282 ἀπόκειται
3201 5243 3250 5281 α.
3288 5230 3375 5291 Ὠς

1829 5318 1882 5368 δέ
1912 5316 2175 5367 ἀπέθανεν
2203 5316 2230 5364 6
2254 5313 2466 5375 Ἰακὼϐ,
2498 5314 2788 5382 ἐπένθησεν
2816 5314 2974 5366 αὐτὸν
2997 5317 3024 5366 6
3049 5315 3258 5384 Ἰωσὴφ,
3287 5318 3376 5368 καὶ

1831 5400 2115 5468 ἀναγαγὼν
2151 5400 2342 5467 ἔθαψεν
2366 5402 2421 5450 ἐν
2442 5399 2517 5467 τῷ
2545 5399 2788 5468 σπηλαίῳ
2818 5399 3078 5468 Ἀϐραάμ.
3105 5397 3264 5453 Εἶπον
3286 5397 3376 5454 οὖν

1893 5491 1914 5516 ο
1953 5488 2157 5546 Ἐλέγχω
2183 5499 2270 5532 vox
2292 5483 2894 5546 Chrysostomoifamiliaris
2917 5486 3006 5532 hoc
3027 5499 3132 5532 usu.

1892 5548 1917 5585 ιι
1947 5550 1995 5594 In
2026 5544 2232 5606 \u‘l‘gulis
2259 5545 2616 5606 exemplaribus
2640 5544 2838 5606 legilur,
2862 5546 2948 5598 ἕως
2970 5547 3026 5590 ἀν
3054 5547 3157 5604 ἔλθῃ
3183 5546 3242 5592 τὰ
3264 5548 3379 5593 ἀπο-

1830 5608 2018 5682 κείμενα
2042 5603 2183 5682 αὐέᾷξ
2211 5605 2296 5675 scd
2318 5605 2365 5651 in
2389 5603 3029 5682 quipufdgmLéccllfsiaslicis
3065 5603 3381 5682 gcr’iploﬂpuo

1831 5671 1870 5729 ᾧ
1892 5664 2355 5729 ἀπόκειταιιρείιιιτ.
2370 5674 2420 5729 gl
2443 5667 2511 5712 sic
2533 5664 3082 5729 habcbqgghrysqgtomi
3109 5664 3376 5726 eiemplar:

1832 5725 1941 5778 nam
1964 5730 2028 5776 sic
2051 5729 2134 5775 illc
2159 5729 2277 5786 legit
2297 5727 2342 5770 in
2369 5725 2597 5775 Gcncsim
2621 5739 2667 5786 p.
2693 5725 2800 5784 658,
2823 5731 2872 5773 et
2895 5725 3028 5774 alibi.
