3990 6426
229 427 333 479 325

218 533 350 586 lilios
376 533 628 600 Ephraim
654 544 815 598 usque
844 530 907 582 ad
936 529 1142 582 tertiam
1176 527 1596 594 generationem.
1631 525 1769 576 Dixit

217 638 370 689 porro
401 621 651 673 fratribus
680 621 790 671 suis
820 638 833 671 :
876 618 1162 672 Visitatioue
1189 616 1402 669 visitabit
1431 629 1516 667 vos
1547 611 1703 674 Deus,
1732 623 1775 664 et

215 713 405 764 inducet
434 729 516 763 vos
547 714 594 763 in
619 721 799 764 terram
826 708 1185 778 promissionis,
1227 723 1376 774 quam
1398 707 1586 774 juravit
1616 705 1774 772 potri-

212 806 298 855 lms
341 803 523 853 nostris
566 818 618 853 se
654 801 888 852 daturum
925 800 1012 850 eis.
1049 797 1112 849 Et
1139 797 1290 850 simul
1331 797 1577 849 vobiscum
1613 798 1778 862 [cretis

211 909 320 944 ossa
348 909 455 942 mea
486 887 648 960 ((-en.
681 890 768 942 50.
803 889 870 941 24
895 889 935 954 ).
966 887 1093 939 Cum
1125 887 1340 939 vixisset
1358 894 1568 939 centum
1601 883 1772 945 annis,

210 981 449 1049 sepultus
479 989 560 1034 est
586 981 637 1032 iu
668 978 838 1032 loculo
871 979 919 1030 in
949 977 1194 1046 Aigypto.

764 1083 1001 1122 SYNOI‘SIS
1042 1082 1211 1121 EXODI.

279 1161 586 1229 Exsurgens
621 1160 668 1212 iit
705 1157 935 1227 [Egypto
972 1172 1062 1211 rex
1102 1157 1190 1225 qui
1229 1155 1514 1222 Josephum
1545 1169 1647 1207 non
1682 1169 1776 1207 no.

211 1261 389 1312 verat,
442 1251 701 1306 Israelitas
736 1249 921 1301 afﬂixit
961 1249 1012 1301 in
1063 1248 1172 1300 luto
1218 1257 1270 1300 et
1304 1246 1486 1299 latere.
1525 1245 1778 1312 Pratcepit

209 1347 360 1396 etiam
395 1343 789 1405 obstetricibus,
833 1351 889 1393 ut
925 1341 1227 1394 occiderent
1265 1338 1525 1391 masculos
1570 1337 1776 1390 lsi-aeli-

209 1443 416 1496 tarum;
447 1441 502 1484 ut
542 1442 716 1485 autem
766 1431 869 1484 illa)
910 1446 1013 1483 non
1061 1438 1362 1497 paruerunt,
1400 1428 1529 1480 illud
1578 1426 1777 1479 facinus

208 1523 397 1590 populo
423 1522 709 1574 commisit.
757 1515 1612 1584 Tuncnasciturhloyscsextribu
1627 1515 1772 1579 Levi,

207 1625 252 1665 et
279 1621 643 1680 exposuerunt
672 1627 791 1665 eum
824 1620 1066 1677 parentes
1112 1610 1160 1662 in
1201 1608 1397 1661 arcula.
1444 1605 1776 1661 Descendens

207 1719 328 1754 vero
363 1703 468 1755 lilia
519 1701 826 1764 Pharaonis,
867 1700 1109 1753 eductum
1143 1699 1391 1751 infantem
1441 1696 1774 1750 nutriendum

210 1793 436 1844 tradidit.
466 1790 598 1843 Cum
624 1793 674 1842 in
702 1791 871 1842 virum
898 1789 1152 1842 crevisset
1180 1787 1404 1855 Moyses,
1427 1800 1670 1854 egressus
1695 1793 1775 1837 est

207 1882 265 1932 ad
289 1881 424 1933 tilios
453 1879 639 1933 Israel.
672 1879 741 1932 Ut
770 1889 943 1932 autem
987 1878 1220 1931 laborem
1247 1892 1428 1930 eorum
1473 1874 1769 1928 considera

207 1970 308 2030 bat,
337 1970 469 2022 vidit
494 1968 822 2037 ngyptium,
857 1967 942 2035 qui
970 1967 1244 2021 llebrantnt
1275 1965 1604 2029 verberabat,
1632 1979 1779 2018 cum-

207 2076 302 2125 que
329 2060 454 2112 hinc
492 2060 614 2111 inde
645 2057 984 2126 respexisset,
1023 2056 1288 2109 neminem
1315 2055 1473 2117 vidit;
1500 2068 1774 2120 percusso-

213 2165 309 2216 que
338 2148 611 2217 rligyptio,
635 2147 909 2199 abscondit
937 2147 1079 2198 illum
1109 2147 1160 2198 in
1195 2159 1374 2199 arena.
1410 2146 1662 2212 Egressus
1694 2145 1776 2198 die

208 2245 466 2304 sequenti,
498 2238 628 2289 vidit
657 2236 902 2289 llebrmos
932 2236 1063 2289 duos
1103 2249 1222 2288 sese
1259 2243 1441 2287 mutuo
1489 2234 1775 2287 verberan-

211 2337 317 2388 tes,
357 2327 623 2393 alterique
660 2325 789 2378 dixit
822 2343 834 2377 :
865 2324 964 2377 Cur
1014 2325 1238 2376 verberas
1291 2323 1618 2388 proximum?
1663 2321 1776 2374 Intit

212 2417 292 2469 ille
317 2435 326 2467 :
366 2416 493 2481 Qui:
521 2427 567 2468 te
607 2417 857 2468 constituit
887 2416 1161 2483 principem
1199 2426 1243 2468 et
1261 2416 1485 2482 judicent
1516 2416 1776 2466 nostrum?

209 2525 268 2558 an
296 2508 521 2559 occidere
550 2523 628 2558 mc
653 2508 742 2569 vis,
783 2516 834 2558 ut
876 2507 980 2558 lteri
1025 2505 1325 2574 /Egyptium
1374 2503 1563 2573 (Exod.
1595 2505 1648 2555 ‘2.
1689 2506 1771 2557 15.

215 2600 328 2666 11)?
371 2599 573 2652 Timuit
625 2613 752 2665 ergo
805 2598 1026 2667 Moyses,
1077 2597 1384 2664 l‘haraoqtte
1425 2611 1534 2648 rem
1575 2605 1773 2663 gestant

210 2688 419 2750 audivit,
463 2701 525 2739 ac
569 2686 834 2754 quaerebat
891 2687 1187 2738 interlieere
1233 2685 1485 2754 Moysem.
1540 2685 1775 2738 Metuens

211 2777 410 2844 Moyses
442 2775 666 2828 secessit
697 2775 745 2825 in
782 2774 1000 2826 Madiam
1038 2791 1048 2825 :
1083 2773 1318 2841 juvitque
1366 2773 1596 2826 Jothoris
1643 2773 1774 2824 tilias

211 2867 270 2919 ad
301 2867 624 2934 aquandum.
674 2865 779 2916 Illa:
825 2880 932 2917 rem
970 2875 1169 2932 gestam
1202 2866 1331 2931 patri
1383 2866 1770 2929 nuntiaverunt,

211 2958 270 3010 ad
299 2973 529 3025 eumque
549 2957 816 3009 adduxere
848 2955 1094 3024 Moysem.
1124 2955 1310 3008 Jodnor
1344 2955 1486 3008 dedit
1514 2956 1586 3008 illi
1613 2956 1773 3008 tiliam

211 3063 353 3099 suam
386 3049 440 3098 in
492 3060 710 3098 uxorem
746 3061 757 3096 :
790 3053 842 3097 et
884 3045 1083 3111 peperit
1125 3044 1209 3096 illa
1256 3043 1416 3111 Moysi
1470 3043 1688 3097 Gersem
1723 3053 1776 3097 et

216 3136 433 3188 Elieser.
491 3135 591 3202 Ipsi
635 3149 820 3201 greges
874 3135 1101 3201 pascenti
1157 3134 1384 3201 loquitur
1436 3133 1604 3196 Deus;
1657 3148 1773 3186 cum

210 3224 447 3287 accessit,
479 3223 607 3275 vidit
634 3224 684 3275 in
725 3223 855 3275 rubo
899 3223 1208 3276 miraculum
1251 3221 1396 3283 illud,
1439 3236 1558 3275 cum
1597 3238 1772 3276 urere-

212 3323 292 3366 tur
318 3323 370 3367 et
401 3330 505 3366 non
553 3314 971 3366 combureretur.
1023 3313 1086 3365 Et
1130 3313 1288 3366 mittit
1343 3314 1490 3368 illum
1544 3314 1681 3367 Deus
1723 3316 1772 3367 in

210 3401 489 3470 iEgyptum
529 3401 748 3456 dicens:
786 3403 875 3455 Dic
925 3400 1013 3472 [de
1059 3401 1185 3473 me],
1239 3402 1352 3471 Ego
1397 3419 1506 3455 sum
1553 3405 1638 3470 qui
1666 3420 1776 3456 sunt

211 3493 402 3556 (Exod.
436 3494 488 3546 5.
523 3494 630 3560 Η).
665 3492 883 3546 iubetur
917 3509 1236 3562 congregare
1262 3495 1528 3547 seniorum
1559 3505 1773 3560 emtum,

211 3591 260 3634 et
293 3584 366 3634 sic
396 3584 591 3635 intrare
636 3583 699 3635 ad
743 3584 1091 3647 Pharaonem,
1141 3585 1530 3653 praeeipereque
1564 3587 1772 3653 populo,

215 3681 259 3722 ut
289 3687 407 3724 cum
435 3670 766 3740 aul‘ugerent,
804 3687 924 3724 vasa
973 3683 1219 3739 argentea
1263 3683 1315 3726 et
1369 3689 1526 3726 aurea
1574 3685 1775 3727 mutua-

215 3770 391 3811 rentur
434 3773 461 3810 a
505 3759 708 3812 vicinis.
761 3761 959 3829 Datque
1010 3761 1080 3813 illi
1140 3763 1257 3814 talia
1294 3764 1438 3831 signa
1472 3773 1524 3816 ut
1572 3765 1699 3818 lides
1728 3767 1774 3818 ei

215 3849 514 3912 haberetur,
548 3851 745 3919 virgam
783 3867 898 3918 qua:
942 3867 1089 3904 versa
1123 3854 1280 3905 estin
1308 3863 1625 3921 serpentem,
1664 3873 1774 3908 tnu-

213 3941 458 3992 tationem
489 3955 674 3993 manus
703 3957 843 4007 sum;
888 3943 1018 3996 facta
1048 3945 1239 4011 quippe
1264 3954 1337 3997 est
1370 3945 1486 3998 alba
1524 3947 1657 3998 sicut
1685 3947 1773 4000 nix

212 4033 295 4095 (ex
329 4030 518 4097 lepra),
543 4039 595 4083 et
624 4047 828 4083 rursum
859 4032 1095 4084 restituta
1127 4043 1206 4086 est
1235 4035 1286 4085 in
1323 4035 1594 4100 pristinum
1628 4039 1773 4089 colo-

212 4134 352 4180 rem;
383 4135 569 4185 aquant
601 4120 718 4171 item
740 4120 988 4182 ﬂuminis,
1024 4120 1268 4184 E/I'uudes
1293 4123 1452 4186 enim,
1489 4125 1673 4191 inquit,
1717 4144 1776 4179 at?

212 4223 264 4258 ea
293 4209 341 4258 in
365 4208 580 4270 aridum,
611 4218 654 4259 et
696 4209 898 4277 sanguis
927 4210 1014 4260 erit
1047 4209 1234 4278 (Exod.
1265 4212 1316 4262 4.
1358 4211 1434 4279 9).
1467 4213 1775 4268 Reluetaute

215 4297 409 4364 Moyse,
437 4297 599 4348 iratus
644 4298 779 4349 licus
808 4298 1052 4365 adjnuxit
1100 4299 1197 4364 ipsi
1242 4300 1524 4352 Aaronem.
1559 4302 1774 4354 Annuu-

217 4385 355 4435 tiavit
383 4384 590 4452 Moyses
617 4384 818 4436 Jothori
849 4401 1030 4438 socero
1060 4401 1175 4450 suo,
1202 4403 1257 4440 se
1282 4389 1328 4439 in
1350 4388 1632 4457 /Egyptum
1662 4407 1776 4445 esse

217 4475 592 4536 profecturum.
639 4474 947 4542 Mortuoque
990 4491 1130 4544 rege,
1161 4478 1247 4543 qui
1277 4478 1444 4544 ipsum
1484 4479 1777 4537 interﬁcere

216 4561 503 4626 qttmrebat,
538 4563 603 4613 ait
639 4563 707 4614 illi
742 4563 875 4615 Deus
906 4582 917 4615 :
950 4563 1218 4631 Ingredere
1242 4568 1290 4616 in
1315 4565 1594 4635 [Egi/piunt
1618 4569 1772 4640 (Ibid.

217 4669 258 4701 l‘.
293 4652 403 4717 19).
437 4651 526 4702 Ille
574 4667 698 4702 vero
728 4654 1010 4719 assumptis
1051 4652 1169 4705 ﬂliis
1199 4668 1315 4706 cum
1341 4671 1528 4718 uxore,
1554 4659 1628 4710 sic
1662 4675 1777 4724 pro-

218 4739 382 4793 feclus
410 4748 507 4792 est.
556 4739 675 4792 Ideo
703 4741 914 4807 angelus
962 4741 1058 4808 ipsi
1088 4752 1321 4808 appatet,
1352 4752 1624 4798 exterrens
1659 4762 1775 4798 eum

219 4830 441 4898 (a).l\'on
472 4829 612 4880 enim
651 4840 861 4895 propter
912 4831 1358 4884 circunteisioncnt
1406 4832 1471 4899 (si
1505 4837 1641 4885 enim
1680 4837 1778 4887 eir-

217 4919 552 4973 cumcisionis
593 4932 769 4978 causa,
802 4920 1075 4986 oportebat
1107 4936 1208 4972 non
1238 4931 1358 4973 ante
1383 4922 1647 4975 discedere
1687 4941 1778 4974 an-

217 5011 412 5076 gelum,
443 5022 596 5075 quam
626 5007 849 5058 alterum
876 5019 1039 5060 mater
1060 5009 1512 5079 circumcidisset),
1547 5012 1637 5064 sed
1663 5013 1778 5064 ideo

221 5097 478 5164 apparuit,
511 5103 565 5147 ut
594 5109 694 5146 non
729 5111 944 5147 uxorem
983 5103 1198 5150 duceret
1235 5097 1284 5149 in
1325 5097 1629 5166 AZgyptum.
1664 5099 1778 5152 Non

221 5190 355 5239 enim
383 5202 448 5239 eo
480 5185 802 5245 mittebatur,
828 5193 881 5235 ut
902 5184 1005 5235 illic
1034 5186 1309 5248 habitaret,
1340 5187 1428 5240 sed
1457 5197 1507 5238 ut
1534 5189 1780 5241 educeret

225 5276 465 5328 lsraelem
500 5293 512 5325 ;
543 5274 680 5342 quod
724 5283 775 5325 et
827 5275 909 5325 ille
953 5275 1266 5340 intelligens,
1303 5277 1500 5328 remisit
1539 5292 1777 5330 uxorem.

221 5370 286 5421 At
323 5369 458 5420 unde
493 5368 660 5433 palam
688 5375 766 5417 est
809 5364 943 5432 quod
986 5367 1283 5417 remiserit?
1328 5367 1451 5419 Post
1490 5367 1778 5421 discessum

223 5475 329 5518 trita:
351 5470 558 5528 JOScl-lto
577 5470 789 5516 tribuunt
815 5482 826 5514 :
855 5467 938 5515 sed
963 5464 1112 5525 lapsu,
1140 5476 1192 5515 ut
1216 5468 1422 5527 videtur,
1447 5470 1672 5530 graphice
1691 5471 1777 5518 de-

223 5544 324 5578 cent
342 5533 451 5578 anni
478 5531 554 5576 hic
578 5538 627 5576 et
651 5530 769 5574 intra
793 5529 949 5574 mnissi
972 5537 1097 5573 sunt.

282 5594 351 5650 (ιι)
387 5599 492 5638 Hae
517 5591 686 5636 dieitur
707 5589 850 5636 fuisse
883 5590 1121 5650 sententia
1163 5588 1309 5650 ttabbi
1345 5590 1606 5645 Abrahami,
1634 5604 1781 5649 ange-

225 5646 432 5698 lutnuon
475 5651 582 5696 ideo
608 5657 811 5707 Moysem
847 5649 1067 5696 occidere
1101 5646 1328 5702 voluisse,
1367 5651 1492 5708 quod
1535 5650 1651 5698 ﬁlios
1691 5646 1779 5698 non

224 5713 611 5764 eit'cumeidisset,
636 5711 720 5755 sed
745 5712 868 5764 quod
893 5721 1091 5755 uxorem
1118 5716 1167 5754 et
1204 5708 1322 5754 lilios
1346 5710 1484 5755 simul
1510 5725 1672 5759 secum
1698 5713 1775 5757 azl~

228 5771 423 5821 ducerct
450 5786 460 5816 :
485 5779 535 5819 et
557 5768 814 5832 probabilis
830 5777 963 5820 certe
992 5781 1047 5817 ea
1071 5772 1188 5817 ratio
1215 5778 1281 5816 est
1302 5782 1434 5832 ,qua:
1460 5771 1535 5820 hie
1559 5768 1771 5822 adfertur.

1256 412 1571 470 SYNUPSIS
1608 410 2005 466 SCl’tll’TUll/E
2045 413 2305 469 SACliAi.

3339 429 3450 490 326

1884 539 1945 574 ex
1977 522 2202 592 .l‘Tgypto
2228 526 2453 578 occurrit
2477 526 2544 578 illi
2569 539 2686 578 eum
2712 540 2872 580 uxore
2897 527 3060 594 ipsius
3081 526 3264 581 Jatltur
3291 544 3444 585 socer

1883 611 2016 678 ejus.
2055 613 2205 666 Venit
2233 615 2406 666 Aaron
2435 614 2497 666 :nl
2532 614 2782 682 Moyscm,
2813 622 2864 668 et
2892 617 3046 668 ambo
3063 631 3442 686 congregaruut

1883 702 2121 755 seniores
2147 703 2376 766 lsraclis,
2411 714 2463 757 et
2490 704 2613 772 ipsis
2643 706 3012 758 renuntiarunt
3042 706 3131 758 Dei
3158 709 3398 761 mandata
3431 728 3439 760 :

1887 793 1960 845 illi
1991 802 2166 847 autem
2209 795 2375 862 gavisi
2413 803 2551 848 sunt.
2593 795 2687 848 Ubi
2716 811 2840 849 vero
2881 796 2946 850 ad
2998 797 3324 854 Pharaonem
3358 815 3445 854 aco

1883 892 2176 946 cesserunt,
2201 882 2578 950 jusseruntquc
2607 900 2724 937 eum
2748 884 3013 940 dimittere
3042 888 3309 956 populum,
3337 905 3440 944 non

1887 970 2042 1024 modo
2071 989 2170 1024 non
2200 975 2382 1026 annuit
2412 990 2522 1039 rex,
2551 975 2644 1028 sed
2682 978 2837 1028 etiam
2871 976 3133 1032 lsraclitas
3163 979 3445 1034 vehemen-

1886 1061 1986 1114 tius
2016 1060 2221 1128 al‘ﬂixit,
2247 1063 2435 1132 jubens
2470 1080 2534 1118 ne
2577 1064 2789 1119 daretur
2819 1067 2895 1118 eis
2925 1067 3090 1133 palea,
3121 1069 3214 1122 sed
3260 1078 3315 1123 ut
3351 1070 3447 1138 ipsi

1885 1167 2001 1204 eam
2029 1153 2126 1206 sibi
2157 1156 2464 1222 reperirent.
2499 1155 2630 1208 Cum
2669 1165 2844 1209 autem
2884 1157 3070 1211 scribae
3107 1159 3446 1215 verberaren-

1887 1253 1988 1306 tur,
2017 1243 2158 1312 quod
2185 1260 2316 1313 opus
2341 1263 2442 1300 non
2467 1246 2791 1315 impleretur,
2823 1247 3150 1303 Pharaonem
3181 1250 3444 1314 adierunt,

1885 1333 2114 1403 nihilque
2141 1336 2502 1404 impetrarunt.
2541 1337 2688 1391 Tunc
2719 1340 3272 1394 ocelamaruntcontra
3306 1343 3447 1413 Moy-

1884 1437 2035 1474 sem:
2065 1439 2376 1492 rursumque
2407 1427 2626 1479 mittitur
2668 1427 2752 1480 ille
2803 1427 2866 1480 ad
2916 1428 3196 1495 lsraelitas,
3245 1433 3441 1485 exitum

1888 1510 1986 1562 illis
2027 1514 2360 1567 annuntians.
2408 1514 2482 1566 llli
2513 1531 2634 1569 vero
2662 1532 2725 1568 ne
2751 1518 3023 1570 audierunt
3065 1519 3275 1586 quidem
3299 1522 3444 1593 Moy-

1886 1614 2015 1663 sem,
2052 1611 2154 1653 tam
2184 1602 2389 1671 dejecto
2430 1613 2581 1658 erant
2625 1606 2820 1658 animo.
2867 1607 2960 1660 llic
2984 1609 3228 1662 scribitur
3255 1609 3446 1682 Moysis

1882 1690 2205 1759 genealogia,
2232 1701 2286 1745 ct
2310 1694 2382 1745 ait
2428 1693 2498 1746 illi
2543 1693 2679 1746 Deus
2713 1693 2878 1747 :Dcdi
2912 1706 2957 1748 te
2995 1697 3142 1749 deum
3192 1699 3445 1754 l’lmruoui

1882 1777 2074 1844 (Exod.
2108 1781 2157 1832 7.
2196 1781 2268 1850 1.)
2301 1799 2312 1832 :
2345 1782 2608 1851 mittitque
2632 1783 2772 1836 illuttt
2799 1784 2865 1836 ad
2891 1785 3445 1857 l‘haraonunJubens

1880 1869 2159 1923 ostendere
2186 1873 2409 1939 signum,
2439 1874 2481 1927 si
2506 1891 2590 1926 rex
2623 1885 2842 1941 peteret,
2873 1875 3030 1944 virga:
3061 1879 3112 1931 in
3141 1892 3442 1948 serpentem

1881 1973 2167 2013 eonversm.
2198 1961 2262 2015 Ut
2291 1975 2463 2016 autem
2506 1965 2646 2032 virga
2694 1967 2745 2018 in
2776 1977 3075 2033 serpentem
3117 1981 3312 2026 mutata
3341 1985 3438 2039 est,

1881 2063 1978 2100 nec
2002 2057 2173 2103 tamen
2215 2065 2308 2104 rex
2337 2053 2515 2117 cessit,
2547 2054 2767 2108 vertitur
2813 2072 2943 2124 aqua
2988 2057 3215 2115 ﬂuminis
3241 2062 3291 2115 iu
3319 2080 3441 2115 sau-

1883 2137 2117 2205 guinem,
2145 2139 2390 2207 impletttr
2413 2151 2546 2195 terra
2571 2143 2710 2197 ranis
2745 2162 2755 2196 :
2788 2145 2976 2200 deinde
3006 2149 3272 2217 sciniphes
3298 2155 3440 2207 exie-

1883 2237 2022 2292 runt,
2044 2245 2161 2282 mox
2181 2233 2476 2302 cynomyia,
2504 2245 2681 2301 postea
2705 2251 2847 2288 mors
2863 2236 3242 2304 jumentorum,
3263 2256 3440 2309 poswa

1882 2319 2118 2383 lillb'lllitl‘,
2162 2318 2282 2371 hinc
2321 2321 2524 2388 grando
2571 2332 2623 2374 et
2673 2323 2824 2392 ignis,
2881 2337 3058 2391 postea
3105 2327 3338 2390 locustae.
3389 2341 3441 2386 et

1883 2412 2110 2466 tenebra:
2138 2414 2440 2482 palpabiles.
2472 2417 2599 2469 Cum
2620 2428 2792 2470 autem
2824 2419 3114 2473 inducenda
3141 2432 3279 2476 esset
3303 2439 3443 2478 mors

1885 2503 2372 2572 piinlogcnitormu,
2399 2507 2653 2574 jubeutur
2697 2508 2971 2562 immolare
3022 2526 3210 2580 agnum
3251 2514 3422 2567 imma-

1879 2592 2132 2658 culatum,
2177 2603 2229 2647 et
2266 2595 2520 2663 inungere
2551 2606 2728 2664 postes
2768 2600 3022 2668 sanguine
3049 2618 3062 2653 :
3090 2617 3258 2671 neque
3299 2606 3438 2658 enim

1882 2679 2165 2734 morituros
2195 2697 2310 2736 esse
2338 2699 2427 2737 eos
2448 2686 2536 2752 qui
2567 2695 2743 2737 essent
2768 2686 2818 2737 in
2841 2701 2900 2740 ea
2929 2687 3105 2752 domo,
3133 2691 3180 2742 in
3204 2707 3302 2760 qua
3326 2710 3440 2748 sau-

1879 2769 1991 2833 guis
2012 2771 2128 2836 agni
2160 2783 2316 2825 esset.
2365 2773 2508 2826 Tunc
2548 2774 2652 2828 illis
2701 2775 2812 2844 lege
2857 2780 3038 2832 statuit
3083 2791 3280 2849 septem
3327 2783 3441 2841 dies

1879 2872 2183 2924 azymorum
2212 2871 2294 2912 :ct
2323 2862 2364 2913 si
2413 2861 2628 2929 ingressi
2667 2862 2857 2918 fuerint
2896 2867 2944 2918 iu
2989 2877 3177 2921 terram
3213 2876 3435 2938 promis-

1880 2947 2059 3012 sionis,
2079 2949 2224 3017 jubet
2255 2951 2392 3006 hunc
2417 2969 2632 3007 scrvare
2675 2956 2891 3009 cultum.
2944 2957 3007 3010 Et
3036 2960 3081 3011 si
3106 2963 3439 3033 interrogave-

1879 3039 1979 3090 rint
2000 3055 2103 3100 vos,
2132 3041 2315 3110 inquit,
2352 3044 2445 3108 ﬁlii
2475 3046 2638 3111 vestri,
2685 3045 2874 3108 dicetis,
2909 3046 3223 3116 Sacri/icium
3254 3057 3441 3121 pose/tn

1882 3129 1973 3181 hoc
2016 3140 2086 3181 est
2131 3130 2343 3184 Domino
2388 3133 2574 3204 (Exod.
2625 3135 2708 3187 12.
2740 3134 2855 3202 27).
2889 3136 3016 3191 Cum
3057 3149 3230 3194 autem
3265 3145 3431 3197 media

1883 3227 2033 3271 nocte
2083 3220 2365 3287 periissent
2411 3225 2586 3274 omnia
2635 3227 2979 3293 primogenita
3035 3225 3434 3298 IEgyptiorum,

1882 3308 2169 3376 abegerunt
2210 3311 2468 3364 lsraclitas
2517 3329 2579 3365 ex
2631 3312 2876 3383 Egypto.
2933 3315 3007 3369 illi
3061 3334 3185 3373 vero
3238 3327 3435 3389 egressi

1883 3408 2018 3462 sunt,
2053 3414 2171 3452 cum
2220 3403 2544 3468 accepissent
2577 3417 2696 3456 vasa
2726 3415 2972 3473 argentea
3005 3417 3056 3460 et
3081 3423 3261 3474 aurea,
3309 3413 3440 3466 ntul-

1885 3499 2094 3558 tumquc
2134 3494 2377 3560 populum
2431 3508 2607 3546 secum
2661 3496 3034 3562 promiscuum,
3085 3508 3136 3550 et
3190 3516 3333 3564 oves,
3387 3515 3440 3557 et

1883 3580 2063 3641 boves,
2091 3590 2143 3634 et
2189 3582 2446 3648 jumenta.
2483 3583 2744 3636 llabitatio
2783 3593 2953 3639 autem
2988 3587 3209 3641 lilioruut
3256 3591 3434 3652 Israel.

1882 3683 1980 3735 qua
2015 3668 2312 3722 habitarunt
2347 3672 2521 3738 ipsiet
2551 3682 2727 3740 patres
2756 3689 2935 3726 eorum
2970 3678 3018 3728 in
3053 3687 3186 3730 terra
3228 3679 3438 3750 .-1£gypti

1880 3766 1932 3811 et
1962 3759 2009 3808 itt
2044 3766 2178 3810 terra
2207 3759 2469 3823 Chanaan,
2517 3760 2612 3813 fuit
2647 3777 2902 3816 annorum
2942 3765 3437 3836 quadringentorum

1882 3855 1933 3899 et
1981 3847 2188 3914 triginta
2234 3849 2330 3917 ((ι).
2365 3849 2429 3902 Ει
2469 3851 2537 3902 ait
2579 3851 2714 3904 Deus
2757 3871 2770 3903 :
2813 3853 3055 3906 Consecra
3097 3867 3144 3907 et
3185 3861 3440 3926 sancti/ira

1883 3937 2004 3987 mihi
2033 3954 2175 3988 omne
2220 3940 2594 4005 primogenitum
2633 3943 2693 3991 ab
2745 3943 2940 3994 homine
2983 3961 3134 4013 usque
3177 3949 3244 3999 ad
3292 3967 3439 4017 pecus

1883 4025 2071 4092 (Exod.
2106 4027 2193 4079 13.
2235 4027 2335 4093 2.),
2388 4029 2506 4094 quia
2548 4030 2738 4082 occidit
2782 4033 3125 4101 primogenita
3169 4037 3444 4108 Egyptio-

1883 4129 2018 4164 rum.
2051 4113 2160 4166 Nett
2194 4113 2338 4166 duxit
2378 4124 2550 4168 autem
2598 4132 2687 4169 eos
2720 4134 2810 4184 per
2841 4119 3151 4188 Phylistiim,
3182 4140 3248 4179 ne
3277 4130 3439 4194 pomi.

1885 4211 2016 4254 teret
2047 4217 2137 4255 eos
2165 4203 2355 4255 belltnn
2382 4204 2636 4266 videntes,
2663 4222 2761 4259 neu
2792 4219 3178 4265 reverterentur
3205 4214 3255 4266 in
3272 4215 3437 4287 IEgy-

1885 4305 2046 4358 ptum,
2080 4294 2169 4346 sed
2205 4307 2294 4359 per
2332 4308 2476 4345 mare
2522 4294 2775 4347 Rubrum.
2806 4297 2990 4363 Quinta
3021 4309 3197 4354 autem
3218 4318 3437 4371 genera-

1884 4383 2024 4434 tione
2054 4383 2405 4434 ascenderunt
2436 4384 2522 4436 lilii
2570 4384 2722 4437 lsrael
2755 4403 2816 4438 cx
2848 4386 3074 4456 r-Egypto
3104 4408 3116 4441 :
3147 4401 3200 4444 et
3239 4398 3441 4464 accepit

1884 4473 2087 4541 Moyses
2110 4474 2482 4540 ossalosephi.
2516 4475 2750 4528 Ducebat
2796 4487 2969 4531 autem
3021 4480 3154 4534 Deus
3196 4482 3438 4538 lsraelcnt

1883 4565 2040 4616 ductu
2073 4565 2203 4631 ignis
2232 4581 2321 4630 per
2351 4573 2578 4629 noctem,
2609 4577 2659 4617 et
2685 4566 2840 4619 ductu
2873 4567 3023 4621 nubis
3065 4585 3158 4635 per
3182 4570 3341 4624 diem.
3380 4575 3442 4628 llt

1884 4667 2055 4705 autent
2089 4655 2392 4720 insequutus
2419 4666 2498 4710 est
2529 4655 2727 4706 Pharao
2760 4665 2956 4707 mutata
2987 4662 3266 4722 sententia,
3300 4663 3439 4733 virga

1887 4744 2140 4808 percussit
2168 4742 2370 4809 ltlnyses
2405 4759 2565 4804 mare,
2594 4752 2644 4794 et
2672 4744 2894 4795 divisum
2937 4756 3016 4797 est
3052 4764 3062 4798 :
3095 4764 3213 4802 cum
3263 4763 3436 4806 autem

1888 4831 2310 4895 pertransiissent
2345 4830 2611 4892 Israelita‘,
2645 4847 2789 4884 mare
2825 4833 3156 4900 conjunctum
3207 4849 3286 4892 est
3315 4857 3441 4894 eon-

1887 4929 1961 4970 tra
1985 4918 2281 4987 Egyptios,
2309 4930 2359 4971 et
2387 4921 2633 4972 demersit
2655 4938 2765 4974 eos.
2801 4923 2862 4974 Et
2883 4926 3068 4976 cecinit
3092 4926 3290 4996 Moyses
3315 4946 3442 4984 can-

1888 5015 2066 5074 ticum,
2093 5012 2281 5065 cecinit
2304 5022 2353 5064 et
2385 5013 2540 5066 Maria
2571 5029 2688 5066 cum
2727 5015 3050 5070 mulieribus.
3088 5018 3352 5075 Venerunt
3393 5042 3442 5079 in

1949 5164 2019 5224 (α)
2057 5164 2546 5230 Cum_l_1_isro_nsimant
2569 5180 2676 5226 quae
2695 5167 2814 5215 dixit
2838 5170 2882 5216 in
2908 5169 3100 5217 llomilia
3140 5173 3197 5219 37
3226 5176 3268 5220 in
3292 5183 3444 5224 Cene-

1884 5229 1988 5281 sim,
2016 5234 2145 5271 Tom.
2176 5226 2252 5283 ιν,
2278 5226 2375 5289 eol._
2393 5226 2502 5289 5115,
2530 5241 2676 5289 annos
2701 5242 2874 5288 nempe
2893 5231 3270 5289 quadringentos
3290 5243 3444 5284 servi-

1886 5289 2024 5355 tutis,
2052 5300 2172 5357 quos
2209 5287 2378 5332 semini
2426 5287 2620 5334 Abrahae
2661 5287 2882 5357 pra‘tlix'it
2912 5287 3039 5338 Deus
3073 5287 3242 5340 Cenes.
3273 5297 3346 5351 15,
3374 5300 3448 5357 15,

1887 5348 2177 5412 ittCipictttlos
2200 5361 2224 5392 a
2249 5354 2482 5412 tempore,
2509 5350 2836 5412 qnoabraltze
2874 5351 3157 5408 imperatum
3193 5363 3283 5412 est,
3310 5348 3361 5406 ut
3386 5348 3449 5408 ei

1886 5406 2091 5477 Charran
2127 5405 2463 5477 egrederetur.
2506 5405 2877 5477 Quadringentos
2901 5405 3050 5461 annos
3088 5426 3147 5460 eo
3180 5405 3282 5463 loco
3319 5405 3449 5477 dicit,

1885 5472 1992 5526 quia
2016 5467 2345 5528 quadringenti
2375 5475 2553 5514 tantum
2579 5467 2793 5516 feruntur
2828 5474 2873 5516 iu
2909 5479 3047 5520 textu
3073 5483 3334 5524 Genescos.
3373 5467 3453 5528 1ιίιῖ

1885 5541 2002 5596 vero
2037 5527 2412 5596 quadringentos
2437 5529 2626 5596 triginta
2651 5538 2944 5596 statuutrum
2990 5539 3036 5580 Β.
3066 5535 3202 5582 Paulo
3229 5543 3271 5596 El
3292 5540 3368 5586 ist.
3393 5527 3451 5579 ad

1886 5587 2079 5656 Galatas,
2103 5588 2182 5656 ubi
2208 5591 2287 5655 ait,
2315 5601 2340 5634 a
2362 5587 2671 5646 promissione
2700 5592 2894 5656 Alirahte
2919 5592 3037 5640 facta
3060 5597 3114 5641 ad
3142 5587 3292 5656 usque
3330 5607 3452 5646 tem-

1888 5662 1975 5707 pus
1997 5649 2120 5694 datas.
2146 5649 2285 5705 legis,
2312 5661 2460 5713 annos
2485 5663 2594 5713 esse
2617 5652 2991 5713 quadringentos
3016 5649 3226 5713 triginta:
3243 5659 3346 5712 Quo
3370 5671 3451 5702 au-

1891 5718 1988 5815 ten;
2016 5718 2149 5815 pactp
2175 5710 2455 5817 quisierant“
2479 5711 2574 5759 sint
2595 5713 2703 5760 anni
2727 5710 3039 5773 illipdiximus
3055 5710 3232 5766 ibidem
3250 5710 3300 5767 in
3323 5725 3453 5772 nota,

1895 5779 1927 5816 Τ
1993 5778 2038 5817 \'.
2066 5784 2118 5817 CU
2145 5808 2152 5817 .
2271 5804 2280 5815 .

1895 5779 1927 5816 ϊ
1972 5775 2038 5827 ιγ,
2066 5771 2152 5818 col.
2175 5771 2280 5817 310.
