3990 6446
505 460 612 514 327

512 559 767 623 Marrltas,
803 555 888 611 ubi
929 566 1104 606 atnan
1148 558 1260 604 erat
1294 564 1464 619 aqua,
1507 559 1560 602 et
1598 547 1799 600 dulcem
1840 544 2064 598 reddidit

513 650 656 704 illam
697 647 899 717 Moyses
947 659 1042 711 per
1081 643 1295 712 lignum.
1356 640 1620 692 Venerunt
1672 637 1721 689 in
1772 637 1941 688 locum
1980 635 2066 687 ubi

517 733 960 793 erantduodecim
993 732 1179 795 fontes,
1226 739 1277 784 et
1304 730 1627 796 septuaginta
1661 725 1847 794 palmte
1880 741 1892 774 :
1925 724 2069 776 locus

516 836 688 881 autem
714 825 996 879 vocabatur
1038 823 1186 874 Elim.
1237 818 1361 872 lnde
1407 824 1662 871 venerunt
1707 815 1757 866 in
1804 813 2068 866 desertmn

515 926 652 970 ιηιει·
677 913 810 968 Elim
842 921 894 966 et
912 912 1056 965 Sina.
1085 909 1231 963 Tunc
1263 914 1715 960 murmuraverunt
1759 903 1808 954 in
1861 903 2071 953 deserto

518 1004 788 1066 Israelita,
814 1015 999 1055 carnes
1020 998 1370 1067 postulantes.
1393 994 1536 1048 Tune
1567 992 1695 1060 pluit
1733 991 1834 1044 illis
1860 1003 2069 1042 manna.

520 1092 718 1148 Deinde
755 1091 927 1144 intulit
965 1086 1304 1140 coturnicem.
1349 1084 1442 1136 llie
1489 1082 1628 1134 circa
1669 1093 1881 1142 manna,
1934 1076 2070 1145 quod

519 1196 640 1235 cum
669 1179 886 1234 multum
931 1184 1061 1236 erat,
1107 1189 1207 1225 non
1261 1169 1602 1232 redundabat,
1662 1181 1781 1220 cum
1834 1179 2070 1233 parvum,

521 1285 627 1324 non
651 1267 939 1328 deficiebat,
966 1264 1118 1332 jussit
1148 1261 1275 1316 nihil
1308 1259 1528 1326 relinqui
1560 1258 1611 1310 in
1650 1256 1953 1310 crastinum.
1994 1253 2074 1306 illi

521 1373 648 1412 vero
672 1371 774 1410 non
802 1361 1104 1424 paruerunt,
1134 1361 1185 1405 et
1218 1348 1355 1419 quod
1387 1347 1650 1401 residuum
1685 1345 1777 1398 fuit
1809 1342 2076 1396 vermibus

522 1445 773 1499 scatebat.
809 1443 963 1505 Dixit,
991 1440 1064 1493 Ne
1087 1437 1425 1507 egrediamini
1455 1435 1519 1488 ad
1561 1432 1910 1500 colligendum
1952 1430 2072 1482 sab-

526 1536 689 1587 bato:
723 1532 796 1586 illi
823 1545 945 1585 vero
977 1543 1144 1597 neque
1178 1528 1227 1579 in
1260 1526 1358 1578 hoc
1383 1522 1659 1590 obseqnuti
1698 1529 1838 1581 sunt,
1879 1527 1930 1570 et
1959 1533 2078 1569 cum

520 1622 724 1692 egressi
746 1633 945 1682 essent,
976 1618 1103 1671 nihil
1134 1618 1464 1669 invenerunt.
1481 1613 1638 1669 anet
1661 1611 1864 1679 Moyses
1887 1609 1934 1660 in
1958 1621 2081 1659 vase

527 1728 690 1767 aureo
714 1711 895 1779 reponi
913 1725 974 1762 ex
994 1722 1180 1761 manna
1198 1709 1248 1758 in
1269 1706 1466 1758 laturas
1487 1704 1868 1771 generationes.
1894 1698 2078 1749 Manna

528 1815 655 1854 vero
679 1798 1020 1854 comederunt
1043 1795 1381 1863 quadraginta
1415 1791 1587 1844 annis.
1615 1790 1760 1842 Tunc
1784 1802 2081 1842 murmura-

527 1897 719 1944 verunt
743 1889 810 1941 ob
825 1889 987 1942 sitim.
1013 1886 1077 1937 Et
1101 1883 1355 1952 percussit
1379 1881 1582 1949 Moyses
1604 1887 1824 1946 petram,
1857 1874 2084 1940 exiitque

531 1995 685 2048 aqua.
716 1978 866 2031 Venit
893 1975 1107 2029 Amalec
1147 1974 1388 2025 bellatum
1424 1977 1603 2022 contra
1635 1966 1876 2020 lsraelctn
1911 1981 1923 2015 :
1956 1971 2005 2015 et
2034 1962 2083 2014 iu

532 2070 706 2138 fugam
751 2068 896 2120 illum
949 2065 1102 2117 vertit
1143 2062 1294 2115 Jesus
1347 2059 1481 2111 ﬁlius
1525 2057 1792 2110 Navezae
1837 2051 2086 2121 quamdiu

533 2169 685 2214 erant
710 2172 894 2212 manus
920 2154 1109 2223 Moysis
1127 2161 1332 2213 ereetzr,
1359 2149 1636 2216 superabat
1666 2145 1852 2207 Israel;
1880 2140 2088 2210 quando

532 2257 704 2300 autem
727 2243 1029 2298 demittebat
1053 2255 1162 2302 eas,
1188 2237 1550 2306 superabatur.
1579 2233 1703 2285 lilnd
1737 2246 1855 2283 vero
1882 2230 2084 2296 signum

532 2346 652 2389 erat
678 2335 867 2387 crucis.
901 2329 1321 2397 Stabantquippe
1349 2330 1523 2378 Aaron
1560 2334 1610 2376 ct
1646 2324 1716 2375 Ur
1749 2322 1832 2387 qui
1865 2319 2092 2371 sustinc~

534 2434 648 2479 rent
676 2438 859 2476 manus
885 2421 1066 2490 Moysi.
1098 2420 1235 2472 Dixit
1261 2428 1431 2469 autem
1461 2415 1710 2467 Dominus
1729 2413 1791 2463 ad
1812 2411 2040 2479 Moysem
2073 2425 2086 2458 :

537 2515 712 2570 Scribe
754 2514 845 2564 hoc
881 2513 928 2562 in
968 2517 1334 2562 monumentum
1381 2507 1430 2558 in
1476 2505 1598 2557 libro
1627 2502 1818 2571 (Exod.
1863 2502 1946 2553 l7.
1981 2496 2087 2567 Η).

535 2603 752 2658 Accedit
796 2601 980 2656 Jolhor
1004 2615 1154 2654 Socer
1179 2599 1368 2667 Moysis
1411 2612 1527 2649 cum
1572 2610 1734 2646 uxore
1771 2594 1886 2660 ejus
1921 2592 2094 2659 (gene-

537 2709 654 2748 rum
681 2702 850 2746 autem
883 2693 1025 2743 illum
1081 2697 1268 2756 praeter
1311 2701 1459 2739 usum
1505 2695 1655 2737 vocat
1705 2681 1996 2749 Scriptura)
2040 2689 2093 2733 et

539 2781 702 2852 Moysi
725 2791 779 2836 et
805 2779 992 2848 populo
1010 2777 1106 2846 (ιι).
1137 2777 1356 2830 Enarrat
1372 2773 1625 2826 mirabilia
1645 2771 1848 2840 Moyses
1871 2783 2054 2823 socero
2077 2785 2090 2819 :

540 2876 630 2930 ille
654 2889 778 2928 vero
807 2873 1023 2926 miratus
1049 2879 1148 2924 est.
1180 2869 1247 2922 Ut
1283 2877 1456 2920 autem
1484 2865 1610 2918 vidit
1637 2872 1800 2917 totum
1842 2862 2089 2930 populum

539 2963 703 3034 Moysi
731 2963 1044 3023 adstantem,
1074 2960 1216 3013 illum
1254 2971 1374 3010 vero
1403 2972 1505 3008 non
1551 2969 1703 3022 posse
1751 2968 1872 3020 erga
1911 2963 2095 3003 omnes

538 3053 787 3122 judicium
815 3066 1082 3115 exercere,
1128 3056 1308 3101 auctor
1335 3055 1415 3100 est
1465 3045 1539 3098 illi
1588 3058 1760 3105 socer,
1802 3051 1857 3093 ιιι
1902 3040 2096 3106 deligat

545 3144 687 3196 viros
737 3151 994 3210 potentes,
1045 3138 1339 3205 religiosos,
1392 3135 1580 3202 justus,
1635 3132 1872 3184 odientes
1909 3143 2096 3195 super-

542 3234 702 3294 biam,
725 3241 773 3284 et
794 3229 1076 3282 constituat
1101 3240 1192 3279 eos
1210 3223 1550 3286 millenarios,
1569 3218 1917 3278 centenarias,
1938 3216 2060 3283 quin
2075 3244 2095 3253 -

547 3319 910 3389 quagenarios,
961 3314 1269 3370 decuriones
1300 3310 1493 3379 (Exod.
1540 3308 1623 3361 18.
1671 3305 1782 3374 2t).
1816 3304 2100 3371 Obtempe-

542 3412 676 3466 ravit
700 3412 747 3462 ei
778 3410 1005 3478 Moyses,
1031 3417 1084 3459 et
1113 3403 1351 3458 ascendit
1378 3401 1429 3453 itt
1457 3408 1708 3452 montem.
1740 3395 2099 3462 hat-cepitque

545 3504 596 3557 ei
623 3503 759 3556 Detts
789 3508 845 3552 ut
874 3499 1063 3566 popqu
1093 3497 1309 3553 diceret,
1343 3504 1436 3543 eos
1461 3490 1661 3540 futuros
1687 3487 1778 3539 Dei
1810 3486 1984 3552 regale
2012 3499 2096 3536 sa-

545 3588 858 3650 cerdotium,
887 3592 1092 3655 gentem
1127 3587 1380 3639 sanetam,
1429 3578 1472 3629 si
1518 3573 1829 3627 obedierint.
1862 3572 1935 3622 Illi
1974 3585 2100 3623 vero

544 3680 822 3734 dixerunt:
851 3674 1030 3726 Umnia
1065 3682 1382 3739 qutt'cumque
1419 3665 1544 3717 dixit
1592 3663 1747 3724 Deus,
1791 3664 2025 3731 faciemus
2056 3670 2100 3711 et

545 3769 804 3823 audiemus
851 3761 1041 3835 (Exod.
1090 3760 1177 3814 l9.
1214 3757 1290 3828 8).
1335 3756 1481 3809 Tunc
1511 3752 1747 3822 praecipit
1788 3751 2000 3819 populo,
2047 3757 2104 3800 ut

550 3858 852 3928 puriﬁcetur
898 3866 1061 3920 usque
1111 3849 1176 3902 ad
1233 3847 1440 3901 tertium
1471 3845 1630 3907 diem,
1669 3851 1722 3896 et
1772 3841 1909 3894 lavet
1947 3839 2106 3892 vesti-

551 3927 726 4002 iuenta
753 3959 864 3998 sua.
893 3941 986 3994 llic
1014 3940 1209 3992 dictum
1254 3946 1333 3988 est
1363 3933 1484 3987 illud
1532 3930 1668 4000 quod
1714 3930 1933 3982 habetur
1967 3927 2102 3995 apud

553 4024 1184 4106 ApostoluminEpistola
1233 4027 1296 4078 ad
1316 4024 1592 4078 Hebraeos:
1631 4021 1690 4073 Si
1727 4021 1934 4088 tetigerit
1965 4034 2107 4070 mon-

552 4135 669 4186 tem,
698 4115 1197 4188 lupidabitur-(llebr.
1220 4113 1300 4166 l2.
1325 4110 1599 4178 20).Tunc
1623 4122 1772 4160 mons
1799 4106 2103 4178 fumigabat,

553 4225 708 4265 voces
731 4211 966 4262 tubarum
992 4203 1266 4257 sonabant.
1300 4200 1446 4252 Tunc
1486 4207 1741 4264 praecepta
1773 4196 1902 4265 legis
1921 4196 2108 4262 accipit

553 4300 781 4368 Moyses,
823 4309 1010 4362 nempe
1035 4291 1362 4358 decalogum,
1383 4295 1437 4340 et
1466 4287 1661 4352 reliqua
1692 4285 1832 4352 jura.
1858 4284 1984 4336 Illud
2009 4298 2106 4335 au-

559 4399 687 4452 tem,
713 4385 820 4438 Diis
841 4400 938 4436 non
969 4380 1228 4434 maledires
1265 4376 1454 4448 (Ea'od.
1475 4373 1564 4426 22.
1587 4373 1701 4442 28),
1726 4389 1828 4426 non
1863 4373 1926 4426 de
1957 4371 2106 4424 idolis

557 4478 754 4533 dictum
785 4483 886 4538 est,
928 4471 1020 4526 sed
1050 4471 1116 4524 de
1145 4467 1460 4537 principibus
1492 4481 1504 4514 :
1538 4463 1713 4516 subdit
1743 4464 1879 4513 enim
1911 4478 1924 4512 :
1953 4461 2106 4513 Prin-

557 4567 656 4638 cipi
688 4563 859 4636 populi
905 4562 976 4613 tui
1003 4557 1425 4632 nanmtaledices.
1468 4553 1746 4607 l’ollicetur
1793 4551 1948 4602 multa
1983 4549 2108 4617 ipsis

557 4661 712 4720 bona,
741 4655 784 4707 si
813 4645 1288 4714 obedierintzquod
1310 4653 1492 4714 gentes
1521 4644 1621 4695 sint
1654 4639 1969 4708 superaturi,
2006 4649 2110 4691 ter-

559 4763 670 4800 ram
697 4741 1018 4814 pOSsessuri;
1049 4737 1323 4806 pollicetur
1352 4736 1480 4787 item
1509 4747 1696 4800 aquam
1729 4746 1909 4784 eorum
1951 4729 2110 4784 bene-

561 4835 756 4887 dictum
801 4831 883 4893 iri,
915 4839 966 4882 et
993 4839 1204 4895 panem,
1248 4823 1389 4876 omni
1421 4822 1607 4874 morbo
1657 4819 1954 4874 liberandos
1996 4817 2113 4869 illos

562 4937 700 4987 esse,
730 4935 832 4973 non
863 4920 1083 4972 futuram
1108 4916 1340 4972 sterilem
1367 4928 1482 4969 esse
1504 4915 1553 4967 in
1578 4913 1700 4978 illis,
1723 4926 1890 4980 neque
1907 4911 2110 4972 orbum,

561 5026 731 5081 neque
757 5011 1086 5066 immaturam
1120 5017 1364 5069 mortem,
1394 5005 1644 5060 terminos
1669 5017 1851 5057 eorum
1890 5015 1947 5054 se
1972 5001 2112 5068 posi-

562 5116 734 5157 turum
773 5115 888 5154 esse
930 5114 957 5150 a
995 5097 1124 5149 mari
1168 5095 1346 5147 Rubro
1393 5109 1556 5161 ustlue
1599 5093 1663 5145 ad
1707 5091 2112 5161 l’hylistittorunt

561 5202 781 5255 terram,
808 5202 835 5239 a
865 5188 1074 5241 deserto
1104 5199 1267 5250 usque
1292 5182 1354 5236 ad
1387 5182 1726 5247 Euphratem.
1750 5181 1892 5231 'l‘unc
1932 5179 2117 5231 itnmo—

561 5282 687 5337 lavit
715 5279 940 5350 Moyses,
961 5286 1010 5330 et
1033 5275 1305 5330 dimidium
1330 5272 1598 5339 sanguinis
1620 5272 1799 5323 elludit
1827 5272 1890 5323 ad
1909 5270 2072 5322 altare
2101 5287 2114 5322 :

565 5370 928 5437 aceipiensque
969 5366 1270 5432 sanguinem
1318 5363 1547 5427 aspersit
1603 5359 1870 5426 populum.
1920 5359 2117 5412 llorum

571 5460 806 5514 meminit
837 5455 1026 5510 Paulus
1053 5455 1103 5507 in
1133 5451 1365 5520 Epistula
1393 5451 1457 5502 ad
1485 5449 1734 5504 llebratos
1762 5447 1942 5499 dicens
1970 5465 1982 5499 :
2014 5448 2120 5499 Ne—

565 5568 660 5620 que
682 5550 896 5619 primum
926 5548 1288 5600 Testamentum
1314 5542 1420 5594 sine
1456 5539 1696 5607 sanguine
1738 5548 2022 5588 reuovuttun
2053 5549 2123 5589 est

623 5683 694 5741 (a)
727 5686 864 5738 ηερ,
898 5684 942 5726 et
981 5675 1128 5739 Moysi
1163 5680 1207 5724 et
1239 5672 1434 5736 populo,
1469 5670 1688 5721 videatur
1727 5668 1957 5718 mendose
2000 5677 2126 5724 irre-

567 5756 581 5802 t
623 5745 736 5795 isse.

1292 436 1346 493 S.
1387 437 1659 492 JOANNIS
1689 434 2150 490 CliRYSOSTOMI
2176 434 2484 489 ARCllIEP.
2526 435 3047 490 CONSTANTINOP‘.

3622 451 3734 504 328

2171 542 2350 610 (Hebr.
2374 544 2558 612 9.18).
2591 542 2813 596 Jubctur
2845 544 3047 612 Moyses
3079 543 3369 597 ascendere
3404 551 3457 596 et
3486 542 3726 608 accipere

2169 631 2390 684 tabulas.
2415 631 2477 683 Et
2505 640 2617 684 erat
2641 632 2709 682 ibi
2730 632 3067 699 quadraginta
3095 632 3279 685 diebus
3308 642 3358 685 et
3384 631 3724 700 quadraginta

2171 719 2429 774 noctibus.
2464 719 2672 771 Audirit
2719 730 2892 772 autem
2938 720 3333 786 dispositionem
3382 720 3724 780 tabernaculi,

2171 816 2222 858 et
2251 821 2434 859 eorum
2464 821 2581 872 quae
2619 807 2673 859 in
2709 807 2822 874 ipso
2859 805 3276 868 continebantur,
3311 816 3364 860 et
3388 807 3728 860 sacerdotalis

2172 895 2412 958 amictus,
2443 902 2496 946 et
2525 895 2783 947 unctionis
2820 893 3169 955 sacerdotum,
3203 902 3255 946 et
3285 894 3726 960 redemptionmu.

2176 982 2296 1036 Ihuc
2321 998 2444 1037 vero
2469 991 2617 1036 erant
2646 993 2701 1036 ut
2737 983 2926 1052 singuli
2965 983 3231 1036 dimidiam
3274 983 3558 1036 didracbmi
3605 998 3726 1050 par-

2177 1084 2279 1126 tem
2309 1074 2510 1135 darent,
2555 1073 2606 1126 id
2652 1083 2752 1137 est,
2797 1075 2981 1127 obolos
3018 1074 3220 1127 decem.
3265 1074 3331 1126 Et
3370 1074 3436 1126 de
3466 1075 3730 1139 composi-

2177 1163 2316 1216 tione
2343 1163 2440 1216 olei
2476 1163 2729 1230 pra-cipit,
2771 1164 2904 1216 etde
2945 1164 3309 1216 observatione
3347 1163 3569 1215 sabbati.
3591 1163 3734 1215 Con-

2176 1251 2391 1320 veniunt
2434 1250 2680 1306 lsraelitae
2705 1260 2887 1305 contra
2930 1252 3190 1305 Aaronem
3216 1260 3267 1304 et
3292 1250 3345 1302 in
3383 1249 3734 1304 idololatriam

2180 1342 2432 1396 incidunt.
2463 1339 2608 1394 Tunc
2648 1342 2721 1397 ait
2749 1342 2886 1396 Deus
2927 1341 3088 1410 Moysi
3119 1358 3132 1393 :
3162 1343 3286 1395 Sine
3330 1357 3424 1404 me,
3475 1350 3530 1392 et.
3561 1340 3735 1393 delebo

2178 1447 2281 1492 eos,
2310 1439 2355 1482 et
2381 1431 2562 1499 {eciam
2605 1440 2652 1482 te
2690 1431 2742 1482 in
2771 1439 2962 1499 gentem
2997 1446 3226 1482 marinam
3266 1428 3455 1497 (Exod.
3488 1428 3575 1481 3‘2.
3621 1430 3731 1496 10).

2182 1521 2249 1574 Ut
2277 1530 2451 1573 autem
2482 1520 2807 1575 descendens
2832 1521 3038 1589 Moyses
3072 1519 3197 1571 vidit
3233 1518 3452 1570 vitulum
3485 1527 3536 1571 et
3563 1533 3735 1585 popu-

2183 1612 2286 1663 lum
2319 1610 2606 1672 ludentem,
2644 1610 2859 1678 projecit
2885 1620 2937 1662 et
2969 1609 3214 1664 contrivit
3250 1609 3466 1670 tabulas,
3499 1609 3738 1674 inerepa-

2184 1708 2256 1748 v.t
2285 1700 2566 1759 Aaronem,
2595 1698 2839 1764 prmcepit
2864 1698 2981 1750 liliis
3010 1695 3133 1751 Levi
3170 1697 3527 1759 venientibus;
3553 1695 3681 1748 dixit
3720 1713 3734 1748 :

2186 1785 2244 1838 Si
2268 1787 2376 1852 quis
2408 1785 2474 1837 ad
2515 1785 2800 1849 Dominum,
2836 1787 2995 1837 veniat
3030 1785 3095 1835 ad
3137 1800 3232 1846 me,
3269 1793 3320 1835 ut
3357 1784 3547 1835 occidat
3577 1800 3736 1835 unus-

2185 1875 2386 1942 quisque
2413 1877 2617 1940 fratrem
2644 1889 2788 1924 suum
2815 1883 2858 1924 et
2877 1874 3154 1941 proximum
3175 1887 3317 1922 suum
3343 1887 3360 1923 :
3385 1881 3430 1923 et
3456 1872 3738 1923 ceciderunt

2186 1973 2282 2014 tres
2304 1963 2438 2014 mille
2464 1962 2553 2013 viri
2582 1961 2770 2030 (Exod.
2801 1961 2867 2013 52
2917 1960 2985 2013 26
3024 1960 3219 2027 —28).
3264 1959 3410 2012 Tunc
3452 1959 3743 2013 ascendens

2188 2054 2388 2122 Moyses
2415 2053 2547 2106 dixit
2576 2053 2683 2105 Deo
2712 2070 2723 2103 :
2758 2052 2816 2104 Si
2858 2052 3051 2117 quidem
3081 2050 3286 2101 dimittis
3330 2049 3431 2104 illis
3457 2059 3737 2116 peccatum,

2189 2145 2415 2206 dimitte;
2452 2146 2529 2196 sin
2568 2144 2748 2196 minus.
2781 2142 2888 2193 dele
2926 2157 3002 2196 me
3030 2142 3090 2192 de
3129 2141 3272 2204 libro,
3315 2155 3458 2207 quem
3496 2139 3741 2204 scripsisti

2195 2234 2382 2301 (Exod.
2411 2235 2496 2286 59..
2521 2235 2604 2285 5L
2638 2234 2749 2302 52).
2781 2232 2926 2287 Tunc
2959 2232 3099 2285 ﬂevit
3126 2231 3366 2298 populus,
3387 2240 3436 2282 et
3461 2230 3636 2297 jussus
3660 2240 3746 2283 est

2190 2324 2453 2389 deponere
2474 2333 2712 2374 ornatum
2736 2338 2903 2374 suum.
2938 2321 3032 2373 llic
3051 2320 3243 2372 dictum
3267 2319 3364 2370 fuit
3390 2335 3404 2370 :
3432 2318 3494 2369 Et
3511 2320 3747 2386 loquutus

2189 2421 2259 2463 est
2291 2410 2530 2463 Dominus
2578 2410 2642 2459 ad
2688 2409 2928 2476 Moysem,
2968 2408 3108 2475 quasi
3152 2408 3194 2457 si
3235 2406 3342 2474 quis
3393 2405 3620 2473 loquatur
3672 2408 3743 2456 ad

2193 2501 2403 2553 anticum
2430 2516 2571 2554 suum
2597 2497 2785 2569 (Exod.
2818 2499 2900 2550 35.
2938 2499 3045 2565 ll).
3069 2497 3219 2558 lesus
3246 2505 3415 2548 autem
3446 2496 3578 2547 lilius
3603 2494 3748 2548 Nate

2197 2609 2296 2645 non
2323 2591 2686 2660 egrediebatur
2707 2604 2776 2642 ex
2800 2588 3152 2643 tabernaculo.
3181 2588 3328 2642 Tunc
3358 2596 3502 2654 rogat
3542 2587 3748 2655 Moyses

2197 2682 2380 2744 Deum,
2410 2689 2464 2731 nt
2494 2694 2594 2730 non
2624 2677 2946 2744 derelinquat
2975 2675 3240 2742 populum,
3268 2683 3320 2726 et
3339 2675 3524 2726 dolatis
3541 2675 3746 2726 duabus

2194 2771 2404 2833 tabulis,
2439 2769 2636 2835 accrpit
2675 2767 2999 2833 deealognnt,
3047 2764 3320 2817 transactis
3366 2779 3568 2814 rursum
3615 2779 3711 2829 qua
3738 2794 3749 2802 -

2194 2861 2430 2929 (litigium
2460 2859 2642 2911 diebus
2672 2866 2722 2908 et
2769 2855 3106 2924 quadraginta
3146 2854 3403 2906 noctibus.
3444 2854 3750 2921 l’rtecipitur

2197 2961 2368 3003 autem
2401 2950 2495 3016 ipsi
2526 2949 2711 3000 iterum
2755 2945 2818 2998 de
2848 2945 3055 3012 pascha,
3089 2944 3155 2999 de
3186 2944 3424 3008 sabbato,
3463 2943 3529 2996 de
3571 2953 3753 2995 exter-

2198 3038 2456 3092 minaudis
2476 3037 2704 3105 gentium
2725 3035 2842 3098 diis,
2860 3033 2923 3086 de
2940 3033 3293 3101 primogenitis
3317 3031 3411 3098 ipsi
3431 3032 3753 3084 sanctiﬁcan-

2199 3129 2296 3180 dis.
2331 3127 2422 3180 llic
2449 3127 2656 3194 legitur,
2683 3125 2912 3194 Moysem
2945 3138 3060 3176 cum
3108 3122 3223 3173 velo
3260 3121 3526 3188 loquutum
3559 3120 3754 3185 populo

2199 3233 2343 3279 esse;
2375 3217 2510 3284 quod
2538 3216 2600 3268 ad
2630 3215 2930 3268 Corinthios
2959 3211 3185 3267 secunda
3220 3212 3290 3266 ait
3321 3211 3506 3262 Paulus
3533 3210 3603 3277 (2.
3634 3209 3753 3261 Cor.

2201 3310 2255 3363 5.
2289 3310 2392 3376 1'3).
2419 3307 2564 3360 Tune
2600 3305 2700 3358 illis
2728 3314 3044 3372 prcccepttun
3075 3311 3154 3355 est
3182 3301 3247 3354 de
3279 3300 3517 3360 sabbato,
3544 3299 3609 3349 de
3637 3311 3752 3351 tua-

2204 3402 2329 3450 t.:ria
2369 3397 2432 3448 ad
2467 3394 2785 3449 tabernaculi
2824 3392 3265 3445 constructionem
3309 3385 3618 3446 adhibenda,
3655 3385 3758 3437 hoc

2202 3496 2300 3547 est,
2327 3484 2393 3537 de
2421 3497 2569 3545 auro,
2599 3482 2665 3533 de
2686 3495 2810 3543 tere,
2843 3479 2907 3531 de
2933 3477 3152 3543 capillis,
3182 3475 3351 3540 deque
3377 3475 3572 3540 reliqua
3596 3482 3756 3526 mate-

2204 3573 2296 3623 ria.
2330 3569 2394 3622 Et
2429 3569 2501 3622 illi
2533 3568 2742 3636 quidem
2769 3582 2886 3620 cum
2930 3579 3112 3632 magna
3152 3562 3437 3615 all'erebant
3463 3561 3752 3622 alacritate,

2203 3661 2270 3712 ita
2302 3671 2356 3712 ut
2383 3657 2729 3716 redundaret;
2772 3663 3018 3722 operatus
3068 3661 3242 3703 autem
3291 3662 3371 3703 est
3417 3649 3646 3702 Beseleel
3691 3648 3777 3701 de.

2205 3749 2341 3801 tribu
2365 3745 2517 3808 Juda,
2558 3754 2609 3798 et
2647 3743 2795 3797 Eliab
2821 3745 2884 3794 de
2921 3742 3052 3793 tribu
3085 3741 3190 3791 Dan
3220 3739 3394 3792 omnia
3440 3737 3505 3790 ad
3539 3753 3760 3805 appara-

2206 3850 2315 3892 tum
2369 3837 2697 3900 necessaria;
2743 3845 2796 3889 et
2840 3833 3224 3888 tabernaculum
3280 3831 3443 3894 stetit,
3490 3830 3762 3896 nubesque

2206 3929 2410 3997 operuit
2436 3926 2580 3980 illud.
2609 3925 2756 3992 Quod
2787 3933 2960 3976 autem
3003 3924 3295 3988 impensum
3348 3920 3437 3972 fuit
3471 3919 3534 3972 ad
3576 3936 3758 3986 opera,

2207 4020 2316 4071 auri
2347 4017 2559 4085 quidem
2585 4015 2763 4082 viginti
2788 4029 2974 4066 novem
3006 4013 3192 4065 talenta
3215 4021 3264 4064 et
3286 4010 3398 4064 sicli
3425 4010 3760 4076 septingenti,

2207 4104 2409 4173 argenti
2433 4105 2623 4157 talenta
2654 4111 2885 4166 centum,
2908 4100 3020 4151 sicli
3043 4100 3162 4162 772,
3196 4098 3313 4150 aeri.
3333 4099 3523 4149 talenta
3552 4107 3764 4164 septua-

2207 4196 2369 4262 ginta,
2401 4204 2454 4248 ct
2480 4193 2560 4246 bis
2587 4192 2729 4244 inille
2758 4189 3024 4258 quingenti
3054 4189 3187 4242 sicli.

2534 4333 2824 4384 strrtcus,
2864 4333 3014 4372 LIBElt
3052 4331 3275 4371 manus
3312 4315 3410 4384 (a).

2282 4455 2544 4507 Leviticus
2566 4463 2780 4506 vocatur
2819 4451 2902 4504 hie
2939 4451 3090 4515 liber,
3119 4451 3238 4517 quia
3281 4448 3492 4516 proprie
3517 4455 3570 4500 et
3602 4462 3779 4515 pecu--

2214 4544 2408 4596 liariter
2437 4551 2593 4593 totam
2623 4539 2836 4593 Levitici
2874 4539 3146 4591 ministerii
3182 4539 3399 4590 formam
3425 4535 3680 4597 continet,
3712 4544 3771 4588 et

2213 4651 2315 4702 quo
2346 4643 2495 4700 pacto
2516 4633 2759 4683 Aaronet
2799 4628 3015 4695 liliiejns
3037 4644 3099 4680 ex
3128 4626 3260 4678 tribu
3288 4624 3409 4677 Levi
3441 4624 3492 4676 in
3520 4621 3774 4676 sacerdo-

2215 4733 2292 4775 tes
2313 4722 2463 4775 clecti
2493 4723 2668 4788 utique
2707 4720 2918 4779 fuerint,
2944 4728 2996 4771 et
3038 4715 3287 4784 quidquid
3329 4713 3646 4768 discriminis
3691 4721 3774 4764 est

2217 4814 2355 4866 inter
2384 4811 2635 4865 sacriﬁcia
2661 4821 2713 4863 et
2737 4810 3047 4871 oblationes,
3081 4817 3130 4858 et
3170 4805 3338 4872 qualis
3377 4805 3446 4856 sit
3497 4803 3775 4856 universus

2216 4919 2484 4957 sacrorum
2514 4903 2702 4962 cultus,
2729 4900 3152 4966 sacerdotaleque
3182 4896 3547 4949 ministerium.
3576 4893 3776 4947 Deinde

2217 4996 2469 5061 cujusque
2494 4990 2733 5043 saerilicii
2763 4990 2928 5056 legem
2955 4987 3196 5055 exponit;
3229 4997 3336 5037 tum
3365 4984 3479 5051 ejus
3503 4981 3642 5050 quod
3670 4996 3765 5047 pro

2219 5085 2408 5145 salute,
2450 5089 2557 5132 tum
2606 5081 2720 5146 ejus
2749 5079 2887 5145 quod
2936 5093 3030 5144 pro
3074 5077 3294 5139 delicto,
3338 5075 3447 5127 sive
3484 5081 3776 5140 spontaneo

2223 5175 2330 5227 sive
2353 5171 2717 5232 involuntario,
2735 5179 2787 5222 et
2805 5185 2909 5237 quo
2927 5178 3074 5235 pacto
3091 5168 3290 5234 singula
3309 5162 3581 5219 dividenda
3603 5161 3708 5214 sint
3723 5169 3782 5214 et

2226 5264 2514 5320 referenda.
2546 5263 2828 5315 Enarratur
2857 5262 3012 5313 etiam
3042 5260 3093 5310 in
3125 5260 3222 5310 hoc
3263 5257 3394 5308 libro
3441 5252 3630 5304 smnmi
3681 5265 3770 5304 sa-

2226 5357 2474 5419 cerdotis,
2527 5355 2849 5420 aliorumque
2894 5351 3225 5404 sacerdotum
3280 5346 3455 5399 unctio
3488 5361 3500 5396 :
3529 5343 3592 5395 ad
3641 5343 3776 5406 hmc,

2291 5485 2362 5544 (η)
2382 5490 2489 5529 "me
2503 5487 2598 5544 tota
2616 5483 2805 5530 Levitiei
2820 5481 3037 5544 Synepsis
3048 5477 3344 5544 desideratur
3366 5474 3409 5519 iu
3427 5471 3601 5544 Colice
3621 5471 3784 5522 Coisli-

2231 5534 2388 5599 niauo,
2413 5544 2497 5590 sed
2541 5543 2744 5590 habetur
2778 5544 2825 5588 in
2848 5534 3168 5598 'l.ugdunensi
3188 5536 3418 5599 Batavico.
3448 5534 3642 5599 inanima
3668 5547 3789 5599 vero

2233 5592 2340 5664 pars
2365 5592 2468 5660 eius
2493 5604 2662 5649 eadem
2687 5605 2715 5662 ιι
2734 5616 2784 5650 sa
2809 5609 2900 5654 est,
2926 5592 3033 5660 qua:
3057 5603 3104 5645 in
3126 5607 3314 5664 Syttopst
3336 5594 3573 5664 Athanasii
3591 5592 3789 5664 nomine

2233 5653 2258 5716 ἦ
2284 5653 2421 5714 nobis
2455 5666 2584 5712 edita
2620 5653 2896 5712 est"l‘0tno
2917 5653 2955 5710 ll
2985 5653 3193 5722 Uperuin
3221 5653 3502 5722 (Athanasii.
3539 5655 3605 5704 lia
3635 5653 3697 5702 de
3729 5666 3795 5701 te.

2235 5727 2392 5790 agitur
2419 5726 2465 5777 iu
2488 5727 2698 5775 Diatriba
2731 5734 2841 5773 ante
2866 5721 3104 5784 Synopsin
3129 5721 3294 5784 posita.
