3990 6434
252 443 354 497 327

257 584 349 620 σαν
389 568 440 620 οί
488 567 810 636 Ἰσραηλῖται
843 567 899 620 ἐν
940 569 1004 637 τῇ
1049 568 1269 637 ἐρήμῳ,
1318 569 1454 638 κρέα
1492 565 1795 635 ζητοῦντες.

250 652 379 702 Τότε
414 650 631 718 ἑσρεξεν
668 651 848 712 αὐτοῖς
893 650 1085 719 μάννα.
1116 648 1249 702 Εἶτα
1281 652 1473 720 ἦνεγκε
1494 650 1615 719 ’τὴν
1649 650 1802 718 ὀρτυ-

249 734 549 800 γομήτραν,
595 730 849 783 Ἐνταῦθα
889 734 982 785 ἐπὶ
1017 730 1109 784 τοῦ
1151 733 1355 801 μάννα,
1386 733 1414 783 ὃ
1445 732 1504 783 τὸ
1531 731 1663 783 πολὺ
1705 729 1802 782 οὐκ

248 813 559 873 ἐπλεόνασε,
590 812 676 865 καὶ
716 813 744 865 δ
780 813 839 865 τὸ
866 812 1043 879 ὀλίγον
1069 814 1166 865 οὐκ
1205 813 1549 880 ήλαττόνησε,
1589 812 1801 880 παρήγ-

246 896 392 961 γειλε
412 895 486 964 μὴ
512 895 891 947 ὑπολείπεσθαι
922 898 999 957 εἱς
1028 898 1123 963 τὴν
1152 895 1355 964 αὔριον.
1372 897 1433 947 Οἱ
1456 896 1512 947 δὲ
1533 895 1805 962 παρήκου-

251 994 372 1037 σαν,
404 976 497 1027 καὶ
544 976 730 1042 γέγονε
778 976 836 1027 τὸ
865 975 1219 1042 καταλειφθὲν
1256 975 1545 1045 σκωλήκων
1576 974 1798 1043 πλῆρες.

248 1058 412 1112 Εἶπε·
449 1059 540 1127 Μὴ
572 1057 815 1126 ἐξέλθητε
854 1058 1097 1121 συλλέξαι
1124 1058 1200 1127 τῷ
1240 1058 1490 1128 σαϐϐάτῳ
1509 1074 1520 1087 ·
1558 1058 1605 1108 οἱ
1631 1057 1684 1108 δὲ
1711 1057 1801 1107 καὶ

248 1142 301 1197 ἐν
347 1139 519 1206 τούτῳ
573 1140 953 1208 παρήκουσαν,
995 1140 1086 1192 καὶ
1134 1138 1433 1202 ἐξελθόντες
1478 1140 1573 1207 οὐχ
1625 1133 1797 1207 εὖρον.

247 1221 470 1275 Κελεύει
511 1219 740 1289 Μωῦσῆς
790 1222 845 1274 ἐν
880 1221 1098 1290 στάμνῳ
1153 1224 1323 1292 χρυσῇ
1371 1221 1661 1275 ἀποθέσθαι
1696 1222 1803 1273 ἀπὸ

247 1307 338 1359 τοῦ
366 1307 537 1377 μάννα
577 1308 653 1369 είς
692 1308 787 1370 τὰς
822 1307 956 1377 μετά
1002 1307 1169 1361 ταῦτα
1197 1310 1404 1374 γενεάς.
1438 1308 1509 1359 Τὸ
1542 1307 1597 1359 δὲ
1632 1308 1802 1377 μάννα

246 1399 447 1465 ἔφαγον
497 1398 896 1467 τεσσαράκοντα
946 1398 1059 1466 ἐτη.
1103 1399 1234 1450 Τότε
1286 1398 1574 1466 ἐγόγγυζον
1609 1398 1693 1451 διὰ
1742 1400 1801 1451 τὸ

243 1488 415 1557 δίψος.
434 1490 543 1541 Καὶ
565 1489 795 1554 ἐπάταξε
827 1489 1061 1557 Μωῦσῆς
1094 1489 1190 1558 τήν
1218 1488 1437 1557 πέτραν,
1466 1489 1560 1541 καὶ
1584 1488 1801 1558 ἐξῆλθεν

243 1579 301 1630 τὸ
330 1578 494 1647 ὕδωρ.
524 1580 777 1646 Ἔρχεται
817 1578 1059 1647 ’Λμαλὴκ
1085 1579 1394 1646 πολεμῶσαι
1436 1578 1526 1629 τὸν
1569 1577 1799 1647 Ἰσραήλ·

244 1667 334 1719 καὶ
362 1665 623 1736 ἐτρέψατο
646 1666 805 1718 αὑτὸν
832 1666 1033 1735 Ἰησοῦς
1059 1668 1085 1718 ό
1104 1665 1195 1718 τοῦ
1227 1665 1401 1735 Ναυῆ·
1425 1666 1516 1717 καὶ
1546 1665 1647 1728 ἕως
1665 1660 1803 1735 ἦσαν

243 1762 295 1810 αἱ
324 1760 504 1827 χεῖρες
560 1755 765 1824 Μωῦσῆ
806 1755 1097 1825 μετέωροι,
1134 1756 1347 1824 ίσχυσεν
1374 1757 1401 1807 6
1443 1755 1675 1825 Ἰσραήλ,
1714 1755 1802 1807 ὅτε

242 1844 296 1894 δέ
328 1842 567 1908 καθῆκεν
602 1841 768 1901 αὐτὰς
788 1877 801 1902 ,
830 1840 1084 1909 ήττῶντο.
1119 1840 1285 1891 Τοῦτο
1316 1842 1370 1892 δὲ
1410 1841 1577 1903 τύπος
1607 1836 1674 1911 ἦν
1710 1840 1799 1893 τοῦ

244 1926 471 1998 σταυροῦ
492 1940 540 1979 ⁸.
581 1919 932 1995 Είστήκεισαν
958 1924 1063 1994 γὰρ
1101 1924 1311 1993 Ἀαρὼν
1345 1927 1435 1977 καὶ
1472 1927 1592 1995 Ὢρ,
1622 1926 1802 1995 στηρί-

242 2014 421 2076 ζοντες
447 2012 545 2074 τὰς
572 2013 757 2081 χεῖρας
779 2010 997 2080 Μωῦσῇ.
1016 2008 1145 2061 Εἴπε
1174 2011 1227 2063 δὲ
1262 2010 1461 2079 Κύριος
1485 2011 1619 2081 πρὸς
1642 2012 1802 2064 M106-

242 2103 336 2169 σῆν
360 2117 373 2130 ·
405 2097 805 2164 Κατὰτραψον
842 2097 1013 2149 τοῦτο
1052 2098 1136 2160 είς
1166 2098 1558 2165 μνημόσυνον
1604 2097 1673 2149 ἐν
1715 2098 1803 2160 ,Βι-

242 2188 399 2248 ϐλίῳ.
449 2185 694 2253 ’Δπαντᾷ
725 2184 885 2252 Ἰοθὸρ
935 2185 962 2235 6
997 2182 1253 2252 πενθερὸς
1297 2182 1503 2253 Μωῦσῆ
1541 2184 1677 2253 μετά
1705 2185 1803 2254 τῆς

240 2272 492 2338 γυναικὸς
534 2269 801 2339 (γαμϐρὸν
820 2270 875 2321 δέ
913 2268 1071 2321 αὐτὸν
1104 2268 1258 2321 καλεῖ
1287 2270 1735 2339 καταχρηστικῶς
1767 2273 1799 2338 ή

240 2358 446 2427 Γραφὴ)
491 2356 569 2425 τῷ
598 2372 656 2407 τε
702 2356 903 2425 Μωῦσῇ
940 2354 1031 2406 καὶ
1083 2355 1159 2423 τῷ
1198 2354 1309 2424 λαῷ
1329 2355 1379 2409 ι).
1429 2358 1703 2425 Διηγεῖται
1735 2357 1801 2408 τὰ

241 2441 518 2510 θαυμάσια
539 2440 772 2507 Μωῦσῆι,
802 2439 876 2507 τῷ
910 2441 1180 2509 πενθερῷ·
1221 2440 1325 2491 ὀδέ
1360 2440 1685 2509 ἐθαύμασεν.
1718 2444 1802 2504 Ὠς

240 2526 291 2587 δὲ
320 2522 425 2577 εἶδε
450 2526 627 2579 πάντα
658 2524 747 2576 τὸν
776 2524 900 2576 λαὸν
949 2525 1329 2594 παρεστηκότα
1355 2527 1558 2596 Μωΰσῇ
1582 2568 1595 2592 ,
1631 2528 1719 2579 τὸν
1748 2530 1803 2581 δὲ

240 2615 333 2665 οὐκ
361 2612 634 2681 ἀρκοῦντα
671 2614 801 2665 πᾶσι
836 2613 1057 2682 κρίνειν,
1091 2614 1253 2682 φησὶν
1278 2613 1427 2682 αύτῷ
1452 2617 1479 2666 6
1522 2616 1798 2683 πενθερός·

252 2700 524 2764 Ἐπὶλεξαι
566 2700 761 2767 ἄνδρας
794 2700 1067 2760 δυνατοὺς,
1090 2700 1378 2761 θεοσεϐεῖς,
1406 2700 1659 2765 δικαίους,
1712 2718 1800 2769 μι-

240 2787 466 2848 σοῦντας
500 2786 895 2855 ὑπερηφανίαν,
920 2787 1012 2837 καὶ
1059 2787 1396 2855 κατάστησον
1441 2786 1636 2847 αὐτοὺς
1670 2786 1804 2853 χιλι-

239 2874 463 2943 άρχους,
514 2873 972 2940 ἑκατοντάρχους,
1026 2872 1557 2940 πεντηκοντάρχους,
1611 2870 1803 2939 δεκάρ-

239 2970 425 3027 χουςο.
461 2956 713 3025 Ἐποίησε
754 2958 991 3026 Μωῦσῆς
1018 2956 1207 3019 οὕτως,
1238 2956 1330 3008 καὶ
1362 2956 1588 3023 ἀνῆλθεν
1630 2959 1709 3017 είς
1745 2958 1803 3008 τὸ

239 3045 382 3115 ὅρος.
427 3044 535 3096 Καὶ
568 3042 897 3112 προσέταξεν
925 3042 1073 3110 αὑτῷ
1124 3044 1151 3095 ὀ
1194 3042 1326 3104 Θεὸς
1348 3044 1519 3095 εἰπεῖν
1564 3042 1641 3110 τῷ
1670 3041 1801 3110 λαῷ⁹

238 3131 315 3191 ὅτι
339 3130 553 3182 ἔσονται
568 3128 657 3180 τοῦ
676 3128 807 3179 Θεοῦ
836 3127 1101 3196 βασίλειον
1134 3127 1448 3199 ἱεράτευμα,
1463 3127 1611 3189 ἑθνος
1628 3128 1800 3194 ἅγιον,

240 3213 329 3264 ἐὰν
358 3210 730 3263 ὑπακούσωσι.
761 3211 823 3261 Οἱ
856 3210 912 3262 δέ
940 3205 1089 3261 εἷπον
1107 3226 1119 3241 ·
1152 3209 1432 3272 Ἀπαντα,
1452 3210 1567 3262 ὅσα
1586 3204 1753 3261 εἶπεν
1772 3212 1805 3263 ό

242 3295 400 3359 Θεὸς,
428 3294 757 3363 ποιήσομεν
778 3294 875 3349 καί
899 3295 1292 3363 ἀκουσόμεθα.
1327 3296 1457 3349 Τότε
1478 3296 1803 3363 προστάσσει

238 3382 314 3452 τῷ
342 3382 454 3451 λαῷ
493 3380 809 3449 ἀγνισθῆναι
840 3381 942 3441 ἑως
991 3380 1179 3451 τρίτης
1229 3382 1460 3451 ἡμέρας.
1516 3382 1707 3435 πλῦναι
1737 3384 1805 3435 τά

240 3468 428 3538 ίμάτια
480 3467 678 3522 αὐτῶν.
750 3466 1007 3520 Ἐνταῦθα
1059 3468 1271 3537 εἴρηται
1324 3470 1417 3521 καὶ
1454 3469 1515 3520 τὸ
1550 3469 1698 3539 παρὰ
1728 3470 1804 3538 τῷ

251 3554 555 3622 ’Δποστόλῳ
598 3555 654 3605 ἑν
706 3556 773 3623 τῇ
822 3552 955 3624 πρὸς
998 3552 1301 3623 Ἐϐραίους·
1346 3553 1470 3607 Κᾶν
1514 3556 1650 3623 θίγῃ
1697 3556 1803 3608 τοῦ

240 3643 435 3711 ὅρους,
474 3639 1026 3707 λιθοϐοληθήσεται.
1061 3639 1208 3711 [529]
1238 3641 1371 3692 Τότε
1403 3643 1720 3706 ἐκαπνίζετο
1746 3642 1805 3694 τὸ

238 3729 379 3797 θρος,
415 3728 590 3795 φωναὶ
625 3727 935 3795 σαλπίγγων
956 3729 1137 3796 ἦχουν.
1170 3728 1302 3780 Τότε
1334 3729 1431 3791 τὰς
1457 3730 1673 3792 ἐντολὰς
1710 3732 1803 3784 τοῦ

239 3815 399 3882 νόμου
426 3813 690 3882 λαμῆάνει
716 3815 1075 3883 Μωῦσῆς,τὴν
1100 3816 1417 3883 Δεκάλογον,
1446 3818 1538 3869 καὶ
1558 3818 1622 3870 τὰ
1645 3818 1805 3871 λοιπά

238 3898 599 3969 δικαιώματα.
640 3900 711 3951 Τὸ
756 3899 845 3962 δὲ,
889 3899 1071 3963 Θεοὺς
1128 3902 1197 3952 οὐ
1256 3903 1709 3969 κακολογήσας,
1742 3906 1803 3957 οὑ

240 3987 365 4056 περὶ
408 3984 638 4039 εἰδώλων
694 3988 903 4055 εἴρηται
932 4026 947 4050 ,
991 3986 1125 4039 ἀλλά
1172 3987 1298 4055 περὶ
1354 3988 1460 4039 τῶν
1498 3990 1801 4057 ἀρχόντων·

240 4075 430 4141 ἐπάγει
465 4073 593 4142 γάρ,
622 4074 886 4140 ’Λρχοντι
914 4074 1018 4127 τοῦ
1044 4074 1195 4127 λαοῦ
1238 4090 1353 4128 σου
1391 4077 1499 4129 οὐκ
1530 4076 1681 4142 ἐρεῖς
1710 4096 1804 4131 κα-

238 4158 372 4223 κῶς.
410 4159 850 4227 Ἐπαγγέλλεται,
882 4161 930 4212 εἱ
983 4159 1365 4221 ὑπακούσειαν,
1422 4161 1588 4213 πο).λά
1621 4164 1803 4227 αὐτοῖς

237 4244 417 4312 ἀγαθά
436 4260 449 4275 ·
478 4246 772 4315 κρατήσειν
801 4245 906 4297 τῶν
934 4245 1119 4311 ἐθνῶν,
1159 4247 1257 4316 τῆς
1287 4247 1391 4316 γῆς
1420 4247 1799 4318 κληρονομίαν,

235 4332 293 4383 τὸ
323 4330 468 4399 ὕδωρ
494 4329 672 4383 αὐτῶν
704 4330 1014 4399 εὐλογήσειν
1034 4331 1128 4386 καὶ
1160 4333 1249 4385 τὸν
1275 4333 1456 4403 ἄρτον,
1485 4335 1664 4404 πάσης
1694 4354 1799 4405 μα-

236 4416 429 4479 λακίας
477 4416 673 4479 αὐτοὺς
720 4417 1068 4483 ἀπαλλάξειν,
1110 4418 1184 4487 μὴ
1230 4418 1447 4472 ἔσεσθαι
1500 4423 1715 4490 στεῖραν
1746 4423 1802 4474 ἐν

236 4504 436 4566 αὐτοῖς,
478 4503 613 4572 μηδὲ
651 4503 861 4571 άγονον,
895 4505 1029 4573 μηδέ
1058 4506 1283 4559 θάνατον
1336 4506 1536 4577 ἄωρον,
1571 4508 1638 4561 τά
1682 4510 1804 4579 ὅρια

236 4588 413 4639 αὐτῶν
462 4587 647 4656 θήσειν
675 4588 783 4641 ἀπὸ
812 4589 909 4658 τῆς
960 4590 1219 4661 Ἐρυθρᾶς
1255 4591 1529 4663 θαλάσσης
1560 4594 1663 4657 ἕως
1701 4594 1800 4663 τῆς

236 4672 565 4740 Φδλιστιεὶμ,
588 4673 696 4725 ἀπὸ
716 4674 811 4743 τῆς
836 4675 1042 4745 ἐρήμου
1070 4677 1174 4739 ἑως
1208 4678 1303 4730 τοῦ
1342 4679 1651 4749 Εὐφράτου.
1672 4682 1801 4734 Τότε

237 4758 350 4811 θύει
374 4758 637 4825 Μωῦσῆς.
657 4760 749 4810 καὶ
763 4759 822 4811 τὸ
837 4761 1006 4828 ἣμισυ
1030 4762 1124 4814 τοῦ
1144 4763 1370 4831 αἵματος
1388 4766 1650 4835 προσέχεε
1668 4768 1801 4836 πρὸς

236 4844 298 4897 τὸ
324 4844 703 4913 θυσιαστήριον
724 4859 737 4873 ·
757 4845 849 4896 καὶ
876 4844 1053 4896 λαϐὼν
1081 4846 1140 4897 τὸ
1168 4842 1304 4915 αἷμα
1320 4851 1679 4904 κατεσκέδασε
1706 4852 1799 4905 τοῦ

236 4930 678 4999 λαοῦ.Μέμνηται
702 4929 902 4983 τούτων
918 4931 945 4982 6
963 4931 1169 4994 Παῦλος
1187 4934 1243 4985 ἐν
1264 4937 1331 5003 τῇ
1354 4935 1487 5003 πρὸς
1518 4936 1799 5007 Ἐϐραίους

237 5016 426 5086 λέγων,
444 5017 526 5070 δτι
546 5014 697 5069 Οὐδέ
712 5016 965 5085 ἡπρώτη
985 5016 1236 5087 διαθήκη
1257 5020 1432 5088 χωρίς
1442 5022 1686 5091 αἵματος
1705 5024 1799 5094 ἐγ-

297 5164 322 5192 ι
341 5162 427 5229 §ic
452 5160 667 5229 ῌοωίιειι
688 5161 734 5229 ξι)
756 5160 894 5229 ιιιμᾳ,
922 5163 1088 5219 Paler,
1112 5160 1156 5229 εἰ
1178 5161 1402 5229 ροιιε-ἱίιίίε
1419 5169 1529 5229 εει-ε
1549 5168 1628 5213 καὶ
1652 5170 1797 5229 Μωσ-

236 5232 319 5281 σῆς
338 5224 390 5272 δέ
417 5223 544 5287 οὕτω
569 5218 653 5267 τοῦ
689 5218 902 5287 ᾊμίαλήκ
945 5218 1251 5287 περιεγένετο,
1278 5226 1435 5281 ἐπειδὴ
1456 5226 1599 5272 τύπον
1620 5226 1796 5275 ἐπεδεί-

236 5280 371 5331 κνυτο
388 5280 501 5351 ’τοῦ
525 5280 747 5351 σταυροῦ.
772 5280 874 5327 Mox
901 5280 1029 5351 (1606
1050 5280 1169 5332 dicit
1210 5280 1599 5351 Chrysoglomus.
1620 5288 1795 5351 ,lolho-

238 5358 337 5412 rem
370 5343 467 5391 dici
490 5344 537 5390 in
832 5344 1046 5415 γαμϐρὸν
1068 5342 1477 5415 καταχρηστεκῶῇ
1500 5348 1587 5415 βω
1616 5348 1795 5415 ίηιριςο-

237 5405 340 5468 ριζὶθ
365 5417 452 5468 ριζο
472 5402 706 5468 πενθερόν,
730 5413 970 5464 generum.
996 5404 1042 5449 in
1066 5402 1291 5468 pmniﬁ'us
1310 5408 1411 5468 τῶν
1442 5406 1509 5468 Q’
1545 5402 1794 5468 egem'pla-

237 5463 379 5528 ﬂbusj
413 5463 660 5528 hod_ieq00
699 5463 1346 5528 Qb§ervalurtu_bi_yay.606v
1369 5464 1567 5527 legitur.
1593 5463 1792 5528 LugUu-

237 5526 398 5597 ῃεηείε
421 5523 575 5597 ςόὀεξ
612 5523 693 5570 hic
711 5523 859 5572 habet
891 5525 1097 5585 γαμϐρόν
1119 5523 1170 5572 δὲ
1205 5523 1352 5573 ἀὐτὸν
1377 5523 1508 5574 χοῖλεῖ
1529 5523 1793 5589 χρηοτῖκῶς

238 5587 345 5647 (sic)
364 5588 393 5639 ἡ
422 5586 600 5645 rm.

238 5709 244 5713 _
295 5644 476 5713 ῘιΗιες,
502 5645 588 5713 Δτῷ
635 5660 684 5691 τε
724 5646 906 5703 Μωῡσῇ
950 5645 1027 5691 καὶ
1075 5648 1141 5706 τῷ
1190 5648 1318 5711 λαῷ,
1361 5654 1595 5700 mendose
1636 5648 1789 5698 forsan

235 5709 593 5818 ωῗῐίῗιθτῐίίίίίίίε
616 5764 798 5829 legitur
817 5766 1145 5828 δεκαδάρχους.

1291 404 1617 497 SYNOPSIS
1654 433 2061 493 scalprum:
2101 434 2365 490 sum.

3348 452 3459 508 328

1903 563 2286 614 κεκαίνισται.
2337 560 2626 613 Κελεύεται
2648 562 2884 631 Μωθσῆς
2910 560 3145 615 ἀνελθὼν
3175 559 3362 613 λαϐεῖν
3387 557 3454 608 τὰ

1902 649 2082 710 πυξία.
2102 651 2211 700 Κοή
2225 645 2291 716 ἦν
2309 651 2423 700 ἐκεῖ
2440 648 2840 719 τεσσαράκοντα
2854 650 3063 718 ἡμέρας
3086 648 3176 701 καὶ
3191 646 3451 714 τεσσαρά·

1904 751 2060 785 κοντα
2082 734 2544 797 νύκτας.“’ίικουσε
2566 736 2620 786 δὲ
2646 736 2743 803 τήν
2761 733 2999 796 διάταξιν
3016 734 3113 801 τῆς
3133 731 3335 799 σκηνῆς
3364 730 3454 781 καὶ

1900 820 2007 871 τῶν
2024 821 2080 871 ἐν
2104 822 2261 891 αὐτῇ,
2277 822 2477 889 καὶτῆς
2497 821 2771 889 ἱερατικῆς
2790 820 2995 887 στολῆς,
3014 820 3105 871 καὶ
3118 818 3211 885 τῆς
3229 816 3454 885 χρίσεως

1902 907 2007 958 τῶν
2047 909 2254 976 ἱερέων,
2284 910 2376 961 καὶ
2405 908 2512 960 τῶν
2537 908 2761 978 λύτρων.
2786 905 2970 959 Ταῦτα
3011 906 3065 957 δὲ
3088 901 3154 974 ἦν
3187 904 3246 955 τὸ
3286 904 3453 971 ήμισυ

1900 993 1991 1044 τοῦ
2037 994 2329 1065 διδράχμου
2379 996 2603 1047 ἑκαστον
2654 995 2870 1055 διδόναι,
2911 994 3200 1055 τουτέστιν,
3241 990 3455 1049 όόολοὺς

1902 1079 2048 1133 δέκα.
2086 1082 2196 1133 Καὶ
2236 1082 2483 1151 περὶτῆς
2514 1082 2808 1142 συνθέσεως
2843 1079 2935 1132 τοῦ
2978 1079 3154 1131 ἐλαίου
3185 1079 3453 1146 παραινεῖ,

1903 1167 1995 1218 καὶ⁵
2019 1167 2159 1236 ὑπὲρ
2190 1168 2288 1237 τῆς
2328 1168 2571 1236 φυλακῆς
2592 1168 2684 1219 τοῦ
2716 1165 3004 1218 σαϐϐάτου.
3044 1163 3455 1233 Ἑκκλησιάζου-

1906 1268 1987 1303 σιν
2006 1254 2055 1305 οἱ
2096 1254 2418 1323 Ἰσραηλῖται
2444 1254 2584 1306 κατά
2625 1252 2831 1322 Ἀαρὼν
2868 1252 2961 1304 καὶ
3000 1247 3452 1319 είδωλολατροῦσι.

1904 1338 2035 1389 Τότε
2067 1339 2273 1408 φησὶνό
2305 1338 2435 1401 Θεὸς
2463 1340 2538 1407 τῷ
2562 1340 2786 1407 Μωῡσῇ·
2832 1337 3054 1389 Ἔασόν
3085 1352 3179 1403 με,
3221 1333 3317 1387 καί
3358 1333 3455 1397 ἐξ·

1902 1426 2130 1492 αλείψω
2145 1426 2386 1490 αὐτοὺς,
2412 1428 2510 1478 καί
2542 1425 2771 1493 ποιήσω
2789 1440 2862 1477 σε
2884 1426 2971 1488 εις
2992 1424 3165 1487 ἔθνος
3186 1423 3352 1491 μέγα
3373 1423 3458 1483 Ὠς

1902 1509 1957 1560 δὲ
1993 1510 2265 1563 κατελθὼν
2291 1513 2318 1563 6
2354 1511 2591 1581 Μωῦσῆς
2617 1508 2723 1563 εἶδε
2752 1511 2842 1563 τὸν
2876 1512 3072 1580 μόσχον
3101 1511 3194 1561 καὶ
3216 1509 3303 1561 τὸν
3335 1508 3458 1561 λαὸν

1904 1597 2210 1661 παίζοντας,
2238 1597 2425 1668 ἑρῤιψε
2460 1597 2556 1659 τάς
2611 1597 2842 1662 πλάκας,
2878 1599 2971 1651 καὶ
3002 1596 3333 1666 συνέτριψεν,
3368 1597 3460 1647 ἑπ-

1904 1684 2129 1755 ετίμησε
2158 1684 2233 1754 τῷ
2277 1683 2505 1755 Ἀαρὼν,
2534 1683 2783 1737 ἐκέλευσε
2809 1687 2922 1747 τοῖς
2963 1685 3095 1746 υἱοῖς
3117 1682 3247 1735 Λευὶ
3280 1682 3462 1734 ἐλθοῦ-

1905 1785 2008 1830 σιν,
2063 1766 2215 1821 εἷπε·
2260 1771 2331 1822 El
2388 1787 2476 1834 τις
2531 1771 2677 1839 πρὸς
2722 1767 2996 1840 Κύριον-ά,
3056 1770 3155 1823 ιτω
3184 1770 3331 1837 πρός
3365 1786 3459 1837 με,

1904 1858 2160 1924 σφάξειν
2202 1859 2461 1912 ἕκαστον
2516 1860 2620 1912 τὸν
2676 1858 2940 1927 ἀδελφὸν
2996 1858 3179 1911 αὐτοῦ
3227 1857 3463 1909 καὶτὸν

1904 1946 2167 2010 πλησίον
2195 1947 2399 2000 αὐτοῦ.
2438 1947 2547 2000 Καὶ
2606 1949 2827 2001 ἔπεσον
2854 1948 3170 2015 τρισχίλιοι
3225 1944 3458 2012 ἄνδρες.

1905 2031 2035 2083 Τότε
2080 2032 2135 2083 δὲ
2181 2032 2414 2085 ἀνελθὼν
2473 2034 2713 2102 Μωῦσῆς
2759 2033 2905 2099 λέγει
2952 2032 3027 2101 τῷ
3073 2030 3221 2101 Θεῷ·
3260 2032 3327 2084 Εί
3350 2030 3465 2098 μὲν

1903 2116 2138 2183 ἀριεῖςο
2191 2118 2393 2184 αὐτοῖς
2450 2119 2563 2185 τὴν
2604 2118 2911 2187 ἁμαρτίαν,
2961 2118 3141 2185 ἄφες·
3181 2118 3231 2169 εί
3267 2114 3462 2182 δὲμὴ.

1904 2203 2227 2272 ἐξάλειψόν
2266 2222 2343 2273 με
2372 2206 2440 2258 ἐκ
2487 2204 2597 2273 τῆς
2627 2205 2867 2268 βίϐλου,
2903 2200 2977 2273 ἧς
3018 2204 3301 2271 ἔγραψας.
3335 2202 3466 2253 Τότε

1904 2288 2199 2360 ἐπένθησεν
2219 2292 2246 2343 6
2267 2290 2415 2353 λαὸς,
2440 2292 2532 2343 καὶ
2560 2289 2846 2358 ἐκελεύσθη
2867 2289 3131 2359 περιελεῖν
3150 2289 3238 2341 τὸν
3267 2288 3466 2355 κόσμον

1904 2374 2087 2428 αὑτοῦ.
2116 2376 2375 2428 Ἐνταῦθα
2398 2376 2628 2447 εἴρηται·
2650 2376 2754 2429 Καὶ
2784 2374 3048 2441 ἐλάλησε
3082 2376 3292 2441 Κύριος
3320 2374 3424 2439 πρε
3436 2396 3465 2438 ς

1904 2462 2185 2529 Μωῦσῆν,
2216 2464 2296 2527 ὡς
2358 2465 2413 2517 εἴ
2456 2481 2545 2528 τις
2592 2463 2850 2529 ,ἱιινὶήσει
2899 2462 3047 2530 πρὸς
3104 2462 3207 2513 τὸν
3252 2461 3465 2513 ἑαυτοῦ

1903 2548 2101 2614 φίλον.
2145 2549 2346 2615 Ἰησοῦς
2372 2549 2427 2601 δὲ
2467 2552 2495 2601 6
2525 2550 2617 2600 106
2648 2548 2801 2615 Ναυῆ
2844 2548 2938 2598 οὐκ
2975 2547 3320 2616 ἐξεπορεύετο
3370 2550 3467 2615 τῆς

1905 2634 2127 2702 σκηνῆς.
2174 2635 2307 2685 Τότε
2346 2635 2653 2702 παρακαλεῖ
2698 2634 2936 2700 Μωῦσῆς
2982 2634 3072 2685 τὸν
3127 2634 3290 2694 Θεὸν,
3329 2633 3467 2686 ὥστε

1906 2717 1979 2786 μὴ
2011 2717 2322 2772 καταλιπεῖν
2354 2719 2443 2771 τὸν
2477 2720 2630 2770 λαόν·
2683 2720 2775 2770 καὶ
2819 2719 3082 2782 λαξεύσας
3118 2719 3210 2772 δύο
3237 2719 3466 2785 πλάκας,

1902 2802 2162 2871 λαμϐάνει
2193 2804 2291 2872 τὴν
2351 2804 2669 2870 Δεκάλογον,
2714 2805 2944 2874 ποιήσας
2999 2806 3158 2857 πάλιν
3205 2806 3509 2874 τεσσαράο,

1904 2905 2065 2940 κοντα
2088 2889 2300 2957 ἡμέρας
2328 2891 2421 2941 καὶ
2448 2890 2849 2958 τεσσαράκοντα
2872 2890 3090 2953 νύκτας.
3140 2890 3469 2944 Ἐντέλλεται

1902 2974 1957 3026 δέ
1980 2974 2126 3042 αὐτῷ
2173 2974 2333 3028 πάλιν
2362 2976 2489 3043 περὶ
2515 2974 2605 3027 τοῦ
2638 2976 2855 3045 πάσχα,
2890 2977 3015 3045 περὶ
3047 2976 3140 3028 τοῦ
3182 2977 3466 3038 σαόΰάτου,

1905 3059 2153 3128 περὶτοῦ
2202 3060 2573 3130 ἐξολοθρεῦσαι
2606 3062 2730 3125 τοὺς
2777 3060 2930 3124 θεοὺς
2975 3061 3080 3114 τῶν
3106 3061 3293 3125 ἐθνῶν,
3333 3063 3469 3133 ὑπὲρ

1904 3145 1994 3197 τοῦ
2041 3146 2260 3212 ἁγιάσαι
2309 3147 2455 3216 αὐτῷ
2502 3147 2569 3199 τὰ
2611 3147 2949 3217 πρωτότοκα.
2987 3148 3243 3201 Ἐνταῦθα
3273 3150 3466 3210 κεῖται,

1903 3230 1983 3282 ὅτι
2020 3233 2154 3299 μετὰ
2188 3232 2537 3301 καλύμματος
2570 3234 2744 3285 ἐλάλει
2795 3234 3031 3300 Μωῦσῆς
3059 3233 3136 3303 τῷ
3168 3233 3310 3303 λαῷ·
3354 3235 3381 3287 δ
3412 3237 3468 3286 ἐν

1903 3319 1967 3386 τῇ
1999 3317 2221 3387 δευτέρᾳ
2242 3320 2374 3387 πρὸς
2394 3319 2707 3389 Κορινθίους
2734 3319 2896 3387 φησὶν
2918 3321 2945 3371 6
2964 3318 3191 3382 Παῦλος.
3212 3320 3343 3372 Τότε
3372 3320 3468 3372 αύ-

1903 3405 2013 3465 τοῖς
2038 3403 2467 3474 παραγγέλλεται
2506 3404 2743 3472 περὶτοῦ
2764 3405 3054 3464 σαϐϐάτου.
3084 3407 3176 3459 καὶ
3211 3406 3338 3475 περὶ
3370 3406 3467 3475 τῆς

1906 3488 2036 3557 ὕλης
2057 3490 2155 3558 τῆς
2189 3490 2507 3559 ὀφειλούσης
2534 3493 2883 3561 προχωρῆσαι
2912 3493 2988 3555 είς
3020 3492 3116 3561 τὴν
3149 3492 3244 3562 τῆς
3268 3492 3469 3563 σκηνῆς

1906 3576 2185 3644 ἐργασίαν,
2234 3578 2498 3639 τουτέστι,
2535 3576 2783 3647 περὶτοῦ
2832 3576 3053 3646 χρυσοῦ,
3114 3576 3206 3629 τοῦ
3246 3577 3467 3646 χαλκοῦ,

1906 3660 2012 3713 τῶν
2038 3661 2260 3731 τριχῶν,
2284 3664 2378 3715 καὶ
2410 3663 2506 3732 τῆς
2533 3662 2725 3730 λοιπῆς
2764 3661 2911 3732 ὕλης.
2932 3663 3040 3714 Καὶ
3070 3662 3118 3713 οἱ
3156 3662 3251 3732 μὲν
3280 3664 3470 3732 ἔφερον

1907 3747 2073 3818 πολλῇ
2106 3752 2171 3817 τῇ
2202 3748 2497 3819 προθυμίᾳ,
2525 3748 2599 3811 ὼς
2644 3750 2736 3801 καὶ
2774 3748 3143 3819 περισσεύειν·
3184 3750 3469 3818 ἐργάζεται

1908 3833 2057 3904 [3'50]
2089 3836 2143 3886 δὲ
2174 3833 2432 3904 Βεσελεήλ
2465 3836 2527 3887 ἐκ
2574 3837 2672 3905 τῆς
2704 3834 2873 3905 φυλῆς
2907 3835 3074 3887 Ἰούδα
3104 3877 3118 3899 ,
3162 3836 3255 3887 καὶ
3290 3835 3469 3888 Ἐλιὰϐ

1905 3924 1969 3974 ἐκ
1999 3922 2099 3992 τῆς
2129 3922 2299 3992 φυλῆς
2322 3923 2427 3975 Δάν
2471 3924 2683 3977 ἅπαντα
2718 3922 2784 3975 τά
2815 3922 2948 3992 πρὸς
2974 3921 3083 3993 τὴν.
3111 3924 3467 3992 κατασκευήν,

1905 4008 1997 4059 καὶ
2026 4006 2152 4075 ἔστη
2192 4010 2224 4076 ή
2253 4009 2446 4076 σκηνή,
2478 4008 2569 4059 καὶ
2598 4006 2863 4073 ἐκάλυψεν
2890 4006 3058 4075 αὐτὴν
3083 4008 3115 4075 ή
3144 4006 3360 4077 νεφέλη.
3398 4010 3469 4061 Τὸ

1903 4091 1957 4142 δέ
1984 4090 2256 4144 ἀναλωθὲν
2283 4093 2362 4152 είς
2385 4092 2453 4142 τά
2473 4092 2606 4161 ἔργα
2634 4092 2855 4159 χρυσίου
2889 4091 2988 4160 μὲν
3006 4091 3239 4144 τάλαντα
3266 4092 3345 4145 κθ⁹
3378 4094 3470 4147 καὶ

1905 4178 2073 4229 σίκλοι
2120 4177 2194 4244 ψ,
2223 4176 2481 4245 ἀργυρίου
2534 4177 2590 4229 δέ
2625 4176 2868 4229 τάλανται
2903 4184 2970 4247 ρ’,
3002 4177 3173 4232 σίκλοι
3208 4178 3347 4248 ψοβ’,
3380 4184 3470 4233 καὶ

1903 4262 2103 4333 χαλκοῦ
2142 4262 2377 4317 τάλαντα
2408 4270 2471 4327 0',
2508 4263 2601 4315 καὶ
2631 4262 2824 4327 σίκλοι,
2856 4262 2964 4333 βφ’.

2327 4351 2660 4415 Λευῖπικόν,
2689 4351 2929 4415 βιϐλίον
2954 4350 3027 4420 τ’.

1973 4437 2252 4491 Λευῖτικὸν
2281 4438 2523 4490 καλεῖται
2550 4435 2705 4490 τοῦτο
2736 4436 2803 4490 τὸ
2832 4437 3051 4505 βιϐλίον,
3082 4438 3264 4508 ἐπειδή
3289 4438 3469 4502 ίδικῶς

1905 4526 2083 4579 πᾶσαν
2110 4525 2207 4593 τῆς
2234 4541 2289 4575 τε
2332 4524 2617 4592 Λευῖτικῆς
2638 4524 2973 4593 λειτουργίας
3000 4523 3097 4592 τὴν
3137 4524 3469 4578 διατύπωσιν

1904 4610 2164 4680 περιέχει,
2189 4608 2417 4670 καὶπῶς
2456 4608 2661 4678 Ἀαρὼν
2692 4608 2785 4660 καὶ
2825 4607 2874 4658 οἱ
2900 4606 3005 4658 υἱοὶ
3024 4608 3185 4660 αὐτοῦ
3216 4608 3467 4677 ἐκλέγον-

1903 4713 1990 4748 ται
2032 4698 2095 4747 ἑκ
2122 4694 2222 4763 τῆς
2254 4694 2424 4763 φυλῆς
2455 4693 2604 4756 Λευτ,
2637 4693 2726 4745 καὶ
2756 4691 2995 4760 χρίονται
3028 4694 3106 4754 είς
3135 4694 3332 4764 ίερέας,
3362 4698 3466 4750 πᾶ-

1904 4781 2003 4833 σάν
2024 4796 2082 4831 τε
2104 4780 2200 4848 τὴν
2232 4777 2490 4847 διαφορὰν
2525 4776 2631 4829 τῶν
2665 4775 2894 4827 θυσιῶν·
2949 4779 3043 4828 καὶ
3075 4777 3173 4845 τὴν
3212 4782 3466 4852 ποιότητα

1902 4866 2081 4919 πᾶσαν
2104 4866 2202 4933 τῆς
2236 4866 2293 4916 ἐν
2335 4862 2411 4931 τῷ
2443 4860 2571 4931 ἱερῷ
2609 4860 2861 4930 λατρείας
2904 4862 2997 4914 καὶ
3036 4863 3312 4932 ἱερατικῆς
3362 4864 3466 4918 λει-

1900 4951 2171 5021 τουργίας.
2204 4950 2473 5015 Διηγεῖται
2508 4946 2600 4999 καὶ
2645 4945 2734 4999 τὸν
2778 4945 2940 5015 νόμον
2982 4947 3213 5017 ἑκάστης
3253 4950 3463 5013 θυσίας,

1902 5041 2026 5109 περί
2052 5056 2109 5091 τε
2143 5038 2237 5089 τοῦ
2272 5036 2538 5103 σωτηρίου
2574 5036 2666 5087 καὶ
2698 5035 2791 5088 τοῦ
2820 5036 3065 5089 ἑκουσίου
3092 5039 3185 5089 καὶ
3210 5038 3472 5092 ἀκουσίου

1900 5122 2381 5193 πλημμελήματος,
2410 5120 2503 5173 καὶ
2548 5119 2665 5184 πῶς
2694 5122 2908 5192 ἑκάστῳ
2938 5122 3051 5174 τῶν
3086 5126 3463 5194 προσφερομέ-

1899 5230 2002 5265 νων
2038 5209 2355 5278 διαιρεῖσθαι
2398 5209 2490 5261 καὶ
2531 5208 2896 5278 ἀναφέρεσθαι
2937 5209 3138 5277 ὀφείλει
3176 5209 3458 5279 διηγεῖται.

1903 5299 2054 5350 Ἔστι
2084 5296 2138 5347 δὲ
2168 5298 2224 5348 ἐν
2245 5296 2416 5364 τούτῳ
2436 5294 2512 5364 τῷ
2544 5295 2727 5365 βιὸλίῳ
2759 5297 2792 5365 ή
2824 5298 2999 5365 χρῖσις
3037 5295 3130 5349 τοῦ
3166 5296 3463 5367 ἀρχιερέως

1897 5386 1989 5437 καὶ
2032 5384 2139 5435 τῶν
2174 5383 2382 5455 ἱερέων,
2424 5385 2515 5435 καὶ
2564 5385 2595 5451 ή
2628 5382 2897 5450 διάκρισις
2938 5384 3029 5435 καὶ
3062 5385 3093 5452 ή
3132 5384 3325 5449 γνῶσις
3355 5383 3461 5434 τῶν

1897 5470 2154 5540 σημείων,
2186 5473 2312 5541 περὶ
2354 5471 2560 5539 λέπρας
2592 5468 2890 5539 ἀνθρώπων
2946 5470 3037 5521 καὶ
3095 5468 3317 5537 ἱματίων
3366 5470 3460 5520 καὶ

1894 5558 2068 5625 τοίχου
2099 5557 2292 5619 οἰκίας,
2331 5556 2466 5609 καὶὸ
2497 5556 2700 5624 νόμοςό
2733 5554 2858 5623 περλ⁵
2890 5551 3227 5621 καθαρισμοῦ
3258 5552 3457 5607 αὐτῶν.

1955 5704 1981 5745 (Ι
2009 5704 2061 5752 In
2098 5704 2269 5765 Bibliis
2289 5706 2471 5765 legitur
2495 5703 2563 5756 τίς
2580 5701 2693 5761 πρὸς
2709 5699 2901 5765 μόριον.

1964 5782 1984 5809 υ
2006 5766 2059 5817 ln
2086 5764 2255 5816 Bibliis
2280 5759 2458 5815 Grlccis
2484 5759 2661 5825 legitur
2687 5763 2723 5809 εί
2748 5759 2827 5823 μὲν
2847 5759 2988 5821 ἀφεῖς,
