3990 6444
193 463 303 517 329

186 561 442 630 judicmm
481 571 534 614 et
557 561 783 628 cognitio
823 560 1154 621 indiciorum,
1205 559 1390 625 quibus
1435 566 1539 609 tam
1579 556 1746 609 homi-

190 665 334 711 num,
369 663 522 716 quam
577 649 1018 711 indumentorum,
1065 648 1424 714 parietumquc
1469 645 1747 698 domorum

189 738 329 805 lepra
365 737 690 804 deprehendi
724 737 906 803 possit,
939 745 991 788 et
1018 735 1191 803 quisit
1238 749 1421 788 eorum
1466 733 1752 801 expiando-

191 846 301 884 rmn
328 832 481 882 ritus.
505 829 764 882 Prmterea
806 843 922 896 qua:
945 829 1010 879 sit
1043 828 1121 879 lex
1164 837 1214 880 et
1241 826 1507 878 distinctio
1554 839 1752 878 connu-

191 917 397 971 biorum
421 917 794 984 legitimorum,
829 923 883 968 et
903 929 1142 982 qumnam
1192 929 1285 982 pro
1315 913 1601 981 illegitimis
1642 914 1750 966 sint

192 1005 454 1060 habenda.
487 1007 611 1060 Item
659 1005 784 1074 quid
822 1006 1140 1062 discriminis
1169 1006 1236 1058 sit
1283 1005 1419 1057 inter
1459 1004 1650 1058 munda
1693 1013 1746 1058 et

192 1095 462 1148 immunda
515 1095 791 1159 animalia,
825 1095 1061 1162 interque
1107 1094 1345 1146 volucres
1379 1102 1432 1146 et
1479 1095 1646 1161 pisces
1685 1108 1747 1148 ac

191 1183 394 1250 reptilia
420 1183 649 1250 cujusvis
673 1184 899 1251 generis,
931 1183 1307 1249 etquibusnam
1330 1183 1490 1242 vesci,
1544 1196 1572 1233 a
1616 1180 1738 1249 qui-

192 1271 411 1324 busnam
431 1270 703 1324 abstinere
723 1268 955 1322 dedeant
976 1265 1455 1322 HebrmLDeclarat
1481 1271 1632 1322 etiam
1659 1270 1748 1338 qui

191 1359 256 1410 sit
281 1360 689 1415 Tubarumdies
710 1359 764 1411 in
786 1358 1055 1410 neomenia
1075 1358 1269 1410 mensis
1298 1359 1502 1426 septimi
1535 1377 1546 1410 ε
1576 1359 1747 1426 magni

193 1460 400 1514 quoque
418 1445 599 1513 jejunii
619 1454 960 1512 praeceptum,
985 1444 1121 1512 quod
1149 1445 1330 1498 eodem
1348 1446 1570 1514 septimo
1592 1461 1743 1498 men-

192 1549 264 1596 se,
293 1535 500 1588 decima
545 1536 741 1588 mensis
787 1535 1180 1588 custodiendum
1229 1537 1315 1602 sit,
1339 1551 1491 1604 quam
1534 1537 1746 1590 sabbata

193 1623 538 1676 sabbatorum
573 1633 626 1677 et
655 1625 853 1691 peccati
896 1625 1258 1678 remissiOncm
1310 1633 1484 1678 vocat.
1537 1625 1745 1678 FeStum

193 1714 346 1767 ctiam
372 1714 858 1768 Tabernaculorum
889 1715 1090 1768 decima
1118 1716 1293 1782 quinta
1319 1714 1554 1780 ejusdem
1602 1730 1748 1768 men-

192 1802 261 1853 sis
288 1803 543 1856 celebrari
569 1803 735 1869 jubet.
763 1803 880 1870 Agit
908 1817 1113 1869 quoque
1140 1802 1203 1854 de
1248 1802 1413 1866 festis,
1441 1813 1494 1855 et
1537 1817 1650 1869 qua:
1693 1804 1744 1856 in

194 1890 291 1944 illis
312 1891 579 1944 offerenda
621 1892 724 1943 sint
749 1892 996 1958 praecipit.
1026 1891 1152 1944 Item
1197 1893 1263 1946 de
1317 1891 1746 1949 manumittendis

192 1975 443 2041 Hebraeis,
467 1977 553 2044 qui
585 1978 635 2029 in
666 1978 969 2031 servitutem
1000 1978 1190 2031 venditi
1233 1988 1373 2044 sunt,
1402 1988 1457 2032 et
1486 1979 1552 2032 de
1595 1979 1746 2033 debi-

193 2077 358 2120 turum
408 2068 761 2120 remissione:
792 2068 856 2121 de
881 2068 1055 2135 quiete
1092 2070 1315 2136 septimo
1357 2084 1564 2136 quoque
1609 2084 1747 2123 anno

194 2164 343 2206 terra:
363 2154 726 2208 concedenda.
760 2155 837 2208 Ad
868 2155 978 2207 ha-c
1003 2155 1069 2208 de
1092 2155 1342 2222 legalibus
1370 2157 1644 2223 prmceptis
1684 2171 1746 2210 ac

192 2242 505 2296 testimoniis
551 2244 816 2298 admonet.
877 2245 1042 2297 Porro
1071 2245 1404 2298 servantibus
1447 2247 1552 2310 illa,
1600 2248 1734 2300 bona

191 2333 501 2398 pollicetur;
560 2334 1060 2401 transgredientibus
1087 2350 1210 2386 vero
1250 2336 1558 2402 gravissima
1605 2337 1741 2390 mala

191 2422 430 2476 minatur.
467 2423 608 2476 Inter
658 2425 801 2477 cibos
850 2434 1022 2477 autem
1071 2425 1296 2478 mundos
1343 2434 1395 2478 et
1447 2427 1743 2480 immundos

189 2511 577 2566 distinctionem
607 2513 898 2581 hujusmodi
927 2516 1089 2582 ponit.
1119 2516 1171 2568 In
1204 2515 1370 2568 brutis
1391 2517 1743 2571 animantibus

188 2600 293 2653 brec
318 2601 512 2654 munda
541 2601 665 2654 dicit
683 2617 818 2668 esse,
834 2619 948 2671 quae
966 2604 1207 2671 ungulam
1224 2604 1479 2667 dividunt,
1503 2613 1555 2658 et
1578 2605 1739 2672 gemi-

187 2704 278 2742 nas
303 2693 523 2758 ungulas
551 2691 764 2756 habent,
791 2707 852 2745 ac
881 2694 1278 2748 rmninationem
1311 2705 1584 2762 regerunt;
1612 2711 1738 2762 qua-

184 2779 248 2830 lia
275 2789 397 2832 sunt
423 2781 636 2844 vitulus,
666 2782 796 2843 ovis,
828 2797 1002 2849 capra,
1030 2797 1238 2844 cervus,
1263 2783 1497 2846 bubalus,
1528 2799 1736 2850 caprea,

184 2881 330 2935 oryx,
374 2883 655 2936 pygargus,
690 2871 1041 2936 tragelaphus,
1093 2871 1541 2936 camelopardalis,
1573 2880 1624 2923 et
1670 2872 1741 2922 si-

184 2954 339 3005 milia.
371 2953 425 3006 Si
445 2967 570 3006 vero
597 2955 862 3021 quidpiam
886 2970 1066 3006 eorum
1088 2956 1330 3018 defuerit,
1362 2971 1454 3022 pro
1474 2955 1739 3008 immundo

185 3040 474 3106 habebitur,
506 3051 560 3093 ut
612 3053 732 3095 sunt
782 3044 1032 3104 camelus,
1086 3043 1256 3109 lepus,
1314 3042 1735 3110 chcerogryllus:

186 3129 293 3184 hzec
318 3132 459 3184 enim
513 3133 1026 3199 ruminantquidcm,
1056 3133 1146 3185 sed
1181 3135 1426 3201 ungulam
1472 3148 1573 3186 non
1633 3132 1737 3185 fin-

181 3218 338 3283 dunt;
367 3228 420 3273 et
448 3235 536 3272 sus
563 3236 768 3288 quoque
798 3237 810 3271 :
845 3237 962 3273 nam
996 3222 1077 3274 hic
1104 3223 1319 3290 ungulas
1347 3223 1576 3275 habetac
1597 3223 1731 3274 divi-

187 3308 279 3369 dit,
310 3310 403 3362 sed
430 3323 532 3361 non
562 3310 802 3361 ruminat.
839 3309 911 3363 De
942 3310 1233 3363 volatilibus
1256 3327 1378 3363 vero
1403 3326 1518 3378 quae
1539 3311 1622 3364 edi
1650 3326 1738 3364 ve-

181 3405 269 3459 tat,
319 3397 434 3451 hmc
484 3407 605 3451 sunt
639 3415 650 3450 :
683 3399 871 3467 aquila,
923 3399 1168 3468 gryphes,
1217 3399 1489 3464 haliaétus,
1537 3401 1732 3463 vultur,

182 3486 384 3551 milvus,
443 3501 651 3551 corvus,
685 3496 739 3540 et
778 3487 858 3540 his
900 3487 1109 3550 similia,
1139 3489 1386 3553 accipiter
1432 3496 1484 3540 et
1523 3489 1732 3553 similia,

179 3575 475 3640 nycticorax
523 3584 574 3627 et
615 3575 840 3637 similia,
887 3584 1194 3637 cataractes,
1248 3576 1367 3638 ibis,
1425 3577 1728 3643 porphyrio,

178 3666 459 3732 pelicanus,
489 3681 703 3734 cycnus,
736 3666 966 3730 erodius,
991 3666 1310 3723 charadrius.
1335 3675 1387 3718 et
1415 3665 1494 3718 his
1515 3667 1726 3730 similia,

179 3769 340 3822 upupa
370 3765 422 3809 et
450 3757 768 3823 vespertilio.
822 3757 1073 3824 liepentia
1106 3756 1350 3819 volatilia,
1382 3758 1555 3809 omnia
1606 3758 1731 3810 dicit

178 3858 285 3899 esse
311 3845 598 3908 immunda,
626 3861 741 3913 quae
763 3855 982 3914 quatuor
1001 3846 1214 3912 pedibus
1238 3846 1543 3914 gradiuntur
1586 3862 1731 3912 quae-

178 3949 271 4001 que
292 3951 445 3988 crura
477 3935 694 4002 pedibus
714 3936 1014 3988 sublimiora
1051 3937 1263 3997 habent,
1290 3938 1359 3986 ita
1392 3936 1517 3986 utin
1565 3935 1666 3986 illis
1700 3951 1729 3988 a

179 4034 307 4078 terra
336 4026 547 4087 saliant,
579 4025 746 4091 qualia
762 4033 886 4076 sunt
916 4024 1164 4086 bruchus,
1207 4025 1447 4090 pittacus,
1505 4033 1726 4092 attagus,

177 4111 367 4166 locusta
397 4121 449 4166 et
492 4113 700 4173 similia,
751 4122 801 4164 et
852 4113 1065 4165 lacerta.
1109 4114 1237 4175 Qua:
1295 4127 1418 4163 vero
1463 4112 1512 4162 in
1559 4114 1724 4178 aquis,

177 4203 278 4256 sive
308 4205 358 4255 in
391 4204 542 4265 mari,
575 4204 684 4255 sive
715 4203 764 4254 in
795 4201 1094 4254 [luminibus
1139 4218 1199 4254 ac
1228 4203 1547 4255 torrentibus
1575 4213 1713 4265 nata,

177 4291 279 4344 hare
307 4291 432 4344 dicit
458 4305 573 4344 esse
602 4292 813 4355 munda,
850 4292 934 4344 illa
975 4291 1217 4343 videlicet
1263 4306 1378 4358 qute
1430 4293 1612 4356 pinnas
1666 4301 1719 4343 et

178 4391 412 4444 squamas
435 4379 660 4440 habent;
696 4387 752 4430 ut
775 4389 895 4429 sunt
923 4380 1089 4445 trigla,
1119 4395 1316 4440 scarus,
1347 4380 1578 4445 glaucus,
1607 4393 1723 4430 ces-

177 4475 329 4533 treus,
362 4477 416 4521 et
446 4483 561 4535 qnie
590 4468 668 4520 his
695 4476 815 4520 sunt
839 4468 1044 4519 similia.
1082 4468 1207 4530 Qua:
1230 4476 1402 4518 autem
1433 4466 1603 4533 aliquo
1634 4481 1724 4517 eo-

176 4572 282 4611 rum
318 4567 517 4621 carent,
549 4557 810 4610 immunda
863 4573 957 4609 nec
1003 4557 1236 4618 edenda;
1270 4555 1512 4607 videlicet
1557 4555 1718 4621 sepia,

176 4659 280 4712 quae
304 4647 496 4713 pinnas
525 4646 694 4705 habet,
721 4647 948 4712 squamis
968 4655 1141 4698 autem
1165 4655 1325 4696 caret.
1358 4645 1432 4695 Ex
1457 4644 1557 4694 illis
1610 4659 1707 4694 au--

179 4743 270 4786 tem
291 4748 410 4802 qua:
428 4748 580 4800 supra
607 4742 797 4786 terram
829 4744 1034 4800 repunt,
1067 4734 1176 4785 haec
1200 4732 1463 4784 immunda
1497 4747 1610 4783 esse
1639 4732 1719 4782 di-

176 4821 254 4883 cit,
280 4828 586 4890 mustclam,
620 4820 937 4874 crocodilum
969 4830 1286 4881 terrestrem,
1314 4820 1574 4886 mygaleu,
1598 4819 1720 4871 chao

175 4912 514 4973 iuzeleontem,
536 4912 846 4973 stellionem,
863 4925 1065 4963 sauram
1087 4921 1136 4962 et
1156 4910 1365 4976 talpam.
1386 4911 1455 4962 De
1481 4919 1720 4976 serpente

174 5012 361 5065 autem,
394 5010 449 5054 et
477 5017 591 5068 qua:
624 5001 719 5067 ipsi
742 5009 861 5054 sunt
881 5002 1087 5062 similia,
1121 4999 1438 5065 superfluum
1468 5009 1607 5050 esset
1632 4999 1721 5048 ad-

173 5106 381 5144 monere
411 5108 422 5141 ;
451 5091 547 5143 hoc
578 5106 801 5157 namque
859 5090 1196 5141 animantium
1223 5102 1384 5155 genus
1416 5089 1574 5152 liquet
1602 5102 1718 5137 om-

171 5182 444 5234 nibusesse
461 5179 860 5232 abominandum
879 5193 937 5230 ac
957 5176 1339 5230 detestandum.
1365 5174 1717 5239 Similiterque

174 5267 215 5319 iu
245 5269 647 5322 Deuteronomio
674 5269 857 5319 horum
891 5267 1142 5318 meminit.
1174 5264 1301 5316 ltem
1340 5265 1445 5331 agit
1472 5264 1533 5314 de
1582 5279 1715 5314 mor.

173 5358 332 5412 ticinis
360 5367 414 5411 ut
443 5359 735 5425 prohibitis,
768 5358 832 5410 de
862 5358 1112 5423 sanguine
1137 5355 1396 5412 similiter,
1434 5353 1499 5404 de
1531 5354 1717 5404 mulie-

173 5449 306 5499 ribus
336 5448 674 5514 parientibus.
705 5449 758 5500 Si
791 5448 906 5513 quis
935 5460 1112 5496 semen
1144 5443 1398 5503 emiserit,
1425 5442 1718 5492 immundus

173 5539 261 5590 erit
288 5539 474 5591 diebus
490 5548 709 5605 septem.
738 5540 807 5590 De
830 5536 1223 5588 circumcisione
1250 5534 1392 5601 pueri
1421 5543 1608 5583 octavo
1633 5534 1716 5583 die

173 5623 416 5680 facienda.
467 5629 539 5680 De
579 5628 796 5679 muliere
841 5635 1189 5684 menstruata,
1235 5634 1285 5673 ct
1326 5621 1390 5673 de
1430 5622 1714 5673 differentia

172 5719 484 5787 purgationis
510 5732 686 5771 carum
711 5734 824 5785 qum
853 5719 929 5771 vel
954 5715 1238 5770 masculum
1264 5714 1338 5765 vel
1365 5713 1602 5764 ietninzun
1629 5729 1712 5778 pe-

1245 442 1558 497 SYNOPSIS
1595 439 1990 496 SCRIPTURIE
2029 440 2292 494 SACRIE.

3298 465 3409 520 330

1857 557 2104 623 pcrerint.
2137 557 2242 610 Lex
2271 557 2336 610 de
2375 559 2519 627 lepra
2544 567 2597 613 et
2619 561 2685 614 de
2705 560 2818 627 ejus
2845 561 3172 629 purgatione,
3199 558 3266 614 de
3316 575 3400 615 se-

1854 645 2119 711 mininuis,
2156 648 2292 702 etde
2331 650 2629 703 menstruis.
2663 651 2736 704 De
2765 650 3076 714 reverentia,
3125 649 3192 703 de
3241 663 3400 716 capro

1853 735 2125 789 emissario
2147 738 2289 791 etde
2313 738 2529 806 jejunio.
2561 740 2634 792 De
2651 739 2942 792 cohibenda
2971 737 3245 806 illegitimo
3286 737 3398 789 coi-

1855 829 1908 876 tu
1939 839 1952 874 :
1981 824 2048 878 de
2076 826 2348 880 eonnubiis
2373 828 2613 895 legitimis
2636 837 2689 881 et
2715 827 3015 896 illegitimis,
3047 838 3100 880 et
3123 825 3262 894 quod
3289 840 3396 881 non

1853 913 2039 967 debeat
2076 916 2320 970 sacerdos
2363 917 2568 970 viduam
2595 926 2682 970 aut
2707 917 3025 985 repudiatam
3061 915 3274 977 ducere,
3299 915 3392 968 sed

1855 1001 2125 1071 virginem.
2145 1004 2220 1058 De
2242 1004 2341 1056 ﬁlia
2355 1005 2638 1058 sacerdotis
2657 1005 2961 1057 fornicante.
2982 1003 3129 1068 Quod
3151 1003 3394 1056 sacerdos

1853 1089 2141 1158 inculpatus
2156 1107 2272 1144 esse
2285 1092 2489 1144 debeat.
2513 1093 2583 1145 De
2598 1091 2747 1145 donis
2759 1092 2961 1145 oblatis.
2983 1091 3055 1142 De
3067 1089 3311 1150 sabbatis,
3331 1089 3395 1142 de

1853 1179 2079 1245 festis,et
2093 1175 2160 1230 de
2174 1174 2309 1228 festo
2322 1177 2692 1242 Paschatis,de
2702 1175 3050 1244 Scenepegia,
3063 1178 3232 1246 deque
3259 1177 3394 1231 festo

1856 1269 2236 1329 Tubarum.De
2247 1269 2387 1333 oleo,
2404 1270 2468 1324 de
2485 1269 2698 1333 lumine,
2712 1269 2777 1322 de
2795 1269 3013 1336 panibus
3032 1269 3397 1336 propositionis

1851 1365 1902 1410 et
1923 1356 1988 1409 de
2015 1373 2150 1410 anno
2179 1360 2519 1412 remissionis.
2550 1359 2801 1424 Deinceps
2829 1358 2892 1411 de
2917 1359 3082 1411 servis
3105 1356 3298 1410 Judwis
3341 1365 3397 1410 et

1851 1446 2146 1513 gentilibus.
2192 1448 2262 1499 De
2319 1447 2675 1514 repudiatione
2728 1447 2984 1499 idolorum
3015 1447 3090 1498 sic
3123 1446 3395 1512 loquitur:

1858 1554 1877 1586 ι
1899 1536 2008 1603 Ego
2037 1537 2172 1589 enim
2189 1551 2303 1589 sum
2327 1538 2461 1589 Deus
2481 1547 2668 1600 vester;
2685 1551 2784 1589 non
2808 1535 3004 1589 facietis
3017 1535 3164 1588 vobis
3180 1535 3304 1602 ipsis
3329 1535 3400 1587 si-

1852 1626 2102 1690 mulacra,
2128 1641 2224 1679 nec
2267 1635 2488 1678 statuam
2515 1627 2723 1694 erigetis
2746 1625 2912 1687 vobis,
2955 1639 3125 1692 neque
3171 1625 3394 1692 lapidem

1853 1715 1902 1766 in
1934 1730 2144 1781 scopum
2177 1716 2380 1781 ponetis
2423 1716 2473 1767 in
2502 1725 2636 1768 terra
2667 1725 2721 1768 ut
2765 1714 2990 1768 adoretis
3019 1714 3164 1767 illum
3185 1713 3395 1782 »(ιευὶι.

1851 1802 1936 1855 26.
1970 1803 2074 1873 1.).
2103 1803 2179 1856 Ad
2210 1803 2320 1856 haec
2367 1805 2531 1857 minas
2571 1804 2717 1857 ell'ert
2767 1805 2816 1856 in
2849 1804 3271 1870 prmvaricatores
3318 1802 3396 1854 his

1851 1891 2056 1944 verbis:
2090 1909 2108 1940 ‹
2146 1891 2254 1958 Ego
2294 1892 2540 1944 Dominus
2563 1890 2698 1944 Deus
2724 1901 2913 1956 vester,
2944 1892 3032 1960 qui
3079 1891 3231 1944 eduxi
3304 1905 3396 1945 vos

1851 1980 1916 2033 de
1945 1990 2078 2032 terra
2105 1979 2317 2049 IEgypti
2341 1995 2457 2034 cum
2487 1981 2672 2034 essetis
2699 1981 2854 2041 servi,
2887 1988 2940 2034 et
2969 1981 3190 2033 contrivi
3214 1980 3396 2033 vincu-

1851 2067 1955 2119 lum
1997 2068 2104 2133 jugi
2135 2069 2315 2132 vestri,
2355 2083 2415 2120 ac
2443 2068 2564 2120 duxi
2593 2083 2684 2121 vos
2707 2083 2824 2121 cum
2867 2067 3074 2121 fiducia.
3120 2067 3174 2121 Si
3220 2076 3394 2120 autem

1851 2169 1953 2207 non
1975 2155 2241 2208 audieritis
2265 2171 2368 2218 me,
2396 2170 2562 2222 neque
2583 2155 2807 2208 feceritis
2839 2165 3092 2223 praecepta
3115 2169 3230 2208 mea
3257 2154 3390 2218 haec,

1850 2241 1941 2295 sed
1969 2243 2094 2310 ipsis
2113 2244 2543 2310 repugnaveritis,
2570 2253 2624 2296 et
2645 2245 2684 2295 si
2705 2243 2911 2310 judiciis
2940 2243 3071 2296 meis
3091 2243 3394 2297 adversetur

1849 2331 2018 2382 anima
2040 2340 2228 2394 vestra,
2255 2333 2321 2383 ita
2350 2343 2403 2384 ut
2430 2346 2530 2383 non
2558 2331 2756 2384 faciatis
2781 2332 2955 2384 omnia
2977 2339 3236 2398 prtecepta
3256 2345 3392 2395 mea,

1849 2429 1905 2473 ut
1931 2420 2194 2488 dissipctis
2226 2430 2590 2474 testamentum
2615 2437 2791 2475 meum
2817 2438 2830 2485 ;
2859 2422 3096 2474 inducam
3117 2421 3166 2474 in
3188 2436 3281 2476 vos
3301 2436 3396 2474 an-

1847 2510 2092 2578 gustiam,
2121 2512 2366 2575 scabiem,
2395 2520 2445 2564 et
2485 2512 2725 2564 ardorem
2771 2523 3163 2565 consumentem
3209 2513 3393 2565 oculos

1847 2609 2045 2652 vestros
2071 2617 2082 2651 :
2106 2609 2157 2652 et
2209 2601 2528 2652 scminabitis
2573 2600 2761 2652 frustra
2800 2609 3088 2652 sementem
3126 2608 3350 2651 vestram
3377 2640 3391 2662 ,

1845 2699 1897 2740 et
1928 2687 2066 2739 hanc
2105 2690 2380 2741 comedent
2424 2690 2600 2742 hostes
2653 2690 2810 2741 vestri
2845 2707 2862 2739 ι
2895 2689 2913 2755 (
2940 2688 3070 2741 Ibid.
3097 2705 3141 2741 υ.
3173 2689 3391 2758 15-16).

1846 2775 1944 2827 lsta
1971 2777 2201 2827 continet
2228 2776 2312 2827 hic
2337 2776 2492 2836 liber,
2521 2790 2642 2827 cum
2666 2776 2780 2829 aliis
2805 2776 3064 2829 mandatis
3092 2786 3146 2831 et
3193 2792 3392 2846 prazce-

1845 2865 1962 2932 ptis,
1986 2865 2037 2917 in
2068 2864 2253 2932 hisque
2277 2864 2603 2917 terminatur.

2267 2991 2500 3029 svsorsrs
2526 2989 2842 3029 NUMERORUM
2869 2975 2967 3046 (a).

1911 3086 2127 3139 Jubetur
2144 3085 2346 3154 Moyses
2369 3101 2642 3139 numerare
2664 3086 2911 3154 populum
2933 3101 2961 3138 a
2985 3086 3233 3155 vigesimo
3253 3103 3390 3141 anno

1841 3187 1894 3231 ct
1915 3193 2067 3244 supra
2093 3218 2105 3240 ,
2134 3187 2384 3246 erantque
2412 3188 2656 3232 sexcenta
2685 3179 2778 3230 tria
2815 3179 2973 3232 millia
3007 3179 3272 3232 hominum
3296 3222 3308 3242 ,
3338 3191 3389 3234 et

1841 3268 2073 3321 sexcenti
2115 3269 2484 3336 quinquaginta
2513 3309 2527 3331 ,
2572 3279 2758 3336 pra-ter
2806 3269 3033 3323 Levitas.
3077 3272 3388 3340 Genealogia

1841 3356 2166 3418 Levitarum,
2207 3357 2296 3424 qui
2338 3368 2716 3419 numerantur,
2765 3365 3016 3424 erantque
3058 3359 3237 3424 viginti
3284 3359 3388 3412 duo

1840 3444 1982 3497 mille
2010 3444 2224 3497 trecenti
2251 3459 2279 3496 a
2318 3447 2452 3498 natis
2483 3461 2584 3498 uno
2611 3461 2792 3499 mense
2817 3455 2869 3500 et
2899 3461 3076 3514 supra.
3105 3449 3233 3512 Quia
3265 3465 3387 3505 vero

1841 3535 2170 3603 primogeniti
2216 3535 2420 3589 lsraelis
2459 3547 2609 3588 erant
2648 3537 2826 3601 viginti
2869 3536 2973 3589 duo
3013 3539 3154 3590 mille
3178 3538 3385 3592 ducenti

1839 3625 2165 3691 septuaginta
2207 3632 2344 3687 tres,
2389 3640 2483 3691 pro
2523 3624 2586 3677 iis
2624 3625 2709 3691 qui
2750 3639 3024 3678 numerum
3063 3627 3387 3681 excedebant

1838 3714 2223 3780 redemptiones
2275 3714 2477 3780 accepit
2515 3713 2719 3780 Moyses
2761 3714 3005 3782 deditque
3031 3716 3243 3770 Aaroni.
3285 3717 3386 3771 Ile-

1836 3803 2163 3869 demptiones
2184 3813 2354 3855 autem
2379 3803 2684 3855 erantmille
2706 3804 2921 3855 trecenti
2950 3804 3215 3871 sexaginta
3236 3805 3385 3872 quin-

1835 3908 1934 3960 que
1971 3895 2081 3945 sicli
2111 3909 2204 3959 pro
2229 3894 2476 3961 quolibet.
2510 3893 2752 3961 Prtecipit
2778 3893 3014 3960 quisnam
3043 3911 3152 3946 rem
3182 3909 3383 3947 sacram

1835 3981 1980 4033 obire
2027 3981 2251 4042 debeat,
2297 3996 2548 4048 quosnam
2579 3996 2696 4034 esse
2729 3990 2967 4048 oporteat
2997 3981 3201 4034 Levitas
3234 3999 3246 4034 :
3278 3998 3381 4034 non

1833 4071 1970 4124 enim
1993 4086 2180 4123 omnes
2203 4071 2384 4123 eodem
2417 4072 2612 4124 honore
2641 4070 3006 4138 dignabantur.
3038 4072 3165 4122 Aliis
3193 4073 3382 4136 pretio-

1831 4163 1966 4214 siora
2000 4175 2116 4212 vasa
2144 4160 2493 4221 tabernaculi,
2528 4161 2643 4212 aliis
2683 4161 2880 4212 minora
2913 4159 3379 4212 concredebantur.

1832 4250 2060 4302 Fuerunt
2084 4259 2259 4300 autem
2288 4249 2480 4301 Levita:
2515 4264 2540 4299 a
2569 4250 2820 4316 vigesimo
2848 4264 2984 4301 anno
3011 4257 3061 4302 ct
3089 4265 3263 4317 supra,
3293 4253 3378 4317 qui

1835 4341 2212 4400 ministrabant,
2233 4356 2396 4406 usque
2419 4339 2481 4390 ad
2511 4340 2993 4407 quinquagesimum
3021 4355 3234 4405 annum,
3264 4349 3379 4392 octo

1832 4429 1973 4481 mille
2013 4430 2273 4496 quingenti
2322 4428 2581 4495 octoginta
2636 4439 2758 4480 tres.
2791 4429 2934 4481 Tunc
2987 4429 3128 4494 jubet
3169 4443 3376 4480 onmem

1832 4517 2152 4569 imnmndum
2196 4517 2432 4569 emittere
2470 4534 2532 4569 ex
2574 4518 2776 4578 castris,
2822 4517 2966 4570 etde
2997 4518 3251 4569 sacrificio
3281 4533 3374 4583 pro

1829 4606 2020 4659 delicto
2045 4606 2288 4672 loquitur,
2316 4605 2579 4672 legemque
2604 4606 2871 4673 zelotypia:
2893 4607 3106 4668 statuit;
3136 4613 3188 4657 ut
3210 4621 3375 4671 neque

1829 4697 2084 4748 calumnia
2118 4695 2452 4760 impeteretur
2481 4695 2666 4745 mulier
2690 4695 2822 4745 circa
2849 4694 3178 4755 adulterium,
3208 4709 3376 4760 neque

1829 4786 2058 4838 adultera
2086 4786 2246 4836 latere
2278 4793 2470 4849 posset.
2505 4784 2577 4834 De
2617 4783 2912 4848 precatione
2952 4784 3374 4836 sanctificationis

1827 4877 2088 4936 statuitur,
2109 4885 2156 4926 et
2175 4874 2435 4941 quomodo
2461 4881 2702 4938 oporteat
2724 4873 3043 4924 sacerdotem
3069 4873 3372 4926 benedicere

1830 4966 1960 5017 filios
2007 4964 2182 5016 Israel.
2232 4963 2326 5015 Ubi
2363 4971 2535 5013 autem
2574 4961 2716 5014 stetit
2748 4962 3156 5022 tabernaculum,
3184 4961 3368 5013 attule-

1827 5062 1946 5107 runt
1969 5053 2227 5120 principes
2259 5051 2393 5103 dona
2421 5051 2577 5102 multa
2606 5066 2911 5118 magnaque.
2934 5051 3148 5103 .lubetur
3168 5053 3366 5118 Moyses

1886 5168 1955 5226 (α)
1993 5167 2179 5214 Initium
2203 5165 2309 5212 libri
2354 5173 2662 5212 Numerorum
2701 5166 2746 5212 in
2781 5166 3076 5226 Lugdunensi
3113 5164 3278 5226 Codice
3303 5163 3369 5226 sic

1825 5223 1971 5274 habet
1997 5241 2007 5273 :
2035 5229 2116 5273 llic
2142 5226 2258 5272 liber
2283 5233 2469 5271 vocatur
2498 5242 2519 5268 ι
2538 5233 2844 5272 Numerorum
2869 5243 2888 5267 ι
2915 5260 2926 5280 ,
2952 5225 3057 5284 quia
3073 5223 3262 5274 sim/ultr
3281 5223 3364 5269 tri-

1826 5287 1924 5344 bus,
1943 5290 2088 5346 juxta
2126 5293 2415 5346 pi-(vceptmn
2431 5286 2655 5346 HDomim',
2677 5294 2864 5346 quanta?
2885 5291 3032 5346 essent
3056 5291 3366 5346 tnt’nsm'ulmn

1825 5356 1908 5397 est.
1934 5343 1978 5396 et
2001 5349 2111 5405 quia
2128 5343 2271 5393 totius
2286 5343 2456 5405 populi
2491 5343 2711 5393 numerus
2734 5345 2782 5392 in
2819 5345 2903 5392 hoc
2928 5345 3044 5392 libro
3082 5343 3364 5390 declaratur.

1825 5408 2194 5457 Dinumerubant
2220 5405 2646 5468 rautenrpopulum
2686 5415 2861 5465 Not/ses
2897 5414 2938 5468 et
2969 5417 3136 5468 Δγανοη,
3181 5411 3223 5450 et
3261 5415 3366 5468 cum

1825 5469 1891 5517 eis
1916 5468 2140 5528 cujusque
2165 5467 2314 5514 tribus
2343 5466 2571 5528 princeps.
2593 5474 2643 5513 Iit
2666 5479 2884 5512 numerus
2906 5465 3175 5528 beliulorzmt
3196 5478 3225 5510 α
3250 5465 3366 5521 tit/c-

1824 5529 1941 5576 simo
1964 5524 2084 5575 iunio
2106 5536 2147 5575 et
2171 5541 2316 5587 supra
2341 5526 2548 5589 inventus
2569 5535 2634 5574 est
2649 5533 2876 5589 sexcenta
2895 5524 3041 5572 millia
3065 5532 3105 5589 et
3124 5530 3365 5589 cmtmucl

1824 5589 2175 5647 quinquaginta,
2206 5595 2377 5646 prufter
2402 5587 2535 5633 alios.
2582 5587 2767 5633 ’I'ribum
2809 5594 2962 5632 autem
2996 5587 3366 5643 Ictum-paruam

1824 5655 2233 5696 tuuulnerat-erunt
2253 5650 2510 5694 secundum
2533 5648 2723 5696 verbum
2746 5647 2940 5704 Domini,
2964 5654 3136 5705 Moyses
3155 5655 3197 5694 ct
3239 5655 3366 5690 ττι-ὀη

1828 5710 1928 5770 cuii,
1957 5723 1984 5754 (ι
2007 5723 2160 5757 mense
2184 5722 2273 5759 mo
2296 5715 2339 5756 ct
2365 5721 2526 5772 supra.
