3990 6438
593 467 697 521 331

589 558 1170 621 sanettﬁcareLevitas,
1184 557 1430 626 auditque
1449 571 1478 610 a
1494 554 1747 623 vigesimo
1761 563 1899 603 anno
1916 555 1970 602 et
1989 559 2141 614 supra

592 655 836 713 oportere
877 648 1021 715 ipsos
1057 644 1375 710 ministrare,
1426 659 1455 696 a
1499 639 1927 709 quinquagesimo
1973 642 2147 688 autem

599 750 740 790 anno
766 749 796 788 a
830 734 1120 788 ministerio
1159 748 1386 787 cessare.
1426 732 1681 798 Praecepit
1714 729 1840 798 ipsis
1887 726 2023 779 Deus
2058 737 2150 790 per

595 824 828 892 Moysem
857 830 914 875 ut
938 819 1129 889 pascha
1155 820 1365 874 faciant.
1395 819 1510 883 Dic,
1557 817 1739 884 inquit,
1772 824 1816 868 et
1851 813 2036 881 faciant
2058 809 2151 876 ﬁlii

597 912 762 966 Israel
779 911 964 980 pascha
989 910 1008 981 (
1030 909 1190 962 Num.
1218 909 1270 963 9.
1298 908 1389 978 Ξ).
1415 909 1536 961 Erat
1562 905 1700 960 enim
1729 902 1929 972 primus
1955 898 2151 951 mensis

595 1001 812 1058 secundi
850 999 992 1054 anni.
1033 1000 1385 1053 Accesserant
1419 1003 1593 1049 autem
1632 989 1887 1046 immundi
1915 987 1981 1042 ad
2008 986 2150 1055 Moy-

595 1107 732 1157 sem,
757 1098 812 1146 et
837 1089 1024 1144 obtulit
1047 1103 1141 1155 pro
1163 1087 1266 1141 illis
1295 1086 1422 1140 Deo.
1453 1081 1813 1150 Pra-cepitque
1840 1078 2001 1140 Deus,
2028 1090 2150 1129 eum

596 1182 684 1250 qui
712 1195 816 1234 non
845 1187 1024 1247 posset
1049 1176 1101 1229 in
1126 1175 1296 1243 primo
1322 1185 1502 1226 mense
1525 1167 1800 1222 immolare
1824 1162 2036 1233 pascha,
2067 1160 2152 1214 vel

598 1268 736 1337 quod
775 1265 1074 1321 immundus
1115 1271 1288 1324 esset,
1319 1261 1400 1314 vel
1427 1259 1567 1329 quod
1597 1259 1650 1311 in
1679 1257 1836 1323 longo
1862 1254 2072 1316 itinere,
2101 1252 2154 1304 in

597 1355 832 1412 secundo
855 1367 1037 1407 mense
1062 1351 1252 1413 facere,
1276 1349 1476 1402 decima
1495 1345 1646 1399 tertia
1666 1343 1770 1398 die.
1792 1342 1847 1397 Si
1869 1341 1987 1410 quis
2006 1354 2153 1404 vero,

599 1443 826 1500 mundus
856 1455 974 1495 cum
1008 1439 1097 1504 sit,
1126 1452 1224 1491 nec
1248 1438 1298 1490 in
1345 1437 1500 1504 longo
1535 1435 1744 1496 itinere,
1787 1431 1920 1484 nolit
1962 1429 2154 1498 pascha

598 1535 774 1589 facere
798 1532 850 1584 in
874 1531 1041 1599 primo
1071 1540 1269 1591 mense,
1287 1525 1385 1578 sub
1412 1532 1627 1592 peccato
1653 1522 1777 1575 erit.
1809 1519 1939 1581 Lex,
1969 1517 2155 1586 inquit,

600 1636 702 1676 una
727 1621 795 1675 sit
815 1618 1031 1672 advenze
1063 1626 1116 1670 et
1155 1615 1431 1682 indigenze.
1469 1612 1600 1666 Cum
1631 1609 1940 1664 ascenderet
1968 1607 2156 1669 nubes,

601 1720 771 1766 castra
801 1706 1082 1763 movebant
1109 1703 1358 1758 lsraelitze
1380 1741 1396 1766 ,
1424 1709 1477 1756 et
1503 1701 1590 1754 ubi
1620 1698 1786 1752 nubes
1815 1697 2024 1760 stabat,
2056 1695 2161 1748 illic

601 1809 772 1855 castra
820 1795 1165 1851 mutabantur.
1208 1791 1427 1846 Jubetur
1471 1789 1676 1858 Moyses
1704 1786 1877 1839 facere
1903 1785 2053 1836 tubas
2078 1797 2162 1836 ar-

603 1899 837 1960 genteas.
872 1887 942 1940 ita
971 1894 1028 1939 ut
1054 1899 1144 1951 per
1180 1883 1296 1936 illas
1338 1880 1716 1949 signiﬁcaretur
1752 1875 1964 1945 populo,
1995 1888 2161 1942 quan-

609 1981 803 2034 donam
828 1976 1084 2046 proﬁcisci
1106 1979 1394 2042 oporteret,
1421 1970 1629 2040 quando
1654 1981 1975 2036 congregare
2001 1980 2164 2034 popu-

607 2071 713 2122 lum
744 2068 795 2120 in
819 2065 970 2120 bellis
996 2105 1010 2128 ,
1039 2064 1088 2116 in
1111 2060 1385 2115 sacriﬁciis
1407 2100 1421 2123 ,
1453 2057 1810 2125 utendumque
1831 2070 1947 2110 esse
1976 2054 2164 2106 dicitur

608 2158 692 2210 bis
731 2155 868 2208 tubis
897 2154 949 2206 in
983 2151 1162 2215 festis,
1195 2150 1245 2202 in
1281 2147 1604 2212 neomcniis,
1636 2147 1688 2198 in
1728 2143 2066 2198 holocaustis.
2097 2141 2166 2195 Ut

607 2251 782 2298 autem
809 2238 1027 2309 profecti
1055 2247 1175 2292 sunt
1199 2237 1293 2290 ﬁlii
1325 2235 1502 2302 Israel,
1531 2234 1747 2304 rogabat
1773 2232 1980 2301 Moyses
1998 2229 2165 2284 Jobab

611 2335 771 2388 ﬁlium
803 2330 1030 2400 Raguel,
1061 2331 1148 2398 qui
1176 2336 1230 2381 et
1255 2326 1440 2382 Jothor
1464 2325 1752 2388 dicebatur,
1782 2331 1838 2376 ut
1865 2321 1962 2375 sibi
1989 2328 2044 2374 et
2070 2320 2167 2373 vite

611 2432 666 2479 et
691 2421 1064 2492 promissorum
1096 2418 1350 2470 bonorum
1372 2427 1591 2469 consors
1606 2421 1748 2467 esset
1775 2428 1789 2476 ;
1820 2419 1874 2465 et
1899 2424 2018 2463 cum
2045 2423 2165 2461 arca

612 2509 943 2570 eveheretur,
971 2506 1101 2558 dixit
1121 2505 1325 2574 Moyses
1349 2520 1362 2556 :
1396 2502 1642 2570 Exsurge,
1670 2500 1897 2564 Domine,
1925 2499 2170 2566 dissipen-

613 2608 694 2654 tur
721 2595 907 2648 inimici
936 2594 1036 2656 tui,
1065 2593 1256 2661 fugiant
1285 2605 1451 2643 omnes
1474 2589 1558 2658 qui
1585 2597 1630 2642 te
1654 2585 2061 2655 oderunt(Num.
2081 2585 2163 2640 10.

612 2687 726 2756 55).
769 2686 834 2740 Et
867 2683 1212 2737 murmuravit
1254 2682 1497 2750 populus,
1542 2688 1597 2734 et
1633 2681 1906 2734 combusta
1933 2686 2017 2732 est
2048 2690 2170 2745 pars

615 2782 904 2829 castrorum
939 2789 953 2836 ;
992 2781 1045 2824 et
1076 2777 1292 2824 vocatus
1332 2779 1414 2823 est
1452 2770 1596 2822 locus
1624 2767 1946 2823 Incendium.
1980 2767 2170 2821 Preca-

616 2874 805 2930 tusque
824 2868 905 2914 est
924 2859 1148 2928 Moyses,
1179 2867 1231 2910 et
1252 2858 1475 2911 cessavit
1500 2858 1650 2911 ultio.
1675 2857 2032 2926 Petebantque
2057 2870 2172 2910 car-

617 2963 712 3004 nes
735 2989 750 3011 ,
780 2958 832 3001 et
861 2947 1103 2999 dicebant
1127 2963 1138 2996 :
1184 2962 1202 2995 ι
1239 2944 1598 2997 Recordemur
1635 2945 1852 3012 piscium
1878 2983 1894 3007 ,
1920 2957 2054 3011 quos
2079 2957 2170 2998 co-

619 3036 955 3090 medebamus
985 3034 1034 3086 in
1057 3032 1311 3100 Egypto,
1334 3046 1668 3085 cucumerum
1698 3041 1751 3085 et
1796 3047 2076 3100 peponum,
2121 3039 2175 3086 et

618 3137 894 3194 porrorum
925 3130 978 3175 et
1000 3133 1245 3187 ceparum
1287 3127 1340 3172 et
1375 3120 1640 3173 alliorum.
1668 3119 1814 3173 Nunc
1851 3131 2024 3173 autem
2055 3120 2172 3173 ani-

619 3227 704 3266 ma
750 3217 926 3264 nostra
981 3208 1166 3271 arida;
1219 3207 1345 3262 nihil
1395 3217 1590 3276 praeter
1641 3224 1832 3262 manna
1886 3209 2173 3277 respiciunt

621 3299 760 3352 oculi
789 3298 954 3352 nostri
991 3314 1009 3348 s
1049 3297 1066 3363 (
1095 3295 1252 3347 Num.
1285 3296 1370 3350 Η.
1396 3296 1448 3349 5.
1472 3295 1556 3365 6).
1580 3295 1648 3351 Ut
1667 3307 1838 3349 autem
1861 3297 2171 3352 seditionem

621 3401 804 3440 eorum
845 3386 1072 3453 graviter
1101 3385 1300 3438 ferebat
1323 3422 1337 3446 ,
1369 3392 1422 3438 et
1457 3391 1568 3444 Deo
1587 3387 1940 3456 supplicabat,
1976 3386 2174 3440 addidit

621 3477 670 3531 ei
698 3476 1019 3544 septuaginta
1047 3475 1301 3537 seniores,
1329 3475 1414 3542 qui
1442 3484 1642 3543 partem
1671 3475 1911 3542 vitupcrii
1935 3490 2053 3529 cum
2085 3475 2175 3529 illo

621 3564 839 3618 ferrent.
867 3562 1012 3616 Tunc
1041 3562 1164 3616 Jesu
1193 3561 1300 3615 ﬁlio
1331 3560 1472 3615 Nave
1500 3561 1724 3624 dicente,
1761 3561 1988 3616 Prohibe
2015 3562 2173 3616 ﬁlium

623 3652 784 3708 Eldad
807 3663 860 3706 et
887 3651 1068 3704 Modad
1093 3666 1158 3705 ne
1183 3651 1512 3719 prophetent,
1541 3652 1615 3704 ait
1639 3651 1806 3704 Moses
1828 3669 1840 3704 :
1861 3649 1912 3703 N
1918 3668 1998 3704 um
2013 3667 2168 3704 temu—

629 3743 749 3796 laris
785 3751 836 3794 tu
876 3759 966 3810 pro
992 3758 1068 3794 me
1095 3742 1120 3794 Ρ
1148 3741 1211 3794 Et
1247 3743 1356 3808 quis
1384 3741 1571 3793 dederit
1597 3750 1650 3793 ut
1680 3751 1807 3795 totus
1833 3743 2046 3810 populus
2077 3741 2180 3794 Do-

627 3835 746 3887 mini
774 3834 1026 3902 proplteta:
1057 3833 1156 3885 sint
1182 3833 1201 3899 (
1234 3831 1393 3885 Num.
1425 3833 1509 3885 li.
1537 3831 1606 3884 29
1634 3830 1652 3900 j
1679 3832 1696 3862 ¹
1725 3833 1749 3883 'l
1776 3831 1921 3886 Tunc
1945 3831 2180 3886 ascendit

629 3925 871 3980 coturnix
907 3939 937 3977 a
969 3923 1188 3976 Domino
1210 3962 1226 3989 ,
1254 3931 1308 3976 et
1331 3921 1694 3976 comederunt.
1724 3921 1790 3974 Et
1817 3936 2001 3976 carnes
2029 3931 2178 3976 erant

629 4015 682 4067 in
720 4011 962 4067 dentibus
1002 4025 1219 4072 eorum,
1258 4010 1561 4078 priusquam
1601 4009 1908 4064 deﬁcerent.
1960 4009 2072 4064 [loc
2124 4009 2174 4063 in

630 4104 840 4160 Psalmo
873 4103 1028 4156 etiam
1067 4101 1259 4154 dictum
1285 4111 1366 4152 est
1397 4117 1411 4152 :
1444 4100 1620 4151 Adhuc
1656 4115 1767 4151 esca
1801 4115 1971 4151 eorum
1995 4109 2099 4152 erat
2127 4101 2179 4152 in

628 4209 714 4245 ore
743 4193 984 4256 ipsorum,
1022 4199 1070 4241 et
1109 4191 1184 4240 ira
1228 4187 1316 4239 Dei
1343 4189 1562 4240 ascendit
1597 4203 1744 4255 super
1771 4203 1852 4240 eos
1881 4203 1898 4238 :
1923 4194 1968 4240 et
2001 4187 2179 4240 occidit

626 4300 680 4338 an
709 4282 934 4351 pluribus
952 4295 1116 4332 eorum
1142 4277 1309 4348 (Psal.
1343 4279 1432 4331 77.
1461 4279 1548 4332 30.
1577 4279 1665 4344 31)
1685 4279 1724 4328 ’.
1759 4278 1981 4332 Vocatus
2005 4287 2176 4331 antem

629 4382 712 4427 est
738 4383 910 4423 autem
950 4369 1033 4422 hic
1068 4369 1214 4422 locus
1237 4368 1490 4436 Sepulcra
1531 4370 1986 4436 concupiscentire.
2032 4369 2180 4423 Tunc

630 4461 842 4530 loquuta
881 4467 960 4512 est
986 4466 1168 4513 contra
1208 4457 1435 4525 Moysem
1465 4456 1620 4509 Maria
1644 4456 1864 4510 dicens:
1903 4457 2042 4510 Num
2083 4459 2182 4527 ipsi

632 4551 726 4604 soli
763 4550 990 4617 loquutus
1035 4557 1105 4601 est
1143 4546 1275 4599 Deus
1305 4546 1322 4616 (
1355 4546 1510 4598 Num.
1537 4547 1622 4600 12.
1653 4545 1729 4616 2)
1759 4547 1782 4599 ‘l
1807 4547 1936 4600 Cum
1963 4547 2182 4602 dixisset

634 4652 763 4691 vero
807 4636 962 4699 Deus,
1002 4650 1059 4690 se
1105 4635 1200 4703 ipsi
1246 4634 1343 4688 soli
1382 4633 1755 4704 prophetarum
1796 4636 1864 4690 ita
1910 4636 2177 4705 loquntum

635 4740 771 4790 esse,
813 4725 1024 4778 immisit
1063 4725 1256 4792 lepram
1303 4724 1355 4776 in
1392 4723 1630 4788 Mariam,
1661 4723 1940 4793 Moyseque
1966 4737 2183 4794 rogante

632 4829 728 4882 pro
758 4813 839 4865 illa
865 4853 880 4876 ,
910 4828 1010 4866 non
1037 4813 1155 4866 tulit
1183 4826 1298 4865 eam
1326 4813 1469 4879 prius
1498 4810 1735 4864 mundari
1761 4852 1775 4876 ,
1801 4829 1954 4881 quam
1980 4825 2179 4881 septem

635 4901 747 4954 dies
777 4910 920 4953 extra
947 4909 1116 4953 castra
1154 4901 1450 4953 mansisset.
1484 4900 1636 4954 Mittit
1677 4915 1800 4970 ergo
1839 4903 2091 4970 quosdam
2119 4918 2181 4956 ex

709 5037 804 5108 {in
833 5037 1005 5108 Bibliis
1039 5039 1233 5108 Graecis,
1269 5042 1348 5099 Μὴ
1373 5043 1526 5100 ζηλοῖς
1547 5044 1646 5105 ἐμέ.
1672 5047 1764 5092 Καὶ
1789 5046 1858 5101 τίς
1877 5047 1944 5108 δῷ
1965 5044 2101 5091 παντὶ
2121 5048 2189 5107 τῷ

647 5095 746 5158 λαῷ
773 5101 941 5158 Κυρίου
971 5095 1236 5162 ποοφήταςς

700 5169 732 5231 '__
754 5167 803 5214 ln
822 5167 976 5216 Bibliis
995 5169 1164 5231 Grzecis
1186 5168 1299 5216 tulit.
1329 5173 1491 5231 _ltom.,
1521 5180 1556 5216 ιν
1577 5183 1650 5223 τοις
1673 5181 1790 5216 utam
1810 5181 1949 5227 αιτσιν,
1984 5171 2038 5231 in
2076 5172 2182 5231 pitt-

636 5225 1011 5298 gttibus‘eoruin.
1037 5227 1254 5298 Vulgata,
1289 5225 1486 5298 pingues
1520 5241 1700 5298 eorum,
1747 5237 1798 5277 et
1838 5236 1908 5298 sic
1938 5225 2181 5298 ’91ιῂριιο-

640 5286 735 5346 que
761 5288 1045 5346 interpretes
1068 5295 1263 5349 veteres
1285 5286 1543 5335 Secundum
1583 5286 1840 5349 lectionem
1883 5286 2179 5349 Hebraicam,

639 5351 965 5398 animum.
1004 5348 1091 5394 Sed
1141 5347 1186 5392 in
1231 5349 1560 5396 vetustissnmis
1610 5347 1967 5407 exemplaribus
2013 5347 2183 5400 crrecis

637 5413 797 5476 multis
818 5414 1085 5476 legebatur,
1101 5427 1135 5463 ιν
1156 5429 1230 5470 τοις
1251 5425 1408 5464 ιλιὶοσιν
1427 5428 1568 5472 «om,
1583 5414 1632 5462 in
1650 5413 1863 5476 pluribus
1884 5429 2064 5476 eorum.
2086 5425 2182 5474 Qua

636 5473 700 5521 de
724 5486 778 5521 re
797 5473 904 5522 vide
925 5477 1250 5535 Hieronymum
1275 5477 1415 5535 Epist.
1439 5477 1498 5523 ad
1521 5473 1708 5524 simiam
1733 5482 1782 5523 et
1801 5475 1991 5525 Fretell.
2021 5486 2072 5526 et
2091 5473 2181 5525 Au-

637 5537 876 5594 gustinum
915 5536 958 5582 iu
996 5533 1196 5595 Psalinos
1231 5533 1322 5582 hoc
1353 5534 1472 5583 loco.
1513 5535 1842 5595 'rheodorctus
1869 5538 2010 5584 etiam
2045 5550 2080 5585 ιν
2108 5555 2182 5595 τοις

636 5592 792 5642 {mth
813 5606 950 5656 ἀτᾶν)
965 5595 1043 5642 ubi
1068 5592 1311 5653 lnterpres
1333 5597 1492 5652 vertit,
1512 5594 1706 5656 pingues
1727 5609 1905 5654 eorum,
1932 5609 2026 5644 non
2041 5592 2181 5645 acqu

635 5660 739 5698 rate
756 5665 894 5718 sane.
921 5654 1316 5718 interpretatione
1338 5663 1499 5704 autem
1515 5653 1578 5704 in
1595 5653 1770 5718 'Psalm.
1796 5656 1874 5714 77,
1891 5653 2033 5718 quam
2055 5658 2180 5709 inter

632 5715 793 5774 spuria
812 5713 1150 5784 ablegavimus,
1176 5727 1209 5762 ιν
1242 5731 1312 5773 ηις
1331 5728 1484 5766 suis."
1506 5728 1619 5765 duo.
1645 5716 1834 5778 legitur.

1272 444 1328 502 S.
1366 441 1639 501 JOAN‘NIS
1673 432 2140 496 CHRYSOSTOMl
2179 430 2492 487 ARClllEP.
2530 429 3050 488 CONSTANTINOP.

3710 439 3838 490 332

2254 545 2447 612 populo
2487 546 2821 614 exploratum
2865 553 3056 598 terram
3087 542 3526 596 Cltanattteorum.
3564 539 3678 606 Qua
3709 554 3788 592 ex
3815 563 3831 574 ο

2255 631 2476 697 plorata,
2508 646 2660 685 uvam
2699 631 2822 686 inde
2861 636 3154 700 gestarant,
3197 638 3492 697 terramque
3525 625 3829 682 admodum

2254 717 2550 772 laudabant.
2585 719 2690 774 Sed
2731 719 2988 773 timebant
3024 717 3273 786 populum
3307 760 3323 785 ,
3359 715 3497 784 quod
3528 714 3832 768 bellatores

2253 806 2358 859 illic
2395 805 2492 860 viri
2535 815 2730 861 essent.
2758 806 2958 862 Chaleb
2981 814 3156 859 autem
3185 803 3321 855 ﬁlius
3348 802 3620 870 Jepbone,
3646 810 3703 855 et
3725 800 3831 854 Je-

2255 910 2343 948 sus
2373 895 2510 950 ﬁlius
2533 895 2674 950 Nave
2700 936 2715 960 ,
2746 895 2836 964 qui
2859 903 2912 949 et
2937 894 3036 962 ipsi
3071 907 3136 946 ex
3176 905 3396 945 numero
3419 891 3829 959 exploratorum

2255 993 2425 1048 erant,
2454 984 2648 1051 popqu
2682 985 2887 1037 animos
2915 981 3175 1036 addebant
3209 999 3223 1035 :
3251 980 3322 1036 illi
3353 989 3525 1034 autem
3555 989 3832 1034 venerunt

2257 1069 2541 1137 lapidatum
2589 1085 2701 1125 eos.
2743 1071 3046 1139 Rursusque
3091 1070 3253 1123 Deum
3295 1067 3648 1122 irritaverant.
3677 1068 3830 1122 Tum

2255 1158 2385 1211 dixit
2413 1159 2573 1225 Deus,
2604 1175 2709 1212 non
2734 1174 3046 1213 ascensuros
3070 1172 3189 1212 esse
3223 1171 3315 1212 eos
3342 1158 3429 1226 qui
3457 1173 3836 1212 murmurave-

2256 1256 2377 1301 runt
2402 1249 2452 1301 in
2477 1257 2669 1302 terram
2698 1249 3078 1317 promissionis,
3107 1248 3207 1302 nisi
3232 1255 3428 1300 tantum
3453 1247 3588 1301 ﬁlios
3606 1262 3829 1315 eorum,

2257 1345 2311 1390 et
2331 1337 2528 1392 Chaleb
2558 1338 2718 1391 lilium
2744 1339 3002 1406 Jcphone,
3033 1348 3085 1392 et
3113 1338 3314 1394 Iesum.
3341 1337 3688 1408 Quadraginta
3721 1355 3830 1394 au-

2260 1435 2362 1479 tem
2395 1425 2569 1492 anuis,
2598 1427 2782 1495 inquit,
2811 1437 2965 1482 erunt
2995 1428 3044 1480 in
3071 1427 3284 1482 deserto
3311 1465 3326 1492 ,
3366 1427 3535 1482 donec
3571 1426 3659 1481 lilii
3703 1443 3835 1483 cre-

2261 1517 2452 1579 verint,
2473 1516 2760 1569 secundum
2787 1531 3060 1569 numerum
3096 1517 3321 1582 dierum,
3351 1516 3544 1586 quibus
3568 1517 3836 1571 visitave-

2259 1613 2385 1658 runt
2413 1613 2628 1658 terram.
2664 1606 2810 1658 Tunc
2849 1606 3205 1674 exploratores
3233 1620 3416 1660 omnes
3452 1606 3642 1660 mortui
3668 1615 3832 1672 sunt,

2262 1696 2494 1764 exceptis
2513 1695 2710 1750 Chaleb
2734 1704 2786 1749 et
2810 1695 2932 1750 Jesu
2959 1696 3065 1749 ﬁlio
3091 1695 3228 1749 Nave
3261 1713 3274 1748 :
3305 1695 3550 1764 ﬂevitque
3573 1696 3832 1764 populus.

2262 1785 2628 1840 Ascenderunt
2653 1797 2836 1839 contra
2867 1787 3081 1840 Amalec
3107 1795 3301 1854 praeter
3337 1786 3426 1840 Dei
3459 1787 3706 1854 placitum
3727 1827 3743 1850 ,
3776 1796 3840 1840 et

2263 1889 2385 1928 arca
2417 1875 2609 1928 mansit
2637 1875 2688 1928 in
2718 1876 2902 1929 castris
2930 1890 3048 1930 cum
3076 1875 3272 1944 Moyse.
3306 1875 3583 1944 Exivitque
3610 1876 3838 1929 Amalec

2265 1973 2317 2016 et
2347 1965 2605 2031 percussit
2629 1978 2740 2018 eos.
2769 1964 3074 2032 Pratcipitur
3093 1963 3160 2018 de
3181 1964 3521 2030 holocaustis,
3554 1964 3620 2018 de
3645 1965 3841 2034 primi-

2267 2052 2370 2117 tiis,
2400 2053 2466 2106 de
2494 2052 2761 2106 sacriﬁciis
2797 2067 2890 2120 pro
2929 2052 3138 2106 delicto.
3171 2053 3546 2120 Deprehensus
3574 2063 3655 2106 est
3675 2056 3837 2122 qttis-

2265 2143 2401 2210 piam
2441 2141 2583 2212 ligna
2627 2143 2881 2211 colligens
2931 2143 2982 2196 in
3023 2142 3276 2208 sabbato,
3335 2151 3389 2197 et
3429 2143 3682 2211 lapidatus
3725 2155 3836 2199 est.

2267 2231 2646 2298 Prmcipiuntur
2669 2231 2900 2286 ﬁmbrias
2921 2232 2971 2284 in
2992 2232 3101 2286 oris
3124 2231 3316 2286 facere.
3340 2231 3415 2286 De
3438 2232 3593 2298 Core,
3625 2233 3837 2288 Datban

2266 2329 2318 2374 et
2344 2319 2540 2373 Abiron
2568 2335 2582 2372 :
2615 2320 2864 2374 tumultus
2884 2335 3088 2384 eorum,
3107 2329 3161 2374 et
3185 2335 3356 2389 paenae
3394 2335 3527 2389 quas
3550 2321 3836 2375 dederunt.

2273 2408 2366 2462 His
2410 2409 2661 2477 peractis,
2707 2409 2893 2477 reliqui
2932 2410 2998 2464 de
3031 2410 3224 2478 populo
3249 2425 3350 2464 non
3380 2409 3443 2464 ad
3471 2411 3743 2464 meliorem
3775 2426 3840 2466 se

2269 2497 2470 2566 frugem
2498 2508 2809 2566 receperunt
2830 2538 2844 2562 ,
2877 2498 2970 2552 sed
3000 2513 3179 2552 rursus
3207 2500 3604 2553 insurrexerunt
3643 2510 3838 2552 contra

2271 2588 2522 2658 Moysem,
2569 2589 2966 2657 moriunturque
3000 2588 3392 2655 quatuordecim
3440 2589 3586 2642 mille
3626 2591 3838 2656 septin-

2271 2679 2432 2748 genti.
2454 2677 2602 2732 Tunc
2627 2677 2801 2732 ﬂoruit
2827 2678 2968 2746 virga
2995 2679 3234 2732 Aaronis.
3258 2677 3392 2732 Dicit
3415 2686 3468 2733 et
3491 2679 3679 2732 statuit
3702 2679 3836 2746 quid

2270 2769 2509 2835 accipere
2545 2768 2769 2821 debeant
2797 2767 2991 2822 Levita:
3027 2776 3080 2823 et
3107 2768 3354 2822 sacerdos
3381 2783 3600 2838 magnus
3621 2809 3635 2832 ,
3667 2778 3721 2823 et
3750 2769 3832 2823 le-

2271 2870 2388 2924 gem
2415 2856 2506 2909 dat
2541 2855 2608 2910 de
2645 2857 2824 2910 cinere
2860 2856 3056 2920 vitulae,
3087 2872 3152 2910 ex
3202 2870 3304 2924 qua
3341 2858 3664 2926 aspcrsionis
3693 2872 3836 2926 aqua

2272 2944 2450 2996 ﬁebat.
2478 2945 2622 2997 Hanc
2651 2959 2805 3011 porro
2829 2945 3040 2998 vitulam
3073 2946 3240 2997 visum
3270 2955 3352 2999 est
3373 2946 3684 3013 quibusdam
3714 2962 3840 3002 esse

2278 3032 2492 3100 ﬁguram
2531 3034 2786 3100 passionis
2817 3033 3020 3088 Domini
3041 3035 3205 3088 nostri
3231 3033 3355 3088 Jesu
3383 3033 3600 3090 Christi.
3625 3035 3730 3090 Per
3753 3037 3837 3090 ei-

2276 3137 2457 3176 nerem
2503 3131 2676 3176 autem
2721 3123 2896 3177 vitula:
2944 3122 3293 3178 mundabatur
3332 3124 3378 3178 is
3409 3125 3496 3193 qui
3536 3124 3840 3180 immundus

2273 3221 2387 3267 erat
2411 3227 2439 3265 a
2467 3223 2694 3266 mortuo.
2728 3211 2882 3267 Venit
2908 3221 3083 3266 autem
3115 3213 3336 3281 populus
3365 3213 3417 3266 in
3440 3212 3630 3278 Gades,
3659 3213 3841 3283 ibique

2276 3309 2484 3354 mortua
2511 3300 2819 3368 sepultaque
2844 3308 2924 3353 est
2945 3299 3124 3353 Maria.
3157 3300 3440 3355 Deﬁciente
3468 3314 3602 3370 aqua
3627 3316 3840 3356 rursum

2276 3397 2599 3440 murmurant
2623 3387 2787 3441 Judrei
2819 3403 2834 3440 :
2887 3386 3093 3457 Moyses
3131 3402 3257 3440 vero
3296 3395 3352 3442 et
3385 3389 3561 3442 Aaron
3586 3387 3842 3456 iubentur

2277 3490 2464 3544 aquam
2499 3475 2564 3529 de
2602 3484 2743 3544 petra
2782 3475 3027 3529 educere.
3058 3475 3323 3531 Percussit
3350 3476 3491 3530 illam
3523 3475 3730 3544 Moyses
3756 3477 3841 3531 di-

2276 3577 2438 3617 cens:
2476 3563 2735 3632 Numquid
2776 3580 2837 3616 ea:
2878 3565 2972 3616 hac
3011 3573 3150 3633 petra
3186 3565 3452 3618 educemus
3488 3565 3621 3619 vobis
3658 3582 3840 3634 aquam

2279 3652 2462 3723 (Num.
2493 3653 2582 3708 20.
2623 3653 2710 3723 10)
2744 3653 2768 3708 l
2798 3653 2860 3708 Et
2888 3668 3092 3724 egressa
3131 3663 3211 3709 est
3253 3668 3406 3724 aqua.
3445 3654 3691 3724 Dixitque
3735 3656 3842 3709 Do-

2280 3743 2454 3796 minus
2497 3742 2561 3796 ad
2613 3741 2842 3812 Moysetn
2888 3751 2941 3796 ct
2987 3743 3208 3796 Aaron:
3258 3743 3388 3809 Quia
3427 3759 3526 3796 non
3563 3744 3843 3800 credidistis

2280 3831 2434 3894 mihi,
2465 3841 2518 3884 ut
2554 3832 2929 3900 sanctiﬁcaretis
2956 3848 3032 3885 me
3057 3848 3226 3886 coram
3256 3833 3375 3900 ﬁliis
3399 3831 3581 3899 Israel,
3607 3834 3718 3887 ideo
3740 3851 3842 3888 non

2279 3919 2596 3973 introducetis
2639 3936 2722 3973 vos
2765 3920 2896 3973 hunc
2929 3930 3104 3974 cretum
3133 3923 3185 3975 in
3210 3931 3428 3990 terram,
3457 3939 3604 3991 quam
3632 3922 3749 3976 dedi
3772 3927 3842 3979 eis

2281 4007 2436 4077 (Ibid.
2452 4025 2500 4061 υ.
2521 4007 2630 4077 12).
2652 4009 2750 4062 Per
2775 4009 2974 4078 legatos
2993 4009 3099 4078 agit
3124 4009 3330 4078 Moyses
3353 4025 3472 4065 cum
3495 4025 3618 4079 rege
3644 4010 3840 4078 Edom,

2282 4108 2339 4152 ut
2382 4113 2474 4152 eos
2513 4098 2740 4152 transire
2778 4098 3016 4154 sineret:
3055 4099 3141 4154 ille
3169 4113 3294 4154 vero
3331 4114 3436 4154 non
3474 4099 3711 4168 permisit
3743 4117 3759 4155 :
3791 4111 3845 4155 et

2281 4188 2673 4244 declinaverunt
2692 4189 2759 4242 ab
2786 4203 2851 4242 eo
2877 4188 2966 4241 ﬁlii
2991 4188 3174 4243 Israel.
3200 4187 3271 4244 Ut
3294 4198 3466 4243 autem
3491 4199 3845 4257 pervenerunt

2283 4277 2334 4331 in
2367 4287 2595 4330 montem
2624 4276 2715 4337 Or,
2740 4275 2888 4344 jussu
2933 4277 3022 4330 Dei
3064 4277 3347 4345 assumptis
3389 4275 3594 4346 Moyses
3630 4278 3845 4332 Aaronc

2283 4373 2337 4418 et
2365 4365 2614 4418 Eleazaro
2644 4365 2751 4416 lilio
2781 4364 2915 4433 ejus,
2947 4364 3164 4418 adduxit
3190 4377 3282 4418 eos
3305 4364 3355 4417 in
3387 4372 3652 4418 montem:
3681 4375 3731 4418 et
3764 4365 3843 4418 in-

2283 4456 2394 4510 duit
2422 4456 2726 4508 Eleazarum
2755 4455 2988 4508 vestibus
3021 4454 3156 4523 ejus.
3191 4456 3364 4509 Aaron
3397 4463 3574 4510 autem
3605 4463 3848 4509 mortuus

2285 4551 2368 4598 est
2395 4545 2444 4597 in
2475 4553 2670 4597 monte.
2697 4543 2966 4612 Flevitque
2995 4544 3215 4612 populus
3239 4543 3446 4613 triginta
3477 4543 3678 4599 diebus.
3712 4545 3844 4598 Cha-

2287 4647 2528 4686 nanacum
2561 4633 2828 4695 vicerunt,
2860 4643 2909 4684 et
2948 4631 3280 4686 anathemate
3313 4630 3580 4686 ferierunt.
3617 4633 3845 4689 Profecti

2285 4732 2459 4775 autem
2488 4720 2554 4773 ad
2581 4735 2728 4774 mare
2757 4720 2988 4773 Rubrum
3012 4760 3027 4785 ,
3073 4720 3394 4774 circuierunt
3423 4730 3617 4776 terram
3654 4721 3843 4788 Edoni,

2286 4821 2340 4866 et
2357 4811 2531 4863 animo
2547 4809 2870 4875 defecerunt,
2896 4819 3458 4879 mnrmuraveruntque
3485 4820 3667 4866 contra
3698 4811 3842 4880 Moy-

2285 4917 2397 4955 scm
2429 4919 2440 4954 :
2465 4901 2780 4970 immisitque
2806 4901 2857 4954 in
2886 4915 2978 4955 eos
3017 4901 3155 4956 Deus
3194 4912 3469 4970 serpentes
3495 4903 3582 4970 qui
3611 4903 3727 4956 illos
3752 4919 3846 4957 oc-

2285 4991 2539 5045 ciderent.
2590 4991 2942 5060 l’recatusquc
2987 5000 3070 5044 est
3115 4992 3357 5062 Moyses,
3397 5001 3452 5046 et
3485 4993 3700 5062 iubente
3737 4995 3848 5051 Deo

2287 5079 2412 5134 fecit
2447 5091 2747 5148 serpentem
2787 5095 2990 5134 a‘neum
3024 5097 3036 5132 :
3065 5081 3153 5150 qui
3187 5095 3316 5135 vero
3343 5082 3702 5150 mordebatnr,
3727 5099 3845 5140 cum

2287 5169 2575 5235 respiceret
2620 5169 2671 5222 in
2719 5179 3060 5236 serpentem,
3099 5170 3324 5223 vivebat.
3361 5171 3436 5223 De
3475 5169 3576 5224 hoc
3601 5185 3845 5239 serpente

2288 5258 2484 5312 dictum
2533 5273 2615 5318 est
2634 5263 2689 5317 in
2706 5259 2986 5326 Evangelio
3020 5276 3033 5312 :
3064 5257 3204 5313 Sicut
3246 5259 3480 5312 eaaltavit
3513 5261 3712 5330 Moyses
3743 5279 3845 5315 ser-

2288 5358 2480 5416 pentem
2521 5349 2578 5401 in
2622 5349 2812 5401 deserto
2830 5387 2846 5414 ,
2872 5349 2943 5400 ita
2978 5358 3165 5416 oportet
3193 5349 3403 5401 exaltari
3424 5345 3613 5403 Filium
3635 5351 3843 5407 hominis

2291 5439 2481 5508 (Joan.
2515 5441 2566 5493 5.
2597 5441 2660 5494 ll
2686 5440 2723 5508 ).
2750 5439 2971 5508 Legatos
2999 5440 3158 5494 mittit
3181 5440 3386 5510 Moyses
3414 5440 3478 5493 ad
3503 5440 3640 5496 Scon
3668 5457 3842 5511 regem

2291 5531 2745 5585 Amorrha-orum.
2797 5531 2892 5584 llic
2942 5542 3116 5584 autem
3163 5531 3300 5585 Seon
3345 5547 3463 5585 cum
3508 5532 3699 5586 bellum
3726 5544 3843 5586 ante

2289 5625 2541 5675 movisset
2579 5630 2760 5674 contra
2800 5636 2974 5689 regem
3015 5620 3197 5687 Moab,
3229 5624 3367 5688 cepit
3396 5632 3586 5674 terram
3614 5621 3745 5689 ejus.
3777 5621 3843 5677 Ut

2290 5727 2412 5768 vero
2439 5711 2594 5768 etiam
2634 5721 2814 5767 contra
2849 5711 3105 5766 lst'aclitas
3137 5710 3368 5779 prmiium
3397 5712 3658 5768 commisit
3682 5753 3695 5776 ,
3727 5727 3842 5780 pro-
