3990 6430
194 411 305 465 331

200 531 342 582 μητε
366 513 734 582 μοιχευθεῖσαν
784 513 1033 565 δύνασθαι
1054 512 1252 565 λαϐεῖν.
1286 516 1415 585 Περὶ
1451 515 1548 582 τῆς
1585 514 1748 583 εὐχῆς

197 595 298 647 τοῦ
336 595 604 662 ἀγιασμοῦ
647 595 1015 658 διατάττεται,
1079 596 1171 648 καὶ
1194 596 1309 657 πῶς
1341 596 1420 647 δεῖ
1468 596 1555 648 τὸν
1606 594 1751 663 ἱερέα

196 676 443 741 εὐλογεῖν
474 676 598 736 τοὺς
644 677 786 737 υἱοὺς
818 677 1047 745 Ἰσραήλ.
1096 678 1182 737 Ὠς
1219 677 1273 728 δὲ
1322 677 1448 744 ἔστη
1486 678 1518 743 ή
1547 675 1748 743 σκηνὴ,

196 757 462 825 περιῆγον
488 756 535 807 οἱ
567 756 815 823 ἄρχοντες
841 757 985 826 δῶρα
1010 758 1176 810 πολλά
1194 775 1253 809 τε
1280 759 1371 810 καὶ
1398 756 1622 825 μεγάλα.
1650 756 1752 805 Κε-

194 834 409 889 λεύεται
454 835 690 903 Μωῡσῆς
728 837 944 903 ἁγνίσαι
976 838 1100 899 τοὺς
1155 839 1406 899 Λευίτας,
1442 836 1534 888 καὶ
1565 834 1748 887 ἀκούει

194 916 279 965 ὅτι
305 914 415 966 ἀπὸ
436 916 773 977 είκοοαέτους
792 917 869 967 δεῖ
893 918 1083 979 αὐτοὺς
1100 918 1421 984 λειτουργεῖν
1437 917 1527 969 καὶ
1548 916 1747 977 ἐπάνω,

195 994 303 1045 ἀπὸ
334 996 391 1045 δὲ
417 998 895 1063 πεντηκονταέτους
922 999 1242 1064 ἀφίστασθαι
1269 999 1363 1066 τῆς
1395 997 1745 1066 λειτουργίας.

198 1074 419 1126 Κελεύει
455 1078 630 1139 αὐτοῖς
657 1080 684 1129 6
721 1078 849 1140 Θεὸς
879 1079 964 1130 διὰ
995 1080 1266 1141 Μωῦσέως
1299 1080 1516 1147 ποιῆσαι
1558 1078 1617 1130 τὸ
1647 1078 1747 1129 πά·-

199 1170 322 1221 σχα.
358 1156 503 1208 Εἰπὲ
534 1157 659 1226 γὰρ,
692 1160 841 1225 φησὶ,
864 1160 960 1210 καὶ
986 1162 1336 1212 ποιείτωσαν
1359 1161 1472 1213 υἱοὶ
1508 1157 1746 1224 Ἰσραὴλ

195 1235 262 1286 t6
287 1236 514 1304 πάσχα.
550 1234 655 1290 Ἦν
687 1240 792 1307 γὰρ
821 1240 1032 1305 πρῶτος
1062 1241 1165 1309 μὴν
1188 1241 1279 1292 τοῦ
1306 1241 1547 1308 δευτέρου
1575 1240 1742 1298 ἔτους.

198 1317 505 1387 Προσῆλθον
549 1318 605 1370 δὲ
642 1323 689 1371 οι
729 1321 1020 1389 ἀκάθαρτοι
1048 1324 1286 1385 Μωῦσεῖ,
1346 1323 1436 1374 καὶ
1486 1322 1745 1388 ἀνήνεγκε

197 1398 322 1464 περὶ
355 1398 535 1450 αὐτῶν
567 1400 643 1467 τῷ
670 1401 803 1469 Θεῷ.
840 1404 947 1454 Kal
973 1402 1295 1470 προσέταξεν
1328 1405 1355 1455 6
1387 1402 1516 1462 Θεὸς
1539 1401 1627 1451 τὸν
1673 1398 1745 1466 μὴ

194 1475 488 1543 δυνάμενον
518 1482 577 1531 ὲν
606 1481 680 1549 τῷ
703 1481 900 1551 πρώτῳ
942 1485 1067 1550 μηνὶ
1102 1482 1245 1535 θύειν
1277 1482 1337 1533 τὸ
1364 1482 1563 1549 πάσχα,
1592 1480 1624 1549 ἦ
1659 1480 1743 1530 6l‘z

192 1558 253 1607 τὸ
282 1558 588 1627 ἀκάθαρτον
610 1556 763 1621 εἶναι,
793 1564 926 1630 ἣδιὰ
952 1564 1011 1615 τὸ
1033 1565 1088 1613 ὲν
1112 1564 1211 1631 ὀδῷ
1239 1564 1421 1630 μακρᾷ
1443 1562 1741 1628 τυγχάνειν,

193 1636 271 1705 τῷ
301 1639 537 1708 δευτέρῳ
579 1645 705 1712 μηνὶ
746 1647 945 1704 ποιεῖν,
980 1647 1042 1712 τῇ
1075 1642 1644 1712 τεσσαρεσκαιδεκάτῃ.
1682 1642 1742 1690 El

191 1717 247 1765 δέ
278 1734 357 1779 τις
384 1723 478 1772 καὶ
506 1722 739 1791 καθαρὸς
768 1723 861 1786 ὣν,
890 1726 981 1775 καὶ
1004 1725 1099 1774 οὑκ
1127 1723 1202 1773 ὢν
1228 1723 1283 1773 ὲν
1315 1723 1497 1790 μακρᾷ
1520 1720 1640 1787 ὁδῷ,
1670 1719 1741 1788 μὴ

195 1796 434 1863 βούλοιτο
470 1806 645 1855 ποιεῖν
679 1805 739 1857 τὸ
774 1806 954 1873 πάσχα
982 1807 1039 1856 ὲν
1077 1804 1153 1872 τῷ
1185 1803 1382 1873 πρώτῳ
1431 1806 1592 1872 μηνὶ,
1640 1802 1743 1853 ὑπὸ

194 1878 466 1946 ἁμαρτίαν
512 1883 683 1935 ἔσται.
729 1885 923 1951 Νόμος,
962 1886 1150 1952 φησὶν,
1187 1880 1264 1946 εἷς
1300 1884 1435 1935 ἔστω
1471 1882 1547 1951 τῷ
1579 1899 1744 1950 προσ-

192 1958 370 2027 ηλύτῳ
403 1961 496 2013 καὶ
522 1963 601 2030 τῷ
626 1964 919 2033 αὐτόχθονι.
962 1966 1149 2018 Ἰίνίκα
1171 1966 1443 2018 ἀνέϐαινεν
1466 1967 1497 2033 ὴ
1525 1964 1739 2031 νεφέλη,

430 2043 478 2093 οἱ
504 2044 614 2124 ,υἱοὶ
659 2044 883 2124 Ἰσραὴλ.
908 2048 998 2097 καὶ
1028 2041 1087 2098 οὗ
1124 2049 1188 2100 ἂν
1213 2048 1360 2116 ἔστη,
1399 2048 1512 2098 ἐκεῖ
1546 2062 1741 2114 παρεν-

192 2118 429 2171 έϐαλλον.
500 2123 791 2175 Κελεύεται
845 2128 1082 2195 Μωῦσῆς
1144 2129 1361 2195 ποιῆσαι
1442 2125 1740 2192 σάλπιγγας

191 2203 461 2271 ἀργυρᾶς,
508 2207 648 2257 ὥστε
688 2206 752 2257 δι’
777 2208 949 2261 αὐτῶν
993 2210 1270 2277 σημαίνειν
1301 2209 1377 2277 τῷ
1414 2209 1542 2275 λαῷ,
1581 2208 1737 2275 ἡνίκα

190 2285 397 2353 ἀπᾶραι
419 2285 547 2350 δέοι,
568 2287 725 2354 ἡνίκα
759 2293 1074 2355 συναγαγεῖν
1105 2290 1195 2341 τὸν
1224 2290 1346 2340 λαὸν
1380 2292 1435 2341 ὲν
1465 2289 1734 2358 πολέμοις,

192 2364 248 2413 ὲν
275 2365 502 2427 θυσίαις,
539 2369 839 2436 χρήσασθαι
866 2374 983 2431 ταῖς
1015 2371 1259 2437 σάλπιγξι
1289 2372 1509 2433 ταύταις
1538 2373 1593 2423 ὲν
1622 2374 1739 2440 έορ-

191 2444 484 2514 ταῖς,ἶ555]
517 2448 574 2498 ὲν
607 2450 944 2517 νεομηνίαις,
982 2452 1038 2501 ἐν
1082 2452 1535 2520 ὁλοκαυτώμασιν.
1579 2451 1662 2513 Ὠς
1683 2452 1736 2503 δὲ

190 2524 388 2593 ἐξῆραν
404 2527 453 2576 οί
473 2528 576 2579 υἱοὶ
592 2529 817 2598 Ἰσραὴλ,
843 2532 1135 2599 παρεκάλει
1150 2534 1237 2583 τὸν
1253 2532 1442 2600 Ἰωϐἀρ
1462 2544 1485 2570 α
1508 2532 1631 2583 Μωῡ
1642 2533 1735 2599 σῆς

190 2605 300 2657 υίὸν
338 2607 600 2677 Ῥαγουὴλ
624 2610 713 2662 τὸν
742 2612 833 2663 καὶ
857 2614 1037 2681 Ἰοθὸρ,
1061 2612 1197 2664 ὥστε
1224 2614 1370 2682 αύτῷ
1396 2616 1485 2665 καὶ
1506 2615 1599 2681 τῆς
1617 2614 1733 2665 ὁδοῦ

189 2690 530 2756 κοινωνῆσαι,
561 2692 651 2742 καὶ
677 2692 782 2743 τῶν
810 2694 1240 2760 έπαγγελθέντων
1276 2697 1489 2763 ἀγαθῶν
1517 2698 1695 2757 αὐτοῖς
1717 2711 1729 2723 ’

188 2770 279 2819 καὶ
312 2772 368 2820 ἐν
392 2770 471 2838 τῷ
500 2772 730 2841 ἐξαίρειν
758 2774 854 2842 τὴν
886 2776 1130 2840 κιϐωτὸν,
1156 2775 1272 2829 εἷπε
1299 2779 1551 2845 Μωῦσῆςο
1611 2779 1731 2841 Ἐξ-

187 2849 1301 2920 ετέρθητι,Κύριε,διασκορπισθήτωο-αν
1322 2863 1372 2909 ol
1388 2860 1582 2923 ἐχθροί
1599 2876 1731 2919 σου,

188 2931 537 2996 ρυτέτωσαν
570 2931 787 2997 πάντες
815 2938 867 2987 οἱ
896 2936 1214 3001 μισοῦντές
1250 2953 1342 2989 σε.
1373 2938 1480 2989 Kal
1509 2939 1732 3005 ἐγόγγυ-

188 3009 274 3072 {sv
296 3014 323 3062 6
353 3010 499 3073 λαὸς,
531 3014 620 3064 καὶ
646 3016 883 3083 κατεκάη
914 3017 1073 3086 μέρος
1118 3018 1215 3084 τῆς
1248 3019 1610 3085 παρεμϐολῆς,
1643 3018 1733 3070 καὶ

184 3091 382 3160 ἐκλήθη
406 3094 433 3143 6
452 3094 612 3155 τόπος
640 3097 995 3166 ἐμπυρισμός.
1016 3098 1120 3149 Kal
1147 3098 1340 3166 ηὔξατο
1368 3100 1624 3168 Μωῦσῆς,
1644 3101 1733 3152 καὶ

187 3171 456 3223 ιπαύσατο
488 3175 521 3241 ὴ
550 3178 803 3245 τιμωρία.
836 3178 941 3228 Kal
968 3177 1189 3245 ἐζήτουν
1215 3181 1369 3247 κρέα,
1403 3183 1495 3231 καὶ
1522 3181 1727 3247 ἕλε-(ον’

197 3251 611 3322 Ἐμνήσθημεν
631 3259 770 3322 τοὺς
791 3259 976 3325 ἰχθῦς,
1016 3262 1121 3324 οὓς
1146 3262 1432 3328 ήσθίομεν
1458 3265 1526 3315 ὲν
1562 3266 1733 3330 Αίγύ-

186 3347 325 3397 πτῳ,
357 3336 497 3399 τοὺς
517 3340 786 3403 σικύους,
815 3340 908 3392 καὶ
945 3341 1083 3403 τοὺς
1113 3341 1391 3406 πέπονας,
1426 3345 1493 3394 τὰ
1516 3343 1731 3408 πράσα,

187 3415 255 3466 τὰ
280 3416 569 3482 κρόμμυα,
597 3419 667 3471 τὰ
692 3420 945 3485 σκόροδα
971 3422 1017 3473 b.
1048 3422 1174 3473 Νῦν
1202 3420 1269 3472 δὲ
1303 3423 1339 3484 ἡ
1371 3423 1537 3489 ψυχὴ
1569 3422 1734 3489 ἡμῶν

186 3497 547 3564 κατάξηρος·
588 3500 767 3551 οὐδὲν
794 3502 957 3567 πλὴν
983 3505 1068 3567 εἰς
1100 3502 1164 3554 τὸ
1190 3504 1389 3571 μάννα
1417 3506 1469 3555 οἱ
1514 3506 1731 3571 ὀφθαλ-

182 3578 275 3643 μοί
312 3578 498 3645 ἡμῶν.
532 3580 616 3640 Ὡς
641 3580 696 3632 δὲ
728 3581 1012 3649 ἐϐαρύνετο
1042 3583 1138 3652 τὴν
1164 3585 1503 3637 ἀντιστασίαν
1536 3584 1730 3647 αὐτῶν,

187 3662 273 3712 καὶ
304 3662 623 3732 ἐνετύγχανε
649 3664 723 3732 τῷ
751 3665 883 3733 Θεῷ,
926 3666 1271 3736 προστίθησιν
1313 3666 1458 3735 αὐτῷ
1505 3667 1733 3735 ἑϐδομή·

186 3756 343 3793 κοντα
372 3744 790 3813 πρεσϐυτέρους,
820 3746 957 3797 ὥστε
993 3747 1452 3816 συλλαμϐάνεσθαι
1497 3748 1643 3814 αὐτῷ
1677 3748 1733 3798 ὲν

184 3824 244 3889 τῇ
276 3824 439 3891 ἀρχῇ.
473 3825 604 3875 Τότε
635 3826 726 3878 τοῦ
773 3829 943 3895 Ἰησοῦ
990 3829 1082 3880 τοῦ
1122 3830 1273 3898 Ναυῆ
1310 3830 1576 3891 εἰπόντος·
1609 3829 1732 3881 Κώ-

185 3900 334 3955 λυσον
358 3904 449 3955 τὸν
487 3906 600 3956 υἱὸν
644 3907 825 3959 Ἐλδάδ
859 3911 948 3960 καὶ
991 3911 1185 3962 Μωδάδ
1222 3910 1313 3962 τοῦ
1348 3911 1731 3978 προφητεύειν,

185 3986 340 4053 φησὶν
357 3988 385 4037 6
416 3987 651 4054 Μωῦσῆς
668 4005 679 4016 ·
703 3990 914 4054 Ζηλοῖς
933 3991 1009 4043 σύ
1031 4008 1165 4058 μοι;
1196 3993 1301 4044 Καὶ
1331 3992 1420 4056 τίς
1446 3992 1527 4056 δῷ
1544 3994 1731 4046 ἅπαν-

183 4082 250 4121 τα
276 4069 381 4121 τὸν
406 4071 560 4122 λαὸν
596 4072 809 4137 Κυρίου
839 4072 1141 4140 προφήτας
1153 4092 1173 4138 ;
1208 4076 1337 4126 Τότε
1377 4075 1540 4143 ἀνέϐη
1574 4075 1730 4143 ὀρτυ-

183 4151 430 4220 γομήτρα
457 4150 607 4219 παρὰ
634 4152 856 4221 Κυρίου,
893 4154 983 4205 καὶ
1022 4155 1239 4220 ἔφαγον.
1272 4156 1380 4207 Kal
1400 4156 1466 4207 τά
1491 4157 1625 4225 κρέα
1662 4153 1729 4224 ἦν

184 4231 236 4282 ὲν
265 4234 380 4293 τοῖς
412 4230 619 4284 ὀδοῦσιν
644 4233 839 4295 αὐτῶν,
871 4236 997 4305 πρὶν
1026 4236 1057 4303 ἢ
1085 4236 1340 4290 ἐκλιπεῖν.
1373 4237 1537 4289 Τοῦτο
1572 4239 1632 4289 τὸ
1671 4242 1730 4290 ὲν

182 4314 373 4383 ψαλμῷ
416 4314 727 4383 εἰρημένον⁸
760 4317 878 4367 Ἔτι
907 4316 1014 4383 τῆς
1035 4319 1313 4384 ,βρώσεως
1342 4320 1528 4385 οὔσης
1557 4321 1624 4371 ἐν
1650 4320 1729 4383 τῷ

183 4399 423 4464 στόματι
450 4394 663 4457 αὐτῶν,
698 4396 795 4451 καὶ
820 4397 961 4463 ὀργὴ
986 4399 1087 4450 τοῦ
1120 4399 1264 4452 Θεοῦ
1296 4401 1475 4466 ἀνέϐη
1512 4402 1601 4453 ἐπ’
1623 4404 1727 4454 αὺ-

183 4479 351 4541 τούς·
402 4477 499 4529 καί
540 4476 885 4530 ἀπέκτεινεν
920 4479 987 4531 ἐν
1038 4480 1159 4543 τοῖς
1206 4480 1477 4533 πλείοσιν
1512 4481 1724 4535 αὐτῶν.

195 4560 419 4629 Ἐκλήθη
446 4560 503 4611 δὲ
537 4561 565 4612 6
593 4560 753 4621 τόπος
780 4554 932 4622 οὗτος
972 4562 1220 4630 μνήματα
1249 4562 1554 4630 ἐπιθυμίας.
1597 4564 1728 4614 Τότε

184 4641 507 4708 κατελάλησε
536 4640 614 4709 τῷ
641 4643 861 4694 Μωῦσεῖ
886 4642 1070 4710 Μαρία
1093 4683 1107 4702 ,
1136 4642 1390 4709 λέγουσαο
1431 4642 1527 4708 Μὴ
1572 4643 1729 4707 αὐτῷ

180 4722 333 4786 μόνῳ
357 4722 661 4786 ἐλάλησεν
685 4725 717 4774 ό
744 4724 923 4787 Θεός;
955 4723 1134 4776 Εἰπὼν
1168 4723 1223 4775 δὲ
1255 4725 1282 4774 6
1306 4724 1456 4785 Θεὸς,
1486 4725 1564 4776 ὅτι
1586 4724 1729 4791 αὐτῷ

187 4803 320 4871 μόνῳ
355 4804 647 4871 προφητῶν
691 4804 945 4871 ἐλάλησεν
981 4804 1180 4866 οὕτως,
1217 4805 1476 4857 ἐπέϐαλεν
1510 4806 1601 4856 ἐπὶ
1632 4806 1728 4874 τὴν

186 4883 408 4953 Μαριάμ
426 4883 650 4953 λέπραν,
674 4884 765 4936 καὶ
789 4886 1059 4947 Μωῡσέως
1080 4886 1354 4953 δεηθέντος
1377 4888 1513 4954 ὑπὲρ
1536 4888 1724 4955 αὐτῆς,

184 4965 235 5014 οὗ
264 4966 524 5034 πρότερον
546 4964 712 5033 αὐτὴν
727 4965 901 5033 ἀφῆκε
922 4966 1329 5035 καθαρισθῆναι,
1358 4967 1459 5028 ἕως
1479 4968 1727 5035 ἐποίησεν

186 5045 311 5097 ἑπτά
345 5046 552 5113 ἡμέρας
580 5046 682 5109 ἔξω
696 5048 791 5115 τῆς
814 5049 1180 5117 παρεμϐολῆς.
1200 5050 1411 5117 Πέμπει
1434 5049 1560 5115 γοῦν
1580 5067 1728 5111 τινας

187 5129 241 5179 ἐκ
270 5129 361 5181 τοῦ
399 5128 526 5180 λαοῦ
569 5130 1005 5198 κατασκέψασθαι
1049 5133 1144 5201 τὴν
1191 5134 1291 5200 γῆν
1332 5134 1565 5185 Χαναάν.
1622 5136 1728 5186 Καὶ

186 5220 676 5289 κατασκεψάμενοι,
720 5222 909 5290 βότρυν
940 5224 1171 5291 ῆνεγκαν
1215 5225 1453 5287 ἐκεῖθεν,
1500 5226 1591 5276 καὶ
1631 5225 1728 5292 τὴν

240 5415 337 5496 '“lg
351 5416 727 5496 yjkljls‘Gfgzjjs
746 5420 938 5496 ιςβὶριε
956 5421 1117 5496 ίοοξάε,
1140 5426 1192 5469 et
1212 5424 1259 5469 in
1282 5421 1503 5469 Hebraeo.
1532 5421 1726 5483 Lugdu-

187 5479 339 5523 nensis
355 5490 551 5583 Ἦιοίιυο
585 5479 736 5525 codex
773 5480 938 5527 Ἰωϐἀό
961 5481 1121 5527 habet.
1607 5479 1629 5483 ⁷

190 5593 207 5606 ‘
240 5535 344 5606 δέῃ
404 5537 943 5606 ἱοιίιαβτωςὶεὲιεείιιιι·
967 5543 1044 5587 καὶ
1083 5543 1141 5606 τὰ.
1162 5541 1378 5606 κρόμμυα
1408 5544 1483 5588 κοιὶ
1507 5544 1563 5589 τὰ
1585 5544 1727 5603 σκόρ-

186 5593 592 5670 61.’Li_t)rot.erl.Io
630 5601 686 5647 ad
727 5593 983 5661 Staéirium
1013 5608 1045 5649 ι.
1080 5593 1320 5662 1,1.3208,
1364 5604 1541 5663 legitur
1582 5593 1725 5652 etiu'm

188 5657 397 5719 σκόροδα,
421 5663 475 5706 ιιι
493 5657 588 5706 hic.

1242 401 1566 458 SYNOPSIS
1605 400 2013 457 SCRIPTURIE
2051 402 2317 459 SACIUE.

3298 431 3407 483 332

1854 515 1955 582 γῆν
1983 514 2347 583 ἐθαύμαζονε.
2391 516 2701 581 Ἐφοϐοῦντο
2728 515 2835 583 γὰρ
2870 514 2958 567 τὸν
3000 514 3152 574 λαὸν,
3184 513 3257 575 ὡς
3287 530 3391 580 μα-

1850 595 2020 662 χίμων
2046 596 2211 650 ὄντων
2238 596 2343 647 τῶν
2368 596 2482 647 ἐκεῖ
2517 596 2740 663 ἀνδρῶν.
2772 594 2946 647 Χαλὲϐ
2966 594 3019 645 δὲ
3050 595 3077 645 6
3104 593 3196 644 τοῦ
3230 594 3389 660 Ἱεφο-

1848 676 1954 737 νεὶ,
1981 677 2069 727 καὶ
2108 675 2307 744 Ἰησοῦς
2340 678 2367 727 6
2393 675 2484 727 τοῦ
2514 677 2687 743 Ναυῆ,
2718 677 2807 728 καὶ
2835 677 2982 728 αὐτοὶ
3011 676 3073 726 ὲκ
3097 674 3202 725 τῶν
3226 690 3389 725 κατα-

1851 757 2066 807 σκόπων
2094 756 2273 820 ὄντες,
2311 757 2710 825 παρεθάρρυνον
2744 756 2833 808 τὸν
2867 755 3009 809 λαόν.
3046 755 3106 806 Ol
3136 755 3193 806 δὲ
3229 749 3388 823 ἦλθον

1849 835 2180 906 λιθοϐολῆσαι
2234 838 2443 899 αὐτούς·
2470 839 2497 889 6
2544 837 2599 888 δὲ
2647 837 2777 898 Θεὸς
2822 836 3087 906 ὀργισθεὶς
3138 830 3255 889 εἷπε
3311 834 3386 903 μὴ

1848 916 2083 969 ἀνελθεῖν
2106 918 2132 956 ἀ
2162 918 2282 979 τοὺς
2314 918 2680 984 γογγύσαντας
2702 920 2778 978 είς
2803 917 2897 985 τὴν
2926 917 3026 983 γῆν
3046 916 3141 983 τῆς
3162 918 3385 979 ὲπαγγε-

1846 996 1982 1061 λίας,
2000 1000 2045 1050 εί
2088 998 2160 1066 μὴ
2185 999 2250 1050 τὰ
2274 1000 2432 1051 τέκνα
2456 999 2647 1060 αὐτῶν,
2673 1000 2763 1050 καὶ
2792 996 2965 1051 Χαλὲϐ
3002 997 3112 1046 υίὸν
3146 996 3379 1061 Ἰεφονεὶ,

1847 1078 1940 1128 καὶ
1973 1078 2191 1147 Ἰησοῦν.
2214 1080 2622 1147 Τεσσαράκοντα
2655 1079 2709 1131 δὲ
2748 1079 2859 1144 ἔτη,
2890 1077 3069 1144 φησὶν,
3101 1075 3306 1128 ἔσονται
3326 1076 3384 1126 ὲν

1842 1161 1907 1227 τῇ
1933 1160 2142 1228 ἐρήμῳ,
2172 1161 2271 1221 ἕως
2295 1160 2360 1213 ἂν
2399 1161 2599 1229 αὐξηθῇ
2632 1160 2699 1211 τὰ
2743 1158 2924 1211 παιδία
2944 1197 2957 1220 ,
2992 1156 3127 1210 κατὰ
3158 1155 3382 1223 ἀριθμὸν

1844 1240 1948 1291 τῶν
1978 1240 2213 1309 ἡμερῶν,
2237 1234 2309 1292 ὧν
2336 1241 2697 1308 ὲπεσκέψαντο
2717 1239 2812 1310 τὴν
2840 1242 2958 1307 γῆν,
2989 1238 3118 1289 Τότε
3152 1238 3199 1288 οἱ
3221 1235 3383 1287 κατά-

1846 1344 2031 1379 σκοποι
2058 1328 2251 1389 πάντες
2284 1329 2564 1392 ἀπέθανον,
2596 1329 2729 1397 πλὴν
2756 1327 2926 1380 Χαλὲϐ
2958 1326 3049 1379 καὶ
3088 1325 3256 1392 Ἰησοῦ
3287 1322 3381 1375 τοῦ

1842 1406 2016 1475 Ναυῆ,
2055 1409 2147 1460 καὶ
2164 1408 2449 1475 ἐπένθησεν
2471 1412 2497 1460 6
2534 1409 2674 1469 λαός.
2720 1406 3079 1476 Ἀνῆλθονὲπὶ
3099 1405 3187 1457 τὸν
3224 1404 3382 1471 Ἀμα-

1840 1487 1941 1556 λὴκ
1966 1488 2113 1559 παρά
2148 1490 2207 1541 τὸ
2238 1488 2424 1541 δοκοῦν
2456 1489 2530 1558 τῷ
2563 1489 2707 1557 Θεῷ,
2739 1490 2828 1540 καὶ
2855 1490 2887 1556 ἡ
2916 1486 3138 1548 κιϐωτὸς
3163 1484 3380 1551 ἀνέμει·

1839 1584 1927 1619 νεν
1968 1570 2023 1619 ἐν
2059 1572 2123 1637 τῇ
2163 1570 2473 1639 παρεμϐολῇ
2507 1569 2643 1638 μετὰ
2672 1568 2959 1628 Μωῦσέως.
3013 1567 3119 1617 Kal
3162 1563 3380 1631 ἐξῆλθεν

1851 1647 2111 1716 Ἀμαλὴκ,
2158 1651 2249 1701 καὶ
2300 1650 2593 1717 κατέκοψεν
2640 1648 2850 1709 αὐτούς.
2892 1645 3214 1697 Ἐντέλλεται
3254 1642 3379 1711 περὶ

1841 1730 1987 1801 [554]
2024 1732 2504 1798 ὁλοκαυτωμάτων,
2541 1733 2662 1801 περὶ
2696 1732 2981 1801 ἀπαρχῶν,
3024 1729 3148 1797 περὶ
3182 1726 3376 1777 θυσιῶν

1838 1812 1942 1863 τῶν
1985 1812 2121 1881 ὑπὲρ
2177 1812 2563 1882 πλημμελείας.
2606 1812 2782 1864 Ἐάλω
2829 1830 2908 1873 τις
2948 1811 3076 1875 ξύλα
3125 1807 3373 1870 συλλέξας

1838 1894 1894 1944 ὲν
1925 1894 2173 1963 σαϐϐάτῳ
2197 1936 2211 1957 ,
2245 1896 2335 1946 καὶ
2376 1893 2732 1961 ἐλιθοϐολήθη.
2776 1893 3202 1962 Προστάσσονται
3243 1889 3372 1957 κρά-

1840 1975 2002 2027 σπεδα
2028 1976 2116 2026 ἐπὶ
2154 1975 2219 2026 τὰ
2248 1975 2509 2043 πτερύγια
2552 1974 2785 2041 ποιῆσαι.
2821 1973 2899 2023 Ta
2932 1972 3055 2041 περὶ
3105 1969 3243 2038 Κορὲ
3282 1969 3374 2021 καὶ

1834 2055 2008 2107 Δαθάν
2053 2057 2144 2107 καὶ
2197 2056 2531 2123 Ἀὕηρών’ή
2569 2056 2921 2115 ἐπανάστασις
2968 2052 3163 2113 αὐτῶν,
3218 2052 3251 2119 ὴ
3296 2067 3373 2100 τι-

1839 2138 2014 2205 μωρία
2052 2138 2116 2204 ἢν
2167 2136 2371 2188 ἔδοσαν.
2426 2139 2485 2187 Οἱ
2533 2137 2588 2187 δὲ
2632 2136 2802 2187 λοιποὶ
2849 2135 2940 2187 τοῦ
2992 2134 3140 2193 λαοῦ,
3174 2132 3372 2183 τούτων

1835 2220 2150 2287 γενομένων,
2182 2219 2279 2269 οὐκ
2320 2218 2816 2286 ὲσωφρονίσθησαν,
2856 2215 2989 2268 ἀλλά
3017 2216 3173 2267 πάλιν
3211 2215 3372 2263 ἐπαν-

1835 2302 2064 2368 έστησαν
2088 2300 2163 2367 τῷ
2194 2301 2420 2367 Μωῦσῇ,
2455 2302 2546 2352 καὶ
2575 2300 2962 2369 ἀποθνήσκουσι
2990 2294 3372 2365 τεσσαρεσκαί-

1832 2385 1959 2436 δεκα
1986 2383 2213 2450 χιλιάδες
2244 2386 2336 2435 καὶ
2363 2384 2693 2436 ἑπτακόσιοι.
2721 2383 2849 2432 Τότε
2873 2381 3095 2450 ἤνθησεν
3123 2381 3154 2446 ἡ
3184 2378 3369 2447 ῥάϐδος

1844 2464 2068 2534 Ἀαρών.
2102 2465 2258 2529 Λέγει
2290 2465 2381 2516 καὶ
2407 2466 2744 2516 διατάσσεται
2776 2464 2802 2515 ὂ
2831 2462 3115 2531 λαμϐάνειν
3146 2460 3223 2510 δεῖ
3247 2461 3370 2518 τοὺς

1832 2546 2054 2606 Λευῖτας
2083 2547 2174 2598 καὶ
2200 2546 2289 2596 τὸν
2332 2546 2476 2615 ἱερέα
2504 2545 2592 2596 τὸν
2618 2546 2804 2614 μέγαν.
2836 2544 2938 2595 Καὶ
2956 2541 3226 2609 νομοθετεῖ
3246 2539 3371 2606 περὶ

1829 2628 1926 2693 τῆς
1960 2627 2149 2677 σποδοῦ
2185 2628 2280 2692 τῆς
2308 2627 2603 2693 δαμάλεως,
2641 2626 2696 2689 ἐξ
2722 2622 2788 2696 ἦς
2809 2626 2868 2676 τὸ
2899 2624 3037 2691 ὓδωρ
3070 2620 3162 2671 τοῦ
3194 2622 3371 2687 ῥαντι-

1830 2706 1964 2775 σμοῦ
1995 2707 2217 2772 ἐγίνετο.
2242 2707 2348 2775 Τὴν
2377 2708 2431 2758 δὲ
2459 2708 2683 2774 δάμαλιν
2710 2708 2876 2773 αὐτὴν
2895 2704 3036 2765 ἔδοξέ
3064 2719 3172 2751 τισι
3204 2700 3370 2751 τύπον

1828 2788 1963 2841 εἶναι
1996 2789 2084 2840 τοῦ
2117 2789 2315 2850 πάθους
2357 2788 2444 2839 τοῦ
2480 2789 2679 2857 Κυρίου
2718 2787 2868 2854 ήμῶν
2911 2782 3079 2853 Ἰησοῦ
3115 2780 3367 2851 Χριστοῦ.

1840 2868 1967 2918 Ἀπὸ
1998 2869 2053 2918 δὲ
2091 2869 2187 2933 τῆς
2232 2869 2421 2919 σποδοῦ
2453 2870 2549 2933 τῆς
2584 2868 2857 2933 δαμάλεως
2902 2864 3213 2932 ἐκαθαίρετο
3238 2863 3265 2913 6
3295 2860 3370 2913 ῶν

1828 2949 1918 3000 ἐπὶ
1939 2948 2125 3015 νεκροῦ
2156 2948 2473 3015 ἀκάθαρτος.
2490 2944 2655 2999 Ἷῐλθε
2677 2948 2729 2998 δὲ
2752 2950 2778 2999 6
2804 2947 2927 3007 λαὸς
2952 2947 3027 3006 είς
3053 2943 3253 3011 Καδὴς,
3278 2943 3369 2994 καὶ

1827 3030 1941 3081 ἐκεῖ
1968 3029 2201 3081 ἀπέθανε
2242 3029 2425 3097 Μαρία
2447 3070 2458 3089 ,
2499 3029 2590 3080 καὶ
2635 3030 2824 3096 ἐτάφη.
2858 3030 2969 3079 Ούκ
3009 3027 3154 3087 δντος
3186 3024 3371 3084 ὓδατος

1827 3111 1984 3161 πάλιν
2033 3110 2382 3175 γογγύζουσιν
2432 3111 2479 3159 οί
2520 3109 2783 3160 Ἰουδαῖοι·
2823 3108 2849 3158 6
2901 3107 2955 3158 δὲ
3001 3104 3236 3171 Μωῡσῆς
3278 3104 3371 3155 καὶ

1836 3188 2040 3258 Ἀαρὼν
2073 3189 2374 3241 κελεύονται
2406 3191 2468 3240 ὲκ
2509 3190 2606 3255 τῆς
2647 3190 2848 3257 πέτρας
2883 3187 3161 3251 ἐξαγαγεῖν
3203 3183 3364 3251 ὕδωρ.

1838 3271 2128 3332 Ἐπάταξεν
2158 3272 2325 3336 αὐτὴν
2354 3273 2380 3321 6
2409 3271 2643 3335 Μωῦσῆς
2683 3269 2879 3334 λέγων·
2917 3266 3009 3330 Μὴ
3035 3268 3099 3316 ἐκ
3122 3263 3229 3330 τῆς
3262 3263 3365 3315 πέ-

1827 3366 1965 3412 τρας
2001 3351 2217 3413 ταύτης
2259 3349 2546 3414 ἐξάξομεν
2594 3349 2745 3413 ὕδωρ
2777 3347 2947 3413 ῠμῖν;
2989 3346 3096 3397 Kal
3151 3343 3367 3411 ἐξῆλθεν

1829 3428 1989 3498 ὓδωρ.
2018 3430 2126 3481 Kal
2164 3427 2281 3480 εἷπε
2309 3430 2506 3498 Κύριος
2553 3428 2685 3496 πρὸς
2732 3429 2965 3494 Μωῦσῆν
3006 3426 3096 3476 καὶ
3132 3422 3363 3493 Ἀαρώνο

1829 3510 1947 3561 Ὅτι
1983 3512 2092 3563 οὐκ
2134 3508 2520 3563 ἐπιστεύσατέ
2562 3526 2663 3576 μοι
2701 3509 2935 3577 ἁγιάσαι
2982 3523 3056 3573 με
3097 3505 3367 3556 ἐναντίον

1827 3590 1942 3643 τῶν
1974 3590 2118 3643 υιῶν
2149 3591 2409 3657 Ἰσραὴλ,
2438 3590 2533 3643 διὰ
2566 3590 2735 3642 τοῦτο
2773 3591 2881 3642 οὐκ
2917 3588 3179 3649 εἰσάξετε
3204 3585 3368 3652 ὑμεῖς

1825 3672 1938 3737 τὴν
1979 3674 2332 3739 συναγωγὴν
2369 3672 2590 3736 ταύτην
2629 3672 2714 3735 είς
2750 3669 2862 3735 τὴν
2892 3667 3023 3736 γῆν,
3067 3666 3146 3732 ἢν
3181 3665 3372 3719 ἔδωκα

1825 3752 2045 3816 αὐτοῖς.
2104 3752 2464 3821 Πρεσϐεύεται
2521 3751 2755 3818 Μωῡσῆς
2818 3750 2951 3817 πρὸς
3001 3748 3091 3799 τὸν
3148 3745 3371 3815 βασιλέα

1839 3833 2033 3903 Ἐδὼμ,
2060 3834 2144 3886 ἵνα
2187 3835 2294 3903 ἀφῇ
2330 3832 2522 3895 αὐτούς
2546 3844 2569 3872 θ
2589 3851 2601 3863 ·
2631 3835 2659 3884 6
2698 3833 2753 3883 δὲ
2782 3832 2840 3883 ού
2879 3830 3241 3899 συνεχώρησε·
3275 3828 3370 3881 καὶ

1827 3915 2100 3979 ἐξέκλιναν
2143 3916 2234 3967 ἀπ’
2271 3915 2431 3967 αὑτοῦ
2463 3916 2565 3966 υἱοὶ
2604 3912 2831 3982 Ἰσραήλ.
2880 3913 2962 3973 Ὠς
2996 3914 3051 3963 δὲ
3088 3907 3250 3978 ἦλθον
3290 3910 3369 3971 είς

1832 3998 1926 4066 Ὢρ
1948 3996 2006 4047 τὸ
2044 3996 2197 4064 δρος,
2229 3995 2575 4055 κελεύσαντος
2608 3993 2700 4045 τοῦ
2728 3992 2880 4055 Θεοῦ,
2916 3991 3090 4043 λαϐὼν
3131 3990 3369 4059 Μωῦσῆς

1826 4077 1913 4128 τὸν
1955 4076 2159 4144 Ἀαρὼν
2203 4077 2294 4127 καὶ
2335 4075 2591 4141 Ἐλεάζαρ
2619 4073 2705 4125 τὸν
2741 4073 2852 4124 υἱὸν
2884 4072 3074 4133 αὐτοῦ,
3103 4072 3370 4139 ἀνήγαγεν

1826 4158 1905 4217 είς
1948 4156 2005 4208 τὸ
2037 4156 2192 4225 ὅρος·
2238 4156 2329 4206 καὶ
2364 4156 2573 4207 ἐνέδυσε
2620 4154 2709 4205 τὸν
2768 4150 3019 4220 Ἐλεάζαρ
3067 4150 3134 4201 τὰ
3182 4150 3369 4219 ἱμάτια

1826 4234 2008 4286 αὑτοῦ.
2084 4236 2141 4286 '0
2188 4234 2244 4285 δὲ
2290 4234 2494 4302 Ἀαρὼν
2538 4234 2798 4287 ἀπέθανεν
2849 4234 2905 4284 ὲν
2960 4231 3037 4299 τῷ
3072 4230 3204 4299 δρει.
3262 4230 3369 4284 Kal

1827 4317 2079 4368 ἔκλαυσεν
2115 4316 2143 4366 6
2185 4312 2309 4375 λαὸς
2340 4316 2626 4384 τριάκοντα
2668 4315 2896 4383 ἡμέρας,
2934 4309 3085 4364 Εἷλον
3137 4311 3225 4363 τὸν
3254 4313 3366 4363 Χα-

1825 4400 2056 4459 ναναῖον,
2095 4398 2186 4448 καὶ
2219 4397 2604 4465 ἀνεθεμάτισαν
2639 4396 2818 4448 αὐτόν.
2873 4393 3137 4452 Ἐλθὸντες
3176 4392 3233 4443 δὲ
3278 4392 3369 4443 ἐπὶ

1827 4481 2095 4533 θάλασσαν
2137 4479 2419 4547 Ἐρυθρὰν,
2455 4478 2712 4529 ὲκύκλουν
2751 4477 2847 4544 τὴν
2892 4479 2991 4543 γῆν
3043 4473 3244 4543 Ἐδὼμ,
3277 4475 3367 4527 καὶ

1824 4560 2215 4627 ώλιγοψύχουν,
2266 4559 2357 4610 καὶ
2400 4557 2789 4625 κατεγόγγυζον
2834 4558 3035 4624 Μωῦσῇ
3061 4569 3074 4583 ·
3122 4556 3214 4606 καὶ
3265 4555 3371 4605 ἀπ-

1825 4644 2059 4694 έστειλεν
2099 4644 2127 4693 6
2164 4640 2292 4703 Θεὸς
2324 4641 2409 4691 ἐπ’
2448 4640 2641 4699 αὐτοὺς
2680 4638 2828 4698 δφεις
2860 4636 3228 4697 θανατοῦντας.
3262 4637 3368 4690 Καὶ

1824 4724 2020 4793 ηὔξατο
2052 4722 2287 4788 Μωῦσῆς
2308 4737 2320 4750 ·
2356 4721 2447 4772 καὶ
2472 4718 2688 4788 ἐποίησε
2711 4715 2938 4786 χαλκοῦν
2958 4717 3099 4783 ὅφιν,
3136 4733 3365 4784 προστα-

1824 4805 1967 4873 χθεὶς
2007 4804 2109 4855 ὑπὸ
2143 4801 2235 4853 τοῦ
2281 4800 2432 4853 Θεοῦ.
2477 4800 2582 4851 Kal
2621 4802 2648 4852 6
2691 4798 3042 4867 δακνόμενος,
3082 4798 3239 4866 ἡνίκα
3282 4799 3367 4849 ἀν-

1826 4886 2041 4951 έϐλεψεν
2066 4888 2143 4946 εἰς
2168 4884 2254 4935 τὸν
2278 4884 2417 4948 ὅφιν,
2447 4882 2540 4949 ἔζη
2593 4881 2726 4949 Περὶ
2749 4879 2934 4931 τούτου
2966 4879 3056 4930 τοῦ
3086 4878 3258 4944 ὄφεως
3293 4880 3364 4929 εῖ-

1828 4984 1980 5035 ρηται
2010 4971 2065 5018 ὲν
2091 4965 2167 5032 τῷ
2192 4962 2520 5030 Εὑαγγελίῳο
2538 4962 2737 5026 Καθὼς
2753 4962 2957 5027 ῦψωσε
2985 4958 3239 5024 Μωϋσῆς
3264 4959 3367 5011 τὸν

1824 5049 1959 5114 ὄφιν
1985 5050 2053 5099 ἐν
2080 5046 2151 5113 τῇ
2182 5045 2409 5111 ἐρήμῳ,
2437 5044 2587 5095 οὕτω
2618 5043 2707 5094 δεῖ
2748 5039 3051 5108 ὑψωθῆναι
3092 5038 3194 5091 τὸν
3234 5039 3367 5091 nar

1822 5129 1923 5180 τοῦ
1951 5127 2277 5194 ἀνθρώπου.
2303 5124 2665 5195 Πρεσϐεύεται
2686 5122 2923 5189 Μωῦσῆς
2951 5121 3083 5189 πρὸς
3108 5120 3198 5172 τὸν
3223 5120 3366 5188 βασιο

1822 5212 1914 5262 λέα
1936 5212 2043 5261 τῶν
2084 5213 2137 5260 ’Λ
2149 5208 2418 5278 μορραίων
2439 5207 2527 5259 τὸν
2548 5206 2715 5275 Σηών.
2742 5198 2905 5266 Οὗτος
2925 5204 2978 5255 δὲ
2999 5206 3027 5255 6
3051 5200 3198 5271 Σηὼν
3219 5201 3368 5253 πολε-

1884 5302 1905 5329 ε
1929 5298 1982 5346 In
2027 5296 2334 5345 Onomaslico
2379 5294 2702 5355 Athanaslapo
2737 5292 2793 5338 ad
2832 5303 3016 5355 vocem.
3039 5287 3253 5355 θαυμάζω
3289 5287 3365 5333 ἀί-

1822 5361 1981 5407 ximus
2003 5359 2125 5405 hanc
2151 5369 2311 5401 verem
2338 5367 2469 5414 sepe
2507 5354 2797 5415 signiﬁcare,
2820 5348 3271 5415 cun;_ad:_nz'_r:_:li0ng
3286 5359 3363 5415 cg-

1825 5406 1972 5475 lébro;
1998 5418 2159 5465 laudo.
2190 5415 2289 5463 Hoc
2313 5406 2457 5462 seuéu
2482 5406 2677 5474 prtinus
2707 5406 2793 5460 hic'
2810 5407 3043 5471 explicari
3061 5407 3207 5455 debet
3230 5406 3364 5455 ἐοοώ-

1828 5485 1983 5539 μαξον-
2216 5537 2223 5539 _
2304 5536 2329 5539 __
2435 5535 2446 5539 _
2789 5532 2798 5539 .
2875 5530 2956 5539 η.
3036 5529 3099 5539 _.
3208 5525 3226 5539 .

1886 5529 1912 5574 δ
1935 5539 2127 5586 (Nisum
2154 5537 2230 5581 καὶ
2253 5536 2388 5582 πάλιν
2430 5533 2718 5595 ὀργιζόμενον
2754 5532 2833 5578 τὸν
2869 5530 3003 5579 Θεὸν.
3036 5529 3153 5579 Τότε
3187 5529 3313 5573 εἶπεν
3336 5532 3365 5575 ὁ

1824 5602 1938 5652 θεὸς
1959 5601 2020 5656 μή
2043 5596 2255 5651 ἀνελθεῖν,
2292 5608 2399 5655 quae
2413 5593 2525 5656 subl
2548 5593 2803 5656 ἀσύστατα.

1896 5672 1916 5703 e
1938 5654 2041 5707 Ἵνα
2061 5659 2151 5708 ἀτμῆ
2178 5654 2358 5714 αὐτούς,
2382 5655 2552 5718 supple
2572 5654 2891 5715 παρέρχεσθαι.
