3990 6444
585 575 763 646 μήσας
794 573 1050 642 πρότερον
1082 569 1170 620 τὸν
1202 567 1418 636 βασιλέα
1467 565 1668 628 δ’ῐωάὅ,
1704 563 1859 617 ἔλασε
1897 563 1996 646 τὴν
2030 560 2136 646 γῆν

582 643 769 709 αὐτοῦ.
828 655 914 715 Ὠς
941 654 997 705 δὲ
1036 651 1131 705 καὶ
1168 653 1278 711 τοῖς
1330 649 1686 720 Ἰσραηλίταις
1735 645 2018 714 συνέμιξεν
2064 643 2142 703 είς

584 739 837 807 πόλεμον,
873 735 1076 805 ἡττήθη
1105 732 1242 786 κατά
1269 733 1482 800 κράτος,
1512 732 1606 783 καὶ
1635 730 1732 792 τάς
1777 729 1957 790 πόλεις
1980 724 2142 807 αὑτοῦ

583 805 760 881 πάσας
785 817 970 870 ἔλαϐον
997 817 1046 869 οἱ
1091 813 1434 884 Ἰσραηλῖται.
1465 811 1833 880 Συμϐαλόντες
1864 809 1920 861 δὲ
1952 808 2044 860 καὶ
2067 805 2142 875 τῷ

589 900 686 966 Ὣγ
719 898 926 966 βασιλεῖ
959 900 1057 966 τῆς
1089 895 1298 956 Βασάν,
1333 897 1445 956 τοῖς
1487 895 1669 954 αὐτοῖς
1698 890 2011 961 περιέϐαλον
2046 888 2143 940 αύ-

583 981 676 1033 τὸν
701 983 906 1042 κακοῖς,
946 974 1024 1040 οἷς
1061 980 1154 1032 καὶ
1184 978 1273 1029 τὸν
1311 975 1484 1046 Σηὼν,
1519 975 1610 1026 καὶ
1638 974 1736 1042 τὴν
1775 974 1877 1040 γῆν
1924 972 2016 1024 καὶ
2049 969 2145 1032 τὰς

586 1072 766 1134 πόλεις
791 1071 952 1123 αὑτοῦ
981 1071 1156 1132 πάσας
1183 1069 1389 1121 ἔλαϐον.
1435 1067 1648 1134 Πέμπει
1692 1064 1940 1133 βασιλεὺς
1966 1062 2146 1114 Βαλὰκ

587 1155 723 1224 πρὸς
762 1140 988 1221 Βαλαὰμ
1011 1153 1098 1204 τὸν
1135 1153 1351 1222 μάντιν,
1381 1152 1466 1202 ἵνα
1496 1151 1764 1220 ἀράσηται
1786 1147 1875 1200 τὸν
1899 1145 2042 1198 λαόν.
2089 1145 2145 1197 '0

584 1236 642 1290 δὲ
665 1236 794 1298 Θεὸς
815 1236 874 1287 τὸ
906 1236 1000 1303 μὲν
1027 1233 1236 1302 πρῶτον
1274 1232 1561 1284 ἐκώλυσεν.
1600 1231 1686 1291 Ὠς
1723 1229 1778 1280 δέ
1813 1228 2044 1282 ἐνέκειτο
2069 1226 2145 1294 τῷ

590 1319 810 1388 μάντει,
853 1316 1222 1385 συνεχώρησεν
1260 1313 1512 1367 ἀπελθεῖν
1537 1311 1663 1381 μὲν,
1699 1311 1759 1362 οὐ
1804 1311 1908 1380 μὴν
1938 1309 2144 1379 ἀράσα-

590 1401 710 1453 σθαι
803 1400 913 1452 ἀλλ’
942 1399 1131 1468 ἔτρεψε
1179 1397 1275 1457 τὰς
1307 1395 1549 1464 κατάρας
1608 1394 1688 1455 εἰς
1719 1393 1985 1459 εὐλογίας.
2033 1393 2146 1443 Οὐκ

590 1481 740 1552 [555,
782 1481 966 1548 ἐπειδὴ
1014 1479 1195 1547 ἴσχυόν
1236 1495 1288 1530 τι
1331 1479 1385 1531 αἱ
1426 1478 1555 1545 ἀραὶ
1581 1475 1673 1527 τοῦ
1721 1475 1980 1544 μάντεως,
2033 1472 2146 1524 ἀλλ’

587 1562 771 1631 ἐπειδὴ
795 1561 1132 1628 ταλαίπωρος
1152 1555 1219 1628 ἦν
1234 1560 1261 1611 6
1279 1558 1426 1620 λαὸς,
1444 1556 1672 1626 ἢμελλεν
1691 1555 1851 1608 αὑτοῦ
1877 1554 2147 1608 πιστεύειν

586 1646 704 1706 ταῖς
729 1643 1012 1714 κατάραις,
1039 1643 1133 1694 καὶ
1156 1640 1572 1710 κατακρίνεσθαι
1617 1641 1730 1692 ἐκεῖ
1768 1639 1853 1690 διὰ
1884 1638 1980 1707 τὴν
2013 1636 2147 1688 ίδίαν

587 1725 884 1778 ἀσθένειαν.
906 1719 1071 1785 Οὗτος
1099 1723 1427 1791 προφητεύει
1449 1723 1574 1790 περὶ
1589 1719 1680 1773 τοῦ
1703 1719 1742 1772 Χ
1756 1718 1934 1790 ριστοῦ
1951 1719 2142 1785 λέγων·

601 1807 892 1859 Ἆνατελεῖ
904 1806 1128 1871 ἄστρον
1151 1805 1220 1868 ἐξ
1256 1805 1478 1864 Ἰακὼϐ,
1501 1804 1598 1856 καὶ
1623 1800 2026 1865 ἀναστήσεται
2047 1799 2149 1852 ἄν·

591 1891 816 1955 θρωπες
854 1888 921 1951 ἐξ
957 1886 1462 1955 Ἰσραήλ.ΙΙνεῦμα
1489 1887 1595 1952 γάρ
1621 1883 1753 1936 Θεοῦ
1792 1881 2020 1951 ἐγενήθη
2058 1880 2149 1932 ἐπὶ

587 1969 665 2037 τῷ
693 1970 900 2038 μάντει.
940 1970 1026 2030 Ὠς
1053 1969 1109 2020 δέ
1141 1967 1380 2036 ἀπῆλθεν
1407 1969 1435 2019 6
1472 1967 1730 2034 Βαλαάμ,
1765 1964 2150 2033 ἐκπορεύουσιν

588 2051 638 2102 ot
666 2051 773 2102 υἱοὶ
827 2051 1041 2119 Ἰσραὴλ
1067 2051 1146 2113 είς
1168 2049 1266 2111 τάς
1293 2049 1593 2116 θυγατέρας
1613 2046 1806 2111 Μωάϐ,
1829 2047 1922 2098 καὶ
1942 2044 2152 2098 τελοῦν-

589 2149 676 2187 ται
704 2132 782 2201 τῷ
823 2131 1159 2200 Βεελφεγώρ.
1207 2131 1339 2182 Τότε
1371 2130 1576 2182 κελεύει
1616 2129 1856 2196 Μωῦσῆς
1889 2129 2147 2190 ἕκαστον,

591 2218 903 2272 ἀποκτεῖναι
937 2217 1026 2269 τὸν
1059 2216 1284 2284 ἀδελφὸν
1313 2215 1862 2284 είδωλολατρήσαντα.
1895 2214 2026 2264 Τότε
2057 2213 2151 2265 καὶ

589 2303 771 2366 Φινεὲς
821 2303 933 2365 υίὸς
986 2302 1246 2370 Ἐλεάζαρ
1288 2301 1599 2369 ἐξεκέντησε
1649 2301 1738 2351 τὸν
1782 2298 2023 2368 Ζαμϐρὶν
2060 2297 2149 2350 τὸν

603 2382 957 2452 Ἰσραηλίτην,
1016 2384 1108 2434 καὶ
1161 2383 1258 2452 τὴν
1291 2382 1466 2434 Χασϐὶ
1516 2383 1612 2450 τὴν
1668 2382 1982 2434 Μαδιανίτιν
2035 2379 2151 2447 μετ’

592 2463 754 2517 αὑτοῦ
781 2479 794 2492 °
830 2465 924 2516 καὶ
949 2463 1227 2531 ἐλογίσθη
1257 2463 1413 2526 αὐτῷ
1444 2464 1530 2526 εὶς
1575 2461 1981 2527 δικαιοσύνην.
2019 2461 2150 2512 Τότε

593 2545 945 2614 ἀριθμοῦνται
971 2546 1018 2598 οἱ
1042 2545 1146 2596 υἱοὶ
1181 2546 1392 2616 Ἰσραὴλ
1421 2545 1525 2596 ἀπὸ
1549 2544 1887 2606 είκοσαέτους
1905 2545 1996 2596 καὶ
2017 2542 2150 2596 ἐπά-

594 2644 667 2679 νω
687 2666 699 2687 ,
728 2627 819 2678 καὶ
848 2626 1145 2696 εὑρέθησαν
1170 2625 1441 2688 ἑξακόσιαι
1468 2625 1718 2694 χιλιάδες,
1748 2625 1840 2676 καὶ
1870 2625 2150 2694 τρισχίλιοι

592 2707 779 2775 ἄνδρες
810 2709 901 2760 καὶ
928 2709 1220 2777 τριάκοντα
1241 2725 1255 2738 ο
1284 2710 1330 2760 οἱ
1362 2709 1416 2760 δὲ
1445 2706 1663 2760 Λευῖται
1696 2711 1840 2777 τρεῖς
1869 2710 1962 2762 καὶ
1984 2709 2151 2760 εἴκοσι

593 2790 823 2859 χιλιάδες
847 2791 952 2842 ἀπὸ
979 2793 1225 2859 μηνιαίου
1259 2791 1350 2842 καὶ
1379 2791 1576 2844 ἐπάνω.
1622 2789 1768 2859 Αὕτη
1800 2792 1832 2861 ἡ
1874 2791 2153 2859 ἐπίσκεψις

592 2873 650 2922 ἐν
711 2871 954 2940 Ἀραεὼθ
999 2871 1174 2924 Μωάϐ
1217 2872 1450 2936 ἐγένετο,
1502 2871 1670 2940 πέραν
1715 2872 1807 2924 τοῦ
1869 2872 2150 2940 Ἰορδάνου.

596 2951 700 3002 Καὶ
727 2952 826 3002 οὐκ
861 2947 928 3019 ἦν
976 2953 1031 3002 ἐν
1066 2954 1243 3013 αὐτοῖς
1279 2953 1578 3021 ἄνθρωπος,
1609 2953 1666 3015 ἐξ
1708 2947 1781 3005 ὧν
1819 2953 2153 3020 ἐπεσκέψατο

593 3031 830 3100 Μωῦσῆς
862 3035 1121 3102 πρότερον
1150 3037 1204 3084 ἐν
1242 3036 1306 3101 τῇ
1332 3035 1519 3102 ἐρήμῳ
1549 3036 1694 3096 Σινᾶ,
1729 3036 1864 3103 πλὴν
1904 3037 2103 3104 Ἰησοῦς
2126 3039 2153 3089 6

591 3112 682 3165 τοῦ
710 3115 896 3182 Ναυῆ,
939 3117 1031 3166 καὶ
1073 3115 1250 3167 Χαλὲῦ
1284 3119 1312 3168 6
1345 3117 1436 3168 τοῦ
1476 3117 1710 3183 Ἰεφονεί.
1760 3118 2153 3187 Προσέρχονταί

591 3212 732 3258 τινες
761 3195 1052 3265 θυγατέρες
1079 3197 1326 3250 Σαλπαάδ
1353 3199 1451 3267 τῆς
1472 3199 1644 3267 φυλῆς
1664 3200 1947 3268 Μανασσῆ.
1977 3199 2124 3263 ἀξιοῦ
2141 3229 2154 3239 -

594 3295 704 3340 σαι,
741 3277 924 3342 ἐπειδὴ
951 3277 1114 3340 ἄπαις
1144 3280 1383 3348 ἀρρένων
1415 3279 1615 3332 παίδων
1638 3280 1902 3332 ἀπέθανεν
1920 3282 1948 3332 ό
1976 3281 2153 3350 πατὴρ

592 3359 786 3421 αὐτῶν,
826 3361 904 3419 είς
945 3359 1110 3421 αύτάς
1147 3360 1316 3412 ἐλθεῖν
1353 3362 1448 3429 τὴν
1497 3361 1874 3429 κληρονομίαν,
1924 3364 2016 3414 καὶ
2057 3363 2153 3432 τὴν

593 3440 940 3509 κατάσχεσιν.
990 3441 1323 3510 Προσέταξεν
1355 3444 1383 3494 6
1418 3442 1549 3503 Θεὸς
1577 3443 1758 3495 λαϐεῖν
1803 3444 1988 3505 αὑτάς.
2039 3445 2154 3496 Κάν

591 3542 674 3586 τις
706 3524 945 3593 ἀποθάνῃ
982 3524 1054 3593 μὴ
1082 3523 1216 3592 ἔχων
1246 3524 1377 3584 υἱὸν,
1401 3526 1433 3592 ἠ
1463 3524 1702 3594 θυγάτηρ
1724 3524 2150 3594 κληρονομείτω·

594 3605 858 3674 θυγατρὸς
911 3606 967 3657 δὲ
1012 3606 1110 3656 οὐκ
1147 3605 1328 3674 οὔσης,
1371 3606 1632 3672 ἀδελφός⁶
1682 3606 1906 3672 ἀδελφοῦ
1953 3608 2009 3658 δὲ
2056 3609 2153 3659 ούκ

592 3686 762 3749 ὄντος,
796 3686 1017 3753 ἀδελφὸς
1047 3687 1139 3736 τοῦ
1178 3688 1398 3754 πατρός.
1431 3687 1705 3739 Δεέκνυσιν
1731 3691 1758 3738 6
1782 3689 1911 3750 Θεὸς
1948 3690 2151 3759 Μωῦσῇ

592 3767 698 3820 ἀπὸ
747 3766 839 3818 τοῦ
878 3767 1036 3834 ὅρους
1071 3766 1162 3819 τοῦ
1207 3767 1369 3820 Ναυὼ
1395 3769 1493 3837 τὴν
1531 3769 1633 3838 γῆν
1674 3769 1778 3835 τῆς
1807 3771 2150 3836 ἐπαγγελίας,

595 3865 686 3900 χαι
721 3851 1096 3916 χειροτονεῖται
1133 3849 1378 3918 Ἰησοῦςό
1406 3849 1496 3900 τοῦ
1544 3849 1697 3918 Ναυῆ
1739 3853 1817 3912 είς
1863 3851 1959 3920 τὴν
1991 3852 2152 3904 αὐτοῦ

592 3928 762 3993 τάξιν.
811 3929 942 3980 Τότε
985 3929 1280 3981 ἐντέλλεται
1324 3934 1431 3992 τοῖς
1462 3933 1595 3992 υἱοῖς
1641 3933 1850 4001 Ἰσραὴλ
1885 3935 2011 4003 περὶ
2038 3935 2153 3985 όλοο

595 4011 987 4079 καυτωμάτων,
1021 4010 1217 4063 θυσιῶν
1253 4011 1360 4063 τῶν
1388 4012 1507 4064 καθ’
1533 4013 1764 4082 ἡμέραν,
1796 4014 1903 4066 τῶν
1939 4017 1996 4069 ἐν
2021 4016 2150 4069 σαϐ-

595 4092 796 4155 ϐάτοις,
836 4093 942 4146 τῶν
965 4096 1020 4144 ἐν
1045 4093 1369 4160 νεομηνίαις,
1407 4093 1512 4145 τῶν
1553 4097 1607 4145 ὲν
1636 4095 1712 4163 τῷ
1738 4099 1938 4166 πάσχα,
1963 4099 2068 4150 τῶν
2097 4101 2151 4151 ἐν

593 4177 659 4242 τῇ
688 4174 866 4243 ἡμέρᾳ
903 4174 1009 4225 τῶν
1047 4175 1371 4242 ἑϐδομάδων,
1399 4175 1506 4228 τῶν
1543 4179 1600 4227 ὲν
1639 4177 1713 4246 τῷ
1749 4181 1958 4249 ἑϐδόμῳ
2002 4182 2148 4250 μηνί.

595 4258 879 4310 Διατάσσει
904 4258 997 4308 καὶ
1029 4257 1153 4325 περὶ
1185 4257 1375 4325 εὐχῶν,
1416 4261 1705 4323 τουτέστιν,
1736 4255 1808 4312 ὧν
1849 4262 1911 4314 ἄν
1942 4280 2023 4324 τις
2061 4264 2151 4316 τά·

595 4340 769 4408 ξηται.
812 4339 942 4391 Τότε
993 4338 1356 4402 ἐξοπλίζονται
1407 4339 1610 4392 δώδεκα
1657 4343 1886 4409 χιλιάδες
1937 4346 1998 4394 ἐκ
2047 4346 2150 4398 τῶν

607 4416 950 4486 Ἰσραηλιτῶν
982 4417 1120 4468 κατὰ
1148 4416 1508 4478 Μαδιανιτῶν,
1553 4420 1646 4469 καὶ
1686 4420 1866 4482 Φινεὲς
1912 4422 2026 4489 μετ’
2053 4425 2149 4474 αύ-

593 4498 722 4560 τῶν,
765 4499 854 4550 καὶ
877 4498 1185 4564 ἀναιροῦσιν
1213 4499 1424 4560 αὐτοὺς,
1468 4499 1560 4550 καὶ
1586 4500 1740 4551 πέντε
1772 4501 2004 4568 βασιλεῖς
2035 4505 2152 4555 Μα-

593 4581 744 4649 διάμ,
781 4582 872 4633 κει)⁸
902 4582 991 4633 τὸν
1025 4581 1246 4650 Βαλαὰμ
1269 4582 1356 4633 τὸν
1388 4583 1593 4649 μάντιν.
1621 4584 1726 4634 Καὶ
1751 4585 2056 4653 ἀπήρξαντο
2074 4589 2150 4655 τῷ

594 4663 711 4732 Θεῷ
747 4664 853 4715 τῶν
910 4664 1135 4728 σκύλων,
1190 4664 1280 4715 καὶ
1307 4664 1373 4714 τὰ
1415 4663 1573 4715 λοιπά
1614 4665 1882 4733 διένειμαν
1920 4668 2146 4730 ἑαυτοῖς.

595 4760 1035 4829 Προσελθόντεςή
1077 4761 1212 4828 φυλὴ
1248 4761 1470 4829 Ῥουϐὶμ
1500 4761 1591 4812 καὶ
1625 4761 1746 4822 Γάδ,
1775 4763 1866 4813 καὶ
1899 4763 1957 4814 τὸ
1983 4765 2149 4832 ἣμισυ

591 4844 690 4911 τῆς
741 4843 907 4911 φυλῆς
957 4843 1254 4911 Μανασσῆ,
1301 4843 1462 4911 ᾔτουν
1516 4846 1663 4910 παρά
1721 4846 1995 4906 Μωῦσέως
2056 4847 2151 4914 τὴν

592 4925 765 4992 πέραν
805 4925 895 4976 τοῦ
952 4925 1206 4993 Ἰορδάνου
1248 4925 1446 4995 χώραν.
1489 4925 1544 4977 Ὀ
1578 4926 1632 4976 δὲ
1665 4925 1851 4988 ἔδωκε,
1891 4928 2151 4996 πρότερον

594 5007 1127 5073 συνομολογησάντων
1153 5007 1371 5058 ἐκείνων
1406 5009 1779 5076 συμμαχήσειν
1809 5011 1918 5068 τοῖς
1949 5009 2150 5070 λοιποῖς

604 5088 974 5156 Ἰσραηλίταις,
1032 5089 1121 5141 καὶ
1171 5088 1516 5158 διαϐήσεσθαι
1561 5091 1651 5140 τὸν
1712 5088 1980 5160 Ἰορδάνην
2033 5091 2148 5159 μεθ’

589 5170 783 5229 ὅπλων,
840 5169 975 5220 ὣστε
1026 5171 1324 5239 πολεμῆσαι
1363 5171 1501 5240 ὑπὲρ
1541 5172 1646 5222 τῶν
1684 5171 1923 5238 ἀδελφῶν
1954 5172 2145 5227 αὐτῶν.

603 5251 856 5303 Ἐνταῦθα
885 5252 1143 5319 διηγεῖται
1172 5255 1407 5322 Μωῦσῆς
1438 5254 1543 5304 άπὸ
1569 5254 1838 5320 Αἰγύπτου
1864 5255 1964 5315 ἕως
1992 5251 2148 5323 ἦλθον

589 5334 811 5402 ἀντικρὺ
845 5331 1067 5402 Ἱεριχὼ.
1114 5335 1439 5387 Ἑντέλλεται
1473 5336 1649 5397 αὐτοῖς
1677 5335 1815 5386 ὥστε
1845 5336 2150 5405 ἐξολοθρεῦ-

591 5433 679 5466 σαι
715 5416 886 5468 πάντα
933 5416 999 5466 τὰ
1031 5415 1217 5466 εἴδωλα
1255 5416 1360 5466 τῶν
1399 5418 1584 5469 ἐθνῶν.
1632 5417 1791 5484 Λέγει
1838 5419 2018 5479 αὐτοῖς
2058 5419 2149 5470 καὶ

590 5499 716 5564 περὶ
764 5497 869 5548 τῶν
913 5497 1072 5564 ὁρίων
1108 5501 1203 5561 τῆς
1239 5502 1359 5565 γῆς,
1404 5499 1563 5548 πόθεν
1605 5499 1874 5567 ἄρχονται,
1917 5501 2006 5550 καὶ
2047 5498 2147 5551 ποῦ

590 5579 934 5648 πληροῦνται·
983 5582 1344 5652 Παρειγγέλλει
1381 5581 1433 5632 δὲ
1487 5583 1577 5632 καὶ
1608 5584 1732 5651 περὶ
1783 5584 1877 5651 τῆς
1919 5585 2039 5651 γῆς.
2084 5581 2148 5653 ἧς

591 5663 691 5713 ἔδει
722 5665 845 5724 τοὺς
883 5666 1108 5727 Λευῖτας
1160 5665 1359 5726 λαϐεῖν,
1400 5664 1490 5715 καὶ
1532 5664 1657 5734 περὶ
1704 5666 1809 5716 τῶν
1858 5667 1914 5729 ἐξ
1946 5668 2149 5718 πόλεων

587 5744 694 5799 τῶν
722 5747 1178 5820 φυγαδευτηρίων,
1201 5748 1336 5801 ὥστε
1362 5746 1449 5799 τὸν
1477 5746 1740 5808 ἀκουσίως
1759 5748 2008 5802 ἀνελόντα
2038 5753 2148 5803 ἐκεῖ

1270 456 1328 509 S.
1368 449 1648 508 JOANMS
1687 441 2174 504 CHRYSOSTOMI
2206 439 2526 497 ARCIIIEP.
2566 434 3106 496 CONSTANI‘INOP.

2243 555 2622 624 καταφεύγειν,
2673 552 2764 605 καὶ
2812 543 3252 603 ἀπαλλάσσεσθαι
3289 539 3550 624 κινδύνου,
3594 536 3813 624 μένοντι

2241 641 2374 701 ἐκεῖ,
2396 614 2509 699 Ξιωέ
2538 614 2873 702 ἂννάποθάνῃ
2906 634 2934 683 6
2972 628 3146 697 ἱερεὺς
3174 627 3201 676 6
3228 623 3418 692 μέγας.
3459 618 3582 702 Ἑάν
3605 618 3663 702 δέ

2242 719 2345 783 ἔξω
2361 698 2488 770 ’τῶν
2503 718 2640 787 ὅρων
2664 715 2760 782 τῆς
2790 698 2940 782 [53G]
2968 709 3191 769 πόλεως,
3215 705 3307 758 καὶ
3331 701 3563 787 φονεύσῃ
3588 699 3746 787 αὑτὸν

2245 780 2506 867 συγγενὴς
2535 780 2653 848 ’τοῦ
2709 780 3132 861 πεφονευμένου,
3172 789 3229 839 οὐ
3282 783 3440 867 δώσει
3482 782 3657 867 δίκην.
3687 780 3820 867 ’Καὶ

2242 861 2547 948 διαλέγεται
2573 877 2780 947 βραχέα
2830 873 2955 944 περὶ
2983 871 3091 924 τῶν
3121 869 3297 938 νόμων
3322 865 3428 918 τῶν
3464 864 3615 948 περὶ-
3636 861 3820 948 φόνων

2243 946 2526 1033 κειμένων.
2557 946 2949 1029 Προσέρχονται
2985 957 3036 1006 οἱ
3077 953 3332 1022 ἄρχοντες
3358 948 3454 1033 τῆς
3483 946 3665 1033 φυλῆς
3686 946 3821 998 Μα-

2244 1027 2415 1114 νασσῆ
2444 1027 2692 1110 λέγοντες
2721 1027 2796 1108 τῷ
2818 1039 3054 1106 Μωῢσῇο
3103 1033 3315 1101 Ἐπειδὴ
3345 1029 3495 1114 ἔδοξε
3507 1029 3604 1114 τάς
3643 1027 3821 1114 θυγα-

2244 1109 2415 1197 τέρας.
2460 1109 2710 1178 Σαλπαάδ
2760 1122 2943 1173 λαϐεῖν
2988 1117 3217 1187 κλῆρον,
3260 1116 3308 1166 εἰ
3355 1109 3823 1197 συμϐαίηαύτὰς

2245 1191 2558 1277 γαμηθῆναι
2599 1204 2749 1274 ἀνδρὶ
2786 1202 2844 1268 ἐξ
2883 1200 3074 1269 ἐτέρας
3104 1197 3294 1266 φυλῆς,
3342 1194 3396 1277 τί
3443 1194 3529 1245 ῐνα
3559 1191 3784 1277 γίνηται
3803 1206 3822 1253 ;

2244 1273 2600 1341 ἀπελεύσεται
2626 1273 2732 1354 γάρ
2766 1286 2793 1336 6
2825 1282 3025 1353 κλῆρος
3069 1279 3166 1348 τῆς
3207 1276 3478 1346 ἡμετέρας
3516 1273 3687 1341 φυλῆς
3734 1273 3824 1332 εἰς

2245 1371 2457 1440 ἐκείνην
2503 1370 2600 1438 τὴν
2656 1367 2849 1435 φυλήν.
2906 1364 3039 1416 Τότε
3097 1359 3393 1431 προσέταξε
3440 1355 3698 1440 Μωῦσῆς,
3728 1355 3825 1440 *ἐκ

2243 1454 2340 1522 τῆς
2408 1435 2567 1513 ίὸίας
2601 1450 2771 1518 φυλῆς
2829 1448 3063 1515 γυναῖκα
3115 1442 3410 1511 λαμϐάνειν
3442 1437 3667 1522 ἀνδρα..
3727 1435 3825 1522 ἵνα

2248 1517 2321 1603 μῆ
2376 1531 2781 1602 μεταφέρωνται
2846 1530 2901 1582 αἱ
2954 1522 3302 1597 κληρονομῖαι
3358 1521 3470 1574 ἀπὸ
3516 1518 3688 1587 φυλῆς
3736 1517 3826 1578 εἰς

2245 1615 2437 1686 φυλήν.

2577 1709 2842 1776 Σύνοψις
2876 1705 2982 1759 τοῦ
3015 1699 3489 1768 Δευτερονομίου.

2327 1837 2412 1896 Ὡς
2438 1831 2800 1901 ἐνκεφαλαίῳ
2828 1831 3092 1898 διηγεῖται
3124 1827 3300 1879 πάντα
3325 1825 3393 1876 τὰ
3429 1821 3616 1893 πρῶτα
3645 1821 3822 1873 Μωῦ-

2248 1922 2366 1988 σῆς,
2415 1919 2492 1979 είς
2540 1916 2844 1983 ὑπόμνησιν
2885 1912 3078 1973 αὐτοὺς
3112 1909 3258 1976 ἄγων
3293 1907 3392 1975 τῆς
3447 1921 3504 1959 τε
3554 1902 3647 1956 τοῦ
3675 1901 3821 1955 Θεοῦ

2247 1983 2582 2068 εὐεργεσίας,
2616 1995 2708 2048 καὶ
2733 1995 2831 2064 τῆς
2859 1993 3037 2047 αὐτῶν
3056 1990 3268 2052 κακίας.
3291 1988 3426 2056 Περὶ
3445 1986 3536 2038 τοῦ
3562 1985 3635 2068 μὴ
3657 1983 3821 2068 $160:-

2247 2064 2523 2146 λολατρεῖν
2565 2075 2901 2146 παραίνεσις.
2945 2070 3204 2126 Ἐνταῦθα
3228 2071 3398 2123 κεῖται
3447 2068 3538 2120 καὶ
3590 2065 3670 2129 τὸ,
3714 2064 3821 2132 Μὴ

2247 2159 2681 2227 προσκυνήσῃς
2711 2157 2834 2222 τοῖς
2868 2157 3133 2222 ἄστροις,
3163 2153 3201 2207 ἁ
3237 2151 3513 2218 ἀπένειμε
3541 2149 3758 2215 Κύριος
3786 2150 3823 2199 ό

2251 2245 2394 2306 θεός
2421 2255 2536 2294 σου
2575 2241 2725 2295 πᾶσι
2761 2239 2884 2303 τοῖς
2902 2238 3104 2291 ἔθνεσι
3136 2234 3259 2298 τοῖς
3289 2231 3563 2287 ὑποκάτω
3586 2227 3692 2282 τοῦ
3714 2230 3825 2281 οὐ·

2241 2321 2454 2390 ρανοῦ.
2473 2321 2512 2374 Τ
2517 2322 2544 2373 ὸ
2582 2321 2661 2382 δὲ,
2706 2319 3020 2387 Ἀπένειμε,
3047 2317 3144 2385 οὐχ
3166 2317 3248 2368 ὃτι
3270 2313 3428 2374 αὐτὸς
3458 2309 3821 2381 προσέταξεν*

2248 2404 2447 2470 ἄπαγε·
2472 2403 2607 2455 ἀλλὰ
2643 2399 2824 2462 καθώς
2853 2416 3016 2468 φησιν
3049 2399 3077 2449 6
3107 2398 3371 2467 μακάριος
3403 2392 3628 2461 Παῦλοςσ
3660 2394 3826 2457 Παρ-

2247 2483 2467 2536 ἐδωκεν
2501 2483 2721 2548 αὐτοὺς
2753 2486 2785 2535 ό
2820 2481 2964 2546 Θεὸς
3013 2482 3099 2544 εὶς
3151 2477 3439 2542 ἀδόκιμον
3485 2475 3660 2535 γοῦν,
3717 2475 3824 2540 οὐχ

2248 2566 2328 2618 ὅτι
2367 2564 2699 2634 παρέδωκεν,
2738 2561 2848 2616 ἀλλ’
2895 2562 2976 2614 ὅτι
3015 2560 3297 2629 ἑλομένους
3347 2554 3541 2615 αὐτοὺς
3587 2552 3681 2604 καὶ
3725 2553 3822 2604 ἀν-

2249 2646 2586 2717 επιστρόφως
2611 2645 2828 2714 ἔχοντας
2855 2641 3084 2712 ἀφῆκεν.
3112 2640 3294 2702 υῦτως
3319 2636 3550 2690 ἐνταῦθα
3574 2635 3654 2698 τὸ,
3690 2635 3827 2688 Ἀπ-

2247 2726 2479 2795 ἐνειμεν
2498 2727 2718 2793 αὐτοῖς,
2733 2725 3027 2786 τουτέστιν,
3047 2722 3329 2792 ἑλομένους
3351 2719 3446 2790 τὴν
3469 2718 3695 2787 πλάνην,
3723 2717 3826 2769 καὶ

2252 2811 2326 2880 μὴ
2368 2810 2716 2879 βουλομένους
2752 2807 3094 2877 ἐπιστρέψαι,
3136 2806 3364 2875 ἀφῆκεν.
3421 2799 3677 2854 Ἐνταῦθα
3733 2814 3828 2866 μιρ

2250 2892 2378 2960 κρὸν
2412 2891 2686 2962 προελθὼν
2711 2889 2854 2958 λέγει
2873 2904 2886 2917 ο
2917 2888 3380 2956 Διαμαρτύρομαι
3412 2881 3554 2950 ὑμῖν
3581 2881 3688 2933 τὸν
3719 2882 3827 2934 οὑ-

2241 2978 2430 3044 ρανὸν
2469 2979 2567 3030 καὶ
2595 2976 2707 3044 τὴν
2742 2976 2875 3044 γῆν,
2920 2975 3009 3027 ὅτι
3041 2973 3304 3036 ἀπωλείῃ
3340 2967 3680 3029 ἀπολεῖσθε,
3709 2967 3826 3019 ἐὰν

2249 3055 2549 3121 ἀποστῆτε
2573 3055 2692 3109 ἀπὸ
2721 3053 2826 3107 τοῦ
2865 3052 3034 3107 Θεοῦ.
3063 3045 3196 3103 Εἶτα
3232 3049 3495 3102 δείκνυσιν
3529 3047 3610 3098 ὅτι
3637 3044 3824 3097 οὐδενὶ

2249 3139 2418 3191 ταῦτα
2446 3139 2715 3207 παρέσχεν
2742 3139 2770 3190 6
2803 3136 2932 3197 Θεὸς
2961 3135 3101 3203 ἆπερ
3145 3131 3389 3193 ἐκείνοις.
3423 3130 3532 3182 Καὶ
3566 3127 3824 3198 ἀφορίζει

2249 3223 2397 3287 τρεῖς
2438 3220 2616 3282 πόλεις
2655 3217 2748 3270 τοῦ
2787 3217 3048 3286 Ἰορδάνου
3092 3215 3172 3276 εἰς
3216 3212 3661 3280 φυγαδευτήριον.
3693 3209 3823 3261 Ἔτι

2249 3301 2356 3352 τῶν
2382 3301 2661 3372 προτέρων
2701 3300 2894 3361 αὐτοὺς
2937 3296 3364 3365 ὑπομιμνήσκει,
3407 3291 3520 3354 καὶ,
3555 3291 3830 3372 Ἕςραψαι

2249 3382 2400 3435 αὐτὰ
2434 3371 2544 3434 ἐπὶ
2596 3381 2716 3432 τῶν
2759 3380 2973 3448 χειρῶν
3010 3394 3145 3439 σου,
3184 3376 3335 3444 φησὶ,
3383 3375 3479 3427 καί
3537 3373 3634 3424 ἐπὶ
3698 3371 3824 3424 τῶν

2250 3461 2441 3529 plain»
2482 3477 2598 3514 σου
2637 3460 2898 3528 γράψεις,
2945 3460 3041 3512 καὶ
3069 3457 3328 3519 διδάξεις
3353 3454 3458 3506 τὸν
3494 3455 3627 3506 υἱόν
3671 3467 3818 3504 σου.

2250 3542 2432 3594 Εἰπὼν
2461 3544 2516 3594 δὲ
2545 3543 2579 3596 ἆ
2614 3543 2944 3609 συμϐήσεται
2971 3539 3116 3591 κακὰ
3157 3537 3251 3589 ἐὰν
3283 3533 3687 3605 παρακούσωσι,
3714 3550 3821 3584 πα-

2252 3623 2575 3692 ραθαρῤύνει
2614 3623 2748 3692 πρὸς
2775 3622 2835 3674 τὸ
2891 3622 2964 3690 μὴ
3003 3619 3290 3672 δεδοικέναι
3331 3617 3455 3678 τοὺς
3503 3614 3798 3683 πολεμίους

2251 3705 2416 3757 Πάλιν
2450 3705 2851 3774 ἀναμιμνήσκει
2878 3703 2986 3755 τῶν
3019 3702 3316 3772 προτέρων.
3358 3697 3614 3752 Ἐνταῦθα
3639 3699 3822 3748 κεῖται

2249 3787 2330 3849 τὸ,
2366 3788 2628 3854 Πρόσεχε
2651 3787 2901 3850 σεαυτῷ,
2933 3786 2961 3837 ὃ
2987 3784 3240 3845 πολλάκις
3268 3784 3446 3845 αὐτοῖς
3482 3782 3572 3834 καὶ
3611 3779 3821 3848 προῖὼν

2252 3869 2505 3934 ἐπιλέγει,
2544 3870 2637 3920 καὶ
2666 3871 2917 3937 παραινεῖ
2946 3867 3042 3930 τὰς
3073 3865 3225 3928 νίκας
3260 3866 3331 3934 μὴ
3364 3867 3429 3934 τῇ
3454 3861 3627 3931 οἰκείᾳ
3653 3862 3818 3916 δυνά-

2255 3968 2343 4020 μει
2375 3951 2718 4018 ἐπιγράφειν,
2759 3949 2891 4003 ἀλλά
2916 3951 2980 4017 τῇ
3009 3947 3099 3999 τοῦ
3144 3947 3278 3999 Θεοῦ
3311 3946 3509 4015 χάριτι.
3551 3942 3821 3996 Ἐνταῦθα

2251 4035 2444 4093 κεῖται,
2493 4033 2573 4084 ὅτι
2625 4030 2675 4082 '0
2739 4031 2882 4094 Θεὸς
2950 4030 3069 4096 πῦρ
3130 4027 3576 4080 καταναλίσκον
3641 4025 3821 4078 ἐστὶν

2250 4115 2382 4185 ὅπερ
2413 4116 2440 4167 6
2472 4113 2678 4176 Παῦλος
2707 4115 2764 4164 ὲν
2789 4115 2855 4182 τῇ
2892 4111 3037 4181 πρὸς
3074 4110 3352 4180 Ἑϐραίους
3382 4109 3561 4178 ἐθηκε.
3603 4110 3819 4177 Παραι-

2249 4199 2329 4252 νεῖ
2353 4197 2408 4249 δὲ
2445 4199 2502 4249 ὲν
2538 4195 2716 4263 ταύτῷ
2740 4194 2974 4261 Μωῦσῆς
3018 4193 3090 4261 μὴ
3117 4191 3449 4261 «ἐπαίρεσθαι
3482 4189 3694 4251 αύτούς.
3731 4190 3819 4240 οὐ

2251 4280 2358 4346 γὰρ
2393 4277 2489 4330 διὰ
2540 4275 2653 4343 τὴν
2695 4275 3088 4340 δικαιοσύνην
3133 4289 3266 4336 σου,
3325 4273 3505 4340 φησιν,
3553 4270 3814 4336 Ἰσραὴλ,

2249 4358 2815 4424 ἐξολοθρευθήσεται
2841 4356 3084 4419 τάἕθνη,
3108 4353 3266 4407 ἀλλὰ
3287 4354 3381 4405 διὰ
3404 4353 3514 4417 τὴν
3532 4351 3817 4404 ἀσέϐειαν

2249 4441 2460 4494 αὐτῶν.
2479 4441 2910 4508 ’Υπομιμνήσκει
2929 4439 2982 4489 δὲ
3005 4438 3196 4498 αὐτοὺς
3214 4437 3302 4489 καὶ⁵
3322 4438 3416 4503 τῆς
3440 4437 3813 4504 μοσχοποιίας.

2263 4521 2519 4574 Ἐνταῦθα
2545 4523 2599 4573 δὲ
2626 4524 2798 4572 κεῖται
2815 4536 2828 4548 '
2852 4520 3272 4588 Περιτέμνεσθε
3304 4519 3417 4583 τὴν
3436 4520 3811 4584 σκληροκαρ-

2249 4605 2383 4656 δίαν
2401 4604 2578 4672 ὑμῶν,
2594 4604 2690 4655 καὶ
2713 4603 2819 4654 τὸν
2833 4602 3132 4670 τράχηλον
3143 4601 3385 4668 ὑμῶνοιὸ
3400 4601 3812 4667 σκλτιρυνεῖτε.

2265 4685 2730 4754 Ἐγκωμιάζειτὴν
2750 4687 2850 4753 γῆν
2867 4686 2962 4752 τῆς
2977 4683 3320 4751 ἐπαγγελίας.
3340 4682 3600 4734 Ἐνταῦθα
3612 4687 3814 4736 κεῖται·

2251 4769 2457 4834 Φαγὼν
2475 4767 2568 4820 καί
2594 4767 2743 4818 πιὼν
2766 4765 2861 4818 καὶ
2888 4765 3250 4832 ἐμπλησθελς
3275 4765 3531 4830 πρόσεχε
3552 4763 3811 4827 σεαυτῷ·

2253 4852 2344 4900 καὶ
2368 4849 2617 4917 προλέγει
2644 4847 2711 4899 τὰ
2748 4846 2891 4898 κακά
2916 4846 3296 4915 παρακούουσι,
3331 4845 3421 4896 καὶ
3454 4845 3519 4895 τὰ
3557 4843 3738 4909 ἀγαθά
3764 4847 3815 4897 εί

2253 4931 2632 4982 ύπακούσειαν.
2681 4930 2788 4980 Καὶ
2821 4927 3028 4980 κελεύει
3072 4927 3157 4978 ἐπ’
3205 4927 3326 4995 6‘90;
3370 4925 3589 4995 Γαριζὶν
3627 4926 3814 4981 δοῦναι

2250 5014 2345 5080 τὴν
2369 5013 2629 5078 εὐλογίαν,
2667 5013 2759 5063 καὶ
2785 5010 2883 5079 τὴν
2912 5008 3154 5078 κατάραν
3186 5011 3272 5060 ἐπ’
3301 5007 3422 5076 ὅρος
3446 5008 3618 5060 Γεϐάλ
3636 5025 3648 5037 ο
3676 5011 3815 5060 ἀποο

2249 5095 2398 5144 λέσαι
2426 5094 2494 5145 τὰ
2535 5093 2728 5144 εἴδωλα
2757 5092 2850 5144 καὶ
2880 5093 3004 5151 τοὺς
3034 5092 3225 5152 τόπους
3249 5089 3442 5142 αὐτῶν.
3472 5090 3696 5142 Κελεύει
3733 5093 3810 5160 μὴ

2252 5177 2520 5244 πανταχοῦ
2569 5176 2755 5235 θυσίας
2793 5173 3080 5242 ἀναφέρειν
3125 5173 3201 5241 τῷ
3246 5173 3382 5240 Θεῷ,
3430 5173 3544 5223 ἀλλ’
3573 5173 3670 5234 ,εἰς
3716 5173 3810 5226 τὸν

2247 5261 2409 5312 τόπον
2433 5261 2490 5310 ὃν
2520 5259 2582 5310 ἂν
2614 5258 2912 5324 ἐκλέξηται.
2947 5257 3078 5323 Περὶ
3105 5256 3197 5307 τοῦ
3239 5255 3311 5325 μὴ
3344 5256 3536 5324 ζηλοῦν
3564 5255 3630 5307 τά
3656 5256 3805 5324 ἔθνη,

2254 5342 2384 5410 μηδέ
2399 5359 2500 5393 τινι
2517 5339 2786 5392 πείθεσθαι
2801 5338 3208 5405 συμϐουλεύοντι
3224 5337 3637 5406 είδωλολατρεῖν,
3654 5337 3807 5408 [55η

2251 5425 2350 5474 κᾶν
2385 5425 2581 5491 σημεῖα
2615 5422 2759 5488 ποιῇ,
2801 5421 2936 5488 μήτε
2976 5421 3131 5488 φίλῳ,
3170 5421 3303 5489 μήτε
3341 5420 3481 5488 ἄλλῳ
3516 5421 3639 5480 τινὶ,
3672 5421 3808 5474 ἀλλά

2249 5505 2536 5555 λιθοϐολεῖν
2579 5502 2669 5554 τὸν
2737 5503 3119 5569 παραινοῦντα,
3169 5503 3270 5555 κᾶν
3313 5501 3532 5567 ἀδελφὸς
3704 5504 3807 5555 κᾶν

2252 5586 2400 5647 πόλις
2461 5583 2932 5653 εἰδωλολατρεύση,
2981 5583 3323 5652 πανώλεθρον
3387 5583 3555 5652 αὐτὴν
3610 5586 3804 5638 ποιεῖν.

2251 5669 2383 5719 Τίνα
2424 5667 2501 5718 δεῖ
2544 5666 2761 5726 ἐσθίειν,
2807 5667 2898 5717 καὶ
2941 5667 3060 5718 τίνα
3111 5665 3486 5733 παραιτεῖσθαι
3533 5668 3803 5735 παραινεῖ.

2255 5751 2386 5818 Περὶ
2434 5749 2675 5817 ἀφέσεως
2719 5749 2890 5818 χρεῶν
2937 5750 3228 5818 νομοθετεῖ,
3273 5747 3398 5818 περὶ
3434 5747 3679 5815 ἀφέσεως
3719 5748 3806 5801 καὶ
