3996 6412
181 408 290 461 333

181 503 404 570 fugatus
446 506 515 558 ab
563 506 662 559 illis
698 513 813 558 est:
855 504 1115 570 urbesque
1152 501 1264 567 ejus
1289 510 1541 567 ceperunt
1579 500 1742 549 Israe-

191 596 313 647 litae.
361 596 642 663 Congressi
695 595 852 648 etiam
894 607 1010 646 cum
1056 592 1130 659 0g
1178 606 1298 657 rege
1340 591 1527 650 Basan,
1565 589 1746 641 iisdem

191 685 366 749 ipsum
423 684 577 735 malis
623 682 934 742 affecerunt,
976 681 1124 748 queis
1165 679 1301 731 Seon
1348 678 1647 739 affecerant,
1688 691 1749 729 ae

191 783 391 824 terram
416 773 675 838 urbesque
705 771 820 837 ejus
848 784 1031 822 omnes
1055 776 1324 834 ceperunt.
1354 767 1504 818 Mittit
1533 781 1621 818 rex
1659 765 1748 818 Ba-

192 863 269 914 iac
299 864 367 916 ad
394 864 603 915 Balaam
635 871 805 915 vatem
825 903 838 924 ,
866 869 923 912 ut
951 860 1284 912 malediceret
1309 859 1576 924 populum.
1612 857 1748 909 Deus

191 963 368 1004 autem
403 951 550 1003 initio
585 951 794 1018 quidem
840 948 1168 1017 prohibebat.
1201 947 1268 1000 Ut
1307 955 1478 998 autem
1526 945 1749 998 instabat

193 1040 272 1091 ille
295 1039 435 1106 apud
475 1049 666 1101 vatem,
693 1037 953 1089 concessit
974 1036 1181 1103 quidem
1213 1045 1267 1086 ut
1294 1035 1410 1091 iret.
1443 1032 1535 1086 sed
1563 1047 1664 1085 non
1694 1041 1748 1084 ut

192 1128 533 1182 malediceret
566 1145 578 1176 :
612 1126 703 1179 sed
743 1126 999 1178 convertit
1030 1123 1424 1176 maledictioncs
1454 1123 1503 1173 in
1532 1121 1745 1174 benedi-

193 1217 421 1268 ctionem
453 1218 548 1283 (α).
585 1214 698 1267 Non
727 1213 863 1280 quod
889 1212 1151 1280 quidpiam
1189 1219 1403 1278 possent
1425 1209 1748 1262 maledictio-

194 1319 291 1358 nes
335 1305 508 1366 vatis,
539 1303 630 1356 sed
675 1303 794 1370 quia
843 1302 1065 1354 miseriis
1100 1300 1313 1354 allectus
1353 1308 1464 1352 erat
1503 1299 1742 1366 populus,

194 1394 489 1447 crediturus
513 1402 631 1445 erat
653 1393 790 1444 illius
819 1391 1287 1453 maledictionibns,
1306 1389 1511 1454 illicque
1534 1396 1746 1454 propter

195 1484 549 1536 inﬁrmitatem
590 1497 736 1535 suam
781 1480 1106 1532 damnandus
1145 1488 1276 1530 erat.
1321 1478 1415 1529 llic
1447 1479 1510 1529 de
1535 1478 1745 1529 Christo

197 1573 512 1625 vaticinatur
552 1571 732 1624 dicens
760 1587 772 1622 :
810 1571 1008 1622 Orietur
1035 1570 1175 1620 stella
1204 1584 1264 1618 cx
1288 1566 1472 1627 Jacob,
1501 1577 1544 1618 ct
1578 1575 1743 1634 surget

195 1665 338 1714 homo
366 1679 428 1714 ea:
457 1661 617 1714 Israel
643 1660 821 1729 (Nam.
854 1659 942 1710 21.
977 1660 1086 1724 17).
1121 1657 1344 1723 Spiritus
1368 1657 1505 1707 enim
1541 1655 1628 1706 Dei
1652 1654 1745 1705 fuit

195 1755 242 1805 in
273 1763 411 1806 vate.
441 1753 510 1806 Ut
535 1766 660 1804 vero
695 1751 821 1802 abiit
851 1749 1082 1811 Balaam,
1116 1747 1437 1799 fornicamur
1466 1745 1554 1798 lilii
1583 1744 1739 1797 Israel

194 1859 309 1895 cum
356 1843 565 1894 ﬁliabus
609 1840 773 1903 Moab,
817 1847 871 1892 et
914 1837 1185 1891 initiantur
1230 1833 1743 1901 Beelphegor.Tunc

196 1933 426 2000 praecipit
449 1932 673 2000 Moyses,
702 1939 758 1984 ut
788 1930 1142 1997 unusquisque
1171 1927 1381 1979 fratrem
1409 1940 1558 1977 suum
1590 1925 1741 1976 idolis

193 2022 506 2075 servientem
557 2021 849 2074 interﬁciat.
879 2020 1024 2072 Tunc
1067 2018 1290 2071 Phinees
1332 2017 1468 2068 filius
1508 2016 1740 2068 Eleazari

193 2109 424 2162 confodit
450 2109 693 2162 Zambrin
726 2109 1026 2170 lsraelitam,
1057 2117 1108 2158 et
1136 2105 1324 2158 Chasbi
1356 2104 1736 2156 Madianitidem

194 2215 307 2250 eum
331 2201 421 2250 illo
449 2217 461 2249 :
495 2198 560 2249 Et
586 2206 862 2265 reputatum
889 2207 955 2248 est
987 2196 1060 2247 illi
1083 2195 1147 2246 ad
1163 2195 1410 2263 justitiam
1428 2192 1592 2261 (Psal.
1618 2191 1736 2246 105.

194 2290 305 2360 51).
337 2291 485 2344 Tunc
517 2300 858 2344 numerantur
890 2289 976 2340 lilii
1009 2287 1164 2340 lsrael
1187 2302 1214 2337 a
1245 2284 1494 2353 vigesimo
1522 2299 1658 2336 anno
1688 2293 1742 2336 et

193 2395 366 2447 supra,
393 2391 445 2433 et
471 2381 662 2432 inventi
689 2389 806 2431 sunt
828 2378 1056 2429 sexcenti
1086 2385 1137 2429 et
1166 2384 1270 2427 tres
1298 2375 1438 2426 mille
1463 2383 1513 2426 et
1533 2373 1738 2440 triginta

193 2472 305 2523 viri.
353 2472 551 2524 Levita}
591 2479 762 2522 autem
806 2479 911 2521 tres
959 2477 1009 2520 et
1046 2465 1224 2533 viginti
1254 2464 1395 2516 mille
1420 2478 1448 2514 a
1481 2476 1659 2514 mense
1688 2469 1740 2512 et

192 2576 364 2628 supra.
398 2561 493 2613 llic
533 2575 723 2612 census
759 2559 807 2610 in
843 2557 1070 2610 Araboth
1102 2555 1250 2607 Moab
1281 2555 1442 2605 factus
1476 2560 1557 2604 est
1595 2562 1738 2602 trans

192 2650 491 2702 .lordanem.
529 2649 706 2715 Neque
747 2649 796 2699 in
846 2647 946 2698 illis
976 2655 1087 2698 erat
1124 2644 1378 2710 qniSpiam
1421 2657 1481 2693 ex
1516 2642 1575 2692 iis
1605 2655 1735 2707 quos

192 2747 582 2790 enumeraverat
615 2738 755 2804 prius
786 2734 990 2804 Moyses
1021 2735 1069 2786 in
1093 2733 1300 2785 deserto
1329 2731 1472 2794 Sina,
1506 2729 1736 2794 exceptis

191 2827 309 2880 .Iesu
353 2828 460 2880 ﬁlio
496 2825 638 2879 Nave
663 2866 676 2887 ,
708 2824 1006 2878 etChalebo
1046 2823 1150 2875 ﬁlio
1183 2821 1440 2888 Jephone.
1471 2818 1740 2872 Accedunt

191 2917 424 2983 quaedam
469 2916 588 2969 ﬁliae
627 2914 849 2982 Salpaad
894 2929 961 2967 ex
1005 2913 1138 2966 tribu
1185 2912 1423 2963 Manasse
1473 2917 1734 2976 rogantes,

192 3022 303 3058 cum
336 3015 482 3073 pater
505 3021 685 3058 eorum
715 3004 833 3056 ﬁliis
860 3003 1104 3056 masculis
1130 3000 1285 3052 orbus
1314 3008 1549 3050 mortuus
1577 3005 1734 3061 esset,

194 3107 246 3145 ut
276 3097 336 3147 ad
368 3112 423 3148 se
455 3095 719 3148 hereditas
757 3093 954 3146 veniret
982 3101 1134 3158 atque
1166 3090 1446 3158 possessio.
1484 3087 1738 3153 Prmeepit

195 3185 326 3237 Deus
355 3194 411 3237 ιιι
446 3185 548 3237 illa:
579 3184 897 3251 acciperent.
933 3183 1000 3234 Et
1031 3183 1071 3235 si
1107 3183 1223 3249 quis
1262 3182 1375 3233 sine
1411 3179 1516 3231 ﬁlio
1543 3178 1733 3244 obiret,

195 3274 457 3327 mandavit
487 3283 542 3325 ut
572 3274 674 3326 ﬁlia
699 3282 841 3326 esset
867 3273 1019 3325 heres
1051 3289 1064 3334 ;
1096 3273 1135 3323 si
1176 3286 1272 3323 nec
1299 3271 1456 3321 ﬁliam
1485 3269 1733 3329 haberet,

195 3363 348 3417 frater
376 3381 390 3424 ;
419 3365 461 3416 si
489 3364 703 3416 fratrem
733 3379 832 3415 non
854 3363 1087 3424 haberet,
1112 3362 1272 3429 patris
1301 3360 1476 3412 frater.
1501 3358 1738 3412 Ostendit

194 3453 326 3506 Deus
350 3453 511 3520 Moysi
539 3468 603 3506 ex
621 3462 796 3505 monte
817 3453 958 3504 Navo
978 3451 1047 3520 (b)
1071 3461 1258 3504 terram
1284 3448 1661 3517 promissionis,
1687 3457 1737 3500 et

195 3541 240 3594 in
258 3543 370 3611 ejus
389 3544 559 3595 locum
579 3543 680 3595 dux
705 3542 1034 3595 constituitur
1060 3540 1210 3594 Jesus
1239 3540 1373 3591 ﬁlius
1401 3539 1563 3590 Nave.
1593 3537 1738 3589 Tunc

196 3632 488 3699 pnecipitur
505 3631 623 3685 ﬁliis
642 3631 797 3686 Israel
815 3633 878 3684 de
895 3631 1228 3692 holocaustis,
1244 3629 1308 3682 de
1326 3629 1590 3685 sacriﬁciis
1621 3645 1739 3697 quo-

195 3723 619 3786 tidianis,deillis
639 3739 752 3791 qure
777 3723 827 3775 in
855 3723 1088 3786 sabbato,
1115 3722 1180 3774 de
1203 3721 1302 3774 illis
1328 3736 1440 3788 quae
1459 3721 1506 3772 in
1532 3735 1740 3771 neome-

196 3813 285 3865 niis
307 3851 323 3874 ,
353 3813 419 3864 de
446 3813 508 3864 iis
544 3828 658 3879 quae
689 3813 738 3863 in
771 3811 958 3878 pascha
986 3850 999 3872 ,
1030 3810 1096 3862 de
1123 3811 1185 3861 iis
1211 3825 1326 3876 qua:
1355 3811 1403 3860 in
1430 3809 1514 3861 die
1540 3808 1738 3860 hebdo-

195 3904 481 3968 madarum,
507 3901 572 3954 de
604 3903 665 3954 iis
686 3916 800 3969 quae
822 3901 1047 3969 septimo
1084 3915 1284 3953 mense.
1315 3899 1556 3966 Prarcipit
1582 3900 1738 3952 etiam

194 3990 253 4042 de
281 3990 415 4042 votis
447 4006 461 4050 ;
505 3990 553 4041 id
583 3999 691 4054 est,
724 3989 786 4042 de
814 3989 876 4041 iis
895 4004 1013 4057 qua:
1039 3988 1294 4056 quispiam
1327 3987 1589 4040 offerenda
1616 4002 1740 4038 con-

196 4080 594 4133 stituerit.Tunc
609 4088 878 4131 armantur
902 4077 1173 4130 duodecim
1203 4078 1347 4130 mille
1370 4077 1463 4128 viri
1496 4093 1556 4128 ex
1581 4075 1744 4127 lsrae-

199 4168 295 4220 litis
321 4177 506 4221 contra
537 4167 840 4220 Madianitas
861 4208 875 4231 ,
907 4175 958 4220 et
988 4151 1211 4219 Phi'nees
1240 4181 1356 4217 cum
1386 4165 1516 4228 illis,
1547 4165 1742 4216 interﬁ-

197 4259 438 4324 ciuntque
461 4270 552 4310 eos
581 4267 634 4311 et
659 4258 887 4326 quinque
912 4271 1059 4324 reges
1081 4256 1322 4316 Madiam,
1350 4264 1401 4308 et
1423 4255 1628 4306 Balaam
1656 4270 1744 4306 va-

201 4356 317 4402 tem.
350 4347 415 4400 Et
446 4347 700 4415 primitias
724 4347 1025 4400 obtulerunt
1055 4346 1158 4398 Dco
1187 4345 1252 4398 de
1279 4345 1459 4411 spoliis
1483 4384 1496 4407 ,
1524 4354 1741 4397 caetera-

201 4453 294 4503 que
325 4438 464 4490 inter
495 4451 552 4490 se
590 4437 900 4491 diviserunt.
934 4437 1254 4490 Accedentes
1287 4435 1450 4489 tribus
1480 4436 1661 4489 Ruben
1693 4444 1745 4489 et

200 4527 328 4587 Gad,
382 4535 437 4581 et
480 4527 692 4580 dimidia
737 4528 905 4582 tribus
945 4527 1203 4592 Manasse,
1241 4529 1539 4595 petebanta
1569 4529 1746 4597 Moyse

201 4618 488 4685 regionem,
525 4632 641 4682 qua}
673 4626 753 4669 est
791 4625 933 4669 trans
958 4617 1259 4671 Iordanem.
1298 4618 1388 4671 llle
1427 4633 1552 4670 vero
1580 4618 1743 4681 dedit,

201 4721 311 4759 cmn
342 4709 486 4776 prius
515 4707 586 4759 illi
621 4708 981 4774 promisissent
1019 4724 1076 4760 se
1107 4724 1225 4761 cum
1252 4709 1465 4776 reliquis
1497 4709 1746 4763 lsraclitis

203 4808 518 4865 pugnaturos
553 4812 666 4850 esse
688 4839 700 4860 ,
739 4796 1124 4864 Jordanemque
1158 4813 1276 4849 cum
1312 4798 1470 4848 armis
1499 4798 1747 4850 transitu.

202 4901 305 4952 ros,
340 4895 395 4937 ut
433 4886 688 4939 bellarent
724 4903 816 4954 pro
845 4887 1090 4940 fratribus
1119 4888 1244 4940 suis.
1273 4887 1365 4939 Hic
1395 4888 1744 4940 narrationem

204 4977 327 5029 texit
364 4975 570 5043 Moyses
615 4977 816 5029 itineris
857 4978 921 5029 ab
957 4977 1215 5046 Algypto,
1247 4977 1412 5030 donec
1436 4986 1690 5030 venerunt
1719 4992 1749 5030 e

205 5067 409 5133 regione
453 5063 681 5117 Jericho.
738 5066 993 5118 Jubcntur
1047 5068 1119 5119 illi
1174 5069 1526 5121 exterminare
1573 5070 1746 5123 omnia

203 5153 335 5207 idola
362 5154 615 5222 gentium.
643 5154 892 5222 Loquitur
915 5158 1067 5210 etiam
1092 5159 1193 5211 illis
1219 5158 1283 5212 de
1311 5160 1548 5212 terminis
1572 5168 1748 5225 terrae,

205 5245 286 5296 ubi
331 5245 587 5312 incipiant
631 5256 682 5298 et
723 5246 807 5297 ubi
848 5248 1106 5302 desinant.
1148 5250 1388 5318 Prmeipit
1420 5250 1577 5304 etiam
1612 5252 1750 5304 circa

204 5341 415 5397 terram,
446 5349 602 5403 quam
641 5335 845 5389 Levitas
881 5339 1121 5405 accipere
1155 5340 1459 5406 oportebat,
1491 5339 1632 5391 etde
1657 5353 1746 5391 sex

262 5471 329 5530 (η)
363 5468 824 5536 Huc_recidi_t__illud
853 5471 979 5536 quod
1019 5472 1086 5536 ait
1123 5469 1226 5536 ipse
1262 5485 1489 5536 sermone
1533 5485 1656 5536 nono
1700 5475 1747 5518 in

208 5529 431 5576 Geltesim
464 5530 615 5578 Tomo
649 5531 727 5590 ιν,
763 5537 853 5578 col.
890 5531 1006 5584 δῶ,
1034 5532 1113 5576 τὸν
1142 5534 1339 5591 Βαλαὰμ.
1363 5535 1600 5592 ἠνάγκασέ
1634 5550 1748 5578 ποτε

205 5591 259 5635 τὰ
293 5592 518 5648 μέλλοντα
547 5591 706 5638 εἰπεῖν.

268 5652 331 5709 (b)
363 5652 408 5696 In
445 5657 636 5708 vulgata
657 5688 668 5707 ,
699 5650 920 5707 Abarim,
951 5652 1214 5698 scentulum
1245 5651 1531 5703 llebraicam
1568 5653 1747 5702 verita~

211 5724 317 5758 .em.
349 5709 466 5758 Vide
497 5724 545 5756 ιιι
572 5713 665 5758 ﬁne
691 5713 922 5772 Synopsis
955 5713 1335 5760 Deutcronomii.

1207 388 1519 444 SYNOPSIS
1555 384 1954 440 SCRIPTUR/E
1992 383 2254 438 SACIUE.

3267 406 3375 458 334

1857 498 2068 552 urbibus
2095 502 2301 571 refugii,
2331 505 2398 558 ita
2429 516 2482 559 ιιι
2511 510 2550 561 is
2582 511 2666 576 qui
2697 520 2886 579 prmter
2913 514 3227 568 voluntatem
3259 519 3394 572 occi-

1853 587 2035 651 disset,
2058 590 2178 642 illuc
2197 593 2521 660 confugeret,
2547 608 2599 649 et
2621 600 2733 651 sine
2761 602 2994 667 periculo
3024 612 3163 657 esset
3193 605 3260 658 ibi
3291 621 3402 660 ma-

1854 691 2004 739 nens,
2036 678 2205 732 donec
2243 694 2537 737 moreretur
2574 689 2822 741 sacerdos
2866 706 3105 758 magnus.
3134 692 3187 744 Si
3224 704 3398 748 autem

1853 776 1997 819 extra
2021 772 2268 824 terminos
2293 773 2442 826 urbis
2464 786 2760 842 caperetur,
2787 788 2837 831 et
2864 781 3125 834 occideret
3161 798 3278 834 eum
3305 798 3399 836 co-

1851 867 2038 923 gnatus
2075 861 2232 913 occisi
2259 902 2273 926 ,
2309 862 2392 916 hic
2419 879 2519 915 non
2549 865 2698 918 daret
2727 883 2924 934 poenas.
2957 869 3022 921 Et
3045 885 3201 936 pauca
3226 871 3398 939 loqui-

1855 955 1936 998 tur
1959 948 2023 1000 de
2051 949 2250 1014 legibus
2277 952 2410 1005 circa
2437 955 2624 1006 caedes.
2654 956 2918 1009 Accedunt
2944 959 3202 1024 principes
3233 960 3396 1014 tribus

1851 1035 2084 1089 Manasse
2105 1039 2338 1093 dicentes
2373 1042 2533 1109 Moysi
2563 1061 2574 1095 :
2603 1043 2854 1106 Quoniam
2895 1047 3059 1097 visum
3096 1058 3173 1099 est
3200 1058 3253 1099 ιιι
3277 1048 3396 1100 ﬁlia:

1851 1126 2068 1195 Salpaad
2100 1130 2396 1196 acciperent
2423 1132 2764 1184 hereditatem
2785 1174 2798 1196 ,
2827 1135 2868 1186 si
2891 1136 3161 1202 contigerit
3186 1151 3274 1188 eas
3293 1153 3393 1188 nu-

1853 1216 1973 1269 bere
2005 1218 2118 1268 viro
2144 1233 2205 1271 ex
2245 1221 2406 1273 altera
2439 1222 2598 1286 tribu,
2626 1223 2746 1289 quid
2777 1222 2860 1274 fiet
2883 1224 2905 1273 ?
2927 1239 3040 1276 sors
3069 1226 3202 1275 enim
3229 1225 3392 1276 tribus

1851 1315 2040 1358 nostra:
2084 1308 2244 1360 exibit
2279 1308 2330 1361 in
2376 1311 2517 1362 illam
2549 1312 2757 1362 tribum.
2787 1312 2932 1364 Tunc
2971 1314 3216 1379 praecepit
3243 1313 3388 1381 Moy-

1849 1408 1952 1457 ses,
1995 1405 2050 1445 ιιι
2092 1398 2170 1448 vir
2207 1398 2430 1465 quiSque
2468 1416 2529 1453 ex
2561 1415 2652 1451 sua
2693 1402 2825 1452 tribu
2867 1416 3078 1454 uxorem
3111 1403 3387 1469 acciperet,

1850 1501 1914 1536 ne
1943 1485 2351 1541 transferrentur
2382 1489 2697 1543 hereditates
2717 1507 2745 1543 a
2776 1493 2908 1543 tribu
2936 1492 2984 1543 in
3014 1492 3223 1544 tribum.

2281 1613 2509 1651 SYNOPSIS
2538 1611 2922 1652 DEUTERO‘NOMII

1915 1706 2070 1769 Quasi
2103 1709 2399 1759 summatim
2434 1710 2606 1774 priora
2635 1711 2806 1759 omnia
2857 1720 3031 1761 narrat
3066 1709 3268 1778 Moyses
3292 1750 3305 1773 ,
3334 1718 3389 1762 ut

1848 1794 1946 1845 illis
1980 1795 2028 1844 in
2062 1797 2361 1847 memoriam
2390 1805 2599 1848 revocet
2625 1808 2670 1849 et
2702 1797 2787 1847 Dei
2822 1797 3088 1862 beneﬁcia,
3117 1809 3168 1852 et
3201 1801 3385 1867 nequi-

1847 1884 1967 1934 tiam
2002 1885 2251 1950 ipsorum.
2301 1882 2617 1934 Adhortatio
2647 1899 2710 1934 ne
2743 1882 2880 1935 idola
2908 1886 3106 1936 colant.
3171 1888 3263 1938 llic
3299 1888 3380 1955 ja-

1845 1981 1926 2023 cet
1949 1972 2073 2024 illud
2103 1991 2115 2024 :
2149 1972 2264 2025 Non
2283 1975 2512 2025 adorabis
2532 1975 2718 2035 stellas,
2746 1990 2867 2039 quas
2884 1974 3179 2040 dispensarit
3213 1974 3384 2025 Domi-

1845 2078 1936 2112 nus
1977 2061 2112 2114 Deus
2167 2071 2277 2114 tuus
2323 2065 2546 2115 omnibus
2599 2066 2820 2131 gentibus
2849 2081 2958 2132 qua:
3006 2066 3092 2116 sub
3127 2066 3244 2116 caelo
3271 2073 3384 2116 sunt

1847 2151 1864 2218 (
1900 2151 2044 2202 Deut.
2069 2151 2119 2203 ll.
2165 2152 2229 2206 19
2259 2152 2277 2220 )
2307 2154 2404 2220 (a).
2435 2153 2562 2205 lllttd
2594 2168 2735 2216 vero,
2764 2153 3091 2221 Dispensavit,
3136 2155 3375 2221 inlellige,

1845 2261 1946 2297 non
1976 2243 2111 2314 quod
2140 2245 2249 2311 ipse
2271 2245 2515 2312 jusserit:
2541 2246 2705 2304 absit;
2737 2245 2827 2297 sed
2853 2245 3284 2312 quemadmodum
3312 2246 3384 2296 ait

1844 2335 2025 2386 beatus
2075 2335 2262 2386 Paulus
2291 2349 2304 2383 τ
2347 2334 2571 2385 Tradidit
2615 2335 2725 2386 illos
2755 2333 2881 2385 Deus
2910 2334 2960 2384 in
2987 2336 3248 2400 reprobum
3272 2349 3384 2384 scn-

1842 2441 1949 2475 sum
1978 2425 1992 2491 (
2027 2425 2172 2475 Rom.
2224 2428 2269 2476 l.
2299 2424 2366 2476 28
2413 2423 2450 2492 ),
2487 2439 2587 2475 non
2618 2423 2753 2490 quod
2781 2421 3053 2475 tradiderit
3085 2462 3097 2483 ,
3129 2422 3218 2474 sed
3247 2421 3379 2487 quod

1844 2514 1960 2565 illos
1998 2554 2011 2576 ,
2041 2515 2126 2580 qui
2162 2516 2227 2565 ita
2259 2516 2451 2567 vellent
2487 2523 2537 2566 ct
2558 2515 2669 2566 sine
2691 2530 2781 2579 spe
2807 2513 3159 2564 conversionis
3184 2524 3378 2574 essent,

1840 2603 2115 2654 dimiserit.
2163 2603 2248 2654 Sic
2286 2612 2338 2654 et
2381 2603 2480 2654 hoc
2507 2603 2623 2654 loco
2647 2642 2661 2662 ,
2695 2601 3005 2668 Dispensavit
3039 2603 3168 2668 illis,
3199 2601 3247 2653 id
3279 2612 3377 2664 est,

1839 2705 1956 2742 cum
1979 2705 2208 2742 errorem
2235 2691 2880 2757 delegissent,resipiscere
2901 2691 3377 2752 nolentes,dimisit.

1843 2779 1935 2831 llic
1963 2779 2222 2844 paululum
2254 2794 2560 2846 progressus
2605 2781 2675 2831 ait
2712 2797 2724 2831 :
2771 2780 2941 2832 Testor
2970 2779 3098 2831 vobis
3136 2782 3309 2831 ca'lum
3336 2790 3380 2832 et

1842 2881 2038 2929 terram,
2067 2885 2150 2921 vos
2181 2871 2420 2935 perituros
2446 2886 2566 2932 esse,
2595 2871 2637 2920 si
2661 2871 2982 2922 abscesseritis
3002 2888 3031 2920 a
3065 2869 3204 2935 Deo(
3230 2869 3374 2921 Deut.

1841 2959 1894 3009 4.
1925 2956 2012 3026 Ξϋ)
2037 2959 2129 3024 (b).
2166 2957 2360 3010 Deinde
2401 2957 2626 3008 ostendit
2651 2958 2809 3009 Deum
2842 2957 2966 3008 nulli
3007 2966 3143 3009 tanta
3173 2957 3378 3024 przcsti-

1843 3050 1968 3101 tisse
1996 3051 2127 3100 bona
2156 3057 2344 3115 quanta
2381 3048 2500 3100 illis.
2536 3048 2601 3099 Et
2630 3047 2941 3099 determinat
2971 3054 3075 3100 tres
3117 3047 3275 3098 urbes
3314 3046 3378 3097 ad

1839 3138 2118 3191 Jordanem
2149 3153 2244 3205 pro
2269 3138 2486 3205 refugio.
2524 3138 2705 3189 Adhuc
2730 3152 2820 3189 eos
2851 3137 2914 3188 de
2941 3136 3168 3202 pristinis
3195 3136 3376 3187 admo-

1841 3234 1970 3291 net,
2012 3227 2187 3292 aitque
2228 3241 2242 3276 :
2285 3225 2410 3292 Liga
2444 3241 2498 3276 ea
2526 3225 2574 3275 in
2602 3224 2824 3274 manibus
2853 3223 2947 3275 tuis
2969 3263 2981 3284 ,
3010 3232 3054 3274 et
3085 3224 3135 3273 in
3163 3223 3378 3289 postibus

1838 3316 2036 3379 scribes,
2065 3323 2112 3367 et
2139 3314 2331 3366 docebis
2372 3314 2530 3380 ﬁlium
2558 3322 2694 3364 tuum
2723 3312 2739 3380 (
2774 3311 2920 3365 Deut.
2963 3311 3013 3365 6.
3056 3312 3106 3365 8.
3136 3312 3168 3364 9
3212 3310 3250 3378 ).
3283 3311 3376 3364 Ubi

1841 3406 1968 3458 dixit
1995 3413 2166 3457 autem
2193 3418 2306 3471 qua:
2332 3403 2465 3455 mala
2488 3403 2551 3454 iis
2579 3412 2826 3454 eventura
2853 3401 2974 3463 sint,
3007 3400 3048 3452 si
3082 3415 3182 3450 non
3222 3399 3376 3452 obsc-

1839 3504 2098 3562 quantur,
2145 3493 2270 3561 ipsis
2317 3491 2558 3544 fiduciam
2611 3491 2776 3554 indit,
2827 3505 2892 3542 ne
2924 3491 3098 3542 hostes
3124 3497 3377 3541 metuant.

1844 3585 2045 3636 Rursus
2075 3583 2246 3650 priora
2279 3582 2328 3632 in
2361 3579 2665 3632 memoriam
2690 3588 2917 3632 revocat.
2945 3578 3037 3630 llic
3057 3578 3193 3645 jacet
3221 3576 3340 3629 illud
3364 3594 3376 3628 :

1850 3677 2057 3729 Attende
2090 3675 2173 3727 tibi
2200 3674 2217 3744 (
2247 3672 2380 3725 Ibid.
2414 3688 2459 3724 υ.
2495 3672 2558 3723 15
2589 3671 2628 3739 ),
2656 3670 2794 3738 quod
2844 3670 2967 3737 ipsis
3006 3668 3303 3736 frequenter
3330 3668 3379 3718 in

1843 3770 2182 3838 sequentibus
2222 3767 2410 3836 repetit
2439 3785 2450 3817 :
2483 3775 2761 3832 monetque
2787 3776 2852 3815 ne
2879 3761 3117 3813 victorias
3159 3757 3382 3825 propria:

1842 3862 2017 3914 virtuti
2070 3860 2368 3913 adscribant
2390 3901 2404 3924 ,
2432 3857 2522 3911 sed
2572 3857 2659 3909 Dei
2694 3855 2890 3922 gratize.
2938 3852 3029 3904 llic
3051 3851 3188 3917 jacet
3217 3847 3336 3900 illud
3366 3864 3379 3898 :

1846 3952 1980 4004 Deus
2006 3951 2131 4018 ignis
2152 3965 2437 4002 consumens
2475 3955 2542 3999 est
2563 3945 2736 4015 (Deut.
2763 3945 2814 3996 4.
2833 3943 2900 3994 24
2923 3957 2936 4003 ;
2975 3939 3124 3990 Hebr.
3155 3937 3236 3989 12.
3265 3935 3380 4001 29).

1844 4043 1982 4111 quod
2012 4042 2202 4095 Paulus
2228 4043 2280 4093 in
2325 4038 2555 4106 Epistola
2595 4036 2660 4087 ad
2692 4035 2935 4087 llebrmos
2979 4029 3165 4098 posuit.
3201 4027 3385 4078 Horta-

1846 4141 1930 4182 tur
1955 4140 2130 4182 autem
2177 4130 2227 4180 in
2272 4127 2372 4180 hoc
2409 4127 2522 4193 ipso
2548 4125 2660 4176 loco
2687 4122 2890 4191 Moyses
2920 4135 2985 4172 ne
3022 4134 3078 4170 se
3114 4116 3381 4169 extollant.

1848 4219 1967 4271 Non
1998 4219 2124 4270 enim
2148 4225 2344 4285 promer
2362 4214 2609 4283 justitiam
2639 4221 2794 4274 luant,
2820 4209 3004 4277 inquit,
3034 4204 3208 4266 Israel,
3233 4214 3386 4257 exter-

1846 4308 2160 4360 minabuntur
2195 4315 2357 4375 gentes
2387 4345 2400 4367 ,
2447 4303 2532 4356 sed
2576 4311 2775 4370 propter
2823 4301 3044 4365 ipsorum
3087 4295 3386 4362 impietatem

1850 4398 2018 4466 (Deut.
2055 4397 2107 4450 9.
2143 4396 2216 4461 5).
2248 4395 2303 4447 ιιι
2333 4392 2639 4445 memoriam
2669 4399 2840 4442 autem
2872 4385 2997 4452 ipsis
3028 4389 3235 4436 revocat
3259 4395 3391 4432 con-

1849 4487 2025 4539 flatum
2068 4486 2310 4537 vitulum.
2353 4482 2447 4534 llic
2476 4480 2662 4547 legitur
2689 4475 2812 4528 illud
2839 4491 2850 4525 :
2882 4470 3225 4524 Circumcidite
3249 4467 3389 4519 duri-

1851 4577 1968 4627 tiam
2000 4575 2160 4626 cordis
2201 4572 2364 4633 vestri,
2396 4579 2438 4621 et
2477 4567 2708 4619 cervicem
2741 4571 2950 4614 vestram
2983 4576 3044 4611 ne
3083 4556 3388 4609 induraveri-

1852 4667 1912 4717 tis
1943 4663 2123 4734 (Deut.
2171 4661 2256 4713 10.
2287 4659 2392 4725 16).
2421 4655 2618 4708 Laudat
2649 4660 2839 4704 terram
2887 4646 3265 4715 promissionis.
3299 4644 3393 4697 llic

1847 4754 1986 4822 jacet
2008 4751 2130 4804 illud
2167 4749 2329 4801 :Cum
2365 4743 2631 4796 comederis
2665 4750 2708 4792 et
2737 4739 2910 4791 biberis
2935 4747 2978 4790 et
3002 4745 3249 4788 saturatas
3279 4736 3390 4801 fue-

1851 4846 1941 4908 ris,
1971 4842 2168 4893 attende
2198 4836 2321 4904 tibi(
2351 4835 2500 4886 Deut.
2521 4833 2570 4886 6.
2605 4831 2690 4884 1‘2.
2724 4831 2790 4884 15
2819 4830 2836 4895 )
2863 4846 2875 4879 :
2899 4826 3231 4896 prmdicitque
3259 4823 3397 4878 mala.

1853 4949 1955 4986 non
2001 4927 2431 4994 (insequentibus,
2461 4933 2510 4976 et
2543 4924 2674 4975 bona
2718 4917 3109 4988 sbebedierint.
3157 4911 3401 4978 Prmeipit

1857 5032 1912 5073 ut
1944 5025 1991 5071 in
2026 5029 2200 5070 monte
2226 5016 2435 5069 Garizin
2483 5013 2635 5065 detur
2681 5006 2971 5062 benedictio
3002 5046 3014 5069 ,
3046 5013 3097 5056 et
3135 5004 3183 5054 in
3226 5009 3400 5052 monte

1855 5111 2017 5166 Gebal
2048 5107 2361 5161 maledictio.
2391 5104 2547 5158 Jubet
2577 5100 2772 5154 destrui
2814 5097 2948 5150 idola
2974 5105 3024 5147 et
3048 5107 3231 5147 eorum
3260 5090 3396 5142 loca.

1858 5200 2100 5267 Przecipit
2141 5213 2207 5250 ne
2238 5197 2427 5263 ubique
2471 5191 2725 5246 sacrificia
2771 5189 2878 5240 Deo
2925 5183 3181 5245 offerant,
3213 5179 3304 5234 sed
3354 5179 3405 5229 in

1857 5291 1972 5342 loco
2001 5302 2153 5355 quem
2200 5287 2312 5352 ipse
2339 5284 2573 5351 elegerit.
2603 5280 2676 5331 Ne
2705 5276 3014 5329 :emuleutur
3068 5283 3276 5340 gentes,
3312 5279 3408 5319 nec

1858 5379 2080 5446 cuipiam
2107 5377 2472 5442 obtemperent
2495 5368 2735 5424 suadenti
2762 5375 2816 5418 ut
2834 5364 2970 5418 idola
2999 5355 3408 5422 colant,etiamsi

1919 5508 1990 5567 (τι)
2027 5515 2132 5553 luce
2154 5519 2247 5553 non
2271 5504 2328 5551 ad
2353 5502 2552 5551 verbum
2595 5498 2870 5548 referuntur
2892 5503 2945 5542 ut
2967 5494 3203 5541 habentur
3227 5489 3272 5534 in
3292 5494 3413 5533 neu-

1859 5571 2141 5617 terononiio.

1919 5651 1988 5710 (b)
2022 5658 2127 5697 Itzee
2150 5662 2243 5696 non
2285 5647 2350 5710 ad
2385 5645 2572 5693 literam
2614 5645 2683 5691 sic
2707 5642 2942 5691 habentur
2965 5639 3012 5684 iu
3057 5634 3264 5682 Bditione
3289 5637 3415 5688 LXX.

1859 5706 1947 5760 sed
1970 5706 2250 5771 compendio
2272 5706 2556 5757 referuntur.
