3990 6440
549 377 659 432 335

551 479 698 548 signa
725 479 929 547 fecerit,
960 495 1064 536 non
1093 483 1285 548 amico,
1318 497 1421 536 non
1444 484 1531 536 alii
1559 484 1809 552 cuipiam,
1839 483 1932 538 sed
1958 492 2016 538 ut
2043 487 2118 538 la-

552 567 763 634 pidibus
789 568 1017 622 obruant
1045 569 1347 625 hortantem
1374 611 1388 636 ,
1437 573 1548 626 sive
1594 572 1754 627 frater
1800 572 1978 638 fuerit,
2006 574 2118 628 sive

551 657 710 709 etiam
743 657 869 711 urbs
900 657 1036 711 idola
1062 659 1286 713 coluerit
1311 697 1326 723 ,
1358 675 1473 713 eam
1502 661 1861 716 internecione
1884 663 2113 717 deleant.

551 743 731 800 Monet
759 761 878 815 qua:
907 747 1230 802 comedenda
1258 788 1272 813 ,
1301 765 1416 817 qua:
1442 752 1735 818 respuenda
1766 753 1889 805 sint.
1922 752 2114 821 Legem

551 835 642 888 (lat
670 835 738 890 de
764 836 1075 891 remissione
1098 837 1419 903 debitorum,
1442 839 1508 894 dc
1530 842 1842 894 remissione
1866 853 1920 895 et
1944 842 2113 897 liber-

550 933 656 979 tate
683 940 978 991 servorum,
1007 928 1073 983 de
1103 931 1462 999 primogenitis
1484 974 1496 996 ,
1522 933 1587 986 dc
1617 933 1885 1002 paschale.
1920 933 2112 1003 Hicja-

549 1025 636 1071 cet
681 1017 810 1071 illud
844 1036 856 1071 :
893 1037 911 1069 ι
946 1019 1059 1072 Non
1091 1022 1288 1088 poteris
1331 1022 1518 1089 pascha
1549 1023 1722 1077 facere
1761 1024 1811 1075 in
1857 1025 1959 1076 ulla
1987 1026 2116 1078 civi-

549 1115 677 1174 tate,
705 1124 861 1178 quam
894 1110 1146 1165 Dominus
1175 1113 1316 1167 Deus
1345 1124 1464 1168 tuus
1495 1115 1585 1168 dat
1610 1115 1707 1168 tibi
1734 1156 1748 1180 ,
1780 1115 1872 1169 sed
1898 1117 1947 1169 in
1976 1117 2108 1181 loco,

545 1213 703 1266 quem
731 1200 952 1269 elegerit
981 1202 1234 1256 Dominus
1264 1204 1401 1258 Deus
1430 1214 1548 1257 tuus
1572 1222 1594 1254 ι
1631 1203 1900 1273 (DeulJG.
1924 1205 2013 1278 5).
2039 1205 2113 1259 De

549 1289 984 1359 hebdomadibus,
1012 1294 1078 1348 dc
1105 1296 1453 1364 scenopcgiis,
1475 1296 1545 1350 de
1569 1296 1853 1364 judicibus,
1883 1299 1947 1353 de
1977 1301 2114 1369 regi-

547 1380 648 1435 bus
672 1423 687 1447 ,
715 1383 757 1435 si
784 1383 994 1451 quando
1042 1386 1241 1439 vellent
1293 1387 1392 1440 sibi
1436 1403 1616 1456 regem
1647 1389 1872 1457 aliquem
1911 1392 2111 1444 consti.

547 1478 716 1526 tuere.
769 1473 842 1525 De
896 1473 1092 1526 Levitis
1119 1514 1132 1536 ,
1163 1475 1335 1543 deque
1378 1477 1439 1530 iis
1469 1493 1585 1544 qua:
1629 1479 1868 1546 accipere
1895 1479 2109 1534 debent.

544 1560 693 1626 Quod
721 1577 824 1614 non
852 1573 1093 1630 oporteat
1115 1564 1220 1618 illis
1248 1567 1342 1632 uti,
1375 1567 1462 1636 qui
1492 1567 1806 1634 catharistaa,
1838 1585 1929 1623 seu
1960 1586 2112 1624 mun-

547 1650 760 1705 datores
789 1662 1045 1706 vocantur
1073 1653 1172 1724 (a),
1217 1673 1318 1708 non
1369 1657 1800 1721 incantatoribus,
1830 1676 1936 1714 non
1979 1661 2112 1714 divi-

550 1741 870 1808 nationibus,
891 1759 993 1797 non
1021 1745 1304 1811 ominibus,
1337 1754 1428 1800 aut
1465 1748 1740 1803 similibus.
1770 1749 1864 1804 llic
1883 1751 2023 1818 jacet
2046 1750 2112 1804 il-

543 1830 660 1884 lud:
684 1827 988 1901 PrOphetam
1013 1833 1146 1888 vobis
1173 1838 1423 1890 suscitabit
1448 1837 1599 1899 Deus,
1623 1849 1673 1891 ut
1694 1856 1782 1908 ego
1804 1857 1911 1894 sum
1929 1840 2106 1910 (Deut.

543 1921 631 1976 18.
666 1923 798 1993 15).
836 1925 1012 1994 Deque
1039 1926 1256 1980 urbibus
1283 1929 1466 1997 refugii
1511 1931 1829 1997 praccipitur.
1860 1933 1956 1985 llic
1983 1933 2110 2001 legi-

543 2020 629 2066 tur
654 2013 779 2067 illud
810 2030 824 2066 :
866 2013 934 2067 In
963 2031 1050 2069 ore
1094 2016 1307 2070 duorum
1355 2019 1550 2071 testium
1590 2020 1667 2072 vel
1694 2020 1840 2072 trium
1867 2031 2110 2075 statuetur

543 2118 686 2157 omne
713 2103 1127 2174 verbumann.
1162 2107 1214 2160 1.
1239 2107 1345 2172 45ς
1387 2107 1538 2161 Deut.
1576 2109 1661 2164 19.
1690 2110 1797 2182 15).
1827 2113 1892 2166 Et
1916 2113 1982 2168 de
2008 2113 2106 2166 fal-

542 2194 615 2247 sis
640 2194 888 2260 testibus,
919 2195 1042 2264 quid
1083 2195 1155 2249 illi
1184 2197 1290 2265 pati
1318 2197 1562 2253 debeant.
1596 2199 1827 2256 Instante
1867 2203 2004 2257 bello
2027 2202 2108 2258 di-

538 2284 612 2336 cit
637 2297 795 2352 quem
833 2285 1080 2340 emittere
1130 2295 1372 2354 eporteat
1395 2328 1411 2351 ,
1439 2304 1538 2343 nec
1577 2289 1719 2344 ferre
1744 2300 1800 2344 ut
1821 2306 1943 2346 cum
1978 2295 2106 2363 ipsis

538 2382 755 2444 pugnet.
781 2374 1032 2429 Hortatur
1056 2391 1123 2431 ne
1148 2376 1470 2431 interficiant
1498 2378 1680 2435 hostes
1710 2381 1759 2434 in
1790 2397 1970 2437 eorum
1995 2400 2106 2439 ma-

539 2481 641 2521 nus
679 2465 931 2521 cadentes
955 2507 971 2532 ,
998 2470 1236 2538 exceptis
1281 2477 1483 2539 septem
1536 2473 1797 2540 gentibus.
1844 2475 1909 2528 Et
1949 2477 2105 2531 urbes

537 2557 750 2626 quidem
774 2572 984 2625 omnes,
1015 2559 1206 2628 inquit,
1240 2575 1358 2615 cum
1389 2563 1656 2630 ceperitis,
1680 2564 1776 2617 diri
1788 2566 1893 2632 pite
1915 2605 1929 2629 ,
1962 2582 2105 2621 mas-

534 2648 790 2718 culosque
814 2657 1014 2704 tantum
1043 2651 1287 2708 occidite.
1327 2653 1402 2707 Ex
1434 2655 1516 2709 his
1543 2671 1670 2710 vero
1695 2695 1710 2720 ,
1745 2673 1965 2726 quorum
1995 2669 2102 2713 ter-

537 2753 648 2791 ram
677 2739 958 2808 possidetis
986 2781 1001 2807 ,
1034 2743 1300 2796 neminem
1326 2744 1501 2799 vivere
1522 2745 1820 2801 concedite.
1849 2747 2106 2804 Fructile-

535 2841 626 2881 ras
661 2828 886 2883 arbores
931 2844 999 2885 ne
1038 2831 1225 2887 caedite
1253 2873 1268 2896 ,
1293 2833 1500 2904 inquit,
1522 2835 1586 2889 ad
1619 2835 1885 2905 ﬁgendum
1911 2839 2103 2893 vallum

539 2918 593 2971 in
639 2919 930 2975 obsidione.
985 2921 1040 2976 Si
1068 2924 1183 2990 quis
1213 2926 1418 2979 occisus
1462 2929 1773 2996 reperiatur,
1804 2947 1902 2984 nec
1943 2947 2104 3000 appa-

533 3017 650 3060 reat
695 3009 739 3062 is
769 3009 857 3076 qui
908 3009 1193 3076 interfecit,
1225 3013 1350 3081 quid
1379 3014 1676 3071 faciendum
1717 3017 1784 3071 sit
1839 3020 1955 3088 lege
1991 3029 2102 3073 sta-

537 3097 653 3148 tuit.
704 3097 759 3151 Si
815 3098 934 3166 quis
989 3099 1121 3154 duas
1151 3101 1349 3155 habens
1402 3119 1617 3169 uxores,
1675 3108 1830 3159 aliam
1883 3107 2074 3174 oderit,

531 3185 689 3238 aliam
735 3185 1010 3254 dilexerit,
1059 3191 1448 3260 contigeritque
1497 3201 1553 3245 ut
1589 3207 1790 3261 perosae
1841 3195 1976 3249 filius
2030 3197 2100 3250 sit

533 3276 915 3346 primogenitus
946 3296 962 3332 :
994 3294 1061 3334 ne
1083 3279 1158 3333 illi
1183 3281 1493 3349 praeferatur
1513 3283 1557 3335 is
1585 3284 1675 3352 qui
1699 3299 1764 3337 ex
1793 3284 1984 3339 dilecta
2005 3300 2098 3339 na-

533 3379 617 3423 tus
642 3378 743 3425 est.
781 3372 852 3426 De
879 3372 988 3426 lilio
1015 3373 1419 3443 inobsequente.
1453 3375 1549 3429 Hic
1568 3377 1709 3444 jacet
1737 3375 1864 3430 illud
1893 3395 1906 3430 :
1933 3363 2099 3430 Male-

531 3459 694 3514 dictus
721 3462 884 3515 omnis
910 3463 996 3532 qui
1021 3464 1196 3532 pendet
1221 3466 1274 3518 in
1309 3465 1444 3534 ligno
1475 3465 1647 3537 (Deut.
1675 3467 1763 3520 21.
1795 3467 1864 3520 25
1890 3469 1929 3536 ).
1965 3468 2097 3534 Quia

534 3566 662 3621 ergo
689 3553 991 3608 maledictio
1021 3555 1223 3623 prolata
1247 3563 1364 3608 erat
1383 3556 1436 3608 in
1457 3570 1550 3610 eos
1575 3557 1661 3624 qui
1686 3572 1790 3610 non
1821 3568 2095 3612 servarent

529 3643 697 3711 legem
723 3685 739 3709 ,
792 3644 1092 3697 Maledicta:
1122 3646 1280 3699 omnis
1318 3646 1402 3714 qui
1448 3663 1548 3699 nan
1593 3658 1756 3700 manet
1783 3649 1836 3700 in
1866 3650 2093 3702 omnibus

526 3738 725 3806 scriptis
762 3737 813 3788 in
844 3739 937 3789 hoc
961 3737 1181 3805 libro(b)
1209 3738 1226 3804 (
1256 3737 1368 3790 Gal.
1400 3740 1453 3792 5.
1482 3740 1549 3791 l5
1605 3756 1618 3801 ;
1649 3739 1796 3791 Deut.
1832 3740 1920 3792 27.
1951 3738 2043 3809 26)
2075 3756 2090 3803 ;

525 3825 591 3879 de
621 3827 734 3894 lege
758 3827 990 3895 loquitur
1009 3826 1236 3894 Moyses,
1262 3842 1356 3881 nec
1376 3837 1584 3896 poterat
1608 3828 1853 3882 Christus
1883 3831 1932 3881 in
1957 3829 2092 3883 hanc

527 3918 799 3970 incurrere
829 3915 1295 3970 maletliCtionem:
1331 3917 1569 3987 implevit
1607 3933 1833 3987 namque
1879 3919 2044 3988 legem
2073 3960 2088 3985 ,

525 4006 952 4060 maledictionem
979 4005 1351 4061 maledictione
1385 4009 1761 4073 commutavit,
1799 4022 2089 4076 suspensus

525 4096 578 4150 in
601 4097 762 4166 ligno.
794 4096 944 4163 Quod
985 4111 1091 4150 non
1121 4104 1368 4165 oporteat
1412 4095 1573 4150 etiam
1623 4097 1820 4151 inimici
1847 4098 2086 4166 jumenta

523 4187 820 4256 despicere.
850 4187 967 4242 Alia
996 4202 1208 4256 quoque
1236 4187 1510 4243 constituit
1534 4229 1548 4251 ,
1590 4197 1644 4243 et
1667 4189 1732 4243 de
1766 4188 2088 4258 nuptialibus

521 4278 726 4346 legibus
753 4277 1018 4344 edisserit,
1045 4293 1333 4347 poenasque
1359 4279 1634 4332 constituit
1659 4289 1841 4333 contra
1870 4280 2088 4334 violato-

521 4383 609 4422 res
639 4369 921 4437 virginum.
950 4368 1095 4435 Quos
1137 4368 1419 4437 prohibeat
1443 4369 1510 4422 ab
1555 4369 1797 4437 ingressu
1831 4370 1882 4423 in
1913 4370 2083 4425 eccle-

521 4461 654 4514 siam
683 4477 698 4522 ;
724 4460 792 4514 de
836 4460 956 4514 aliis
1008 4475 1217 4528 quoque
1251 4460 1391 4530 leges
1419 4459 1541 4523 fert,
1574 4460 1745 4529 deque
1789 4477 1896 4514 non
1941 4463 2082 4516 acci-

520 4552 717 4622 piendo
765 4551 990 4606 femore.
1040 4551 1152 4606 Non
1180 4551 1529 4606 cunctandum
1557 4567 1675 4606 esse
1712 4553 1775 4606 ad
1813 4553 2081 4608 reddenda

525 4657 648 4698 vota
679 4661 694 4708 ;
731 4645 825 4699 sed
855 4644 995 4714 quod
1022 4645 1138 4712 quis
1164 4643 1387 4708 voverit,
1411 4644 1586 4698 statim
1614 4644 1801 4697 solvat.
1851 4646 1926 4698 De
1967 4661 2082 4699 mu-

526 4738 657 4791 liere
678 4751 795 4805 qua:
824 4735 1026 4804 accepit
1053 4735 1284 4788 libellum
1318 4734 1544 4804 repudii,
1573 4735 1639 4789 de
1671 4736 1993 4804 pignoribus,
2015 4736 2082 4790 de

577 4869 648 4930 (a)
671 4867 733 4935 Ιῐι⁵
749 4867 1117 4935 peuteronomio
1137 4864 1317 4928 legitur
1339 4879 1382 4935 c.
1406 4866 1490 4935 18.,
1518 4880 1562 4913 v.
1592 4867 1650 4935 l_0
1670 4879 1680 4914 :
1703 4874 1792 4914 Nec
1817 4866 2080 4916 inveniatur

512 4930 560 4977 in
584 4925 733 4996 qui
751 4929 915 4977 lustret
932 4927 1102 4996 ﬁlium_
1118 4925 1273 4996 suum,
1298 4933 1380 4975 aut
1401 4925 1569 4996 ﬁliani,
1596 4927 1774 4996 ἀμαθὲς
1794 4939 1878 4987 per
1901 4940 2075 4996 ignem.

579 4989 650 5049 (b)
666 4987 783 5036 Haec
806 4996 861 5050 et
880 4987 1141 5050 explicatio,
1157 4991 1461 5050 subsequens
1477 4989 1714 5050 habentur
1731 4987 2079 5050 Commentario

513 5050 827 5112 Chrysostomi
852 5049 900 5095 in
923 5049 1064 5112 Epist.
1088 5049 1146 5096 ad
1168 5049 1350 5112 Galatas
1372 5049 1544 5096 Tom.V
1563 5049 1782 5112 Editionis
1803 5056 2076 5108 postremis,

511 5112 597 5178 sed
609 5109 850 5178 pluribus
864 5109 1106 5158 enuntiata
1126 5110 1292 5178 iisdem
1317 5121 1449 5169 saepe
1467 5109 1650 5178 verbis.
1667 5117 1877 5178 _Quorum
1907 5121 2079 5178 sensus

511 5171 588 5220 hic
607 5168 718 5237 est“:
746 5170 959 5237 Christus
982 5183 1067 5218 nos
1087 5171 1296 5237 redemit
1326 5183 1352 5216 a
1377 5168 1641 5237 .maletlicto
1666 5169 1807 5237 legis,
1833 5183 1858 5237 _a
1884 5168 2080 5217 maledi-

512 5241 588 5281 cto
611 5231 793 5280 scilicet
814 5229 898 5278 illo
923 5237 1060 5278 Deut.
1085 5231 1164 5284 27,
1189 5230 1266 5284 26,
1293 5230 1570 5278 .tlrtlctlictus
1593 5229 1741 5277 mmzis
1762 5229 1841 5287 qui
1867 5243 1956 5277 non
1979 5243 2077 5276 ma-

510 5300 588 5340 net
606 5292 654 5340 in
678 5291 888 5340 omnibus
906 5292 1096 5360 scriptis
1121 5292 1170 5339 in
1192 5291 1278 5338 hoc
1300 5289 1420 5338 libro
1444 5305 1459 5339 :
1489 5291 1599 5360 quia
1622 5292 1725 5350 ipse
1763 5303 1789 5337 a
1825 5288 2076 5360 legeser-

510 5354 660 5419 Vanda
683 5365 770 5419 nos
782 5355 970 5419 exemit
978 5365 993 5419 ς
1009 5350 1066 5399 et
1080 5365 1174 5419 quo
1180 5359 1322 5419 pacto
1343 5350 1562 5419 exemit?
1582 5359 1846 5411 Suspensus
1866 5365 1910 5419 In
1930 5350 2076 5419 ligno,

510 5423 558 5460 et
583 5415 651 5462 sic
675 5410 799 5460 aliud
818 5410 1119 5460 maledictum
1145 5410 1224 5459 ille
1247 5414 1408 5468 subiit,
1437 5410 1548 5458 illud
1575 5410 1776 5471 nempe,
1803 5410 2078 5460 Maledielus

507 5475 659 5523 omnis
682 5473 762 5534 qui
785 5473 953 5534 pendet
975 5472 1022 5520 in
1047 5473 1205 5531 ligno;
1229 5475 1310 5533 qui
1338 5480 1497 5520 tamen
1528 5472 1640 5519 illud
1665 5486 1760 5534 non
1793 5483 2037 5521 meruerat
2064 5486 2076 5519 :

509 5546 616 5602 nam
640 5534 802 5595 legem
820 5533 1122 5602 impleverat;
1143 5547 1248 5602 cum
1272 5541 1434 5602 autem
1461 5546 1546 5602 nos
1566 5535 1678 5602 .ejus
1697 5533 1838 5602 jussis
1855 5540 2080 5602 parentes

509 5593 671 5653 legem
697 5593 790 5642 non
816 5593 1109 5655 impleamus,
1135 5594 1438 5642 maledictum
1464 5593 1577 5641 illud
1616 5594 1754 5653 legis,
1774 5593 1897 5653 quod
1923 5597 1969 5640 in
1994 5604 2079 5642 nos

507 5655 683 5725 cadere
699 5654 950 5711 debuerat,
966 5654 1057 5703 alio
1073 5655 1325 5725 maledicto
1343 5655 1443 5714 ipse
1461 5655 1800 5725 compensavit,
1818 5666 2080 5725 SttSpensus

506 5717 554 5764 in
577 5714 728 5778 ligno,
751 5725 890 5779 atque
912 5719 974 5765 ita
995 5713 1377 5765 maledictionem
1401 5713 1729 5764 maledictione
1752 5716 2071 5763 commutavit.

1292 367 1347 422 S.
1373 365 1647 424 JOANNIS
1684 359 2144 425 CIIRYSOSTOMI
2180 371 2490 430 AllClllEP.
2531 375 3056 437 CONSTANTINOP.

3677 404 3792 460 336

2231 485 2390 555 furto,
2410 491 2478 546 de
2518 497 2766 551 mercede
2792 501 3130 568 mercenarii,
3159 500 3226 557 de
3248 503 3446 572 pupillo
3469 545 3484 570 ,
3510 504 3576 560 de
3601 505 3755 559 vidua
3775 547 3798 570 ,

2227 579 2294 634 de
2324 582 2691 653 relinquendis
2733 591 2894 657 spicis
2937 602 2992 646 et
3041 593 3157 648 uvis
3188 609 3283 662 pro
3325 598 3664 664 pauperibus.
3703 597 3802 652 ll‘it:

2220 670 2395 737 jacet,
2443 676 2582 740 quod
2625 691 2730 730 non
2764 678 2957 734 debeat
3001 696 3100 750 pro
3145 684 3425 753 iniquitate
3449 688 3620 757 aliqua
3651 691 3799 759 plus-

2224 776 2379 828 qttam
2408 765 2756 836 quadraginta
2785 770 2962 840 plagas
3001 775 3118 842 quis
3147 776 3408 845 accipere.
3443 779 3520 832 De
3550 796 3657 834 non
3680 782 3797 835 alli-

2222 853 2395 918 gando
2443 867 2537 907 ore
2591 856 2746 910 bovis
2787 861 3113 926 triturantis,
3142 864 3208 918 de
3255 868 3562 923 suscitando
3588 871 3799 926 semine

2222 939 2366 995 fratri
2394 950 2481 1012 qui
2505 945 2786 1003 defunctus
2805 991 2819 1015 ,
2844 951 2910 1004 a‘h
2931 967 2994 1007 eo
3023 957 3109 1022 qui
3140 967 3412 1026 superstes
3438 971 3518 1014 est
3545 979 3558 1016 :
3582 972 3635 1017 et
3665 965 3795 1031 quid

2221 1046 2472 1100 passurus
2501 1038 2570 1091 sit
2589 1041 2676 1107 qui
2709 1042 2937 1097 noluerit
2962 1047 3239 1102 suscitare.
3260 1049 3335 1104 De
3357 1051 3706 1120 ponderibus,
3725 1054 3798 1110 de

2220 1127 2507 1181 mensuris.
2550 1129 2626 1184 De
2671 1135 3078 1190 exterminando
3101 1137 3376 1195 Amaleco.
3417 1141 3492 1196 De
3518 1144 3793 1212 primitiis,

2219 1215 2286 1269 de
2316 1217 2649 1276 humanitate
2678 1237 2800 1292 erga
2829 1224 3015 1280 viduas
3041 1235 3096 1282 et
3123 1230 3372 1298 pupillos.
3399 1231 3536 1288 Hinc
3571 1233 3794 1289 demum

2219 1307 2474 1378 incipiunt
2499 1311 2897 1370 maledictiones
2926 1326 2980 1372 et
3003 1316 3438 1387 benedictiones;
3467 1318 3569 1378 illa:
3600 1324 3793 1378 inohe-

2218 1397 2501 1464 dient‘ibus,
2531 1403 2613 1456 hte
2641 1404 3143 1476 obtemperantibus.
3159 1407 3500 1482 Longumque
3522 1416 3651 1468 texit
3678 1430 3796 1469 ser-

2219 1504 2428 1544 monem
2459 1492 2525 1546 de
2577 1495 2729 1548 malis
2784 1497 2924 1564 ipsos
2960 1496 3240 1554 invasuris.
3286 1501 3398 1556 Hoc
3438 1499 3655 1574 contigit
3691 1499 3797 1560 sub

2217 1579 2448 1650 Assyriis
2478 1591 2531 1635 et
2558 1583 2879 1654 Babyloniis.
2913 1587 3040 1642 lllud
3070 1602 3266 1656 autem,
3296 1595 3433 1661 quod
3454 1588 3546 1648 lilii
3573 1611 3794 1666 quoque

2216 1670 2322 1723 sint
2360 1672 2714 1740 comedendi,
2748 1676 2799 1728 in
2849 1676 3213 1733 obsidionibus
3262 1683 3502 1751 contigit.
3551 1685 3626 1740 De
3670 1687 3795 1755 ipso

2217 1776 2428 1829 quoque
2456 1762 2669 1818 Christo
2702 1767 2791 1820 hic
2835 1769 3096 1822 meminit.
3145 1769 3280 1836 Erit,
3331 1773 3518 1842 inquit,
3551 1777 3651 1828 vita
3699 1788 3794 1830 tua

2215 1852 2435 1920 pendens
2463 1865 2578 1907 ante
2607 1856 2777 1909 oculos
2807 1857 2956 1927 tuos(
2988 1858 3140 1912 Deut.
3171 1860 3259 1915 28.
3306 1862 3374 1916 66
3406 1865 3444 1930 ).
3501 1864 3596 1918 Hic
3646 1866 3796 1934 jacet

2215 1941 2339 1994 illttd
2364 1959 2376 1993 :
2409 1938 2493 1995 Ne
2516 1959 2616 2011 qua
2645 1946 2792 1998 radix
2814 1949 3165 2003 amaritudinis
3191 1949 3350 2020 (Ibid.
3384 1951 3472 2007 29.
3500 1954 3611 2022 18).
3641 1956 3791 2024 quo‘d

2215 2031 2406 2087 Paulus
2435 2047 2818 2091 commemorat
2841 2040 2890 2091 in
2920 2040 3156 2108 Epistola
3185 2043 3252 2096 ad
3289 2043 3541 2098 llebrteos
3577 2046 3596 2117 (
3625 2046 3787 2100 Hebr.

2217 2123 2301 2176 12.
2324 2117 2401 2178 ’15
2429 2124 2468 2192 ).
2509 2124 2607 2180 Hic
2633 2125 2831 2197 legitur
2875 2129 3004 2184 illud
3033 2149 3044 2184 :
3081 2150 3099 2182 t
3133 2133 3344 2188 Occulta
3375 2136 3595 2192 Domino
3625 2134 3739 2193 Deo
3768 2180 3790 2206 ,

2211 2216 2489 2271 manifesta
2519 2233 2647 2272 vero
2675 2219 2824 2275 vobis
2853 2231 2906 2274 et
2933 2221 3056 2277 ﬁliis
3083 2226 3294 2287 vestris.
3323 2227 3451 2294 Quia
3476 2229 3788 2285 mandatum

2212 2305 2346 2372 ejus,
2381 2307 2562 2374 inquit,
2592 2324 2696 2364 non
2722 2311 2826 2365 erit
2857 2311 3100 2368 sublime.
3134 2314 3247 2370 Non
3272 2318 3321 2370 in
3348 2320 3495 2384 cmlo,
3527 2329 3582 2373 ut
3612 2321 3783 2384 dicas,

2207 2395 2338 2459 Quis
2360 2399 2675 2453 ascendetin
2701 2402 3112 2473 caelumineque
3143 2406 3275 2460 ultra
3302 2424 3466 2472 mare,
3496 2411 3585 2463 sed
3614 2426 3788 2478 prope

2212 2494 2264 2539 te
2291 2487 2511 2540 verbum
2535 2495 2636 2551 est,
2666 2490 2717 2543 in
2744 2506 2835 2544 ore
2857 2502 2978 2545 tuo)
3017 2493 3193 2564 (Deut.
3223 2496 3414 2550 29.29.
3443 2497 3530 2552 30.
3560 2501 3648 2553 ll.
3671 2498 3781 2563 12ς

2215 2572 2361 2628 Rom.
2390 2577 2476 2630 10.
2507 2577 2583 2648 6).
2613 2579 2735 2634 Haec
2765 2579 2833 2635 de
2865 2583 3016 2653 legali
3057 2586 3304 2640 mandato
3331 2588 3491 2653 dicta,
3524 2591 3589 2643 ad
3619 2591 3783 2646 fidem

2212 2666 2263 2717 i‘n
2293 2664 2562 2721 Christum
2595 2669 2755 2725 traxit
2784 2671 2999 2726 Paulus.
3028 2667 3197 2729 Testes
3222 2691 3339 2730 vaco
3369 2678 3502 2731 vobis
3524 2720 3537 2742 ,
3568 2678 3741 2748 inquit
3765 2724 3781 2745 ,

2209 2758 2387 2811 uelum
2414 2767 2462 2811 et
2508 2769 2693 2814 terram
2718 2802 2734 2828 ,
2767 2771 2820 2815 ut
2850 2764 3070 2834 diligatis
3104 2761 3258 2819 Deum
3307 2766 3328 2839 (
3355 2761 3501 2821 Deut.
3532 2769 3620 2825 50.
3647 2772 3712 2825 19
3738 2773 3780 2842 ).

2209 2845 2355 2904 Tunc
2390 2858 2544 2905 vocat
2569 2849 2749 2906 Iesum
2799 2850 2959 2907 ﬁlium
3003 2854 3178 2920 Nave,
3211 2866 3262 2910 et
3289 2857 3438 2925 jubet
3465 2857 3655 2914 ducere
3687 2879 3783 2928 po-

2205 2939 2409 3007 pulum,
2439 2954 2536 2995 nec
2565 2940 2746 2996 hostes
2769 2941 3072 3007 formidare,
3102 2960 3220 2999 cum
3252 2947 3412 3001 Deum
3436 2948 3665 3003 habeant
3687 2967 3782 3004 au-

2205 3031 2526 3084 xiliatorcm.
2556 3033 2906 3102 Prmeipitque
2937 3046 2993 3088 ut
3025 3039 3075 3089 in
3105 3039 3431 3108 scenOpcgiis
3452 3042 3546 3094 toti
3581 3045 3781 3110 populo

2206 3118 2287 3171 lcx
2320 3120 2542 3188 legatur.
2574 3123 2821 3178 Prmdicit
2855 3125 3016 3194 Moysi
3048 3128 3204 3193 Deus,
3229 3140 3346 3196 post
3390 3132 3504 3198 ejus
3547 3145 3780 3188 mortem

2217 3207 2466 3277 populum
2495 3210 2654 3265 idolis
2685 3214 3004 3268 serviturum
3029 3226 3081 3270 et
3105 3219 3431 3285 puniendum
3465 3220 3597 3274 fore.
3619 3221 3778 3289 Esto,

2206 3302 2393 3369 inquit,
2425 3303 2525 3358 hoc
2554 3305 2840 3372 canticum,
2862 3308 3001 3376 quod
3024 3319 3207 3363 contra
3235 3312 3376 3379 ipsos
3411 3313 3775 3370 testimonium

2205 3391 2358 3446 ferat.
2387 3391 2499 3445 Non
2527 3395 2668 3448 enim
2701 3411 2948 3465 umquam
2978 3398 3093 3467 ejus
3121 3399 3518 3455 oblivisccntur.
3549 3403 3614 3458 Et
3635 3407 3776 3459 scri-

2204 3483 2310 3551 psit
2337 3483 2542 3553 Moyses
2585 3486 2846 3539 canticum
2874 3528 2888 3552 ,
2935 3500 2988 3542 et
3018 3489 3264 3558 prardixit
3304 3493 3380 3546 eis
3422 3494 3558 3560 quod
3592 3494 3776 3562 inique

2199 3573 2305 3626 sint
2334 3579 2520 3629 acturi.
2567 3576 2661 3629 llic
2688 3577 2876 3646 legitur
2908 3596 2920 3630 :
2968 3598 2986 3630 ‹
3021 3579 3120 3649 lpsi
3167 3598 3252 3636 me
3279 3583 3343 3636 ad
3377 3585 3774 3642 aemulationem

2203 3676 2628 3732 provocaverunt
2656 3668 2708 3720 in
2741 3683 2844 3721 non
2878 3670 2986 3723 Dco
3013 3711 3027 3736 ,
3054 3679 3107 3725 ct
3130 3688 3228 3740 ego
3265 3673 3330 3726 ad
3375 3675 3772 3733 armulatiuncm

2199 3756 2496 3822 provocabo
2525 3771 2618 3810 eos
2649 3758 2699 3810 in
2727 3773 2830 3812 non
2857 3770 3014 3829 gente
3061 3780 3079 3812 ι
3117 3762 3136 3831 (
3164 3761 3320 3818 Deut.
3348 3764 3434 3817 52.
3465 3764 3576 3837 21).
3605 3767 3774 3824 Jube-

2201 3853 2284 3895 tnr
2317 3843 2523 3912 Moyses
2550 3847 2842 3903 ascendere
2879 3850 2928 3902 in
2956 3860 3187 3904 montem
3219 3852 3454 3917 Abarim,
3487 3854 3574 3924 qui
3601 3857 3768 3912 etiam

2197 3933 2374 3988 Nabns
2404 3936 2711 3997 vocabatur,
2743 3948 2797 3992 et
2819 3940 3002 3995 videre
3028 3949 3225 3995 terram
3261 3943 3668 4011 promissionis:
3711 3956 3770 4002 ct

2197 4034 2474 4093 postquam
2505 4026 2738 4095 singulas
2767 4030 2936 4084 tribus
2962 4030 3321 4087 benedixisset
3343 4075 3359 4099 ,
3384 4043 3622 4089 mortuus
3647 4047 3765 4094 est:

2195 4131 2459 4184 nemoque
2489 4119 2640 4172 novit
2668 4120 2969 4188 sepulcrum
2993 4123 3106 4189 ejus
3131 4124 3194 4176 ad
3225 4124 3360 4179 hanc
3379 4141 3544 4194 usque
3561 4127 3702 4182 diem
3721 4131 3761 4182 ⁸.

2196 4207 2307 4261 lluc
2332 4208 2581 4263 desinunt
2602 4212 2835 4279 quinque
2858 4211 2974 4265 libri
3005 4212 3199 4283 Moysis
3221 4255 3235 4280 ,
3264 4230 3398 4284 quos
3424 4219 3567 4272 solos
3604 4234 3764 4274 acce-

2194 4306 2383 4366 perunt
2406 4297 2840 4369 admiscruntque
2876 4301 3167 4356 Samaritm.

2528 4425 2760 4466 SYNOPSIS
2785 4427 2917 4465 LIBRI
2947 4428 3068 4468 JESU
3099 4429 3222 4470 ιηιη
3251 4431 3411 4471 NAVE.

2257 4543 2480 4596 Jubetur
2501 4543 2656 4598 Jesus
2682 4546 2966 4614 praecipere
3001 4547 3216 4615 populo,
3249 4555 3306 4601 ut
3331 4550 3428 4618 legi
3459 4550 3548 4604 Dei
3584 4561 3765 4608 atten-

2186 4632 2294 4685 dat.
2322 4631 2474 4686 Mittit
2500 4634 2882 4701 exploratores,
2909 4637 2997 4704 qui
3027 4637 3225 4691 intrant
3253 4638 3304 4690 in
3342 4638 3574 4695 Jcricho.
3623 4643 3759 4698 Cum

2187 4723 2236 4775 id
2251 4722 2484 4777 audisset
2499 4739 2593 4777 rex
2613 4724 2774 4790 urbis,
2797 4726 2937 4778 misit
2955 4727 3041 4795 qui
3059 4729 3197 4780 viros
3214 4730 3545 4797 requirerent
3559 4746 3586 4784 a
3608 4733 3761 4790 Raab

2188 4813 2487 4878 meretrice,
2514 4829 2630 4882 qua:
2657 4815 2798 4882 ipsos
2821 4828 3144 4886 susceperat.
3186 4817 3275 4870 llla
3311 4833 3435 4873 vero
3457 4820 3760 4888 explorato-

2185 4919 2272 4958 res
2297 4905 2595 4958 occultavit.
2621 4905 2828 4974 Proquc
2855 4908 2940 4961 illa
2970 4908 3133 4976 gratia
3176 4908 3324 4977 petiit
3355 4925 3452 4978 pro
3476 4911 3635 4965 domo
3659 4927 3756 4968 sua

2183 4999 2427 5061 salutem,
2458 5011 2578 5050 cum
2628 4997 2754 5052 urbs
2795 5007 2946 5066 capta
2987 5000 3140 5053 foret.
3196 4999 3273 5052 llli
3329 5014 3644 5055 annuerunt.
3686 5003 3758 5058 Et

2184 5103 2302 5141 cum
2350 5088 2759 5153 discessissent,
2814 5105 2930 5156 quae
2975 5098 3121 5158 gesta
3161 5100 3313 5143 erant
3358 5092 3751 5148 renuntiarunt.

2184 5177 2425 5245 Prrecipit
2451 5177 2644 5245 populo
2670 5187 2726 5230 ut
2767 5177 3048 5231 Iordanem
3091 5186 3340 5244 transeat,
3364 5188 3417 5232 et
3455 5179 3596 5234 sicco
3617 5181 3750 5248 pede

2184 5270 2524 5335 transierunt,
2550 5269 2848 5337 lapidesque
2865 5269 3140 5322 duodecim
3159 5270 3208 5322 in
3226 5271 3409 5324 castris
3429 5279 3746 5330 statuerunt.

2185 5364 2292 5417 lloc
2333 5363 2509 5416 audito
2545 5376 2696 5431 reges
2723 5363 3149 5416 Amorrbmorum
3175 5363 3263 5431 qui
3293 5371 3435 5416 trans
3461 5362 3750 5420 lordancm

2243 5529 2258 5558 ¹
2283 5525 2335 5574 In
2359 5522 2666 5579 Coisliniano,
2688 5523 3125 5570 Deuteronomium
3154 5520 3217 5569 ita
3240 5520 3420 5568 desinit
3449 5537 3458 5567 :
3487 5523 3738 5569 Κελεύεται

2179 5590 2396 5653 Μωῡσῆς.
2417 5585 2618 5653 ἀγξλθεξν
2643 5585 2706 5653 si}
2728 5584 2909 5653 res”;
2939 5584 2992 5629 τὸ
3038 5582 3274 5653 ξᾼουρείμῖ,
3305 5583 3602 5653 ᾂιχαὶθΝαᾲὅ
3641 5584 3746 5653 ἐλᾴ-

2210 5663 2304 5701 ετο,
2325 5647 2403 5692 καὶ
2428 5646 2520 5691 εἶδε
2537 5646 2622 5700 τὴν
2642 5649 2727 5703 γῆν
2755 5649 2836 5698 τῆς
2864 5643 3154 5705 ἐπαγγελίας,
3181 5643 3258 5688 καὶ
3281 5643 3460 5705 εὐλογεῖ
3485 5644 3592 5697 τοὺς
3611 5645 3746 5699 υἱοὺς

2205 5707 2395 5769 lupa-ii),
2423 5706 2501 5752 καὶ
2523 5706 2716 5767 τελευτᾷ
2739 5707 2946 5762 Μωῡσῆς
2968 5705 3046 5750 καί
3071 5704 3310 5750 ϐάπτεται.
