3996 6414
650 365 760 419 337

655 466 796 538 ἦσαν
845 467 1020 520 αὐτῶν
1060 466 1110 518 οἱ
1153 465 1388 517 πλεῖστοι
1429 462 1536 513 τῶν
1581 461 1846 530 μαχίμων,
1877 459 1925 511 οἳ
1963 459 2054 511 καὶ
2084 458 2190 510 άπ-

659 561 869 614 ὡλοντο’
895 557 1013 610 ἀντὶ
1036 555 1092 607 δὲ
1118 555 1312 606 τούτων
1345 551 1758 620 ἀντικατέστησε
1783 551 1907 611 τοὺς
1935 550 2081 610 υίοὺς
2105 549 2198 599 αύ-

657 650 785 712 τῶν,
807 647 899 710 οὓς
921 649 949 699 6
981 643 1182 714 Ἰησοῦς
1208 643 1516 713 περιέτεμε,
1537 641 1622 694 διὰ
1648 641 1706 693 τὸ
1733 639 1974 706 γενέσθαι
2003 639 2198 700 αὑτοὺς

659 737 1054 807 ἀπεριτμήτους
1099 736 1158 786 ἐν
1201 736 1264 804 τῇ
1312 732 1432 802 όδῷ.
1469 733 1597 784 Τότε
1641 732 1858 799 ἐποίησε
1895 729 1955 782 τὸ
1994 730 2194 798 πάσχα.

661 827 772 878 Καὶ
798 828 855 877 ἐν
880 828 946 894 τῇ
979 825 1160 892 ἡμέρᾳ
1252 823 1448 890 ἔφαγον
1471 823 1650 889 ἄζυμα
1674 820 1780 873 ἀπὸ
1804 819 1894 871 τοῦ
1928 819 2070 871 σίτου
2099 818 2199 884 τῆς

662 915 764 983 γῆς
786 915 1016 980 ἐκείνης,
1054 913 1265 976 ἐξέλιπε
1295 910 1356 962 τὸ
1384 909 1574 978 μάννα.
1603 908 1890 962 Κελεύεται
1928 909 1956 960 6
1998 906 2200 975 Ἰησοῦς

663 1003 819 1056 λῦσαι
848 1003 909 1054 τὸ
935 1002 1179 1069 ὑπόδημα
1205 998 1386 1061 αὑτοῦ,
1417 1000 1508 1050 καὶ
1546 997 1817 1051 κυκλῶσαι
1856 997 1951 1066 τήν
1995 994 2201 1064 Ἰεριχῶ

668 1093 801 1159 μετὰ
835 1091 1140 1157 σαλπίγγων
1183 1091 1276 1142 καὶ
1315 1090 1411 1156 τῆς
1445 1087 1673 1138 κιϐωτοῦ
1702 1087 1907 1156 ἡμέρας
1940 1086 2094 1138 ἑπτά.
2127 1076 2200 1138 Οὗ

665 1180 950 1248 γενομένου
979 1179 1253 1244 αὐτόματα
1292 1177 1482 1227 ἔπεσον
1525 1175 1591 1226 τὰ
1627 1174 1796 1241 τείχη.
1823 1173 1987 1240 Δῆλον
2011 1169 2100 1224 οὖν
2121 1172 2202 1224 ὅτι

666 1270 845 1322 ἔκτοτε
876 1269 1043 1337 ἀρχὴν
1078 1267 1231 1317 ἔλαϐε
1268 1265 1481 1316 λύεσθαι
1526 1263 1584 1314 τὸ
1630 1262 1907 1314 σάϐϐατονο
1942 1259 2060 1312 ὅθεν
2098 1259 2203 1328 γὰρ

667 1362 733 1413 ἄν
764 1358 985 1426 ἄρξηταί
1011 1374 1109 1417 τις,
1133 1356 1338 1422 ἀνάγκη
1362 1356 1419 1404 τὸ
1445 1352 1706 1405 σάϐϐατον
1728 1352 1979 1417 ἐμπεσεῖν
2005 1351 2062 1401 ἐν
2084 1351 2204 1410 ταῖς

667 1449 724 1513 ἒξ
753 1449 998 1516 ἡμέραις.
1029 1446 1159 1496 Τότε
1189 1444 1410 1505 σώζεται
1437 1442 1528 1509 μὲν
1555 1443 1587 1509 ή
1619 1439 1782 1492 Ῥαὰϐ
1811 1437 1945 1507 μετὰ
1965 1437 2062 1505 τῆς
2086 1452 2204 1502 συγ-

667 1533 877 1597 γενείας
904 1531 1084 1598 αὐτῆς,
1123 1529 1215 1580 καὶ
1251 1530 1387 1579 οἰκεῖ
1419 1528 1474 1578 ἐν
1502 1526 1577 1594 τῷ
1612 1525 1840 1595 Ἰσραὴλ,
1868 1524 2203 1593 ἐμπιπρᾶται

667 1623 722 1674 δὲ
751 1625 783 1688 ή
821 1622 972 1682 πόλις
996 1621 1086 1672 καὶ
1108 1618 1572 1686 άναθεματίζεται,
1616 1617 1706 1668 καὶ
1731 1615 2071 1684 κατηράσατο
2105 1615 2206 1682 Ἰη-

670 1711 794 1772 σοῦς
823 1709 899 1777 τῷ
922 1709 1283 1777 οἰκοδομοῦντι
1320 1707 1506 1775 αὑτήν.
1535 1705 1795 1772 ’Έκλεψεν
1843 1706 1906 1757 ἐκ
1950 1705 2042 1757 τοῦ
2077 1708 2198 1757 ἁνα-

669 1801 896 1867 θέματος
926 1799 1120 1866 Ἀχαρ,
1155 1797 1247 1849 καλ⁷
1273 1797 1494 1865 ἡττᾶται
1517 1795 1545 1846 6
1571 1793 1695 1857 λαὸς
1715 1794 2028 1864 προσϐαλὼν
2049 1795 2207 1862 ἑτέρᾳ

671 1893 840 1946 πόλει.
873 1893 1054 1945 Δεϊται
1089 1890 1180 1943 τοῦ
1219 1889 1350 1942 Θεοῦ
1395 1889 1614 1959 Ἰησοῦς,
1651 1887 1856 1941 κελεύει
1897 1890 1924 1940 6
1962 1886 2090 1948 Θεὸς
2120 1886 2208 1949 ἐξ·

670 1981 896 2050 αρθῆναι
918 1979 976 2032 τὸ
1004 1978 1266 2046 ἀνάθεμα.
1307 1975 1602 2046 Ἂνεδείχθη
1621 1978 1650 2029 6
1667 1976 1860 2046 Ἀχαρ,
1887 1974 2117 2044 ἠλέγχθη
2150 1975 2209 2026 τὸ

671 2071 910 2139 κλέμμα,
942 2067 1282 2136 ἐλιθοϐολήθη
1325 2067 1459 2136 μετὰ
1492 2067 1597 2119 τῶν
1634 2066 1762 2119 υίῶν
1787 2066 1879 2118 καὶ
1905 2065 2208 2133 θυγατέρων

668 2161 698 2212 6
735 2161 930 2227 Ἀχαρ.
976 2157 1366 2225 Ἀνεμαχέσατο
1404 2155 1604 2224 Ἰησοῦς
1627 2153 1722 2224 τὴν
1755 2154 1946 2223 μάχην,
1981 2154 2072 2205 καὶ
2103 2147 2209 2204 εἷλε

670 2250 764 2318 τὴν
786 2249 980 2311 Γάζαν,
1008 2247 1100 2298 καὶ
1122 2245 1422 2314 ἐνεπύρισε’
1449 2243 1541 2296 καὶ⁵
1561 2243 1752 2296 ἔπεσον
1773 2245 1828 2295 ἐν
1849 2245 1983 2312 αὑτῇ
2006 2242 2210 2296 δώδεκα

671 2335 920 2404 χιλιάδες·
955 2336 1045 2387 xu).
1081 2335 1169 2386 τὸν
1201 2333 1417 2402 βασιλέα
1440 2334 1538 2403 τῆς
1567 2333 1766 2394 πόλεως
1791 2333 2093 2402 ἐκρέμασαν
2118 2331 2210 2384 ἐπὶ

671 2425 844 2490 ξύλου.
867 2426 1214 2495 Συνέρχονται
1240 2426 1536 2494 πολεμῆσαι
1559 2424 1646 2477 τὸν
1678 2423 1887 2492 Ἰσραὴλ
1911 2425 1956 2474 οἱ
1983 2423 2212 2490 βασιλεῖς

668 2513 776 2567 τῶν
815 2515 1151 2586 ’Λμορῤαίων
1183 2515 1275 2568 καὶ
1304 2515 1637 2577 Χαναναίων,
1675 2516 1766 2565 καὶ
1802 2515 1850 2564 οἱ
1893 2513 2084 2565 λοιποί.
2117 2513 2209 2564 Οἰ-

669 2605 886 2673 κοδομεῖ
915 2603 1117 2672 Ἰησοῦς
1147 2603 1520 2672 θυσιαστήριον
1539 2605 1601 2655 ἐκ
1615 2602 1773 2655 λίθων
1803 2601 2102 2671 ὁλοκλήρων
2120 2602 2212 2654 καὶ

670 2695 866 2763 γράφει
889 2693 949 2747 τὸ
979 2694 1382 2763 Δευτερονόμιον
1410 2695 1541 2746 ἐκεῖ.
1571 2693 1680 2746 Καὶ
1708 2695 1754 2745 οἱ
1792 2692 2002 2762 ἡμίσεις
2036 2693 2212 2744 ἵσταν-

668 2793 757 2832 ται
787 2779 1005 2847 πλησίον
1029 2781 1120 2832 τοῦ
1158 2781 1313 2850 ὅρους
1337 2779 1526 2842 Γεϐὰλ,
1555 2781 1647 2832 καὶ
1675 2783 1721 2832 οί
1756 2780 1966 2849 ἡμίσεις
1993 2778 2210 2848 πλησίον

668 2867 761 2921 τοῦ
791 2869 946 2939 ὅρους
980 2869 1218 2939 Γαριζίν.
1262 2870 1534 2922 Ἐντεῦθεν
1562 2869 1628 2922 τὰ
1671 2871 1809 2922 κατὰ
1844 2870 1966 2931 τοὺς
1993 2868 2210 2922 Γαϐαωο

669 2957 836 3021 νίτας.
868 2952 1023 3010 Οὗτοι
1059 2958 1166 3027 γὰρ
1197 2957 1520 3020 ἀκούσαντες
1550 2959 1676 3028 περὶ
1706 2957 1812 3010 τῶν
1851 2957 2207 3028 Ἰσραηλιτῶν,

670 3046 762 3098 καί
783 3045 1102 3114 φοϐηθέντες
1131 3046 1322 3107 αὐτοὺς
1343 3045 1400 3110 ἐξ
1419 3039 1491 3098 ὧν
1510 3046 1608 3114 ἤδη
1631 3045 1990 3114 κατώρθωσαν
2018 3047 2073 3098 ἐν
2099 3047 2212 3108 τοῖς

670 3133 963 3203 πολεμίοις,
991 3132 1232 3203 ἔρχονται
1255 3134 1388 3203 πρὸς
1415 3133 1626 3196 αὐτοὺς,
1651 3133 1848 3186 παλαιὰ
1874 3133 2209 3204 περιθέμενοι

671 3218 879 3287 ἱμάτια,
899 3219 1091 3289 ἄρτους
1111 3219 1484 3289 ἐπιφερόμενοι
1507 3220 1720 3290 ξηροὺς,
1756 3222 2009 3274 σανδάλια
2035 3239 2206 3274 πεπα-

670 3308 960 3377 λαιωμένα,
984 3308 1076 3359 καί
1097 3325 1225 3377 φασι
1249 3309 1382 3378 πρὸς
1407 3309 1497 3362 τὸν
1523 3309 1666 3370 λαὸν.
1692 3311 1772 3362 ὅτι
1795 3313 1857 3362 ἐκ
1878 3312 1981 3379 γῆς
2005 3313 2212 3383 πόρρω-

669 3396 761 3451 θεν
789 3399 996 3467 ἥκουσι,
1029 3399 1120 3450 καὶ
1149 3399 1369 3467 σημεῖον
1407 3396 1500 3450 τοῦ
1540 3398 1722 3468 πόρρω
1763 3401 1948 3461 οἰκεῖν,
1988 3401 2053 3452 τὰ
2085 3401 2212 3470 ίμά-

670 3504 776 3546 τια,
816 3488 909 3539 καὶ
956 3488 1080 3548 τοὺς
1125 3487 1338 3556 ἄρτους,
1380 3487 1473 3539 καὶ
1523 3487 1590 3539 τὰ
1629 3487 1880 3540 σανδάλια
1920 3487 2208 3543 ἐποιοῦντο.

684 3577 772 3628 Ἐν
803 3576 909 3645 γὰρ
935 3579 1000 3646 τῇ
1032 3577 1135 3646 ὁδῷ
1159 3576 1296 3630 αὑτὰ
1328 3577 1733 3630 πεπαλαιῶσθαι
1758 3578 1957 3646 ἔλεγον
1986 3582 2137 3650 ἥκειν
2157 3582 2212 3634 δὲ

671 3666 762 3718 ἐπὶ
793 3666 871 3736 τῷ
907 3667 1175 3736 συνθήκας
1212 3667 1532 3736 ποιήσασθαι
1561 3668 1696 3736 πρὸς
1736 3671 1927 3732 αὑτοὺς
1974 3672 2210 3740 εἰρήνης.

672 3755 734 3806 Ol
767 3754 825 3806 δέ
872 3754 945 3824 μὴ
979 3755 1222 3824 ἐρόμενοι
1259 3755 1348 3807 τὸν
1387 3756 1536 3820 Θεὸν,
1581 3757 1895 3826 ἐποιήσαντο
1926 3761 2209 3829 συνθήκας.

681 3842 769 3904 Ὧς
794 3843 852 3896 δὲ
877 3843 1117 3912 ἔγνωσαν
1148 3845 1500 3915 ἠπατημένοι,
1531 3847 1623 3900 καὶ
1653 3848 1731 3901 ὅτι
1759 3847 1819 3899 ού
1847 3847 2048 3917 πόρρω.
2081 3849 2213 3902 ἀλλὰ

673 3935 895 4006 πλησίον
926 3933 1151 3997 οίκοῦσι,
1199 3935 1272 4004 μὴ
1302 3935 1585 4004 δυνάμενοι
1616 3937 1811 4000 αὐτοὺς
1842 3938 2208 4007 καταπολεμῆ-

675 4044 764 4079 σαι
803 4027 889 4080 διὰ
923 4027 1047 4088 τοὺς
1072 4026 1285 4095 ὅρκους.
1313 4025 1529 4088 δούλους
1551 4027 1868 4096 ἐποιήσαντο
1896 4027 2215 4091 ξυλοκόπους

672 4131 732 4168 τε
763 4116 857 4167 καὶ
893 4113 1233 4184 ὑδροφόρους.
1273 4114 1532 4167 Ἐνταῦθα
1575 4115 1811 4168 ἐκϐαίνει
1843 4119 1876 4185 ή
1919 4117 2214 4186 πρόρρησις

671 4203 762 4256 τοῦ
795 4202 936 4266 Νῶε,
967 4205 1032 4272 ἣν
1063 4198 1202 4255 εἴπεο
1229 4205 1464 4256 Χαναὰν
1487 4203 1623 4267 παῖς
1650 4204 1898 4270 οἰκέτηςσ
1934 4206 1988 4271 ἐξ
2011 4207 2213 4258 ἐκείνου

670 4295 778 4365 γάρ
829 4296 963 4347 εἰσιν
1021 4287 1184 4347 οὗτοι.
1242 4295 1508 4346 Ἤκουσεν
1569 4294 1913 4357 Ἀδωνιϐεζὲκ
1971 4297 2214 4363 βασιλεὺς

685 4382 1050 4453 Ἰερουσαλὴμ,
1083 4383 1338 4454 [540151;
1370 4384 1510 4436 ἐάλω
1550 4383 1753 4453 Ἱεριχὼ
1791 4387 1880 4436 καὶ
1920 4386 2082 4448 Γάζα.
2122 4389 2213 4440 καὶ

671 4474 753 4524 ὅτι
802 4472 1170 4542 ηὐτομόλησαν
1209 4476 1256 4525 οἱ
1299 4473 1649 4534 Γαϐαωνῖται,
1701 4474 1792 4524 καὶ
1843 4474 2213 4542 ἐπιστρατεύει

673 4564 756 4614 ἐπ’
784 4561 978 4626 αὑτοὺς
1015 4566 1148 4632 μετὰ
1171 4565 1261 4615 καὶ
1287 4563 1484 4632 ἐτέρων
1520 4562 1795 4631 βασιλέων.
1825 4567 1884 4618 OE
1913 4565 1967 4616 δὲ
1992 4564 2214 4618 ἐκάλουν

671 4654 749 4712 είς
793 4654 1098 4721 συμμαχίαν
1140 4653 1228 4704 τὸν
1263 4652 1486 4720 Ἰησοῦν.
1519 4649 1687 4706 Ἦλθε
1724 4654 1779 4705 δὲ
1813 4656 1904 4706 καὶ
1937 4655 2211 4718 συνέϐαλε,

672 4737 765 4789 καὶ
797 4738 1054 4806 ἐτρέψατο
1082 4739 1291 4801 αὑτούς·
1320 4739 1408 4790 καὶ
1438 4739 1636 4792 ἄνωθεν
1668 4740 1753 4791 ἐπ’
1779 4742 1968 4802 αὐτοὺς
2009 4741 2213 4809 χάλαζα

672 4829 996 4898 κατηνέχθη⁶
1023 4830 1115 4881 καὶ
1155 4829 1367 4890 πλείους
1398 4829 1600 4880 ἀνεῖλεν
1629 4831 1660 4898 ή
1692 4830 1916 4898 χάλαζα,
1956 4831 1988 4899 ἢ
2021 4832 2068 4882 οί
2111 4832 2213 4882 υἱοὶ

681 4919 893 4986 Ἰσραὴλ
933 4920 990 4970 ἐν
1039 4917 1296 4987 μαχαίρᾳ.
1337 4919 1467 4970 Τότε
1515 4918 1640 4987 ἔστη
1686 4921 1712 4970 ὀ
1749 4919 1895 4986 ἣλιος
1939 4919 2076 4971 κατὰ
2111 4920 2214 4973 Γα-

669 5003 837 5064 ϐαὼν,
863 5007 952 5056 καὶ
977 5007 1010 5072 ή
1042 5005 1231 5073 σελήνη
1256 5005 1392 5056 κατὰ
1417 5005 1668 5074 φάραγγα
1700 5006 1894 5074 Ἐλώμ·
1923 5007 2013 5058 καὶ
2039 5007 2211 5059 πάντα

668 5092 775 5144 τῶν
807 5091 1012 5161 ἐχθρῶν
1037 5093 1126 5144 τὸν
1159 5093 1284 5145 λαὸν
1313 5093 1623 5146 ἀπέκτεινεν
1658 5094 1874 5163 Ἰησοῦς,
1923 5097 2015 5148 καὶ
2057 5098 2212 5150 πέντε

672 5181 924 5250 βασιλεῖς.
956 5179 1079 5234 me
1109 5181 1165 5233 6t
1209 5183 1300 5234 καὶ
1342 5184 1438 5252 τὴν
1471 5184 1722 5252 Μακηλὰ,
1756 5185 1846 5236 καὶ
1874 5184 1968 5253 τὴν
2015 5186 2209 5249 Λοϐνᾶ,

672 5268 764 5319 καὶ
812 5267 909 5335 τὴν
948 5268 1133 5336 Λαχὶς,
1171 5268 1263 5320 καὶ⁸
1299 5269 1393 5335 τὴν
1434 5271 1662 5329 Ὀδολὰν,
1703 5272 1795 5322 καὶ
1833 5271 1926 5340 τὴν
1970 5272 2209 5340 Χεϐρὼν,

670 5352 762 5402 καὶ
803 5352 899 5410 τὴν
943 5353 1138 5421 Δαϐὴρ,
1172 5353 1265 5406 καὶ
1302 5353 1399 5419 τὴν
1440 5354 1668 5422 ὀρεινήν,
1711 5358 1803 5408 καὶ
1848 5356 1943 5425 τὴν
1972 5358 2206 5424 πεδινήν.

671 5435 932 5501 Συνῆλθον
963 5437 1130 5504 ἕτερον
1171 5437 1403 5504 βασιλεῖς
1451 5439 1632 5490 πολλοὶ
1677 5441 1810 5507 μετὰ
1844 5443 2208 5509 στρατοπέδων

672 5519 939 5589 μεγάλων,
974 5522 1066 5574 καὶ
1113 5522 1330 5584 τούτους
1371 5519 1508 5575 εἶλεν
1557 5525 1775 5591 Ἰησοῦς.
1824 5529 2099 5592 Ἐγκειται
2154 5529 2208 5580 δὲ

667 5605 843 5658 αὑτῶν
872 5607 1096 5660 ἐνταῦθα
1126 5607 1216 5659 καὶ
1247 5606 1311 5659 τὰ
1342 5607 1575 5677 ὀνόματα
1608 5610 1697 5662 καὶ
1734 5612 1788 5662 αί
1830 5611 2023 5668 πόλεις.
2058 5615 2146 5663 καὶ
2179 5613 2204 5661 6

1341 340 1399 398 S.
1435 342 1711 400 JOANMS
1747 341 2221 400 CIIRYSOSTOMI
2255 341 2564 402 ARCIIIEP.
2597 348 3134 406 CONSTANTINOP.

3741 365 3852 417 338

2296 457 2540 527 ἀριθμός.
2577 463 2976 529 Προστάσσεται
3003 466 3056 516 δὲ
3092 465 3294 534 Ἰησοῦς
3323 466 3586 520 διαδοῦναι
3612 467 3710 537 τὴν
3738 468 3842 537 γῆν

2301 549 2404 611 τοῖς
2437 549 2804 619 Ἰσραηλίταις.
2835 553 2942 605 Καὶ
2962 554 3242 622 διαγράφει
3272 555 3351 617 τίς
3370 556 3507 624 φυλὴ
3534 557 3685 618 τίνας
3709 556 3844 625 κλή-

2297 654 2423 706 ρους
2460 638 2637 701 ἔλαϐε,
2676 640 2768 692 καὶ
2799 643 2912 702 τοῖς
2933 641 3181 703 Λευίταις
3206 642 3256 693 τί
3284 642 3428 711 δοθῇ.
3470 643 3843 712 Ἐκπέμπεται

2307 726 2509 795 Ἰησοῦς
2541 729 2638 798 τήν
2671 729 2838 799 φυλὴν
2865 731 3084 800 Ῥουϐὶμ
3112 732 3204 784 καὶ
3223 731 3317 800 τὴν
3342 733 3446 786 Γὰδ
3472 734 3642 785 καὶτὸ
3669 734 3841 801 ἥμισυ

2297 817 2469 885 φυλῆς
2495 819 2757 887 Μανασσῆ
2783 821 2859 881 είς
2893 821 3016 882 τοὺς
3047 821 3270 890 κλήρους
3302 821 3494 885 αὑτῶν,
3524 822 3616 884 οὓς
3649 821 3843 874 ἔλαϐον

2297 904 2375 957 ἔτι
2419 902 2618 968 ζῶντος
2655 908 2944 970 Μωῦσέως.
2992 909 3055 961 Οἱ
3097 909 3152 961 δέ
3195 908 3528 970 ἀπελθόντες,
3570 909 3718 976 παρὰ
3746 909 3842 961 τὸν

2309 993 2575 1063 Ἰορδάνην
2624 995 2971 1065 ᾠκοδόμησαν
3013 996 3206 1066 βωμόν.
3251 997 3505 1066 Ἐτάραξε
3551 997 3708 1049 τοῦτο
3741 997 3846 1057 τὰς

2297 1081 2458 1142 ἄλλας
2508 1082 2695 1148 φυλάς.
2736 1084 2919 1152 ’ῼοντο
2963 1084 3069 1152 γάρ
3113 1084 3439 1146 ὰποστασίας
3471 1085 3650 1136 ἕνεκεν
3684 1084 3846 1136 τοῦτο

2299 1171 2648 1240 πεποιηκέναι
2687 1172 2897 1234 αὐτούς.
2941 1174 3218 1241 Πέμπουσι
3269 1173 3400 1241 πρὸς
3445 1173 3636 1234 αὑτοὺς
3674 1172 3848 1238 ἐγκα-

2298 1257 2530 1320 λοῦντεςο
2561 1261 2608 1311 οί
2629 1259 2684 1311 δὲ
2714 1260 3066 1326 ἀπελογοῦντο
3085 1260 3347 1328 λέγοντες,
3377 1261 3472 1313 οὐκ
3509 1259 3847 1322 άποστασίας

2298 1347 2480 1400 ἕνεκεν
2532 1349 2875 1417 οίκοδομῆσαι
2908 1350 2997 1402 τὸν
3037 1350 3236 1418 βωμόν
3274 1350 3383 1403 ἀλλ’
3415 1351 3497 1402 ἵνα
3533 1351 3605 1419 μὴ
3647 1349 3849 1418 ἔχωσιν

2299 1437 2349 1488 οί
2374 1437 2485 1505 μεθ’
2507 1438 2646 1507 ὑμᾶς
2669 1439 2943 1507 γενόμενοι
2963 1441 3084 1502 τοὺς
3104 1439 3399 1508 ἡμετέρους
3424 1440 3568 1502 υἱοὺς
3590 1442 3664 1501 ῶς
3689 1439 3851 1492 άλλο-

2299 1527 2478 1595 τρίους
2507 1527 2604 1595 τῆς
2638 1528 2841 1580 ἐαυτῶν
2874 1528 3202 1594 συγγενείας,
3232 1529 3318 1580 διὰ
3351 1529 3410 1580 τὸ
3449 1529 3540 1581 τὸν
3573 1528 3850 1599 Ἰορδάνην

2305 1615 2464 1684 μέσον
2494 1616 2764 1685 ἑκατέρων
2803 1619 2931 1686 ῥεῖν·
2959 1617 3172 1669 ἀλλ’ἵνα
3257 1619 3284 1668 6
3319 1616 3496 1686 βωμὸς
3525 1619 3602 1678 είς
3634 1616 3851 1685 μαρτύ-

2303 1721 2435 1770 ριον,
2467 1705 2559 1756 καὶ
2604 1703 2678 1774 μὴ
2703 1703 2862 1773 ἔχωσι
2888 1704 3060 1770 λέγειν
3087 1705 3152 1757 τὰ
3179 1705 3339 1757 τέκνα
3369 1705 3518 1772 ὑμῶν
3545 1704 3656 1767 τοῖς
3685 1704 3851 1772 ἐγγό-

2303 1808 2411 1853 νοις
2441 1792 2613 1860 ήμῶν,
2633 1791 2744 1844 Ούκ
2775 1793 2918 1845 ἔστιν
2945 1795 3068 1862 ὑμῖν
3099 1795 3250 1863 μερὶς
3290 1795 3508 1863 Κυρίου.
3555 1793 3851 1864 Ἐπείσθη-

2305 1897 2399 1931 σαν
2428 1881 2619 1950 μηκέτι
2651 1881 2951 1951 πολεμῆσαι
2986 1884 3176 1946 αὐτοὺς
3205 1885 3260 1936 αἱ
3287 1882 3467 1936 λοιπαὶ
3501 1883 3679 1950 φυλαί.
3711 1883 3851 1934 Τότε

2305 1971 2560 2037 συγκαλεῖ
2575 1973 2696 2035 τοὺς
2729 1972 3056 2042 Ἰσραηλίτας
3084 1972 3306 2044 Ἰησοῦς,
3331 1975 3423 2027 καὶ
3445 1974 3853 2044 ὑπομιμνήσκει

2303 2060 2494 2122 αὑτοὺς
2529 2061 2636 2114 τῶν
2672 2062 2763 2114 τοῦ
2802 2061 2934 2115 Θεοῦ
2967 2063 3303 2132 εὐεργεσιῶν,
3334 2063 3426 2116 καὶ
3467 2065 3716 2132 παραινεῖ
3747 2080 3855 2130 φυ-

2303 2147 2512 2201 λάττειν
2540 2151 2630 2204 τὸν
2659 2153 2838 2222 νόμον,
2871 2151 2964 2206 καὶ
2995 2152 3245 2222 προλέγει
3273 2152 3340 2204 τὰ
3370 2151 3714 2220 διαδεξόμενα
3751 2152 3855 2204 αὑ-

2303 2239 2426 2300 τοὺς
2456 2240 2618 2300 κακὰ,
2649 2242 2697 2290 εί
2727 2242 2798 2310 μὴ
2829 2241 3123 2310 φυλάξειεν.
3153 2243 3244 2296 καὶ
3275 2243 3512 2311 τελευτᾷ.
3539 2241 3776 2310 Τελευτᾷ
3795 2241 3855 2293 δὲ

2304 2328 2398 2379 καὶ
2437 2327 2692 2398 Ἐλεάζαρ
2731 2332 2759 2382 6
2794 2331 2988 2398 ἱερεὺς,
3015 2333 3107 2384 καὶ
3149 2333 3422 2398 ίεράτευσε
3452 2331 3629 2392 Φινεὲς
3674 2331 3704 2381 6
3735 2330 3856 2391 υἱὸς

2305 2417 2465 2470 αὑτοῦ
2493 2419 2602 2470 ἀντ’
2625 2418 2804 2472 αὐτοῦ.
2835 2421 2941 2473 Καὶ
2972 2421 3426 2491 είδωλολάτρησαν
3452 2434 3478 2462 α
3502 2423 3548 2473 οἱ
3583 2420 3856 2488 Ἰσραηλῖ-

2303 2520 2414 2568 ται,
2452 2509 2545 2559 καὶ
2565 2508 2931 2577 παρεδόθησαν
2957 2510 3033 2579 τῷ
3059 2510 3281 2578 Αίγλὼμ
3307 2511 3511 2578 βασιλεῖ
3534 2509 3728 2573 Μωὰϐ,
3757 2510 3857 2562 καὶ

2306 2595 2716 2664 κατεκυρίευσεν
2742 2598 2916 2651 αὐτῶν
2946 2599 3037 2668 ἔτη
3068 2599 3359 2653 δεκαοκτώ.

2737 2763 2996 2830 Σύνοψις
3027 2763 3142 2816 τῶν
3177 2764 3418 2832 Κριτῶν.

2388 2901 2642 2954 Ἐνταῦθα
2675 2907 2846 2956 κεῖται
2893 2903 3048 2968 ποίας
3082 2907 3176 2976 μὲν
3205 2908 3384 2971 πόλεις
3415 2901 3574 2970 εἷλον,
3601 2907 3761 2970 ποίας
3796 2911 3857 2961 δὲ

2304 2991 2518 3060 ἀφῆκαν
2553 2992 2716 3059 φόρου
2742 2993 3004 3056 ἐπιτελεῖς
3029 2998 3205 3057 αυτοῖς
3233 2993 3372 3048 εἶναι
3408 2997 3457 3048 οἱ
3499 2997 3853 3067 Ἰσραηλῖται.

2304 3081 2876 3150 Καταμαλακισθέντες
2900 3084 3006 3154 γὰρ
3035 3085 3172 3154 πρὸς
3195 3087 3319 3149 τοὺς
3354 3085 3444 3139 τοῦ
3485 3086 3719 3156 πολέμου
3760 3087 3858 3139 πό-

2303 3187 2444 3234 νους,
2476 3173 2786 3242 παρέϐησαν
2832 3173 2891 3227 τὸ
2929 3175 3248 3246 πρόσταγμα
3282 3177 3376 3229 τοῦ
3407 3177 3558 3239 Θεοῦ,
3593 3177 3856 3230 κελεῦσαν

2305 3260 2510 3319 πάντας
2547 3263 2816 3324 παντελῶς
2841 3264 3006 3332 ἄρδην
3043 3265 3417 3335 ἀφανισθῆναι.
3457 3262 3655 3320 *Ηλθεν
3686 3268 3859 3334 ἄγγε-

2304 3349 2390 3412 λος
2415 3353 2562 3422 παρὰ
2591 3353 2788 3422 Κυρίου
2817 3355 2950 3424 πρὸς
2975 3357 3098 3418 τοὺς
3131 3357 3480 3427 Ἰσραηλίτας,
3508 3357 3599 3410 καὶ
3627 3359 3857 3426 ἤλεγξεν

2305 3438 2479 3491 αὐτῶν
2534 3441 2630 3508 τὴν
2674 3445 3029 3512 παρανομίαν.
3076 3445 3204 3497 Δέον
3254 3446 3382 3516 γὰρ,
3432 3447 3582 3515 φησὶ,
3643 3447 3858 3508 πάντας

2305 3527 2681 3596 ἀφανισθῆναι,
2711 3530 2867 3597 ὑμεῖς
2894 3529 2948 3582 δέ
2981 3531 3074 3583 καὶ
3106 3531 3372 3599 συνθήκας
3398 3530 3579 3582 ἔθεσθε
3599 3530 3737 3599 πρὸς
3767 3531 3861 3583 ub-

2305 3615 2446 3678 τούς·
2473 3618 2560 3670 διὰ
2579 3619 2734 3670 τοῦτο
2758 3621 2855 3672 οὑκ
2881 3619 3239 3690 ἔξολοθρεύσει
3264 3623 3291 3672 6
3317 3620 3445 3680 Θεὸς
3472 3619 3538 3672 τὰ
3568 3619 3859 3672 ὑπολειπό-

2309 3721 2443 3772 μενα
2479 3704 2623 3775 ἔθνη.
2649 3705 2830 3760 Ταῦτα
2854 3708 3176 3770 ἀκούσαντες
3207 3708 3466 3761 ἔκλαυσαν
3493 3707 3855 3776 ὁμοθυμαδὸν,

2307 3794 2398 3847 καὶ
2426 3795 2710 3865 Κλαυθμὸς
2747 3800 2774 3849 ὁ
2803 3797 2960 3859 τόπος
2987 3798 3204 3867 ἐκλήθη.
3236 3799 3340 3850 Καὶ
3373 3797 3718 3866 παρηνόμουν
3757 3799 3860 3850 καὶ

2307 3884 2708 3954 εἰδωλολάτρουν
2730 3888 2981 3955 συνεχῶς,
3011 3889 3100 3941 καὶ
3123 3888 3456 3957 παρεδίδοντο
3477 3890 3588 3948 τοῖς
3615 3887 3856 3956 ἐχθροῖς,

2309 3973 2399 4023 καὶ
2423 3971 2819 4041 ἀπηλλάσσοντο
2844 3975 2938 4042 τῆς
2959 3975 3214 4037 δουλείας,
3241 3976 3332 4026 καὶ
3359 3974 3513 4025 πάλιν
3538 3976 3648 4035 τοῖς
3671 3974 3858 4033 αὐτοῖς

2307 4063 2562 4132 ἐπέμενον
2591 4067 2795 4127 κακοῖς,
2833 4066 3204 4136 Παρεδόοησαν
3233 4065 3448 4136 Χουσὰρ
3475 4062 3658 4116 Σαθὼν
3693 4064 3722 4103 δ
3759 4063 3860 4132 βα·

2309 4155 2441 4205 σιλεί
2475 4155 2669 4224 Συρίας
2706 4155 2798 4224 ἔτη
2843 4162 2912 4224 η’,
2955 4155 3046 4207 καὶ
3081 4155 3278 4207 ἔσωσεν
3317 4155 3506 4217 αὑτοὺς
3535 4153 3737 4223 Κύριος
3766 4154 3859 4206 διὰ

2309 4242 2452 4313 [541]
2500 4245 2753 4314 Γοθονοὴλ
2803 4244 2894 4296 τοῦ
2945 4245 3150 4313 κριτοῦ.
3209 4246 3316 4297 Καὶ
3361 4243 3730 4314 παρεδόθησαν
3774 4244 3858 4313 τῷ

2319 4335 2533 4403 Ἐγλὼμ
2573 4337 2777 4403 βασιλεῖ
2805 4337 2996 4399 Μωὰϐ,
3027 4338 3117 4388 καὶ
3145 4336 3374 4405 ἔκραξαν
3406 4333 3537 4404 πρὸς
3573 4334 3663 4385 τὸν
3697 4335 3856 4398 Θεὸν,

2309 4425 2400 4476 καὶ
2452 4425 2665 4493 ἤγειρεν
2713 4425 2890 4485 αὑτοῖς
2957 4424 3108 4488 Ἀὼδ,
3155 4427 3300 4486 ὅστις
3359 4423 3491 4492 δόλῳ
3538 4422 3714 4474 ἀνεῖλε
3763 4424 3856 4476 τὸν

2321 4512 2531 4580 Ἐγλὼμ
2560 4513 2652 4565 καὶ
2675 4512 2763 4563 τὸν
2791 4513 2978 4565 Μωάϐ.
3003 4513 3152 4566 Μετὰ
3173 4512 3354 4564 τοῦτον
3376 4512 3551 4580 ἔκρινε
3576 4511 3790 4578 Σομεγὰ
3802 4529 3854 4582 ρ,

2308 4601 2523 4668 Δεϐώρα
2545 4613 2590 4664 ο,
2626 4602 2759 4670 γυνὴ
2803 4605 3084 4671 προφῆτις.
3126 4601 3481 4654 Δουλευόντων
3514 4601 3569 4652 δὲ
3596 4601 3674 4670 τῷ
3703 4603 3856 4670 βασι-

2307 4693 2385 4744 λεῖ
2430 4693 2644 4744 Χαναὰν
2689 4692 2794 4744 τῶν
2832 4691 3188 4761 Ἰσραηλιτῶν,
3228 4691 3430 4745 κελεύει
3476 4690 3556 4759 τῷ
3591 4692 3780 4760 Βαρὰκ
3820 4693 3852 4759 ἡ

2309 4782 2524 4853 Δεϐώρα
2559 4783 2920 4852 στρατηγῆσαι
2947 4781 3035 4833 τὸν
3063 4781 3312 4848 πόλεμον.
3351 4781 3407 4831 '0
3431 4780 3488 4833 δὲ
3515 4782 3615 4832 οὑκ
3641 4782 3852 4849 ἠνείχε-

2307 4891 2384 4936 το,
2417 4875 2464 4923 εί
2497 4873 2568 4942 μὴ
2599 4874 2690 4924 καὶ
2717 4873 2852 4941 αὑτὴ
2888 4871 3184 4935 συνεξέλθοι
3210 4870 3372 4938 αὐτῷ·
3407 4872 3498 4923 καὶ
3531 4872 3853 4940 συνεξῆλθεν

2307 4965 2339 5032 ἡ
2381 4963 2534 5031 γυνή.
2569 4962 2858 5030 Γενομένου
2906 4961 2960 5012 δὲ
3008 4960 3096 5011 τοῦ
3154 4960 3405 5028 πολέμου,
3461 4960 3748 5028 φεύγουσιν
3804 4964 3852 5012 οί

2307 5051 2569 5120 πολέμιοι,
2599 5049 2690 5101 καὶ
2720 5051 2745 5100 6
2776 5048 3069 5118 στρατηγὸς
3103 5047 3262 5110 Ἰαϐὶς
3295 5049 3495 5117 Σισάρα
3521 5049 3689 5101 ἐλθὼν
3719 5051 3853 5120 πρός

2368 5205 2393 5232 ⁸
2419 5203 2470 5250 In
2509 5202 2821 5262 Lugduncnsi
2851 5201 3030 5256 legitur
3070 5201 3148 5248 καὶ
3188 5199 3622 5261 εἷδωλολατροῦσιν.
3664 5200 3850 5248 Ibidem

2305 5278 2390 5324 pro
2413 5265 2601 5322 Λίγλὼμ
2622 5264 2800 5324 Ιεεὶιίιιτ
2834 5262 3030 5324 Ἐγλῲμ.

2367 5322 2393 5359 ιτ
2421 5320 2704 5370 Ιηὲιιίιίοηῤ
2731 5323 2939 5368 Romana
2966 5320 3142 5381 legitur
3163 5320 3619 5381 Xo‘qupauOui[1._ill
3641 5320 3848 5381 Yulgala

2303 5384 2564 5431 secundum
2583 5381 2864 5429 llebraicam
2887 5377 3134 5440 veritz'uem
3151 5377 3338 5430 Clmsmi
3353 5377 3637 5427 Rasatlmbu.
3657 5377 3850 5440 !.u§du~

2306 5455 2504 5490 neusem
2530 5444 2797 5503 sequimur,
2823 5439 3144 5503 Coislinianus
3172 5452 3284 5488 vero
3320 5440 3469 5487 habet
3493 5441 3691 5487 Χουσάδ
3715 5439 3848 5503 Σύρῳ

2304 5503 2483 5564 βασιλεῖ
2505 5503 2682 5561 Συρίας.
2709 5502 2799 5564 Καὶ
2822 5501 3020 5564 ἔσῳσεν.

2361 5561 2471 5666 οιίὲ
2488 5558 2809 5644 Ἧαὴιιδρνὶριο
2831 5561 3024 5612 Coislin.
3059 5559 3136 5609 hic
3156 5561 3380 5622 Δεϐϐώρα
3405 5558 3605 5620 legitur,
3627 5565 3678 5609 et
3701 5558 3848 5621 paulo

2361 5636 2388 5666 IS
2441 5645 2446 5654 ι
2476 5636 2642 5666 εοωοα.

2303 5627 2409 5680 post
2435 5622 2642 5681 Δεϐώρα.
