3996 6418
217 473 392 528 erant,
420 471 476 519 et
496 476 649 532 reges
677 461 978 525 Phoenices,
1004 473 1100 513 eos
1132 458 1276 510 sicco
1316 456 1450 524 pede
1491 453 1799 507 transivissc

215 553 533 615 Iordanem,
573 551 834 612 exterriti,
877 549 1216 618 perculsique
1245 554 1386 597 sunt.
1445 543 1596 597 Tunc
1645 543 1802 596 Iesus

211 643 401 708 jussus
425 641 613 694 cultris
647 638 867 706 lapideis
889 636 1221 691 circumcidit
1248 634 1480 688 Iudaeos.
1509 633 1639 698 Quia
1669 646 1799 700 qua-

215 730 461 797 draginta
487 729 642 781 annis
672 736 912 780 versatus
939 725 1109 778 fuerat
1133 721 1298 777 Israel
1329 724 1377 775 in
1405 722 1638 784 deserto,
1664 723 1803 775 ideo-

220 833 331 886 que
355 818 504 871 multi
534 833 718 871 eorum
751 818 1081 880 bellatorum,
1113 816 1202 882 qui
1228 815 1488 878 obierant,
1522 815 1800 867 incircum-

217 908 320 961 cisi
367 917 519 962 erant
541 906 617 976 (η)
643 923 657 970 ;
687 921 784 976 pro
809 907 911 958 illis
935 905 1209 958 substituit
1247 905 1387 956 Deus
1415 904 1551 956 filios
1577 917 1796 965 eorum,

218 1013 357 1068 quos
379 999 535 1053 Iesus
552 997 1048 1064 circumcidit,quod
1079 997 1174 1065 ipsi
1199 994 1552 1048 incircumcisi
1577 993 1802 1046 mansis-

218 1097 342 1143 sent
371 1089 422 1141 in
449 1089 553 1140 via.
586 1088 733 1141 Tunc
763 1086 882 1140 fecit
905 1085 1122 1154 pascha.
1151 1085 1218 1136 Et
1251 1099 1279 1136 a
1311 1084 1396 1136 die
1422 1098 1523 1150 qua
1543 1081 1795 1135 comede-

219 1187 349 1232 runt
391 1192 577 1246 azyma
605 1192 666 1230 ex
707 1175 968 1229 frutucuto
999 1183 1152 1226 terr-.c
1177 1173 1337 1236 illius,
1363 1171 1558 1224 defecit
1586 1185 1798 1223 manna.

219 1267 447 1320 Iubetur
473 1265 627 1318 Iesus
656 1265 862 1318 Solvere
887 1263 1301 1317 enlceamentum
1331 1275 1505 1324 suum,
1530 1270 1583 1313 et
1607 1260 1800 1313 circui-

222 1373 281 1412 re
302 1355 520 1412 Iericho
540 1370 659 1409 cum
688 1355 824 1409 tubis
850 1364 900 1408 et
924 1369 1045 1407 arca
1071 1362 1273 1420 septem
1298 1353 1501 1404 diebus.
1530 1351 1645 1416 Quo
1677 1366 1798 1418 pcr-

218 1458 364 1511 acto,
395 1462 491 1515 per
529 1460 588 1499 se
623 1445 758 1498 muri
788 1444 1109 1499 ceciderunt.
1159 1441 1491 1495 Manifestum
1517 1442 1690 1509 itaque
1720 1449 1802 1494 est

215 1537 326 1604 jam
357 1544 484 1588 tunc
515 1542 748 1602 emptum
770 1547 888 1588 esse
914 1532 1046 1585 solvi
1087 1531 1364 1584 sabbatum
1391 1547 1405 1582 :
1436 1527 1802 1596 undecumque

218 1626 360 1679 enim
392 1625 600 1678 initimn
626 1625 744 1691 quis
779 1622 956 1687 ducat,
990 1636 1209 1675 necesse
1238 1629 1322 1674 est
1347 1619 1626 1674 sabbatum
1666 1619 1799 1672 inci-

217 1717 349 1771 dere
378 1717 430 1768 in
452 1723 658 1782 septem
687 1713 804 1767 illos
827 1712 959 1767 dies.
988 1713 1138 1766 Tunc
1160 1721 1404 1766 servatur
1427 1711 1636 1780 quidem
1658 1710 1802 1764 ttaab

217 1821 341 1859 cum
379 1804 700 1874 cognatione
725 1816 817 1858 sua
838 1843 852 1867 ,
876 1811 930 1856 et
955 1801 1156 1856 habitat
1185 1803 1234 1854 in
1264 1800 1462 1864 Israel,
1500 1801 1803 1854 incenditur

217 1905 396 1950 autem
426 1894 574 1958 urbs,
604 1903 658 1947 et
676 1892 1010 1947 anathemate
1037 1892 1326 1959 percutitur
1366 1908 1380 1942 :
1429 1890 1803 1957 maledixitque

216 1986 372 2040 Iesus
393 1985 442 2039 ei
475 1983 564 2053 qui
589 1983 728 2036 illam
749 1982 1111 2037 reaedilicaret.
1143 1981 1368 2034 Furatus
1395 1989 1557 2034 estex
1581 1979 1803 2032 anathe-

218 2083 362 2128 mate
393 2071 594 2137 Achar,
623 2071 913 2125 etvincitur
950 2069 1176 2138 pepulus
1216 2062 1494 2137 aggressus
1524 2071 1681 2124 aliam
1717 2086 1804 2122 ur-

219 2166 359 2218 bem.
392 2163 564 2217 Deum
597 2168 838 2230 precatur
865 2159 1020 2214 Iesus
1051 2177 1064 2212 :
1095 2159 1246 2226 jubet
1273 2159 1409 2211 [tcus
1434 2159 1545 2211 tolli
1573 2159 1801 2212 anathe-

218 2268 323 2305 ma.
356 2250 730 2318 Deprehensus
765 2257 846 2302 cst
876 2249 1049 2301 Achar
1073 2288 1088 2311 ,
1120 2247 1312 2299 furtum
1339 2246 1638 2313 detectum,
1672 2248 1802 2314 lapi-

218 2341 374 2393 datur
399 2338 579 2392 Achar
604 2353 725 2392 cum
758 2337 878 2390 ﬁliis
899 2344 953 2391 ct
981 2337 1204 2390 filiabus.
1239 2336 1493 2402 Pugnavit
1512 2336 1668 2390 Iesus
1692 2352 1804 2390 cer-

221 2431 421 2483 tamine
446 2428 665 2496 etcepit
687 2427 901 2489 Gazam,
933 2426 1301 2493 incenditque:
1332 2440 1392 2478 ac
1413 2426 1721 2479 ceciderunt
1750 2429 1801 2480 in

222 2520 310 2572 illa
335 2517 618 2572 duodecim
658 2517 858 2578 millia;
886 2531 1168 2584 regemque
1222 2515 1365 2569 urbis
1412 2516 1803 2583 suspenderunt

221 2610 276 2660 in
307 2609 470 2676 ligno.
515 2606 850 2659 Conveniunt
876 2605 940 2657 ad
969 2603 1342 2658 debellandqu
1374 2605 1621 2658 Israelem
1653 2621 1804 2673 rcges

221 2699 661 2753 Amen-lucorum
689 2705 742 2752 et
767 2696 1187 2750 Cltananatorum
1218 2711 1279 2748 ac
1307 2697 1515 2764 reliqui.
1548 2695 1800 2751 Ediﬁcat

219 2791 375 2844 Iesus
398 2789 567 2842 altare
583 2803 644 2843 ex
667 2786 926 2856 lapidibus
950 2786 1186 2854 integris,
1212 2785 1317 2838 illic
1337 2786 1800 2839 Deuteronomium

220 2882 407 2936 scribit
437 2896 451 2931 :
486 2879 805 2947 dimidiaque
832 2892 954 2946 pars
992 2877 1169 2945 populi
1200 2885 1305 2930 stat
1350 2893 1512 2946 prope
1567 2886 1801 2932 moutcnt

217 2972 408 3038 Gchal,
439 2970 658 3024 dimidia
685 2978 861 3024 autem
893 2983 1057 3038 prope
1084 2977 1320 3023 montem
1341 2969 1573 3022 Garizin.
1605 2970 1803 3023 Dehinc

219 3078 340 3131 qua:
360 3070 507 3131 gesta
530 3069 654 3115 sunt
680 3060 820 3114 circa
847 3059 1188 3114 Gabaonitas.
1232 3059 1292 3112 I-ii
1323 3059 1463 3111 enim
1492 3074 1556 3112 ex
1592 3059 1800 3112 Israeli-

222 3161 393 3205 tarum
423 3151 561 3203 fama
595 3147 975 3219 perterrefacti,
1000 3148 1193 3202 auditis
1214 3149 1276 3201 iis
1306 3164 1421 3216 qua:
1443 3149 1549 3216 jam
1574 3149 1624 3201 in
1652 3149 1803 3202 bellis

222 3245 479 3312 prazclare
505 3251 805 3311 gesserant,
833 3241 973 3310 ipsos
994 3240 1189 3293 adeunt
1209 3241 1432 3294 vetustis
1457 3239 1620 3293 induti
1642 3240 1802 3294 vesti-

219 3333 437 3397 mentis,
471 3345 634 3400 pancs
685 3331 863 3385 aridos
917 3331 1172 3393 ferentes,
1205 3329 1544 3398 sandaliaquc
1597 3339 1798 3384 vetera.

223 3422 526 3492 populoque
572 3420 756 3474 dicunt
799 3435 856 3474 sc
899 3433 967 3474 ex
1014 3429 1150 3473 terra
1182 3419 1463 3488 longinqua
1491 3420 1695 3484 venire,
1725 3422 1800 3474 si-

219 3526 490 3580 gnumque
516 3511 698 3579 procul
729 3519 1050 3564 remotarum
1077 3509 1284 3562 sodium
1311 3524 1429 3563 esse
1450 3511 1759 3564 vestimenta
1781 3553 1794 3574 ,

219 3615 384 3668 panes
405 3608 461 3653 et
487 3599 720 3652 sandalia
747 3617 758 3651 :
787 3613 908 3651 nam
943 3599 992 3652 in
1011 3597 1167 3666 longa
1188 3599 1266 3651 via
1294 3598 1406 3652 haec
1426 3599 1615 3653 detrita
1639 3601 1800 3656 fuisse

219 3691 472 3746 dicebant
500 3705 514 3740 :
551 3689 730 3743 venire
772 3697 946 3742 autem
987 3703 1047 3743 se
1073 3687 1138 3741 ad
1171 3699 1318 3758 pacta
1360 3703 1652 3759 pacemque
1679 3705 1798 3744 cum

222 3781 351 3850 ipsis
383 3777 637 3834 incunda.
665 3777 741 3832 Illi
789 3787 968 3832 autem
1003 3778 1112 3831 Deo
1159 3793 1262 3831 non
1307 3779 1568 3842 consulto,
1602 3780 1800 3834 hedera

223 3871 475 3924 inierunt.
531 3866 602 3922 Ut
644 3882 771 3922 vero
825 3876 1192 3936 cognoverunt
1237 3881 1295 3921 se
1335 3867 1586 3936 deceptos
1616 3869 1798 3934 fuisse,

222 3961 448 4029 illosque
481 3972 585 4011 non
636 3957 840 4026 procul,
873 3957 968 4012 sed
1018 3973 1179 4027 prope
1226 3957 1486 4024 habitare,
1515 3974 1637 4012 cum
1691 3973 1796 4012 non

223 4064 444 4118 possent
499 4048 617 4100 illos
659 4062 966 4118 oppugnare
1016 4057 1199 4099 contra
1244 4048 1566 4114 jnramenta,
1615 4063 1799 4101 servos

221 4141 367 4210 ipsos
417 4139 806 4192 constituerunt
837 4138 1108 4206 lignarios,
1139 4148 1192 4190 et
1236 4153 1384 4205 aqum
1434 4137 1658 4206 bajulos.
1708 4138 1801 4191 llic

221 4233 425 4287 exitum
463 4229 622 4283 habet
649 4228 920 4299 prtedictio
964 4227 1089 4281 Noa:
1120 4228 1267 4297 (Gen.
1299 4228 1352 4281 9.
1383 4227 1497 4298 25),
1531 4243 1686 4296 quant
1718 4227 1800 4280 di-

224 4323 335 4376 xit:
371 4321 614 4376 Chanaan
643 4336 763 4388 puer
786 4335 955 4373 servus
982 4318 1056 4389 (lt)
1091 4338 1103 4371 :
1136 4334 1199 4373 ex
1231 4321 1321 4372 illo
1353 4335 1580 4387 namque
1613 4319 1665 4372 hi
1695 4320 1798 4372 orti

226 4413 398 4467 fuere.
451 4411 665 4464 Audivit
712 4410 1048 4464 Atlouibezec
1099 4426 1191 4462 rex
1244 4409 1535 4464 Ierusalem
1591 4420 1796 4478 captam

222 4505 386 4557 fuisse
430 4501 641 4556 Iericho
666 4513 719 4554 et
741 4501 954 4563 Gazam,
978 4501 1404 4568 Gabaonitasquc
1432 4502 1792 4569 transfugisse,

221 4611 282 4649 ac
305 4595 499 4648 bellum
531 4593 656 4660 ipsis
679 4592 853 4645 intulit
881 4591 996 4642 aliis
1024 4591 1121 4643 sibi
1153 4591 1414 4657 adjunctis
1440 4591 1668 4658 regibus.
1721 4590 1796 4644 Illi

223 4701 348 4738 vero
370 4683 434 4736 ad
461 4682 711 4737 auxilium
742 4681 839 4735 sibi
868 4680 1141 4734 ferendum
1169 4680 1348 4734 Iesum
1389 4689 1662 4734 vocarunt.
1696 4679 1797 4733 Ve-

283 4818 357 4890 (u)
378 4826 450 4867 .to.
477 4817 854 4890 Chrysostomus,
879 4815 959 4890 qui
985 4826 1116 4890 saepe
1141 4827 1248 4890 cum
1269 4813 1792 4890 Judmislcoucertabat,

223 4871 430 4927 maxime.
457 4871 874 4933 vero'Autiochize,
899 4871 1074 4934 legalia
1112 4888 1207 4922 non
1239 4881 1371 4922 tanta
1397 4874 1636 4935 religione
1661 4886 1687 4922 a
1709 4871 1792 4922 vei-

222 4942 408 4989 teribus
451 4937 546 4986 illis
584 4939 837 4985 observata
886 4948 1015 4992 esse,
1054 4942 1231 4996 quanta
1275 4936 1501 4983 dicebant
1535 4935 1683 4983 Judaei
1721 4937 1794 4984 sui

222 5001 626 5062 temporisszepe
650 4997 848 5055 indicat;
871 4997 947 5062 hic
965 5003 1126 5062 autem
1150 5004 1216 5044 ait
1236 4997 1594 5062 incircumcisos
1617 4997 1796 5062 obiisse

223 5056 344 5118 illos,
365 5062 448 5121 qui
474 5061 520 5108 in
543 5056 740 5107 deserto
763 5057 938 5121 mortui
963 5056 1249 5121 fuerant,_et
1285 5069 1394 5102 mox
1432 5059 1598 5121 probat
1621 5058 1792 5104 sabba-

222 5117 453 5170 tuntu'on
489 5121 792 5167 observatum
829 5117 1004 5172 fuisse,
1027 5118 1218 5177 quando
1247 5124 1438 5176 septem
1475 5117 1648 5177 diebus
1686 5130 1794 5164 cum

220 5195 325 5237 arra
359 5194 521 5229 muros
555 5179 741 5227 Iericho
776 5175 1070 5234 circuibant}
1110 5175 1319 5224 necesse
1354 5182 1532 5237 quippe
1572 5175 1720 5224 fuisse
1748 5179 1793 5224 in

224 5197 244 5229 ἷδ
273 5197 325 5230 ra
359 5197 521 5229 ιιὶυτοδ
555 5197 741 5227 Μ’ἸΊΗΠΟ
776 5197 1070 5234 υιΓυιιιυειιιις
1110 5197 1314 5224 ιιυυυδδυ
1354 5197 1532 5237 ψιιιψο
1573 5197 1720 5224 ιυιδδυ
1748 5197 1792 5224 ΙΙΙ

224 5197 311 5291 illis
333 5248 523 5302 septem
542 5241 716 5288 diebus
739 5239 1244 5302 incideresabbatum.
1269 5239 1343 5302 sic
1377 5251 1517 5297 supra
1543 5237 1792 5302 (lenimen-

222 5305 337 5351 tario
373 5297 419 5349 in
461 5301 631 5348 Isaiam
670 5302 733 5347 de
767 5297 1008 5347 sacriﬁciis
1032 5301 1205 5354 arguit,
1233 5306 1283 5346 et
1301 5299 1565 5347 Comment.
1594 5300 1639 5343 in
1666 5298 1791 5344 I‘sal-

223 5333 643 5421 {ibS'iiZ'tJifiia
657 5333 1278 5421 τεῖοῳῖρηε,Ιιτιτπῗιειιξῖξιν;
1303 5333 1489 5419 ξεριεηι
1511 5365 1667 5421 autem
1692 5356 1793 5406 die-

222 5437 322 5470 rtun
347 5417 573 5471 numerus
583 5422 680 5478 iam
696 5417 801 5468 mue
825 5419 955 5478 nobis
965 5417 1096 5465 solvit
1120 5417 1377 5468 sabbatum.
1401 5428 1497 5468 Non
1519 5419 1646 5467 enim
1668 5420 1792 5478 ejus-

221 5483 347 5546 modi
371 5484 489 5546 tegis
513 5477 753 5546 prter-cpta
774 5477 1101 5546 principaliter
1126 5481 1241 5546 (tota
1259 5486 1385 5528 sunt.
1411 5489 1521 5536 Quze
1546 5481 1623 5528 hic
1644 5477 1792 5546 Iunge

221 5543 392 5652 vim]?
415 5539 757 5606 'explicautur:
789 5539 896 5600 jam
918 5546 1060 5597 tunc,
1084 5541 1271 5600 inquit,
1296 5548 1503 5603 emptum
1538 5553 1639 5590 esse
1677 5539 1791 5590 solvi

221 5617 271 5650 διε
379 5618 478 5652 um.

221 5610 478 5653 sabbatum.

283 5664 352 5726 (ῤ)
377 5664 501 5712 V'ide
541 5675 657 5726 quae
663 5661 879 5726 diximus
891 5673 1041 5726 supra
1064 5661 1109 5706 in
1127 5658 1336 5726 Synopsi
1357 5659 1406 5708 in
1419 5664 1642 5712 Genesim
1665 5665 1788 5714 circa

223 5722 602 5776 maledictionein
627 5723 860 5773 Cltaaaaui
890 5723 932 5768 in
957 5722 1224 5768 Gabaonitis
1253 5728 1561 5785 completam

527 5815 795 5875 Puncta
845 5816 960 5874 Gn.
1013 5814 1163 5875 LVI.

1309 345 1635 403 SYNOI‘SIS
1669 343 2076 400 SCRII’TURE
2115 346 2380 401 SACRzE.

3377 355 3486 409 338

1911 455 1988 506 nit
2031 464 2205 508 autem
2257 456 2366 520 ille,
2396 455 2681 524 prmlioquc
2723 457 3006 511 commisso
3052 458 3104 510 in
3137 456 3309 526 fugant
3365 459 3482 512 illos

1911 546 2069 598 vertit
2099 564 2112 598 :
2139 561 2199 600 ac
2226 546 2291 600 de
2317 549 2450 600 ett-lo
2482 549 2531 600 in
2562 548 2680 600 illos
2703 549 2904 616 grando
2931 549 3123 604 decidit
3151 566 3164 604 ;
3196 550 3480 618 pluresque

1908 636 2108 704 grando
2129 636 2340 698 occidit,
2372 652 2528 705 quam
2558 639 2646 691 lilii
2678 638 2836 692 Israel
2871 640 3065 707 gladio.
3127 641 3276 694 Tunc
3333 642 3484 694 stetit

1910 728 1985 780 sol
2017 737 2201 780 contra
2242 726 2459 782 Gabaon
2499 736 2546 782 et
2596 729 2718 781 luna
2758 741 2941 782 contra
2979 732 3270 786 convallem
3300 733 3480 792 Elom;

1911 825 2184 886 totumque
2211 816 2544 871 inimicorum
2574 819 2823 886 populum
2857 820 3125 874 interfecit
3147 821 3322 887 Iesus,
3356 837 3479 874 nec-

1911 922 2013 959 non
2031 908 2260 976 quinque
2289 923 2460 977 reges.
2488 905 2639 977 Cepit
2661 920 2836 964 autem
2868 910 3117 964 Maeciam
3148 919 3202 964 ct
3222 911 3480 973 Lobnam,

1911 997 2134 1061 Lachis,
2157 996 2404 1064 Odolam,
2435 998 2774 1054 Chebronem
2803 1009 2856 1054 ct
2887 1001 3078 1066 Dabir,
3109 1016 3163 1055 et
3193 1011 3401 1056 montes
3429 1012 3482 1057 et

1911 1087 2198 1155 planitiem.
2230 1088 2610 1144 Convenerunt
2635 1090 2721 1144 alii
2746 1104 2899 1158 rcges
2920 1091 3067 1144 multi
3087 1106 3206 1145 cum
3229 1094 3478 1148 exerciti-

1911 1178 2008 1231 bus
2038 1178 2241 1246 magnis
2266 1194 2278 1229 :
2313 1187 2365 1232 ct
2391 1177 2488 1231 hos
2516 1194 2726 1248 quoque
2752 1180 2944 1232 occidit
2963 1179 3135 1234 Iesus.
3169 1182 3368 1235 IIorum
3398 1183 3483 1237 hic

1909 1270 2119 1322 nomina
2151 1278 2520 1334 recensentur,
2547 1279 2600 1323 et
2637 1271 2817 1336 urbes,
2843 1287 3223 1341 numerusque.
3264 1275 3486 1328 Iubctur

1907 1361 2061 1415 Iesus
2118 1370 2312 1416 terram
2363 1361 2571 1416 tradere
2621 1361 2913 1416 Israelitis:
2947 1380 3006 1415 ac
3033 1364 3347 1418 describitur
3366 1382 3482 1434 qua:

1911 1452 2078 1506 tribus
2105 1460 2276 1504 sortes
2309 1453 2628 1520 acceperint,
2654 1461 2704 1505 et
2731 1453 2854 1520 quid
2880 1454 3076 1508 Levitis
3097 1455 3276 1508 datum
3305 1455 3474 1510 fuerit.

1909 1543 2146 1596 llemittit
2195 1541 2348 1596 Iesus
2403 1545 2594 1596 tribum
2627 1543 2811 1597 Ruben
2851 1553 2908 1596 ct
2949 1543 3060 1596 Gad
3102 1545 3482 1614 dimidiamque

1909 1635 2100 1688 tribum
2132 1633 2369 1687 Mauassc
2394 1636 2442 1686 in
2470 1643 2640 1686 sortes
2661 1646 2802 1690 suas.
2820 1649 2954 1702 quas
2976 1646 3284 1703 acceperant
3309 1638 3479 1690 adhuc

1909 1723 2122 1776 vivente
2151 1723 2351 1792 Moyse.
2393 1723 2492 1790 Qui
2521 1731 2696 1777 autem
2723 1723 2990 1787 abieruut,
3022 1740 3166 1777 aram
3201 1725 3262 1778 atl
3295 1726 3482 1780 Iorda-

1908 1830 2028 1868 nem
2068 1814 2415 1867 mdiﬁcarunt.
2450 1815 2558 1868 lloc
2595 1814 2726 1867 alias
2757 1814 2924 1867 tribus
2954 1815 3292 1882 perturbavit.
3323 1817 3482 1870 Puta-

1907 1904 2034 1958 bant
2061 1905 2202 1958 enim
2221 1905 2339 1958 illos
2366 1904 2464 1957 hoc
2486 1903 2795 1958 defectionis
2816 1920 2972 1958 causa
2998 1906 3205 1961 fet-isse.
3233 1907 3484 1960 Miserunt

1906 1997 1995 2065 qui
2045 1995 2189 2063 ipsos
2241 1995 2731 2064 reprehenderent:
2775 1995 2846 2048 illi
2877 2012 3002 2049 vero
3041 2010 3159 2051 sese
3200 2007 3481 2067 purgantes

1906 2087 2174 2150 dixerunt,
2213 2100 2272 2138 se
2313 2101 2415 2137 non
2443 2085 2755 2139 defectionis
2782 2101 2939 2138 causa
2971 2101 3116 2138 aram
3148 2089 3474 2150 :cdiﬁcassc;

1907 2175 2001 2230 sed
2033 2190 2098 2230 ne
2125 2176 2320 2244 posteri
2348 2175 2534 2235 vestri,
2571 2175 2809 2242 inquiunt
2835 2218 2847 2236 ,
2879 2176 3013 2230 ﬁlios
3046 2186 3255 2230 nostros
3280 2179 3480 2232 alienos

1910 2268 2135 2320 habeant
2159 2281 2185 2318 a
2209 2281 2300 2318 sua
2325 2267 2659 2334 cognatione,
2685 2282 2748 2317 eo
2778 2267 2916 2335 quod
2946 2265 3191 2320 Iordanis
3223 2269 3355 2321 inter
3373 2286 3479 2321 me-

1907 2362 2050 2414 diunt
2078 2376 2262 2414 eorum
2293 2360 2456 2422 fluat;
2489 2359 2579 2412 sed
2611 2369 2665 2411 ut
2691 2360 2756 2412 sit
2781 2375 2872 2412 ara
2901 2360 2952 2412 in
2976 2363 3355 2427 testimonium,
3387 2376 3484 2414 nec

1909 2453 2110 2521 possint
2149 2451 2329 2506 dicere
2370 2451 2458 2504 ﬁlii
2496 2453 2654 2505 vestri
2684 2451 2964 2520 nepotibus
2997 2452 3212 2515 nostris,
3237 2453 3350 2506 Non
3398 2462 3482 2506 est

1908 2544 2058 2597 vobis
2081 2544 2252 2613 portio
2271 2544 2509 2607 Domini;
2538 2545 2718 2611 sicque
2743 2555 3115 2611 persuaserunt
3142 2545 3354 2613 reliquis
3386 2546 3482 2598 tri-

1909 2633 2080 2687 bubus
2106 2649 2172 2688 ne
2199 2634 2298 2687 sibi
2332 2633 2526 2687 bellum
2553 2633 2826 2688 inferrent.
2854 2634 3002 2688 Tunc
3022 2645 3280 2688 convocat
3304 2635 3476 2688 Israc-

1909 2725 2025 2777 litas
2054 2723 2239 2787 Iesus,
2281 2724 2512 2793 ipsusque
2540 2723 2590 2776 iu
2618 2724 2925 2776 memoriam
2959 2735 3169 2778 revocat
3199 2725 3286 2777 Dei
3317 2726 3475 2777 bene-

1908 2815 2044 2879 ﬁcia,
2077 2814 2316 2868 hortatur
2338 2823 2393 2868 ut
2421 2814 2588 2883 legem
2616 2814 2900 2868 observent
2926 2857 2940 2876 ,
2972 2817 3313 2884 prmdieitquc
3343 2817 3482 2870 mala

1906 2920 2022 2972 qum
2065 2905 2181 2956 illos
2204 2913 2487 2971 exceptura
2510 2913 2651 2966 sunt,
2705 2905 2806 2957 nisi
2846 2905 2984 2958 illam
3041 2907 3483 2966 cusunlicrint,et

1907 3003 2146 3048 mortuus
2165 3004 2262 3048 est.
2292 2994 2509 3047 Moritur
2536 3004 2589 3049 et
2611 2995 2830 3048 Eleazar
2860 2997 3127 3057 sacerdos,
3152 3011 3204 3050 et
3226 2999 3273 3050 iu
3309 2999 3480 3052 locum

1905 3085 2021 3154 ejus
2065 3084 2417 3139 sacerdOtium
2449 3085 2652 3140 obtinet
2678 3085 2906 3140 Phincos
2935 3086 3072 3140 ﬁlius
3109 3088 3244 3156 ejus.
3303 3090 3364 3141 l-It
3390 3090 3481 3142 ﬁlii

1907 3175 2070 3230 Israel
2127 3175 2264 3230 idola
2316 3176 2638 3240 coluerunt,
2695 3176 2978 3244 traditique
3026 3187 3148 3231 sunt
3195 3179 3244 3230 in
3291 3194 3476 3231 manus

1908 3267 2114 3338 AZglom
2144 3267 2284 3336 regis
2331 3266 2482 3322 Moab
2516 3268 2612 3336 (τι),
2647 3267 2734 3336 qui
2767 3268 2819 3321 in
2871 3267 2990 3322 illos
3034 3267 3314 3336 imperium
3339 3270 3478 3322 obti-

1906 3361 2019 3414 nuit
2049 3360 2202 3414 annis
2224 3359 2541 3414 octodecim.

2437 3487 2673 3527 SYNOI‘SIS
2709 3488 2949 3526 IUDICUI.

1978 3589 2073 3640 llic
2093 3596 2336 3639 narratur
2365 3599 2496 3652 quas
2522 3584 2682 3637 urbes
2707 3583 2967 3651 ceperint,
2991 3598 3230 3652 quasque
3257 3583 3357 3637 sibi
3390 3584 3482 3636 tri—

1905 3678 2136 3732 butarias
2192 3673 2418 3729 fecerint
2469 3673 2743 3726 Israelitze.
2790 3672 2918 3725 Nam
2944 3672 3082 3727 circa
3115 3673 3238 3726 belli
3270 3673 3478 3726 labores

1903 3766 2156 3829 emolliti,
2187 3763 2500 3832 transgressi
2531 3769 2655 3817 sunt
2685 3761 2986 3815 mandatum
3036 3762 3163 3826 Dei,
3195 3776 3301 3831 quo
3325 3762 3478 3829 jube-

1903 3860 2094 3913 bantur
2119 3871 2304 3909 omnes
2351 3854 2712 3909 internecione
2737 3852 2935 3905 delere.
2991 3852 3146 3905 Venit
3190 3852 3406 3920 angelus
3449 3868 3479 3904 a

1907 3950 2128 4003 Domino
2167 3947 2232 4000 ad
2280 3945 2542 4000 Israclitas
2565 3983 2578 4008 ,
2603 3943 2692 4012 qui
2725 3944 2934 3996 illorum
2989 3942 3477 4011 prmvaricatiouem

1904 4037 2191 4107 redarguit.
2223 4036 2355 4090 Cum
2381 4035 2519 4089 enim
2553 4033 2873 4102 oportuisset
2900 4033 3017 4085 illos
3039 4031 3218 4086 delere
3237 4073 3253 4095 ,
3284 4032 3476 4098 inquit,

1906 4144 1999 4182 vos
2027 4127 2224 4181 fmdera
2247 4142 2367 4180 cum
2401 4125 2531 4193 ipsis
2553 4124 2742 4179 iniistis
2771 4141 2783 4175 :
2819 4124 2938 4177 ideo
2975 4139 3079 4176 non
3108 4123 3481 4177 exterminabit

1908 4221 1920 4271 l
1950 4234 2045 4274 eus
2071 4219 2302 4287 reliquas
2321 4226 2524 4285 gentes.
2555 4213 2646 4269 I-Iis
2676 4215 2869 4268 auditis
2905 4215 2978 4268 illi
3003 4213 3262 4266 ﬂeverunt
3287 4214 3476 4266 unani-

1903 4312 2080 4375 miter,
2111 4311 2362 4377 locusque
2393 4318 2608 4360 vocatus
2646 4315 2726 4360 est
2773 4305 2971 4359 Fletus.
3032 4304 3097 4357 Et
3148 4304 3475 4371 prrevaricati

1902 4407 2043 4463 sunt,
2066 4415 2126 4453 ac
2149 4399 2492 4454 tradebantur
2515 4396 2773 4458 hostibus,
2798 4405 2850 4448 et
2866 4410 2894 4448 a
2917 4394 3170 4448 servitute
3187 4391 3475 4446 liberaban-

1905 4503 2008 4555 tur,
2041 4504 2359 4557 rursumqoe
2389 4488 2572 4542 iisdem
2615 4488 2664 4538 in
2696 4487 2844 4539 malis
2876 4483 3306 4554 perseverabant.
3341 4485 3474 4538 Tra-

1900 4585 1992 4637 diti
2025 4594 2144 4636 sunt
2167 4581 2377 4635 (thusab
2397 4579 2596 4634 Salhon
2620 4579 2727 4647 regi
2755 4576 2920 4648 Syriae
2941 4577 3092 4630 annis
3120 4585 3260 4640 octo,
3288 4586 3340 4630 ct
3366 4577 3472 4628 cri-

1902 4675 2012 4742 puit
2039 4687 2132 4726 eos
2162 4672 2410 4722 Dominus
2441 4684 2535 4736 per
2561 4667 2842 4722 Cothoniel
2867 4667 3122 4732 judicem.
3181 4667 3247 4720 Et
3297 4666 3471 4720 traditi

1900 4773 2023 4817 sunt
2048 4763 2229 4826 Eglotu
2255 4761 2362 4827 regi
2389 4759 2561 4824 Moab,
2584 4769 2637 4814 et
2672 4760 3036 4812 clamaverunt
3070 4757 3134 4811 ad
3170 4757 3470 4818 Dominum,

1901 4865 1953 4909 ct
1979 4853 2249 4909 suscitavit
2277 4853 2378 4905 illis
2402 4852 2534 4916 Aod,
2564 4853 2652 4920 qui
2681 4851 2803 4904 dolo
2830 4850 3022 4904 occidit
3045 4850 3228 4917 Eglom
3254 4858 3307 4902 et
3328 4848 3442 4901 Moa

1899 4945 2052 4999 bitas.
2087 4943 2211 4997 Post
2240 4941 2379 4996 hunc
2406 4943 2583 5011 pepuli
2607 4941 2766 5010 judex
2797 4941 2890 4993 fttit
2911 4942 3185 5008 Somegar,
3205 4949 3259 4993 ct
3285 4947 3467 5007 postea

1901 5037 2102 5090 Debora
2134 5035 2324 5088 mulier
2351 5035 2703 5104 prophetissa.
2734 5034 2862 5086 Cum
2891 5041 3065 5085 autem
3089 5033 3198 5100 regi
3221 5032 3467 5086 Chanaan

1898 5127 2159 5180 servirent
2186 5125 2455 5190 Israelitzr,
2486 5127 2736 5178 Baracum
2771 5123 2919 5191 jubet
2949 5119 3150 5176 Debora
3186 5138 3243 5177 se
3283 5124 3463 5178 ducent

1898 5218 2018 5272 belli
2046 5218 2303 5284 prmbere.
2335 5215 2427 5269 Ille
2456 5217 2639 5278 noluit,
2673 5214 2772 5266 nisi
2794 5222 2846 5267 et
2872 5215 2956 5267 illa
2979 5229 3098 5266 cum
3129 5215 3241 5282 ipso
3259 5215 3458 5267 exiret:

1897 5308 2159 5375 exivitquc
2190 5307 2396 5359 mulier.
2421 5305 2716 5359 Commisso
2740 5305 2941 5373 prazlio,
2971 5304 3211 5373 fugerunt
3239 5305 3420 5356 hostes
3447 5319 3464 5356 ι

1898 5397 2107 5464 duxque
2132 5396 2294 5451 Iabisi
2321 5397 2496 5450 Sisara
2528 5393 2788 5448 accedens
2827 5393 2892 5446 ad
2949 5395 3228 5462 quamdam
3281 5395 3466 5446 mulie-

1963 5537 2033 5598 (u)
2059 5545 2166 5587 llzcc
2187 5553 2295 5600 quae
2318 5538 2380 5586 de
2406 5538 2591 5599 nglom
2607 5539 2682 5586 hic
2704 5535 2952 5596 leguntur,
2978 5549 3037 5600 ex
3061 5537 3216 5600 capite
3240 5539 3464 5600 sequenti

1897 5598 1989 5646 huc
2030 5598 2345 5659 tt'aussumpta
2376 5598 2488 5647 sunt
2521 5602 2568 5647 in
2594 5607 2729 5647 textu
2755 5605 2880 5655 LXX,
2907 5611 2998 5659 nec
3021 5598 3258 5659 habentur
3301 5599 3343 5643 iu
3372 5606 3462 5642 tle—

1895 5660 2028 5707 brwo
2055 5671 2066 5706 :
2102 5673 2211 5720 qua:
2237 5655 2376 5720 porro
2398 5667 2460 5707 de
2486 5660 2673 5720 Aiplom
2701 5661 2776 5706 hic
2805 5658 2964 5720 paucis
2989 5661 3148 5705 verbis
3167 5655 3404 5720 dicuntur
3424 5665 3468 5714 in

1898 5721 2069 5770 eadem
2105 5718 2336 5781 Editidtte,
2364 5718 2577 5784 pluribus
2597 5728 2845 5770 narrantur
2871 5720 2914 5765 in
2939 5718 3059 5764 libro
3091 5718 3263 5766 .tmhcu
3288 5737 3336 5764 ιι.

3028 5822 3097 5877 21
