3996 6418
607 344 720 402 339

604 457 714 496 rem
744 441 940 497 Jaélem
973 443 1165 497 dictam
1186 483 1200 507 ,
1232 443 1444 512 petebat
1471 444 1536 499 ab
1566 445 1650 497 illa
1682 453 1864 514 potum
1901 464 1914 500 :
1940 445 2025 498 illa
2055 458 2150 513 pro

603 545 735 599 aqua
759 531 838 584 lae
865 531 936 584 illi
966 530 1129 585 dedit.
1153 531 1221 586 Ut
1254 540 1426 585 autem
1455 542 1571 600 post
1600 541 1778 600 potum
1811 532 2150 596 obdormivit,

602 627 868 686 arreptum
893 626 1094 672 vectem
1121 619 1310 674 mulier
1343 634 1439 688 per
1467 629 1699 687 tempora
1727 621 1840 688 ejus
1870 621 2149 673 transfixit.

602 704 690 759 Sic
719 714 953 759 mortuus
982 715 1063 760 est
1090 705 1264 761 Sisara
1289 722 1302 758 :
1331 707 1702 776 ingressusque
1742 707 1906 762 Barac
1928 708 2057 761 vidit
2091 709 2148 763 il-

600 793 708 846 lum
753 802 1036 847 mortuum.
1095 795 1241 848 Tunc
1288 795 1546 848 canticum
1596 795 1908 864 triumphale
1961 797 2154 851 cecinit

603 881 826 936 chora.
848 882 1047 936 Rursus
1067 884 1338 937 traduntur
1363 883 1608 938 Israelita:
1627 885 1678 937 in
1703 900 1888 939 manus
1905 885 2147 947 Modiam;

599 985 722 1026 nam
749 969 1048 1039 frequenter
1074 972 1232 1025 Deum
1265 972 1556 1026 irritabaut.
1581 973 1724 1026 'I‘unc
1749 972 1982 1028 Gedeoni
2011 976 2150 1028 visus

598 1069 680 1112 est
721 1059 955 1128 angelus,
986 1060 1074 1128 qui
1105 1060 1251 1112 illum
1277 1060 1340 1113 ad
1369 1060 1558 1114 bellum
1595 1062 1896 1115 concitavit.
1948 1062 2148 1116 Dehinc

597 1148 833 1215 praecipit
852 1149 925 1200 illi
947 1149 1196 1201 Dominus
1224 1157 1280 1202 ut
1299 1149 1591 1203 immolaret
1617 1150 1834 1203 vitulum
1855 1150 2146 1218 saginatum

598 1237 759 1301 patris
806 1235 906 1300 sui,
935 1245 989 1290 et
1024 1236 1237 1291 all'erret
1277 1237 1640 1293 holocaustum
1665 1280 1678 1302 ,
1706 1240 1979 1310 Baalisque
2003 1257 2146 1295 aram

593 1325 907 1380 destrueret.
947 1325 1127 1379 Paruit
1166 1326 1273 1390 ille,
1296 1335 1350 1380 et
1398 1328 1588 1382 obtulit
1629 1328 1986 1384 holocaustum
2014 1331 2140 1385 Deo.

594 1413 917 1485 Signumque
948 1419 1077 1486 petit
1101 1418 1314 1474 Gedeon
1345 1421 1431 1488 qui
1461 1431 1514 1476 et
1533 1421 1774 1475 Ierobaal
1803 1431 2016 1476 vocatus
2039 1433 2140 1488 cst,

595 1506 648 1557 in
673 1504 866 1559 vellere
889 1506 1104 1560 editum.
1132 1507 1456 1576 Jubeturque
1476 1517 1640 1563 totum
1658 1511 1924 1566 dimittere
1944 1515 2144 1566 exerci-

594 1600 725 1656 tum,
750 1602 1115 1664 trecentosque
1138 1604 1336 1650 tantum
1361 1597 1607 1652 retinere.
1651 1599 1706 1652 ld
1729 1600 1869 1668 quod
1891 1601 1976 1656 ille
1997 1601 2138 1666 fecit,

593 1693 645 1736 et
669 1699 980 1754 congressus
1001 1700 1120 1741 cum
1147 1686 1471 1756 lampadibus
1490 1698 1543 1742 et
1571 1688 1710 1743 tubis
1725 1731 1740 1756 ,
1776 1691 1953 1746 hostes
1967 1695 2141 1760 profli-

592 1773 748 1840 gavit.
771 1773 920 1828 Tunc
944 1775 1101 1829 occisi
1121 1785 1242 1830 sunt
1265 1775 1404 1832 Oreb
1419 1786 1472 1832 et
1487 1777 1593 1832 Zeb
1611 1779 1867 1849 principes
1893 1781 2136 1848 Madiam,

592 1877 645 1920 et
671 1866 840 1924 Zebee
864 1879 917 1923 et
943 1870 1184 1925 Salmana
1213 1887 1385 1941 reges.
1425 1874 1642 1929 Gedeon
1671 1878 1900 1932 moriens
1927 1878 2139 1947 reliquit

591 1953 730 2010 filios
749 1962 1089 2027 septuaginta,
1115 1971 1165 2014 et
1186 1976 1252 2016 ex
1277 1965 1563 2018 concubina
1583 1981 1742 2019 unum
1757 1967 2134 2021 Abimelecum.

592 2043 689 2100 Hic
721 2047 908 2102 occisis
947 2051 1267 2120 septuaginta
1307 2052 1588 2121 fratribus,
1619 2071 1836 2125 regnum
1876 2058 2133 2112 obtinuit:

589 2149 689 2189 nec
707 2136 868 2191 multo
883 2138 1060 2208 elapso
1081 2149 1317 2210 tempore
1335 2143 1600 2198 fratricidii
1616 2160 1797 2212 pmnas
1815 2148 1977 2202 dedit.
2005 2148 2136 2203 Cum

590 2223 729 2277 enim
753 2224 804 2277 in
832 2226 1010 2293 prmlio
1037 2231 1347 2284 accessisset
1369 2231 1433 2285 ad
1461 2234 1736 2300 quamdam
1761 2236 1965 2302 urbem,
2000 2237 2136 2306 frag-

589 2319 768 2366 mento
803 2314 954 2369 mola:
996 2326 1151 2384 caput
1179 2319 1292 2386 ejus
1333 2335 1362 2372 a
1393 2322 1610 2376 muliere
1656 2323 1981 2379 confractum
2030 2338 2130 2392 est,

584 2401 778 2472 illeque
796 2405 952 2458 vitam
971 2408 1166 2462 amisit.
1195 2408 1319 2464 Post
1357 2411 1625 2467 Abimelcc
1649 2413 1899 2480 judicavit
1933 2416 2095 2469 Thola
2115 2457 2133 2480 ,

588 2501 707 2560 post
731 2492 946 2548 ThoIam
972 2495 1101 2549 Jair.
1131 2498 1196 2551 Et
1215 2499 1547 2555 irritaverunt
1569 2503 1732 2557 Deum
1759 2504 1850 2559 filii
1881 2506 2056 2570 Israel,
2079 2515 2132 2560 et

589 2582 760 2636 traditi
790 2592 911 2638 sunt
938 2585 988 2638 in
1012 2601 1197 2643 manus
1220 2588 1470 2644 Ammon.
1522 2591 1670 2646 'I‘unc
1689 2592 1930 2662 Jepbtha:
1956 2610 2130 2650 mere—

588 2668 731 2724 tricis
755 2669 915 2726 filium
941 2683 994 2727 et
1020 2689 1049 2727 a
1075 2675 1233 2730 domo
1258 2685 1473 2745 paterna
1501 2693 1594 2748 per
1643 2680 1831 2736 fratres
1880 2681 2128 2750 ejectum,

587 2756 772 2815 ducem
801 2759 922 2814 belli
949 2771 1129 2817 contra
1156 2764 1291 2818 filios
1321 2767 1543 2821 Ammon
1584 2783 1701 2823 esse
1726 2779 1912 2837 rogant
1941 2770 2132 2838 princi—

583 2858 679 2913 pes
704 2848 913 2916 populi,
941 2848 1143 2919 ipsique
1167 2852 1441 2919 imperium
1473 2855 1703 2910 tradunt.
1739 2857 1831 2912 Ille
1854 2857 2130 2928 obtempe-

583 2937 738 3002 ravit,
764 2952 825 2992 ac
867 2938 1049 3007 legatis
1078 2941 1146 2995 ad
1173 2957 1349 3012 regem
1393 2943 1616 2998 filiorum
1659 2947 1882 3002 Ammon
1932 2948 2126 3013 missis,

577 3039 701 3079 cum
729 3027 860 3079 nihil
883 3029 1152 3095 suasisset,
1181 3039 1336 3084 vovet
1359 3046 1418 3086 se
1445 3033 1552 3087 Deo
1593 3033 1979 3090 immolaturum
2007 3052 2126 3092 eum

582 3114 669 3180 qui
695 3115 892 3182 primus
922 3117 1020 3185 ipsi
1041 3128 1356 3184 occurreret,
1385 3121 1430 3174 si
1455 3122 1654 3177 rediret
1679 3139 1746 3178 ex
1774 3124 1914 3180 bello
1941 3143 1954 3179 :
1979 3141 2128 3180 com-

581 3204 744 3259 misso
767 3205 950 3273 pratlio
977 3219 1096 3260 cum
1127 3207 1337 3261 vicisset
1355 3208 1552 3275 hostes,
1584 3210 1740 3266 ﬁliam
1769 3227 1916 3267 suam
1943 3214 2130 3270 immo-

581 3291 656 3346 lat
679 3307 693 3343 :
719 3293 831 3361 ipsa
855 3293 992 3349 enim
1026 3296 1167 3363 prior
1191 3298 1420 3350 occurrit
1445 3298 1539 3353 illi.
1567 3299 1766 3354 Rursus
1793 3302 2129 3358 irritaverant

583 3382 744 3436 Deum
763 3382 851 3436 lilii
872 3384 1060 3452 Israel,
1091 3395 1146 3440 et
1167 3387 1341 3440 traditi
1368 3397 1490 3443 sunt
1529 3389 1581 3442 in
1603 3405 1787 3444 manus
1810 3392 2127 3462 alienigena-

581 3486 721 3524 rum.
747 3471 892 3526 Tunc
928 3475 1160 3528 nascitur
1201 3473 1497 3544 Sampson,
1538 3487 1593 3531 et
1637 3479 1747 3532 visa
1799 3482 2018 3536 muliere
2074 3483 2124 3536 in

581 3559 928 3627 'l‘hamnatha,
961 3563 1074 3632 ejus
1095 3579 1272 3619 amore
1298 3577 1480 3634 captus
1498 3576 1597 3631 est,
1622 3567 1889 3639 ipsamque
1908 3585 2127 3627 uxorem

581 3651 776 3706 ducere
804 3653 1032 3708 volebat.
1063 3655 1314 3710 Parentes
1345 3668 1517 3712 autem
1544 3661 1713 3727 primo
1751 3661 2123 3731 impediebant,

581 3742 719 3812 quod
751 3744 834 3797 illa
863 3745 1150 3814 alienigena
1177 3757 1320 3801 esset
1347 3766 1360 3802 :
1391 3759 1445 3802 ut
1479 3757 1653 3803 autem
1678 3749 1918 3805 viderunt
1959 3754 2125 3821 ipsum

579 3832 884 3897 instantem,
910 3850 1014 3888 non
1038 3836 1169 3888 ultra
1188 3839 1744 3911 prohibuerunt,Cum
1767 3840 1936 3896 abiret
1951 3851 2123 3897 autem

579 3920 645 3982 de
672 3921 757 3976 illa
785 3923 1198 3994 colloqnuturus,
1229 3927 1459 3982 occurrit
1487 3928 1562 3982 illi
1589 3929 1670 3984 leo
1696 3945 1850 3999 quem
1885 3932 2125 3987 manibus

580 4010 688 4064 suis
713 4011 921 4066 occidit.
973 4012 1102 4066 Cum
1146 4023 1318 4068 autem
1345 4017 1538 4083 nuptias
1569 4018 1895 4073 celebranda:
1923 4028 2121 4087 essent,

577 4113 786 4153 rursum
815 4100 1108 4169 profectus,
1136 4102 1278 4157 videt
1314 4103 1486 4157 favum
1517 4107 1688 4160 mellis
1727 4107 1778 4160 in
1804 4123 1895 4162 ore
1921 4109 2120 4174 leonis,

578 4203 732 4256 quem
761 4189 1056 4253 occiderat,
1088 4201 1141 4245 et
1174 4201 1447 4261 acceptum
1475 4195 1720 4258 comedit,
1751 4195 1996 4265 deditque
2035 4214 2124 4266 pa-

577 4278 811 4333 rentibus
830 4289 884 4334 et
909 4281 1209 4336 concivibus
1235 4281 1344 4336 suis
1371 4298 1384 4334 :
1416 4292 1571 4352 atque
1608 4285 1827 4354 aenigma
1859 4289 2124 4353 proposuit

578 4367 704 4435 ipsis
730 4367 908 4422 dicens
940 4385 954 4422 :
996 4369 1075 4423 Ea:
1107 4386 1191 4423 ore
1219 4371 1516 4425 comedentis
1543 4387 1766 4440 egressus
1784 4382 1854 4426 est
1878 4374 2013 4427 cibus
2033 4415 2047 4438 ,
2075 4375 2121 4426 id

576 4464 675 4519 est,
705 4471 768 4510 ex
799 4471 890 4512 ore
910 4457 1108 4523 leonis;
1141 4469 1186 4512 et
1212 4475 1274 4512 ea:
1295 4471 1490 4514 austero
1519 4477 1610 4529 pro
1651 4462 1978 4515 amaritudine
2010 4463 2120 4514 dul-

576 4546 696 4598 cedo
719 4544 863 4613 (Jud.
894 4546 979 4600 υ.
1017 4547 1123 4614 14).
1151 4547 1496 4617 Promisitque
1514 4564 1572 4602 se
1596 4550 1838 4604 daturum
1880 4552 1927 4604 ei
1954 4553 2040 4620 qui
2073 4552 2123 4604 id

577 4636 1008 4703 interpretaretur
1047 4637 1256 4706 triginta
1288 4639 1569 4704 sindonas,
1599 4648 1651 4692 et
1676 4641 1886 4709 triginta
1922 4641 2120 4703 stolas;

576 4727 655 4779 sin
699 4739 802 4779 non
843 4734 1078 4793 possent,
1110 4727 1207 4779 sibi
1235 4728 1556 4782 tantumdem
1585 4727 1787 4782 darent.
1831 4729 1899 4783 Ut
1948 4740 2122 4783 autem

575 4815 649 4868 illi
675 4814 962 4878 hmrebaut,
992 4823 1045 4869 et
1074 4815 1480 4883 explicationem
1505 4833 1608 4870 non
1627 4818 1978 4886 reperiebant,
1996 4834 2125 4871 uxo-

574 4904 620 4957 ri
649 4903 762 4971 ejus
786 4903 1085 4956 eomminati
1121 4913 1242 4957 sunt
1269 4913 1510 4970 mortem,
1544 4906 1642 4959 nisi
1682 4905 1747 4960 ab
1777 4907 1865 4959 illo
1893 4908 2119 4976 explica-

575 4993 771 5046 tionem
793 4992 1078 5059 acnigmatis
1099 4993 1385 5055 edisceret;
1415 5008 1533 5046 cum
1558 4994 1825 5048 didicisset
1852 4995 1959 5057 illa,
1993 4995 2118 5062 ipsis

575 5079 900 5134 annuntiavit
929 5094 943 5132 :
972 5088 1024 5133 et
1053 5095 1167 5132 cum
1220 5081 1360 5133 illam
1410 5082 1808 5149 explicationem
1838 5083 2112 5146 dixissent,

574 5174 788 5240 pignora
817 5181 1149 5238 acceperunt.
1196 5169 1496 5238 Indignatus
1537 5180 1617 5223 est
1650 5171 1925 5238 Sampson.
1971 5172 2123 5225 Pater

571 5272 745 5314 autem
799 5274 1007 5329 Sponsa:
1055 5269 1331 5322 metuens,
1384 5262 1522 5314 illam
1575 5262 1811 5330 pronubo
1870 5278 1964 5315 suo
2031 5262 2124 5316 de-

570 5352 708 5405 dit‘:
738 5349 790 5402 id
818 5349 955 5418 quod
984 5351 1148 5418 magis
1173 5349 1512 5417 Sampsonem
1541 5352 1887 5417 contristavit,
1907 5363 1958 5406 et
1978 5368 2122 5406 arre-

628 5467 643 5495 ί
682 5462 1114 5528 Septua_ginta,_§vi
1133 5466 1226 5511 τῶν
1247 5466 1390 5528 φῑλῳν
1414 5465 1574 5528 αὐτοῦ.
1605 5465 1760 5524 Alius,
1787 5467 1922 5528 cujus
1942 5480 2120 5528 nomen

568 5521 765 5589 tacetur
784 5521 833 5570 in
859 5523 1094 5589 Hexaplis
1119 5521 1294 5572 nostris
1313 5526 1382 5589 l5,
1404 5527 1450 5582 2,
1473 5529 1639 5574 ἑνὶτῶν
1660 5521 1938 5589 συνὲταίβων
1957 5527 2119 5574 αὐτοῦ.

568 5584 814 5648 Incertum
846 5597 903 5631 an
934 5583 1300 5648 Clirysostnmus
1333 5587 1378 5632 in
1416 5589 1684 5647 exemplari
1709 5600 1796 5634 suo
1819 5583 2122 5648 νὺμφαγωγόν

569 5643 812 5704 habuerit,
859 5657 920 5692 ex
959 5645 1120 5706 aliquo
1165 5648 1436 5704 interprete
1475 5643 1808 5709 desuntptum,
1851 5643 2122 5696 num'vero

1300 341 1358 388 Β.
1395 333 1668 390 JOANNIS
1705 334 2166 392 CIIRYSOSTOMI
2207 335 2515 394 ARCHIEP.
2555 339 3078 402 CONSTANTINOP.

2262 380 2477 394 ..νη-...ι
2502 380 2515 393 ι
2556 380 2758 400 ννυυι
2772 380 2858 399 nu
2876 380 3042 402 IIL‘UI
3064 384 3078 399 ο

2262 448 2364 514 ptis
2389 449 2633 519 vulpibus
2660 456 2926 522 trecentis,
2953 458 3382 530 Iampadihusque
3403 476 3429 514 a
3454 471 3600 533 tergo
3628 480 3817 521 eorum

2259 540 2512 604 accensis,
2531 543 2706 596 emisit
2731 544 2781 597 in
2811 559 3026 614 campos
3071 549 3481 617 alienigenarum
3507 570 3520 603 :
3550 565 3606 606 ut
3637 564 3814 608 autem

2258 639 2578 696 campestres
2616 648 2798 686 eorum
2836 651 3035 690 messes
3074 639 3323 702 incendit,
3361 641 3434 694 illi
3480 655 3688 709 sponsa:
3719 643 3818 696 do-

2257 733 2400 772 mum
2445 735 2562 774 cum
2601 723 2709 791 ipsa
2735 739 2924 792 sponsa
2955 736 3007 781 et
3035 737 3181 795 patre
3229 730 3342 797 ejus
3385 733 3810 787 combussernnt.

2256 808 2436 877 Neque
2465 810 2565 865 hoc
2609 812 2745 868 facto
2775 815 2973 870 sedavit
3012 818 3142 871 iram
3171 819 3452 887 Sampson,
3500 823 3591 877 sed
3636 824 3814 880 adhuc

2256 903 2584 970 oppugnabat
2631 919 2741 958 eos.
2790 906 2865 959 Illi
2893 923 3017 961 vero
3066 910 3316 965 instructa
3346 923 3527 968 contra
3558 915 3810 972 lsraelem

2255 994 2386 1057 acie,
2410 992 2752 1061 Sampsonem
2781 998 3042 1064 petebant;
3073 1000 3214 1054 illum
3239 1017 3366 1057 vero
3384 1004 3609 1060 vinctum
3641 1007 3810 1063 hosti-

2253 1080 2349 1134 bus
2380 1082 2703 1137 tradiderunt
2730 1085 2992 1140 Israelitzn.
3053 1089 3250 1144 Fractis
3276 1092 3363 1147 ille
3404 1095 3642 1159 vinculis,
3672 1112 3797 1152 cum

2253 1162 2544 1218 invenisset
2569 1167 2834 1221 maxillam
2862 1170 3017 1232 asini,
3046 1172 3184 1226 mille
3219 1189 3337 1227 cum
3366 1176 3451 1230 illa
3485 1181 3626 1234 viros
3649 1183 3806 1236 occi-

2251 1251 2344 1305 dit.
2367 1251 2602 1322 Cumque
2627 1257 2714 1309 siti
2749 1257 3087 1327 al'lligeretur,
3124 1272 3366 1330 precatus
3395 1276 3474 1320 est
3517 1269 3705 1337 Deum,
3745 1281 3806 1327 et

2250 1339 2408 1393 exivit
2430 1356 2562 1410 aqua
2592 1357 2656 1396 ex
2685 1346 2972 1409 maxilla,et
3013 1349 3160 1403 bibit.
3205 1351 3327 1406 Inde
3365 1358 3503 1408 venit
3528 1358 3592 1411 ad
3620 1375 3802 1415 mere-

2250 1429 2429 1483 tricem
2457 1432 2728 1486 mulierem
2758 1434 2808 1487 in
2829 1433 3044 1500 Gazam,
3067 1437 3341 1509 ipsumque
3368 1443 3541 1499 hostes
3565 1447 3801 1508 circum-

2247 1517 2501 1573 dederunt
2535 1538 2548 1573 :
2578 1521 2664 1575 ille
2686 1536 2812 1577 vero
2834 1524 3002 1578 media
3023 1536 3175 1581 nocte
3195 1529 3411 1586 eductas
3435 1533 3578 1588 urbis
3615 1548 3802 1604 portas

2246 1606 2521 1676 imponens
2569 1609 2798 1665 humeris
2825 1613 2958 1678 suis,
2989 1615 3137 1668 abiit.
3197 1618 3474 1674 Adamavit
3524 1633 3642 1691 post
3681 1628 3801 1682 haec

2245 1698 2514 1752 mulierem
2541 1700 2817 1767 quamdam
2860 1701 3079 1757 Samson
3113 1706 3339 1761 Dalidam
3371 1712 3581 1766 nomine
3620 1714 3717 1784 (α),
3739 1727 3800 1771 et

2242 1788 2444 1853 accepit
2483 1802 2596 1841 eam
2626 1789 2676 1841 in
2706 1805 2944 1844 uxorem.
2991 1792 3122 1847 Huic
3167 1798 3525 1862 promiserunt
3565 1810 3798 1871 satrapae

2242 1875 2649 1943 alienigenarum
2684 1878 2827 1933 mille
2854 1887 2906 1933 et
2933 1889 3142 1934 centum
3166 1896 3444 1952 argenteos
3462 1928 3476 1953 ,
3508 1888 3552 1941 si
3580 1889 3648 1943 ab
3674 1892 3797 1960 ipso

2242 1965 2518 2030 edisceret,
2549 1981 2652 2035 quo
2697 1977 2850 2036 pacto
2893 1981 3189 2039 expugnatu
3233 1972 3399 2028 facilis
3457 1976 3609 2034 foret.
3653 1979 3793 2035 Cum

2239 2063 2412 2108 autem
2436 2056 2520 2108 illa
2551 2055 2601 2109 id
2630 2057 2867 2112 ediscere
2894 2069 3191 2126 conaretur,
3217 2063 3384 2129 primo
3408 2065 3614 2133 quidem
3645 2069 3791 2123 illam

2237 2142 2530 2212 decipiebat
2559 2160 2572 2195 :
2599 2143 2828 2206 demum,
2855 2159 2974 2199 cum
3028 2147 3324 2215 importune
3367 2151 3452 2205 illa
3499 2153 3789 2222 insisteret,

2237 2233 2509 2287 veritatem
2539 2233 2636 2302 ipsi
2664 2235 2973 2301 enuntiavit,
3007 2252 3193 2306 nempe
3218 2253 3277 2292 se
3300 2279 3314 2301 ,
3344 2241 3392 2294 si
3424 2242 3541 2310 quis
3567 2245 3663 2298 sibi
3691 2260 3789 2299 ca-

2237 2323 2390 2391 pillos
2409 2324 2656 2388 auferret,
2682 2323 2944 2378 infirmum
2974 2340 3270 2380 evasurum.
3305 2327 3393 2380 Illa
3423 2331 3654 2385 evocatis
3693 2347 3789 2384 sa-

2239 2414 2418 2482 trapis,
2446 2429 2562 2469 cum
2588 2415 2732 2468 illum
2759 2415 2825 2468 ad
2857 2429 3100 2470 somnum
3145 2417 3412 2472 inductum
3450 2419 3651 2474 tonderi
3693 2435 3790 2474 cu-

2234 2514 2435 2570 rasset,
2492 2505 2752 2560 infirmum
2819 2505 3064 2560 reddidit.
3128 2506 3302 2575 Ipsum
3366 2522 3493 2562 vero
3567 2520 3784 2577 captum

2232 2595 2543 2665 alienigena:
2590 2605 2949 2659 excaecatum,
2978 2607 3031 2650 et
3059 2597 3348 2664 iniecerunt
3388 2597 3440 2650 in
3490 2611 3783 2652 carcerem.

2234 2682 2313 2738 Illi
2336 2699 2458 2738 vero
2486 2683 2820 2750 laetabantur,
2843 2692 2899 2738 et
2925 2684 3214 2738 eduxerunt
3232 2698 3354 2739 eum
3371 2698 3438 2739 ex
3464 2699 3696 2749 carcere,
3727 2698 3787 2742 ut

2232 2775 2332 2843 ipsi
2357 2773 2655 2830 illuderent.
2685 2774 2938 2842 Sampson
2970 2787 3144 2827 autem
3173 2774 3362 2829 acerbe
3397 2776 3780 2844 ingemiscens,

2231 2878 2350 2918 cum
2380 2863 2656 2918 Dominum
2682 2872 2918 2932 rogasset
2938 2872 2993 2917 ut
3019 2862 3116 2916 sibi
3142 2863 3278 2917 vires
3299 2863 3533 2928 inderet,
3554 2867 3784 2933 amplis

2230 2954 2490 3009 columnis
2516 2953 2704 3007 domus
2732 2954 2899 3021 iisque
2923 2956 3213 3016 concussis,
3235 2952 3447 3008 domum
3472 2953 3701 3009 decussit
3726 2957 3778 3010 in

2229 3054 2501 3112 satrapas,
2534 3045 2587 3097 in
2610 3044 2839 3112 seipsum
2864 3050 2918 3096 et
2956 3042 3008 3095 in
3034 3043 3191 3095 alium
3227 3043 3470 3111 populum
3515 3044 3776 3110 multum,

2230 3133 2512 3204 pluresque
2534 3142 2656 3186 tunc
2677 3133 2867 3186 mortui
2892 3139 3014 3186 sunt
3038 3145 3191 3200 quam
3213 3131 3327 3200 ipse
3352 3132 3534 3186 vivens
3561 3133 3780 3187 occide-

2230 3232 2330 3278 rat.
2358 3222 2557 3278 Deinde
2598 3222 2791 3277 bellnm
2833 3230 3043 3275 movent
3079 3221 3165 3290 qui
3196 3235 3260 3275 ex
3293 3221 3427 3275 tribu
3465 3222 3573 3275 Dan
3599 3233 3775 3287 erant,

2229 3314 2537 3382 Laisamque
2557 3310 2798 3380 capiunt,
2813 3310 2981 3380 etipsi
2999 3327 3185 3373 nomen
3205 3312 3504 3366 indiderunt
3529 3329 3542 3366 :
3572 3321 3781 3367 statuc-a

2229 3413 2453 3472 runtquc
2479 3403 2550 3456 ibi
2574 3401 2813 3470 sculptile
2840 3401 3135 3454 colendum.
3165 3399 3258 3453 Vir
3286 3399 3485 3464 Levita,
3503 3415 3620 3453 cum
3645 3415 3780 3456 con-

2229 3493 2418 3547 cubiua
2455 3493 2569 3561 ejus
2600 3492 2730 3544 irata
2754 3489 3100 3544 abscessisset
3142 3490 3194 3543 in
3225 3489 3436 3543 domum
3463 3489 3628 3558 patris
3655 3490 3776 3554 sui,

2229 3582 2493 3653 profectus
2520 3587 2681 3636 estut
2706 3579 2848 3633 illam
2877 3593 3055 3633 secum
3079 3577 3385 3640 reduceret;
3416 3591 3533 3631 cum
3559 3585 3778 3644 accepta

2227 3673 2313 3728 illa
2341 3671 2567 3736 rediret,
2593 3670 2793 3738 iterque
2814 3675 3020 3737 ageret,
3052 3666 3263 3721 divertit
3287 3667 3338 3719 in
3379 3665 3554 3720 Gabaa
3581 3665 3776 3733 Benja-

2228 3762 2355 3827 min,
2375 3760 2512 3830 apud
2534 3773 2714 3814 senem
2741 3757 3041 3827 quemdam.
3061 3756 3160 3822 Qui
3180 3760 3234 3809 in
3260 3755 3436 3810 Gabaa
3479 3763 3630 3809 erant
3672 3756 3780 3810 cir-

2228 3851 2533 3904 cumdantes
2566 3849 2814 3909 domum,
2844 3846 3091 3914 petebant
3114 3844 3396 3913 hospitem,
3430 3851 3486 3896 ut
3509 3851 3782 3897 contume-

2227 3940 2350 3993 liam
2379 3940 2474 4008 ipsi
2505 3937 2778 3992 inferrent.
2821 3936 2993 3990 Seuex
3021 3945 3236 4004 paratus
3272 3942 3389 3988 erat
3414 3933 3539 4001 ipsis
3568 3931 3779 3989 tradere

2228 4031 2385 4084 filiam
2418 4043 2566 4083 suam
2599 4028 2877 4097 virginem.
2907 4026 2986 4080 Illi
3011 4034 3230 4095 accepta
3255 4025 3562 4089 concubina,
3598 4024 3781 4079 illuse-

2227 4128 2348 4174 runt
2373 4119 2419 4172 ci
2438 4133 2531 4186 per
2558 4127 2717 4172 totam
2738 4125 2966 4171 noctem.
2990 4117 3428 4185 Appetenteluce,
3448 4115 3532 4168 illa
3560 4115 3777 4168 dimissa

2225 4209 2483 4263 abierunt.
2539 4207 2628 4261 Illa
2655 4221 2785 4261 vero
2807 4220 2868 4260 ex
2902 4204 3109 4259 inducta
3150 4204 3248 4257 sibi
3279 4204 3535 4269 molestia,
3569 4219 3685 4259 cum
3711 4205 3778 4258 ad

2226 4299 2460 4361 domum,
2485 4311 2588 4364 quo
2607 4296 2890 4349 diverterat
2909 4294 2988 4347 vir
3015 4294 3149 4362 ejus,
3167 4295 3508 4362 pervenisset,
3535 4294 3778 4362 exspira-

2227 4389 2318 4439 vit.
2349 4386 2438 4439 llle
2471 4397 2713 4452 egressus
2736 4422 2751 4444 ,
2778 4396 2896 4434 cum
2939 4391 3199 4434 mortuam
3224 4382 3530 4446 invenisset,
3552 4381 3781 4436 cadaver

2228 4477 2278 4530 in
2309 4475 2583 4530 duodecim
2617 4483 2789 4542 partes
2813 4474 3007 4537 divisit,
3039 4473 3280 4539 misitque
3310 4472 3588 4526 duodecim
3613 4473 3782 4527 tribuo

2227 4568 2341 4621 bus.
2375 4567 2586 4618 Factum
2618 4565 2828 4630 indigne
2854 4562 3083 4616 tulerunt
3112 4561 3380 4625 Israelitaa,
3403 4569 3456 4615 et
3474 4563 3661 4615 armati
3689 4577 3780 4630 pe~

2226 4657 2404 4710 tebant
2429 4669 2520 4709 eos
2546 4654 2632 4722 qui
2664 4654 2868 4706 mulieri
2904 4652 3274 4706 contumeliam
3306 4651 3557 4705 fecerant.
3589 4652 3658 4707 Ut
3681 4668 3781 4706 au-

2230 4757 2330 4801 tem
2393 4744 2697 4812 Bcnjamitzc
2760 4743 2874 4795 illos
2923 4742 3129 4795 tradere
3192 4751 3521 4805 renuerunt,
3582 4741 3780 4795 bellum

2228 4842 2517 4887 moverunt.
2554 4832 2616 4885 Et
2642 4831 2809 4899 primo
2839 4831 2961 4883 victi
2986 4837 3136 4893 sunt,
3163 4829 3393 4883 secundo
3419 4830 3662 4884 similiter
3687 4847 3700 4882 :
3730 4831 3780 4883 in

2229 4925 2380 4978 tertio
2408 4934 2581 4976 autem
2607 4935 2890 4989 congressu
2918 4927 3078 4973 totam
3120 4918 3311 4972 tribum
3338 4919 3613 4985 Bcnjamin
3659 4934 3782 4987 per.

2228 5021 2522 5075 cusseruut,
2572 5019 2762 5079 prmtcr
2814 5016 3126 5072 sexcentos,
3154 5008 3240 5076 qui
3271 5007 3604 5076 aufugerant.
3649 5007 3780 5060 Cum

2228 5115 2400 5159 autem
2429 5101 2714 5172 periculum
2752 5107 2892 5153 esset
2921 5113 2986 5152 ne
3025 5107 3127 5152 tota
3151 5097 3316 5150 tribus
3355 5098 3553 5164 periret
3583 5097 3781 5163 (neque

2229 5218 2334 5275 ipse
2361 5225 2447 5273 pro
2471 5210 2754 5278 συνεταίρῳ,
2789 5206 2980 5278 scilicet
3014 5218 3074 5250 ex
3117 5216 3318 5273 numero
3351 5204 3547 5278 triginta
3571 5205 3786 5278 illorum,

2230 5267 2308 5336 qui
2332 5267 2636 5336 sponsalibus
2663 5267 3005 5336 interfuerant,
3033 5267 3340 5336 οηξμιέαχωχὸν
3361 5267 3721 5336 appellaverit.

2288 5325 2368 5396 (0).
2384 5335 2440 5382 In
2462 5341 2600 5381 textu
2629 5337 2785 5376 Graeco
2821 5328 3087 5397 Coisliniani
3275 5325 3471 5397 legitur,
3492 5338 3670 5397 τχηιιρς,
3690 5351 3785 5397 τινας

2227 5384 2418 5451 suscitant,
2442 5405 2460 5442 ὁ
2479 5404 2623 5452 Σαμψὼν
2647 5399 2808 5444 suum.
2833 5390 2994 5454 Nescio
3011 5388 3120 5447 quid
3138 5388 3227 5432 hoc
3247 5384 3464 5454 vocabuli
3485 5384 3570 5441 Sit;
3597 5384 3783 5454 videtur

2227 5444 2310 5506 l—tic
2325 5444 2488 5518 patria:
2508 5444 2678 5500 nomen
2702 5451 2895 5518 apponi._
2916 5444 3092 5518 Verum
3108 5456 3295 5518 samson
3307 5444 3785 5518 ‘palitlam,‘siveltizi-

2228 5503 2354 5565 lilaiit
2391 5515 2592 5564 amabat,
2614 5503 2804 5570 qum'i'n
2843 5508 3088 5572 Alsoreclt,
3115 5507 3210 5572 vel,
3233 5513 3283 5572 ut
3307 5503 3509 5563 Vulgata
3547 5503 3710 5572 habet,
3739 5505 3782 5550 in

2228 5575 2350 5625 valle
2375 5573 2549 5623 Soreclt
2575 5566 2839 5630 habitabat;
2867 5568 3091 5628 nullaque
3126 5567 3202 5612 hic
3235 5566 3517 5612 obsenatur
3543 5566 3782 5611 nominum

2230 5639 2441 5686 alliuitus.
