3996 6426
316 397 427 453 339

307 519 426 556 τινα
462 503 694 571 γυναῖκα
735 503 877 573 Ἰαὴλ
906 502 1220 572 λεγομένην,
1250 502 1365 572 ᾔτει
1400 503 1616 571 πιεῖν·ή
1645 500 1700 553 δέ
1733 498 1872 566 γάλα

310 586 505 638 ἔδωκεν
555 585 703 654 αὐτῷ
747 587 866 638 ἀντὶ
904 587 1110 648 ὓδατος.
1153 586 1237 648 Ὠς
1293 585 1348 636 δὲ
1395 583 1659 653 ἐκοιμήθη
1711 580 1868 644 πιὼν,

307 669 580 722 πάσσαλον
604 668 838 721 λαϐοῦσα
862 671 895 737 ή
921 669 1075 738 γυνὴ,
1100 668 1346 737 διήλασεν
1372 667 1456 719 διὰ
1478 667 1569 718 τοῦ
1599 665 1870 733 κροτάφου

304 749 490 803 αὑτοῦ.
532 751 641 802 Καὶ
667 749 839 812 οὕτως
870 751 1105 803 ἀπέθανε
1144 751 1366 820 Σισάρα·
1393 750 1486 801 καὶ
1511 747 1748 800 ἐπελθὼν
1776 748 1873 798 Βα-

308 831 413 901 ράκ
442 829 579 885 εἶδεν
607 833 767 885 αὑτὸν
799 832 1115 900 τεθνηκότα.
1149 833 1279 884 Τότε
1319 831 1447 905 ᾖσεν
1475 831 1615 902 ᾠδὴν
1652 830 1871 900 Δεϐώρα

304 913 593 964 ἐπινίκιον.
627 913 795 965 Πάλιν
829 914 1208 980 παραδίδονται
1242 915 1321 975 είς
1348 916 1536 983 χεῖρας
1565 912 1790 980 Μαδιάμ
1822 912 1869 963 οί

316 996 665 1065 Ἰσραηλῖται·
724 996 961 1065 συνεχῶς
1010 995 1117 1065 γάρ
1176 995 1522 1065 παρώργιζον
1573 995 1662 1046 τὸν
1717 994 1866 1047 Θεόν.

303 1076 438 1128 Τότε
469 1077 546 1146 τῷ
581 1076 782 1129 Γεδεὼν
805 1077 956 1147 ὤφθη
988 1075 1233 1144 ἄγγελος,
1263 1078 1355 1130 καὶ
1381 1075 1748 1146 παρώρμησεν
1792 1078 1870 1138 εἰς

302 1157 558 1226 πόλεμον.
595 1155 726 1210 Εἶτα
750 1161 777 1211 6
801 1159 1001 1227 Κύριος
1029 1157 1238 1210 κελεύει
1267 1158 1424 1211 αὐτὸν
1458 1157 1613 1210 θῦσαι
1648 1157 1738 1209 τὸν
1775 1157 1870 1226 μό-

303 1256 432 1308 σχον
462 1240 551 1292 τὸν
586 1241 824 1292 σιτευτὸν
852 1241 942 1292 τοῦ
974 1241 1172 1308 πατρὸς
1208 1239 1394 1302 αὐτοῦ,
1433 1241 1526 1291 καὶ
1564 1240 1869 1306 ἀνενεγκεῖν

301 1321 681 1390 ὁλοκαύτωμα,
729 1322 823 1374 καὶ
865 1324 926 1373 τὸ
964 1320 1342 1392 θυσιαστήριον
1383 1321 1726 1389 κατασκάψαι
1774 1320 1867 1372 τοῦ

303 1401 470 1455 Βάαλ.
511 1402 792 1472 Ἐποίησεν
833 1403 1023 1465 οὕτως,
1058 1404 1151 1456 καὶ
1185 1405 1480 1473 ἀνήνεγκεν
1521 1403 1870 1472 ὁλοκαύτωμα

299 1483 376 1553 τῷ
410 1485 550 1554 Θεῷ.
577 1487 689 1538 Καὶ
715 1487 852 1538 αίτεῖ
877 1489 1097 1556 σημεῖον
1125 1489 1152 1539 6
1179 1485 1383 1538 Γεδεὼν
1415 1487 1443 1537 6
1470 1487 1561 1538 καὶ
1597 1486 1868 1555 Ἰεροϐαὰλ

299 1565 359 1617 τὺ
405 1568 500 1618 ἐπὶ
545 1567 639 1619 τοῦ
683 1568 848 1620 πόκου
893 1568 1201 1636 γενόμενον.
1250 1568 1359 1620 Καὶ
1405 1568 1680 1620 κελεύεται
1724 1568 1868 1620 ἀπαν

300 1647 625 1717 ἀποπέμψαι
679 1649 737 1700 τὸ
785 1649 1159 1716 στρατόπεδον,
1202 1649 1548 1718 τριακοσίους
1596 1650 1652 1701 δέ
1710 1651 1867 1719 μόνον

299 1733 616 1799 κατασχεῖν.
649 1731 753 1783 Καὶ
783 1732 1034 1801 ἐποίησεν
1065 1730 1227 1792 οὕτω,
1272 1733 1364 1784 καὶ
1402 1731 1690 1800 συμϐαλὼν
1732 1733 1867 1800 μετὰ

298 1812 597 1882 λαμπάδων
629 1815 720 1866 καὶ
746 1815 1075 1881 σαλπίγγων,
1104 1809 1214 1866 εἷλε
1239 1815 1364 1877 τοὺς
1387 1814 1695 1883 πολεμίους.
1733 1814 1865 1867 Τότε

297 1897 652 1967 ἀνῃρήθησαν
688 1895 848 1966 Ὠρὴϐ
879 1896 974 1949 καὶ
1003 1896 1112 1966 Ζὴϐ
1142 1897 1191 1948 οἱ
1218 1896 1473 1967 ἄρχοντες
1503 1897 1747 1965 Μαδιάμ.
1774 1898 1867 1949 καὶ

297 1978 461 2032 Ζεϐεὲ
506 1979 602 2030 καὶ
645 1978 895 2048 Σαλμανά
935 1980 984 2029 οἱ
1016 1977 1270 2047 βασιλεῖς.
1315 1978 1623 2032 Ἀποθανὼν
1662 1979 1864 2034 Γεδεὼν

297 2059 589 2113 κατέλιπεν
638 2061 786 2122 υίοῦς
816 2060 1200 2130 ἐϐδομήκοντα,
1256 2061 1349 2112 καὶ
1388 2061 1495 2114 ἀπὸ
1541 2061 1865 2126 παλλακίδος

295 2142 392 2194 ’ἐνα
424 2141 518 2194 τὸν
547 2141 851 2211 Ἀϐιμέλεκ.
895 2137 1063 2203 Οὗτος
1090 2142 1213 2205 τοὺς
1247 2142 1611 2212 ἐϐδομήκοντα
1641 2144 1862 2212 ἀνελὼν,

297 2223 567 2292 ἐκράτησε
626 2225 722 2292 τὴν
774 2223 1064 2292 βασιλείαν
1112 2225 1205 2277 καὶ
1263 2224 1380 2291 μετ’
1424 2225 1485 2278 οὐ
1535 2225 1668 2278 πολὺ
1712 2226 1864 2295 δίκην

297 2303 465 2356 ἔδωκε
505 2305 603 2373 τῆς
633 2305 1062 2372 ἀδελφοκτονίας.
1087 2303 1404 2375 Προσελθὼν
1431 2307 1536 2377 γὰρ
1564 2307 1621 2359 ἐν
1647 2309 1864 2380 πολέμῳ

295 2386 402 2437 τινὶ
432 2385 604 2446 πόλει,
633 2387 902 2456 κλάσματι
930 2386 1092 2455 μύλου
1120 2387 1350 2456 ἐθλάσθη
1375 2388 1472 2456 τὴν
1500 2389 1737 2458 κεφαλὴν
1760 2393 1863 2445 ὑπὸ

295 2467 570 2532 γυναικὸς,
615 2468 707 2519 καὶ
745 2468 999 2521 ἀπέθανε.
1047 2469 1197 2522 Μετά
1227 2469 1319 2521 τὸν
1356 2468 1639 2538 Ἀϐιμέλεκ
1682 2472 1863 2543 ἔκρινε

295 2549 473 2612 Θωλά,
507 2551 643 2618 μετά
684 2551 774 2603 τὸν
811 2550 967 2602 Θωλά
1000 2551 1181 2621 Ἰαείρ.
1230 2552 1340 2604 Καὶ
1377 2554 1728 2623 παρώργισαν
1771 2556 1861 2609 τὸν

294 2631 425 2685 Θεὸν
454 2633 560 2686 υἱοὶ
599 2634 833 2702 Ἰσραὴλ,
868 2635 961 2686 καὶ
992 2634 1366 2703 παρεδόθησαν
1395 2639 1473 2698 είς
1499 2640 1685 2706 χεῖρας
1727 2639 1859 2708 Ἀμ-

297 2712 432 2780 μών.
462 2715 595 2766 Τότε
635 2715 724 2766 τὸν
765 2714 990 2782 Ἰεφθάε,
1033 2715 1146 2766 υἱὸν
1183 2716 1308 2768 ὄντα
1351 2718 1604 2785 γυναικὸς
1637 2721 1857 2788 πόρνης,

295 2795 386 2846 καὶ
431 2796 536 2847 ὑπὸ
579 2795 685 2847 τῶν
729 2795 970 2864 ἀδελφῶν
1007 2796 1339 2850 ἀπελαθέντα
1379 2799 1477 2868 τῆς
1510 2801 1758 2869 πατέρων
1784 2805 1859 2855 ol-

294 2877 437 2938 κίας.
465 2878 514 2929 οί
545 2878 799 2946 ἄρχοντες
837 2876 930 2930 τοῦ
966 2877 1092 2930 λαοῦ
1126 2879 1333 2944 ἀξιοῦσι
1362 2883 1731 2951 στρατηγῆσαι
1764 2885 1856 2937 τοῦ

295 2957 528 3025 πολέμου
553 2959 643 3011 τοῦ
670 2959 803 3029 πρὸς
825 2961 948 3021 τοὺς
973 2961 1119 3024 υἱοὺς
1142 2961 1386 3032 Ἀμμὼν,
1410 2963 1500 3016 καὶ
1522 2964 1750 3019 διδόασιν
1771 2968 1861 3020 αύ-

293 3038 368 3108 τῷ
393 3039 491 3109 τήν
516 3041 709 3111 ἀρχήν.
746 3034 804 3094 Ὀ
843 3042 898 3094 δὲ
940 3042 1197 3107 πεισθεὶς,
1230 3044 1321 3096 καὶ
1349 3045 1560 3115 πρῶτον
1591 3048 1856 3116 πρεσϐευ-

295 3123 525 3191 σάμενος
586 3124 720 3194 πρὸς
780 3125 871 3177 τὸν
924 3125 1146 3194 βασιλέα
1196 3127 1327 3181 υίῶν
1381 3129 1624 3199 Ἀμμὼν,
1657 3131 1731 3194 ὡς
1759 3133 1857 3185 οὐκ

293 3203 524 3268 ἔπειθεν,
553 3205 847 3274 εὐξάμενος
875 3207 952 3276 τῷ
981 3207 1096 3276 Θεῷ
1127 3207 1307 3262 θύσειν
1336 3209 1425 3263 τὸν
1452 3211 1666 3280 πρῶτον
1693 3213 1857 3265 ἀπαν-

291 3287 528 3355 τήσαντα
565 3286 734 3356 αὐτῷ,
773 3289 820 3339 εί
865 3289 1145 3343 ἐπανέλθοι
1183 3292 1247 3343 ἐκ
1291 3292 1386 3345 τοῦ
1429 3292 1686 3361 πολέμου,
1717 3311 1856 3363 συμ-

292 3367 468 3420 ϐαλὼν
510 3371 619 3431 τοῖς
663 3370 874 3440 ἐχθροῖς
907 3373 1000 3424 καὶ
1036 3374 1279 3443 νικήσας,
1310 3373 1426 3426 θύει
1459 3376 1556 3446 τὴν
1584 3377 1855 3449 θυγατέρα

289 3450 475 3503 αὐτοῦ·
508 3449 694 3521 πρώτη
717 3451 825 3522 γὰρ
843 3452 989 3522 αύτῷ
1011 3454 1320 3524 ἀπήντησεν
1341 3455 1498 3527 αὕτη.
1529 3460 1695 3513 Πάλιν
1716 3479 1854 3531 παρ·

287 3532 528 3602 ώργισαν
566 3533 658 3585 τὸν
695 3533 826 3586 Θεὸν
872 3534 920 3585 οἱ
963 3535 1309 3606 Ἰσραηλῖται,
1352 3539 1445 3591 καὶ⁵
1481 3543 1854 3614 παρεδόθησαν

288 3617 366 3677 είς
403 3618 592 3685 χεῖρας
625 3616 951 3684 ἀλλοφύλων.
980 3619 1110 3671 Τότε
1149 3619 1390 3674 τίκτεται
1417 3624 1446 3675 6
1473 3625 1726 3694 Σαμψὼν,
1761 3629 1854 3680 καὶ

290 3697 412 3750 ἰδὼν
441 3702 671 3766 γυναῖκα
702 3701 758 3752 ἐν
784 3701 1065 3769 Θαμναθᾶ,
1092 3704 1302 3775 ἠράσθη
1333 3706 1522 3775 αὐτῆς,
1549 3711 1642 3762 καὶ
1672 3710 1852 3767 λαϐεῖν

286 3777 515 3848 ἠθέλησε
551 3781 696 3849 νόμῳ
721 3781 920 3850 γάμου.
953 3785 1013 3834 Οί
1038 3784 1093 3836 δέ
1116 3788 1290 3853 γονεῖς
1315 3787 1374 3839 τὸ
1403 3789 1499 3856 μὲν
1534 3791 1747 3859 πρῶτον
1770 3793 1850 3846 δι-

284 3859 519 3912 ἐκώλυον
547 3861 632 3912 διὰ
657 3861 716 3913 τὸ
742 3863 1032 3930 ἀλλόφυλον
1054 3863 1210 3918 εἶναι·
1231 3867 1306 3930 ὡς
1333 3868 1389 3920 δέ
1418 3865 1555 3924 εἶδον
1576 3872 1851 3943 ἐπικείμε-

284 3959 390 4003 νον,
417 3943 517 4025 οὐκ
546 3943 967 4025 ᾑναντιώθησαν.
1010 3948 1200 4000 Ἠνίκα
1228 3949 1282 4001 δὲ
1312 3950 1475 4019 ἀπῄει
1508 3953 1849 4025 διαλεχθῆναι

284 4025 410 4110 περέ
436 4024 626 4110 αὐτῆς,
653 4027 1143 4110 συνήντησεναύτῷ
1167 4029 1324 4094 λέων,
1348 4033 1441 4085 καὶ
1470 4036 1676 4088 ἀνεῖλεν
1699 4024 1848 4110 [5421

281 4106 443 4157 αὐτὸν
474 4108 592 4168 ταῖς
623 4110 806 4178 χερσὶν
832 4109 1014 4162 αὐτοῦ.
1058 4110 1208 4162 Ἐπεὶ
1235 4111 1290 4163 δέ
1317 4112 1422 4166 ἔδει
1450 4106 1848 4185 γενέσθαι-τοὺς

282 4187 512 4255 γάμους,
540 4189 698 4241 πάλιν
727 4189 922 4252 ἀπιὼν,
952 4193 1054 4262 δρᾷ
1086 4193 1272 4262 κηρίον
1304 4195 1516 4262 μέλιτος
1549 4199 1604 4250 ἐν
1623 4201 1699 4269 τῷ
1731 4204 1847 4255 στόο

281 4287 410 4337 ματι
444 4270 539 4323 τοῦ
569 4271 778 4336 λέοντος
809 4273 900 4326 τοῦ
932 4275 1271 4344 ἀνῃρημένου
1301 4277 1392 4329 ὑπ’
1413 4280 1598 4345 αὑτοῦ,
1636 4283 1728 4335 καὶ
1753 4285 1845 4338 λα-

277 4351 389 4404 ϐὼν
420 4352 610 4420 ἔφαγε,
645 4355 738 4436 καῖ
769 4354 935 4407 ἔδωκε
958 4358 1183 4418 καὶτοῖς
1211 4358 1423 4424 γονεῦσι
1449 4362 1542 4414 καὶ
1574 4367 1684 4427 τοῖς
1711 4384 1844 4436 συμ-

277 4436 523 4498 πολίταις
574 4435 757 4488 αὑτοῦ·
810 4438 902 4489 καὶ
961 4439 1266 4507 προέτεινεν
1324 4445 1502 4507 αὐτοῖς
1555 4435 1843 4519 πρόϐλημα

274 4516 470 4583 λέγων·
509 4517 603 4570 Ἐκ
631 4521 927 4586 στόματος
958 4521 1264 4588 ἐσθίοντος
1293 4524 1512 4591 ἐξῆλθε
1545 4516 1838 4597 βρῶσιξίη,

273 4599 569 4661 τουτέστιν,
637 4602 700 4653 ἐκ
754 4603 846 4654 τοῦ
891 4603 1157 4672 στόματος
1216 4606 1307 4658 τοῦ
1358 4607 1585 4673 λέοντος,
1642 4614 1734 4666 καί
1774 4617 1840 4667 ἐκ

273 4683 548 4760 σκληροῦ
571 4682 701 4735 ἀντὶ
731 4683 834 4736 τοῦ
863 4685 1075 4751 πικροῦ
1103 4688 1313 4753 γλυκύ.
1341 4689 1450 4740 Καὶ
1480 4692 1761 4760 ὑπέσχετο,
1793 4700 1839 4749 εἰ

273 4759 569 4826 ἐπιλύσειε,
633 4763 821 4816 δώσειν
865 4766 1045 4828 αὐτοῖς
1101 4769 1391 4836 τριάκοντα
1451 4759 1705 4837 σινδόνας,
1750 4780 1840 4830 καὶ

270 4843 566 4912 τριάκοντα
593 4846 801 4908 στολάς·
830 4849 877 4899 εί
903 4848 955 4900 δὲ
986 4849 1058 4916 μὴ
1086 4849 1378 4919 δυνηθεῖεν,
1408 4855 1728 4925 ἀπαιτήσειν
1749 4862 1838 4912 αύ-

270 4929 396 4989 τοὺς
440 4927 696 4980 τοσαῦτα.
741 4930 825 4992 Ὠς
864 4931 922 4982 δὲ
963 4931 1271 5001 διηπόρουν,
1308 4936 1401 4987 καὶ
1428 4937 1524 5005 οὐχ
1567 4939 1834 5008 εὕρισκον,

162 5010 168 5015 ’
271 5008 574 5077 ἠπείλησαν
615 5011 680 5078 τῇ
718 5013 934 5075 γυναικὶ
973 5013 1134 5065 αὑτοῦ
1179 5015 1421 5078 θάνατον,
1463 5021 1510 5071 εἰ
1548 5021 1622 5089 μὴ
1678 5024 1836 5090 μάθοι

271 5091 402 5160 παρ’
433 5091 596 5144 αὐτοῦ
640 5091 699 5143 τὺ
726 5093 971 5163 αῖνιγμα’
1023 5098 1055 5165 ή
1100 5096 1155 5148 δὲ
1201 5096 1465 5166 μαθοῦσα,
1505 5102 1836 5170 ἀπήγγειλεν

331 5296 348 5367 ξ
382 5295 658 5367 :Aliisjnceg
697 5298 856 5367 νει-δίε
877 5301 1151 5367 {enigmajn
1179 5304 1394 5367 editione
1416 5306 1509 5352 τῶν
1535 5306 1616 5354 Ο’.
1641 5305 1832 5357 Deinde

279 5360 350 5406 ui
376 5359 429 5406 ἐκ
442 5359 680 5420 σκληροῦ.
706 5361 753 5405 in
777 5359 994 5407 editioné
1031 5364 1126 5408 τῶν
1150 5364 1215 5411 Ο¹
1255 5373 1306 5413 et
1328 5367 1387 5416 in.
1424 5367 1761 5415 'l‘heodotione
1787 5372 1833 5419 ἐξ

275 5417 469 5482 ἰσχυροῦ
492 5424 545 5465 et
561 5417 654 5467 άπὸ
680 5420 870 5481 ἰσχυροῦ
895 5421 1167 5482 legilur,ex
1192 5423 1322 5483 forti.
1337 5425 1388 5472 In
1410 5425 1648 5476 Hebraico
1669 5417 1831 5478 autem

273 5492 453 5549 legitur
483 5491 592 5542 T37:
620 5523 632 5544 ,
666 5492 794 5551 quod
834 5490 964 5539 idem
1011 5492 1268 5552 signiﬁcat.
1315 5496 1632 5553 Symmachus
1668 5506 1830 5549 tamen

272 5557 413 5607 Isaia
438 5559 512 5620 19,
528 5560 573 5611 4,
607 5562 687 5613 TV.
728 5561 929 5620 σκληρός
947 5561 1203 5617 convenit,
1232 5565 1449 5612 utetiam
1471 5578 1532 5613 eo
1555 5568 1661 5616 loco
1683 5571 1826 5620 LXX:

269 5619 588 5686 guanlobrem
621 5619 998 5686 sugpipqr’hanc
1017 5621 1434 5686 "lgaclioncmiesse
1460 5626 1754 5686 Symmachi.
1779 5619 1832 5681 et

272 5680 322 5725 in
348 5679 615 5744 editionem
635 5679 807 5728 τῶ·⁷ιο’
829 5694 935 5729 cam
961 5680 1272 5743 scilicel,qua
1294 5679 1639 5744 Chysosfomus
1661 5679 1830 5741 uteba;

271 5744 366 5795 tur,
391 5742 666 5801 irrepsisse.

1328 386 1657 445 SYNOPSIS
1695 382 2108 443 SCRIPTURZE
2145 381 2413 438 SACRAS.

3433 392 3545 449 340

1979 495 2180 559 αὐτοῖς,
2219 498 2312 548 καὶ
2345 492 2588 555 εἰπόντες
2621 489 2828 543 ἔλαϐον.
2870 487 3122 559 Ὠργίσθη
3150 487 3205 540 δέ
3227 487 3255 539 6
3279 486 3533 557 Σαμψών.

1987 579 2044 630 '0
2073 577 2126 630 δέ
2154 576 2333 646 πατὴρ
2357 577 2456 643 τῆς
2485 574 2698 643 νύμφης
2725 571 2925 632 δείσας,
2958 569 3137 623 λαϐὼν
3170 569 3337 639 αὐτὴν
3371 569 3537 623 ἔδωκε

1973 658 2050 728 τῷ
2077 657 2426 728 νυμφαγωγῷ
2452 655 2634 708 αὐτοῦ’
2663 653 2816 705 τοῦτο
2843 653 2896 702 δέ
2925 651 3121 721 μᾶλλον
3149 651 3309 704 αὐτὸν
3337 651 3541 721 ἐλύπη-

1975 758 2086 803 σεν,
2122 741 2214 793 καὶ
2247 739 2427 792 λαϐὼν
2465 736 2807 808 τριακοσίους
2839 733 3146 798 ἀλώπεκας,
3185 736 3280 787 καὶΙ
3321 735 3540 803 λαμπά-

1973 823 2064 885 δας
2093 823 2314 876 ὄπισθεν
2343 823 2518 875 αὐτῶν
2551 819 2774 886 ἐξάψας,
2805 819 3012 887 ἀφῆκεν
3037 820 3115 880 είς
3145 816 3216 868 τά
3250 817 3405 870 πεδία
3431 816 3539 870 τῶν

1972 905 2301 972 ἀλλοφύλων·
2333 907 2407 966 ὡς
2440 904 2496 955 δέ
2524 901 2839 970 ἐνεπύρισεν
2880 898 3058 952 αὐτῶν
3096 897 3164 950 τὰ
3197 899 3540 968 σταχυοφόρα

1972 987 2150 1051 πεδία,
2181 987 2482 1055 ἐνέπρησαν
2504 987 2695 1038 ἐκεῖνοι
2723 984 2818 1052 τὴν
2849 982 3024 1034 οἰκίαν
3048 983 3145 1050 τῆς
3173 982 3388 1051 νύμφης
3420 983 3537 1051 μετ’

1973 1069 2138 1138 αὐτῆς
2163 1071 2254 1122 καὶ
2285 1069 2379 1121 τοῦ
2412 1066 2614 1138 πατρὸς
2646 1067 2832 1133 αὐτῆς.
2865 1064 2996 1117 Οὐδὲ
3026 1064 3215 1116 τούτου
3243 1066 3536 1134 γενομένου

1972 1150 2202 1219 ἐχάλασε
2237 1151 2335 1220 τήν
2367 1150 2534 1220 ὀργὴν
2567 1151 2594 1202 6
2620 1146 2873 1218 Σαμψὼν,
2899 1146 3009 1198 ἀλλ’
3042 1146 3122 1199 ἐτι
3151 1146 3403 1216 ἐπολέμει
3435 1148 3535 1200 αὑ-

1970 1234 2102 1293 τοῖς.
2156 1233 2218 1283 Οί.
2265 1231 2321 1284 δὲ
2365 1230 2803 1301 παραταξάμενοι
2851 1228 2988 1281 κατά
3039 1227 3130 1280 τοῦ
3170 1228 3402 1298 Ἰσραὴλ,
3445 1230 3537 1283 τὸν

1971 1311 2203 1380 Σαμψὼν
2226 1312 2467 1382 ἐζήτουν
2500 1312 2757 1381 δήσαντες
2787 1311 2948 1363 αὑτὸν
2972 1312 3019 1363 οί
3058 1311 3378 1381 Ἰσραηλῖται
3407 1329 3532 1382 παρ·

1971 1394 2177 1446 έδωκαν
2200 1397 2310 1457 τοῖς
2335 1395 2565 1464 ἐχθροῖς.
2617 1394 2674 1446 '0
2700 1393 2754 1445 δέ
2785 1392 2852 1444 τά
2882 1393 3054 1462 δεσμά
3088 1392 3403 1463 διαρρήξας,
3443 1397 3538 1448 καὶ

1970 1475 2142 1545 εὑρὼν
2173 1475 2394 1542 σιαγόνα
2423 1476 2565 1538 ὄνου,
2594 1475 2795 1546 χιλίους
2815 1474 3132 1529 ἀπέκτεινεν
3161 1477 3216 1528 ἐν
3243 1477 3400 1547 αὐτῇ.
3429 1477 3539 1530 Καὶ

1968 1555 2196 1624 διψήσας
2229 1556 2429 1626 ηὔξατο
2479 1557 2556 1626 τῷ
2601 1557 2738 1626 Θεῷ,
2774 1557 2867 1610 καὶ
2906 1556 3128 1626 ἐξῆλθεν
3168 1556 3311 1628 ὕδωρ
3345 1560 3409 1610 ἐκ
3438 1558 3538 1626 τῆς

1972 1640 2236 1705 σιαγόνος,
2261 1641 2353 1692 καὶ
2383 1640 2550 1692 ἔπιεν.
2576 1635 2777 1691 ’Ἦλθεν
2807 1639 3013 1692 ἐκεῖθεν
3046 1642 3124 1703 εἰς
3151 1643 3382 1708 γυναῖκα
3406 1641 3538 1712 πόρ-

1969 1737 2064 1790 νην
2090 1725 2170 1782 είς
2193 1722 2387 1785 Γάζαν,
2427 1723 2519 1774 καὶ
2545 1721 2988 1791 περιεκύκλωσαν
3013 1722 3174 1776 αὐτὸν
3199 1725 3247 1775 οῖ
3276 1722 3478 1794 ἐχθροί·
3508 1725 3539 1777 6

1967 1802 2022 1855 δέ
2050 1805 2185 1856 κατὰ
2209 1804 2269 1858 τὸ
2293 1805 2636 1874 μεσονύκτιον
2666 1802 2842 1856 λαϐὼν
2863 1803 2960 1866 τὰς
2989 1804 3160 1867 πύλας
3185 1805 3282 1874 τῆς
3309 1806 3532 1867 πόλεως.

1969 1886 2059 1938 καὶ
2089 1886 2200 1950 θεὶς
2227 1887 2448 1940 ἐπὶτῶν
2475 1887 2638 1957 ὤμων
2664 1886 2903 1957 ἐξῆλθεν.
2938 1887 3178 1958 Ἦράσθη
3205 1887 3340 1957 μετά
3361 1887 3535 1940 ταῦτα

1967 1973 2220 2034 γυναικός
2249 1988 2392 2033 τινος
2422 1973 2450 2024 6
2478 1969 2712 2041 Σαμψὼν
2747 1969 2968 2039 ὀνόματι
2997 1970 3240 2036 Δαλιδᾶς,
3283 1970 3376 2026 καὶ
3409 1972 3534 2025 ἐλα-

1968 2049 2059 2102 ϐεν
2090 2052 2259 2122 αὐτὴν
2291 2054 2369 2115 εἰς
2398 2057 2650 2120 γυναῖκα.
2690 2053 2871 2124 Ταύτῃ
2903 2053 2960 2106 δέ
3001 2054 3294 2123 ὑπέσχοντο
3338 2056 3387 2106 οί
3442 2071 3536 2108 σα-

1966 2133 2168 2210 τράπαι
2199 2135 2304 2187 τῶν
2330 2136 2640 2204 ἀλλοφύλων
2661 2136 2862 2206 χιλίους
2887 2137 2979 2189 καὶ
3003 2137 3193 2189 ἐκατδν
3215 2137 3530 2207 ἀργυρίους,

1966 2218 2014 2267 εί
2041 2217 2200 2280 μάθοι
2223 2218 2351 2287 παρ’
2370 2219 2552 2283 αὑτοῦ,
2584 2220 2699 2282 πῶς
2725 2219 2789 2272 ἂν
2818 2218 3284 2286 εύκαταγώνιστος
3305 2220 3530 2287 γένοιτο.

1976 2298 2064 2361 Ὠς
2087 2299 2142 2351 δέ
2165 2301 2419 2369 ἐπειρᾶτο
2448 2301 2656 2370 μαθεῖν,
2674 2302 2734 2354 τὸ
2766 2301 2863 2372 μέν
2893 2301 3104 2372 πρῶτον
3132 2301 3300 2372 αὐτὴν
3328 2303 3530 2372 ἠπάτα·

1963 2378 2114 2442 τέλος
2156 2381 2232 2443 δὲ,
2279 2383 2353 2445 ὡς
2397 2383 2792 2454 κατειργάσατο
2828 2383 3008 2446 αὑτὸν,
3052 2380 3201 2436 εἶπεν
3247 2383 3383 2453 αὐτῇ
3433 2383 3534 2452 τὴν

1964 2467 2240 2539 ἀλήθειαν,
2278 2472 2358 2523 ὅτι
2409 2471 2501 2524 ἐάν
2541 2488 2624 2533 τις
2666 2468 2826 2522 αὐτοῦ
2864 2469 3101 2540 περιέλοι
3142 2469 3267 2532 τοὺς
3299 2469 3528 2541 βοστρύ-

1962 2569 2107 2620 χους,
2135 2552 2438 2623 ἀσθενήσει.
2489 2555 2550 2605 ἸΙ
2573 2553 2627 2605 δὲ
2649 2553 2924 2605 καλέσασα
2951 2553 3075 2615 τοὺς
3109 2552 3411 2623 σατράπας,
3438 2551 3532 2605 καὶ

1961 2637 2268 2706 κοιμήσασα
2296 2635 2475 2701 αὑτὸν,
2512 2636 2734 2704 ἐποίησε
2762 2634 3099 2705 ξυρισθῆναι,
3128 2635 3220 2687 καὶ
3246 2633 3528 2704 ἠσθένησε.

1961 2719 2070 2771 Καὶ
2122 2718 2372 2782 λαϐόντες
2427 2719 2587 2772 αὐτὸν
2630 2720 2678 2771 οἱ
2721 2717 3027 2786 ἀλλόφυλοι,
3078 2716 3392 2783 ὲτύφλωσαν
3438 2716 3531 2768 καὶ

1961 2805 2209 2859 ἐνέϐαλον
2239 2808 2317 2868 εἰς
2346 2807 2406 2859 τὸ
2443 2807 2827 2876 δεσμωτήριον.
2860 2803 2924 2860 Οἱ
2952 2806 3008 2859 δέ
3033 2805 3407 2876 ηὑφραίνοντο,
3437 2807 3532 2859 καὶ

1959 2891 2222 2961 ἐξήγαγον
2251 2893 2412 2947 αὑτὸν
2450 2895 2514 2944 ἐκ
2541 2892 2634 2946 τοῦ
2656 2892 3046 2963 δεσμωτηρίου,
3082 2894 3160 2955 είς
3187 2893 3247 2945 τὸ
3270 2893 3530 2962 ἐμπαῖξαι

1959 2979 2124 3049 αὐτῷ·
2154 2982 2181 3033 6
2211 2980 2266 3033 δὲ
2296 2981 2487 3050 πικρὸν
2515 2979 2795 3042 στενάξας,
2829 2979 2922 3034 καὶ
2960 2978 3054 3032 τοῦ
3088 2979 3290 3050 Κυρίου
3321 2981 3530 3051 δεηθεὶς

1958 3066 2096 3119 ὥστε
2151 3066 2429 3135 ἐνισχῦσαι
2479 3066 2660 3128 αὑτὸν,
2719 3065 2828 3118 τῶν
2877 3065 3071 3119 κιόνων
3103 3064 3396 3137 λαϐόμενος
3432 3067 3527 3120 τοῦ

1957 3151 2125 3216 οῖκου,
2154 3153 2247 3205 καὶ
2274 3151 2644 3216 διασαλεύσας,
2675 3153 2974 3223 κατήνεγκε
3002 3152 3092 3206 τὸν
3117 3149 3263 3206 οῐκον
3291 3155 3382 3208 ἐπὶ
3402 3155 3528 3219 τοὺς

1958 3239 2240 3308 σατράπας
2269 3239 2361 3291 καὶ
2383 3238 2570 3291 ἐαυτὸν
2601 3239 2693 3290 καὶ
2720 3237 2906 3306 ἕτερον
2938 3238 3064 3291 λαὸν
3091 3238 3279 3302 πολὺν,
3306 3241 3398 3294 καὶ
3424 3242 3529 3295 ἀπ-

1958 3323 2147 3378 έθανον
2180 3324 2412 3386 πλείους,
2453 3324 2483 3393 ἢ
2524 3326 2635 3378 ὅσοι
2671 3324 2936 3378 ἀπέθανον
2980 3325 3070 3378 ὑπ’
3101 3326 3265 3380 αὑτοῦ
3304 3328 3522 3392 ζῶντος.

1959 3410 2109 3482 1545]
2139 3411 2293 3465 Μετά
2320 3410 2490 3464 ταῦτα
2522 3410 2999 3481 ἐπιστρατεύουσιν
3043 3413 3092 3465 οἱ
3123 3415 3186 3466 ἐκ
3223 3414 3321 3484 τῆς
3354 3413 3526 3484 φυλῆς

1957 3497 2081 3560 Δάν,
2115 3500 2206 3550 καὶ
2237 3497 2427 3550 ἔλαϐον
2447 3497 2544 3568 τὴν
2573 3497 2800 3562 Λαῖσάν,
2824 3499 2918 3552 καὶ
2946 3499 3304 3570 ἐπωνόμασαν
3332 3502 3524 3572 αὐτὴν,

1956 3586 2050 3638 καὶ
2087 3585 2318 3654 ἔστησαν
2357 3587 2473 3638 ἐκεῖ
2502 3585 2734 3653 γλυπτὸν
2769 3585 3042 3656 λατρείαν.
3087 3588 3249 3660 Ἀνὴρ
3271 3590 3522 3662 Λευῖτης,

1954 3672 2294 3742 ὀργισθείσης
2342 3672 2488 3742 αὐτῷ
2547 3673 2645 3739 τῆς
2704 3672 2982 3742 παλλακῆς
3036 3673 3219 3732 αὑτοῦ.
3273 3676 3364 3728 καὶ
3413 3677 3521 3728 άπ-

1955 3757 2209 3826 ελθούσης
2265 3761 2344 3821 είς
2389 3759 2479 3811 τὸν
2536 3753 2682 3810 οἶκον
2731 3757 2822 3810 τοῦ
2873 3758 3078 3827 πατρὸς
3129 3760 3316 3828 αὐτῆς,
3359 3761 3520 3832 ἀπῄει

1954 3845 2260 3907 καταλέξων
2323 3845 2491 3913 αὐτὴν
2547 3844 2744 3914 ἐαυτῷ·
2811 3844 2904 3896 καὶ
2964 3843 3144 3896 λαϐὼν
3197 3848 3364 3916 αὐτὴν
3423 3849 3518 3899 ἐπε

1953 3933 2198 4001 ανῆλθεν·
2254 3933 2310 3982 ἐν
2355 3933 2411 3983 δέ
2456 3933 2520 4001 τῇ
2565 3931 2668 4001 ὁδῷ
2723 3930 3013 3982 κατέλυσεν
3057 3933 3136 3994 είς
3189 3932 3375 3985 Γαϐαά
3423 3933 3520 4003 τὴν

1954 4018 2207 4086 Βενιαμὶν
2257 4017 2408 4085 παρά
2449 4034 2552 4068 τινι
2596 4016 2891 4086 πρεσϐύτῃ.
2943 4019 3005 4069 Οἱ
3044 4017 3101 4071 δὲ
3141 4020 3198 4072 ἐν
3231 4021 3295 4088 τῇ
3335 4020 3518 4073 Γαϐαά

1953 4105 2300 4175 περιστάντες
2344 4105 2441 4174 τὴν
2481 4104 2655 4156 οἰκίαν
2692 4105 2924 4174 ἐκείνην,
2967 4105 3189 4176 ἐζήτουν
3221 4107 3311 4159 τὸν
3347 4107 3513 4172 ξένον,

1952 4193 2037 4244 ἵνα
2063 4191 2416 4261 ἐξυϐρίσωσιν
2449 4191 2528 4252 εἰς
2559 4191 2738 4242 αὐτόν.
2781 4191 2839 4242 '0
2871 4192 3180 4262 πρεσϐύτης
3205 4194 3419 4264 ἐτοιμος
3446 4191 3514 4265 ἦν

1948 4279 2044 4349 τὴν
2079 4277 2348 4345 θυγατέρα
2371 4275 2532 4328 αὐτοῦ
2570 4276 2750 4329 δοῦναι
2780 4277 2961 4340 αὐτοῖς
2996 4277 3092 4349 τὴν
3131 4280 3412 4349 παρθένον.
3449 4284 3513 4333 υἱ

1945 4365 2000 4416 δὲ
2033 4363 2284 4426 λαϐόντες
2318 4364 2414 4432 τὴν
2449 4361 2743 4432 παλλακὴν,
2778 4362 3062 4427 ἐνέπαιξαν
3094 4365 3228 4435 αὐτῇ
3264 4367 3390 4436 ὅλην
3418 4367 3514 4437 τὴν

1947 4449 2136 4503 νύκτα.
2168 4450 2252 4511 Ὠς
2283 4448 2339 4500 δέ
2363 4447 2506 4517 πρωῒ
2527 4448 2766 4515 γέγονεν,
2800 4449 3024 4516 ἀφέντες
3057 4450 3223 4521 αὐτὴν
3248 4453 3510 4521 ἀπῆλθον.

1955 4540 2020 4592 Ἦ
2058 4539 2114 4591 δέ
2156 4537 2260 4590 ὑπὸ
2289 4537 2386 4606 τῆς
2416 4539 2696 4607 ἐπηρείας,
2729 4537 2956 4589 ἐλθοῦσα
2996 4540 3145 4608 παρά
3178 4540 3276 4608 τὴν
3313 4541 3509 4604 οἰκίαν,

1944 4624 2070 4676 ἔνθα
2114 4626 2377 4691 κατήγετο
2409 4624 2436 4674 6
2466 4623 2600 4690 ἀνὴρ
2639 4623 2824 4690 αὐτῆς,
2861 4623 3132 4689 ἐξέψυξεν.
3170 4624 3426 4688 Ἐξελθὼν
3452 4628 3509 4681 δὲ

1943 4715 2167 4775 ἐκεῖνος,
2199 4713 2288 4764 καὶ
2317 4711 2489 4780 εὑρὼν
2520 4710 2685 4780 αὐτὴν
2712 4713 2927 4780 νεκράν,
2968 4711 3160 4766 διεῖλεν
3187 4715 3263 4776 είς
3285 4715 3510 4770 δεκαδύο

1945 4799 2104 4868 μέρη,
2136 4801 2228 4850 καὶ
2257 4798 2468 4866 ἔπεμψε
2512 4801 2629 4859 ταῖς
2660 4795 2864 4848 δώδεκα
2899 4798 3108 4865 φυλαῖς.
3155 4800 3414 4865 Χαλεπῶς
3449 4804 3506 4856 δὲ

1940 4884 2173 4953 ἤνεγκαν
2219 4883 2278 4934 τὸ
2319 4884 2557 4950 γεγονὸς,
2607 4882 2700 4935 καὶ
2733 4883 3136 4953 ἐξοπλισάμενοι
3182 4887 3343 4956 ᾔτουν
3381 4890 3505 4954 τοὺς

1940 4972 2321 5040 ἐνυϐρίσαντας
2352 4971 2412 5023 τὸ
2439 4970 2675 5037 γύναιον.
2716 4971 2800 5033 Ὠς
2829 4971 2884 5024 δέ
2912 4973 3010 5024 ούκ
3031 4972 3266 5027 ἐδίδοσαν
3287 4977 3502 5042 ἐκεῖνοι,

1941 5060 2336 5128 συνεκρότησαν
2368 5058 2617 5126 πόλεμον.
2647 5057 2755 5109 Καὶ
2790 5057 2850 5108 τὸ
2889 5058 2985 5127 μὲν
3027 5059 3241 5128 πρῶτον
3265 5062 3503 5133 ήττήθη.

1940 5162 2057 5204 σαν,
2103 5145 2196 5196 καὶ
2232 5142 2500 5212 δεύτερον,
2544 5143 2600 5196 ἐν
2645 5142 2700 5194 δέ
2734 5145 2798 5212 τῇ
2837 5143 2992 5214 τρίτῃ
3039 5145 3276 5216 συμϐολῇ
3323 5149 3500 5200 πᾶσαν

1937 5231 2034 5301 τήν
2063 5230 2230 5298 φυλὴν
2260 5229 2512 5296 Βενιαμὶν
2546 5229 2872 5297 κατέκοψαν,
2909 5229 3046 5296 πλὴν
3078 5231 3370 5295 ἑξακοσίων
3395 5235 3500 5286 τῶν

1936 5318 2319 5385 διαφυγόντων.
2363 5318 2447 5378 Ὠς
2477 5317 2532 5368 δὲ
2556 5316 2923 5369 ἐκινδύνευσεν
2951 5321 2983 5386 ή
3011 5319 3150 5390 φυλὴ
3175 5320 3370 5382 τελέως
3394 5322 3500 5373 ἀπα

1935 5405 2148 5457 ολέσθαι
2183 5404 2324 5471 (οὔτε
2364 5405 2469 5472 γάρ
2505 5399 2645 5472 εἶχον
2686 5398 2828 5457 οὗτοι
2869 5408 3148 5471 γυναῖκας,
3184 5407 3276 5459 καὶ
3308 5407 3355 5459 οί
3395 5409 3499 5460 υἱοὶ

1948 5489 2158 5558 Ἰσραὴλ
2186 5488 2406 5558 ὤμοσαν
2432 5489 2488 5552 ἐξ
2515 5489 2689 5539 αὐτῶν
2720 5489 2792 5558 μή
2817 5490 3006 5542 δώσειν
3033 5493 3254 5559 αὐτοῖς),
3285 5489 3495 5557 ἑλόντες

1932 5577 2056 5636 τοὺς
2098 5575 2170 5644 μὴ
2209 5573 2706 5640 συστρατεύσαντας
2737 5577 2915 5637 αὐτοῖς
2941 5576 3078 5628 κατὰ
3106 5575 3211 5628 τῶν
3238 5576 3493 5647 Βενιαμι-

1931 5662 2057 5722 τῶν,
2086 5664 2182 5722 τας
2211 5661 2430 5713 ἐκείνων
2457 5661 2752 5731 παρθένους
2783 5662 2982 5714 ἔδωκαν
3021 5663 3203 5725 αὐτοῖς
3234 5681 3492 5735 τετρακοσ-

1935 5749 2068 5809 σῐας’
2111 5749 2183 5809 ὡς
2221 5747 2275 5799 δὲ
2330 5747 2564 5801 ἐνέλιπον
2605 5748 2702 5807 ἔτι,
2751 5747 2938 5815 ἑορτῆς
2982 5748 3327 5819 τελοδμένης,
3369 5768 3491 5808 συν-
