3996 6430
451 416 556 470 341

446 521 732 593 ιχώρησαν
780 521 956 582 αὐτοῖς
997 517 1298 582 έξελθοῦσιν
1339 519 1654 588 ἀφαρπάσαι
1698 516 2017 587 παρθένους,

449 605 549 657 οὐκ
581 604 798 656 εἰδότων
830 601 936 654 τῶν
968 601 1192 669 γονέων.

921 715 1186 781 Σύνοψιις
1213 711 1324 781 τῆς
1362 712 1548 766 Ῥούθ.

534 829 594 884 ἸΙ
642 828 920 899 Νοεμμὴν,
972 827 1328 889 ἀποθανόντος
1376 826 1512 896 αὐτῇ
1555 826 1648 878 τοῦ
1688 824 1896 894 ἀνδρὸς,
1934 827 2025 877 καὶ

453 914 560 965 τῶν
590 911 742 972 υἱῶν,
788 911 879 963 καὶ
919 908 1009 961 τοῦ
1059 909 1215 979 λιμοῦ
1261 908 1577 971 παυθέντος,
1612 908 1676 959 δι’
1715 907 1774 959 ὃν
1813 908 1904 959 καὶ
1946 909 2023 970 εἰς

453 995 551 1065 τὴν
580 993 856 1048 Μωαϐῖτιν
885 991 1224 1061 κατῴκησεν,
1258 991 1471 1061 ἔρχεται
1497 993 1576 1052 είς
1604 988 1701 1058 τὴν
1744 988 2022 1048 Ἰουδαίαν,

455 1078 547 1129 καὶ
594 1079 628 1147 ὴ
678 1076 774 1146 μὲν
819 1075 914 1146 μία
957 1075 1126 1144 αὐτῆς
1170 1073 1352 1142 νύμφη
1393 1073 1618 1143 ἐπείσθη
1659 1074 1837 1141 μεῖναι
1867 1073 1925 1124 ἐν
1957 1075 2023 1141 τῇ

454 1127 775 1213 Μωαὲιτὶειζ
819 1127 852 1229 ἦ
893 1127 1141 1228 δὲᾶλλᾙ,
1182 1127 1412 1228 ῇὶιᾷοίια
1441 1127 1618 1215 Ῥοὺοξ
1646 1127 1815 1207 ἐτολλά
1849 1127 2025 1222 παραῖ

454 1240 714 1312 καλούσῃ,
746 1241 886 1292 ὥστε
919 1243 1120 1310 μεῖναι,
1157 1241 1256 1292 οὐκ
1293 1235 1455 1302 εἶξεν,
1483 1236 1618 1290 ἀλλὰ
1642 1234 2026 1304 συνηκολούθη-

456 1339 535 1377 σε.
569 1325 676 1376 Καὶ
715 1326 966 1392 γαμεῖται
999 1321 1075 1391 τῷ
1110 1321 1279 1384 Βοὼζ,
1310 1320 1683 1389 ἀγχιστεύοντι
1719 1318 1813 1387 τὴν
1852 1317 2026 1385 Νοεμ-

459 1406 585 1475 μὴν,
613 1408 705 1456 καὶ
738 1406 908 1456 τίκτει
942 1405 1034 1456 τὸν
1067 1402 1242 1472 Ὀϐὴδ,
1269 1405 1298 1455 6
1327 1403 1382 1455 δὲ
1429 1402 1587 1471 ὐϐὴδ
1614 1401 1703 1454 τὸν
1750 1401 1964 1464 Ἰεσσαὶ,
1997 1400 2026 1450 6

455 1486 511 1539 δέ
553 1488 750 1539 Ἰεσσαὶ
782 1485 942 1538 Δαυῖδ
961 1485 1050 1537 τὸν
1081 1484 1323 1554 βασιλέα.

773 1605 1038 1670 Σύνοψις
1077 1602 1179 1655 τοῦ
1214 1600 1719 1668 Τετριιϐιισιλείου.

541 1718 770 1774 Ἑλκανᾶ
800 1722 1060 1787 γυναῖκας
1084 1720 1218 1789 έχων
1242 1718 1351 1780 δύο,
1379 1716 1483 1768 ἀπὸ
1510 1715 1610 1783 τῆς
1640 1714 1763 1784 μιᾶς
1791 1711 1888 1764 οὐκ
1915 1705 2026 1778 εἷχε

460 1805 675 1866 παῖδας.
709 1804 796 1866 Ὠς
829 1803 886 1856 δὲ
915 1802 1111 1870 ἀνῆλθε
1139 1803 1295 1854 θῦσαι
1323 1801 1378 1852 ἐν
1409 1797 1628 1869 Σηλὼμ,
1667 1793 2028 1864 προσεύχεται

460 1888 494 1956 ἡ
524 1886 680 1955 γυνὴ,
726 1887 819 1938 καὶ
849 1885 1020 1936 τίκτει
1068 1883 1158 1934 τὸν
1191 1882 1463 1950 Σαμουὴλ,
1501 1880 1595 1932 καὶ
1620 1878 1833 1930 δίδωσιν
1870 1875 2029 1927 αὐτὸν

461 1971 539 2031 είς
566 1969 656 2021 τὸν
679 1963 824 2020 οἷκον
851 1966 1056 2035 Κυρίου
1081 1963 1360 2033 διηνεκῶς,
1387 1961 1568 2023 καθὼς
1603 1959 1804 2030 ηὔξατο
1838 1957 1964 2028 πρὶν
1993 1956 2026 2025 ἢ

463 2051 742 2104 συλλαϐεῖν
786 2049 967 2102 αὐτόν.
997 2043 1105 2100 Ἦν
1146 2047 1201 2098 δέ
1238 2046 1416 2116 ἱερεὺς
1453 2045 1573 2096 τότε
1605 2045 1632 2095 6
1667 2039 1834 2093 Ἡλεί.
1881 2040 1941 2091 Οί
1973 2038 2031 2089 δὲ

464 2137 569 2189 υίοὶ
623 2134 768 2188 Ἠλεὶ
821 2132 972 2196 Ὀφνὶ
1019 2133 1113 2184 καὶ
1157 2129 1358 2190 Φινεὲς,
1409 2128 1583 2196 λοιμοὶ
1630 2123 1724 2178 καὶ
1769 2121 2030 2192 μοχθηροὶ

463 2220 590 2282 νέοι,
625 2215 1125 2287 μεταλαμϐάνοντες
1163 2215 1226 2265 ἐκ
1255 2210 1361 2262 τῶν
1391 2208 1610 2269 θυσιῶν,
1642 2207 1772 2277 πρὶν
1803 2204 1833 2273 ἢ
1864 2220 2030 2273 προσ-

465 2301 741 2371 ενεχθῆναι
782 2298 918 2368 Θεῷ.
978 2298 1036 2349 '0
1081 2296 1136 2348 δὲ
1178 2293 1324 2346 Ἢλεὶ
1371 2292 1627 2360 εὐλόγησε
1667 2290 1766 2359 τὴν
1809 2288 2026 2349 Ἅνναν,

466 2390 557 2441 καὶ
583 2388 738 2456 ἔσχεν
771 2386 850 2437 ἔτι
879 2385 1026 2451 τρᾶς
1056 2382 1221 2442 υἱοὺς,
1249 2381 1341 2430 καὶ
1355 2377 1444 2430 δύο
1470 2375 1792 2444 θυγατέρας,
1817 2373 2029 2425 κα“ιΣα-

470 2475 634 2546 μονὴ)
686 2471 927 2527 ἐπεδίδου
974 2467 1110 2538 πρὸς
1142 2465 1364 2537 ἀρετήν.
1421 2464 1477 2515 '0
1509 2462 1565 2514 δὲ
1623 2461 1767 2513 Ἠλεὶ
1793 2459 2030 2521 ἀκούσας

466 2545 572 2618 τῶν
600 2563 802 2616 παίδων
826 2561 894 2612 τὰ
923 2558 1248 2628 τολμήματα
1283 2553 1405 2624 (καὶ
1431 2552 1535 2621 γὰρ
1566 2545 1658 2602 καῖ
1691 2548 2030 2618 ὲμοιχῶντο),

469 2655 525 2727 {5
537 2651 620 2723 44]
643 2650 936 2718 ἐπετίμησε
959 2646 1101 2716 λόγῳ
1125 2663 1138 2676 ·
1163 2644 1212 2695 οί
1231 2642 1287 2695 δὲ
1313 2641 1411 2694 οὐκ
1429 2636 1594 2705 εἶξαν.
1628 2636 2030 2706 Προφητεύεται

468 2721 548 2811 τῷ
589 2721 734 2791 ’Ἠλεὶ
760 2738 787 2789 6
835 2734 1051 2803 ὄλεθρος
1081 2731 1178 2800 τῆς
1209 2729 1384 2790 οἰκίας
1418 2724 1581 2778 αὑτοῦ
1628 2725 1722 2776 καὶ
1761 2722 1869 2776 τῶν
1903 2721 2034 2775 υίῶν

469 2829 557 2880 διὰ
581 2828 679 2896 τὴν
713 2821 984 2893 ἁμαρτίαν
1005 2819 1112 2872 τῶν
1142 2818 1296 2870 νέων.
1325 2813 1583 2885 Δηλοῦται
1623 2812 1677 2864 δὲ
1702 2812 1796 2863 καὶ
1822 2809 1899 2880 τῷ
1929 2811 2032 2861 Σα-

476 2914 645 2986 μουὴλ
669 2913 701 2982 ἡ
724 2908 1093 2979 ἀπαραίτητος
1123 2903 1259 2973 ὀργὴ
1282 2902 1373 2954 τοῦ
1410 2901 1565 2958 Θεοῦ,
1593 2899 1684 2950 καὶ
1706 2896 2034 2965 ἀπαγγέλλει

474 2982 566 3054 καὶ
594 2982 753 3060 αὐτὸς
785 2995 861 3064 τῷ
896 2992 1062 3046 Ἠλεί.
1110 2987 1510 3059 Συμϐάλλουσιν
1554 2987 1600 3038 οἱ
1639 2984 1926 3051 ἀλλόφυλοι
1959 2982 2036 3051 τῷ

475 3083 709 3155 Ἰσραὴλ,
735 3082 828 3134 καὶ
855 3079 1142 3149 τρέπουσιν
1160 3073 1320 3127 αὐτὸν
1351 3075 1430 3134 εἰς
1448 3071 1624 3140 φυγὴν
1651 3070 1788 3139 μετὰ
1819 3070 1911 3121 τοῦ
1935 3083 2038 3120 πα-

474 3173 650 3236 τάξαι.
695 3168 858 3232 Ὡςδέ
894 3167 988 3219 καὶ
1013 3165 1110 3234 τὴν
1140 3160 1370 3215 κιϐωτὸν
1412 3157 1676 3229 ἐξήγαγον
1729 3158 1832 3210 υἱοὶ
1869 3157 2034 3220 Ἠλεὶ,

475 3257 618 3316 οῦτοι
644 3260 739 3330 μὲν
775 3257 1060 3310 πίπτουσιν
1089 3254 1145 3303 ὲν
1177 3247 1255 3318 τῷ
1287 3246 1508 3316 πολέμῳ
1552 3245 1685 3315 μετά
1724 3244 1816 3297 καὶ
1840 3245 2039 3314 ἐτέρων

476 3347 704 3409 πολλῶν,
760 3345 858 3413 τὴν
906 3342 961 3394 δὲ
1011 3335 1238 3391 κιϐωτὸν
1290 3332 1656 3401 λαμϐάνουσιν
1695 3332 1743 3382 οἱ
1770 3330 2036 3399 πολέμιοι.

479 3434 646 3492 Ἦλθέ
674 3449 755 3494 τις
776 3427 944 3482 ταῦτα
968 3421 1323 3492 ἀπαγγέλλων
1352 3419 1428 3489 τῷ
1463 3418 1608 3471 Ἠλεί
1631 3435 1642 3448 ·
1671 3418 1699 3469 6
1723 3417 1778 3470 δὲ
1800 3434 2041 3470 καταπε-

479 3525 585 3579 σὼν
612 3525 674 3575 ἐκ
701 3519 794 3573 τοῦ
822 3517 1008 3584 δίφρου
1068 3510 1230 3564 αὑτοῦ
1269 3505 1555 3577 συνετρίϐη
1607 3506 1700 3558 καὶ
1735 3505 2004 3557 ἀπέθανεν
2025 3523 2037 3536 ·

476 3609 712 3665 ἀπέθανε
738 3605 793 3658 δέ
813 3604 905 3656 καὶ
923 3604 955 3671 ή
971 3599 1161 3652 τούτου
1184 3595 1390 3666 νύμφη,
1413 3594 1577 3664 ήνίκα
1603 3592 1774 3645 ταῦτα
1791 3593 2037 3662 ἤκουσεν.

479 3699 816 3767 Είσήνεγκαν
860 3692 908 3743 οἱ
941 3684 1223 3754 ἀλλόφυλοι
1248 3683 1345 3752 τὴν
1391 3680 1618 3734 κιϐωτὸν
1665 3681 1744 3742 εἰς
1774 3680 1865 3732 τὸν
1897 3675 2043 3732 οἷκον

479 3784 665 3852 Δαγὼν
681 3801 694 3814 ·
713 3783 741 3833 ὁ
762 3779 816 3832 δὲ
834 3777 1101 3831 κατέπεσε
1128 3770 1397 3840 δεύτερον,
1422 3771 1516 3821 καὶ
1543 3766 1852 3836 συνετρίϐη.
1881 3768 2046 3818 Ἐπα-

479 3872 752 3943 τάχθησαν
802 3865 857 3917 δὲ
891 3863 985 3914 καὶ
1037 3860 1086 3912 οἱ
1136 3857 1324 3943 ἀνδρες
1369 3855 1448 3917 είς
1495 3855 1593 3916 τὰς
1638 3854 1798 3922 ἕδρας
1843 3853 2043 3905 αὐτῶν.

479 3939 657 4015 Ἦσαν
688 3956 742 4008 δέ
769 3953 816 4006 οἱ
852 3948 1093 4013 Ἀζώτιοι
1122 3939 1282 4005 οῦτοι.
1303 3943 1396 3995 καὶ
1427 3940 1528 4012 μῦς
1553 3942 1872 4011 ἀνέδωκενή
1897 3941 2047 4012 χώρα

482 4048 677 4104 αὐτῶν.
714 4039 1123 4096 Ἀποστέλλουσι
1150 4033 1248 4103 τὴν
1273 4031 1500 4085 κιϐωτὸν
1525 4032 1604 4094 εἰς
1631 4030 1732 4083 Γέθ
1750 4047 1763 4060 ·
1795 4031 1845 4082 οί
1872 4030 1928 4083 δὲ
1954 4029 2047 4082 καὶ

482 4136 635 4193 αὐτοὶ
662 4131 995 4200 ἐπλήγησαν.
1021 4123 1332 4193 Πέμπουσιν
1354 4118 1519 4187 αὐτὴν
1546 4119 1625 4181 είς
1651 4117 1965 4171 Ἀσκαλῶνα
1997 4121 2046 4181 ⁸,

483 4225 642 4278 κάκεῖ
665 4219 854 4289 γέγονε
890 4213 1137 4272 θάνατος.
1188 4205 1686 4276 Συμϐουλευθέντες
1713 4205 1769 4257 δέ
1810 4205 1914 4257 ὑπὸ
1943 4204 2050 4258 τῶν

488 4312 730 4383 μάντεων
787 4301 963 4357 αὐτῶν
995 4338 1010 4362 ,
1056 4293 1298 4348 ποιοῦσιν
1326 4292 1485 4362 ἕδρας
1530 4294 1770 4362 χρυσᾶς,
1805 4293 1899 4345 καὶ
1949 4292 2053 4362 μῦς

486 4379 736 4470 χρυσοῦς,
772 4390 867 4445 καὶ
896 4385 1168 4443 ἐπιθέντες
1203 4380 1400 4470 αὐτοὺς
1440 4379 1625 4448 ἀμάξῃ
1663 4380 1796 4448 μετά
1835 4379 1934 4448 τῆς
1969 4397 2053 4430 κι-

487 4481 660 4537 ϐωτοῦ
693 4474 992 4540 ὑπέζευξαν
1025 4471 1187 4540 βόας,
1207 4459 1280 4518 ὧν
1319 4464 1387 4518 τὰ
1413 4465 1577 4517 τέκνα
1615 4465 1943 4518 ἀπέκλεισαν
1975 4466 2053 4528 εἰς

487 4569 746 4624 οἰκίσκον.
791 4563 856 4616 Αἱ
889 4563 944 4615 δὲ
995 4559 1156 4631 ὀρθὴν
1209 4552 1583 4624 ἐπορεύθησαν
1616 4551 1693 4613 είς
1749 4550 2050 4620 Βεθσαμῦς.

490 4657 740 4726 Δέχονται
763 4649 931 4718 αὐτὴν
961 4648 1008 4698 οί
1034 4645 1222 4714 ἀνδρες
1242 4642 1461 4701 ἐκεῖνοι,
1486 4638 1581 4689 καὶ
1609 4636 1791 4690 θύουσι
1808 4636 1886 4705 τῷ
1914 4637 2052 4706 Θεῷ,

491 4721 739 4815 ὁρώντων
763 4735 869 4789 τῶν
908 4729 1200 4802 σατραπῶν
1242 4727 1349 4780 τῶν
1382 4722 1713 4792 ἀλλοφύλων.
1757 4721 1841 4783 Ὠς
1865 4721 1921 4773 δὲ
1957 4721 2056 4772 οὑκ

492 4831 794 4900 ἠσμένισαν
819 4826 870 4886 δ,
894 4820 1189 4881 τουτέστιν,
1214 4815 1272 4867 οὐ
1301 4811 1673 4882 συνεχάρησαν
1697 4809 1747 4860 οί
1777 4808 1881 4859 υἱοὶ
1907 4806 2059 4876 Ἰεχο-

493 4894 626 4982 νίου,
684 4915 891 4982 γίνεται
918 4908 1098 4977 πληγὴ
1138 4902 1348 4974 μεγάλη
1382 4901 1438 4951 ἐν
1465 4897 1542 4967 τῷ
1590 4895 1739 4965 λαῷο
1776 4895 1870 4947 καὶ
1895 4894 2059 4963 φοση-

495 4981 677 5064 θέντες
701 4981 751 5054 οἱ
775 4999 882 5052 ἀπὸ
898 4993 1200 5062 Βεθσαμῦς,
1233 4985 1652 5043 ἀποστέλλουσιν
1679 4981 1738 5046 ἐξ
1762 4982 1936 5034 αὐτῶν
1961 4982 2060 5050 τὴν

496 5093 724 5147 κιϐωτὸν
754 5091 831 5150 εἰς
864 5086 952 5138 τὸν
1005 5078 1157 5136 οἷκον
1191 5076 1504 5149 Ἀμιναδάϐ.
1560 5075 1692 5125 Τότε
1721 5072 2060 5142 ἐπέστρεψαν

499 5182 633 5250 πρὸς
663 5180 752 5230 τὸν
775 5175 903 5228 Θεὸν
933 5176 982 5224 of.
1011 5168 1358 5240 Ἰσραηλῖται,
1386 5165 1478 5216 καὶ
1497 5161 1839 5229 ἐπολέμησαν
1868 5159 2063 5220 αὐτοὺς

499 5245 554 5318 οἱ.
576 5261 877 5329 ἀλλόφυλοι,
910 5259 1002 5310 καὶ
1021 5255 1351 5325 ἡττήθησαν,
1371 5248 1462 5302 τοῦ
1487 5246 1736 5316 Σαμουὴλ
1769 5245 2063 5314 εὐξαμένου

503 5353 642 5422 ὑπὲρ
676 5346 871 5409 αὐτῶν,
901 5345 994 5396 καὶ
1023 5343 1211 5394 ἔλαϐον
1241 5339 1371 5406 παρ’
1395 5334 1573 5387 αὐτῶν
1609 5332 1705 5395 τὰς
1739 5331 1919 5393 πόλεις
1943 5372 1957 5396 ,
2002 5329 2066 5392 ἃς

567 5554 590 5581 ³
621 5551 675 5598 In
699 5549 842 5598 Coisl.
891 5546 1147 5593 Βαϐυλῶνα
1188 5542 1267 5589 hic
1309 5539 1447 5600 lapsu
1472 5530 1704 5595 graphico
1743 5529 1952 5594 pusilum
1982 5532 2069 5581 fuit

507 5627 594 5677 pro
626 5611 922 5677 ξᾼσιαλὼνα.

571 5655 598 5714 ὖ
627 5655 876 5720 ΙῙῙιιηνοεθ
912 5670 1116 5714 utuntur
1136 5661 1256 5713 LXX
1290 5661 1609 5719 interpretes,
1637 5669 1778 5717 quam
1803 5655 1958 5720 prope
1982 5667 2057 5700 ex-

510 5735 660 5796 plicat
702 5715 1071 5796 Qhryspslomus
1096 5737 1182 5786 per
1207 5715 1547 5784 συνεχάρησαν,
1589 5715 1915 5780 coiagmlnlali.
1945 5722 2068 5773 sum,

511 5792 589 5844 iel
615 5806 705 5842 una
721 5792 864 5842 lwlau‘
884 5793 1005 5838 sunt.

1111 402 1167 459 S.
1209 400 1489 457 JOANNlS
1527 396 2018 457 CHRYSOSTOMI
2057 396 2377 452 ARCHIEP.
2419 384 2964 451 CONSTANTINOP.

3575 378 3688 430 342

2127 511 2270 584 εῖχον
2298 509 2496 564 αὐτῶν.
2536 509 2620 570 Ὠς
2653 506 2708 557 δὲ
2729 503 2964 571 ἐγήρασε
2997 490 3266 562 Σαμουὴλ,
3297 490 3344 539 οἱ
3373 486 3427 538 δὲ
3456 484 3561 537 υἱοὶ
3593 481 3692 533 αῦ-

2180 567 2211 584 τι
2606 567 2617 570 -
2771 567 2782 571 -
2817 567 2847 571 --

2126 599 2217 652 τοῦ
2255 600 2354 650 οὐκ
2376 593 2698 665 ἐπορεύοντο
2733 592 2789 641 ἐν
2821 590 2887 656 τῇ
2911 582 3014 651 ὁδῷ
3040 578 3226 637 αὐτοῦ,
3252 571 3605 639 συναχθέντες
3639 567 3688 618 οι

2127 686 2365 739 Ἰουδαῖοι
2399 656 2608 734 αἰτοῦσι
2645 675 2885 747 βασιλέα.
2914 669 3184 736 ’Πλγησεν
3210 661 3303 713 ἐπὶ
3330 657 3502 725 τούτῳ
3523 657 3551 706 6
3587 656 3688 705 Σα-

2127 769 2316 840 μουὴλ,
2351 768 2444 820 καί
2472 741 2814 833 φησιν-αὑτῷ
2835 760 2863 810 6
2893 755 3047 816 Θεός·
3087 754 3168 804 Οὺ
3191 749 3266 802 σὲ
3290 741 3690 809 660126an-

2124 825 2413 917 6'w,'6.l.1’
2604 825 2926 902 Τοῦτο-οὖν
2962 835 3421 906 διαμαρτύρομαι
3462 825 3689 889 αὐτοῖς,

2125 944 2190 996 τὸ
2209 913 2488 1009 δικαίωμά
2516 937 2621 991 τοῦ
2641 931 2950 1000 ,βασιλέως
2969 945 2980 957 ·
3011 923 3305 981 τουτέστιν,
3333 919 3463 984 ὅσης
3485 913 3690 982 ὀφείλει

2125 1030 2250 1098 παρ’
2301 1000 2476 1094 αὐτῶν
2524 1023 2810 1092 τυγχάνειν
2856 1012 3156 1084 θεραπείας
3213 1002 3611 1074 διεμαρτύρατο
3661 1000 3690 1048 6

2126 1113 2403 1185 Σαμουήλ·
2434 1113 2482 1164 οἱ
2506 1111 2561 1163 δὲ
2594 1110 2873 1162 ἐπέκειντο
2910 1099 3202 1158 αἰτοῦντες.
3253 1090 3552 1144 Ἀπώλοντο
3578 1098 3600 1124 ε
3634 1087 3689 1135 αἱ

2125 1200 2234 1254 ὄνοι
2267 1203 2395 1261 Κεὶς
2427 1197 2521 1250 τοῦ
2562 1192 2766 1265 πατρὸς
2810 1187 2979 1242 Σαούλ
2999 1202 3012 1216 ·
3049 1180 3290 1250 ἔπεμψεν
3329 1176 3491 1229 αὑτὸν
3521 1176 3548 1226 ὁ
3581 1189 3691 1223 πα-

2126 1287 2227 1356 τὴρ
2265 1257 2920 1353 ἐπιξητήσονταπαύτας.
2971 1271 3057 1331 Ὠς
3105 1267 3161 1320 δὲ
3197 1266 3294 1334 οὐχ
3324 1261 3565 1332 εῦρισκε,
3595 1257 3692 1308 τοῦ

2126 1342 2425 1424 ὀικὸλούθου¹
2466 1342 2614 1434 αὐτῷ
2664 1357 3182 1432 συμϐουλεύσαντος,
3215 1350 3519 1417 εἰσέρχεται
3556 1342 3693 1410 πρὸς

2125 1459 2215 1510 τὸν
2240 1454 2492 1526 Σαμουὴλ
2538 1450 2830 1522 ἐρωτήσων
2868 1445 2996 1514 περί
3023 1439 3210 1494 αὑτοῦ.
3254 1437 3291 1488 Γ
3295 1433 3507 1503 νωρίζει
3531 1427 3695 1482 αὑτὸν

2126 1547 2154 1596 6
2187 1517 2420 1610 9.26;":(6
2446 1517 2713 1608 Σαμουὴλ-
2731 1535 2924 1602 λέγων,
2959 1532 3039 1582 ὅτι
3081 1524 3282 1579 Τοῦτον
3314 1523 3498 1591 χρῖσον
3536 1517 3694 1586 βασι-

2127 1631 2242 1685 λέα.
2273 1602 2584 1699 ῐὶροέςῆλθὲν
2621 1602 2843 1677 ὁ-Σαοὺλ
2888 1616 3105 1688 ἐρωτῶν
3145 1612 3236 1664 τὸν
3288 1605 3556 1677 Σαμουὴλ,
3589 1602 3695 1655 ποῦ

2129 1716 2212 1785 εἴη
2242 1718 2269 1769 6
2303 1690 2515 1785 βλέπων
2535 1728 2548 1743 ·
2585 1711 2728 1764 οὕτω
2752 1707 2861 1777 γὰρ
2889 1703 3116 1758 ἐκάλουν
3145 1698 3270 1758 τοὺς
3295 1695 3594 1763 προφήτας.
3634 1690 3696 1738 'U

2129 1778 2332 1873 δὲ’έφη,
2363 1800 2523 1854 αὑτὸν
2561 1793 2724 1859 εἶναι,
2779 1793 2873 1846 καὶ
2907 1785 3194 1856 ἀναγαγὼν
3220 1781 3378 1836 αὐτὸν
3427 1779 3506 1840 εἰς
3539 1778 3699 1842 Βαμᾶ

2133 1863 2325 1961 (θυσίά
2355 1887 2462 1958 γὰρ
2483 1881 2552 1956 ἦν
2577 1884 2656 1953 τῷ
2695 1881 2867 1950 λαῷ),
2916 1878 3009 1931 καὶ
3035 1871 3310 1932 ἑστιάσας,
3342 1865 3445 1918 ὑπὸ
3497 1864 3596 1961 τὴν
3621 1863 3701 1912 ἕω

2131 1973 2404 2028 κατελθὼν
2439 1972 2553 2042 μετ’
2586 1967 2749 2034 αὐτοῦ
2779 1964 3033 2032 κατέχεεν
3063 1955 3227 2013 αὐτοῦ
3263 1954 3354 2007 τὸν
3384 1945 3552 2021 φακὸν
3599 1945 3698 2000 τοῦ

2131 2061 2329 2124 ἐλαίου,
2361 2036 2455 2112 καί
2485 2054 2858 2123 καταφιλήσας
2875 2047 3036 2102 αὑτὸν
3063 2041 3215 2098 εἶπεν
3245 2039 3410 2107 αὐτῷ,
3445 2039 3526 2090 ὅτι
3561 2036 3700 2101 Ἀρ·-

2131 2147 2240 2213 ξεις
2260 2122 2352 2200 τοῦ
2382 2143 2532 2207 λαοῦ,
2562 2122 2655 2196 καλ.
2681 2137 2881 2210 σημεῖά
2903 2151 3024 2188 τινα
3045 2133 3165 2194 δοὺς
3185 2125 3485 2196 ἐξέπεμψεν
3510 2122 3698 2182 αὑτὸν,

2131 2207 2654 2306 καὶ-προεφήτευσεν
2684 2231 2712 2282 6
2734 2207 2925 2279 Σαούλ.
2973 2218 3122 2293 [545]
3161 2217 3367 2306 Ἐρωτᾷ
3403 2212 3490 2266 τὸν
3524 2207 3701 2262 Σαοὺλ

2130 2324 2158 2376 6
2185 2294 2379 2384 οἰκεῖος
2402 2294 2589 2379 αύτοῦ,
2613 2315 2714 2368 ποῦ
2736 2311 2973 2382 ἀπῆλθεν
2997 2322 3012 2339 δ
3044 2307 3072 2358 6
3105 2303 3160 2357 δέ
3187 2299 3358 2355 εἶπεν·
3397 2299 3486 2358 El;
3514 2294 3703 2361 ἐπιζή-

2131 2425 2285 2477 τησιν
2311 2409 2416 2458 τῶν
2440 2407 2595 2457 δνων.
2618 2400 2914 2466 Συνάγεται
2943 2396 2970 2446 6
2991 2391 3117 2452 λαὸς
3144 2389 3224 2449 εἰς
3244 2384 3521 2451 Μασσηφᾶ
3537 2397 3551 2412 ·
3579 2397 3700 2448 χει-

2138 2496 2430 2564 ροτονεῖται
2457 2489 2646 2542 Σαούλ.
2683 2483 3069 2540 Ἐπανίσταται
3096 2478 3124 2528 6
3172 2469 3515 2543 Ἀμμανιτῶν
3550 2467 3704 2536 βασι-

2134 2553 2257 2644 λεὺς
2282 2583 2394 2644 τοῖς
2415 2575 2765 2636 Γαλααδίταις
2786 2587 2797 2600 ·
2827 2564 3215 2640 πρεσϐεύονται
3244 2560 3376 2630 πρὸς
3394 2557 3482 2609 τὸν
3506 2553 3700 2607 Σαούλ·

2136 2641 2303 2721 ἐλθών
2345 2641 2718 2735 συνεμάχησεν
2748 2658 2949 2719 αὐτοῖς,
3001 2651 3094 2704 καὶ
3123 2645 3237 2702 εἷλε
3265 2646 3387 2708 τοὺς
3415 2641 3707 2712 πολεμίους

2139 2756 2279 2810 κατὰ
2310 2730 2528 2825 κράτος.
2555 2730 2904 2818 Ὲῦωχοῦνται
2955 2744 3011 2794 ἐν
3040 2734 3357 2804 Γαλγάλοις.
3404 2731 3514 2784 Καὶ
3561 2730 3706 2798 δημ-

2137 2845 2327 2914 ηγορεῖ
2349 2815 2488 2912 πρὸς
2512 2837 2600 2890 τὸν
2632 2815 2759 2888 λαὸν
2780 2834 2807 2885 6
2836 2823 3240 2899 Σαμουήλ.Τότε
3266 2820 3432 2884 λέγει’
3458 2815 3712 2881 Μόσχον

2135 2904 2297 2996 έιὲἀς
2324 2904 2562 2996 εἴληφα,
2607 2924 2643 2992 ἢ
2686 2923 2828 2976 ὄνον
2855 2917 3017 2981 τινὸς
3045 2914 3295 2979 εἷληριη
3328 2904 3708 2976 Παραγγείλας

2137 3022 2192 3074 δέ
2215 3018 2395 3080 αὐτοῖς
2419 3012 2711 3068 ὑπακούειν
2738 3008 2815 3078 τῷ
2861 3005 3000 3074 Θεῷ,
3049 3002 3284 3071 εὔχεται,
3339 2997 3431 3048 καὶ
3465 2993 3618 3055 ὑετὸς
3647 2992 3711 3042 ἐν

2139 3106 2317 3175 ἡμέρα
2344 3075 2602 3171 θερισμοῦ
2629 3075 2855 3164 γίνεται.
2898 3086 3170 3158 Ἐφοϐήθη
3195 3086 3222 3136 6
3249 3083 3395 3143 λαὸς,
3430 3081 3523 3132 καὶ
3557 3075 3710 3144 ὡμο-

2138 3164 2372 3259 λόγησσν
2403 3164 2778 3256 ὴμαρτηκέναι
2806 3177 3125 3247 αἰτήσαντες
3159 3168 3397 3240 βασιλέα.
3437 3166 3495 3216 'U
3523 3164 3578 3215 δέ
3603 3164 3712 3215 Σα-

2145 3277 2314 3347 μουὴλ
2343 3274 2504 3328 πάλιν
2524 3268 2796 3337 παραινεῖ,
2821 3263 2962 3317 ὥστε
2988 3256 3300 3314 ἀκολουθεῖν
3321 3254 3431 3313 τοῖς
3453 3249 3545 3301 τοῦ
3571 3246 3711 3299 Θεοῦ

2143 3333 2576 3434 προστάγμασιν.
2607 3333 2810 3408 Κόπτει
2855 3350 2977 3410 τοὺς
3016 3341 3342 3410 ἀλλοφύλους
3377 3340 3404 3389 6
3425 3334 3614 3388 Σαούλ.
3645 3333 3714 3384 Οἱ

2142 3420 2200 3506 δέ
2222 3420 2641 3520 παροξυνθέντες
2668 3435 3114 3510 ἐπιστρατεύουσι
3139 3429 3274 3499 μετά
3292 3423 3530 3485 πλείονος
3554 3420 3714 3473 δυνά»

2146 3507 2316 3609 μεωςῖ
2339 3507 2632 3600 Φεύγουσιν
2662 3528 2711 3581 οἱ
2743 3507 3095 3595 Ἰσραηλῖται,
3124 3511 3590 3583 καταλιμπάνεται
3615 3507 3714 3576 μό-

2146 3595 2231 3687 νος
2307 3595 2495 3675 Σαούλ.
2537 3615 2821 3684 Ἀναφέρει
2848 3608 3209 3664 ὁλοκαύτωσιν
3242 3601 3320 3669 τῷ
3347 3597 3485 3666 Θεῷ,
3522 3595 3596 3663 μὴ
3624 3607 3716 3644 πε-

2149 3683 2392 3783 ριμείνας
2423 3707 2515 3758 τδν
2545 3683 2794 3773 Σαμουὴλ
2817 3739 2832 3762 ,
2869 3695 3180 3765 περιμεῖναι
3217 3689 3273 3740 δὲ
3312 3683 3458 3753 αὐτῷ
3500 3695 3720 3750 παρηγ-

2147 3767 2350 3866 γέλκει.
2376 3767 2649 3862 ἓἜρχεταί
2698 3790 2726 3840 6
2753 3767 3054 3853 Σαμουὴλ,
3107 3772 3445 3844 δυσχεραίνει
3478 3768 3614 3838 πρὸς
3654 3767 3721 3819 τὸ

2149 3853 2388 3954 γεγονὸς,
2425 3853 2638 3933 ἀπειλεῖ
2669 3873 2817 3942 αύτῷ
2845 3867 3139 3923 κατάλυσιν
3183 3862 3281 3930 τῆς
3313 3854 3584 3928 βασιλείας
3622 3853 3721 3905 αὑ⁴

2150 3939 2242 4024 τοῦ
2270 3986 2284 4000 ο
2414 3965 2522 4035 γὰρ
2546 3964 2730 4031 ἕτερον
2757 3939 2926 4026 αὐτὴν
2969 3945 3376 4023 μετατίθεσθαι·
3433 3944 3524 3996 τὸν
3558 3939 3722 3994 Δαυῖδ

2153 4059 2274 4128 ἔφη.
2300 4028 2627 4122 καθημένου
2644 4028 2748 4100 ’τοῦ
2773 4042 2946 4098 Σαοὺλ
2978 4042 3033 4092 ὲν
3065 4037 3141 4107 τῷ
3174 4032 3364 4104 βουνῷ,
3397 4029 3492 4083 καὶ
3525 4028 3721 4090 ἐξακο·

2153 4113 2280 4199 σίων
2307 4141 2422 4212 μετ’
2446 4113 2632 4201 αὐτοῦ,
2663 4133 2836 4203 λάθρα
2881 4126 3134 4182 Ἰωνάοαν
3173 4124 3201 4175 6
3244 4120 3356 4182 υἱὸς
3383 4114 3546 4170 αὑτοῦ
3584 4113 3722 4182 μετὰ

2150 4232 2246 4287 τοῦ
2282 4205 2411 4284 ίδίου
2443 4224 2628 4286 παιδὸς
2658 4218 2896 4274 ἐπελθὼν
2919 4218 3030 4278 τοῖς
3048 4211 3279 4282 ἐχθροῖς,
3311 4205 3523 4274 ἀναιρεῖ
3543 4217 3719 4262 τινας.

2166 4319 2310 4373 Ἰδὼν
2341 4317 2396 4370 δὲ
2420 4311 2645 4381 ἀντικρὺ
2672 4311 2701 4362 6
2733 4305 2923 4368 Σαοὺλ,
2956 4302 3048 4355 καὶ
3075 4293 3497 4367 τεταραγμένοις
3525 4290 3721 4340 ἐπιπε-

2156 4407 2283 4469 σὼν,
2315 4404 2441 4472 νικᾷ
2471 4399 2610 4452 κατά
2663 4395 2885 4465 κράτος,
2940 4388 3034 4441 καὶ
3090 4385 3293 4454 ῶρκισε
3329 4379 3532 4450 μηδένα
3578 4374 3724 4438 τινὸς

2155 4461 2449 4562 γεύσασθαι
2479 4487 2581 4546 ἓως
2615 4461 2874 4550 ἑσπέρας.
2910 4477 2969 4528 '0
3003 4472 3258 4525 Ἰωνὰθαν
3290 4467 3389 4519 οὐκ
3414 4461 3724 4522 ἐπακούσας

2156 4544 2420 4647 ἐγεύσατο
2445 4544 2678 4642 μέλιτος.
2705 4544 3070 4634 Προσέρχεται
3095 4559 3122 4608 ὁ
3152 4553 3321 4607 Σαοὺλ
3347 4550 3614 4619 ἐρωτῆσαι
3637 4544 3730 4598 τὸν

2157 4635 2309 4726 Θέὺν,
2336 4665 2382 4714 εί
2410 4635 2517 4712 δέοι
2555 4653 2834 4716 ἐπιδιῶξαι
2856 4650 3028 4702 ὀπίσω
3054 4645 3161 4697 τῶν
3191 4639 3422 4712 ἐχθρῶν.
3453 4637 3566 4689 Οὐκ
3589 4635 3729 4688 ἀπο-

2158 4719 2398 4824 κρίνεται
2432 4744 2579 4814 αὐτῷ
2622 4745 2650 4796 6
2681 4739 2830 4802 Θεός.
2881 4735 3120 4802 Συνῆκεν
3170 4730 3472 4798 ἁμάρτημα
3510 4719 3731 4790 γεγενῆ-

2161 4809 2282 4893 σθαι
2304 4841 2360 4889 ἐν
2389 4834 2465 4902 τῷ
2495 4809 2625 4899 λαῷ.
2675 4828 2760 4888 Ὠς
2797 4826 2852 4877 δὲ
2881 4819 3161 4888 ἀνεδείχθη
3205 4811 3477 4873 Ἰωνάθαν,
3515 4809 3732 4877 ἕτοιμος

2160 4924 2228 4997 ἦν
2251 4923 2408 4977 αὑτὸν
2437 4894 2673 4972 ἀνελεῖν.
2712 4913 2769 4965 '0
2803 4910 2860 4963 δὲ
2887 4907 3014 4968 λαὸς
3041 4903 3274 4970 ἐξείλετο
3308 4897 3469 4952 αὑτὸν
3489 4894 3599 4948 τῶν
3619 4911 3734 4963 χειι-

2167 4981 2273 5085 ρῶν
2304 5006 2489 5062 αὑτοῦ.
2520 4998 2891 5072 Παραγγέλλει
2913 4998 2941 5048 6
2971 4989 3221 5061 Σαμουὴλ
3259 4985 3336 5054 τῷ
3365 4983 3556 5046 Σαοὺλ,
3591 4981 3734 5032 ὥστε

2166 5068 2618 5162 καταπολεμῆσαι
2677 5068 2770 5140 τὸν
2837 5079 3083 5151 Ἀμαλὴκ
3108 5117 3122 5139 ,
3185 5074 3280 5126 καὶ¹
3340 5068 3734 5139 ἀναθεματίσαι

2167 5190 2364 5246 πάντα,
2401 5157 2746 5250 καὶγμηδενὸς
2777 5168 3085 5240 φείσασθαι.
3122 5167 3178 5217 '0
3206 5163 3260 5214 δὲ
3286 5162 3620 5230 παρήκουσε,
3641 5157 3738 5208 καὶ

2169 5271 2589 5344 περιεποιήσατο
2625 5264 2712 5316 τὸν
2763 5258 2931 5322 Ἀγάγ
2984 5254 3074 5305 τὸν
3127 5248 3346 5318 βασιλέα
3394 5246 3606 5306 αὐτῶν,
3645 5242 3738 5293 καὶ

2171 5363 2415 5431 ποίμνια,
2443 5357 2536 5408 καὶ
2565 5350 2833 5423 βουκόλια.
2882 5341 3080 5396 Ἐλθὼν
3107 5336 3244 5390 εἶδεν
3273 5338 3299 5387 6
3332 5331 3601 5402 Σαμουὴλ,
3628 5330 3740 5395 ώρο

2171 5417 2354 5517 γίσθη,
2381 5417 2470 5497 καί
2505 5417 2697 5510 φησιν·
2741 5437 2822 5487 Οὐ
2857 5431 3009 5484 θέλει
3048 5427 3261 5492 Κύριος
3302 5417 3739 5478 ὁλοκαυτώσεις

2174 5536 2271 5590 καὶ
2309 5533 2542 5595 θυσίας,
2588 5529 2666 5591 ὠς
2702 5523 2765 5576 τὸ
2804 5517 3061 5575 ἀκοῦσαι
3104 5511 3211 5579 τῆς
3251 5507 3456 5577 φωνῆς
3518 5502 3737 5557 αὐτοῦ’

2238 5714 2259 5741 ε
2293 5709 2580 5759 Ἀπώλοντο,
2604 5702 2741 5751 sicin
2780 5701 2920 5748 textu
2956 5694 3053 5740 τῶν
3088 5693 3160 5749 Ο’,
3199 5687 3246 5736 id
3291 5689 3387 5742 est,
3436 5679 3740 5738 aben'abtml,

2176 5768 2437 5833 depcrdila:
2462 5770 2612 5816 cram.
