3996 6428
291 428 394 481 341

297 544 437 596 enim
471 543 539 594 illi
569 541 812 593 mtdieres
842 538 1126 603 habebant,
1161 538 1356 605 ﬁliique
1379 536 1857 603 lsraeljuraxerant

297 649 355 685 se
385 633 518 684 ﬁlias
556 645 676 684 suas
703 645 806 682 non
835 629 962 696 ipsis
992 629 1041 680 in
1066 644 1257 680 uxores
1284 627 1498 678 daturos
1536 626 1700 693 esse),
1725 626 1856 679 occi-

295 725 368 775 sis
395 723 499 774 illis
525 722 752 789 quicum
777 721 908 789 ipsis
955 720 1150 773 bellqu
1197 733 1299 771 non
1355 726 1631 786 gesserant
1675 726 1858 768 contra

299 812 640 878 Benjamitas,
665 811 871 863 illorum
893 810 1029 862 ﬁlias
1051 810 1281 877 virgines
1303 808 1711 876 quadringentas
1735 806 1859 872 ipsis

296 903 601 955 dederunt:
629 917 745 953 eum
777 908 951 952 autem
981 898 1178 952 residui
1229 907 1407 950 essent
1443 897 1531 965 qui
1565 912 1666 949 non
1704 895 1861 948 habe-

296 1004 419 1046 rent
466 1005 656 1044 uxores
681 1030 695 1049 ,
726 990 850 1042 dum
878 989 1064 1040 festum
1099 985 1481 1049 celebraretur,
1509 987 1861 1052 permiserunt

293 1087 374 1139 eis
407 1093 464 1138 ut
490 1085 719 1155 virgines
739 1088 1003 1149 raperent,
1032 1078 1210 1131 insciis
1237 1079 1558 1145 parentibus.

788 1201 1019 1243 SYNOI‘SIS
1048 1202 1179 1240 LIBRI
1212 1201 1368 1239 ιιυτιι.

365 1301 644 1356 Noemmin
665 1341 681 1366 ,
710 1299 822 1351 viro
850 1312 948 1351 suo
973 1297 1197 1364 ﬁliisque
1228 1295 1448 1348 mortuis
1469 1335 1482 1357 ,
1513 1303 1751 1348 cessante
1783 1293 1861 1346 fa-

295 1407 381 1444 me
403 1432 418 1454 ,
451 1391 520 1443 ob
546 1404 702 1458 quam
735 1389 785 1440 in
816 1385 1146 1439 Moabitidem
1187 1385 1654 1452 transmigravcrat
1675 1424 1689 1446 ,
1723 1384 1864 1436 venit

297 1481 348 1533 in
370 1480 628 1541 Judmam,
653 1479 868 1546 ejusque
888 1478 1052 1530 altera
1082 1491 1265 1539 nurus,
1291 1476 1398 1543 ipsa
1420 1474 1694 1534 suadente,
1719 1489 1864 1526 man-

294 1571 364 1623 sit
392 1571 443 1622 in
475 1567 788 1630 Moabitide;
816 1567 978 1619 altera
1009 1581 1135 1619 vero
1154 1605 1169 1630 ,
1198 1565 1281 1616 cui
1323 1578 1513 1616 nomen
1552 1563 1691 1615 Ruth
1716 1601 1732 1626 ,
1765 1563 1861 1629 ipsi

295 1660 476 1713 multis
517 1657 743 1711 hortanti
785 1665 839 1709 ut
880 1663 1148 1717 maneret,
1188 1669 1290 1707 non
1329 1653 1741 1721 obtemperavit,
1769 1651 1862 1704 sed

296 1758 522 1817 sequuta
563 1756 645 1801 cst
685 1747 848 1800 illam.
889 1746 1175 1813 Nupsitque
1203 1745 1410 1808 Boozo,
1439 1745 1527 1812 qui
1556 1742 1728 1796 afﬁnis
1753 1750 1865 1795 crat

295 1839 592 1901 Noemmin,
620 1847 674 1891 et
700 1837 900 1906 peperit
923 1835 1092 1900 Obed,
1116 1835 1262 1890 Obcd
1292 1843 1466 1888 autem
1493 1833 1676 1898 Jesszn,
1701 1833 1862 1887 Jessa:

302 1930 466 1985 David
495 1943 694 1998 regem.

523 2054 760 2095 SYNOPSIS
787 2055 1030 2103 ρυΑτυηιι
1057 2053 1314 2092 ιιθιιοιιυιι
1344 2050 1637 2091 REGNOBUI.

370 2151 566 2204 Eleana
603 2165 793 2202 uxores
835 2148 1032 2201 habens
1061 2147 1191 2200 duas
1212 2187 1225 2210 ,
1256 2162 1321 2199 ex
1349 2145 1512 2198 altera
1543 2159 1646 2197 non
1681 2157 1862 2196 susce-

298 2249 447 2306 perat
485 2239 696 2292 liberos.
732 2238 798 2292 Ut
830 2248 1004 2290 autem
1046 2236 1282 2290 ascendit
1317 2235 1662 2288 sacriﬁcatum
1695 2235 1743 2285 in
1770 2233 1864 2288 Se-

299 2331 427 2391 lom,
461 2341 705 2395 precatur
733 2329 818 2382 illa
847 2329 1053 2388 mulier,
1082 2338 1132 2381 et
1163 2327 1297 2394 parit
1323 2326 1640 2387 Samuelem,
1671 2326 1865 2392 ipsum-

298 2435 400 2488 que
445 2419 592 2472 dedit
627 2419 691 2471 ad
740 2418 952 2471 domum
1000 2418 1200 2470 Domini
1251 2427 1538 2484 perpetuo,
1570 2427 1625 2468 ut
1655 2423 1866 2468 voverat

298 2517 582 2576 antequam
610 2508 752 2560 illum
774 2508 1093 2574 conciperet.
1118 2505 1263 2557 Tunc
1285 2515 1455 2557 autem
1479 2505 1725 2558 sacerdos
1753 2514 1865 2557 erat

301 2599 394 2651 Eli.
431 2598 544 2650 Filii
585 2607 757 2650 autem
798 2597 911 2659 Eli,
953 2596 1124 2664 Ophni
1163 2606 1217 2649 et
1254 2595 1511 2658 Phinecs,
1543 2595 1782 2647 scelerati
1812 2603 1863 2646 et

299 2688 523 2755 improbi
566 2688 786 2754 juvenes
813 2695 993 2750 erant,
1020 2687 1108 2753 qui
1137 2685 1204 2738 de
1230 2685 1451 2738 victimis
1485 2693 1660 2753 partes
1684 2698 1861 2738 sume-

297 2780 423 2831 bant
461 2789 742 2846 antequam
783 2777 1095 2830 offerrentur
1121 2777 1245 2828 Deo.
1280 2775 1356 2828 Eli
1386 2785 1556 2829 autem
1599 2775 1865 2828 benedixit

298 2869 503 2921 Animnt
525 2908 539 2930 ,
572 2882 688 2935 qua:
717 2876 824 2920 tres
850 2865 1020 2919 adhuc
1055 2865 1184 2918 ﬁlios
1215 2864 1428 2926 habuit,
1457 2872 1510 2917 et
1533 2862 1664 2916 duas
1695 2864 1827 2916 ﬁlias
1846 2903 1860 2927 ,

299 2958 615 3026 Samuelque
659 2958 708 3009 in
747 2957 938 3009 virtute
985 2954 1309 3024 proﬁciebat.
1355 2953 1432 3006 Eli
1477 2967 1634 3020 porro
1674 2953 1863 3006 auditis

300 3049 526 3100 ﬁliorum
557 3045 871 3099 facinoribus
893 3043 911 3112 (
932 3041 1327 3096 muachabantur
1350 3042 1488 3096 enim
1509 3042 1548 3109 ),
1580 3042 1864 3109 increpavit

299 3154 389 3190 eos
416 3135 616 3200 verbo;
649 3135 721 3187 illi
753 3150 878 3188 vero
921 3149 1023 3186 non
1064 3134 1514 3200 obtcnipcrarunt.
1558 3131 1863 3184 Przcdicitur

301 3226 378 3278 ILli
409 3225 670 3292 pernicies
692 3224 882 3276 doums
905 3239 1011 3276 sua:
1038 3232 1090 3275 et
1120 3222 1344 3275 ﬁliorum
1377 3222 1443 3275 ob
1484 3230 1750 3289 peccatum
1773 3222 1859 3288 ju-

298 3331 512 3369 venum.
543 3315 773 3367 Samueli
810 3328 1016 3382 quoque
1053 3312 1390 3366 denuntiatur
1427 3310 1753 3378 inexpiabilis
1789 3311 1862 3363 ira

299 3406 433 3466 Dei;
472 3406 518 3457 id
565 3406 663 3472 ipsi
707 3403 916 3458 Sanmcl
957 3403 1246 3456 denuntiat.
1293 3403 1528 3470 Pugnant
1558 3401 1862 3469 alienigena:

297 3511 414 3547 cum
445 3495 655 3559 Israele,
680 3509 830 3562 quem
859 3509 1049 3545 czrsum
1075 3493 1122 3545 in
1149 3493 1321 3561 fugam
1346 3501 1569 3545 vertunt.
1599 3490 1664 3544 Ut
1689 3501 1861 3543 autem

297 3601 470 3638 arcam
498 3585 794 3638 eduxerunt
835 3585 921 3636 lilii
965 3583 1074 3648 Eli,
1107 3583 1201 3650 ipsi
1232 3582 1426 3635 eadunt
1467 3582 1518 3634 in
1564 3581 1701 3634 bello
1744 3595 1862 3633 cum

296 3678 411 3727 aliis
442 3677 619 3726 multis
641 3716 654 3736 ,
683 3690 856 3727 aream
899 3689 1021 3726 vero
1065 3673 1277 3739 capiunt
1316 3672 1512 3725 hostes.
1543 3672 1692 3726 Venit
1722 3673 1862 3739 quis-

298 3769 433 3833 piam
466 3768 552 3834 qui
593 3765 704 3818 haec
743 3768 1064 3817 rcmmtiarct
1103 3763 1216 3826 Eli;
1249 3763 1335 3814 ille
1367 3777 1491 3815 vero
1521 3778 1584 3814 ex
1617 3761 1741 3815 sella
1770 3763 1864 3816 de-

298 3857 477 3924 lapsus
503 3860 714 3907 attritus
747 3862 828 3907 cst
867 3862 920 3904 ct
945 3853 1072 3905 obiit
1103 3870 1113 3903 :
1145 3861 1347 3903 mortua
1390 3865 1594 3919 quoque
1633 3860 1712 3904 est
1751 3851 1862 3919 ejus

296 3962 462 3999 nurus
489 3962 608 3998 cum
643 3945 752 3997 lucc
782 3943 996 3996 audivit.
1033 3942 1318 3995 lntulernnt
1347 3942 1654 4011 alienigence
1684 3957 1858 3995 arcam

297 4037 347 4088 in
375 4036 590 4087 domum
621 4034 862 4102 Dagonis,
891 4031 978 4101 qui
1007 4031 1251 4098 delapsus
1278 4039 1357 4083 est
1383 4032 1460 4084 bis
1489 4041 1540 4084 et
1565 4031 1861 4085 confractus

297 4127 408 4177 t'nit.
447 4124 685 4177 Percussi
728 4133 847 4175 sunt
876 4123 1031 4175 etiam
1063 4121 1158 4173 viri
1199 4121 1250 4173 in
1293 4121 1581 4189 podicibus.
1615 4122 1672 4173 lli
1707 4137 1860 4188 porro

295 4226 448 4269 erant
477 4216 641 4267 Azotii
662 4255 676 4276 ,
709 4225 760 4267 et
791 4228 964 4266 mures
993 4213 1206 4281 protulit
1241 4212 1445 4264 illorum
1482 4227 1622 4278 ager.
1656 4212 1861 4265 Mittunt

294 4323 470 4361 arcam
503 4307 552 4358 in
581 4305 716 4359 Geth
742 4321 755 4368 ;
788 4305 836 4356 hi
863 4318 1069 4372 quoque
1100 4303 1261 4371 plagis
1289 4302 1458 4356 allecti
1485 4310 1622 4354 sunt.
1654 4303 1862 4357 Mittunt

295 4411 505 4463 quoque
537 4395 676 4447 illam
709 4394 1020 4447 Ascalonem
1045 4411 1058 4447 :
1087 4403 1140 4446 et
1166 4393 1272 4446 illic
1298 4407 1503 4461 quoque
1539 4406 1680 4445 mors
1710 4409 1860 4462 gras-

296 4496 463 4539 Satur.
493 4486 896 4539 Consuleutibus
931 4494 1104 4537 autem
1147 4485 1354 4536 illormn
1385 4485 1618 4544 vatibus,
1652 4485 1864 4552 podices

295 4591 512 4637 aureos,
544 4591 825 4642 murcsque
858 4589 1043 4628 aureos
1072 4574 1319 4638 conflant,
1353 4584 1404 4626 et
1431 4575 1663 4642 plaustro
1691 4575 1860 4643 impo-

296 4668 422 4721 sitos
448 4682 566 4720 cum
597 4682 739 4727 arca,
768 4681 952 4718 vaccas
988 4666 1190 4734 jugant,
1219 4681 1436 4732 quarum
1467 4665 1654 4716 vitulos
1682 4665 1731 4716 in
1762 4665 1860 4718 do-

297 4759 536 4812 muncula
566 4757 902 4811 concludunt.
931 4757 1035 4807 Illa:
1062 4771 1187 4808 vero
1215 4765 1350 4808 recta
1381 4756 1459 4806 via
1494 4764 1862 4821 processerunt

298 4853 346 4905 in
376 4852 704 4918 Bethsamys.
736 4848 1013 4916 Excipiunt
1044 4848 1182 4898 illam
1216 4846 1308 4898 viri
1339 4847 1475 4897 illius
1508 4845 1637 4904 loci,
1669 4855 1722 4897 et
1756 4845 1860 4898 Deo

297 4943 622 5004 sacriﬁcant,
666 4938 958 4991 videntibus
999 4936 1405 5002 alienigenarum
1451 4935 1690 5000 satrapis.
1729 4933 1859 4987 Cum

297 5047 419 5084 vero
449 5046 550 5081 non
583 5030 782 5096 placide
814 5029 1131 5094 exciperent,
1157 5026 1204 5077 id
1230 5035 1328 5087 est,
1355 5039 1455 5076 non
1491 5040 1588 5075 una
1622 5025 1860 5076 l:etarcn-

299 5134 378 5174 tur
405 5122 492 5175 lilii
519 5119 807 5181 Jeehonias,
843 5121 986 5185 plaga
1020 5133 1204 5184 magna
1239 5117 1482 5183 populum
1518 5115 1713 5166 invadit
1741 5114 1814 5180 (ιι)
1845 5133 1857 5167 :

297 5230 354 5266 ac
383 5221 676 5265 metuentes
705 5208 736 5259 ii
762 5247 776 5272 ,
809 5207 896 5275 qui
939 5206 1251 5274 Bethsamyu
1289 5203 1615 5266 incolebant,
1645 5205 1860 5254 mittunt

296 5321 468 5358 arcam
502 5305 550 5355 in
582 5301 794 5354 domum
825 5297 1134 5349 Aminadab.
1169 5297 1314 5347 'l‘unc
1355 5292 1596 5347 conversi
1640 5301 1759 5343 sunt
1793 5292 1856 5344 ad

300 5395 457 5446 Deum
488 5390 733 5445 Israelita‘.
753 5430 766 5450 ,
795 5396 846 5440 ct
879 5386 1199 5453 alienigenas
1229 5385 1324 5437 sibi
1355 5383 1544 5436 bellum
1575 5381 1859 5433 inferentes

299 5487 590 5554 profligant,
620 5479 864 5536 Sainuele
894 5494 985 5545 pro
1024 5477 1148 5544 ipsis
1175 5485 1379 5539 orante,
1410 5482 1462 5527 et
1486 5481 1737 5539 ceperunt
1766 5487 1854 5523 ur-

358 5596 425 5649 (rt)
452 5603 562 5646 qua»!
581 5590 804 5649 dicuntur
827 5587 888 5631 de
905 5585 1292 5649 tiliistechonim,
1313 5597 1405 5629 IIOII
1430 5581 1602 5648 suntin
1629 5579 1858 5649 ltitia-sieo

300 5639 428 5701 tritu
451 5639 574 5706 {sed
611 5651 717 5696 Iure
756 5647 891 5708 plaga
934 5646 1247 5708 ttetltsatnttas
1279 5651 1480 5702 spectat,
1520 5643 1600 5700 qui
1637 5639 1856 5685 sacriﬁcia

300 5705 486 5772 quidem
523 5718 573 5757 et
598 5705 811 5757 victimas
833 5705 1140 5772 obtulerunt;
1163 5705 1247 5752 sed
1276 5717 1486 5765 percussi
1526 5711 1684 5749 tamen
1725 5706 1853 5754 sunt,

301 5767 351 5822 [ἰ]
375 5774 496 5833 quod
522 5771 742 5820 vidissent
766 5781 929 5816 areum
956 5767 1156 5814 Dontini.

1373 426 1694 482 SYNUI’SIS
1731 424 2134 480 Stltitl‘lUItA‘]
2172 427 2441 480 SMZRA'I.

3421 439 3530 490 342

1960 538 2084 596 bes,
2121 553 2250 604 quas
2299 538 2395 590 sibi
2440 538 2781 590 abstulerant.
2821 537 2952 590 Cum
3000 553 3122 589 vero
3164 537 3526 590 consenuisset

1959 625 2202 687 Samuel,
2239 626 2430 694 liliique
2469 626 2582 694 ejus
2623 641 2726 678 non
2771 626 3099 680 ambularent
3129 628 3178 678 in
3209 626 3286 677 via
3321 628 3517 692 ipsius.

1959 719 2256 784 congregati
2284 717 2448 769 Jud;ei
2479 732 2653 785 regem
2681 725 2880 782 petunt.
2906 717 3092 770 Dolore
3116 716 3211 769 hac
3231 718 3296 768 de
3318 733 3372 769 re
3395 715 3520 769 atie-

1961 815 2075 859 ctus
2101 817 2181 859 est
2203 807 2432 869 Samuel,
2463 808 2640 874 aitque
2671 807 2743 859 illi
2788 807 2922 861 Deus
2955 824 2967 860 :
3001 807 3116 858 Non
3147 816 3193 860 te
3220 817 3522 875 contempse-

1963 906 2077 948 runt
2097 938 2111 960 ,
2141 897 2224 948 sed
2251 913 2341 949 me.
2377 897 2485 948 Hoc
2521 898 2680 964 itaque
2709 899 2942 963 testiﬁcor
2980 897 3100 962 ipsis
3120 937 3135 960 ,
3162 898 3252 965 jus
3290 898 3417 964 regis
3445 897 3523 965 (1.

1965 985 2090 1052 Reg.
2122 987 2172 1040 8.
2202 987 2254 1038 7.
2283 987 2340 1051 9)
2371 1005 2382 1038 :
2416 987 2462 1038 id
2489 996 2567 1040 est
2587 1026 2601 1050 ,
2632 995 2881 1054 quantum
2921 986 2986 1039 ab
3019 986 3142 1053 ipsis
3172 986 3518 1039 ministerium

1964 1076 2202 1142 accipere
2229 1091 2316 1128 rex
2344 1076 2548 1129 debeat.
2579 1075 2788 1129 Samuel
2816 1074 3120 1129 testiﬁcatus
3149 1083 3227 1127 cst
3256 1093 3267 1126 :
3300 1074 3373 1128 illi
3398 1090 3522 1128 vero

1968 1175 2204 1230 potentes
2233 1165 2512 1217 instabant.
2548 1164 2840 1232 Deperdita:
2869 1173 3017 1217 erant
3053 1163 3215 1216 asina:
3248 1163 3336 1216 Kis
3363 1168 3524 1230 patris

1965 1255 2088 1310 Saul
2122 1273 2133 1308 :
2165 1255 2304 1309 misit
2345 1256 2485 1308 illum
2528 1265 2705 1324 pater,
2742 1256 2828 1324 qui
2868 1255 2980 1310 illas
3021 1256 3362 1322 pcrquirerct.
3387 1253 3518 1306 Cum

1966 1355 2139 1400 autem
2169 1361 2270 1399 non
2301 1347 2591 1409 inveniret,
2619 1346 2923 1399 consulente
2953 1346 3144 1398 famulo
3170 1358 3265 1398 suo
3293 1342 3401 1396 adit
3421 1343 3519 1396 Sa.

1967 1436 2219 1498 muelcm,
2249 1436 2605 1489 sciscitaturus
2633 1436 2699 1491 de
2729 1451 2787 1490 re
2821 1436 2923 1488 illa.
2959 1435 3128 1503 Ipsum
3165 1434 3358 1488 indicat
3387 1435 3521 1486 Dens

1963 1523 2190 1577 Samueli
2228 1524 2406 1577 dicens
2437 1541 2448 1575 :
2482 1525 2628 1578 tlunc
2665 1526 2855 1593 inungc
2897 1540 3092 1594 regem.
3133 1524 3365 1578 Accessit
3394 1524 3515 1578 Satil

1966 1613 2260 1667 Samuelem
2305 1614 2631 1681 interrogans
2654 1655 2668 1677 ,
2709 1613 2795 1667 ubi
2833 1624 2972 1668 esset
3013 1614 3231 1677 videns;
3267 1615 3342 1667 sic
3380 1615 3520 1667 cnim

1967 1703 2249 1772 pr0phetas
2296 1705 2566 1756 vocabant.
2612 1703 2700 1756 Ille
2741 1719 2866 1756 vero
2913 1704 3214 1772 respondit,
3255 1718 3312 1756 se
3352 1703 3518 1771 ipsum

1966 1807 2104 1855 esse,
2127 1803 2180 1846 et
2199 1792 2475 1846 adductum
2500 1793 2642 1845 illum
2664 1794 2714 1845 in
2742 1793 2916 1856 Bama,
2943 1794 3027 1846 ubi
3051 1793 3360 1846 sacriﬁcium
3385 1793 3520 1858 apud

1968 1883 2214 1950 populum
2250 1892 2393 1946 erat,
2422 1883 2660 1936 convivio
2697 1884 2928 1949 exeepit,
2966 1892 3018 1934 et
3056 1883 3386 1935 illucescente
3424 1898 3518 1935 au-

1968 1987 2085 2024 rora
2110 2012 2124 2035 ,
2156 1972 2365 2040 quando
2391 1986 2508 2024 cum
2549 1972 2635 2023 illo
2671 1971 3058 2035 descendebat,
3089 1971 3269 2024 effudit
3300 1971 3347 2022 itt
3379 1971 3521 2023 illum

1967 2061 2264 2116 lenticulam
2303 2063 2441 2126 olei,
2483 2062 2755 2130 ipsumque
2797 2062 3033 2115 osculans
3072 2060 3147 2114 sie
3181 2060 3366 2114 effatus
3397 2069 3475 2112 est
3509 2079 3520 2112 ε

1969 2149 2255 2220 lmperabis
2286 2151 2507 2219 populo,
2535 2161 2586 2203 ct
2624 2151 2788 2218 signis
2823 2150 3129 2218 quibusdam
3160 2151 3323 2211 datis,
3353 2151 3526 2206 emisit

1967 2242 2149 2305 illum,
2181 2251 2233 2294 et
2273 2242 2599 2309 prophetavit
2637 2241 2779 2294 Saiil.
2832 2239 3119 2307 lnterrogat
3163 2239 3371 2294 Sai'tlcm
3411 2240 3524 2305 ejus

1970 2331 2362 2400 propinquus‘,
2411 2347 2634 2400 quonam
2680 2332 2929 2396 abiisset;
2969 2332 3056 2400 qui
3099 2331 3401 2400 respondit,
3443 2331 3521 2382 Ad

1968 2421 2398 2488 perquisitioncm
2452 2423 2737 2474 asinarum.
2792 2422 3150 2490 Congregatur
3203 2423 3419 2489 populus
3474 2422 3522 2471 in

1969 2511 2236 2579 lilasscpha
2273 2530 2285 2564 :
2317 2529 2404 2565 rex
2437 2514 2771 2566 constituitur
2807 2514 2950 2566 Saiil.
2995 2514 3192 2566 Bellum
3230 2523 3404 2565 movet
3437 2529 3523 2564 rev

1967 2603 2377 2654 Ammanitarum
2406 2615 2585 2655 contra
2615 2603 2910 2656 Galaaditas
2941 2621 2952 2654 ε
2984 2603 3052 2655 illi
3087 2604 3283 2671 legatos
3319 2604 3531 2655 mittunt

1965 2695 2028 2744 ad
2053 2692 2174 2745 Saiil
2198 2709 2210 2744 :
2231 2694 2317 2760 qni
2343 2693 2496 2745 motis
2513 2694 2699 2746 castris
2725 2708 2813 2760 pra
2834 2693 2954 2746 lium
2979 2707 3095 2745 eum
3121 2694 3220 2745 illis
3242 2692 3523 2751 commisit,

1968 2793 2016 2834 et
2052 2782 2228 2835 hostes
2264 2783 2477 2833 omnino
2518 2783 2826 2849 proﬂigavit.
2852 2782 3156 2835 Convhitnn
3185 2783 3440 2834 celebrant
3478 2785 3526 2832 iu

1966 2872 2215 2938 Calgalis.
2240 2873 2589 2925 (Ioucionatur
2618 2873 2808 2939 populo
2834 2873 3059 2925 Samuel.
3085 2872 3230 2923 'I'unc
3259 2872 3387 2922 dixit
3414 2888 3424 2920 :
3453 2873 3524 2920 die

1965 2963 2173 3014 vitulum
2221 2964 2537 3026 cuiuspiam,
2577 2980 2641 3012 (tu
2685 2963 2876 3013 asinum
2921 2961 3200 3028 cujuSpimtt
3245 2962 3410 3025 accepi
3453 2961 3524 3023 (l.

1968 3055 2090 3120 Reg.
2136 3053 2216 3107 12.
2255 3054 2349 3121 3)?
2393 3053 2633 3106 Ilortatus
2684 3053 2797 3105 illos
2839 3062 2890 3104 ut
2932 3052 3037 3104 Deo
3075 3053 3521 3118 obsequerentur,

1968 3156 2241 3213 precatur,
2283 3155 2334 3197 et
2375 3146 2541 3212 pluvia
2579 3145 2626 3194 in
2671 3144 2754 3194 die
2800 3143 2986 3194 messis
3022 3142 3295 3194 delabitur.
3333 3139 3528 3190 Timuit

1967 3236 2208 3303 populus,
2233 3235 2607 3299 confessusque
2628 3240 2706 3282 est
2731 3245 2786 3281 se
2809 3244 3053 3298 peccasse
3079 3227 3302 3294 petendo
3325 3241 3524 3292 regem.

1966 3328 2174 3383 Salttttt'l
2215 3334 2387 3377 autem
2425 3337 2604 3376 rursus
2645 3321 2899 3382 hortatur,
2927 3329 2982 3370 ut
3026 3319 3116 3370 Dei
3151 3325 3406 3385 pra-cepta
3437 3331 3522 3367 se-

1966 3428 2202 3487 quantur.
2244 3414 2574 3481 Alienigcuas
2596 3410 2747 3463 «edit
2773 3409 2919 3463 Saul.
2947 3407 3022 3460 Illi
3049 3417 3220 3459 autem
3250 3405 3522 3471 indignati,

1967 3509 2158 3561 bellum
2203 3505 2557 3574 redintegrant
2595 3517 2712 3554 cum
2757 3498 3038 3567 majoribus
3075 3498 3255 3565 copiis.
3302 3495 3526 3563 Fugiunt

1968 3600 2212 3654 Israelita:
2233 3636 2246 3660 ,
2283 3596 2426 3649 solus
2457 3593 2766 3660 relinquitur
2796 3589 2940 3643 Saiil.
2970 3587 3134 3642 Oﬁ‘ert
3163 3586 3521 3639 holocarstum

1969 3692 2075 3744 Deo
2120 3705 2220 3742 non
2261 3694 2562 3755 exspectato
2599 3682 2841 3737 Sainuele
2862 3722 2876 3745 ,
2907 3681 2996 3748 qui
3026 3691 3078 3732 ut
3109 3693 3165 3731 se
3201 3685 3527 3742 CXSpcctaret

1967 3786 2307 3850 praweperat.
2339 3777 2490 3830 Venit
2517 3773 2765 3836 Samuel,
2799 3771 3007 3838 indigne
3049 3769 3149 3821 fert
3188 3767 3235 3820 id
3266 3767 3401 3832 quod
3431 3781 3523 3832 ge-

1964 3883 2102 3925 stmn
2135 3881 2265 3932 erat,
2300 3867 2526 3920 minatur
2556 3864 2652 3932 ipsi
2691 3863 2833 3930 regni
2863 3859 3259 3913 dissolutionem
3285 3871 3297 3916 ;
3329 3856 3378 3906 in
3407 3854 3526 3905 alte-

1967 3977 2079 4017 rum
2123 3960 2315 4028 quippe
2360 3954 2775 4010 transferendum
2817 3966 2965 4013 esse;
3009 3947 3255 4000 Davidem
3297 3945 3520 3997 dicebat.

1964 4052 2092 4106 Cum
2121 4050 2330 4104 sederet
2358 4047 2480 4100 Sai'tl
2513 4046 2563 4098 in
2593 4045 2725 4098 colle
2753 4057 2870 4095 eum
2908 4038 3167 4092 sexcentis
3199 4036 3324 4088 viris
3345 4076 3360 4100 ,
3389 4035 3524 4086 claui

1963 4142 2223 4198 .lonathau
2253 4141 2389 4192 ﬁlius
2410 4137 2523 4206 ejus
2543 4151 2661 4190 cum
2683 4133 2874 4187 famulo
2893 4145 2989 4184 suo
3017 4131 3219 4183 irruens
3245 4128 3296 4180 in
3321 4127 3520 4189 hostes,

1964 4232 2216 4301 quosdam
2246 4229 2455 4283 oeridit.
2489 4226 2542 4280 ld
2573 4239 2690 4279 cum
2718 4222 2920 4276 videret
2955 4218 3077 4273 Saitl
3102 4262 3114 4284 ,
3150 4219 3256 4287 jam
3289 4217 3523 4270 turbatos

1965 4326 2178 4379 adortus
2208 4322 2392 4379 vincit,
2423 4329 2476 4372 et
2500 4333 2616 4370 cum
2645 4316 2942 4384 jurameuto
2968 4311 3131 4365 edixit
3167 4325 3233 4364 ne
3266 4307 3523 4377 qui5piam

1966 4429 2130 4484 u5que
2154 4413 2218 4466 ad
2247 4424 2515 4478 vesperam
2542 4405 2732 4475 aliquid
2767 4411 3017 4473 gustaret.
3047 4400 3305 4454 .I-mathan
3330 4414 3445 4451 cum
3471 4396 3520 4449 id

1966 4521 2070 4560 non
2108 4504 2374 4562 audisset,
2413 4499 2478 4552 de
2514 4498 2669 4550 melle
2702 4493 2927 4565 gustavit
2980 4486 3340 4544 AeccditSaiil
3365 4487 3524 4537 inter-

1966 4607 2241 4664 rogaturus
2279 4593 2437 4643 Dcum
2478 4605 2596 4641 num
2632 4595 2898 4654 oporteret
2936 4583 3111 4635 hostes
3149 4577 3367 4644 insequi.
3409 4573 3521 4627 Non

1967 4685 2248 4753 rcSpondct
2273 4681 2366 4749 ipsi
2392 4681 2546 4733 Deus.
2576 4676 2934 4741 lntellexitque
2958 4672 3042 4723 ille
3068 4676 3331 4735 peceatum
3352 4665 3403 4716 in
3426 4679 3522 4731 po-

1969 4779 2089 4845 pulo
2119 4777 2308 4828 factum
2341 4787 2476 4825 esse.
2520 4769 2587 4822 Ut
2630 4777 2804 4821 autem
2846 4761 3203 4828 deprehensus
3245 4765 3326 4810 cst
3361 4755 3521 4809 Jona-

1966 4873 2115 4932 than,
2146 4880 2355 4936 paratus
2385 4873 2497 4918 erat
2523 4862 2586 4915 ad
2615 4855 2953 4913 occidendum
2985 4853 3146 4905 illum.
3172 4850 3273 4904 Sed
3305 4849 3524 4917 populus

1966 4963 2160 5017 exemit
2185 4973 2302 5012 eum
2333 4958 2395 5009 de
2436 4954 2668 5006 manibus
2694 4951 2824 5015 ejus.
2860 4943 3098 5010 l‘rarcipit
3122 4941 3332 4996 Samuel
3357 4940 3522 5003 Saiili,

1967 5065 2024 5108 ut
2050 5052 2274 5106 debellet
2307 5043 2638 5099 Amalecitas,
2663 5037 2838 5090 Omnia
2868 5037 3071 5103 perdat,
3101 5042 3151 5086 el
3184 5032 3376 5086 nemini
3408 5045 3525 5096 par‘

1964 5155 2066 5200 cat.
2102 5144 2193 5195 Ille
2233 5151 2354 5190 vero
2394 5150 2494 5185 non
2543 5131 2748 5196 paruit,
2797 5127 3123 5192 servavitque
3168 5126 3308 5191 Agag
3349 5137 3528 5187 regem

1964 5248 2167 5291 eorum,
2195 5239 2243 5279 ct
2273 5239 2477 5294 greges,
2508 5231 2560 5276 et
2592 5232 2845 5272 armenta.
2883 5217 3107 5270 Veniens
3135 5213 3345 5267 Samuel
3379 5213 3528 5270 vidit,

1966 5327 2126 5376 iratus
2163 5327 2242 5370 est
2267 5357 2279 5380 ,
2309 5325 2359 5367 et
2392 5314 2462 5365 ait
2494 5329 2505 5363 :
2538 5310 2654 5363 Non
2694 5319 2794 5359 tam
2833 5308 2935 5359 ruit
2975 5305 3110 5357 Dius
3151 5300 3438 5353 holocausta
3490 5312 3534 5350 ιι

1962 5409 2238 5477 sacriﬁcia,
2268 5419 2415 5471 quant
2447 5411 2498 5454 ut
2532 5399 2763 5451 audiatur
2800 5412 2894 5447 vox
2932 5396 3036 5463 ejus
3065 5410 3081 5444 :
3111 5407 3218 5444 cccc
3247 5389 3376 5441 enim
3420 5387 3535 5439 obc-

1963 5504 2150 5557 dientia
2196 5499 2369 5553 melior
2409 5505 2480 5548 est
2561 5507 2708 5561 quam
2747 5490 2942 5543 victima
2969 5489 3054 5554 (I.
3104 5485 3228 5552 Iicg.
3275 5482 3357 5535 15.
3407 5482 3532 5548 “22).

2028 5637 2040 5665 ι
2070 5633 2173 5680 Vox
2203 5630 2429 5678 tlchraiea
2456 5632 2528 5672 est
2550 5629 2653 5678 'n‘t,
2671 5634 2810 5682 quam
2836 5618 3004 5678 Aquila
3025 5621 3268 5673 ςιτεάειλμς
3296 5620 3465 5666 ι·ιτι·ι.ι,
3496 5612 3537 5655 nl

1964 5706 2055 5747 est,
2083 5701 2297 5752 patruus,
2325 5699 2375 5736 ιιι
2402 5689 2542 5752 habet
2569 5681 2712 5741 etiam
2737 5684 3203 5750 VulgataJostzpbus
3227 5681 3390 5737 habet,
3433 5694 3529 5734 tm,

1971 5749 2182 5816 pttU'tttta.
2209 5761 2286 5800 aut
2307 5749 2581 5803 ut'am'ultts.
