3996 6450
434 470 545 525 343

436 582 656 636 Minatur
680 583 833 635 etiam
862 588 984 631 tunc
1015 573 1357 630 auferendum
1386 571 1454 624 ab
1493 570 1581 622 illo
1608 582 1726 621 esse
1753 578 1995 634 regnum.

438 673 565 728 Saftl
594 681 766 724 autem
795 670 899 722 vim
942 666 1200 720 inferebat
1242 663 1336 732 ipsi
1367 671 1422 715 ut
1451 674 1628 714 secum
1661 658 1883 710 veniret.
1909 653 2002 706 1118

435 777 564 818 vero
609 760 796 816 noluit.
829 759 1050 813 Demum
1077 755 1128 809 vi
1155 763 1368 809 coactus
1403 748 1660 804 ascendit.
1705 747 2003 814 Posteaque

435 853 548 921 ipse
577 849 790 907 Samuel
811 890 826 913 ,
872 862 992 903 cum
1027 845 1275 916 jussisset
1311 841 1496 896 adduci
1525 839 1590 893 ad
1623 839 1794 908 ipsum
1823 839 2000 906 Agag,

434 944 546 997 suis
590 939 831 997 manibus
862 940 1031 1007 ipsum
1069 935 1278 992 occidit.
1326 933 1404 987 Ex
1434 932 1523 985 illo
1551 939 1726 984 autem
1767 937 2004 996 tempore

437 1051 543 1089 non
567 1031 693 1087 vidit
723 1030 936 1087 Saulcm
966 1044 1132 1097 usque
1159 1027 1223 1080 ad
1251 1024 1388 1079 diem
1420 1021 1605 1077 mortis
1635 1020 1747 1090 ejus
1767 1059 1780 1083 ,
1808 1019 1899 1072 sed
1922 1018 2002 1070 lu-

434 1128 590 1197 gebat
621 1127 813 1195 ipsum.
843 1123 1042 1178 Deinde
1072 1122 1294 1176 mittitur
1316 1118 1528 1174 Samuel
1554 1132 1582 1170 a
1602 1117 1740 1180 Deo,
1776 1124 1831 1168 ut
1861 1115 2006 1168 inun-

437 1227 587 1287 gt-ret
634 1215 917 1280 Davidem,
974 1223 1027 1268 et
1081 1226 1200 1266 cum
1249 1211 1518 1272 venisset,
1566 1206 1789 1261 inunxit.
1859 1205 2006 1259 Tunc

436 1310 692 1378 corripuit
717 1306 928 1363 Saulem
955 1305 1168 1375 spiritus
1198 1301 1399 1365 malus,
1431 1309 1484 1354 et
1525 1299 1788 1352 adducunt
1823 1296 1870 1351 ei
1901 1294 2003 1348 Da-

439 1399 608 1453 videm
631 1439 646 1465 ,
675 1399 762 1468 qui
795 1395 1072 1466 psalleret,
1117 1402 1169 1447 et
1194 1391 1405 1445 sedaret
1423 1389 1664 1459 spiritum
1693 1387 1905 1442 malum.
1938 1383 2006 1439 Ut

435 1498 611 1543 autem
643 1486 837 1542 bellum
867 1484 1039 1539 intulit
1060 1482 1269 1538 Goliath
1289 1521 1304 1547 ,
1349 1495 1466 1534 cum
1495 1492 1683 1532 omnes
1713 1485 1856 1530 metu
1888 1491 2005 1544 per-

435 1579 564 1633 culsi
600 1585 777 1632 essent
801 1615 815 1639 ,
866 1573 1090 1628 mittitur
1117 1571 1276 1626 David
1306 1570 1567 1623 visitatum
1623 1567 1810 1621 fratres
1839 1579 2003 1619 suos:

437 1681 598 1738 utque
625 1666 768 1721 venit
791 1663 858 1719 ad
876 1673 1075 1727 castra,
1104 1667 1455 1730 percontatur
1491 1659 1620 1726 quid
1652 1655 1884 1712 muneris
1921 1653 2005 1708 fu-

438 1771 611 1811 turum
633 1756 700 1812 sit
725 1755 770 1810 ei
800 1754 885 1824 qui
913 1752 1191 1808 occidisset
1220 1750 1361 1804 hunc
1382 1750 1748 1816 alienigenam.
1782 1745 1855 1799 ltli
1883 1758 2007 1799 vero

436 1847 702 1910 dicebant,
732 1845 864 1899 Filia
907 1843 1047 1913 regis
1076 1841 1282 1896 dabitur
1310 1841 1356 1895 ei
1386 1840 1435 1892 in
1483 1852 1719 1891 uxorem.
1749 1836 1894 1889 Adiit
1920 1834 2009 1888 ille

435 1938 648 1993 Sat'tlem
667 1977 681 2001 ,
707 1951 764 1991 se
791 1934 1186 1990 interfecturum
1207 1931 1348 1984 illum
1373 1929 1632 1998 pollicitus
1656 1935 1754 1980 est.
1775 1926 1867 1979 Ille
1884 1937 2009 1978 vero

437 2045 544 2082 nun
572 2027 836 2082 credebat.
889 2026 1108 2078 Demum
1165 2021 1363 2076 dimisit
1412 2020 1573 2073 armis
1618 2017 1899 2082 nudatum,
1944 2030 2009 2068 eo

437 2117 578 2186 quod
609 2133 714 2171 non
753 2124 931 2184 posset
963 2128 1106 2167 arma
1133 2121 1361 2182 gestare.
1409 2111 1568 2163 David
1597 2109 1793 2164 emisso
1836 2105 2009 2174 lapide

439 2211 493 2264 in
523 2208 748 2261 frontem
774 2206 921 2274 ejus,
967 2203 1250 2272 prostravit
1294 2202 1463 2269 ipsum
1490 2239 1504 2262 ,
1549 2209 1600 2252 et
1635 2198 1798 2266 ipsius
1835 2196 2009 2265 gladio

440 2309 599 2370 caput
640 2298 756 2368 ejus
795 2307 1106 2365 amputans,
1147 2293 1454 2363 splendidus
1500 2307 1563 2344 ex
1613 2290 1793 2358 prarlio
1831 2287 2006 2341 rediit.

441 2391 537 2446 lllo
565 2398 849 2459 conspecto
883 2387 1145 2442 Jouathan
1198 2385 1374 2438 animo
1431 2382 1528 2452 ipsi
1559 2381 1832 2447 colligatus
1880 2387 1960 2431 est
1993 2394 2006 2430 :

442 2482 830 2550 admodumque
859 2479 1004 2534 illum
1049 2477 1330 2548 diligebat,
1374 2474 1615 2541 donaque
1656 2471 1752 2540 ipsi
1798 2469 2006 2525 obtulit.

443 2573 567 2627 Saiil
605 2586 731 2626 vero
773 2569 1039 2623 invidebat
1081 2569 1163 2633 ei,
1206 2583 1269 2621 cn
1308 2565 1446 2633 quod
1499 2564 1721 2618 choreas
1753 2561 2012 2630 agitantes

444 2663 632 2731 puella:
675 2660 929 2714 dixissent
962 2675 974 2712 :
1016 2657 1264 2712 Percussit
1293 2655 1420 2710 Sari!
1455 2655 1505 2707 in
1534 2653 1751 2704 millibus
1773 2693 1786 2714 ,
1830 2663 1877 2704 et
1911 2650 2014 2702 Da-

442 2752 528 2804 vid
573 2752 626 2804 in
664 2749 829 2803 decem
879 2745 1132 2819 miliibus(
1161 2749 1210 2802 l.
1244 2747 1370 2816 Reg.
1409 2745 1494 2798 18.
1521 2743 1608 2812 7).
1637 2741 1837 2795 Extulit
1887 2740 2010 2794 88111

445 2841 647 2896 hastam
675 2850 854 2894 contra
885 2838 1128 2890 Davidem
1154 2847 1209 2890 ut
1237 2836 1503 2890 occideret
1525 2849 1644 2888 eum
1675 2830 1750 2903 (α)
1781 2849 1792 2884 :
1818 2832 1903 2885 ille
1925 2846 2014 2884 ve-

445 2948 506 2983 ro
532 2931 749 2998 aufugit.
779 2929 909 2984 Cum
936 2938 1110 2981 autem
1143 2927 1301 2979 David
1322 2927 1492 2979 clarus
1513 2924 1860 2990 omnibusque
1889 2935 2014 2990 pro-

445 3024 601 3077 batus
629 3031 805 3086 esset,
838 3020 1002 3089 magis
1029 3019 1365 3072 mordebatur
1390 3017 1514 3071 Saiil
1539 3032 1553 3080 ;
1584 3029 1807 3083 cumque
1839 3014 2011 3081 ipsum

445 3111 670 3183 perdere
699 3111 879 3177 vellet,
911 3110 1172 3179 pollicitus
1199 3117 1280 3163 est
1306 3106 1354 3162 ei
1383 3106 1541 3160 filiam
1570 3119 1737 3169 suam,
1768 3105 1810 3158 si
1836 3120 1897 3158 ex
1922 3105 2016 3157 ho-

445 3204 616 3258 stibus
637 3211 846 3258 centum
876 3201 1170 3256 occideret:
1193 3215 1311 3254 cum
1341 3207 1514 3254 autem
1541 3198 1834 3260 occidisset,
1854 3211 2016 3266 gener

446 3293 587 3363 regis
607 3291 834 3348 efficitur
861 3291 954 3362 (b).
979 3291 1202 3360 Alioqne
1229 3291 1455 3345 instante
1485 3289 1854 3353 bello,rursum
1879 3302 2016 3354 pra:-

451 3385 592 3440 clare
619 3399 677 3439 se
699 3384 894 3453 gessit:
920 3382 1044 3437 Saﬁl
1073 3397 1200 3436 vero
1222 3381 1386 3435 multo
1416 3380 1582 3448 magis
1607 3379 2018 3446 exasperabatur

448 3475 503 3530 in
525 3475 695 3543 illum,
708 3474 935 3544 dicitque
953 3473 1058 3526 filio
1071 3488 1165 3527 suo
1179 3471 1460 3533 Jonatban,
1475 3484 1533 3524 se
1555 3469 1697 3522 illum
1720 3468 2017 3521 interficere

450 3566 606 3620 velle.
633 3565 724 3620 1118
746 3581 870 3620 vero
898 3564 1077 3619 Davidi
1107 3579 1217 3618 rem
1246 3562 1474 3632 aperuit,
1500 3560 1848 3628 praecepitque
1869 3565 1924 3610 ut
1952 3559 2019 3611 la-

451 3668 606 3712 teret.
631 3657 726 3712 Ubi
760 3671 882 3710 vero
912 3667 1112 3724 patrem
1143 3656 1459 3725 placaverat,
1482 3651 1728 3708 Davidem
1755 3649 1819 3703 ad
1847 3650 2015 3718 ipsum

450 3746 835 3803 adducit.Bello
855 3757 1027 3800 autem
1060 3760 1241 3799 rursus
1271 3745 1517 3805 instante,
1537 3751 1751 3796 strenue
1772 3755 1828 3794 se
1854 3740 2017 3808 gessit

451 3837 637 3903 David,
656 3851 969 3905 rursumque
998 3852 1028 3891 a
1055 3836 1210 3890 Saule
1239 3833 1439 3903 aufugit
1460 3834 1672 3886 volente
1697 3847 1816 3885 eum
1839 3831 2015 3884 lancea

451 3929 753 3984 confodere.
785 3927 978 3984 Uxoris
1022 3927 1246 3982 consilio
1274 3927 1418 3980 illinc
1462 3925 1677 3994 aufugit.
1708 3924 1861 3977 Mittit
1889 3923 2016 3978 Saiil

453 4021 544 4089 qui
575 4019 718 4074 illum
751 4017 1296 4088 comprehenderent;
1335 4016 1620 4085 respondet
1649 4015 1734 4068 illa
1764 4023 2017 4084 zrgrotum

453 4126 592 4167 esse.
627 4110 752 4166 Saul
784 4111 928 4165 illum
957 4109 1221 4178 aufugisse
1259 4122 1480 4177 gnarus,
1525 4107 1681 4160 ﬁliam
1712 4106 2016 4174 redarguit:

455 4209 612 4268 atque
651 4213 768 4252 cum
796 4199 1142 4267 comperisset
1188 4199 1396 4252 ubinam
1443 4207 1580 4251 esset
1612 4196 1772 4250 David
1802 4238 1816 4262 ,
1861 4196 2020 4249 mittit

456 4291 545 4360 qtti
573 4289 716 4343 illum
739 4295 948 4357 captum
980 4287 1317 4341 adducerent.
1338 4287 1466 4341 Cum
1496 4296 1671 4341 autem
1702 4287 1735 4339 ii
1766 4287 1851 4354 qui
1874 4287 2018 4340 missi

458 4380 667 4433 fuerant
709 4393 811 4433 non
842 4378 1109 4440 redirent,
1157 4379 1251 4431 sed
1280 4387 1555 4431 manentes
1598 4377 1976 4445 prophetarent
2003 4416 2017 4442 ,

455 4471 567 4539 ipse
595 4484 804 4540 quoque
847 4467 993 4522 abiit.
1029 4467 1106 4521 Ad
1135 4467 1393 4522 Jonatban
1443 4466 1569 4520 adiit
1598 4466 1756 4522 David
1779 4507 1793 4532 ,
1839 4476 1892 4519 et
1937 4480 2023 4519 re-

461 4561 668 4614 nuntiat
709 4561 758 4614 ei
788 4551 1180 4614 Saulem’suam
1230 4559 1518 4612 machinari
1545 4573 1745 4612 necem.
1781 4557 1930 4624 Quod
1978 4557 2021 4610 si

460 4654 589 4707 velis
609 4693 624 4718 ,
649 4652 844 4720 inquit,
874 4651 926 4704 in
945 4652 1170 4705 crastina
1200 4651 1285 4705 die
1306 4651 1540 4705 ediscere
1560 4691 1573 4712 ,
1604 4661 1841 4718 tempore
1868 4665 2023 4717 pran-

461 4743 530 4795 dii
563 4742 744 4797 abero.
785 4742 838 4796 Si
869 4750 1017 4811 pater
1045 4752 1165 4794 tuus
1193 4741 1446 4795 absentia:
1491 4754 1704 4793 causam
1735 4747 1908 4806 petat,
1939 4739 2023 4792 dic

462 4849 563 4894 me,
591 4848 709 4886 cum
738 4832 1052 4886 sacrificium
1083 4840 1222 4885 esset
1247 4833 1299 4884 in
1321 4833 1470 4895 urbe,
1501 4829 1725 4884 abeundi
1757 4829 2020 4883 licentiam

456 4923 693 4990 petiisse.
723 4921 778 4975 ld
799 4922 842 4975 si
872 4922 959 4976 ille
979 4921 1183 4991 placide
1205 4922 1379 4975 tulerit
1401 4964 1415 4985 ,
1444 4921 1572 4974 nihil
1599 4920 1718 4974 mali
1747 4922 2020 4988 suspicor:

459 5013 538 5068 sin
565 5025 704 5080 aegre
733 5011 938 5077 tulerit,
973 5012 1183 5081 planum
1213 5012 1435 5066 estmibi
1467 5013 1716 5065 ultionem
1740 5010 2024 5065 etinsidias

462 5103 657 5173 parari.
689 5101 799 5156 lloc
825 5099 948 5155 facit
989 5103 1283 5169 Jenatban;
1315 5102 1438 5157 Sai‘tl
1467 5111 1642 5156 autem
1689 5117 1853 5171 usque
1891 5101 2024 5155 adeo

460 5194 626 5248 iratus
648 5201 764 5257 est,
792 5199 849 5245 ut
875 5203 1093 5248 conatus
1122 5195 1190 5248 sit
1239 5193 1402 5246 filium
1430 5208 1580 5246 suum
1627 5192 1888 5246 occidere.
1936 5191 2024 5245 lllc

463 5301 589 5340 vero
612 5284 678 5340 de
719 5297 900 5338 mensa
928 5284 1204 5350 resiliens,
1256 5285 1307 5339 in
1336 5299 1580 5353 campum
1611 5284 1804 5350 exivit,
1856 5293 1907 5337 et
1934 5298 2023 5336 sa-

523 5462 595 5571 (a?
621 5471 727 5512 Haec
747 5461 810 5511 de
832 5462 963 5512 basta
987 5462 1034 5509 in
1057 5460 1277 5510 Davidem
1300 5475 1326 5510 a
1349 5460 1486 5511 Satile
1502 5461 1709 5509 immissa
1733 5473 1825 5508 non
1849 5459 2024 5508 baben-

523 5538 540 5571 r
591 5536 663 5571 ioc
710 5524 813 5571 loco
841 5525 887 5571 in
925 5524 1132 5570 Editione
1159 5527 1263 5568 LXX
1289 5523 1475 5571 vulgata
1502 5537 1514 5571 :
1548 5525 1632 5568 sed
1660 5523 1779 5569 haud
1804 5523 1952 5569 dubie
1977 5525 2022 5568 in

461 5531 540 5572 tur
574 5523 663 5571 hoc
710 5524 813 5572 loco
841 5525 887 5572 in
925 5524 1132 5570 Editione
1159 5527 1263 5568 LXX
1289 5523 1475 5583 vulgata
1502 5537 1514 5574 :
1548 5525 1632 5568 sed
1660 5523 1779 5569 haud
1804 5523 1952 5569 dubie
1977 5525 2022 5568 in

462 5584 730 5648 (‘XClllplal‘l
754 5583 1070 5648 Chrysostomi
1108 5597 1170 5631 ex
1205 5584 1415 5632 Editione
1450 5592 1555 5631 l..\.\'
1581 5583 1828 5644 hexaplari
1858 5583 2024 5642 adjun-

459 5654 531 5692 cta
559 5644 765 5703 fuerant,
791 5644 955 5693 utalia
978 5644 1138 5692 multa.

524 5713 592 5783 μζ)
618 5711 750 5767 Haec,
774 5707 1192 5783 altoque'in'stante
1225 5705 1375 5783 jﬁcllo,
1391 5707 1629 5783 lirwclqre
1651 5705 1886 5783 senessi!
1925 5709 2024 5783 (κριὶ

461 5769 671 5831 πολέμου
691 5769 946 5826 σνστάνιίος
971 5773 1147 5831 ἑτέρου,
1176 5770 1312 5815 πάλιν
1335 5769 1610 5831 ξὺδοκιμεῖ),
1641 5771 1817 5818 omissa
1838 5777 1951 5818 sunt
1976 5771 2024 5818 in

464 5790 577 5822 non
616 5790 671 5820 ου
691 5790 946 5826 σνσταντος
971 5790 1147 5831 ετερου,
1176 5790 1312 5815 aia/tv
1335 5790 1610 5826 ευοοκιμειι,
1641 5790 1684 5814 υι

464 5833 552 5882 Ed.
579 5790 700 5883 EXX
728 5833 877 5894 vulg.,
907 5832 991 5881 sed
1030 5829 1075 5879 in
1101 5827 1348 5890 hexaplari
1383 5827 1686 5890 legebantur.

1202 457 1257 512 S.
1298 451 1568 510 JOANNIS
1605 443 2072 505 CilllYSOSTOMl
2113 442 2422 499 ARCHIEP.
2464 446 2986 507 CONSTANTINOP.

3566 465 3678 518 344

2109 561 2267 630 gittas
2295 563 2506 629 emisit;
2535 575 2649 619 erat
2676 567 2816 620 enim
2843 568 2945 621 hoc
2965 567 3306 622 constitutum
3339 567 3543 636 signum
3579 584 3592 620 :
3623 578 3679 620 et

2106 671 2388 712 accurrens
2418 666 2535 726 post
2574 671 2784 713 servum
2812 674 2962 714 suum
2990 702 3004 726 ,
3035 660 3160 714 dum
3193 659 3352 714 David
3384 676 3449 717 eo
3477 664 3524 717 in
3557 664 3681 717 loco
3708 652 3720 674 '

2107 749 2341 813 latebat,
2373 750 2442 802 ait
2476 769 2488 804 :
2517 750 2632 805 Cito
2683 765 2904 819 propera
2926 792 2940 816 ,
2983 767 3050 805 ne
3093 753 3358 807 cuneteris
3385 794 3400 818 ,
3427 754 3548 822 quia
3592 770 3682 808 sa-

2106 844 2232 912 gitta
2260 841 2366 894 illic
2396 849 2476 895 est
2516 841 2751 910 procula
2789 851 2863 897 te.
2907 840 3168 896 lntellexit
3192 842 3353 897 David
3395 843 3522 912 quid
3565 843 3682 897 hanc

2108 930 2498 1000 significarent,
2523 940 2575 985 et
2621 945 2740 986 cum
2787 944 2971 985 servus
2995 933 3333 996 recessisset,
3363 934 3466 986 ruit
3489 933 3541 986 in
3568 948 3682 986 ama

2109 1024 2319 1092 plexum
2348 1023 2608 1077 Jonathan
2644 1031 2697 1077 et
2724 1023 2868 1077 flevit
2896 1040 2911 1077 :
2941 1023 3030 1078 ille
3069 1038 3198 1078 vero
3224 1023 3407 1094 fugere
3443 1025 3602 1094 jussit
3628 1036 3685 1080 et

2110 1125 2380 1183 pactorum
2431 1113 2719 1170 recordari.
2757 1113 2882 1169 Haec
2914 1129 3075 1184 porro
3119 1125 3272 1169 erant
3320 1130 3388 1170 ne
3429 1131 3682 1185 umquam

2110 1204 2524 1259 misericordiam
2555 1215 2825 1259 amoveret
2853 1220 2920 1260 ex
2939 1205 3103 1260 domo
3131 1205 3423 1273 Jonatban,
3455 1208 3569 1261 sive
3597 1209 3681 1261 vi-

2109 1297 2282 1350 ventis
2301 1336 2316 1360 ,
2347 1297 2458 1351 sive
2492 1297 2703 1352 mortui.
2733 1297 2889 1352 Venit
2917 1296 3082 1352 David
3109 1297 3174 1352 ad
3207 1298 3477 1353 Abimelec
3503 1313 3686 1353 sacer-

2109 1387 2308 1440 dotem.
2337 1387 2485 1442 Tunc
2526 1402 2689 1456 panes
2730 1388 3108 1458 propositionis
3154 1388 3425 1442 comedit:
3477 1390 3686 1458 accepit

2109 1493 2319 1547 quoque
2345 1477 2578 1548 gladium
2603 1477 3044 1544 Goliatbi,dicens
3068 1494 3126 1533 se
3147 1495 3174 1530 a
3203 1493 3326 1548 rege
3347 1479 3526 1548 aliquo
3553 1479 3686 1533 mis-

2110 1583 2225 1624 sum
2247 1583 2364 1622 cum
2393 1569 2681 1637 diligentia.
2712 1568 2778 1622 Et
2807 1569 2950 1622 venit
2977 1567 3098 1622 inde
3123 1568 3188 1621 ad
3212 1567 3425 1623 Auchus
3444 1609 3459 1632 ,
3487 1568 3685 1622 deinde

2112 1661 2163 1714 in
2187 1659 2407 1715 Odolam
2437 1660 2472 1724 ¹,
2503 1669 2557 1714 et
2579 1659 2913 1714 commendat
2949 1660 3058 1727 regi
3085 1659 3234 1712 Moab
3263 1659 3475 1712 domum
3505 1674 3682 1714 suam.

2105 1747 2241 1803 Cum
2272 1759 2447 1806 autem
2489 1751 2612 1805 Satil
2646 1759 3060 1818 conquereretur
3101 1749 3238 1819 apud
3290 1764 3471 1804 servos
3517 1764 3684 1813 suos,

2113 1840 2253 1908 quod
2295 1855 2452 1895 nemo
2498 1841 2613 1909 ejus
2661 1839 2828 1893 vicem
2879 1838 3104 1904 doleret,
3148 1854 3244 1892 nec
3280 1839 3530 1892 Davidem
3581 1838 3687 1892 sibi

2114 1929 2392 1993 traderet,
2427 1931 2566 1984 Doec
2593 1929 2872 1995 ldumzeus,
2917 1930 3005 1998 qui
3053 1944 3286 1997 prmsens
3333 1938 3446 1983 erat
3471 1929 3689 1997 quando

2113 2019 2276 2079 David
2303 2021 2367 2073 ad
2387 2019 2712 2074 sacerdotem
2755 2019 2931 2086 venit,
2963 2019 3291 2073 annuntiavit
3318 2018 3389 2071 illi
3415 2018 3552 2087 quod
3579 2018 3691 2072 fac-

2115 2121 2224 2166 tum
2255 2121 2386 2166 erat.
2436 2111 2526 2166 llle
2555 2111 2736 2164 accitis
2764 2110 3155 2177 sacerdotibus,
3186 2125 3305 2164 cum
3348 2110 3380 2162 ii
3404 2110 3491 2178 qui
3543 2124 3689 2178 prae-

2115 2215 2292 2259 sentes
2315 2213 2466 2259 erant
2495 2203 2697 2257 nollent
2725 2203 2842 2257 illos
2864 2202 3136 2266 occidere,
3172 2203 3400 2256 Doéeum
3430 2201 3480 2254 id
3509 2201 3685 2269 jubet,

2115 2299 2203 2367 qui
2258 2297 2451 2351 oetidit
2496 2306 2757 2350 trecentos
2796 2295 3171 2364 quinquaginta
3227 2295 3367 2347 viros
3409 2303 3693 2362 portantes

2116 2389 2334 2457 prnd,
2360 2397 2413 2441 et
2447 2388 2590 2441 Neba
2636 2402 2820 2442 eorum
2869 2386 3052 2440 urbem
3081 2386 3296 2441 delevit.
3330 2387 3451 2440 llaec
3500 2385 3688 2438 Davidi

2117 2479 2437 2533 renuntiavit
2465 2492 2598 2531 unus
2623 2493 2686 2532 ex
2715 2476 2835 2531 filiis
2865 2475 3174 2539 sacerdotis,
3205 2476 3291 2545 qui
3322 2476 3689 2530 carnificinam

2117 2579 2376 2625 evaserat.
2407 2568 2501 2621 llle
2524 2583 2649 2620 vero
2676 2567 2860 2621 dolens
2879 2607 2893 2632 ,
2919 2568 3252 2634 superstitem
3283 2567 3428 2618 illum
3466 2566 3605 2634 apud
3627 2580 3691 2619 se

2117 2662 2378 2723 servavit,
2405 2671 2457 2714 et
2482 2661 2647 2715 Cilam
2675 2669 3028 2730 Oppugnatam
3060 2659 3318 2712 liberavit.
3345 2657 3475 2710 Cum
3501 2657 3689 2711 audis-

2118 2763 2200 2808 set
2223 2763 2396 2806 autem
2421 2751 2629 2806 Sat'tlem
2660 2750 2725 2805 ad
2765 2764 2822 2805 se
2851 2750 3030 2804 venire
3054 2791 3069 2812 ,
3095 2749 3220 2802 exiit
3251 2748 3372 2801 inde
3413 2749 3462 2799 in
3499 2747 3690 2800 deser-

2119 2853 2226 2899 tum
2258 2843 2411 2912 Ziph.
2440 2842 2590 2910 Quod
2612 2857 2729 2896 cum
2760 2840 3012 2894 audiisset
3032 2839 3184 2902 Saiil,
3212 2838 3276 2892 ad
3311 2839 3454 2891 illtun
3503 2853 3689 2905 perre-

2119 2937 2214 2990 xit.
2246 2937 2376 2989 Dum
2404 2945 2578 2988 autem
2614 2933 2757 2986 illum
2797 2933 3184 3000 insequeretur,
3229 2929 3408 2982 audito
3455 2929 3689 2981 hostium

2119 3026 2365 3089 incursu,
2407 3024 2624 3076 recedit.
2656 3021 2854 3076 Deinde
2893 3036 3012 3075 cum
3053 3037 3117 3074 ex
3150 3019 3386 3073 hOSIibus
3410 3018 3689 3082 rediisset,

2120 3115 2264 3168 illum
2295 3115 2470 3168 denuo
2497 3112 2866 3181 perquirebat,
2910 3121 2962 3165 et
2992 3112 3259 3180 ingressus
3285 3119 3366 3163 est
3391 3109 3442 3161 in
3473 3109 3691 3178 spelun-

2119 3220 2265 3270 cam,
2300 3205 2350 3256 in
2379 3219 2479 3272 qua
2523 3202 2683 3257 David
2711 3202 2960 3266 sedebat,
2991 3212 3186 3256 etcum
3218 3201 3305 3253 illo
3331 3201 3427 3253 viri
3467 3199 3693 3253 interius

2120 3297 2300 3365 positi.
2331 3293 2569 3364 Cumque
2593 3310 2778 3348 omnes
2813 3294 3150 3347 hortarentur
3178 3308 3296 3347 eum
3330 3301 3386 3345 ut
3423 3291 3693 3345 occideret

2121 3387 2372 3454 Saiilem,
2421 3401 2525 3439 non
2573 3385 2995 3454 obtemperavit,
3056 3399 3226 3452 neque
3284 3381 3581 3436 volentibus
3637 3381 3691 3434 id

2122 3480 2407 3533 concessit.
2441 3477 2506 3531 Ut
2530 3488 2703 3531 autem
2728 3475 2891 3529 exivit
2918 3476 3003 3529 ille
3029 3489 3089 3529 ex
3119 3473 3388 3542 spelunca,
3419 3471 3503 3525 hic
3528 3473 3692 3524 etiam

2122 3579 2374 3638 sequutus
2397 3577 2476 3622 est
2497 3608 2511 3632 ,
2546 3575 2600 3621 et
2627 3567 2862 3620 clamans
2892 3565 2956 3618 ad
2985 3566 3161 3628 illum,
3195 3564 3358 3631 ipsius
3399 3563 3691 3631 nequitiam

2121 3669 2174 3714 et
2187 3659 2443 3726 justitiam
2467 3672 2615 3711 suam
2639 3656 2850 3710 Saillem
2880 3655 3078 3709 docuit.
3109 3654 3204 3708 ille
3223 3668 3350 3706 vero
3371 3651 3694 3721 lacrymatus

2122 3758 2221 3803 est.
2251 3749 2400 3802 Tunc
2449 3756 2688 3800 mortuus
2715 3757 2796 3800 est
2845 3745 3081 3800 Samuel.
3127 3744 3284 3797 Mittit
3309 3743 3398 3811 qui
3439 3758 3466 3796 a
3492 3741 3694 3796 Nabale

2122 3840 2260 3895 dona
2304 3847 2543 3908 peterent
2595 3851 2691 3906 pro
2721 3835 2956 3891 custodia
3000 3850 3102 3904 qua
3154 3842 3457 3888 servaverat
3503 3848 3695 3902 greges

2124 3932 2307 4000 ipsius.
2335 3930 2428 3985 llle
2455 3943 2581 3984 vero
2609 3943 2711 3981 non
2737 3927 2893 3981 modo
2921 3941 3024 3980 non
3052 3925 3228 3990 dedit,
3257 3925 3348 3978 sed
3380 3925 3535 3978 etiam
3563 3939 3696 3978 con-

2125 4023 2340 4078 tumelia
2387 4023 2557 4090 ipsum
2588 4018 2763 4074 affecit
2800 4033 2892 4088 per
2919 4018 3117 4086 legatos
3146 4030 3290 4070 suos.
3325 4015 3416 4069 llle
3454 4025 3694 4068 armatus

2125 4114 2405 4170 incedebat
2429 4121 2485 4166 ut
2512 4110 2756 4180 perderet
2779 4124 2922 4163 eum.
2950 4107 3073 4161 llaec
3093 4105 3275 4160 didicit
3302 4106 3517 4173 Abigaia
3559 4120 3696 4158 uxor

2125 4207 2298 4273 illius,
2327 4214 2381 4260 et
2400 4203 2634 4270 acceptis
2657 4200 2960 4256 muneribus
2987 4200 3216 4253 occurrit
3255 4197 3436 4250 Davidi
3454 4237 3467 4259 ,
3495 4195 3694 4248 multa-

2125 4314 2227 4367 que
2258 4306 2470 4367 precata
2492 4337 2505 4359 ,
2527 4295 2780 4363 impetum
2812 4291 2926 4361 ejus
2952 4288 3209 4344 cohibuit.
3240 4289 3548 4356 Mortuoque
3590 4285 3697 4338 Na-

2127 4388 2264 4455 bale,
2298 4387 2516 4456 Abigaia
2545 4385 2659 4453 ejus
2686 4397 2817 4436 uxor
2843 4381 3086 4435 efficitur.
3115 4378 3245 4432 Cum
3269 4379 3520 4431 audiisset
3541 4375 3695 4442 Saiil,

2125 4495 2229 4548 quo
2258 4479 2307 4530 in
2337 4480 2454 4530 loco
2483 4485 2622 4529 esset
2667 4472 2828 4527 David
2851 4513 2864 4537 ,
2895 4472 3038 4524 venit
3057 4484 3241 4523 rursus
3266 4467 3332 4519 ad
3360 4482 3500 4520 eum.
3556 4467 3696 4519 Dor-

2128 4570 2321 4622 miente
2351 4577 2524 4620 autem
2565 4565 2720 4619 Saule
2746 4578 2864 4618 cum
2893 4572 3003 4615 toto
3050 4561 3283 4614 exercitu
3313 4573 3444 4622 suo,
3484 4557 3699 4612 advenit

2130 4659 2292 4712 David
2320 4675 2438 4711 cum
2485 4657 2683 4710 Abessa
2719 4673 2732 4708 :
2777 4668 3000 4723 eumque
3045 4651 3130 4704 hic
3165 4650 3372 4719 juberet
3411 4647 3700 4702 confodere

2130 4749 2399 4802 inimicum
2419 4788 2432 4810 ,
2467 4762 2568 4799 non
2597 4744 2755 4798 cessit
2783 4744 2891 4807 ille,
2918 4741 3008 4796 sed
3040 4750 3256 4808 accepto
3288 4740 3486 4808 scypho
3511 4737 3598 4805 qui
3629 4737 3699 4790 ad

2129 4849 2287 4909 caput
2312 4840 2427 4907 ejus
2453 4846 2599 4901 erat,
2632 4845 2685 4890 et
2726 4836 2903 4900 hasta,
2937 4835 3142 4901 longius
3173 4830 3453 4898 processit,
3486 4838 3536 4881 et
3587 4828 3699 4880 cla-

2129 4946 2281 4984 mans
2321 4927 2567 4984 excitavit
2595 4925 2710 4994 ejus
2731 4925 2942 4989 ducem,
2969 4931 3019 4974 et
3040 4921 3106 4975 de
3131 4918 3371 4973 socordia
3400 4917 3698 4981 incusabat,

2130 5021 2270 5091 quod
2296 5035 2401 5074 non
2440 5017 2728 5072 custodiret
2770 5029 2965 5082 regem.
3015 5011 3361 5078 Ostenditque
3392 5009 3594 5062 hastam
3644 5018 3701 5061 et

2130 5115 2388 5184 scyphum
2411 5152 2424 5177 ,
2453 5119 2504 5164 et
2545 5109 2748 5161 incusat
2784 5104 2998 5159 Sauletn
3018 5143 3034 5169 ,
3065 5102 3204 5171 quod
3233 5115 3353 5154 eum
3376 5099 3464 5167 qui
3488 5113 3544 5152 se
3567 5097 3704 5151 nihil

2131 5206 2340 5262 laeserat
2388 5205 2767 5270 insequeretur.
2816 5197 2965 5250 Tunc
3009 5195 3140 5263 fugit
3189 5191 3349 5245 David
3398 5190 3464 5243 ad
3520 5203 3701 5256 regem

2129 5299 2387 5355 Anchus:
2438 5307 2607 5362 neque
2653 5292 2793 5346 enim
2843 5299 3008 5342 tutum
3064 5300 3183 5340 esse
3237 5283 3450 5352 putabat
3493 5278 3701 5334 versari

2132 5404 2294 5459 prope
2319 5388 2552 5442 Saﬁlem.
2581 5382 2786 5451 Accipit
2813 5377 2976 5434 David
3003 5378 3069 5430 ab
3111 5373 3323 5429 Auchus
3355 5371 3570 5426 Secelac
3599 5388 3612 5423 :
3646 5380 3705 5424 et

2132 5485 2373 5537 incursus
2402 5476 2627 5532 faciebat
2675 5475 2729 5528 in
2770 5473 2952 5528 hostes
2977 5511 2991 5534 ,
3022 5466 3418 5536 accipiebatque
3447 5463 3704 5532 pecunias

2131 5588 2184 5631 et
2213 5591 2338 5630 oves
2361 5572 2568 5628 multas.
2597 5571 2747 5626 Tunc
2773 5577 3157 5638 congregantur
3183 5563 3491 5632 alienigena:
3513 5572 3703 5616 contra

2132 5668 2400 5730 lsraelem,
2426 5673 2479 5718 et
2498 5663 2625 5719 Saul
2655 5663 2944 5730 interrogat
2969 5652 3460 5727 eugastrimytbam.
3494 5650 3668 5706 Rcver
3693 5681 3701 5689 -

2202 5828 2212 5857 '
2240 5825 2349 5885 Alii,
2367 5823 2599 5875 ωιιαιιιηη.
