  <div class='ocr_page' id='page_1' title='image "/cluster/home/n/w/nwhite01/storage/ocr_20150623/56/ien.35556001660836/343.png"; bbox 0 0 3996 6420; ppageno 0'>
   <div class='ocr_carea' id='block_1_1' title="bbox 583 442 697 499">
    <p class='ocr_par' dir='ltr' id='par_1_1' title="bbox 583 442 697 499">
     <span class='ocr_line' id='line_1_1' title="bbox 583 442 697 499; baseline -0.018 -1"><span class='ocrx_word' id='word_1_1' title='bbox 583 442 697 499; x_wconf 85' lang='grc'>345</span> 
     </span>
    </p>
   </div>
   <div class='ocr_carea' id='block_1_2' title="bbox 578 519 2130 601">
    <p class='ocr_par' dir='ltr' id='par_1_2' title="bbox 578 519 2130 601">
     <span class='ocr_line' id='line_1_2' title="bbox 578 519 2130 601; baseline -0.009 -16"><span class='ocrx_word' id='word_1_2' title='bbox 578 533 760 601; x_wconf 82' lang='grc' dir='ltr'>φύλων</span> <span class='ocrx_word' id='word_1_3' title='bbox 785 528 1133 595; x_wconf 76' lang='grc' dir='ltr'>συνεξελθεῖν,</span> <span class='ocrx_word' id='word_1_4' title='bbox 1155 526 1543 588; x_wconf 71' lang='grc' dir='ltr'>ὑποπτεύοντες</span> <span class='ocrx_word' id='word_1_5' title='bbox 1569 523 1730 578; x_wconf 90' lang='grc' dir='ltr'>αὐτὸν</span> <span class='ocrx_word' id='word_1_6' title='bbox 1754 520 2049 591; x_wconf 78' lang='grc' dir='ltr'>προδιδόναι</span> <span class='ocrx_word' id='word_1_7' title='bbox 2071 519 2130 571; x_wconf 88' lang='lat'>:6</span> 
     </span>
    </p>
   </div>
   <div class='ocr_carea' id='block_1_3' title="bbox 581 606 2131 689">
    <p class='ocr_par' dir='ltr' id='par_1_3' title="bbox 581 606 2131 689">
     <span class='ocr_line' id='line_1_3' title="bbox 581 606 2131 689; baseline -0.009 -20"><span class='ocrx_word' id='word_1_8' title='bbox 581 615 979 689; x_wconf 85' lang='grc' dir='ltr'>στρατόπεδον),</span> <span class='ocrx_word' id='word_1_9' title='bbox 1010 613 1249 683; x_wconf 83' lang='grc' dir='ltr'>εὑρίσκει</span> <span class='ocrx_word' id='word_1_10' title='bbox 1269 616 1368 681; x_wconf 80' lang='grc' dir='ltr'>τήν</span> <span class='ocrx_word' id='word_1_11' title='bbox 1391 610 1627 664; x_wconf 85' lang='grc' dir='ltr'>Σεκελὰκ</span> <span class='ocrx_word' id='word_1_12' title='bbox 1650 606 2131 678; x_wconf 76' lang='grc' dir='ltr'>ἐμπεπρησμένην,</span> 
     </span>
    </p>
   </div>
   <div class='ocr_carea' id='block_1_4' title="bbox 578 693 2134 768">
    <p class='ocr_par' dir='ltr' id='par_1_4' title="bbox 578 693 2134 768">
     <span class='ocr_line' id='line_1_4' title="bbox 578 693 2134 768; baseline -0.008 -13"><span class='ocrx_word' id='word_1_13' title='bbox 578 706 675 757; x_wconf 85' lang='grc' dir='ltr'>καὶ</span> <span class='ocrx_word' id='word_1_14' title='bbox 710 703 805 765; x_wconf 79' lang='grc' dir='ltr'>τὰς</span> <span class='ocrx_word' id='word_1_15' title='bbox 832 702 1093 768; x_wconf 83' lang='grc' dir='ltr'>γυναῖκας</span> <span class='ocrx_word' id='word_1_16' title='bbox 1117 699 1350 768; x_wconf 76' lang='grc' dir='ltr'>οὐδαμοῦ</span> <span class='ocrx_word' id='word_1_17' title='bbox 1371 713 1386 727; x_wconf 81' lang='grc'><em>’</em></span> <span class='ocrx_word' id='word_1_18' title='bbox 1449 696 1771 767; x_wconf 81' lang='grc' dir='ltr'>ἀπήχθησαν</span> <span class='ocrx_word' id='word_1_19' title='bbox 1818 693 1924 762; x_wconf 84' lang='grc' dir='ltr'>γὰρ</span> <span class='ocrx_word' id='word_1_20' title='bbox 1974 693 2134 759; x_wconf 84' lang='grc' dir='ltr'>αἰχμ-</span> 
     </span>
    </p>
   </div>
   <div class='ocr_carea' id='block_1_5' title="bbox 579 779 2132 859">
    <p class='ocr_par' dir='ltr' id='par_1_5' title="bbox 579 779 2132 859">
     <span class='ocr_line' id='line_1_5' title="bbox 579 779 2132 859; baseline -0.009 -17"><span class='ocrx_word' id='word_1_21' title='bbox 579 790 793 842; x_wconf 85' lang='grc' dir='ltr'>άλωτοι.</span> <span class='ocrx_word' id='word_1_22' title='bbox 841 787 1125 859; x_wconf 87' lang='grc' dir='ltr'>Ἑρόμενος</span> <span class='ocrx_word' id='word_1_23' title='bbox 1152 786 1210 837; x_wconf 77' lang='grc' dir='ltr'>δὲ</span> <span class='ocrx_word' id='word_1_24' title='bbox 1242 785 1334 836; x_wconf 88' lang='grc' dir='ltr'>τὸν</span> <span class='ocrx_word' id='word_1_25' title='bbox 1370 784 1520 846; x_wconf 82' lang='grc' dir='ltr'>Θεὸν,</span> <span class='ocrx_word' id='word_1_26' title='bbox 1552 784 1599 835; x_wconf 87' lang='grc' dir='ltr'>εί</span> <span class='ocrx_word' id='word_1_27' title='bbox 1635 782 1742 835; x_wconf 82' lang='grc' dir='ltr'>δέοι</span> <span class='ocrx_word' id='word_1_28' title='bbox 1788 779 2132 843; x_wconf 78' lang='grc' dir='ltr'>καταδιῶξαι,</span> 
     </span>
    </p>
   </div>
   <div class='ocr_carea' id='block_1_6' title="bbox 578 863 2135 937">
    <p class='ocr_par' dir='ltr' id='par_1_6' title="bbox 578 863 2135 937">
     <span class='ocr_line' id='line_1_6' title="bbox 578 863 2135 937; baseline -0.008 -11"><span class='ocrx_word' id='word_1_29' title='bbox 578 874 818 936; x_wconf 81' lang='grc' dir='ltr'>εἰπόντος</span> <span class='ocrx_word' id='word_1_30' title='bbox 841 873 920 925; x_wconf 77' lang='grc' dir='ltr'>ὅτι</span> <span class='ocrx_word' id='word_1_31' title='bbox 948 872 1077 933; x_wconf 88' lang='grc' dir='ltr'>δέοι,</span> <span class='ocrx_word' id='word_1_32' title='bbox 1110 869 1418 933; x_wconf 80' lang='grc' dir='ltr'>κατεδίωξε.</span> <span class='ocrx_word' id='word_1_33' title='bbox 1461 868 1568 922; x_wconf 86' lang='grc' dir='ltr'>Καὶ</span> <span class='ocrx_word' id='word_1_34' title='bbox 1603 865 1788 937; x_wconf 88' lang='grc' dir='ltr'>μαθὼν</span> <span class='ocrx_word' id='word_1_35' title='bbox 1834 863 1985 935; x_wconf 88' lang='grc' dir='ltr'>παρά</span> <span class='ocrx_word' id='word_1_36' title='bbox 2011 880 2135 915; x_wconf 85' lang='grc' dir='ltr'>παι-</span> 
     </span>
    </p>
   </div>
   <div class='ocr_carea' id='block_1_7' title="bbox 577 949 2137 1026">
    <p class='ocr_par' dir='ltr' id='par_1_7' title="bbox 577 949 2137 1026">
     <span class='ocr_line' id='line_1_7' title="bbox 577 949 2137 1026; baseline -0.009 -14"><span class='ocrx_word' id='word_1_37' title='bbox 577 961 689 1012; x_wconf 88' lang='grc' dir='ltr'>δίου</span> <span class='ocrx_word' id='word_1_38' title='bbox 708 957 1023 1026; x_wconf 71' lang='grc' dir='ltr'>Αἰγυπτίου,</span> <span class='ocrx_word' id='word_1_39' title='bbox 1058 955 1159 1009; x_wconf 89' lang='grc' dir='ltr'>ποῦ</span> <span class='ocrx_word' id='word_1_40' title='bbox 1192 953 1719 1025; x_wconf 79' lang='grc' dir='ltr'>στρατοπεδεύονται,</span> <span class='ocrx_word' id='word_1_41' title='bbox 1759 949 1910 1021; x_wconf 67' lang='grc'>[548]</span> <span class='ocrx_word' id='word_1_42' title='bbox 1941 949 2137 1001; x_wconf 80' lang='grc' dir='ltr'>ἐπιπε-</span> 
     </span>
    </p>
   </div>
   <div class='ocr_carea' id='block_1_8' title="bbox 580 1032 2136 1113">
    <p class='ocr_par' dir='ltr' id='par_1_8' title="bbox 580 1032 2136 1113">
     <span class='ocr_line' id='line_1_8' title="bbox 580 1032 2136 1113; baseline -0.007 -17"><span class='ocrx_word' id='word_1_43' title='bbox 580 1044 688 1096; x_wconf 85' lang='grc' dir='ltr'>σὼν</span> <span class='ocrx_word' id='word_1_44' title='bbox 726 1042 1077 1113; x_wconf 67' lang='grc' dir='ltr'>ρᾳθυμοῦσιν,</span> <span class='ocrx_word' id='word_1_45' title='bbox 1130 1040 1394 1103; x_wconf 73' lang='grc' dir='ltr'>ἐπάταξεν</span> <span class='ocrx_word' id='word_1_46' title='bbox 1427 1038 1662 1100; x_wconf 80' lang='grc' dir='ltr'>αὐτοὺς,</span> <span class='ocrx_word' id='word_1_47' title='bbox 1706 1037 1803 1091; x_wconf 82' lang='grc' dir='ltr'>καὶ</span> <span class='ocrx_word' id='word_1_48' title='bbox 1851 1035 1919 1087; x_wconf 88' lang='grc' dir='ltr'>τά</span> <span class='ocrx_word' id='word_1_49' title='bbox 1967 1032 2136 1086; x_wconf 88' lang='grc' dir='ltr'>σκῦλα</span> 
     </span>
    </p>
   </div>
   <div class='ocr_carea' id='block_1_9' title="bbox 580 1121 2138 1198">
    <p class='ocr_par' dir='ltr' id='par_1_9' title="bbox 580 1121 2138 1198">
     <span class='ocr_line' id='line_1_9' title="bbox 580 1121 2138 1198; baseline -0.007 -14"><span class='ocrx_word' id='word_1_50' title='bbox 580 1132 757 1194; x_wconf 87' lang='grc' dir='ltr'>ἔλαϐε,</span> <span class='ocrx_word' id='word_1_51' title='bbox 796 1130 889 1183; x_wconf 88' lang='grc' dir='ltr'>καὶ</span> <span class='ocrx_word' id='word_1_52' title='bbox 919 1129 1181 1198; x_wconf 84' lang='grc' dir='ltr'>διένειμεν</span> <span class='ocrx_word' id='word_1_53' title='bbox 1204 1128 1262 1192; x_wconf 81' lang='grc' dir='ltr'>ἐξ</span> <span class='ocrx_word' id='word_1_54' title='bbox 1294 1129 1413 1195; x_wconf 78' lang='grc' dir='ltr'>ἴσης</span> <span class='ocrx_word' id='word_1_55' title='bbox 1462 1128 1573 1189; x_wconf 85' lang='grc' dir='ltr'>τοῖς</span> <span class='ocrx_word' id='word_1_56' title='bbox 1593 1142 1652 1178; x_wconf 92' lang='grc' dir='ltr'>τε</span> <span class='ocrx_word' id='word_1_57' title='bbox 1683 1123 2018 1193; x_wconf 82' lang='grc' dir='ltr'>πολεμήσασι</span> <span class='ocrx_word' id='word_1_58' title='bbox 2046 1121 2138 1174; x_wconf 88' lang='grc' dir='ltr'>καὶ</span> 
     </span>
    </p>
   </div>
   <div class='ocr_carea' id='block_1_10' title="bbox 579 1207 2138 1287">
    <p class='ocr_par' dir='ltr' id='par_1_10' title="bbox 579 1207 2138 1287">
     <span class='ocr_line' id='line_1_10' title="bbox 579 1207 2138 1287; baseline -0.008 -16"><span class='ocrx_word' id='word_1_59' title='bbox 579 1220 690 1280; x_wconf 83' lang='grc' dir='ltr'>τοῖς</span> <span class='ocrx_word' id='word_1_60' title='bbox 714 1216 1069 1287; x_wconf 84' lang='grc' dir='ltr'>ἀπομείνασιν</span> <span class='ocrx_word' id='word_1_61' title='bbox 1092 1216 1183 1268; x_wconf 88' lang='grc' dir='ltr'>ἐπὶ</span> <span class='ocrx_word' id='word_1_62' title='bbox 1198 1214 1305 1266; x_wconf 89' lang='grc' dir='ltr'>τῶν</span> <span class='ocrx_word' id='word_1_63' title='bbox 1334 1211 1560 1265; x_wconf 80' lang='grc' dir='ltr'>σκευῶν.</span> <span class='ocrx_word' id='word_1_64' title='bbox 1601 1212 1687 1273; x_wconf 89' lang='lat'><strong>&#39;0;</strong></span> <span class='ocrx_word' id='word_1_65' title='bbox 1719 1210 1775 1263; x_wconf 92' lang='grc' dir='ltr'>δέ</span> <span class='ocrx_word' id='word_1_66' title='bbox 1803 1212 1832 1262; x_wconf 94' lang='lat'>6</span> <span class='ocrx_word' id='word_1_67' title='bbox 1876 1209 2012 1278; x_wconf 83' lang='lat'>1:96;</span> <span class='ocrx_word' id='word_1_68' title='bbox 2047 1207 2138 1260; x_wconf 86' lang='lat' dir='ltr'>:6v</span> 
     </span>
    </p>
   </div>
   <div class='ocr_carea' id='block_1_11' title="bbox 591 1293 2138 1373">
    <p class='ocr_par' dir='ltr' id='par_1_11' title="bbox 591 1293 2138 1373">
     <span class='ocr_line' id='line_1_11' title="bbox 591 1293 2138 1373; baseline -0.007 -18"><span class='ocrx_word' id='word_1_69' title='bbox 591 1302 805 1373; x_wconf 80' lang='grc' dir='ltr'>Ἰσραὴλ</span> <span class='ocrx_word' id='word_1_70' title='bbox 826 1302 1011 1369; x_wconf 90' lang='grc' dir='ltr'>γέγονε</span> <span class='ocrx_word' id='word_1_71' title='bbox 1034 1300 1263 1368; x_wconf 74' lang='grc' dir='ltr'>πόλεμος</span> <span class='ocrx_word' id='word_1_72' title='bbox 1283 1296 1393 1350; x_wconf 88' lang='grc' dir='ltr'>τῶν</span> <span class='ocrx_word' id='word_1_73' title='bbox 1414 1295 1740 1364; x_wconf 80' lang='grc' dir='ltr'>ἀλλοφύλων,</span> <span class='ocrx_word' id='word_1_74' title='bbox 1764 1295 1949 1347; x_wconf 86' lang='grc' dir='ltr'>πίπτει</span> <span class='ocrx_word' id='word_1_75' title='bbox 1967 1293 2138 1346; x_wconf 79' lang='grc' dir='ltr'>Σαοὺλ</span> 
     </span>
    </p>
   </div>
   <div class='ocr_carea' id='block_1_12' title="bbox 581 1379 2138 1454">
    <p class='ocr_par' dir='ltr' id='par_1_12' title="bbox 581 1379 2138 1454">
     <span class='ocr_line' id='line_1_12' title="bbox 581 1379 2138 1454; baseline -0.008 -11"><span class='ocrx_word' id='word_1_76' title='bbox 581 1391 674 1445; x_wconf 86' lang='grc' dir='ltr'>καὶ</span> <span class='ocrx_word' id='word_1_77' title='bbox 710 1389 984 1454; x_wconf 83' lang='grc' dir='ltr'>Ἰωνάθαν,</span> <span class='ocrx_word' id='word_1_78' title='bbox 1017 1388 1111 1440; x_wconf 86' lang='grc' dir='ltr'>καὶ</span> <span class='ocrx_word' id='word_1_79' title='bbox 1147 1389 1194 1439; x_wconf 79' lang='grc' dir='ltr'>οἱ</span> <span class='ocrx_word' id='word_1_80' title='bbox 1234 1385 1325 1437; x_wconf 89' lang='grc' dir='ltr'>δύο</span> <span class='ocrx_word' id='word_1_81' title='bbox 1350 1384 1497 1437; x_wconf 79' lang='grc' dir='ltr'>ἄλλοι</span> <span class='ocrx_word' id='word_1_82' title='bbox 1539 1382 1645 1435; x_wconf 76' lang='grc' dir='ltr'>υἱοὶ</span> <span class='ocrx_word' id='word_1_83' title='bbox 1670 1380 1831 1434; x_wconf 87' lang='grc' dir='ltr'>αὐτοῦ</span> <span class='ocrx_word' id='word_1_84' title='bbox 1851 1396 1864 1409; x_wconf 87' lang='grc'><strong>·</strong></span> <span class='ocrx_word' id='word_1_85' title='bbox 1916 1381 2010 1433; x_wconf 91' lang='grc' dir='ltr'>καὶ</span> <span class='ocrx_word' id='word_1_86' title='bbox 2041 1379 2138 1431; x_wconf 90' lang='grc' dir='ltr'>λα-</span> 
     </span>
    </p>
   </div>
   <div class='ocr_carea' id='block_1_13' title="bbox 582 1465 2140 1541">
    <p class='ocr_par' dir='ltr' id='par_1_13' title="bbox 582 1465 2140 1541">
     <span class='ocr_line' id='line_1_13' title="bbox 582 1465 2140 1541; baseline -0.009 -12"><span class='ocrx_word' id='word_1_87' title='bbox 582 1476 765 1539; x_wconf 86' lang='grc' dir='ltr'>ϐόντες</span> <span class='ocrx_word' id='word_1_88' title='bbox 787 1474 946 1528; x_wconf 90' lang='grc' dir='ltr'>αὐτὸν</span> <span class='ocrx_word' id='word_1_89' title='bbox 978 1475 1026 1525; x_wconf 87' lang='grc' dir='ltr'>οἱ</span> <span class='ocrx_word' id='word_1_90' title='bbox 1056 1471 1322 1541; x_wconf 90' lang='grc' dir='ltr'>πολέμιοι,</span> <span class='ocrx_word' id='word_1_91' title='bbox 1360 1468 1702 1538; x_wconf 80' lang='grc' dir='ltr'>προσέπηξαν</span> <span class='ocrx_word' id='word_1_92' title='bbox 1724 1468 1799 1536; x_wconf 86' lang='grc' dir='ltr'>τῷ</span> <span class='ocrx_word' id='word_1_93' title='bbox 1826 1466 1992 1534; x_wconf 86' lang='grc' dir='ltr'>τείχει</span> <span class='ocrx_word' id='word_1_94' title='bbox 2016 1465 2140 1516; x_wconf 80' lang='grc' dir='ltr'>Βιθ-</span> 
     </span>
    </p>
   </div>
   <div class='ocr_carea' id='block_1_14' title="bbox 583 1550 2139 1631">
    <p class='ocr_par' dir='ltr' id='par_1_14' title="bbox 583 1550 2139 1631">
     <span class='ocr_line' id='line_1_14' title="bbox 583 1550 2139 1631; baseline -0.009 -15"><span class='ocrx_word' id='word_1_95' title='bbox 583 1562 714 1627; x_wconf 80' lang='grc' dir='ltr'>σάν,</span> <span class='ocrx_word' id='word_1_96' title='bbox 769 1565 803 1631; x_wconf 82' lang='grc' dir='ltr'>ἦ</span> <span class='ocrx_word' id='word_1_97' title='bbox 845 1562 958 1613; x_wconf 84' lang='grc' dir='ltr'>ἐστι</span> <span class='ocrx_word' id='word_1_98' title='bbox 988 1556 1335 1621; x_wconf 83' lang='grc' dir='ltr'>Σκυθόπολις.</span> <span class='ocrx_word' id='word_1_99' title='bbox 1392 1556 1662 1617; x_wconf 85' lang='grc' dir='ltr'>Ἑλθόντες</span> <span class='ocrx_word' id='word_1_100' title='bbox 1713 1554 1768 1605; x_wconf 80' lang='grc' dir='ltr'>δὲ</span> <span class='ocrx_word' id='word_1_101' title='bbox 1804 1554 1853 1604; x_wconf 78' lang='grc' dir='ltr'>οἱ</span> <span class='ocrx_word' id='word_1_102' title='bbox 1892 1551 1998 1604; x_wconf 79' lang='grc' dir='ltr'>ἀπὸ</span> <span class='ocrx_word' id='word_1_103' title='bbox 2036 1550 2139 1603; x_wconf 84' lang='grc' dir='ltr'>Ἰά-</span> 
     </span>
    </p>
   </div>
   <div class='ocr_carea' id='block_1_15' title="bbox 581 1636 2134 1720">
    <p class='ocr_par' dir='ltr' id='par_1_15' title="bbox 581 1636 2134 1720">
     <span class='ocr_line' id='line_1_15' title="bbox 581 1636 2134 1720; baseline -0.008 -17"><span class='ocrx_word' id='word_1_104' title='bbox 581 1651 679 1720; x_wconf 83' lang='grc' dir='ltr'>ϐης</span> <span class='ocrx_word' id='word_1_105' title='bbox 699 1662 746 1708; x_wconf 76' lang='grc' dir='ltr'>ι.</span> <span class='ocrx_word' id='word_1_106' title='bbox 765 1648 953 1700; x_wconf 75' lang='grc' dir='ltr'>ἔλαϐόν</span> <span class='ocrx_word' id='word_1_107' title='bbox 974 1664 1033 1699; x_wconf 89' lang='grc' dir='ltr'>τε</span> <span class='ocrx_word' id='word_1_108' title='bbox 1062 1643 1215 1698; x_wconf 75' lang='grc' dir='ltr'>αὐτὸν</span> <span class='ocrx_word' id='word_1_109' title='bbox 1250 1644 1340 1695; x_wconf 79' lang='grc' dir='ltr'>καὶ</span> <span class='ocrx_word' id='word_1_110' title='bbox 1369 1642 1458 1694; x_wconf 91' lang='grc' dir='ltr'>τὸν</span> <span class='ocrx_word' id='word_1_111' title='bbox 1493 1639 1763 1702; x_wconf 84' lang='grc' dir='ltr'>Ἰωνάθαν,</span> <span class='ocrx_word' id='word_1_112' title='bbox 1797 1637 1890 1690; x_wconf 89' lang='grc' dir='ltr'>καὶ</span> <span class='ocrx_word' id='word_1_113' title='bbox 1912 1636 2134 1706; x_wconf 73' lang='grc' dir='ltr'>ἔθαψαν.</span> 
     </span>
    </p>
   </div>
   <div class='ocr_carea' id='block_1_16' title="bbox 1135 1791 1582 1856">
    <p class='ocr_par' dir='ltr' id='par_1_16' title="bbox 1135 1791 1582 1856">
     <span class='ocr_line' id='line_1_16' title="bbox 1135 1791 1582 1856; baseline -0.007 -9"><span class='ocrx_word' id='word_1_114' title='bbox 1135 1791 1460 1847; x_wconf 79' lang='grc' dir='ltr'>Βασιλειῶν</span> <span class='ocrx_word' id='word_1_115' title='bbox 1503 1792 1582 1856; x_wconf 78' lang='grc' dir='ltr'>β’.</span> 
     </span>
    </p>
   </div>
   <div class='ocr_carea' id='block_1_17' title="bbox 655 1893 2139 1976">
    <p class='ocr_par' dir='ltr' id='par_1_17' title="bbox 655 1893 2139 1976">
     <span class='ocr_line' id='line_1_17' title="bbox 655 1893 2139 1976; baseline -0.009 -17"><span class='ocrx_word' id='word_1_116' title='bbox 655 1905 911 1976; x_wconf 81' lang='grc' dir='ltr'>Ἔρχεται</span> <span class='ocrx_word' id='word_1_117' title='bbox 956 1920 1037 1962; x_wconf 86' lang='grc' dir='ltr'>τις</span> <span class='ocrx_word' id='word_1_118' title='bbox 1069 1900 1422 1968; x_wconf 78' lang='grc' dir='ltr'>ἀπαγγέλλων</span> <span class='ocrx_word' id='word_1_119' title='bbox 1475 1898 1554 1969; x_wconf 80' lang='grc' dir='ltr'>τῷ</span> <span class='ocrx_word' id='word_1_120' title='bbox 1580 1896 1761 1959; x_wconf 89' lang='lat'>60616,</span> <span class='ocrx_word' id='word_1_121' title='bbox 1804 1897 1885 1949; x_wconf 84' lang='grc' dir='ltr'>ὅτι</span> <span class='ocrx_word' id='word_1_122' title='bbox 1931 1893 2139 1947; x_wconf 82' lang='grc' dir='ltr'>ἀνεῖλεν</span> 
     </span>
    </p>
   </div>
   <div class='ocr_carea' id='block_1_18' title="bbox 582 1979 2140 2055">
    <p class='ocr_par' dir='ltr' id='par_1_18' title="bbox 582 1979 2140 2055">
     <span class='ocr_line' id='line_1_18' title="bbox 582 1979 2140 2055; baseline -0.01 -9"><span class='ocrx_word' id='word_1_123' title='bbox 582 1994 744 2055; x_wconf 84' lang='grc' dir='ltr'>αὐτὸς</span> <span class='ocrx_word' id='word_1_124' title='bbox 772 1991 864 2044; x_wconf 87' lang='grc' dir='ltr'>τὸν</span> <span class='ocrx_word' id='word_1_125' title='bbox 902 1988 1099 2043; x_wconf 77' lang='grc' dir='ltr'>Σαούλ’</span> <span class='ocrx_word' id='word_1_126' title='bbox 1158 1987 1251 2040; x_wconf 91' lang='grc' dir='ltr'>καὶ</span> <span class='ocrx_word' id='word_1_127' title='bbox 1306 1985 1511 2041; x_wconf 83' lang='grc' dir='ltr'>ἀνεῖλεν</span> <span class='ocrx_word' id='word_1_128' title='bbox 1552 1984 1713 2037; x_wconf 88' lang='grc' dir='ltr'>αὐτὸν</span> <span class='ocrx_word' id='word_1_129' title='bbox 1750 1984 1778 2035; x_wconf 90' lang='lat'>6</span> <span class='ocrx_word' id='word_1_130' title='bbox 1819 1979 1980 2035; x_wconf 77' lang='lat'>60616</span> <span class='ocrx_word' id='word_1_131' title='bbox 2004 1996 2018 2010; x_wconf 88' lang='grc'><strong>·</strong></span> <span class='ocrx_word' id='word_1_132' title='bbox 2046 1979 2140 2032; x_wconf 90' lang='grc' dir='ltr'>καὶ</span> 
     </span>
    </p>
   </div>
   <div class='ocr_carea' id='block_1_19' title="bbox 583 2065 2138 2150">
    <p class='ocr_par' dir='ltr' id='par_1_19' title="bbox 583 2065 2138 2150">
     <span class='ocr_line' id='line_1_19' title="bbox 583 2065 2138 2150; baseline -0.01 -17"><span class='ocrx_word' id='word_1_133' title='bbox 583 2080 847 2150; x_wconf 87' lang='grc' dir='ltr'>ἐθρήνησε</span> <span class='ocrx_word' id='word_1_134' title='bbox 876 2076 968 2129; x_wconf 87' lang='grc' dir='ltr'>τὸν</span> <span class='ocrx_word' id='word_1_135' title='bbox 1000 2072 1170 2126; x_wconf 79' lang='grc' dir='ltr'>Σαοὺλ</span> <span class='ocrx_word' id='word_1_136' title='bbox 1212 2073 1305 2124; x_wconf 89' lang='grc' dir='ltr'>καὶ</span> <span class='ocrx_word' id='word_1_137' title='bbox 1351 2072 1439 2123; x_wconf 88' lang='grc' dir='ltr'>τὸν</span> <span class='ocrx_word' id='word_1_138' title='bbox 1466 2069 1741 2129; x_wconf 86' lang='grc' dir='ltr'>Ἰωνάθαν,</span> <span class='ocrx_word' id='word_1_139' title='bbox 1771 2067 1864 2120; x_wconf 83' lang='grc' dir='ltr'>καὶ</span> <span class='ocrx_word' id='word_1_140' title='bbox 1900 2065 2138 2137; x_wconf 88' lang='grc' dir='ltr'>χρίουσιν</span> 
     </span>
    </p>
   </div>
   <div class='ocr_carea' id='block_1_20' title="bbox 583 2151 2139 2231">
    <p class='ocr_par' dir='ltr' id='par_1_20' title="bbox 583 2151 2139 2231">
     <span class='ocr_line' id='line_1_20' title="bbox 583 2151 2139 2231; baseline -0.01 -13"><span class='ocrx_word' id='word_1_141' title='bbox 583 2166 744 2219; x_wconf 85' lang='grc' dir='ltr'>αὐτὸν</span> <span class='ocrx_word' id='word_1_142' title='bbox 778 2166 853 2226; x_wconf 84' lang='grc' dir='ltr'>είς</span> <span class='ocrx_word' id='word_1_143' title='bbox 887 2161 1127 2231; x_wconf 85' lang='grc' dir='ltr'>βασιλέα.</span> <span class='ocrx_word' id='word_1_144' title='bbox 1168 2159 1278 2211; x_wconf 82' lang='grc' dir='ltr'>Καὶ</span> <span class='ocrx_word' id='word_1_145' title='bbox 1298 2157 1608 2210; x_wconf 83' lang='grc' dir='ltr'>ἀποστέλλει</span> <span class='ocrx_word' id='word_1_146' title='bbox 1642 2157 1775 2225; x_wconf 78' lang='grc' dir='ltr'>πρὸς</span> <span class='ocrx_word' id='word_1_147' title='bbox 1814 2154 1939 2215; x_wconf 81' lang='grc' dir='ltr'>τούς</span> <span class='ocrx_word' id='word_1_148' title='bbox 1974 2151 2139 2213; x_wconf 82' lang='grc' dir='ltr'>’ῐαϐἐς</span> 
     </span>
    </p>
   </div>
   <div class='ocr_carea' id='block_1_21' title="bbox 583 2238 2139 2315">
    <p class='ocr_par' dir='ltr' id='par_1_21' title="bbox 583 2238 2139 2315">
     <span class='ocr_line' id='line_1_21' title="bbox 583 2238 2139 2315; baseline -0.011 -9"><span class='ocrx_word' id='word_1_149' title='bbox 583 2251 813 2315; x_wconf 80' lang='grc' dir='ltr'>Γαλαὰδ,</span> <span class='ocrx_word' id='word_1_150' title='bbox 845 2248 1078 2302; x_wconf 88' lang='grc' dir='ltr'>ἐπαινῶν</span> <span class='ocrx_word' id='word_1_151' title='bbox 1110 2246 1306 2308; x_wconf 81' lang='grc' dir='ltr'>αὐτοὺς</span> <span class='ocrx_word' id='word_1_152' title='bbox 1328 2246 1408 2297; x_wconf 84' lang='grc' dir='ltr'>ὅτι</span> <span class='ocrx_word' id='word_1_153' title='bbox 1436 2243 1639 2311; x_wconf 72' lang='grc' dir='ltr'>ἔθαψαν</span> <span class='ocrx_word' id='word_1_154' title='bbox 1684 2242 1773 2294; x_wconf 88' lang='grc' dir='ltr'>τὸν</span> <span class='ocrx_word' id='word_1_155' title='bbox 1806 2239 1993 2293; x_wconf 90' lang='grc' dir='ltr'>Σαούλ.</span> <span class='ocrx_word' id='word_1_156' title='bbox 2032 2238 2139 2289; x_wconf 83' lang='grc' dir='ltr'>Καὶ</span> 
     </span>
    </p>
   </div>
   <div class='ocr_carea' id='block_1_22' title="bbox 596 2322 2137 2406">
    <p class='ocr_par' dir='ltr' id='par_1_22' title="bbox 596 2322 2137 2406">
     <span class='ocr_line' id='line_1_22' title="bbox 596 2322 2137 2406; baseline -0.011 -15"><span class='ocrx_word' id='word_1_157' title='bbox 596 2337 848 2406; x_wconf 78' lang='grc' dir='ltr'>Ἀϐεννὴρ</span> <span class='ocrx_word' id='word_1_158' title='bbox 882 2337 910 2387; x_wconf 96' lang='lat'>6</span> <span class='ocrx_word' id='word_1_159' title='bbox 943 2332 1243 2403; x_wconf 83' lang='grc' dir='ltr'>στρατηγὸς</span> <span class='ocrx_word' id='word_1_160' title='bbox 1287 2329 1379 2383; x_wconf 85' lang='grc' dir='ltr'>τοῦ</span> <span class='ocrx_word' id='word_1_161' title='bbox 1425 2328 1594 2383; x_wconf 81' lang='grc' dir='ltr'>Σαοὺλ</span> <span class='ocrx_word' id='word_1_162' title='bbox 1646 2327 1956 2380; x_wconf 88' lang='grc' dir='ltr'>ἐϐασίλευσε</span> <span class='ocrx_word' id='word_1_163' title='bbox 1985 2326 2013 2364; x_wconf 70' lang='grc' dir='ltr'><strong>ι)</strong></span> <span class='ocrx_word' id='word_1_164' title='bbox 2043 2322 2137 2376; x_wconf 89' lang='grc' dir='ltr'>τοῦ</span> 
     </span>
    </p>
   </div>
   <div class='ocr_carea' id='block_1_23' title="bbox 595 2409 2138 2494">
    <p class='ocr_par' dir='ltr' id='par_1_23' title="bbox 595 2409 2138 2494">
     <span class='ocr_line' id='line_1_23' title="bbox 595 2409 2138 2494; baseline -0.011 -17"><span class='ocrx_word' id='word_1_165' title='bbox 595 2422 809 2494; x_wconf 80' lang='grc' dir='ltr'>Ἰσραήλ</span> <span class='ocrx_word' id='word_1_166' title='bbox 839 2421 951 2474; x_wconf 87' lang='grc' dir='ltr'>υίὸν</span> <span class='ocrx_word' id='word_1_167' title='bbox 986 2417 1157 2472; x_wconf 82' lang='grc' dir='ltr'>Σαοὺλ</span> <span class='ocrx_word' id='word_1_168' title='bbox 1196 2416 1287 2470; x_wconf 75' lang='grc' dir='ltr'>τὸν</span> <span class='ocrx_word' id='word_1_169' title='bbox 1333 2412 1703 2484; x_wconf 85' lang='grc' dir='ltr'>Μεμφιϐοσθέ.</span> <span class='ocrx_word' id='word_1_170' title='bbox 1738 2411 1842 2465; x_wconf 91' lang='grc' dir='ltr'>Τοῦ</span> <span class='ocrx_word' id='word_1_171' title='bbox 1871 2412 1926 2464; x_wconf 83' lang='grc' dir='ltr'>δὲ</span> <span class='ocrx_word' id='word_1_172' title='bbox 1972 2409 2138 2463; x_wconf 82' lang='grc' dir='ltr'>Ἰούδα</span> 
     </span>
    </p>
   </div>
   <div class='ocr_carea' id='block_1_24' title="bbox 586 2497 2137 2570">
    <p class='ocr_par' dir='ltr' id='par_1_24' title="bbox 586 2497 2137 2570">
     <span class='ocr_line' id='line_1_24' title="bbox 586 2497 2137 2570; baseline -0.009 -7"><span class='ocrx_word' id='word_1_173' title='bbox 586 2511 899 2569; x_wconf 78' lang='grc' dir='ltr'>ἐϐασίλευσε</span> <span class='ocrx_word' id='word_1_174' title='bbox 930 2507 1111 2559; x_wconf 83' lang='grc' dir='ltr'>Δαυῖδ.</span> <span class='ocrx_word' id='word_1_175' title='bbox 1161 2506 1245 2566; x_wconf 88' lang='lat'><strong>&#39;0;</strong></span> <span class='ocrx_word' id='word_1_176' title='bbox 1286 2504 1341 2556; x_wconf 79' lang='grc' dir='ltr'>δὲ</span> <span class='ocrx_word' id='word_1_177' title='bbox 1380 2502 1664 2570; x_wconf 83' lang='grc' dir='ltr'>συνέτυχον</span> <span class='ocrx_word' id='word_1_178' title='bbox 1697 2500 1943 2569; x_wconf 89' lang='grc' dir='ltr'>ἀλλήλοις</span> <span class='ocrx_word' id='word_1_179' title='bbox 1981 2497 2137 2551; x_wconf 75' lang='grc' dir='ltr'>Ἰωάϐ</span> 
     </span>
    </p>
   </div>
   <div class='ocr_carea' id='block_1_25' title="bbox 585 2586 2139 2659">
    <p class='ocr_par' dir='ltr' id='par_1_25' title="bbox 585 2586 2139 2659">
     <span class='ocr_line' id='line_1_25' title="bbox 585 2586 2139 2659; baseline -0.01 -8"><span class='ocrx_word' id='word_1_180' title='bbox 585 2602 613 2651; x_wconf 92' lang='lat'>6</span> <span class='ocrx_word' id='word_1_181' title='bbox 639 2598 732 2650; x_wconf 86' lang='lat'>:06</span> <span class='ocrx_word' id='word_1_182' title='bbox 761 2594 941 2659; x_wconf 81' lang='lat'>60616,</span> <span class='ocrx_word' id='word_1_183' title='bbox 966 2594 1060 2646; x_wconf 90' lang='grc' dir='ltr'>καὶ</span> <span class='ocrx_word' id='word_1_184' title='bbox 1092 2592 1351 2659; x_wconf 78' lang='grc' dir='ltr'>Ἀϐεννὴρ</span> <span class='ocrx_word' id='word_1_185' title='bbox 1379 2592 1407 2642; x_wconf 91' lang='lat'>6</span> <span class='ocrx_word' id='word_1_186' title='bbox 1433 2589 1524 2642; x_wconf 88' lang='lat'>:06</span> <span class='ocrx_word' id='word_1_187' title='bbox 1546 2587 1737 2649; x_wconf 76' lang='grc' dir='ltr'>Σαοὺλ,</span> <span class='ocrx_word' id='word_1_188' title='bbox 1765 2586 1859 2640; x_wconf 86' lang='grc' dir='ltr'>καὶ</span> <span class='ocrx_word' id='word_1_189' title='bbox 1888 2602 2139 2654; x_wconf 84' lang='grc' dir='ltr'>συνεκρο-</span> 
     </span>
    </p>
   </div>
   <div class='ocr_carea' id='block_1_26' title="bbox 584 2673 2138 2755">
    <p class='ocr_par' dir='ltr' id='par_1_26' title="bbox 584 2673 2138 2755">
     <span class='ocr_line' id='line_1_26' title="bbox 584 2673 2138 2755; baseline -0.01 -14"><span class='ocrx_word' id='word_1_190' title='bbox 584 2686 721 2755; x_wconf 83' lang='grc' dir='ltr'>τήθη</span> <span class='ocrx_word' id='word_1_191' title='bbox 771 2684 999 2748; x_wconf 86' lang='grc' dir='ltr'>πόλεμος</span> <span class='ocrx_word' id='word_1_192' title='bbox 1046 2680 1154 2733; x_wconf 88' lang='grc' dir='ltr'>ἀπὸ</span> <span class='ocrx_word' id='word_1_193' title='bbox 1204 2678 1439 2741; x_wconf 78' lang='grc' dir='ltr'>παιδίας,</span> <span class='ocrx_word' id='word_1_194' title='bbox 1496 2675 1818 2730; x_wconf 85' lang='grc' dir='ltr'>κατεδίωκεν</span> <span class='ocrx_word' id='word_1_195' title='bbox 1867 2673 2062 2744; x_wconf 81' lang='grc' dir='ltr'>’Ᾱσαὴλ</span> <span class='ocrx_word' id='word_1_196' title='bbox 2110 2674 2138 2725; x_wconf 90' lang='lat'>6</span> 
     </span>
    </p>
   </div>
   <div class='ocr_carea' id='block_1_27' title="bbox 585 2761 2137 2840">
    <p class='ocr_par' dir='ltr' id='par_1_27' title="bbox 585 2761 2137 2840">
     <span class='ocr_line' id='line_1_27' title="bbox 585 2761 2137 2840; baseline -0.009 -14"><span class='ocrx_word' id='word_1_197' title='bbox 585 2772 810 2840; x_wconf 77' lang='grc' dir='ltr'>ἀδελφὸς</span> <span class='ocrx_word' id='word_1_198' title='bbox 851 2770 1005 2822; x_wconf 84' lang='grc' dir='ltr'>Ἰωάϐ</span> <span class='ocrx_word' id='word_1_199' title='bbox 1038 2768 1127 2822; x_wconf 85' lang='grc' dir='ltr'>τὸν</span> <span class='ocrx_word' id='word_1_200' title='bbox 1166 2767 1423 2835; x_wconf 87' lang='grc' dir='ltr'>Ἀϐεννήρ</span> <span class='ocrx_word' id='word_1_201' title='bbox 1443 2780 1457 2793; x_wconf 87' lang='grc'><strong>·</strong></span> <span class='ocrx_word' id='word_1_202' title='bbox 1497 2764 1590 2817; x_wconf 90' lang='grc' dir='ltr'>καὶ</span> <span class='ocrx_word' id='word_1_203' title='bbox 1610 2762 1867 2825; x_wconf 82' lang='grc' dir='ltr'>πολλάκις</span> <span class='ocrx_word' id='word_1_204' title='bbox 1892 2761 2137 2814; x_wconf 86' lang='grc' dir='ltr'>κελεύον-</span> 
     </span>
    </p>
   </div>
   <div class='ocr_carea' id='block_1_28' title="bbox 585 2847 2138 2926">
    <p class='ocr_par' dir='ltr' id='par_1_28' title="bbox 585 2847 2138 2926">
     <span class='ocr_line' id='line_1_28' title="bbox 585 2847 2138 2926; baseline -0.008 -15"><span class='ocrx_word' id='word_1_205' title='bbox 585 2877 670 2920; x_wconf 85' lang='grc' dir='ltr'>τος</span> <span class='ocrx_word' id='word_1_206' title='bbox 713 2858 1049 2926; x_wconf 84' lang='grc' dir='ltr'>ἀναχωρεῖν,</span> <span class='ocrx_word' id='word_1_207' title='bbox 1102 2854 1198 2906; x_wconf 90' lang='grc' dir='ltr'>οὐκ</span> <span class='ocrx_word' id='word_1_208' title='bbox 1230 2854 1500 2921; x_wconf 74' lang='grc' dir='ltr'>ἠνέσχετο.</span> <span class='ocrx_word' id='word_1_209' title='bbox 1536 2850 1667 2902; x_wconf 88' lang='grc' dir='ltr'>Τότε</span> <span class='ocrx_word' id='word_1_210' title='bbox 1722 2850 1935 2919; x_wconf 81' lang='grc' dir='ltr'>ἀναιρεῖ</span> <span class='ocrx_word' id='word_1_211' title='bbox 1980 2847 2138 2899; x_wconf 87' lang='grc' dir='ltr'>αὐτὸν</span> 
     </span>
    </p>
   </div>
   <div class='ocr_carea' id='block_1_29' title="bbox 598 2931 2136 3013">
    <p class='ocr_par' dir='ltr' id='par_1_29' title="bbox 598 2931 2136 3013">
     <span class='ocr_line' id='line_1_29' title="bbox 598 2931 2136 3013; baseline -0.007 -18"><span class='ocrx_word' id='word_1_212' title='bbox 598 2944 875 3013; x_wconf 80' lang='grc' dir='ltr'>Ἀϐεννὴρ,</span> <span class='ocrx_word' id='word_1_213' title='bbox 912 2942 1004 2993; x_wconf 91' lang='grc' dir='ltr'>καὶ</span> <span class='ocrx_word' id='word_1_214' title='bbox 1038 2940 1269 3000; x_wconf 82' lang='grc' dir='ltr'>καλέσας</span> <span class='ocrx_word' id='word_1_215' title='bbox 1292 2938 1383 2990; x_wconf 90' lang='grc' dir='ltr'>τὸν</span> <span class='ocrx_word' id='word_1_216' title='bbox 1404 2937 1561 2990; x_wconf 84' lang='grc' dir='ltr'>Ἰωὰϐ</span> <span class='ocrx_word' id='word_1_217' title='bbox 1587 2937 1835 3005; x_wconf 87' lang='grc' dir='ltr'>παραινεῖ</span> <span class='ocrx_word' id='word_1_218' title='bbox 1856 2931 2136 2987; x_wconf 85' lang='grc' dir='ltr'>καταπαῦ-</span> 
     </span>
    </p>
   </div>
   <div class='ocr_carea' id='block_1_30' title="bbox 588 3019 2137 3095">
    <p class='ocr_par' dir='ltr' id='par_1_30' title="bbox 588 3019 2137 3095">
     <span class='ocr_line' id='line_1_30' title="bbox 588 3019 2137 3095; baseline -0.006 -14"><span class='ocrx_word' id='word_1_219' title='bbox 588 3047 677 3081; x_wconf 88' lang='grc' dir='ltr'>σαι</span> <span class='ocrx_word' id='word_1_220' title='bbox 699 3030 787 3081; x_wconf 90' lang='grc' dir='ltr'>τὸν</span> <span class='ocrx_word' id='word_1_221' title='bbox 820 3027 1070 3095; x_wconf 77' lang='grc' dir='ltr'>πόλεμον.</span> <span class='ocrx_word' id='word_1_222' title='bbox 1094 3027 1202 3080; x_wconf 83' lang='grc' dir='ltr'>Καὶ</span> <span class='ocrx_word' id='word_1_223' title='bbox 1226 3021 1293 3094; x_wconf 80' lang='grc' dir='ltr'>ἧν</span> <span class='ocrx_word' id='word_1_224' title='bbox 1316 3025 1545 3092; x_wconf 88' lang='grc' dir='ltr'>πόλεμος</span> <span class='ocrx_word' id='word_1_225' title='bbox 1578 3022 1845 3091; x_wconf 84' lang='grc' dir='ltr'>ἀναμέσον</span> <span class='ocrx_word' id='word_1_226' title='bbox 1872 3019 1964 3072; x_wconf 87' lang='grc' dir='ltr'>τοῦ</span> <span class='ocrx_word' id='word_1_227' title='bbox 1990 3022 2137 3072; x_wconf 71' lang='grc' dir='ltr'>οἴκου</span> 
     </span>
    </p>
   </div>
   <div class='ocr_carea' id='block_1_31' title="bbox 585 3104 2139 3176">
    <p class='ocr_par' dir='ltr' id='par_1_31' title="bbox 585 3104 2139 3176">
     <span class='ocr_line' id='line_1_31' title="bbox 585 3104 2139 3176; baseline -0.008 -8"><span class='ocrx_word' id='word_1_228' title='bbox 585 3114 757 3168; x_wconf 81' lang='grc' dir='ltr'>Σαοὺλ</span> <span class='ocrx_word' id='word_1_229' title='bbox 789 3114 879 3165; x_wconf 90' lang='grc' dir='ltr'>καὶ</span> <span class='ocrx_word' id='word_1_230' title='bbox 907 3110 999 3163; x_wconf 91' lang='grc' dir='ltr'>τοῦ</span> <span class='ocrx_word' id='word_1_231' title='bbox 1027 3111 1175 3163; x_wconf 74' lang='grc' dir='ltr'>οἴκου</span> <span class='ocrx_word' id='word_1_232' title='bbox 1203 3110 1391 3162; x_wconf 75' lang='grc' dir='ltr'>Δαυῖδο</span> <span class='ocrx_word' id='word_1_233' title='bbox 1421 3109 1513 3161; x_wconf 88' lang='grc' dir='ltr'>καὶ</span> <span class='ocrx_word' id='word_1_234' title='bbox 1559 3109 1587 3158; x_wconf 91' lang='lat'>6</span> <span class='ocrx_word' id='word_1_235' title='bbox 1640 3107 1738 3176; x_wconf 82' lang='grc' dir='ltr'>μὲν</span> <span class='ocrx_word' id='word_1_236' title='bbox 1769 3107 1998 3174; x_wconf 79' lang='grc' dir='ltr'>ἠσθένει,</span> <span class='ocrx_word' id='word_1_237' title='bbox 2032 3106 2060 3157; x_wconf 94' lang='lat'>6</span> <span class='ocrx_word' id='word_1_238' title='bbox 2083 3104 2139 3156; x_wconf 85' lang='grc' dir='ltr'>δέ</span> 
     </span>
    </p>
   </div>
   <div class='ocr_carea' id='block_1_32' title="bbox 586 3190 2140 3271">
    <p class='ocr_par' dir='ltr' id='par_1_32' title="bbox 586 3190 2140 3271">
     <span class='ocr_line' id='line_1_32' title="bbox 586 3190 2140 3271; baseline -0.006 -19"><span class='ocrx_word' id='word_1_239' title='bbox 586 3198 955 3271; x_wconf 85' lang='grc' dir='ltr'>ἐκραταιοῦτο.</span> <span class='ocrx_word' id='word_1_240' title='bbox 1000 3196 1275 3265; x_wconf 83' lang='grc' dir='ltr'>Λαμϐάνει</span> <span class='ocrx_word' id='word_1_241' title='bbox 1326 3196 1426 3265; x_wconf 82' lang='grc' dir='ltr'>τὴν</span> <span class='ocrx_word' id='word_1_242' title='bbox 1473 3192 1751 3262; x_wconf 82' lang='grc' dir='ltr'>παλλακὴν</span> <span class='ocrx_word' id='word_1_243' title='bbox 1788 3190 1882 3243; x_wconf 89' lang='grc' dir='ltr'>τοῦ</span> <span class='ocrx_word' id='word_1_244' title='bbox 1914 3190 2084 3243; x_wconf 82' lang='grc' dir='ltr'>Σαοὺλ</span> <span class='ocrx_word' id='word_1_245' title='bbox 2112 3193 2140 3242; x_wconf 94' lang='lat'>6</span> 
     </span>
    </p>
   </div>
   <div class='ocr_carea' id='block_1_33' title="bbox 600 3275 2141 3351">
    <p class='ocr_par' dir='ltr' id='par_1_33' title="bbox 600 3275 2141 3351">
     <span class='ocr_line' id='line_1_33' title="bbox 600 3275 2141 3351; baseline -0.007 -14"><span class='ocrx_word' id='word_1_246' title='bbox 600 3284 888 3351; x_wconf 84' lang='grc' dir='ltr'>Ἀϐεννήρ·</span> <span class='ocrx_word' id='word_1_247' title='bbox 937 3281 1249 3334; x_wconf 76' lang='grc' dir='ltr'>ἐνεκάλεσεν</span> <span class='ocrx_word' id='word_1_248' title='bbox 1299 3277 1725 3349; x_wconf 88' lang='grc' dir='ltr'>όΜεμφιϐοσθέ.</span> <span class='ocrx_word' id='word_1_249' title='bbox 1777 3275 2059 3347; x_wconf 87' lang='grc' dir='ltr'>Θυμωθεὶς</span> <span class='ocrx_word' id='word_1_250' title='bbox 2111 3276 2141 3326; x_wconf 95' lang='lat'>6</span> 
     </span>
    </p>
   </div>
   <div class='ocr_carea' id='block_1_34' title="bbox 601 3364 2139 3440">
    <p class='ocr_par' dir='ltr' id='par_1_34' title="bbox 601 3364 2139 3440">
     <span class='ocr_line' id='line_1_34' title="bbox 601 3364 2139 3440; baseline -0.003 -16"><span class='ocrx_word' id='word_1_251' title='bbox 601 3372 853 3440; x_wconf 79' lang='grc' dir='ltr'>’Λϐεννὴρ</span> <span class='ocrx_word' id='word_1_252' title='bbox 893 3369 1097 3437; x_wconf 80' lang='grc' dir='ltr'>πέμπει</span> <span class='ocrx_word' id='word_1_253' title='bbox 1132 3367 1268 3436; x_wconf 84' lang='grc' dir='ltr'>πρὸς</span> <span class='ocrx_word' id='word_1_254' title='bbox 1316 3366 1407 3418; x_wconf 86' lang='grc' dir='ltr'>τὸν</span> <span class='ocrx_word' id='word_1_255' title='bbox 1444 3364 1605 3417; x_wconf 88' lang='lat'>60616</span> <span class='ocrx_word' id='word_1_256' title='bbox 1632 3404 1647 3429; x_wconf 91' lang='lat'>,</span> <span class='ocrx_word' id='word_1_257' title='bbox 1679 3364 2139 3433; x_wconf 83' lang='grc' dir='ltr'>ἐπαγγελλόμενος</span> 
     </span>
    </p>
   </div>
   <div class='ocr_carea' id='block_1_35' title="bbox 589 3448 2140 3521">
    <p class='ocr_par' dir='ltr' id='par_1_35' title="bbox 589 3448 2140 3521">
     <span class='ocr_line' id='line_1_35' title="bbox 589 3448 2140 3521; baseline -0.007 -11"><span class='ocrx_word' id='word_1_258' title='bbox 589 3458 801 3510; x_wconf 73' lang='grc' dir='ltr'>ἅπαντα</span> <span class='ocrx_word' id='word_1_259' title='bbox 823 3456 913 3507; x_wconf 88' lang='grc' dir='ltr'>τὸν</span> <span class='ocrx_word' id='word_1_260' title='bbox 938 3454 1064 3506; x_wconf 82' lang='grc' dir='ltr'>λαὸν</span> <span class='ocrx_word' id='word_1_261' title='bbox 1088 3451 1236 3518; x_wconf 88' lang='grc' dir='ltr'>αὐτῷ</span> <span class='ocrx_word' id='word_1_262' title='bbox 1264 3450 1620 3521; x_wconf 87' lang='grc' dir='ltr'>παραδώσειν.</span> <span class='ocrx_word' id='word_1_263' title='bbox 1654 3450 1764 3501; x_wconf 79' lang='grc' dir='ltr'>Καὶ</span> <span class='ocrx_word' id='word_1_264' title='bbox 1807 3448 2022 3501; x_wconf 89' lang='grc' dir='ltr'>ἐλθόντα</span> <span class='ocrx_word' id='word_1_265' title='bbox 2046 3448 2140 3499; x_wconf 87' lang='grc' dir='ltr'>αὐ-</span> 
     </span>
    </p>
   </div>
   <div class='ocr_carea' id='block_1_36' title="bbox 590 3535 2138 3611">
    <p class='ocr_par' dir='ltr' id='par_1_36' title="bbox 590 3535 2138 3611">
     <span class='ocr_line' id='line_1_36' title="bbox 590 3535 2138 3611; baseline -0.006 -16"><span class='ocrx_word' id='word_1_266' title='bbox 590 3544 678 3595; x_wconf 77' lang='grc' dir='ltr'>τὸν</span> <span class='ocrx_word' id='word_1_267' title='bbox 725 3541 858 3611; x_wconf 87' lang='grc' dir='ltr'>πρὸς</span> <span class='ocrx_word' id='word_1_268' title='bbox 889 3546 1068 3603; x_wconf 84' lang='grc' dir='ltr'>αὐτὸν,</span> <span class='ocrx_word' id='word_1_269' title='bbox 1103 3538 1369 3591; x_wconf 81' lang='grc' dir='ltr'>εἱστίασεν</span> <span class='ocrx_word' id='word_1_270' title='bbox 1400 3540 1428 3589; x_wconf 93' lang='lat'>6</span> <span class='ocrx_word' id='word_1_271' title='bbox 1473 3536 1652 3587; x_wconf 74' lang='lat'>61616.</span> <span class='ocrx_word' id='word_1_272' title='bbox 1709 3535 1794 3595; x_wconf 88' lang='lat'><strong>&#39;0;</strong></span> <span class='ocrx_word' id='word_1_273' title='bbox 1824 3535 1880 3585; x_wconf 84' lang='grc' dir='ltr'>δὲ</span> <span class='ocrx_word' id='word_1_274' title='bbox 1912 3535 2138 3603; x_wconf 79' lang='grc' dir='ltr'>ἣκουσεν</span> 
     </span>
    </p>
   </div>
   <div class='ocr_carea' id='block_1_37' title="bbox 589 3619 2138 3695">
    <p class='ocr_par' dir='ltr' id='par_1_37' title="bbox 589 3619 2138 3695">
     <span class='ocr_line' id='line_1_37' title="bbox 589 3619 2138 3695; baseline -0.008 -14"><span class='ocrx_word' id='word_1_275' title='bbox 589 3628 749 3681; x_wconf 83' lang='grc' dir='ltr'>πόθεν</span> <span class='ocrx_word' id='word_1_276' title='bbox 779 3630 841 3679; x_wconf 89' lang='grc' dir='ltr'>ἐκ</span> <span class='ocrx_word' id='word_1_277' title='bbox 860 3626 1092 3695; x_wconf 89' lang='grc' dir='ltr'>πολέμου</span> <span class='ocrx_word' id='word_1_278' title='bbox 1121 3623 1416 3692; x_wconf 75' lang='grc' dir='ltr'>ἐπανῆλθεν</span> <span class='ocrx_word' id='word_1_279' title='bbox 1440 3625 1467 3675; x_wconf 92' lang='lat'>6</span> <span class='ocrx_word' id='word_1_280' title='bbox 1492 3620 1669 3683; x_wconf 86' lang='grc' dir='ltr'>Ἰωὰϐ,</span> <span class='ocrx_word' id='word_1_281' title='bbox 1712 3619 2138 3689; x_wconf 62' lang='grc' dir='ltr'>μεταπεμψάμεο</span> 
     </span>
    </p>
   </div>
   <div class='ocr_carea' id='block_1_38' title="bbox 589 3704 2138 3779">
    <p class='ocr_par' dir='ltr' id='par_1_38' title="bbox 589 3704 2138 3779">
     <span class='ocr_line' id='line_1_38' title="bbox 589 3704 2138 3779; baseline -0.006 -14"><span class='ocrx_word' id='word_1_282' title='bbox 589 3726 676 3776; x_wconf 80' lang='grc' dir='ltr'>νος</span> <span class='ocrx_word' id='word_1_283' title='bbox 706 3714 795 3765; x_wconf 86' lang='grc' dir='ltr'>τὸν</span> <span class='ocrx_word' id='word_1_284' title='bbox 810 3711 1065 3779; x_wconf 75' lang='grc' dir='ltr'>’Λϐεννὴρ</span> <span class='ocrx_word' id='word_1_285' title='bbox 1089 3709 1482 3776; x_wconf 79' lang='grc' dir='ltr'>ἐδολοφόνησεν,</span> <span class='ocrx_word' id='word_1_286' title='bbox 1513 3706 1740 3760; x_wconf 77' lang='grc' dir='ltr'>ἐκδικῶν</span> <span class='ocrx_word' id='word_1_287' title='bbox 1767 3706 1827 3757; x_wconf 89' lang='grc' dir='ltr'>τὸ</span> <span class='ocrx_word' id='word_1_288' title='bbox 1856 3705 1947 3757; x_wconf 85' lang='grc' dir='ltr'>τοῦ</span> <span class='ocrx_word' id='word_1_289' title='bbox 1984 3704 2138 3756; x_wconf 87' lang='grc' dir='ltr'>ἀδελ-</span> 
     </span>
    </p>
   </div>
   <div class='ocr_carea' id='block_1_39' title="bbox 590 3791 2140 3868">
    <p class='ocr_par' dir='ltr' id='par_1_39' title="bbox 590 3791 2140 3868">
     <span class='ocr_line' id='line_1_39' title="bbox 590 3791 2140 3868; baseline -0.006 -17"><span class='ocrx_word' id='word_1_290' title='bbox 590 3798 688 3868; x_wconf 83' lang='grc' dir='ltr'>φοῦ</span> <span class='ocrx_word' id='word_1_291' title='bbox 723 3794 878 3866; x_wconf 76' lang='grc' dir='ltr'>αἷμα.</span> <span class='ocrx_word' id='word_1_292' title='bbox 908 3795 1109 3848; x_wconf 81' lang='grc' dir='ltr'>Μαθὼν</span> <span class='ocrx_word' id='word_1_293' title='bbox 1134 3797 1161 3846; x_wconf 88' lang='lat'>6</span> <span class='ocrx_word' id='word_1_294' title='bbox 1184 3793 1342 3844; x_wconf 71' lang='lat'>60616</span> <span class='ocrx_word' id='word_1_295' title='bbox 1374 3795 1673 3862; x_wconf 82' lang='grc' dir='ltr'>καταρᾶται</span> <span class='ocrx_word' id='word_1_296' title='bbox 1704 3793 1795 3844; x_wconf 91' lang='grc' dir='ltr'>τὸν</span> <span class='ocrx_word' id='word_1_297' title='bbox 1825 3791 1980 3844; x_wconf 76' lang='grc' dir='ltr'>Ἰωάϐ</span> <span class='ocrx_word' id='word_1_298' title='bbox 2000 3830 2013 3854; x_wconf 92' lang='grc'>,</span> <span class='ocrx_word' id='word_1_299' title='bbox 2049 3792 2140 3843; x_wconf 87' lang='grc' dir='ltr'>καὶ</span> 
     </span>
    </p>
   </div>
   <div class='ocr_carea' id='block_1_40' title="bbox 591 3876 2139 3955">
    <p class='ocr_par' dir='ltr' id='par_1_40' title="bbox 591 3876 2139 3955">
     <span class='ocr_line' id='line_1_40' title="bbox 591 3876 2139 3955; baseline -0.006 -18"><span class='ocrx_word' id='word_1_300' title='bbox 591 3886 776 3955; x_wconf 85' lang='grc' dir='ltr'>θρηνεῖ</span> <span class='ocrx_word' id='word_1_301' title='bbox 798 3883 889 3935; x_wconf 88' lang='grc' dir='ltr'>τὸν</span> <span class='ocrx_word' id='word_1_302' title='bbox 915 3881 1193 3950; x_wconf 79' lang='grc' dir='ltr'>Ἀϐεννὴρ,</span> <span class='ocrx_word' id='word_1_303' title='bbox 1222 3878 1313 3931; x_wconf 87' lang='grc' dir='ltr'>καὶ</span> <span class='ocrx_word' id='word_1_304' title='bbox 1337 3876 1473 3946; x_wconf 82' lang='grc' dir='ltr'>μετὰ</span> <span class='ocrx_word' id='word_1_305' title='bbox 1498 3878 1694 3945; x_wconf 80' lang='grc' dir='ltr'>πολλῆς</span> <span class='ocrx_word' id='word_1_306' title='bbox 1726 3877 1915 3930; x_wconf 85' lang='grc' dir='ltr'>θάπτει</span> <span class='ocrx_word' id='word_1_307' title='bbox 1940 3877 2037 3945; x_wconf 88' lang='grc' dir='ltr'>τῆς</span> <span class='ocrx_word' id='word_1_308' title='bbox 2060 3894 2139 3927; x_wconf 88' lang='grc' dir='ltr'>τι-</span> 
     </span>
    </p>
   </div>
   <div class='ocr_carea' id='block_1_41' title="bbox 593 3962 2139 4038">
    <p class='ocr_par' dir='ltr' id='par_1_41' title="bbox 593 3962 2139 4038">
     <span class='ocr_line' id='line_1_41' title="bbox 593 3962 2139 4038; baseline -0.006 -14"><span class='ocrx_word' id='word_1_309' title='bbox 593 3972 717 4038; x_wconf 85' lang='grc' dir='ltr'>μῆς.</span> <span class='ocrx_word' id='word_1_310' title='bbox 764 3967 946 4037; x_wconf 75' lang='grc' dir='ltr'>Ῥιχὰν</span> <span class='ocrx_word' id='word_1_311' title='bbox 995 3969 1088 4019; x_wconf 83' lang='grc' dir='ltr'>καὶ</span> <span class='ocrx_word' id='word_1_312' title='bbox 1129 3965 1330 4027; x_wconf 83' lang='grc' dir='ltr'>Βανέας</span> <span class='ocrx_word' id='word_1_313' title='bbox 1364 3973 1387 4002; x_wconf 85' lang='grc' dir='ltr'><strong><em>ο</em></strong></span> <span class='ocrx_word' id='word_1_314' title='bbox 1437 3962 1608 4031; x_wconf 82' lang='grc' dir='ltr'>λάθρα</span> <span class='ocrx_word' id='word_1_315' title='bbox 1656 3963 1745 4014; x_wconf 91' lang='grc' dir='ltr'>τὸν</span> <span class='ocrx_word' id='word_1_316' title='bbox 1791 3962 2139 4031; x_wconf 81' lang='grc' dir='ltr'>Μεμφιϐοσθὲ</span> 
     </span>
    </p>
   </div>
   <div class='ocr_carea' id='block_1_42' title="bbox 591 4049 2140 4124">
    <p class='ocr_par' dir='ltr' id='par_1_42' title="bbox 591 4049 2140 4124">
     <span class='ocr_line' id='line_1_42' title="bbox 591 4049 2140 4124; baseline -0.006 -15"><span class='ocrx_word' id='word_1_317' title='bbox 591 4056 863 4116; x_wconf 79' lang='grc' dir='ltr'>ἀνελόντες</span> <span class='ocrx_word' id='word_1_318' title='bbox 890 4050 1050 4124; x_wconf 81' lang='grc' dir='ltr'>ἦλθον</span> <span class='ocrx_word' id='word_1_319' title='bbox 1077 4051 1209 4120; x_wconf 83' lang='grc' dir='ltr'>πρὸς</span> <span class='ocrx_word' id='word_1_320' title='bbox 1247 4050 1334 4102; x_wconf 87' lang='grc' dir='ltr'>τὸν</span> <span class='ocrx_word' id='word_1_321' title='bbox 1364 4049 1543 4111; x_wconf 86' lang='grc' dir='ltr'>Δαυῒδ,</span> <span class='ocrx_word' id='word_1_322' title='bbox 1583 4049 1656 4110; x_wconf 84' lang='grc' dir='ltr'>ὠς</span> <span class='ocrx_word' id='word_1_323' title='bbox 1696 4049 2140 4119; x_wconf 77' lang='grc' dir='ltr'>εὐδοκιμήσαντες</span> 
     </span>
    </p>
   </div>
   <div class='ocr_carea' id='block_1_43' title="bbox 590 4135 2141 4207">
    <p class='ocr_par' dir='ltr' id='par_1_43' title="bbox 590 4135 2141 4207">
     <span class='ocr_line' id='line_1_43' title="bbox 590 4135 2141 4207; baseline -0.006 -13"><span class='ocrx_word' id='word_1_324' title='bbox 590 4142 677 4194; x_wconf 80' lang='grc' dir='ltr'>διὰ</span> <span class='ocrx_word' id='word_1_325' title='bbox 702 4142 789 4192; x_wconf 88' lang='grc' dir='ltr'>τὸν</span> <span class='ocrx_word' id='word_1_326' title='bbox 833 4141 1008 4207; x_wconf 87' lang='grc' dir='ltr'>φόνον.</span> <span class='ocrx_word' id='word_1_327' title='bbox 1075 4136 1133 4190; x_wconf 87' lang='grc' dir='ltr'><strong>Ὀ</strong></span> <span class='ocrx_word' id='word_1_328' title='bbox 1183 4138 1239 4189; x_wconf 79' lang='grc' dir='ltr'>δέ</span> <span class='ocrx_word' id='word_1_329' title='bbox 1277 4136 1468 4196; x_wconf 75' lang='grc' dir='ltr'>αὐτοὺς</span> <span class='ocrx_word' id='word_1_330' title='bbox 1505 4136 1697 4189; x_wconf 84' lang='grc' dir='ltr'>ἀνεῖλε.</span> <span class='ocrx_word' id='word_1_331' title='bbox 1753 4135 1885 4186; x_wconf 83' lang='grc' dir='ltr'>Τότε</span> <span class='ocrx_word' id='word_1_332' title='bbox 1935 4135 2141 4201; x_wconf 86' lang='grc' dir='ltr'>γίνεται</span> 
     </span>
    </p>
   </div>
   <div class='ocr_carea' id='block_1_44' title="bbox 591 4220 2142 4291">
    <p class='ocr_par' dir='ltr' id='par_1_44' title="bbox 591 4220 2142 4291">
     <span class='ocr_line' id='line_1_44' title="bbox 591 4220 2142 4291; baseline -0.005 -13"><span class='ocrx_word' id='word_1_333' title='bbox 591 4228 786 4288; x_wconf 88' lang='grc' dir='ltr'>παντὸς</span> <span class='ocrx_word' id='word_1_334' title='bbox 823 4225 914 4277; x_wconf 86' lang='grc' dir='ltr'>τοῦ</span> <span class='ocrx_word' id='word_1_335' title='bbox 944 4223 1072 4275; x_wconf 87' lang='grc' dir='ltr'>λαοῦ</span> <span class='ocrx_word' id='word_1_336' title='bbox 1114 4222 1360 4291; x_wconf 74' lang='grc' dir='ltr'>βασιλεὺς</span> <span class='ocrx_word' id='word_1_337' title='bbox 1403 4222 1432 4272; x_wconf 92' lang='lat'>6</span> <span class='ocrx_word' id='word_1_338' title='bbox 1464 4220 1623 4274; x_wconf 87' lang='lat'>60616</span> <span class='ocrx_word' id='word_1_339' title='bbox 1645 4260 1658 4285; x_wconf 93' lang='lat'>,</span> <span class='ocrx_word' id='word_1_340' title='bbox 1692 4222 1785 4273; x_wconf 85' lang='grc' dir='ltr'>καὶ</span> <span class='ocrx_word' id='word_1_341' title='bbox 1808 4220 2022 4289; x_wconf 78' lang='grc' dir='ltr'>ἔρχεται</span> <span class='ocrx_word' id='word_1_342' title='bbox 2064 4222 2142 4283; x_wconf 89' lang='grc' dir='ltr'>είς</span> 
     </span>
    </p>
   </div>
   <div class='ocr_carea' id='block_1_45' title="bbox 604 4306 2140 4382">
    <p class='ocr_par' dir='ltr' id='par_1_45' title="bbox 604 4306 2140 4382">
     <span class='ocr_line' id='line_1_45' title="bbox 604 4306 2140 4382; baseline 0.001 -25"><span class='ocrx_word' id='word_1_343' title='bbox 604 4311 950 4382; x_wconf 76' lang='grc' dir='ltr'>Ἰερουσαλήμ</span> <span class='ocrx_word' id='word_1_344' title='bbox 971 4309 1108 4378; x_wconf 90' lang='grc' dir='ltr'>πρὸς</span> <span class='ocrx_word' id='word_1_345' title='bbox 1130 4308 1219 4358; x_wconf 89' lang='grc' dir='ltr'>τὸν</span> <span class='ocrx_word' id='word_1_346' title='bbox 1235 4308 1571 4368; x_wconf 80' lang='grc' dir='ltr'>Ἰεϐουσαῖον,</span> <span class='ocrx_word' id='word_1_347' title='bbox 1608 4308 1699 4358; x_wconf 84' lang='grc' dir='ltr'>καὶ</span> <span class='ocrx_word' id='word_1_348' title='bbox 1721 4306 2016 4358; x_wconf 86' lang='grc' dir='ltr'>κωλύουσιν</span> <span class='ocrx_word' id='word_1_349' title='bbox 2041 4306 2140 4358; x_wconf 88' lang='lat'>06-</span> 
     </span>
    </p>
   </div>
   <div class='ocr_carea' id='block_1_46' title="bbox 590 4391 2143 4464">
    <p class='ocr_par' dir='ltr' id='par_1_46' title="bbox 590 4391 2143 4464">
     <span class='ocr_line' id='line_1_46' title="bbox 590 4391 2143 4464; baseline -0.004 -15"><span class='ocrx_word' id='word_1_350' title='bbox 590 4400 680 4449; x_wconf 83' lang='grc' dir='ltr'>τὸν</span> <span class='ocrx_word' id='word_1_351' title='bbox 710 4399 756 4448; x_wconf 84' lang='grc' dir='ltr'>οἱ</span> <span class='ocrx_word' id='word_1_352' title='bbox 780 4395 937 4464; x_wconf 89' lang='grc' dir='ltr'>χωλοὶ</span> <span class='ocrx_word' id='word_1_353' title='bbox 968 4393 1245 4457; x_wconf 78' lang='grc' dir='ltr'>εἰσελθεῖν,</span> <span class='ocrx_word' id='word_1_354' title='bbox 1274 4393 1365 4443; x_wconf 88' lang='grc' dir='ltr'>καὶ</span> <span class='ocrx_word' id='word_1_355' title='bbox 1391 4391 1651 4460; x_wconf 81' lang='grc' dir='ltr'>λαμϐάνει</span> <span class='ocrx_word' id='word_1_356' title='bbox 1680 4391 1777 4460; x_wconf 80' lang='grc' dir='ltr'>τὴν</span> <span class='ocrx_word' id='word_1_357' title='bbox 1804 4392 1977 4463; x_wconf 82' lang='grc' dir='ltr'>ἄκραν</span> <span class='ocrx_word' id='word_1_358' title='bbox 2003 4431 2017 4456; x_wconf 91' lang='grc'>,</span> <span class='ocrx_word' id='word_1_359' title='bbox 2050 4394 2143 4445; x_wconf 83' lang='grc' dir='ltr'>καὶ</span> 
     </span>
    </p>
   </div>
   <div class='ocr_carea' id='block_1_47' title="bbox 591 4474 2141 4551">
    <p class='ocr_par' dir='ltr' id='par_1_47' title="bbox 591 4474 2141 4551">
     <span class='ocr_line' id='line_1_47' title="bbox 591 4474 2141 4551; baseline -0.005 -16"><span class='ocrx_word' id='word_1_360' title='bbox 591 4482 936 4551; x_wconf 71' lang='grc' dir='ltr'>ᾠκοδόμησεν</span> <span class='ocrx_word' id='word_1_361' title='bbox 966 4478 1138 4546; x_wconf 81' lang='grc' dir='ltr'>ἐαυτῷ</span> <span class='ocrx_word' id='word_1_362' title='bbox 1165 4474 1327 4530; x_wconf 75' lang='grc' dir='ltr'>οἷκον.</span> <span class='ocrx_word' id='word_1_363' title='bbox 1348 4476 1647 4546; x_wconf 79' lang='grc' dir='ltr'>Συνέπραξε</span> <span class='ocrx_word' id='word_1_364' title='bbox 1671 4476 1726 4529; x_wconf 85' lang='grc' dir='ltr'>δέ</span> <span class='ocrx_word' id='word_1_365' title='bbox 1749 4476 1895 4544; x_wconf 83' lang='grc' dir='ltr'>αὐτῷ</span> <span class='ocrx_word' id='word_1_366' title='bbox 1921 4479 2012 4528; x_wconf 89' lang='grc' dir='ltr'>καὶ</span> <span class='ocrx_word' id='word_1_367' title='bbox 2035 4478 2141 4528; x_wconf 91' lang='grc' dir='ltr'>Χυ-</span> 
     </span>
    </p>
   </div>
   <div class='ocr_carea' id='block_1_48' title="bbox 593 4563 2137 4637">
    <p class='ocr_par' dir='ltr' id='par_1_48' title="bbox 593 4563 2137 4637">
     <span class='ocr_line' id='line_1_48' title="bbox 593 4563 2137 4637; baseline -0.003 -18"><span class='ocrx_word' id='word_1_368' title='bbox 593 4569 707 4637; x_wconf 77' lang='grc' dir='ltr'>ράμ</span> <span class='ocrx_word' id='word_1_369' title='bbox 737 4569 765 4618; x_wconf 94' lang='lat'>6</span> <span class='ocrx_word' id='word_1_370' title='bbox 796 4565 1046 4634; x_wconf 83' lang='grc' dir='ltr'>βασιλεὺς</span> <span class='ocrx_word' id='word_1_371' title='bbox 1084 4564 1278 4634; x_wconf 83' lang='grc' dir='ltr'>Τύρου.</span> <span class='ocrx_word' id='word_1_372' title='bbox 1316 4563 1716 4632; x_wconf 87' lang='grc' dir='ltr'>Ἐπανέστησαν</span> <span class='ocrx_word' id='word_1_373' title='bbox 1763 4564 1811 4616; x_wconf 71' lang='lat' dir='ltr'>ot</span> <span class='ocrx_word' id='word_1_374' title='bbox 1838 4563 2137 4629; x_wconf 83' lang='grc' dir='ltr'>ἀλλόφυλοι,</span> 
     </span>
    </p>
   </div>
   <div class='ocr_carea' id='block_1_49' title="bbox 593 4646 2141 4718">
    <p class='ocr_par' dir='ltr' id='par_1_49' title="bbox 593 4646 2141 4718">
     <span class='ocr_line' id='line_1_49' title="bbox 593 4646 2141 4718; baseline -0.004 -12"><span class='ocrx_word' id='word_1_375' title='bbox 593 4656 684 4706; x_wconf 91' lang='grc' dir='ltr'>καὶ</span> <span class='ocrx_word' id='word_1_376' title='bbox 712 4651 936 4715; x_wconf 80' lang='grc' dir='ltr'>ἐξελθὼν</span> <span class='ocrx_word' id='word_1_377' title='bbox 966 4646 1259 4718; x_wconf 72' lang='grc' dir='ltr'>κατέκοψεν</span> <span class='ocrx_word' id='word_1_378' title='bbox 1286 4650 1477 4710; x_wconf 80' lang='lat'>06:06;</span> <span class='ocrx_word' id='word_1_379' title='bbox 1508 4650 1536 4701; x_wconf 93' lang='lat'>6</span> <span class='ocrx_word' id='word_1_380' title='bbox 1572 4648 1747 4700; x_wconf 82' lang='grc' dir='ltr'>Δαυΐδ.</span> <span class='ocrx_word' id='word_1_381' title='bbox 1793 4649 1878 4711; x_wconf 87' lang='lat'><strong>&#39;0;</strong></span> <span class='ocrx_word' id='word_1_382' title='bbox 1902 4648 1957 4700; x_wconf 88' lang='grc' dir='ltr'>δέ</span> <span class='ocrx_word' id='word_1_383' title='bbox 1984 4649 2141 4703; x_wconf 82' lang='grc' dir='ltr'>πάλιν</span> 
     </span>
    </p>
   </div>
   <div class='ocr_carea' id='block_1_50' title="bbox 590 4733 2141 4803">
    <p class='ocr_par' dir='ltr' id='par_1_50' title="bbox 590 4733 2141 4803">
     <span class='ocr_line' id='line_1_50' title="bbox 590 4733 2141 4803; baseline -0.002 -15"><span class='ocrx_word' id='word_1_384' title='bbox 590 4737 841 4789; x_wconf 84' lang='grc' dir='ltr'>ἐπέθεντο</span> <span class='ocrx_word' id='word_1_385' title='bbox 864 4775 879 4799; x_wconf 93' lang='grc'>,</span> <span class='ocrx_word' id='word_1_386' title='bbox 930 4734 1192 4787; x_wconf 87' lang='grc' dir='ltr'>κωλύεται</span> <span class='ocrx_word' id='word_1_387' title='bbox 1225 4736 1373 4803; x_wconf 68' lang='grc' dir='ltr'>παρὰ</span> <span class='ocrx_word' id='word_1_388' title='bbox 1398 4734 1490 4786; x_wconf 90' lang='grc' dir='ltr'>τοῦ</span> <span class='ocrx_word' id='word_1_389' title='bbox 1524 4733 1657 4786; x_wconf 82' lang='grc' dir='ltr'>Θεοῦ</span> <span class='ocrx_word' id='word_1_390' title='bbox 1710 4735 1787 4796; x_wconf 86' lang='grc' dir='ltr'>εἰς</span> <span class='ocrx_word' id='word_1_391' title='bbox 1824 4736 2141 4803; x_wconf 84' lang='grc' dir='ltr'>συνάντησιν</span> 
     </span>
    </p>
   </div>
   <div class='ocr_carea' id='block_1_51' title="bbox 589 4820 2140 4889">
    <p class='ocr_par' dir='ltr' id='par_1_51' title="bbox 589 4820 2140 4889">
     <span class='ocr_line' id='line_1_51' title="bbox 589 4820 2140 4889; baseline -0.002 -13"><span class='ocrx_word' id='word_1_392' title='bbox 589 4825 767 4884; x_wconf 88' lang='grc' dir='ltr'>αὐτοῖς</span> <span class='ocrx_word' id='word_1_393' title='bbox 796 4821 1051 4874; x_wconf 85' lang='grc' dir='ltr'>ἀνελθεῖν.</span> <span class='ocrx_word' id='word_1_394' title='bbox 1077 4820 1214 4872; x_wconf 83' lang='grc' dir='ltr'>Ἀλλ’</span> <span class='ocrx_word' id='word_1_395' title='bbox 1256 4823 1359 4873; x_wconf 79' lang='grc' dir='ltr'>Ἐν</span> <span class='ocrx_word' id='word_1_396' title='bbox 1382 4820 1462 4884; x_wconf 83' lang='grc' dir='ltr'>τῷ</span> <span class='ocrx_word' id='word_1_397' title='bbox 1490 4820 1747 4873; x_wconf 80' lang='grc' dir='ltr'>ἀκοῦσαι</span> <span class='ocrx_word' id='word_1_398' title='bbox 1784 4836 1885 4885; x_wconf 88' lang='grc' dir='ltr'>σε,</span> <span class='ocrx_word' id='word_1_399' title='bbox 1922 4820 2084 4889; x_wconf 82' lang='grc' dir='ltr'>φησὶν</span> <span class='ocrx_word' id='word_1_400' title='bbox 2113 4823 2140 4873; x_wconf 86' lang='lat'>6</span> 
     </span>
    </p>
   </div>
   <div class='ocr_carea' id='block_1_52' title="bbox 590 4907 2142 4981">
    <p class='ocr_par' dir='ltr' id='par_1_52' title="bbox 590 4907 2142 4981">
     <span class='ocr_line' id='line_1_52' title="bbox 590 4907 2142 4981; baseline -0.001 -19"><span class='ocrx_word' id='word_1_401' title='bbox 590 4909 741 4981; x_wconf 66' lang='grc'>[549]</span> <span class='ocrx_word' id='word_1_402' title='bbox 758 4909 908 4973; x_wconf 85' lang='grc' dir='ltr'>Θεὸς,</span> <span class='ocrx_word' id='word_1_403' title='bbox 928 4908 1042 4975; x_wconf 71' lang='grc' dir='ltr'>τὴν</span> <span class='ocrx_word' id='word_1_404' title='bbox 1061 4908 1269 4975; x_wconf 71' lang='grc' dir='ltr'><em>φωνὴν</em></span> <span class='ocrx_word' id='word_1_405' title='bbox 1296 4908 1401 4960; x_wconf 86' lang='grc' dir='ltr'>τοῦ</span> <span class='ocrx_word' id='word_1_406' title='bbox 1422 4908 1673 4974; x_wconf 84' lang='grc' dir='ltr'>σεισμοῦ</span> <span class='ocrx_word' id='word_1_407' title='bbox 1697 4908 1803 4960; x_wconf 85' lang='grc' dir='ltr'>τοῦ</span> <span class='ocrx_word' id='word_1_408' title='bbox 1837 4907 2142 4975; x_wconf 76' lang='grc' dir='ltr'>κλαυθμῶ-</span> 
     </span>
    </p>
   </div>
   <div class='ocr_carea' id='block_1_53' title="bbox 588 4993 2142 5067">
    <p class='ocr_par' dir='ltr' id='par_1_53' title="bbox 588 4993 2142 5067">
     <span class='ocr_line' id='line_1_53' title="bbox 588 4993 2142 5067; baseline -0.001 -19"><span class='ocrx_word' id='word_1_409' title='bbox 588 5013 710 5067; x_wconf 69' lang='grc' dir='ltr'>νος,</span> <span class='ocrx_word' id='word_1_410' title='bbox 727 4997 859 5048; x_wconf 81' lang='grc' dir='ltr'>τότε</span> <span class='ocrx_word' id='word_1_411' title='bbox 880 4995 1142 5062; x_wconf 76' lang='grc' dir='ltr'>πολέμει.</span> <span class='ocrx_word' id='word_1_412' title='bbox 1167 4995 1296 5045; x_wconf 87' lang='grc' dir='ltr'>Τότε</span> <span class='ocrx_word' id='word_1_413' title='bbox 1320 4993 1427 5063; x_wconf 83' lang='grc' dir='ltr'>γὰρ</span> <span class='ocrx_word' id='word_1_414' title='bbox 1450 4994 1827 5062; x_wconf 78' lang='grc' dir='ltr'>παραδίδονταί</span> <span class='ocrx_word' id='word_1_415' title='bbox 1854 5011 1953 5046; x_wconf 87' lang='grc' dir='ltr'>σοι.</span> <span class='ocrx_word' id='word_1_416' title='bbox 1990 4996 2142 5046; x_wconf 82' lang='grc' dir='ltr'>Ἀνά-</span> 
     </span>
    </p>
   </div>
   <div class='ocr_carea' id='block_1_54' title="bbox 586 5078 2143 5149">
    <p class='ocr_par' dir='ltr' id='par_1_54' title="bbox 586 5078 2143 5149">
     <span class='ocr_line' id='line_1_54' title="bbox 586 5078 2143 5149; baseline -0.002 -16"><span class='ocrx_word' id='word_1_417' title='bbox 586 5098 673 5149; x_wconf 89' lang='grc' dir='ltr'>γει</span> <span class='ocrx_word' id='word_1_418' title='bbox 688 5082 785 5148; x_wconf 85' lang='grc' dir='ltr'>τὴν</span> <span class='ocrx_word' id='word_1_419' title='bbox 809 5082 1034 5132; x_wconf 87' lang='grc' dir='ltr'>κιϐωτὸν</span> <span class='ocrx_word' id='word_1_420' title='bbox 1059 5083 1086 5133; x_wconf 93' lang='grc' dir='ltr'>ὁ</span> <span class='ocrx_word' id='word_1_421' title='bbox 1118 5080 1296 5141; x_wconf 88' lang='lat'>60616,</span> <span class='ocrx_word' id='word_1_422' title='bbox 1312 5080 1404 5130; x_wconf 90' lang='grc' dir='ltr'>καὶ</span> <span class='ocrx_word' id='word_1_423' title='bbox 1422 5079 1748 5147; x_wconf 81' lang='grc' dir='ltr'>ἀποθνήσκει</span> <span class='ocrx_word' id='word_1_424' title='bbox 1768 5078 1919 5143; x_wconf 78' lang='grc' dir='ltr'>Ὀζᾶ,</span> <span class='ocrx_word' id='word_1_425' title='bbox 1939 5082 2017 5131; x_wconf 84' lang='grc' dir='ltr'>ὅτι</span> <span class='ocrx_word' id='word_1_426' title='bbox 2068 5080 2143 5145; x_wconf 78' lang='grc' dir='ltr'>ἐξ·</span> 
     </span>
    </p>
   </div>
   <div class='ocr_carea' id='block_1_55' title="bbox 586 5166 2142 5236">
    <p class='ocr_par' dir='ltr' id='par_1_55' title="bbox 586 5166 2142 5236">
     <span class='ocr_line' id='line_1_55' title="bbox 586 5166 2142 5236; baseline -0.003 -14"><span class='ocrx_word' id='word_1_427' title='bbox 586 5171 754 5222; x_wconf 81' lang='grc' dir='ltr'>ἐτεινε</span> <span class='ocrx_word' id='word_1_428' title='bbox 777 5168 875 5236; x_wconf 81' lang='grc' dir='ltr'>τὴν</span> <span class='ocrx_word' id='word_1_429' title='bbox 904 5172 1058 5235; x_wconf 77' lang='grc' dir='ltr'>χεῖρα</span> <span class='ocrx_word' id='word_1_430' title='bbox 1074 5169 1236 5220; x_wconf 82' lang='grc' dir='ltr'>αὐτοῦ</span> <span class='ocrx_word' id='word_1_431' title='bbox 1270 5167 1401 5236; x_wconf 87' lang='grc' dir='ltr'>πρὸς</span> <span class='ocrx_word' id='word_1_432' title='bbox 1435 5167 1532 5235; x_wconf 81' lang='grc' dir='ltr'>τὴν</span> <span class='ocrx_word' id='word_1_433' title='bbox 1555 5166 1799 5219; x_wconf 88' lang='grc' dir='ltr'>κιϐωτόν.</span> <span class='ocrx_word' id='word_1_434' title='bbox 1858 5167 1943 5229; x_wconf 87' lang='lat'><strong>&#39;0;</strong></span> <span class='ocrx_word' id='word_1_435' title='bbox 1968 5167 2022 5218; x_wconf 84' lang='grc' dir='ltr'>δὲ</span> <span class='ocrx_word' id='word_1_436' title='bbox 2051 5169 2142 5219; x_wconf 87' lang='grc' dir='ltr'>άν-</span> 
     </span>
    </p>
   </div>
   <div class='ocr_carea' id='block_1_56' title="bbox 588 5251 2141 5322">
    <p class='ocr_par' dir='ltr' id='par_1_56' title="bbox 588 5251 2141 5322">
     <span class='ocr_line' id='line_1_56' title="bbox 588 5251 2141 5322; baseline -0.001 -17"><span class='ocrx_word' id='word_1_437' title='bbox 588 5254 800 5322; x_wconf 86' lang='grc' dir='ltr'>ήγετοή</span> <span class='ocrx_word' id='word_1_438' title='bbox 831 5253 1078 5313; x_wconf 85' lang='grc' dir='ltr'>κιϐωτὸς,</span> <span class='ocrx_word' id='word_1_439' title='bbox 1118 5254 1343 5322; x_wconf 84' lang='grc' dir='ltr'>ὠρχεῖτο</span> <span class='ocrx_word' id='word_1_440' title='bbox 1367 5254 1394 5303; x_wconf 94' lang='lat'>6</span> <span class='ocrx_word' id='word_1_441' title='bbox 1418 5251 1596 5314; x_wconf 84' lang='lat'>60616,</span> <span class='ocrx_word' id='word_1_442' title='bbox 1619 5252 1711 5305; x_wconf 89' lang='grc' dir='ltr'>καὶ</span> <span class='ocrx_word' id='word_1_443' title='bbox 1739 5252 2085 5321; x_wconf 82' lang='grc' dir='ltr'>ἐξουθένησεν</span> <span class='ocrx_word' id='word_1_444' title='bbox 2110 5255 2141 5321; x_wconf 89' lang='grc' dir='ltr'>ή</span> 
     </span>
    </p>
   </div>
   <div class='ocr_carea' id='block_1_57' title="bbox 588 5336 2140 5409">
    <p class='ocr_par' dir='ltr' id='par_1_57' title="bbox 588 5336 2140 5409">
     <span class='ocr_line' id='line_1_57' title="bbox 588 5336 2140 5409; baseline -0.003 -17"><span class='ocrx_word' id='word_1_445' title='bbox 588 5338 833 5409; x_wconf 78' lang='grc' dir='ltr'>Μελχώλ.</span> <span class='ocrx_word' id='word_1_446' title='bbox 863 5338 996 5390; x_wconf 89' lang='grc' dir='ltr'>Τότε</span> <span class='ocrx_word' id='word_1_447' title='bbox 1027 5337 1343 5406; x_wconf 77' lang='grc' dir='ltr'>βουλόμενος</span> <span class='ocrx_word' id='word_1_448' title='bbox 1370 5340 1397 5389; x_wconf 94' lang='lat'>6</span> <span class='ocrx_word' id='word_1_449' title='bbox 1418 5336 1577 5389; x_wconf 87' lang='lat'>60616</span> <span class='ocrx_word' id='word_1_450' title='bbox 1614 5336 1958 5407; x_wconf 78' lang='grc' dir='ltr'>οἰκοδομῆσαι</span> <span class='ocrx_word' id='word_1_451' title='bbox 1993 5337 2140 5401; x_wconf 84' lang='grc' dir='ltr'>ναὸν,</span> 
     </span>
    </p>
   </div>
   <div class='ocr_carea' id='block_1_58' title="bbox 649 5477 1222 5535">
    <p class='ocr_par' dir='ltr' id='par_1_58' title="bbox 649 5477 1222 5535">
     <span class='ocr_line' id='line_1_58' title="bbox 649 5477 1222 5535; baseline -0.012 -6"><span class='ocrx_word' id='word_1_452' title='bbox 649 5482 673 5508; x_wconf 79' lang='grc'><strong><em>⁸</em></strong></span> <span class='ocrx_word' id='word_1_453' title='bbox 706 5480 874 5535; x_wconf 83' lang='grc' dir='ltr'>Ἰάϐης.</span> <span class='ocrx_word' id='word_1_454' title='bbox 898 5478 1021 5525; x_wconf 80' lang='lat' dir='ltr'><strong>Infra</strong></span> <span class='ocrx_word' id='word_1_455' title='bbox 1062 5477 1222 5531; x_wconf 82' lang='grc' dir='ltr'>Ἰαϐές.</span> 
     </span>
    </p>
   </div>
   <div class='ocr_carea' id='block_1_59' title="bbox 598 5537 2141 5608">
    <p class='ocr_par' dir='ltr' id='par_1_59' title="bbox 598 5537 2141 5608">
     <span class='ocr_line' id='line_1_59' title="bbox 598 5537 2141 5608; baseline 0 -21"><span class='ocrx_word' id='word_1_456' title='bbox 598 5604 604 5608; x_wconf 31' lang='grc'>.</span> <span class='ocrx_word' id='word_1_457' title='bbox 649 5541 676 5579; x_wconf 74' lang='grc' dir='ltr'>ι»</span> <span class='ocrx_word' id='word_1_458' title='bbox 699 5540 821 5588; x_wconf 67' lang='lat' dir='ltr'>Nom</span> <span class='ocrx_word' id='word_1_459' title='bbox 846 5538 1044 5587; x_wconf 78' lang='lat' dir='ltr'>verbum</span> <span class='ocrx_word' id='word_1_460' title='bbox 1072 5537 1330 5598; x_wconf 82' lang='grc' dir='ltr'>βασιλεύειν</span> <span class='ocrx_word' id='word_1_461' title='bbox 1353 5537 1509 5587; x_wconf 80' lang='lat' dir='ltr'>active</span> <span class='ocrx_word' id='word_1_462' title='bbox 1550 5544 1814 5600; x_wconf 75' lang='lat' dir='ltr'>sumptum,</span> <span class='ocrx_word' id='word_1_463' title='bbox 1840 5552 1939 5599; x_wconf 85' lang='lat' dir='ltr'>pro.</span> <span class='ocrx_word' id='word_1_464' title='bbox 1972 5552 2141 5600; x_wconf 81' lang='lat' dir='ltr'>regem</span> 
     </span>
    </p>
   </div>
   <div class='ocr_carea' id='block_1_60' title="bbox 586 5604 2141 5720">
    <p class='ocr_par' dir='ltr' id='par_1_60' title="bbox 586 5604 2141 5720">
     <span class='ocr_line' id='line_1_60' title="bbox 586 5604 2141 5720; baseline 0.01 -30"><span class='ocrx_word' id='word_1_465' title='bbox 586 5604 748 5720; x_wconf 51' lang='lat' dir='ltr'>“‘0ng</span> <span class='ocrx_word' id='word_1_466' title='bbox 776 5659 892 5720; x_wconf 83' lang='lat' dir='ltr'>e_dit.</span> <span class='ocrx_word' id='word_1_467' title='bbox 917 5658 1071 5720; x_wconf 79' lang='lat' dir='ltr'>_Rom_.</span> <span class='ocrx_word' id='word_1_468' title='bbox 1101 5658 1297 5720; x_wconf 60' lang='lat' dir='ltr'>B00v0,</span> <span class='ocrx_word' id='word_1_469' title='bbox 1319 5661 1371 5703; x_wconf 75' lang='lat' dir='ltr'>et</span> <span class='ocrx_word' id='word_1_470' title='bbox 1404 5657 1600 5719; x_wconf 79' lang='grc' dir='ltr'>Ῥηχάϐ.</span> <span class='ocrx_word' id='word_1_471' title='bbox 1627 5659 1824 5709; x_wconf 85' lang='lat' dir='ltr'>Coislin.</span> <span class='ocrx_word' id='word_1_472' title='bbox 1863 5658 2024 5720; x_wconf 75' lang='grc' dir='ltr'>Ἰχαὰϐ</span> <span class='ocrx_word' id='word_1_473' title='bbox 2063 5660 2141 5705; x_wconf 84' lang='grc' dir='ltr'>καὶ</span> 
     </span>
    </p>
   </div>
   <div class='ocr_carea' id='block_1_61' title="bbox 587 5716 1508 5779">
    <p class='ocr_par' dir='ltr' id='par_1_61' title="bbox 587 5716 1508 5779">
     <span class='ocr_line' id='line_1_61' title="bbox 587 5716 1508 5779; baseline -0.005 -9"><span class='ocrx_word' id='word_1_474' title='bbox 587 5718 778 5771; x_wconf 79' lang='grc' dir='ltr'>Βανέας.</span> <span class='ocrx_word' id='word_1_475' title='bbox 795 5717 1015 5779; x_wconf 84' lang='lat' dir='ltr'>Lugdun.</span> <span class='ocrx_word' id='word_1_476' title='bbox 1046 5716 1206 5779; x_wconf 80' lang='grc' dir='ltr'>Ῥιχὰν</span> <span class='ocrx_word' id='word_1_477' title='bbox 1227 5719 1303 5764; x_wconf 82' lang='grc' dir='ltr'>καὶ</span> <span class='ocrx_word' id='word_1_478' title='bbox 1325 5716 1508 5773; x_wconf 72' lang='grc' dir='ltr'>Βενέας.</span> 
     </span>
    </p>
   </div>
   <div class='ocr_carea' id='block_1_62' title="bbox 1249 406 3066 472">
    <p class='ocr_par' dir='ltr' id='par_1_62' title="bbox 1249 406 3066 472">
     <span class='ocr_line' id='line_1_62' title="bbox 1249 406 3066 472; baseline -0.002 0"><span class='ocrx_word' id='word_1_479' title='bbox 1249 415 1307 472; x_wconf 90' lang='lat' dir='ltr'>S.</span> <span class='ocrx_word' id='word_1_480' title='bbox 1336 411 1618 472; x_wconf 68' lang='lat' dir='ltr'>JOA‘NNIS</span> <span class='ocrx_word' id='word_1_481' title='bbox 1648 406 2137 465; x_wconf 78' lang='lat' dir='ltr'>CHRYSOSTOMI</span> <span class='ocrx_word' id='word_1_482' title='bbox 2176 408 2490 464; x_wconf 79' lang='lat' dir='ltr'>ARCHIEP.</span> <span class='ocrx_word' id='word_1_483' title='bbox 2520 410 3066 469; x_wconf 79' lang='lat' dir='ltr'>CONSTANTINOP.</span> 
     </span>
    </p>
   </div>
   <div class='ocr_carea' id='block_1_63' title="bbox 3695 436 3808 491">
    <p class='ocr_par' dir='ltr' id='par_1_63' title="bbox 3695 436 3808 491">
     <span class='ocr_line' id='line_1_63' title="bbox 3695 436 3808 491; baseline 0 -1"><span class='ocrx_word' id='word_1_484' title='bbox 3695 436 3808 491; x_wconf 79' lang='lat'>346</span> 
     </span>
    </p>
   </div>
   <div class='ocr_carea' id='block_1_64' title="bbox 2242 519 3802 599">
    <p class='ocr_par' dir='ltr' id='par_1_64' title="bbox 2242 519 3802 599">
     <span class='ocr_line' id='line_1_64' title="bbox 2242 519 3802 599; baseline 0.008 -28"><span class='ocrx_word' id='word_1_485' title='bbox 2242 519 2506 573; x_wconf 86' lang='grc' dir='ltr'>κωλύεται</span> <span class='ocrx_word' id='word_1_486' title='bbox 2534 521 2637 574; x_wconf 85' lang='lat'>61:6</span> <span class='ocrx_word' id='word_1_487' title='bbox 2662 522 2756 575; x_wconf 86' lang='lat'>:06</span> <span class='ocrx_word' id='word_1_488' title='bbox 2776 524 2961 577; x_wconf 87' lang='grc' dir='ltr'>Νάθαν</span> <span class='ocrx_word' id='word_1_489' title='bbox 2987 522 3080 577; x_wconf 90' lang='grc' dir='ltr'>τοῦ</span> <span class='ocrx_word' id='word_1_490' title='bbox 3114 525 3411 596; x_wconf 80' lang='grc' dir='ltr'>προφήτου,</span> <span class='ocrx_word' id='word_1_491' title='bbox 3455 525 3548 580; x_wconf 87' lang='grc' dir='ltr'>καὶ</span> <span class='ocrx_word' id='word_1_492' title='bbox 3584 527 3802 599; x_wconf 76' lang='grc' dir='ltr'>εὔχεται</span> 
     </span>
    </p>
   </div>
   <div class='ocr_carea' id='block_1_65' title="bbox 2242 607 3801 685">
    <p class='ocr_par' dir='ltr' id='par_1_65' title="bbox 2242 607 3801 685">
     <span class='ocr_line' id='line_1_65' title="bbox 2242 607 3801 685; baseline 0.008 -28"><span class='ocrx_word' id='word_1_493' title='bbox 2242 607 2577 677; x_wconf 76' lang='grc' dir='ltr'>εὐχαριστῶν</span> <span class='ocrx_word' id='word_1_494' title='bbox 2618 610 2754 679; x_wconf 86' lang='grc' dir='ltr'>πρὸς</span> <span class='ocrx_word' id='word_1_495' title='bbox 2788 610 2878 663; x_wconf 86' lang='grc' dir='ltr'>τὸν</span> <span class='ocrx_word' id='word_1_496' title='bbox 2911 610 3042 663; x_wconf 85' lang='grc' dir='ltr'>Θεὸν</span> <span class='ocrx_word' id='word_1_497' title='bbox 3068 652 3085 676; x_wconf 87' lang='grc'>,</span> <span class='ocrx_word' id='word_1_498' title='bbox 3130 611 3468 684; x_wconf 82' lang='grc' dir='ltr'>εὐχαριστῶν</span> <span class='ocrx_word' id='word_1_499' title='bbox 3508 612 3647 685; x_wconf 78' lang='grc' dir='ltr'>ὑπὲρ</span> <span class='ocrx_word' id='word_1_500' title='bbox 3692 615 3801 670; x_wconf 79' lang='grc' dir='ltr'>τῶν</span> 
     </span>
    </p>
   </div>
   <div class='ocr_carea' id='block_1_66' title="bbox 2241 687 3799 765">
    <p class='ocr_par' dir='ltr' id='par_1_66' title="bbox 2241 687 3799 765">
     <span class='ocr_line' id='line_1_66' title="bbox 2241 687 3799 765; baseline 0.007 -22"><span class='ocrx_word' id='word_1_501' title='bbox 2241 692 2579 760; x_wconf 84' lang='grc' dir='ltr'>ἐπαγγελιῶν</span> <span class='ocrx_word' id='word_1_502' title='bbox 2605 687 2679 746; x_wconf 79' lang='grc' dir='ltr'>ὧν</span> <span class='ocrx_word' id='word_1_503' title='bbox 2714 696 2962 765; x_wconf 78' lang='grc' dir='ltr'>ήκουσεν.</span> <span class='ocrx_word' id='word_1_504' title='bbox 3001 695 3263 759; x_wconf 82' lang='grc' dir='ltr'>Ἐπάταξε</span> <span class='ocrx_word' id='word_1_505' title='bbox 3295 696 3459 749; x_wconf 83' lang='lat'>60616</span> <span class='ocrx_word' id='word_1_506' title='bbox 3482 698 3605 762; x_wconf 83' lang='lat'>:06;</span> <span class='ocrx_word' id='word_1_507' title='bbox 3645 700 3799 753; x_wconf 86' lang='grc' dir='ltr'>ἀλλο-</span> 
     </span>
    </p>
   </div>
   <div class='ocr_carea' id='block_1_67' title="bbox 2241 777 3799 852">
    <p class='ocr_par' dir='ltr' id='par_1_67' title="bbox 2241 777 3799 852">
     <span class='ocr_line' id='line_1_67' title="bbox 2241 777 3799 852; baseline 0.007 -23"><span class='ocrx_word' id='word_1_508' title='bbox 2241 777 2438 845; x_wconf 87' lang='grc' dir='ltr'>φύλους</span> <span class='ocrx_word' id='word_1_509' title='bbox 2466 779 2558 832; x_wconf 89' lang='grc' dir='ltr'>καὶ</span> <span class='ocrx_word' id='word_1_510' title='bbox 2583 780 2675 831; x_wconf 89' lang='grc' dir='ltr'>τὸν</span> <span class='ocrx_word' id='word_1_511' title='bbox 2703 781 2874 834; x_wconf 83' lang='grc' dir='ltr'>Μωάϐ</span> <span class='ocrx_word' id='word_1_512' title='bbox 2902 780 2995 833; x_wconf 90' lang='grc' dir='ltr'>καὶ</span> <span class='ocrx_word' id='word_1_513' title='bbox 3024 781 3149 841; x_wconf 80' lang='grc' dir='ltr'>τοὺς</span> <span class='ocrx_word' id='word_1_514' title='bbox 3178 780 3400 852; x_wconf 85' lang='grc' dir='ltr'>Σύρους,</span> <span class='ocrx_word' id='word_1_515' title='bbox 3449 783 3539 835; x_wconf 89' lang='grc' dir='ltr'>καὶ</span> <span class='ocrx_word' id='word_1_516' title='bbox 3562 784 3631 838; x_wconf 79' lang='grc' dir='ltr'>τὰ</span> <span class='ocrx_word' id='word_1_517' title='bbox 3660 784 3799 840; x_wconf 78' lang='grc' dir='ltr'>ὅπλα</span> 
     </span>
    </p>
   </div>
   <div class='ocr_carea' id='block_1_68' title="bbox 2241 862 3801 943">
    <p class='ocr_par' dir='ltr' id='par_1_68' title="bbox 2241 862 3801 943">
     <span class='ocr_line' id='line_1_68' title="bbox 2241 862 3801 943; baseline 0.006 -29"><span class='ocrx_word' id='word_1_518' title='bbox 2241 862 2308 915; x_wconf 78' lang='grc' dir='ltr'>τά</span> <span class='ocrx_word' id='word_1_519' title='bbox 2350 866 2544 933; x_wconf 79' lang='grc' dir='ltr'>χρυσᾶ,</span> <span class='ocrx_word' id='word_1_520' title='bbox 2573 863 2610 917; x_wconf 80' lang='grc' dir='ltr'>ἀ</span> <span class='ocrx_word' id='word_1_521' title='bbox 2642 864 2850 931; x_wconf 81' lang='grc' dir='ltr'>ἔλαϐεν,</span> <span class='ocrx_word' id='word_1_522' title='bbox 2880 867 3106 936; x_wconf 82' lang='grc' dir='ltr'>ήνεγκεν</span> <span class='ocrx_word' id='word_1_523' title='bbox 3131 867 3211 929; x_wconf 83' lang='grc' dir='ltr'>είς</span> <span class='ocrx_word' id='word_1_524' title='bbox 3250 867 3622 939; x_wconf 81' lang='grc' dir='ltr'>Ἰερουσαλὴμ,</span> <span class='ocrx_word' id='word_1_525' title='bbox 3654 869 3801 943; x_wconf 73' lang='grc' dir='ltr'>ἅπερ</span> 
     </span>
    </p>
   </div>
   <div class='ocr_carea' id='block_1_69' title="bbox 2243 947 3801 1020">
    <p class='ocr_par' dir='ltr' id='par_1_69' title="bbox 2243 947 3801 1020">
     <span class='ocr_line' id='line_1_69' title="bbox 2243 947 3801 1020; baseline 0.006 -21"><span class='ocrx_word' id='word_1_526' title='bbox 2243 947 2466 1018; x_wconf 77' lang='grc' dir='ltr'>ὕστερον</span> <span class='ocrx_word' id='word_1_527' title='bbox 2510 949 2668 1002; x_wconf 82' lang='grc' dir='ltr'>ἔλαϐε</span> <span class='ocrx_word' id='word_1_528' title='bbox 2716 951 3021 1020; x_wconf 90' lang='grc' dir='ltr'>Σουσακεὶμ</span> <span class='ocrx_word' id='word_1_529' title='bbox 3061 950 3310 1020; x_wconf 80' lang='grc' dir='ltr'>βασιλεὺς</span> <span class='ocrx_word' id='word_1_530' title='bbox 3354 953 3647 1019; x_wconf 67' lang='grc' dir='ltr'>Αἰγύπτου.</span> <span class='ocrx_word' id='word_1_531' title='bbox 3687 957 3801 1010; x_wconf 84' lang='grc' dir='ltr'>Καὶ</span> 
     </span>
    </p>
   </div>
   <div class='ocr_carea' id='block_1_70' title="bbox 2243 1032 3798 1112">
    <p class='ocr_par' dir='ltr' id='par_1_70' title="bbox 2243 1032 3798 1112">
     <span class='ocr_line' id='line_1_70' title="bbox 2243 1032 3798 1112; baseline 0.005 -27"><span class='ocrx_word' id='word_1_532' title='bbox 2243 1032 2414 1086; x_wconf 89' lang='grc' dir='ltr'>πολλά</span> <span class='ocrx_word' id='word_1_533' title='bbox 2434 1035 2743 1105; x_wconf 87' lang='grc' dir='ltr'>ἀναθέματα</span> <span class='ocrx_word' id='word_1_534' title='bbox 2773 1036 3038 1107; x_wconf 85' lang='grc' dir='ltr'>ἀνέθηκεν</span> <span class='ocrx_word' id='word_1_535' title='bbox 3062 1039 3090 1091; x_wconf 93' lang='lat'>6</span> <span class='ocrx_word' id='word_1_536' title='bbox 3121 1039 3302 1091; x_wconf 80' lang='lat'>60616.</span> <span class='ocrx_word' id='word_1_537' title='bbox 3345 1038 3508 1102; x_wconf 79' lang='grc' dir='ltr'>’Δξιοῖ</span> <span class='ocrx_word' id='word_1_538' title='bbox 3526 1040 3616 1093; x_wconf 88' lang='grc' dir='ltr'>τὸν</span> <span class='ocrx_word' id='word_1_539' title='bbox 3641 1042 3798 1112; x_wconf 82' lang='grc' dir='ltr'>Μεμ-</span> 
     </span>
    </p>
   </div>
   <div class='ocr_carea' id='block_1_71' title="bbox 2243 1118 3801 1195">
    <p class='ocr_par' dir='ltr' id='par_1_71' title="bbox 2243 1118 3801 1195">
     <span class='ocr_line' id='line_1_71' title="bbox 2243 1118 3801 1195; baseline 0.007 -26"><span class='ocrx_word' id='word_1_540' title='bbox 2243 1118 2444 1183; x_wconf 83' lang='grc' dir='ltr'>φιϐαάλ</span> <span class='ocrx_word' id='word_1_541' title='bbox 2504 1120 2614 1173; x_wconf 76' lang='grc' dir='ltr'>υἱὸν</span> <span class='ocrx_word' id='word_1_542' title='bbox 2678 1121 2929 1174; x_wconf 86' lang='grc' dir='ltr'>Ἰωνάθαν</span> <span class='ocrx_word' id='word_1_543' title='bbox 2988 1123 3262 1194; x_wconf 78' lang='grc' dir='ltr'>τραπέζης</span> <span class='ocrx_word' id='word_1_544' title='bbox 3327 1124 3642 1195; x_wconf 82' lang='grc' dir='ltr'>βασιλικῆς,</span> <span class='ocrx_word' id='word_1_545' title='bbox 3702 1128 3801 1180; x_wconf 85' lang='grc' dir='ltr'>καὶ</span> 
     </span>
    </p>
   </div>
   <div class='ocr_carea' id='block_1_72' title="bbox 2243 1203 3802 1281">
    <p class='ocr_par' dir='ltr' id='par_1_72' title="bbox 2243 1203 3802 1281">
     <span class='ocr_line' id='line_1_72' title="bbox 2243 1203 3802 1281; baseline 0.006 -27"><span class='ocrx_word' id='word_1_546' title='bbox 2243 1204 2419 1257; x_wconf 85' lang='grc' dir='ltr'>πάντα</span> <span class='ocrx_word' id='word_1_547' title='bbox 2454 1203 2523 1257; x_wconf 84' lang='grc' dir='ltr'>τὰ</span> <span class='ocrx_word' id='word_1_548' title='bbox 2568 1203 2659 1257; x_wconf 87' lang='grc' dir='ltr'>τοῦ</span> <span class='ocrx_word' id='word_1_549' title='bbox 2690 1206 2859 1259; x_wconf 84' lang='grc' dir='ltr'>Σαοὺλ</span> <span class='ocrx_word' id='word_1_550' title='bbox 2898 1205 3109 1262; x_wconf 90' lang='grc' dir='ltr'>δίδωσιν</span> <span class='ocrx_word' id='word_1_551' title='bbox 3135 1207 3298 1277; x_wconf 85' lang='grc' dir='ltr'>αὐτῷ.</span> <span class='ocrx_word' id='word_1_552' title='bbox 3340 1210 3450 1263; x_wconf 85' lang='grc' dir='ltr'>Καὶ</span> <span class='ocrx_word' id='word_1_553' title='bbox 3480 1211 3688 1264; x_wconf 80' lang='grc' dir='ltr'>κελεύει</span> <span class='ocrx_word' id='word_1_554' title='bbox 3718 1211 3802 1281; x_wconf 78' lang='grc' dir='ltr'>τῷ</span> 
     </span>
    </p>
   </div>
   <div class='ocr_carea' id='block_1_73' title="bbox 2244 1286 3801 1367">
    <p class='ocr_par' dir='ltr' id='par_1_73' title="bbox 2244 1286 3801 1367">
     <span class='ocr_line' id='line_1_73' title="bbox 2244 1286 3801 1367; baseline 0.006 -26"><span class='ocrx_word' id='word_1_555' title='bbox 2244 1289 2410 1358; x_wconf 84' lang='grc' dir='ltr'>Σίϐᾳ,</span> <span class='ocrx_word' id='word_1_556' title='bbox 2458 1290 2516 1352; x_wconf 85' lang='grc' dir='ltr'>ὃς</span> <span class='ocrx_word' id='word_1_557' title='bbox 2550 1286 2618 1361; x_wconf 79' lang='grc' dir='ltr'>ἦν</span> <span class='ocrx_word' id='word_1_558' title='bbox 2663 1291 2809 1360; x_wconf 82' lang='grc' dir='ltr'>αὐτῷ</span> <span class='ocrx_word' id='word_1_559' title='bbox 2842 1291 3025 1355; x_wconf 90' lang='grc' dir='ltr'>δοῦλος</span> <span class='ocrx_word' id='word_1_560' title='bbox 3058 1293 3353 1365; x_wconf 87' lang='grc' dir='ltr'>πατρικὸς,</span> <span class='ocrx_word' id='word_1_561' title='bbox 3402 1294 3669 1350; x_wconf 88' lang='grc' dir='ltr'>δουλεύειν</span> <span class='ocrx_word' id='word_1_562' title='bbox 3717 1297 3801 1367; x_wconf 79' lang='grc' dir='ltr'>τῷ</span> 
     </span>
    </p>
   </div>
   <div class='ocr_carea' id='block_1_74' title="bbox 2244 1376 3801 1451">
    <p class='ocr_par' dir='ltr' id='par_1_74' title="bbox 2244 1376 3801 1451">
     <span class='ocr_line' id='line_1_74' title="bbox 2244 1376 3801 1451; baseline 0.005 -23"><span class='ocrx_word' id='word_1_563' title='bbox 2244 1376 2574 1445; x_wconf 84' lang='grc' dir='ltr'>Μεμφιϐαάλ</span> <span class='ocrx_word' id='word_1_564' title='bbox 2619 1377 2754 1446; x_wconf 88' lang='grc' dir='ltr'>μετά</span> <span class='ocrx_word' id='word_1_565' title='bbox 2780 1379 2887 1431; x_wconf 91' lang='grc' dir='ltr'>τῶν</span> <span class='ocrx_word' id='word_1_566' title='bbox 2927 1380 3131 1432; x_wconf 86' lang='grc' dir='ltr'>τέκνων</span> <span class='ocrx_word' id='word_1_567' title='bbox 3158 1381 3344 1437; x_wconf 83' lang='grc' dir='ltr'>αὐτοῦ.</span> <span class='ocrx_word' id='word_1_568' title='bbox 3376 1382 3585 1451; x_wconf 79' lang='grc' dir='ltr'>Πέμπει</span> <span class='ocrx_word' id='word_1_569' title='bbox 3615 1382 3672 1438; x_wconf 68' lang='grc' dir='ltr'>δὲ</span> <span class='ocrx_word' id='word_1_570' title='bbox 3703 1386 3801 1439; x_wconf 72' lang='grc' dir='ltr'>καὶ</span> 
     </span>
    </p>
   </div>
   <div class='ocr_carea' id='block_1_75' title="bbox 2245 1462 3801 1536">
    <p class='ocr_par' dir='ltr' id='par_1_75' title="bbox 2245 1462 3801 1536">
     <span class='ocr_line' id='line_1_75' title="bbox 2245 1462 3801 1536; baseline 0.008 -25"><span class='ocrx_word' id='word_1_571' title='bbox 2245 1462 2380 1529; x_wconf 83' lang='grc' dir='ltr'>πρὸς</span> <span class='ocrx_word' id='word_1_572' title='bbox 2405 1462 2494 1514; x_wconf 88' lang='grc' dir='ltr'>τὸν</span> <span class='ocrx_word' id='word_1_573' title='bbox 2527 1462 2751 1530; x_wconf 88' lang='grc' dir='ltr'>βασιλέα</span> <span class='ocrx_word' id='word_1_574' title='bbox 2781 1463 2912 1517; x_wconf 73' lang='grc' dir='ltr'>υἱῶν</span> <span class='ocrx_word' id='word_1_575' title='bbox 2955 1463 3175 1534; x_wconf 80' lang='grc' dir='ltr'>Ἀμμὼν</span> <span class='ocrx_word' id='word_1_576' title='bbox 3200 1466 3610 1536; x_wconf 86' lang='grc' dir='ltr'>παρακαλέσων,</span> <span class='ocrx_word' id='word_1_577' title='bbox 3648 1470 3801 1523; x_wconf 78' lang='grc' dir='ltr'>ἐπει-</span> 
     </span>
    </p>
   </div>
   <div class='ocr_carea' id='block_1_76' title="bbox 2244 1545 3801 1623">
    <p class='ocr_par' dir='ltr' id='par_1_76' title="bbox 2244 1545 3801 1623">
     <span class='ocr_line' id='line_1_76' title="bbox 2244 1545 3801 1623; baseline 0.008 -28"><span class='ocrx_word' id='word_1_578' title='bbox 2244 1545 2306 1613; x_wconf 85' lang='grc' dir='ltr'>δὴ</span> <span class='ocrx_word' id='word_1_579' title='bbox 2338 1545 2583 1615; x_wconf 75' lang='grc' dir='ltr'>τεθνήκει</span> <span class='ocrx_word' id='word_1_580' title='bbox 2612 1546 2774 1600; x_wconf 86' lang='grc' dir='ltr'>αὐτοῦ</span> <span class='ocrx_word' id='word_1_581' title='bbox 2803 1550 2831 1600; x_wconf 94' lang='lat'>6</span> <span class='ocrx_word' id='word_1_582' title='bbox 2862 1550 3061 1618; x_wconf 88' lang='grc' dir='ltr'>πατήρ.</span> <span class='ocrx_word' id='word_1_583' title='bbox 3091 1550 3149 1602; x_wconf 87' lang='lat'>&#39;0</span> <span class='ocrx_word' id='word_1_584' title='bbox 3176 1549 3232 1602; x_wconf 85' lang='grc' dir='ltr'>δέ</span> <span class='ocrx_word' id='word_1_585' title='bbox 3259 1549 3362 1604; x_wconf 88' lang='grc' dir='ltr'>ὐπὸ</span> <span class='ocrx_word' id='word_1_586' title='bbox 3392 1552 3498 1605; x_wconf 88' lang='grc' dir='ltr'>τῶν</span> <span class='ocrx_word' id='word_1_587' title='bbox 3521 1554 3801 1623; x_wconf 77' lang='grc' dir='ltr'>ἀρχόντων</span> 
     </span>
    </p>
   </div>
   <div class='ocr_carea' id='block_1_77' title="bbox 2245 1629 3805 1705">
    <p class='ocr_par' dir='ltr' id='par_1_77' title="bbox 2245 1629 3805 1705">
     <span class='ocr_line' id='line_1_77' title="bbox 2245 1629 3805 1705; baseline 0.008 -22"><span class='ocrx_word' id='word_1_588' title='bbox 2245 1629 2407 1683; x_wconf 84' lang='grc' dir='ltr'>αὐτοῦ</span> <span class='ocrx_word' id='word_1_589' title='bbox 2439 1632 2804 1696; x_wconf 75' lang='grc' dir='ltr'>ἀναπεισθεὶς,</span> <span class='ocrx_word' id='word_1_590' title='bbox 2828 1634 3078 1705; x_wconf 80' lang='grc' dir='ltr'>ἀτιμάζει</span> <span class='ocrx_word' id='word_1_591' title='bbox 3105 1636 3230 1699; x_wconf 79' lang='grc' dir='ltr'>τοὺς</span> <span class='ocrx_word' id='word_1_592' title='bbox 3266 1637 3667 1702; x_wconf 86' lang='grc' dir='ltr'>ἀποσταλέντας</span> <span class='ocrx_word' id='word_1_593' title='bbox 3689 1640 3805 1696; x_wconf 79' lang='grc' dir='ltr'>ὑπὸ</span> 
     </span>
    </p>
   </div>
   <div class='ocr_carea' id='block_1_78' title="bbox 2243 1715 3801 1791">
    <p class='ocr_par' dir='ltr' id='par_1_78' title="bbox 2243 1715 3801 1791">
     <span class='ocr_line' id='line_1_78' title="bbox 2243 1715 3801 1791; baseline 0.008 -24"><span class='ocrx_word' id='word_1_594' title='bbox 2243 1715 2337 1768; x_wconf 89' lang='grc' dir='ltr'>τοῦ</span> <span class='ocrx_word' id='word_1_595' title='bbox 2380 1716 2542 1769; x_wconf 83' lang='grc' dir='ltr'>Δαυῒδ</span> <span class='ocrx_word' id='word_1_596' title='bbox 2582 1720 2661 1781; x_wconf 82' lang='grc' dir='ltr'>είς</span> <span class='ocrx_word' id='word_1_597' title='bbox 2703 1719 3062 1790; x_wconf 82' lang='grc' dir='ltr'>παράκλησιν.</span> <span class='ocrx_word' id='word_1_598' title='bbox 3102 1721 3374 1776; x_wconf 79' lang='grc' dir='ltr'>Ἐντεῦθεν</span> <span class='ocrx_word' id='word_1_599' title='bbox 3397 1722 3599 1791; x_wconf 77' lang='grc' dir='ltr'>γίνεται</span> <span class='ocrx_word' id='word_1_600' title='bbox 3632 1725 3801 1779; x_wconf 67' lang='lat' dir='ltr'>1:61a-</span> 
     </span>
    </p>
   </div>
   <div class='ocr_carea' id='block_1_79' title="bbox 2249 1805 3800 1884">
    <p class='ocr_par' dir='ltr' id='par_1_79' title="bbox 2249 1805 3800 1884">
     <span class='ocr_line' id='line_1_79' title="bbox 2249 1805 3800 1884; baseline 0.007 -29"><span class='ocrx_word' id='word_1_601' title='bbox 2249 1821 2346 1873; x_wconf 84' lang='grc' dir='ltr'>μσς</span> <span class='ocrx_word' id='word_1_602' title='bbox 2364 1820 2375 1831; x_wconf 74' lang='grc'><strong>⁸</strong></span> <span class='ocrx_word' id='word_1_603' title='bbox 2408 1806 2499 1857; x_wconf 88' lang='grc' dir='ltr'>καὶ</span> <span class='ocrx_word' id='word_1_604' title='bbox 2524 1805 2583 1857; x_wconf 90' lang='grc' dir='ltr'>τὸ</span> <span class='ocrx_word' id='word_1_605' title='bbox 2612 1807 2708 1876; x_wconf 78' lang='grc' dir='ltr'>μὲν</span> <span class='ocrx_word' id='word_1_606' title='bbox 2740 1808 2951 1878; x_wconf 89' lang='grc' dir='ltr'>πρῶτον</span> <span class='ocrx_word' id='word_1_607' title='bbox 2979 1807 3189 1878; x_wconf 74' lang='grc' dir='ltr'>ἔπεμψε</span> <span class='ocrx_word' id='word_1_608' title='bbox 3213 1809 3302 1862; x_wconf 88' lang='grc' dir='ltr'>τὸν</span> <span class='ocrx_word' id='word_1_609' title='bbox 3341 1810 3515 1877; x_wconf 80' lang='grc' dir='ltr'>Ἰωὰϐ,</span> <span class='ocrx_word' id='word_1_610' title='bbox 3548 1807 3668 1866; x_wconf 76' lang='grc' dir='ltr'>εἶτα</span> <span class='ocrx_word' id='word_1_611' title='bbox 3693 1808 3800 1884; x_wconf 82' lang='grc' dir='ltr'>ἦλ-</span> 
     </span>
    </p>
   </div>
   <div class='ocr_carea' id='block_1_80' title="bbox 2246 1890 3804 1974">
    <p class='ocr_par' dir='ltr' id='par_1_80' title="bbox 2246 1890 3804 1974">
     <span class='ocr_line' id='line_1_80' title="bbox 2246 1890 3804 1974; baseline 0.008 -33"><span class='ocrx_word' id='word_1_612' title='bbox 2246 1890 2336 1945; x_wconf 87' lang='grc' dir='ltr'>θεν</span> <span class='ocrx_word' id='word_1_613' title='bbox 2373 1892 2531 1954; x_wconf 87' lang='grc' dir='ltr'>αὐτὸς</span> <span class='ocrx_word' id='word_1_614' title='bbox 2562 1894 2591 1945; x_wconf 89' lang='lat'>6</span> <span class='ocrx_word' id='word_1_615' title='bbox 2623 1892 2816 1958; x_wconf 78' lang='lat'>60616,</span> <span class='ocrx_word' id='word_1_616' title='bbox 2845 1896 2940 1947; x_wconf 91' lang='grc' dir='ltr'>καὶ</span> <span class='ocrx_word' id='word_1_617' title='bbox 2980 1895 3239 1966; x_wconf 88' lang='grc' dir='ltr'>τρέπεται</span> <span class='ocrx_word' id='word_1_618' title='bbox 3264 1898 3388 1960; x_wconf 83' lang='grc' dir='ltr'>τούς</span> <span class='ocrx_word' id='word_1_619' title='bbox 3421 1897 3669 1974; x_wconf 84' lang='grc' dir='ltr'>ἐχθρούς.</span> <span class='ocrx_word' id='word_1_620' title='bbox 3715 1900 3804 1955; x_wconf 77' lang='grc' dir='ltr'>Τὰ</span> 
     </span>
    </p>
   </div>
   <div class='ocr_carea' id='block_1_81' title="bbox 2245 1975 3803 2053">
    <p class='ocr_par' dir='ltr' id='par_1_81' title="bbox 2245 1975 3803 2053">
     <span class='ocr_line' id='line_1_81' title="bbox 2245 1975 3803 2053; baseline 0.006 -26"><span class='ocrx_word' id='word_1_621' title='bbox 2245 1975 2384 2028; x_wconf 88' lang='grc' dir='ltr'>κατά</span> <span class='ocrx_word' id='word_1_622' title='bbox 2408 1976 2495 2029; x_wconf 89' lang='grc' dir='ltr'>τὸν</span> <span class='ocrx_word' id='word_1_623' title='bbox 2519 1977 2717 2047; x_wconf 79' lang='grc' dir='ltr'>Οὐρίαν</span> <span class='ocrx_word' id='word_1_624' title='bbox 2745 1979 2993 2032; x_wconf 87' lang='grc' dir='ltr'>ἐντεῦθεν</span> <span class='ocrx_word' id='word_1_625' title='bbox 3026 1982 3119 2033; x_wconf 84' lang='grc' dir='ltr'>καὶ</span> <span class='ocrx_word' id='word_1_626' title='bbox 3149 1981 3245 2051; x_wconf 79' lang='grc' dir='ltr'>τὴν</span> <span class='ocrx_word' id='word_1_627' title='bbox 3279 1981 3573 2053; x_wconf 83' lang='grc' dir='ltr'>Βηρσαϐεέ,</span> <span class='ocrx_word' id='word_1_628' title='bbox 3617 1986 3712 2036; x_wconf 89' lang='grc' dir='ltr'>καὶ</span> <span class='ocrx_word' id='word_1_629' title='bbox 3734 1986 3803 2038; x_wconf 86' lang='grc' dir='ltr'>τὸ</span> 
     </span>
    </p>
   </div>
   <div class='ocr_carea' id='block_1_82' title="bbox 2245 2061 3799 2139">
    <p class='ocr_par' dir='ltr' id='par_1_82' title="bbox 2245 2061 3799 2139">
     <span class='ocr_line' id='line_1_82' title="bbox 2245 2061 3799 2139; baseline 0.006 -27"><span class='ocrx_word' id='word_1_630' title='bbox 2245 2061 2450 2114; x_wconf 80' lang='grc' dir='ltr'>παιδίον</span> <span class='ocrx_word' id='word_1_631' title='bbox 2493 2062 2553 2114; x_wconf 85' lang='grc' dir='ltr'>τὸ</span> <span class='ocrx_word' id='word_1_632' title='bbox 2597 2063 2937 2133; x_wconf 86' lang='grc' dir='ltr'>τελευτῆσαν.</span> <span class='ocrx_word' id='word_1_633' title='bbox 2987 2064 3121 2117; x_wconf 75' lang='grc' dir='ltr'>Μεθ’</span> <span class='ocrx_word' id='word_1_634' title='bbox 3169 2065 3197 2118; x_wconf 85' lang='lat'>6</span> <span class='ocrx_word' id='word_1_635' title='bbox 3238 2066 3476 2120; x_wconf 86' lang='grc' dir='ltr'>τίκτεται</span> <span class='ocrx_word' id='word_1_636' title='bbox 3523 2069 3799 2139; x_wconf 82' lang='grc' dir='ltr'>Σολομὼν.</span> 
     </span>
    </p>
   </div>
   <div class='ocr_carea' id='block_1_83' title="bbox 2245 2147 3803 2224">
    <p class='ocr_par' dir='ltr' id='par_1_83' title="bbox 2245 2147 3803 2224">
     <span class='ocr_line' id='line_1_83' title="bbox 2245 2147 3803 2224; baseline 0.006 -24"><span class='ocrx_word' id='word_1_637' title='bbox 2245 2147 2474 2216; x_wconf 85' lang='grc' dir='ltr'>Πολεμεῖ</span> <span class='ocrx_word' id='word_1_638' title='bbox 2498 2150 2526 2201; x_wconf 91' lang='lat'>6</span> <span class='ocrx_word' id='word_1_639' title='bbox 2554 2150 2708 2202; x_wconf 72' lang='grc' dir='ltr'>Ἰωαϐ</span> <span class='ocrx_word' id='word_1_640' title='bbox 2729 2150 2827 2219; x_wconf 81' lang='grc' dir='ltr'>τὴν</span> <span class='ocrx_word' id='word_1_641' title='bbox 2850 2150 3113 2216; x_wconf 76' lang='grc' dir='ltr'>Ῥαυάθίι,</span> <span class='ocrx_word' id='word_1_642' title='bbox 3145 2154 3237 2204; x_wconf 85' lang='grc' dir='ltr'>καὶ</span> <span class='ocrx_word' id='word_1_643' title='bbox 3275 2152 3411 2221; x_wconf 87' lang='grc' dir='ltr'>μετά</span> <span class='ocrx_word' id='word_1_644' title='bbox 3437 2152 3497 2205; x_wconf 86' lang='grc' dir='ltr'>τὸ</span> <span class='ocrx_word' id='word_1_645' title='bbox 3526 2155 3803 2224; x_wconf 84' lang='grc' dir='ltr'>κρατῆσαι</span> 
     </span>
    </p>
   </div>
   <div class='ocr_carea' id='block_1_84' title="bbox 2243 2234 3804 2310">
    <p class='ocr_par' dir='ltr' id='par_1_84' title="bbox 2243 2234 3804 2310">
     <span class='ocr_line' id='line_1_84' title="bbox 2243 2234 3804 2310; baseline 0.007 -26"><span class='ocrx_word' id='word_1_646' title='bbox 2243 2234 2341 2303; x_wconf 88' lang='grc' dir='ltr'>τῆς</span> <span class='ocrx_word' id='word_1_647' title='bbox 2367 2234 2570 2296; x_wconf 89' lang='grc' dir='ltr'>πόλεως</span> <span class='ocrx_word' id='word_1_648' title='bbox 2589 2276 2602 2298; x_wconf 92' lang='grc'>,</span> <span class='ocrx_word' id='word_1_649' title='bbox 2654 2235 2855 2304; x_wconf 84' lang='grc' dir='ltr'>πέμπει</span> <span class='ocrx_word' id='word_1_650' title='bbox 2882 2236 2973 2288; x_wconf 88' lang='grc' dir='ltr'>ἐπὶ</span> <span class='ocrx_word' id='word_1_651' title='bbox 3002 2236 3093 2290; x_wconf 90' lang='grc' dir='ltr'>τὸν</span> <span class='ocrx_word' id='word_1_652' title='bbox 3124 2235 3313 2301; x_wconf 86' lang='lat'>60616,</span> <span class='ocrx_word' id='word_1_653' title='bbox 3349 2237 3664 2308; x_wconf 83' lang='grc' dir='ltr'>βουλόμενος</span> <span class='ocrx_word' id='word_1_654' title='bbox 3699 2241 3804 2310; x_wconf 79' lang='grc' dir='ltr'>τὴν</span> 
     </span>
    </p>
   </div>
   <div class='ocr_carea' id='block_1_85' title="bbox 2244 2319 3805 2394">
    <p class='ocr_par' dir='ltr' id='par_1_85' title="bbox 2244 2319 3805 2394">
     <span class='ocr_line' id='line_1_85' title="bbox 2244 2319 3805 2394; baseline 0.007 -25"><span class='ocrx_word' id='word_1_655' title='bbox 2244 2319 2398 2388; x_wconf 85' lang='grc' dir='ltr'>νίκην</span> <span class='ocrx_word' id='word_1_656' title='bbox 2419 2320 2607 2389; x_wconf 80' lang='grc' dir='ltr'>ἐκείνῳ</span> <span class='ocrx_word' id='word_1_657' title='bbox 2627 2321 3016 2390; x_wconf 82' lang='grc' dir='ltr'>ἐπιγραφῆναι.</span> <span class='ocrx_word' id='word_1_658' title='bbox 3047 2319 3177 2391; x_wconf 80' lang='grc' dir='ltr'>Ἐρᾷ</span> <span class='ocrx_word' id='word_1_659' title='bbox 3204 2322 3233 2375; x_wconf 89' lang='grc' dir='ltr'>ό</span> <span class='ocrx_word' id='word_1_660' title='bbox 3262 2322 3372 2385; x_wconf 86' lang='grc' dir='ltr'>υίὸς</span> <span class='ocrx_word' id='word_1_661' title='bbox 3401 2323 3561 2377; x_wconf 83' lang='grc' dir='ltr'>Δαυῒδ</span> <span class='ocrx_word' id='word_1_662' title='bbox 3586 2326 3639 2377; x_wconf 76' lang='grc' dir='ltr'><strong>Ἀ</strong></span> <span class='ocrx_word' id='word_1_663' title='bbox 3650 2326 3805 2394; x_wconf 81' lang='grc' dir='ltr'>μνῶν</span> 
     </span>
    </p>
   </div>
   <div class='ocr_carea' id='block_1_86' title="bbox 2242 2402 3804 2481">
    <p class='ocr_par' dir='ltr' id='par_1_86' title="bbox 2242 2402 3804 2481">
     <span class='ocr_line' id='line_1_86' title="bbox 2242 2402 3804 2481; baseline 0.006 -27"><span class='ocrx_word' id='word_1_664' title='bbox 2242 2402 2340 2471; x_wconf 85' lang='grc' dir='ltr'>τῆς</span> <span class='ocrx_word' id='word_1_665' title='bbox 2386 2404 2615 2473; x_wconf 83' lang='grc' dir='ltr'>ἀδελφῆς</span> <span class='ocrx_word' id='word_1_666' title='bbox 2656 2406 2817 2458; x_wconf 86' lang='grc' dir='ltr'>αὐτοῦ</span> <span class='ocrx_word' id='word_1_667' title='bbox 2866 2407 2963 2476; x_wconf 90' lang='grc' dir='ltr'>τῆς</span> <span class='ocrx_word' id='word_1_668' title='bbox 3008 2405 3237 2477; x_wconf 86' lang='grc' dir='ltr'>Θάμαρ,</span> <span class='ocrx_word' id='word_1_669' title='bbox 3277 2408 3369 2459; x_wconf 83' lang='grc' dir='ltr'>καὶ</span> <span class='ocrx_word' id='word_1_670' title='bbox 3412 2410 3804 2481; x_wconf 76' lang='grc' dir='ltr'>προσποιηθεὶς</span> 
     </span>
    </p>
   </div>
   <div class='ocr_carea' id='block_1_87' title="bbox 2244 2489 3799 2565">
    <p class='ocr_par' dir='ltr' id='par_1_87' title="bbox 2244 2489 3799 2565">
     <span class='ocr_line' id='line_1_87' title="bbox 2244 2489 3799 2565; baseline 0.006 -25"><span class='ocrx_word' id='word_1_671' title='bbox 2244 2489 2429 2551; x_wconf 89' lang='grc' dir='ltr'>νόσον,</span> <span class='ocrx_word' id='word_1_672' title='bbox 2490 2490 2744 2543; x_wconf 84' lang='grc' dir='ltr'>ἐλθοῦσαν</span> <span class='ocrx_word' id='word_1_673' title='bbox 2794 2491 2959 2562; x_wconf 82' lang='grc' dir='ltr'>αὐτὴν</span> <span class='ocrx_word' id='word_1_674' title='bbox 3013 2492 3093 2554; x_wconf 77' lang='grc' dir='ltr'>εις</span> <span class='ocrx_word' id='word_1_675' title='bbox 3148 2491 3432 2562; x_wconf 75' lang='grc' dir='ltr'>ἐπίσκεψιν</span> <span class='ocrx_word' id='word_1_676' title='bbox 3490 2494 3799 2565; x_wconf 80' lang='grc' dir='ltr'>ἐξύϐρισεν.</span> 
     </span>
    </p>
   </div>
   <div class='ocr_carea' id='block_1_88' title="bbox 2257 2576 3806 2650">
    <p class='ocr_par' dir='ltr' id='par_1_88' title="bbox 2257 2576 3806 2650">
     <span class='ocr_line' id='line_1_88' title="bbox 2257 2576 3806 2650; baseline 0.006 -23"><span class='ocrx_word' id='word_1_677' title='bbox 2257 2576 2516 2640; x_wconf 84' lang='grc' dir='ltr'>Ἀκούσας</span> <span class='ocrx_word' id='word_1_678' title='bbox 2558 2577 2614 2630; x_wconf 83' lang='grc' dir='ltr'>δὲ</span> <span class='ocrx_word' id='word_1_679' title='bbox 2653 2578 2682 2628; x_wconf 91' lang='lat'>6</span> <span class='ocrx_word' id='word_1_680' title='bbox 2729 2578 2951 2646; x_wconf 88' lang='grc' dir='ltr'>ἀδελφὸς</span> <span class='ocrx_word' id='word_1_681' title='bbox 2991 2579 3160 2649; x_wconf 86' lang='grc' dir='ltr'>αὐτῆς</span> <span class='ocrx_word' id='word_1_682' title='bbox 3210 2578 3593 2650; x_wconf 81' lang='grc' dir='ltr'>Ἀϐεσσαλὼμ,</span> <span class='ocrx_word' id='word_1_683' title='bbox 3643 2584 3806 2639; x_wconf 85' lang='grc' dir='ltr'>καλεῖ</span> 
     </span>
    </p>
   </div>
   <div class='ocr_carea' id='block_1_89' title="bbox 2250 2661 3804 2738">
    <p class='ocr_par' dir='ltr' id='par_1_89' title="bbox 2250 2661 3804 2738">
     <span class='ocr_line' id='line_1_89' title="bbox 2250 2661 3804 2738; baseline 0.005 -25"><span class='ocrx_word' id='word_1_684' title='bbox 2250 2661 2387 2730; x_wconf 82' lang='grc' dir='ltr'>μετὰ</span> <span class='ocrx_word' id='word_1_685' title='bbox 2413 2661 2587 2715; x_wconf 88' lang='grc' dir='ltr'>ταῦτα</span> <span class='ocrx_word' id='word_1_686' title='bbox 2612 2663 2700 2715; x_wconf 88' lang='grc' dir='ltr'>τὸν</span> <span class='ocrx_word' id='word_1_687' title='bbox 2731 2664 2951 2733; x_wconf 83' lang='grc' dir='ltr'>βασιλέα</span> <span class='ocrx_word' id='word_1_688' title='bbox 2985 2666 3063 2727; x_wconf 82' lang='grc' dir='ltr'>είς</span> <span class='ocrx_word' id='word_1_689' title='bbox 3091 2664 3330 2716; x_wconf 78' lang='grc' dir='ltr'>ἑστίασιν</span> <span class='ocrx_word' id='word_1_690' title='bbox 3348 2679 3363 2694; x_wconf 88' lang='grc'><strong>·</strong></span> <span class='ocrx_word' id='word_1_691' title='bbox 3390 2665 3462 2729; x_wconf 82' lang='grc' dir='ltr'>ὡς</span> <span class='ocrx_word' id='word_1_692' title='bbox 3491 2666 3545 2719; x_wconf 87' lang='grc' dir='ltr'>δέ</span> <span class='ocrx_word' id='word_1_693' title='bbox 3575 2667 3675 2719; x_wconf 88' lang='grc' dir='ltr'>οὐκ</span> <span class='ocrx_word' id='word_1_694' title='bbox 3705 2664 3804 2738; x_wconf 81' lang='grc' dir='ltr'>ἦλ-</span> 
     </span>
    </p>
   </div>
   <div class='ocr_carea' id='block_1_90' title="bbox 2245 2746 3805 2819">
    <p class='ocr_par' dir='ltr' id='par_1_90' title="bbox 2245 2746 3805 2819">
     <span class='ocr_line' id='line_1_90' title="bbox 2245 2746 3805 2819; baseline 0.005 -21"><span class='ocrx_word' id='word_1_695' title='bbox 2245 2746 2335 2799; x_wconf 89' lang='grc' dir='ltr'>θεν</span> <span class='ocrx_word' id='word_1_696' title='bbox 2365 2749 2591 2811; x_wconf 87' lang='grc' dir='ltr'>ἐκεῖνος,</span> <span class='ocrx_word' id='word_1_697' title='bbox 2621 2749 2771 2818; x_wconf 77' lang='grc' dir='ltr'>ἠξίου</span> <span class='ocrx_word' id='word_1_698' title='bbox 2798 2751 2921 2810; x_wconf 84' lang='grc' dir='ltr'>τοὺς</span> <span class='ocrx_word' id='word_1_699' title='bbox 2959 2746 3089 2816; x_wconf 81' lang='grc' dir='ltr'>γοῦν</span> <span class='ocrx_word' id='word_1_700' title='bbox 3121 2749 3376 2819; x_wconf 79' lang='grc' dir='ltr'>ἀδελφοὺς</span> <span class='ocrx_word' id='word_1_701' title='bbox 3410 2750 3600 2804; x_wconf 82' lang='grc' dir='ltr'>ἐλθεῖν.</span> <span class='ocrx_word' id='word_1_702' title='bbox 3645 2753 3805 2806; x_wconf 85' lang='grc' dir='ltr'>Ἐπεὶ</span> 
     </span>
    </p>
   </div>
   <div class='ocr_carea' id='block_1_91' title="bbox 2242 2829 3804 2905">
    <p class='ocr_par' dir='ltr' id='par_1_91' title="bbox 2242 2829 3804 2905">
     <span class='ocr_line' id='line_1_91' title="bbox 2242 2829 3804 2905; baseline 0.003 -19"><span class='ocrx_word' id='word_1_703' title='bbox 2242 2833 2298 2886; x_wconf 78' lang='grc' dir='ltr'>δὲ</span> <span class='ocrx_word' id='word_1_704' title='bbox 2320 2829 2499 2903; x_wconf 82' lang='grc' dir='ltr'>ἦλθον,</span> <span class='ocrx_word' id='word_1_705' title='bbox 2536 2835 2865 2905; x_wconf 85' lang='grc' dir='ltr'>παρήγγειλε</span> <span class='ocrx_word' id='word_1_706' title='bbox 2894 2838 3004 2896; x_wconf 86' lang='grc' dir='ltr'>τοῖς</span> <span class='ocrx_word' id='word_1_707' title='bbox 3029 2836 3219 2888; x_wconf 90' lang='grc' dir='ltr'>ἐαυτοῦ</span> <span class='ocrx_word' id='word_1_708' title='bbox 3250 2836 3455 2901; x_wconf 89' lang='grc' dir='ltr'>παισὶν,</span> <span class='ocrx_word' id='word_1_709' title='bbox 3475 2838 3566 2889; x_wconf 88' lang='grc' dir='ltr'>καὶ</span> <span class='ocrx_word' id='word_1_710' title='bbox 3588 2837 3804 2890; x_wconf 85' lang='grc' dir='ltr'>ἀνεῖλον</span> 
     </span>
    </p>
   </div>
   <div class='ocr_carea' id='block_1_92' title="bbox 2244 2920 3804 2994">
    <p class='ocr_par' dir='ltr' id='par_1_92' title="bbox 2244 2920 3804 2994">
     <span class='ocr_line' id='line_1_92' title="bbox 2244 2920 3804 2994; baseline 0.006 -24"><span class='ocrx_word' id='word_1_711' title='bbox 2244 2921 2301 2971; x_wconf 93' lang='grc' dir='ltr'>ἐν</span> <span class='ocrx_word' id='word_1_712' title='bbox 2332 2920 2478 2989; x_wconf 83' lang='grc' dir='ltr'>αὐτῷ</span> <span class='ocrx_word' id='word_1_713' title='bbox 2510 2921 2587 2989; x_wconf 81' lang='grc' dir='ltr'>τῷ</span> <span class='ocrx_word' id='word_1_714' title='bbox 2619 2922 2824 2990; x_wconf 84' lang='grc' dir='ltr'>ἀρίστῳ</span> <span class='ocrx_word' id='word_1_715' title='bbox 2865 2921 2953 2973; x_wconf 82' lang='grc' dir='ltr'>τὸν</span> <span class='ocrx_word' id='word_1_716' title='bbox 3007 2921 3235 2990; x_wconf 82' lang='grc' dir='ltr'>’Λμνῶν.</span> <span class='ocrx_word' id='word_1_717' title='bbox 3290 2922 3375 2987; x_wconf 86' lang='lat'><strong>&#39;0;</strong></span> <span class='ocrx_word' id='word_1_718' title='bbox 3419 2922 3473 2975; x_wconf 85' lang='grc' dir='ltr'>δὲ</span> <span class='ocrx_word' id='word_1_719' title='bbox 3518 2924 3750 2994; x_wconf 71' lang='grc' dir='ltr'>ἤκουσεν</span> <span class='ocrx_word' id='word_1_720' title='bbox 3774 2930 3804 2979; x_wconf 91' lang='lat'>6</span> 
     </span>
    </p>
   </div>
   <div class='ocr_carea' id='block_1_93' title="bbox 2244 3004 3802 3078">
    <p class='ocr_par' dir='ltr' id='par_1_93' title="bbox 2244 3004 3802 3078">
     <span class='ocr_line' id='line_1_93' title="bbox 2244 3004 3802 3078; baseline 0.005 -23"><span class='ocrx_word' id='word_1_721' title='bbox 2244 3004 2425 3066; x_wconf 82' lang='lat'>60616,</span> <span class='ocrx_word' id='word_1_722' title='bbox 2457 3006 2750 3074; x_wconf 83' lang='grc' dir='ltr'>ἐπένθησεν</span> <span class='ocrx_word' id='word_1_723' title='bbox 2784 3007 3002 3071; x_wconf 78' lang='grc' dir='ltr'>ἱκανῶς,</span> <span class='ocrx_word' id='word_1_724' title='bbox 3032 3008 3124 3060; x_wconf 82' lang='grc' dir='ltr'>καὶ</span> <span class='ocrx_word' id='word_1_725' title='bbox 3150 3007 3408 3078; x_wconf 74' lang='grc' dir='ltr'>ὠργίζετο</span> <span class='ocrx_word' id='word_1_726' title='bbox 3436 3009 3513 3078; x_wconf 83' lang='grc' dir='ltr'>τῷ</span> <span class='ocrx_word' id='word_1_727' title='bbox 3542 3008 3802 3063; x_wconf 79' lang='grc' dir='ltr'>’Δϐεσσα-</span> 
     </span>
    </p>
   </div>
   <div class='ocr_carea' id='block_1_94' title="bbox 2244 3088 3805 3163">
    <p class='ocr_par' dir='ltr' id='par_1_94' title="bbox 2244 3088 3805 3163">
     <span class='ocr_line' id='line_1_94' title="bbox 2244 3088 3805 3163; baseline 0.004 -21"><span class='ocrx_word' id='word_1_728' title='bbox 2244 3088 2380 3159; x_wconf 84' lang='grc' dir='ltr'>λώμ.</span> <span class='ocrx_word' id='word_1_729' title='bbox 2422 3092 2481 3142; x_wconf 89' lang='lat' dir='ltr'><strong>&#39;U</strong></span> <span class='ocrx_word' id='word_1_730' title='bbox 2515 3091 2570 3143; x_wconf 83' lang='grc' dir='ltr'>δὲ</span> <span class='ocrx_word' id='word_1_731' title='bbox 2614 3093 2852 3162; x_wconf 73' lang='grc' dir='ltr'>ἀπέδρασ</span> <span class='ocrx_word' id='word_1_732' title='bbox 2900 3093 2989 3144; x_wconf 92' lang='grc' dir='ltr'>καὶ</span> <span class='ocrx_word' id='word_1_733' title='bbox 3039 3093 3175 3161; x_wconf 89' lang='grc' dir='ltr'>μετά</span> <span class='ocrx_word' id='word_1_734' title='bbox 3222 3092 3313 3163; x_wconf 82' lang='grc' dir='ltr'>ἔτη</span> <span class='ocrx_word' id='word_1_735' title='bbox 3350 3093 3492 3162; x_wconf 88' lang='grc' dir='ltr'>τρία,</span> <span class='ocrx_word' id='word_1_736' title='bbox 3538 3094 3628 3147; x_wconf 78' lang='grc' dir='ltr'>ὅτε</span> <span class='ocrx_word' id='word_1_737' title='bbox 3675 3098 3805 3149; x_wconf 79' lang='grc' dir='ltr'>καθ·</span> 
     </span>
    </p>
   </div>
   <div class='ocr_carea' id='block_1_95' title="bbox 2244 3175 3807 3248">
    <p class='ocr_par' dir='ltr' id='par_1_95' title="bbox 2244 3175 3807 3248">
     <span class='ocr_line' id='line_1_95' title="bbox 2244 3175 3807 3248; baseline 0.006 -22"><span class='ocrx_word' id='word_1_738' title='bbox 2244 3175 2419 3243; x_wconf 88' lang='grc' dir='ltr'>υφῆκε</span> <span class='ocrx_word' id='word_1_739' title='bbox 2458 3176 2555 3244; x_wconf 79' lang='grc' dir='ltr'>τῆς</span> <span class='ocrx_word' id='word_1_740' title='bbox 2591 3176 2759 3246; x_wconf 84' lang='grc' dir='ltr'>ὀργῆς</span> <span class='ocrx_word' id='word_1_741' title='bbox 2797 3179 2825 3229; x_wconf 91' lang='lat'>6</span> <span class='ocrx_word' id='word_1_742' title='bbox 2870 3177 3153 3248; x_wconf 79' lang='grc' dir='ltr'>βασιλεὺς,</span> <span class='ocrx_word' id='word_1_743' title='bbox 3204 3177 3476 3247; x_wconf 73' lang='grc' dir='ltr'>σοφίζεται</span> <span class='ocrx_word' id='word_1_744' title='bbox 3520 3180 3676 3233; x_wconf 76' lang='grc' dir='ltr'>Ἰωάϐ</span> <span class='ocrx_word' id='word_1_745' title='bbox 3713 3184 3807 3235; x_wconf 79' lang='grc' dir='ltr'>διὰ</span> 
     </span>
    </p>
   </div>
   <div class='ocr_carea' id='block_1_96' title="bbox 2246 3260 3806 3332">
    <p class='ocr_par' dir='ltr' id='par_1_96' title="bbox 2246 3260 3806 3332">
     <span class='ocr_line' id='line_1_96' title="bbox 2246 3260 3806 3332; baseline 0.005 -21"><span class='ocrx_word' id='word_1_746' title='bbox 2246 3260 2498 3326; x_wconf 88' lang='grc' dir='ltr'>γυναικὸς</span> <span class='ocrx_word' id='word_1_747' title='bbox 2543 3262 2859 3325; x_wconf 83' lang='grc' dir='ltr'>Θεκωῖτιδος</span> <span class='ocrx_word' id='word_1_748' title='bbox 2884 3301 2899 3325; x_wconf 91' lang='grc'>,</span> <span class='ocrx_word' id='word_1_749' title='bbox 2950 3264 3041 3316; x_wconf 87' lang='grc' dir='ltr'>καὶ</span> <span class='ocrx_word' id='word_1_750' title='bbox 3090 3264 3261 3316; x_wconf 80' lang='grc' dir='ltr'>πείθει</span> <span class='ocrx_word' id='word_1_751' title='bbox 3307 3265 3668 3332; x_wconf 85' lang='grc' dir='ltr'>ἐπαναγαγεῖν</span> <span class='ocrx_word' id='word_1_752' title='bbox 3709 3268 3806 3325; x_wconf 60' lang='grc' dir='ltr'>τὸν</span> 
     </span>
    </p>
   </div>
   <div class='ocr_carea' id='block_1_97' title="bbox 2258 3345 3802 3419">
    <p class='ocr_par' dir='ltr' id='par_1_97' title="bbox 2258 3345 3802 3419">
     <span class='ocr_line' id='line_1_97' title="bbox 2258 3345 3802 3419; baseline 0.005 -22"><span class='ocrx_word' id='word_1_753' title='bbox 2258 3345 2624 3416; x_wconf 84' lang='grc' dir='ltr'>Ἀϐεσσαλώμ.</span> <span class='ocrx_word' id='word_1_754' title='bbox 2667 3346 3052 3400; x_wconf 88' lang='grc' dir='ltr'>Ἐπανελθόντα</span> <span class='ocrx_word' id='word_1_755' title='bbox 3084 3348 3142 3402; x_wconf 87' lang='grc' dir='ltr'>δέ</span> <span class='ocrx_word' id='word_1_756' title='bbox 3168 3349 3267 3403; x_wconf 91' lang='grc' dir='ltr'>οὐκ</span> <span class='ocrx_word' id='word_1_757' title='bbox 3299 3349 3561 3419; x_wconf 69' lang='grc' dir='ltr'>ἠθέλησεν</span> <span class='ocrx_word' id='word_1_758' title='bbox 3590 3351 3802 3417; x_wconf 80' lang='grc' dir='ltr'>εὐθέως</span> 
     </span>
    </p>
   </div>
   <div class='ocr_carea' id='block_1_98' title="bbox 2248 3430 3803 3507">
    <p class='ocr_par' dir='ltr' id='par_1_98' title="bbox 2248 3430 3803 3507">
     <span class='ocr_line' id='line_1_98' title="bbox 2248 3430 3803 3507; baseline 0.004 -23"><span class='ocrx_word' id='word_1_759' title='bbox 2248 3433 2372 3484; x_wconf 76' lang='grc' dir='ltr'>ἰδεῖν</span> <span class='ocrx_word' id='word_1_760' title='bbox 2423 3436 2451 3485; x_wconf 94' lang='lat'>6</span> <span class='ocrx_word' id='word_1_761' title='bbox 2494 3433 2693 3502; x_wconf 85' lang='grc' dir='ltr'>πατὴρ,</span> <span class='ocrx_word' id='word_1_762' title='bbox 2746 3434 2861 3487; x_wconf 83' lang='grc' dir='ltr'>ἀλλ’</span> <span class='ocrx_word' id='word_1_763' title='bbox 2897 3430 2965 3504; x_wconf 79' lang='grc' dir='ltr'>ἦν</span> <span class='ocrx_word' id='word_1_764' title='bbox 3007 3435 3097 3486; x_wconf 89' lang='grc' dir='ltr'>δύο</span> <span class='ocrx_word' id='word_1_765' title='bbox 3128 3437 3217 3505; x_wconf 82' lang='grc' dir='ltr'>ἔτη</span> <span class='ocrx_word' id='word_1_766' title='bbox 3263 3438 3320 3489; x_wconf 91' lang='grc' dir='ltr'>ἐν</span> <span class='ocrx_word' id='word_1_767' title='bbox 3359 3436 3709 3507; x_wconf 75' lang='grc' dir='ltr'>Ἰερουσαλὴμ</span> <span class='ocrx_word' id='word_1_768' title='bbox 3743 3440 3803 3505; x_wconf 81' lang='grc' dir='ltr'>ἐξ</span> 
     </span>
    </p>
   </div>
   <div class='ocr_carea' id='block_1_99' title="bbox 2244 3517 3801 3586">
    <p class='ocr_par' dir='ltr' id='par_1_99' title="bbox 2244 3517 3801 3586">
     <span class='ocr_line' id='line_1_99' title="bbox 2244 3517 3801 3586; baseline 0.004 -17"><span class='ocrx_word' id='word_1_769' title='bbox 2244 3518 2414 3586; x_wconf 72' lang='grc' dir='ltr'>ὅψεως</span> <span class='ocrx_word' id='word_1_770' title='bbox 2459 3517 2551 3568; x_wconf 87' lang='grc' dir='ltr'>τοῦ</span> <span class='ocrx_word' id='word_1_771' title='bbox 2602 3518 2884 3585; x_wconf 75' lang='grc' dir='ltr'>βασιλέως.</span> <span class='ocrx_word' id='word_1_772' title='bbox 2938 3518 3069 3570; x_wconf 87' lang='grc' dir='ltr'>Τότε</span> <span class='ocrx_word' id='word_1_773' title='bbox 3119 3520 3274 3572; x_wconf 84' lang='grc' dir='ltr'>καλεῖ</span> <span class='ocrx_word' id='word_1_774' title='bbox 3314 3522 3405 3574; x_wconf 86' lang='grc' dir='ltr'>τὸν</span> <span class='ocrx_word' id='word_1_775' title='bbox 3447 3522 3634 3574; x_wconf 78' lang='grc' dir='ltr'>Ίωάϐ’</span> <span class='ocrx_word' id='word_1_776' title='bbox 3682 3525 3711 3574; x_wconf 89' lang='lat'>6</span> <span class='ocrx_word' id='word_1_777' title='bbox 3743 3524 3801 3575; x_wconf 73' lang='grc' dir='ltr'>δὲ</span> 
     </span>
    </p>
   </div>
   <div class='ocr_carea' id='block_1_100' title="bbox 2244 3600 3800 3679">
    <p class='ocr_par' dir='ltr' id='par_1_100' title="bbox 2244 3600 3800 3679">
     <span class='ocr_line' id='line_1_100' title="bbox 2244 3600 3800 3679; baseline 0.004 -24"><span class='ocrx_word' id='word_1_778' title='bbox 2244 3604 2339 3671; x_wconf 83' lang='grc' dir='ltr'>οὐχ</span> <span class='ocrx_word' id='word_1_779' title='bbox 2385 3602 2707 3672; x_wconf 81' lang='grc' dir='ltr'>ὑπήκουσεν.</span> <span class='ocrx_word' id='word_1_780' title='bbox 2756 3600 2888 3659; x_wconf 81' lang='grc' dir='ltr'>Εἶτα</span> <span class='ocrx_word' id='word_1_781' title='bbox 2917 3604 3208 3679; x_wconf 84' lang='grc' dir='ltr'>ἐνέπρησεν</span> <span class='ocrx_word' id='word_1_782' title='bbox 3255 3606 3420 3659; x_wconf 87' lang='grc' dir='ltr'>αὐτοῦ</span> <span class='ocrx_word' id='word_1_783' title='bbox 3466 3607 3559 3660; x_wconf 88' lang='grc' dir='ltr'>τὸν</span> <span class='ocrx_word' id='word_1_784' title='bbox 3604 3609 3800 3676; x_wconf 74' lang='grc' dir='ltr'>ἀγρὸν,</span> 
     </span>
    </p>
   </div>
   <div class='ocr_carea' id='block_1_101' title="bbox 2246 3687 3800 3765">
    <p class='ocr_par' dir='ltr' id='par_1_101' title="bbox 2246 3687 3800 3765">
     <span class='ocr_line' id='line_1_101' title="bbox 2246 3687 3800 3765; baseline 0.004 -22"><span class='ocrx_word' id='word_1_785' title='bbox 2246 3692 2337 3743; x_wconf 88' lang='grc' dir='ltr'>καὶ</span> <span class='ocrx_word' id='word_1_786' title='bbox 2375 3690 2544 3752; x_wconf 77' lang='grc' dir='ltr'>οὓτως</span> <span class='ocrx_word' id='word_1_787' title='bbox 2587 3690 2947 3758; x_wconf 85' lang='grc' dir='ltr'>ἀναγκασθεὶς</span> <span class='ocrx_word' id='word_1_788' title='bbox 2975 3687 3104 3762; x_wconf 75' lang='grc' dir='ltr'>ἦλθε</span> <span class='ocrx_word' id='word_1_789' title='bbox 3130 3694 3261 3763; x_wconf 82' lang='grc' dir='ltr'>πρὸς</span> <span class='ocrx_word' id='word_1_790' title='bbox 3294 3693 3385 3747; x_wconf 87' lang='grc' dir='ltr'>τὸν</span> <span class='ocrx_word' id='word_1_791' title='bbox 3424 3694 3800 3765; x_wconf 79' lang='grc' dir='ltr'>Ἀϐεσσαλὼμ,</span> 
     </span>
    </p>
   </div>
   <div class='ocr_carea' id='block_1_102' title="bbox 2247 3777 3804 3849">
    <p class='ocr_par' dir='ltr' id='par_1_102' title="bbox 2247 3777 3804 3849">
     <span class='ocr_line' id='line_1_102' title="bbox 2247 3777 3804 3849; baseline 0.004 -19"><span class='ocrx_word' id='word_1_792' title='bbox 2247 3779 2336 3830; x_wconf 86' lang='grc' dir='ltr'>καὶ</span> <span class='ocrx_word' id='word_1_793' title='bbox 2368 3777 2691 3840; x_wconf 87' lang='grc' dir='ltr'>ἀποσταλεὶς</span> <span class='ocrx_word' id='word_1_794' title='bbox 2737 3778 2829 3830; x_wconf 81' lang='grc' dir='ltr'>ὐπ’</span> <span class='ocrx_word' id='word_1_795' title='bbox 2869 3778 3032 3832; x_wconf 88' lang='grc' dir='ltr'>αὐτοῦ</span> <span class='ocrx_word' id='word_1_796' title='bbox 3062 3779 3196 3848; x_wconf 90' lang='grc' dir='ltr'>πρὸς</span> <span class='ocrx_word' id='word_1_797' title='bbox 3248 3780 3339 3833; x_wconf 87' lang='grc' dir='ltr'>τὸν</span> <span class='ocrx_word' id='word_1_798' title='bbox 3381 3780 3622 3849; x_wconf 82' lang='grc' dir='ltr'>βασιλέα,</span> <span class='ocrx_word' id='word_1_799' title='bbox 3670 3800 3804 3835; x_wconf 88' lang='grc' dir='ltr'>κατ-</span> 
     </span>
    </p>
   </div>
   <div class='ocr_carea' id='block_1_103' title="bbox 2245 3866 3799 3940">
    <p class='ocr_par' dir='ltr' id='par_1_103' title="bbox 2245 3866 3799 3940">
     <span class='ocr_line' id='line_1_103' title="bbox 2245 3866 3799 3940; baseline 0.005 -23"><span class='ocrx_word' id='word_1_800' title='bbox 2245 3866 2469 3935; x_wconf 80' lang='grc' dir='ltr'>ήλλαξεν</span> <span class='ocrx_word' id='word_1_801' title='bbox 2543 3866 2734 3928; x_wconf 76' lang='grc' dir='ltr'>αὐτὸν,</span> <span class='ocrx_word' id='word_1_802' title='bbox 2804 3866 2897 3918; x_wconf 88' lang='grc' dir='ltr'>καὶ</span> <span class='ocrx_word' id='word_1_803' title='bbox 2958 3868 3217 3936; x_wconf 75' lang='grc' dir='ltr'>εἰσήγαγε</span> <span class='ocrx_word' id='word_1_804' title='bbox 3269 3866 3359 3920; x_wconf 88' lang='grc' dir='ltr'>τὸν</span> <span class='ocrx_word' id='word_1_805' title='bbox 3426 3870 3799 3940; x_wconf 80' lang='grc' dir='ltr'>’Λϐεσσαλώμ.</span> 
     </span>
    </p>
   </div>
   <div class='ocr_carea' id='block_1_104' title="bbox 2260 3951 3801 4025">
    <p class='ocr_par' dir='ltr' id='par_1_104' title="bbox 2260 3951 3801 4025">
     <span class='ocr_line' id='line_1_104' title="bbox 2260 3951 3801 4025; baseline 0.003 -22"><span class='ocrx_word' id='word_1_806' title='bbox 2260 3951 2507 4021; x_wconf 84' lang='grc' dir='ltr'>Ἐποίησε</span> <span class='ocrx_word' id='word_1_807' title='bbox 2531 3952 2587 4003; x_wconf 86' lang='grc' dir='ltr'>δέ</span> <span class='ocrx_word' id='word_1_808' title='bbox 2610 3951 2758 4021; x_wconf 82' lang='grc' dir='ltr'>αὐτῷ</span> <span class='ocrx_word' id='word_1_809' title='bbox 2790 3953 3009 4021; x_wconf 78' lang='grc' dir='ltr'>ἅρματα</span> <span class='ocrx_word' id='word_1_810' title='bbox 3055 3953 3148 4005; x_wconf 85' lang='grc' dir='ltr'>καὶ</span> <span class='ocrx_word' id='word_1_811' title='bbox 3194 3953 3390 4016; x_wconf 78' lang='grc' dir='ltr'>ἵππους</span> <span class='ocrx_word' id='word_1_812' title='bbox 3425 3954 3801 4025; x_wconf 80' lang='grc' dir='ltr'>’Λϐεσσαλὼμ,</span> 
     </span>
    </p>
   </div>
   <div class='ocr_carea' id='block_1_105' title="bbox 2248 4035 3805 4107">
    <p class='ocr_par' dir='ltr' id='par_1_105' title="bbox 2248 4035 3805 4107">
     <span class='ocr_line' id='line_1_105' title="bbox 2248 4035 3805 4107; baseline 0.004 -20"><span class='ocrx_word' id='word_1_813' title='bbox 2248 4038 2339 4089; x_wconf 86' lang='grc' dir='ltr'>καὶ</span> <span class='ocrx_word' id='word_1_814' title='bbox 2376 4038 2502 4098; x_wconf 79' lang='grc' dir='ltr'>τοὺς</span> <span class='ocrx_word' id='word_1_815' title='bbox 2533 4037 2859 4105; x_wconf 88' lang='grc' dir='ltr'>ἐρχομένους</span> <span class='ocrx_word' id='word_1_816' title='bbox 2904 4035 3179 4105; x_wconf 87' lang='grc' dir='ltr'>κρίνεσθαι</span> <span class='ocrx_word' id='word_1_817' title='bbox 3233 4038 3369 4106; x_wconf 88' lang='grc' dir='ltr'>μετά</span> <span class='ocrx_word' id='word_1_818' title='bbox 3416 4037 3611 4107; x_wconf 87' lang='grc' dir='ltr'>πολλῆς</span> <span class='ocrx_word' id='word_1_819' title='bbox 3665 4041 3805 4093; x_wconf 87' lang='grc' dir='ltr'>ἀπο-</span> 
     </span>
    </p>
   </div>
   <div class='ocr_carea' id='block_1_106' title="bbox 2246 4121 3806 4193">
    <p class='ocr_par' dir='ltr' id='par_1_106' title="bbox 2246 4121 3806 4193">
     <span class='ocr_line' id='line_1_106' title="bbox 2246 4121 3806 4193; baseline 0.003 -20"><span class='ocrx_word' id='word_1_820' title='bbox 2246 4122 2530 4191; x_wconf 87' lang='grc' dir='ltr'>δεχόμενος</span> <span class='ocrx_word' id='word_1_821' title='bbox 2554 4122 2720 4191; x_wconf 86' lang='grc' dir='ltr'>τιμῆς</span> <span class='ocrx_word' id='word_1_822' title='bbox 2739 4160 2754 4186; x_wconf 93' lang='grc'>,</span> <span class='ocrx_word' id='word_1_823' title='bbox 2784 4121 2969 4191; x_wconf 75' lang='grc' dir='ltr'>ἐπῄνει</span> <span class='ocrx_word' id='word_1_824' title='bbox 3020 4122 3116 4191; x_wconf 87' lang='grc' dir='ltr'>μέν</span> <span class='ocrx_word' id='word_1_825' title='bbox 3147 4122 3220 4184; x_wconf 86' lang='grc' dir='ltr'>ὡς</span> <span class='ocrx_word' id='word_1_826' title='bbox 3248 4122 3427 4175; x_wconf 85' lang='grc' dir='ltr'>δίκαια</span> <span class='ocrx_word' id='word_1_827' title='bbox 3450 4123 3623 4190; x_wconf 75' lang='grc' dir='ltr'>λέγειν</span> <span class='ocrx_word' id='word_1_828' title='bbox 3651 4124 3806 4193; x_wconf 56' lang='grc' dir='ltr'>ἔχον-</span> 
     </span>
    </p>
   </div>
   <div class='ocr_carea' id='block_1_107' title="bbox 2246 4205 3804 4278">
    <p class='ocr_par' dir='ltr' id='par_1_107' title="bbox 2246 4205 3804 4278">
     <span class='ocr_line' id='line_1_107' title="bbox 2246 4205 3804 4278; baseline 0.002 -19"><span class='ocrx_word' id='word_1_829' title='bbox 2246 4224 2362 4270; x_wconf 86' lang='grc' dir='ltr'>τας,</span> <span class='ocrx_word' id='word_1_830' title='bbox 2396 4206 2533 4259; x_wconf 89' lang='grc' dir='ltr'>ἐλέει</span> <span class='ocrx_word' id='word_1_831' title='bbox 2574 4207 2630 4259; x_wconf 81' lang='grc' dir='ltr'>δὲ</span> <span class='ocrx_word' id='word_1_832' title='bbox 2674 4207 2748 4269; x_wconf 83' lang='grc' dir='ltr'>ὡς</span> <span class='ocrx_word' id='word_1_833' title='bbox 2785 4205 2994 4269; x_wconf 85' lang='grc' dir='ltr'>οὐδενὸς</span> <span class='ocrx_word' id='word_1_834' title='bbox 3028 4206 3177 4271; x_wconf 75' lang='grc' dir='ltr'>ὄντος</span> <span class='ocrx_word' id='word_1_835' title='bbox 3200 4205 3293 4258; x_wconf 89' lang='grc' dir='ltr'>τοῦ</span> <span class='ocrx_word' id='word_1_836' title='bbox 3336 4207 3535 4276; x_wconf 87' lang='grc' dir='ltr'>ἀμῦναι</span> <span class='ocrx_word' id='word_1_837' title='bbox 3566 4207 3804 4278; x_wconf 87' lang='grc' dir='ltr'>δυναμέ-</span> 
     </span>
    </p>
   </div>
   <div class='ocr_carea' id='block_1_108' title="bbox 2246 4280 3805 4362">
    <p class='ocr_par' dir='ltr' id='par_1_108' title="bbox 2246 4280 3805 4362">
     <span class='ocr_line' id='line_1_108' title="bbox 2246 4280 3805 4362; baseline 0.003 -18"><span class='ocrx_word' id='word_1_838' title='bbox 2246 4310 2357 4355; x_wconf 92' lang='grc' dir='ltr'>νου,</span> <span class='ocrx_word' id='word_1_839' title='bbox 2386 4292 2479 4344; x_wconf 86' lang='grc' dir='ltr'>καὶ</span> <span class='ocrx_word' id='word_1_840' title='bbox 2506 4291 2685 4357; x_wconf 81' lang='grc' dir='ltr'>ἔλεγε·</span> <span class='ocrx_word' id='word_1_841' title='bbox 2711 4292 2807 4356; x_wconf 85' lang='grc' dir='ltr'>Τίς</span> <span class='ocrx_word' id='word_1_842' title='bbox 2835 4290 3197 4358; x_wconf 79' lang='grc' dir='ltr'>καταστήσει</span> <span class='ocrx_word' id='word_1_843' title='bbox 3217 4308 3292 4360; x_wconf 84' lang='grc' dir='ltr'>με</span> <span class='ocrx_word' id='word_1_844' title='bbox 3329 4293 3535 4360; x_wconf 74' lang='grc' dir='ltr'>κριτὴν</span> <span class='ocrx_word' id='word_1_845' title='bbox 3563 4280 3661 4347; x_wconf 46' lang='grc' dir='ltr'>εει</span> <span class='ocrx_word' id='word_1_846' title='bbox 3692 4295 3805 4362; x_wconf 81' lang='grc' dir='ltr'>τῆς</span> 
     </span>
    </p>
   </div>
   <div class='ocr_carea' id='block_1_109' title="bbox 2247 4379 3806 4447">
    <p class='ocr_par' dir='ltr' id='par_1_109' title="bbox 2247 4379 3806 4447">
     <span class='ocr_line' id='line_1_109' title="bbox 2247 4379 3806 4447; baseline 0.004 -16"><span class='ocrx_word' id='word_1_847' title='bbox 2247 4379 2359 4447; x_wconf 78' lang='grc' dir='ltr'>γῆς</span> <span class='ocrx_word' id='word_1_848' title='bbox 2375 4395 2394 4443; x_wconf 82' lang='grc'><em>;</em></span> <span class='ocrx_word' id='word_1_849' title='bbox 2432 4380 2524 4432; x_wconf 88' lang='grc' dir='ltr'>καὶ</span> <span class='ocrx_word' id='word_1_850' title='bbox 2548 4379 2717 4441; x_wconf 75' lang='grc' dir='ltr'>οὕτως</span> <span class='ocrx_word' id='word_1_851' title='bbox 2753 4379 3011 4447; x_wconf 82' lang='grc' dir='ltr'>ᾠκειοῦτο</span> <span class='ocrx_word' id='word_1_852' title='bbox 3034 4380 3123 4432; x_wconf 89' lang='grc' dir='ltr'>τὸν</span> <span class='ocrx_word' id='word_1_853' title='bbox 3152 4379 3297 4432; x_wconf 89' lang='grc' dir='ltr'>λαόν.</span> <span class='ocrx_word' id='word_1_854' title='bbox 3338 4381 3719 4435; x_wconf 75' lang='grc' dir='ltr'>Ἐπανίσταται</span> <span class='ocrx_word' id='word_1_855' title='bbox 3745 4384 3806 4440; x_wconf 83' lang='grc' dir='ltr'>δέ</span> 
     </span>
    </p>
   </div>
   <div class='ocr_carea' id='block_1_110' title="bbox 2261 4464 3806 4539">
    <p class='ocr_par' dir='ltr' id='par_1_110' title="bbox 2261 4464 3806 4539">
     <span class='ocr_line' id='line_1_110' title="bbox 2261 4464 3806 4539; baseline 0.005 -24"><span class='ocrx_word' id='word_1_856' title='bbox 2261 4464 2609 4534; x_wconf 86' lang='grc' dir='ltr'>Ἀϐεσσαλὼμ</span> <span class='ocrx_word' id='word_1_857' title='bbox 2644 4466 2719 4533; x_wconf 84' lang='grc' dir='ltr'>τῷ</span> <span class='ocrx_word' id='word_1_858' title='bbox 2752 4467 2911 4517; x_wconf 82' lang='lat'>60616</span> <span class='ocrx_word' id='word_1_859' title='bbox 2932 4483 2946 4497; x_wconf 78' lang='grc' dir='ltr'><strong>ο</strong></span> <span class='ocrx_word' id='word_1_860' title='bbox 2976 4467 3005 4517; x_wconf 93' lang='lat'>6</span> <span class='ocrx_word' id='word_1_861' title='bbox 3033 4466 3090 4518; x_wconf 93' lang='grc' dir='ltr'>δέ</span> <span class='ocrx_word' id='word_1_862' title='bbox 3122 4466 3357 4529; x_wconf 85' lang='grc' dir='ltr'>ἀκούσας</span> <span class='ocrx_word' id='word_1_863' title='bbox 3386 4467 3581 4535; x_wconf 77' lang='grc' dir='ltr'>ἔφυγεν</span> <span class='ocrx_word' id='word_1_864' title='bbox 3609 4470 3673 4520; x_wconf 88' lang='grc' dir='ltr'>ἐκ</span> <span class='ocrx_word' id='word_1_865' title='bbox 3703 4470 3806 4539; x_wconf 86' lang='grc' dir='ltr'>τῆς</span> 
     </span>
    </p>
   </div>
   <div class='ocr_carea' id='block_1_111' title="bbox 2258 4551 3803 4626">
    <p class='ocr_par' dir='ltr' id='par_1_111' title="bbox 2258 4551 3803 4626">
     <span class='ocr_line' id='line_1_111' title="bbox 2258 4551 3803 4626; baseline 0.005 -25"><span class='ocrx_word' id='word_1_866' title='bbox 2258 4551 2639 4620; x_wconf 81' lang='grc' dir='ltr'>Ἰερουσαλὴμ,</span> <span class='ocrx_word' id='word_1_867' title='bbox 2672 4551 2827 4617; x_wconf 86' lang='grc' dir='ltr'>ἀφεὶς</span> <span class='ocrx_word' id='word_1_868' title='bbox 2859 4551 2957 4613; x_wconf 89' lang='grc' dir='ltr'>τάς</span> <span class='ocrx_word' id='word_1_869' title='bbox 3008 4551 3284 4615; x_wconf 81' lang='grc' dir='ltr'>παλλακὰς</span> <span class='ocrx_word' id='word_1_870' title='bbox 3316 4553 3479 4606; x_wconf 87' lang='grc' dir='ltr'>αὐτοῦ</span> <span class='ocrx_word' id='word_1_871' title='bbox 3512 4555 3568 4606; x_wconf 86' lang='grc' dir='ltr'>ἐν</span> <span class='ocrx_word' id='word_1_872' title='bbox 3596 4558 3664 4626; x_wconf 78' lang='grc' dir='ltr'>τῇ</span> <span class='ocrx_word' id='word_1_873' title='bbox 3699 4557 3803 4608; x_wconf 88' lang='grc' dir='ltr'>πό-</span> 
     </span>
    </p>
   </div>
   <div class='ocr_carea' id='block_1_112' title="bbox 2246 4636 3804 4713">
    <p class='ocr_par' dir='ltr' id='par_1_112' title="bbox 2246 4636 3804 4713">
     <span class='ocr_line' id='line_1_112' title="bbox 2246 4636 3804 4713; baseline 0.006 -28"><span class='ocrx_word' id='word_1_874' title='bbox 2246 4636 2342 4689; x_wconf 84' lang='grc' dir='ltr'>λει.</span> <span class='ocrx_word' id='word_1_875' title='bbox 2374 4636 2702 4705; x_wconf 84' lang='grc' dir='ltr'>Βουλομένου</span> <span class='ocrx_word' id='word_1_876' title='bbox 2733 4636 2827 4687; x_wconf 89' lang='grc' dir='ltr'>τοῦ</span> <span class='ocrx_word' id='word_1_877' title='bbox 2850 4636 2969 4689; x_wconf 89' lang='grc' dir='ltr'>Ἔθι</span> <span class='ocrx_word' id='word_1_878' title='bbox 2998 4636 3429 4707; x_wconf 88' lang='grc' dir='ltr'>συμπορεύεσθαι</span> <span class='ocrx_word' id='word_1_879' title='bbox 3458 4638 3625 4708; x_wconf 79' lang='grc' dir='ltr'>αὐτῷ,</span> 
     </span>
    </p>
   </div>
   <div class='ocr_carea' id='block_1_113' title="bbox 2246 4713 3803 4795">
    <p class='ocr_par' dir='ltr' id='par_1_113' title="bbox 2246 4713 3803 4795">
     <span class='ocr_line' id='line_1_113' title="bbox 2246 4713 3803 4795; baseline 0.004 -21"><span class='ocrx_word' id='word_1_880' title='bbox 2246 4722 2312 4783; x_wconf 76' lang='grc' dir='ltr'>τὸ,</span> <span class='ocrx_word' id='word_1_881' title='bbox 2337 4723 2433 4790; x_wconf 87' lang='grc' dir='ltr'>μὲν</span> <span class='ocrx_word' id='word_1_882' title='bbox 2467 4722 2679 4790; x_wconf 91' lang='grc' dir='ltr'>πρῶτον</span> <span class='ocrx_word' id='word_1_883' title='bbox 2713 4721 2966 4786; x_wconf 72' lang='grc' dir='ltr'>ἐκώλυεν,</span> <span class='ocrx_word' id='word_1_884' title='bbox 3007 4723 3126 4774; x_wconf 88' lang='grc' dir='ltr'>ἐπεὶ</span> <span class='ocrx_word' id='word_1_885' title='bbox 3169 4713 3225 4775; x_wconf 73' lang='grc' dir='ltr'>δέ</span> <span class='ocrx_word' id='word_1_886' title='bbox 3266 4718 3404 4775; x_wconf 76' lang='grc' dir='ltr'>εἶδεν</span> <span class='ocrx_word' id='word_1_887' title='bbox 3432 4727 3803 4795; x_wconf 83' lang='grc' dir='ltr'>ἐπικείμενον,</span> 
     </span>
    </p>
   </div>
   <div class='ocr_carea' id='block_1_114' title="bbox 2246 4807 3806 4880">
    <p class='ocr_par' dir='ltr' id='par_1_114' title="bbox 2246 4807 3806 4880">
     <span class='ocr_line' id='line_1_114' title="bbox 2246 4807 3806 4880; baseline 0.004 -21"><span class='ocrx_word' id='word_1_888' title='bbox 2246 4808 2442 4863; x_wconf 75' lang='grc' dir='ltr'>εἴασεν.</span> <span class='ocrx_word' id='word_1_889' title='bbox 2478 4808 2564 4869; x_wconf 88' lang='lat'><strong>&#39;0;</strong></span> <span class='ocrx_word' id='word_1_890' title='bbox 2609 4808 2665 4859; x_wconf 86' lang='grc' dir='ltr'>δέ</span> <span class='ocrx_word' id='word_1_891' title='bbox 2705 4807 2958 4876; x_wconf 87' lang='grc' dir='ltr'>διέϐησαν</span> <span class='ocrx_word' id='word_1_892' title='bbox 2998 4807 3089 4859; x_wconf 88' lang='grc' dir='ltr'>τὸν</span> <span class='ocrx_word' id='word_1_893' title='bbox 3119 4809 3470 4879; x_wconf 73' lang='grc' dir='ltr'>χειμάρρουν,</span> <span class='ocrx_word' id='word_1_894' title='bbox 3504 4813 3806 4880; x_wconf 80' lang='grc' dir='ltr'>προσέταξε</span> 
     </span>
    </p>
   </div>
   <div class='ocr_carea' id='block_1_115' title="bbox 2244 4892 3802 4966">
    <p class='ocr_par' dir='ltr' id='par_1_115' title="bbox 2244 4892 3802 4966">
     <span class='ocr_line' id='line_1_115' title="bbox 2244 4892 3802 4966; baseline 0.003 -21"><span class='ocrx_word' id='word_1_895' title='bbox 2244 4897 2355 4955; x_wconf 84' lang='grc' dir='ltr'>τοῖς</span> <span class='ocrx_word' id='word_1_896' title='bbox 2385 4892 2615 4960; x_wconf 73' lang='grc' dir='ltr'>ἱερεῦσιν</span> <span class='ocrx_word' id='word_1_897' title='bbox 2648 4892 2983 4961; x_wconf 77' lang='grc' dir='ltr'>ἀποστρέψαι</span> <span class='ocrx_word' id='word_1_898' title='bbox 3009 4894 3106 4962; x_wconf 82' lang='grc' dir='ltr'>τὴν</span> <span class='ocrx_word' id='word_1_899' title='bbox 3134 4893 3361 4947; x_wconf 90' lang='grc' dir='ltr'>κιϐωτὸν</span> <span class='ocrx_word' id='word_1_900' title='bbox 3389 4897 3466 4957; x_wconf 82' lang='grc' dir='ltr'>είς</span> <span class='ocrx_word' id='word_1_901' title='bbox 3502 4896 3600 4966; x_wconf 80' lang='grc' dir='ltr'>τὴν</span> <span class='ocrx_word' id='word_1_902' title='bbox 3625 4896 3802 4954; x_wconf 89' lang='grc' dir='ltr'>πόλιν,</span> 
     </span>
    </p>
   </div>
   <div class='ocr_carea' id='block_1_116' title="bbox 2246 4978 3806 5053">
    <p class='ocr_par' dir='ltr' id='par_1_116' title="bbox 2246 4978 3806 5053">
     <span class='ocr_line' id='line_1_116' title="bbox 2246 4978 3806 5053; baseline 0.005 -23"><span class='ocrx_word' id='word_1_903' title='bbox 2246 4979 2415 5040; x_wconf 86' lang='grc' dir='ltr'>Αὐτὸς</span> <span class='ocrx_word' id='word_1_904' title='bbox 2436 4978 2491 5029; x_wconf 91' lang='grc' dir='ltr'>δέ</span> <span class='ocrx_word' id='word_1_905' title='bbox 2520 4979 2831 5053; x_wconf 87' lang='grc' dir='ltr'>περιμένειν</span> <span class='ocrx_word' id='word_1_906' title='bbox 2857 4980 3050 5040; x_wconf 85' lang='grc' dir='ltr'>αὐτοὺς</span> <span class='ocrx_word' id='word_1_907' title='bbox 3074 4978 3175 5047; x_wconf 85' lang='grc' dir='ltr'>ἔφη</span> <span class='ocrx_word' id='word_1_908' title='bbox 3204 4980 3335 5049; x_wconf 84' lang='grc' dir='ltr'>πρὸς</span> <span class='ocrx_word' id='word_1_909' title='bbox 3365 4984 3430 5050; x_wconf 82' lang='grc' dir='ltr'>τῇ</span> <span class='ocrx_word' id='word_1_910' title='bbox 3461 4981 3635 5052; x_wconf 81' lang='grc' dir='ltr'>ἐλαίᾳ,</span> <span class='ocrx_word' id='word_1_911' title='bbox 3666 4986 3723 5037; x_wconf 82' lang='grc' dir='ltr'>ετ</span> <span class='ocrx_word' id='word_1_912' title='bbox 3750 5003 3806 5038; x_wconf 89' lang='grc' dir='ltr'>τι</span> 
     </span>
    </p>
   </div>
   <div class='ocr_carea' id='block_1_117' title="bbox 2246 5065 3802 5138">
    <p class='ocr_par' dir='ltr' id='par_1_117' title="bbox 2246 5065 3802 5138">
     <span class='ocr_line' id='line_1_117' title="bbox 2246 5065 3802 5138; baseline 0.006 -22"><span class='ocrx_word' id='word_1_913' title='bbox 2246 5066 2417 5133; x_wconf 82' lang='grc' dir='ltr'>ἔχοιεν</span> <span class='ocrx_word' id='word_1_914' title='bbox 2479 5065 2588 5117; x_wconf 89' lang='grc' dir='ltr'>τῶν</span> <span class='ocrx_word' id='word_1_915' title='bbox 2662 5066 2754 5117; x_wconf 89' lang='grc' dir='ltr'>τοῦ</span> <span class='ocrx_word' id='word_1_916' title='bbox 2834 5066 3090 5134; x_wconf 88' lang='grc' dir='ltr'>βασιλέως</span> <span class='ocrx_word' id='word_1_917' title='bbox 3155 5067 3478 5138; x_wconf 75' lang='grc' dir='ltr'>ἀπορρήτων</span> <span class='ocrx_word' id='word_1_918' title='bbox 3547 5069 3802 5135; x_wconf 80' lang='grc' dir='ltr'>ἐξειπεῖν.</span> 
     </span>
    </p>
   </div>
   <div class='ocr_carea' id='block_1_118' title="bbox 2259 5151 3807 5221">
    <p class='ocr_par' dir='ltr' id='par_1_118' title="bbox 2259 5151 3807 5221">
     <span class='ocr_line' id='line_1_118' title="bbox 2259 5151 3807 5221; baseline 0.007 -19"><span class='ocrx_word' id='word_1_919' title='bbox 2259 5152 2499 5221; x_wconf 82' lang='grc' dir='ltr'>Ἀπαντᾷ</span> <span class='ocrx_word' id='word_1_920' title='bbox 2525 5151 2601 5220; x_wconf 85' lang='grc' dir='ltr'>τῷ</span> <span class='ocrx_word' id='word_1_921' title='bbox 2636 5151 2800 5203; x_wconf 77' lang='grc' dir='ltr'>Δαυῖδ</span> <span class='ocrx_word' id='word_1_922' title='bbox 2844 5154 2873 5204; x_wconf 92' lang='lat'>6</span> <span class='ocrx_word' id='word_1_923' title='bbox 2912 5153 3099 5207; x_wconf 83' lang='grc' dir='ltr'>Χουσί.</span> <span class='ocrx_word' id='word_1_924' title='bbox 3139 5153 3196 5205; x_wconf 90' lang='grc'>’0</span> <span class='ocrx_word' id='word_1_925' title='bbox 3218 5155 3274 5207; x_wconf 78' lang='grc' dir='ltr'>δὲ</span> <span class='ocrx_word' id='word_1_926' title='bbox 3300 5156 3611 5209; x_wconf 87' lang='grc' dir='ltr'>ἀπέστειλεν</span> <span class='ocrx_word' id='word_1_927' title='bbox 3642 5159 3807 5213; x_wconf 85' lang='grc' dir='ltr'>αὐτὸν</span> 
     </span>
    </p>
   </div>
   <div class='ocr_carea' id='block_1_119' title="bbox 2246 5235 3807 5312">
    <p class='ocr_par' dir='ltr' id='par_1_119' title="bbox 2246 5235 3807 5312">
     <span class='ocr_line' id='line_1_119' title="bbox 2246 5235 3807 5312; baseline 0.006 -26"><span class='ocrx_word' id='word_1_928' title='bbox 2246 5235 2323 5303; x_wconf 81' lang='grc' dir='ltr'>τῷ</span> <span class='ocrx_word' id='word_1_929' title='bbox 2368 5237 2643 5305; x_wconf 86' lang='grc' dir='ltr'>Ἀχιτόφελ</span> <span class='ocrx_word' id='word_1_930' title='bbox 2674 5238 3240 5308; x_wconf 83' lang='grc' dir='ltr'>ἐναντιωθησόμενον,</span> <span class='ocrx_word' id='word_1_931' title='bbox 3285 5240 3345 5303; x_wconf 85' lang='lat'>6;</span> <span class='ocrx_word' id='word_1_932' title='bbox 3391 5236 3459 5311; x_wconf 81' lang='grc' dir='ltr'>ἦν</span> <span class='ocrx_word' id='word_1_933' title='bbox 3502 5243 3807 5312; x_wconf 86' lang='grc' dir='ltr'>σύμϐουλος</span> 
     </span>
    </p>
   </div>
   <div class='ocr_carea' id='block_1_120' title="bbox 2247 5322 3810 5398">
    <p class='ocr_par' dir='ltr' id='par_1_120' title="bbox 2247 5322 3810 5398">
     <span class='ocr_line' id='line_1_120' title="bbox 2247 5322 3810 5398; baseline 0.006 -25"><span class='ocrx_word' id='word_1_934' title='bbox 2247 5322 2322 5390; x_wconf 78' lang='grc' dir='ltr'>τῷ</span> <span class='ocrx_word' id='word_1_935' title='bbox 2371 5322 2739 5392; x_wconf 85' lang='grc' dir='ltr'>Ἀϐεσσαλώμ.</span> <span class='ocrx_word' id='word_1_936' title='bbox 2790 5324 2879 5387; x_wconf 88' lang='lat'><strong>&#39;0;</strong></span> <span class='ocrx_word' id='word_1_937' title='bbox 2920 5325 2977 5378; x_wconf 83' lang='grc' dir='ltr'>δέ</span> <span class='ocrx_word' id='word_1_938' title='bbox 3018 5326 3258 5394; x_wconf 84' lang='grc' dir='ltr'>ἀπῆλθεν</span> <span class='ocrx_word' id='word_1_939' title='bbox 3295 5328 3483 5391; x_wconf 87' lang='grc' dir='ltr'>αὐτὸς,</span> <span class='ocrx_word' id='word_1_940' title='bbox 3528 5328 3748 5398; x_wconf 80' lang='grc' dir='ltr'>ἔρχεται</span> <span class='ocrx_word' id='word_1_941' title='bbox 3774 5333 3810 5385; x_wconf 83' lang='lat'>6</span> 
     </span>
    </p>
   </div>
   <div class='ocr_carea' id='block_1_121' title="bbox 2250 5410 3807 5485">
    <p class='ocr_par' dir='ltr' id='par_1_121' title="bbox 2250 5410 3807 5485">
     <span class='ocr_line' id='line_1_121' title="bbox 2250 5410 3807 5485; baseline 0.008 -27"><span class='ocrx_word' id='word_1_942' title='bbox 2250 5410 2401 5473; x_wconf 75' lang='grc' dir='ltr'>Σιϐᾶ,</span> <span class='ocrx_word' id='word_1_943' title='bbox 2435 5411 2527 5461; x_wconf 89' lang='grc' dir='ltr'>καὶ</span> <span class='ocrx_word' id='word_1_944' title='bbox 2557 5412 2937 5480; x_wconf 86' lang='grc' dir='ltr'>κατηγορήσας</span> <span class='ocrx_word' id='word_1_945' title='bbox 2963 5411 3057 5464; x_wconf 87' lang='grc' dir='ltr'>τοῦ</span> <span class='ocrx_word' id='word_1_946' title='bbox 3088 5412 3346 5464; x_wconf 87' lang='grc' dir='ltr'>δεσπότου</span> <span class='ocrx_word' id='word_1_947' title='bbox 3385 5413 3547 5466; x_wconf 87' lang='lat'>06:06</span> <span class='ocrx_word' id='word_1_948' title='bbox 3575 5417 3807 5485; x_wconf 84' lang='grc' dir='ltr'>Μεμφι-</span> 
     </span>
    </p>
   </div>
   <div class='ocr_carea' id='block_1_122' title="bbox 2249 5494 3808 5570">
    <p class='ocr_par' dir='ltr' id='par_1_122' title="bbox 2249 5494 3808 5570">
     <span class='ocr_line' id='line_1_122' title="bbox 2249 5494 3808 5570; baseline 0.008 -26"><span class='ocrx_word' id='word_1_949' title='bbox 2249 5494 2415 5558; x_wconf 73' lang='grc' dir='ltr'>ϐαάλ,</span> <span class='ocrx_word' id='word_1_950' title='bbox 2448 5495 2522 5556; x_wconf 83' lang='grc' dir='ltr'>ὡς</span> <span class='ocrx_word' id='word_1_951' title='bbox 2570 5494 2886 5564; x_wconf 81' lang='grc' dir='ltr'>βουλομένου</span> <span class='ocrx_word' id='word_1_952' title='bbox 2932 5497 3097 5549; x_wconf 80' lang='grc' dir='ltr'>αὐτοῦ</span> <span class='ocrx_word' id='word_1_953' title='bbox 3145 5497 3494 5565; x_wconf 85' lang='grc' dir='ltr'>βασιλεῦσαι,</span> <span class='ocrx_word' id='word_1_954' title='bbox 3537 5501 3808 5570; x_wconf 83' lang='grc' dir='ltr'>λαμϐάνει</span> 
     </span>
    </p>
   </div>
   <div class='ocr_carea' id='block_1_123' title="bbox 2315 5718 3641 5776">
    <p class='ocr_par' dir='ltr' id='par_1_123' title="bbox 2315 5718 3641 5776">
     <span class='ocr_line' id='line_1_123' title="bbox 2315 5718 3641 5776; baseline 0.006 -14"><span class='ocrx_word' id='word_1_955' title='bbox 2315 5719 2342 5753; x_wconf 77' lang='grc' dir='ltr'>σι</span> <span class='ocrx_word' id='word_1_956' title='bbox 2378 5718 2562 5776; x_wconf 78' lang='grc' dir='ltr'>Ῥοϐάθ,</span> <span class='ocrx_word' id='word_1_957' title='bbox 2585 5720 2636 5766; x_wconf 82' lang='lat' dir='ltr'>iu</span> <span class='ocrx_word' id='word_1_958' title='bbox 2659 5720 2775 5768; x_wconf 72' lang='lat' dir='ltr'>edit.</span> <span class='ocrx_word' id='word_1_959' title='bbox 2803 5721 2939 5770; x_wconf 75' lang='lat' dir='ltr'>Rom.</span> <span class='ocrx_word' id='word_1_960' title='bbox 2968 5721 3189 5771; x_wconf 78' lang='lat' dir='ltr'>&#39;P06600.</span> <span class='ocrx_word' id='word_1_961' title='bbox 3213 5722 3409 5772; x_wconf 81' lang='lat' dir='ltr'>Coislin.</span> <span class='ocrx_word' id='word_1_962' title='bbox 3448 5722 3641 5772; x_wconf 78' lang='grc' dir='ltr'>Ῥαυάθ.</span> 
     </span>
    </p>
   </div>
  </div>
