3996 6426
237 442 348 498 345

247 555 338 594 sus
379 540 541 594 David
581 540 648 595 ab
669 539 902 596 exercitu
925 540 1055 610 (non
1084 540 1222 592 enim
1246 540 1485 594 sinebant
1534 541 1703 608 ipsum
1727 554 1816 594 sa-

247 641 411 701 trapae
447 631 864 700 alienigenarum
896 645 1078 685 secum
1110 630 1163 684 in
1211 630 1446 698 prrelium
1491 629 1782 697 procedere
1803 669 1817 694 ,

243 722 578 789 suspicantes
625 735 692 775 ne
741 720 1031 775 exercitum
1075 734 1228 772 suum
1279 717 1566 790 proderet),
1623 718 1822 772 invenit

241 808 460 864 Secelae
503 810 806 874 incensam,
852 809 1188 877 sublatasque
1243 809 1487 862 mulieres
1533 827 1546 863 :
1598 810 1818 877 captiva:

241 915 476 969 namque
501 901 743 955 abdch
773 900 996 955 fuerant.
1027 899 1352 968 lnterrogato
1372 909 1548 953 autem
1574 900 1715 966 Deo,
1747 915 1813 954 an

240 993 448 1061 insequi
480 993 728 1056 deberet,
763 993 959 1061 illoque
1005 991 1357 1059 respondente
1381 1033 1396 1056 ,
1425 992 1640 1054 debere,
1676 992 1816 1046 inse-

238 1091 495 1151 sequntus
520 1083 640 1136 illos
660 1092 762 1138 est.
792 1082 988 1135 Etcum
1009 1081 1279 1134 didicisset
1305 1097 1334 1134 a
1363 1095 1524 1150 puero
1543 1080 1812 1150 Egyptio,

237 1172 457 1227 ubinam
489 1181 1005 1236 castrametarentur,
1048 1172 1283 1237 segniter
1317 1180 1533 1239 agentes
1561 1170 1815 1225 invadens

237 1263 504 1331 percussit
528 1262 680 1326 illos,
709 1269 763 1314 et
807 1260 972 1328 spolia
1003 1261 1241 1327 accepit,
1270 1267 1321 1312 et
1348 1261 1534 1328 mquati
1562 1268 1707 1312 sorte
1733 1258 1815 1312 di-

234 1355 359 1407 visit
380 1353 490 1407 illis
515 1353 602 1421 qui
636 1360 1010 1421 pugnaverant,
1042 1361 1094 1404 et
1124 1351 1228 1405 illis
1250 1350 1338 1418 qui
1361 1351 1412 1402 in
1441 1351 1580 1404 vasis
1606 1364 1813 1404 manse-

233 1451 374 1496 rant.
419 1443 553 1496 Cum
583 1443 920 1495 commissum
950 1449 1124 1494 autem
1167 1440 1408 1508 praelium
1452 1437 1637 1492 fuisset
1677 1439 1813 1493 inter

233 1530 490 1584 lsraelem
519 1539 572 1584 et
598 1530 918 1598 alienigenas
938 1569 952 1590 ,
981 1529 1224 1582 cecidere
1263 1529 1388 1582 Saul
1428 1537 1482 1582 et
1509 1526 1771 1582 Jonathan
1792 1569 1808 1594 ,

231 1631 287 1676 et
309 1621 420 1675 duo
448 1620 535 1673 alii
566 1621 655 1672 lilii
678 1619 792 1688 ejus
823 1637 834 1672 :
865 1629 919 1673 et
943 1629 1154 1688 captum
1181 1619 1349 1687 ipsum
1382 1619 1563 1673 hostes
1584 1633 1809 1688 suspen-

231 1710 426 1765 derunt
452 1711 504 1764 iu
541 1724 693 1763 muro
731 1708 943 1763 Bithsau
967 1751 980 1773 ,
1021 1724 1139 1777 qua:
1177 1719 1259 1762 est
1286 1708 1648 1779 Scythopolis.
1702 1708 1808 1763 Vc-

231 1803 444 1856 nieutes
473 1811 649 1855 autem
681 1801 775 1854 viri
809 1800 873 1855 de
899 1800 1092 1865 labes,
1123 1808 1442 1869 acceperunt
1478 1815 1598 1856 eum
1624 1807 1679 1854 et
1713 1798 1807 1854 Jo-

231 1891 429 1946 nathan
451 1932 466 1955 ,
499 1897 554 1945 et
581 1890 923 1958 sepelierunt.

741 2017 1016 2057 REGNORUH
1057 2017 1208 2056 LIBER
1247 2015 1304 2055 ll.

302 2118 461 2172 Venit
489 2118 752 2188 quispiam
780 2119 1096 2172 annuntians
1123 2117 1304 2172 Davidi
1326 2159 1340 2182 ,
1367 2134 1425 2174 se
1451 2118 1661 2174 Saﬁlem
1709 2133 1804 2173 oe-

227 2209 425 2263 cidisse
453 2227 467 2261 :
491 2218 545 2263 et
569 2207 829 2262 interfecit
857 2209 1003 2263 illum
1033 2209 1230 2274 David;
1263 2210 1498 2279 lavitque
1517 2211 1727 2266 Saulem
1750 2222 1806 2266 et

226 2298 495 2352 Jonathan
521 2340 536 2361 ,
565 2309 620 2352 et
653 2299 898 2353 immotus
925 2308 1005 2352 est
1036 2299 1087 2352 in
1117 2315 1316 2368 regem.
1361 2300 1515 2354 Mittit
1559 2301 1625 2354 ad
1657 2301 1805 2354 habi-

228 2398 429 2443 tutores
455 2388 617 2442 Jabes
646 2388 844 2443 Galaad
864 2429 878 2451 ,
911 2389 1129 2442 laudans
1153 2390 1269 2444 illos
1294 2391 1435 2458 quod
1467 2392 1803 2459 sepeliissont

226 2477 461 2536 Saulem.
483 2479 548 2532 Et
574 2479 818 2532 Abenner
838 2479 941 2532 dux
965 2479 1135 2534 Saulis
1163 2496 1339 2548 regem
1363 2481 1570 2536 lsraelis
1599 2485 1800 2538 consti-

229 2569 325 2621 tuit
355 2567 781 2635 Memphibosthc
809 2568 882 2638 (a)
929 2568 1091 2622 ﬁlium
1136 2569 1329 2624 Saulis.
1374 2572 1534 2626 David
1566 2589 1690 2627 vero
1717 2589 1800 2628 re-

227 2660 408 2723 gnavit
462 2660 510 2710 in
546 2657 753 2711 Judam.
791 2658 856 2713 Ut
905 2671 1081 2713 autem
1133 2672 1477 2715 occurrerunt
1526 2664 1624 2715 sibi
1667 2663 1799 2718 Joab

229 2749 466 2814 Davidis,
495 2757 550 2802 et
582 2749 827 2802 Abeuner
852 2749 1025 2804 Saulis
1046 2752 1236 2815 duces,
1272 2762 1324 2805 et
1350 2754 1691 2807 commissum
1717 2763 1800 2808 est

226 2837 462 2907 pruzlium
491 2853 519 2890 a
559 2837 870 2905 jnventute,
920 2849 1271 2907 persequutus
1301 2851 1382 2894 est
1429 2844 1585 2897 Asaél
1638 2843 1800 2898 frater

223 2929 357 2982 Joab
388 2929 639 2982 Abenner
669 2947 682 2981 :
715 2945 820 2998 quo
846 2943 986 2998 saape
1010 2930 1228 2998 jubente
1258 2941 1313 2984 ut
1356 2933 1664 2997 recederet,
1697 2949 1798 2987 no-

223 3019 319 3074 luit
344 3020 453 3073 ille.
489 3018 632 3074 Tunc
670 3021 862 3074 occidit
889 3035 1009 3074 eum
1050 3021 1316 3086 Abenner,
1349 3031 1403 3076 et
1428 3033 1613 3077 vocato
1632 3024 1798 3078 Joabo

226 3111 470 3164 hortatur
498 3120 555 3164 ut
599 3111 872 3179 prmliandi
923 3111 1080 3165 finem
1126 3112 1303 3166 faciat.
1333 3112 1644 3183 Bellumque
1682 3123 1799 3170 erat

225 3200 360 3254 inter
385 3200 606 3254 domum
635 3201 807 3253 Sat‘tlis
833 3209 885 3252 et
911 3199 1124 3253 domum
1157 3201 1338 3253 David.
1374 3202 1442 3254 Et
1473 3203 1562 3255 ille
1584 3204 1794 3271 quidem

223 3292 526 3356 deﬁciebat,
561 3291 645 3345 hic
671 3307 797 3345 vero
824 3292 1254 3345 confirmabatur.
1284 3291 1640 3347 Concubiuam
1663 3294 1795 3347 Sau-

222 3381 288 3434 lis
327 3382 427 3434 sibi
479 3382 639 3434 sumit
685 3381 974 3436 Abenucr:
1009 3381 1308 3450 objurgavit
1352 3381 1791 3450 Memphibostbe.

225 3470 389 3525 Iratus
432 3470 684 3524 Abeuner
728 3471 888 3523 mittit
917 3471 982 3523 ad
1036 3471 1322 3536 Davidem,
1374 3473 1688 3541 promittens
1736 3489 1795 3527 se

222 3568 386 3611 totum
422 3558 494 3612 illi
519 3559 769 3626 pupulum
797 3558 1062 3612 daturum.
1093 3559 1402 3614 Venientem
1440 3561 1503 3614 ad
1525 3577 1582 3616 se
1609 3561 1794 3615 convi-

223 3656 309 3703 vio
335 3651 546 3718 excepit
575 3649 757 3704 David.
808 3650 874 3705 Ut
902 3660 1077 3704 autem
1124 3652 1175 3705 id
1206 3651 1408 3704 audivit
1433 3667 1554 3705 cum
1596 3668 1626 3707 e
1653 3653 1792 3707 bello

222 3757 469 3796 reversus
489 3740 735 3807 estJoab,
756 3751 1030 3794 evocatum
1063 3744 1402 3796 Abennerum
1426 3743 1549 3796 dolo
1579 3744 1790 3807 occidit,

222 3840 276 3882 ut
301 3830 613 3899 sanguinem
652 3829 830 3883 fratris
869 3832 948 3884 sui
992 3833 1357 3885 ulcisceretur.
1401 3833 1478 3886 Re
1521 3845 1791 3902 comperta

219 3920 383 3973 David
417 3919 687 3973 maledicit
715 3919 881 3973 Joabo
903 3961 914 3982 ,
946 3930 999 3974 et
1025 3921 1164 3988 luget
1193 3921 1528 3975 Abennerum
1551 3963 1566 3988 ,
1589 3938 1649 3976 ac
1672 3937 1791 3977 cum

221 4015 423 4065 honore
454 4011 618 4064 multo
647 4011 854 4078 sepelit.
886 4011 1076 4065 lchaab
1102 4021 1154 4064 et
1189 4013 1390 4066 Banaas
1435 4013 1570 4066 clam
1615 4015 1793 4068 occiso

219 4103 646 4172 hlemphibosthe
674 4113 931 4157 venerunt
957 4103 1021 4157 ad
1056 4103 1214 4157 David
1243 4146 1256 4164 ,
1285 4119 1347 4158 ac
1363 4104 1406 4157 si
1431 4105 1627 4158 ciedem
1658 4107 1793 4158 hanc

220 4195 476 4262 prmclare
516 4193 826 4262 gessissent.
881 4192 973 4246 llle
1020 4208 1147 4247 vero
1175 4194 1270 4246 hos
1315 4193 1596 4247 interfecit.
1644 4193 1792 4247 Tunc

221 4287 378 4339 totius
407 4283 588 4352 populi
617 4298 706 4337 rex
731 4283 958 4336 efﬁcitur
1005 4282 1167 4335 David
1186 4323 1199 4346 ,
1247 4291 1300 4335 et
1326 4283 1468 4336 venit
1491 4282 1785 4336 Jerusalem

218 4375 281 4427 ad
303 4374 632 4438 Jebusatum,
662 4372 1057 4441 impediuntque
1084 4372 1227 4426 illum
1256 4371 1428 4426 claudi
1458 4388 1524 4426 ne
1549 4372 1788 4436 intraret,

210 4479 678 4541 ett-epitarcein,et
701 4465 977 4522 tediﬁeavit
999 4466 1096 4522 sibi
1114 4467 1348 4520 domum.
1383 4462 1512 4516 Cum
1543 4462 1633 4517 illo
1656 4477 1792 4531 quo-

217 4575 318 4626 que
347 4558 520 4613 fuedus
552 4558 777 4612 habebat
804 4555 1032 4628 Chyram
1065 4572 1155 4609 rex
1194 4555 1340 4624 Tyri.
1375 4555 1574 4608 Bellum
1621 4569 1792 4607 move-

220 4658 342 4701 runt
397 4650 742 4715 alienigenzn,
801 4657 856 4701 et
895 4661 1143 4714 egressus
1195 4646 1326 4698 fudit
1372 4662 1462 4698 eos
1496 4644 1674 4698 David.
1725 4644 1794 4699 Ut

219 4750 392 4792 autem
425 4753 607 4791 rursus
656 4739 992 4800 invaserunt,
1041 4753 1068 4789 a
1121 4739 1228 4791 Deo
1260 4739 1584 4805 prohibetur,
1633 4753 1697 4790 ne
1740 4739 1790 4792 in

219 4844 499 4884 occursum
529 4828 736 4880 illorum
762 4837 864 4880 eat.
886 4827 987 4880 Sed
1012 4827 1134 4879 Cum
1157 4828 1373 4878 audieris
1390 4868 1402 4887 ,
1430 4828 1599 4894 inquit
1630 4828 1787 4893 Deus,

280 4982 351 5042 (a)
379 4980 432 5028 ln
457 4977 679 5042 Vulgata,
705 4978 927 5042 ,Isbosrtft.
959 4981 1039 5026 ttic
1061 4993 1175 5042 vero
1202 4979 1562 5042 .tlcnipli'bostlte
1595 4995 1688 5030 non
1727 4982 1792 5029 la-

221 5055 305 5103 ]su
336 5040 574 5103 graphice
613 5041 817 5100 positum
867 5040 1399 5103 t'uisse_viiletur:nam
1443 5041 1614 5103 eodem
1653 5044 1792 5090 modo

218 5100 444 5162 Scriptum
468 5101 544 5148 bis
566 5109 728 5162 postea
753 5100 1179 5162 occurrit._Vermn
1203 5101 1451 5161 exemplar
1476 5101 1790 5162 Chrysostmui

221 5159 420 5231 multum
449 5159 906 5231 variabat,‘era_tque
947 5159 1025 5231 illo
1050 5168 1271 5231 tempore
1295 5159 1410 5231 mira
1443 5159 1790 5230 exemplarium

220 5225 491 5273 diversitas.
523 5221 656 5268 Multa
681 5219 942 5268 lectionum
966 5219 1233 5282 discrimina
1259 5221 1474 5282 proferre
1500 5224 1544 5267 in
1571 5219 1790 5282 promptu

223 5293 371 5341 esset,
405 5284 614 5343 maxime
641 5294 756 5343 vero
794 5283 841 5328 in
880 5281 1151 5343 nominibus
1176 5281 1393 5343 propriis.
1415 5289 1529 5343 lle
1554 5295 1694 5341 porro
1711 5281 1789 5331 le-

220 5347 330 5400 ctio,
359 5339 749 5404 Mcmpht'bosthe,
777 5355 868 5404 non
908 5339 1124 5404 insolens
1161 5339 1309 5404 fuisse
1352 5339 1564 5398 videtur,
1581 5344 1792 5402 quando-

221 5407 414 5465 quidem
436 5402 765 5465 'l'heodoretus
789 5403 931 5465 etiam
971 5402 1143 5448 eodem
1184 5403 1323 5449 nimio
1363 5404 1483 5464 legit
1521 5405 1790 5465 Qnafstione

221 5461 380 5513 octava
419 5467 468 5513 in
499 5464 762 5512 secundum
799 5461 973 5510 librum
1015 5470 1208 5522 Itegum,
1239 5472 1289 5511 et
1311 5461 1580 5521 Quzt-Stione
1604 5464 1792 5513 decima

220 5536 383 5585 quarta
423 5529 468 5574 in
510 5525 734 5572 eumdem
774 5523 963 5585 librum.
993 5524 1121 5585 unde
1160 5524 1302 5585 e_t_iam
1337 5525 1566 5572 inferatur
1594 5538 1696 5572 eam
1723 5526 1792 5572 le-

221 5582 427 5634 ctionem
465 5585 510 5632 in
551 5587 655 5642 eius
692 5583 954 5645 exemplati
993 5582 1162 5645 fuisse.
1185 5583 1366 5645 Verum
1391 5594 1551 5632 autem
1577 5587 1681 5645 ejus
1704 5600 1788 5631 nu-

223 5660 333 5694 men
360 5660 466 5695 erat
489 5652 625 5704 ﬁt]:
655 5650 790 5708 tum,
827 5644 1044 5699 tsboseth,
1079 5651 1132 5692 ut
1155 5644 1301 5691 habet
1325 5646 1526 5706 Vulgata
1547 5647 1790 5701 ;librariu-

222 5725 323 5760 l‘ltztt
360 5723 524 5777 autem
563 5715 695 5777 lapsu
738 5714 964 5774 scriptum
988 5715 1090 5767 fuit.
1129 5714 1510 5776 Mcnzplu'bostltc,
1539 5716 1664 5777 quod
1689 5723 1792 5765 erat

225 5785 394 5823 nomen
419 5776 498 5823 lilii
523 5775 752 5822 Jonatb:e.

1333 425 1652 482 δι’Νουὸιὸ
1689 424 2090 482 SCRIPTUBJ‘I
2126 427 2396 484 StCltE.

3397 456 3510 512 346

1932 553 2095 592 vocem
2123 542 2349 594 traditoris
2376 544 2521 611 ﬂetus
2541 545 2578 607 ‘,
2602 553 2719 598 tunc
2743 547 2974 616 prwlt'um
3003 550 3250 604 committe
3271 551 3348 621 (2.
3372 552 3498 623 Reg.

1924 628 1978 683 5.
2008 628 2123 700 24).
2151 629 2300 686 Tunc
2322 632 2464 685 enim
2489 613 2762 688 tradentur
2792 636 2905 688 tibi.
2940 639 3164 693 Amovet
3189 613 3367 695 aream
3393 613 3514 698 θεῖ-⁸

1921 718 2042 785 vid,
2078 728 2132 773 et
2158 720 2381 775 moritur
2405 721 2540 785 Oza,
2571 724 2692 791 quia
2723 725 2963 778 extendit
3007 743 3219 780 manum
3253 745 3401 782 suam
3433 731 3500 783 ad

1921 821 2117 861 arcam.
2143 808 2271 862 Cum
2295 819 2472 864 autem
2496 812 2780 866 duceretur
2800 828 2945 880 area,
2977 816 3201 869 saltabat
3230 818 3418 884 David,
3445 831 3499 873 et

1919 896 2161 966 despexit
2185 913 2306 952 eum
2338 901 2584 954 Melchol.
2629 901 2776 956 Tunc
2802 919 2920 956 cum
2953 905 3110 958 vellet
3134 906 3294 961 David
3336 907 3496 961 a-diti-

1919 1000 2043 1041 care
2071 988 2344 1057 templum,
2373 989 2682 1058 prohibetur
2710 1006 2739 1045 a
2770 991 2972 1044 Nathan
3001 993 3286 1062 propheta,
3307 1006 3361 1050 et
3382 1013 3496 1065 pre-

1917 1087 2072 1132 catur
2099 1078 2294 1147 gratias
2321 1094 2483 1149 agens
2514 1081 2642 1146 Deo,
2671 1082 2887 1150 gratias,
2912 1082 3146 1151 inquam,
3179 1084 3245 1138 de
3273 1087 3496 1154 promis-

1918 1168 2158 1222 sionibus
2178 1183 2310 1238 quas
2337 1170 2556 1224 audivit.
2589 1171 2858 1226 Percussit
2889 1173 3050 1226 David
3083 1174 3408 1244 alienigenas
3436 1187 3494 1231 et

1916 1257 2160 1312 Moabum
2190 1268 2244 1313 et
2269 1259 2451 1329 Syros,
2481 1270 2536 1314 et
2562 1275 2711 1314 arma
2747 1276 2905 1314 aurea
2933 1277 3051 1330 quae
3081 1265 3318 1332 accepit,
3350 1273 3490 1318 attn-

1916 1346 1978 1400 lit
2004 1347 2410 1418 Jerosolymam,
2440 1365 2556 1417 quae
2598 1350 2810 1404 denunn
2855 1351 3070 1406 abstulit
3111 1353 3346 1407 Susacini
3390 1370 3482 1409 rex

1915 1435 2150 1506 Egypti.
2165 1438 2428 1506 Multaque
2444 1438 2774 1494 anathemata
2789 1442 3117 1496 consecravit
3139 1442 3313 1497 David-
3334 1443 3488 1498 Mem-

1914 1526 2218 1595 phibaalum
2251 1527 2416 1581 filium
2458 1527 2697 1582 Jonathm
2726 1529 2970 1598 dignatur
3007 1546 3186 1586 mensa
3227 1533 3366 1602 regia
3387 1575 3403 1597 ,
3433 1546 3488 1588 et

1915 1617 2093 1670 omnia
2121 1631 2240 1686 qua:
2270 1617 2336 1671 ad
2365 1617 2574 1672 Saﬁlem
2605 1618 2942 1686 pertinebant
2960 1620 3049 1674 dat
3078 1622 3196 1690 ipsi.
3225 1622 3487 1692 Jubelque

1912 1703 2110 1771 Sibam,
2141 1706 2228 1776 qui
2278 1715 2394 1762 erat
2433 1721 2621 1760 servus
2665 1717 2915 1775 paternus
2940 1749 2954 1774 ,
2998 1709 3367 1778 Mempbibaali
3407 1714 3485 1782 (a)

1911 1796 2112 1850 servire
2136 1811 2256 1850 cum
2281 1796 2400 1851 ﬁliis
2423 1797 2553 1851 suis.
2581 1797 2738 1851 Mittit
2762 1807 2935 1851 autem
2965 1799 3030 1852 ad
3059 1815 3234 1869 regem
3258 1801 3482 1856 ﬁliorum

1911 1886 2165 1951 Ammon,
2211 1887 2299 1955 qui
2334 1887 2733 1941 consolarentur
2771 1902 2913 1950 eum,
2937 1888 3056 1957 quia
3100 1899 3340 1942 mortuus
3370 1899 3484 1944 erat

1913 1988 2064 2048 pater
2093 1979 2228 2047 ejus.
2278 1978 2373 2033 lllc
2417 1995 2544 2033 vero
2583 1979 2928 2033 suadentibus
2969 1981 3308 2049 optimatibus
3335 1983 3480 2049 ejus,

1908 2067 2169 2122 dedecore
2195 2065 2361 2120 afﬁcit
2388 2083 2482 2122 eos
2504 2069 2590 2136 qui
2618 2082 2646 2119 a
2673 2067 2874 2122 Davide
2899 2069 3044 2122 missi
3073 2079 3221 2122 erant
3245 2069 3310 2123 ad
3334 2071 3480 2124 illum

1908 2158 2306 2211 consolandum.
2333 2155 2470 2211 Hinc
2500 2159 2671 2211 oritur
2709 2157 2902 2212 bellum
2943 2176 2956 2210 :
2984 2166 3039 2212 et
3073 2159 3242 2227 primo
3268 2160 3480 2228 quidem

1909 2250 2070 2304 mittit
2095 2248 2317 2303 Joabum
2346 2266 2359 2302 :
2389 2249 2581 2304 deinde
2609 2249 2753 2303 venit
2779 2249 2891 2318 ipse
2932 2250 3093 2303 David
3115 2292 3129 2316 ,
3158 2260 3212 2305 et
3241 2253 3483 2306 inimicos

1906 2339 2070 2409 fugat.
2104 2340 2236 2394 Hinc
2269 2355 2330 2394 ea
2362 2355 2481 2408 qua:
2525 2339 2588 2393 ad
2618 2339 2795 2394 Uriam
2827 2350 2880 2393 et
2917 2341 2983 2394 ad
3014 2341 3275 2397 Bersabee
3314 2343 3480 2412 perti-

1908 2440 2054 2495 nent,
2083 2440 2134 2484 et
2162 2429 2225 2483 ad
2254 2429 2511 2484 infantem
2540 2431 2628 2498 qui
2661 2440 2899 2484 mortuus
2927 2439 3026 2484 est.
3063 2432 3355 2500 Posteaque
3384 2449 3478 2484 ua-

1906 2521 2070 2574 scitur
2096 2520 2366 2573 Salomon.
2397 2519 2675 2588 Oppugnat
2702 2519 2834 2572 Joab
2863 2520 3084 2581 Ravath,
3119 2529 3171 2572 ct
3203 2531 3475 2589 postquam

1905 2612 2087 2664 urbem
2119 2610 2427 2677 occupavit,
2477 2611 2634 2662 mittit
2672 2609 2736 2662 ad
2771 2611 2950 2673 David,
2996 2611 3175 2664 volens
3208 2614 3476 2667 victoriam

1905 2701 2000 2770 ipsi
2023 2701 2271 2755 adscribi.
2297 2701 2450 2754 Amat
2475 2700 2612 2754 ﬁlius
2638 2701 2797 2754 David
2827 2703 3031 2754 Amnon
3060 2717 3295 2756 sororem
3325 2719 3474 2758 suam

1904 2790 2158 2852 Thamar,
2189 2799 2242 2844 et
2271 2791 2521 2844 simulato
2560 2791 2774 2853 morbo,
2819 2792 3116 2845 venientem
3149 2793 3287 2845 illam
3317 2793 3381 2846 ad
3420 2809 3478 2848 se

1907 2879 2225 2933 visitandum
2266 2879 2584 2932 contumelia
2628 2878 2811 2933 afﬁcit.
2854 2879 2964 2946 Qua
2995 2897 3054 2935 re
3097 2883 3270 2936 audita
3317 2885 3477 2937 frater

1905 2971 2020 3039 ejus
2046 2971 2380 3034 Abessalom,
2414 2970 2600 3022 invitat
2626 2981 2805 3039 postea
2837 2987 3012 3040 regem
3041 2972 3104 3025 ad
3133 2974 3429 3027 convivium
3459 2992 3471 3025 :

1903 3075 2129 3127 cumque
2171 3073 2262 3113 rex
2307 3076 2410 3112 non
2452 3060 2687 3124 veniret,
2730 3069 2879 3127 rogat
2921 3060 3112 3114 fratres
3143 3071 3198 3114 ut
3244 3063 3471 3115 veniant.

1900 3149 2031 3204 Cum
2064 3159 2238 3203 autem
2272 3149 2555 3212 venissent,
2589 3149 2678 3201 illo
2708 3149 2928 3216 jubente
2959 3151 3096 3203 servi
3131 3152 3293 3218 ipsius
3338 3153 3476 3205 inter

1904 3238 2270 3309 prandendum
2311 3238 2618 3292 occiderunt
2652 3243 2967 3290 Amnouem.
3000 3239 3066 3293 Ut
3102 3255 3227 3292 vero
3257 3255 3346 3293 rex
3378 3257 3473 3294 an-

1902 3328 2051 3392 divit,
2081 3327 2303 3380 multum
2341 3326 2492 3392 luxit,
2535 3335 2590 3380 et
2618 3325 2782 3380 iratus
2810 3328 2905 3379 fuit
2935 3327 2986 3380 in
3019 3327 3349 3381 Abessalom.
3382 3329 3473 3383 Ille

1900 3427 2074 3472 autem
2104 3416 2335 3485 aufugit;
2365 3425 2418 3470 et
2470 3426 2589 3484 post
2619 3426 2725 3469 tres
2758 3431 2943 3480 annos,
2973 3431 3092 3470 cum
3124 3417 3301 3470 sedata
3330 3427 3474 3472 esset

1901 3509 1977 3561 ira
2002 3510 2163 3576 regis,
2194 3515 2368 3559 astute
2389 3505 2631 3575 providet
2657 3504 2790 3559 Joab
2805 3509 3471 3576 permulierem’Thccoiti-

1900 3599 2055 3663 dem,
2080 3599 2371 3667 suadetque
2401 3599 2508 3666 regi
2545 3606 2600 3650 ut
2625 3598 2932 3650 Abessalom
2963 3607 3194 3652 revocet.
3225 3599 3469 3652 Redeun-

1901 3701 2005 3746 tem
2034 3690 2201 3744 noluit
2225 3698 2372 3756 pater
2397 3690 2572 3741 statim
2600 3688 2807 3752 videre;
2831 3689 2923 3741 sed
2946 3687 3152 3742 duobus
3181 3689 3332 3742 atinis
3359 3704 3468 3742 u-a-

1900 3781 2063 3836 nebat
2101 3783 2152 3834 in
2205 3779 2498 3834 Jerusalem
2543 3789 2693 3833 extra
2737 3787 3074 3846 conspectum
3117 3778 3275 3847 regis.
3323 3778 3471 3832 Tunc

1899 3880 2054 3923 vocat
2085 3869 2342 3932 Joabum;
2380 3867 2466 3922 ille
2510 3883 2634 3921 vero
2678 3883 2780 3920 non
2822 3867 3221 3935 obtemperavit.
3270 3868 3471 3921 Deinde

1904 3962 2046 4016 illius
2086 3975 2270 4029 agrum
2312 3959 2566 4024 incendit,
2597 3968 2651 4012 et
2677 3960 2752 4012 sic
2780 3967 2993 4012 coactus
3021 3959 3161 4012 venit
3189 3959 3254 4011 ad
3299 3959 3469 4012 Abe~-

1900 4052 2064 4104 salom
2099 4067 2113 4103 :
2143 4058 2196 4102 et
2225 4048 2290 4102 ab
2323 4048 2411 4101 illo
2439 4049 2630 4101 missus
2652 4047 2718 4100 ad
2748 4063 2944 4114 regem,
2974 4048 3144 4114 ipsum
3171 4062 3289 4099 cum
3321 4057 3470 4115 patre

1899 4139 2287 4202 reconciliavit,
2319 4146 2371 4190 et
2400 4137 2464 4190 ad
2493 4138 2637 4190 illum
2669 4137 2904 4190 adduxit.
2930 4135 3268 4188 Fecitautem
3301 4137 3470 4190 Abes-

1899 4231 2065 4283 salom
2094 4229 2192 4282 sibi
2233 4243 2421 4282 currus
2449 4237 2500 4281 et
2528 4228 2764 4296 equites,
2799 4235 2852 4280 et
2877 4241 2967 4281 eos
2994 4226 3083 4295 qui
3113 4225 3178 4279 ad
3212 4226 3468 4294 judicium

1898 4317 2227 4372 accedebant
2247 4333 2364 4370 cum
2395 4318 2559 4369 multo
2587 4317 2882 4384 excipiebat
2905 4315 3123 4378 honore,
3149 4326 3200 4369 et
3222 4316 3469 4370 laudabat

1899 4409 2048 4480 quasi
2077 4409 2166 4478 qui
2202 4408 2342 4478 justa
2370 4406 2548 4462 dicere
2585 4415 2830 4475 possent,
2876 4407 3223 4459 miserabatur
3254 4417 3465 4469 autem,

1899 4499 2048 4572 quasi
2077 4513 2236 4555 nemo
2263 4507 2403 4554 esset
2442 4498 2531 4568 qui
2577 4507 2755 4567 posset
2779 4498 2899 4550 illos
2936 4495 3249 4561 defendere,
3285 4511 3348 4549 ac
3378 4497 3463 4550 di-

1962 4665 1978 4696 ι
1994 4664 2073 4711 llic
2097 4661 2242 4722 longe
2266 4658 2451 4708 variant
2473 4659 2767 4717 interpretes
2787 4668 2802 4730 ξ
2831 4654 3060 4732 Hebraeus
3083 4655 3230 4733 habet
3251 4635 3465 4737 k‘tP-mg

1899 4739 2114 4788 amna
2165 4736 2357 4784 arma;
2399 4731 2546 4782 r1117]:
2584 4737 2740 4772 vocem
2779 4722 2989 4772 incessus
3025 4722 3075 4771 iu
3116 4722 3348 4784 capitibt'ts
3367 4743 3468 4780 m0-

1897 4816 2079 4853 rarum.
2106 4798 2276 4859 Aquila
2303 4805 2360 4860 et
2398 4796 2710 4860 Symmachus,
2733 4806 2842 4860 ea?“
2881 4801 3104 4860 sigrium,
3145 4808 3180 4844 ιν
3217 4810 3470 4860 assume.

1953 4879 2134 4927 ψειήσιων,
2164 4854 2434 4927 Strepitrmt
2469 4854 2712 4927 transitus
2740 4854 2808 4927 tu
2833 4854 3065 4921 capitibus
3106 4854 3349 4916 ργωδῠιιος
3367 4873 3465 4908 um.

1898 4891 2346 4985 WiQSIZI's-Xiiii'iﬁi
2381 4891 2644 4974 ara-(ficulis
2673 4891 2742 4960 “in
2785 4891 3466 4977 εαειίηιίηευνῇνᾶξδῖῖ

1899 4983 2231 5042 Ιημῐτὴνγφωτήν
2263 4989 2579 5042 τθῦισηγιλιῖἶμῆὖ
2611 4989 2680 5023 ἀπο
2716 4991 2777 5042 τῷ
2807 4983 2936 5042 ἀξένους
2959 4983 3287 5033 «earl-sihmo;
3308 4991 3466 5030 vocent

1899 5035 2211 5097 conclusienis
2255 5051 2285 5084 a
2327 5037 2431 5083 luco
2473 5037 2626 5096 (lctus.
2674 5035 2955 5097 sedatius,
3004 5046 3058 5082 ut
3106 5045 3372 5087 notavimus
3420 5042 3468 5089 in

1901 5095 2140 5165 itexaplis,
2166 5098 2256 5145 hoc
2280 5097 2383 5145 loco
2403 5095 2502 5157 pro,
2519 5110 2764 5165 συγιλιισιξοῦ,
2782 5095 3468 5165 liabet,awampos.(lbrysostu-

1898 5180 2004 5216 mus
2024 5156 2156 5216 θετον
2180 5175 2244 5207 τσῦ
2267 5156 2426 5217 audii-0";-
2451 5165 2528 5220 ,με
2552 5170 2668 5220 Fero
2691 5156 3193 5220 lectioncs’.”"“"‘°°'
3215 5156 3467 5220 euictth

1898 5225 2131 5280 trcuwris,
2160 5220 2238 5266 vel
2267 5218 2609 5274 conuuotionis,
2635 5218 2784 5276 magis
2817 5217 3048 5280 accedunt
3071 5220 3127 5280 ad
3161 5217 3470 5280 significatio;

1897 5302 2009 5337 nem
2032 5277 2166 5333 νοεῖς
2186 5285 2350 5338 wn.
2373 5293 2515 5338 quam
2539 5292 2780 5338 σ-δτιιλιισμοῦ,

1962 5349 2034 5407 (a)
2057 5349 2129 5394 sic
2152 5362 2346 5409 quoque
2380 5346 2504 5408 legit
2533 5347 2877 5409 Theodoretus,
2911 5349 3180 5409 Quaestione
3218 5351 3472 5409 trigesima

1899 5413 2050 5470 prima
2097 5411 2141 5455 in
2171 5407 2363 5457 _lihrum
2404 5407 2666 5456 secundum
2713 5415 2905 5464 negttm.
2932 5407 3052 5470 [llud
3085 5417 3249 5458 autem
3273 5407 3466 5468 nomen,

1901 5469 2132 5530 Μιμᾳιεαάὶ,
2160 5470 2330 5519 factum
2359 5476 2434 5516 est
2472 5469 2641 5530 partim
2675 5482 2736 5514 ex
2763 5469 2868 5530 ejus
2891 5469 3104 5526 nomine,
3128 5479 3180 5517 ut
3205 5470 3468 5518 habebatur

1897 5528 2020 5591 apud
2045 5537 2149 5577 LXX
2166 5539 2456 5590 luterpretes
2471 5542 2527 5591 tu
2547 5528 2888 5576 libreseenudo
2902 5530 3106 5590 Regum,
3122 5543 3300 5591 nempe
3325 5538 3468 5577 Mem-

1899 5590 2174 5651 philmbl/lt',
2207 5594 2373 5652 partim
2402 5604 2458 5635 ex
2490 5590 2701 5646 ejusdem
2725 5592 2876 5635 altero
2901 5591 3091 5652 nomine
3115 5591 3239 5652 quod
3266 5590 3467 5652 habetur

1900 5649 2050 5711 primo
2088 5649 2218 5698 lilu'u‘
2249 5651 2630 5710 l'at'uliiztunenon
2671 5664 2772 5708 cap.
2797 5651 2854 5705 υ,
2883 5665 2926 5695 v.
2956 5650 3030 5706 40,
3060 5649 3304 5698 Mer-ibant.
3331 5655 3469 5711 Error

1898 5709 2057 5759 autem
2080 5714 2189 5760 ideo
2213 5709 2613 5772 pulsi-veraufrit,
2628 5714 2734 5768 quia
2756 5712 2953 5770 primum
2979 5723 3170 5764 nomen,
3189 5709 3471 5772 Mt’mpltibo-

1899 5784 2163 5834 at!tr,.ap:,n
2190 5771 2410 5831 μι-..μηω
2435 5772 2490 5817 ωσι
2521 5771 2815 5818 lsiiesetbum
2841 5772 3108 5818 transit-tat.
