3996 6438
579 422 688 476 347

568 519 722 572 cebat
780 535 794 570 :
851 517 975 582 Qui:
1030 530 1105 568 me
1155 517 1416 567 constituet
1467 514 1689 584 judicent
1745 527 1893 580 super
1939 518 2120 563 terram

572 607 648 676 (‘2.
687 606 813 674 Reg.
846 606 930 657 15.
968 602 1064 674 At)?
1094 613 1147 657 et
1171 603 1248 656 sic
1287 603 1532 672 pepulum
1559 602 1658 657 sibi
1687 598 2001 656 conciliavit.
2033 598 2121 651 ln-

573 696 738 762 surgit
771 694 1078 747 Abessalom
1116 701 1296 746 contra
1325 692 1605 756 Davidem;
1637 707 1737 760 qua
1767 705 1826 745 re
1856 700 2121 759 comperta

570 786 660 839 ille
687 783 814 852 fugit
844 798 906 836 ex
949 781 1274 846 Jerusalem,
1302 781 1532 835 dimissis
1562 783 1614 835 in
1651 782 1782 834 urbe
1817 780 2122 834 concubinis

577 875 706 927 suis.
753 872 870 925 Ethi
927 871 1191 924 volentem
1238 885 1413 925 secum
1467 871 1614 924 abire
1661 870 1830 938 primo
1879 869 2118 932 cohibet,

577 961 765 1014 deinde
792 960 878 1013 tibi
911 959 1194 1012 instantem
1230 958 1390 1023 vidit,
1431 958 1483 1012 id
1523 957 1776 1026 permisit.
1808 956 1907 1011 Ubi
1947 964 2121 1010 autem

567 1047 872 1093 torrentem
911 1048 1247 1113 trajecerunt,
1289 1047 1510 1114 imperat
1550 1044 1907 1100 sacerdotibus
1950 1055 2004 1097 ut
2033 1058 2120 1098 re-

580 1137 773 1188 ducant
801 1149 973 1188 arcam
1015 1137 1064 1187 in
1094 1135 1297 1188 urbem.
1331 1136 1444 1203 Ipse
1469 1149 1595 1189 vero
1624 1147 1680 1188 se
1703 1143 2121 1200 exspectaturum

580 1238 675 1277 eos
700 1224 825 1277 dicit
852 1225 901 1276 in
933 1225 1047 1277 loco
1076 1223 1340 1277 Olivarum
1373 1223 1471 1292 (a),
1500 1224 1543 1276 si
1571 1222 1694 1290 quid
1724 1222 1947 1276 habeant
1972 1237 2122 1276 arca-

579 1326 768 1365 norum
808 1313 945 1381 regis
982 1312 1279 1366 dicendum.
1323 1313 1559 1366 Occurrit
1598 1312 1773 1366 Davidi
1811 1311 1989 1366 Chusi.
2032 1313 2123 1366 ltle

579 1413 708 1451 vero
735 1399 877 1452 misit
913 1415 1030 1454 eum
1076 1408 1132 1453 ut
1170 1399 1500 1468 Achitopheli
1540 1399 1850 1464 obsisteret,
1886 1401 1973 1469 qui
2013 1410 2124 1454 erat

579 1487 676 1554 ipsi
720 1488 1023 1542 Abessalom
1049 1505 1077 1543 a
1107 1489 1356 1543 consiliis.
1399 1489 1466 1543 Ut
1504 1498 1676 1542 autem
1721 1489 1973 1543 abscessit
2004 1489 2120 1553 ille,

581 1576 725 1629 venit
768 1575 909 1641 Siba,
953 1579 1039 1646 qui
1083 1588 1324 1631 accusato
1361 1579 1487 1632 hero
1511 1591 1607 1631 suo
1649 1578 1990 1646 Memphihaai
2029 1577 2122 1649 (ὁ),

583 1665 730 1731 quasi
760 1681 977 1733 regnare
1023 1669 1207 1731 vellet,
1246 1675 1407 1720 totum
1452 1667 1640 1733 accipit
1676 1682 1705 1718 a
1738 1667 1947 1721 Davide.
1979 1667 2126 1721 Tunc

583 1752 754 1807 Semei
786 1755 1047 1808 maledicit
1076 1756 1288 1818 Davidi;
1325 1756 1483 1808 David
1525 1765 1696 1808 autem
1737 1757 1988 1810 Abessam
2029 1769 2123 1808 vo-

585 1844 778 1896 lentem
805 1844 948 1897 illum
978 1845 1217 1899 occidere
1236 1846 1484 1900 cohibuit.
1512 1845 1664 1899 Venit
1681 1845 1842 1898 Chusi
1867 1846 1930 1898 ad
1956 1845 2123 1898 Abes-

587 1932 776 1995 salom,
810 1933 1188 2002 persuadetque
1218 1935 1290 1986 illi
1311 1950 1369 1988 se
1396 1935 1701 1988 benevolum
1733 1935 1828 2002 ipsi
1853 1935 2121 1989 accedere.

586 2020 821 2089 Cumque
840 2023 1112 2076 consilium
1138 2024 1420 2092 agitaretur
1444 2024 1509 2076 de
1530 2024 1682 2077 rebus
1710 2025 1969 2091 gerendis,
1999 2025 2122 2078 hor-

585 2113 730 2162 tatur
749 2113 1053 2166 Abessalom
1075 2115 1404 2183 Acbitopbei,
1433 2124 1489 2170 ut
1506 2130 1623 2169 cum
1643 2117 1943 2171 concubinis
1965 2118 2125 2185 patris

579 2204 664 2257 sui
681 2211 852 2255 coeat.
884 2203 938 2256 ld
964 2205 1050 2258 ille
1078 2204 1202 2259 fecit
1231 2207 1281 2258 in
1307 2206 1498 2260 solario
1519 2206 1724 2270 domus,
1755 2217 1810 2260 ut
1837 2221 2019 2261 omnes
2043 2208 2122 2260 vi-

579 2287 790 2341 derent.
814 2289 970 2343 Addit
991 2291 1130 2343 aliud
1153 2293 1424 2345 consilium
1445 2311 1458 2355 ;
1482 2304 1537 2346 ut
1554 2294 1652 2347 sibi
1675 2294 1958 2348 liceatcum
1981 2295 2124 2349 mille

586 2378 712 2430 viris
750 2378 996 2432 Davidem
1029 2380 1240 2448 aggredi
1270 2390 1320 2434 et
1357 2396 1562 2436 necare.
1595 2382 1661 2436 Ut
1700 2392 1872 2436 autem
1913 2393 2125 2438 vocatus

588 2476 670 2519 est
692 2467 873 2534 Chusi,
907 2478 963 2523 ut
989 2471 1262 2524 consilium
1292 2479 1345 2525 et
1372 2472 1481 2540 ipse
1507 2473 1671 2533 daret.
1696 2473 1740 2526 is
1767 2474 2124 2542 Achitophelis

579 2562 898 2615 sententiam
926 2561 1130 2624 evertit,
1162 2562 1386 2615 suadens
1413 2571 1467 2614 ut
1495 2564 1696 2616 interim
1725 2565 2123 2632 supersederet,

585 2646 676 2699 sed
704 2658 880 2714 postea
907 2664 1023 2703 cum
1051 2665 1238 2717 magno
1261 2661 1508 2719 apparatu
1535 2653 1779 2706 Davidem
1810 2653 2121 2708 adoriretur.

586 2734 781 2804 lllaque
806 2741 1066 2792 sententia
1093 2743 1257 2808 magis
1287 2743 1505 2809 placuit,
1540 2744 1649 2798 Deo
1692 2745 1888 2798 scilicet
1914 2747 1983 2799 ita
2012 2745 2122 2800 dis-

587 2836 853 2891 pensante.
887 2829 1033 2882 Tunc
1060 2831 1201 2883 misit
1227 2831 1404 2894 Chusi,
1438 2841 1491 2885 et
1517 2849 1608 2900 per
1636 2834 1767 2888 ﬁlios
1793 2832 2120 2889 sacerdotum

589 2912 700 2964 hanc
741 2915 915 2967 Davidi
955 2919 1227 2971 nuntiavit.
1259 2920 1565 2989 Achitophel
1605 2934 1797 2988 autem,
1825 2924 1973 2990 cujus
1999 2939 2120 2977 sen-

587 3000 747 3052 tentia
787 3002 1032 3070 despecta
1068 3005 1268 3070 fuerat,
1309 3023 1425 3061 sese
1465 3012 1821 3077 strangulavit.
1867 3013 2123 3066 Feruntur

586 3086 767 3140 Davidi
817 3093 977 3143 multa
1021 3092 1174 3145 dona.
1224 3094 1535 3148 lnstructum
1585 3106 1755 3152 autem
1803 3100 2122 3168 exercitum,

583 3177 757 3239 emisit
780 3178 962 3234 dicens
986 3199 998 3233 :
1026 3181 1222 3236 Parcite
1242 3186 1446 3252 puerulo
1466 3203 1572 3240 meo
1589 3189 1871 3242 Abessalom
1892 3190 1966 3259 (2.
1995 3191 2120 3260 Reg.

586 3266 671 3318 18.
693 3267 768 3336 5).
793 3269 964 3337 ipsum
990 3273 1127 3326 enim
1155 3274 1206 3327 in
1223 3275 1414 3330 bellum
1435 3279 1578 3332 exire
1603 3294 1704 3332 non
1735 3282 2121 3347 permittebant.

585 3354 827 3410 Pratlium
854 3363 1213 3427 committitur,
1247 3366 1520 3435 multisque
1544 3369 1846 3424 cadentibus
1874 3373 2125 3427 occiditur

585 3445 742 3496 etiam
789 3447 1112 3513 Abessalom,
1141 3466 1169 3503 a
1210 3465 1355 3504 coma
1401 3455 1571 3508 arbori
1615 3457 1819 3510 cuidam
1859 3459 2122 3528 alligatus.

588 3531 681 3586 1110
700 3535 872 3588 occiso
898 3549 1067 3591 cessat
1089 3541 1299 3594 bellum.
1323 3543 1475 3597 Mittit
1499 3544 1654 3599 Chusi
1680 3547 1809 3601 Joab
1836 3551 1921 3618 qui
1946 3551 2122 3606 Davidi

584 3621 853 3709 victoriam
901 3628 1119 3680 nuntiet.
1166 3629 1280 3694 Quo
1321 3631 1405 3686 ille
1447 3634 1621 3687 audito
1660 3635 1865 3705 lugebat
1911 3650 2125 3709 propter

585 3708 778 3774 ﬁlium,
804 3711 973 3766 donec
1011 3715 1272 3783 ingressus
1306 3719 1435 3773 Joab
1464 3722 1607 3775 illum
1648 3727 1894 3792 mutavit,
1926 3708 2125 3797 ipsique

550 3847 562 3862 ,
586 3801 781 3860 suasit,
812 3811 865 3854 ut
903 3803 1022 3856 lazto
1047 3805 1298 3876 hilarique
1325 3812 1466 3864 vultu
1509 3814 1794 3867 exercitum
1837 3819 2120 3886 exciperet.

586 3887 888 3954 Fugientem
937 3891 1177 3948 lsraelem
1222 3912 1312 3950 rex
1358 3900 1671 3965 advocabat;
1711 3905 1904 3960 Abessa
1950 3917 2122 3964 autem

587 3975 740 4042 illos,
767 3975 872 4043 jam
901 3978 952 4030 id
983 3981 1032 4032 in
1064 3986 1329 4051 proposito
1353 3988 1631 4054 habentes,
1660 4007 1723 4045 eo
1751 3994 1962 4049 adduxit
1987 4006 2042 4050 ut
2068 4013 2125 4053 se

588 4064 768 4117 Davidi
789 4067 1122 4134 subjicerent.
1149 4072 1276 4126 Cum
1303 4079 1638 4142 pertransiret
1663 4080 1962 4147 Iordanem,
1986 4087 2124 4139 venit

587 4153 794 4217 Semei,
842 4169 991 4208 suum
1044 4160 1297 4214 conﬁtens
1345 4175 1630 4231 peccatum.
1694 4168 1908 4224 Volebat
1951 4182 2122 4227 autem

586 4243 783 4296 Abessa
811 4244 952 4296 illum
1001 4246 1319 4313 interﬁcere,
1368 4253 1417 4306 id
1460 4256 1720 4321 prohibuit
1763 4259 1942 4315 David.
1976 4261 2127 4317 Venit

586 4331 742 4383 etiam
771 4332 1118 4400 Memphibaal
1146 4340 1410 4404 squalidus
1429 4381 1442 4405 ,
1475 4344 1698 4398 sordidis
1727 4346 1936 4401 indutus
1964 4352 2125 4404 vesti-

592 4419 706 4483 bus,
741 4419 959 4473 densum
1011 4423 1207 4477 habens
1253 4439 1557 4498 mystacem,
1604 4449 1800 4502 ungues
1845 4438 2127 4493 ostendens

589 4509 770 4577 longos
799 4511 836 4573 ί,
868 4525 985 4577 ί]οπ
1011 4514 1182 4565 omnia
1209 4514 1405 4571 doloris
1431 4521 1573 4587 signa
1618 4535 1793 4586 erant,
1822 4526 1889 4579 ob
1933 4527 2125 4581 bellum

587 4607 767 4651 contra
798 4599 1038 4651 Davidem
1067 4611 1282 4654 motum.
1311 4604 1660 4677 lnterrogabat
1683 4626 1774 4664 rex
1799 4627 1893 4665 cur
1913 4629 2014 4667 non
2040 4632 2129 4670 ve-

594 4687 757 4739 nisset
784 4702 979 4740 sccmn.
1013 4688 1299 4756 Respondit
1328 4693 1411 4748 ille
1436 4710 1494 4749 se
1519 4713 1727 4765 rogasse
1752 4699 1924 4754 Sibam
1955 4701 2095 4757 famu
2115 4738 2127 4744 -

593 4775 699 4828 lum
729 4790 902 4841 sumn,
927 4784 982 4829 ut
1010 4791 1066 4830 se
1091 4779 1327 4845 jumeuto
1355 4783 1664 4852 imponeret,
1695 4789 1910 4843 claudus
1939 4793 2128 4860 quippe

592 4873 706 4917 erat
745 4865 1088 4932 lilempbibaal
1121 4886 1134 4921 :
1163 4869 1307 4922 illum
1349 4887 1471 4926 vero
1510 4876 1757 4930 noluisse.
1802 4879 1947 4934 Tunc
1982 4882 2129 4948 jubet

590 4970 684 5008 rex
712 4955 854 5008 illum
897 4970 1017 5008 cum
1047 4957 1169 5010 Siba
1195 4972 1373 5027 agrum
1400 4961 1648 5018 dividere.
1681 4967 1896 5022 Bercelli
1938 4985 2091 5038 porro
2110 5014 2126 5039 ,

589 5045 678 5112 qui
708 5044 832 5101 belli
854 5054 1088 5114 tempore
1109 5048 1267 5101 multa
1295 5050 1388 5117 ipsi
1415 5054 1817 5121 ministraverat,
1841 5072 2015 5111 secum
2038 5061 2130 5113 ad-

589 5133 784 5188 ducere
803 5135 1028 5189 volebat.
1060 5135 1150 5189 Ille
1177 5151 1301 5191 vero
1321 5143 1574 5193 recusavit
1600 5148 1667 5195 ob
1695 5155 2012 5200 senectutem
2042 5164 2054 5199 :
2079 5157 2131 5202 et

592 5235 770 5273 secum
801 5224 1004 5291 accepit
1034 5237 1128 5278 rex
1154 5224 1315 5278 ﬁlium
1345 5226 1504 5294 ipsius
1543 5231 1674 5284 loco.
1707 5232 1852 5286 Tunc
1879 5236 2131 5290 scinditur

591 5314 882 5376 exercitus,
915 5329 1140 5384 parsque
1175 5316 1344 5370 Sabee
1387 5332 1442 5371 se
1482 5320 1643 5374 dedit.
1685 5323 1941 5392 Mittitque
1971 5327 2128 5381 David

651 5457 664 5486 ί
693 5455 745 5503 111
786 5455 995 5522 Edltione
1038 5461 1236 5522 Romana
1278 5454 1468 5516 legitur,
1494 5470 1640 5518 neque
1676 5472 1851 5522 ungues
1881 5463 2127 5519 subsecuit,

585 5529 642 5563 111·
678 5529 733 5564 ne
758 5520 939 5564 curavit
961 5520 1230 5584 mgstacem.

645 5529 720 5633 ἵη)
744 5583 848 5622 Ilzcc
872 5587 965 5620 non
991 5574 1209 5622 Videntur

669 5577 720 5633 ri)
744 5583 848 5622 Itzce
872 5587 965 5620 non
991 5574 1209 5622 videntur
1233 5587 1490 5624 consonare
1514 5591 1620 5626 cum
1641 5586 1775 5628 textu
1815 5581 1954 5630 LXX.

645 5637 717 5694 (b)
735 5637 785 5682 In
804 5633 1274 5701 exemplaribusaliis
1296 5640 1465 5701 LXXet
1488 5639 1533 5701 in
1559 5639 1774 5701 mitione
1787 5648 1983 5701 Romana
2008 5641 2128 5701 legi-

589 5697 889 5759 1111·,.11011ψ111
894 5694 1066 5754 host/ie,
1081 5696 1165 5745 sed
1176 5695 1264 5744 alia
1278 5697 1566 5758 exemplaria
1577 5699 1884 5762 Memphibaal
1897 5694 2125 5753 habuere.

1279 405 1333 460 S.
1363 403 1636 460 JOANNIS
1670 395 2134 459 CHRYSOSTOMI
2163 395 2473 455 ARCHIEP.
2504 401 3023 456 CONSTANTINOP.

3674 407 3786 460 348

2227 509 2499 562 Amessam
2521 511 2610 578 qui
2633 510 2858 565 debellet
2882 525 2998 564 eum
3025 528 3038 564 :
3061 509 3192 564 J'oah
3213 523 3337 564 vero
3356 510 3626 563 Amessam
3649 509 3774 561 dnlo

2228 598 2438 663 occidit,
2473 601 2760 667 urbemque
2795 602 2846 654 in
2874 616 3028 668 quam
3066 600 3370 668 confugerat
3406 599 3572 654 Sabee
3613 599 3774 652 obse-

2227 685 2322 738 dit.
2344 686 2443 751 Qui
2466 687 2517 739 in
2534 687 2742 741 civitate
2761 697 2929 754 erant,
2944 688 3196 742 suadente
3218 688 3455 752 muliere,
3479 687 3770 741 abscissum

2226 786 2380 844 caput
2403 776 2570 830 Sabee
2608 777 2772 831 Joabo
2797 793 2859 830 ex
2903 793 3053 831 muro
3099 778 3431 845 projecerunt
3461 794 3473 830 :
3501 785 3658 843 atque
3699 777 3772 828 ita

2229 861 2367 916 bello
2391 863 2597 916 liberati
2620 873 2758 917 sunt.
2791 864 2980 918 Fames
3005 865 3055 917 in
3083 875 3216 918 terra
3245 863 3456 918 advenit
3481 882 3496 920 :
3525 864 3590 917 ad
3614 878 3772 931 quam

2227 950 2605 1020 proﬂigandam
2645 967 2862 1007 necesse
2899 961 3010 1007 erat
3043 955 3313 1021 quospiam
3342 968 3406 1006 ex
3443 952 3613 1006 Saulis
3647 967 3772 1020 pro-

2225 1041 2377 1108 genie
2394 1041 2527 1095 tradi
2544 1040 2863 1095 Gabaonitis.
2886 1041 3031 1095 Tunc
3046 1041 3474 1110 Mempbibaalum
3497 1049 3776 1095 conservat

2228 1127 2411 1193 David,
2437 1129 2505 1182 ob
2534 1129 2886 1197 juramentum
2929 1129 3223 1184 Jonathano
3252 1129 3559 1197 praestitum.
3590 1127 3778 1182 Tradit

2230 1231 2404 1274 autem
2436 1221 2607 1274 Saulis
2650 1221 2788 1274 ﬁlios
2812 1229 2864 1274 et
2889 1229 3104 1288 nepotes
3123 1260 3137 1284 ,
3165 1221 3451 1288 sepelitque
3487 1220 3694 1274 Saﬁlem
3719 1227 3778 1273 et

2225 1306 2574 1360 Jonathanum
2619 1308 2671 1360 in
2711 1309 2949 1375 sepulcro
2992 1307 3101 1361 Cis.
3149 1307 3290 1360 Bella
3328 1316 3619 1361 moventur.
3665 1307 3774 1359 Da-

2228 1396 2401 1450 videm
2428 1396 2673 1449 cohibent
2701 1398 2779 1449 sui
2815 1411 2884 1449 ne
2912 1404 3094 1461 exeat,
3147 1412 3214 1449 ne
3255 1397 3388 1450 forte
3429 1397 3773 1464 periclitetur.

2227 1483 2376 1538 Tunc
2419 1485 2546 1538 dicit
2593 1485 2853 1538 decimum
2899 1485 3179 1552 septimum
3233 1485 3516 1538 Psalmum.
3568 1484 3776 1537 Recen-

2226 1583 2409 1627 sentur
2440 1575 2591 1626 fortia
2631 1576 2981 1642 praeclaraque
3025 1583 3168 1643 gesta
3195 1574 3382 1626 ducum
3425 1574 3649 1627 Davidis.
3680 1573 3776 1627 Ju-

2226 1664 2378 1718 betur
2421 1663 2553 1718 Joab
2596 1665 2841 1733 populum
2885 1680 3221 1730 enumerare,
3264 1675 3677 1733 enumeratque:
3719 1674 3778 1719 et

2226 1762 2375 1807 erant
2401 1754 2604 1809 lsraelis
2637 1764 2894 1824 nongenta
2924 1755 3086 1809 millia
3108 1797 3122 1821 ,
3153 1766 3206 1810 et
3230 1756 3374 1810 Judue
3395 1756 3775 1825 quadringenta

2229 1843 2390 1896 millia
2420 1843 2708 1907 hominum,
2733 1847 2964 1898 omnium
2992 1847 3316 1901 bellatorum.
3335 1847 3480 1902 Tunc
3498 1848 3636 1900 venit
3657 1847 3775 1900 Gad

2227 1931 2480 1999 propheta
2529 1932 2794 2000 optionem
2840 1934 2912 1986 illi
2955 1935 3087 1988 dans
3128 1950 3194 1988 ex
3239 1935 3403 1989 tribus
3450 1937 3770 1999 ultionibus,

2227 2035 2380 2088 quam
2407 2023 2586 2077 subire
2626 2024 2825 2087 mallet,
2857 2039 2922 2076 an
2956 2033 3060 2078 tres
3097 2039 3262 2080 annos
3307 2026 3485 2091 famis,
3513 2041 3577 2078 an
3612 2028 3772 2080 trium

2226 2108 2427 2162 dierum
2461 2111 2632 2180 fugam
2660 2113 2968 2166 instantibus
2997 2114 3247 2177 hostibus,
3270 2129 3331 2166 an
3353 2123 3456 2168 tres
3485 2115 3596 2168 dies
3624 2131 3769 2169 mor-

2227 2201 2363 2254 tiferi
2413 2203 2600 2255 morbi.
2656 2203 2745 2256 llle
2795 2219 2918 2257 vero
2969 2213 3073 2258 tres
3123 2203 3238 2258 dies
3286 2205 3536 2257 mortiferi
3593 2206 3766 2258 morbi

2226 2293 2568 2358 praceptavit,
2617 2295 2910 2359 mortuique
2957 2302 3077 2345 sunt
3120 2306 3148 2344 a
3194 2294 3445 2346 matutino
3489 2309 3653 2361 usque
3697 2294 3768 2347 ad

2227 2381 2428 2448 prandii
2484 2391 2686 2448 tempus
2740 2383 3065 2450 septuaginta
3115 2383 3256 2436 mille
3307 2383 3561 2436 homines.
3621 2384 3772 2438 Tunc

2233 2469 2393 2523 David
2419 2469 2551 2522 dixit
2581 2487 2595 2523 :
2639 2471 2766 2523 Ecce
2792 2487 2880 2540 ego
2923 2472 3150 2541 peccavi,
3197 2481 3243 2523 et
3271 2487 3358 2539 ego
3400 2481 3567 2539 pastor
3605 2473 3774 2538 inique

2226 2559 2304 2628 egi
2328 2575 2346 2611 :
2373 2559 2424 2610 hi
2450 2560 2533 2628 qui
2559 2576 2678 2629 grex
2700 2570 2832 2624 sunt,
2856 2561 2973 2627 quid
3004 2562 3256 2627 fecerunt?
3278 2559 3322 2612 F
3324 2561 3392 2611 iet
3408 2577 3582 2613 manus
3607 2569 3694 2612 tua
3718 2563 3772 2613 iu

2226 2665 2305 2702 me
2331 2659 2377 2704 et
2403 2651 2454 2702 in
2483 2652 2682 2703 domum
2709 2653 2863 2720 patris
2889 2653 2982 2703 mei
3007 2653 3079 2720 (2.
3119 2651 3243 2720 Reg.
3277 2652 3361 2703 24.
3393 2652 3503 2718 l7).
3535 2651 3773 2705 Cessavit

2228 2739 2447 2806 punitio,
2478 2751 2529 2793 et
2549 2741 2760 2807 jubetur
2786 2740 2945 2793 David
2967 2755 3108 2793 aram
3129 2741 3330 2808 erigere
3355 2740 3406 2792 in
3428 2755 3544 2792 area
3566 2740 3764 2803 Ornim,

2226 2835 2280 2880 et
2311 2827 2380 2882 ibi
2419 2828 2733 2890 sacriﬁcare,
2780 2828 2827 2880 id
2858 2828 2993 2896 quod
3034 2828 3122 2881 ille
3161 2827 3284 2881 fecit
3310 2828 3408 2897 (a).
3444 2826 3600 2881 Ornia
3630 2829 3771 2882 ﬁlius

2227 2915 2388 2968 David
2416 2918 2661 2970 convivio
2689 2917 2882 2984 excipit
2910 2917 3128 2971 Joabum
3159 2924 3213 2969 et
3237 2916 3588 2977 Abiatharem,
3618 2923 3772 2984 quasi

2227 3016 2552 3073 regnaturus.
2602 3008 2892 3074 ingreditur
2934 3007 3222 3073 Bersabee,
3266 3007 3549 3061 secundum
3589 3009 3767 3061 consi-

2226 3093 2352 3146 litnn
2398 3095 2599 3148 Nathan
2644 3097 2929 3164 prophetae,
2961 3107 3014 3150 et
3042 3098 3092 3150 id
3135 3099 3406 3150 annuntiat
3436 3098 3648 3160 Davidi;
3691 3099 3770 3149 lo-

2225 3192 2418 3250 quente
2463 3184 2547 3236 illa
2589 3184 2852 3252 ingressus
2904 3194 2983 3237 est
3030 3184 3265 3248 Nathan;
3315 3185 3364 3238 id
3419 3185 3770 3238 moliebantur

2227 3272 2427 3326 scilicet
2455 3281 2510 3326 ut
2535 3273 2778 3328 Salomon
2806 3283 3065 3342 regnaret.
3113 3274 3319 3342 Egressi
3363 3283 3481 3328 sunt
3524 3276 3771 3342 imposito

2227 3375 2381 3430 supra
2403 3368 2599 3435 regiam
2609 3364 2808 3419 mulam
2825 3363 3121 3418 Salomone.
3141 3364 3287 3417 Tune
3304 3363 3502 3417 Natban
3517 3365 3769 3432 propheta

2227 3450 2508 3505 etSadduc
2547 3452 2791 3506 sacerdos
2831 3453 3071 3506 abierunt
3115 3453 3164 3505 iu
3211 3452 3372 3517 Gion,
3402 3464 3772 3521 unxeruntque

2228 3539 2371 3592 illum
2396 3554 2458 3593 ac
2497 3540 2783 3594 dixerunt:
2824 3539 2966 3593 Vivat
3003 3557 3089 3594 rea:
3115 3542 3187 3609 (5.
3220 3542 3345 3610 Reg.
3389 3543 3438 3594 l.
3469 3542 3580 3609 59).
3617 3542 3773 3596 Venit

2226 3627 2483 3682 Jonathan
2533 3631 2671 3683 ﬁlius
2707 3628 3020 3692 Abiatharis,
3065 3639 3118 3683 et
3162 3630 3392 3698 epulanti
3437 3630 3610 3682 Ornia:
3656 3632 3773 3684 hcce

2228 3718 2502 3771 nuntiavit.
2531 3719 2596 3772 Et
2621 3718 2707 3771 alii
2735 3719 2946 3787 quidem
2988 3717 3255 3786 fugerunt,
3285 3718 3469 3772 Ornias
3498 3733 3620 3772 vero
3645 3735 3773 3772 con-

2230 3807 2360 3875 fugit
2384 3807 2448 3859 ad
2473 3822 2616 3859 aram
2637 3848 2652 3873 ,
2681 3816 2921 3861 metuens
2951 3807 3303 3862 Salomonem.
3338 3808 3482 3860 Tunc
3509 3807 3682 3859 educit
3710 3807 3774 3859 il-

2228 3898 2334 3948 lum
2358 3896 2499 3960 inde,
2518 3904 2572 3950 et
2588 3898 2799 3949 veniens
2815 3895 3003 3950 Ornias
3023 3897 3253 3950 adoravit
3274 3912 3467 3965 regem.
3489 3897 3774 3950 Moriturus

2232 3987 2413 4053 David,
2443 3988 2677 4041 hortatur
2700 3987 3052 4054 Salomonem,
3080 3996 3132 4041 ut
3151 3989 3406 4041 CUSlOdial
3431 3989 3595 4057 legem
3623 3988 3714 4040 Dei
3745 4004 3762 4043 :

2231 4079 2306 4130 sic
2347 4077 2486 4132 enim
2537 4077 2681 4130 illum
2727 4078 3099 4144 promissiones
3139 4092 3254 4130 esse
3306 4085 3770 4142 conscquulurum.

2229 4166 2476 4234 Praecipit
2500 4169 2658 4220 etiam
2691 4167 2828 4219 circa
2857 4167 2989 4220 Joab
3013 4177 3065 4219 et
3094 4167 3285 4230 Semei,
3318 4176 3376 4218 ut
3403 4167 3520 4217 illos
3546 4165 3773 4218 ulcisca-

2290 4255 2360 4314 (a)
2384 4262 2484 4322 t_iuc_
2513 4254 3251 4322 desinitpoderrutugdunensis,
3277 4255 3352 4322 qui
3394 4253 3505 4321 libri
3530 4253 3778 4322 1011111111-

2231 4313 2349 4362 tium
2367 4317 2436 4362 sic
2457 4315 2583 4362 ducit
2607 4327 2619 4361 ε
2642 4314 2843 4362 Αιίοηὶαδ
2854 4313 3152 4373 Ῑίιίιιέραιιὶίι
3174 4313 3376 4361 convivio
3398 4313 3636 4372 excipiens
3658 4320 3773 4359 Joa-

2231 4375 2357 4429 bum,
2383 4382 2475 4422 etc.
2492 4381 2609 4430 Mox,
2634 4373 2779 4421 Ornt'a
2803 4373 2928 4432 [ilius
2951 4373 3121 4429 David,
3142 4376 3210 4420 sic
3233 4373 3418 4421 Coislin.
3433 4373 3780 4430 Antiquissima

2230 4433 2373 4482 lectio
2409 4440 2497 4489 est,
2515 4433 2676 4482 ornia.
2711 4435 2938 4482 Hebraice
2972 4439 3142 4484 num.
3176 4441 3280 4480 Lxx
3299 4434 3514 4480 editionis
3537 4439 3776 4490 Romanae,

2234 4500 2425 4557 Adonim
2439 4502 2522 4550 sed
2536 4501 2908 4558 lectio,0rnia,in
2921 4501 3252 4550 vetustissimis
3264 4500 3780 4560 exemplaribusliabe-

2231 4569 2381 4640 1111-,01
2394 4562 2939 4640 siclegit't‘heodoretus.
2954 4561 3292 4640 Prlucopi‘usait,
3309 4558 3598 4640 hung-minem
3615 4558 3773 4640 fuisse

2231 4622 2472 4670 Adoniam.
2497 4619 2675 4669 Verum
2699 4635 2759 4669 ex
2799 4619 3110 4669 similitudine
3132 4619 3374 4668 literarum
3391 4627 3424 4668 't
3447 4625 3495 4666 et
3510 4626 3540 4674 Ί
3564 4619 3739 4666 factum
3759 4654 3776 4676 ,

2231 4698 2284 4737 ut
2301 4690 2436 4737 modo
2456 4690 2676 4747 Adonias,
2701 4688 2838 4736 modo
2859 4691 3019 4736 Ornias
3040 4689 3238 4745 dicatur,
3261 4689 3383 4749 quod
3407 4688 3516 4736 alibi
3538 4688 3779 4749 81011001)-

2232 4758 2464 4797 servatur.
2489 4757 2596 4796 Nam
2631 4746 2757 4809 quod
2794 4756 2979 4809 spectat
3015 4750 3068 4796 ad
3109 4746 3519 4809 commutationem
3542 4746 3779 4795 vocalium

2233 4820 2263 4857 Α
2279 4845 2290 4864 ,
2315 4818 2364 4856 et
2385 4818 2436 4865 0,
2464 4822 2521 4856 ea
2546 4822 2629 4867 pro
2649 4807 2792 4855 nihilo
2815 4807 2890 4854 hic
2913 4809 3128 4855 habenda
3153 4817 3242 4864 est,
3263 4817 3312 4856 ut
3329 4808 3439 4855 alibi
3463 4807 3675 4867 pluribus
3699 4815 3780 4855 est.

2231 4866 2657 4918 commonstratum.
2682 4869 2737 4929 Ip
2761 4869 3021 4927 exemplari
3039 4868 3369 4929 Chrysostomi,
3395 4874 3449 4916 ut
3465 4866 3653 4927 ’liquet,
3675 4867 3783 4916 ha-c

2232 4942 2341 4990 quae
2363 4929 2554 4975 Adonim
2576 4929 2675 4990 sive
2690 4925 2848 4990 Graia:
2868 4925 3146 4990 convivium
3161 4935 3392 4988 spectant,
3415 4925 3597 4990 necnon
3623 4933 3780 4990 totum

2235 4987 2374 5047 caput
2399 4990 2596 5056 primum
2629 4987 2734 5056 libri
2771 4988 2895 5056 tertii
2937 4996 3110 5056 negum
3148 4987 3220 5056 et.
3239 5000 3348 5056 pars
3370 4988 3565 5056 secundi
3589 4987 3781 5056 capitis,

2232 5045 2440 5096 secundo
2479 5049 2596 5094 libro
2634 5047 2849 5106 adjuncta
2872 5045 3074 5104 fuerant,
3099 5047 3221 5108 quod
3244 5045 3294 5094 in
3317 5045 3764 5108 mnitis_exeinplarl

2234 5109 2324 5155 bus
2347 5115 2456 5155 tunc
2485 5107 2843 5162 observabatur,
2866 5114 2917 5154 et
2940 5105 3208 5154 nominatim
3233 5109 3278 5154 in
3304 5120 3462 5165 excm;
3484 5105 3564 5154 lari
3593 5106 3782 5152 Diodori

2233 5168 2495 5223 Tarsensis,
2515 5167 2595 5226 qui
2619 5165 2928 5226 Chrysostomi
2955 5167 3097 5214 nostri
3122 5174 3383 5226 praeceptor
3407 5166 3518 5222 fuit;
3538 5171 3590 5211 ut
3610 5166 3785 5226 videre

2236 5235 2310 5274 est
2332 5228 2379 5273 in
2411 5224 2792 5286 nota‘cujusdam
2833 5226 3013 5276 Codicis
3051 5224 3195 5285 Regii,
3243 5224 3293 5275 et
3329 5228 3373 5273 in
3413 5227 3560 5273 altera
3597 5224 3785 5286 Cedit-is

2234 5286 2516 5339 Coisliniaui,
2542 5283 2658 5390 quas
2680 5286 2726 5330 in
2750 5287 2968 5345 Itexaplis
2993 5283 3237 5335 edidimus.
3263 5293 3518 5335 Postrema.
3543 5296 3649 5344 qua:
3677 5299 3686 5341 ι
3708 5283 3785 5329 le-

2237 5349 2336 5390 11101·
2358 5354 2448 5390 est-
2473 5346 2540 5390 sic
2580 5346 2706 5390 labet
2733 5359 2743 5390 :
2774 5355 2823 5390 In
2852 5345 3062 5390 Hera-nlo
3084 5353 3126 5390 et
3149 5346 3198 5390 in
3224 5344 3591 5390 accitratioribus
3617 5355 3783 5390 1³10111-

2237 5349 2336 5407 uior
2358 5354 2448 5407 est,
2473 5346 2540 5391 sic
2561 5344 2706 5407 habet
2733 5359 2743 5392 :
2774 5355 2823 5392 In
2851 5344 3126 5407 Hexaploct
3149 5346 3198 5394 in
3224 5344 3591 5407 accttr'otioribus
3617 5355 3783 5407 exem-

2235 5405 2469 5471 plaribus,
2495 5403 3007 5471 secundusltegnormn
3032 5406 3145 5454 liber
3178 5405 3344 5455 desiuit
3383 5406 3428 5451 in
3462 5403 3785 5471 miri-“timavi:

2236 5463 2295 5513 110
2317 5466 2456 5526 plaga
2474 5463 2771 5529 populi,_et_iu
2795 5463 3221 5529 ςέὴηιριίυηρηι-ανρῳ
3241 5476 3395 5513 orum.
3431 5463 3602 5529 Iertirts
3625 5469 3786 5529 autem

2237 5523 2494 5585 Regnorum
2517 5524 2632 5572 liber
2653 5523 2738 5570 init
2761 5525 2820 5571 ab
2834 5523 3034 5585 historia
3058 5526 3117 5573 tle
3142 5525 3305 5585 Abisag
3323 5523 3628 5585 Sttttamititie,
3655 5529 3698 5569 rt
3723 5523 3786 5585 tle

2236 5579 2411 5649 «leniti
2432 5584 2622 5649 ejusque
2654 5583 2920 5649 tyrannide.
2948 5585 3178 5649 Diodorus
3199 5579 3354 5649 (mt‘c'jm
3377 5583 3581 5631 secundo
3610 5583 3785 5649 Regni)-

2235 5659 2338 5692 rmn
2359 5641 2478 5707 libro
2501 5641 2766 5707 [necctium
2797 5644 3032 5707 conjungi!
3064 5658 3206 5707 usque
3243 5644 3306 5694 ad
3345 5649 3540 5693 mortem
3570 5641 3788 5701 Doridis,

2233 5705 2538 5766 sinulitcrque
2566 5702 2889 5754 Theodori-tus.
