3996 6426
134 452 237 508 347

129 548 229 600 πᾶν
260 547 413 617 παρὰ
456 546 550 599 τοῦ
577 546 755 599 Δαυῖδ.
799 544 930 597 Τότε
979 540 1171 609 Σεμεεὶ
1214 540 1562 608 κατηράσατο
1599 537 1689 589 τὸν

129 646 316 699 Δαυτδ·
376 647 403 696 6
446 645 503 698 δὲ
553 644 712 696 Δαυῖδ
759 642 1078 713 βουλόμενον
1139 637 1301 690 αὑτὸν
1348 636 1557 691 ἀνελεῖν
1603 635 1693 687 τὸν

139 725 756 798 ’Δϐεσσιῖδιεκώλυσεψ
810 744 1062 812 Ἔρχεται
1119 739 1146 790 6
1192 739 1360 791 Χουσὶ
1418 736 1555 806 πρὸς
1604 737 1693 789 τὸν

138 843 487 913 Ἀϐεσσαλὼμ
505 883 521 908 ,
564 844 658 895 καὶ
701 842 875 895 πείθει
903 840 1063 892 αὐτὸν
1100 839 1174 901 ὡς
1204 836 1459 899 εύνοῖκῶς
1487 835 1693 889 διακεί-

130 961 284 1013 μενος
312 944 464 1013 αὐτῷ
492 942 795 1014 προσέχειν.
826 943 935 993 Καὶ
955 939 1321 1009 προκειμένης
1353 937 1545 1008 βουλῆς
1571 938 1693 990 τίνα

127 1045 229 1097 δέοι
255 1045 537 1113 πράττειν.
572 1040 921 1109 συγγενέσθαι
955 1042 1074 1100 ταῖς
1113 1038 1412 1099 παλλακαῖς
1445 1034 1538 1087 τοῦ
1590 1053 1695 1089 πα-

128 1144 247 1213 τρὸς
271 1124 533 1212 παραινεῖ
551 1140 639 1194 τὸν
656 1138 1005 1209 Ἀϐεσσαλὼμ
1020 1136 1315 1205 Ἀχιτόφελ.
1342 1137 1450 1188 Καὶ
1471 1134 1693 1204 ἐποίησε

128 1240 282 1293 τοῦτο
310 1241 406 1292 ἐπὶ
432 1239 522 1292 τοῦ
550 1239 814 1308 δώματος,
833 1237 971 1290 ὥστε
998 1237 1203 1298 πάντας
1225 1236 1376 1304 ὀρᾷν.
1400 1234 1507 1286 Καὶ
1532 1250 1696 1302 προσ-

129 1339 332 1407 τίθησιν
372 1338 564 1406 ἑτέραν
612 1336 866 1406 γνώμην,
904 1334 1042 1387 ὥστε
1089 1333 1273 1385 λαϐεῖν
1318 1333 1519 1401 χιλίους
1575 1330 1692 1400 μεθ’

126 1435 316 1488 ἐαυτοῦ
339 1476 354 1498 ,
388 1436 480 1488 καὶ
520 1434 798 1488 ἐπιθέσθαι
831 1433 906 1503 τῷ
934 1433 1112 1492 Δαυῖδ,
1157 1434 1248 1484 καὶ
1280 1432 1485 1484 ἀνελεῖν
1510 1432 1689 1485 αὐτόν.

136 1537 221 1598 Ὠς
263 1536 318 1588 δὲ
370 1535 570 1605 ἐκλήθη
610 1535 702 1587 καὶ
743 1536 769 1586 6
802 1535 969 1587 Χουσὶ
1011 1533 1146 1604 πρὸς
1192 1533 1251 1585 τὸ
1300 1530 1691 1602 εἰσηγήσασθαι

129 1635 453 1705 συμϐουλὴν,
504 1634 797 1703 ἀνατρέπει
842 1633 938 1702 τὴν
986 1631 1079 1684 τοῦ
1128 1631 1406 1701 ’Ᾱχιτόφελ
1448 1630 1689 1700 γνώμην,

128 1736 257 1797 τέως
303 1736 403 1804 μὲν
449 1733 775 1802 ὑπερθέσθαι
820 1732 1129 1801 παραινῶν,
1183 1730 1409 1800 ὕστερον
1452 1731 1507 1782 δέ
1557 1730 1694 1799 μετὰ

130 1836 482 1904 παρασκευῆς
511 1832 789 1884 ἐπιθέσθαι
822 1831 897 1900 τῷ
924 1832 1103 1884 Δαυῖδ.
1152 1832 1261 1884 Καὶ
1299 1831 1461 1900 ἡρεσε
1494 1830 1691 1899 μᾶλλον

128 1934 263 2001 αῦτη
312 1935 345 2002 ἡ
401 1933 631 2002 γνώμη⁶
681 1932 812 1985 Θεοῦ
862 1931 969 2001 γάρ
1024 1927 1090 2001 ῆν
1136 1932 1168 2000 ή
1215 1931 1513 2001 οἰκονομία.
1559 1931 1692 1983 Τότε

127 2033 330 2101 πέμπει
369 2031 459 2084 διὰ
501 2031 609 2084 τῶν
652 2031 778 2084 υἱῶν
828 2030 936 2084 τῶν
984 2031 1190 2101 ἱερέων,
1222 2030 1316 2083 καὶ
1363 2030 1691 2097 ἀπαγγέλλει

128 2134 295 2185 ταῦτα
326 2131 407 2202 τῷ
438 2131 599 2185 Δαυῖδ
632 2132 660 2183 6
687 2131 870 2183 Χουσί.
902 2131 959 2182 '0
985 2131 1041 2182 δέ
1075 2128 1352 2199 Ἀχιτόφελ
1379 2128 1692 2198 διαμαρτὼν

128 2233 221 2302 τῆς
267 2232 526 2302 γνώμης,
578 2230 875 2299 ἀπήγξατο.
924 2230 1149 2299 Φέρεται
1201 2228 1369 2281 πολλὰ
1424 2229 1570 2299 δῶρα
1615 2229 1693 2298 τῷ

130 2333 304 2385 Δαυῖδ.
331 2330 596 2396 Διατάξας
618 2331 673 2382 δὲ
699 2329 759 2381 τὸ
793 2328 1169 2400 στρατόπεδον,
1200 2328 1472 2397 ἐξέπεμψε
1499 2328 1689 2396 λέγων’

132 2431 423 2484 Φείσασθέ
452 2448 572 2499 μου
603 2429 707 2483 τοῦ
740 2429 1052 2496 παιδαρίου
1099 2427 1493 2495 Ἀϐεσσαλώμ.
1525 2427 1695 2480 Αὑτὸν

132 2530 234 2599 γὰρ
259 2529 318 2581 06
360 2528 738 2598 συνεχώρησαν
769 2527 1018 2593 ἐξελθεῖν.
1050 2528 1260 2581 Γίνεται
1294 2527 1559 2597 πόλεμος,
1602 2527 1695 2580 καὶ

131 2629 335 2679 πολλῶν
388 2628 661 2680 πεσόντων
717 2628 1018 2696 ἀναιρεῖται
1082 2626 1175 2679 καὶ
1226 2627 1254 2677 6
1322 2624 1690 2693 Ἀϐεσσαλὼμ,

132 2726 446 2797 προσδεθείς
472 2743 574 2778 τινι
606 2725 802 2794 δένδρῳ
836 2724 941 2777 ἀπὸ
963 2725 1058 2794 τῆς
1083 2724 1276 2793 κόμης,
1296 2724 1695 2793 Ἀναιρεθέντος

130 2826 202 2889 δὲ,
239 2824 518 2879 ἐπαύσατο
548 2824 576 2874 6
602 2824 849 2892 πόλεμος.
879 2822 1090 2891 Πέμπει
1118 2822 1208 2874 τὸν
1246 2822 1415 2873 Χουσὶ
1458 2823 1487 2873 6
1539 2822 1693 2874 Ἰωάϐ

132 2925 496 2994 ἀπαγγέλλειν
539 2922 617 2992 τῷ
660 2921 819 2975 Δαυῖδ
864 2922 961 2991 τὴν
1014 2922 1188 2989 νίκην.
1249 2922 1306 2974 Ὀ
1353 2921 1407 2973 δὲ
1459 2921 1695 2985 ἀκούσας

133 3028 344 3097 ἐθρήνει
373 3025 464 3077 διά
492 3025 582 3076 τὸν
610 3024 751 3076 υἱόν·
800 3022 903 3084 ἕως
940 3014 1000 3073 06
1034 3020 1288 3073 εἰσελθὼν
1320 3023 1347 3073 6
1385 3022 1539 3074 Ἰωάϐ
1577 3039 1697 3091 μετ-

134 3126 288 3178 έϐαλέ
321 3142 381 3177 τε
422 3122 606 3186 αὑτὸν,
634 3123 727 3175 καὶ
755 3122 935 3173 ἔπεισε
974 3120 1224 3183 δέξασθαι
1250 3120 1308 3172 τὸ
1337 3121 1694 3189 στρατόπεδον

134 3222 337 3294 φαιδρῷ
377 3222 457 3291 τῷ
486 3220 778 3291 προσώπῳ.
813 3220 1052 3286 Φυγόντα
1079 3219 1169 3272 τὸν
1208 3219 1420 3290 Ἰσραὴλ
1447 3221 1473 3271 6
1500 3237 1559 3272 15
1604 3220 1697 3289 βα-

136 3322 311 3381 σιλεὺς
356 3320 759 3389 προσεκαλεῖτο,
808 3319 836 3371 ὅ
880 3334 937 3370 τε
998 3317 1229 3371 Ἀϐεσσᾶ
1282 3319 1696 3389 προῃρημένους

137 3422 327 3483 αὐτοὺς
346 3422 447 3491 ήδη
470 3420 680 3472 ἔπεισεν
703 3420 1033 3489 ὑποταγῆναι
1062 3419 1136 3488 τῷ
1158 3419 1341 3472 Δαυῖδ.
1359 3419 1442 3481 Ὠς
1464 3418 1698 3471 διέϐαινε

134 3522 221 3572 τὸν
269 3520 543 3589 Ἰορδάνην
570 3515 730 3589 ῆλθεν
779 3520 807 3571 6
850 3520 1070 3588 Σεμεεὶ,
1100 3518 1373 3588 ὁμολογῶν
1408 3518 1572 3571 αὑτοῦ
1600 3519 1698 3588 τὴν

136 3619 425 3687 ἁμαρτίαν.
466 3617 741 3670 Ἐϐούλετο
766 3618 823 3671 δὲ
860 3619 1021 3671 αὐτὸν
1049 3618 1352 3671 θανατῶσαι
1379 3618 1407 3669 6
1446 3620 1695 3685 ’Δϐεσσᾶ,

137 3718 224 3768 καὶ
258 3715 585 3770 διεκώλυσεν
612 3716 640 3767 6
666 3717 845 3767 Δαυῖδ.
886 3713 1054 3768 Ἦλθε
1084 3716 1139 3768 δέ
1170 3717 1259 3768 καὶ
1310 3720 1337 3770 6
1368 3719 1699 3787 Μεμφιϐαάλ

139 3814 399 3884 αύχμῶν,
451 3815 669 3885 ῥυπαρά
716 3813 1054 3882 ἐνδεδυμένος
1106 3814 1322 3883 ἱμάτια,
1381 3816 1563 3883 κομῶν
1608 3818 1699 3869 τὸν

140 3912 411 3981 μύστακα,
436 3914 631 3983 ὄνυχας
663 3915 927 3984 μεγάλους
952 3912 1254 3976 ἐπιδεικνὺς
1275 3926 1321 3978 ι,
1347 3914 1523 3967 πάντα
1553 3913 1697 3985 ἅπερ

136 4009 201 4083 ῆν
225 4014 404 4083 λύπης
440 4015 639 4083 σημεῖα
668 4014 766 4083 τῆς
793 4014 1087 4084 γενομένης
1123 4012 1269 4083 αὐτῷ
1308 4013 1394 4066 διὰ
1424 4014 1515 4066 τὸν
1544 4014 1700 4067 πόλε-

141 4130 234 4180 μον
255 4112 349 4165 τὸν
382 4114 524 4165 κατὰ
542 4112 635 4166 τοῦ
657 4112 838 4166 Δαυτδ.
871 4110 1001 4165 Εἶτα
1024 4114 1051 4164 6
1083 4113 1180 4181 μὲν
1206 4112 1409 4181 ἠρώτα,
1437 4111 1522 4163 διὰ
1542 4112 1592 4163 τι
1624 4113 1697 4182 μὴ

138 4209 407 4281 ἐπορεύθη
448 4212 565 4281 μετ’
596 4211 774 4265 αὑτοῦ.
820 4212 876 4264 '0
910 4212 965 4264 δέ
994 4211 1095 4280 ἔφη
1136 4210 1424 4278 ἠξιωκέναι
1450 4210 1539 4262 τὸν
1566 4210 1699 4263 Σιϐἀ

137 4308 223 4361 τὸν
255 4310 475 4378 οἰκέτην
506 4308 668 4363 αὑτοῦ
703 4309 841 4362 ὥστε
875 4308 1186 4361 ἐπιϐιϐάσαι
1234 4306 1394 4359 αὑτὸν
1423 4306 1699 4376 ὑποζυγίῳ

140 4411 255 4473 (καὶ
283 4410 395 4480 γάρ
424 4405 491 4480 ἦν
518 4410 686 4481 χωλὸς
714 4413 742 4463 6
768 4409 1142 4478 Μεμφιϐαὰλ),
1172 4408 1246 4478 μὴ
1284 4407 1611 4476 ἀνασχέσθαι
1642 4408 1699 4459 δὲ

140 4508 365 4562 ἐκεῖνον.
402 4509 533 4561 Τότε
572 4508 781 4561 κελεύει
820 4508 979 4562 αὐτὸν
1009 4509 1100 4560 καὶ
1138 4507 1228 4558 τὸν
1261 4505 1397 4556 Σιϐά
1434 4506 1699 4558 διελέσθαι

139 4605 225 4657 τὸν
253 4605 444 4673 ἀγρόν.
501 4606 608 4658 Καὶ
638 4606 728 4659 τὸν
773 4605 1025 4675 Βερζελλὶ
1049 4644 1063 4669 ,
1096 4604 1155 4667 6;
1189 4605 1522 4674 ἐχορήγησεν
1554 4602 1700 4671 αύτῷ

144 4703 312 4755 πολλὰ
342 4701 439 4756 τοῦ
473 4702 705 4773 πολέμου
752 4703 1101 4766 συνεστῶτος,
1144 4701 1202 4753 ὃν
1228 4702 1256 4741 b
1296 4701 1542 4753 ἐϐούλετο
1581 4702 1698 4771 μεθ’

143 4802 332 4857 ἐαυτοῦ
366 4803 570 4857 λαϐεῖν.
607 4804 665 4855 '0
694 4804 748 4855 δέ
773 4804 1126 4873 παρῃτήσατο
1163 4801 1249 4854 διά
1277 4802 1336 4852 16
1362 4802 1556 4870 γῆρας.
1592 4802 1701 4854 Καὶ

142 4899 402 4970 λαμϐάνει
449 4902 539 4954 τὸν
572 4902 684 4954 υἱὸν
722 4902 884 4955 αὑτοῦ
930 4902 1042 4955 ἀντ’
1078 4899 1262 4955 αὑτοῦ.
1296 4901 1427 4952 Τότε
1459 4899 1700 4968 σχίζεται

142 4996 201 5048 16
252 4998 631 5068 στρατόπεδον,
684 5002 777 5053 καὶ
825 5000 1201 5071 προστίθενται
1250 4998 1328 5068 τῷ
1363 4998 1549 5051 Σαϐεέ.
1592 4999 1701 5051 Καὶ

145 5097 416 5167 ἐκπέμπει
447 5097 609 5151 Δαυτδ
640 5099 729 5151 τὸν
770 5100 1006 5169 ’Δμεσσᾶ
1031 5100 1330 5169 πολεμῆσαι
1359 5097 1507 5170 [551]
1530 5097 1698 5167 αὐτῷ’

144 5198 172 5249 6
194 5197 251 5250 δὲ
291 5197 447 5251 Ἰωάϐ
482 5200 694 5267 ἀναιρεῖ
725 5198 821 5267 μὲν
844 5199 935 5251 τὸν
975 5200 1212 5269 Ἀμεσσᾶ.
1242 5198 1394 5268 δόλῳ,
1427 5198 1705 5268 πολιορκεῖ

148 5295 201 5349 δέ
229 5297 323 5368 τὴν
352 5298 509 5351 πόλιν
536 5298 614 5360 είς
647 5296 712 5366 ἢν
741 5296 1043 5367 κατέφυγεν
1082 5300 1110 5350 6
1146 5297 1333 5353 Σαϐεέ.
1370 5298 1431 5350 Οί
1459 5298 1516 5351 δὲ
1547 5298 1603 5349 ὲν
1634 5299 1698 5367 τῇ

211 5648 236 5675 ⁸
263 5647 313 5719 in
333 5647 553 5722 egitione
575 5648 977 5720 Ilomanalcgilur
988 5647 1093 5696 οὐδὲ
1110 5648 1391 5710 ὠνυχίσατο,
1415 5647 1522 5694 οὐδὲ
1547 5646 1706 5702 ἐποίη-

154 5723 305 5769 οδε-τον
325 5726 543 5769 μύστακα
561 5725 704 5755 αυτου
714 5743 722 5751 .

212 5766 241 5806 δ
260 5766 350 5818 ’⁸ον
368 5769 445 5818 hic
468 5782 877 5830 supervacaneum
897 5774 985 5819 est.

1180 425 1511 483 SYNOPSIS
1547 421 1959 480 SCRIPTURIE
2001 420 2271 475 SACRA'L

3240 433 3352 492 348

1790 534 1964 597 πόλει,
2007 532 2263 600 γυναικὸς
2310 532 2806 601 συμϐουλευσάσης,
2852 534 3211 600 ἀποτεμόντες
3258 534 3352 588 τοῦ

1789 637 1958 690 Σαϐεέ
1995 636 2089 705 τὴν
2130 635 2388 705 κεφαλὴν,
2438 634 2666 704 ἔρριψαν
2722 635 2829 687 ἀπὸ
2877 634 2970 687 τοῦ
3014 636 3225 704 τείχους
3275 635 3352 705 τῷ

1802 736 1977 798 Ἰωάϐ,
2005 735 2098 788 καὶ
2127 736 2297 797 οὓτως
2334 733 2720 803 ἀπηλλάγησαν
2758 734 2852 786 τοῦ
2899 735 3152 804 πολέμου.
3183 735 3353 805 Λιμὸς

1789 834 2193 904 καταλαμϐάνει
2221 834 2318 903 τὴν
2350 833 2451 902 γῆν
2473 851 2485 863 ·
2519 833 2666 894 λύσις
2696 833 2750 885 δέ
2776 828 2841 901 ῆν
2878 834 2970 885 τοῦ
3004 834 3166 903 λιμοῦ
3192 835 3252 887 16
3274 852 3354 888 τι·

1789 936 1884 999 νάς
1914 934 2021 987 τῶν
2058 935 2150 987 τοῦ
2182 934 2354 986 Σαοὺλ
2380 934 2658 1003 ἐκδοθῆναι
2684 936 2793 996 τοῖς
2819 934 3206 997 Γαϐαωνίταις.
3242 935 3352 988 Καὶ

1787 1036 1878 1087 τὸν
1907 1034 2237 1102 Μεμφιϐαάλ
2272 1036 2630 1101 περιποιεῖται
2672 1034 2699 1084 ὁ
2728 1032 2908 1095 Δαυῖδ,
2951 1033 3037 1084 διά
3064 1033 3157 1085 τοῦ
3187 1034 3351 1103 ὅρκου

1787 1135 1882 1187 τοῦ
1915 1137 2048 1205 πρὸς
2086 1137 2359 1190 Ἰωνάθαν.
2377 1135 2650 1188 Ἐκδίδωσι
2675 1133 2731 1184 δέ
2750 1134 2875 1195 τοὺς
2898 1134 2991 1185 τοῦ
3016 1134 3183 1186 Σαοὺλ
3204 1134 3352 1196 υἱοὺς

1789 1236 1883 1288 καὶ
1916 1235 2188 1303 ἐκγόνους,
2231 1236 2323 1287 καὶ
2350 1235 2541 1287 θάπτει
2580 1233 2669 1285 τὸν
2694 1232 2863 1285 Σαοὺλ
2907 1233 2998 1284 καὶ
3030 1233 3125 1284 τὸν
3169 1234 3350 1286 Ἰωνά-

1789 1334 1888 1386 Οαν
1927 1336 1983 1386 ἐν
2028 1334 2107 1401 τῷ
2146 1334 2300 1403 τάφῳ
2350 1334 2498 1395 Κείς.
2548 1333 2790 1385 Γίνονται
2828 1333 3058 1386 ἐνταῦθα
3104 1334 3347 1403 πόλεμοι.

1789 1432 1893 1485 Καὶ
1910 1432 2173 1485 κωλύουσι
2198 1433 2288 1483 τὸν
2316 1433 2477 1484 Δαυῖδ
2501 1432 2753 1496 ἐξελθεῖν,
2776 1434 2981 1503 μήποτε
3010 1434 3349 1504 κινδυνεύσῃρ

1788 1529 1921 1581 Τότε
1969 1529 2113 1596 λέγει
2150 1530 2238 1580 τὸν
2272 1530 2729 1582 ἑπτακαιδέκατον
2770 1530 2999 1600 ψαλμόν.
3048 1532 3351 1599 Καταλέγει

1785 1630 1884 1692 16;
1917 1630 2191 1700 ἀριστείας
2222 1630 2315 1681 καὶ
2341 1630 2407 1682 16
2438 1631 2742 1701 ἀνδραγαθή
2754 1650 2897 1701 ματα
2938 1633 3046 1685 τῶν
3076 1633 3354 1704 ἀρχόντων

1784 1728 1879 1781 τοῦ
1917 1728 2097 1781 Δαυῖδ.
2132 1728 2420 1782 Κελεύεται
2465 1730 2618 1782 Ἰωὰϐ
2641 1732 2938 1801 ἀριθμῆσαι
2963 1733 3053 1785 τὸν
3079 1732 3223 1799 λαὸν,
3258 1734 3352 1785 καὶ

1786 1826 2037 1896 ἀριθμεῖ·
2089 1828 2180 1879 καὶ
2224 1823 2291 1896 ῆν
2332 1828 2547 1897 Ἰσραὴλ
2594 1831 2896 1883 ἐννακόσιαι
2954 1832 3206 1900 χιλιάδες,
3256 1835 3353 1886 καὶ

1799 1928 1966 1982 Ἰούδα
1992 1930 2336 1999 τετρακόσιαι
2366 1932 2618 2000 χιλιάδες,
2634 1933 2830 1996 πάντες
2852 1934 2977 1985 πολε
2986 1935 3187 2003 μισταί.
3207 1936 3341 1989 Τότε

1787 2026 2004 2097 ἔρχεται
2034 2026 2140 2078 Γὰδ
2181 2030 2208 2080 6
2252 2031 2552 2099 προφήτης,
2586 2031 2794 2099 αῖρεσιν
2822 2030 2966 2101 αὐτῷ
2991 2032 3161 2096 διδοὺς
3184 2035 3353 2103 τριῶν

1786 2126 2086 2197 τιμωριῶν,
2120 2127 2185 2197 ἢν
2214 2127 2453 2196 βούλοιτο
2491 2130 2805 2199 ὑποστῆναι,
2841 2132 2873 2200 ἢ
2903 2132 3025 2201 τρία
3054 2134 3146 2206 ἐτη
3174 2135 3349 2206 λιμὸν,

1788 2225 1821 2293 ἢ
1850 2229 1999 2295 τρεῖς
2032 2226 2242 2295 ἡμέρας
2273 2229 2462 2294 φυγεῖν
2488 2229 2848 2299 ἐπικειμένων
2878 2231 3105 2301 ἐχθρῶν,
3139 2235 3171 2304 ἢ
3204 2237 3353 2305 τρεῖς

1787 2321 1998 2392 ἡμέρας
2030 2321 2276 2375 θάνατον.
2317 2324 2372 2377 '0
2396 2324 2451 2376 δὲ
2476 2324 2574 2388 τὰς
2597 2330 2742 2397 τρεῖς
2774 2329 2984 2400 ἡμέρας
3005 2331 3097 2383 τοῦ
3125 2332 3351 2386 θανάτου

1790 2423 1980 2484 εἵλετο,
2010 2424 2102 2475 καὶ
2139 2423 2405 2477 ἀπέθανον
2431 2426 2537 2478 ἀπὸ
2568 2428 2712 2497 πρωῒ
2739 2428 2841 2491 ἐως
2871 2431 3091 2499 ἀρίστου
3127 2432 3353 2504 ἐϐδομή-

1789 2538 1951 2577 κοντα
1982 2526 2232 2595 χιλιάδες.
2270 2526 2402 2577 Τότε
2427 2524 2571 2591 λέγει
2598 2526 2760 2577 Δαυῖδ
2782 2541 2794 2553 ·
2837 2527 2981 2579 Ἰδοὺ
3011 2528 3124 2595 ἐγὼ
3165 2530 3352 2599 ἥμαρ-

1788 2638 1912 2683 τον,
1941 2624 2035 2675 καὶ
2062 2624 2171 2691 ἐγὼ
2193 2627 2224 2676 ό
2249 2623 2470 2690 ποιμὴν
2491 2622 2917 2691 ἐκακοποίησα,
2962 2628 3053 2680 καὶ
3081 2624 3245 2684 οὗτοι
3281 2632 3354 2684 τὸ

1789 2721 2063 2787 ποίμνιον
2097 2722 2152 2772 τί
2181 2721 2513 2788 ἐποίησαν;
2552 2724 2828 2777 Γενέσθω
2863 2724 2899 2790 ἡ
2952 2726 3077 2793 χεὶρ
3104 2728 3171 2779 ὲν
3202 2730 3351 2795 ἐμοὶ,

1788 2820 1887 2873 καὶ
1919 2821 1988 2873 ἐν
2026 2819 2105 2884 τῷ
2132 2822 2273 2883 οἴκῳ
2302 2820 2406 2874 τοῦ
2443 2823 2665 2889 πατρός
2694 2840 2832 2889 μου.
2873 2825 3176 2879 Ἐπαύσατο
3204 2830 3236 2897 ή
3273 2845 3352 2881 τι-

1794 2920 1991 2992 μωρία.
2024 2921 2133 2972 Καὶ
2164 2921 2441 2973 ;ιελεύεται
2487 2922 2514 2973 ὁ
2540 2921 2701 2974 Δαυῖδ
2735 2922 2893 2975 θῦσαι
2930 2925 2991 2995 [Ι.
3022 2926 3237 2998 στῆσαι]
3265 2928 3357 2981 θυ-

1793 3020 2103 3089 σιαστήριον
2162 3023 2219 3072 ἐν
2266 3023 2331 3089 τῇ
2375 3021 2487 3089 ἆλῳ
2552 3022 2801 3090 Ὀρνίαε,
2865 3024 2959 3075 καὶ
3010 3025 3204 3079 θῦσαι·
3262 3030 3356 3082 καὶ

1791 3117 2045 3186 ἐποίησεν
2076 3117 2267 3181 οὕτως.
2310 3120 2522 3190 Ὀρνίας
2548 3121 2661 3182 υίὸς
2687 3121 2847 3173 Δαυῖδ
2877 3124 3028 3194 ἑστιᾷ
3070 3128 3193 3189 τοὺς
3229 3131 3355 3199 περὶ

1803 3217 1957 3270 Ἰωάϐ
2003 3217 2095 3270 καὶ
2134 3218 2427 3287 Ἀϐιάθαρ,
2472 3218 2547 3279 ὡς
2588 3218 2939 3287 βασιλεύσων.
2973 3224 3289 3295 Εῖσέρχεται
3321 3231 3355 3299 ή

1792 3315 2071 3386 Βηρσαϐεέ
2101 3316 2244 3369 κατά
2270 3316 2575 3387 συμϐουλὴν
2609 3317 2791 3372 Νάθαν
2819 3319 2913 3371 τοῦ
2936 3325 3233 3392 προφήτου,
3262 3328 3356 3380 καὶ

1793 3414 2122 3482 ἀπαγγέλλει
2160 3414 2238 3485 τῷ
2271 3416 2466 3468 Δαυίδ⁹
2521 3418 2723 3486 μεταξὺ
2747 3419 2803 3472 δέ
2837 3415 3100 3494 λαλούσης
3143 3426 3355 3496 ἐκείνης

1793 3515 2006 3585 εἰσῆλθε
2048 3516 2139 3569 καὶ
2182 3518 2210 3568 6
2242 3516 2450 3576 Νάθαν,
2489 3520 2993 3584 κατασκευάσαντες
3019 3522 3045 3561 ά
3084 3522 3223 3577 ὥστε
3266 3527 3346 3594 βα-

1796 3615 2034 3669 σιλεῦσαι
2083 3615 2175 3667 τὸν
2200 3615 2507 3685 Σολομῶνα.
2554 3617 2803 3686 Ἐξῆλθον
2829 3620 3241 3685 ἐπιϐιϐάσαντες
3267 3626 3357 3677 τὸν

1795 3714 2080 3784 Σολομῶνα
2107 3716 2172 3783 τῇ
2207 3715 2412 3784 ἡμιόνῳ
2459 3718 2524 3786 τῇ
2559 3715 2829 3787 βασιλικῇ.
2861 3719 2991 3771 Τότε
3022 3724 3049 3772 6
3077 3725 3359 3793 προφήτης

1794 3812 1978 3864 Νάθαν
2008 3812 2099 3864 καὶ
2125 3815 2152 3864 6
2184 3814 2357 3881 ἱερεὺς
2389 3813 2625 3867 Σαδδοὺκ
2670 3816 2906 3884 ἀπῆλθον
2955 3821 3033 3881 είς
3072 3820 3170 3889 τὴν
3198 3822 3355 3889 Γιὼν,

1796 3912 1887 3963 καὶ
1913 3911 2132 3981 ἔχρισαν
2148 3912 2307 3963 αὑτὸν
2329 3915 2419 3965 καὶ
2445 3910 2596 3966 εἷπον
2614 3931 2628 3945 ·
2660 3915 2829 3981 Ζήτω
2851 3921 2884 3970 ό
2898 3919 3214 3983 βασιλεύς.
3249 3923 3357 3974 Ἐλ-

1796 4008 1901 4063 θὼν
1948 4011 1975 4061 6
2018 4010 2130 4072 υίὸς
2185 4011 2437 4064 ’ἰωνάθαν
2487 4013 2785 4081 ἀπήγγειλε
2826 4015 2900 4085 τῷ
2957 4017 3139 4088 Ὀρνία
3188 4020 3358 4075 ταῦτα

1795 4108 2126 4177 ἐστιωμένῳ.
2171 4109 2281 4160 Καὶ
2329 4108 2504 4178 οἱμὲν
2548 4108 2693 4162 ἄλλοι
2728 4110 2945 4179 ἔφυγον,
2972 4116 3010 4166 -6
3053 4116 3109 4168 δέ
3146 4118 3361 4186 Ὀρνίας

1796 4209 2099 4276 κατέφυγεν
2145 4212 2224 4272 εἰς
2278 4209 2337 4262 τὸ
2382 4212 2782 4281 θυσιαστήριον,
2827 4214 3076 4280 δεδοικὼς
3126 4220 3216 4271 τὸν
3264 4223 3358 4273 Σο-

1796 4308 2034 4380 λομῶνα.
2069 4308 2201 4360 Τότε
2231 4307 2412 4375 ἐξάγει
2442 4309 2601 4362 αὑτὸν
2627 4312 2853 4377 ἐκεῖθεν,
2883 4315 2975 4367 καὶ
3003 4317 3170 4370 ἐλθὼν
3195 4336 3357 4387 προσ-

1797 4410 2026 4481 εκύνησε
2052 4408 2129 4477 τῷ
2162 4408 2383 4477 βασιλεῖ.
2415 4410 2639 4463 Μέλλων
2669 4412 2920 4482 τελευτᾷν
2950 4417 2976 4465 6
3001 4416 3181 4479 Δαυῖδ,
3213 4436 3353 4487 παρ-

1796 4513 1934 4564 αινεῖ
1966 4508 2041 4578 τῷ
2076 4508 2379 4577 Σολομῶντι
2404 4549 2417 4573 ,
2467 4509 2605 4561 ὥστε
2639 4511 2923 4577 φυλάττειν
2952 4514 3043 4565 106
3092 4515 3223 4567 Θεοῦ
3266 4518 3356 4570 τὸν

1796 4610 1984 4679 νόμον·
2021 4607 2161 4660 οὑτω
2187 4608 2293 4677 γὰρ
2336 4608 2615 4669 τεύξεσθαι
2658 4608 2807 4677 αὐτῷ
2850 4611 2959 4663 τῶν
3013 4614 3357 4684 ἐπαγγελιῶν

1794 4713 1902 4764 τῶν
1928 4710 2344 4780 ἐπηγγελμένων
2373 4709 2539 4777 αὐτῷ.
2562 4710 2937 4779 Παραγγέλλει
2958 4731 3017 4766 τε
3048 4718 3175 4786 περὶ
3199 4718 3355 4771 Ἰωάϐ

1796 4813 1889 4864 καὶ
1912 4810 2120 4877 Σεμεεὶ,
2148 4808 2286 4860 ὥστε
2306 4809 2680 4878 τιμωρηθῆναι
2697 4809 2844 4881 [352]
2872 4814 3086 4879 66106;,
3114 4817 3206 4868 καὶ
3228 4820 3355 4888 περὶ

1794 4910 1902 4964 τῶν
1930 4908 2059 4959 υἱῶν
2094 4906 2346 4976 Βερζελλὶ
2369 4948 2383 4974 ,
2430 4907 2568 4960 ὥστε
2615 4911 2811 4972 αὐτοὺς
2847 4913 3009 4982 τιμῆς
3050 4918 3356 4987 τυγχάνειν,

1859 5160 1900 5219 εν
1918 5154 2058 5217 Ὀρνά
2078 5156 2334 5219 legitu_r_ln
2373 5155 2493 5203 edit.
2522 5154 2748 5204 Romana.
2781 5154 2967 5219 Ibidem
2992 5159 3070 5205 καὶ
3097 5157 3252 5219 θῦσαι,
3276 5161 3355 5208 καὶ

1799 5215 2018 5278 ἐποίησεν
2040 5216 2203 5269 οὕτως.
2232 5215 2337 5278 Huc
2359 5229 2502 5276 porro
2523 5218 2723 5278 _desinit
2750 5217 2901 5265 codex
2926 5215 3281 5278 Lugdunensis,
3303 5223 3354 5268 in

1797 5291 1893 5337 quo
1920 5277 2042 5325 liber
2070 5278 2243 5324 tertius
2280 5275 2451 5337 incipit
2474 5295 2484 5323 :
2523 5275 2747 5330 Ἀδωνίας
2777 5280 2873 5330 υἱὸς
2900 5275 3043 5325 Δαυΐό
3066 5282 3233 5326 ἑστιῶν
3249 5275 3356 5333 τοὺς

1797 5335 1902 5399 περὶ
1936 5337 2095 5396 Ἰωάϐ,
2125 5344 2219 5384 etc.
2251 5337 2355 5385 Mox
2383 5335 2583 5397 “Opvia;
2605 5338 2703 5391 υἱὸς
2744 5338 2909 5395 Δαυΐδ,
2935 5338 3002 5387 sic
3042 5340 3230 5387 Coislln.
3255 5342 3354 5386 An-

1799 5409 2071 5467 tiquissima
2125 5403 2274 5453 lectio
2317 5409 2397 5467 est
2450 5405 2649 5467 Ὀρνίας.
2707 5405 2947 5454 Ηειηνεὶοε
2993 5409 3168 5456 ΠἽΠΝ.
3235 5406 3356 5455 LXX

1800 5466 2030 5515 editionis
2058 5467 2284 5513 Romanae
2316 5465 2653 5527 Ἀδῳνίάςβειι
2678 5468 2823 5513 lectio
2856 5467 3035 5527 Ὀρνίας
3057 5471 3102 5515 in
3127 5469 3359 5515 vetustis-

1800 5530 1936 5577 simis
1969 5528 2332 5586 exemplaribus
2358 5526 2580 5581 habetur,
2604 5529 2742 5587 elsic
2763 5527 2886 5587 lcgil
2909 5526 3260 5576 ‘l’lieodorelus.

1863 5586 1889 5625 ἀ
1912 5588 1992 5635 Sic
2016 5587 2238 5647 Lugdun.
2267 5586 2442 5642 codex,
2483 5586 2805 5635 Coislinianus
2821 5586 2943 5634 Vero
2970 5587 3359 5647 κατασκοτάσαν-

1802 5665 1890 5702 τες.
1940 5647 2027 5693 llic
2070 5646 2207 5707 uicus
2256 5660 2349 5694 non
2392 5652 2526 5707 vacat
2569 5648 2844 5706 suspicione
2886 5646 3065 5694 mendi.
3110 5648 3215 5707 Ipsa
3266 5659 3357 5694 vox

1806 5706 2248 5770 xamoxgrdaavrac
2276 5708 2448 5756 lcxicis
2472 5705 2635 5770 ignota
2660 5705 2753 5766 cst,
2777 5707 2863 5756 sed
2886 5709 3059 5757 multas
3086 5705 3360 5770 hdjusmodi

1804 5770 1952 5817 habet
1974 5766 2353 5827 Chrysoslomus.
