3996 6472
692 407 803 463 349

689 505 784 557 καὶ
825 505 921 573 τῆς
964 505 1240 574 τραπέζης
1282 502 1573 555 ἀπολαύειν
1628 502 1726 570 τῆς
1783 500 2079 568 βασιλικῆς.
2121 499 2231 551 Καὶ

689 589 1012 658 ἀποθνήσκει
1038 588 1436 658 τεσσαράκοντα
1471 587 1563 656 ἐτη
1597 586 1936 654 βασιλεύσας.

1240 671 1574 724 Βασιλειῶν
1608 676 1678 738 τ’.

769 761 1002 826 Ἀναιρεῑ
1031 757 1120 808 τὸν
1159 758 1373 826 Ὀρνίαν
1405 757 1432 806 6
1459 755 1728 823 Σολομῶν,
1761 756 1841 806 ὅτι
1869 754 1966 824 τὴν
2005 753 2231 805 ’Δϐισάκ

684 846 874 913 ᾔτησε,
917 847 1010 895 καὶ
1058 844 1146 895 τὸν
1187 844 1443 912 Ἀϐιάθαρ
1496 842 1715 905 ἐξέϐαλε
1762 843 1858 908 τῆς
1916 842 2226 908 ἱερωσύνης.

686 929 793 980 Kal
816 928 1099 997 ἐπληρώθη
1129 928 1322 998 ήκατά
1366 928 1456 979 106
1499 927 1644 978 Ἠλεὶ
1672 924 1895 993 ἀπειλή”
1934 925 1992 989 ἐξ
2024 925 2229 976 ἐκείνου

684 1013 792 1084 γὰρ
831 1013 1034 1079 κατῆγε
1066 1013 1125 1063 16
1147 1013 1315 1078 γένος.
1364 1013 1558 1066 Ἀνεῖλε
1590 1011 1645 1062 δέ
1671 1015 1762 1063 καὶ
1791 1011 1882 1061 τὸν
1921 1010 2074 1064 Ἰωάϐ
2095 1027 2110 1042 ο
2139 1013 2229 1061 16v

683 1098 740 1152 δὲ
784 1098 1010 1150 Σαδδοὺκ
1039 1098 1128 1149 τὸν
1162 1099 1308 1165 ίερέα
1343 1099 1460 1150 ἀντὶ
1487 1097 1577 1148 τοῦ
1618 1097 1875 1166 Ἀϐιάθαρ
1903 1097 2229 1164 κατέστησεν

688 1185 853 1253 ἱερέα.
879 1183 1068 1234 Δίδωσι
1099 1181 1155 1234 δὲ
1191 1183 1218 1233 6
1257 1181 1503 1249 Σολομῶν
1542 1181 1864 1250 πρόσταγμα
1902 1181 1980 1249 τῷ
2015 1179 2226 1249 Σεμεεὶ,

686 1268 826 1320 ὥστε
857 1268 916 1319 ἐν
952 1271 1019 1336 τῇ
1050 1267 1198 1319 πόλει
1239 1266 1416 1335 μένειν
1447 1266 1615 1317 διόλου
1638 1283 1650 1298 ο
1679 1267 1726 1316 εί
1755 1266 1809 1318 δέ
1839 1283 1963 1318 ποτε
2005 1265 2226 1330 ἐξέλθοι,

683 1352 784 1403 οὐκ
813 1351 1117 1420 ἀτιμωρητὶ
1158 1352 1314 1403 τοῦτο
1359 1352 1620 1417 ποιήσειν,
1665 1351 1800 1404 ἁλλά
1841 1352 2064 1404 θανάτου
2096 1352 2225 1403 ὑπο-

688 1438 979 1508 στήσεσθαι
1002 1437 1220 1506 ζημίαν.
1263 1437 1556 1489 Ἀπὼλοντο
1581 1438 1727 1507 αὐτῷ
1749 1437 1920 1490 δοῦλοι
1943 1455 1955 1469 ·
1977 1439 2005 1488 6
2036 1437 2088 1490 δὲ
2119 1439 2229 1488 ἐπι-

691 1524 979 1592 λαθόμενος
1033 1522 1126 1574 τοῦ
1164 1523 1594 1592 προστάγματος,
1624 1523 1807 1592 ἐξῆλθε
1840 1523 2108 1592 ζητήσειν,
2135 1522 2226 1575 καί⁵

689 1608 872 1679 μαθὼν
913 1609 942 1659 6
993 1607 1236 1676 Σολομῶν
1273 1608 1475 1659 ἀνεῖλεν
1521 1609 1696 1660 αὐτόν.
1741 1608 1870 1677 Περὶ
1904 1609 2000 1675 τῆς
2039 1608 2225 1675 σοφίας

686 1694 1022 1762 Σολομῶντος
1063 1693 1306 1761 διήγησις
1326 1731 1340 1755 ,
1365 1695 1489 1763 περὶ
1519 1694 1612 1762 τῆς
1645 1696 1861 1762 είρήνης
1891 1695 1984 1762 τῆς
2018 1694 2103 1746 ἐπ’
2125 1695 2223 1745 αὑ-

685 1779 800 1842 τοῦ,
825 1780 949 1848 περὶ
977 1783 1071 1847 τῆς
1097 1779 1437 1839 πολυτελείας
1463 1781 1557 1845 τῆς
1594 1779 1687 1830 τοῦ
1721 1781 1958 1849 ἀρίστου,
1984 1781 2075 1832 καὶ
2100 1781 2226 1850 περὶ

685 1867 941 1936 ἁρμάτων
961 1905 974 1926 ,
1006 1869 1128 1936 περὶ
1154 1866 1259 1918 τῶν
1289 1866 1466 1917 ἵππων
1485 1907 1499 1930 ,
1552 1869 1677 1935 περὶ
1716 1867 1913 1929 παντὸς
1950 1867 2038 1919 τοῦ
2069 1867 2224 1919 πλού-

685 1969 801 2004 του.
840 1952 987 2002 Αίτεῖ
1033 1951 1278 2019 Σολομῶν
1318 1951 1502 2018 σοφίαν
1549 1951 1697 2020 παρά
1744 1951 1836 2003 τοῦ
1885 1950 2036 2005 Θεοῦ.
2095 1953 2223 2005 Τότε

687 2038 856 2106 κρίνει
901 2041 1018 2096 ταῖς
1044 2037 1255 2103 γυναιξὶ
1297 2038 1414 2097 ταῖς
1449 2037 1582 2104 ὑπὲρ
1609 2037 1698 2089 τοῦ
1746 2039 1955 2090 παιδίου
2003 2039 2224 2108 προσελ-

683 2122 906 2186 θούσαις
933 2123 1096 2190 αὐτῷ.
1138 2122 1301 2175 Πάλιν
1347 2122 1472 2191 περὶ
1520 2123 1618 2191 τῆς
1667 2124 1853 2191 σοφίας
1887 2125 2223 2194 Σολομῶντος

684 2211 856 2276 λόγος,
898 2213 1024 2280 περὶ
1069 2214 1167 2280 τῆς
1219 2211 1558 2274 πολυτελείας
1588 2212 1686 2280 τῆς
1721 2214 1992 2282 τραπέζης
2025 2214 2185 2267 αὑτοῦ
2207 2253 2223 2277 ,

687 2297 778 2348 καὶ
799 2295 938 2356 τίνες
960 2296 1324 2363 ἐλειτούργουν
1348 2296 1543 2364 ταύτην
1573 2297 1721 2365 αὐτῷ
1752 2297 1848 2366 τὴν
1868 2300 2218 2368 λειτουργίαν.

697 2382 1028 2434 ’Λποστέλλει
1069 2383 1201 2451 πρὸς
1240 2384 1453 2453 Χειράμ
1489 2383 1579 2435 τὸν
1623 2383 1841 2453 βασιλέα
1876 2384 2071 2453 Τύρου,
2099 2389 2224 2447 τοὺς

683 2467 1002 2537 δρυοτόμους
1033 2467 1194 2519 αἰτῶν
1238 2469 1326 2519 ἐπὶ
1381 2468 1574 2538 μισθῷ·
1627 2469 1655 2520 δ
1686 2469 1746 2538 δὴ
1797 2471 2080 2540 παρέσχεν.
2119 2472 2226 2522 Ἐν·-

682 2547 852 2599 ταῦθα
885 2549 1118 2614 ἔγκειται
1142 2549 1246 2600 τῶν
1274 2550 1647 2618 ἐργαζομένων
1667 2552 1695 2603 6
1731 2551 1976 2619 ἀριθμὸς,
2006 2552 2097 2603 καὶ
2125 2551 2222 2619 τῆς

684 2629 1090 2696 ἑτοιμασθείσης
1117 2631 1194 2690 είς
1218 2631 1305 2681 τὸν
1334 2631 1455 2684 ναὸν
1501 2631 1628 2698 ὕλης
1658 2631 1716 2682 16
1759 2632 1976 2698 πλῆθος.
2013 2629 2139 2684 Εἶτα
2190 2634 2221 2700 ἡ

682 2710 931 2777 οἰκοδομὴ
975 2710 1067 2761 τοῦ
1123 2710 1266 2762 ναοῦ.
1303 2710 1528 2779 Εὖχεται
1577 2715 1604 2764 6
1629 2713 1873 2781 Σολομῶν
1903 2713 1958 2763 ἐν
1983 2713 2056 2781 τῷ
2090 2713 2218 2781 ναῷ,

684 2790 775 2840 καὶ
807 2790 941 2852 θύει,
989 2793 1078 2841 καὶ
1125 2792 1418 2856 ἐγκαινίζει
1463 2793 1552 2845 16v
1596 2789 1758 2846 οἷκον.
1811 2794 2221 2860 Ἐπαγγέλλεται

681 2871 858 2935 ἀγαθᾶ
903 2871 1046 2937 αύτῴ
1076 2873 1102 2921 6
1152 2871 1298 2934 Θεὸς,
1330 2873 1422 2924 ἐάν
1468 2875 1673 2944 φυλάξῃ
1723 2875 1788 2925 τὰ
1835 2876 2223 2942 προστάγματα

682 2953 863 3013 αὑτοῦ,
896 2953 985 3004 καὶ
1011 2953 1214 3003 ἀπειλεῖ
1234 2954 1505 3016 τάναντία,
1543 2954 1633 3005 ἐὰν
1664 2957 1900 3024 παραϐῇ.
1920 2951 2022 3006 Ἦν
2050 2956 2104 3006 δὲ
2128 2956 2222 3006 αύ-

681 3034 758 3100 τῷ
775 3034 900 3094 ναῦς
935 3034 1147 3102 χρυσίον
1192 3032 1445 3102 φέρουσα.
1490 3034 1568 3086 Τὰ
1621 3035 1758 3086 κατὰ
1786 3035 1880 3103 τὴν
1913 3035 2220 3104 βασίλισσαν

689 3117 879 3176 Νότου,
909 3116 1002 3182 τὴν
1033 3114 1287 3167 ἐλθοῦσαν
1324 3116 1547 3167 ἀκοῦσαι
1573 3117 1671 3184 τῆς
1707 3118 1893 3184 σοφίας
1932 3117 2113 3170 αὐτοῦ.
2143 3118 2221 3170 Τά

682 3197 819 3248 κατά
866 3197 948 3246 16v
1002 3195 1222 3246 πλοῦτον
1275 3195 1435 3246 αὑτοῦ
1481 3197 1572 3247 τὸν
1607 3197 1794 3265 μέγαν,
1843 3199 1908 3249 τά
1953 3201 2076 3268 περὶ
2117 3199 2221 3251 τῶν

681 3277 857 3327 ὃπλων
911 3277 1015 3328 τῶν
1071 3276 1285 3346 χρυσῶν
1325 3271 1398 3329 ὧν
1443 3277 1680 3345 ἐποίησε,
1718 3279 1786 3329 τά
1828 3280 1953 3348 περὶ
1997 3280 2095 3348 τῆς
2137 3280 2223 3348 βαρ

682 3357 878 3418 σιλείας
909 3359 1091 3418 αὑτοῦ,
1130 3360 1286 3410 πόθεν
1307 3360 1398 3410 καὶ
1425 3361 1581 3427 μέχρι
1612 3358 1712 3411 ποῦ
1744 3365 2072 3430 παρέτεινεν.
2109 3363 2220 3414 Ἐν-

680 3437 866 3488 τεῦθεν
900 3440 1023 3505 περὶ
1044 3439 1140 3505 τῆς
1165 3439 1598 3506 είδωλολατρείας
1619 3441 1799 3497 αὑτοῦ,
1821 3443 1909 3490 καὶ
1939 3442 2032 3507 τῆς
2058 3457 2220 3508 προσ⁴

682 3523 948 3585 κρούσεως
983 3515 1045 3584 ἦς
1075 3519 1437 3587 προσέκρουσε
1482 3521 1557 3586 τῷ
1589 3521 1722 3588 Θεῷ.
1771 3521 2041 3572 Ἐντεῦθεν
2065 3523 2217 3572 ἀπει-

679 3599 743 3665 λὴ
761 3599 892 3667 1:96;
923 3601 1099 3658 αὑτὸν,
1127 3601 1329 3668 καὶτῆς
1362 3601 1632 3668 βασιλείας
1658 3602 1974 3670 παράλυσις,
2004 3605 2217 3672 εἰρήνης

679 3679 998 3747 ἀφανισμός.
1047 3681 1426 3732 Ἐπανίσταται
1468 3681 1573 3750 γὰρ
1625 3682 1770 3750 αύτῷ
1814 3683 1963 3750 Ἀδέρ
1990 3686 2017 3734 6
2066 3684 2218 3735 Ἰδου-

683 3761 858 3824 μαίος,
891 3761 980 3810 καὶ
1005 3762 1031 3810 6
1070 3761 1330 3829 Ἐσδρώμ.
1370 3763 1744 3814 Ἐπανίσταται
1768 3764 1910 3832 αύτῷ
1934 3765 2024 3815 καὶ
2053 3766 2078 3816 6
2099 3763 2218 3816 δοῦ-

680 3837 768 3899 λος
795 3839 954 3890 αὑτοῦ
993 3840 1287 3909 Ἱεροϐοάμ.
1330 3843 1582 3910 Ἔρχεται
1635 3844 1766 3911 πρὸς
1814 3844 1902 3893 τὸν
1947 3845 2221 3912 Ἰεροϐοάμ

693 3919 845 3987 ’Λχιᾶ
877 3923 902 3972 6
933 3923 1229 3989 προφήτης,
1265 3924 1356 3974 καὶ
1376 3924 1582 3974 δίδωσιν
1615 3925 1759 3993 αὐτῷ
1785 3925 2064 3995 διαρρῆξαι
2095 3927 2218 3994 ἱμά-

679 4019 791 4052 τιον
821 4003 1131 4070 τελαμῶνας
1173 4013 1198 4042 8
1242 4005 1388 4066 δέκα,
1441 4006 1760 4074 προμηνύων
1795 4008 1960 4076 αὐτῷ,
1993 4010 2072 4059 ὃτι
2097 4010 2219 4060 καθ-

681 4083 788 4144 έξει
817 4084 881 4133 τά
913 4083 1040 4134 δέκα
1095 4085 1358 4152 σκῆπτρα.
1406 4087 1484 4146 Ὠ,
1516 4087 1569 4136 δέ
1607 4087 1792 4155 ἤθελεν
1832 4089 1989 4140 αὐτὸν
2018 4090 2220 4141 ἀνελεῖν

679 4165 708 4212 ὁ
740 4163 1002 4231 Σολομῶν,
1045 4165 1240 4231 ἔφυγεν
1291 4169 1368 4226 εἰς
1423 4169 1711 4232 Αἴγυπτον.
1774 4170 2098 4238 Ἱιῖτισνῆλθεν
2125 4173 2218 4222 ἀπ’

682 4243 953 4307 Αἰγύπτου
995 4245 1286 4313 Ἱεροϐοάμ,
1335 4247 1691 4310 ἀποθανόντος
1742 4252 2097 4318 Σολομῶντος.
2163 4253 2218 4305 ’0

684 4324 736 4374 δὲ
753 4322 872 4385 λαὸς
902 4325 1204 4391 προσελθὼν
1225 4326 1297 4393 τῷ
1325 4327 1550 4394 Ῥοϐοὰμ
1582 4331 1678 4396 υἱῷ
1704 4332 2053 4399 Σολομῶντος,
2071 4331 2217 4400 ήξίου

685 4405 1040 4474 ἐλαφροτέραν
1066 4407 1242 4468 αὐτοῖς
1273 4409 1515 4472 γενέσθαι
1550 4412 1644 4477 τὴν
1669 4412 1838 4479 ἀρχὴν
1872 4413 1968 4480 τῆς
1993 4413 2084 4464 τοῦ
2121 4415 2215 4465 Σο-

681 4485 965 4551 λομῶντος.
1009 4488 1064 4538 ’0
1086 4488 1140 4539 δὲ
1181 4489 1282 4540 ὑπὸ
1308 4490 1413 4539 τῶν
1445 4492 1749 4559 συντρόφων
1795 4494 1956 4544 αὑτοῦ
1990 4494 2120 4545 νέων
2142 4513 2218 4546 τι-

679 4567 782 4617 νῶν
825 4567 1182 4629 ἀναπεισθεὶς,
1238 4571 1493 4638 ἠπείλησε
1551 4572 1641 4622 καὶ
1690 4573 1987 4642 βαρυτέραν
2039 4577 2217 4637 αὐτοῖς

678 4648 934 4714 ποιήσειν.
988 4648 1171 4699 Ἔνθεν
1206 4650 1605 4718 ἀπεσχίσθησαν
1636 4654 1692 4703 αἱ
1737 4653 1865 4704 δέκα
1893 4655 2072 4723 φυλαὶ,
2128 4659 2218 4706 καὶ

675 4728 1019 4782 ἐϐασίλευσαν
1051 4731 1130 4796 ἐφ’
1173 4731 1377 4780 ἑαυτῶν
1421 4732 1506 4782 16v
1555 4731 1845 4799 Ἱεροϐοάμ.
1887 4737 1990 4785 Kal
2041 4737 2218 4802 βουλὸ-

678 4826 834 4881 μενον
881 4811 1293 4878 ἐπιστρατεῦσαι
1325 4811 1466 4879 αύτῷ
1510 4811 1596 4861 τὸν
1637 4813 1865 4882 Ῥοϐοαμ
1902 4817 2162 4868 ἐκώλυσεν
2191 4820 2217 4869 6

673 4892 822 4951 Θεός.
856 4892 938 4952 Ὠς
965 4892 1017 4943 δὲ
1045 4891 1191 4960 [555]
1217 4892 1531 4961 ήῤῥώστησε
1577 4894 1634 4943 16
1678 4895 1882 4945 παιδίον
1919 4897 2211 4965 Ἰεροϐοάμ,

673 4971 875 5037 πέμπει
905 4973 1000 5039 τὴν
1020 4975 1247 5038 γυναῖκα
1277 4973 1438 5024 αὐτοῦ
1483 4974 1611 5040 πρὸς
1651 4975 1801 5042 ’Λχια
1819 4977 1904 5026 τὸν
1936 4980 2213 5046 προφήτην

674 5051 1005 5118 πευσομένην
1041 5053 1165 5120 περὶ
1190 5056 1286 5120 τῆς
1327 5055 1500 5104 νόσου.
1546 5056 1602 5104 Ὀ
1632 5055 1687 5106 δὲ
1717 5054 1886 5118 εἶπεν,
1909 5059 1987 5108 δτι
2011 5058 2212 5109 ἀποθα-

671 5135 860 5192 νεῖται,
920 5132 1012 5182 καὶ
1055 5133 1336 5188 ἀπέθανεν.
1384 5135 1591 5204 ἰστησι
1646 5137 1900 5206 δαμάλεις
1948 5143 2151 5207 χρυσᾶς
2187 5145 2213 5193 6

683 5211 976 5279 Ἱεροϐοάμ,
1015 5213 1141 5281 μίαν
1173 5215 1228 5262 ἐν
1263 5215 1477 5284 Βαιθηλ,
1515 5218 1604 5266 καὶ
1632 5219 1758 5284 μίαν
1790 5222 1845 5271 ἐν
1866 5221 1989 5284 Δὰν,
2032 5222 2117 5273 ἵνα
2141 5223 2212 5290 μὴ

669 5295 1022 5346 ἀναϐαίνωσιν
1049 5295 1126 5354 εἰς
1164 5293 1505 5365 Ἰερουσαλὴμ
1550 5301 1576 5350 ὁ
1607 5299 1748 5362 λαός,
1782 5303 2004 5364 (Nov-.0:-
2036 5303 2089 5354 δὲ
2119 5305 2214 5354 αὺ-

730 5432 752 5456 a
777 5416 1093 5466 Coislinianns
1109 5417 1255 5464 codex
1283 5418 1463 5478 ἱμάτιον
1481 5423 1741 5480 τελαμῶνος
1765 5428 2211 5489 ωεηόοερ.ῐ.ιις;‹ιιι-

671 5490 833 5532 Ire-min
855 5489 1117 5547 τελαμῶνας
1141 5489 1269 5544 δέκα,
1292 5488 1337 5534 in
1363 5488 1553 5547 fascias,
1569 5490 1613 5538 in
1631 5493 1826 5543 lacinias
1839 5497 2012 5545 decem.
2030 5488 2211 5546 ωιτν)

668 5549 895 5607 ῥήγματα,
923 5545 1137 5616 (ιρι-ἱίιιμε,
1163 5551 1229 5594 sic
1253 5552 1293 5594 οί
1320 5550 1401 5595 0'.
1426 5545 1548 5616 Pul0
1573 5559 1733 5616 agilem
1759 5555 1846 5600 hoc
1869 5557 1914 5600 in
1945 5545 2208 5616 οιεέῆιιιιςιέἶι

667 5610 988 5673 ε’,ΙιιίνςηδΙοιιιὶ
1013 5607 1154 5673 ίιιίξκιξ
1183 5629 1190 5652 ;
1220 5621 1322 5653 nam
1351 5617 1400 5654 ul
1431 5613 1572 5673 modo
1590 5612 1824 5673 dicebam,
1851 5617 1968 5664 mira
1997 5607 2102 5669 (πεί
2123 5634 2208 5666 cx-

667 5667 1002 5726 Cmplul'iurum
1036 5667 1321 5716 UIbHL‘UI‘Ulﬂ
1347 5667 1564 5717 varicus.

1357 390 1413 444 ὃ.
1455 385 1730 443 JOANNIS
1767 385 2253 443 CIIRYSOSTOMI
2287 383 2604 441 ARCIIIEP.
2641 385 3167 441 CONSTANTINOP

3772 407 3886 460 350

2339 498 2431 550 106
2452 499 2588 562 ἐκεῖ,
2625 499 2732 550 ίδοὺ
2765 498 3042 566 ἄνθρωπος
3066 497 3158 550 τοῦ
3184 496 3314 550 Θεοῦ
3349 498 3533 562 ἐλθὼν,
3565 506 3896 571 προφητεύει

2332 580 2402 632 τά
2426 581 2566 632 κατὰ
2601 581 2691 632 16v
2731 581 2958 632 Ἰωσίαν.
2980 581 3090 634 Καὶ
3111 580 3378 650 ἐξηράνθη
3407 584 3438 650 ἡ
3469 583 3588 651 χεὶρ
3608 584 3702 635 τοῦ
3733 583 3894 652 βασι-

2334 659 2487 722 λέως,
2511 661 2604 712 καὶ
2642 662 2851 733 ἐρράγη
2879 661 2938 711 16
2971 661 3365 730 θυσιαστήριον.
3407 655 3692 730 Δεηθέντος
3711 666 3767 717 δὲ
3796 667 3892 718 τοῦ

2333 745 2607 811 προφήτου
2638 741 2730 792 τοῦ
2761 741 2916 801 Θεοῦ,
2968 742 3179 809 ύγίανεν
3207 746 3233 794 6
3261 743 3523 810 βασιλεύς.
3559 744 3588 782 ιι
3617 747 3718 796 Kal
3733 764 3892 815 λιαρ-

2333 822 2513 873 εκάλει
2562 821 2654 872 τὸν
2701 824 2982 890 προφήτην
3025 823 3334 892 ἐστιαθῆναι
3389 826 3702 894 παράὺτῷ.
3745 828 3803 879 Ὀ
3831 829 3889 879 δὲ

2328 903 2426 954 οὐκ
2451 902 2725 970 ἠνέσχετο,
2763 904 3082 973 πρόσταγμα
3131 906 3407 972 φυλάττων
3438 908 3530 958 τοῦ
3566 907 3716 972 Θεοῦ,
3747 910 3891 976 ὅπερ

2329 982 2550 1052 ὕστερον
2597 984 2872 1052 παραϐὰς,
2913 985 3147 1054 ἀνῃρέθη
3185 987 3286 1038 61:6
3318 986 3409 1039 τοῦ
3454 989 3678 1049 λέοντος.
3717 991 3776 1042 '0
3830 991 3890 1042 δὲ

2339 1062 2614 1132 Ἰεροϐοάμ
2656 1065 2736 1116 ἐτι
2767 1065 2995 1133 ἐπέμενε
3026 1068 3090 1134 τῇ
3126 1068 3292 1134 κακία
3337 1067 3517 1132 αὐτοῦ,
3550 1071 3642 1121 καὶ
3687 1072 3716 1122 6
3761 1072 3885 1123 Ῥο-

2328 1142 2470 1212 ϐοάμ
2499 1145 2952 1215 εἱδωλολάτρησεν
2968 1145 3057 1213 ἐτη
3085 1147 3260 1200 πάντα
3285 1149 3379 1217 τῆς
3401 1149 3668 1217 βασιλείας
3695 1152 3886 1204 αὐτοῦ.

2342 1223 2534 1276 Ἐλθὼν
2555 1227 2858 1294 Σουσακεὶμ
2875 1237 2897 1263 ε
2920 1227 3075 1277 ἔλαϐε
3102 1229 3224 1290 τοὺς
3252 1228 3570 1299 θησαυρούς.
3587 1231 3736 1284 Μετά
3761 1233 3891 1284 τοῦ·

2326 1322 2417 1357 τον
2449 1307 2715 1373 βασιλεύει
2754 1308 2937 1370 Ἀϐιᾶς
2967 1311 2994 1360 6
3028 1310 3137 1370 υἱὸς
3166 1311 3352 1376 αὐτοῦ,
3389 1313 3479 1365 καὶ
3520 1314 3654 1379 μετά
3691 1315 3888 1367 τοῦτον

2325 1386 2353 1434 6
2386 1387 2500 1448 υίὸς
2558 1386 2648 1439 τοῦ
2697 1389 2847 1442 Ἀϐιᾶ
2880 1391 2908 1440 6
2954 1390 3102 1441 ’Δσᾶ.
3157 1391 3307 1442 Μετά
3354 1393 3412 1444 δὲ
3461 1393 3547 1444 τὸν
3602 1395 3887 1463 Ἱεροϐοάμ

2328 1465 2594 1533 βασιλεύει
2618 1470 2646 1520 6
2671 1468 2784 1530 υίὸς
2806 1469 2969 1521 αὐτοῦ
3005 1471 3182 1522 ’Λδάϐ·
3212 1471 3271 1522 ὃν
3299 1472 3499 1526 ἀνελὼν
3526 1474 3672 1526 Βασά
3693 1476 3886 1527 ἐϐασί-

2325 1547 2500 1609 λευσε,
2538 1549 2627 1600 xal
2657 1549 2906 1619 ἐπολέμει
2928 1551 3018 1603 16v
3043 1553 3193 1604 Ἀσᾶ.
3238 1553 3293 1606 Ὀ
3314 1554 3368 1605 δὲ
3385 1558 3449 1624 τῇ
3480 1557 3760 1627 συμμαχίᾳ
3785 1557 3884 1610 τοῦ

2325 1628 2494 1696 Σύρου
2526 1630 2688 1698 Ἀδερ
2731 1632 3087 1700 χρησάμενος,
3134 1635 3582 1703 ἐπικρατέστερος
3634 1638 3880 1704 γέγονεν.

2337 1709 2420 1769 Ὡς
2444 1710 2497 1760 δὲ
2527 1711 2755 1778 πονηρὸς
2781 1708 2846 1781 ἦν
2870 1715 2897 1763 6
2929 1712 3093 1774 Βασά,
3125 1715 3334 1766 ἀπειλεῖ
3363 1716 3506 1785 αὐτῷ
3525 1718 3552 1767 6
3582 1718 3712 1778 Θεὸς
3732 1720 3883 1771 κακά

2326 1790 2554 1857 μεγάλα.
2597 1791 2974 1854 ’Λποθανόντος
3009 1793 3065 1847 δὲ
3098 1795 3261 1846 αὑτοῦ
3306 1797 3642 1850 ἐϐασίλευσεν
3686 1800 3815 1851 Ἐλᾶ
3851 1803 3882 1852 6

2324 1872 2434 1931 υίὸς
2490 1872 2673 1935 αὑτοῦ,
2714 1873 2772 1924 ὃν
2819 1873 3017 1925 ἀνελὼν
3059 1876 3270 1946 Ζαμϐρὶ
3309 1873 3386 1938 εἷς
3435 1880 3539 1932 τῶν
3577 1882 3879 1950 ἀρχόντων,

2322 1951 2649 2018 ἐϐασίλευσε,
2713 1955 2804 2005 καὶ
2836 1954 3133 2024 ὠλόθρευσε
3184 1959 3272 2010 τὸν
3323 1955 3468 2012 οἷκον
3499 1962 3661 2015 Daca.
3701 1963 3788 2025 Ὡς
3819 1964 3877 2014 δὲ

2323 2035 2416 2086 xal
2456 2035 2667 2104 Zap.69l
2712 2036 2976 2088 ἀπέθανεν
3030 2040 3216 2090 ἑαυτὸν
3248 2041 3548 2110 ἐμπρήσας,
3605 2045 3879 2111 βασιλεύει

2335 2116 2546 2185 ’Λμϐρί.
2581 2117 2670 2178 Ὠς
2698 2117 2752 2169 δὲ
2792 2118 3025 2170 ἀπέθανε
3060 2122 3152 2173 καὶ
3177 2115 3348 2188 οὗτος,
3388 2124 3879 2195 βασιλεύειἈχαάϐ

2321 2200 2350 2250 6
2407 2200 2518 2261 υἱὸς
2570 2199 2755 2252 αὑτοῦ.
2805 2200 3082 2255 Βασιλεύει
3136 2205 3164 2255 6
3214 2204 3325 2266 υίὸς
3389 2206 3520 2258 ’Λσᾶ
3585 2209 3874 2276 Ἰωσαφάτ.

2334 2281 2566 2333 Ἀπειλεί
2609 2281 2790 2344 Ἠλίας
2811 2285 2840 2335 6
2868 2285 3149 2354 προφήτης
3181 2286 3257 2354 τῷ
3293 2288 3488 2355 Ἀχαάϐ
3513 2288 3613 2359 τὴν
3644 2293 3878 2359 γενομέ-

2322 2379 2416 2430 νην
2433 2363 2728 2431 ἀνομϐρίαν
2749 2364 2840 2416 ἐπὶ
2875 2366 3000 2434 τρία
3027 2366 3117 2435 ἐτη
3156 2368 3246 2418 καὶ
3285 2369 3453 2437 μῆνας
3487 2370 3564 2433 ἐξ.
3598 2372 3730 2423 Τότε
3759 2373 3877 2425 δια-

2321 2445 2574 2514 τρέφεται
2595 2446 2680 2498 διὰ
2700 2446 2804 2498 τῶν
2839 2447 3082 2516 κοράκων
3109 2451 3136 2500 6
3169 2451 3467 2519 προφήτης.
3511 2452 3776 2506 Ἐνταῦθα
3799 2456 3872 2507 τὰ

2322 2525 2460 2577 κατὰ
2484 2527 2580 2594 τήν
2614 2527 2782 2596 χήραν
2798 2528 2894 2597 τὴν
2926 2528 2981 2580 ἐν
3008 2529 3319 2598 Σαρέφθοις,
3351 2531 3418 2582 τά
3451 2531 3587 2583 κατὰ
3617 2533 3706 2585 τὸν
3731 2551 3877 2603 καμο

2319 2605 2499 2675 ψάκην
2523 2607 2615 2658 τοῦ
2647 2608 2843 2672 ἐλαίου,
2872 2609 2962 2660 καὶ
3010 2610 3107 2678 τὴν
3135 2610 3316 2679 ὑδρίαν
3352 2610 3444 2663 τοῦ
3486 2612 3734 2681 ἀλεύρου,
3775 2619 3870 2668 καὶ

2321 2688 2410 2738 τὸν
2462 2686 2691 2740 θάνατον
2738 2690 2828 2740 τοῦ
2867 2689 3096 2752 παιδίου,
3129 2693 3220 2742 καὶ
3264 2692 3361 2762 τὴν
3388 2694 3452 2746 ἐκ
3493 2694 3586 2747 τοῦ
3638 2696 3873 2748 θανάτου

2322 2769 2556 2837 ἔγερσιν.
2601 2771 3005 2823 Ἀποστέλλεται
3050 2772 3184 2844 πρὸς
3221 2773 3310 2826 τὸν
3354 2775 3551 2843 ’Δχαάϐ
3589 2779 3617 2828 6
3661 2778 3868 2841 Ἠλίας,

2321 2850 2413 2900 καὶ
2444 2853 2586 2902 ποιεῖ
2624 2851 2721 2918 τὴν
2760 2851 2968 2913 θυσίαν,
3004 2853 3096 2905 καὶ
3129 2855 3419 2924 καταφέρει
3449 2857 3506 2908 16
3547 2856 3657 2927 πῦρ
3684 2857 3743 2921 ἐξ
3775 2860 3870 2910 o6-

2324 2931 2501 2999 ρανοῢ,
2543 2932 2634 2982 καὶ
2664 2933 2937 2983 ἀναλίσκει
2965 2935 3148 3000 αὑτήν.
3185 2937 3313 2987 Τότε
3346 2936 3518 2989 λαϐὼν
3548 2940 3671 3001 τοὺς
3704 2941 3870 3008 ἱερεῖς

2319 3011 2409 3062 τοῦ
2437 3011 2576 3062 Βαάλ
2607 3011 2901 3078 ἀπέσφαξε.
2946 3013 3076 3064 Τότε
3107 3014 3506 3081 εὐαγγελίζεται
3547 3018 3624 3086 τῷ
3666 3020 3872 3088 ’Δχαάϐ

2319 3093 2407 3145 τὸν
2446 3093 2613 3144 ὑετόν.
2651 3095 2757 3144 Kal
2801 3091 3031 3145 ἀνελθὼν
3073 3096 3151 3155 είς
3196 3096 3287 3147 τὸν
3337 3096 3623 3167 Κάρμηλον
3667 3101 3871 3170 ηῦξατο

2333 3173 2532 3237 Ἠλίας,
2585 3174 2677 3226 καὶ
2709 3176 2972 3242 ποιεῖτὴν
3001 3175 3205 3227 θυσίαν·
3252 3178 3359 3231 ἰδοὺ
3400 3181 3566 3241 ὑετός.
3626 3183 3866 3236 Ἀπειλεῖ

2318 3254 2394 3323 τῷ
2433 3255 2582 3322 Ἠλία
2613 3255 2836 3307 θάνατον
2881 3255 3160 3324 Ἰεζάϐελή
3192 3260 3322 3328 γυνὴ
3362 3259 3452 3312 τοῦ
3497 3260 3717 3328 Ἀχαάϐ,
3747 3265 3777 3316 6
3811 3266 3868 3316 δὲ

2320 3335 2531 3403 ἔρχεται
2551 3338 2627 3394 είς
2652 3335 2747 3404 τὴν
2775 3335 2997 3412 ἔρημον,
3022 3338 3112 3388 καὶ
3135 3339 3431 3406 κοιμηθεὶς.
3454 3341 3544 3392 καὶ
3567 3343 3865 3412 διεγερθεὶς

2319 3415 2420 3466 61:6
2458 3414 2683 3482 ἀγγέλου
2737 3414 2888 3476 Θεοῦ,
2943 3410 3096 3483 εὗρεν
3130 3417 3421 3485 ἐγκρυφίαν
3469 3410 3736 3489 όλυρίτην,
3773 3428 3866 3477 καὶ

2317 3494 2502 3562 φαγὼν
2547 3493 2725 3555 αὑτὸν,
2769 3493 3060 3572 ἐνίσχυσεν.
3102 3497 3186 3547 Ἑν
3217 3499 3393 3572 ἐκείνη
3419 3505 3479 3568 τῇ
3518 3500 3711 3570 βρώσει
3741 3521 3868 3556 τεσ.

2321 3575 2621 3644 σαράκοντα
2639 3575 2845 3643 ἡμέρας
2873 3570 3031 3642 ἦλθεν
3050 3575 3128 3638 εἰς
3157 3570 3387 3647 Χωρήϐ.¹
3405 3581 3533 3631 Τότε
3558 3581 3721 3647 λέγει·
3749 3587 3864 3637 Κύ-

2319 3672 2420 3723 ριε,
2451 3656 2514 3706 τὰ
2531 3654 2884 3723 θυσιαστήριά
2920 3671 3010 3706 σου
3035 3657 3394 3725 κατέσκαψαν.
3432 3661 3510 3712 Ta
3558 3661 3724 3731 ζεύγη
3757 3668 3866 3718 τῶν

2321 3736 2456 3804 βοῶν
2484 3737 2640 3803 ἀφεὶς
2660 3739 2686 3788 6
2719 3737 3008 3798 Ἐλισσαῖος
3035 3739 3310 3790 ἀκολουθεῖ
3339 3741 3414 3809 τῷ
3448 3743 3618 3811 Ἠλία.
3656 3745 3865 3798 Ἐντεῦ-

2321 3818 2411 3869 θεν
2431 3819 2486 3870 16
2509 3819 2750 3888 διήγημα
2777 3819 2838 3868 16
2868 3818 3005 3868 κατά
3026 3818 3112 3870 16v
3135 3819 3421 3888 ἀμπελῶνα
3448 3823 3535 3874 τοῦ
3566 3825 3864 3880 Ναϐουθαί·

2321 3899 2413 3950 καὶ
2439 3901 2470 3966 ή
2492 3899 2684 3965 ἀπειλὴ
2718 3897 2855 3950 κατά
2891 3898 3121 3964 Ἰεζάϐελ
3143 3901 3231 3951 καὶ
3274 3901 3488 3969 Ἀχαάϐ,
3519 3904 3609 3955 καὶ
3638 3907 3670 3972 ἡ
3703 3910 3871 3959 κατά-

2319 3979 2462 4040 νυξις
2513 3979 2602 4030 τοῦ
2671 3979 2888 4048 Ἀχαάϐ.
2944 3979 3166 4047 Ἐπῆλθε
3222 3981 3296 4049 τῷ
3357 3983 3565 4052 Ἰσραὴλ
3619 3987 3647 4036 6
3697 3986 3867 4055 Σύρος

2323 4062 2482 4130 ’Λδερ
2527 4060 2660 4127 μετά
2713 4060 3093 4131 τριακονταδύο
3142 4061 3422 4130 βασιλέων·
3468 4066 3496 4116 6
3538 4066 3590 4117 δὲ
3646 4068 3867 4136 ἐχειρώ-

2319 4159 2446 4193 σατο
2472 4141 2683 4204 αύτούς.
2713 4143 2818 4193 Kal
2843 4141 3089 4211 δεύτερον
3114 4144 3535 4214 ἐπιστρατεύσας
3573 4150 3866 4217 περιέπεσε

2319 4224 2494 4291 πληγῇ
2533 4221 2756 4292 μεγάλῃ.
2801 4223 2884 4283 Ὠς
2910 4223 2964 4274 δέ
2994 4223 3136 4292 ἐώρα
3160 4226 3346 4278 ἐαυτὸν
3375 4231 3431 4278 ἐν
3463 4229 3705 4297 κινδύνῳ,
3731 4232 3865 4300 σχῆ-

2321 4322 2393 4372 μα
2444 4303 2788 4370 περιθέμενος
2821 4303 3064 4365 ἐλεεινὸν,
3097 4305 3306 4372 ἔρχεται
3338 4309 3469 4375 πρὸς
3507 4308 3598 4358 τὸν
3638 4311 3865 4378 ’Λχαάϐ,

2316 4384 2494 4435 δοῦλον
2523 4383 2666 4453 [554]
2702 4383 2887 4433 ἐαυτὸν
2919 4384 3219 4446 ἀποκαλῶν,
3255 4388 3344 4436 καὶ
3387 4389 3680 4456 ἀγαπητῶς
3729 4392 3869 4459 ἔχων

2316 4465 2583 4533 σωτηρίας
2627 4466 2825 4530 τυχεῖν.
2892 4464 2947 4515 Ὀ
2984 4465 3037 4515 δὲ
3077 4465 3355 4517 ἀνεϐίϐασέ
3384 4485 3440 4519 τε
3488 4469 3648 4521 αὑτὸν
3677 4473 3771 4523 ἐπὶ
3809 4473 3873 4525 16

2313 4545 2486 4612 ἅρμα,
2525 4545 2619 4595 καὶ
2647 4543 2809 4611 τιμῆς
2838 4542 3091 4607 ἀξιώσας,
3118 4545 3415 4615 ἐξέπεμψεν
3437 4550 3515 4611 είς
3543 4551 3640 4618 τὴν
3656 4554 3872 4605 οίκείαν

2315 4625 2439 4692 γῆν.
2467 4626 2716 4693 Ἔρχεται
2746 4625 2773 4674 6
2810 4627 3090 4694 προφήτης
3123 4628 3362 4694 ἐγκαλῶν
3393 4629 3528 4699 ὑπὲρ
3557 4632 3763 4684 τούτων
3793 4636 3875 4702 τῷ

2318 4707 2538 4774 βασιλεῖ,
2568 4707 2658 4757 καὶ
2685 4705 2905 4757 θάνατον
2942 4707 3195 4762 ἀπειλῶν.
3235 4709 3546 4763 Βουλεύεται
3572 4715 3600 4764 6
3637 4714 3873 4782 Ἀχαά6,

2317 4788 2364 4836 εἰ
2396 4786 2500 4838 δέοι
2539 4786 2953 4854 ἐπιστρατεῦσαι
2999 4790 3107 4848 τοῖς
3137 4788 3344 4856 Σύροις·
3396 4792 3487 4842 καὶ
3538 4795 3875 4861 συμϐουλεύ-

2318 4885 2502 4928 σαντος
2540 4866 2632 4917 τοῦ
2677 4867 2939 4933 Ἰωσαφὰτ
2967 4868 3226 4934 βασιλέως
3266 4870 3450 4934 Ἰούδα,
3485 4875 3872 4943 μετάπεμπτος

2315 4951 2515 5015 γίνεται
2541 4949 2776 5016 Μιχαίας
2802 4951 2830 4999 6
2858 4951 3153 5018 προφήτης,
3181 4951 3272 5002 καὶ
3302 4953 3593 5023 ἐρωτηθεὶς
3612 4957 3871 5024 προλέγει

2315 5033 2614 5099 συμφορὰς,
2647 5033 2694 5082 εί
2719 5031 3088 5099 πολεμήσειεν.
3138 5033 3438 5101 Ὀργίζεται
3461 5038 3487 5087 6
3530 5037 3871 5104 Ἂχαάϐηιύ-

2312 5132 2434 5166 πτει
2467 5115 2553 5166 τὸν
2604 5112 2838 5179 Μιχαίαν
2878 5113 3125 5176 Σεδεκίας
3168 5116 3194 5166 6
3243 5116 3704 5184 ψευδοπροφήτης.
3757 5119 3866 5169 Κε-

2313 5199 2364 5248 λε
2377 5198 2520 5247 ύεται
2538 5195 2734 5262 ’Λχαάϐ
2757 5194 3033 5262 τηρεῖσθαι
3059 5197 3291 5264 Μιχαίαν
3304 5199 3391 5248 τὸν
3403 5200 3432 5264 2}
3444 5199 3880 5269 ευδοπροφήτην,

2313 5279 2413 5336 ἕως
2444 5278 2506 5327 ἂν
2533 5277 2560 5326 6
2593 5276 2818 5342 πόλεμος
2836 5276 2970 5344 λάϐῃ
3015 5278 3180 5338 τέλος.
3232 5278 3442 5345 Ἐξῆλθε
3481 5278 3872 5346 μαχεσάμενος,

2316 5360 2402 5410 καί
2440 5374 2566 5423 φησι
2590 5356 2663 5423 τῷ
2700 5357 2980 5422 Ἰωσαφάτ
3026 5359 3077 5408 Ἀ
3090 5359 3367 5427 μείψωμεν
3388 5359 3446 5409 16
3470 5360 3648 5426 σχῆμα
3665 5362 3874 5414 καὶτὸν

2316 5439 2616 5508 ἱματισμόν·
2663 5439 2838 5490 λαϐὼν
2884 5439 2992 5500 ἐγὼ
3023 5439 3113 5491 τὸν
3154 5449 3262 5505 σον,
3305 5439 3614 5508 ἀντιδίδωμί
3659 5459 3741 5494 σοι
3780 5444 3872 5497 τὸν

2371 5559 2394 5595 ‘J
2421 5560 2504 5603 Hi;
2529 5560 2704 5604 σοςυιιὶ
2734 5559 2932 5616 paumlla
2958 5559 3101 5606 verba
3127 5561 3172 5606 in
3199 5566 3402 5618 ulmqu
3423 5563 3608 5610 cndir'e.

2373 5622 2393 5646 ε
2435 5619 2444 5662 1
2476 5619 2545 5665 XX
2567 5618 2860 5686 ἰιιιριΊῙ-ι-(ξιρβ
2872 5619 3107 5684 ξουσακίμ
3123 5620 3314 5686 hallec",
3342 5628 3393 5686 ιιι
3414 5624 3484 5669 sic
3505 5628 3652 5672 tiliam
3675 5623 3871 5686 Lugdu-

2317 5692 2476 5726 ncuszx
2502 5681 2672 5725 codex.
2699 5677 2806 5728 Cois
2831 5677 3017 5728 inianus
3045 5692 3160 5726 vero
3182 5681 3439 5735 Σουσακήν.
