3996 6432
625 421 731 476 351

627 530 802 588 regem
823 511 1032 568 Israelis
1055 511 1104 562 in
1129 505 1269 560 bello
1293 501 1642 563 adorirentur,
1668 496 1738 549 illi
1761 493 1998 547 videntes
2035 487 2178 543 lusa-

632 576 757 674 pliat
785 597 1127 670 regequda,
1156 601 1210 648 et
1236 599 1478 660 putantes
1504 601 1622 641 esse
1647 596 1824 652 regem
1848 578 2007 634 Israel
2038 576 2182 646 (nam

636 664 797 750 vestis
827 664 966 760 ipsus
985 682 1234 754 decepit),
1262 676 1714 736 circumsistebant
1748 673 1892 726 illum
1917 710 1929 734 ,
1958 676 2017 721 ut
2041 664 2183 720 occi-

639 755 964 837 derentdllle
992 788 1122 828 vero
1145 772 1382 825 clamans
1408 781 1438 820 a
1479 763 1712 834 periculo
1738 759 2006 814 eximitur.
2038 755 2188 807 Alius

638 879 812 923 autem
839 863 1137 934 sagittarius
1159 859 1297 913 feriit
1320 855 1642 916 Achaabum,
1669 858 1722 904 et
1752 846 1966 916 sanguis
2001 857 2188 896 mana-

639 960 745 1020 bat,
777 932 932 1022 quem
951 950 1229 1004 abluerunt
1257 947 1307 1000 in
1325 945 1487 1007 fonte,
1518 951 1572 995 et
1599 936 1904 993 meretrices
1925 948 1984 988 se
2011 932 2192 986 ablue-

643 1053 763 1099 rnnt
797 1020 854 1096 in
877 1039 1127 1109 sanguine
1156 1037 1268 1104 ejus
1292 1074 1307 1100 ,
1333 1044 1593 1098 canesque
1620 1028 1884 1080 Iinxerunt
1906 1036 2047 1076 eum.
2091 1020 2193 1072 Re-

642 1135 819 1205 gnavit
845 1139 967 1201 post
1010 1126 1310 1184 Achaabum
1336 1120 1592 1176 Ochuzias
1623 1116 1757 1169 filius
1778 1113 1912 1181 ejus.
1935 1109 2065 1176 Quia
2094 1123 2191 1161 au-

646 1198 750 1277 tem
777 1198 1027 1288 Insaphat
1074 1218 1271 1269 amicus
1322 1210 1435 1277 ejus
1459 1207 1574 1270 fuit,
1603 1216 1786 1273 poenas
1827 1199 2001 1263 dedit;
2035 1198 2104 1249 ita
2141 1203 2197 1248 ut

645 1327 806 1383 opera
818 1311 935 1380 ejus
962 1303 1413 1374 iuterpellarentur
1439 1294 1538 1366 (a).

1235 1444 1504 1487 REGNORUH
1534 1444 1602 1482 IV.

718 1571 995 1639 (Egrutans
1019 1564 1272 1620 Ochozias
1295 1561 1434 1614 misit
1453 1558 1747 1612 consultum
1765 1555 1997 1618 Baalem,
2025 1559 2196 1605 utrum

649 1668 980 1717 surrecturus
1006 1664 1181 1710 esset:
1213 1663 1264 1708 et
1289 1651 1484 1706 nuntiis
1506 1663 1786 1704 occurrens
1813 1647 1952 1698 Elias
1974 1642 2201 1712 prophe-

649 1764 722 1817 ta,
749 1751 902 1820 jussit
929 1760 1199 1818 regressus
1227 1744 1467 1798 nuntiare
1513 1745 1680 1808 ipsum
1707 1753 1810 1791 non
1839 1745 2200 1788 surrecturum

647 1818 785 1894 csse.
811 1839 938 1892 Cum
961 1836 1227 1889 didicisset
1249 1840 1421 1884 autem
1448 1827 1703 1882 Ochozias
1732 1838 1848 1877 esse
1886 1823 2071 1882 Eliam,
2104 1818 2204 1872 mi-

655 1932 723 1982 sit
753 1925 1246 1996 quinqnagenarium
1279 1921 1446 1988 primo
1494 1926 1549 1972 et
1575 1915 1839 1976 secundo;
1883 1926 2001 1964 cum
2031 1917 2202 1962 autem

656 2031 876 2087 utcrque
929 2030 1045 2069 cum
1109 2010 1479 2081 quinquaginta
1531 2008 1639 2059 suis
1701 2005 1818 2073 igne
1865 2006 2205 2067 consumptus

660 2111 861 2169 fuisset,
893 2121 1009 2160 cum
1041 2103 1192 2157 tertio
1215 2101 1424 2169 iubetur
1454 2097 1594 2150 Elias
1645 2091 1990 2152 descendere,
2025 2096 2078 2142 et
2116 2102 2202 2141 rc-

657 2212 776 2267 gem
807 2194 988 2248 adiens
1015 2192 1146 2245 dixit
1195 2190 1342 2242 illum
1401 2201 1518 2241 esse
1544 2183 1875 2238 moriturum.
1907 2179 2033 2232 Post
2067 2176 2206 2228 hunc

661 2266 843 2355 regnat
867 2285 1026 2338 frater
1055 2281 1167 2351 ejus
1204 2279 1383 2334 Iuram
1419 2297 1431 2330 :
1463 2291 1563 2328 non
1610 2274 1749 2327 enim
1789 2279 1902 2325 erat
1947 2268 2018 2321 illi
2049 2266 2205 2319 filius.

672 2377 805 2431 IIine
833 2371 1118 2440 assumptio
1145 2370 1268 2424 Elite
1298 2369 1348 2420 in
1372 2366 1578 2421 caelum.
1604 2363 1848 2416 Videntes
1868 2358 1956 2411 lilii
1981 2357 2207 2426 prophe-

664 2477 830 2519 tarum
853 2462 1120 2517 Elisszeum
1145 2459 1283 2512 sicco
1309 2455 1441 2525 pede
1465 2452 1748 2507 Iordanem
1781 2454 2204 2517 praetereuntem,

663 2555 907 2608 dixerunt
942 2548 1201 2618 quievisse
1250 2545 1488 2612 spiritum
1522 2541 1648 2594 Elia:
1677 2552 1836 2606 super
1860 2536 2028 2605 ipsum
2058 2574 2071 2597 ,
2120 2547 2209 2586 ro-

665 2652 890 2713 gantque
921 2637 1055 2692 mitti
1084 2637 1173 2706 qui
1205 2635 1369 2689 Eliam
1401 2631 1799 2701 perquirerent:
1831 2627 1918 2680 ille
1967 2623 2213 2694 prohibe-

669 2732 776 2794 bat.
804 2730 1117 2795 demumque
1167 2724 1382 2777 annuit:
1414 2720 1508 2775 sed
1552 2721 1638 2788 qui
1671 2717 1812 2771 missi
1859 2716 2063 2769 fuerant
2108 2725 2212 2766 non

667 2822 997 2873 invenerunt.
1035 2817 1212 2883 Aquas
1241 2814 1290 2865 in
1321 2809 1529 2865 Iericho
1554 2821 1706 2860 sanas
1729 2804 1898 2859 reddit
1929 2803 2211 2864 Elissmus;

668 2923 788 2962 cum
813 2906 1015 2960 veniret
1041 2904 1090 2956 in
1114 2900 1312 2954 Baetliel
1341 2939 1356 2963 ,
1387 2896 1634 2967 puerulos
1662 2910 1718 2948 se
1745 2892 2023 2946 irridentes
2051 2889 2215 2943 male-

670 2998 818 3058 dicit,
837 2995 1014 3062 illique
1033 2993 1099 3045 ab
1120 2990 1254 3044 ursis
1285 2988 1683 3042 interficiuntur.
1708 2985 1814 3037 Rex
1837 2982 1985 3035 Moab
2005 2980 2214 3033 solitum

668 3085 899 3157 pendere
928 3084 1174 3137 tributum
1227 3080 1427 3133 abnuit.
1457 3078 1656 3129 Bellum
1692 3075 1788 3142 ipsi
1834 3071 1993 3125 infert
2041 3069 2215 3124 Iuram

673 3193 764 3232 rex
789 3173 918 3229 Iuda
939 3180 1206 3239 assumpto
1236 3184 1411 3223 secum
1439 3167 1663 3222 Ochnzia
1690 3179 1810 3233 rege
1838 3162 2020 3225 Israel,
2051 3170 2103 3215 et
2133 3176 2219 3214 re-

675 3282 741 3336 ge
766 3264 929 3319 Edunt
961 3262 1058 3334 (b).
1088 3262 1216 3314 Cum
1250 3267 1424 3312 autem
1459 3272 1562 3310 non
1613 3256 1904 3308 invenirent
1929 3267 2116 3320 aquam
2166 3252 2218 3305 in

677 3356 908 3415 deserto,
949 3362 1002 3406 et
1031 3352 1096 3404 de
1126 3351 1230 3402 vita
1255 3347 1695 3416 periclitarcntur,
1728 3345 2033 3398 consulente
2049 3341 2220 3395 Ocho-

672 3447 753 3501 zia
781 3445 995 3498 veniunt
1019 3441 1078 3494 ad
1127 3441 1420 3494 Elissaeum.
1458 3437 1551 3491 Ille
1580 3451 1706 3490 vero
1747 3434 1986 3487 irascitur
2024 3439 2206 3485 contra

674 3548 851 3602 regem
880 3531 1054 3594 Israel,
1093 3544 1187 3582 nec
1210 3543 1266 3580 se
1295 3527 1436 3580 illum
1468 3525 1732 3592 respicere
1756 3523 1892 3576 velle
1930 3521 2079 3582 dixit,
2122 3521 2219 3572 nisi

676 3622 728 3676 in
751 3622 967 3690 gratiam
998 3619 1137 3687 regis
1163 3616 1331 3670 Iud;e.
1385 3613 1564 3683 Neque
1607 3622 1804 3666 tantum
1841 3626 2088 3679 aquarum
2134 3625 2224 3664 co-

676 3712 814 3780 piam
843 3706 1114 3778 praedicit,
1152 3705 1242 3756 sed
1286 3704 1444 3756 etiam
1475 3701 1746 3754 victoriam
1777 3708 1959 3751 contra
1984 3696 2223 3750 Moabiti-

675 3800 814 3860 dem,
849 3797 898 3849 id
929 3793 1066 3863 quod
1115 3793 1272 3846 etiam
1301 3789 1515 3845 evenit:
1551 3789 1601 3841 in
1645 3795 1942 3854 tantamque
1971 3784 2224 3838 deductus

677 3897 761 3942 est
787 3887 1136 3940 calamitatem
1184 3895 1278 3936 rex
1321 3880 1705 3941 Moabltarum,
1763 3883 1821 3928 ut
1850 3876 2005 3928 etiam
2060 3875 2222 3926 lilium

681 3984 937 4031 tnactaret
951 3989 1105 4042 supra
1135 3985 1360 4025 murum.
1400 3970 1494 4023 Hic
1519 3968 1689 4036 agitur
1711 3967 1775 4018 de
1806 3966 2045 4028 muliere,
2075 3963 2224 4031 cujus

677 4069 850 4124 oleum
894 4063 1370 4133 superabundavit,
1411 4067 1460 4114 et
1489 4059 1554 4112 de
1578 4055 1921 4117 Sunamitide,
1950 4055 2034 4107 cui
2065 4053 2223 4106 filium

680 4159 873 4210 salvum
909 4154 1131 4208 reddidit
1190 4152 1456 4212 Elissazus,
1511 4157 1565 4200 et
1614 4153 1875 4198 mortuum
1929 4143 2218 4196 suscitavit.

680 4245 838 4298 Fame
866 4243 1264 4311 snpervenicnte
1285 4237 1681 4290 amaritudinem
1710 4235 1920 4287 abstulit
1964 4249 1991 4286 a
2019 4233 2220 4297 lebete,

677 4348 731 4390 ct
757 4337 808 4388 in
839 4334 1049 4386 nomine
1088 4330 1176 4383 Dei
1221 4337 1431 4382 centum
1461 4328 1601 4379 viros
1657 4324 1905 4377 enutrivit
1936 4338 1998 4375 ex
2042 4324 2223 4391 viginti

680 4425 902 4494 panibus
931 4420 1260 4474 linrdeaceis.
1307 4418 1472 4485 chra
1504 4415 1721 4468 allectus
1749 4421 1829 4465 cst
1864 4412 2092 4465 Nceman
2119 4412 2224 4464 dux

681 4516 818 4584 regis
847 4515 1031 4576 Syriae,
1073 4510 1158 4578 qui
1190 4507 1446 4561 accedens
1483 4505 1548 4558 ad
1576 4518 1751 4573 regem
1781 4503 1935 4554 Israel
1967 4501 2222 4553 medelam

683 4605 918 4674 petebat;
953 4602 1038 4653 ille
1065 4614 1189 4651 vero
1213 4598 1398 4650 anxius
1415 4593 1565 4648 scidit
1585 4593 1892 4646 vestimenta
1917 4605 2028 4644 sua.
2053 4589 2224 4658 Ipsum

743 4760 817 4821 ()
912 4763 1087 4821 ,
1112 4761 1218 4802 -
1241 4760 1355 4821 ,
1721 4759 1806 4808 .
1962 4750 2099 4793 Forte
2121 4758 2224 4821 me-

681 4805 912 4868 liusrlhzec
949 4805 1092 4863 verba
1131 4805 1435 4872 quadt'arent,
1462 4811 1698 4869 praemissa
1739 4805 1962 4872 particula
2002 4807 2203 4866 negandi

683 4844 773 4868 nu:
952 4844 1092 4863 *
1131 4844 1321 4872 quau-un
1336 4844 1435 4863 -,
1462 4844 1698 4869 law-".9...
1740 4844 1808 4866 1,...
1824 4844 1962 4854 ..-...
2002 4844 2203 4866 "von..."

681 4893 741 4929 ei:
885 4885 1062 4939 suae
1389 4881 1476 4939 in:
1491 4881 1611 4939 chr-fa,
1634 4880 1722 4914 NOII

678 4927 823 4997 (1pm
845 4927 1093 4999 ejns'iltnd
1109 4927 1579 4999 (11]
1614 4934 1897 4999 consentiret
1929 4938 2036 4994 cum
2067 4927 2228 4999 verbis

680 4985 773 5045 illis
796 4985 990 5057 Paralip.
1010 4995 1084 5042 19.
1107 4994 1160 5040 9.:
1257 4989 1438 5039 idcirco
1457 4985 1582 5057 {rain
1603 4987 1793 5057 quidem
1813 4985 2000 5034 Domini
2021 4986 2228 5034 mereba-

679 5059 747 5106 ris
763 5070 780 5104 :
801 5057 881 5104 sed
905 5047 1022 5103 bona
1039 5065 1182 5114 opera
1203 5049 1386 5114 inventa
1407 5055 1510 5114 sunt
1531 5047 1578 5094 in
1603 5053 1662 5114 te:

743 5117 810 5176 (b)
836 5121 944 5162 Haec
1111 5112 1342 5173 quadrant
1373 5111 1467 5176 nisi
1495 5120 1604 5176 cum
1637 5106 1757 5176 God.
1775 5105 1988 5176 Cioislain
2008 5116 2104 5176 quo
2126 5108 2225 5154 evi-

679 5166 852 5225 denter
887 5175 1110 5221 mendum
1130 5166 1234 5219 'cst.
1265 5178 1370 5216 nam
1392 5171 1470 5225 qui
1495 5166 1674 5214 bellum
1699 5166 1905 5214 intulere
1929 5166 2228 5213 Moabitarum

678 5238 803 5298 regi,
833 5240 1138 5298 erant_Joram
1161 5244 1253 5298 rev
1277 5228 1441 5285 Israel,
1467 5242 1490 5274 a
1513 5241 1607 5298 quo
1625 5228 2000 5294 deiecerat).
2017 5228 2229 5298 Meanua-

682 5286 802 5352 min;
828 5293 1043 5354 Jusaphat
1065 5304 1150 5354 res
1171 5291 1300 5354 .tuda,
1328 5295 1378 5336 et
1399 5301 1488 5337 rex
1515 5286 1664 5334 Edoni.
1693 5286 1923 5354 Fortassis
1939 5287 2079 5332 etiam
2104 5286 2148 5332 id
2166 5300 2224 5333 ex

681 5345 912 5404 varietate
938 5345 1293 5408 .cxcmplariuin
1317 5354 1473 5395 ortum
1501 5362 1512 5394 :
1538 5359 1644 5393 nam
1667 5354 1840 5408 quanta
1878 5345 1955 5391 illa
1990 5354 2136 5408 esset,
2161 5349 2228 5392 vi-

679 5418 810 5465 desis
835 5417 880 5463 in
905 5406 1202 5471 Itexaplisad
1229 5415 1369 5468 caput
1392 5408 1494 5471 XIV
1517 5408 1619 5454 libri
1640 5406 1769 5471 tertii
1795 5407 2101 5471 ltegun'i._Sed
2127 5419 2228 5453 me-

681 5478 771 5524 lius
793 5475 1012 5523 credatur
1039 5467 1098 5518 'id
1135 5469 1264 5530 lapsu
1288 5467 1524 5526 graphice
1559 5467 1803 5530 accidisse.
1839 5467 2070 5530 Librarius
2104 5479 2231 5512 enim

677 5525 1319 5596 quispiamprimoloramum
1341 5525 1510 5587 regem
1661 5539 1742 5596 pro
1756 5537 1875 5581 rege
1896 5525 2039 5596 Israel
2061 5537 2228 5583 posue-

678 5585 754 5643 r'it.
781 5585 956 5641 fieinde
982 5594 1102 5640 alius
1122 5589 1361 5639 ochoziam
1385 5585 1554 5648 regem
1577 5585 1725 5634 Israel
1746 5599 1829 5646 pro
1847 5586 2093 5645 lusaphatu
2111 5599 2230 5646 rege

674 5655 798 5705 Iuda
816 5655 1132 5703 substituent.

1383 390 1440 444 S.
1478 384 1748 443 IOANNIS
1779 369 2242 438 CIIRYSOSIOMI
2278 369 2592 428 ARCIIIEP.
2628 372 3150 431 CONSTANI'INOP.

3754 385 3866 439 352

2291 486 2516 539 accersit
2538 485 2808 550 Elissasus,
2827 488 3080 558 jubetque
3107 488 3343 557 immergi
3366 491 3418 541 in
3442 487 3732 544 Iordanem
3755 505 3848 545 se-

2293 577 2449 644 pties.
2479 576 2570 630 Ille
2595 593 2720 631 vero
2750 579 2918 645 primo
2936 579 3146 647 quidem
3173 579 3440 649 neglexit,
3466 594 3564 633 nec
3580 579 3845 634 medelam

2296 663 2416 718 inde
2435 666 2684 734 speravit.
2712 667 2930 720 Demum
2957 667 3122 720 servis
3141 668 3250 721 suis
3268 667 3615 732 hortantibus,
3634 666 3855 720 immer-

2295 754 2432 822 gitur
2458 761 2511 807 et
2536 762 2751 807 curatur
2778 769 2793 806 :
2825 754 3064 822 donaque
3110 754 3363 809 offerebat
3389 755 3626 818 Elissam,
3657 756 3746 823 qui
3767 755 3855 809 illa

2302 846 2522 913 respuit.
2550 845 2931 898 Abscedentem
2981 846 3126 898 illum
3157 845 3461 913 insequutus
3499 845 3640 899 Giesi
3667 859 3859 898 servus

2298 935 2522 996 Elissmi,
2554 935 2703 1002 quasi
2743 935 2809 988 ab
2837 935 3052 988 Elisseae
3079 935 3290 999 missus,
3319 950 3347 988 a
3389 934 3617 990 Neeman
3665 936 3864 1001 accipit

2299 1026 2404 1079 duo
2428 1025 2620 1078 talenta
2645 1034 2912 1092 argentea,
2936 1025 3109 1078 etduo
3129 1024 3460 1078 vestimenta.
3481 1024 3559 1078 Ad
3578 1024 3861 1077 Elissmum

2301 1129 2427 1168 vero
2457 1129 2716 1178 reversus,
2738 1122 2941 1183 gestum
2966 1116 3231 1169 occultare
3265 1116 3516 1169 teutabat.
3543 1115 3634 1169 Ille
3675 1125 3860 1168 autem

2302 1219 2513 1260 servum
2549 1205 2845 1272 redarguit.
2875 1215 2927 1258 et
2957 1206 3008 1258 in
3043 1220 3247 1273 poenam
3271 1206 3726 1273 immisitlepram.
3761 1205 3865 1260 Ve-

2304 1297 2453 1350 niunt
2483 1295 2568 1347 filii
2598 1294 2967 1362 prophetarum
2999 1309 3192 1347 caesum
3216 1294 3354 1363 ligna
3375 1294 3820 1348 admdificandum
3847 1314 3863 1349 :

2306 1395 2362 1440 ut
2395 1401 2524 1441 vero
2549 1386 2745 1440 ferrum
2773 1386 2926 1439 unius
2945 1401 3010 1439 ex
3037 1385 3226 1454 capulo
3248 1383 3464 1448 excidit,
3493 1394 3766 1438 exsectum
3795 1385 3866 1437 Ii-

2304 1489 2462 1544 gnum
2491 1475 2707 1528 immisit
2737 1475 3004 1539 Elissazus,
3038 1483 3091 1529 et
3116 1474 3308 1528 ferrum
3338 1489 3490 1542 supra
3519 1489 3708 1542 aquam
3729 1474 3862 1528 sub-

2307 1565 2465 1616 latum
2502 1571 2602 1616 est.
2652 1563 2765 1616 Rex
2808 1563 2970 1632 Syriae
3006 1562 3202 1616 bellum
3243 1564 3486 1618 movebat
3528 1564 3579 1616 in
3611 1563 3870 1617 Israelem

2308 1660 2368 1705 ut
2393 1651 2708 1719 praedixerat
2747 1650 3020 1705 Elisszeus.
3061 1651 3138 1704 Re
3164 1659 3427 1719 comperta
3451 1649 3660 1716 ,hostis
3699 1652 3874 1704 mittit

2309 1748 2530 1792 turmam
2559 1739 2781 1792 militum
2811 1740 2862 1792 in
2893 1739 3187 1793 Elissmum.
3215 1740 3377 1793 Deum
3402 1751 3616 1809 rogante
3638 1739 3872 1808 prophe-

2309 1837 2358 1882 ta
2378 1868 2393 1892 ,
2425 1830 2662 1882 cmcitate
2691 1829 3050 1896 percutiuntur
3077 1830 3109 1882 ii
3138 1830 3225 1897 qui
3267 1839 3539 1893 venerunt,
3580 1840 3633 1882 et
3660 1829 3874 1883 inducit

2309 1935 2401 1975 eos
2427 1921 2477 1974 in
2495 1922 2697 1974 medios
2726 1921 2984 1985 inimicos,
3015 1935 3292 1988 regemque
3318 1921 3457 1988 ipsos
3485 1921 3745 1987 perimere
3771 1933 3875 1974 vo-

2311 2013 2502 2064 lentem
2531 2009 2742 2063 cohibet
2787 2009 3067 2072 Elisszens,
3118 2009 3209 2062 sed
3236 2009 3384 2075 jubet
3429 2008 3691 2061 alimentis
3726 2008 3875 2061 datis

2311 2100 2526 2152 remitti.
2569 2098 2732 2151 Tanta
2764 2098 3165 2166 superveniente
3220 2097 3394 2163 fame,
3447 2105 3505 2151 ut
3545 2107 3702 2165 caput
3729 2098 3876 2150 asini

2311 2188 2683 2257 quinquaginta
2717 2188 2880 2253 siclls,
2913 2196 2966 2241 et
2994 2196 3175 2256 quarta
3203 2202 3324 2255 pars
3347 2187 3461 2242 cabi
3488 2188 3743 2243 stercoris
3769 2203 3872 2242 co-

2314 2279 2606 2332 Iumbarum
2623 2279 2852 2347 quinque
2872 2277 3015 2331 siclis
3037 2277 3368 2344 venderetur,
3382 2277 3583 2331 accedit
3602 2278 3667 2330 ad
3689 2292 3876 2346 regem

2314 2369 2501 2422 mulier
2522 2367 2740 2421 alteram
2773 2367 3045 2421 mulierem
3089 2368 3349 2431 incusans,
3382 2367 3519 2435 quod
3557 2381 3675 2420 cum
3701 2367 3877 2420 lilium

2315 2471 2467 2510 suum
2493 2471 2671 2512 secum
2695 2456 3031 2518 comedisset,
3063 2457 3498 2524 promisissetque
3526 2469 3586 2509 se
3624 2456 3787 2508 etiam
3814 2456 3879 2508 fi-

2317 2548 2443 2601 lium
2473 2562 2626 2601 suum
2653 2548 2702 2600 in
2732 2546 2904 2601 cibum
2933 2546 3268 2615 praebituram
3290 2559 3426 2608 esse,
3454 2545 3728 2612 promissis
3763 2560 3877 2600 non

2318 2641 2568 2693 Stetisset.
2597 2637 2745 2691 Tunc
2794 2636 2949 2690 scidit
2976 2651 3068 2690 rex
3105 2637 3417 2690 vestimenta
3447 2650 3562 2699 sua,
3616 2636 3877 2703 misitque

2319 2731 2487 2784 virum
2533 2730 2621 2798 qui
2663 2739 2820 2797 caput
2865 2728 3071 2782 Elissxei
3123 2735 3438 2795 amputaret.
3469 2726 3717 2780 Praedicit
3748 2741 3879 2794 pro-

2321 2820 2478 2890 pheta
2508 2821 2556 2874 ei
2585 2820 2672 2889 qui
2709 2835 2765 2874 se
2817 2825 3172 2883 convenerat,
3225 2817 3310 2870 die
3336 2816 3564 2870 crastina
3588 2815 3703 2869 fore
3733 2816 3879 2869 soluo

2322 2912 2522 2964 tionem
2547 2911 2699 2963 famis
2724 2927 2737 2963 :
2767 2923 2888 2962 cum
2917 2918 3089 2961 autem
3136 2907 3223 2960 ille
3261 2922 3365 2960 non
3391 2906 3652 2970 crederet,
3686 2907 3878 2958 vatici-

2323 3009 2478 3054 natur
2497 3000 2545 3052 ei
2574 3007 2818 3051 mortem.
2852 2995 3071 3064 Leprosi
3108 3006 3334 3062 quatuor
3371 2996 3440 3048 ob
3474 2995 3664 3047 famem
3699 2997 3749 3046 in
3783 2994 3881 3048 (le-

2323 3089 2678 3156 Sperationem
2698 3085 2928 3149 adducti,
2949 3099 3066 3138 sese
3092 3084 3329 3137 hostibus
3347 3083 3541 3136 dedere
3558 3083 3878 3145 decernunt,

2325 3190 2378 3236 ct
2397 3182 2460 3234 ad
2488 3189 2657 3233 castra
2685 3179 2976 3240 venientes,
3006 3175 3090 3228 illa
3126 3175 3335 3243 quidem
3368 3173 3668 3225 hominibus
3689 3188 3876 3235 vacua,

2327 3272 2549 3326 tentoria
2570 3285 2697 3325 vero
2737 3269 2932 3323 divitiis
2959 3268 3112 3336 plena
3142 3267 3470 3320 invenerunt.
3503 3265 3580 3316 Ac
3607 3277 3735 3316 cum
3757 3261 3876 3315 diri-

2327 3371 2562 3438 puissent
2584 3377 2776 3437 quanta
2814 3373 3023 3435 gestare
3056 3368 3316 3432 puterant,
3348 3360 3397 3412 id
3444 3359 3548 3426 regi
3581 3356 3878 3410 nuntiatum

2327 3467 2597 3510 venerunt.
2626 3456 2693 3508 Et
2721 3456 2889 3522 primo
2909 3452 3120 3521 quidem
3144 3465 3234 3504 rex
3255 3449 3430 3502 dolum
3459 3447 3677 3498 subesse
3702 3443 3880 3509 suspi-

2327 3549 2543 3603 cabatur
2585 3546 2805 3599 :missis
2837 3553 3006 3596 autem
3052 3540 3346 3608 equitibus,
3401 3549 3521 3589 cum
3568 3547 3681 3587 rem
3733 3541 3883 3584 certo

2329 3635 2703 3704 comperisset,
2753 3633 2925 3686 emisit
2955 3630 3203 3698 populum
3232 3626 3297 3679 ad
3343 3623 3632 3692 diripienda
3665 3630 3840 3676 castra
3867 3637 3884 3676 :

2328 3727 2656 3794 cessavitque
2687 3725 2869 3775 fames.
2901 3720 3000 3785 Qui
3029 3733 3153 3773 vero
3179 3730 3282 3770 non
3312 3712 3608 3769 crediderat
3637 3711 3885 3770 Elissam.

2328 3835 2357 3874 a
2389 3819 2536 3873 turba
2560 3816 2736 3886 populi
2761 3813 3097 3870 conculcatus
3118 3808 3334 3862 interiit.
3362 3803 3603 3858 Praedicit
3629 3801 3891 3854 Elissaens

2331 3908 2568 3970 mulieri,
2598 3905 2748 3972 cujus
2774 3901 2938 3955 lium
2981 3913 3009 3951 a
3043 3905 3213 3951 morte
3257 3893 3599 3949 suscitaverat
3621 3929 3637 3954 ,
3677 3899 3888 3956 septem

2331 4011 2586 4050 annorum
2641 3997 2870 4056 famem,
2927 3991 3265 4054 hortaturque
3308 3984 3449 4037 illam
3497 3990 3551 4034 ut
3589 3995 3618 4032 a
3664 3979 3890 4046 regione

2335 4090 2688 4155 transmigret.
2738 4086 3018 4150 Postquam
3059 4085 3232 4129 autem
3275 4070 3780 4138 transmigraverat,
3813 4067 3893 4117 Ia-

2333 4195 2546 4250 mesque
2571 4177 2829 4238 cessavit,
2857 4185 3066 4226 reversa
3092 4176 3172 4221 est
3209 4176 3489 4232 regemque
3521 4158 3707 4211 adiens
3735 4170 3895 4223 roga-

2331 4274 2404 4325 vit
2431 4245 2487 4325 ut
2515 4269 2705 4339 praedia
2733 4281 2824 4320 sua
2855 4263 2952 4317 sibi
2981 4259 3398 4313 restituerentur.
3427 4250 3539 4303 Rex
3560 4247 3728 4316 Syri-.e
3763 4245 3896 4297 mit-

2332 4366 2393 4417 tit
2437 4361 2501 4414 ad
2549 4360 3096 4421 Elissmum.rogatum
3145 4363 3210 4399 an
3249 4359 3281 4398 c
3323 4341 3508 4395 morbo
3549 4348 3896 4392 surrecturus

2331 4463 2488 4510 c~set.
2522 4453 2612 4504 Ille
2639 4458 2814 4502 autem
2840 4444 3021 4497 nuntio
3046 4440 3196 4500 dixit,
3226 4451 3326 4492 non
3355 4442 3713 4488 surrecturum
3739 4445 3891 4494 esse,

2330 4544 2534 4613 ipsique
2570 4539 2730 4607 etiam
2774 4532 3014 4603 praedixit
3041 4530 3389 4583 lsraelitarum
3420 4521 3728 4592 perniciem.
3756 4519 3897 4573 Cum

2329 4610 2503 4687 autem
2532 4631 2622 4685 ille
2648 4627 2902 4690 obiisset,
2952 4620 3188 4692 regnavit
3236 4620 3284 4671 in
3323 4616 3439 4684 ejus
3481 4614 3652 4666 locum
3702 4610 3892 4663 Azal.

2330 4724 2537 4777 Mortuo
2578 4720 2703 4772 item
2749 4715 2963 4770 Iuramo
3009 4724 3132 4778 rege
3156 4706 3327 4766 Iuda.
3373 4703 3445 4756 illi
3487 4699 3723 4754 succedit
3750 4697 3897 4752 filius

2331 4816 2444 4879 ejus
2492 4809 2768 4865 Ochuzias.
2807 4804 3017 4857 Missum
3045 4800 3291 4853 Elissmus
3319 4807 3477 4848 unum
3504 4806 3568 4845 ex
3614 4789 3737 4843 liis
3767 4803 3896 4857 pro-

2334 4905 2608 4974 phetarum
2631 4941 2646 4964 ,
2677 4899 2822 4967 jubet
2845 4908 3041 4960 ungere
3067 4890 3200 4944 Ieltu
3219 4929 3234 4953 ,
3265 4887 3351 4954 qui
3393 4898 3513 4937 cum
3540 4896 3761 4949 regnum
3792 4895 3892 4932 oc-

2331 4972 2594 5065 cupasset,
2623 4991 2892 5045 Iuramum
2913 4983 3124 5044 occidit,
3147 4990 3200 5034 et
3224 4977 3430 5047 projicit
3455 4989 3575 5028 cum
3604 4974 3653 5025 in
3676 4972 3892 5024 vineam

2333 5060 2620 5142 Nabuthzn,
2683 5092 2840 5147 quam
2895 5077 3233 5139 usurpaverat
3283 5075 3429 5135 pater
3478 5062 3696 5117 Iorami.
3750 5060 3885 5112 Cum

2333 5172 2611 5228 occidisset
2628 5170 2781 5222 etiam
2799 5163 3101 5224 Ochuziam,
3122 5157 3333 5212 intravit
3352 5156 3402 5208 in
3423 5153 3683 5207 civitatem
3705 5148 3890 5202 Israel.

2333 5263 2542 5319 Iezabel
2582 5269 2758 5313 autem
2800 5263 2984 5309 ornata
3009 5249 3324 5318 respiciebat
3352 5259 3382 5299 e
3406 5243 3552 5298 turri.
3581 5241 3692 5293 Rex
3723 5254 3890 5291 eunu-

2335 5357 2449 5408 chis
2501 5351 2752 5422 praaccpit
2793 5356 2851 5399 ut
2893 5343 3034 5398 illam
3077 5339 3483 5412 praecipitarent.
3537 5329 3750 5397 Dejecta
3797 5327 3884 5379 illa

2339 5417 2542 5504 mortua
2592 5417 2694 5498 est.
2739 5437 2942 5493 Occidit
2996 5435 3151 5488 etiam
3197 5430 3328 5483 Ichu
3374 5421 3703 5492 septuaginta
3749 5417 3886 5469 lios

2337 5537 2566 5594 Achaabi
2586 5576 2601 5598 ,
2632 5536 2858 5599 itemque
2890 5527 3077 5580 fratres
3117 5518 3356 5574 Ochozia:
3383 5555 3399 5580 ,
3428 5509 3731 5566 sacerdotes
3755 5523 3888 5576 quo-

2341 5644 2441 5699 quc
2473 5597 2660 5683 Baalis.
2693 5635 2746 5679 et
2774 5597 2982 5676 Raalem
3015 5613 3278 5670 contrivit.
3306 5607 3456 5662 Tunc
3479 5602 3634 5659 Azal
3660 5597 3888 5656 concidit
