3996 6448
176 409 274 465 351

1223 388 1555 446 SYNOPSIS
1591 391 2005 449 SCRIPTURE
2041 391 2307 449 SACRE.

3263 409 3374 465 352

174 511 320 577 ἐμόν.
347 505 435 568 '0;
455 503 512 556 66
547 503 733 570 γέγονε
754 503 928 563 τοῦτο,
950 501 1043 554 καὶ⁷
1063 501 1114 553 οῖ
1145 501 1465 570 στρατιῶται
1504 503 1718 572 ἐντολὴν
1824 504 2062 569 διώξαςό
2091 504 2233 564 Γιεζὶ
2262 505 2292 555 6
2333 507 2459 568 παῖς
2505 504 2596 559 τοῦ
2634 505 2952 569 Ἐλισσαίου,
2994 503 3065 566 ώι,
3095 504 3242 573 παρά
3279 505 3375 557 τοῦ

174 592 478 658 εἰλήφεισαν
513 585 659 654 παρὰ
685 583 778 636 τοῦ
831 582 1088 651 βασιλέως
1123 583 1215 635 τοῦ
1254 584 1476 645 ἑαυτῶν,
1519 584 1723 644 πάντας

1835 583 2138 636 Ἐλισσαίου
2162 585 2448 653 πεμφθεὶς,
2477 585 2738 653 λαμϐάνει
2767 585 2916 654 παρά
2944 585 3035 635 τοῦ
3057 583 3270 652 Νεεμάν
3294 586 3374 636 δι-

175 671 419 736 ἀφέντες,
459 666 600 733 μόνῳ
625 662 702 732 τῷ
728 663 934 731 βασιλεῖ
951 662 1044 712 τοῦ
1095 662 1306 731 Ἰσραήλ
1335 664 1619 715 συνάπτειν
1645 665 1723 724 είς
1824 662 2085 716 τάλαντον
2120 665 2401 734 ἀργυρίου,
2427 667 2520 718 καὶ
2540 667 2631 718 δύο
2667 665 2874 727 στολάς.
2921 664 3117 717 Ἐλθὼν
3149 664 3206 716 δὲ
3241 665 3375 732 πρὸς

175 750 428 816 πόλεμον,
454 747 648 806 ἰδόντες
674 743 763 795 τὸν
812 741 1074 809 Ἰωσαφὰτ
1093 743 1183 794 τὸν
1219 741 1438 809 βασιλέα
1466 743 1557 793 τοῦ
1597 742 1724 793 Ἰού-

1838 742 2136 796 Ἐλισσαῖον
2154 747 2406 814 ἐπειρᾶτο
2431 746 2710 814 κρύπτειν.
2737 747 2793 798 '0
2810 746 2863 797 66
2893 745 3164 815 διήλεγξεν
3193 746 3371 807 αὐτὸν,

174 832 254 890 δα,
283 828 377 879 καὶ
401 826 714 893 νομίσαντες
761 823 918 875 αὑτὸν
944 822 1037 873 τοῦ
1079 821 1290 889 Ἰσραὴλ
1323 816 1458 874 εἷναι
1504 821 1582 889 (τὸ
1619 821 1726 889 γὰρ
1829 821 1924 876 καὶ
1953 827 2214 894 τιμωρίαν
2247 827 2401 880 ἔλαϐε
2453 829 2549 896 τὴν
2601 827 2822 897 λέπραν.
2851 830 3134 896 Ἕρχονται
3182 829 3231 878 οἱ
3272 829 3377 879 υίοὶ

178 911 360 978 σχῆμα
393 907 585 966 αὐτοὺς
610 903 929 972 ἠπάτησεν),
965 901 1222 954 ἐκύκλουν
1254 901 1437 966 αυτὸν,
1465 902 1670 953 ἀνελεῖν
1698 913 1725 942 α
1826 903 1938 958 τῶν
1971 906 2258 976 προφητῶν
2318 907 2477 974 κόψαι
2517 907 2647 969 ξύλα
2685 909 2818 976 πρὸς
2853 909 3153 976 οἰκοδομήν.
3183 907 3268 968 '0;
3319 907 3376 959 δὲ

177 990 439 1048 θέλοντες.
492 986 547 1037 '0
567 985 621 1036 66
649 983 969 1052 ἀναϐοήσας,
1017 981 1302 1050 ἀπηλλάγη
1326 981 1419 1033 τοῦ
1461 981 1724 1035 κινδύνου.

179 1071 399 1137 Ἕτερος
428 1066 483 1117 δέ
513 1082 593 1126 τις
624 1063 840 1132 τοξότης
863 1062 1016 1114 ἐϐαλε
1041 1063 1130 1113 τὸν
1169 1061 1387 1129 Ἀχαάϐ,
1420 1061 1511 1113 καὶ
1537 1062 1724 1132 κατέρ-

180 1149 340 1219 ρειτὸ
369 1143 524 1215 αἷμα.
556 1146 729 1214 Ὅπερ
754 1143 1063 1197 ἀπέπλυναν
1100 1144 1157 1193 ἐν
1187 1145 1252 1211 τῇ
1286 1143 1568 1214 κυρήνῃ(ί.
1590 1143 1724 1214 κρή.

178 1230 284 1300 vn),
316 1229 411 1281 καὶ
456 1228 509 1279 αί
546 1226 734 1296 πόρναι
790 1223 1070 1276 ἐλούσαντο
1114 1224 1171 1274 ἐν
1209 1222 1285 1291 τῷ
1317 1223 1504 1292 αἵματι
1544 1223 1732 1292 αὑτοῦ,

180 1311 271 1363 καὶ
318 1311 366 1360 οί
414 1307 572 1368 κύνες
626 1305 829 1370 ἐλειξαν
880 1303 1029 1356 αὑτό.
1063 1303 1405 1355 Ἐϐασίλευσε
1458 1303 1592 1372 μετά
1643 1305 1736 1358 τὸν

193 1389 394 1459 “law
430 1387 671 1456 ὀχηςίας
703 1387 730 1426 b
754 1388 782 1437 ὁ
804 1386 916 1448 υἱὸς
958 1383 1142 1438 αὑτοῦ.
1183 1385 1268 1446 '0;
1291 1385 1348 1437 66
1381 1385 1532 1453 φίλος
1570 1386 1736 1441 αὑτοῦ

181 1471 403 1536 γέγονεν
442 1467 726 1534 Ἰωσαφὰτ,
779 1465 943 1517 ἔδωκε
994 1465 1170 1532 δίκην,
1215 1463 1276 1515 16
1323 1464 1644 1538 διακοπῆναι
1671 1468 1739 1520 τά

184 1553 319 1619 ἔργα
343 1548 528 1602 αὑτοῦ.

739 1626 1065 1680 Βασιλειῶν
1113 1635 1156 1680 6'
1168 1666 1182 1680 .

262 1711 646 1781 Ἀῤῥωστήσας
683 1708 925 1777 Ὀχοζίας
970 1707 1208 1777 ἐπεμψεν
1242 1708 1513 1778 ἐρωτῆσαι
1559 1713 1617 1765 ἐν
1663 1711 1740 1780 τῷ

185 1795 351 1856 Βάαλ,
388 1796 437 1846 εί
457 1795 835 1862 ἀναστήσεται,
857 1791 950 1844 καὶ
979 1792 1288 1858 ἀπαντήσας
1334 1791 1519 1854 Ἠλίας
1551 1795 1579 1845 6
1610 1810 1742 1862 προ-

187 1878 360 1946 φήτης
384 1878 495 1936 τοῖς
514 1873 876 1934 ἀποσταλεῖσι,
896 1872 1174 1923 ἐκέλευσεν
1197 1872 1527 1935 ἀπελθόντας
1549 1877 1738 1938 εἰπεῖν,

185 1960 267 2010 ὅτι
296 1957 397 2009 οὐκ
420 1955 798 2023 ἀναστήσεται.
829 1951 1027 2006 Μαθὼν
1053 1951 1108 2003 δὲ
1140 1953 1406 2022 Ὀχοζίας,
1435 1955 1516 2006 ὅτι
1560 1953 1741 2016 Ἠλίας

189 2040 356 2100 ἐστὶν,
373 2035 582 2104 έπεμψε
605 2036 694 2086 τὸν
731 2032 1193 2103 πεντηκόνταρχον
1220 2034 1430 2104 πρῶτον
1447 2035 1539 2087 καὶ
1559 2034 1741 2086 δεύτε-

194 2136 302 2191 ρον·
330 2118 404 2180 ώς
425 2119 482 2169 66
534 2115 879 2186 ἀνηλώθησαν
912 2115 1014 2166 ὑπὸ
1038 2116 1130 2168 τοῦ
1159 2116 1325 2186 πυρὸς
1348 2117 1572 2179 ἕκαστος
1608 2117 1743 2185 μετὰ

190 2201 296 2252 τῶν
327 2200 683 2267 πεντήκοντα,
727 2195 863 2265 μετά
899 2194 994 2248 τοῦ
1041 2196 1223 2265 τρίτου
1255 2196 1526 2250 κελεύεται
1557 2197 1745 2249 κατελ-

193 2280 301 2331 θεῖν
322 2279 351 2330 ὁ
393 2278 595 2342 Ἠλίας,
617 2277 709 2329 καὶ
740 2275 906 2329 ἐλθὼν
945 2276 1078 2345 πρὸς
1106 2277 1194 2328 τὸν
1226 2276 1448 2345 βασιλέα
1469 2274 1638 2340 εἷπεν,
1666 2279 1746 2328 ὅτι

195 2363 562 2416 ἀποθανεῖται.
603 2360 753 2412 Μετὰ
785 2359 969 2411 τοῦτον
1001 2358 1267 2428 βασιλεύει
1288 2359 1316 2409 6
1337 2359 1558 2427 ἀδελφὸς
1585 2360 1747 2411 αὐτοῦ

207 2443 428 2512 Ἰωράμ·
459 2441 518 2493 ού
547 2439 653 2510 γὰρ
683 2435 752 2508 ἦν
777 2439 922 2508 αὑτῷ
951 2439 1081 2501 υίός.
1127 2439 1450 2509 Ἐντεῦθενή
1489 2439 1749 2508 ἀνάληψις

195 2522 288 2575 τοῦ
340 2521 520 2573 Ἢλίου
543 2521 624 2582 είς
652 2519 744 2572 τὸν
764 2519 1006 2589 οὐρανόν.
1049 2521 1264 2582 Ἰδόντες
1294 2521 1399 2572 υίο¹ι
1425 2520 1531 2572 τῶν
1544 2538 1751 2591 προφη-

195 2603 306 2655 τῶν
333 2603 425 2654 τὸν
462 2601 757 2652 Ἐλισσαῖον
785 2599 872 2651 διὰ
905 2598 1072 2669 ξηρᾶς
1117 2602 1175 2652 ἐν
1212 2599 1290 2669 τῷ
1337 2601 1572 2671 Ἰορδάνῃ
1612 2600 1744 2668 βαδί-

199 2701 389 2746 σαντα,
424 2676 597 2733 εῐπον·
648 2681 1118 2733 Ἐπαναπέπαυται
1137 2681 1196 2732 τὸ
1212 2680 1425 2750 πνεῦμα
1465 2683 1640 2733 Ἠλίου
1665 2682 1746 2732 ἐπ’

199 2766 382 2828 αὐτὸν,
422 2765 517 2816 καὶ
559 2763 797 2826 ἀξιοῦσιν
827 2762 965 2814 ὥστε
992 2763 1294 2832 ἐπιπέμψαι
1321 2765 1400 2824 εἰς
1436 2764 1752 2833 ἐπιζήτησιν

199 2845 294 2896 τοῦ
350 2844 550 2897 Ἠλίου·
580 2845 608 2894 6
636 2844 691 2896 δὲ
718 2843 1059 2896 διεκώλυσεν·
1092 2843 1312 2912 ὕστερον
1353 2844 1409 2896 δὲ
1451 2845 1754 2914 συνεχώρη-

203 2941 313 2977 σεν·
352 2926 402 2976 οί
435 2924 491 2976 66
520 2922 842 2987 ἀπελθόντες
871 2925 966 2993 οὐχ
994 2917 1169 2993 εὖρον.
1218 2925 1378 2976 Ἰᾶται
1404 2925 1472 2976 τὰ
1503 2927 1559 2977 ἐν
1598 2926 1753 2994 Ἱερι-

203 3006 282 3076 χὼ
313 3005 502 3058 ὕδατα·
542 3005 909 3074 ἀπερχόμενος
955 3007 1034 3068 είς
1067 3005 1287 3075 Βαιθὴλ,
1324 3005 1392 3058 τά
1439 3005 1755 3074 διασύροντα

199 3088 366 3140 αύτδν
423 3087 606 3139 παιδία
636 3088 954 3156 καταρᾶται,
1018 3088 1112 3139 καὶ⁵
1145 3088 1440 3156 ἀναιρεῖται
1489 3089 1591 3140 ὑπὸ
1650 3089 1756 3143 τῶν

205 3171 443 3238 ἄρκτων.
485 3168 544 3218 '0
590 3167 760 3220 Μωάϐ
810 3167 1059 3236 βασιλεὺς
1108 3169 1316 3236 ἀπέστη
1349 3169 1443 3221 τοῦ
1470 3169 1641 3221 τελεῖν
1667 3170 1757 3222 16v

204 3249 432 3302 είωθότα
455 3247 634 3315 φόρον.
672 3248 1076 3316 Ἐπιστρατεύει
1105 3251 1188 3302 ἐπ’
1206 3250 1364 3304 αὑτὸν
1401 3251 1600 3323 Ἰωρὰμ
1623 3253 1650 3303 6
1673 3251 1760 3319 βα-

207 3330 387 3390 σιλεὺς
425 3327 656 3397 Ἰσραὴλ,
684 3328 999 3397 προσλαϐὼν
1025 3330 1116 3382 καὶ
1139 3331 1228 3382 τὸν
1252 3331 1514 3398 Ἰωσαφὰτ
1543 3331 1759 3399 βασιλέα

226 3410 450 3471 Ἰούδαο,
478 3409 573 3460 καὶ
600 3408 688 3460 τὸν
722 3408 894 3478 Ἐδὼμ
937 3409 1174 3478 βασιλέα.
1193 3410 1279 3471 '0;
1305 3410 1358 3461 66
1384 3411 1478 3480 οὐχ
1511 3411 1761 3481 εὕρισκον

204 3492 351 3562 ὕδωρ
367 3494 425 3543 ἐν
438 3492 503 3558 τῇ
525 3488 728 3558 ἐρήμῳ.
753 3489 862 3541 ἀλλ’
881 3490 1205 3542 ἐκινδύνευον
1220 3489 1367 3561 [555]
1381 3491 1757 3562 διαφθαρῆναι,

208 3571 703 3641 συμϐουλεύσαντος
725 3569 963 3638 Ὀχοζίου
993 3571 1237 3640 ἔρχονται
1262 3573 1395 3640 πρὸς
1441 3574 1757 3626 Ἐλισσαῖον.

219 3653 282 3706 '0
307 3650 654 3722 δὲόργίζεται
699 3651 831 3719 πρὸς
871 3651 959 3702 τὸν
998 3651 1216 3719 βασιλέα
1258 3653 1489 3722 Ἰσραὴλ,
1521 3655 1614 3706 καὶ
1653 3655 1761 3706 οὐδ’

211 3735 280 3788 ἂν
309 3735 436 3785 ίδεὶν
464 3732 624 3783 αὑτὸν
652 3730 776 3800 ἔφη,
803 3732 850 3782 εί
886 3731 961 3799 μὴ
998 3732 1082 3783 διά
1113 3733 1203 3784 τὸν
1227 3733 1445 3800 βασιλέα
1487 3736 1759 3788 Ἰούδα.ού

216 3816 371 3884 μόνον
396 3814 452 3865 66
481 3812 667 3874 ὓδατος
688 3811 941 3878 ἀφθονίαν
962 3813 1213 3880 προεῖπεν
1235 3814 1412 3876 αὐτοῖς
1436 3816 1600 3883 ἥξειν,
1631 3816 1764 3868 ἀλλά

207 3896 306 3948 καὶ
328 3895 428 3963 τὴν
445 3893 704 3962 κράτησιν
725 3891 823 3959 τῆς
846 3891 1198 3954 Μωαϐίτιδος,
1230 3893 1520 3962 ὥσπερκα)⁵
1551 3896 1760 3962 γέγονε.

209 3977 308 4030 καὶ
356 3978 437 4038 είς
475 3973 739 4042 τοσαύτην
773 3973 1049 4042 συμφορὰν
1081 3969 1240 4042 ἦλθεν
1277 3974 1304 4024 6
1341 3975 1640 4028 Μωαϐιτῶν
1672 3977 1761 4046 βα-

213 4057 415 4119 σιλεὺς,
449 4055 589 4107 ὥστε
611 4053 700 4106 τὸν
731 4055 842 4105 υίὸν
863 4054 1024 4105 αὐτοῦ
1068 4053 1265 4121 σφάξαι
1293 4054 1495 4107 ἄνωθεν
1534 4057 1638 4108 ἀπὸ
1671 4057 1762 4110 τοῦ

211 4137 445 4206 τείχους.
490 4133 749 4187 Ἐνταῦθα
783 4133 989 4203 ήγυνὴ,
1023 4127 1054 4204 ᾖ
1088 4134 1150 4185 16
1191 4134 1366 4186 ἔλαιον
1396 4135 1763 4203 ἐπερίσσευσε,

215 4219 311 4270 καλ⁸
339 4219 373 4285 ὴ
412 4217 748 4284 Σουμανῖτις,
867 4214 956 4265 τὸν
984 4213 1098 4264 υίὸν
1139 4214 1424 4283 ἐχαρίσατο
1455 4215 1763 4284 εὐξάμενος,

216 4299 314 4350 καὶ
350 4296 682 4348 ἀποθανόντα
705 4294 986 4362 ἀνέστησε.
1031 4292 1204 4361 Λιμοῦ
1237 4294 1524 4362 γενομένου
1557 4297 1656 4365 τήν
1708 4314 1767 4349 τε

217 4379 440 4447 πικρίαν
467 4377 649 4444 ἀφεῖλε
674 4375 769 4445 τὴν
784 4378 839 4428 ἐν
870 4375 946 4444 τῷ
979 4374 1163 4444 λέϐητι
1193 4376 1500 4446 γενομένην,
1529 4378 1622 4431 καὶ
1642 4379 1768 4430 ἐκα-

216 4462 308 4514 τὸν
352 4458 547 4527 ἄνδρας
596 4457 814 4525 ἔθρεψεν
847 4459 902 4508 ἐν
941 4456 1159 4522 ὀνόματι
1199 4456 1330 4508 Θεοῦ
1368 4459 1472 4510 ἀπὲ
1523 4459 1769 4526 κριθίνων

219 4541 397 4610 ἀρτων
421 4540 639 4592 εἴκοσιν.
677 4536 986 4607 Ἐλεπρώθη
1030 4537 1243 4604 Νεεμάν
1279 4540 1306 4589 6
1347 4540 1648 4608 στρατηγὸς
1673 4541 1765 4593 τοῦ

221 4619 481 4688 βασιλέως
501 4620 702 4688 Σύρων·
729 4619 822 4669 καλ¹
849 4617 1015 4670 ἐλθὼν
1048 4617 1184 4686 πρὸς
1210 4618 1298 4668 τὸν
1317 4617 1539 4686 βασιλέα
1555 4619 1769 4690 Ἰσραὴλ

218 4702 400 4771 ἐζήτει
430 4700 739 4769 θεραπείαν·
767 4701 794 4752 6
818 4699 872 4752 66
893 4699 1156 4768 διηπόρει,
1188 4699 1276 4750 καὶ
1292 4699 1535 4769 διέρρηξε
1556 4701 1620 4752 τὰ
1651 4703 1772 4770 ἱμά-

216 4799 310 4836 τια
349 4781 541 4834 αὑτοῦ.
578 4780 1000 4849 Μεταπέμπεται
1046 4779 1204 4831 αὐτὸν
1235 4781 1263 4831 6
1316 4779 1630 4842 Ἐλισσαῖος.
1681 4783 1773 4834 καὶ

217 4862 431 4915 κελεύει
461 4860 811 4929 βαπτισθῆναι
838 4862 895 4912 ἐν
916 4860 991 4929 τῷ
1021 4860 1253 4932 Ἰορδάνῃ
1291 4860 1529 4928 ἕϐδομον.
1561 4862 1616 4912 '0
1632 4862 1687 4912 66
1714 4863 1772 4914 16

223 4945 323 5012 μὲν
350 4940 802 5011 πρῶτονώκνησε,
827 4940 1151 5009 καῖήπίστει
1172 4941 1584 5010 θεραπευθῆναι·
1615 4941 1771 4993 ὕστε-

222 5041 314 5094 ρον
350 5023 409 5075 66
444 5022 548 5074 ὑπὸ
570 5020 680 5072 τῶν
721 5021 920 5074 παίδων
964 5021 1125 5074 αὐτοῦ
1160 5022 1544 5091 παρακληθεὶς,
1580 5021 1773 5090 βαπτί-

222 5107 372 5168 ζεται
389 5105 483 5154 καὶ
500 5101 874 5170 θεραπεύεται,
900 5105 994 5152 καὶ
1017 5101 1183 5153 ἐδίδου
1205 5102 1354 5170 δῶρα
1377 5102 1453 5170 τῷ
1469 5103 1768 5171 Ἐλισσαίῳ.

232 5185 293 5237 '0
325 5185 383 5236 66
411 5184 509 5235 οὐκ
541 5181 746 5250 ἢθελεν.
774 5182 860 5242 '0;
884 5181 938 5233 66
964 5182 1197 5249 ἀπῆλθεν
1225 5184 1253 5233 6
1279 5182 1578 5251 ἄνθρωπος,
1606 5200 1774 5236 κατα-

282 5321 309 5350 ⁸
341 5320 485 5371 Cois].
515 5318 731 5366 ἀνελθεῖν.

282 5380 311 5419 b
335 5381 530 5430 Coislin.
570 5379 736 5432 Ὀζίας.
765 5375 988 5439 Mendum
1027 5381 1120 5439 est.
1156 5376 1432 5439 Legendum
1469 5376 1699 5437 Ὀχοζίας,
1725 5387 1778 5426 ut

222 5440 370 5488 habet
392 5439 633 5499 Lugtiun.,
656 5446 707 5485 et
725 5445 785 5499 υι
805 5438 924 5499 infra
952 5437 1143 5499 legilqr.

286 5503 308 5528 °
333 5495 676 5570 S_ic_[..VUgr_1}1n.,
698 5497 1040 5570 ‘Coislin'kvcfp
1091 5496 1269 5570 160066
1295 5499 1320 5542 6
1344 5496 1563 5570 9600.66;
1608 5495 1776 5568 Ἰούδα,

224 5555 593 5615 προσλαϐὼνἯὲ
619 5559 711 5615 ,καὶ
733 5556 813 5602 τὸν
867 5555 1080 5614 Ὀχοζίαν
1107 5555 1301 5615 βασιλέα
1344 5555 1548 5615 Ἰσραζὴλ,
1584 5557 1661 5599 καὶ
1699 5558 1778 5602 τὸν

458 5614 649 5668 Υἱιίεείδ
671 5628 779 5680 quae
799 5615 863 5663 ad
907 5613 1331 5675 interprc'lulioucm
1376 5613 1587 5663 Latinum
1619 5620 1775 5664 notata

234 5687 344 5726 Sun.
391 5689 502 5726 ὀιτ.

224 5683 344 5727 sum.
372 5678 502 5727 Εωτ.

1830 984 2084 1050 ἐξέπεσεν
2104 988 2218 1049 ἐνὸς
2245 987 2305 1038 16
2332 989 2566 1057 σιδήριον
2597 989 2662 1039 ἐκ
2688 988 2781 1038 τοῦ
2813 987 3046 1048 στελεοῦ,
3082 987 3256 1056 ῥίπτει
3282 987 3372 1049 ξύ-

1830 1064 1921 1120 λον
1936 1069 2244 1130 ἀποκλάσας
2275 1069 2303 1121 6
2344 1069 2657 1132 Ἐλισσαῖος,
2687 1069 2777 1120 καὶ
2798 1069 3182 1137 ἐμετεωρίζετο
3212 1068 3272 1120 16
3293 1086 3377 1119 σι-

1834 1149 2014 1217 δήριον
2040 1149 2131 1201 ἐπὶ¹
2158 1149 2248 1200 τοῦ
2279 1147 2485 1211 ὓδατος.
2519 1149 2775 1210 Βασιλεὺς
2795 1150 2986 1217 Συρίας
3014 1148 3263 1217 ἐπολέμει
3286 1148 3378 1200 τὸν

1849 1229 2078 1298 Ἰσραὴλ,
2111 1229 2458 1297 προλέγοντος
2504 1229 2652 1299 αὐτῷ
2696 1230 2789 1281 τοῦ
2825 1229 3139 1281 Ἐλισσαίου.
3178 1227 3380 1280 Μαθὼν

1835 1308 1865 1358 6
1893 1309 2163 1377 πολέμιος,
2218 1309 2421 1378 πέμπει
2456 1311 2765 1379 στράτευμα
2805 1311 2895 1362 ἐπὶ
2932 1310 3021 1361 τὸν
3064 1309 3377 1361 Ἐλισσαῖον.

1839 1389 2143 1458 Εὑξαμένου
2172 1391 2229 1444 66
2270 1392 2363 1443 τοῦ
2412 1393 2705 1461 προφήτου,
2739 1391 3056 1460 πλήττονται
3082 1391 3308 1462 ἀορασίᾳ
3331 1393 3380 1442 οἱ

1838 1470 2098 1534 ἐλθόντες,
2134 1473 2226 1523 καὶ
2241 1473 2442 1540 είσάγει
2472 1473 2664 1533 αὐτοὺς
2693 1473 2770 1533 είς
2806 1474 2994 1541 μέσους
3016 1475 3136 1536 τοὺς
3160 1472 3382 1542 ἐχθροὺς

1839 1551 2034 1613 αὐτῶν,
2065 1553 2158 1605 καὶ
2186 1553 2502 1622 βουλόμενον
2530 1554 2619 1606 τὸν
2660 1553 2878 1622 βασιλέα
2918 1555 3123 1606 ἀνελεῖν
3165 1555 3378 1618 αὐτοὺς,

1839 1631 2157 1685 διεκώλυσεν
2207 1636 2234 1686 6
2301 1634 2628 1695 Ἐλισσαῖος·
2683 1636 3028 1697 ἐστιάσαντας
3079 1635 3135 1687 66
3192 1635 3383 1696 66106;

1839 1713 2116 1766 ἐκέλευσεν
2167 1716 2454 1784 ἐκπέμψαι.
2489 1715 2659 1784 Λιμοῦ
2706 1716 3094 1777 καταλαϐόντος
3142 1714 3381 1784 ίσχυροῦ,

1841 1794 1916 1855 ὡς
1941 1793 2175 1862 κεφαλὴν
2199 1796 2319 1846 δνου
2366 1797 2700 1865 πεντήκοντα
2747 1796 2959 1858 σίκλων,
3009 1796 3103 1848 καὶ
3133 1797 3384 1865 τέταρτον

1842 1873 2008 1926 κάϐου
2039 1875 2240 1944 κόπρου
2274 1876 2602 1946 περιστερῶν
2624 1877 2780 1928 πέντε
2817 1877 3007 1929 σίκλων
3033 1872 3186 1939 εἶναι,
3215 1893 3385 1943 προσ-

1844 1954 2058 2024 έρχεται
2079 1956 2212 2024 γυνὴ
2234 1957 2310 2024 τῷ
2350 1957 2553 2025 βασιλεῖ
2586 1955 2884 2023 ἐγκαλοῦσα
2920 1957 3079 2025 ἑτέρα
3121 1959 3274 2024 γυνῇ,
3303 1956 3383 2008 ὅτι

1845 2036 1933 2088 τὸν
1956 2037 2067 2088 υἱὸν
2087 2037 2254 2105 αὐτῆς
2271 2037 2652 2105 καταφαγοῦσα
2682 2039 2796 2106 μετ’
2824 2040 3009 2107 αὐτῆς,
3034 2039 3125 2090 καὶ
3155 2037 3242 2088 τὸν
3259 2038 3386 2090 [διον

1845 2116 2181 2186 ὑποσχομένη
2197 2118 2469 2186 παρέξειν,
2484 2119 2768 2187 ήγνωμόνη
2777 2136 2832 2170 σε
2851 2136 2916 2170 πε
2927 2120 2976 2186 ρὶ
2992 2121 3085 2182 τὴν
3105 2118 3385 2171 ἀντίδοσιν.

1845 2198 1976 2249 Τότε
1994 2199 2237 2269 διέρρηξε
2266 2200 2331 2252 τά
2361 2199 2543 2267 ἱμάτια
2582 2200 2743 2251 αὑτοῦ
2777 2200 2805 2250 6
2835 2198 3102 2268 βασιλεὺς,
3133 2200 3223 2250 καὶ
3247 2199 3389 2265 πέμ-

1847 2295 1938 2329 πει
1955 2280 2045 2331 ἐπὶ
2064 2280 2150 2331 τὸν
2165 2280 2460 2331 Ἐλισσαῖον
2488 2279 2702 2347 ἀφελεῖν
2724 2278 2883 2331 αὑτοῦ
2905 2279 2999 2348 τὴν
3016 2280 3270 2347 κεφαλήν.
3292 2279 3390 2331 Λέ-

1845 2376 1931 2426 γει
1953 2361 2272 2430 ὁπροφήτης
2301 2361 2377 2429 τῷ
2401 2361 2701 2412 ἐλθόντιέπ’
2731 2361 2910 2421 αὐτὸν,
2937 2363 3016 2413 ὅτι
3046 2360 3390 2428 αῦριονέσται

1846 2439 1940 2490 τοῦ
1973 2439 2128 2508 λιμοῦ
2158 2442 2189 2508 ή
2220 2441 2387 2502 λύσις.
2443 2441 2526 2502 '0;
2551 2440 2607 2492 66
2655 2440 2943 2508 διηπίστει,
2975 2442 3221 2511 προλέγει
3245 2442 3392 2510 αὐτῷ

1850 2519 2090 2574 θάνατον.
2117 2521 2318 2591 Λεπροὶ
2338 2522 2596 2591 τέσσαρες
2624 2521 2974 2592 ἀπειρηκότες
2990 2521 3065 2590 τῷ
3097 2521 3256 2590 λιμῷ,
3274 2521 3394 2588 βου-

1847 2600 2088 2654 λεύονται
2115 2602 2439 2670 παραδοῦναι
2466 2604 2688 2665 ἐαυτοὺς
2724 2607 2832 2665 τοῖς
2865 2604 3156 2672 πολεμίοις,
3189 2605 3282 2654 καὶ
3309 2604 3394 2654 ἐλ-

1852 2682 2030 2744 θόντες
2049 2684 2125 2744 εἰς
2157 2683 2252 2751 τὴν
2294 2683 2658 2754 παρεμϐολὴν,
2701 2685 2995 2753 ἀνθρώπων
3029 2686 3124 2754 μὲν
3151 2687 3303 2736 κενὸν
3335 2684 3396 2734 16

1849 2762 2046 2832 χωρίον
2077 2757 2249 2832 εὖρον,
2287 2765 2383 2826 τάς
2407 2764 2463 2814 δὲ
2495 2764 2694 2830 σκηνὰς
2724 2764 2900 2817 αὐτῶν
2930 2765 3150 2833 πλήρεις
3171 2763 3396 2817 πλούτου

1851 2843 2066 2898 πολλοῦ.
2120 2844 2229 2895 Καὶ
2276 2843 2666 2910 διαρπάσαντες
2710 2844 2850 2914 ἅπερ
2891 2845 3146 2912 ἠδύναντο
3192 2843 3394 2912 φέρειν,

1853 2926 2094 2988 ἐλθόντες
2122 2924 2451 2993 ἀπήγγειλαν
2478 2924 2555 2993 τῷ
2579 2925 2797 2993 βασιλεῖ.
2833 2927 2941 2977 Καὶ
2968 2927 3028 2978 16
3061 2926 3157 2994 μὲν
3182 2925 3398 2994 πρῶτον

1853 3006 1999 3057 δόλον
2029 3004 2372 3055 ὑπώπτευσεν
2400 2999 2535 3055 εἶναι
2569 3005 2627 3055 16
2651 3007 2876 3074 πρᾶγμα.
2902 3007 2930 3056 6
2960 3005 3203 3073 βασιλεύς
3223 3022 3236 3035 ·
3267 3007 3400 3058 ἀπο-

1857 3086 2068 3145 στείλας
2103 3084 2158 3135 66
2195 3086 2372 3144 ἱππεῖς
2398 3085 2488 3135 καὶ
2523 3083 2701 3152 μαθὼν
2737 3084 2794 3136 16
2817 3085 3000 3152 σαφὲς,
3040 3087 3282 3154 ἐπαφῆκε
3306 3085 3398 3138 τὸν

1856 3165 1978 3218 λαὸν
2005 3168 2068 3233 τῇ
2109 3164 2206 3230 τῆς
2244 3164 2587 3233 παρεμϐολῆς
2621 3165 2889 3233 διαρπαγῇ
2912 3182 2924 3194 ·
2954 3166 3046 3217 καὶ
3089 3165 3245 3234 ἐλύθη
3275 3168 3303 3218 6
3329 3167 3400 3218 λι-

1861 3246 1977 3315 μός.
2003 3246 2110 3297 Καὶ
2131 3246 2158 3296 6
2178 3246 2524 3312 διαπιστήσας
2549 3245 2625 3312 τῷ
2663 3245 2941 3314 Ἐλισσαίῳ
2973 3247 3076 3298 ὑπὸ
3115 3247 3205 3298 τοῦ
3245 3245 3399 3315 ὄχλον

1860 3327 2228 3395 συμπατηθεὶς
2251 3327 2504 3378 ἀπέθανε.
2534 3327 2791 3396 Προλέγει
2827 3330 2892 3395 τῇ
2923 3328 3138 3393 γυναικὶ
3164 3329 3192 3378 6
3225 3328 3402 3380 Ἐλισα-

1862 3411 2028 3471 σαῖος,
2055 3406 2200 3477 [556]
2226 3403 2292 3477 ἧς
2323 3407 2646 3474 ἐζωοποίησε
2674 3407 2764 3458 τὸν
2801 3408 2929 3468 υίὸν,
2960 3409 3187 3476 ἐπταετῆ
3227 3409 3400 3476 λιμὸν,

1860 3489 1952 3541 καὶ
1981 3490 2232 3556 παραινεῖ
2265 3487 2656 3556 μετοικίζεσθαι
2695 3488 2757 3537 ἐκ
2801 3484 2898 3554 τῆς
2943 3486 3123 3555 χώρας
3170 3488 3400 3556 ἐκείνην.

1872 3568 1957 3630 '0;
1984 3569 2036 3619 66
2062 3568 2358 3636 μετῴκησε,
2390 3568 2481 3618 καὶ
2506 3565 2778 3618 ἐπαύσατο
2804 3569 2831 3618 6
2853 3566 3025 3633 λιμὸς,
3064 3568 3220 3620 πάλιν
3242 3568 3405 3620 ἐπαν-

1861 3647 2005 3716 ῆλθε,
2032 3648 2122 3697 καὶ
2155 3645 2516 3715 προσελθοῦσα
2544 3646 2618 3714 τῷ
2650 3645 2852 3714 βασιλεῖ
2873 3647 2967 3716 τὴν
2988 3646 3094 3698 τῶν
3118 3647 3405 3716 κτημάτων

1860 3729 1976 3798 ᾔτει
2005 3727 2332 3780 δεσποτείαν.
2372 3729 2428 3779 Ὀ
2457 3726 2702 3794 βασιλεὺς
2724 3727 2914 3796 Συρίας
2938 3729 3247 3781 ἀποστέλλει
3273 3727 3407 3798 πρὸς

1861 3810 1950 3862 τὸν
1989 3808 2282 3859 Ἐλισσαῖον
2313 3808 2640 3875 πευσόμενος
2672 3810 2718 3859 εί
2742 3809 2990 3875 φεύξεται
3019 3809 3114 3878 τὴν
3141 3809 3311 3873 νόσον,
3348 3811 3406 3861 ἐν

1862 3884 1896 3961 ᾗ
1928 3889 2221 3955 κατείχετο.
2265 3887 2322 3938 '0
2351 3889 2406 3939 66
2428 3888 2502 3956 τῷ
2524 3887 2724 3940 ἐλθόντι
2753 3885 2921 3952 εἶπεν,
2944 3891 3022 3941 ὅτι
3056 3892 3115 3941 06
3135 3887 3408 3957 διαφεύξε-

1865 3986 1970 4032 ται,
1996 3970 2088 4020 καὶ
2109 3969 2501 4036 προεφήτευσεν
2525 3969 2667 4037 αὐτῷ
2693 3969 2783 4020 καὶ
2811 3969 2904 4038 τὴν
2928 3971 3032 4022 τῶν
3071 3971 3408 4040 Ἰσραηλιτῶν

1865 4050 2156 4103 ἀπώλειαν.
2189 4049 2274 4110 '0;
2302 4048 2356 4099 66
2385 4049 2649 4100 ἀπέθανεν
2681 4052 2902 4114 ἐκεῖνος,
2932 4051 3270 4104 ἐϐασίλευσεν
3295 4051 3407 4104 ἀντ’

1864 4129 2027 4183 αὑτοῦ
2073 4129 2287 4196 Ἀζαήλ.
2331 4128 2416 4190 '0;
2449 4129 2505 4180 66
2543 4131 2636 4182 καὶ
2668 4131 2866 4200 Ἰωρὰμ
2895 4131 3233 4201 ἐτελεύτησεν
3258 4136 3284 4184 ό
3314 4133 3410 4201 βα-

1869 4211 2046 4270 σιλεὺς
2083 4208 2269 4270 Ἰούδα,
2310 4209 2607 4277 διαδέχεται
2649 4211 2809 4262 αὑτὸν
2837 4212 2864 4261 6
2900 4212 3010 4273 υίὸς
3050 4212 3209 4264 αὐτοῦ
3264 4215 3412 4280 Ὀχο-

1868 4290 2004 4354 ζίας.
2037 4289 2258 4358 Πέμψας
2289 4292 2317 4341 6
2352 4290 2647 4353 Ἐλισσαῖος
2674 4293 2768 4343 ἕνα
2794 4292 2896 4343 τῶν
2922 4292 3049 4344 υἱῶν
3071 4295 3174 4344 τῶν
3206 4310 3414 4362 προφη-

1865 4373 1992 4436 τῶν,
2039 4371 2286 4423 ἐκέλευσε
2329 4374 2510 4440 χρῖσαι
2563 4370 2681 4434 Ἰοῦ,
2727 4372 2816 4422 καὶ
2864 4372 3180 4440 βασιλεύσας
3232 4377 3259 4424 ὁ
3313 4373 3410 4425 Ἰοῦ

1869 4455 2077 4522 ἀναιρεῖ
2104 4453 2190 4502 τὶν
2234 4452 2449 4519 Ἰωρὰμ,
2495 4453 2584 4502 καὶ
2617 4451 2792 4517 ῥίπτει
2823 4453 2978 4504 αὑτὸν
3012 4455 3089 4514 είς
3125 4454 3213 4506 τὸν
3241 4456 3414 4522 ἀμπε-

1869 4534 2011 4585 λῶνα
2049 4531 2340 4590 Ναϐουθαὶ,
2383 4531 2440 4582 ὃν
2478 4531 2718 4598 ἥρπασεν
2761 4534 2789 4583 6
2837 4534 3013 4601 πατὴρ
3051 4534 3144 4585 τοῦ
3195 4536 3410 4604 Ἰωράμ.

1883 4618 1967 4677 Ὧς
1995 4616 2047 4666 δὲ
2074 4615 2243 4666 ἀνεῖλε
2268 4613 2359 4664 καί
2381 4612 2468 4663 τὸν
2483 4611 2635 4679 Ὀχυζ
2642 4613 2745 4674 ίαν,
2769 4615 3009 4682 εἰσῆλθεν
3040 4617 3118 4678 είς
3149 4619 3245 4684 τὴν
3263 4618 3414 4668 πόλιν

1885 4695 2114 4766 Ἰσραήλ.
2147 4695 2208 4744 'H
2229 4693 2283 4742 66
2317 4692 2546 4755 Ἰεζάϐελ
2565 4694 2890 4763 κοσμηθεῖσα
2918 4698 3255 4766 παρέκυπτεν
3282 4700 3417 4752 ἀνω-

1875 4777 1982 4828 θεν.
2023 4777 2078 4826 '0
2107 4774 2166 4825 66
2193 4771 2435 4840 βασιλεὺς
2461 4769 2578 4824 εἷπε
2600 4777 2706 4836 τοῖς
2738 4777 3005 4844 εὐνούχοις
3043 4778 3189 4848 ῥῖψαι
3229 4779 3414 4846 αὐτὴν,

1875 4858 1967 4909 καὶ
1995 4855 2207 4925 ριφεῖσα
2229 4853 2513 4907 ἀπέθανεν.
2557 4855 2861 4907 Ἀπέκτεινε
2897 4858 2951 4908 66
2984 4861 3012 4909 6
3045 4859 3141 4909 Ἰοῦ
3174 4860 3263 4910 καὶ
3296 4862 3418 4922 τοίς

1875 4937 2236 5003 ἐϐδομήκοντα
2289 4935 2433 4995 υἱοὺς
2473 4935 2688 5002 Ἀχαάϐ,
2738 4930 2844 4988 εἷλε
2873 4940 2964 4990 καὶ
2999 4942 3121 4999 τοὺς
3165 4940 3418 5006 ἀδελφοας

1889 5016 2148 5085 Ὀχοζίου,
2180 5016 2350 5066 ἀνεῖλε
2374 5015 2428 5066 δὲ
2457 5018 2546 5068 καὶ
2579 5018 2703 5077 τοὺς
2731 5019 2889 5086 ἱερεῖς
2913 5019 3008 5069 τοῦ
3033 5021 3193 5084 Βάαλ,
3219 5023 3309 5074 καὶ
3331 5025 3419 5074 τὸν

1879 5097 2024 5149 Βάαλ
2055 5095 2353 5164 συνέτριψε.
2384 5096 2512 5147 Τότε
2539 5099 2566 5147 6
2607 5097 2801 5166 Ἀζαὴλ
2849 5100 3135 5151 συνέκοπτε
3168 5102 3254 5153 τὸν
3293 5103 3419 5164 Ἰεζ-

1881 5181 2034 5248 ραήλ.
2080 5176 2456 5237 Ἀποθανόντος
2487 5178 2543 5228 δὲ
2591 5177 2681 5228 τοῦ
2727 5179 2846 5240 Ἰοῦ,
2895 5180 3157 5248 βασιλεύει
3199 5185 3422 5251 Ἰωαχαζ

1881 5261 1993 5321 υἱὸς
2020 5257 2200 5310 αὑτοῦ.
2237 5257 2315 5308 Τά
2359 5257 2497 5309 κατὰ
2532 5258 2621 5308 τὸν
2665 5259 2814 5321 Ἰωὰς
2847 5264 2932 5312 τὸν
2966 5262 3182 5330 βασιλέα
3234 5265 3419 5328 Ἰούδα,

1881 5344 1971 5395 καὶ
2005 5341 2091 5392 τὸν
2145 5339 2294 5407 ἱερέα
2333 5340 2524 5403 Ἰωδαὲ,
2570 5341 2659 5392 καὶ
2700 5342 2792 5410 τὴν
2848 5345 3112 5398 Γοθολίαν.
3152 5347 3421 5413 Παρεδόθη

1880 5425 1990 5484 τοῖς
2037 5421 2244 5489 ἐχθροῖς
2284 5419 2513 5490 Ἰσραὴλ,
2549 5422 2642 5472 καὶ
2679 5423 2834 5475 πάλιν
2875 5428 2902 5476 ὁ
2935 5426 3060 5488 Θεὸς
3099 5427 3424 5494 ᾠκτείρησεν

1881 5503 2091 5563 αύτούς.
2138 5503 2224 5562 '0;
2280 5501 2335 5553 66
2382 5501 2644 5553 ἀπέθανεν
2712 5505 2953 5573 Ἰωὰχαζ,
3014 5507 3276 5575 βασιλεύει
3333 5507 3423 5558 τοῦ

1895 5584 2106 5654 Ἰσραὴλ
2136 5584 2283 5644 Ἰωὰς
2303 5585 2330 5634 ό
2355 5583 2465 5644 υἱὸς
2480 5585 2663 5647 αὑτοῦ,
2686 5588 2776 5637 καὶ
2801 5587 2966 5639 ἐλθὼν
3000 5589 3130 5655 πρὸς
3148 5588 3235 5640 τὸν
3259 5590 3426 5640 Ἐλισ-

1888 5671 2031 5721 σαῖον
2057 5666 2284 5718 ἔκλαιεν.
2328 5665 2385 5718 '0
2439 5665 2494 5718 66
2541 5669 2864 5735 προσέταξεν
2906 5669 3070 5738 αύτῷ,
3101 5671 3256 5724 πέντε
3305 5672 3428 5740 βέλη
