3996 6418
237 408 346 463 353

226 507 512 567 1118ηὸ10111
538 546 551 560 .
580 507 786 563 Mortuo
811 506 945 561 Jelm
985 514 1170 575 regnat
1210 504 1436 561 Joachas
1478 504 1616 561 ﬁlius
1655 506 1789 576 ejus.

226 600 458 655 Historia
484 613 667 653 eorum
697 612 815 667 quae
845 604 1086 666 spectant
1104 595 1168 649 ad
1190 594 1405 650 Joasum
1431 608 1609 664 regem
1634 594 1791 657 Juda,

224 691 289 744 ad
321 689 652 744 sacerdotem
679 686 844 741 Jodaé
866 727 882 753 ,
910 695 964 741 et
983 686 1049 740 ad
1072 684 1395 740 Gotholiam.
1429 683 1592 739 Israel
1625 684 1793 737 hosti-

224 780 322 832 bus
354 778 578 832 traditur
600 818 617 843 ,
649 792 970 845 rursumque
1006 776 1146 830 Deus
1188 775 1437 829 misertus
1464 783 1545 829 est
1588 790 1794 829 eorum.

229 869 436 923 Mortuo
461 878 639 922 autem
685 868 949 923 Joachazo
974 907 989 930 ,
1028 868 1265 936 regnavit
1302 868 1352 920 in
1383 866 1632 920 lsraelem
1670 866 1798 921 Joas

225 961 362 1013 ﬁlius
389 962 507 1026 ejus
526 999 541 1020 ,
569 959 657 1027 qui
682 959 899 1012 veniens
924 957 989 1010 ad
1020 957 1293 1011 Elisszeum
1326 956 1504 1011 ﬁebat.
1533 955 1627 1009 1110
1656 971 1799 1023 prae-

218 1050 365 1117 cepit
391 1048 441 1103 ei
463 1089 477 1111 ,
513 1058 567 1102 ut
611 1048 837 1116 arreptis
864 1048 1098 1115 quinque
1146 1046 1349 1114 sagittis
1389 1045 1714 1113 jacularetur
1741 1045 1792 1099 in

224 1147 442 1191 terram.
470 1136 601 1190 Cum
625 1145 801 1189 autem
833 1135 998 1187 tribus
1026 1133 1237 1187 emissis
1258 1140 1512 1196 cessaret,
1541 1132 1675 1184 dixit
1704 1134 1751 1185 ei
1783 1151 1795 1185 :

222 1230 325 1283 Ter
354 1228 620 1297 percuties
651 1227 857 1296 Syriam
889 1242 903 1280 :
934 1226 977 1278 si
1002 1224 1284 1293 quinquies
1305 1223 1575 1292 jaculatus
1610 1237 1756 1276 esses
1781 1264 1795 1285 ,

222 1334 390 1387 usque
433 1318 500 1372 ad
529 1317 1036 1371 consummationem
1084 1314 1434 1382 percussisses
1476 1327 1613 1366 eam.
1661 1312 1800 1365 Mor-

222 1420 344 1463 tuus
373 1409 623 1463 Elissteus
666 1406 919 1476 sepelitur
939 1445 952 1468 ,
986 1413 1041 1459 et
1064 1404 1329 1472 projectus
1381 1410 1625 1456 mortuus
1654 1402 1800 1472 quis-

223 1500 363 1567 piam
412 1497 465 1550 in
512 1496 813 1565 sepulcrum
862 1494 997 1562 ejus,
1025 1494 1275 1545 surrexit.
1325 1491 1531 1544 Mortuo
1580 1491 1793 1554 Azaéle,

220 1586 463 1656 regnavit
507 1585 647 1638 lilius
685 1583 828 1638 Ader
869 1585 919 1637 in
946 1583 1063 1651 ejus
1095 1582 1287 1635 locum.
1337 1579 1461 1634 Joas
1514 1587 1595 1633 ter
1633 1580 1798 1649 Syros

221 1676 501 1745 percussit,
538 1685 594 1729 et
623 1683 859 1729 mortuus
884 1682 1001 1737 est,
1031 1680 1319 1741 regnatque
1342 1670 1625 1724 Jeroboam
1658 1670 1799 1725 ﬁlius

219 1769 355 1835 ejus.
388 1766 599 1820 Mortuo
628 1765 750 1819 item
779 1763 937 1818 Joaso
978 1777 1102 1831 rege
1146 1760 1281 1815 Juda
1306 1800 1319 1824 ,
1350 1760 1591 1828 regnavit
1640 1762 1798 1814 Ame-

219 1856 326 1909 sias
358 1856 500 1908 blius
531 1854 647 1922 ejus
678 1868 692 1905 ι
723 1854 811 1921 qui
858 1868 977 1906 cum
1025 1852 1377 1919 percussisset
1423 1849 1591 1903 Edom
1619 1890 1633 1915 ,
1665 1864 1794 1904 con-

217 1958 435 2012 gressus
466 1952 551 1997 est
576 1957 696 1996 cum
726 1941 885 1995 Joaso
913 1955 1036 2008 rege
1060 1939 1293 1993 lsraelis.
1346 1938 1443 1992 Hic
1471 1949 1645 1992 autem
1674 1942 1798 1992 vicit

220 2050 372 2095 cum,
420 2044 475 2087 et
518 2033 791 2102 ingressus
830 2041 910 2085 est
955 2031 1362 2101 Jerosolymam.
1410 2030 1615 2083 Mortuo
1643 2029 1795 2084 1010-

220 2122 687 2191 boamo,regnavit
737 2123 789 2175 in
840 2123 1091 2176 lsraelem
1144 2120 1425 2174 Zacharias
1470 2120 1607 2175 ﬁlius
1654 2122 1791 2189 ejus.

221 2215 485 2269 Defuncto
509 2214 635 2266 item
666 2214 875 2267 Amesia
905 2227 1028 2281 rege
1056 2211 1219 2275 Juda,
1252 2214 1494 2281 regnavit
1541 2214 1789 2278 Azarias,

220 2304 307 2372 qui
340 2314 390 2358 et
418 2302 595 2357 Ozias.
628 2302 737 2356 Hoc
776 2311 1028 2370 regnante
1071 2301 1387 2369 prophetare
1424 2302 1586 2369 caspit
1632 2300 1790 2356 Osee.

221 2392 480 2446 Zacliaria
526 2392 890 2450 occiso.Selus
922 2389 1002 2460 (a)
1034 2392 1273 2460 regnavit
1302 2391 1351 2442 in
1382 2389 1650 2444 lsraelem.
1698 2391 1793 2444 llic

222 2498 349 2537 usus
377 2492 462 2537 est
486 2482 797 2536 commilitio
820 2482 984 2536 Phure
1012 2483 1151 2551 regis
1175 2482 1517 2550 Assyriorum
1546 2482 1691 2535 mille
1716 2490 1794 2534 ta-

218 2572 376 2627 lentis
404 2573 503 2641 ipsi
542 2572 698 2625 datis.
727 2571 818 2625 Illo
846 2570 1304 2633 mortuu,Mauaim
1343 2571 1580 2638 regnavit
1608 2570 1656 2622 in
1678 2571 1792 2638 ejus

222 2662 415 2715 locum.
451 2662 577 2715 Post
596 2662 774 2715 Oziam
821 2661 1058 2729 regnavit
1089 2662 1139 2712 in
1167 2659 1354 2713 Judam
1399 2658 1611 2713 Jotham
1653 2658 1791 2713 ﬁlius

220 2754 353 2821 ejus.
398 2751 517 2817 Quo
548 2759 756 2804 mortuo
786 2750 1027 2819 regnavit
1057 2749 1233 2802 Achaz
1264 2748 1404 2801 lilius
1432 2748 1662 2801 Jotbam.
1694 2748 1792 2804 Illo

221 2849 477 2909 regnante
500 2840 690 2893 Raasin
711 2839 876 2909 Syrus
896 2846 949 2891 et
970 2838 1168 2891 Phaces
1188 2838 1324 2890 ﬁlius
1346 2836 1599 2890 llomeliae
1617 2852 1795 2891 ascen-

220 2932 433 2985 derunt.
484 2930 661 2984 Aebaz
688 2939 863 2983 autem
908 2928 1052 2981 misit
1080 2927 1145 2979 ad
1176 2926 1598 2995 Theglaphassar
1626 2930 1788 2998 Assy-

224 3025 379 3086 rium,
413 3022 478 3076 ad
510 3022 879 3076 commilitium
913 3036 1163 3075 evocans.
1193 3020 1284 3074 Ille
1313 3029 1490 3073 autem
1536 3022 1753 3075 veniens
1774 3061 1789 3083 ,

220 3113 359 3180 cepit
386 3113 699 3165 Damascem
723 3153 737 3175 ,
767 3120 820 3165 et
852 3111 1047 3163 Raasin
1077 3110 1289 3163 occidit.
1320 3109 1573 3163 Ascendit
1612 3121 1788 3163 autem

220 3212 274 3255 et
301 3202 642 3255 Salmanasar
681 3202 931 3270 Assyrius
961 3199 1027 3253 ad
1074 3198 1210 3253 Osee
1238 3200 1402 3251 ﬁlium
1432 3200 1545 3262 Ela,
1574 3200 1661 3267 qui
1700 3200 1795 3253 fuit

222 3295 290 3348 illi
321 3308 530 3348 servus.
567 3293 633 3347 Ut
664 3293 808 3346 novit
846 3302 1021 3346 autem
1073 3291 1321 3359 Assyrius
1366 3290 1513 3343 illum
1537 3290 1791 3344 defectio-

225 3402 344 3439 nem
373 3385 643 3452 cogitare;
676 3383 892 3435 miserat
913 3383 1105 3451 quippe
1132 3382 1330 3449 legatos
1354 3381 1421 3433 ad
1462 3380 1790 3449 IEtbiOpem,

221 3478 430 3530 obsedit
456 3491 575 3528 eum
604 3488 657 3529 et
697 3476 860 3526 vinxit
908 3490 1027 3526 eum
1057 3508 1071 3532 ,
1102 3484 1361 3541 raptaque
1383 3472 1624 3526 Samaria
1651 3473 1793 3526 aliis-

219 3585 319 3638 que
351 3568 570 3623 urbibus
593 3607 608 3630 ,
633 3567 853 3634 populos
881 3565 1145 3617 transtulit
1190 3564 1239 3616 in
1270 3564 1539 3631 Assyrios.
1570 3563 1662 3615 llic
1705 3578 1793 3614 ac-

220 3660 423 3713 cusatio
453 3658 676 3711 habetur
713 3656 921 3708 lsraelis
946 3662 999 3707 et
1026 3654 1195 3707 Juda}.
1224 3652 1323 3719 Qui
1345 3652 1555 3706 adducti
1583 3652 1792 3705 fuerant

220 3768 281 3804 ex
333 3750 606 3819 Babylone
654 3748 704 3800 111
734 3746 1021 3799 Samariam
1050 3785 1063 3807 ,
1108 3754 1164 3797 ut
1194 3744 1490 3797 habitarent
1532 3743 1638 3807 ibi,
1669 3744 1790 3811 quia

223 3858 325 3895 non
381 3840 638 3893 timebant
700 3838 902 3897 Deum,
952 3835 1403 3888 interﬁciebantur
1449 3848 1477 3885 0
1526 3834 1787 3887 leonibus.

221 3933 370 3983 Tunc
414 3928 639 3981 mittitur
670 3925 920 3979 sacerdos
952 3923 1105 3986 inde,
1138 3926 1225 3991 qui
1272 3923 1425 3975 docet
1465 3922 1582 3975 illus
1625 3923 1789 3990 legem

224 4024 313 4075 1101
348 4040 360 4074 :
390 4029 445 4075 et
475 4019 548 4073 1111
572 4019 731 4072 Deum
760 4014 1033 4077 timebant,
1064 4014 1305 4082 idolaque
1326 4013 1588 4066 colebant.
1619 4013 1793 4066 Histo-

221 4115 297 4165 ria
332 4110 579 4165 Ezechia:
606 4114 661 4161 et
686 4106 1025 4175 ASsyriorum
1058 4144 1072 4166 ,
1102 4119 1219 4171 qua:
1258 4103 1413 4155 etiam
1452 4103 1504 4155 in
1539 4103 1669 4155 Isaia
1701 4102 1793 4155 ha-

221 4202 435 4255 bentur.
482 4196 708 4251 Historia
764 4194 1020 4247 Manassis
1046 4202 1098 4245 et
1138 4192 1419 4259 impietatis
1463 4190 1793 4259 cmdiumque

223 4295 356 4361 ejus.
381 4290 453 4345 Ut
480 4297 655 4341 autem
676 4300 914 4339 mortuus
935 4293 1035 4345 est,
1055 4282 1286 4350 regnavit
1312 4283 1448 4334 lilius
1469 4280 1581 4350 ejus
1598 4282 1786 4334 Amen.

224 4385 338 4451 Quo
368 4390 600 4439 mortuo,
634 4378 871 4447 regnavit
898 4376 1070 4430 Josias
1100 4374 1237 4427 ﬁlius
1263 4374 1377 4441 ejus
1405 4388 1418 4423 :
1444 4372 1509 4426 de
1534 4388 1640 4440 quo
1670 4386 1793 4440 pro-

221 4476 381 4544 pheta
411 4470 657 4541 111-01111111
682 4468 999 4523 Jeroboamo
1037 4481 1190 4519 servo
1220 4464 1517 4519 Salomonis
1536 4504 1550 4530 ,
1582 4464 1792 4533 quando

219 4578 414 4619 manus
444 4562 583 4630 regis
608 4559 752 4613 arida
796 4557 929 4611 facta
971 4565 1070 4611 est.
1108 4557 1202 4609 Hic
1245 4556 1552 4623 expurgavit
1576 4555 1792 4609 Jerusa-

228 4656 351 4717 lem,
386 4654 607 4719 loeaque
626 4649 800 4703 omnia
820 4687 834 4709 ,
864 4646 1043 4700 eﬁ‘odit
1072 4647 1184 4698 loca
1213 4645 1570 4712 sepulcrorum
1600 4644 1649 4695 in
1672 4643 1791 4712 qni-

228 4745 325 4797 bus
374 4743 679 4799 sacerdotes
722 4740 1020 4801 idolorum,
1072 4737 1316 4790 contrivit
1364 4735 1523 4787 idola.
1578 4734 1652 4787 De
1705 4734 1793 4785 illo

225 4834 423 4888 dictum
456 4839 569 4894 est,
611 4830 835 4883 similem
858 4828 907 4881 ei
952 4842 1053 4879 non
1095 4825 1255 4877 fuisse
1285 4832 1435 4875 antea
1466 4838 1642 4889 regem
1663 4860 1679 4885 ,
1706 4823 1791 4890 qui

220 4935 519 4977 conversus
569 4919 725 4972 fuerit
760 4917 825 4971 ad
876 4917 1153 4969 Dominum
1198 4915 1248 4966 in
1296 4921 1407 4965 toto
1452 4911 1613 4964 corde
1661 4927 1789 4974 suo,

228 5028 281 5070 et
305 5018 353 5067 in
384 5023 492 5067 tota
518 5011 691 5063 anima
716 5023 829 5061 sua.
872 5008 985 5060 Hoc
1014 5013 1265 5074 regnante
1295 5001 1610 5070 prophetare
1637 5002 1795 5067 caapit

228 5103 492 5159 Jeremias
521 5116 534 5151 :
570 5099 827 5166 liujusque
856 5106 1094 5163 tempore
1119 5103 1234 5147 erat
1261 5091 1391 5146 Olda
1439 5092 1791 5159 prophetissa.

230 5196 359 5249 Cum
392 5203 567 5246 autem
596 5188 878 5243 accidisset
905 5202 1025 5238 eum
1054 5187 1259 5238 Pharao
1293 5182 1536 5244 Nechao,
1561 5182 1795 5249 regnavit

231 5287 458 5342 Joacbas
480 5284 619 5337 ﬁlius
644 5282 756 5348 ejus
778 5292 873 5347 pro
895 5292 977 5330 eo.
1004 5277 1207 5330 Pharao
1236 5284 1410 5327 autem
1439 5272 1537 5325 hoc
1565 5271 1792 5337 dejecto,

231 5388 286 5433 et
331 5380 384 5432 in
428 5375 712 5443 Aigyptum
756 5368 1010 5429 abducto,
1061 5366 1148 5419 ubi
1196 5366 1355 5419 etiam
1394 5369 1631 5415 mortuus
1677 5369 1791 5427 est,

293 5512 364 5573 (a)
389 5503 782 5615 LugdunJiabet,
800 5495 985 5554 uaria,
1013 5509 1116 5556 pro,
1144 5491 1393 5563 Zacharia.
1419 5491 1474 5539 In
1496 5489 1601 5538 aliis
1624 5500 1795 5560 exem-

293 5565 445 5615 irihus
487 5568 665 5615 exitur.
680 5562 875 5615 Sullam,
894 5571 995 5615 pro,
1015 5555 1161 5605 Seius.
1176 5563 1269 5601 Non
1289 5554 1369 5615 lue
1388 5559 1565 5615 autem,
1586 5549 1671 5615 sed
1693 5562 1795 5615 ejus

235 5549 665 5627 gustasse};
680 5549 881 5627 Salium...
894 5549 995 5627 pro}
1014 5549 1369 5627 Schts-.5092“?
1388 5559 1565 5627 ³111οη
1586 5549 1799 5627 ἓξὲξέμδ

234 5611 719 5678 ξιῖἶὲἔὲξοῖιῖἔύέέβι
739 5611 917 5669 auxilio
941 5611 1078 5664 Pbute
1094 5655 1105 5673 ,
1130 5613 1397 5679 sive__t_’hul,
1421 5613 1554 5673 regis
1577 5611 1797 5679 Assyrio-

234 5673 357 5738 iiii.
371 5673 463 5742 sed
488 5673 655 5736 eratin
677 5680 1031 5743 exemplaribus
1047 5677 1218 5723 Graecis
1237 5673 1463 5722 librorum
1484 5679 1662 5734 Regum
1679 5673 1798 5718 mira

238 5754 497 5801 lectionum
520 5748 740 5795 varietas.

531 5856 797 5913 Ριτιιοι..
844 5856 958 5911 Gn.
1002 5850 1155 5911 LVI.

1318 392 1641 450 SYNOPSIS
1676 392 2081 451 80311³⁸111Βῶ
2120 394 2384 451 ΞΑΕΠᾹζ.

3356 425 3465 478 354

1905 509 2179 563 constituit
2209 524 2388 579 regem
2432 510 2589 565 1081111
2637 510 2801 565 11111101
2844 512 3096 578 Eliacim,
3148 517 3238 585 qui
3265 527 3317 571 et
3347 519 3465 572 Joa-

1903 596 2078 663 chim,
2109 606 2162 651 et
2189 608 2344 653 terrae
2393 600 2644 653 tributum
2693 601 2962 670 imposuit.
2990 604 3227 660 Joachim
3275 609 3469 677 primus

1905 686 1959 739 in
1987 696 2297 756 potestatem
2326 689 2859 747 Nabuchodonosoris
2888 696 3151 760 redactus,
3184 711 3331 753 ettra
3356 717 3470 753 mu-

1904 791 1994 831 ros
2019 777 2257 845 dejectus
2282 788 2384 833 est.
2414 780 2491 834 De
2522 781 2613 834 illo
2643 783 2716 834 ait
2758 783 3015 839 Jeremias
3049 805 3061 838 :
3094 786 3207 840 Erit
3247 790 3445 842 ntortiri
3464 824 3470 828 -

1905 882 2024 918 num
2050 868 2160 936 ejus
2184 871 2461 939 projectum
2489 872 2542 923 in
2569 881 2744 925 malum
2769 874 2869 927 diei
2888 916 2901 939 ,
2933 886 2977 928 et
3003 877 3053 928 in
3082 879 3247 948 frigus
3269 883 3427 933 noctis
3454 898 3472 935 :

1904 962 1959 1009 et
1985 965 2108 1011 tunc
2133 956 2411 1026 Sepultum
2434 961 2562 1013 asini
2594 963 2857 1030 sepelietur
2878 964 3007 1033 (Jer.
3029 967 3116 1021 '56.
3136 968 3224 1022 30.
3252 970 3341 1022 ‘22.
3366 972 3473 1039 l9).

1906 1043 2036 1099 Nam
2068 1056 2349 1116 postquam
2392 1048 2681 1104 dissolutus
2727 1062 2782 1106 et
2824 1064 3105 1123 corruptus
3154 1067 3301 1123 erat,
3354 1070 3477 1115 tunc

1906 1136 2143 1203 sepultus
2185 1145 2284 1191 est.
2317 1138 2525 1194 Mortuo
2554 1141 2775 1195 Eliacim
2822 1144 2933 1197 sive
2975 1144 3213 1200 Joacbim
3248 1149 3474 1202 1111010-

1904 1223 2032 1288 81οι1,
2073 1234 2258 1293 regnat
2300 1226 2538 1282 Joachim
2583 1229 2722 1283 ﬁlius
2770 1231 2913 1300 ejus,
2948 1248 3111 1301 nepos
3152 1235 3328 1290 108101.
3378 1238 3475 1295 lle

1906 1325 2064 1378 porro
2092 1313 2327 1367 Joachim
2350 1357 2363 1380 ,
2395 1317 2553 1370 etiam
2581 1317 2862 1372 Jeehonias
2890 1323 3268 1389 appellabatur.
3293 1326 3472 1396 Neque

1906 1403 2039 1455 ultra
2071 1419 2163 1457 rex
2194 1404 2408 1474 {Egypli
2440 1407 2605 1461 exivit
2654 1408 2719 1462 de
2747 1418 2885 1463 terra
2916 1425 3031 1464 sua.
3082 1412 3212 1466 Cum
3242 1416 3476 1471 venisset

1902 1500 2077 1546 autem
2124 1494 2617 1551 Nabuchodonosor
2662 1507 2715 1552 et
2760 1498 3029 1554 obsideret
3083 1504 3305 1572 urbem,
3351 1507 3473 1575 quia

1902 1584 2046 1637 venit
2073 1584 2139 1636 ad
2168 1599 2287 1637 eum
2316 1601 2437 1639 eum
2487 1597 2654 1641 matre
2684 1603 2777 1641 sua
2808 1588 3045 1643 Joachim
3078 1593 3165 1660 qui
3194 1603 3246 1647 et
3278 1594 3471 1649 Jeeho-

1901 1674 2037 1740 nias,
2061 1674 2279 1728 abduxit
2296 1691 2416 1729 eum
2438 1677 2489 1729 in
2512 1677 2859 1747 Babylonem,
2883 1689 2935 1733 et
2954 1682 3229 1735 constituit
3252 1683 3467 1739 fratrem

1901 1764 2066 1831 patris
2093 1763 2208 1832 ejus
2241 1765 2408 1818 ﬁlium
2437 1766 2596 1820 108101
2623 1782 2802 1837 regem
2829 1771 2880 1822 in
2905 1768 3223 1826 Jerusalem.
3256 1773 3351 1827 1110
3377 1791 3473 1828 au-

1903 1862 2006 1906 tem
2037 1864 2151 1907 erat
2175 1854 2517 1921 Matthanias,
2546 1857 2634 1925 qui
2674 1867 2729 1911 et
2768 1858 3035 1912 Sedecias.
3067 1860 3135 1914 Ut
3164 1871 3339 1914 autem
3384 1864 3471 1918 ille

1901 1945 2275 2012 pnevaricatus
2296 1954 2376 1998 est
2396 1956 2579 1999 contra
2608 1962 2783 2015 regem
2806 1948 3110 2019 Babylonis,
3132 1952 3276 2005 venit
3295 1953 3470 2008 Nabu-

1900 2033 2257 2099 chodonosor,
2291 2044 2343 2089 et
2372 2036 2581 2089 obsedit
2607 2036 2901 2092 Jerusalem
2934 2056 2947 2093 :
2977 2055 3077 2109 qua
3108 2052 3259 2111 capta
3306 2054 3357 2097 et
3387 2047 3470 2097 in-

1899 2136 2080 2187 censa,
2099 2122 2372 2177 Sedeciam
2398 2135 2719 2179 esca-catum
2738 2138 2790 2181 et
2808 2130 3034 2182 vinctum
3056 2130 3269 2186 abduxit
3300 2133 3467 2187 111Βο-

1898 2211 2163 2281 bylonem.
2183 2213 2461 2267 Godoliam
2480 2231 2603 2270 vero
2616 2219 3054 2288 constituitsuper
3074 2236 3167 2275 eos
3189 2223 3276 2291 qui
3295 2224 3463 2277 relicti

1898 2301 2106 2355 fuerant
2135 2303 2187 2356 in
2215 2303 2531 2359 Jerusalem.
2569 2306 2853 2377 Postquam
2885 2319 3057 2364 autem
3090 2312 3234 2367 illum
3274 2315 3467 2369 occidit

1898 2394 2104 2459 lsmael,
2128 2398 2345 2464 profecti
2367 2397 2439 2450 illi
2466 2398 2665 2452 residui
2694 2401 2915 2469 ingressi
2938 2412 3060 2455 sunt
3082 2404 3131 2457 in
3154 2404 3460 2474 IEgyptum.

1899 2484 2084 2539 Postea
2141 2503 2267 2540 vero
2290 2488 2621 2543 Joachimum
2652 2490 2701 2544 in
2734 2491 3001 2561 Babylone
3025 2496 3188 2548 multo
3213 2496 3461 2565 dignatus

1895 2585 1977 2629 est
2013 2577 2211 2631 honore
2242 2580 2423 2633 Evilad
2451 2581 2695 2635 Marodac
2726 2586 2742 2614 ¹
2775 2599 2866 2637 rex
2896 2584 3199 2655 Babylonis.

1967 2669 2209 2739 Regnum
2231 2672 2405 2739 itaque
2429 2672 2701 2738 Samarize,
2733 2684 2787 2728 ut
2806 2675 2915 2743 jam
2945 2676 3142 2729 dictum
3170 2688 3283 2743 est,
3312 2678 3469 2733 desiit

1897 2758 1948 2811 in
1976 2759 2166 2813 Oseam
2200 2761 2363 2814 ﬁlium
2394 2762 2479 2815 Eia
2514 2805 2527 2827 ,
2579 2764 2669 2832 qui
2701 2765 2969 2819 occiderat
3010 2766 3269 2821 Phaecam
3304 2769 3467 2823 ﬁlium

1898 2849 2170 2904 Bomelim.
2202 2852 2551 2924 Jerosolymce
2592 2871 2717 2909 vero
2746 2872 2967 2925 regnum
2995 2857 3153 2912 desiit
3204 2861 3254 2914 in
3307 2861 3469 2915 Sede-

1895 2940 2028 2991 ciam
2063 2959 2076 2993 :
2108 2942 2195 3009 qui
2224 2942 2481 2996 abductus
2524 2944 2572 2996 in
2620 2944 2939 3014 Babylonem
2966 2984 2981 3009 ,
3011 2948 3179 3000 oculis
3202 2949 3422 3002 orbatus
3442 2993 3455 3014 ,

1895 3028 1949 3081 in
1981 3030 2201 3083 vinculis
2230 3030 2323 3085 luit
2355 3048 2449 3099 per
2470 3048 2636 3086 annos
2662 3035 2841 3100 viginti
2871 3048 3093 3102 septem.
3122 3036 3456 3092 Joacbimum

1898 3135 2021 3173 vero
2050 3130 2229 3189 postea
2256 3123 2443 3175 extulit
2472 3138 2562 3176 rex
2586 3122 2888 3193 Babylonis,
2923 3124 3065 3178 dedit
3090 3126 3186 3195 ipsi
3210 3132 3463 3185 thronum

1896 3225 2051 3279 supra
2099 3225 2249 3279 reges
2278 3211 2368 3280 qui
2417 3212 2536 3265 istic
2563 3224 2715 3267 erant
2736 3252 2751 3278 ,
2784 3222 2835 3267 et
2883 3215 3193 3269 comedebat
3225 3225 3466 3283 putabat-

1894 3318 1996 3370 quc
2026 3316 2144 3355 cum
2174 3302 2265 3355 ille
2296 3305 2541 3358 omnibus
2586 3304 2772 3358 diebus
2802 3305 2921 3358 vita:
2967 3320 3095 3360 81101.
3144 3307 3257 3361 11110
3287 3320 3463 3364 autem

1895 3393 2089 3446 desinit
2132 3392 2304 3457 liber,
2352 3409 2474 3447 cum
2518 3395 2721 3449 scilicet
2774 3403 2929 3464 capta
2979 3397 3110 3450 urbe
3156 3398 3382 3466 populus
3412 3402 3460 3452 iu

1895 3485 2251 3552 captivitatem
2281 3486 2536 3539 abductus
2563 3493 2664 3539 est.

1964 3574 2081 3628 Jam
2103 3590 2231 3628 vero
2253 3582 2419 3629 restat
2443 3583 2501 3628 ut
2528 3576 2741 3628 nomina
2765 3589 2945 3644 regum
2968 3575 3163 3629 Judazre
3190 3586 3245 3632 et
3269 3579 3427 3634 Israel
3448 3622 3461 3639 .

1895 3680 2012 3734 que
2040 3666 2368 3734 singulorum
2392 3665 2587 3720 fuerint
2611 3676 2759 3736 gesta
2786 3708 2801 3733 ,
2853 3669 2941 3736 qui
2972 3669 3089 3721 ﬁnis
3114 3710 3126 3732 ,
3154 3680 3283 3738 quot
3310 3672 3460 3726 annis

1897 3756 2238 3825 regnaveriut
2263 3771 2327 3810 ex
2360 3758 2506 3811 hisce
2542 3757 2691 3810 libris
2722 3771 3093 3813 recenseamus
3114 3799 3128 3823 ,
3162 3759 3263 3814 hoc
3286 3770 3460 3830 pacto.

1968 3846 2044 3915 ((1)
2078 3846 2202 3899 Post
2252 3847 2540 3915 perniciem
2588 3846 2762 3899 Saulis
2808 3847 2897 3915 qui
2941 3858 3252 3916 regnaverat
3292 3852 3447 3904 anuis

1896 3935 2264 4004 quadraginta,
2293 3946 2477 4004 regnat
2509 3936 2670 3989 David
2704 3938 2752 3988 in
2778 3952 2987 3990 omnem
3020 3939 3270 3992 lsraelem
3296 3950 3347 3994 et
3376 3941 3462 3995 Juv

1894 4027 2014 4078 dam
2062 4025 2214 4078 annis
2258 4025 2639 4093 quadraginta;
2684 4026 2887 4079 scilicet
2930 4028 2979 4078 in
3012 4027 3257 4080 Chebron
3309 4031 3463 4083 annis

1895 4126 2096 4184 septem
2120 4156 2132 4177 ,
2162 4117 2213 4169 in
2248 4125 2359 4167 toto
2382 4124 2558 4167 autem
2589 4116 2783 4169 lsraele
2820 4124 2872 4168 et
2896 4115 3027 4169 Juda
3054 4118 3207 4170 annis
3255 4118 3461 4186 triginta

1897 4206 2083 4258 tribus.
2125 4205 2192 4258 Et
2239 4204 2362 4259 l‘ceit
2411 4214 2613 4258 rectum
2646 4208 2694 4256 iu
2745 4205 2978 4273 perfecto
3008 4206 3189 4259 corde.
3229 4206 3336 4260 Sub
3365 4208 3462 4262 hoc

1896 4308 2047 4351 erant
2076 4296 2343 4365 prophetae
2370 4296 2574 4349 Nathan
2604 4304 2656 4349 et
2684 4295 2815 4350 Gud.
2845 4297 3095 4350 Salomon
3128 4298 3265 4350 ﬁlius
3300 4298 3459 4351 David

1895 4390 2133 4457 regnavit
2160 4402 2316 4456 supra
2366 4401 2578 4439 omnem
2631 4386 2883 4453 populum
2929 4394 2981 4438 et
3013 4387 3124 4453 ipse
3151 4388 3301 4438 annis
3331 4402 3462 4455 qua-

1894 4480 2132 4549 draginta
2167 4496 2179 4530 :
2209 4488 2260 4532 et
2287 4478 2410 4531 l‘ecit
2437 4478 2650 4531 malum.
2699 4476 2807 4529 Sub
2839 4476 2940 4529 hoc
2969 4478 3128 4529 etiam
3160 4487 3313 4529 erant
3343 4494 3463 4545 pro-

1896 4571 2067 4639 pheta:
2108 4570 2310 4622 Nathan
2359 4577 2411 4620 et
2460 4567 2590 4620 Gad.
2624 4566 2857 4619 Robuam
2900 4566 3035 4618 1111118
3065 4566 3174 4633 ejus
3227 4569 3465 4635 tegnavit

1895 4662 2046 4714 annis
2067 4661 2459 4727 scptemdecim,
2480 4665 2533 4709 et
2554 4656 2675 4709 fecit
2694 4658 2908 4709 malum.
2930 4655 3039 4708 Sub
3060 4656 3159 4709 hoc
3180 4656 3457 4710 discissum

1896 4761 1977 4803 est
2002 4765 2218 4818 regnum
2242 4790 2254 4811 ,
2279 4758 2331 4801 et
2350 4755 2654 4798 manserunt
2700 4760 2820 4798 cum
2848 4760 2911 4797 eo
2942 4745 2993 4796 in
3023 4742 3313 4797 Jerusalem
3341 4746 3458 4796 dum

1900 4844 2082 4904 tribus,
2111 4840 2243 4893 Juda
2285 4846 2336 4891 et
2380 4836 2669 4902 Benjamin.
2707 4834 2760 4886 In
2800 4834 3035 4888 Samaria
3086 4845 3259 4887 autem
3297 4835 3461 4887 tribus

1896 4936 2099 4988 decem.
2128 4930 2238 4984 Sub
2270 4930 2369 4981 hoc
2397 4935 2546 4980 erant
2582 4926 2851 4993 propheta:
2900 4924 3093 4977 Acbias
3120 4924 3369 4977 Silonites
3406 4932 3460 4977 et

1898 5024 2066 5078 Addo.
2116 5022 2245 5075 Abia
2288 5019 2425 5071 ﬁlius
2464 5018 2577 5084 ejus
2631 5016 2868 5083 regnavit
2915 5014 3068 5067 annis
3122 5014 3310 5068 tribus.
3356 5013 3461 5068 Ne-

1897 5134 1997 5187 que
2028 5125 2137 5168 erat
2187 5128 2278 5165 cor
2322 5112 2434 5178 ejus
2471 5118 2527 5163 ut
2568 5106 2759 5169 David,
2788 5105 2877 5158 sed
2925 5104 3209 5158 ambulavit
3260 5105 3311 5158 111
3345 5120 3455 5173 pec-

1901 5217 2017 5262 cato
2065 5205 2226 5273 patris
2283 5203 2383 5255 sui.
2431 5200 2540 5254 Sub
2583 5199 2683 5252 hoc
2738 5197 2892 5251 etiam
2941 5204 3055 5247 erat
3122 5193 3273 5248 Addo
3335 5209 3455 5263 pro-

1902 5301 2081 5368 pheta.
2107 5298 2208 5349 Asa
2243 5294 2381 5347 ﬁlius
2410 5293 2523 5359 ejus
2568 5289 2719 5342 annis
2748 5286 3089 5356 quadraginta
3117 5296 3308 5346 uno,et
3341 5285 3458 5339 fecit

1900 5398 2134 5445 rectum:
2183 5387 2275 5440 sed
2320 5385 2489 5439 adhuc
2541 5390 2692 5435 erant
2737 5379 2963 5432 excelsa.
3013 5377 3121 5431 Sub
3163 5376 3267 5428 hoc
3304 5379 3461 5427 erant

1964 5544 1979 5573 ι
2003 5541 2132 5589 Vera
2154 5538 2299 5587 lectio
2324 5543 2418 5594 est,
2443 5534 2782 5585 Evilmcrodac.
3024 5588 3034 5594 _
3238 5586 3250 5594 _
3287 5586 3299 5594 _
3435 5582 3465 5594 ..

1962 5585 2032 5664 (a)
2056 5585 2467 5664 διὲέίέθαυμυιὶιτ
2490 5596 2734 5664 habent":
2760 5595 2808 5639 ίη
2846 5588 3200 5664 ⁵11³301.φέεὲ
3225 5585 3469 5664 illi“???

2846 5599 2871 5635 S

1962 5604 2032 5664 (a)
2056 5610 2165 5659 Qua:
2198 5605 2467 5660 sequuntur
2492 5604 2726 5642 habentur
2760 5606 2808 5639 111
2846 5604 3067 5699 sgnoyst,
3092 5604 3200 5649 qua:
3225 5604 3459 5654 Attianum

1900 5664 2095 5712 nomine
2138 5659 2498 5722 circumfertur,_
2525 5663 2668 5722 T_0mo
2706 5654 2763 5710 2,
2790 5666 2837 5712 p.
2904 5651 2969 5697 l5.
2988 5648 3112 5698 Vide
3141 5659 3199 5696 ea
3222 5658 3329 5708 qua:
3347 5645 3459 5692 dixt-

1902 5737 2007 5773 mus
2032 5725 2077 5769 in
2102 5721 2304 5768 Diatriba
2330 5717 2461 5766 initio
2486 5717 2625 5775 hujus
2648 5722 2927 5775 Synoraseos.

3036 5832 3114 5889 22
