3996 6464
490 459 601 512 355

473 552 689 606 Alarias
715 551 849 606 filius
873 551 1053 618 Oded,
1093 560 1148 606 et
1191 553 1380 606 Anami
1404 593 1418 615 ,
1463 552 1754 621 prophetat.
1785 553 2038 621 Josaphat

471 641 609 696 ﬁlius
645 641 759 708 ejus
784 656 950 695 annos
978 641 1156 710 viginti
1170 638 1498 708 quinque,et
1516 641 1639 697 fecit
1669 653 1867 696 rectum
1897 659 1911 706 ;
1945 642 2039 696 sed

468 729 676 785 excelsa
694 729 866 785 adhuc
899 741 1070 785 erant.
1101 730 1290 785 Postea
1333 746 1458 785 vero
1497 733 1549 784 in
1571 731 2037 800 reprehensionem

473 821 760 891 iniquitatis
807 820 1062 886 incurrit,
1094 823 1217 891 quia
1246 822 1448 876 amicus
1488 829 1605 876 erat
1629 821 1872 876 Ochozias
1899 822 2038 890 regis

472 911 633 966 Israel
655 953 670 975 ,
697 919 751 965 et
775 911 826 964 in
855 911 1076 980 negotiis
1101 911 1385 980 plurimum
1414 926 1536 964 cum
1563 911 1654 965 illo
1674 911 2038 966 communica-

473 1000 577 1054 bat.
621 1001 731 1055 Sub
774 1000 873 1054 hoc
901 1010 1053 1055 erant
1078 999 1350 1069 propheta:
1393 997 1543 1052 Elias
1579 1039 1595 1064 ,
1644 1001 1912 1062 Elissaaus,
1945 998 2038 1052 Mi-

471 1090 646 1144 cbaaas
674 1099 729 1144 et
755 1088 890 1145 Jebu
923 1091 1060 1143 lilius
1088 1089 1274 1143 Anemi
1293 1129 1306 1152 ,
1330 1099 1386 1143 et
1411 1089 1555 1143 Oziel
1579 1088 1716 1142 ﬁlius
1741 1088 2029 1152 Zachariae,

471 1191 526 1235 et
569 1180 785 1234 Eliadad
826 1179 1127 1233 ﬁliusAdia:
1168 1195 1234 1233 ex
1281 1180 1520 1233 Marissa.
1553 1178 1730 1234 Joram
1761 1179 1898 1232 ﬁlius
1925 1177 2038 1247 ejus

469 1274 622 1323 annis
650 1277 804 1335 octo,
834 1278 888 1324 et
913 1269 1036 1324 fecit
1078 1269 1292 1323 malum.
1327 1269 1518 1323 Habuit
1540 1270 1682 1323 enim
1726 1283 1943 1322 uxorem
1973 1268 2036 1319 ﬁ-

473 1359 593 1412 liam
625 1359 857 1413 Aehaab.
886 1359 996 1414 Sub
1023 1359 1124 1412 hoc
1149 1367 1302 1413 erant
1330 1358 1468 1412 Elias
1496 1367 1549 1411 et
1575 1357 1844 1412 Elissa-us.
1868 1356 2041 1411 Ochu-

471 1448 578 1502 zias
607 1448 743 1503 ﬁlius
770 1449 885 1517 ejus
914 1463 1055 1502 anno
1077 1465 1182 1502 uno
1207 1456 1296 1512 ,et
1336 1448 1458 1502 fecit
1485 1449 1700 1502 malum.
1751 1449 1876 1502 Post
1915 1462 2035 1501 eum

471 1547 640 1592 mater
664 1538 778 1607 ejus
805 1537 1047 1593 Gotholia
1089 1554 1258 1592 annos
1286 1548 1508 1607 septem.
1537 1539 1661 1593 Joas
1692 1538 1827 1592 ﬁlius
1856 1538 2033 1592 Ocho-

469 1626 568 1681 ziaz
607 1643 775 1683 annos
826 1629 1188 1699 quadraginta.
1245 1629 1340 1683 Hic
1382 1629 1574 1682 occidit
1617 1629 1920 1682 Zachariam
1946 1637 2040 1693 ,et

469 1717 594 1772 fecit
613 1726 814 1771 rectum
844 1719 895 1770 in
927 1726 1038 1771 toto
1065 1717 1226 1772 corde
1255 1733 1352 1771 suo
1373 1758 1388 1783 ,
1421 1717 1594 1772 donec
1621 1717 1786 1772 Jodaé
1814 1718 1892 1770 vir
1913 1732 2036 1785 pru-

469 1807 602 1862 dens
630 1809 861 1874 viveret,
891 1817 945 1862 et
989 1810 1295 1863 institueret
1337 1811 1528 1878 ipsum.
1555 1809 1703 1863 Hunc
1726 1809 2036 1862 occiderunt

473 1901 611 1955 servi
657 1901 820 1964 ipsius
856 1901 908 1954 in
943 1900 1102 1954 domo
1149 1900 1400 1954 Maéloth.
1427 1900 1534 1954 Sub
1562 1900 1664 1954 hoc
1706 1898 2036 1968 prophetavit

472 1991 759 2047 Zacharias
782 1991 917 2044 ﬁlius
939 1990 1122 2045 Jodaé.
1151 1991 1400 2044 Amesias
1429 1990 1568 2044 filius
1597 1989 1711 2058 ejus
1739 1990 1894 2043 annis
1934 2003 2036 2043 no-

471 2081 848 2137 vemdecim.et
877 2079 995 2134 fecit
1019 2089 1218 2134 rectum
1248 2081 1300 2134 in
1329 2080 1619 2148 principio;
1650 2078 1742 2134 sed
1773 2095 1875 2132 non
1903 2079 2038 2133 sicut

478 2170 660 2225 David.
706 2169 893 2223 Adhuc
911 2169 1051 2222 enim
1086 2169 1309 2238 populus
1348 2169 1652 2222 immolabat
1677 2170 1728 2222 in
1775 2169 2033 2233 excelsis,

473 2270 528 2314 et
556 2261 702 2314 lucos
729 2274 833 2312 non
856 2259 1090 2312 abstulit.
1114 2257 1228 2312 Sub
1255 2257 1355 2311 hoc
1397 2259 1553 2311 etiam
1583 2258 2036 2326 prophetaverunt

475 2347 764 2417 prophetre,
796 2362 1017 2416 quorum
1050 2347 1262 2400 nomina
1286 2347 1479 2414 scripta
1516 2362 1618 2399 non
1646 2354 1788 2401 sunt.
1820 2346 2033 2398 Postea-

473 2453 629 2508 quam
664 2452 792 2492 vero
817 2452 932 2500 eos,
955 2438 1046 2506 qui
1072 2437 1124 2490 in
1154 2437 1274 2492 Seir
1298 2435 1604 2490 habitabant
1624 2476 1639 2496 .
1672 2437 1950 2504 percussit,
1984 2435 2035 2489 in

475 2528 776 2597 superbiam
826 2528 997 2581 elatus
1058 2536 1177 2589 est,
1226 2526 1366 2580 idola
1417 2525 1762 2580 habitantium
1827 2526 1878 2578 in
1921 2525 2039 2580 Seir

476 2619 660 2682 coluit,
693 2628 746 2673 et
772 2618 825 2672 iu
870 2633 1058 2672 manus
1084 2618 1312 2671 hostium
1336 2616 1583 2679 traditus,
1628 2629 1906 2683 percussus
1935 2624 2035 2670 est.

479 2709 724 2774 Azarias,
752 2709 838 2777 qui
864 2716 917 2761 et
933 2708 1089 2761 Ozias
1112 2747 1127 2771 ,
1151 2721 1317 2759 annos
1361 2706 1733 2774 quinquaginta
1770 2705 1906 2760 duos
1929 2746 1944 2771 ,
1986 2714 2038 2759 ct

477 2800 628 2854 initio
653 2798 793 2868 quod
816 2807 1016 2852 rectum
1038 2807 1152 2850 erat
1175 2795 1296 2850 fecit
1322 2836 1337 2860 ,
1364 2796 1499 2849 sicut
1530 2807 1676 2864 pater
1696 2796 1811 2864 ejus
1838 2813 1852 2848 :
1881 2807 2039 2849 caete-

476 2907 593 2945 rum
638 2889 844 2944 excelsa
894 2903 997 2941 non
1029 2886 1263 2941 abstulit.
1295 2886 1427 2939 Cum
1466 2900 1718 2953 prospere
1763 2901 1874 2939 rem
1919 2901 2042 2954 age-

476 2991 597 3047 ret,
642 2981 813 3035 elatus
857 2989 940 3034 est
987 2979 1204 3041 animo,
1262 2986 1316 3030 et
1382 2977 1545 3031 voluit
1586 2978 1700 3046 ipse
1727 2977 1940 3030 adolere
1988 2978 2039 3029 in

480 3070 719 3141 templo,
771 3067 909 3138 quod
958 3068 1085 3122 solis
1131 3066 1493 3120 sacerdotibus
1545 3065 1753 3118 licebat.
1795 3065 1917 3119 Ideo
1962 3066 2040 3119 le-

480 3177 574 3230 pra
629 3172 909 3230 percussus
957 3167 1075 3220 est,
1131 3165 1405 3226 postquam
1443 3157 1713 3219 audisset,
1763 3155 1882 3210 Non
1903 3166 2043 3208 tuum

479 3263 550 3306 est
569 3293 584 3317 ,
617 3250 742 3304 Ozia
764 3291 778 3312 ,
810 3249 1011 3303 adolere
1039 3248 1257 3302 Domino
1277 3289 1290 3311 ,
1319 3247 1373 3300 id
1397 3248 1530 3316 quod
1556 3247 1677 3300 solis
1709 3245 2044 3299 sacerdotibus

478 3343 594 3394 licet
621 3341 694 3412 (2.
728 3339 904 3392 Paral.
937 3339 1026 3391 26.
1061 3337 1170 3406 18).
1191 3336 1298 3390 Sub
1321 3337 1421 3390 hoc
1444 3345 1557 3390 erat
1577 3335 1735 3388 Isaias
1764 3334 2043 3403 propheta.

478 3431 686 3486 Jotham
716 3429 856 3482 ﬁlius
884 3427 998 3496 ejus
1041 3441 1208 3480 annos
1255 3424 1488 3479 sedecim
1518 3425 1756 3494 regnavit
1781 3463 1796 3487 ,
1826 3431 1881 3477 et
1922 3423 2046 3476 fecit

482 3531 682 3577 rectum
709 3521 845 3575 sicut
869 3529 1018 3588 pater
1047 3519 1209 3586 ipsius
1239 3535 1252 3572 :
1283 3527 1532 3571 caeterum
1557 3515 1762 3571 excelsa
1788 3530 1895 3570 non
1921 3515 2044 3568 abs-

483 3613 618 3666 tulit.
669 3607 778 3664 Sub
804 3608 905 3663 boc
945 3615 1061 3661 erat
1104 3607 1284 3659 Isaias.
1329 3605 1506 3659 Achaz
1546 3604 1683 3657 ﬁlius
1719 3605 1836 3670 ejus
1878 3616 2046 3654 annos

483 3703 804 3763 sedecim,et
833 3698 954 3753 fecit
979 3697 1196 3750 malum.
1215 3695 1323 3750 Sub
1345 3696 1445 3747 hoc
1472 3704 1622 3748 erant
1645 3692 1801 3746 lsaias
1823 3700 1876 3746 et
1899 3689 2047 3745 Oded

481 3792 778 3861 prophetae.
821 3787 1044 3843 Ezekias
1094 3787 1233 3840 ﬁlius
1257 3786 1374 3856 ejus
1400 3784 1642 3854 regnavit
1666 3784 1820 3836 annis
1865 3782 2046 3851 viginti

487 3897 697 3946 novem,
733 3889 787 3934 et
825 3879 950 3934 fecit
976 3877 1117 3947 quod
1147 3885 1346 3932 rectum
1378 3886 1490 3929 erat
1520 3876 1653 3928 sicut
1685 3873 1845 3927 David
1872 3872 2046 3941 perfe-

490 3985 595 4030 cte.
624 3971 719 4026 Hic
743 3969 959 4025 abstulit
986 3977 1285 4036 serpentem
1313 3981 1515 4019 aeneum
1541 4006 1555 4028 ,
1578 3980 1733 4034 quem
1760 3963 2049 4033 suspende-

483 4075 566 4120 rat
589 4064 781 4118 Muses.
823 4061 933 4116 Sub
955 4060 1054 4114 hoc
1077 4058 1403 4114 Senaeberib
1437 4067 1490 4112 et
1511 4057 1777 4125 Bapsaces
1805 4057 2006 4126 Assyrii
2032 4097 2048 4121 ,

485 4155 625 4225 quod
656 4153 1111 4222 blaspltemassent
1131 4191 1146 4214 ,
1175 4150 1411 4218 percussi
1440 4155 1594 4212 sunt,
1628 4156 1917 4215 posteaque
1948 4162 2048 4199 una

487 4257 642 4302 nocte
685 4258 930 4314 egressus
973 4243 1190 4312 angelus
1237 4249 1448 4295 centum
1501 4241 1766 4307 octoginta
1819 4238 2050 4307 quinque

490 4335 650 4390 millia
680 4332 952 4386 hominum
984 4330 1197 4384 occidit.
1243 4329 1526 4382 llloriturus
1552 4327 1807 4382 Ezechias
1831 4327 1897 4380 ad
1924 4342 2052 4396 pro-

488 4423 814 4494 rogationem
839 4421 961 4474 vitae
985 4434 1151 4473 annos
1189 4417 1489 4487 quindecim
1530 4417 1750 4485 accepit.
1786 4415 2054 4468 Mauasses

488 4516 629 4570 ﬁlius
658 4513 774 4582 ejus
802 4526 971 4565 annos
999 4511 1375 4580 quinquaginta
1405 4509 1659 4576 quinque,
1683 4506 1916 4575 fecitque
1943 4522 2055 4559 ma-

490 4610 618 4660 lum.
654 4604 1007 4669 Quaecumque
1055 4600 1340 4653 demolitus
1386 4598 1557 4653 fuerat
1602 4598 1854 4652 Ezechias
1881 4638 1894 4661 ,
1943 4598 2058 4665 ipse

492 4697 758 4759 restituit,
799 4703 852 4748 et
890 4692 1059 4746 factus
1102 4702 1183 4745 est
1216 4690 1365 4746 Juda:
1400 4689 1533 4742 alter
1560 4688 1870 4751 Jeroboam;
1900 4689 1970 4741 ita
2001 4697 2060 4741 ut

494 4789 608 4856 ejus
637 4799 794 4838 causa
823 4782 961 4837 idem
988 4796 1142 4851 passa
1169 4781 1237 4835 sit
1273 4780 1566 4835 Jerusalem
1587 4820 1602 4846 ,
1630 4779 1769 4848 quod
1797 4779 2053 4834 Samaria.

496 4879 569 4932 De
585 4878 674 4929 illo
691 4875 887 4927 dictum
906 4881 988 4925 est
1005 4911 1018 4934 ,
1042 4871 1138 4934 Qui
1160 4886 1363 4938 peccare
1379 4870 1491 4939 fecit
1509 4867 1541 4920 J
1550 4868 1700 4920 udam
1721 4869 1798 4936 (4.
1821 4866 1946 4936 Reg.
1965 4867 2054 4920 2|.

493 4967 622 5038 16).
652 4966 774 5020 Ideo
806 4964 1044 5031 captivus
1069 4961 1329 5014 abductus
1370 4968 1453 5013 est
1486 4961 1537 5012 iu
1568 4957 1914 5028 Babylonem.
1952 4957 2057 5011 Sed

495 5060 549 5110 in
577 5054 898 5122 captivitate,
931 5060 987 5103 ut
1017 5052 1068 5103 in
1100 5047 1514 5118 Paralipomenis
1535 5048 1787 5115 scriptum
1819 5055 1919 5113 est,
1943 5061 2058 5114 pte-

499 5149 751 5201 nitentem
781 5141 993 5196 reduxit
1035 5141 1169 5194 Deus
1195 5141 1249 5193 in
1274 5139 1587 5203 Jerusalem,
1622 5152 1945 5207 regnumque
1972 5153 2061 5192 re-

499 5233 788 5304 cuperavit.
819 5230 1187 5286 Pmnitentiam
1220 5231 1394 5298 itaque
1420 5242 1601 5297 agens,
1633 5229 1986 5297 populumque
2007 5237 2065 5281 ut

507 5327 611 5379 Deo
641 5323 863 5375 serviret
899 5320 1096 5373 docens
1123 5359 1137 5382 ,
1179 5318 1328 5371 obiit.
1362 5318 1418 5371 lu
1449 5319 1662 5372 civitate
1690 5330 1864 5371 tamen
1904 5317 2064 5370 David

496 5428 604 5468 non
654 5419 738 5465 est
783 5409 1018 5478 sepultus
1039 5446 1058 5474 ,
1111 5408 1205 5462 sed
1237 5409 1288 5460 in
1318 5408 1472 5461 horto
1511 5422 1607 5460 suo
1631 5446 1646 5471 ,
1677 5408 1727 5459 in
1757 5408 1911 5461 horto
1936 5407 2061 5461 Oza.

507 5508 668 5558 Amos
698 5503 834 5555 filius
860 5500 973 5568 ejus
998 5501 1234 5567 regnavit
1260 5514 1428 5553 annos
1457 5499 1613 5562 duos,
1639 5507 1692 5551 et
1719 5497 1841 5552 fecit
1870 5499 2066 5551 malum

503 5598 564 5652 sii
583 5603 637 5647 ut
661 5601 807 5662 pater
835 5591 950 5660 ejus
978 5589 1247 5642 Manasses
1266 5630 1280 5652 ,
1306 5600 1358 5644 et
1391 5589 1702 5644 occiderunt
1728 5588 1898 5656 ipsum
1927 5591 2067 5643 servi

495 5686 638 5756 ejus,
677 5681 1017 5749 sepultusque
1044 5688 1124 5733 est
1163 5679 1214 5732 in
1240 5681 1392 5732 horto
1422 5679 1528 5732 Oza
1552 5719 1569 5744 ,
1601 5679 1652 5731 in
1685 5693 1789 5746 quo
1831 5679 2069 5748 sepultus

494 5788 576 5830 (πει
614 5781 666 5826 et
693 5781 838 5841 pater
879 5770 1061 5839 ipsius.
1111 5768 1282 5822 Josias
1316 5767 1453 5821 ﬁlius
1485 5770 1596 5837 ejus
1626 5767 1861 5835 regnavit
1905 5768 2060 5823 annis

1185 440 1240 496 S.
1281 441 1554 496 JOANNIS
1595 440 2066 497 CHRYSOSTOMI
2107 442 2421 500 ARCHIEP.
2462 445 2995 506 CONSTANTINOP.

3597 478 3709 531 356

2151 556 2358 624 triginta
2388 572 2513 611 uno.
2550 559 2697 614 llunc
2725 563 2948 630 populus
2975 579 3149 634 regem
3177 569 3392 634 creavit,
3424 584 3544 625 cum
3572 580 3717 626 esset

2145 659 2401 698 annorum
2433 657 2573 711 octo,
2603 647 2832 718 fecitque
2858 659 3084 718 rectum,
3107 663 3160 707 et
3188 656 3472 712 ambulavit
3492 660 3544 713 in
3567 661 3712 714 omni

2147 735 2228 786 via
2256 735 2414 788 David
2435 777 2450 798 ,
2481 752 2578 791 nec
2612 738 2896 794 declinavit
2947 742 3014 795 ad
3057 743 3327 800 dexteram
3371 749 3449 803 vel
3478 751 3541 804 ad
3585 752 3713 806 sini-

2144 831 2329 875 stram.
2360 823 2569 879 Etenim
2598 836 2651 880 et
2673 827 2824 883 lucos
2853 831 3077 884 succidit
3104 872 3119 897 ,
3148 843 3197 887 et
3223 837 3398 890 omnia
3426 839 3708 895 simulacra

2144 912 2370 964 sustulit.
2401 912 2530 967 Cum
2559 930 2814 970 annorum
2846 928 2990 973 esset
3015 920 3244 974 sedecim
3265 963 3280 987 ,
3311 923 3479 993 legem
3519 929 3703 994 quaesi-

2145 1001 2218 1052 vit
2240 1038 2256 1062 ,
2288 1010 2341 1055 et
2379 1016 2499 1055 curn
2543 1014 2664 1058 ante
2702 1007 2993 1075 neglectam
3027 1009 3347 1074 invenisset,
3381 1013 3480 1082 legi
3502 1014 3660 1082 jussit
3694 1027 3708 1062 ε

2144 1103 2208 1141 ac
2233 1089 2425 1157 pascha
2472 1092 2778 1159 praedicavit
2817 1096 3240 1167 celebravitque,
3269 1100 3407 1154 sicut
3457 1103 3712 1169 scriptum

2142 1187 2242 1230 est.
2271 1178 2422 1232 Hunc
2442 1181 2635 1235 occidit
2657 1182 2860 1236 Pharao
2889 1184 3100 1240 Nccltao
3125 1187 3191 1240 ad
3220 1188 3560 1257 Euphratem,
3587 1205 3711 1244 cum

2144 1269 2418 1322 contentio
2465 1271 2603 1323 inter
2649 1272 2766 1326 illos
2793 1282 2906 1326 orta
2931 1285 3090 1328 esset.
3131 1275 3300 1344 Hujus
3327 1289 3562 1347 tempore
3591 1279 3714 1335 fue-

2142 1371 2267 1412 runt
2290 1360 2560 1428 propheta:
2589 1361 2850 1416 Jeremias
2893 1373 2948 1417 et
2971 1365 3270 1434 Suphonias
3295 1409 3310 1428 .
3342 1379 3394 1422 et
3420 1370 3549 1424 Olda
3581 1386 3714 1438 pro-

2145 1449 2375 1516 phetissa
2398 1466 2529 1504 uxor
2552 1451 2714 1507 Selle.
2743 1452 2974 1507 Joachaz
3007 1455 3145 1510 ﬁlius
3168 1457 3282 1524 ejus
3306 1459 3541 1527 regnavit
3562 1475 3712 1513 men-

2141 1551 2227 1592 ses
2251 1545 2362 1592 tres
2386 1578 2399 1602 ,
2444 1549 2498 1592 et
2540 1538 2662 1592 fecit
2705 1542 2901 1594 malum
2924 1583 2940 1608 ,
2970 1553 3022 1596 et
3052 1547 3317 1600 transtulit
3356 1561 3475 1601 eum
3505 1547 3714 1602 Pharao

2140 1627 2372 1682 Necliao.
2400 1628 2510 1683 Sub
2539 1630 2639 1684 hoc
2668 1646 2878 1699 quoque
2904 1632 3032 1686 vixit
3057 1633 3336 1688 Jeremias.
3369 1633 3592 1689 Eliakim
3625 1639 3710 1690 al-

2139 1724 2222 1770 ter
2246 1716 2384 1771 ﬁlius
2411 1717 2591 1784 Josize,
2619 1719 2705 1787 qui
2735 1729 2790 1772 et
2821 1719 3038 1774 Joakim
3070 1731 3270 1777 mutato
3300 1723 3511 1777 nomine
3535 1726 3711 1778 dictus

2141 1814 2259 1869 est,
2297 1806 2538 1875 regnavit
2578 1809 2732 1862 annis
2760 1808 3006 1864 undecim
3033 1851 3048 1876 ,
3078 1819 3131 1865 et
3173 1811 3298 1867 fecit
3319 1812 3459 1881 quod
3501 1815 3703 1869 malum

2142 1905 2278 1950 erat.
2301 1895 2507 1949 Joakim
2538 1898 2626 1965 qui
2667 1907 2720 1952 et
2758 1899 3076 1965 Jechonias,
3109 1901 3253 1956 ﬁlius
3291 1903 3437 1972 ejus,
3471 1907 3715 1974 regnavit

2142 1999 2354 2039 menses
2380 1994 2508 2049 tres,
2540 1997 2595 2040 et
2623 1987 2742 2042 fecit
2772 1987 2912 2057 quod
2935 1991 3128 2044 malum
3156 2002 3288 2056 erat,
3319 1994 3711 2063 translatusque

2141 2082 2223 2128 est
2250 2075 2300 2126 in
2329 2074 2670 2145 Babylonem.
2704 2078 2934 2132 Matthan
2969 2079 3104 2134 ﬁlius
3143 2081 3278 2149 ejus.
3324 2081 3475 2137 Hunc
3526 2083 3712 2138 Nabu-

2141 2163 2476 2218 chodonosor
2504 2167 2779 2220 constituit
2807 2183 2985 2237 regem
3011 2209 3025 2233 ,
3055 2179 3108 2222 et
3135 2179 3334 2224 mutato
3361 2173 3574 2228 nomine
3612 2173 3713 2228 Se-

2141 2254 2343 2308 dceiam
2385 2255 2698 2324 appellavit,
2732 2259 3077 2327 regnavitque
3117 2261 3269 2314 annis
3303 2260 3584 2317 duodecim
3606 2302 3622 2328 ,
3653 2273 3710 2318 et

2141 2344 2265 2399 fecit
2285 2346 2500 2398 malum.
2524 2347 2635 2400 Sub
2657 2346 2756 2400 hoc
2778 2364 2986 2418 quoque
3009 2360 3120 2403 erat
3141 2350 3414 2405 Jeremias.
3433 2353 3714 2423 ilucusque

2145 2435 2351 2488 duravit
2369 2451 2585 2503 regnum
2608 2436 2762 2502 Juda,
2787 2446 3014 2508 tuncque
3035 2440 3344 2495 subversum
3375 2451 3476 2504 est,
3503 2445 3634 2498 sicut
3659 2454 3715 2498 et

2143 2539 2360 2590 regnum
2385 2524 2655 2580 Samarite.
2683 2525 2822 2581 Urbs
2843 2544 3068 2597 namque
3091 2538 3240 2598 capta
3275 2541 3376 2596 est,
3410 2540 3460 2584 et
3481 2534 3722 2588 universi

2143 2616 2194 2668 in
2220 2614 2542 2685 Babylonem
2565 2617 2754 2686 captivi
2782 2632 2902 2671 cum
2926 2624 3064 2672 vasis
3083 2619 3294 2673 abducti
3316 2630 3457 2675 sunt.
3474 2621 3716 2692 Suntque

2145 2719 2296 2774 reges
2322 2707 2500 2775 viginti
2530 2721 2664 2760 unus
2686 2746 2700 2771 ,
2740 2723 2844 2760 non
2894 2719 3235 2762 annunterata
3268 2709 3529 2765 Gotholia.

2211 2795 2431 2849 Nomina
2459 2810 2637 2864 regum
2668 2798 2755 2866 qui
2787 2797 2993 2850 fuerunt
3019 2799 3068 2851 in
3097 2799 3353 2865 Samaria,
3386 2809 3440 2854 et
3465 2815 3584 2870 qua:
3615 2815 3712 2869 ge-

2145 2897 2244 2949 sta,
2279 2887 2367 2956 qui
2409 2887 2527 2941 ﬁnis
2565 2888 2819 2956 cujusque
2868 2887 3043 2952 fuerit,
3076 2900 3127 2944 et
3155 2899 3284 2958 quot
3333 2891 3486 2943 annis
3522 2892 3718 2958 singuli

2145 2976 2481 3045 regnaveriut
2506 2977 2589 3030 bis
2616 2979 2812 3046 accipe.
2844 2977 3125 3032 Jeroboam
3172 2980 3306 3032 ﬁlius
3329 2979 3534 3033 Nabath
3562 2982 3719 3033 annis

2144 3065 2234 3119 24.
2263 3065 2357 3118 Hic
2377 3065 2597 3118 discisso
2621 3081 2782 3134 regno
2807 3066 3098 3120 ascendens
3126 3083 3190 3121 ex
3219 3067 3446 3137 Egypto
3471 3108 3486 3131 ,
3513 3070 3720 3137 primus

2146 3158 2385 3226 regnavit
2415 3159 2465 3210 iu
2491 3156 2743 3221 Samaria,
2773 3167 2828 3212 et
2847 3158 2970 3212 fecit
2991 3159 3208 3223 malum,
3242 3159 3309 3212 ita
3334 3170 3389 3212 ut
3412 3161 3613 3214 nullum
3639 3161 3718 3213 si-

2148 3247 2324 3301 milem
2365 3246 2626 3300 habuerit.
2658 3245 2869 3301 Veritus
2924 3262 2990 3300 ne
3019 3262 3236 3317 regnum
3277 3248 3372 3316 ipsi
3399 3248 3717 3317 eriperetur,

2147 3351 2333 3391 aureas
2364 3337 2579 3390 buculas
2599 3337 2729 3390 duas
2758 3336 2896 3402 fecit,
2922 3347 2974 3391 et
2993 3337 3242 3406 populum
3268 3337 3474 3391 seduxit
3497 3338 3716 3394 dicens:

2152 3426 2222 3480 lli
2247 3435 2359 3480 sunt
2393 3427 2485 3490 dii,
2512 3427 2595 3494 qui
2615 3427 2892 3480 eduxerunt
2913 3443 3001 3480 nos
3027 3442 3090 3480 ea:
3115 3437 3247 3479 terra
3263 3425 3477 3496 Αἶρε]ρή
3505 3428 3553 3495 (1
3589 3426 3718 3495 Reg.

2152 3515 2367 3587 12.28).
2385 3515 2781 3570 lnstituitenim
2799 3517 2933 3572 festa
2952 3526 3002 3569 et
3029 3517 3362 3570 sacerdotes:
3395 3516 3459 3568 Et
3488 3516 3569 3568 hic
3598 3533 3721 3585 pec-

2149 3625 2262 3661 care
2280 3608 2396 3677 fecit
2414 3605 2577 3660 Israel
2601 3606 2674 3676 (2.
2708 3607 2833 3677 Reg.
2860 3608 2944 3661 M.
2979 3607 3056 3676 8).
3085 3608 3254 3677 Ipsum
3280 3624 3504 3678 namque
3532 3625 3724 3665 omnes

2152 3708 2332 3766 postea
2378 3713 2528 3767 reges
2572 3698 2758 3751 imitati
2799 3709 2941 3752 sunt.
2972 3699 3136 3768 Hujus
3166 3710 3401 3768 tempore
3446 3700 3724 3770 prephctae

2151 3797 2302 3841 erant
2331 3787 2522 3840 Acbias
2545 3787 2817 3850 Siloniles,
2849 3797 2903 3842 et
2937 3789 3022 3857 qui
3054 3798 3234 3842 contra
3267 3789 3436 3857 ipsum
3466 3803 3627 3856 super
3646 3791 3726 3843 al-

2153 3888 2263 3931 tare
2289 3877 2604 3931 vociferatus
2629 3887 2728 3931 est.
2749 3877 2950 3932 Nahath
2987 3878 3124 3931 ﬁlius
3156 3879 3268 3948 ejus
3291 3879 3527 3948 regnavit
3551 3894 3724 3934 annos

2152 3967 2306 4033 duos,
2327 3976 2382 4020 et
2412 3967 2534 4021 fecit
2549 3967 2766 4030 malum,
2795 3982 2965 4036 neque
2989 3968 3123 4020 alius
3151 3983 3215 4020 ex
3257 3982 3448 4036 genere
3478 3967 3596 4035 ejus
3635 3982 3723 4020 re-

2155 4059 2349 4126 gnavit.
2378 4057 2586 4109 Zanthri
2630 4057 2852 4109 alterius
2880 4057 3089 4125 generis
3118 4073 3283 4110 annos
3317 4057 3400 4109 l2.
3433 4056 3598 4109 Baasa
3640 4072 3728 4110 re-

2155 4148 2333 4216 gnavit
2359 4163 2526 4200 annos
2556 4147 2647 4212 24,
2678 4156 2730 4200 et
2755 4145 2879 4200 fecit
2908 4146 3044 4215 quod
3095 4146 3292 4200 malum
3322 4156 3455 4201 erat.
3488 4145 3598 4200 Sub
3624 4146 3726 4200 hoc

2157 4239 2428 4309 prophetae
2480 4247 2632 4292 erant
2683 4239 2844 4302 Elias,
2891 4237 3160 4301 Elissmus,
3215 4237 3477 4298 Michznas,
3534 4247 3590 4290 et
3633 4237 3725 4306 qui

2157 4330 2404 4383 Achaabo
2432 4328 2498 4382 de
2543 4328 2694 4397 Syria
2723 4337 2777 4381 et
2819 4327 2886 4381 de
2928 4326 3036 4380 ﬁlio
3077 4329 3219 4380 Ader
3257 4327 3440 4396 prolilu
3460 4327 3624 4395 tavit,
3673 4335 3730 4380 et

2159 4421 2246 4488 qui
2266 4420 2478 4487 proprio
2500 4417 2650 4486 jussu
2694 4418 3018 4480 vulneratus,
3065 4417 3367 4470 Achaahum
3419 4417 3725 4484 redarguit:

2159 4523 2221 4561 ae
2251 4517 2500 4575 praeterea
2531 4520 2769 4559 seorsum
2812 4506 2958 4559 multi
2993 4505 3362 4573 prophetarum
3408 4506 3520 4559 ﬁlii.
3547 4505 3733 4560 Ocho-

2162 4596 2268 4648 zias
2294 4596 2433 4647 ﬁlius
2471 4594 2586 4662 ejus
2613 4595 2765 4647 annis
2802 4594 3037 4654 duobus.
3074 4603 3127 4648 et
3177 4593 3298 4648 fecit
3343 4595 3482 4663 quod
3533 4595 3731 4649 malum

2161 4696 2293 4740 erat.
2316 4684 2424 4739 Sub
2451 4685 2548 4739 hoc
2567 4693 2719 4738 erant
2744 4684 2885 4738 Elias
2906 4692 2959 4738 et
2978 4684 3225 4738 Elissaeus
3255 4701 3270 4738 :
3298 4699 3416 4739 nam
3438 4685 3554 4753 ejus
3573 4687 3734 4753 quin-

2163 4774 2510 4843 quagenarios
2563 4774 2682 4842 igne
2728 4774 2987 4841 percussit
3017 4773 3158 4828 Elias
3206 4774 3257 4827 in
3306 4777 3470 4828 verbo
3501 4776 3732 4828 Domini.

2164 4868 2342 4922 Joram
2371 4868 2507 4920 illius
2535 4866 2747 4920 Aehaab
2775 4851 2926 4919 annis
2953 4866 3232 4920 duodecim
3265 4865 3732 4932 :etfecitmalum,

2165 4972 2335 5026 neque
2363 4957 2498 5009 ultra
2528 4956 2662 5009 alius
2691 4971 2756 5010 ex
2785 4969 2979 5023 genere
3014 4956 3176 5023 ipsius
3209 4956 3461 5024 regnavit.
3496 4955 3606 5010 Sub
3635 4957 3739 5010 hoc

2167 5048 2311 5101 Elias
2330 5055 2631 5113 assumptus
2662 5055 2744 5099 est
2769 5062 2782 5098 :
2810 5045 3063 5099 Elissaeus
3088 5061 3217 5100 vero
3245 5046 3438 5099 mansit
3477 5060 3645 5113 usque
3672 5045 3738 5098 ad

2167 5139 2444 5193 Jerohoam
2474 5138 2634 5190 ﬁlium
2661 5137 2784 5190 Joas
2811 5152 2988 5205 regem
3019 5136 3199 5191 Israel.
3223 5136 3333 5190 Sub
3362 5135 3463 5190 hoc
3500 5146 3654 5190 erant
3677 5137 3739 5188 ﬁ-

2171 5229 2224 5282 lii
2256 5229 2652 5298 propbetarum.
2681 5225 2816 5280 Jehu
2851 5226 2916 5279 de
2939 5226 3040 5279 alia
3067 5227 3250 5293 stirpe,
3278 5226 3414 5279 ﬁlius
3458 5224 3737 5288 Namesse,

2172 5321 2323 5374 annis
2347 5319 2436 5372 22.
2453 5319 2547 5372 Hic
2567 5317 2958 5385 sustulitgenus
2971 5316 3224 5381 Aehaabi,
3240 5325 3294 5370 et
3313 5317 3596 5385 prophetas
3612 5316 3739 5368 Baal

2172 5427 2265 5479 per
2281 5411 2497 5463 insidias
2518 5409 2729 5473 occidit,
2749 5418 3078 5476 statuamque
3099 5408 3237 5465 illius
3256 5407 3519 5463 contrivit.
3538 5407 3605 5459 Et
3619 5420 3740 5459 eum

2174 5504 2224 5556 in
2255 5504 2396 5555 hisce
2421 5500 2630 5554 fecisset
2655 5500 2792 5570 quod
2825 5511 3027 5553 rectum
3056 5509 3188 5563 erat,
3223 5499 3405 5552 habuit
3437 5498 3747 5565 promissio-

2174 5607 2316 5656 nem,
2340 5590 2478 5659 quod
2507 5590 2669 5658 ipsius
2690 5590 2778 5642 lilii
2798 5588 2864 5642 ad
2888 5596 3127 5657 quartam
3155 5602 3320 5656 usque
3346 5586 3744 5654 generationem

2175 5680 2371 5734 sessuri
2402 5687 2582 5732 essent
2606 5692 2766 5745 super
2797 5676 3064 5731 thronum.
3096 5676 3322 5731 Joachaz
3350 5675 3486 5728 lilius
3516 5677 3632 5744 ejus
3653 5693 3746 5731 au-

2180 5784 2276 5822 nos
2314 5766 2709 5839 septemdecim,
2735 5765 2964 5839 fecitque
2992 5766 3130 5838 quod
3154 5766 3345 5819 malum
3365 5773 3497 5820 erat.
3523 5767 3745 5821 Jerusa-
