3996 6412
254 398 362 453 355

251 495 516 567 ἐπορεύθη
543 498 598 547 ἐν
626 497 690 563 τῇ
720 493 954 563 ἁμαρτίᾳ
986 492 1076 544 τοῦ
1107 491 1309 560 πατρὸς
1346 489 1527 541 06106.
1562 487 1669 538 Καὶ
1711 484 1802 535 ἐπὶ

248 583 436 636 τούτου
472 577 541 650 ἦν
579 579 742 632 Ἀδδὼ
788 581 815 630 6
861 578 1160 650 προφήτης.
1179 576 1307 627 ’Δσά
1331 577 1358 626 6
1385 574 1496 636 υίὸς
1520 570 1681 624 06106
1711 571 1802 638 ἔτη

250 674 360 737 μα’,
389 666 484 718 καὶ
514 665 732 734 ἐποίησε
763 663 822 715 16
842 662 994 725 εὐθές
1011 678 1028 694 ⁶
1055 661 1166 714 ἀλλ’
1192 660 1270 712 ἔτι
1291 657 1356 730 ῆν
1381 659 1448 711 τὰ
1469 657 1664 726 ὑψηλά.
1683 655 1805 706 Ἐπὶ

245 753 432 804 τούτου
486 747 621 820 ἦσαν
664 746 912 818 Ἀζαρίας
973 748 1084 808 υίὸς
1121 745 1305 815 Ὠδὴδ,
1355 747 1448 796 καὶ
1483 742 1704 809 Ἀναμὶ,
1755 739 1802 790 οί

247 837 538 907 προφῆται.
559 836 817 900 Ἰωσαφὰτ
845 834 958 895 υίὸς
1002 831 1164 884 06106
1193 831 1283 899 έτη
1325 829 1422 890 κε’,
1462 828 1552 881 καὶ
1582 825 1803 892 ἐποίησε

244 921 306 974 16
328 922 512 982 εὑθές·
542 919 675 972 ἀλλά
706 920 773 972 τὰ
794 919 970 987 ὑψηλά
991 918 1069 970 ἔτι
1092 918 1318 988 ὑπῆρχε.
1351 917 1454 967 Καὶ
1483 913 1616 983 μετά
1637 911 1804 964 ταῦτα

249 1007 452 1076 μέμψιν
485 1005 638 1075 ἔσχεν
672 1005 912 1074 ἀνομίας,
944 1005 1023 1056 ὅτι
1051 1003 1288 1070 ἐφιλίασε
1313 1001 1387 1071 τῷ
1426 1001 1636 1070 Ὀχοζίᾳ
1663 998 1807 1067 βασι-

245 1093 323 1144 λεῖ
365 1091 597 1160 Ἰσραὴλ,
627 1091 716 1142 καὶ
766 1089 1114 1158 ἐκοινώνησεν
1161 1087 1307 1156 αὐτῷ
1335 1089 1412 1148 είς
1444 1087 1620 1137 πλεῖον
1673 1101 1803 1152 1190-

243 1179 529 1249 γματείας.
548 1180 668 1230 Ἐπὶ
693 1178 880 1230 τούτου
928 1173 1064 1246 ἦσαν
1109 1177 1381 1244 προφῆται
1419 1174 1615 1234 Ἠλίας,
1633 1173 1804 1223 Ἐλισ·

245 1268 380 1328 σαιέ,
428 1264 686 1334 Μιχαίας,
740 1265 831 1315 καὶ
872 1264 972 1314 Ἰοῦ
1021 1265 1048 1314 6
1079 1262 1169 1313 τοῦ
1208 1261 1409 1328 Ἀνεμὶ,
1447 1261 1537 1311 καὶ
1573 1258 1752 1326 Ὀζιὴλ
1776 1256 1804 1307 6

243 1351 333 1404 106
362 1349 651 1418 Ζαχαρίου,
687 1349 778 1400 καὶ
815 1348 1056 1401 Ἐλιάδαδ
1087 1351 1114 1400 6
1142 1347 1232 1400 106
1275 1347 1420 1399 Ἀδιά
1458 1346 1564 1398 ἀπὸ
1596 1343 1804 1411 Μαρία-

244 1455 359 1506 σης.
381 1435 583 1504 Ἰωρὰμ
625 1437 653 1488 ό
688 1435 798 1496 υίὸς
828 1434 990 1486 06106
1020 1433 1112 1504 ἐτη
1142 1440 1213 1503 η’,
1243 1435 1334 1486 καὶ
1363 1433 1579 1500 ἐποίησε
1620 1430 1678 1482 16
1705 1447 1802 1480 πο-

242 1523 424 1590 νηρόν.
458 1519 580 1590 Εἶχε
612 1520 720 1589 γὰρ
748 1523 978 1586 γυναῖκα
1015 1520 1283 1588 θυγατέρα
1326 1518 1543 1586 Ἀχαάϐ.
1575 1517 1681 1567 Καὶ
1715 1515 1804 1565 ἐπὶ

240 1609 430 1660 τούτου
459 1604 594 1676 ἦσαν
637 1607 818 1668 Ἠλίας
849 1607 940 1657 καὶ
972 1606 1285 1665 Ἐλισσαῖος,
1303 1601 1546 1671 Ὀχοζίας
1579 1600 1687 1662 υἱὸς
1710 1600 1804 1651 06-

239 1694 332 1746 106
361 1693 482 1756 ἔτος
516 1701 583 1759 α’,
612 1695 702 1746 καὶ
731 1694 947 1762 ἐποίησε
977 1692 1037 1743 τὸ
1069 1689 1318 1759 πονηρόν.
1351 1689 1482 1741 Μετ’
1505 1687 1664 1739 αὑτὸν
1710 1685 1746 1735 Γ
1747 1702 1804 1736 ο-

240 1780 390 1832 θολία
420 1781 452 1848 ή
483 1781 662 1849 μήτηρ
705 1778 887 1838 06106,
919 1779 1010 1846 ἐτη
1057 1777 1211 1828 ἐπτά.
1231 1777 1380 1836 Ἰωᾶς
1415 1774 1524 1834 υίὸς
1568 1770 1802 1840 Ὀχοζίου

241 1869 332 1934 ἔτη
365 1873 437 1935 μ’.
475 1860 640 1928 0610;
668 1865 920 1932 ἐφόνευσε
948 1864 1035 1914 τὸν
1067 1861 1357 1931 Ζαχαρίαν,
1389 1861 1480 1912 καὶ
1506 1859 1722 1927 ἐποίησε
1746 1857 1804 1908 16

238 1955 392 2016 5605;
441 1956 499 2005 ἐν
549 1953 642 2021 ὅλῃ
688 1955 752 2021 τῇ
795 1952 937 2020 ψυχῇ
983 1949 1164 2009 αὑτοῦ,
1199 1950 1299 2010 ἓως
1339 1947 1509 1999 ἰωδαέ
1536 1949 1562 1999 6
1591 1945 1804 2006 συνετὸς

235 2041 354 2110 ἔζη,
388 2040 482 2092 καὶ
512 2038 771 2106 ἐφώτισεν
792 2037 968 2089 αὐτόν.
989 2035 1186 2087 Τοῦτον
1209 2034 1530 2086 ἀπέκτειναν
1558 2035 1604 2084 οἱ
1631 2031 1802 2083 δοῦλοι

235 2125 402 2181 06106
439 2127 496 2178 ἐν
527 2126 658 2194 οἴκῳ
684 2122 930 2177 Μαελὼθ.
950 2122 1070 2174 Ἐπὶ
1096 2120 1285 2175 τούτου
1320 2121 1686 2191 ἐπροφήτευσε
1710 2117 1806 2170 Ζα-

237 2215 430 2283 χαρίας
469 2212 582 2274 υἱὸς
621 2209 1089 2278 ’1ωδαέ.“Αμεσίας
1127 2209 1239 2270 υἱὸς
1283 2208 1443 2259 06106
1473 2206 1565 2273 ἐτη
1597 2205 1679 2271 ιϐ’,
1713 2208 1803 2258 καὶ

237 2300 459 2366 ἐποίησε
484 2298 543 2348 16
565 2296 716 2356 εὑθές
745 2297 800 2347 ἐν
830 2296 991 2364 ἀρχῇ,
1017 2293 1126 2345 ἀλλ’
1148 2294 1244 2362 οὐχ
1270 2294 1341 2355 ὼς
1366 2293 1674 2345 Δαυῖδ.“Ἐτι
1696 2291 1802 2360 γὰρ

235 2388 263 2438 6
304 2385 431 2444 λαὸς
477 2381 755 2443 ἐθυσίαζεν
786 2384 841 2432 ὲν
871 2383 981 2442 τοῖς
1014 2379 1254 2448 ὑψηλοῖς,
1302 2380 1393 2430 καὶ
1436 2381 1504 2430 τὰ
1548 2378 1680 2446 ἄλση
1704 2378 1803 2430 οὐκ

235 2471 412 2540 ἐξῆρε.
445 2470 554 2521 Καὶ
584 2469 672 2519 ἐπὶ
700 2466 886 2518 τούτου
921 2467 1327 2534 ἐπροφήτευσαν
1360 2464 1658 2533 προφῆται,
1687 2463 1800 2515 ἀλλ’

234 2559 334 2609 οὐκ
363 2557 676 2626 ἐγράφησαν
705 2555 771 2604 τά
805 2553 1038 2620 ὀνόματα
1072 2551 1270 2605 αὐτῶν.
1302 2549 1452 2603 Μετὰ
1478 2550 1644 2602 ταῦτα
1676 2549 1801 2617 μέν·

235 2659 312 2695 τοι
355 2643 611 2712 Ἀμεσίας
644 2638 885 2703 πατάξας
927 2640 1050 2701 τοὺς
1097 2641 1152 2691 ἐν
1204 2639 1388 2707 Σηεὶρ,
1435 2636 1667 2705 ἐπήρθη,
1709 2635 1802 2687 καὶ

235 2729 526 2797 ἐλάτρευσε
541 2729 650 2788 τοῖς
668 2725 899 2786 εἰδώλοις
923 2723 1068 2794 [559]
1081 2724 1186 2775 τῶν
1203 2725 1384 2792 Σηεὶρ,
1407 2723 1501 2774 καὶ
1522 2721 1799 2790 ἐπατάχθη

237 2812 557 2884 παραδοθεὶς
601 2815 712 2873 τοῖς
761 2810 990 2880 ἐχθροῖς.
1011 2809 1262 2878 Ἀζαρίας
1295 2811 1322 2859 6
1363 2809 1455 2858 καὶ
1490 2807 1669 2869 Ὀζίας
1708 2807 1799 2876 ἐτη

235 2901 330 2970 νβ’,
355 2899 450 2952 καὶ
475 2899 696 2965 ἐποίησε
727 2897 866 2948 κατά
889 2895 984 2964 τὴν
1009 2894 1180 2964 ἀρχὴν
1203 2893 1263 2945 16
1288 2894 1460 2954 εὐθές,
1484 2892 1557 2955 ὡς
1577 2896 1604 2945 6
1623 2893 1802 2963 πατὴρ

233 2985 426 3038 αὑτοῦ·
475 2983 613 3052 πλὴν
651 2983 716 3034 τά
765 2981 940 3050 ὑψηλά
973 2980 1070 3032 οὑκ
1117 2979 1325 3049 ἐξῆρεν.
1354 2977 1714 3047 Εύοδούμενος
1745 2978 1802 3030 δὲ

232 3071 471 3142 ἐπήρθη,
517 3072 610 3122 καὶ⁵
653 3068 912 3138 ἠθέλησεν
959 3065 1136 3135 ἐαυτῷ
1182 3065 1442 3135 θυμιᾶσαι
1473 3067 1529 3117 ἐν
1564 3065 1639 3134 τῷ
1669 3065 1800 3134 ναῷ,

232 3159 364 3228 ὅπερ
417 3157 600 3226 μόνοις
647 3158 758 3217 τοῖς
808 3153 1042 3223 ἱερεῦσιν
1065 3151 1256 3217 ἔξεστι.
1287 3151 1375 3203 Διὸ
1401 3153 1494 3204 καὶ
1521 3151 1802 3221 ἐλεπρώθη

229 3246 496 3305 ἀκούσας·
548 3244 628 3295 Οὐ
665 3241 786 3304 σοί,
834 3238 1005 3301 Ὀζία,
1054 3237 1332 3304 θυμιᾶσαι
1379 3237 1458 3301 τῷ
1508 3238 1718 3303 Κυρίῳ,
1769 3237 1802 3290 ὃ

228 3333 438 3397 μόνοις
462 3327 584 3393 τοῖς
607 3326 869 3394 ἱερεῦσιν
896 3327 1150 3390 ἔξεστιν.
1170 3323 1290 3375 Ἐπὶ
1310 3323 1495 3374 τούτου
1523 3324 1803 3392 προφήτης

240 3414 713 3482 Ἡσαΐας.’ῐωθάμ
766 3415 792 3465 6
840 3413 950 3474 υίὸς
999 3411 1160 3465 αὑτοῦ
1199 3410 1541 3462 ἐϐασίλευσεν
1583 3409 1674 3478 ἐτη
1705 3416 1801 3471 ις’,

231 3507 320 3554 καὶ
372 3501 595 3570 ἐποίησε
636 3500 697 3551 16
732 3499 884 3561 εὺθές
917 3499 990 3560 ὼς
1037 3500 1064 3550 6
1112 3497 1288 3566 πατὴρ
1321 3495 1480 3547 06106
1505 3510 1519 3525 °
1566 3495 1704 3565 πλὴν
1735 3496 1801 3546 τὰ

231 3590 408 3658 ὑψηλά
446 3590 544 3640 οὐκ
586 3587 762 3657 ἐξῆρε.
801 3588 908 3639 K0\
936 3586 1024 3637 ἐπὶ
1052 3586 1236 3636 τούτου
1265 3581 1330 3654 ἦν
1375 3583 1801 3650 Ἠσαῖας.’Δχάζ

230 3675 341 3736 υίδς
372 3675 539 3727 06106
570 3675 664 3742 ἐτη
696 3680 789 3736 ις’,
817 3675 910 3725 καὶ
939 3672 1159 3740 ἐποίησε
1191 3671 1249 3723 τὸ
1273 3671 1522 3740 πονηρόν.
1560 3669 1697 3723 Καὶι
1711 3672 1802 3722 ἐπὶ

229 3762 417 3814 τούτου
471 3758 538 3828 ῆν
579 3760 802 3821 Ἡσαΐας
851 3760 944 3810 καὶ
985 3753 1129 3825 Ὠδὴδ
1179 3754 1730 3826 προφῆται.Ἑζεκίας
1775 3759 1802 3807 6

231 3848 341 3914 υίὸς
374 3847 539 3899 αὑτοῦ
584 3848 674 3916 ἔτη
719 3846 818 3906 κθ’,
853 3845 944 3896 καὶ
989 3843 1207 3912 ἐποίησε
1249 3843 1309 3894 16
1353 3843 1504 3904 εὺθές
1535 3843 1609 3904 ὡς
1639 3842 1800 3894 Δαυῖδ

228 3936 465 3996 τελείως.
503 3929 664 3993 0610;
693 3932 937 3984 καθεῖλεν
973 3931 1095 3997 ὅφιν
1121 3930 1376 3999 χαλκοῦν,
1425 3931 1482 3981 ὃν
1527 3931 1798 3999 ἐκρέμασε

232 4019 630 4087 Μωῦσῆς.⁹Επ“ι
681 4017 864 4070 τούτου
913 4017 1252 4084 Σεναχηρεὶμ
1301 4017 1391 4066 καὶ
1429 4015 1704 4083 Ῥαψάκης
1752 4017 1800 4066 οἱ

244 4104 516 4174 Ἀσσύριοι
567 4101 1002 4173 βλασφημοῦντες
1045 4100 1425 4169 ἐπατάχθησαν
1482 4101 1578 4170 μὲν
1625 4101 1796 4161 αὐτοὶ,

235 4191 368 4260 μετά
415 4189 588 4242 ταῦτα
623 4191 679 4240 ἐν
721 4190 817 4258 μιᾷ
859 4188 914 4240 δὲ
945 4187 1098 4239 νυκτὶ
1139 4187 1378 4254 χιλιάδας
1431 4193 1541 4256 ρπε¹
1570 4187 1798 4251 ἐξελθὼν

232 4278 460 4343 ἄγγελος
516 4275 710 4327 ἀνεῖλε.
756 4273 976 4326 Μέλλων
1023 4274 1077 4325 δέ
1124 4273 1372 4336 Ἐζεκίας
1419 4273 1795 4342 ἀποθνήσκειν,

231 4363 388 4415 ἔλαϐε
420 4363 738 4431 προσθήκην
769 4360 861 4428 ἐτη
891 4366 970 4412 ιε’.
1009 4359 1300 4427 Μανασσῆς
1327 4361 1354 4410 6
1387 4360 1494 4420 υἱὸς
1516 4359 1677 4412 αὑτοῦ
1706 4360 1798 4428 ἐτη

230 4457 318 4510 νε’,
369 4448 463 4501 καὶ
509 4448 730 4516 ἐποίησε
787 4445 846 4497 16
893 4444 1307 4514 πονηρόν.”οσα
1359 4445 1414 4496 δὲ
1463 4447 1797 4514 κατέσκαψεν

244 4534 506 4598 Ἐζεκίας,
540 4531 713 4584 ταῦτα
749 4527 898 4592 0610;
933 4533 1204 4600 ἀνήγειρε,
1238 4531 1330 4581 καὶ
1378 4531 1595 4596 γέγονεν
1643 4531 1796 4594 ἀλλος

242 4619 520 4688 Ἱεροϐοάμ
563 4619 640 4686 τῷ
681 4619 868 4685 Ἰούδᾳ,
902 4617 1038 4670 ὥστε
1079 4617 1143 4668 δι’
1171 4617 1330 4668 αὑτὸν
1361 4618 1549 4669 παθεῖν
1580 4620 1675 4685 τὴν
1712 4620 1800 4671 Ἰε-

233 4707 529 4773 ρουσαλὴμ,
565 4707 640 4767 ὡς
685 4707 783 4774 τὴν
834 4707 1160 4774 Σαμάρειαν.
1204 4706 1314 4757 Καὶ
1365 4706 1470 4774 γὰρ
1517 4706 1602 4756 ἐπ’
1634 4706 1795 4758 06106

225 4793 555 4862 ἐλέχθη,““ος
597 4792 888 4859 ἐξήμαρτε
928 4793 1031 4842 τόν
1073 4791 1315 4843 Ἰούδαν.
1359 4791 1448 4842 Διὸ
1485 4792 1576 4843 καὶ
1608 4793 1799 4860 αἰχμά-

228 4878 390 4941 λωτος
421 4878 641 4947 ἀπήχθη
669 4879 746 4939 εἰς
769 4877 1075 4928 Βαϐυλῶνα.
1097 4876 1232 4926 Ἀλλ’
1257 4878 1314 4928 ἐν
1344 4880 1408 4946 τῇ
1431 4876 1793 4945 αἰχμαλωσίᾳ,

227 4965 299 5025 ὡς
322 4967 376 5016 ἐν
400 4968 509 5026 τυϊς
527 4964 1019 5033 Παραλειπομένοις
1039 4961 1361 5032 γέγραπται,
1391 4965 1797 5032 μετανοήσαντα

229 5051 385 5102 αὑτὸν
411 5050 771 5119 μετέστρεψεν
791 5052 817 5100 6
837 5049 963 5110 Θεὸς
985 5050 1062 5110 είς
1096 5049 1465 5117 Ἰερουσαλὴμ,
1505 5050 1594 5100 καὶ
1636 5049 1795 5100 πάλιν

228 5134 547 5188 ἀντελάϐετο
586 5136 684 5201 τῆς
714 5134 1000 5202 βασιλείας.
1027 5133 1314 5186 Μετανοῶν
1338 5134 1391 5184 δὲ
1419 5134 1510 5184 καὶ
1533 5133 1794 5185 διδάσκων

226 5225 313 5275 τὸν
334 5223 462 5274 λαὸν
481 5222 747 5273 δουλεύειν
767 5222 842 5290 τῷ
863 5222 998 5290 Θεῷ,
1021 5221 1385 5290 ἐτελεύτησεν.
1411 5222 1523 5271 Οὐκ
1547 5221 1716 5287 ἐτάφη
1740 5222 1794 5273 δὲ

226 5311 282 5361 ἐν
322 5309 472 5360 πόλει
514 5306 695 5368 Δαυῖδ,
717 5308 827 5358 ἀλλ’
852 5309 906 5360 ἐν
929 5307 1004 5375 τῷ
1048 5308 1205 5375 κήπῳ
1244 5305 1427 5369 αὑτοῦ,
1457 5307 1614 5374 κήπῳ
1647 5304 1794 5367 Ὀζᾶ.

237 5398 293 5449 ’Δ
305 5396 418 5465 μῶς
440 5398 466 5447 6
487 5396 597 5456 υἱὸς
616 5394 776 5447 06106
804 5394 894 5464 ἐτη
921 5393 986 5462 β’,
1012 5394 1102 5445 καὶ
1124 5393 1341 5461 ἐποίησε
1365 5394 1424 5444 16
1446 5393 1695 5461 πονηρὸν,
1723 5393 1795 5452 ὡς

224 5485 253 5534 6
278 5484 458 5552 πατὴρ
484 5481 984 5553 αὐτοῦοΜανασσῆς,
1011 5483 1100 5533 καὶ
1121 5481 1324 5532 ἀνεῖλον
1359 5481 1516 5532 αὑτὸν
1540 5482 1588 5532 οἱ
1613 5481 1796 5540 παῖδες

226 5569 410 5629 06106,
431 5569 524 5620 καὶ
547 5567 718 5636 ἐτάφη
744 5569 798 5618 ἐν
824 5573 984 5636 κήπῳ
1016 5565 1163 5629 Ὀζᾶ,
1189 5566 1315 5618 ἔνθα
1338 5566 1431 5617 καὶ
1455 5569 1480 5618 6
1509 5567 1688 5634 πατὴρ
1710 5567 1803 5616 06-

221 5654 333 5706 106.
352 5653 560 5714 Ἰωσίας
579 5656 606 5705 6
630 5653 741 5715 υίὸς
764 5652 923 5704 αὑτοῦ
950 5653 1040 5720 ἐτη
1065 5652 1164 5704 λα’.
1195 5652 1392 5704 Τοῦτον
1413 5655 1440 5703 6
1460 5652 1584 5712 λαὸς
1612 5654 1797 5722 ήγειρε

224 5740 458 5809 βασιλέα,
487 5739 613 5793 ὄντα
654 5740 789 5791 ἐτῶν
830 5746 898 5808 η’,
926 5739 1019 5790 καὶ
1042 5738 1259 5806 ἐποίησε
1283 5738 1341 5789 16
1365 5738 1514 5800 εύθές
1553 5741 1610 5790 ἐν
1645 5739 1791 5812 πάσῃ

1312 374 1644 432 SYNOPSIS
1682 365 2098 428 SCRIPTURE
2136 363 2402 423 SACRE.

3347 369 3457 423 356

1904 479 2008 547 ὁδῷ
2047 478 2227 542 Δαυτδ,
2250 478 2344 532 καὶ
2368 477 2466 529 οὐκ
2487 474 2695 544 ἀπέστη
2717 471 2882 540 δεξιᾷ,
2910 467 3028 522 οὑδέ
3052 468 3329 538 ἀριστερᾷ.
3358 468 3468 522 Καὶ

1903 567 2009 634 γὰρ
2028 566 2120 616 καὶ
2138 565 2203 618 τά
2221 565 2358 634 ἄλση
2376 562 2619 631 ἐξέκοψε,
2642 562 2735 614 καὶ
2751 559 2819 612 τὰ
2837 557 3026 610 εἴδωλα
3045 555 3219 608 πάντα
3234 553 3464 608 καθεῖλε.

1905 650 2188 718 Γενόμενος
2214 649 2269 701 δέ
2294 649 2428 700 ἐτῶν
2453 653 2546 712 ις’,
2571 647 2659 698 τόν
2681 661 2738 698 τε
2759 643 2920 713 νόμον
2962 641 3221 710 ζητήσας,
3251 639 3340 692 καὶ
3376 639 3467 691 56o

1907 733 2014 804 ρὼν
2055 734 2429 804 ἀμεληθέντα,
2471 730 2881 798 ἀναγνωσθῆναι
2925 727 3191 794 πεποίηκε
3215 764 3230 789 ,
3276 723 3369 775 καὶ
3405 723 3467 777 16

1905 817 2086 887 πάσχα
2123 819 2364 888 ἐποίησε,
2390 817 2485 870 καὶ
2517 814 2796 886 ἐκήρυξεν,
2822 813 2898 874 ὡς
2921 810 3248 881 γέγραπται.
3271 806 3466 861 Τοῦτον

1903 905 1958 956 δὲ
1978 904 2148 956 ἀνεῖλε
2172 903 2367 974 Φαραὼ
2409 901 2605 974 Νεχαὼ
2632 901 2723 954 ἐπὶ
2753 899 2846 952 τοῦ
2872 899 3151 968 Εὐφράτου
3177 895 3470 965 φιλονεικήο

1906 1006 2070 1041 σαντα
2093 990 2226 1058 πρὸς
2245 989 2422 1042 αὐτόν.
2441 989 2563 1041 Ἐπὶ
2597 987 2782 1039 τούτου
2816 984 3079 1054 Ἱερεμίας
3100 983 3193 1035 καὶ
3213 981 3469 1047 Σοφονίας

1903 1068 2038 1142 ἦσαν
2063 1076 2108 1125 οί
2134 1073 2425 1143 προφῆται,
2453 1073 2546 1126 καὶ
2579 1070 2782 1140 Ὀλδάή
2817 1070 3085 1139 προφῆτις
3107 1066 3243 1136 γυνὴ
3280 1064 3467 1132 Σελλῆ.

1917 1157 2140 1226 Ἰωάχαζ
2169 1160 2278 1220 υίὸς
2299 1158 2460 1210 06106
2485 1157 2658 1228 μῆνας
2679 1158 2846 1226 τρεῖς,
2880 1155 2972 1206 καὶ
2996 1153 3213 1221 ἐποίησε
3236 1151 3295 1202 16
3317 1166 3470 1216 πονη-

1906 1242 2018 1311 ρὸν,
2048 1244 2139 1295 καὶ
2182 1245 2507 1313 μετέστησεν
2545 1241 2705 1294 αὑτὸν
2747 1239 2943 1310 Φαραὼ
2985 1236 3212 1306 Νεχαώ⁸
3247 1237 3338 1288 καὶ⁵
3380 1236 3470 1286 ἐπὶ

1903 1327 2093 1379 τούτου
2117 1323 2184 1398 ἦν
2218 1328 2502 1397 Ἱερεμίας.
2523 1328 2800 1397 Ἐλιακε“ιμ
2819 1327 3000 1393 ἐτερος
3023 1324 3133 1384 υἱὸς
3170 1321 3388 1383 Ἰωσίου,
3412 1320 3471 1382 ὃς

1913 1413 2300 1483 μετωνομάσθη
2341 1415 2611 1483 Ἰωακεὶμ,
2638 1413 2730 1483 ἐτη
2751 1418 2844 1477 ια’,
2869 1411 2961 1463 καὶ
2983 1409 3200 1477 ἐποίησε
3225 1408 3284 1459 16
3306 1423 3471 1474 πονη-

1909 1498 2017 1567 ρόν.
2038 1500 2288 1568 Ἰωακεὶμ
2325 1501 2352 1551 6
2397 1501 2489 1552 καὶ
2520 1501 2788 1568 Ἰεχονίας,
2806 1499 2841 1549 ’ό
2863 1497 2974 1558 υἱὸς
2997 1493 3182 1556 06106,
3211 1493 3381 1562 μῆνας
3401 1490 3469 1558 γ’,

1905 1584 1998 1634 καὶ⁵
2035 1584 2254 1652 ἐποίησε
2299 1585 2358 1636 16
2395 1587 2626 1655 πονηρὸν
2660 1585 2753 1638 καὶ
2786 1582 3003 1653 ἀπήχθη
3043 1583 3122 1644 είς
3161 1577 3467 1632 Βαϐυλῶνα.

1905 1668 2128 1721 Ματθάν
2155 1670 2182 1720 6
2199 1670 2308 1731 υίὸς
2333 1671 2514 1723 06106.
2543 1670 2739 1722 Τοῦτον
2761 1668 3223 1736 Ναϐουχοδονόσορ
3251 1664 3470 1735 ἐποίησε

1906 1753 2147 1822 βασιλέα,
2186 1753 2334 1825 [560]
2369 1756 2462 1807 καὶ
2498 1755 2844 1824 μετωνόμασε
2871 1754 3033 1806 αὑτὸν
3055 1750 3333 1803 Σεδεκίαν.
3359 1751 3471 1802 Καὶ

1904 1841 2245 1894 ἐϐασίλευσεν
2273 1843 2366 1910 ἐτη
2401 1841 2487 1910 ιβ’,
2516 1844 2606 1894 καὶ
2638 1842 2860 1911 ἐποίησε
2883 1841 2944 1892 16
2967 1838 3220 1908 πονηρόν.
3253 1839 3360 1891 Καὶ
3379 1840 3471 1890 ἐπὶ

1903 1927 2089 1979 τούτου
2141 1923 2208 1996 ῆν
2251 1925 2703 1996 Ἰερεμίας.Ἔως
2755 1924 2941 1977 τούτου
2989 1926 3022 1993 ή
3080 1922 3323 1991 βασιλεία
3375 1921 3469 1974 τοῦ

1917 2011 2102 2077 Ἰούδα,
2126 2013 2215 2064 καὶ
2244 2011 2529 2081 κατελύθη,
2561 2011 2745 2079 ὥσπερ
2769 2011 2861 2062 καὶ
2884 2009 2981 2077 τῆς
3012 2007 3340 2078 Σαμαρείας.
3362 2006 3470 2058 Καὶ

1903 2100 2010 2170 γὰρ
2042 2103 2073 2170 ή
2109 2100 2260 2159 πόλις
2297 2100 2457 2163 ἑάλω,
2494 2100 2585 2150 καὶ
2616 2099 2812 2160 πάντες
2843 2094 3164 2166 ἀπήχθησαν
3188 2091 3470 2164 αἰχμάλω-

1902 2204 1982 2238 τοι
2021 2191 2098 2249 εἰς
2133 2185 2423 2237 Βαϐυλῶνα
2457 2184 2592 2255 μετά
2617 2183 2842 2236 σκευῶν.
2874 2182 2992 2234 Είσὶ
3019 2181 3074 2233 δὲ
3102 2179 3337 2252 βασιλεῖς
3362 2186 3470 2247 κα’,

1905 2274 2061 2334 ἐκτὸς
2096 2273 2365 2334 Γοθολίας.

1986 2372 2247 2442 Ὀνόματα
2279 2372 2384 2424 τῶν
2419 2372 2674 2441 βασιλέων
2719 2370 2822 2424 τῶν
2871 2369 3170 2439 γενομένων
3201 2370 3258 2421 ἐν
3286 2368 3470 2437 2090-

1905 2459 2044 2528 ρείᾳ,
2080 2459 2170 2509 καὶ
2210 2461 2356 2510 ποῖον
2401 2459 2496 2528 τῆς
2547 2459 2774 2510 ἑκάστου
2804 2456 3051 2526 πράξεως
3077 2456 3266 2523 γέγονε
3297 2453 3468 2517 τέλος,

1903 2545 1994 2597 καὶ
2024 2543 2162 2595 πόσα
2189 2543 2283 2612 ἐτη
2315 2544 2540 2605 ἕκαστος
2584 2543 2948 2604 ἐϐασίλευσεν,
2985 2539 3471 2608 οὓτως.Ἰεροϐοάμ

1903 2631 2014 2691 υίὸς
2049 2629 2234 2681 Ναϐἀθ
2268 2630 2361 2697 ἐτη
2390 2631 2484 2682 κδ’.
2522 2623 2687 2689 0610;
2718 2628 3025 2698 σχισθείσης
3057 2626 3154 2694 τῆς
3197 2625 3471 2695 βασιλείας

1903 2715 2135 2767 ἀνελθὼν
2161 2716 2251 2766 ἀπ’
2280 2714 2553 2780 Αίγύπτου
2594 2715 2806 2783 πρῶτος
2833 2712 3176 2766 ἐϐασίλευσεν
3209 2713 3266 2763 ἐν
3291 2713 3474 2780 Σαμα-

1906 2800 2046 2870 ρείᾳ,
2080 2800 2172 2852 καὶ⁹
2199 2801 2416 2867 ἐποίησε
2462 2799 2521 2851 16
2568 2799 2798 2869 πονηρὸν
2829 2799 2902 2860 ὡς
2930 2799 3104 2860 οὐδεὶς
3133 2797 3334 2868 ἔτερος.
3376 2798 3474 2850 Mc

1904 2887 2160 2957 ϐούμενος
2189 2888 2295 2956 γὰρ
2331 2889 2404 2957 μὴ
2433 2887 2769 2956 καταληφθῇ.
2807 2887 3028 2957 ἐποίησε
3060 2887 3316 2956 δαμάλεις
3341 2902 3471 2956 χρυ-

1904 2976 2001 3037 σᾶς
2031 2974 2144 3037 δύο,
2186 2976 2278 3026 καὶ
2303 2975 2548 3044 ήπάτησε
2582 2975 2671 3025 16v
2700 2973 2825 3026 λαὸν
2859 2973 3061 3042 λέγων·
3109 2969 3284 3030 Οὗτοι
3317 2975 3473 3026 είσιν

1902 3066 1954 3116 οὶ
2006 3062 2148 3127 θεοὶ,
2193 3064 2243 3114 ot
2294 3062 2695 3130 ἀναγαγόντες
2731 3061 2886 3130 ἡμᾶς
2913 3062 2980 3115 ἐκ
3019 3061 3132 3129 τῆς
3152 3063 3469 3130 Αἰγύπτου.

1917 3150 2214 3203 Ἑπλάσατο
2245 3151 2336 3202 καὶ
2381 3150 2570 3218 ἐορτάς
2610 3151 2702 3201 καὶ
2739 3150 2950 3220 ἱερέας·
2995 3149 3103 3202 Καὶ
3153 3145 3329 3215 οὗτος
3372 3148 3469 3213 ἐξ·

1901 3235 2122 3304 ἥμαρτε
2147 3239 2250 3289 τὸν
2284 3237 2549 3303 Ἰσραήλ.
2577 3236 2732 3306 Αὐτῷ
2785 3237 2890 3307 γὰρ
2935 3238 3135 3300 πάντες
3162 3239 3211 3289 οί
3240 3234 3353 3306 μετ’
3378 3237 3472 3288 06-

1902 3321 1990 3374 τὸν
2022 3322 2650 3392 κατηκολούθησαν.Ἐπὶ
2682 3322 2868 3374 τούτου
2896 3317 2964 3392 ἧν
2984 3325 3262 3393 προφήτης
3293 3322 3474 3390 Ἀχίας

1902 3413 1930 3461 6
1962 3411 2252 3480 Σιλονίτης,
2283 3412 2373 3463 καὶ
2417 3412 2446 3464 6
2495 3410 2953 3481 ἐπικαλεσάμενος
2986 3412 3075 3464 ἐπὶ
3099 3412 3160 3464 16
3188 3410 3476 3482 θυσιαστή-

1906 3515 2018 3566 ριον
2044 3499 2161 3550 κατ’
2185 3498 2366 3551 06106.
2388 3498 2576 3552 Ναϐἀθ
2603 3500 2713 3560 0E6;
2738 3498 2900 3552 06106
2932 3498 3022 3569 ἐτη
3057 3499 3121 3568 β’,
3149 3497 3239 3550 καὶ
3260 3499 3474 3569 ἐποίησε

1903 3585 1961 3636 τὸ
1985 3585 2235 3654 πονηρὸν,
2271 3584 2363 3638 καὶ
2408 3585 2506 3637 οὐκ
2540 3585 2617 3637 ἐτι
2650 3603 2731 3647 τις
2778 3588 2840 3638 ἐκ
2873 3586 3060 3653 γένους
3103 3585 3265 3637 06106
3295 3585 3475 3638 ἐϐασί-

1903 3670 2078 3722 λευσε.
2109 3670 2322 3739 Ζαμϐρὶ
2349 3671 2533 3740 ἐτέρου
2564 3671 2750 3737 γένους
2781 3673 2874 3740 ἐτη
2915 3671 2998 3740 ιβ’.
3037 3671 3226 3723 Βαασᾶ.
3253 3671 3343 3740 ἐτη
3375 3671 3470 3735 κδ’,

1904 3759 1996 3808 καὶ
2043 3757 2264 3826 ἐποίησε
2291 3757 2352 3808 16
2382 3756 2636 3827 πονηρόν.
2656 3758 2776 3809 Ἐπὶ
2817 3758 3004 3809 τούτου
3036 3758 3306 3827 προφῆται
3337 3753 3474 3827 ἦσαν

1914 3842 2114 3905 Ἠλίας,
2145 3843 2238 3895 καὶ
2286 3843 2597 3907 Ἐλισσαῖος,
2626 3844 2719 3895 καὶ
2752 3844 3008 3912 Μιχαίας,
3053 3844 3147 3895 καὶ
3189 3846 3217 3895 ό
3263 3860 3472 3913 προφη-

1899 3926 2092 3987 τεύσας
2114 3927 2191 3994 τῷ
2223 3927 2423 3996 Ἀχαάϐ
2447 3929 2570 3996 περὶ
2595 3929 2690 3996 τῆς
2716 3929 2908 3998 Συρίας
2931 3929 3019 3980 καὶ
3041 3927 3132 3980 τοῦ
3155 3928 3269 3981 υἱοῦ
3299 3929 3470 4000 Ἄδερ,

1901 4013 1993 4065 καὶ
2040 4015 2068 4065 ὁ
2122 4014 2362 4077 πατάξας
2411 4016 2572 4068 αὑτὸν
2618 4015 2924 4085 τραύματι,
2977 4017 3068 4067 καὶ
3119 4015 3338 4082 ἐλέγξας
3383 4016 3473 4066 τὸν

1913 4098 2133 4166 Ἀχαάϐ,
2165 4101 2256 4149 καὶ
2284 4099 2467 4151 πολλοὶ
2498 4100 2613 4152 καθ’
2637 4102 2860 4161 ἑαυτοὺς
2892 4101 2996 4151 υίοὶ
3023 4100 3131 4151 τῶν
3159 4099 3468 4170 προφητῶν.

1913 4184 2154 4253 Ὀχοζίας
2184 4185 2296 4246 υίὸς
2322 4185 2482 4238 06106
2514 4185 2605 4254 ἐτη
2640 4186 2706 4254 β’,
2741 4189 2835 4238 καὶ
2877 4188 3098 4256 ἐποίησε
3126 4188 3185 4238 τὸ
3218 4188 3469 4256 πονηρόν.

1901 4273 2008 4323 Καὶ
2039 4273 2124 4325 ἐπὶ
2163 4273 2349 4324 τούτου
2378 4269 2517 4343 ἦσαν
2564 4274 2743 4335 Ἠλίας
2789 4273 2882 4327 καὶ
2919 4273 3247 4337 Ἐλισσαῖος·
3307 4277 3470 4329 06106

1899 4358 2007 4427 γὰρ
2052 4361 2174 4420 τοὺς
2219 4361 2712 4431 πεντηκοντάρχους
2747 4361 3009 4424 ἐπάταξεν
3038 4365 3094 4414 ἐν
3124 4364 3252 4434 πυρὶ
3291 4363 3470 4425 Ἠλίας

1899 4447 1956 4497 ἐν
1993 4449 2195 4516 ῥήματι
2229 4447 2670 4518 Κυρίου.Ἰωράμ
2709 4451 2819 4511 υίὸς
2861 4450 3062 4518 Ἀχαάϐ
3113 4450 3206 4520 ἐτη
3253 4449 3339 4519 ιβ’,
3379 4453 3471 4504 καί

1899 4533 2119 4602 ἐποίησε
2156 4535 2215 4584 16
2247 4535 2497 4604 πονηρὸν,
2529 4537 2620 4588 καὶ
2645 4537 2825 4589 οὐκέτι
2851 4555 2932 4599 τις
2961 4537 3054 4590 τοῦ
3089 4539 3274 4604 γένους
3303 4539 3467 4591 06106

1899 4619 2229 4672 ἐϐασίλευσε.
2270 4623 2377 4673 Καὶ
2404 4625 2431 4673 ό
2463 4623 2561 4690 μὲν
2601 4622 2784 4685 Ἠλίας
2813 4623 3088 4692 ἀνελήφθη
3120 4625 3212 4675 ἐπὶ
3237 4624 3424 4677 τούτου
3451 4642 3464 4655 ·

1898 4706 1926 4754 6
1971 4704 2026 4756 δὲ
2065 4706 2356 4767 Ἐλισσαῖος
2394 4707 2657 4775 διέμεινεν
2703 4709 2806 4770 ἕως
2848 4709 3143 4778 Ἱεροϐοάμ,
3169 4710 3281 4762 υίὸν
3321 4710 3468 4774 Ἰωάς

1903 4791 2159 4860 βασιλέως
2204 4791 2616 4861 Ἰσραήλ.Ἧσαν
2637 4795 2691 4845 δέ
2719 4795 2811 4846 καὶ
2835 4796 2926 4846 ἐπὶ
2953 4795 3138 4848 τούτου
3165 4799 3213 4848 οἱ
3240 4798 3341 4849 υίοὶ
3361 4798 3468 4850 τῶν

1899 4878 2208 4946 προφητῶν.
2245 4877 2344 4929 Ἰοῦ
2376 4878 2561 4947 ἐτέρου
2591 4879 2796 4946 γένους,
2820 4881 2934 4942 υίὸς
2954 4881 3233 4950 Ναμεσσῆ,
3253 4882 3342 4951 ἐτη
3363 4883 3464 4950 κβ’.

1899 4959 2062 5025 U610;
2089 4965 2264 5016 ἀνεῖλε
2298 4963 2356 5015 16
2381 4965 2533 5031 γένος
2571 4967 2772 5034 Ἀχαάϐ
2802 4969 2894 5019 καὶ
2917 4967 3041 5030 τοὺς
3069 4970 3350 5037 προφήτας
3373 4969 3466 5021 τοῦ

1900 5050 2042 5103 Βάαλ
2088 5054 2143 5102 ἐν
2173 5051 2247 5118 τῷ
2287 5053 2619 5122 πτερνισμῷ,
2654 5056 2746 5106 καὶ
2775 5055 2875 5124 τὴν
2916 5057 3112 5124 στήλην
3146 5056 3306 5108 06106
3339 5073 3466 5107 συν.

1899 5137 2098 5203 έτριψε.
2141 5137 2248 5188 Καὶ
2280 5138 2336 5188 ἐν
2365 5137 2568 5200 τούτοις
2595 5142 2818 5208 ποιήσας
2847 5141 2905 5192 τὸ
2929 5140 3097 5201 εὑθές,
3131 5140 3252 5209 ἔσχε
3295 5142 3467 5208 ἐπαγ-

1897 5221 2100 5288 γελίαν,
2132 5223 2210 5272 ὅτι
2243 5223 2360 5273 Υἱοὶ
2394 5224 2638 5294 τέταρτοι
2682 5226 2989 5278 καθίσονταί
3033 5243 3114 5277 σοι
3140 5227 3229 5277 ἐπὶ
3256 5226 3464 5295 θρόνου.

1913 5309 2121 5377 Ἰοαχάζ
2147 5309 2259 5371 υἱὸς
2288 5311 2451 5363 αὑτοῦ
2495 5314 2587 5382 ἐτη
2638 5315 2723 5375 ιζ’,
2759 5316 2850 5366 καὶ⁵
2879 5312 3094 5380 ἐποίησε
3122 5312 3183 5365 16
3216 5313 3464 5383 πονηρὸν,

1898 5395 1988 5446 καὶ
2024 5395 2326 5465 ἐπολέμησε
2352 5400 2448 5468 τὴν
2477 5399 2842 5468 Ἰερουσαλὴμ,
2872 5400 2965 5452 καὶ
2992 5398 3145 5450 ἔλαϐε
3169 5401 3228 5451 16
3249 5401 3466 5469 χρυσίον

1898 5481 1990 5532 καὶ
2043 5482 2109 5532 τὰ
2149 5483 2334 5550 σκεύη.
2371 5484 2648 5555 Ἰεροϐοάμ
2699 5485 2812 5546 υίὸς
2867 5485 3027 5536 06106
3074 5483 3165 5554 ἐτη
3220 5492 3327 5554 μα’,
3375 5486 3467 5538 καὶ

1900 5566 2120 5634 ἐποίησε
2171 5567 2228 5618 16
2270 5569 2518 5638 πονηρόν.
2554 5571 2822 5639 Ζαχαρίας
2853 5571 2964 5632 υίὸς
2992 5569 3150 5621 06106
3187 5571 3358 5639 μῆνας
3391 5581 3465 5634 ς’,

1899 5654 1992 5704 καὶ
2018 5654 2239 5723 ἐποίησε
2269 5657 2328 5708 τὸ
2361 5675 2489 5727 πονη
2502 5658 2760 5725 ρόν.Ἒως
2785 5657 2970 5710 τούτου
2993 5657 3243 5723 γεγόνασι
3267 5656 3359 5708 τοῦ
3379 5658 3464 5724 γέ·

1901 5755 2022 5800 νους
2061 5739 2161 5790 Ἰοῦ
2197 5742 2300 5792 υἱοὶ
2335 5744 2594 5812 τέταρτοι.
2631 5743 2864 5812 Σελλοὺμ
2905 5741 3083 5812 ἐτέρου
3112 5743 3318 5809 γένους,
3355 5743 3468 5809 υίὸς
