3996 6426
509 395 620 451 357

504 504 689 572 Ἰαϐὶς,
715 503 922 575 ἡμέρας
965 501 1029 564 λ’.
1059 502 1153 557 καὶ
1197 502 1415 572 ἐποίησε
1444 503 1503 556 τδ
1528 502 1776 572 πονηρόν.
1811 499 2048 567 Μαναὴμ

491 592 651 650 Non
678 591 885 661 γένους,
914 591 1029 653 υίὸς
1057 590 1249 661 Γαδδὴ,
1279 590 1370 660 ἔτη
1404 597 1471 656 κ’,
1500 590 1594 644 καὶ
1624 589 1841 659 ἐποίησε
1872 587 1930 639 τὸ
1957 602 2051 637 πο-

493 679 811 752 νηρόν.Ἐπὶ
836 677 1026 733 τούτου
1067 679 1291 742 Ἠσαίας
1335 680 1426 733 καὶ
1465 678 1618 746 Ὠσηὲ
1666 673 1802 746 ἦσαν
1848 691 2054 746 προφη-

494 766 758 829 τεύοντες.
784 763 954 818 Φακεέ
980 763 1137 818 ἄλλου
1166 765 1370 833 γένους,
1406 765 1521 828 υίὸς
1544 764 1831 834 Ῥωμελίου
1864 763 1954 832 Ιἐτη
1982 768 2047 815 κ’.

498 847 665 917 0610;
705 851 902 919 ἔσφαξε
930 851 1020 903 τὸν
1048 852 1301 912 Φακείαν,
1329 852 1425 906 καὶ
1466 852 1683 921 ἐποίησε
1713 851 1771 903 16
1799 849 2049 919 πονηρόν.

508 938 627 990 Ἑπί
658 936 845 990 τούτου
890 933 1029 1006 ἦσαν
1072 937 1298 998 Ἡσαΐας
1341 938 1434 991 καὶ
1466 938 1618 1006 Ὠσηέ
1662 940 1708 990 οἰ
1760 937 2052 1007 προφῆται.

507 1024 663 1093 Ὠσηὲ
687 1023 869 1093 ἐτέρου
898 1022 1104 1089 γένους,
1130 1024 1240 1086 υίὸς
1271 1023 1421 1083 Ἰιλᾶ,
1451 1023 1544 1094 έτη
1569 1023 1630 1077 θ’.
1668 1016 1829 1085 0610;
1857 1021 2053 1086 έσςαξε

493 1110 584 1163 16v
621 1109 817 1173 Φακεὲ,
849 1109 941 1161 καὶ
970 1110 1188 1179 ἐποίησε
1215 1109 1276 1163 16
1310 1110 1559 1180 πονηρὸν,
1592 1111 1730 1179 πλὴν
1777 1110 1872 1178 ούχ
1904 1110 1979 1173 ώς
2006 1111 2054 1162 οί

496 1193 602 1264 πρὸ
628 1192 812 1247 αύτοῦ.
843 1193 1146 1265 (”Υστερος)
1197 1195 1354 1264 Ὠσηὲ
1383 1197 1567 1263 γέγονε
1598 1196 1847 1265 βασιλεὺς
1874 1196 2057 1263 Σαμα-

501 1282 664 1352 ρείας.
684 1282 799 1335 Ἐπ’
825 1281 987 1334 αὐτοῦ
1026 1282 1132 1351 γάρ
1165 1282 1455 1340 πέπαυται.
1500 1285 1591 1335 καὶ
1620 1282 1865 1335 ἀπώλετο
1893 1285 1925 1353 ἡ
1953 1283 2056 1335 Σα-

499 1367 719 1437 μάρεια.
766 1364 915 1438 [361]
960 1370 1052 1421 καὶ
1094 1367 1273 1421 λοιπὸν
1314 1368 1584 1439 ’Λσσύριοι
1631 1368 1954 1438 κατῴκησαν
2001 1370 2057 1421 ἐν

497 1454 652 1524 αὐτῇ.
672 1453 759 1518 Ἐξ
796 1447 870 1507 ὧν
910 1457 1167 1525 αἰρετικοὶ
1199 1456 1530 1524 Σαμαρεῖται
1556 1454 1837 1523 γεγόνασι,
1865 1455 2059 1509 καλού-

501 1559 647 1611 μενοι
679 1528 1116 1596 ΣαδουκαῖοιίβΕν
1157 1544 1361 1605 τούτοις
1395 1538 1486 1596 06v
1514 1542 1609 1596 καὶ
1647 1542 1871 1613 τελευτᾷ
1893 1544 1921 1596 6
1952 1543 2059 1606 πᾶς

500 1628 698 1692 σκοπδς
724 1627 831 1681 τῶν
859 1628 1077 1699 βιϐλίων
1098 1628 1205 1682 τῶν
1234 1627 1549 1682 Βασιλειῶν.

865 1811 1347 1880 Παραλειπόμενα
1364 1811 1608 1874 ,βιϐλίον
1632 1809 1701 1863 α’.

568 1963 1015 2034 Παραλειπὸμενα
1067 1962 1330 2024 καλεῖται,
1383 1962 1565 2030 ἐπειδὴ
1618 1961 1785 2014 πολλὰ
1836 1962 1893 2013 ἐν
1944 1962 2065 2024 ταῖς

498 2048 802 2111 Βασιλείαις
826 2047 1256 2120 παραλειφθέντα
1288 2048 1593 2117 περιέχεται
1624 2049 1679 2100 ἐν
1716 2048 1923 2110 τούτοις
1953 2050 2064 2110 τοῖς

502 2136 899 2207 βιϐλίοις.Ἔστι
929 2138 984 2191 δὲ
1013 2138 1070 2191 ἐν
1102 2137 1275 2207 τούτῳ
1298 2137 1374 2204 τῷ
1408 2136 1605 2206 πρώτῳ
1626 2136 1940 2205 γενεαλογία
1960 2154 2063 2189 πα-

502 2223 609 2275 σῶν
643 2221 820 2289 φυλῶν
846 2222 952 2275 ἀπὸ
988 2221 1156 2289 Ἀδὰμ
1176 2222 1278 2284 ἕως
1298 2222 1405 2275 τῶν
1436 2222 1697 2291 βασιλέων
1724 2222 1863 2275 κατὰ
1892 2222 2061 2290 φυλὰς

500 2308 593 2361 καὶ
626 2308 763 2360 κατά
788 2307 991 2376 δήμους
1035 2308 1129 2359 καὶ
1173 2309 1311 2359 κατὰ
1357 2309 1589 2377 πατριὰς
1628 2310 1717 2360 καὶ
1756 2311 1871 2361 κατ’
1898 2305 2058 2361 οἷκον.

502 2393 663 2457 Τίνας
687 2410 743 2446 τε
772 2391 924 2456 ἔταξε
962 2392 1068 2445 τῶν
1097 2392 1332 2446 Λευῖτῶν
1365 2393 1524 2446 Δαυῖδ
1556 2397 1613 2446 ἐν
1646 2395 1823 2456 αὐλοῖς
1853 2397 1943 2446 καὶ
1978 2412 2063 2447 κι-

501 2477 689 2550 νύραις
717 2479 862 2549 ᾅδειν
888 2478 964 2548 τῷ
995 2476 1132 2547 Θεῷ,
1161 2478 1255 2530 καὶ
1280 2478 1430 2541 τίνας
1456 2478 1636 2545 έταξεν
1668 2482 1724 2531 ἐν
1754 2482 1865 2540 τοῖς
1890 2480 2066 2549 ἔργοις

502 2565 593 2619 τοῦ
625 2564 773 2621 ναοῦ.
815 2564 1083 2635 Πρότερος
1126 2563 1234 2633 γὰρ
1279 2564 1439 2626 0616;
1466 2564 1555 2616 16v
1582 2564 1706 2616 v06v
1739 2564 1939 2627 κτίζειν
1967 2565 2068 2635 ἦρ-

505 2653 647 2718 ξατο.
676 2652 783 2706 Καὶ
814 2652 975 2720 ἕτερά
1006 2669 1122 2705 τινα
1145 2651 1491 2721 λεπτομερῶς
1526 2650 1785 2719 βασιλέων
1824 2652 1917 2704 καὶ
1960 2652 2067 2704 τῶν

503 2740 700 2808 γενεῶν
721 2738 795 2792 διέ
807 2755 1007 2808 ρχεται.
1040 2736 1133 2800 Οἷς
1163 2737 1457 2791 συναπτέον
1481 2738 1574 2789 καὶ
1601 2738 1792 2803 ταῦτα,
1817 2740 1897 2791 ὅτι
1926 2738 2069 2804 γίνε⁴

504 2845 590 2879 ται
618 2824 750 2894 ὁμοῦ
778 2825 883 2877 τῶν
914 2826 970 2876 ἐν
1001 2825 1300 2893 ’Ῑερουσαλὴ
1311 2842 1348 2893 μ
1376 2823 1802 2891 βασιλευσάντων
1839 2823 1945 2875 ἀπὸ
1973 2823 2065 2876 τοῦ

505 2910 664 2965 Δαυῖδ
682 2910 750 2963 τὰ
778 2910 951 2963 πάντα
988 2907 1079 2979 ἔτη
1113 2910 1233 2962 υοδ¹.
1257 2910 1318 2961 Οἰ
1345 2910 1399 2961 δὲ
1432 2907 1665 2977 βασιλεῖς
1694 2909 1891 2970 πάντες
1917 2906 2070 2976 γεγό-

505 3016 655 3054 νασιν
684 2999 740 3062 ἐξ
758 2998 873 3058 ἐνὸς
894 2996 1079 3064 γένους
1106 2996 1196 3048 τοῦ
1226 2994 1403 3057 Δαυῒδ,
1438 2996 1529 3047 καὶ
1551 2994 1600 3047 οἳ
1634 2995 1727 3062 μὲν
1750 2995 2070 3061 ἐποιήσαντο

503 3087 563 3139 16
595 3086 765 3147 εύθές,
807 3083 909 3136 εἰσί.
956 3082 1029 3134 θ’·
1076 3082 1123 3134 οἳ
1163 3082 1219 3135 δὲ
1249 3081 1309 3134 16
1341 3081 1572 3151 πονηρὸν
1607 3081 1945 3148 ἐποιήσαντο,
1979 3079 2064 3147 ιβ’,

504 3172 672 3242 χωρὶς
697 3169 873 3239 μέντοι
911 3166 1177 3229 Γοθολίας.
1203 3166 1321 3219 Τῶν
1352 3167 1406 3219 δὲ
1439 3168 1494 3218 ἐν
1517 3165 1796 3234 Σαμαρείᾳ
1828 3164 2071 3233 βασιλευ-

508 3256 712 3309 σάντων
726 3254 959 3323 γίνονται
980 3251 1113 3322 ὁμοῦ
1133 3252 1199 3305 τά
1220 3252 1396 3305 πάντα
1417 3251 1511 3319 ἐτη
1538 3249 1645 3314 σξθν
1665 3253 1755 3303 καί
1778 3250 1981 3321 ἡμέραι
2003 3251 2067 3302 λ¹’

506 3342 742 3413 βασιλεῖς
776 3340 872 3411 μὲν
898 3338 959 3408 ιβ’
988 3341 1050 3391 ἐκ
1077 3337 1346 3407 διαφόρων
1372 3335 1514 3390 ὀκτὼ
1540 3336 1739 3405 γενεῶν
1764 3336 2066 3403 γεγόνασιν·

503 3430 551 3483 οἰ
584 3429 639 3483 δὲ
672 3428 867 3489 πάντες
894 3425 1213 3496 ἐποιήσαντο
1236 3423 1296 3476 16
1328 3424 1581 3494 πονηρὸν,
1606 3422 1745 3477 κατὰ
1770 3422 1865 3494 τὴν
1896 3425 2072 3495 ἀμαρ-

503 3516 623 3569 τίαν
661 3512 959 3585 Ἰεροϐοάμ.

866 3683 1350 3751 Παραλειπόμενα
1373 3679 1616 3745 βιϐλίον
1641 3678 1704 3748 β’.

586 3845 673 3897 Ἐν
704 3844 768 3913 τῇ
795 3839 1017 3911 δευτέρᾳ
1045 3838 1207 3908 βίϐλῳ
1234 3836 1340 3890 τῶν
1372 3834 1862 3905 Παραλειπομένων
1889 3833 2067 3902 παρά-

508 3948 687 3998 γονται
716 3929 940 3998 πράξεις
980 3925 1254 3995 βασιλέων.
1286 3924 1404 3976 Εἰσὶ
1436 3923 1492 3974 δὲ
1518 3923 1565 3973 οἰ
1594 3920 1798 3982 ταύτας
1829 3921 2071 3991 ἀναγρά-

504 4017 701 4084 ψαντες
730 4014 776 4065 οἰ
811 4011 949 4064 κατά
980 4011 1201 4079 καιροὺς
1228 4007 1377 4069 δντες
1399 4007 1691 4075 προφῆται.
1710 4006 1877 4075 ’Υπὲρ
1898 4006 1953 4058 δὲ
1976 4006 2067 4059 106

505 4101 789 4167 γινώσκειν
820 4100 883 4151 ἐκ
918 4097 1111 4167 μέρους
1135 4096 1257 4157 τοὺς
1280 4093 1714 4162 συγγράψαντας,
1739 4093 2068 4162 σημειωτέον

506 4182 658 4247 οὗτος
687 4185 756 4255 (ἰ.
787 4184 887 4251 ὅτι)
926 4183 1023 4253 μὲν
1053 4179 1277 4251 πράξεις
1302 4179 1569 4246 ἐγκεινται
1597 4178 1824 4231 ἐνταῦθα
1854 4180 2069 4232 πάντων

505 4273 611 4326 τῶν
656 4271 912 4342 βασιλέων
952 4268 1163 4339 Ἰσραὴλ
1204 4267 1298 4319 καί
1343 4265 1538 4318 Ἰούδαο
1572 4266 1685 4334 ἦτοι
1715 4267 1769 4317 αί
1810 4266 2070 4336 παραλει-

509 4363 719 4431 φθεῖσαι
749 4360 846 4429 τῆς
882 4359 1118 4428 ίστορίας
1142 4356 1247 4409 τῶν
1286 4354 1564 4425 βασιλέων.
1594 4354 1656 4407 Οἰ
1688 4354 1745 4406 δὲ
1787 4354 1884 4416 τὰς
1930 4355 2071 4408 ἀπά-

511 4464 606 4508 σας
631 4444 807 4498 αὐτῶν
834 4442 1055 4514 πράξεις
1080 4442 1473 4511 ἱστορήσαντες,
1494 4441 1628 4492 εἰσὶν
1650 4433 1792 4492 οὗτοι
1814 4456 1826 4470 ·
1852 4440 1921 4492 τά
1944 4442 2070 4509 περὶ

508 4531 600 4585 τοῦ
632 4529 791 4583 Δαυῖδ
835 4528 1035 4598 ἔγραψε
1082 4527 1349 4597 Σαμουὴλ,
1395 4526 1486 4577 καὶ
1528 4526 1713 4578 Ναθάν
1746 4525 1839 4577 καὶ
1882 4527 1985 4578 Γὰδ
2020 4529 2067 4579 οἰ

512 4620 810 4688 προφῆταιο
856 4615 923 4668 τὰ
970 4615 1095 4685 περὶ
1137 4612 1491 4682 Σολομῶντος,
1528 4613 1714 4665 Ναϐὰν
1760 4614 1852 4664 καὶ
1890 4614 2070 4681 Ἀχίας

511 4703 811 4774 προφῆται·
868 4701 936 4754 τὰ
991 4699 1118 4769 περὶ
1154 4698 1461 4770 Ἰεροϐοάμ,
1520 4698 1734 4766 Σαμέας
1786 4698 1877 4749 καὶ
1910 4698 2070 4750 Ἀδδὼ

512 4791 781 4860 προφῆται
800 4805 814 4818 ·
843 4786 910 4840 τά
941 4789 1065 4855 περὶ
1092 4785 1263 4847 Ἀϐιά,
1282 4784 1442 4837 ’Δδδὼ
1463 4786 1490 4837 6
1520 4786 1821 4853 προφήτης.
1843 4783 1921 4835 Τά
1946 4786 2071 4853 περὶ

525 4875 673 4934 ’Δσά,
697 4875 755 4926 ἐν
780 4873 857 4942 τῷ
889 4872 1073 4941 βιϐλίῳ
1094 4870 1265 4937 λόγων
1293 4870 1419 4938 περὶ
1445 4869 1551 4921 τῶν
1576 4868 1835 4937 βασιλέων
1865 4870 2032 4922 Ἰούδα
2054 4887 2066 4899 ο

513 4962 578 5014 τὰ
619 4960 745 5030 περὶ
780 4956 1179 5025 ’1ωσαφάτ,’ῐοὺ
1222 4957 1249 5009 6
1291 4957 1588 5025 προφήτης,
1617 4955 1710 5007 106
1754 4955 1980 5024 ’Δναμὴ,
2014 4955 2071 5019 δς

513 5044 823 5114 κατέγραψε
852 5042 1050 5113 βιϐλίον
1080 5042 1250 5109 λόγων
1288 5042 1394 5093 τῶν
1432 5041 1691 5109 βασιλέων
1732 5040 1962 5113 Ἰσραήλ.
1994 5042 2073 5094 Τά

512 5133 637 5201 περὶ
679 5130 850 5193 Ἰωάς,
882 5129 972 5183 ἐπὶ
998 5128 1097 5200 τὴν
1125 5128 1338 5197 γραφὴν
1368 5127 1475 5179 τῶν
1517 5126 1795 5195 βασιλέων.
1823 5126 1903 5179 Τὰ
1946 5128 2073 5197 περὶ

524 5218 767 5288 ’Λμεσία.
796 5218 886 5271 ἐπὶ
916 5217 1116 5286 βιϐλίου
1149 5215 1405 5287 βασιλέων
1430 5215 1595 5268 Ἰούδα
1623 5215 1714 5268 καὶ⁸
1744 5215 1972 5286 Ἰσραήλ.
1993 5217 2074 5269 Τά

513 5305 640 5375 περὶ
681 5303 1079 5367 Ὀζίου,Ἰεσίας
1116 5301 1243 5369 (sic)
1290 5303 1319 5355 6
1358 5304 1657 5371 προφήτης.
1690 5300 1769 5353 Τὰ
1804 5301 1930 5371 περί
1964 5303 2073 5354 Ἰω-

513 5394 656 5459 θάμ,
699 5392 790 5445 ἐπὶ
831 5391 1029 5461 βιϐλίου
1077 5389 1333 5459 βασιλέων
1374 5389 1541 5442 Ἰούδα
1586 5389 1681 5442 καὶ
1718 5389 1947 5458 Ἰσραήλ.
1993 5390 2074 5442 Τὰ

512 5480 639 5548 περὶ
658 5476 850 5547 Ἄχας,
882 5477 973 5529 ἐπὶ
1001 5476 1201 5545 βιϐλίον
1234 5474 1493 5544 βασιλέων
1529 5475 1693 5528 Ἰούδα
1716 5476 1806 5527 καὶ
1834 5476 2069 5545 Ἰσραήλ.

513 5564 589 5615 Τὰ
612 5562 737 5631 περὶ
765 5560 1027 5624 Ἐζεκίου,
1042 5561 1268 5623 Ἡσαΐας
1286 5559 1399 5621 υίὸς
1429 5558 1483 5611 ’Δ
1495 5557 1607 5628 μὼς
1630 5562 1657 5612 6
1677 5561 1971 5628 προφήτης.
1993 5560 2073 5613 Τὰ

512 5648 639 5719 περὶ
662 5648 945 5717 Μανασσῆ,
972 5647 1063 5699 ἐπὶ
1091 5646 1263 5713 λόγων
1288 5646 1399 5697 τῶν
1419 5644 1685 5715 ὁρώντων.
1706 5645 1784 5697 Τὰ
1816 5644 1941 5713 περί
1970 5646 2073 5697 Ἰω-

517 5737 652 5799 σίου,
699 5732 791 5789 ἐπε
825 5735 1026 5808 βιϐλίου
1070 5731 1330 5803 βασιλέων
1373 5733 1538 5786 Ἰούδα
1578 5732 1670 5785 καὶ
1722 5733 1953 5802 Ἰσραήλ.
1992 5732 2070 5785 Τὰ

1146 388 1205 445 S.
1240 387 1523 445 JOANNIS
1556 382 2033 443 CHRYSOSTOMI
2075 381 2387 442 AllClllEP.
2429 386 2972 444 CONSTANTINOP.

3597 408 3710 463 358

2157 500 2283 569 περί
2342 502 2613 572 Ἰωακεὶμ.
2662 503 2753 555 ἐπὶ
2823 502 3025 571 βιϐλίου
3102 499 3359 569 βασιλέων
3404 500 3570 553 Ἰούδα
3622 502 3719 554 καὶ

2170 585 2399 656 Ἰσραήλ.
2425 587 2609 640 T0610
2641 588 2781 640 ἔστιν
2807 588 2985 658 εὑρεῖν
3011 587 3152 641 οὕτω
3181 587 3486 658 τεταγμένα
3521 590 3578 640 ἐν
3605 590 3718 650 τοίς

2163 672 2658 745 Παραλειπομένοις
2693 675 2798 728 τῶν
2833 675 3109 745 βασιλέων.

2440 825 2588 899 [562]
2632 828 2886 897 Ἔσδρας
2906 831 3149 894 ,ϐιϐλίον
3173 776 3243 884 α’.

2233 953 2465 1030 Ἔσδρας
2495 955 2735 1009 καλεῖται
2758 957 2817 1008 16
2848 956 3066 1025 βιϐλίον,
3095 958 3277 1027 ἐπειδὴ
3312 957 3471 1021 0616;
3487 958 3727 1029 Ἔσδρας

2163 1038 2335 1109 ἱερεὺς
2373 1039 2446 1092 ὣν
2478 1043 2569 1094 καὶ
2596 1043 2960 1114 άναγνώστης,
2992 1045 3257 1114 ἐξηγεῖται
3287 1045 3382 1097 καὶ
3422 1047 3727 1113 συγγράφει

2160 1125 2255 1194 τὴν
2297 1125 2549 1178 ἐπάνοδον
2581 1126 2687 1179 τῶν
2723 1129 2850 1182 υἰῶν
2895 1130 3105 1200 Ἰσραὴλ
3138 1131 3200 1182 ἐκ
3234 1131 3488 1200 Περσίδος
3521 1134 3600 1193 εἰς
3629 1132 3729 1200 τὴν

2173 1210 2520 1282 Ἰερουσαλὴμ
2544 1215 2859 1284 γενομένην.
2892 1216 3084 1283 Γέγονε
3113 1216 3168 1269 δὲ
3199 1219 3230 1286 ἡ
3256 1217 3509 1277 ἐπάνοδος
3530 1216 3729 1285 προτέ-

2166 1312 2271 1365 ρως
2306 1296 2401 1366 μὲν
2431 1300 2494 1350 ἐκ
2533 1298 2625 1351 106
2671 1301 3108 1369 προστάγματος,
3140 1302 3327 1354 ἔπειτα
3358 1301 3411 1353 δὲ
3440 1302 3730 1355 κελεύσαν-

2160 1397 2251 1443 τος
2292 1381 2469 1450 Κύρου
2498 1385 2590 1436 καί
2615 1384 2836 1454 Δαρείου
2869 1385 2975 1439 τῶν
3009 1387 3266 1455 βασιλέων
3294 1389 3351 1438 ἐν
3376 1390 3519 1457 χειρὶ
3551 1386 3731 1456 Ἰησοῦ

2162 1468 2254 1519 106
2289 1469 2546 1534 Ἰωσεδὲκ,
2582 1472 2675 1525 καὶ
2707 1473 2907 1542 Ἔσδρα
2954 1476 3045 1527 καὶ
3088 1475 3407 1545 Ζοροϐάϐελ,
3441 1476 3491 1527 οἳ
3530 1476 3731 1544 ἤρισαν

2164 1554 2527 1624 προϐλήμασι,
2562 1558 2806 1627 τεθείσης
2855 1561 3197 1628 ἐπαγγελίας,
3249 1561 3468 1628 αἰτῆσαι
3520 1561 3608 1612 τὸν
3659 1579 3736 1613 νι-

2164 1640 2343 1694 κῶντα
2365 1643 2500 1713 ὅπερ
2524 1645 2617 1696 ἐὰν
2642 1646 2839 1715 θελήσῃ
2864 1648 3013 1717 παρὰ
3039 1650 3129 1702 τοῦ
3152 1649 3411 1718 βασιλέως
3427 1663 3475 1704 ⁸.
3494 1649 3599 1702 ’1ὀῦ
3617 1650 3735 1701 τοί-

2164 1746 2256 1781 νυν
2299 1731 2415 1794 ἐνὸς
2462 1733 2701 1796 εἰπόντος
2732 1738 2883 1804 νικᾷν
2920 1736 3010 1789 τὸν
3054 1733 3224 1799 οῖνον,
3259 1739 3351 1790 καὶ
3399 1737 3492 1790 τοῦ
3542 1739 3733 1806 ἐτέρου

2165 1817 2403 1878 εἰπόντος
2437 1822 2590 1890 νικᾷν
2623 1821 2711 1873 τὸν
2746 1821 2985 1890 βασιλέα.
3018 1827 3045 1878 6
3074 1825 3371 1895 Ζοροϐάϐελ
3395 1820 3543 1878 εἶπεν
3573 1827 3729 1894 νικᾷν

2164 1904 2263 1967 τὰς
2310 1909 2591 1972 γυναῖκας,
2642 1908 2780 1978 ὑπὲρ
2825 1909 2881 1963 δὲ
2932 1912 3103 1965 πάντα
3154 1912 3250 1982 τὴν
3299 1913 3572 1981 ἀλήθειαν.
3620 1915 3731 1968 Καὶ

2167 1993 2349 2063 ἐπειδὴ
2396 1994 2565 2047 ταῦτα
2608 1997 2841 2067 εἰρηκὼς
2871 2000 3136 2070 νενίκηκε,
3167 2002 3258 2054 καὶ
3284 2002 3475 2070 ἢκουσε
3508 2003 3733 2071 αἰτήσα.

2169 2079 2291 2132 σθαι
2323 2080 2350 2132 6
2384 2081 2647 2150 βούλεται,
2675 2084 2871 2153 ἠξίωσε
2904 2087 3062 2149 αύτὸς
3094 2088 3355 2158 ἀφεθῆναι
3390 2088 3487 2158 τὴν
3531 2091 3729 2158 αἰχμα-

2167 2166 2381 2229 λωσίαν,
2415 2169 2507 2221 καὶ
2537 2169 2945 2240 οἰκοδομηθῆναι
2973 2170 3070 2241 τὴν
3110 2172 3477 2243 Ἰερουσαλήμ.
3507 2174 3614 2226 Καὶ
3638 2175 3733 2242 γέ-

2167 2268 2320 2320 γονεν
2341 2254 2413 2315 ώς
2441 2252 2657 2323 ἠξίωσε,
2680 2257 2772 2308 καὶ
2802 2257 2995 2328 ἀφείθη
3030 2261 3063 2328 ἡ
3090 2259 3445 2328 αἰχμαλωσία.
3471 2259 3600 2311 Τότε
3625 2260 3733 2332 γὰρ

2169 2338 2455 2410 ἐπληρώθη
2496 2343 2591 2393 καὶ
2638 2342 2705 2394 τὰ
2744 2343 2784 2395 0'
2816 2343 2909 2413 ἐτη
2929 2345 2956 2383 ιι
2983 2345 3080 2414 τῆς
3108 2346 3293 2416 ὀργῆς.
3332 2347 3449 2398 Εἰσὶ
3473 2347 3653 2398 τοίνυν
3686 2353 3733 2402 εἰ

2170 2428 2460 2492 ἀναϐάντες
2484 2430 2588 2482 ἀπὸ
2609 2430 2708 2499 τῆς
2728 2433 3095 2501 αίχμαλωσίας
3114 2434 3218 2487 ἀπὸ
3258 2434 3425 2487 Ἰούδα
3458 2433 3548 2487 καὶ
3580 2434 3733 2487 Βενι-

2171 2515 2332 2584 αμίν,
2382 2517 2473 2568 καὶ
2512 2518 2561 2567 οἱ
2609 2516 2847 2579 Λευῖται,
2878 2519 2965 2571 16v
3009 2519 3237 2587 ἀριθμὸν
3274 2520 3530 2589 μυριάδες
3566 2520 3605 2572 δ’
3638 2524 3732 2574 καὶ

2171 2600 2433 2669 δισχίλιοι,
2466 2601 2620 2653 ἵπποι
2647 2603 2741 2664 τλθ,
2773 2604 2983 2672 ἡμίονοι
3010 2603 3144 2673 σμε’,
3178 2605 3409 2675 κάμηλοι
3444 2606 3569 2669 υλε’,
3608 2614 3735 2661 παῖ-

2172 2688 2257 2749 δες
2274 2688 2449 2740 αὐτῶν
2462 2690 2556 2741 καὶ
2573 2690 2850 2743 παιδίσκαι
2871 2690 3040 2755 ,ζτὶ.δ’,
3059 2695 3105 2744 οἱ
3128 2693 3339 2763 ᾄδοντες
3356 2700 3421 2757 σ’,
3438 2694 3544 2746 δνοι
3566 2697 3649 2763 ,ςίζ
3663 2697 3733 2758 κ’,

2173 2778 2264 2829 καί
2291 2778 2337 2828 οἰ
2372 2776 2468 2845 μὲν
2491 2777 2891 2846 οἰκοδομοῦντες
2912 2775 3047 2850 ἦσαν
3065 2781 3383 2851 Ζοροϐάϐελ.
3407 2784 3500 2835 καὶ
3531 2785 3736 2851 Ἰησοῦς

2173 2865 2201 2917 6
2232 2863 2321 2916 106
2355 2864 2613 2925 Ἰωσεδὲκ,
2652 2865 2746 2919 καὶ
2780 2866 3036 2937 Νεεμίας.
3068 2868 3124 2920 '0
3167 2868 3223 2920 δὲ
3258 2870 3486 2938 Ἔσδρας
3530 2871 3736 2941 εὐφυὴς

2174 2951 2230 3002 ἐν
2256 2949 2331 3019 τῷ
2358 2950 2523 3019 νόμῳ,
2560 2951 2717 3013 0616;
2751 2954 3111 3023 προσεκόμισε
3161 2954 3248 3006 τὸν
3292 2954 3470 3023 νόμον,
3504 2957 3597 3023 καὶ
3640 2960 3736 3010 0v-

2174 3036 2330 3105 έγνω.
2357 3039 2448 3090 καὶ
2472 3038 2765 3091 διετύπωσε
2792 3041 2970 3092 πάντα
2990 3040 3057 3092 τὰ
3084 3041 3221 3093 κατὰ
3252 3041 3310 3093 16
3340 3042 3479 3109 ἱερὸν
3502 3044 3593 3095 καὶ
3612 3047 3736 3108 τοὺς

2174 3123 2419 3185 Λευῖτας.
2457 3123 2625 3186 Αὐτὸς
2656 3124 2821 3190 ἔδειξε
2864 3126 2951 3178 τὸν
3002 3126 3182 3194 νόμον,
3234 3128 3324 3179 καὶ
3360 3130 3623 3197 πεποίηκε
3654 3132 3740 3184 ἐκ·

2176 3208 2431 3279 ϐληθῆναι
2472 3210 2569 3271 τὰς
2610 3210 2910 3278 ἀλλογενείς
2939 3215 3195 3279 γυναῖκας
3230 3213 3354 3275 τοὺς
3389 3212 3649 3278 λαϐόντας
3680 3220 3739 3268 ἐν

2174 3295 2349 3365 καιρῷ
2396 3296 2494 3364 τῆς
2536 3296 2921 3366 αἰχμαλωσίας.
2954 3299 3059 3351 Καὶ
3104 3298 3348 3363 ἐξέϐαλον
3391 3300 3607 3364 πάντες,
3645 3305 3740 3355 καὶ

2174 3381 2626 3453 ἐκαθαρίσθησαν,
2659 3385 2752 3437 καὶ
2791 3385 3006 3455 ἐποίησε
3052 3384 3111 3436 τὸ
3163 3386 3341 3455 πάσχα
3371 3387 3631 3455 νομίμως,
3664 3386 3741 3451 ὡς

2173 3468 2500 3539 γέγραπται,
2534 3472 2626 3524 καὶ
2649 3470 2744 3541 τὴν
2777 3471 3045 3541 νηστείαν,
3069 3472 3159 3524 καὶ
3190 3470 3332 3524 οὕτω
3362 3472 3655 3530 τελειοῦται
3680 3475 3744 3527 16

2176 3554 2386 3622 πρῶτον
2425 3555 2625 3624 βιϐλίον
2652 3549 2870 3626 Ἔσδρα.

2640 3729 2903 3795 Ἔσδρας
2928 3729 3169 3792 βιϐλίον
3201 3726 3265 3798 β’.

2255 3859 2341 3910 Ἐν
2371 3856 2542 3926 τούτῳ
2587 3855 2662 3926 τῷ
2712 3856 2896 3927 βιϐλίῳ
2920 3856 2987 3910 τὰ
3018 3858 3154 3911 αύτά
3188 3860 3284 3928 μὲν
3318 3860 3395 3930 τῷ
3427 3862 3629 3932 πρώτῳ
3656 3863 3745 3917 λέ-

2173 3963 2257 4013 γει
2280 3948 2308 3997 6
2335 3945 2565 4013 Ἔσδρας
2597 3945 2720 4015 περί
2752 3944 2851 4013 τῆς
2882 3945 3156 4007 ἐπανόδου,
3183 3947 3350 4015 χωρὶς
3377 3948 3482 3999 τῶν
3506 3950 3747 4020 προϐλη..

2174 4032 2386 4085 θέντων.
2420 4032 2527 4084 Καὶ
2557 4032 2621 4083 τὰ
2652 4030 2819 4082 πλείω
2846 4031 2902 4082 δὲ
2932 4031 3200 4099 ἐξηγεῖται
3228 4035 3351 4101 περί
3379 4034 3612 4100 Νεεμίου
3643 4038 3740 4090 106

2174 4119 2425 4188 εὐνούχου
2447 4136 2458 4147 ·
2490 4119 2568 4170 ὅτι
2600 4117 2757 4179 αὐτὸς
2785 4117 2980 4185 ἠξίωσε
3024 4119 3148 4187 περὶ
3191 4118 3291 4187 τῆς
3332 4121 3614 4191 οἰκοδομῆς
3646 4125 3738 4177 τοῦ

2176 4205 2318 4275 ἱεροῦ
2342 4223 2353 4236 ·
2396 4204 2490 4257 καὶ
2527 4205 2607 4257 ὅτι
2649 4205 2744 4273 μὲν
2778 4205 3009 4274 Ἔσδρας
3046 4206 3401 4272 ἀνεγίνωσκε,
3442 4209 3646 4276 Ἰησοῦς
3684 4212 3741 4265 δὲ

2175 4293 2267 4346 καὶ
2294 4292 2494 4354 Βανέας
2518 4292 2611 4343 καὶ
2640 4290 2910 4360 Σαραϐίας
2938 4286 3073 4361 ἦσαν
3102 4293 3462 4357 συνετίζοντες
3480 4296 3569 4347 τὸν
3589 4296 3738 4352 λαόν.

2175 4380 2282 4432 Καὶ
2319 4381 2345 4431 ὁ
2388 4380 2482 4448 μὲν
2515 4379 2747 4447 Ἔσδρας
2781 4378 3163 4446 ἀναγινώσκων
3199 4380 3482 4434 διέστειλεν
3520 4386 3577 4436 ἐν
3615 4388 3739 4439 ἐπι-

2176 4470 2352 4536 στήμῃ
2390 4466 2617 4533 Κυρίου·
2666 4466 2693 4515 ό
2728 4464 2784 4516 δὲ
2832 4465 2955 4527 λαὸς
2987 4466 3184 4533 συνῆκε
3219 4469 3275 4517 ἐν
3304 4470 3367 4537 τῇ
3412 4469 3737 4536 ἀναγνώσει,

2175 4553 2264 4605 καί
2284 4552 2498 4621 ἐποίησε
2524 4552 2583 4603 16
2605 4550 2805 4619 πάσχα,
2834 4552 2925 4603 καὶ
2952 4554 3007 4603 ἐν
3026 4552 3103 4620 τῷ
3130 4551 3338 4621 ἑϐδόμῳ
3366 4554 3494 4622 μηνὶ
3516 4557 3741 4627 ἐποίησε

2174 4639 2269 4707 τὴν
2299 4637 2547 4709 νηστείαν
2578 4639 2670 4690 καὶ
2702 4638 2799 4705 τὴν
2842 4637 3227 4706 σκηνοπηγίαν,
3258 4637 3332 4700 ὡς
3376 4640 3691 4710 γέγραπται
3721 4662 3736 4677 ·

2179 4712 2325 4786 "bu,
2358 4725 2667 4793 φησ”ιν,οὑκ
2692 4722 2987 4787 ἐποίησαν
3009 4722 3192 4788 οὕτως
3215 4723 3332 4776 ἀπὸ
3358 4724 3476 4777 τῶν
3503 4727 3743 4796 ἡμερῶν

2188 4809 2378 4876 Ἰησοῦ
2409 4809 2513 4861 τοῦ
2536 4807 2723 4873 Ναυῆ.
2761 4806 2991 4876 Ἔσδρας
3023 4808 3079 4859 δὲ
3107 4809 3364 4878 ἑωρακὼς
3390 4813 3741 4881 ἐπιμιγείσας

2176 4899 2435 4964 γυναῖκας
2487 4892 2769 4956 Ἀζωτίους
2811 4895 2922 4953 τοῖς
2967 4892 3263 4963 Ἑϐραίοις,
3310 4896 3489 4949 ἔπεισε
3532 4902 3741 4966 πάντας

2178 4980 2599 5047 ἐπαγγείλασθαι
2644 4979 2924 5046 φυλάττειν
2955 4979 3044 5031 16v
3087 4979 3245 5049 νόμον
3289 4984 3380 5035 106
3425 4984 3581 5041 Θεοῦ.
3630 4990 3739 5041 Καὶ

2178 5070 2397 5134 ἐξέϐαλε
2444 5070 2540 5130 τὰς
2584 5071 2867 5134 γυναῖκας,
2922 5067 2996 5129 ὼς
3042 5069 3356 5138 παράνομον
3403 5072 3599 5140 γάμον,
3647 5079 3741 5129 καὶ

2177 5156 2391 5225 ὤμοσαν
2423 5154 2653 5224 φυλάξαι
2696 5154 2784 5205 τὸν
2826 5154 3006 5222 νόμον.
3043 5155 3149 5207 Καὶ
3181 5156 3350 5220 οὕτως
3381 5159 3737 5225 ἀγιασθέντες

2178 5244 2269 5296 καί⁵
2299 5242 2446 5313 [5651
2493 5240 2915 5310 καθαρισθέντες
2952 5240 3344 5311 εύφράνθησαν,
3400 5247 3492 5297 καὶ
3528 5248 3738 5319 ἀπῆλθε

2178 5332 2401 5392 ἕκαστος
2426 5332 2505 5391 εἰς
2534 5330 2622 5381 τὸν
2651 5324 2798 5381 οἰκον
2826 5325 3008 5380 αὑτοῦ.
3045 5329 3352 5399 Ἰστορεῖται
3382 5330 3437 5383 δὲ
3468 5335 3740 5389 καὶτοῦτο

2178 5416 2422 5486 περὶτοῦ
2464 5414 2698 5485 Ἔσδρα,
2750 5417 2829 5467 ὅτι
2870 5414 3252 5483 ἀπολλυμένων
3288 5417 3395 5469 τῶν
3437 5418 3653 5487 βιϐλίων
3680 5424 3739 5488 ἐξ

2179 5503 2433 5572 ἀμελείας
2461 5501 2553 5554 106
2581 5500 2705 5554 λαοῦ
2736 5500 2823 5553 διά
2845 5500 2936 5569 τὴν
2962 5501 3311 5573 πολυχρόνιον
3335 5506 3737 5576 αἰχμαλωσίαν,

2239 5680 2265 5707 ⁸
2287 5678 2398 5725 Haec
2424 5676 2665 5725 tantillum
2689 5678 2874 5725 variant
2895 5677 2943 5722 in
2969 5675 3173 5735 Synnpsi
3199 5678 3367 5724 altera.

2241 5740 2269 5778 δ
2294 5739 2462 5787 Altera
2485 5737 2718 5800 Synopsis
2740 5738 2965 5793 ἐξήκοντα
2989 5737 3068 5790 έτη
3091 5736 3252 5795 habet,
3278 5738 3416 5787 male.
