3996 6416
267 398 375 453 357

254 518 354 559 teut
404 508 744 576 expugnavit,
776 521 959 559 aurum
990 515 1042 558 et
1083 519 1205 557 vasa
1252 504 1485 557 abstulit.
1535 502 1816 556 Jeroboam

253 596 388 650 tinus
418 613 535 664 eius
561 598 714 650 annis
732 596 822 659 41,
869 595 1096 663 fecitque
1126 594 1342 647 malum.
1375 591 1658 646 Zacharias
1684 591 1819 644 [ilius

250 701 366 751 eius
395 687 666 739 mensibus
702 700 792 739 sex
813 727 827 751 ,
870 683 1097 751 fecitque
1123 683 1339 735 malum.
1369 681 1632 735 Ilactenus
1656 695 1819 748 genus

249 775 382 830 Jchu
405 792 575 844 usque
595 776 658 829 ad
681 782 923 843 quartam
948 774 1341 843 generationem
1372 771 1598 825 duravit.
1623 769 1817 824 Selium

247 882 313 920 ex
342 869 444 920 alia
475 862 809 934 stirpe,tilius
826 864 1237 933 Jabis,regnavit
1266 862 1380 915 dies
1411 861 1639 929 triginta,
1662 869 1715 912 et
1738 859 1815 911 fe-

248 959 319 1010 cit
343 956 489 1025 Quod
521 957 716 1009 malum
752 963 884 1008 erat.
933 955 1168 1006 Manaetn
1199 968 1265 1005 ex
1290 952 1393 1004 alio
1421 965 1645 1018 genere,
1685 949 1821 1001 ﬁlius

247 1043 454 1111 (ἑκά-ιε,
484 1062 650 1100 annos
690 1044 892 1112 viginti,
925 1052 977 1095 et
1003 1042 1125 1096 fecit
1151 1041 1290 1110 quod
1316 1041 1513 1095 malum
1543 1048 1676 1093 erat.
1712 1039 1821 1091 Ilit-

245 1140 329 1205 jus
359 1147 600 1202 tempore
631 1136 1010 1202 prophetarunt
1057 1132 1218 1187 Isaias
1255 1139 1308 1185 et
1334 1130 1489 1185 Osee.
1526 1130 1730 1183 Phacee
1756 1129 1823 1181 de

250 1228 350 1279 alia
383 1228 572 1293 stirpe,
606 1227 740 1278 [ilius
764 1225 1037 1285 Rutnclite,
1068 1238 1235 1275 annos
1277 1221 1479 1287 viginti.
1515 1220 1608 1273 llic
1633 1220 1825 1272 occidit

247 1315 557 1376 Phakeiain,
589 1324 643 1367 ct
681 1314 805 1366 fecit
847 1313 1063 1365 malum.
1098 1311 1206 1365 Sub
1254 1310 1353 1363 hoc
1394 1319 1545 1362 erant
1572 1309 1731 1361 l~aias
1770 1317 1826 1361 et

247 1403 385 1458 Osee
414 1402 704 1471 prophetae.
737 1402 873 1455 Osce
901 1416 967 1453 ex
989 1400 1087 1451 alia
1142 1400 1325 1465 stirpe,
1365 1399 1499 1450 Illius
1544 1392 1687 1455 Elas,
1732 1410 1826 1447 an-

248 1509 346 1547 nos
374 1508 586 1547 novem.
609 1492 702 1546 llic
717 1491 906 1545 occidit
935 1505 1110 1559 regem
1133 1489 1358 1548 Phacee,
1382 1497 1435 1541 et
1455 1486 1577 1541 fecit
1605 1486 1822 1537 malum:

247 1600 433 1637 verum
484 1598 589 1636 non
619 1583 755 1635 sicut
782 1580 1090 1634 deccssores
1128 1579 1262 1647 ejus.
1304 1577 1441 1632 Osee
1472 1578 1687 1630 ultimus
1730 1575 1827 1628 fuit

246 1691 339 1729 rex
372 1674 648 1728 Samariae.
678 1672 734 1725 in
764 1672 905 1725 illum
934 1672 1074 1724 enim
1107 1670 1379 1723 desierunt
1409 1683 1579 1737 reges.
1610 1678 1661 1720 et
1702 1682 1825 1736 per-

250 1771 305 1821 iit
343 1767 607 1829 Samaria,
636 1778 789 1833 quam
824 1754 1074 1829 dEinceps
1099 1760 1458 1814 inhabitarunt
1488 1758 1707 1828 Assyrii.
1747 1756 1827 1811 Ex

246 1861 438 1929 quibus
468 1859 569 1912 orti
602 1867 726 1910 sunt
754 1854 989 1908 haeretici
1042 1854 1340 1909 Samaritae,
1364 1851 1451 1918 qui
1482 1858 1539 1904 et
1588 1848 1825 1903 Saductei

245 1962 523 2005 vocantur.
542 1949 595 2002 In
616 1948 727 2001 haec
744 1947 936 2001 desinit
959 1953 1096 1997 totus
1116 1957 1307 2009 scapus
1324 1941 1576 1994 librorum
1595 1938 1814 2007 Regum.

560 2093 977 2141 PARALIPOMENA,
1009 2092 1161 2129 LIBER
1207 2090 1393 2129 paruus
1421 2074 1517 2141 (a).

316 2214 719 2282 Paralipomena
745 2218 1017 2272 vocantur,
1045 2208 1168 2275 quia
1193 2206 1350 2259 multa
1374 2206 1424 2257 in
1454 2204 1603 2257 libris
1621 2204 1830 2271 Regno-

255 2322 369 2357 rutn
424 2302 782 2371 przetermissa
816 2301 866 2353 in
899 2299 1044 2351 hisce
1092 2297 1239 2350 libris
1270 2296 1633 2349 continentur.
1666 2294 1830 2349 liabe-

249 2405 329 2446 tnr
360 2402 538 2444 autem
566 2392 613 2442 in
637 2390 804 2457 primo
829 2391 926 2449 hoc
957 2387 1093 2439 libro
1120 2385 1353 2439 omnium
1380 2384 1606 2437 tribuum
1637 2397 1830 2451 genea-

250 2485 383 2552 logia
427 2483 493 2535 ab
538 2482 702 2534 Adam
738 2493 901 2547 usque
928 2478 991 2530 ad
1025 2492 1176 2545 reges
1222 2474 1513 2528 secundum
1563 2474 1729 2526 tribus
1775 2483 1828 2526 et

249 2575 473 2641 populos
500 2583 554 2624 et
590 2572 811 2622 fatuilias
862 2580 913 2622 et
944 2569 1151 2622 domos.
1176 2567 1318 2633 Quos
1347 2580 1411 2617 ex
1443 2564 1639 2617 Levitis
1680 2562 1828 2615 insti-

252 2664 411 2718 tuerit
447 2662 608 2715 David
638 2661 701 2712 ad
730 2658 1023 2711 canendum
1057 2658 1184 2719 Deo,
1211 2664 1264 2708 et
1290 2670 1420 2723 quos
1449 2651 1732 2706 instituerit
1759 2651 1825 2703 ad

249 2756 427 2823 templi
460 2769 644 2821 opera.
677 2753 793 2820 Ipse
824 2764 1048 2817 namque
1073 2746 1216 2815 prior
1230 2744 1487 2813 templum
1502 2742 1720 2796 fundare
1749 2742 1827 2795 in-

248 2847 405 2915 cepit.
439 2845 552 2897 Alia
583 2856 794 2911 quoque
826 2839 1121 2892 minutatim
1151 2838 1218 2889 de
1262 2836 1477 2904 regibus
1506 2843 1561 2887 et
1600 2848 1824 2903 genera-

251 2937 478 2990 tionibus
502 2932 767 2986 edisserit.
804 2930 1004 2993 Ouibus
1032 2927 1130 2979 hoc
1154 2924 1573 2993 subjungendum
1594 2930 1696 2988 est,
1728 2937 1825 2974 an-

252 3042 346 3079 nos
393 3036 581 3077 omnes
630 3034 815 3075 eorum
862 3020 951 3086 qui
1003 3020 1054 3071 in
1113 3016 1408 3071 Jerusalem
1460 3024 1746 3084 regnarunt
1794 3027 1828 3067 δ

259 3116 477 3179 Davide,
504 3126 622 3168 esse
651 3111 1071 3181 quadringentos
1101 3108 1427 3176 septuaginta
1457 3118 1700 3175 quatuor.
1715 3106 1825 3160 Re.-

249 3224 339 3277 gcs
364 3213 544 3262 autem
571 3217 758 3260 omnes
801 3205 1007 3255 fui-runt
1050 3215 1111 3252 ex
1145 3215 1243 3252 una
1275 3199 1439 3266 stirpe
1481 3197 1692 3251 Davidis
1725 3216 1738 3250 :
1772 3204 1826 3250 et

247 3296 333 3370 qui
357 3294 503 3367 quod
538 3309 739 3352 reetum
773 3303 888 3349 erat
919 3292 1154 3346 fecerunt
1182 3304 1369 3343 novem
1402 3299 1558 3341 sunt:
1584 3288 1668 3355 qui
1699 3303 1825 3340 vero

248 3387 467 3447 malum,
501 3384 801 3447 duodecim,
839 3392 1057 3450 excepta
1089 3381 1355 3435 Gotholia.
1389 3380 1582 3433 Eorum
1624 3387 1820 3442 autem,

248 3480 405 3544 quiin
438 3478 677 3531 Samaria
722 3482 1039 3544 regnarunt,
1069 3486 1257 3525 omnes
1296 3472 1417 3523 anni
1463 3479 1585 3523 sunt
1613 3470 1823 3524 ducenti

245 3568 517 3635 sexaginta
563 3582 751 3618 novem
783 3575 835 3616 et
867 3564 1074 3632 triginta
1103 3562 1258 3615 dies:
1306 3562 1690 3628 duodecimque
1744 3576 1824 3614 re-

245 3670 335 3722 ges
364 3672 428 3707 ex
456 3666 576 3708 octo
605 3655 827 3707 diversis
850 3652 1100 3720 stirpibus
1141 3650 1350 3704 fuerunt
1382 3668 1396 3715 ;
1439 3667 1624 3705 omnes
1649 3659 1822 3704 autem

245 3744 487 3797 fecerunt
529 3745 745 3804 tnalunt,
786 3741 1075 3794 secundum
1122 3751 1392 3809 peccatum
1428 3741 1751 3794 Jeroboami.

550 3890 975 3937 PARALII‘OHENA,
1033 3889 1184 3926 LIBER
1223 3888 1501 3926 SECUNDUS.

313 4013 369 4065 In
401 4009 639 4063 secundo
666 4008 801 4061 libro
832 4007 1272 4075 Paralipomenon
1302 4016 1645 4059 recensentur
1677 4016 1822 4075 gesta

244 4118 447 4171 regum.
496 4102 595 4166 Qui
652 4110 828 4152 autem
897 4099 983 4151 illa
1053 4096 1486 4165 descripserunt,
1556 4097 1824 4164 propheta:

246 4195 317 4247 illi
350 4194 562 4245 luerunt
587 4191 673 4257 qui
718 4190 939 4243 diversis
971 4187 1118 4241 fuere
1150 4188 1492 4255 temporibus.
1540 4188 1605 4242 Ut
1649 4198 1823 4240 autem

244 4282 545 4347 singulatim
576 4280 773 4333 sciatur
795 4279 1005 4346 quinam
1039 4278 1149 4331 huic
1179 4278 1507 4345 scripserint,
1531 4277 1821 4331 observan-

244 4374 371 4426 dum
403 4380 485 4424 est
530 4369 615 4423 hic
649 4379 795 4438 gesta
844 4368 1025 4421 haberi
1076 4368 1312 4420 omnium
1360 4382 1540 4435 regum
1572 4366 1727 4420 Israel
1772 4374 1825 4421 et

243 4464 373 4515 .lnda
403 4480 415 4523 ;
448 4477 509 4513 ea
530 4460 730 4512 scilicet
748 4474 864 4527 qute
889 4461 1242 4526 praetermissa
1270 4458 1461 4510 suntin
1496 4458 1711 4511 historia
1740 4473 1825 4511 re—

244 4569 384 4619 gum.
419 4553 520 4617 Qui
562 4565 719 4618 porro
764 4552 940 4602 omnia
984 4551 1217 4617 ipsorum
1254 4558 1399 4617 gesta
1431 4548 1825 4617 descripserunt

249 4642 297 4692 1ιί
326 4648 454 4694 sunt
484 4657 495 4692 :
530 4638 739 4691 Davidis
771 4645 917 4705 gesta
962 4638 1288 4704 scripserunt
1334 4637 1547 4690 Samuel
1574 4678 1588 4702 ,
1618 4638 1822 4691 Nathan

242 4742 291 4783 et
323 4730 437 4785 Gad
462 4728 731 4798 propheta:
762 4744 773 4778 :
808 4727 1128 4787 Salomonis,
1156 4725 1357 4778 Nathan
1386 4736 1437 4780 et
1485 4727 1677 4780 Achias
1698 4743 1821 4795 pro-

245 4821 420 4887 phetre
453 4839 464 4872 :
490 4820 814 4880 Jeroboanii,
841 4818 1058 4870 Semeas
1079 4826 1129 4867 et
1149 4816 1297 4868 Addo
1321 4816 1589 4883 prophetae
1613 4832 1625 4865 :
1653 4818 1819 4882 Abite,

245 4910 399 4963 Addo
447 4908 723 4974 pr0pheta.
770 4911 885 4959 Asm
913 4916 1058 4975 gesta
1092 4906 1351 4957 habentur
1381 4905 1429 4957 iu
1460 4906 1594 4957 libro
1622 4921 1824 4961 sermo-

246 5016 369 5052 num
420 4998 486 5051 de
531 4998 741 5061 regibus
779 4996 915 5049 Juda
952 5014 963 5047 ε
1008 4995 1279 5063 Jusaphati
1313 5035 1326 5057 ,
1376 4992 1509 5047 Jehu
1536 4997 1813 5066 propheta,

246 5093 382 5144 lilius
430 5090 663 5149 Ananie,
713 5088 801 5155 qui
831 5088 1041 5151 scripsit
1081 5086 1267 5138 librum
1297 5098 1598 5139 sermonum
1642 5099 1820 5150 regunt

245 5179 423 5234 Israel.
455 5177 585 5244 Qua:
630 5176 756 5230 Joas
801 5175 1000 5243 gessit,
1033 5175 1194 5228 relata
1243 5184 1368 5227 sunt
1414 5174 1463 5226 in
1508 5173 1821 5240 scripturam

248 5272 573 5340 Ilegncrum.
608 5266 734 5332 Quae
780 5266 1040 5327 Amasias,
1090 5266 1139 5317 in
1172 5265 1360 5317 librum
1396 5278 1575 5331 regum
1610 5262 1739 5340 Iuda
1770 5269 1825 5313 et

246 5337 426 5416 Israel.
459 5361 587 5426 Qua:
608 5359 781 5418 Ozias,
800 5357 1010 5423 scripsit
1038 5356 1198 5409 Isaias
1226 5355 1502 5424 propheta.
1549 5354 1674 5421 Qua:
1701 5337 1824 5407 Ioa-

247 5455 413 5517 tham,
448 5452 499 5504 in
529 5450 664 5503 libro
690 5462 869 5515 regum
901 5445 1034 5500 Juda
1073 5454 1125 5498 et
1152 5446 1333 5500 Israel.
1362 5445 1491 5513 Qua:
1530 5444 1729 5510 Achaz,
1769 5442 1823 5497 in

305 5626 381 5733 (αὶ
404 5634 516 5680 Quze
562 5624 852 5691 sequuntur,
877 5618 938 5665 de
981 5613 1103 5688 libro
1150 5617 1303 5678 primo
1343 5614 1729 5686 Paralipomenon
1754 5613 1823 5661 di.

305 5703 337 5733 I.
379 5698 466 5733 ere
490 5684 727 5730 habentur
766 5694 811 5728 in
851 5687 1041 5733 Sytiopst
1082 5677 1161 5725 illa
1183 5716 1195 5733 ,
1221 5690 1330 5733 qua:
1354 5677 1599 5726 Athanasu
1630 5675 1823 5725 nomine

242 5675 337 5745 cta‘,
358 5675 466 5735 fere
490 5675 727 5745 habentur
766 5684 811 5745 in
851 5678 1042 5745 Syuopsi
1082 5675 1165 5725 illa
1183 5716 1195 5736 ,
1221 5690 1330 5739 qua:
1354 5675 1599 5726 Athanasii
1630 5675 1824 5725 nomine

241 5740 507 5809 cocilparet,
532 5743 621 5793 sed
640 5744 840 5791 brevius
857 5740 1112 5789 recensita.

1345 390 1662 445 SYNUPSIS
1698 387 2101 443 SCRIPTUHAE
2140 389 2404 446 SACRE.

3387 402 3498 457 358

1930 501 2062 555 libro
2090 519 2267 571 regum
2289 504 2315 557 .l
2325 504 2421 557 uda
2438 514 2489 558 et
2512 504 2691 559 Israel.
2721 504 2850 572 Quae
2870 501 3138 564 Ezechias,
3173 501 3331 559 Isaias
3353 501 3489 555 filius

1926 593 2087 645 Amos
2114 595 2387 661 propheta.
2418 594 2544 659 Quae
2587 594 2854 648 Manasscs
2874 635 2888 659 ,
2939 594 2989 647 in
3020 593 3152 646 libro
3179 591 3488 645 videntium.

1924 686 2051 748 Quae
2079 685 2265 748 Josias,
2282 683 2335 736 in
2365 685 2498 739 libro
2533 700 2712 754 regum
2738 685 2869 739 Iuda
2898 695 2951 739 ct
2977 684 3158 739 Israel.
3190 684 3316 748 Qua:
3362 681 3488 735 Joa-

1926 774 2087 837 chim,
2122 774 2171 825 in
2204 774 2338 825 libro
2366 788 2545 841 regum
2572 772 2705 827 .Ittda
2735 783 2789 827 et
2816 772 2993 827 Israel.
3025 773 3148 826 llazc
3187 772 3262 824 .~ic
3309 770 3486 838 dispo-

1926 863 2022 914 sita
2069 863 2406 915 inveniuntur
2434 864 2485 915 in
2518 863 2926 931 Paralipomenis
2968 878 3169 932 regum.

2327 1012 2548 1061 ESDRAS,
2594 1011 2744 1051 unus
2773 1012 2957 1051 paruus
2987 996 3085 1067 (a).

2004 1131 2195 1184 Esdras
2222 1141 2436 1184 vocatur
2464 1132 2548 1185 hic
2570 1131 2720 1196 liber,
2750 1132 2868 1195 quia
2902 1131 3012 1198 ipse
3040 1130 3235 1185 Esdras
3250 1130 3499 1186 sacerdos

1928 1238 2044 1274 eum
2069 1232 2209 1274 es~et
2233 1231 2286 1274 et
2310 1223 2491 1285 lector,
2518 1230 2730 1275 enarrat
2754 1236 2815 1275 ac
2831 1221 3079 1276 describit
3106 1222 3329 1276 reditqu
3361 1222 3491 1277 filio-

1929 1326 2043 1363 rum
2075 1310 2233 1365 Israel
2260 1327 2323 1364 ex
2353 1311 2569 1365 Perside
2599 1313 2646 1363 in
2684 1311 2992 1365 Jerusalem.
3034 1310 3151 1365 Fuit
3174 1322 3348 1367 autem
3381 1318 3488 1368 red

1932 1401 2035 1454 itus
2066 1403 2235 1468 primo
2265 1402 2472 1469 quidem
2499 1417 2561 1454 ex
2586 1402 2736 1470 jussu
2784 1401 2902 1471 Cyri
2934 1411 2986 1457 et
3038 1402 3176 1457 Darii
3220 1418 3403 1473 regum
3448 1404 3495 1459 iu

1932 1507 2087 1544 tuanu
2127 1492 2253 1546 Jesu
2294 1493 2382 1545 filii
2412 1492 2634 1546 .losedec
2662 1503 2715 1545 et
2743 1491 2925 1545 Esdrre
2946 1501 3103 1561 atque
3131 1492 3493 1560 Zorobabelis,

1930 1584 2018 1650 qui
2062 1584 2201 1636 circa
2224 1586 2566 1651 qtlzeslimtem
2612 1584 2891 1651 quamdam
2922 1583 3332 1649 contendebant,
3364 1583 3499 1639 faeta

1932 1676 2281 1742 promissione
2306 1716 2322 1737 ,
2372 1684 2427 1727 ιιι
2451 1676 2539 1744 qui
2587 1676 2817 1729 vinceret
2854 1690 2883 1727 a
2915 1691 3036 1745 rege
3062 1675 3312 1744 quidquid
3344 1675 3501 1729 vellet

1936 1774 2159 1831 peteret.
2189 1764 2322 1817 Cum
2369 1780 2502 1817 unus
2535 1780 2660 1833 ergo
2681 1765 2899 1818 dixisset
2928 1764 3113 1818 fortius
3138 1780 3256 1819 esse
3284 1765 3497 1830 vinum;

1930 1854 2064 1906 alter
2089 1853 2357 1906 fortiorem
2386 1870 2504 1907 esse
2533 1870 2730 1923 regem,
2764 1853 3055 1907 Zorobabel
3082 1854 3356 1907 contendit
3395 1856 3500 1908 for-

1931 1943 2090 1997 tiores
2112 1958 2233 1998 esse
2262 1945 2531 2007 mulieres,
2557 1944 2934 2010 veritatemque
2955 1958 3112 2011 super
3128 1944 3301 1997 omnia
3320 1945 3501 1999 excel.

1933 2034 2060 2088 lere.
2084 2034 2207 2087 lltrc
2227 2035 2343 2102 quia
2369 2036 2613 2103 loquutus
2634 2034 2945 2098 Zurohabel,
2974 2035 3140 2087 victor
3158 2052 3209 2087 ex
3223 2037 3323 2089 asit
3344 2053 3359 2089 :
3381 2051 3501 2089 eum

1926 2122 2104 2191 jussus
2133 2132 2275 2176 esset
2305 2133 2483 2192 petere
2512 2124 2650 2192 quod
2704 2124 2881 2189 vellet,
2934 2125 3079 2190 petiit
3129 2134 3183 2179 ut
3224 2127 3502 2193 captivitas

1931 2215 2244 2280 solveretur,
2268 2224 2323 2269 et
2348 2216 2641 2270 Jerusalem
2690 2214 3063 2270 a‘dilicaretur.
3108 2218 3282 2285 Atque
3326 2217 3395 2271 ita
3446 2228 3503 2271 ut

1932 2306 2083 2374 petiit
2132 2304 2329 2359 factum
2377 2316 2478 2370 est,
2510 2305 2831 2374 dimissaque
2881 2314 2962 2359 est
3010 2307 3303 2375 captivitas.
3352 2306 3499 2361 Tunc

1930 2396 2069 2448 enim
2101 2397 2354 2464 temporis
2374 2396 2642 2461 adimpleti
2668 2404 2817 2449 erant
2838 2396 3166 2465 septuaginta
3191 2398 3283 2449 ira!
3309 2398 3430 2450 anui
3460 2398 3498 2451 ¹.

1931 2485 2064 2538 Sunt
2094 2487 2268 2552 itaque
2288 2486 2357 2537 illi
2377 2488 2465 2553 qui
2486 2485 2551 2537 de
2580 2484 2882 2552 cnptivitate
2909 2486 3257 2538 ascenderunt
3286 2485 3351 2538 de
3368 2484 3498 2539 .luda

1928 2582 1981 2626 et
2021 2573 2317 2640 Benjamin,
2367 2588 2428 2626 ac
2480 2573 2695 2637 Levitm,
2749 2587 2971 2626 numero
3000 2573 3342 2641 quadraginta
3396 2574 3502 2627 duo

1931 2662 2118 2724 millia,
2150 2662 2268 2729 equi
2303 2663 2522 2716 trecenti
2572 2662 2805 2729 triginta,
2856 2663 2982 2715 muli
3028 2662 3237 2716 ducenti
3282 2662 3477 2731 quadra

1928 2754 2071 2822 ginta
2098 2754 2347 2821 quinque,
2374 2753 2561 2806 cameli
2589 2752 2951 2821 quadringenti
2980 2753 3191 2821 triginta
3229 2755 3459 2824 quinque
3487 2796 3502 2816 ,

1929 2846 2065 2898 servi
2097 2860 2277 2897 eorum
2306 2854 2359 2897 et
2387 2844 2593 2897 ancilltc
2620 2852 2822 2910 septem
2851 2843 3011 2896 millia
3049 2845 3264 2896 trecenti
3296 2843 3503 2912 triginta

1928 2945 2172 3005 quatuor,
2206 2945 2450 2988 cantores
2473 2933 2703 2993 ducenti.
2736 2934 2866 2986 asini
2894 2948 2987 2987 sex
3016 2934 3155 2986 mille
3183 2934 3495 3002 septingenti

1927 3034 1981 3078 et
2006 3024 2206 3093 viginti.
2234 3024 2328 3089 Qui
2359 3022 2690 3076 a-dificahant
2723 3032 2897 3076 autem
2936 3032 3087 3076 erant
3124 3022 3418 3076 Zorobabcl
3449 3032 3499 3076 et

1925 3114 2080 3170 Jesus
2113 3116 2251 3168 filius
2276 3114 2497 3168 Josedec
2519 3123 2569 3167 et
2597 3112 2858 3165 Neemias.
2888 3111 3086 3166 Esdras
3112 3127 3238 3165 vero
3266 3127 3384 3166 cum
3414 3128 3497 3167 es-

1926 3215 2007 3259 set
2035 3206 2084 3259 in
2114 3206 2226 3274 lege
2257 3205 2477 3273 peritus,
2503 3204 2671 3271 legem
2697 3202 2910 3270 protulit
2933 3210 3088 3270 atque
3115 3201 3271 3271 legit,
3302 3202 3501 3257 consti-

1929 3296 2130 3365 tuitque
2156 3304 2343 3349 cuncta
2376 3294 2439 3346 ad
2471 3293 2724 3361 templum
2751 3300 2805 3346 et
2831 3292 2895 3345 ad
2925 3291 3136 3347 Levitas
3164 3294 3496 3361 pertinentia.

1927 3386 2043 3454 Ipse
2074 3388 2239 3453 legem
2263 3384 2526 3449 ostendit;
2555 3386 2761 3436 curavit
2778 3382 3104 3452 alienigenas
3126 3396 3315 3436 uxores
3340 3381 3498 3451 abjici

1926 3477 1992 3529 ab
2023 3477 2103 3537 iis.
2133 3477 2218 3545 qui
2251 3491 2341 3530 cas
2371 3484 2609 3542 tempore
2632 3472 2947 3541 captivitatis
2970 3472 3248 3525 duxerant.
3276 3470 3501 3541 Abjece-

1927 3576 2049 3621 runt
2075 3578 2248 3621 autem
2276 3582 2482 3627 omnes.
2514 3574 2565 3619 et
2593 3563 2826 3618 utnndati
2857 3572 2998 3626 sunt,
3021 3572 3074 3617 et
3101 3562 3385 3617 celebravit
3406 3577 3499 3631 pa-

1927 3661 2075 3720 scha,
2104 3660 2395 3713 secundum
2428 3658 2616 3725 legem,
2651 3664 2708 3710 ut
2730 3657 2980 3723 scripturn
3011 3663 3111 3716 est,
3136 3669 3338 3709 necnon
3358 3653 3500 3725 jeju-

1930 3750 2097 3813 nium,
2124 3761 2175 3803 et
2203 3752 2280 3804 sic
2310 3749 2599 3801 allStllt'lllll'
2632 3748 2831 3816 primus
2862 3745 3056 3798 Esdras
3086 3744 3235 3797 liber.

2354 3895 2514 3932 SECUN
2526 3895 2616 3931 ους
2670 3894 2818 3931 LIBER
2858 3892 3057 3930 εεοιιλε.

2001 4012 2054 4064 In
2086 4012 2183 4064 hoc
2212 4011 2344 4064 libro
2379 4009 2563 4063 eadem
2588 4009 2697 4077 ipsa
2727 4024 2845 4077 qua:
2871 4008 2920 4060 in
2951 4008 3119 4075 primo
3150 4006 3275 4062 dicit
3311 4008 3501 4062 Esdras

1928 4101 1993 4155 de
2018 4100 2208 4160 reditu,
2258 4099 2319 4151 iis
2350 4099 2604 4166 exceptis,
2633 4114 2749 4165 qua:
2779 4096 3162 4165 problematum
3195 4112 3341 4151 more
3362 4097 3497 4153 dicta

1930 4188 2157 4242 fuerant.
2193 4189 2345 4241 Plura
2372 4202 2496 4241 vero
2523 4187 2589 4239 de
2619 4186 2830 4240 Neemia
2858 4186 3103 4240 eunucho
3134 4196 3330 4251 narrat,
3362 4189 3500 4256 quod

1929 4279 2043 4347 ipse
2090 4278 2265 4346 templi
2295 4277 2699 4330 :edificationem
2740 4277 2979 4345 petierit;
3021 4287 3073 4330 et
3102 4277 3366 4345 quomodo
3407 4277 3502 4331 Es-

1928 4371 2052 4423 dras
2069 4370 2276 4437 quidem
2306 4370 2523 4437 legeret,
2558 4367 2709 4422 Jesns
2728 4383 2851 4422 vero
2877 4378 2930 4420 et
2958 4368 3158 4420 Baueas
3180 4376 3230 4419 et
3257 4367 3502 4421 Sarabias

1931 4460 2177 4531 populum
2211 4459 2501 4512 erudirent.
2534 4460 2596 4510 Et
2621 4457 2814 4511 Esdras
2843 4456 3054 4524 quidem
3104 4456 3282 4524 legens
3309 4456 3501 4509 distin~

1929 4553 2004 4605 xit
2030 4552 2079 4604 in
2112 4551 2329 4603 scientia
2370 4548 2575 4601 Domini
2609 4566 2621 4599 :
2658 4546 2879 4618 populus
2910 4556 3083 4598 autem
3118 4546 3377 4601 intellexit
3422 4550 3500 4601 le-

1929 4644 2181 4702 ctionem,
2211 4649 2264 4694 et
2292 4637 2578 4692 celebravit
2609 4634 2893 4701 pascha,et
2916 4636 3144 4703 septimo
3166 4650 3348 4691 mense
3382 4636 3505 4691 fecit

1925 4733 2181 4802 jejunium
2213 4738 2261 4783 et
2285 4726 2674 4794 scenopegiam,
2696 4734 2751 4776 ut
2774 4724 3025 4791 scriptum
3057 4734 3136 4777 est
3168 4741 3181 4777 :
3212 4723 3331 4778 Non
3368 4728 3499 4795 fece-

1926 4832 2045 4873 runt
2080 4821 2145 4871 ad
2173 4820 2303 4871 hunc
2332 4818 2532 4869 modum
2561 4833 2591 4868 α
2614 4816 2786 4868 diebus
2810 4814 2932 4868 Jesu
2949 4814 3046 4883 ﬁlii
3074 4814 3216 4869 Nave
3238 4815 3312 4885 (Ξ.
3348 4816 3501 4871 Esdr.

1929 4911 1982 4963 8.
2012 4910 2073 4961 17
2098 4909 2114 4975 )
2157 4907 2355 4959 Esdras
2378 4922 2503 4959 vero
2524 4921 2642 4959 cum
2671 4906 2889 4959 vidisset
2907 4907 3116 4959 Azotius
3135 4908 3380 4960 mulieres
3406 4907 3505 4960 lle-

1930 4998 2087 5050 br;eis
2112 4997 2358 5064 conjugio
2383 4996 2612 5065 junctas,
2649 4996 2893 5049 omnibus
2922 4996 3179 5063 persuasit
3209 5008 3261 5048 ut
3284 4997 3502 5063 promit-

1930 5096 2101 5141 terent
2130 5100 2188 5139 se
2214 5087 2380 5154 legem
2416 5086 2509 5139 Dei
2540 5094 2863 5140 servaturos.
2885 5084 2949 5138 Et
2976 5084 3129 5153 ejeeit
3170 5085 3284 5137 illas
3314 5084 3500 5138 mulie~

1928 5194 2051 5241 res,
2088 5187 2353 5245 tamquam
2406 5176 2742 5245 illegitimas,
2773 5184 2826 5229 et
2875 5174 3123 5244 jurarunt
3167 5174 3392 5228 universi
3441 5189 3501 5229 se

1930 5268 2102 5336 legem
2129 5277 2455 5321 servaturos.
2506 5268 2676 5336 Atque
2707 5267 2776 5319 ita
2808 5262 3117 5319 sanctificatl
3158 5275 3210 5317 et
3241 5263 3494 5331 mundati,

1926 5357 2088 5411 lzetati
2124 5366 2268 5420 sunt,
2313 5366 2367 5411 et
2412 5356 2653 5409 abierunt
2726 5355 2915 5423 singuli
2962 5355 3013 5408 in
3068 5355 3279 5407 domum
3325 5369 3497 5411 suam.

1992 5493 2005 5524 ¹
2036 5490 2201 5540 Altera
2224 5492 2459 5552 Synopsis,
2476 5489 2728 5552 sexaginta
2750 5487 2841 5539 ine
2863 5486 2997 5552 armi;
3013 5486 3160 5552 male.

1991 5554 2063 5624 (a).
2087 5554 2211 5624 "vis.
2238 5546 2458 5624 έῐηόρδίζ
2474 5546 2617 5624 Primi
2644 5550 2764 5624 ιειπί.
2784 5546 3249 5624 ,ξβάτφηδίφηέἱεξξ
3286 5554 3504 5624 ἓῑειφρδίξ

1930 5609 2158 5685 ejusdem
2168 5609 2291 5685 libri,
2309 5609 2416 5685 quae
2430 5609 2559 5685 inter
2576 5610 2980 5685 operaAthauas‘i’i
3007 5609 3266 5685 reperitur:
3285 5609 3367 5665 Qui
3389 5622 3506 5685 Vero

1927 5664 2108 5738 pi-imus
2309 5664 2434 5722 liber
2459 5674 2537 5738 hic
2558 5664 2745 5725 dicitur,
2773 5677 2847 5718 est
2871 5664 3137 5738 inYulgsta
3156 5664 3347 5728 tertius,
3374 5677 3424 5718 et
3454 5672 3511 5719 ad

1933 5736 2112 5787 calcem
2137 5736 2390 5785 Bibliorum
2416 5737 2595 5796 positus
2620 5741 2756 5780 oxtrs
2772 5736 3039 5779 canonicos.
