3996 6418
526 402 639 457 359

522 509 775 566 Narratur
800 517 974 563 autcm
1003 517 1056 562 ct
1086 507 1185 561 hoc
1213 511 1278 562 de
1307 506 1496 573 Esdra,
1526 508 1664 576 quod
1691 523 1812 563 eum
1842 507 1959 561 libri
1990 522 2084 575 per

523 601 776 656 incuriam
800 599 973 669 populi
996 609 1046 652 et
1075 598 1377 653 diuturnam
1401 601 1753 668 captivitatem
1783 600 2077 668 periissem,

520 691 635 763 ipse
660 693 795 758 illos,
828 706 946 745 eum
972 691 1052 744 vir
1077 701 1219 746 esset
1240 691 1448 746 honesti
1478 691 1766 757 studiosus,
1797 691 2085 745 industrius

520 793 574 836 et
601 783 768 836 lector
787 823 802 846 ,
827 781 964 851 apud
1007 797 1066 836 se
1111 783 1285 836 omnia
1313 782 1652 845 custodierit,
1683 797 1745 835 ac
1776 781 2082 850 protulerit,

521 886 583 925 ac
609 886 819 925 rursum
848 871 1094 936 ediderit,
1127 881 1281 939 atque
1308 872 1384 924 sic
1413 871 1572 924 libros
1600 871 1906 924 servaverit.

1094 979 1246 1017 LIBER
1283 977 1504 1017 εετιιειι.

594 1054 688 1109 llic
713 1054 844 1110 liber
873 1054 1067 1108 Esther
1091 1064 1323 1117 vocatur,
1357 1054 1475 1122 quia
1515 1068 1610 1121 per
1637 1052 1910 1106 Esthcram
1949 1052 2087 1106 Deus

519 1159 642 1198 mox
674 1145 904 1199 funditus
932 1146 1191 1213 perituros
1218 1143 1428 1198 Judaeos
1456 1144 1702 1207 servavit,
1743 1144 1906 1196 Aman
1939 1158 2083 1205 vero,

519 1233 610 1301 qui
659 1232 876 1287 insidias
929 1231 1360 1294 maehiuabatur,
1424 1233 1702 1298 percussit.
1769 1233 2087 1285 Artaxerxes

521 1322 660 1375 enim
688 1337 781 1376 rex
808 1321 1108 1382 Persarum,
1136 1320 1404 1390 repudiata
1433 1334 1594 1374 uxore
1619 1335 1734 1384 sua,
1756 1320 1908 1373 aliam
1933 1320 1984 1372 in
2006 1335 2087 1372 re-

519 1426 625 1480 gno
648 1427 763 1474 suo,
795 1427 912 1480 qua:
940 1412 1171 1465 omnium
1216 1420 1354 1465 esset
1397 1410 1743 1479 pulcherrima
1793 1418 1845 1463 et
1895 1408 2085 1462 formo-

519 1502 747 1566 sissima,
780 1502 876 1554 sibi
903 1501 1147 1570 qutesivit
1179 1514 1423 1560 uxorem;
1455 1509 1504 1553 et
1537 1499 1746 1552 inventa
1767 1507 1846 1552 est
1872 1498 2085 1562 Esther,

518 1593 732 1647 natione
753 1591 960 1646 Judaaa.
986 1591 1060 1644 illi
1083 1599 1335 1659 cognatus
1360 1598 1472 1644 erat
1493 1590 1704 1643 nomine
1728 1588 2088 1642 Mardochaeus

519 1697 581 1736 ex
615 1681 914 1750 captivitate
939 1695 1056 1749 quae
1086 1679 1183 1733 sub
1212 1679 1426 1734 Sedecia
1455 1679 1588 1733 facta
1618 1678 1789 1732 fuerat
1821 1679 1872 1731 in
1903 1678 2086 1731 eadem

519 1771 753 1838 regione.
777 1770 885 1824 Rex
903 1770 1078 1838 itaque
1103 1783 1220 1822 cum
1252 1768 1523 1823 extulisset
1549 1782 1764 1821 suorum
1786 1767 2085 1836 quemdam,

520 1863 781 1914 Amanum
810 1860 1041 1924 nomine,
1071 1860 1297 1928 jusserat
1331 1857 1475 1911 illum
1503 1858 1568 1911 ab
1591 1857 1832 1911 omnibus
1858 1857 2085 1911 adorari.

519 1950 625 2004 Sed
667 1966 784 2003 cum
827 1949 1189 2004 Mardochzeus
1234 1949 1486 2018 religione
1524 1963 1647 2017 erga
1687 1949 1850 2001 Deum
1890 1956 2085 2013 motus,

518 2039 786 2094 hominem
816 2054 916 2093 non
947 2039 1204 2101 adoraret,
1227 2054 1337 2092 rem
1369 2037 1579 2106 indigne
1600 2039 1714 2091 tulit
1735 2039 1921 2102 Aman,
1944 2053 2090 2091 cum-

520 2145 623 2200 que
661 2129 930 2183 didicisset
980 2129 1148 2197 ipsum
1187 2143 1305 2182 esse
1347 2127 1583 2183 Judaeum
1609 2169 1622 2192 ,
1673 2128 1780 2197 regi
1814 2128 2088 2180 Artaxerxi

518 2218 800 2288 persuadet
831 2227 888 2271 ut
929 2218 1125 2287 scripto
1168 2217 1347 2286 jubeat
1391 2218 1665 2271 universos
1710 2218 1763 2270 in
1804 2231 1965 2286 regno
1993 2232 2089 2270 suo

519 2309 730 2365 Iudaeos
756 2325 862 2362 uno
885 2308 974 2363 die
1001 2309 1195 2362 mensis
1215 2308 1508 2362 duodecimi
1541 2309 1745 2376 penitus
1771 2317 1821 2362 et
1854 2307 2089 2362 funditus

521 2399 706 2453 deleri.
739 2397 818 2452 Re
841 2407 1111 2466 comperta
1137 2397 1516 2463 Mardochreus,
1557 2398 1687 2451 luxit
1721 2407 1774 2452 et
1809 2399 2085 2467 jejunavit,

517 2498 674 2559 atque
699 2489 937 2543 Esthera:
964 2490 1107 2544 misit
1145 2503 1335 2558 rogans
1363 2504 1515 2558 opem
1554 2490 1732 2545 ferret.
1775 2491 1966 2546 Esther
1995 2493 2090 2545 ita-

516 2596 623 2648 que
643 2581 927 2648 praemissis
948 2580 1149 2649 jejunio
1177 2589 1232 2634 ct
1253 2580 1641 2649 precationibus
1666 2580 1731 2635 ad
1763 2582 1945 2648 Deum,
1970 2599 2088 2636 mu-

517 2669 671 2722 liebri
695 2683 753 2724 se
778 2670 972 2723 mundo
997 2670 1198 2723 ornavit
1223 2687 1238 2723 :
1269 2683 1366 2724 nec
1389 2677 1570 2724 vocata
1593 2670 1785 2740 (neque
1810 2672 1949 2725 enim
1976 2681 2091 2725 erat

516 2757 714 2810 licitum
746 2772 850 2810 non
877 2759 1073 2810 vocatis
1100 2757 1246 2811 adire
1275 2759 1500 2826 regem),
1527 2768 1756 2812 attamen
1786 2760 1998 2813 intravit
2021 2760 2085 2815 ad

515 2863 715 2917 regem,
749 2863 851 2901 non
883 2857 1183 2916 exspectata
1229 2849 1480 2915 temporis
1517 2851 1927 2916 Opportunitate,
1966 2865 2086 2917 spe-

516 2952 641 2991 rans
679 2937 1032 3006 precationem
1072 2937 1479 3005 opportunitatis
1516 2938 1632 2991 loco
1672 2938 1920 2993 futuram.
1957 2939 2085 2992 Cum

517 3038 691 3084 autem
723 3045 814 3084 rex
843 3029 1172 3083 insolentiam
1215 3028 1334 3082 facti
1365 3029 1662 3091 miraretur,
1697 3029 1782 3082 illa
1811 3030 1863 3083 in
1894 3039 2084 3084 terram

515 3136 627 3190 pra:
663 3128 803 3174 metu
830 3120 1060 3187 collapsa
1088 3128 1187 3173 est.
1221 3120 1287 3171 At
1325 3120 1464 3188 regis
1510 3120 1835 3175 iracundiam
1868 3123 2005 3177 Dens
2036 3122 2085 3175 in

516 3225 728 3263 suavem
760 3208 1002 3263 affectum
1046 3219 1100 3263 et
1138 3209 1590 3263 mansuetudinem
1637 3212 1879 3275 mutavit,
1922 3213 1989 3265 ita
2029 3222 2085 3264 nt

514 3314 736 3369 surgens
760 3307 1071 3366 prostratam
1109 3299 1252 3352 illam
1281 3301 1523 3366 erigeret,
1559 3307 1612 3353 et
1653 3310 1848 3354 metum
1891 3316 2087 3369 ponere

516 3388 835 3452 hortaretur,
870 3389 974 3441 imo
994 3389 1259 3455 optionem
1291 3387 1439 3442 daret
1465 3389 1673 3456 petendi
1704 3390 1951 3458 quidquid
1981 3391 2089 3444 vcl-

517 3477 611 3533 let.
643 3477 730 3532 illa
763 3487 819 3531 ut
847 3494 937 3531 rex
967 3493 1084 3532 cum
1121 3481 1324 3531 Amano
1359 3477 1426 3531 ad
1468 3479 1763 3532 convivium
1798 3495 1949 3533 suum
1993 3495 2086 3533 ve-

515 3567 632 3619 nire
663 3565 989 3633 dignaretur,
1029 3581 1132 3619 non
1158 3568 1342 3630 semel,
1375 3567 1468 3620 sed
1504 3569 1735 3621 secundo
1761 3583 1968 3636 quoque
1996 3585 2086 3637 pe-

517 3657 615 3708 tiit.
648 3656 812 3708 Aman
839 3670 949 3722 prae
962 3655 1151 3722 gaudio
1172 3655 1371 3709 effusus
1390 3671 1454 3709 ac
1468 3659 1717 3725 gestiens,
1741 3658 1879 3726 quod
1896 3658 2085 3726 dignus

516 3748 799 3803 haberetur
832 3763 860 3800 a
893 3749 1071 3816 regina
1107 3748 1314 3812 vocari,
1359 3746 1530 3801 adhuc
1571 3748 1796 3816 amplius
1834 3749 2085 3804 adversus

514 3839 904 3894 Mardoehaeum
932 3839 1231 3908 erigebatur
1261 3855 1273 3890 :
1305 3838 1609 3908 curavitque
1637 3840 1834 3907 lignum
1861 3839 2086 3895 sublime

515 3932 705 3995 excidi,
735 3933 919 3986 volens
945 3933 997 3984 in
1037 3945 1100 3984 eo
1137 3939 1390 3999 sequente
1414 3930 1500 3984 die
1529 3930 1850 3999 suspendere
1876 3931 2084 3985 Mardo-

517 4023 743 4079 cltzeum.
777 4022 886 4077 Rex
915 4036 1043 4076 vero
1075 4021 1210 4074 bona
1238 4018 1461 4089 quadam
1497 4021 1848 4088 providentia,
1877 4030 2082 4075 noctem

514 4115 656 4170 illam
684 4114 831 4167 duxit
859 4115 1174 4172 insomnem,
1208 4121 1258 4166 et
1283 4126 1402 4165 cum
1431 4111 1661 4165 dormire
1690 4112 2083 4181 nequiret,jus-

509 4203 585 4258 sit
608 4202 706 4256 sibi
732 4201 1142 4255 commentarios
1183 4209 1418 4255 actorum
1449 4214 1661 4255 suorum
1700 4202 1815 4271 legi.
1849 4202 2085 4272 Cumque

517 4291 841 4360 legerentur,
872 4299 1085 4344 ventum
1115 4301 1195 4344 est
1223 4290 1288 4344 ad
1315 4306 1433 4345 eum
1474 4291 1668 4357 locum,
1700 4293 1749 4344 in
1796 4306 1900 4360 quo
1956 4293 2088 4347 scri-

514 4387 658 4447 ptum
681 4389 793 4433 erat
811 4378 1121 4433 beneﬁcium
1146 4380 1300 4448 regia
1322 4379 1647 4433 Mardochwo
1659 4381 1923 4434 collatum.
1944 4382 2083 4436 Duos

514 4469 656 4523 enim
681 4469 950 4523 eunuchos
999 4468 1108 4539 regi
1154 4468 1498 4534 insidiantes,
1545 4471 1654 4538 regi
1697 4471 2001 4538 prodiderat
2031 4481 2083 4524 et

513 4557 835 4612 convicerat.
867 4557 959 4610 llic
989 4572 1082 4610 rex
1121 4556 1190 4610 ob
1219 4557 1533 4612 Μαι-(1001ιωὶ
1560 4558 1788 4612 ofﬁcium
1817 4568 1965 4628 grato
1999 4559 2080 4611 af-

513 4645 680 4697 fectus
706 4646 901 4708 animo,
929 4644 1200 4714 qumrebat
1221 4659 1449 4714 quonam
1475 4647 1618 4699 illum
1643 4646 1842 4702 honore
1864 4663 1958 4717 pro
1981 4648 2082 4701 hoc

515 4731 771 4786 beneflcio
792 4733 1035 4787 donaret.
1064 4733 1193 4787 Cum
1221 4743 1398 4790 autem
1428 4751 1582 4790 mane
1603 4737 1667 4790 ad
1693 4753 1813 4790 eum
1842 4738 2082 4807 ingrede-

516 4831 659 4876 retur
681 4823 870 4886 Aman,
900 4825 1087 4890 quaerit
1112 4825 1177 4878 ab
1201 4824 1290 4879 illo
1327 4841 1444 4892 rex,
1471 4841 1698 4895 quonam
1736 4837 1788 4881 et
1816 4829 1955 4897 quali
1982 4829 2080 4882 ho-

515 4924 646 4964 nore
666 4909 852 4976 dignus
881 4911 950 4962 sit
978 4911 1042 4973 is,
1072 4913 1158 4979 qui
1194 4927 1369 4982 regem
1399 4914 1654 4970 beneﬁcio
1688 4915 1967 4971 affecisset.
1999 4917 2078 4971 Ad

516 4998 619 5051 hoc
647 4999 832 5060 Aman,
860 5013 977 5051 cum
1005 5011 1064 5052 se
1087 4999 1430 5055 arbitraretur
1454 5018 1575 5058 eum
1601 5019 1739 5071 esse,
1771 5005 1836 5059 dc
1858 5021 1963 5075 quo
1988 5021 2079 5060 rex

515 5090 803 5157 qumrebat,
831 5089 1040 5158 dignum
1068 5104 1190 5144 esse
1227 5091 1358 5145 dixit
1395 5094 1481 5162 qui
1521 5096 1782 5150 secundus
1808 5113 1901 5151 rex
1922 5113 2080 5153 voca-

516 5186 680 5234 retur.
704 5177 813 5231 Rex
855 5180 1008 5248 igitur
1036 5179 1423 5236 Mardochteum
1455 5183 1544 5238 illo
1574 5184 1777 5238 honore
1801 5187 2077 5254 celebrari»,

516 5278 570 5324 et
593 5271 761 5323 Aman
791 5278 913 5324 ante
941 5271 1082 5324 illum
1105 5272 1390 5342 procedere
1416 5273 1590 5342 jussit.
1615 5275 1807 5330 Esther
1833 5293 1960 5333 vero
1989 5296 2080 5349 op-

516 5359 889 5430 portunitatem
925 5374 1074 5416 nacta
1119 5378 1213 5432 pro
1253 5363 1448 5419 Judazis
1486 5367 1673 5421 oravit.
1720 5368 1917 5424 Deinde
1959 5386 2078 5425 cum

517 5464 612 5506 rex
635 5465 864 5504 ntmrore
888 5450 1105 5508 affectus
1135 5462 1346 5522 propter
1373 5455 1643 5525 indignum
1669 5467 1852 5512 contra
1868 5460 2080 5516 Judmos

518 5537 780 5601 edictum,
832 5547 885 5592 et
937 5537 1188 5596 adversus
1243 5544 1496 5598 Amanum
1540 5547 1704 5601 iratus
1743 5562 1917 5615 esset,
1969 5551 2080 5619 ipse

519 5629 710 5692 Aman,
741 5645 862 5700 rege
897 5630 1134 5697 absente,
1173 5633 1408 5688 Estherte
1447 5635 1774 5703 supplicavit,
1815 5639 1880 5692 ad
1909 5655 2078 5709 genua

519 5721 658 5778 illius
689 5724 1034 5790 procumbens
1064 5732 1220 5793 atque
1246 5725 1484 5781 adorans.
1508 5726 1638 5795 Rex,
1665 5743 1784 5784 cum
1811 5731 2077 5799 ingressus

1255 392 1306 449 S.
1349 392 1621 449 JOANNIS
1655 390 2123 448 CHRYSOSTOMI
2164 389 2473 445 ARClllEP.
2513 390 3036 446 CONSTANTINOP.

3653 404 3769 461 360

2195 506 2397 560 videret
2426 510 2686 561 Amanum
2710 523 2879 578 genua
2904 509 3096 577 reginae
3120 510 3440 579 contingere,
3468 511 3765 580 suspicatus

2191 597 2329 665 quod
2356 598 2694 666 turpitudinis
2717 613 2872 652 causa
2900 599 2952 652 id
2988 598 3216 665 faceret,
3240 600 3396 668 jussit
3421 604 3586 655 Aman
3621 603 3676 656 in
3700 602 3764 654 li-

2191 702 2319 756 gno,
2347 687 2491 756 quod
2528 689 2858 742 Mardochzeo
2896 698 3191 757 paraverat,
3233 691 3516 758 suspendi;
3553 693 3765 761 scripsit

2190 786 2361 829 autem
2381 785 2437 830 ut
2456 777 2842 846 Judmiqnidem
2857 793 3040 833 omnes
3061 780 3417 833 incolumitate
3440 780 3762 844 fruerentur,

2192 868 2372 921 hostes
2399 883 2527 922 vero
2566 883 2748 922 eorum
2779 870 2846 922 ab
2882 869 2984 922 illis
3026 870 3470 923 interimerentur.
3500 871 3765 924 Numerus

2191 970 2364 1012 autem
2394 975 2576 1013 eorum
2599 961 2684 1029 qtti
2715 975 2743 1013 a
2772 961 2965 1014 Judaeis
2986 962 3143 1014 occisi
3172 972 3313 1026 sunt,
3345 962 3439 1014 fuit
3458 962 3764 1031 quindecim

2193 1050 2410 1102 millium
2443 1068 2456 1103 :
2500 1050 2721 1118 ideoque
2760 1051 2875 1104 festi
2918 1051 3021 1104 illis
3048 1051 3162 1105 dies
3202 1051 3345 1106 fuere
3395 1051 3507 1104 dies
3544 1061 3766 1121 quartus

2191 1139 2445 1204 decimus,
2479 1152 2532 1192 et
2574 1143 2789 1210 quintus
2818 1141 3052 1195 decimus
3082 1143 3279 1195 mensis
3309 1141 3629 1203 duodecinii,
3673 1143 3764 1209 qni

2192 1239 2406 1281 vocatur
2434 1229 2593 1282 Adar.
2625 1230 2852 1284 Vocatur
2878 1241 3051 1284 autem
3081 1231 3165 1283 illa
3188 1231 3302 1286 dies
3329 1233 3562 1299 ipsorum
3587 1232 3764 1300 lingua

2191 1317 2385 1371 Phura.
2416 1319 2746 1388 Quapropter
2791 1321 2875 1375 illa
2924 1321 3010 1376 die
3052 1321 3219 1375 Judmi
3254 1323 3512 1374 Amanum
3544 1321 3767 1375 combn‘

2194 1415 2332 1471 runt,
2365 1416 2418 1460 et
2444 1409 2633 1462 festum
2657 1409 2795 1462 diem
2821 1419 2982 1478 agunt
3012 1411 3195 1464 salutis
3217 1411 3447 1479 ipsorum
3482 1410 3773 1463 memoria—

2195 1495 2316 1550 lem.
2342 1494 2396 1550 in
2424 1496 2608 1566 hisque
2639 1501 2948 1552 terminatur
2968 1500 3122 1553 liber.

2787 1606 2937 1644 LIBER
2976 1606 3152 1645 ’l'OBlT.

2264 1677 2418 1730 Tobit
2443 1687 2660 1731 vocatur
2690 1679 2772 1732 hic
2794 1679 2943 1744 liber,
2976 1680 3281 1775 quia.ipsins
3305 1680 3460 1733 Tobit
3487 1680 3771 1736 hiatorianr

2193 1769 2441 1821 continet.
2469 1768 2592 1822 Erat
2615 1777 2788 1821 autem
2809 1769 2963 1823 Tobit
2988 1769 3053 1823 de
3080 1768 3213 1823 tribu
3247 1769 3602 1838 Nephthalim,
3638 1771 3766 1825 fuit-

2193 1873 2296 1925 que
2337 1858 2388 1910 in
2430 1859 2781 1926 captivitatem
2824 1860 3100 1924 adductus,
3131 1869 3184 1913 ct
3208 1860 3433 1928 degebat
3470 1863 3520 1914 in
3551 1863 3775 1919 civitate

2193 1945 2397 2010 Ninive,
2423 1947 2722 2000 misericors
2741 1962 2802 2001 ac
2829 1948 3123 2016 religiosus.
3157 1950 3360 2003 Etenim
3383 1965 3501 2004 cum
3523 1952 3574 2004 in
3597 1954 3770 2021 capti-

2193 2039 2352 2092 vitate
2376 2048 2538 2105 esset,
2565 2054 2894 2093 communem
2925 2055 3110 2107 panem
3136 2056 3200 2094 ex
3219 2041 3462 2109 gentibus
3493 2056 3596 2095 non
3621 2057 3772 2097 corn-

2194 2129 2320 2192 cdit,
2361 2129 2454 2182 sed
2496 2131 2728 2197 seipsum
2781 2130 3077 2184 custodivit.
3141 2132 3267 2184 Erat
3316 2143 3490 2186 autem
3537 2149 3766 2188 annomc

2195 2219 2470 2287 prmfectus
2497 2219 2637 2288 apud
2680 2235 2855 2288 regem
2901 2221 3296 2284 Enemasarum,
3328 2231 3383 2276 et
3426 2223 3669 2291 deposuit
3710 2225 3765 2279 in

2192 2309 2356 2362 Media
2380 2311 2561 2364 decem
2589 2311 2779 2363 talenta
2805 2311 2940 2378 apud
2970 2310 3273 2365 Gabaelem.
3304 2311 3392 2365 Isti
3419 2328 3584 2380 porro
3606 2313 3766 2368 Tobit

2193 2401 2421 2454 studium
2447 2409 2556 2454 erat
2584 2399 2869 2470 sepeliendi
2902 2409 3137 2453 mortuos
3159 2417 3222 2454 ex
3246 2401 3460 2455 Jndmis.
3497 2403 3661 2470 Hujus
3685 2405 3764 2456 rei

2193 2491 2355 2558 gratia
2380 2491 2582 2544 delatus
2621 2491 2686 2543 ad
2721 2505 2900 2559 regem
2928 2489 3249 2555 Acbireicm,
3291 2491 3411 2560 fuga
3441 2493 3540 2545 sibi
3567 2507 3770 2546 consu—

2197 2580 2312 2632 luit.
2345 2580 2740 2649 Regressusque
2766 2596 2797 2634 e
2829 2579 2945 2650 fuga
2966 2621 2980 2642 ,
3022 2596 3140 2634 cum
3175 2590 3497 2634 mortuorum
3539 2583 3770 2651 aliquem

2193 2669 2484 2736 sepelisset,
2512 2677 2660 2723 extra
2696 2683 2875 2722 muros
2901 2669 3233 2733 obdormivit,
3259 2680 3312 2723 et
3340 2685 3458 2723 cum
3496 2685 3591 2738 pro
3620 2686 3770 2725 more

2193 2772 2290 2811 suo
2318 2767 2528 2825 apertos
2557 2756 2777 2812 haberet
2802 2759 2940 2812 inter
2964 2758 3327 2812 dormiendum
3356 2760 3557 2824 oculos,
3589 2775 3770 2827 passe-

2191 2847 2337 2901 ribus
2362 2862 2589 2916 superne
2615 2849 2666 2900 in
2692 2849 2871 2901 oculos
2907 2849 3020 2916 ejus
3047 2859 3252 2904 stercus
3284 2851 3666 2912 emittentibus,
3689 2853 3770 2903 al-

2193 2934 2437 3002 buginem
2473 2935 2752 2999 contraxit,
2797 2950 2963 3003 neque
2998 2937 3131 2989 ultra
3171 2937 3403 2990 videbat.
3431 2937 3556 2991 Erat
3587 2950 3767 2992 autem

2193 3022 2472 3076 Ecbatanis
2515 3023 2617 3075 ﬁlia
2647 3022 2892 3092 Raguclis
2920 3026 3126 3093 cognati
3156 3026 3318 3094 ipsius
3346 3025 3501 3081 Sarra
3529 3029 3767 3082 nomine.

2192 3111 2336 3166 lianc
2356 3113 2561 3167 dtemon
2592 3113 2900 3167 Asmodteus
2920 3130 3022 3167 non
3053 3115 3384 3183 permittebat
3410 3125 3466 3168 ut
3489 3118 3768 3186 quisquam

2193 3219 2409 3258 uxorem
2453 3204 2671 3258 duceret
2704 3223 2717 3258 :
2745 3206 2852 3274 jam
2899 3207 3039 3259 enim
3084 3216 3284 3274 septem
3342 3208 3625 3276 occiderat,
3677 3212 3770 3279 qui

2192 3293 2334 3347 illam
2360 3309 2603 3362 sponsam
2632 3303 2962 3363 acceperant.
2992 3296 3215 3364 Propter
3244 3295 3379 3350 hanc
3406 3312 3616 3351 causam
3643 3313 3770 3354 cum

2192 3383 2534 3437 vehementer
2573 3384 2880 3438 contristata
2932 3393 3090 3450 esset,
3136 3385 3336 3450 oravit;
3387 3387 3634 3456 misitque
3688 3389 3767 3442 illi

2193 3472 2332 3525 Deus
2379 3473 2739 3526 auxiliatorem
2798 3472 3116 3540 Raphaelem
3169 3474 3562 3543 archangelum.
3608 3476 3769 3532 Tobit

2190 3562 2364 3628 igitur,
2392 3576 2510 3614 cum
2535 3561 2643 3614 ﬁlio
2664 3576 2759 3615 suo
2783 3562 2960 3615 Tobias
2987 3563 3296 3630 praeciperet
3329 3579 3395 3617 ne
3422 3565 3520 3619 sibi
3551 3566 3768 3623 aliunde

2189 3665 2430 3715 uxorem,
2459 3667 2612 3719 quam
2639 3666 2701 3705 ex
2735 3652 2874 3705 tribu
2917 3662 2968 3705 et
3015 3654 3328 3722 cognatione
3371 3669 3464 3707 sua
3494 3655 3713 3710 duceret
3746 3702 3766 3726 ,

2189 3739 2278 3793 dat
2305 3741 2376 3792 illi
2407 3741 2814 3809 chirographum
2841 3742 3023 3795 decem
3053 3743 3388 3806 talentorum,
3418 3745 3766 3814 prtecipitque

2189 3839 2247 3883 ut
2275 3830 2426 3884 abeat
2455 3839 2505 3883 et
2541 3839 2741 3899 repetat
2784 3831 2890 3884 illa.
2934 3831 3096 3884 Filius
3121 3841 3316 3895 autem,
3349 3847 3465 3885 cum
3497 3848 3595 3886 nec
3621 3834 3763 3887 viam

2191 3928 2388 3985 nosset,
2419 3935 2516 3973 nec
2555 3917 2819 3973 hominem
2853 3919 2918 3973 ad
2948 3936 3103 3989 quem
3146 3930 3258 3974 erat
3298 3922 3764 3988 proﬁciscendum,

2189 4025 2430 4080 egressus
2460 4019 2539 4065 est
2568 4020 2625 4064 ut
2652 4012 2749 4063 via:
2773 4011 2869 4064 sibi
2895 4013 3093 4065 socium
3128 4020 3406 4079 qumreret,
3436 4020 3488 4064 et
3521 4012 3610 4066 Dei
3629 4028 3764 4082 pro-

2189 4103 2416 4157 videntia
2446 4102 2627 4156 incidit
2656 4102 2707 4156 in
2737 4102 3075 4170 Raphaelem,
3109 4102 3198 4170 qui
3230 4101 3456 4154 hominis
3487 4102 3655 4155 forma
3689 4103 3765 4156 fo-

2189 4193 2263 4246 ris
2289 4193 2477 4256 stabat,
2513 4193 2784 4260 pretioque
2822 4193 2965 4245 illum
3004 4192 3273 4254 conduxit,
3306 4207 3371 4245 eo
3396 4192 3537 4261 quod
3567 4209 3626 4246 se
3661 4196 3764 4247 vix:

2189 4283 2344 4351 hujus
2371 4298 2588 4352 gnarum
2616 4297 2732 4336 esse
2771 4283 2986 4337 diceret.
3027 4283 3321 4337 Comitatus
3358 4285 3533 4352 itaque
3568 4294 3650 4338 est
3694 4285 3763 4338 il-

2188 4375 2294 4427 lum
2316 4373 2661 4442 archangelus
2691 4374 2742 4426 in
2773 4376 2946 4441 specie
2973 4374 3220 4439 hominis,
3251 4376 3338 4444 qni
3372 4376 3586 4429 Azarias
3609 4376 3762 4430 dice-

2187 4477 2351 4518 retur.
2375 4465 2504 4518 Cum
2536 4474 2708 4518 autem
2733 4465 2798 4517 ad
2827 4465 3092 4533 Tigridem
3130 4481 3294 4536 usque
3320 4466 3533 4520 fluvium
3566 4482 3762 4534 perve-

2187 4555 2406 4618 nissent,
2432 4553 2640 4608 volebat
2658 4553 2849 4608 Tobias
2877 4555 2926 4607 in
2953 4555 3096 4608 illum
3123 4557 3325 4610 lavandi
3347 4557 3510 4625 gratia
3533 4557 3756 4612 descen-

2186 4647 2330 4711 dere,
2359 4656 2411 4700 et
2434 4661 2554 4700 mox
2577 4647 2733 4714 piscis
2756 4647 2938 4717 ingens
2962 4648 3159 4701 insiluit
3185 4650 3234 4701 in
3265 4663 3502 4716 puerum.
3522 4649 3758 4720 Angelus

2185 4753 2312 4791 vero
2350 4739 2615 4807 praecepit,
2652 4747 2709 4791 ut
2741 4739 2935 4807 piscem
2981 4739 3119 4792 hunc
3155 4740 3575 4807 apprehenderet
3618 4753 3670 4796 et
3701 4745 3762 4797 in

2187 4829 2350 4880 frusta
2381 4837 2605 4889 secaret,
2641 4837 2798 4896 atque
2832 4828 2968 4881 illius
3000 4827 3182 4893 hepar,
3209 4842 3302 4881 cor
3327 4837 3378 4882 et
3405 4829 3562 4884 bilem
3592 4830 3757 4886 desu-

2187 4928 2373 4980 meret,
2406 4927 2459 4970 et
2488 4925 2740 4970 servaret.
2789 4917 3023 4983 Rogaute
3062 4927 3244 4983 postea
3291 4932 3473 4984 puero,
3507 4920 3556 4973 in
3595 4937 3756 4988 quem

2186 5023 2337 5061 usum
2381 5007 2467 5060 illa
2507 5008 2692 5071 forent,
2745 5006 3018 5075 respondit
3048 5023 3063 5059 :
3108 5007 3285 5076 Hepar
3321 5017 3375 5062 et
3411 5025 3502 5064 cor
3538 5010 3756 5067 incensa

2185 5098 2477 5151 daemonem
2525 5096 2779 5165 fugabunt
2807 5113 2819 5148 :
2849 5095 2966 5148 bilis
3000 5111 3129 5150 vero
3153 5097 3423 5151 oculorum
3454 5099 3756 5168 albuginem

2186 5189 2506 5259 repurgabit.
2549 5188 2714 5256 Hujus
2750 5202 2850 5256 ope
2894 5196 2947 5242 et
2986 5189 3212 5243 consilio
3247 5190 3437 5244 Tobias
3471 5189 3627 5244 ﬁliam
3651 5191 3758 5246 Ra-

2185 5282 2351 5350 guelis
2379 5281 2587 5336 Sarram
2617 5293 2831 5332 uxorem
2867 5279 3035 5343 duxit,
3067 5295 3185 5334 cum
3229 5280 3318 5334 illo
3351 5280 3525 5335 suffita
3549 5282 3754 5334 dazmo-

2187 5390 2307 5429 nem
2334 5375 2580 5441 fugasset,
2604 5373 2691 5440 qui
2720 5372 2770 5425 in
2797 5373 3160 5441 superioribus
3191 5372 3399 5442 Egypti
3428 5373 3662 5442 partibus
3687 5375 3756 5427 ab

2186 5464 2370 5532 angelo
2399 5463 2586 5530 ligatus
2627 5470 2726 5515 est.
2769 5463 2901 5514 Dum
2943 5470 3117 5516 autem
3157 5478 3276 5515 cum
3318 5476 3478 5515 uxore
3515 5473 3758 5517 maneret

2186 5552 2398 5616 Tobias,
2442 5550 2680 5604 Azariam
2725 5561 2986 5621 tamquam
3017 5553 3283 5606 hominem
3320 5551 3370 5604 in
3398 5550 3620 5604 Mediam
3652 5553 3756 5605 mi-

2188 5641 2255 5694 sit
2285 5658 2296 5692 :
2326 5654 2550 5708 cumque
2592 5654 2686 5706 per
2716 5640 2860 5693 illum
2903 5640 3087 5694 decem
3118 5641 3310 5694 talenta
3346 5639 3656 5706 recepisset,
3687 5643 3755 5696 ad

2190 5740 2388 5799 patrem
2419 5746 2518 5784 una
2548 5747 2667 5784 cum
2699 5731 2788 5785 illo
2821 5741 2875 5787 et
2913 5746 3074 5787 uxore
3107 5746 3199 5786 sua
3242 5744 3484 5785 reversus
3514 5741 3618 5785 est.
3644 5731 3749 5786 lle-
