3996 6418
288 344 398 400 359

269 463 429 525 αὐτὸς
462 463 714 534 Ἔσδρας,
748 464 1030 532 φιλόκαλος
1056 465 1131 519 ὢν
1174 468 1265 520 καὶ
1298 469 1519 539 εὐφυὴς,
1555 471 1649 522 καὶ
1695 471 1825 523 ἀνα·

265 544 533 612 γνώστης,
566 544 793 611 ἐφύλαξε
817 547 1012 611 πάντα,
1054 549 1147 599 καί
1167 548 1349 601 λοιπὸν
1378 553 1702 619 προήνεγκε,
1735 552 1827 603 καὶ

268 626 428 678 πάλιν
456 626 737 678 ἐκδέδωκε·
775 629 864 679 καὶ
897 628 1036 680 οὕτω
1066 629 1385 691 διασώζεται
1416 630 1483 682 τά
1508 630 1706 699 βιϐλία.

821 761 1039 829 Ἐσθὴρ
1070 764 1332 826 βιϐλίον.

350 872 546 942 Ἑσθὴρ
575 873 812 927 καλεῖται
845 876 903 928 τὸ
938 876 1158 944 βιϐλίον,
1182 876 1366 945 ἐπειδὴ
1390 875 1478 928 διά
1506 875 1600 943 τῆς
1630 875 1824 942 Ἐσθὴρ

263 954 292 1005 6
314 953 446 1014 Θεὸς
468 954 756 1023 μέλλοντας
786 956 1075 1009 ἀπολέσθαι
1101 957 1345 1023 παγγενῆ
1364 959 1488 1018 τοὺς
1522 956 1820 1017 Ἰουδαίους,

262 1035 463 1095 αὐτοὺς
492 1036 588 1103 μὲν
624 1037 863 1101 διέσωσε,
897 1038 985 1089 τὸν
1022 1039 1078 1089 δέ
1117 1038 1286 1107 Ἀμάν
1332 1037 1706 1090 ἐπιϐουλεῦσαι
1738 1036 1821 1087 θε-

263 1115 502 1183 λήσαντα
536 1118 819 1182 ἐπάταξεν.
863 1120 1221 1189 Ἀρταξέρξης
1247 1122 1353 1189 γάρ
1386 1122 1413 1171 6
1450 1121 1698 1188 βασιλεὺς
1726 1119 1823 1187 τὴν

264 1198 399 1248 ἰδίαν
434 1198 675 1249 ἐκϐαλὼν
712 1201 961 1265 γυναῖκα,
1000 1198 1255 1269 ἐζήτησεν
1288 1203 1345 1252 ἑν
1373 1203 1437 1269 τῇ
1466 1200 1705 1270 βασιλείᾳ
1730 1201 1823 1251 αὐ-

261 1278 354 1329 τοῦ
398 1279 496 1345 τήν
550 1279 762 1333 πάντων
811 1281 1097 1349 καλλίστην
1145 1278 1307 1333 οὖσαν
1354 1284 1445 1334 καὶ
1491 1282 1821 1353 ώραιοτέραν

260 1358 441 1409 λαϐεῖν
476 1360 649 1425 ἑαυτῷ
687 1365 935 1427 γυναῖκα·
980 1364 1072 1414 καὶ
1116 1364 1309 1434 εὑρέθη
1347 1364 1542 1432 Ἐσθὴρ
1572 1364 1630 1415 τὸ
1670 1365 1821 1429 γένος

272 1439 498 1492 Ἰουδαία
530 1443 886 1510 τυγχάνουσα.
918 1440 1024 1495 Ἦν
1053 1445 1108 1496 δὲ
1141 1446 1233 1495 κα)⁸
1259 1444 1596 1512 Μαρδοχαῖος
1627 1460 1819 1510 συγγε-

257 1521 354 1588 νὴς
387 1522 559 1588 αὐτῆς
588 1524 692 1574 ἀπὸ
726 1524 821 1593 τῆς
846 1526 1218 1593 αἰχμαλωσίας
1251 1525 1349 1593 τῆς
1396 1526 1691 1593 γενομένης
1730 1526 1819 1576 ἐπὶ

258 1602 507 1654 Σεδεκίου
536 1605 592 1654 ἐν
623 1604 755 1673 αὐτῇ
797 1608 862 1675 τῇ
907 1605 1079 1674 χώρα.
1126 1605 1182 1657 '0
1224 1601 1314 1657 οὖν
1363 1604 1609 1674 βασιλεὺς
1650 1604 1818 1673 μέγαν

258 1685 490 1752 ποιήσας
518 1686 608 1736 τὸν
628 1685 912 1753 λεγόμενον
953 1686 1142 1755 Ἀμάν,
1165 1686 1412 1738 ἐκέλευσε
1441 1686 1645 1748 πάντας
1661 1686 1818 1737 αὑτὸν

257 1770 601 1835 προσκυνεῖν.
651 1768 807 1819 Ἀλλά
837 1767 928 1819 τοῦ
952 1768 1292 1837 Μαρδοχαίου
1316 1772 1380 1837 τῇ
1406 1768 1539 1837 πρὸς
1567 1768 1696 1819 Θεὸν
1724 1768 1819 1819 λα·-

256 1847 413 1916 τρείᾳ
452 1847 527 1916 μὴ
576 1848 997 1917 προσκυνοῦντος
1038 1848 1127 1899 τὸν
1168 1849 1471 1918 ἄνθρωπον,
1516 1848 1756 1918 ὠργίσθη
1790 1850 1817 1900 6

269 1927 460 1995 Ἀμάν,
490 1931 580 1980 καὶ
610 1930 792 1998 μαθὼν
817 1932 896 1981 ὃτι
932 1930 1179 1992 Ἰουδαῖός
1214 1932 1355 1992 ἐστι,
1398 1930 1572 1981 πείθει
1605 1930 1693 1980 τὸν
1720 1929 1817 1998 βα-

259 2010 408 2061 σιλέα
446 2011 823 2080 Ἀρταξέρξην,
854 2014 945 2063 καὶ
974 2012 1174 2081 γράφει
1204 2012 1341 2063 ὥστε
1375 2013 1577 2073 πάντας
1602 2012 1725 2073 τοὺς
1760 2012 1817 2062 ἐν

254 2095 320 2159 τῇ
356 2090 601 2161 βασιλείᾳ
624 2092 783 2143 αὑτοῦ
819 2093 1100 2154 Ἰουδαίους
1120 2094 1429 2161 ὁλορῤίςους
1448 2091 1737 2144 ἀπολέσθαι
1759 2094 1815 2144 ἐν

261 2174 357 2241 μιᾷ
388 2173 572 2242 ἡμέρα
598 2173 671 2242 τῷ
698 2173 976 2244 δωδεκάτῳ
1005 2175 1148 2243 μηνί,
1183 2175 1349 2226 Τοῦτο
1373 2174 1548 2225 τοίνυν
1578 2172 1759 2241 μαθὼν
1788 2176 1815 2226 ὁ

257 2254 616 2323 Μαρδοχαῖος,
643 2257 872 2319 ἐπένθει,
911 2259 1002 2309 καὶ
1035 2256 1321 2325 νηστεύων,
1367 2255 1688 2326 προύπεμψε
1717 2256 1814 2325 τὴν

268 2339 466 2409 Ἐσθὴρ
496 2340 658 2404 ἀξιῶν
690 2342 836 2411 παρά
864 2344 1027 2411 αὐτῆς
1051 2343 1298 2411 βοήθειαν
1324 2344 1589 2410 γενέσθαι.
1633 2344 1690 2393 Ἠ
1714 2343 1815 2395 τοί-

257 2443 350 2477 νυν
388 2426 586 2495 Ἐσθὴρ
615 2428 970 2496 νηστεύσασα,
1008 2431 1099 2480 καὶ
1130 2430 1396 2498 εὐξαμένη
1429 2428 1505 2499 τῷ
1530 2429 1665 2498 Θεῷ,
1695 2430 1812 2481 ἐκόο

257 2530 462 2581 σμησεν
496 2514 691 2584 ἑαυτὴν
727 2515 803 2583 τῷ
843 2516 1130 2585 γυναικείῳ
1168 2518 1387 2585 κόσμῳ,
1441 2518 1532 2568 καὶ
1574 2517 1645 2586 μὴ
1679 2518 1811 2587 κλη-

254 2599 403 2649 θεῖσα
424 2599 547 2663 (ούκ
568 2594 633 2667 ἦν
659 2600 764 2671 γάρ
789 2601 904 2664 ἐξὸν
938 2601 1010 2671 μὴ
1033 2602 1321 2671 κληθεῖσαν
1348 2603 1646 2670 εἰσελθεῖν),
1666 2604 1813 2672 ὅμως

250 2684 465 2752 εἰσῆλθε
494 2686 641 2755 παρά
668 2687 757 2739 τὸν
785 2687 970 2756 καιρὸν
1005 2686 1140 2757 πρὸς
1172 2688 1260 2738 τὸν
1305 2687 1542 2755 βασιλέα,
1575 2689 1693 2740 ἀντὶ
1718 2687 1809 2739 τοῦ

251 2770 441 2838 καιροῦ
464 2775 529 2839 τῇ
557 2773 685 2841 εὐχῇ
715 2772 1009 2843 θαρροῦσα.
1044 2768 1176 2824 Εἶτα
1194 2773 1285 2824 τοῦ
1313 2772 1574 2841 βασιλέως
1604 2774 1813 2843 θαυμά-

249 2857 428 2919 ζοντος
455 2858 513 2909 τὸ
544 2858 708 2920 ξένον,
742 2858 930 2910 ἔπεσεν
961 2859 1137 2927 ἐκείνη
1174 2860 1279 2911 ἀπὸ
1311 2859 1403 2911 τοῦ
1439 2860 1623 2927 φόϐου.
1666 2860 1725 2914 '0
1754 2862 1810 2913 δέ

246 2944 375 3006 Θεὸς
414 2945 671 3013 μετέϐαλε
704 2946 791 2997 τὸν
830 2946 998 3016 θυμὸν
1030 2946 1122 2998 τοῦ
1165 2946 1427 3015 βασιλέως
1462 2949 1541 3009 εἰς
1567 2947 1808 3001 διάθεσιν

250 3030 339 3081 καὶ
371 3030 672 3097 πραότητα·
712 3032 803 3081 καὶ
832 3032 1065 3094 ἀναστὰς
1105 3032 1367 3085 ἐϐάστασε
1414 3034 1511 3101 τὴν
1550 3036 1807 3100 γυναῖκα,

252 3117 341 3167 καί¹
374 3116 672 3184 παρεκάλει
696 3118 861 3185 αὐτὴν
891 3118 961 3186 μὴ
988 3118 1283 3184 φοϐεῖσθαι,
1312 3119 1445 3170 ἀλλά
1468 3120 1557 3171 καὶ
1580 3120 1807 3187 ἠξίωσεν

250 3202 417 3272 αὐτὴν
443 3202 730 3260 αἰτεῖσθαι,
773 3202 825 3253 εί
861 3219 913 3253 τι
960 3203 1217 3271 βούλοιτο.
1272 3203 1334 3256 Ἢ
1367 3206 1422 3257 δὲ
1466 3207 1558 3259 ἐπὶ
1597 3206 1807 3260 δεῖπνον

248 3290 476 3357 ⁴ἠξίωσεν
512 3289 683 3339 ἐλθεῖν
717 3288 872 3341 αὐτόν
902 3307 958 3341 τε
998 3290 1085 3341 τὸν
1120 3290 1340 3359 βασιλέα
1360 3292 1454 3343 καὶ
1481 3292 1571 3343 τὸν
1617 3293 1804 3362 Ἀμάν,

247 3380 341 3444 οὐχ
376 3376 545 3438 ἅπαξ,
571 3376 705 3427 ἀλλά
740 3378 829 3427 καὶ
856 3378 1122 3445 δεύτερον.
1170 3380 1224 3429 Ὀ
1254 3379 1350 3447 μὲν
1372 3375 1463 3430 οὖν
1506 3379 1672 3447 Ἀμάν
1696 3379 1810 3431 δια-

248 3463 431 3530 χυθεὶς
457 3463 551 3514 καὶ
574 3462 855 3529 γανωθεὶς,
900 3465 974 3526 ώς
1004 3465 1107 3517 ὑπὸ
1140 3464 1235 3532 τῆς
1261 3464 1523 3533 βασιλίδος
1563 3466 1809 3527 ἀξιωθεὶς

245 3551 529 3619 κληθῆναι,
563 3551 640 3602 ἔτι
680 3550 873 3619 μᾶλλον
905 3554 1136 3621 ἐπήρετο
1158 3554 1297 3605 κατά
1326 3551 1416 3604 τοῦ
1443 3553 1803 3623 Μαρδοχαίου,

243 3639 333 3687 καὶ
389 3636 611 3705 ἐποίησε
664 3635 815 3699 ξύλον
848 3638 1080 3705 κοπῆναι
1139 3638 1299 3705 μέγα,
1358 3638 1675 3707 βουλόμενος
1717 3640 1807 3691 τὸν

242 3722 583 3790 Μαρδοχαῖον
615 3724 679 3791 τῇ
712 3723 834 3790 ἑξῆς
866 3722 1048 3792 ήμέρα
1076 3725 1131 3775 ἐν
1163 3723 1310 3792 αὐτῷ
1334 3726 1625 3793 κρεμάσαι.
1663 3726 1719 3776 '0
1750 3726 1806 3776 δὲ

244 3807 493 3875 βασιλεὺς
539 3809 677 3860 κατά
720 3824 840 3861 τινα
878 3809 1130 3880 πρόνοιαν
1168 3810 1408 3878 ἀγαθὴν,
1456 3812 1807 3880 ἀγρυπνήσας

244 3893 459 3962 ἐκείνην
486 3892 581 3962 τὴν
608 3892 794 3958 νύκτα,
818 3895 909 3946 καὶ
939 3894 1012 3964 μὴ
1040 3894 1329 3964 δυνάμενος
1377 3897 1618 3949 ὑπνῶσαι
1637 3938 1651 3960 ,
1689 3898 1807 3949 ἐκέ-

243 3980 436 4033 λευσεν
490 3980 952 4049 ἀναγινώσκεσθαι
1008 3984 1157 4053 αὐτῷ
1208 3984 1313 4035 τῶν
1359 3985 1607 4053 πράξεων
1644 3985 1805 4037 αὑτοῦ

251 4070 309 4120 τὰ
342 4068 725 4138 ὑπομνήματα.
765 4070 1302 4140 Ἀναγινωσκομένων
1339 4071 1393 4122 δέ
1434 4071 1643 4130 αὐτῶν,
1682 4064 1805 4139 εὗρε

239 4156 439 4224 πρᾶξιν
466 4156 672 4225 ἀγαθὴν
706 4158 785 4218 εἰς
813 4158 971 4209 αὑτὸν
1002 4158 1298 4227 γενομένην
1329 4159 1432 4209 ὑπὸ
1470 4158 1561 4210 τοῦ
1595 4160 1806 4227 Μαρδο-

238 4244 415 4311 χαίου.
445 4240 547 4293 Δύο
584 4243 690 4310 γάρ
710 4244 991 4314 εὐνούχους
1020 4246 1305 4314 μέλλοντας
1337 4246 1704 4298 ἐπιϐουλεύειν
1730 4245 1804 4315 τῷ

240 4329 451 4397 βασιλεῖ
490 4331 821 4399 κατήνεγκεν
851 4332 997 4401 αὺτῷ
1013 4330 1088 4402 τῷ
1116 4333 1325 4403 βασιλεῖ
1353 4336 1445 4386 καὶ
1472 4334 1710 4403 ἤλεγξεν.
1748 4335 1805 4386 Ὀ

235 4416 418 4468 τοίνυν
455 4416 702 4484 βασιλεὺς
749 4417 1145 4486 ἀποδεξάμενος
1190 4421 1289 4489 τὴν
1344 4421 1659 4490 προαίρεσιν
1711 4421 1803 4473 τοῦ

236 4502 603 4570 Μαρδοχαίου,
654 4501 834 4573 ἐζήτει
869 4506 1033 4573 τιμὴν
1067 4505 1224 4570 ἀξίαν
1255 4506 1331 4573 τῷ
1375 4506 1595 4572 τοιούτῳ
1627 4524 1804 4577 παρα-

237 4591 403 4655 σχεῖν.
437 4589 522 4649 Ὠς
548 4589 603 4640 δὲ
620 4589 833 4657 εἰσῆλθε
863 4590 1007 4659 πρωῒ
1034 4592 1168 4660 πρὸς
1201 4592 1359 4643 αὑτὸν
1376 4591 1403 4641 6
1433 4592 1621 4661 Ἀμάν,
1646 4594 1805 4644 ἐπυν-

237 4678 428 4729 θάνετο
460 4676 604 4748 [564]
630 4681 657 4731 6
690 4679 938 4747 βασιλεὺς
988 4680 1148 4732 αὑτοῦ
1173 4724 1184 4741 ,
1223 4681 1409 4743 όποίας
1448 4683 1539 4733 καὶ
1568 4682 1803 4751 πηλίκης

234 4764 400 4831 τιμῆς
434 4762 581 4825 ἄξιός
609 4766 755 4817 ἐστιν
797 4769 825 4819 ό
866 4766 954 4819 τὸν
984 4767 1203 4835 βασιλέα
1236 4768 1618 4837 εὐεργετήσας.
1662 4770 1718 4821 '0
1749 4770 1804 4821 δὲ

248 4849 422 4917 Ἀμάν
445 4850 680 4916 νομίζων
708 4853 835 4923 περὶ
853 4852 1015 4904 αὐτοῦ
1041 4852 1404 4906 πυνθάνεσθαι
1436 4854 1525 4905 τὸν
1562 4854 1800 4923 βασιλέα,

235 4934 387 4990 εἶπεν
416 4937 562 5001 ἀξιον
596 4934 730 4990 εἶναι
778 4941 868 4991 τὸν
898 4940 1137 4993 τοιοῦτον
1173 4941 1420 5012 δεύτερον
1452 4942 1675 5009 βασιλέα
1707 4962 1805 4995 κα-

236 5024 463 5076 λεῖσθαι.
506 5024 562 5074 ὐ
599 5022 695 5092 μὲν
720 5019 811 5075 οῦν
840 5024 1088 5091 βασιλεὺς
1114 5028 1321 5079 κελεύει
1350 5027 1438 5079 τὸν
1468 5029 1803 5097 Μαρδοχαῖον

236 5114 338 5180 τῆς
370 5109 627 5177 τοιαύτης
677 5109 969 5178 ἀξιωθῆναι
1008 5113 1189 5181 τιμῆς,
1229 5115 1321 5165 καὶ
1365 5114 1454 5164 τὸν
1497 5114 1664 5181 Ἀμάν
1703 5114 1772 5181 έμ

238 5199 476 5269 προσθεν
507 5198 669 5250 αὐτοῦ
711 5202 1049 5267 περιπατεῖν.
1102 5201 1167 5251 Ἡ
1214 5201 1271 5251 δέ
1309 5201 1506 5270 Ἐσθὴρ
1536 5203 1802 5272 πρόφασιν

238 5286 494 5355 εὑροῦσα,
526 5284 721 5353 ἠξίωσε
752 5286 876 5353 περὶ
910 5285 1015 5336 τῶν
1058 5286 1342 5339 Ἰουδαίων.
1370 5284 1499 5339 Εἶτα
1529 5288 1620 5339 τοῦ
1654 5289 1803 5356 βασι-

238 5373 375 5433 λέως
409 5370 738 5439 λυπηθέντος
770 5371 861 5421 ἐπὶ
888 5369 964 5438 τῷ
993 5372 1289 5441 παρανόμῳ
1311 5374 1690 5443 προστάγματι
1727 5372 1803 5440 τῷ

238 5458 382 5510 κατά
403 5457 512 5509 τῶν
545 5456 824 5515 Ἰουδαίων,
852 5457 943 5507 καὶ
971 5455 1313 5522 ὀργισθέντος
1329 5458 1465 5509 κατά
1486 5458 1578 5509 τοῦ
1611 5458 1799 5526 Ἀμαν,

238 5543 399 5604 αὐτὸς
424 5544 453 5594 6
499 5542 667 5611 Ἀμάν
704 5540 997 5610 παρεκάλει
1042 5540 1137 5609 τὴν
1178 5542 1376 5612 Ἐσθὴρ
1399 5586 1412 5609 ,
1454 5545 1679 5606 ἀπόντος
1710 5545 1801 5597 τοῦ

301 5706 328 5734 ⁸
355 5705 567 5766 Ιόίρσωη
590 5703 797 5753 habetur
830 5704 877 5751 in
903 5704 1052 5751 altera
1078 5702 1301 5763 Synepsi.

1304 356 1630 413 SYNOPSIS
1658 354 2065 414 SCRIPTURE
2106 354 2375 411 SACRE.

3387 352 3500 411 360

1943 470 2219 538 βασιλέως,
2248 471 2558 525 ἐπικύπτων
2591 467 2680 518 καλ⁵
2709 465 3019 535 προσκυνῶν
3050 464 3115 515 τα
3152 464 3347 530 γόνατα
3396 463 3487 513 αὖ·

1934 558 2054 625 τῆς.
2100 558 2156 607 ὐ
2182 558 2235 609 δέ
2265 556 2511 625 βασιλεὺς
2545 556 2637 606 καὶ
2684 553 2941 624 ἑωρακὼς
2980 553 3068 604 τὸν
3113 552 3281 620 mm
3321 550 3483 601 απτό-

1937 659 2094 711 μενον
2118 642 2225 694 τῶν
2256 642 2412 711 ἰχνῶν
2442 642 2541 710 τῆς
2568 641 2899 709 βασιλίσσης,
2930 639 3227 707 ὑπονοήσας
3255 634 3492 704 αἰσχρῶς

1932 728 2091 779 αὐτὸν
2120 728 2272 779 τοῦτο
2304 731 2494 791 ποιεῖν,
2525 728 2805 778 ἐκέλευσεν
2846 726 3006 779 αὑτὸν
3056 725 3154 793 μὲν
3194 722 3282 774 τὸν
3322 720 3492 789 Ἀμάν

1933 817 2011 875 εἰς
2044 816 2103 866 τὸ
2133 815 2305 879 ξύλον,
2334 817 2469 883 ὅπερ
2496 811 2562 883 ἦν
2592 815 2878 883 ἑτοιμάσας
2898 813 2975 881 τῷ
2998 809 3343 880 Μαρδοχαίῳ,
3374 824 3493 874 κρεο

1935 901 2224 968 μασθῆναι·
2258 901 2455 969 γράφει
2500 901 2555 951 δέ
2588 900 2765 951 ἄνεσιν
2800 899 2895 967 μέν
2934 898 3075 966 ἔχειν
3125 896 3327 956 πάντας
3368 894 3493 953 τοὺς

1945 986 2245 1047 Ἰουδαίους,
2271 988 2396 1047 τοὺς
2434 986 2489 1036 δὲ
2525 986 2750 1054 ἐχθροὺς
2785 983 2962 1035 αὐτῶν
2988 980 3335 1049 ἀναιρεθῆναι
3362 978 3490 1046 παρ’

1930 1070 2123 1123 αὐτῶν.
2181 1072 2286 1123 Kal
2327 1071 2376 1121 οί
2424 1071 2521 1139 μὲν
2547 1070 2918 1139 ἀναιρεθέντες
2946 1068 3051 1119 εἰσὶ
3083 1066 3260 1135 μύριοι
3299 1081 3493 1116 πεντα-

1931 1156 2203 1225 κισχίλιοι.
2245 1156 2437 1222 Γέγονε
2460 1155 2514 1206 δὲ
2542 1156 2700 1224 ἑορτὴ
2732 1159 2798 1225 τῇ
2833 1155 2893 1205 ιδ’
2926 1154 3016 1205 καὶ
3049 1152 3110 1203 ιε’
3172 1154 3230 1202 ἐν
3259 1150 3333 1217 τῷ
3364 1151 3492 1218 μηνὶ

1929 1242 2005 1309 τῷ
2033 1241 2333 1309 δωδεκάτῳ,
2374 1242 2520 1301 ὅστις
2576 1240 2820 1291 καλεῖται
2854 1237 3042 1306 Ἀδαρ.
3086 1237 3355 1289 Καλεῖται-
3378 1236 3431 1286 δὲ
3458 1236 3490 1302 ή

1929 1326 2107 1395 ἡμέρα
2160 1326 2295 1395 αῦτη
2347 1330 2412 1394 τῇ
2464 1326 2568 1394 ἰδίᾳ
2608 1326 2872 1393 διαλέκτῳ
2925 1324 3102 1375 αὐτῶν
3149 1322 3344 1390 Φουρά.
3394 1323 3490 1371 Διά

1927 1412 2080 1463 τοῦτο
2113 1412 2250 1464 κατά
2282 1412 2378 1480 τὴν
2406 1412 2616 1481 ἡμέραν
2656 1412 2857 1479 ταύτην
2897 1411 3137 1463 καίουσιν
3168 1412 3214 1461 οἰ
3254 1409 3489 1460 Ἰουδαῖοι

1926 1500 2015 1552 τὸν
2058 1499 2250 1567 Ἀμάν,
2281 1500 2373 1552 καὶ
2424 1500 2771 1569 ἑορτάζουσι,
2812 1498 3151 1567 μνημόσυνον
3192 1493 3354 1548 οὖσαν
3393 1495 3489 1563 τῆς

1928 1585 2199 1654 σωτηρίας
2224 1585 2419 1638 αὐτῶν.
2444 1585 2551 1637 Kal
2573 1588 2630 1638 ἐν
2645 1584 2850 1647 τούτοις
2876 1584 3025 1641 τέλος
3052 1584 3164 1651 ἔχει
3190 1583 3249 1633 τὸ
3269 1580 3487 1646 βιϐλίον.

2488 1694 2667 1762 Τωϐἰτ
2687 1709 2951 1772 βιϐλίον.

1994 1813 2170 1865 Τωϐ¹ιτ
2200 1814 2442 1867 καλεῖται
2470 1814 2528 1865 τὸ
2562 1813 2783 1882 βιϐλίον,
2819 1812 3004 1881 ἐπειδὴ
3031 1811 3128 1881 τὴν
3170 1813 3297 1879 περί
3323 1811 3486 1862 αὑτοῦ

1924 1896 2016 1948 τοῦ
2042 1898 2219 1950 Τωϐὶτ
2260 1900 2495 1967 ἱστορίαν
2526 1899 2786 1968 περιέχει.
2834 1899 2990 1950 Ἔστι
3036 1898 3091 1951 δέ
3120 1899 3146 1949 ό
3176 1897 3352 1949 Τωϐὶτ
3382 1897 3490 1949 ἀπὸ

1928 1983 2025 2051 μὲν
2055 1983 2226 2050 φυλῆς
2252 1984 2585 2052 Νεφθαλεὶμ,
2612 1984 2801 2050 γέγονε
2829 1984 2884 2036 δέ
2920 1986 2977 2035 ἐν
3012 1986 3078 2052 τῇ
3121 1982 3487 2052 αἰχμαλωσίᾳ,

1924 2069 2017 2119 καὶ
2043 2056 2109 2137 ἦν
2144 2070 2199 2119 ἐν
2226 2072 2289 2137 τῇ
2328 2068 2515 2120 Νινευῖ
2546 2070 2790 2139 ἐλεήμων
2820 2070 2913 2121 καὶ
2944 2070 3217 2140 θεοσεϐής.
3251 2068 3357 2121 Καὶ
3382 2068 3489 2139 γὰρ

1923 2155 1983 2206 ἐν
2010 2156 2074 2222 τῇ
2105 2154 2449 2224 αἰχμαλωσίᾳ
2482 2155 2785 2223 γενόμενος,
2810 2156 2909 2205 οὐκ
2940 2153 3091 2223 ήσθιε
3122 2154 3295 2206 κοινὸν
3325 2154 3489 2225 ἀρτον

1922 2239 2029 2290 ἀπὸ
2054 2239 2159 2290 τῶν
2183 2239 2370 2297 ἐθνῶν,
2402 2239 2515 2291 ἀλλ’
2546 2239 2732 2291 ἑαυτὸν
2782 2242 3131 2308 συνετήρησε.
3163 2236 3271 2292 Ἶῐν
3307 2241 3361 2292 δέ
3395 2242 3489 2293 καὶ

1921 2326 2227 2394 ἀγοραστὴς
2251 2325 2344 2376 τοῦ
2380 2326 2638 2393 βασιλέως
2679 2326 3069 2393 Ἐνεμασάρου,
3102 2326 3194 2377 καὶ
3227 2326 3499 2395 παρέθετο.

1921 2414 1976 2463 ἐν
2012 2416 2074 2480 τῇ
2108 2412 2315 2481 Μηδείᾳ
2346 2412 2384 2461 Γ
2388 2412 2558 2480 αϐαὴλ
2584 2412 2815 2462 τάλαντα
2840 2418 2889 2464 ι’.
2937 2407 3104 2473 Οὗτος
3137 2409 3229 2464 οὖν
3256 2414 3283 2464 6
3310 2414 3485 2465 Τωϐὶτ

1922 2497 2153 2562 σπουδὴν
2178 2493 2286 2565 εἶχε
2313 2497 2536 2551 θάπτειν
2570 2498 2695 2559 τοὺς
2726 2497 3169 2565 ἀποθνήσκοντας
3214 2499 3321 2549 τῶν
3360 2499 3499 2550 Ἴου--

1918 2583 2098 2634 δαίων.
2132 2583 2447 2650 Διαϐληθεὶς
2470 2584 2524 2634 δὲ
2542 2583 2615 2651 τῷ
2634 2583 2841 2652 βασιλεῖ
2878 2584 3146 2653 Ἀχειρὴλ,
3174 2584 3361 2651 ἐψυγε.
3379 2585 3487 2636 Kal

1920 2668 2247 2732 ἐπανελθὼν,
2283 2672 2374 2722 καὶ
2403 2670 2576 2738 θάψας
2625 2670 2745 2723 τινά
2778 2670 2882 2721 τῶν
2918 2670 3313 2733 ἀποθανόντων,
3347 2671 3487 2721 ἐκοι-

1923 2755 2067 2823 μήθη
2096 2756 2196 2819 ἐξω
2229 2755 2319 2809 τοῦ
2363 2758 2591 2825 τείχους,
2644 2756 2739 2807 καὶ
2785 2756 2860 2817 ώς
2916 2756 3074 2808 εῖωθε
3126 2758 3483 2825 κοιμώμενος,

1919 2842 2290 2910 ἀνεῳγμένους
2314 2838 2423 2911 εἶχε
2447 2846 2568 2906 τοὺς
2594 2842 2924 2912 ὀφθαλμοὺς,
2958 2843 3249 2913 στρουθίων
3274 2844 3328 2895 δέ
3351 2845 3483 2911 ἀφο-

1918 2929 2219 2981 δευσάντων
2252 2931 2456 2982 ἀνωθεν
2478 2933 2555 2992 είς
2581 2931 2707 2991 τοὺς
2731 2930 3039 2999 ὀφθαλμοὺς
3070 2930 3253 2994 αὑτοῦ,
3282 2930 3485 2982 λευκώ-

1922 3033 2064 3083 ματα
2094 3016 2239 3084 ἔσχε,
2272 3016 2364 3068 καὶ
2402 3016 2581 3068 οὐκέτι
2611 3015 2857 3069 ἔϐλεπεν.
2901 3012 3009 3068 Ἦν
3055 3016 3110 3068 δέ
3139 3018 3231 3069 καὶ
3262 3019 3316 3068 ἐν
3360 3018 3481 3068 Ἐκ-

1918 3101 2165 3162 ϐατάνοις
2221 3102 2463 3171 θυγάτηρ
2517 3102 2609 3154 τοῦ
2668 3102 2933 3171 Ῥαγουὴλ
2984 3103 3275 3170 συγγενοῦς
3319 3103 3491 3156 αὐτοῦ.

1917 3186 2099 3256 Σάρρα
2138 3187 2378 3255 ὀνόματι.
2400 3186 2614 3256 Ταύτην
2640 3188 2947 3257 γαμηθῆναι
2989 3190 3087 3241 οὐκ
3134 3190 3429 3259 ἐπέτρεπεν
3455 3193 3486 3242 ό

1915 3270 2121 3339 δαίμων
2167 3271 2479 3340 Ἀσμοδαῖος
2499 3289 2513 3303 ⁸
2545 3272 2683 3325 ἑπτὰ
2713 3273 2840 3339 γοῦν
2872 3272 2996 3342 ἑξῆς
3024 3274 3281 3337 λαϐόντας
3316 3276 3481 3346 αὐτὴν

1916 3358 2197 3410 ἀπέκτεινε
2232 3363 2247 3380 ‘
2280 3357 2397 3428 [καὶ
2416 3360 2556 3412 πάνυ
2577 3358 2899 3429 λυπηθεῖσα·
2923 3362 3061 3413 ἐπτά
3090 3362 3198 3433 γὰρ
3226 3362 3479 3426 λαϐόντας

1917 3443 2043 3512 ἑξῆς
2074 3446 2241 3515 αὐτὴν
2269 3446 2599 3517 ἀπέκτεινε].
2634 3448 2741 3499 Kal
2784 3448 2922 3500 πάνυ
2958 3448 3255 3518 λυπηθεῖσα
3285 3453 3317 3519 ή
3355 3453 3479 3514 παῖς

1915 3532 2135 3600 ηῦξατο·
2168 3535 2262 3586 καὶ
2292 3535 2609 3588 ἀπέστειλεν
2639 3537 2772 3606 αὑτῇ
2804 3536 2993 3605 βοηθὸν
3023 3540 3049 3588 6
3070 3538 3199 3600 Θεὸς
3232 3539 3321 3591 τὸν
3344 3540 3477 3609 ἀρχ-

1916 3618 2141 3685 άγγελον
2195 3620 2456 3690 Ῥαφαήλ.
2536 3622 2595 3673 'U
2647 3622 2824 3673 τοίνυν
2875 3622 3052 3674 Τωϐὶτ
3111 3626 3479 3693 παραγγείλας

1915 3704 1993 3772 τῷ
2028 3704 2128 3773 υἱῷ
2153 3706 2314 3757 αὐτοῦ
2339 3707 2521 3777 Τωϐία
2565 3707 2638 3776 μὴ
2675 3708 2855 3760 λαϐεῖν
2890 3708 3183 3778 ἀλλαχόθεν
3227 3715 3475 3778 γυναῖκα,

1916 3792 1965 3841 εί
2000 3790 2072 3860 μὴ
2105 3793 2168 3842 ἐκ
2192 3792 2285 3859 τῆς
2317 3792 2490 3862 φυλῆς
2534 3794 2697 3845 αὑτοῦ
2742 3795 2836 3845 καὶ
2880 3795 2974 3847 τοῦ
3012 3797 3233 3862 γένους,
3268 3797 3477 3849 δίδωσιν

1916 3876 2062 3944 αὐτῷ
2094 3876 2152 3927 τὸ
2178 3878 2538 3946 χειρόγραφον
2573 3879 2679 3931 τῶν
2702 3879 2831 3931 δέκα
2857 3881 3151 3943 ταλάντων,
3180 3883 3273 3933 καὶ
3296 3883 3474 3934 ἐντέλ-

1915 3961 2063 4013 λεται
2112 3962 2257 4029 αὐτῴ
2306 3962 2558 4014 ἀπελθεῖν
2594 3965 2685 4015 καὶ
2731 3966 3051 4033 ἀπαιτῆσαι.
3093 3967 3321 4033 Ἀγνοῶν
3362 3968 3415 4020 δὲ
3450 3973 3478 4020 ό

1916 4049 2043 4107 παῖς
2077 4048 2175 4115 τὴν
2231 4048 2345 4099 ὁδὸν
2379 4046 2527 4118 [365]
2570 4051 2663 4101 καὶ
2716 4051 2806 4101 τὸν
2850 4050 3151 4121 ἄνθρωπον,
3199 4054 3475 4123 ἐξέρχεται

1917 4131 2148 4201 ζητῆσαι
2186 4133 2579 4203 συνοδοιπόρον.
2608 4136 2761 4187 Κατὰ
2787 4136 2921 4189 Θεοῦ
2962 4140 3215 4209 πρόνοιαν
3238 4140 3483 4210 εὑρίσκει

1912 4218 2005 4270 τὸν
2052 4218 2312 4287 Ῥαφαὴλ,
2340 4220 2413 4281 ὡς
2443 4220 2725 4291 ἄνθρωπον
2754 4224 2959 4277 ἑστῶτα
2981 4225 3104 4289 ἔξω,
3136 4228 3228 4278 καὶ
3258 4227 3476 4296 μισθοῦ-

1912 4322 2001 4356 ται
2034 4305 2195 4356 αὑτὸν
2231 4304 2456 4371 λέγοντα
2485 4308 2680 4361 εἰδέναι
2720 4310 2817 4378 τὴν
2851 4310 2986 4363 ὁδόν.
3014 4316 3027 4332 ⁶
3062 4312 3191 4382 [Kal
3211 4316 3473 4367 συνοδεύει

1913 4390 2055 4460 αὑτῷ
2071 4394 2097 4443 ό
2120 4390 2343 4459 ἄγγελος
2363 4393 2437 4455 ὠς
2453 4394 2732 4464 ἄνθρωπον
2749 4396 2969 4463 λέγοντα
2990 4399 3181 4450 εἰδέναι
3198 4402 3294 4468 τὴν
3313 4400 3471 4469 ὁδόν.]

1914 4478 2021 4528 Καὶ
2056 4477 2322 4529 συνοδεύει
2376 4479 2575 4547 αὑτῷό
2603 4482 2937 4548 ἀρχάγγελος
2981 4484 3217 4553 Ῥαφαὴλ
3265 4485 3338 4547 ὡς
3382 4488 3473 4539 ἀν-

1914 4563 2125 4631 θρωπος
2158 4564 2444 4632 λεγόμενος
2489 4564 2759 4635 Ἀζαρίας.
2800 4567 3087 4621 Ἐλθόντων
3113 4570 3166 4622 δὲ
3202 4571 3472 4635 αὐτῶνείς

1911 4651 2000 4702 τὸν
2052 4651 2254 4721 Τίγρην
2308 4652 2570 4721 ποταμὸν,
2634 4655 2895 4723 ἠθέλησεν
2947 4659 2974 4709 6
3004 4661 3127 4720 παῖς
3182 4661 3260 4720 εἰς
3313 4661 3471 4711 αὑτὸν

1912 4736 2213 4806 καταϐῆναι
2243 4738 2335 4788 καὶ
2363 4737 2683 4801 λούσασθαι,
2736 4743 2827 4792 καὶ
2873 4742 3032 4804 εὐθὺς
3080 4744 3229 4812 ἰχθὺς
3262 4746 3470 4815 ἐπεπή-

1911 4823 2039 4890 δησε
2065 4823 2143 4892 τῷ
2170 4822 2436 4892 παιδαρίῳ
2470 4825 2655 4892 μέγας.
2702 4826 2758 4878 Ὀ
2790 4827 2844 4878 δέ
2876 4827 3101 4895 ἄγγελος
3142 4825 3291 4883 εἶπεν
3324 4833 3471 4900 αὐτῷ

1913 4909 2260 4961 ἐπιλαϐέσθαι
2290 4909 2379 4961 τοῦ
2420 4909 2598 4977 ἰχθύος
2630 4912 2723 4962 καὶ
2758 4915 2941 4981 τεμεῖν
2980 4914 3141 4968 αὑτὸν
3170 4918 3261 4969 καὶ
3290 4917 3471 4969 λαϐεῖν

1912 4995 1969 5045 τό
1992 5011 2050 5045 τε
2076 4989 2226 5063 ἧπαρ
2250 4995 2344 5046 καὶ
2366 4996 2463 5063 τὴν
2495 4996 2717 5065 καρδίαν
2743 4997 2905 5050 αὑτοῦ
2932 5000 3025 5051 καὶ
3051 5002 3146 5070 τὴν
3173 5002 3353 5072 χολὴν,
3380 5007 3471 5055 καὶ

1910 5078 2081 5130 ταῦτα
2120 5081 2322 5149 τηρεῖν.
2362 5076 2495 5132 Εἶτα
2524 5081 2922 5151 πυνθανομένου
2968 5084 3061 5137 τοῦ
3117 5088 3337 5149 παιδὸς,
3392 5092 3471 5149 εἰς

1909 5166 1961 5215 τί
1991 5169 2231 5235 χρήσιμα
2262 5164 2452 5229 ταῦτα,
2478 5166 2682 5229 ἐκεῖνος
2718 5167 2839 5237 ἔφη·
2871 5169 2943 5221 Τὸ
2975 5166 3127 5240 ἧπαρ
3155 5173 3301 5241 καὶὴ
3332 5191 3468 5242 καρ-

1910 5250 1996 5301 δία
2024 5249 2343 5319 θυμιώμενα
2366 5250 2545 5315 διώξει
2589 5255 2681 5305 τὸν
2710 5254 2954 5323 δαίμονα·
2984 5258 3016 5325 ή
3048 5256 3103 5308 δὲ
3142 5258 3268 5328 χολὴ
3298 5260 3466 5311 καθα-

1914 5338 2051 5406 ρίσει
2076 5338 2143 5390 τά
2170 5338 2516 5407 λευκώματσ..
2562 5341 2618 5393 '0
2663 5342 2759 5410 μὲν
2783 5338 2873 5395 οῦν
2899 5346 3025 5405 παῖς
3064 5346 3356 5415 συμϐουλίᾳ
3378 5348 3467 5399 καὶ

1912 5424 2167 5493 συνεργίᾳ
2201 5423 2296 5474 τοῦ
2342 5425 2573 5491 ἀγγέλου
2622 5425 2887 5495 λαμϐάνει
2923 5429 3019 5499 τὴν
3068 5430 3159 5483 τοῦ
3204 5431 3469 5501 Ῥαγουὴλ

1911 5509 2181 5579 θυγατέρα
2210 5509 2307 5579 τὴν
2330 5512 2543 5580 Σάρραν
2591 5516 2854 5579 γυναῖκα,
2888 5515 3197 5585 διωχθέντος
3239 5519 3329 5570 τοῦ
3356 5518 3470 5571 6am-

1972 5649 1999 5687 ιτ
2030 5649 2108 5697 Sic
2129 5650 2231 5698 fere
2256 5653 2406 5699 altera
2429 5652 2679 5713 Synopsis.

1978 5716 1993 5731 '
2014 5713 2127 5768 Quae
2150 5713 2335 5760 uncinis
2356 5715 2638 5763 inclusimus
2656 5718 2852 5765 omnino
2863 5716 3103 5778 ejicienda
3121 5718 3360 5768 videntur.
3385 5721 3467 5772 lin.
