  <div class='ocr_page' id='page_1' title='image "/cluster/home/n/w/nwhite01/storage/ocr_20150623/56/ien.35556001660836/359.png"; bbox 0 0 3996 6426; ppageno 0'>
   <div class='ocr_carea' id='block_1_1' title="bbox 533 368 640 422">
    <p class='ocr_par' dir='ltr' id='par_1_1' title="bbox 533 368 640 422">
     <span class='ocr_line' id='line_1_1' title="bbox 533 368 640 422; baseline 0 0"><span class='ocrx_word' id='word_1_1' title='bbox 533 368 640 422; x_wconf 80' lang='lat'>361</span> 
     </span>
    </p>
   </div>
   <div class='ocr_carea' id='block_1_2' title="bbox 532 471 2091 549">
    <p class='ocr_par' dir='ltr' id='par_1_2' title="bbox 532 471 2091 549">
     <span class='ocr_line' id='line_1_2' title="bbox 532 471 2091 549; baseline 0.007 -23"><span class='ocrx_word' id='word_1_2' title='bbox 532 471 716 545; x_wconf 89' lang='grc' dir='ltr'>μονίου</span> <span class='ocrx_word' id='word_1_3' title='bbox 752 474 807 524; x_wconf 88' lang='grc' dir='ltr'>ἐν</span> <span class='ocrx_word' id='word_1_4' title='bbox 831 473 905 542; x_wconf 84' lang='grc' dir='ltr'>τῷ</span> <span class='ocrx_word' id='word_1_5' title='bbox 939 474 1241 546; x_wconf 86' lang='grc' dir='ltr'>θυμιάματι</span> <span class='ocrx_word' id='word_1_6' title='bbox 1281 479 1473 549; x_wconf 85' lang='grc' dir='ltr'>τούτῳ,</span> <span class='ocrx_word' id='word_1_7' title='bbox 1516 483 1604 534; x_wconf 80' lang='grc' dir='ltr'>καὶ</span> <span class='ocrx_word' id='word_1_8' title='bbox 1647 483 1888 546; x_wconf 80' lang='grc' dir='ltr'>δεθέντος</span> <span class='ocrx_word' id='word_1_9' title='bbox 1916 486 1994 548; x_wconf 90' lang='grc' dir='ltr'>εἰς</span> <span class='ocrx_word' id='word_1_10' title='bbox 2024 486 2091 537; x_wconf 79' lang='grc' dir='ltr'>τά</span> 
     </span>
    </p>
   </div>
   <div class='ocr_carea' id='block_1_3' title="bbox 531 558 2091 634">
    <p class='ocr_par' dir='ltr' id='par_1_3' title="bbox 531 558 2091 634">
     <span class='ocr_line' id='line_1_3' title="bbox 531 558 2091 634; baseline 0.005 -20"><span class='ocrx_word' id='word_1_11' title='bbox 531 558 776 626; x_wconf 79' lang='grc' dir='ltr'>ἀνώτερα</span> <span class='ocrx_word' id='word_1_12' title='bbox 814 560 951 630; x_wconf 91' lang='grc' dir='ltr'>μέρη</span> <span class='ocrx_word' id='word_1_13' title='bbox 979 561 1253 629; x_wconf 75' lang='grc' dir='ltr'>Αἰγύπτου</span> <span class='ocrx_word' id='word_1_14' title='bbox 1310 565 1414 618; x_wconf 84' lang='grc' dir='ltr'>ὑπὸ</span> <span class='ocrx_word' id='word_1_15' title='bbox 1465 567 1556 618; x_wconf 79' lang='grc' dir='ltr'>τοῦ</span> <span class='ocrx_word' id='word_1_16' title='bbox 1590 568 1837 634; x_wconf 75' lang='grc' dir='ltr'>ἀγγέλου.</span> <span class='ocrx_word' id='word_1_17' title='bbox 1885 570 2091 632; x_wconf 80' lang='grc' dir='ltr'>Μείνας</span> 
     </span>
    </p>
   </div>
   <div class='ocr_carea' id='block_1_4' title="bbox 531 644 2092 714">
    <p class='ocr_par' dir='ltr' id='par_1_4' title="bbox 531 644 2092 714">
     <span class='ocr_line' id='line_1_4' title="bbox 531 644 2092 714; baseline 0.006 -17"><span class='ocrx_word' id='word_1_18' title='bbox 531 644 588 697; x_wconf 69' lang='grc' dir='ltr'>δέ</span> <span class='ocrx_word' id='word_1_19' title='bbox 630 645 765 714; x_wconf 81' lang='grc' dir='ltr'>μετὰ</span> <span class='ocrx_word' id='word_1_20' title='bbox 814 646 913 714; x_wconf 67' lang='grc' dir='ltr'>τῆς</span> <span class='ocrx_word' id='word_1_21' title='bbox 967 649 1220 714; x_wconf 86' lang='grc' dir='ltr'>γυναικὸς</span> <span class='ocrx_word' id='word_1_22' title='bbox 1274 651 1302 703; x_wconf 84' lang='grc' dir='ltr'>ό</span> <span class='ocrx_word' id='word_1_23' title='bbox 1355 651 1587 713; x_wconf 87' lang='grc' dir='ltr'>Τωϐίας,</span> <span class='ocrx_word' id='word_1_24' title='bbox 1637 653 1950 704; x_wconf 87' lang='grc' dir='ltr'>ἀποστέλλει</span> <span class='ocrx_word' id='word_1_25' title='bbox 1999 655 2092 707; x_wconf 84' lang='grc' dir='ltr'>τὸν</span> 
     </span>
    </p>
   </div>
   <div class='ocr_carea' id='block_1_5' title="bbox 547 732 2091 808">
    <p class='ocr_par' dir='ltr' id='par_1_5' title="bbox 547 732 2091 808">
     <span class='ocr_line' id='line_1_5' title="bbox 547 732 2091 808; baseline 0.006 -25"><span class='ocrx_word' id='word_1_26' title='bbox 547 732 816 801; x_wconf 80' lang='grc' dir='ltr'>’Δζαρίαν,</span> <span class='ocrx_word' id='word_1_27' title='bbox 851 732 928 794; x_wconf 90' lang='grc' dir='ltr'>ώς</span> <span class='ocrx_word' id='word_1_28' title='bbox 974 733 1253 803; x_wconf 77' lang='grc' dir='ltr'>ἄνθρωπον</span> <span class='ocrx_word' id='word_1_29' title='bbox 1290 736 1449 797; x_wconf 76' lang='grc' dir='ltr'>ὄντα,</span> <span class='ocrx_word' id='word_1_30' title='bbox 1486 738 1564 798; x_wconf 91' lang='grc' dir='ltr'>εἰς</span> <span class='ocrx_word' id='word_1_31' title='bbox 1595 737 1694 806; x_wconf 85' lang='grc' dir='ltr'>τὴν</span> <span class='ocrx_word' id='word_1_32' title='bbox 1735 738 1966 808; x_wconf 88' lang='grc' dir='ltr'>Μηδίαν,</span> <span class='ocrx_word' id='word_1_33' title='bbox 1997 741 2091 793; x_wconf 78' lang='grc' dir='ltr'>καὶ</span> 
     </span>
    </p>
   </div>
   <div class='ocr_carea' id='block_1_6' title="bbox 533 820 2089 898">
    <p class='ocr_par' dir='ltr' id='par_1_6' title="bbox 533 820 2089 898">
     <span class='ocr_line' id='line_1_6' title="bbox 533 820 2089 898; baseline 0.004 -26"><span class='ocrx_word' id='word_1_34' title='bbox 533 820 837 889; x_wconf 77' lang='grc' dir='ltr'>ἀπαιτήσας</span> <span class='ocrx_word' id='word_1_35' title='bbox 863 820 1069 883; x_wconf 84' lang='grc' dir='ltr'>ἐκεῖνος</span> <span class='ocrx_word' id='word_1_36' title='bbox 1091 821 1158 874; x_wconf 90' lang='grc' dir='ltr'>τά</span> <span class='ocrx_word' id='word_1_37' title='bbox 1186 822 1316 875; x_wconf 85' lang='grc' dir='ltr'>δέκα</span> <span class='ocrx_word' id='word_1_38' title='bbox 1351 823 1582 877; x_wconf 88' lang='grc' dir='ltr'>τάλαντα</span> <span class='ocrx_word' id='word_1_39' title='bbox 1619 825 1920 898; x_wconf 73' lang='grc' dir='ltr'>ὑπέστρεψε</span> <span class='ocrx_word' id='word_1_40' title='bbox 1953 827 2089 896; x_wconf 88' lang='grc' dir='ltr'>μετά</span> 
     </span>
    </p>
   </div>
   <div class='ocr_carea' id='block_1_7' title="bbox 531 905 2085 982">
    <p class='ocr_par' dir='ltr' id='par_1_7' title="bbox 531 905 2085 982">
     <span class='ocr_line' id='line_1_7' title="bbox 531 905 2085 982; baseline 0.006 -26"><span class='ocrx_word' id='word_1_41' title='bbox 531 905 632 974; x_wconf 88' lang='grc' dir='ltr'>τῆς</span> <span class='ocrx_word' id='word_1_42' title='bbox 661 906 911 972; x_wconf 84' lang='grc' dir='ltr'>γυναικὸς</span> <span class='ocrx_word' id='word_1_43' title='bbox 928 907 1022 960; x_wconf 64' lang='grc' dir='ltr'>κα)⁵</span> <span class='ocrx_word' id='word_1_44' title='bbox 1050 908 1212 961; x_wconf 86' lang='grc' dir='ltr'>αὑτοῦ</span> <span class='ocrx_word' id='word_1_45' title='bbox 1227 909 1318 962; x_wconf 89' lang='grc' dir='ltr'>τοῦ</span> <span class='ocrx_word' id='word_1_46' title='bbox 1343 910 1570 977; x_wconf 82' lang='grc' dir='ltr'>ἀγγέλου</span> <span class='ocrx_word' id='word_1_47' title='bbox 1591 910 1725 980; x_wconf 84' lang='grc' dir='ltr'>πρὸς</span> <span class='ocrx_word' id='word_1_48' title='bbox 1743 912 1834 963; x_wconf 82' lang='grc' dir='ltr'>τὸν</span> <span class='ocrx_word' id='word_1_49' title='bbox 1858 913 2085 982; x_wconf 82' lang='grc' dir='ltr'>πατέρα.</span> 
     </span>
    </p>
   </div>
   <div class='ocr_carea' id='block_1_8' title="bbox 544 991 2091 1067">
    <p class='ocr_par' dir='ltr' id='par_1_8' title="bbox 544 991 2091 1067">
     <span class='ocr_line' id='line_1_8' title="bbox 544 991 2091 1067; baseline 0.005 -25"><span class='ocrx_word' id='word_1_50' title='bbox 544 991 914 1061; x_wconf 85' lang='grc' dir='ltr'>Ὑποστρέψας</span> <span class='ocrx_word' id='word_1_51' title='bbox 944 993 1000 1046; x_wconf 81' lang='grc' dir='ltr'>δὲ</span> <span class='ocrx_word' id='word_1_52' title='bbox 1026 995 1054 1046; x_wconf 85' lang='grc' dir='ltr'><strong>ὁ</strong></span> <span class='ocrx_word' id='word_1_53' title='bbox 1087 997 1232 1056; x_wconf 89' lang='grc' dir='ltr'>παῖς,</span> <span class='ocrx_word' id='word_1_54' title='bbox 1278 996 1483 1066; x_wconf 88' lang='grc' dir='ltr'>ἐγχρίει</span> <span class='ocrx_word' id='word_1_55' title='bbox 1520 1000 1585 1065; x_wconf 83' lang='grc' dir='ltr'>τῇ</span> <span class='ocrx_word' id='word_1_56' title='bbox 1616 997 1741 1066; x_wconf 87' lang='grc' dir='ltr'>χολῇ</span> <span class='ocrx_word' id='word_1_57' title='bbox 1779 997 1872 1049; x_wconf 88' lang='grc' dir='ltr'>τοῦ</span> <span class='ocrx_word' id='word_1_58' title='bbox 1911 997 2091 1067; x_wconf 91' lang='grc' dir='ltr'>ἱχθύος</span> 
     </span>
    </p>
   </div>
   <div class='ocr_carea' id='block_1_9' title="bbox 531 1077 2088 1149">
    <p class='ocr_par' dir='ltr' id='par_1_9' title="bbox 531 1077 2088 1149">
     <span class='ocr_line' id='line_1_9' title="bbox 531 1077 2088 1149; baseline 0.003 -21"><span class='ocrx_word' id='word_1_59' title='bbox 531 1077 657 1139; x_wconf 78' lang='grc' dir='ltr'>τοὺς</span> <span class='ocrx_word' id='word_1_60' title='bbox 710 1077 1018 1148; x_wconf 81' lang='grc' dir='ltr'>ὀφθαλμοὺς</span> <span class='ocrx_word' id='word_1_61' title='bbox 1073 1079 1165 1132; x_wconf 91' lang='grc' dir='ltr'>τοῦ</span> <span class='ocrx_word' id='word_1_62' title='bbox 1219 1080 1438 1149; x_wconf 81' lang='grc' dir='ltr'>πατρὸς,</span> <span class='ocrx_word' id='word_1_63' title='bbox 1479 1084 1572 1134; x_wconf 71' lang='grc' dir='ltr'>καὶ</span> <span class='ocrx_word' id='word_1_64' title='bbox 1613 1081 2007 1134; x_wconf 75' lang='grc' dir='ltr'>ἀποπίπτουσιν</span> <span class='ocrx_word' id='word_1_65' title='bbox 2032 1083 2088 1135; x_wconf 82' lang='grc' dir='ltr'>αἱ</span> 
     </span>
    </p>
   </div>
   <div class='ocr_carea' id='block_1_10' title="bbox 530 1163 2090 1238">
    <p class='ocr_par' dir='ltr' id='par_1_10' title="bbox 530 1163 2090 1238">
     <span class='ocr_line' id='line_1_10' title="bbox 530 1163 2090 1238; baseline 0.006 -23"><span class='ocrx_word' id='word_1_66' title='bbox 530 1163 760 1227; x_wconf 85' lang='grc' dir='ltr'>λεπίδες,</span> <span class='ocrx_word' id='word_1_67' title='bbox 792 1166 885 1217; x_wconf 78' lang='grc' dir='ltr'>καὶ</span> <span class='ocrx_word' id='word_1_68' title='bbox 931 1166 1090 1228; x_wconf 80' lang='grc' dir='ltr'>εὐθὺς</span> <span class='ocrx_word' id='word_1_69' title='bbox 1127 1167 1402 1233; x_wconf 87' lang='grc' dir='ltr'>ἀνέϐλεψε.</span> <span class='ocrx_word' id='word_1_70' title='bbox 1447 1168 1575 1219; x_wconf 88' lang='grc' dir='ltr'>Ὅτε</span> <span class='ocrx_word' id='word_1_71' title='bbox 1623 1169 1718 1236; x_wconf 80' lang='grc' dir='ltr'>μὲν</span> <span class='ocrx_word' id='word_1_72' title='bbox 1749 1167 2028 1238; x_wconf 77' lang='grc' dir='ltr'>ἐτυφλώθη</span> <span class='ocrx_word' id='word_1_73' title='bbox 2061 1172 2090 1224; x_wconf 75' lang='grc' dir='ltr'>ό</span> 
     </span>
    </p>
   </div>
   <div class='ocr_carea' id='block_1_11' title="bbox 531 1244 2086 1322">
    <p class='ocr_par' dir='ltr' id='par_1_11' title="bbox 531 1244 2086 1322">
     <span class='ocr_line' id='line_1_11' title="bbox 531 1244 2086 1322; baseline 0.005 -22"><span class='ocrx_word' id='word_1_74' title='bbox 531 1249 728 1314; x_wconf 79' lang='grc' dir='ltr'>Τωϐἱτ,</span> <span class='ocrx_word' id='word_1_75' title='bbox 767 1244 834 1318; x_wconf 83' lang='grc' dir='ltr'>ἦν</span> <span class='ocrx_word' id='word_1_76' title='bbox 859 1249 995 1302; x_wconf 87' lang='grc' dir='ltr'>ἐτῶν</span> <span class='ocrx_word' id='word_1_77' title='bbox 1033 1257 1113 1319; x_wconf 78' lang='grc' dir='ltr'>νη¹</span> <span class='ocrx_word' id='word_1_78' title='bbox 1134 1290 1149 1312; x_wconf 84' lang='grc'>,</span> <span class='ocrx_word' id='word_1_79' title='bbox 1179 1252 1264 1304; x_wconf 85' lang='grc' dir='ltr'>ὅτε</span> <span class='ocrx_word' id='word_1_80' title='bbox 1303 1251 1358 1303; x_wconf 88' lang='grc' dir='ltr'>δὲ</span> <span class='ocrx_word' id='word_1_81' title='bbox 1391 1252 1669 1322; x_wconf 87' lang='grc' dir='ltr'>ἀνέϐλεψε,</span> <span class='ocrx_word' id='word_1_82' title='bbox 1715 1249 1781 1322; x_wconf 82' lang='grc' dir='ltr'>ἦν</span> <span class='ocrx_word' id='word_1_83' title='bbox 1821 1254 1957 1306; x_wconf 88' lang='grc' dir='ltr'>ἐτῶν</span> <span class='ocrx_word' id='word_1_84' title='bbox 1981 1253 2086 1318; x_wconf 63' lang='lat' dir='ltr'>Eg“.</span> 
     </span>
    </p>
   </div>
   <div class='ocr_carea' id='block_1_12' title="bbox 527 1334 2088 1408">
    <p class='ocr_par' dir='ltr' id='par_1_12' title="bbox 527 1334 2088 1408">
     <span class='ocr_line' id='line_1_12' title="bbox 527 1334 2088 1408; baseline 0.003 -22"><span class='ocrx_word' id='word_1_85' title='bbox 527 1335 638 1387; x_wconf 90' lang='lat' dir='ltr'>Kal</span> <span class='ocrx_word' id='word_1_86' title='bbox 681 1334 861 1386; x_wconf 87' lang='grc' dir='ltr'>λοιπὸν</span> <span class='ocrx_word' id='word_1_87' title='bbox 897 1335 1186 1404; x_wconf 80' lang='grc' dir='ltr'>βλέψαντος</span> <span class='ocrx_word' id='word_1_88' title='bbox 1219 1337 1417 1402; x_wconf 90' lang='grc' dir='ltr'>αὑτοῦ,</span> <span class='ocrx_word' id='word_1_89' title='bbox 1453 1339 1792 1408; x_wconf 76' lang='grc' dir='ltr'>ἐφανέρωσεν</span> <span class='ocrx_word' id='word_1_90' title='bbox 1839 1340 2027 1393; x_wconf 86' lang='grc' dir='ltr'>ἐαυτὸν</span> <span class='ocrx_word' id='word_1_91' title='bbox 2051 1340 2088 1405; x_wconf 79' lang='grc' dir='ltr'>¹ὁ</span> 
     </span>
    </p>
   </div>
   <div class='ocr_carea' id='block_1_13' title="bbox 527 1418 2086 1494">
    <p class='ocr_par' dir='ltr' id='par_1_13' title="bbox 527 1418 2086 1494">
     <span class='ocr_line' id='line_1_13' title="bbox 527 1418 2086 1494; baseline 0.004 -23"><span class='ocrx_word' id='word_1_92' title='bbox 527 1419 774 1488; x_wconf 77' lang='grc' dir='ltr'>ἄγγελος,</span> <span class='ocrx_word' id='word_1_93' title='bbox 802 1421 882 1473; x_wconf 84' lang='grc' dir='ltr'>ὅτι</span> <span class='ocrx_word' id='word_1_94' title='bbox 912 1421 1008 1474; x_wconf 86' lang='grc' dir='ltr'>οὐκ</span> <span class='ocrx_word' id='word_1_95' title='bbox 1047 1422 1325 1490; x_wconf 82' lang='grc' dir='ltr'>ἄνθρωπος</span> <span class='ocrx_word' id='word_1_96' title='bbox 1353 1418 1441 1494; x_wconf 77' lang='grc' dir='ltr'>ἦν,</span> <span class='ocrx_word' id='word_1_97' title='bbox 1467 1423 1600 1476; x_wconf 84' lang='grc' dir='ltr'>ἀλλά</span> <span class='ocrx_word' id='word_1_98' title='bbox 1634 1424 1785 1494; x_wconf 90' lang='grc' dir='ltr'>παρά</span> <span class='ocrx_word' id='word_1_99' title='bbox 1821 1424 1915 1477; x_wconf 91' lang='grc' dir='ltr'>τοῦ</span> <span class='ocrx_word' id='word_1_100' title='bbox 1953 1425 2086 1478; x_wconf 83' lang='grc' dir='ltr'>Θεοῦ</span> 
     </span>
    </p>
   </div>
   <div class='ocr_carea' id='block_1_14' title="bbox 527 1505 2083 1580">
    <p class='ocr_par' dir='ltr' id='par_1_14' title="bbox 527 1505 2083 1580">
     <span class='ocr_line' id='line_1_14' title="bbox 527 1505 2083 1580; baseline 0.005 -23"><span class='ocrx_word' id='word_1_101' title='bbox 527 1505 802 1574; x_wconf 75' lang='grc' dir='ltr'>ἀπεστάλη</span> <span class='ocrx_word' id='word_1_102' title='bbox 832 1507 911 1569; x_wconf 89' lang='grc' dir='ltr'>είς</span> <span class='ocrx_word' id='word_1_103' title='bbox 963 1505 1212 1577; x_wconf 81' lang='grc' dir='ltr'>βοήθειαν</span> <span class='ocrx_word' id='word_1_104' title='bbox 1259 1509 1435 1562; x_wconf 89' lang='grc' dir='ltr'>αὑτῶν</span> <span class='ocrx_word' id='word_1_105' title='bbox 1485 1527 1543 1562; x_wconf 90' lang='grc' dir='ltr'>τε</span> <span class='ocrx_word' id='word_1_106' title='bbox 1595 1511 1690 1564; x_wconf 77' lang='grc' dir='ltr'>καὶ</span> <span class='ocrx_word' id='word_1_107' title='bbox 1736 1511 1831 1580; x_wconf 87' lang='grc' dir='ltr'>τῆς</span> <span class='ocrx_word' id='word_1_108' title='bbox 1879 1510 2083 1580; x_wconf 74' lang='grc' dir='ltr'>Σάρρα.</span> 
     </span>
    </p>
   </div>
   <div class='ocr_carea' id='block_1_15' title="bbox 525 1589 2086 1664">
    <p class='ocr_par' dir='ltr' id='par_1_15' title="bbox 525 1589 2086 1664">
     <span class='ocr_line' id='line_1_15' title="bbox 525 1589 2086 1664; baseline 0.004 -22"><span class='ocrx_word' id='word_1_109' title='bbox 525 1589 775 1660; x_wconf 84' lang='grc' dir='ltr'>Γηράσας</span> <span class='ocrx_word' id='word_1_110' title='bbox 808 1590 864 1643; x_wconf 81' lang='grc' dir='ltr'>δὲ</span> <span class='ocrx_word' id='word_1_111' title='bbox 897 1593 924 1643; x_wconf 89' lang='grc' dir='ltr'>ό</span> <span class='ocrx_word' id='word_1_112' title='bbox 954 1591 1154 1657; x_wconf 75' lang='grc' dir='ltr'>Τωϐὶτ,</span> <span class='ocrx_word' id='word_1_113' title='bbox 1185 1593 1516 1664; x_wconf 87' lang='grc' dir='ltr'>παρήγγειλε</span> <span class='ocrx_word' id='word_1_114' title='bbox 1537 1595 1615 1664; x_wconf 84' lang='grc' dir='ltr'>τῷ</span> <span class='ocrx_word' id='word_1_115' title='bbox 1650 1595 1749 1664; x_wconf 82' lang='grc' dir='ltr'>υἱῷ</span> <span class='ocrx_word' id='word_1_116' title='bbox 1779 1595 1942 1649; x_wconf 86' lang='grc' dir='ltr'>αὑτοῦ</span> <span class='ocrx_word' id='word_1_117' title='bbox 1967 1597 2086 1648; x_wconf 90' lang='grc' dir='ltr'>Τω-</span> 
     </span>
    </p>
   </div>
   <div class='ocr_carea' id='block_1_16' title="bbox 525 1675 2088 1751">
    <p class='ocr_par' dir='ltr' id='par_1_16' title="bbox 525 1675 2088 1751">
     <span class='ocr_line' id='line_1_16' title="bbox 525 1675 2088 1751; baseline 0.004 -23"><span class='ocrx_word' id='word_1_118' title='bbox 525 1675 636 1745; x_wconf 76' lang='grc' dir='ltr'>ϐίᾳ,</span> <span class='ocrx_word' id='word_1_119' title='bbox 668 1676 916 1730; x_wconf 80' lang='grc' dir='ltr'>ἀπελθεῖν</span> <span class='ocrx_word' id='word_1_120' title='bbox 949 1679 1028 1739; x_wconf 90' lang='grc' dir='ltr'>εἰς</span> <span class='ocrx_word' id='word_1_121' title='bbox 1052 1676 1148 1746; x_wconf 82' lang='grc' dir='ltr'>τὴν</span> <span class='ocrx_word' id='word_1_122' title='bbox 1172 1678 1382 1748; x_wconf 81' lang='grc' dir='ltr'>Μηδίαν</span> <span class='ocrx_word' id='word_1_123' title='bbox 1406 1679 1492 1732; x_wconf 82' lang='grc' dir='ltr'>διὰ</span> <span class='ocrx_word' id='word_1_124' title='bbox 1512 1681 1610 1750; x_wconf 83' lang='grc' dir='ltr'>τὴν</span> <span class='ocrx_word' id='word_1_125' title='bbox 1633 1681 1895 1751; x_wconf 77' lang='grc' dir='ltr'>ἐσομένην</span> <span class='ocrx_word' id='word_1_126' title='bbox 1921 1699 2088 1734; x_wconf 70' lang='grc' dir='ltr'>κατα⁹</span> 
     </span>
    </p>
   </div>
   <div class='ocr_carea' id='block_1_17' title="bbox 525 1761 2086 1838">
    <p class='ocr_par' dir='ltr' id='par_1_17' title="bbox 525 1761 2086 1838">
     <span class='ocr_line' id='line_1_17' title="bbox 525 1761 2086 1838; baseline 0.004 -25"><span class='ocrx_word' id='word_1_127' title='bbox 525 1761 759 1832; x_wconf 82' lang='grc' dir='ltr'>στροφὴν</span> <span class='ocrx_word' id='word_1_128' title='bbox 787 1763 885 1832; x_wconf 89' lang='grc' dir='ltr'>τῆς</span> <span class='ocrx_word' id='word_1_129' title='bbox 907 1761 1091 1815; x_wconf 80' lang='grc' dir='ltr'>Νινευῒ</span> <span class='ocrx_word' id='word_1_130' title='bbox 1132 1764 1268 1816; x_wconf 87' lang='grc' dir='ltr'>κατά</span> <span class='ocrx_word' id='word_1_131' title='bbox 1297 1765 1356 1817; x_wconf 84' lang='grc' dir='ltr'>τὸ</span> <span class='ocrx_word' id='word_1_132' title='bbox 1391 1764 1542 1835; x_wconf 76' lang='grc' dir='ltr'>ῥῆμα</span> <span class='ocrx_word' id='word_1_133' title='bbox 1570 1767 1722 1818; x_wconf 88' lang='grc' dir='ltr'>Ἰωνᾶ</span> <span class='ocrx_word' id='word_1_134' title='bbox 1751 1765 1845 1819; x_wconf 93' lang='grc' dir='ltr'>τοῦ</span> <span class='ocrx_word' id='word_1_135' title='bbox 1876 1770 2086 1838; x_wconf 83' lang='grc' dir='ltr'>προφή-</span> 
     </span>
    </p>
   </div>
   <div class='ocr_carea' id='block_1_18' title="bbox 522 1847 2085 1922">
    <p class='ocr_par' dir='ltr' id='par_1_18' title="bbox 522 1847 2085 1922">
     <span class='ocr_line' id='line_1_18' title="bbox 522 1847 2085 1922; baseline 0.003 -22"><span class='ocrx_word' id='word_1_136' title='bbox 522 1865 636 1912; x_wconf 85' lang='grc' dir='ltr'>του,</span> <span class='ocrx_word' id='word_1_137' title='bbox 687 1849 778 1901; x_wconf 65' lang='grc' dir='ltr'>καῖ⁵</span> <span class='ocrx_word' id='word_1_138' title='bbox 822 1847 1057 1903; x_wconf 85' lang='grc' dir='ltr'>ἐκλιπὼν</span> <span class='ocrx_word' id='word_1_139' title='bbox 1086 1849 1321 1903; x_wconf 84' lang='grc' dir='ltr'>ἀπέθανε</span> <span class='ocrx_word' id='word_1_140' title='bbox 1367 1850 1502 1903; x_wconf 82' lang='grc' dir='ltr'>ἐτῶν</span> <span class='ocrx_word' id='word_1_141' title='bbox 1534 1850 1610 1904; x_wconf 88' lang='grc' dir='ltr'>ῶν</span> <span class='ocrx_word' id='word_1_142' title='bbox 1640 1858 1765 1922; x_wconf 70' lang='grc' dir='ltr'>ρνεθ.</span> <span class='ocrx_word' id='word_1_143' title='bbox 1809 1851 1867 1904; x_wconf 85' lang='grc' dir='ltr'>Ὁ</span> <span class='ocrx_word' id='word_1_144' title='bbox 1895 1851 1951 1904; x_wconf 84' lang='grc' dir='ltr'>δέ</span> <span class='ocrx_word' id='word_1_145' title='bbox 1973 1852 2085 1914; x_wconf 83' lang='grc' dir='ltr'>υίὸς</span> 
     </span>
    </p>
   </div>
   <div class='ocr_carea' id='block_1_19' title="bbox 522 1933 2084 2008">
    <p class='ocr_par' dir='ltr' id='par_1_19' title="bbox 522 1933 2084 2008">
     <span class='ocr_line' id='line_1_19' title="bbox 522 1933 2084 2008; baseline 0.003 -23"><span class='ocrx_word' id='word_1_146' title='bbox 522 1933 686 1987; x_wconf 82' lang='grc' dir='ltr'>αὑτοῦ</span> <span class='ocrx_word' id='word_1_147' title='bbox 724 1933 917 1998; x_wconf 88' lang='grc' dir='ltr'>Τοϐίας</span> <span class='ocrx_word' id='word_1_148' title='bbox 949 1933 1196 1990; x_wconf 90' lang='grc' dir='ltr'>ἀπελθὼν</span> <span class='ocrx_word' id='word_1_149' title='bbox 1241 1938 1322 2000; x_wconf 89' lang='grc' dir='ltr'>εἰς</span> <span class='ocrx_word' id='word_1_150' title='bbox 1363 1936 1461 2006; x_wconf 86' lang='grc' dir='ltr'>τὴν</span> <span class='ocrx_word' id='word_1_151' title='bbox 1492 1937 1724 2008; x_wconf 77' lang='grc' dir='ltr'>Μηδίαν,</span> <span class='ocrx_word' id='word_1_152' title='bbox 1768 1937 1861 1991; x_wconf 74' lang='grc' dir='ltr'>καὶ</span> <span class='ocrx_word' id='word_1_153' title='bbox 1911 1936 2084 2006; x_wconf 83' lang='grc' dir='ltr'>θάψας</span> 
     </span>
    </p>
   </div>
   <div class='ocr_carea' id='block_1_20' title="bbox 520 2019 2084 2093">
    <p class='ocr_par' dir='ltr' id='par_1_20' title="bbox 520 2019 2084 2093">
     <span class='ocr_line' id='line_1_20' title="bbox 520 2019 2084 2093; baseline 0.003 -22"><span class='ocrx_word' id='word_1_154' title='bbox 520 2019 646 2083; x_wconf 84' lang='grc' dir='ltr'>τοὺς</span> <span class='ocrx_word' id='word_1_155' title='bbox 670 2019 960 2090; x_wconf 89' lang='grc' dir='ltr'>πενθερούς</span> <span class='ocrx_word' id='word_1_156' title='bbox 996 2021 1180 2085; x_wconf 85' lang='grc' dir='ltr'>αὑτοῦ,</span> <span class='ocrx_word' id='word_1_157' title='bbox 1222 2023 1314 2074; x_wconf 82' lang='grc' dir='ltr'>καὶ</span> <span class='ocrx_word' id='word_1_158' title='bbox 1347 2022 1582 2086; x_wconf 90' lang='grc' dir='ltr'>ἀκούσας</span> <span class='ocrx_word' id='word_1_159' title='bbox 1625 2023 1750 2093; x_wconf 77' lang='grc' dir='ltr'>περὶ</span> <span class='ocrx_word' id='word_1_160' title='bbox 1778 2024 1876 2093; x_wconf 86' lang='grc' dir='ltr'>τῆς</span> <span class='ocrx_word' id='word_1_161' title='bbox 1917 2039 2084 2077; x_wconf 88' lang='grc' dir='ltr'>κατα-</span> 
     </span>
    </p>
   </div>
   <div class='ocr_carea' id='block_1_21' title="bbox 523 2103 2077 2179">
    <p class='ocr_par' dir='ltr' id='par_1_21' title="bbox 523 2103 2077 2179">
     <span class='ocr_line' id='line_1_21' title="bbox 523 2103 2077 2179; baseline 0.004 -23"><span class='ocrx_word' id='word_1_162' title='bbox 523 2106 759 2175; x_wconf 79' lang='grc' dir='ltr'>στροφῆς</span> <span class='ocrx_word' id='word_1_163' title='bbox 790 2103 994 2170; x_wconf 82' lang='grc' dir='ltr'>Νινευῒ,</span> <span class='ocrx_word' id='word_1_164' title='bbox 1052 2107 1288 2160; x_wconf 88' lang='grc' dir='ltr'>ἀπέθανε</span> <span class='ocrx_word' id='word_1_165' title='bbox 1327 2109 1421 2161; x_wconf 71' lang='grc' dir='ltr'>καὶ</span> <span class='ocrx_word' id='word_1_166' title='bbox 1467 2110 1622 2170; x_wconf 78' lang='grc' dir='ltr'>αὑτὸς</span> <span class='ocrx_word' id='word_1_167' title='bbox 1655 2108 1731 2179; x_wconf 70' lang='grc' dir='ltr'>ρζ*</span> <span class='ocrx_word' id='word_1_168' title='bbox 1805 2109 1940 2162; x_wconf 86' lang='grc' dir='ltr'>ἐτῶν</span> <span class='ocrx_word' id='word_1_169' title='bbox 1985 2107 2077 2162; x_wconf 82' lang='grc' dir='ltr'>ῶν.</span> 
     </span>
    </p>
   </div>
   <div class='ocr_carea' id='block_1_22' title="bbox 523 2190 1889 2263">
    <p class='ocr_par' dir='ltr' id='par_1_22' title="bbox 523 2190 1889 2263">
     <span class='ocr_line' id='line_1_22' title="bbox 523 2190 1889 2263; baseline 0.006 -22"><span class='ocrx_word' id='word_1_170' title='bbox 523 2191 632 2243; x_wconf 82' lang='lat' dir='ltr'>Kal</span> <span class='ocrx_word' id='word_1_171' title='bbox 655 2191 713 2244; x_wconf 81' lang='grc' dir='ltr'>ἐν</span> <span class='ocrx_word' id='word_1_172' title='bbox 741 2190 947 2254; x_wconf 82' lang='grc' dir='ltr'>τούτοις</span> <span class='ocrx_word' id='word_1_173' title='bbox 973 2193 1123 2255; x_wconf 84' lang='grc' dir='ltr'>τέλος</span> <span class='ocrx_word' id='word_1_174' title='bbox 1150 2193 1259 2258; x_wconf 74' lang='grc' dir='ltr'>ἔχει</span> <span class='ocrx_word' id='word_1_175' title='bbox 1286 2195 1377 2246; x_wconf 77' lang='grc' dir='ltr'>καὶ</span> <span class='ocrx_word' id='word_1_176' title='bbox 1399 2194 1556 2247; x_wconf 88' lang='grc' dir='ltr'>τοῦτο</span> <span class='ocrx_word' id='word_1_177' title='bbox 1576 2194 1634 2246; x_wconf 80' lang='grc' dir='ltr'>τὸ</span> <span class='ocrx_word' id='word_1_178' title='bbox 1668 2193 1889 2263; x_wconf 88' lang='grc' dir='ltr'>βιϐλίον.</span> 
     </span>
    </p>
   </div>
   <div class='ocr_carea' id='block_1_23' title="bbox 1044 2334 1555 2386">
    <p class='ocr_par' dir='ltr' id='par_1_23' title="bbox 1044 2334 1555 2386">
     <span class='ocr_line' id='line_1_23' title="bbox 1044 2334 1555 2386; baseline 0.002 -1"><span class='ocrx_word' id='word_1_179' title='bbox 1044 2335 1285 2386; x_wconf 73' lang='grc' dir='ltr'>Βιϐλιον</span> <span class='ocrx_word' id='word_1_180' title='bbox 1337 2334 1555 2386; x_wconf 83' lang='grc' dir='ltr'>Ιουδίθ.</span> 
     </span>
    </p>
   </div>
   <div class='ocr_carea' id='block_1_24' title="bbox 599 2467 2079 2542">
    <p class='ocr_par' dir='ltr' id='par_1_24' title="bbox 599 2467 2079 2542">
     <span class='ocr_line' id='line_1_24' title="bbox 599 2467 2079 2542; baseline 0.002 -21"><span class='ocrx_word' id='word_1_181' title='bbox 599 2467 784 2522; x_wconf 66' lang='grc' dir='ltr'>Ἰουδὶθ</span> <span class='ocrx_word' id='word_1_182' title='bbox 815 2469 1058 2522; x_wconf 87' lang='grc' dir='ltr'>καλεῖται</span> <span class='ocrx_word' id='word_1_183' title='bbox 1087 2467 1147 2520; x_wconf 80' lang='grc' dir='ltr'>τὸ</span> <span class='ocrx_word' id='word_1_184' title='bbox 1177 2467 1397 2536; x_wconf 88' lang='grc' dir='ltr'>βιϐλίον,</span> <span class='ocrx_word' id='word_1_185' title='bbox 1426 2471 1609 2540; x_wconf 79' lang='grc' dir='ltr'>ἐπειδὴ</span> <span class='ocrx_word' id='word_1_186' title='bbox 1648 2471 2079 2542; x_wconf 83' lang='grc' dir='ltr'>πολεμουμένους</span> 
     </span>
    </p>
   </div>
   <div class='ocr_carea' id='block_1_25' title="bbox 519 2554 2080 2626">
    <p class='ocr_par' dir='ltr' id='par_1_25' title="bbox 519 2554 2080 2626">
     <span class='ocr_line' id='line_1_25' title="bbox 519 2554 2080 2626; baseline 0.002 -18"><span class='ocrx_word' id='word_1_187' title='bbox 519 2555 613 2608; x_wconf 72' lang='grc' dir='ltr'>καὶ</span> <span class='ocrx_word' id='word_1_188' title='bbox 645 2555 1132 2625; x_wconf 77' lang='grc' dir='ltr'>πολιορκουμένους</span> <span class='ocrx_word' id='word_1_189' title='bbox 1163 2554 1266 2606; x_wconf 78' lang='grc' dir='ltr'>ὑπὸ</span> <span class='ocrx_word' id='word_1_190' title='bbox 1309 2555 1400 2607; x_wconf 90' lang='grc' dir='ltr'>τοῦ</span> <span class='ocrx_word' id='word_1_191' title='bbox 1439 2555 1754 2626; x_wconf 83' lang='grc' dir='ltr'>Ὀλοφέρνου</span> <span class='ocrx_word' id='word_1_192' title='bbox 1782 2558 1907 2621; x_wconf 86' lang='grc' dir='ltr'>τοῦς</span> <span class='ocrx_word' id='word_1_193' title='bbox 1933 2560 2080 2621; x_wconf 78' lang='grc' dir='ltr'>υἱοὺς</span> 
     </span>
    </p>
   </div>
   <div class='ocr_carea' id='block_1_26' title="bbox 531 2639 2074 2711">
    <p class='ocr_par' dir='ltr' id='par_1_26' title="bbox 531 2639 2074 2711">
     <span class='ocr_line' id='line_1_26' title="bbox 531 2639 2074 2711; baseline 0.002 -19"><span class='ocrx_word' id='word_1_194' title='bbox 531 2641 744 2711; x_wconf 82' lang='grc' dir='ltr'>Ἰσραὴλ</span> <span class='ocrx_word' id='word_1_195' title='bbox 766 2641 794 2691; x_wconf 87' lang='grc' dir='ltr'><strong>ὁ</strong></span> <span class='ocrx_word' id='word_1_196' title='bbox 819 2641 950 2702; x_wconf 79' lang='grc' dir='ltr'>Θεὸς</span> <span class='ocrx_word' id='word_1_197' title='bbox 975 2641 1063 2693; x_wconf 81' lang='grc' dir='ltr'>διὰ</span> <span class='ocrx_word' id='word_1_198' title='bbox 1088 2642 1186 2709; x_wconf 87' lang='grc' dir='ltr'>τῆς</span> <span class='ocrx_word' id='word_1_199' title='bbox 1215 2639 1396 2692; x_wconf 73' lang='grc' dir='ltr'>Ἰουδὶθ</span> <span class='ocrx_word' id='word_1_200' title='bbox 1426 2643 1544 2703; x_wconf 69' lang='grc' dir='ltr'>τοὺς</span> <span class='ocrx_word' id='word_1_201' title='bbox 1574 2642 1673 2711; x_wconf 83' lang='grc' dir='ltr'>μὲν</span> <span class='ocrx_word' id='word_1_202' title='bbox 1702 2643 1861 2706; x_wconf 74' lang='grc' dir='ltr'>λαοὺς</span> <span class='ocrx_word' id='word_1_203' title='bbox 1887 2643 2074 2706; x_wconf 79' lang='grc' dir='ltr'>ἔσωσε,</span> 
     </span>
    </p>
   </div>
   <div class='ocr_carea' id='block_1_27' title="bbox 516 2727 2074 2801">
    <p class='ocr_par' dir='ltr' id='par_1_27' title="bbox 516 2727 2074 2801">
     <span class='ocr_line' id='line_1_27' title="bbox 516 2727 2074 2801; baseline 0.003 -23"><span class='ocrx_word' id='word_1_204' title='bbox 516 2728 606 2780; x_wconf 84' lang='grc' dir='ltr'>τὸν</span> <span class='ocrx_word' id='word_1_205' title='bbox 649 2728 705 2780; x_wconf 86' lang='grc' dir='ltr'>δέ</span> <span class='ocrx_word' id='word_1_206' title='bbox 745 2727 1064 2796; x_wconf 88' lang='grc' dir='ltr'>Ὀλοφέρνην</span> <span class='ocrx_word' id='word_1_207' title='bbox 1097 2727 1380 2790; x_wconf 82' lang='grc' dir='ltr'>ἐπάταξεν.</span> <span class='ocrx_word' id='word_1_208' title='bbox 1425 2727 1488 2778; x_wconf 85' lang='grc' dir='ltr'><strong>Ἦ</strong></span> <span class='ocrx_word' id='word_1_209' title='bbox 1535 2728 1592 2780; x_wconf 87' lang='grc' dir='ltr'>δέ</span> <span class='ocrx_word' id='word_1_210' title='bbox 1647 2731 1854 2801; x_wconf 76' lang='grc' dir='ltr'>ἱστορία</span> <span class='ocrx_word' id='word_1_211' title='bbox 1898 2731 2034 2800; x_wconf 86' lang='grc' dir='ltr'>αῦτη</span> <span class='ocrx_word' id='word_1_212' title='bbox 2061 2745 2074 2758; x_wconf 90' lang='grc'><strong>·</strong></span> 
     </span>
    </p>
   </div>
   <div class='ocr_carea' id='block_1_28' title="bbox 517 2811 2079 2886">
    <p class='ocr_par' dir='ltr' id='par_1_28' title="bbox 517 2811 2079 2886">
     <span class='ocr_line' id='line_1_28' title="bbox 517 2811 2079 2886; baseline 0.003 -20"><span class='ocrx_word' id='word_1_213' title='bbox 517 2812 1026 2881; x_wconf 79' lang='grc' dir='ltr'>Ναϐουχοδονόσορό</span> <span class='ocrx_word' id='word_1_214' title='bbox 1060 2811 1304 2880; x_wconf 81' lang='grc' dir='ltr'>βασιλεὺς</span> <span class='ocrx_word' id='word_1_215' title='bbox 1360 2812 1468 2864; x_wconf 89' lang='grc' dir='ltr'>τῶν</span> <span class='ocrx_word' id='word_1_216' title='bbox 1513 2814 2079 2886; x_wconf 83' lang='grc' dir='ltr'>Ἀσσυρίων,πόλεμον</span> 
     </span>
    </p>
   </div>
   <div class='ocr_carea' id='block_1_29' title="bbox 517 2896 2077 2972">
    <p class='ocr_par' dir='ltr' id='par_1_29' title="bbox 517 2896 2077 2972">
     <span class='ocr_line' id='line_1_29' title="bbox 517 2896 2077 2972; baseline 0.001 -20"><span class='ocrx_word' id='word_1_217' title='bbox 517 2900 654 2968; x_wconf 81' lang='grc' dir='ltr'>ἔχων</span> <span class='ocrx_word' id='word_1_218' title='bbox 683 2899 819 2968; x_wconf 83' lang='grc' dir='ltr'>πρὸς</span> <span class='ocrx_word' id='word_1_219' title='bbox 852 2896 1122 2967; x_wconf 77' lang='grc' dir='ltr'>Ἀρφάξαδ</span> <span class='ocrx_word' id='word_1_220' title='bbox 1149 2897 1370 2965; x_wconf 82' lang='grc' dir='ltr'>βασιλέα</span> <span class='ocrx_word' id='word_1_221' title='bbox 1399 2897 1616 2967; x_wconf 84' lang='grc' dir='ltr'>Μήδων,</span> <span class='ocrx_word' id='word_1_222' title='bbox 1651 2899 1818 2968; x_wconf 76' lang='grc' dir='ltr'>ᾔτησε</span> <span class='ocrx_word' id='word_1_223' title='bbox 1858 2918 2077 2972; x_wconf 85' lang='grc' dir='ltr'>συμμα-</span> 
     </span>
    </p>
   </div>
   <div class='ocr_carea' id='block_1_30' title="bbox 520 2981 2077 3059">
    <p class='ocr_par' dir='ltr' id='par_1_30' title="bbox 520 2981 2077 3059">
     <span class='ocr_line' id='line_1_30' title="bbox 520 2981 2077 3059; baseline 0.003 -22"><span class='ocrx_word' id='word_1_224' title='bbox 520 2985 642 3055; x_wconf 87' lang='grc' dir='ltr'>χίαν</span> <span class='ocrx_word' id='word_1_225' title='bbox 679 2983 830 3055; x_wconf 88' lang='grc' dir='ltr'>παρά</span> <span class='ocrx_word' id='word_1_226' title='bbox 876 2983 984 3036; x_wconf 86' lang='grc' dir='ltr'>τῶν</span> <span class='ocrx_word' id='word_1_227' title='bbox 1032 2981 1200 3036; x_wconf 84' lang='grc' dir='ltr'>ἐθνῶν</span> <span class='ocrx_word' id='word_1_228' title='bbox 1239 2982 1451 3035; x_wconf 87' lang='grc' dir='ltr'>πάντων</span> <span class='ocrx_word' id='word_1_229' title='bbox 1501 2983 1605 3044; x_wconf 76' lang='grc' dir='ltr'>ἕως</span> <span class='ocrx_word' id='word_1_230' title='bbox 1646 2984 1939 3051; x_wconf 81' lang='grc' dir='ltr'>Αἰγύπτου.</span> <span class='ocrx_word' id='word_1_231' title='bbox 1986 2989 2077 3059; x_wconf 78' lang='grc' dir='ltr'>Μὴ</span> 
     </span>
    </p>
   </div>
   <div class='ocr_carea' id='block_1_31' title="bbox 515 3067 2076 3138">
    <p class='ocr_par' dir='ltr' id='par_1_31' title="bbox 515 3067 2076 3138">
     <span class='ocr_line' id='line_1_31' title="bbox 515 3067 2076 3138; baseline 0 -15"><span class='ocrx_word' id='word_1_232' title='bbox 515 3070 820 3123; x_wconf 82' lang='grc' dir='ltr'>δεδωκότων</span> <span class='ocrx_word' id='word_1_233' title='bbox 869 3068 925 3122; x_wconf 83' lang='grc' dir='ltr'>δέ</span> <span class='ocrx_word' id='word_1_234' title='bbox 972 3067 1183 3134; x_wconf 87' lang='grc' dir='ltr'>αὑτῶν,</span> <span class='ocrx_word' id='word_1_235' title='bbox 1231 3067 1342 3119; x_wconf 84' lang='grc' dir='ltr'>ἀλλ’</span> <span class='ocrx_word' id='word_1_236' title='bbox 1396 3070 1785 3138; x_wconf 87' lang='grc' dir='ltr'>ἀντειρηκότων</span> <span class='ocrx_word' id='word_1_237' title='bbox 1823 3071 2038 3123; x_wconf 88' lang='grc' dir='ltr'>πάντων</span> <span class='ocrx_word' id='word_1_238' title='bbox 2059 3110 2076 3136; x_wconf 92' lang='grc'>,</span> 
     </span>
    </p>
   </div>
   <div class='ocr_carea' id='block_1_32' title="bbox 521 3153 2075 3227">
    <p class='ocr_par' dir='ltr' id='par_1_32' title="bbox 521 3153 2075 3227">
     <span class='ocr_line' id='line_1_32' title="bbox 521 3153 2075 3227; baseline 0.002 -19"><span class='ocrx_word' id='word_1_239' title='bbox 521 3157 658 3224; x_wconf 86' lang='grc' dir='ltr'>μετά</span> <span class='ocrx_word' id='word_1_240' title='bbox 709 3155 768 3207; x_wconf 80' lang='grc' dir='ltr'>τὸ</span> <span class='ocrx_word' id='word_1_241' title='bbox 820 3154 1037 3223; x_wconf 74' lang='grc' dir='ltr'>νικῆσαι</span> <span class='ocrx_word' id='word_1_242' title='bbox 1082 3154 1173 3206; x_wconf 81' lang='grc' dir='ltr'>καὶ</span> <span class='ocrx_word' id='word_1_243' title='bbox 1222 3153 1599 3224; x_wconf 79' lang='grc' dir='ltr'>περιγενέσθαι</span> <span class='ocrx_word' id='word_1_244' title='bbox 1651 3154 1743 3206; x_wconf 91' lang='grc' dir='ltr'>τοῦ</span> <span class='ocrx_word' id='word_1_245' title='bbox 1787 3155 2075 3227; x_wconf 81' lang='grc' dir='ltr'>Ἀρφάξαδ,</span> 
     </span>
    </p>
   </div>
   <div class='ocr_carea' id='block_1_33' title="bbox 517 3239 2080 3308">
    <p class='ocr_par' dir='ltr' id='par_1_33' title="bbox 517 3239 2080 3308">
     <span class='ocr_line' id='line_1_33' title="bbox 517 3239 2080 3308; baseline 0.003 -15"><span class='ocrx_word' id='word_1_246' title='bbox 517 3241 667 3294; x_wconf 75' lang='grc' dir='ltr'>ἔθετο</span> <span class='ocrx_word' id='word_1_247' title='bbox 706 3239 848 3293; x_wconf 86' lang='grc' dir='ltr'>κατά</span> <span class='ocrx_word' id='word_1_248' title='bbox 891 3239 996 3292; x_wconf 87' lang='grc' dir='ltr'>τῶν</span> <span class='ocrx_word' id='word_1_249' title='bbox 1033 3239 1105 3308; x_wconf 90' lang='grc' dir='ltr'>μὴ</span> <span class='ocrx_word' id='word_1_250' title='bbox 1133 3239 1437 3292; x_wconf 87' lang='grc' dir='ltr'>δεδωκότων</span> <span class='ocrx_word' id='word_1_251' title='bbox 1487 3239 1736 3308; x_wconf 89' lang='grc' dir='ltr'>πόλεμον.</span> <span class='ocrx_word' id='word_1_252' title='bbox 1788 3243 1897 3295; x_wconf 85' lang='lat' dir='ltr'>Kal</span> <span class='ocrx_word' id='word_1_253' title='bbox 1945 3245 2080 3297; x_wconf 74' lang='lat' dir='ltr'>dmé-</span> 
     </span>
    </p>
   </div>
   <div class='ocr_carea' id='block_1_34' title="bbox 519 3325 2077 3400">
    <p class='ocr_par' dir='ltr' id='par_1_34' title="bbox 519 3325 2077 3400">
     <span class='ocr_line' id='line_1_34' title="bbox 519 3325 2077 3400; baseline 0.003 -21"><span class='ocrx_word' id='word_1_254' title='bbox 519 3325 692 3380; x_wconf 88' lang='grc' dir='ltr'>στειλε</span> <span class='ocrx_word' id='word_1_255' title='bbox 732 3326 822 3379; x_wconf 71' lang='grc' dir='ltr'>τὸν</span> <span class='ocrx_word' id='word_1_256' title='bbox 861 3326 1183 3396; x_wconf 85' lang='grc' dir='ltr'>Ὀλοφέρνην</span> <span class='ocrx_word' id='word_1_257' title='bbox 1215 3326 1351 3396; x_wconf 80' lang='grc' dir='ltr'>μετά</span> <span class='ocrx_word' id='word_1_258' title='bbox 1399 3327 1674 3397; x_wconf 82' lang='grc' dir='ltr'>δυνάμεως</span> <span class='ocrx_word' id='word_1_259' title='bbox 1720 3329 1917 3400; x_wconf 90' lang='grc' dir='ltr'>πολλῆς</span> <span class='ocrx_word' id='word_1_260' title='bbox 1961 3332 2077 3384; x_wconf 83' lang='grc' dir='ltr'>κατ’</span> 
     </span>
    </p>
   </div>
   <div class='ocr_carea' id='block_1_35' title="bbox 515 3407 2079 3483">
    <p class='ocr_par' dir='ltr' id='par_1_35' title="bbox 515 3407 2079 3483">
     <span class='ocr_line' id='line_1_35' title="bbox 515 3407 2079 3483; baseline 0.002 -18"><span class='ocrx_word' id='word_1_261' title='bbox 515 3413 712 3467; x_wconf 87' lang='grc' dir='ltr'>αὑτῶν.</span> <span class='ocrx_word' id='word_1_262' title='bbox 752 3412 833 3466; x_wconf 83' lang='grc' dir='ltr'>Τὰ</span> <span class='ocrx_word' id='word_1_263' title='bbox 869 3413 964 3482; x_wconf 89' lang='grc' dir='ltr'>μέν</span> <span class='ocrx_word' id='word_1_264' title='bbox 988 3407 1080 3465; x_wconf 87' lang='grc' dir='ltr'>οὖν</span> <span class='ocrx_word' id='word_1_265' title='bbox 1109 3411 1242 3466; x_wconf 76' lang='grc' dir='ltr'>ἄλλα</span> <span class='ocrx_word' id='word_1_266' title='bbox 1275 3411 1453 3465; x_wconf 75' lang='grc' dir='ltr'>πάντα</span> <span class='ocrx_word' id='word_1_267' title='bbox 1491 3412 1614 3483; x_wconf 84' lang='grc' dir='ltr'>έθνη</span> <span class='ocrx_word' id='word_1_268' title='bbox 1654 3414 1842 3477; x_wconf 74' lang='grc' dir='ltr'>ἔλαϐε,</span> <span class='ocrx_word' id='word_1_269' title='bbox 1890 3418 1984 3468; x_wconf 76' lang='grc' dir='ltr'>καὶ</span> <span class='ocrx_word' id='word_1_270' title='bbox 2009 3417 2079 3470; x_wconf 87' lang='grc' dir='ltr'>τά</span> 
     </span>
    </p>
   </div>
   <div class='ocr_carea' id='block_1_36' title="bbox 517 3499 2078 3572">
    <p class='ocr_par' dir='ltr' id='par_1_36' title="bbox 517 3499 2078 3572">
     <span class='ocr_line' id='line_1_36' title="bbox 517 3499 2078 3572; baseline 0.001 -20"><span class='ocrx_word' id='word_1_271' title='bbox 517 3501 708 3553; x_wconf 84' lang='grc' dir='ltr'>είδωλα</span> <span class='ocrx_word' id='word_1_272' title='bbox 743 3499 918 3553; x_wconf 85' lang='grc' dir='ltr'>αὑτῶν</span> <span class='ocrx_word' id='word_1_273' title='bbox 955 3499 1293 3569; x_wconf 85' lang='grc' dir='ltr'>συνέτριψεν.</span> <span class='ocrx_word' id='word_1_274' title='bbox 1332 3500 1394 3550; x_wconf 90' lang='grc' dir='ltr'>Οί</span> <span class='ocrx_word' id='word_1_275' title='bbox 1421 3499 1476 3554; x_wconf 83' lang='grc' dir='ltr'>δέ</span> <span class='ocrx_word' id='word_1_276' title='bbox 1510 3501 1612 3552; x_wconf 85' lang='grc' dir='ltr'>υἱοί</span> <span class='ocrx_word' id='word_1_277' title='bbox 1646 3502 1858 3572; x_wconf 77' lang='grc' dir='ltr'>Ἰσραὴλ</span> <span class='ocrx_word' id='word_1_278' title='bbox 1903 3505 2078 3572; x_wconf 80' lang='grc' dir='ltr'>ἠσφα-</span> 
     </span>
    </p>
   </div>
   <div class='ocr_carea' id='block_1_37' title="bbox 514 3587 2072 3662">
    <p class='ocr_par' dir='ltr' id='par_1_37' title="bbox 514 3587 2072 3662">
     <span class='ocr_line' id='line_1_37' title="bbox 514 3587 2072 3662; baseline 0.004 -23"><span class='ocrx_word' id='word_1_279' title='bbox 514 3587 728 3642; x_wconf 87' lang='grc' dir='ltr'>λίσαντο</span> <span class='ocrx_word' id='word_1_280' title='bbox 761 3589 1002 3650; x_wconf 85' lang='grc' dir='ltr'>ἐαυτοὺς,</span> <span class='ocrx_word' id='word_1_281' title='bbox 1039 3587 1130 3640; x_wconf 80' lang='grc' dir='ltr'>καὶ</span> <span class='ocrx_word' id='word_1_282' title='bbox 1169 3587 1267 3656; x_wconf 87' lang='grc' dir='ltr'>οὑχ</span> <span class='ocrx_word' id='word_1_283' title='bbox 1296 3587 1607 3657; x_wconf 82' lang='grc' dir='ltr'>ὑπήκουσαν</span> <span class='ocrx_word' id='word_1_284' title='bbox 1644 3589 1722 3658; x_wconf 86' lang='grc' dir='ltr'>τῷ</span> <span class='ocrx_word' id='word_1_285' title='bbox 1764 3591 2072 3662; x_wconf 82' lang='grc' dir='ltr'>Ὀλοφέρνῃ,</span> 
     </span>
    </p>
   </div>
   <div class='ocr_carea' id='block_1_38' title="bbox 515 3671 2078 3746">
    <p class='ocr_par' dir='ltr' id='par_1_38' title="bbox 515 3671 2078 3746">
     <span class='ocr_line' id='line_1_38' title="bbox 515 3671 2078 3746; baseline 0.002 -19"><span class='ocrx_word' id='word_1_286' title='bbox 515 3673 636 3727; x_wconf 73' lang='grc' dir='ltr'>οὔτε</span> <span class='ocrx_word' id='word_1_287' title='bbox 665 3674 1005 3744; x_wconf 83' lang='grc' dir='ltr'>ἐφοϐήθησαν</span> <span class='ocrx_word' id='word_1_288' title='bbox 1027 3671 1188 3727; x_wconf 82' lang='grc' dir='ltr'>αὑτοῦ</span> <span class='ocrx_word' id='word_1_289' title='bbox 1208 3673 1306 3742; x_wconf 87' lang='grc' dir='ltr'>τὴν</span> <span class='ocrx_word' id='word_1_290' title='bbox 1331 3675 1575 3743; x_wconf 81' lang='grc' dir='ltr'>ἀπειλήν.</span> <span class='ocrx_word' id='word_1_291' title='bbox 1613 3676 1670 3726; x_wconf 81' lang='grc' dir='ltr'>ὐ</span> <span class='ocrx_word' id='word_1_292' title='bbox 1693 3677 1870 3729; x_wconf 85' lang='grc' dir='ltr'>τοίνυν</span> <span class='ocrx_word' id='word_1_293' title='bbox 1901 3678 2078 3746; x_wconf 82' lang='grc' dir='ltr'>ἱερεὺς</span> 
     </span>
    </p>
   </div>
   <div class='ocr_carea' id='block_1_39' title="bbox 528 3758 2074 3835">
    <p class='ocr_par' dir='ltr' id='par_1_39' title="bbox 528 3758 2074 3835">
     <span class='ocr_line' id='line_1_39' title="bbox 528 3758 2074 3835; baseline 0.003 -23"><span class='ocrx_word' id='word_1_294' title='bbox 528 3759 778 3828; x_wconf 73' lang='grc' dir='ltr'>Ἰωακεὶμ</span> <span class='ocrx_word' id='word_1_295' title='bbox 805 3758 1006 3828; x_wconf 73' lang='grc' dir='ltr'>ἔγραψε</span> <span class='ocrx_word' id='word_1_296' title='bbox 1038 3761 1150 3821; x_wconf 90' lang='grc' dir='ltr'>τοῖς</span> <span class='ocrx_word' id='word_1_297' title='bbox 1189 3760 1246 3811; x_wconf 91' lang='grc' dir='ltr'>ἐν</span> <span class='ocrx_word' id='word_1_298' title='bbox 1277 3759 1544 3831; x_wconf 80' lang='grc' dir='ltr'>Βετυλούᾳ</span> <span class='ocrx_word' id='word_1_299' title='bbox 1567 3762 1766 3830; x_wconf 79' lang='grc' dir='ltr'>φράξαι</span> <span class='ocrx_word' id='word_1_300' title='bbox 1798 3762 1893 3832; x_wconf 81' lang='grc' dir='ltr'>τὴν</span> <span class='ocrx_word' id='word_1_301' title='bbox 1925 3762 2074 3835; x_wconf 75' lang='grc'>[566]</span> 
     </span>
    </p>
   </div>
   <div class='ocr_carea' id='block_1_40' title="bbox 514 3841 2078 3917">
    <p class='ocr_par' dir='ltr' id='par_1_40' title="bbox 514 3841 2078 3917">
     <span class='ocr_line' id='line_1_40' title="bbox 514 3841 2078 3917; baseline 0.001 -17"><span class='ocrx_word' id='word_1_302' title='bbox 514 3846 634 3900; x_wconf 80' lang='grc' dir='ltr'>ὁδὸν</span> <span class='ocrx_word' id='word_1_303' title='bbox 667 3845 1000 3916; x_wconf 82' lang='grc' dir='ltr'>ὐλοιρέρνου,</span> <span class='ocrx_word' id='word_1_304' title='bbox 1031 3843 1217 3913; x_wconf 81' lang='grc' dir='ltr'>ἐπειδὴ</span> <span class='ocrx_word' id='word_1_305' title='bbox 1242 3844 1448 3896; x_wconf 82' lang='grc' dir='ltr'>ἐκεῖθεν</span> <span class='ocrx_word' id='word_1_306' title='bbox 1481 3841 1549 3914; x_wconf 78' lang='grc' dir='ltr'>ἦν</span> <span class='ocrx_word' id='word_1_307' title='bbox 1576 3846 1746 3898; x_wconf 85' lang='grc' dir='ltr'>αὑτοῦ</span> <span class='ocrx_word' id='word_1_308' title='bbox 1773 3849 1804 3917; x_wconf 86' lang='grc' dir='ltr'>ή</span> <span class='ocrx_word' id='word_1_309' title='bbox 1826 3847 1962 3911; x_wconf 85' lang='grc' dir='ltr'>ὁδὸς,</span> <span class='ocrx_word' id='word_1_310' title='bbox 1986 3850 2078 3901; x_wconf 73' lang='grc' dir='ltr'>καὶ</span> 
     </span>
    </p>
   </div>
   <div class='ocr_carea' id='block_1_41' title="bbox 515 3929 2077 4002">
    <p class='ocr_par' dir='ltr' id='par_1_41' title="bbox 515 3929 2077 4002">
     <span class='ocr_line' id='line_1_41' title="bbox 515 3929 2077 4002; baseline -0.001 -17"><span class='ocrx_word' id='word_1_311' title='bbox 515 3932 774 4002; x_wconf 76' lang='grc' dir='ltr'>ἔφραξαν.</span> <span class='ocrx_word' id='word_1_312' title='bbox 829 3932 938 3984; x_wconf 98' lang='lat' dir='ltr'>Kal</span> <span class='ocrx_word' id='word_1_313' title='bbox 982 3932 1010 3983; x_wconf 82' lang='grc' dir='ltr'>ὁ</span> <span class='ocrx_word' id='word_1_314' title='bbox 1056 3930 1153 4001; x_wconf 79' lang='grc' dir='ltr'>μέν</span> <span class='ocrx_word' id='word_1_315' title='bbox 1208 3929 1529 4000; x_wconf 85' lang='grc' dir='ltr'>Ὀλοφέρνης</span> <span class='ocrx_word' id='word_1_316' title='bbox 1578 3932 1944 4002; x_wconf 85' lang='grc' dir='ltr'>παρετάσσετο</span> <span class='ocrx_word' id='word_1_317' title='bbox 1997 3936 2077 3997; x_wconf 90' lang='grc' dir='ltr'>εἰς</span> 
     </span>
    </p>
   </div>
   <div class='ocr_carea' id='block_1_42' title="bbox 518 4018 2077 4092">
    <p class='ocr_par' dir='ltr' id='par_1_42' title="bbox 518 4018 2077 4092">
     <span class='ocr_line' id='line_1_42' title="bbox 518 4018 2077 4092; baseline 0 -18"><span class='ocrx_word' id='word_1_318' title='bbox 518 4019 767 4089; x_wconf 88' lang='grc' dir='ltr'>πόλεμον.</span> <span class='ocrx_word' id='word_1_319' title='bbox 818 4019 1014 4090; x_wconf 82' lang='grc' dir='ltr'>Ἀχιὼρ</span> <span class='ocrx_word' id='word_1_320' title='bbox 1044 4018 1100 4071; x_wconf 84' lang='grc' dir='ltr'>δὲ</span> <span class='ocrx_word' id='word_1_321' title='bbox 1142 4019 1171 4070; x_wconf 81' lang='grc' dir='ltr'><strong>ὁ</strong></span> <span class='ocrx_word' id='word_1_322' title='bbox 1216 4018 1510 4088; x_wconf 82' lang='grc' dir='ltr'>ἡγούμενος</span> <span class='ocrx_word' id='word_1_323' title='bbox 1543 4020 1650 4070; x_wconf 92' lang='grc' dir='ltr'>τῶν</span> <span class='ocrx_word' id='word_1_324' title='bbox 1691 4020 1818 4072; x_wconf 91' lang='grc' dir='ltr'>υἱῶν</span> <span class='ocrx_word' id='word_1_325' title='bbox 1856 4021 2077 4092; x_wconf 79' lang='grc' dir='ltr'>’Λμμὼν</span> 
     </span>
    </p>
   </div>
   <div class='ocr_carea' id='block_1_43' title="bbox 519 4103 2077 4174">
    <p class='ocr_par' dir='ltr' id='par_1_43' title="bbox 519 4103 2077 4174">
     <span class='ocr_line' id='line_1_43' title="bbox 519 4103 2077 4174; baseline 0.002 -16"><span class='ocrx_word' id='word_1_326' title='bbox 519 4105 891 4158; x_wconf 90' lang='grc' dir='ltr'>συνεϐούλευσε</span> <span class='ocrx_word' id='word_1_327' title='bbox 913 4104 989 4173; x_wconf 83' lang='grc' dir='ltr'>τῷ</span> <span class='ocrx_word' id='word_1_328' title='bbox 1029 4104 1320 4173; x_wconf 80' lang='grc' dir='ltr'>Ὀλοφέρνῃ</span> <span class='ocrx_word' id='word_1_329' title='bbox 1350 4106 1422 4174; x_wconf 81' lang='grc' dir='ltr'>μὴ</span> <span class='ocrx_word' id='word_1_330' title='bbox 1445 4103 1695 4174; x_wconf 77' lang='grc' dir='ltr'>πολεμεῖν</span> <span class='ocrx_word' id='word_1_331' title='bbox 1711 4106 1770 4156; x_wconf 86' lang='grc' dir='ltr'>τὸ</span> <span class='ocrx_word' id='word_1_332' title='bbox 1795 4106 1944 4172; x_wconf 75' lang='grc' dir='ltr'>ἔθνος</span> <span class='ocrx_word' id='word_1_333' title='bbox 1969 4109 2077 4161; x_wconf 86' lang='grc' dir='ltr'>τῶν</span> 
     </span>
    </p>
   </div>
   <div class='ocr_carea' id='block_1_44' title="bbox 530 4189 2077 4263">
    <p class='ocr_par' dir='ltr' id='par_1_44' title="bbox 530 4189 2077 4263">
     <span class='ocr_line' id='line_1_44' title="bbox 530 4189 2077 4263; baseline 0.001 -17"><span class='ocrx_word' id='word_1_334' title='bbox 530 4192 791 4263; x_wconf 84' lang='grc' dir='ltr'>Ἐϐραίων</span> <span class='ocrx_word' id='word_1_335' title='bbox 820 4190 906 4243; x_wconf 88' lang='grc' dir='ltr'>διά</span> <span class='ocrx_word' id='word_1_336' title='bbox 941 4190 1001 4242; x_wconf 80' lang='grc' dir='ltr'>τὸ</span> <span class='ocrx_word' id='word_1_337' title='bbox 1031 4189 1420 4260; x_wconf 86' lang='grc' dir='ltr'>ὑπερασπίζειν</span> <span class='ocrx_word' id='word_1_338' title='bbox 1448 4191 1624 4243; x_wconf 88' lang='grc' dir='ltr'>αὑτῶν</span> <span class='ocrx_word' id='word_1_339' title='bbox 1655 4191 1745 4244; x_wconf 78' lang='grc' dir='ltr'>τὸν</span> <span class='ocrx_word' id='word_1_340' title='bbox 1785 4193 1936 4248; x_wconf 87' lang='grc' dir='ltr'>Θεόν.</span> <span class='ocrx_word' id='word_1_341' title='bbox 1969 4196 2077 4248; x_wconf 87' lang='lat' dir='ltr'>Kal</span> 
     </span>
    </p>
   </div>
   <div class='ocr_carea' id='block_1_45' title="bbox 518 4276 2078 4348">
    <p class='ocr_par' dir='ltr' id='par_1_45' title="bbox 518 4276 2078 4348">
     <span class='ocr_line' id='line_1_45' title="bbox 518 4276 2078 4348; baseline 0.001 -18"><span class='ocrx_word' id='word_1_342' title='bbox 518 4277 787 4348; x_wconf 74' lang='grc' dir='ltr'>ὀργισθεὶς</span> <span class='ocrx_word' id='word_1_343' title='bbox 849 4276 1170 4347; x_wconf 80' lang='grc' dir='ltr'>Ὀλοφέρνης</span> <span class='ocrx_word' id='word_1_344' title='bbox 1229 4276 1567 4344; x_wconf 76' lang='grc' dir='ltr'>ἀπέστρεψεν</span> <span class='ocrx_word' id='word_1_345' title='bbox 1620 4277 1778 4330; x_wconf 80' lang='grc' dir='ltr'>αὑτὸν</span> <span class='ocrx_word' id='word_1_346' title='bbox 1837 4283 1916 4344; x_wconf 90' lang='grc' dir='ltr'>εἰς</span> <span class='ocrx_word' id='word_1_347' title='bbox 1981 4281 2078 4332; x_wconf 59' lang='lat' dir='ltr'>Bac</span> 
     </span>
    </p>
   </div>
   <div class='ocr_carea' id='block_1_46' title="bbox 517 4362 2076 4434">
    <p class='ocr_par' dir='ltr' id='par_1_46' title="bbox 517 4362 2076 4434">
     <span class='ocr_line' id='line_1_46' title="bbox 517 4362 2076 4434; baseline 0.002 -17"><span class='ocrx_word' id='word_1_348' title='bbox 517 4365 697 4426; x_wconf 80' lang='grc' dir='ltr'>τουλᾶ,</span> <span class='ocrx_word' id='word_1_349' title='bbox 728 4363 1024 4434; x_wconf 87' lang='grc' dir='ltr'>ἀπειλήσας</span> <span class='ocrx_word' id='word_1_350' title='bbox 1057 4363 1298 4432; x_wconf 85' lang='grc' dir='ltr'>ἀναιρεῖν</span> <span class='ocrx_word' id='word_1_351' title='bbox 1329 4362 1488 4414; x_wconf 81' lang='grc' dir='ltr'>αὑτὸν</span> <span class='ocrx_word' id='word_1_352' title='bbox 1516 4363 1563 4413; x_wconf 88' lang='grc' dir='ltr'>εἰ</span> <span class='ocrx_word' id='word_1_353' title='bbox 1595 4364 1930 4433; x_wconf 87' lang='grc' dir='ltr'>περιγένοιτο</span> <span class='ocrx_word' id='word_1_354' title='bbox 1970 4367 2076 4421; x_wconf 83' lang='grc' dir='ltr'>τῶν</span> 
     </span>
    </p>
   </div>
   <div class='ocr_carea' id='block_1_47' title="bbox 530 4443 2077 4520">
    <p class='ocr_par' dir='ltr' id='par_1_47' title="bbox 530 4443 2077 4520">
     <span class='ocr_line' id='line_1_47' title="bbox 530 4443 2077 4520; baseline -0.001 -17"><span class='ocrx_word' id='word_1_355' title='bbox 530 4450 810 4520; x_wconf 86' lang='grc' dir='ltr'>Ἐϐραίων.</span> <span class='ocrx_word' id='word_1_356' title='bbox 862 4451 919 4502; x_wconf 85' lang='grc' dir='ltr'>Ὀ</span> <span class='ocrx_word' id='word_1_357' title='bbox 962 4449 1058 4518; x_wconf 84' lang='grc' dir='ltr'>μὲν</span> <span class='ocrx_word' id='word_1_358' title='bbox 1083 4443 1176 4500; x_wconf 73' lang='grc' dir='ltr'>οὖν</span> <span class='ocrx_word' id='word_1_359' title='bbox 1221 4445 1415 4518; x_wconf 85' lang='grc' dir='ltr'>’Λχιὼρ</span> <span class='ocrx_word' id='word_1_360' title='bbox 1443 4443 1510 4517; x_wconf 80' lang='grc' dir='ltr'>ἧν</span> <span class='ocrx_word' id='word_1_361' title='bbox 1546 4449 1776 4501; x_wconf 87' lang='grc' dir='ltr'>Βετουλᾶ</span> <span class='ocrx_word' id='word_1_362' title='bbox 1807 4451 2077 4504; x_wconf 84' lang='grc' dir='ltr'>ἀναπαυό-</span> 
     </span>
    </p>
   </div>
   <div class='ocr_carea' id='block_1_48' title="bbox 520 4534 2073 4610">
    <p class='ocr_par' dir='ltr' id='par_1_48' title="bbox 520 4534 2073 4610">
     <span class='ocr_line' id='line_1_48' title="bbox 520 4534 2073 4610; baseline 0.001 -22"><span class='ocrx_word' id='word_1_363' title='bbox 520 4553 696 4606; x_wconf 85' lang='grc' dir='ltr'>μενος.</span> <span class='ocrx_word' id='word_1_364' title='bbox 738 4538 794 4589; x_wconf 85' lang='grc'>’0</span> <span class='ocrx_word' id='word_1_365' title='bbox 831 4537 887 4590; x_wconf 80' lang='grc' dir='ltr'>δὲ</span> <span class='ocrx_word' id='word_1_366' title='bbox 932 4535 1251 4606; x_wconf 81' lang='grc' dir='ltr'>ὐλοφέρνης</span> <span class='ocrx_word' id='word_1_367' title='bbox 1279 4534 1578 4603; x_wconf 74' lang='grc' dir='ltr'>ἐπολιόρκει</span> <span class='ocrx_word' id='word_1_368' title='bbox 1606 4535 1702 4606; x_wconf 85' lang='grc' dir='ltr'>τὴν</span> <span class='ocrx_word' id='word_1_369' title='bbox 1737 4535 1905 4597; x_wconf 77' lang='grc' dir='ltr'>πόλιν,</span> <span class='ocrx_word' id='word_1_370' title='bbox 1939 4555 2073 4610; x_wconf 89' lang='grc' dir='ltr'>προ-</span> 
     </span>
    </p>
   </div>
   <div class='ocr_carea' id='block_1_49' title="bbox 516 4619 2076 4691">
    <p class='ocr_par' dir='ltr' id='par_1_49' title="bbox 516 4619 2076 4691">
     <span class='ocr_line' id='line_1_49' title="bbox 516 4619 2076 4691; baseline -0.001 -16"><span class='ocrx_word' id='word_1_371' title='bbox 516 4622 834 4675; x_wconf 87' lang='grc' dir='ltr'>καταλαϐὼν</span> <span class='ocrx_word' id='word_1_372' title='bbox 865 4623 932 4676; x_wconf 73' lang='grc' dir='ltr'>τὰ</span> <span class='ocrx_word' id='word_1_373' title='bbox 971 4620 1156 4674; x_wconf 78' lang='grc' dir='ltr'>ὕδατα.</span> <span class='ocrx_word' id='word_1_374' title='bbox 1200 4621 1337 4691; x_wconf 82' lang='grc' dir='ltr'>Ἤδη</span> <span class='ocrx_word' id='word_1_375' title='bbox 1373 4622 1428 4673; x_wconf 87' lang='grc' dir='ltr'>δέ</span> <span class='ocrx_word' id='word_1_376' title='bbox 1466 4619 1558 4673; x_wconf 90' lang='grc' dir='ltr'>τοῦ</span> <span class='ocrx_word' id='word_1_377' title='bbox 1589 4619 1720 4672; x_wconf 91' lang='grc' dir='ltr'>λαοῦ</span> <span class='ocrx_word' id='word_1_378' title='bbox 1765 4621 2076 4686; x_wconf 86' lang='grc' dir='ltr'>ἐκλυθέντος</span> 
     </span>
    </p>
   </div>
   <div class='ocr_carea' id='block_1_50' title="bbox 514 4705 2076 4776">
    <p class='ocr_par' dir='ltr' id='par_1_50' title="bbox 514 4705 2076 4776">
     <span class='ocr_line' id='line_1_50' title="bbox 514 4705 2076 4776; baseline 0.001 -16"><span class='ocrx_word' id='word_1_379' title='bbox 514 4707 602 4760; x_wconf 92' lang='grc' dir='ltr'>διά</span> <span class='ocrx_word' id='word_1_380' title='bbox 632 4708 692 4759; x_wconf 84' lang='grc' dir='ltr'>τὸ</span> <span class='ocrx_word' id='word_1_381' title='bbox 715 4707 883 4776; x_wconf 87' lang='grc' dir='ltr'>δίψος,</span> <span class='ocrx_word' id='word_1_382' title='bbox 914 4707 1004 4759; x_wconf 68' lang='grc' dir='ltr'>καὶ</span> <span class='ocrx_word' id='word_1_383' title='bbox 1047 4705 1343 4776; x_wconf 85' lang='grc' dir='ltr'>μελλόντων</span> <span class='ocrx_word' id='word_1_384' title='bbox 1371 4705 1615 4759; x_wconf 75' lang='grc' dir='ltr'>ἐκδοῦναι</span> <span class='ocrx_word' id='word_1_385' title='bbox 1648 4705 1744 4776; x_wconf 85' lang='grc' dir='ltr'>τὴν</span> <span class='ocrx_word' id='word_1_386' title='bbox 1787 4708 1936 4761; x_wconf 89' lang='grc' dir='ltr'>πόλιν</span> <span class='ocrx_word' id='word_1_387' title='bbox 1968 4709 2076 4762; x_wconf 87' lang='grc' dir='ltr'>τῶν</span> 
     </span>
    </p>
   </div>
   <div class='ocr_carea' id='block_1_51' title="bbox 515 4794 2076 4866">
    <p class='ocr_par' dir='ltr' id='par_1_51' title="bbox 515 4794 2076 4866">
     <span class='ocr_line' id='line_1_51' title="bbox 515 4794 2076 4866; baseline 0 -18"><span class='ocrx_word' id='word_1_388' title='bbox 515 4796 805 4866; x_wconf 84' lang='grc' dir='ltr'>ἀρχόντων,</span> <span class='ocrx_word' id='word_1_389' title='bbox 857 4794 1038 4847; x_wconf 67' lang='grc' dir='ltr'>Ἰουδῒθ</span> <span class='ocrx_word' id='word_1_390' title='bbox 1065 4794 1407 4848; x_wconf 80' lang='grc' dir='ltr'>ἀποϐαλοῦσα</span> <span class='ocrx_word' id='word_1_391' title='bbox 1425 4794 1489 4846; x_wconf 79' lang='grc' dir='ltr'>τὰ</span> <span class='ocrx_word' id='word_1_392' title='bbox 1518 4797 1613 4864; x_wconf 86' lang='grc' dir='ltr'>τῆς</span> <span class='ocrx_word' id='word_1_393' title='bbox 1644 4795 1865 4863; x_wconf 83' lang='grc' dir='ltr'>χηρείας</span> <span class='ocrx_word' id='word_1_394' title='bbox 1889 4797 2076 4864; x_wconf 87' lang='grc' dir='ltr'>ἱμάτια</span> 
     </span>
    </p>
   </div>
   <div class='ocr_carea' id='block_1_52' title="bbox 518 4877 2074 4951">
    <p class='ocr_par' dir='ltr' id='par_1_52' title="bbox 518 4877 2074 4951">
     <span class='ocr_line' id='line_1_52' title="bbox 518 4877 2074 4951; baseline -0.001 -18"><span class='ocrx_word' id='word_1_395' title='bbox 518 4880 751 4950; x_wconf 76' lang='grc' dir='ltr'>(ἐπένθει</span> <span class='ocrx_word' id='word_1_396' title='bbox 779 4879 885 4949; x_wconf 85' lang='grc' dir='ltr'>γὰρ</span> <span class='ocrx_word' id='word_1_397' title='bbox 909 4880 997 4932; x_wconf 76' lang='grc' dir='ltr'>τὸν</span> <span class='ocrx_word' id='word_1_398' title='bbox 1030 4881 1214 4951; x_wconf 76' lang='grc' dir='ltr'>ἄνδρα,</span> <span class='ocrx_word' id='word_1_399' title='bbox 1251 4882 1342 4932; x_wconf 81' lang='grc' dir='ltr'>καὶ</span> <span class='ocrx_word' id='word_1_400' title='bbox 1365 4882 1430 4932; x_wconf 82' lang='grc' dir='ltr'>δι’</span> <span class='ocrx_word' id='word_1_401' title='bbox 1457 4881 1577 4932; x_wconf 82' lang='grc' dir='ltr'>ὅλου</span> <span class='ocrx_word' id='word_1_402' title='bbox 1602 4879 1934 4949; x_wconf 87' lang='grc' dir='ltr'>νηστεύουσα</span> <span class='ocrx_word' id='word_1_403' title='bbox 1960 4877 2074 4950; x_wconf 79' lang='grc' dir='ltr'>ἦν),</span> 
     </span>
    </p>
   </div>
   <div class='ocr_carea' id='block_1_53' title="bbox 516 4964 2077 5036">
    <p class='ocr_par' dir='ltr' id='par_1_53' title="bbox 516 4964 2077 5036">
     <span class='ocr_line' id='line_1_53' title="bbox 516 4964 2077 5036; baseline 0.001 -17"><span class='ocrx_word' id='word_1_404' title='bbox 516 4967 813 5036; x_wconf 79' lang='grc' dir='ltr'>ἐκόσμησεν</span> <span class='ocrx_word' id='word_1_405' title='bbox 863 4964 1056 5033; x_wconf 86' lang='grc' dir='ltr'>ἐαυτὴν</span> <span class='ocrx_word' id='word_1_406' title='bbox 1084 4967 1157 5028; x_wconf 89' lang='grc' dir='ltr'>ὼς</span> <span class='ocrx_word' id='word_1_407' title='bbox 1188 4966 1422 5036; x_wconf 81' lang='grc' dir='ltr'>νύμφην,</span> <span class='ocrx_word' id='word_1_408' title='bbox 1471 4966 1565 5018; x_wconf 72' lang='grc' dir='ltr'>καὶ</span> <span class='ocrx_word' id='word_1_409' title='bbox 1608 4965 1776 5018; x_wconf 79' lang='grc' dir='ltr'>πολλὰ</span> <span class='ocrx_word' id='word_1_410' title='bbox 1828 4984 2077 5036; x_wconf 84' lang='grc' dir='ltr'>παρακα-</span> 
     </span>
    </p>
   </div>
   <div class='ocr_carea' id='block_1_54' title="bbox 515 5049 2076 5122">
    <p class='ocr_par' dir='ltr' id='par_1_54' title="bbox 515 5049 2076 5122">
     <span class='ocr_line' id='line_1_54' title="bbox 515 5049 2076 5122; baseline 0.002 -21"><span class='ocrx_word' id='word_1_411' title='bbox 515 5051 746 5110; x_wconf 86' lang='grc' dir='ltr'>λέσασα,</span> <span class='ocrx_word' id='word_1_412' title='bbox 786 5050 922 5102; x_wconf 84' lang='grc' dir='ltr'>ὥστε</span> <span class='ocrx_word' id='word_1_413' title='bbox 955 5050 1026 5118; x_wconf 79' lang='grc' dir='ltr'>μὴ</span> <span class='ocrx_word' id='word_1_414' title='bbox 1072 5049 1316 5103; x_wconf 76' lang='grc' dir='ltr'>ἐκδοῦναι</span> <span class='ocrx_word' id='word_1_415' title='bbox 1349 5051 1446 5119; x_wconf 84' lang='grc' dir='ltr'>τὴν</span> <span class='ocrx_word' id='word_1_416' title='bbox 1481 5051 1632 5102; x_wconf 86' lang='grc' dir='ltr'>πόλιν</span> <span class='ocrx_word' id='word_1_417' title='bbox 1671 5051 1825 5121; x_wconf 78' lang='grc' dir='ltr'>ἄχρις</span> <span class='ocrx_word' id='word_1_418' title='bbox 1857 5053 2076 5122; x_wconf 77' lang='grc' dir='ltr'>ἡμερῶν</span> 
     </span>
    </p>
   </div>
   <div class='ocr_carea' id='block_1_55' title="bbox 517 5137 2076 5208">
    <p class='ocr_par' dir='ltr' id='par_1_55' title="bbox 517 5137 2076 5208">
     <span class='ocr_line' id='line_1_55' title="bbox 517 5137 2076 5208; baseline 0.001 -20"><span class='ocrx_word' id='word_1_419' title='bbox 517 5138 582 5200; x_wconf 87' lang='grc' dir='ltr'>ε’,</span> <span class='ocrx_word' id='word_1_420' title='bbox 611 5137 828 5205; x_wconf 83' lang='grc' dir='ltr'>ἐξῆλθεν</span> <span class='ocrx_word' id='word_1_421' title='bbox 862 5137 995 5205; x_wconf 85' lang='grc' dir='ltr'>αὑτὴ</span> <span class='ocrx_word' id='word_1_422' title='bbox 1030 5137 1164 5206; x_wconf 77' lang='grc' dir='ltr'>πρὸς</span> <span class='ocrx_word' id='word_1_423' title='bbox 1199 5138 1288 5189; x_wconf 86' lang='grc' dir='ltr'>τὸν</span> <span class='ocrx_word' id='word_1_424' title='bbox 1322 5137 1664 5207; x_wconf 82' lang='grc' dir='ltr'>Ὀλοφέρνην,</span> <span class='ocrx_word' id='word_1_425' title='bbox 1703 5139 1795 5190; x_wconf 73' lang='grc' dir='ltr'>καὶ</span> <span class='ocrx_word' id='word_1_426' title='bbox 1822 5141 1885 5207; x_wconf 80' lang='grc' dir='ltr'>τῇ</span> <span class='ocrx_word' id='word_1_427' title='bbox 1915 5139 2076 5208; x_wconf 79' lang='grc' dir='ltr'>σοφία</span> 
     </span>
    </p>
   </div>
   <div class='ocr_carea' id='block_1_56' title="bbox 517 5221 2076 5293">
    <p class='ocr_par' dir='ltr' id='par_1_56' title="bbox 517 5221 2076 5293">
     <span class='ocr_line' id='line_1_56' title="bbox 517 5221 2076 5293; baseline 0.001 -21"><span class='ocrx_word' id='word_1_428' title='bbox 517 5221 682 5289; x_wconf 88' lang='grc' dir='ltr'>αὑτῆς</span> <span class='ocrx_word' id='word_1_429' title='bbox 713 5222 1036 5289; x_wconf 85' lang='grc' dir='ltr'>ἀπατήσασα</span> <span class='ocrx_word' id='word_1_430' title='bbox 1070 5221 1248 5280; x_wconf 83' lang='grc' dir='ltr'>αὑτὸν,</span> <span class='ocrx_word' id='word_1_431' title='bbox 1280 5225 1346 5290; x_wconf 78' lang='grc' dir='ltr'>τῇ</span> <span class='ocrx_word' id='word_1_432' title='bbox 1375 5223 1532 5293; x_wconf 82' lang='grc' dir='ltr'>τρίτῃ</span> <span class='ocrx_word' id='word_1_433' title='bbox 1575 5222 1758 5292; x_wconf 71' lang='grc' dir='ltr'>ἡμέρᾳ</span> <span class='ocrx_word' id='word_1_434' title='bbox 1799 5223 2076 5290; x_wconf 85' lang='grc' dir='ltr'>ἀπεκεφά-</span> 
     </span>
    </p>
   </div>
   <div class='ocr_carea' id='block_1_57' title="bbox 517 5305 2077 5379">
    <p class='ocr_par' dir='ltr' id='par_1_57' title="bbox 517 5305 2077 5379">
     <span class='ocr_line' id='line_1_57' title="bbox 517 5305 2077 5379; baseline 0.001 -21"><span class='ocrx_word' id='word_1_435' title='bbox 517 5307 661 5360; x_wconf 90' lang='grc' dir='ltr'>λισεν</span> <span class='ocrx_word' id='word_1_436' title='bbox 714 5307 873 5358; x_wconf 81' lang='grc' dir='ltr'>αὑτὸν</span> <span class='ocrx_word' id='word_1_437' title='bbox 923 5305 1010 5376; x_wconf 73' lang='grc' dir='ltr'>[τῇ</span> <span class='ocrx_word' id='word_1_438' title='bbox 1053 5307 1212 5377; x_wconf 81' lang='grc' dir='ltr'>τρίτῃ</span> <span class='ocrx_word' id='word_1_439' title='bbox 1249 5307 1480 5376; x_wconf 69' lang='grc' dir='ltr'>ήμέραῙ,</span> <span class='ocrx_word' id='word_1_440' title='bbox 1529 5307 1860 5374; x_wconf 85' lang='grc' dir='ltr'>ἀγνοούντων</span> <span class='ocrx_word' id='word_1_441' title='bbox 1916 5325 2077 5379; x_wconf 87' lang='grc' dir='ltr'>στρα-</span> 
     </span>
    </p>
   </div>
   <div class='ocr_carea' id='block_1_58' title="bbox 517 5390 2074 5463">
    <p class='ocr_par' dir='ltr' id='par_1_58' title="bbox 517 5390 2074 5463">
     <span class='ocr_line' id='line_1_58' title="bbox 517 5390 2074 5463; baseline 0.001 -19"><span class='ocrx_word' id='word_1_442' title='bbox 517 5391 721 5445; x_wconf 85' lang='grc' dir='ltr'>τιωτῶν</span> <span class='ocrx_word' id='word_1_443' title='bbox 767 5391 958 5454; x_wconf 87' lang='grc' dir='ltr'>αὑτοῦ,</span> <span class='ocrx_word' id='word_1_444' title='bbox 1002 5395 1092 5444; x_wconf 78' lang='grc' dir='ltr'>καὶ</span> <span class='ocrx_word' id='word_1_445' title='bbox 1127 5390 1266 5444; x_wconf 82' lang='grc' dir='ltr'>οὑτω</span> <span class='ocrx_word' id='word_1_446' title='bbox 1313 5392 1495 5444; x_wconf 76' lang='grc' dir='ltr'>λοιπὸν</span> <span class='ocrx_word' id='word_1_447' title='bbox 1527 5394 1631 5445; x_wconf 83' lang='grc' dir='ltr'>ἀπὸ</span> <span class='ocrx_word' id='word_1_448' title='bbox 1667 5393 1760 5445; x_wconf 91' lang='grc' dir='ltr'>τοῦ</span> <span class='ocrx_word' id='word_1_449' title='bbox 1786 5394 1995 5463; x_wconf 86' lang='grc' dir='ltr'>τείχους</span> <span class='ocrx_word' id='word_1_450' title='bbox 2026 5396 2074 5445; x_wconf 90' lang='grc' dir='ltr'>οἱ</span> 
     </span>
    </p>
   </div>
   <div class='ocr_carea' id='block_1_59' title="bbox 518 5477 2075 5548">
    <p class='ocr_par' dir='ltr' id='par_1_59' title="bbox 518 5477 2075 5548">
     <span class='ocr_line' id='line_1_59' title="bbox 518 5477 2075 5548; baseline -0.001 -17"><span class='ocrx_word' id='word_1_451' title='bbox 518 5478 727 5532; x_wconf 74' lang='grc' dir='ltr'>πολῖται</span> <span class='ocrx_word' id='word_1_452' title='bbox 775 5477 1086 5545; x_wconf 79' lang='grc' dir='ltr'>ἀφάψαντες</span> <span class='ocrx_word' id='word_1_453' title='bbox 1128 5477 1225 5548; x_wconf 85' lang='grc' dir='ltr'>τὴν</span> <span class='ocrx_word' id='word_1_454' title='bbox 1275 5477 1513 5546; x_wconf 80' lang='grc' dir='ltr'>κεφαλὴν</span> <span class='ocrx_word' id='word_1_455' title='bbox 1568 5479 1917 5548; x_wconf 87' lang='grc' dir='ltr'>Ὀλοφέρνου,</span> <span class='ocrx_word' id='word_1_456' title='bbox 1965 5482 2075 5542; x_wconf 82' lang='grc' dir='ltr'>τοῖς</span> 
     </span>
    </p>
   </div>
   <div class='ocr_carea' id='block_1_60' title="bbox 515 5563 2072 5634">
    <p class='ocr_par' dir='ltr' id='par_1_60' title="bbox 515 5563 2072 5634">
     <span class='ocr_line' id='line_1_60' title="bbox 515 5563 2072 5634; baseline -0.003 -15"><span class='ocrx_word' id='word_1_457' title='bbox 515 5565 677 5619; x_wconf 67' lang='grc' dir='ltr'>αὑτοῦ</span> <span class='ocrx_word' id='word_1_458' title='bbox 735 5567 1057 5634; x_wconf 80' lang='grc' dir='ltr'>στρατηγοῖς</span> <span class='ocrx_word' id='word_1_459' title='bbox 1115 5563 1413 5626; x_wconf 81' lang='grc' dir='ltr'>ὑπέδειξαν.</span> <span class='ocrx_word' id='word_1_460' title='bbox 1477 5565 1755 5618; x_wconf 77' lang='grc' dir='ltr'>Ἐντεῦθεν</span> <span class='ocrx_word' id='word_1_461' title='bbox 1801 5567 1850 5617; x_wconf 90' lang='grc' dir='ltr'>οἱ</span> <span class='ocrx_word' id='word_1_462' title='bbox 1905 5565 2012 5633; x_wconf 71' lang='grc' dir='ltr'>γὰρ</span> <span class='ocrx_word' id='word_1_463' title='bbox 2048 5579 2072 5606; x_wconf 78' lang='grc' dir='ltr'>ιι</span> 
     </span>
    </p>
   </div>
   <div class='ocr_carea' id='block_1_61' title="bbox 578 5724 1064 5788">
    <p class='ocr_par' dir='ltr' id='par_1_61' title="bbox 578 5724 1064 5788">
     <span class='ocr_line' id='line_1_61' title="bbox 578 5724 1064 5788; baseline 0.002 -15"><span class='ocrx_word' id='word_1_464' title='bbox 578 5724 603 5755; x_wconf 77' lang='grc'><strong><em>⁸</em></strong></span> <span class='ocrx_word' id='word_1_465' title='bbox 629 5725 722 5773; x_wconf 76' lang='lat' dir='ltr'>Pro</span> <span class='ocrx_word' id='word_1_466' title='bbox 741 5725 825 5788; x_wconf 72' lang='grc' dir='ltr'>γάρ</span> <span class='ocrx_word' id='word_1_467' title='bbox 847 5727 940 5788; x_wconf 72' lang='lat' dir='ltr'>leg.</span> <span class='ocrx_word' id='word_1_468' title='bbox 971 5729 1064 5785; x_wconf 80' lang='grc' dir='ltr'>μέν.</span> 
     </span>
    </p>
   </div>
   <div class='ocr_carea' id='block_1_62' title="bbox 1231 363 3058 426">
    <p class='ocr_par' dir='ltr' id='par_1_62' title="bbox 1231 363 3058 426">
     <span class='ocr_line' id='line_1_62' title="bbox 1231 363 3058 426; baseline 0.003 -9"><span class='ocrx_word' id='word_1_469' title='bbox 1231 363 1290 417; x_wconf 88' lang='lat' dir='ltr'>S.</span> <span class='ocrx_word' id='word_1_470' title='bbox 1326 364 1608 422; x_wconf 72' lang='lat' dir='ltr'>JOANNIS</span> <span class='ocrx_word' id='word_1_471' title='bbox 1646 369 2120 425; x_wconf 64' lang='lat' dir='ltr'>CHRYSOSTOHI</span> <span class='ocrx_word' id='word_1_472' title='bbox 2162 368 2476 424; x_wconf 71' lang='lat' dir='ltr'>ARCHIEP.</span> <span class='ocrx_word' id='word_1_473' title='bbox 2518 369 3058 426; x_wconf 68' lang='lat' dir='ltr'>CUNSTANTINOP.</span> 
     </span>
    </p>
   </div>
   <div class='ocr_carea' id='block_1_63' title="bbox 3655 391 3770 446">
    <p class='ocr_par' dir='ltr' id='par_1_63' title="bbox 3655 391 3770 446">
     <span class='ocr_line' id='line_1_63' title="bbox 3655 391 3770 446; baseline 0 0"><span class='ocrx_word' id='word_1_474' title='bbox 3655 391 3770 446; x_wconf 82' lang='lat'>362</span> 
     </span>
    </p>
   </div>
   <div class='ocr_carea' id='block_1_64' title="bbox 2213 482 3764 556">
    <p class='ocr_par' dir='ltr' id='par_1_64' title="bbox 2213 482 3764 556">
     <span class='ocr_line' id='line_1_64' title="bbox 2213 482 3764 556; baseline -0.004 -17"><span class='ocrx_word' id='word_1_475' title='bbox 2213 486 2482 556; x_wconf 79' lang='grc' dir='ltr'>Ἀσσύριοι</span> <span class='ocrx_word' id='word_1_476' title='bbox 2532 485 2760 553; x_wconf 79' lang='grc' dir='ltr'>ἔφυγον.</span> <span class='ocrx_word' id='word_1_477' title='bbox 2809 489 2856 538; x_wconf 90' lang='grc' dir='ltr'>οἱ</span> <span class='ocrx_word' id='word_1_478' title='bbox 2909 485 2963 538; x_wconf 85' lang='grc' dir='ltr'>δὲ</span> <span class='ocrx_word' id='word_1_479' title='bbox 3006 485 3112 537; x_wconf 82' lang='grc' dir='ltr'>υἱοί</span> <span class='ocrx_word' id='word_1_480' title='bbox 3163 482 3376 554; x_wconf 74' lang='grc' dir='ltr'>Ἰσραὴλ</span> <span class='ocrx_word' id='word_1_481' title='bbox 3424 482 3764 550; x_wconf 80' lang='grc' dir='ltr'>πανταχόθεν</span> 
     </span>
    </p>
   </div>
   <div class='ocr_carea' id='block_1_65' title="bbox 2200 559 3763 641">
    <p class='ocr_par' dir='ltr' id='par_1_65' title="bbox 2200 559 3763 641">
     <span class='ocr_line' id='line_1_65' title="bbox 2200 559 3763 641; baseline -0.003 -19"><span class='ocrx_word' id='word_1_482' title='bbox 2200 559 2592 641; x_wconf 79' lang='grc' dir='ltr'>συνδραμόντες</span> <span class='ocrx_word' id='word_1_483' title='bbox 2625 572 2931 638; x_wconf 83' lang='grc' dir='ltr'>κατέκοψαν</span> <span class='ocrx_word' id='word_1_484' title='bbox 2960 571 3085 634; x_wconf 79' lang='grc' dir='ltr'>τοὺς</span> <span class='ocrx_word' id='word_1_485' title='bbox 3131 568 3459 637; x_wconf 80' lang='grc' dir='ltr'>’Δσσυρίους.</span> <span class='ocrx_word' id='word_1_486' title='bbox 3488 568 3763 628; x_wconf 85' lang='grc' dir='ltr'>Σωθέντες</span> 
     </span>
    </p>
   </div>
   <div class='ocr_carea' id='block_1_66' title="bbox 2197 652 3757 722">
    <p class='ocr_par' dir='ltr' id='par_1_66' title="bbox 2197 652 3757 722">
     <span class='ocr_line' id='line_1_66' title="bbox 2197 652 3757 722; baseline -0.003 -14"><span class='ocrx_word' id='word_1_487' title='bbox 2197 657 2250 708; x_wconf 90' lang='grc' dir='ltr'>δέ</span> <span class='ocrx_word' id='word_1_488' title='bbox 2285 657 2380 709; x_wconf 70' lang='grc' dir='ltr'>καὶ</span> <span class='ocrx_word' id='word_1_489' title='bbox 2423 656 2814 717; x_wconf 88' lang='grc' dir='ltr'>σκυλεύσαντες</span> <span class='ocrx_word' id='word_1_490' title='bbox 2861 657 2988 717; x_wconf 84' lang='grc' dir='ltr'>τοὺς</span> <span class='ocrx_word' id='word_1_491' title='bbox 3037 653 3341 721; x_wconf 86' lang='grc' dir='ltr'>πολεμίους,</span> <span class='ocrx_word' id='word_1_492' title='bbox 3385 652 3645 704; x_wconf 84' lang='grc' dir='ltr'>δεδώκασι</span> <span class='ocrx_word' id='word_1_493' title='bbox 3688 654 3757 722; x_wconf 81' lang='grc' dir='ltr'>τῇ</span> 
     </span>
    </p>
   </div>
   <div class='ocr_carea' id='block_1_67' title="bbox 2199 735 3754 808">
    <p class='ocr_par' dir='ltr' id='par_1_67' title="bbox 2199 735 3754 808">
     <span class='ocr_line' id='line_1_67' title="bbox 2199 735 3754 808; baseline -0.003 -15"><span class='ocrx_word' id='word_1_494' title='bbox 2199 741 2386 793; x_wconf 76' lang='grc' dir='ltr'>Ἰουδὶθ</span> <span class='ocrx_word' id='word_1_495' title='bbox 2423 742 2597 794; x_wconf 86' lang='grc' dir='ltr'>πάντα</span> <span class='ocrx_word' id='word_1_496' title='bbox 2630 743 2697 793; x_wconf 79' lang='grc' dir='ltr'>τά</span> <span class='ocrx_word' id='word_1_497' title='bbox 2736 739 2827 794; x_wconf 88' lang='grc' dir='ltr'>τοῦ</span> <span class='ocrx_word' id='word_1_498' title='bbox 2889 738 3226 808; x_wconf 84' lang='grc' dir='ltr'>Ὀλοφέρνου.</span> <span class='ocrx_word' id='word_1_499' title='bbox 3272 736 3419 806; x_wconf 79' lang='grc' dir='ltr'>Αὐτὴ</span> <span class='ocrx_word' id='word_1_500' title='bbox 3468 736 3524 787; x_wconf 78' lang='grc' dir='ltr'>δὲ</span> <span class='ocrx_word' id='word_1_501' title='bbox 3569 735 3754 788; x_wconf 70' lang='grc' dir='ltr'>Ἰουδὶο</span> 
     </span>
    </p>
   </div>
   <div class='ocr_carea' id='block_1_68' title="bbox 2198 821 3754 896">
    <p class='ocr_par' dir='ltr' id='par_1_68' title="bbox 2198 821 3754 896">
     <span class='ocr_line' id='line_1_68' title="bbox 2198 821 3754 896; baseline -0.003 -18"><span class='ocrx_word' id='word_1_502' title='bbox 2198 827 2502 879; x_wconf 75' lang='grc' dir='ltr'>ἀπελθοῦσα</span> <span class='ocrx_word' id='word_1_503' title='bbox 2533 828 2611 889; x_wconf 90' lang='grc' dir='ltr'>εἰς</span> <span class='ocrx_word' id='word_1_504' title='bbox 2636 825 2986 896; x_wconf 83' lang='grc' dir='ltr'>Ἰερουσαλὴμ</span> <span class='ocrx_word' id='word_1_505' title='bbox 3014 825 3240 894; x_wconf 85' lang='grc' dir='ltr'>ἀνέθηκε</span> <span class='ocrx_word' id='word_1_506' title='bbox 3261 823 3430 875; x_wconf 86' lang='grc' dir='ltr'>πάντα</span> <span class='ocrx_word' id='word_1_507' title='bbox 3447 821 3523 890; x_wconf 82' lang='grc' dir='ltr'>τῷ</span> <span class='ocrx_word' id='word_1_508' title='bbox 3542 822 3754 890; x_wconf 79' lang='grc' dir='ltr'>Κυρίῳ,</span> 
     </span>
    </p>
   </div>
   <div class='ocr_carea' id='block_1_69' title="bbox 2198 905 3762 982">
    <p class='ocr_par' dir='ltr' id='par_1_69' title="bbox 2198 905 3762 982">
     <span class='ocr_line' id='line_1_69' title="bbox 2198 905 3762 982; baseline -0.003 -18"><span class='ocrx_word' id='word_1_509' title='bbox 2198 913 2291 964; x_wconf 67' lang='grc' dir='ltr'>καὶ</span> <span class='ocrx_word' id='word_1_510' title='bbox 2317 912 2685 982; x_wconf 87' lang='grc' dir='ltr'>ἐπιστρέψασα</span> <span class='ocrx_word' id='word_1_511' title='bbox 2714 913 2791 973; x_wconf 89' lang='grc' dir='ltr'>εἰς</span> <span class='ocrx_word' id='word_1_512' title='bbox 2809 911 2899 964; x_wconf 81' lang='grc' dir='ltr'>τὸν</span> <span class='ocrx_word' id='word_1_513' title='bbox 2927 905 3071 963; x_wconf 78' lang='grc' dir='ltr'>οἰκον</span> <span class='ocrx_word' id='word_1_514' title='bbox 3104 911 3293 975; x_wconf 86' lang='grc' dir='ltr'>αὑτῆς,</span> <span class='ocrx_word' id='word_1_515' title='bbox 3322 908 3421 976; x_wconf 81' lang='grc' dir='ltr'>τὴν</span> <span class='ocrx_word' id='word_1_516' title='bbox 3452 908 3619 976; x_wconf 84' lang='grc' dir='ltr'>αὑτὴν</span> <span class='ocrx_word' id='word_1_517' title='bbox 3641 905 3762 976; x_wconf 77' lang='grc' dir='ltr'>εἶχε</span> 
     </span>
    </p>
   </div>
   <div class='ocr_carea' id='block_1_70' title="bbox 2197 992 3760 1068">
    <p class='ocr_par' dir='ltr' id='par_1_70' title="bbox 2197 992 3760 1068">
     <span class='ocr_line' id='line_1_70' title="bbox 2197 992 3760 1068; baseline -0.005 -17"><span class='ocrx_word' id='word_1_518' title='bbox 2197 999 2448 1068; x_wconf 85' lang='grc' dir='ltr'>ἄσκησιν,</span> <span class='ocrx_word' id='word_1_519' title='bbox 2500 997 2593 1049; x_wconf 79' lang='grc' dir='ltr'>καὶ</span> <span class='ocrx_word' id='word_1_520' title='bbox 2634 997 2897 1066; x_wconf 86' lang='grc' dir='ltr'>διέμεινεν</span> <span class='ocrx_word' id='word_1_521' title='bbox 2921 996 3024 1057; x_wconf 84' lang='grc' dir='ltr'>ἐως</span> <span class='ocrx_word' id='word_1_522' title='bbox 3054 995 3280 1047; x_wconf 85' lang='grc' dir='ltr'>θανάτου</span> <span class='ocrx_word' id='word_1_523' title='bbox 3315 995 3478 1062; x_wconf 88' lang='grc' dir='ltr'>χήρα,</span> <span class='ocrx_word' id='word_1_524' title='bbox 3530 992 3760 1062; x_wconf 82' lang='grc' dir='ltr'>μηδενὸς</span> 
     </span>
    </p>
   </div>
   <div class='ocr_carea' id='block_1_71' title="bbox 2198 1076 3760 1152">
    <p class='ocr_par' dir='ltr' id='par_1_71' title="bbox 2198 1076 3760 1152">
     <span class='ocr_line' id='line_1_71' title="bbox 2198 1076 3760 1152; baseline -0.003 -18"><span class='ocrx_word' id='word_1_525' title='bbox 2198 1082 2363 1152; x_wconf 81' lang='grc' dir='ltr'>αὑτὴν</span> <span class='ocrx_word' id='word_1_526' title='bbox 2391 1081 2659 1152; x_wconf 71' lang='grc' dir='ltr'>ἰσχύοντος</span> <span class='ocrx_word' id='word_1_527' title='bbox 2687 1083 2869 1134; x_wconf 86' lang='grc' dir='ltr'>πεῖσαι</span> <span class='ocrx_word' id='word_1_528' title='bbox 2899 1081 3034 1151; x_wconf 85' lang='grc' dir='ltr'>πρὸς</span> <span class='ocrx_word' id='word_1_529' title='bbox 3062 1080 3239 1148; x_wconf 88' lang='grc' dir='ltr'>γάμον</span> <span class='ocrx_word' id='word_1_530' title='bbox 3271 1077 3462 1131; x_wconf 82' lang='grc' dir='ltr'>ἐλθεῖν.</span> <span class='ocrx_word' id='word_1_531' title='bbox 3493 1076 3760 1130; x_wconf 72' lang='grc' dir='ltr'>Ἀπέθανε</span> 
     </span>
    </p>
   </div>
   <div class='ocr_carea' id='block_1_72' title="bbox 2195 1162 3765 1237">
    <p class='ocr_par' dir='ltr' id='par_1_72' title="bbox 2195 1162 3765 1237">
     <span class='ocr_line' id='line_1_72' title="bbox 2195 1162 3765 1237; baseline -0.003 -17"><span class='ocrx_word' id='word_1_532' title='bbox 2195 1167 2251 1220; x_wconf 81' lang='grc' dir='ltr'>δὲ</span> <span class='ocrx_word' id='word_1_533' title='bbox 2271 1167 2479 1236; x_wconf 78' lang='grc' dir='ltr'>ζήσασα</span> <span class='ocrx_word' id='word_1_534' title='bbox 2505 1167 2679 1230; x_wconf 87' lang='grc' dir='ltr'>καλῶς</span> <span class='ocrx_word' id='word_1_535' title='bbox 2706 1169 2764 1220; x_wconf 94' lang='grc' dir='ltr'>ἐν</span> <span class='ocrx_word' id='word_1_536' title='bbox 2781 1169 2845 1236; x_wconf 80' lang='grc' dir='ltr'>τῇ</span> <span class='ocrx_word' id='word_1_537' title='bbox 2875 1165 3069 1237; x_wconf 73' lang='grc' dir='ltr'>χηρείᾳ</span> <span class='ocrx_word' id='word_1_538' title='bbox 3096 1163 3265 1232; x_wconf 85' lang='grc' dir='ltr'>αὑτῆς</span> <span class='ocrx_word' id='word_1_539' title='bbox 3289 1162 3427 1216; x_wconf 81' lang='grc' dir='ltr'>ἐτῶν</span> <span class='ocrx_word' id='word_1_540' title='bbox 3443 1168 3538 1234; x_wconf 84' lang='grc' dir='ltr'>ρε’.</span> <span class='ocrx_word' id='word_1_541' title='bbox 3565 1163 3674 1215; x_wconf 86' lang='lat' dir='ltr'>Kal</span> <span class='ocrx_word' id='word_1_542' title='bbox 3696 1164 3765 1216; x_wconf 71' lang='grc' dir='ltr'>ἐν</span> 
     </span>
    </p>
   </div>
   <div class='ocr_carea' id='block_1_73' title="bbox 2195 1250 3050 1320">
    <p class='ocr_par' dir='ltr' id='par_1_73' title="bbox 2195 1250 3050 1320">
     <span class='ocr_line' id='line_1_73' title="bbox 2195 1250 3050 1320; baseline 0 -16"><span class='ocrx_word' id='word_1_543' title='bbox 2195 1252 2401 1316; x_wconf 87' lang='grc' dir='ltr'>τούτοις</span> <span class='ocrx_word' id='word_1_544' title='bbox 2433 1251 2581 1315; x_wconf 81' lang='grc' dir='ltr'>τέλος</span> <span class='ocrx_word' id='word_1_545' title='bbox 2611 1251 2720 1320; x_wconf 73' lang='grc' dir='ltr'>ἔχει</span> <span class='ocrx_word' id='word_1_546' title='bbox 2743 1251 2804 1304; x_wconf 80' lang='grc' dir='ltr'>τὸ</span> <span class='ocrx_word' id='word_1_547' title='bbox 2832 1250 3050 1320; x_wconf 88' lang='grc' dir='ltr'>βιϐλίον.</span> 
     </span>
    </p>
   </div>
   <div class='ocr_carea' id='block_1_74' title="bbox 2778 1369 3186 1434">
    <p class='ocr_par' dir='ltr' id='par_1_74' title="bbox 2778 1369 3186 1434">
     <span class='ocr_line' id='line_1_74' title="bbox 2778 1369 3186 1434; baseline -0.002 -9"><span class='ocrx_word' id='word_1_548' title='bbox 2778 1369 2906 1425; x_wconf 89' lang='grc' dir='ltr'>Ἰὼϐ</span> <span class='ocrx_word' id='word_1_549' title='bbox 2926 1369 3186 1434; x_wconf 78' lang='grc' dir='ltr'>βιϐλίον.</span> 
     </span>
    </p>
   </div>
   <div class='ocr_carea' id='block_1_75' title="bbox 2279 1488 3760 1561">
    <p class='ocr_par' dir='ltr' id='par_1_75' title="bbox 2279 1488 3760 1561">
     <span class='ocr_line' id='line_1_75' title="bbox 2279 1488 3760 1561; baseline -0.003 -14"><span class='ocrx_word' id='word_1_550' title='bbox 2279 1494 2397 1547; x_wconf 87' lang='grc' dir='ltr'>Ἰὼϐ</span> <span class='ocrx_word' id='word_1_551' title='bbox 2429 1494 2669 1549; x_wconf 86' lang='grc' dir='ltr'>καλεῖται</span> <span class='ocrx_word' id='word_1_552' title='bbox 2702 1493 2762 1546; x_wconf 75' lang='grc' dir='ltr'>τὸ</span> <span class='ocrx_word' id='word_1_553' title='bbox 2798 1491 2996 1561; x_wconf 85' lang='grc' dir='ltr'>βιϐλίον</span> <span class='ocrx_word' id='word_1_554' title='bbox 3020 1532 3035 1556; x_wconf 89' lang='grc'>,</span> <span class='ocrx_word' id='word_1_555' title='bbox 3075 1491 3260 1561; x_wconf 82' lang='grc' dir='ltr'>ἐπειδὴ</span> <span class='ocrx_word' id='word_1_556' title='bbox 3293 1491 3393 1561; x_wconf 82' lang='grc' dir='ltr'>τὴν</span> <span class='ocrx_word' id='word_1_557' title='bbox 3437 1490 3555 1543; x_wconf 76' lang='grc' dir='ltr'>κατ’</span> <span class='ocrx_word' id='word_1_558' title='bbox 3588 1488 3760 1543; x_wconf 72' lang='grc' dir='ltr'>αὑτὸν</span> 
     </span>
    </p>
   </div>
   <div class='ocr_carea' id='block_1_76' title="bbox 2199 1572 3757 1650">
    <p class='ocr_par' dir='ltr' id='par_1_76' title="bbox 2199 1572 3757 1650">
     <span class='ocr_line' id='line_1_76' title="bbox 2199 1572 3757 1650; baseline -0.004 -19"><span class='ocrx_word' id='word_1_559' title='bbox 2199 1578 2434 1650; x_wconf 72' lang='grc' dir='ltr'>ἱστορίαν</span> <span class='ocrx_word' id='word_1_560' title='bbox 2461 1577 2728 1650; x_wconf 83' lang='grc' dir='ltr'>περιέχει,</span> <span class='ocrx_word' id='word_1_561' title='bbox 2773 1577 2888 1640; x_wconf 86' lang='grc' dir='ltr'>πῶς</span> <span class='ocrx_word' id='word_1_562' title='bbox 2916 1593 2974 1628; x_wconf 85' lang='grc' dir='ltr'>τε</span> <span class='ocrx_word' id='word_1_563' title='bbox 3007 1575 3238 1628; x_wconf 87' lang='grc' dir='ltr'>πέπονθε</span> <span class='ocrx_word' id='word_1_564' title='bbox 3289 1573 3602 1643; x_wconf 79' lang='grc' dir='ltr'>πειρασθεὶς</span> <span class='ocrx_word' id='word_1_565' title='bbox 3647 1572 3757 1625; x_wconf 75' lang='grc' dir='ltr'>ὑπὸ</span> 
     </span>
    </p>
   </div>
   <div class='ocr_carea' id='block_1_77' title="bbox 2193 1658 3757 1732">
    <p class='ocr_par' dir='ltr' id='par_1_77' title="bbox 2193 1658 3757 1732">
     <span class='ocr_line' id='line_1_77' title="bbox 2193 1658 3757 1732; baseline -0.005 -14"><span class='ocrx_word' id='word_1_566' title='bbox 2193 1663 2286 1718; x_wconf 91' lang='grc' dir='ltr'>τοῦ</span> <span class='ocrx_word' id='word_1_567' title='bbox 2333 1663 2577 1717; x_wconf 86' lang='grc' dir='ltr'>διαϐόλου</span> <span class='ocrx_word' id='word_1_568' title='bbox 2603 1703 2618 1726; x_wconf 93' lang='grc'>,</span> <span class='ocrx_word' id='word_1_569' title='bbox 2661 1663 2755 1717; x_wconf 70' lang='grc' dir='ltr'>καὶ</span> <span class='ocrx_word' id='word_1_570' title='bbox 2800 1663 3026 1732; x_wconf 87' lang='grc' dir='ltr'>νικήσας</span> <span class='ocrx_word' id='word_1_571' title='bbox 3063 1659 3222 1713; x_wconf 76' lang='grc' dir='ltr'>αὐτὸν</span> <span class='ocrx_word' id='word_1_572' title='bbox 3254 1662 3312 1713; x_wconf 93' lang='grc' dir='ltr'>ἐν</span> <span class='ocrx_word' id='word_1_573' title='bbox 3351 1658 3427 1729; x_wconf 84' lang='grc' dir='ltr'>τῷ</span> <span class='ocrx_word' id='word_1_574' title='bbox 3461 1660 3757 1729; x_wconf 84' lang='grc' dir='ltr'>ὑπομεῖναι</span> 
     </span>
    </p>
   </div>
   <div class='ocr_carea' id='block_1_78' title="bbox 2195 1744 3754 1817">
    <p class='ocr_par' dir='ltr' id='par_1_78' title="bbox 2195 1744 3754 1817">
     <span class='ocr_line' id='line_1_78' title="bbox 2195 1744 3754 1817; baseline -0.004 -15"><span class='ocrx_word' id='word_1_575' title='bbox 2195 1749 2430 1813; x_wconf 82' lang='grc' dir='ltr'>εὐσεϐῶς</span> <span class='ocrx_word' id='word_1_576' title='bbox 2469 1750 2567 1812; x_wconf 87' lang='grc' dir='ltr'>τάς</span> <span class='ocrx_word' id='word_1_577' title='bbox 2596 1747 2972 1817; x_wconf 83' lang='grc' dir='ltr'>ἐπενεχθείσας</span> <span class='ocrx_word' id='word_1_578' title='bbox 2999 1746 3146 1815; x_wconf 87' lang='grc' dir='ltr'>αὑτῷ</span> <span class='ocrx_word' id='word_1_579' title='bbox 3186 1745 3426 1816; x_wconf 85' lang='grc' dir='ltr'>πληγάς·</span> <span class='ocrx_word' id='word_1_580' title='bbox 3459 1747 3553 1798; x_wconf 79' lang='grc' dir='ltr'>καὶ</span> <span class='ocrx_word' id='word_1_581' title='bbox 3587 1744 3754 1797; x_wconf 77' lang='grc' dir='ltr'>διπλᾶ</span> 
     </span>
    </p>
   </div>
   <div class='ocr_carea' id='block_1_79' title="bbox 2193 1827 3752 1904">
    <p class='ocr_par' dir='ltr' id='par_1_79' title="bbox 2193 1827 3752 1904">
     <span class='ocr_line' id='line_1_79' title="bbox 2193 1827 3752 1904; baseline -0.003 -15"><span class='ocrx_word' id='word_1_582' title='bbox 2193 1837 2369 1891; x_wconf 88' lang='grc' dir='ltr'>πάντα</span> <span class='ocrx_word' id='word_1_583' title='bbox 2396 1836 2652 1901; x_wconf 87' lang='grc' dir='ltr'>ἀπέλαϐε,</span> <span class='ocrx_word' id='word_1_584' title='bbox 2685 1837 2778 1890; x_wconf 74' lang='grc' dir='ltr'>καὶ</span> <span class='ocrx_word' id='word_1_585' title='bbox 2814 1835 3034 1904; x_wconf 83' lang='grc' dir='ltr'>γέγονεν</span> <span class='ocrx_word' id='word_1_586' title='bbox 3060 1834 3387 1903; x_wconf 81' lang='grc' dir='ltr'>ἐνδοξότερος</span> <span class='ocrx_word' id='word_1_587' title='bbox 3414 1832 3553 1902; x_wconf 84' lang='grc' dir='ltr'>ὑπὲρ</span> <span class='ocrx_word' id='word_1_588' title='bbox 3596 1831 3626 1883; x_wconf 84' lang='grc' dir='ltr'>δ</span> <span class='ocrx_word' id='word_1_589' title='bbox 3658 1827 3752 1900; x_wconf 82' lang='grc' dir='ltr'>ἦν.</span> 
     </span>
    </p>
   </div>
   <div class='ocr_carea' id='block_1_80' title="bbox 2194 1917 3756 1991">
    <p class='ocr_par' dir='ltr' id='par_1_80' title="bbox 2194 1917 3756 1991">
     <span class='ocr_line' id='line_1_80' title="bbox 2194 1917 3756 1991; baseline -0.004 -15"><span class='ocrx_word' id='word_1_590' title='bbox 2194 1923 2431 1976; x_wconf 85' lang='grc' dir='ltr'>Πέπονθε</span> <span class='ocrx_word' id='word_1_591' title='bbox 2457 1922 2514 1976; x_wconf 87' lang='grc' dir='ltr'>δέ</span> <span class='ocrx_word' id='word_1_592' title='bbox 2535 1922 2670 1976; x_wconf 87' lang='grc' dir='ltr'>ἐτῶν</span> <span class='ocrx_word' id='word_1_593' title='bbox 2691 1921 2765 1974; x_wconf 84' lang='grc' dir='ltr'>ὢν</span> <span class='ocrx_word' id='word_1_594' title='bbox 2791 1928 2850 1986; x_wconf 87' lang='lat' dir='ltr'>o&#39;,</span> <span class='ocrx_word' id='word_1_595' title='bbox 2885 1920 3116 1991; x_wconf 84' lang='grc' dir='ltr'>ἐπέζησε</span> <span class='ocrx_word' id='word_1_596' title='bbox 3149 1920 3205 1974; x_wconf 83' lang='grc' dir='ltr'>δὲ</span> <span class='ocrx_word' id='word_1_597' title='bbox 3242 1919 3376 1990; x_wconf 82' lang='grc' dir='ltr'>μετὰ</span> <span class='ocrx_word' id='word_1_598' title='bbox 3403 1918 3501 1981; x_wconf 91' lang='grc' dir='ltr'>τάς</span> <span class='ocrx_word' id='word_1_599' title='bbox 3535 1917 3756 1988; x_wconf 80' lang='grc' dir='ltr'>πληγὰς</span> 
     </span>
    </p>
   </div>
   <div class='ocr_carea' id='block_1_81' title="bbox 2193 2003 3751 2078">
    <p class='ocr_par' dir='ltr' id='par_1_81' title="bbox 2193 2003 3751 2078">
     <span class='ocr_line' id='line_1_81' title="bbox 2193 2003 3751 2078; baseline -0.001 -18"><span class='ocrx_word' id='word_1_600' title='bbox 2193 2008 2285 2077; x_wconf 74' lang='grc' dir='ltr'>ἔτη</span> <span class='ocrx_word' id='word_1_601' title='bbox 2319 2014 2411 2078; x_wconf 87' lang='grc' dir='ltr'>ρο’,</span> <span class='ocrx_word' id='word_1_602' title='bbox 2438 2008 2512 2071; x_wconf 89' lang='grc' dir='ltr'>ὼς</span> <span class='ocrx_word' id='word_1_603' title='bbox 2541 2005 2768 2060; x_wconf 76' lang='grc' dir='ltr'>εἶναιτὰ</span> <span class='ocrx_word' id='word_1_604' title='bbox 2794 2007 2972 2060; x_wconf 88' lang='grc' dir='ltr'>πάντα</span> <span class='ocrx_word' id='word_1_605' title='bbox 3003 2007 3102 2075; x_wconf 87' lang='grc' dir='ltr'>τῆς</span> <span class='ocrx_word' id='word_1_606' title='bbox 3129 2007 3272 2074; x_wconf 84' lang='grc' dir='ltr'>ζωῆς</span> <span class='ocrx_word' id='word_1_607' title='bbox 3305 2005 3464 2058; x_wconf 88' lang='grc' dir='ltr'>αὑτοῦ</span> <span class='ocrx_word' id='word_1_608' title='bbox 3499 2003 3594 2072; x_wconf 77' lang='grc' dir='ltr'>ἔτη</span> <span class='ocrx_word' id='word_1_609' title='bbox 3635 2011 3751 2074; x_wconf 87' lang='grc' dir='ltr'>σμ’.</span> 
     </span>
    </p>
   </div>
   <div class='ocr_carea' id='block_1_82' title="bbox 2191 2092 3755 2164">
    <p class='ocr_par' dir='ltr' id='par_1_82' title="bbox 2191 2092 3755 2164">
     <span class='ocr_line' id='line_1_82' title="bbox 2191 2092 3755 2164; baseline -0.002 -18"><span class='ocrx_word' id='word_1_610' title='bbox 2191 2095 2383 2162; x_wconf 85' lang='grc' dir='ltr'>Γέγονε</span> <span class='ocrx_word' id='word_1_611' title='bbox 2427 2093 2482 2147; x_wconf 85' lang='grc' dir='ltr'>δὲ</span> <span class='ocrx_word' id='word_1_612' title='bbox 2524 2093 2643 2147; x_wconf 89' lang='grc' dir='ltr'>Ἰὼϐ</span> <span class='ocrx_word' id='word_1_613' title='bbox 2687 2095 2790 2164; x_wconf 89' lang='grc' dir='ltr'>πρὸ</span> <span class='ocrx_word' id='word_1_614' title='bbox 2833 2093 3146 2156; x_wconf 83' lang='grc' dir='ltr'>Μωῦσέως·</span> <span class='ocrx_word' id='word_1_615' title='bbox 3195 2093 3301 2145; x_wconf 78' lang='grc' dir='ltr'>ἀπὸ</span> <span class='ocrx_word' id='word_1_616' title='bbox 3347 2092 3455 2162; x_wconf 91' lang='grc' dir='ltr'>γάρ</span> <span class='ocrx_word' id='word_1_617' title='bbox 3499 2093 3755 2162; x_wconf 85' lang='grc' dir='ltr'>Ἀϐραάμ</span> 
     </span>
    </p>
   </div>
   <div class='ocr_carea' id='block_1_83' title="bbox 2191 2177 3753 2252">
    <p class='ocr_par' dir='ltr' id='par_1_83' title="bbox 2191 2177 3753 2252">
     <span class='ocr_line' id='line_1_83' title="bbox 2191 2177 3753 2252; baseline -0.001 -17"><span class='ocrx_word' id='word_1_618' title='bbox 2191 2183 2436 2252; x_wconf 83' lang='grc' dir='ltr'>πέμπτος</span> <span class='ocrx_word' id='word_1_619' title='bbox 2468 2177 2556 2251; x_wconf 83' lang='grc' dir='ltr'>ἦν,</span> <span class='ocrx_word' id='word_1_620' title='bbox 2585 2181 2804 2248; x_wconf 79' lang='grc' dir='ltr'>ἔγγονος</span> <span class='ocrx_word' id='word_1_621' title='bbox 2863 2179 3051 2233; x_wconf 85' lang='grc' dir='ltr'>Ἡσαῦ.</span> <span class='ocrx_word' id='word_1_622' title='bbox 3093 2178 3191 2232; x_wconf 89' lang='grc' dir='ltr'>Διά</span> <span class='ocrx_word' id='word_1_623' title='bbox 3219 2179 3274 2232; x_wconf 86' lang='grc' dir='ltr'>δέ</span> <span class='ocrx_word' id='word_1_624' title='bbox 3313 2178 3410 2250; x_wconf 80' lang='grc' dir='ltr'>τὴν</span> <span class='ocrx_word' id='word_1_625' title='bbox 3447 2178 3753 2248; x_wconf 74' lang='grc' dir='ltr'>γενομένην</span> 
     </span>
    </p>
   </div>
   <div class='ocr_carea' id='block_1_84' title="bbox 2189 2261 3754 2336">
    <p class='ocr_par' dir='ltr' id='par_1_84' title="bbox 2189 2261 3754 2336">
     <span class='ocr_line' id='line_1_84' title="bbox 2189 2261 3754 2336; baseline -0.001 -16"><span class='ocrx_word' id='word_1_626' title='bbox 2189 2270 2309 2320; x_wconf 85' lang='grc' dir='ltr'>κατ’</span> <span class='ocrx_word' id='word_1_627' title='bbox 2338 2267 2500 2320; x_wconf 84' lang='grc' dir='ltr'>αὑτοῦ</span> <span class='ocrx_word' id='word_1_628' title='bbox 2531 2266 2743 2335; x_wconf 83' lang='grc' dir='ltr'>πληγὴν</span> <span class='ocrx_word' id='word_1_629' title='bbox 2781 2261 2942 2335; x_wconf 79' lang='grc' dir='ltr'>ἦλθον</span> <span class='ocrx_word' id='word_1_630' title='bbox 2977 2265 3110 2336; x_wconf 76' lang='grc' dir='ltr'>πρὸς</span> <span class='ocrx_word' id='word_1_631' title='bbox 3137 2265 3296 2318; x_wconf 84' lang='grc' dir='ltr'>αὑτὸν</span> <span class='ocrx_word' id='word_1_632' title='bbox 3322 2264 3462 2333; x_wconf 84' lang='grc' dir='ltr'>φίλοι</span> <span class='ocrx_word' id='word_1_633' title='bbox 3493 2279 3754 2333; x_wconf 73' lang='grc' dir='ltr'>παρακαι-</span> 
     </span>
    </p>
   </div>
   <div class='ocr_carea' id='block_1_85' title="bbox 2189 2350 3754 2421">
    <p class='ocr_par' dir='ltr' id='par_1_85' title="bbox 2189 2350 3754 2421">
     <span class='ocr_line' id='line_1_85' title="bbox 2189 2350 3754 2421; baseline -0.003 -14"><span class='ocrx_word' id='word_1_634' title='bbox 2189 2355 2298 2407; x_wconf 87' lang='grc' dir='ltr'>λεῖν</span> <span class='ocrx_word' id='word_1_635' title='bbox 2313 2354 2493 2417; x_wconf 74' lang='grc' dir='ltr'>αὑτὸν,</span> <span class='ocrx_word' id='word_1_636' title='bbox 2523 2353 2615 2406; x_wconf 74' lang='grc' dir='ltr'>καὶ</span> <span class='ocrx_word' id='word_1_637' title='bbox 2636 2351 2884 2406; x_wconf 90' lang='grc' dir='ltr'>τοσοῦτον</span> <span class='ocrx_word' id='word_1_638' title='bbox 2908 2352 3221 2421; x_wconf 87' lang='grc' dir='ltr'>φιλονείκως</span> <span class='ocrx_word' id='word_1_639' title='bbox 3239 2353 3332 2404; x_wconf 75' lang='grc' dir='ltr'>καὶ</span> <span class='ocrx_word' id='word_1_640' title='bbox 3353 2351 3592 2421; x_wconf 77' lang='grc' dir='ltr'>ἀνηλεῶς</span> <span class='ocrx_word' id='word_1_641' title='bbox 3613 2350 3754 2419; x_wconf 77' lang='grc' dir='ltr'>πρὸς</span> 
     </span>
    </p>
   </div>
   <div class='ocr_carea' id='block_1_86' title="bbox 2189 2436 3750 2508">
    <p class='ocr_par' dir='ltr' id='par_1_86' title="bbox 2189 2436 3750 2508">
     <span class='ocr_line' id='line_1_86' title="bbox 2189 2436 3750 2508; baseline -0.004 -15"><span class='ocrx_word' id='word_1_642' title='bbox 2189 2440 2350 2493; x_wconf 82' lang='grc' dir='ltr'>αὑτὸν</span> <span class='ocrx_word' id='word_1_643' title='bbox 2377 2438 2686 2508; x_wconf 84' lang='grc' dir='ltr'>διετέθησαν</span> <span class='ocrx_word' id='word_1_644' title='bbox 2734 2441 2847 2501; x_wconf 89' lang='grc' dir='ltr'>τοῖς</span> <span class='ocrx_word' id='word_1_645' title='bbox 2892 2437 3089 2506; x_wconf 87' lang='grc' dir='ltr'>λόγοις,</span> <span class='ocrx_word' id='word_1_646' title='bbox 3145 2437 3282 2489; x_wconf 86' lang='grc' dir='ltr'>ὥστε</span> <span class='ocrx_word' id='word_1_647' title='bbox 3330 2438 3424 2490; x_wconf 74' lang='grc' dir='ltr'>καὶ</span> <span class='ocrx_word' id='word_1_648' title='bbox 3471 2436 3750 2506; x_wconf 82' lang='grc' dir='ltr'>ἁμαρτίαν</span> 
     </span>
    </p>
   </div>
   <div class='ocr_carea' id='block_1_87' title="bbox 2189 2522 3751 2595">
    <p class='ocr_par' dir='ltr' id='par_1_87' title="bbox 2189 2522 3751 2595">
     <span class='ocr_line' id='line_1_87' title="bbox 2189 2522 3751 2595; baseline -0.003 -18"><span class='ocrx_word' id='word_1_649' title='bbox 2189 2526 2368 2588; x_wconf 86' lang='grc' dir='ltr'>αὑτοῖς</span> <span class='ocrx_word' id='word_1_650' title='bbox 2391 2526 2453 2578; x_wconf 86' lang='grc' dir='ltr'>τὸ</span> <span class='ocrx_word' id='word_1_651' title='bbox 2481 2527 2710 2595; x_wconf 74' lang='grc' dir='ltr'>πρᾶγμα</span> <span class='ocrx_word' id='word_1_652' title='bbox 2727 2523 3060 2594; x_wconf 88' lang='grc' dir='ltr'>λογισθῆναι.</span> <span class='ocrx_word' id='word_1_653' title='bbox 3092 2524 3149 2576; x_wconf 85' lang='grc' dir='ltr'><strong>Ὀ</strong></span> <span class='ocrx_word' id='word_1_654' title='bbox 3170 2523 3226 2576; x_wconf 84' lang='grc' dir='ltr'>δέ</span> <span class='ocrx_word' id='word_1_655' title='bbox 3263 2522 3380 2575; x_wconf 87' lang='grc' dir='ltr'>Ἰὼϐ</span> <span class='ocrx_word' id='word_1_656' title='bbox 3405 2523 3751 2592; x_wconf 82' lang='grc' dir='ltr'>παρεκάλεσε</span> 
     </span>
    </p>
   </div>
   <div class='ocr_carea' id='block_1_88' title="bbox 2185 2608 3747 2681">
    <p class='ocr_par' dir='ltr' id='par_1_88' title="bbox 2185 2608 3747 2681">
     <span class='ocr_line' id='line_1_88' title="bbox 2185 2608 3747 2681; baseline -0.001 -19"><span class='ocrx_word' id='word_1_657' title='bbox 2185 2610 2277 2662; x_wconf 79' lang='grc' dir='ltr'>τὸν</span> <span class='ocrx_word' id='word_1_658' title='bbox 2306 2609 2436 2662; x_wconf 87' lang='grc' dir='ltr'>Θεδν</span> <span class='ocrx_word' id='word_1_659' title='bbox 2457 2611 2596 2681; x_wconf 84' lang='grc' dir='ltr'>ὑπὲρ</span> <span class='ocrx_word' id='word_1_660' title='bbox 2621 2610 2818 2673; x_wconf 90' lang='grc' dir='ltr'>αὑτῶν,</span> <span class='ocrx_word' id='word_1_661' title='bbox 2850 2611 2941 2662; x_wconf 72' lang='grc' dir='ltr'>καὶ</span> <span class='ocrx_word' id='word_1_662' title='bbox 2970 2609 3316 2680; x_wconf 79' lang='grc' dir='ltr'>συνεχωρήθη</span> <span class='ocrx_word' id='word_1_663' title='bbox 3358 2609 3558 2668; x_wconf 83' lang='grc' dir='ltr'>αὑτοῖς.</span> <span class='ocrx_word' id='word_1_664' title='bbox 3594 2608 3747 2660; x_wconf 76' lang='grc' dir='ltr'>Εἰσὶν</span> 
     </span>
    </p>
   </div>
   <div class='ocr_carea' id='block_1_89' title="bbox 2186 2692 3749 2766">
    <p class='ocr_par' dir='ltr' id='par_1_89' title="bbox 2186 2692 3749 2766">
     <span class='ocr_line' id='line_1_89' title="bbox 2186 2692 3749 2766; baseline -0.001 -17"><span class='ocrx_word' id='word_1_665' title='bbox 2186 2693 2277 2749; x_wconf 74' lang='grc' dir='ltr'>οὖν</span> <span class='ocrx_word' id='word_1_666' title='bbox 2302 2695 2377 2766; x_wconf 82' lang='grc' dir='ltr'>τῷ</span> <span class='ocrx_word' id='word_1_667' title='bbox 2417 2695 2534 2748; x_wconf 87' lang='grc' dir='ltr'>Ἰὼϐ</span> <span class='ocrx_word' id='word_1_668' title='bbox 2561 2695 2794 2762; x_wconf 90' lang='grc' dir='ltr'>διάλογοι</span> <span class='ocrx_word' id='word_1_669' title='bbox 2815 2695 2948 2764; x_wconf 76' lang='grc' dir='ltr'>πρὸς</span> <span class='ocrx_word' id='word_1_670' title='bbox 2964 2696 3086 2756; x_wconf 79' lang='grc' dir='ltr'>τοὺς</span> <span class='ocrx_word' id='word_1_671' title='bbox 3108 2695 3290 2763; x_wconf 84' lang='grc' dir='ltr'>φίλους</span> <span class='ocrx_word' id='word_1_672' title='bbox 3306 2692 3355 2764; x_wconf 87' lang='grc' dir='ltr'>η’</span> <span class='ocrx_word' id='word_1_673' title='bbox 3371 2712 3383 2726; x_wconf 79' lang='grc'><em>’</em></span> <span class='ocrx_word' id='word_1_674' title='bbox 3407 2693 3498 2746; x_wconf 82' lang='grc' dir='ltr'>τοῦ</span> <span class='ocrx_word' id='word_1_675' title='bbox 3523 2694 3749 2762; x_wconf 61' lang='grc' dir='ltr'>Ἑλιφάζ⁹</span> 
     </span>
    </p>
   </div>
   <div class='ocr_carea' id='block_1_90' title="bbox 2185 2777 3750 2852">
    <p class='ocr_par' dir='ltr' id='par_1_90' title="bbox 2185 2777 3750 2852">
     <span class='ocr_line' id='line_1_90' title="bbox 2185 2777 3750 2852; baseline -0.002 -17"><span class='ocrx_word' id='word_1_676' title='bbox 2185 2781 2322 2852; x_wconf 79' lang='grc' dir='ltr'>πρὸς</span> <span class='ocrx_word' id='word_1_677' title='bbox 2366 2781 2525 2835; x_wconf 82' lang='grc' dir='ltr'>αὑτὸν</span> <span class='ocrx_word' id='word_1_678' title='bbox 2551 2784 2725 2850; x_wconf 80' lang='grc' dir='ltr'>τρεῖς·</span> <span class='ocrx_word' id='word_1_679' title='bbox 2779 2780 2872 2833; x_wconf 92' lang='grc' dir='ltr'>τοῦ</span> <span class='ocrx_word' id='word_1_680' title='bbox 2922 2779 3120 2850; x_wconf 89' lang='grc' dir='ltr'>Σωφάρ</span> <span class='ocrx_word' id='word_1_681' title='bbox 3151 2777 3284 2849; x_wconf 82' lang='grc' dir='ltr'>πρὸς</span> <span class='ocrx_word' id='word_1_682' title='bbox 3306 2779 3466 2832; x_wconf 82' lang='grc' dir='ltr'>αὑτὸν</span> <span class='ocrx_word' id='word_1_683' title='bbox 3496 2779 3588 2831; x_wconf 87' lang='grc' dir='ltr'>δύο</span> <span class='ocrx_word' id='word_1_684' title='bbox 3608 2795 3620 2806; x_wconf 90' lang='grc'><strong>·</strong></span> <span class='ocrx_word' id='word_1_685' title='bbox 3652 2781 3750 2834; x_wconf 71' lang='grc' dir='ltr'>καὶ</span> 
     </span>
    </p>
   </div>
   <div class='ocr_carea' id='block_1_91' title="bbox 2185 2864 3754 2936">
    <p class='ocr_par' dir='ltr' id='par_1_91' title="bbox 2185 2864 3754 2936">
     <span class='ocr_line' id='line_1_91' title="bbox 2185 2864 3754 2936; baseline -0.002 -17"><span class='ocrx_word' id='word_1_686' title='bbox 2185 2866 2275 2919; x_wconf 92' lang='grc' dir='ltr'>τοῦ</span> <span class='ocrx_word' id='word_1_687' title='bbox 2307 2866 2506 2920; x_wconf 71' lang='grc' dir='ltr'>Βαλδέιδ</span> <span class='ocrx_word' id='word_1_688' title='bbox 2531 2868 2699 2936; x_wconf 83' lang='grc' dir='ltr'>τρεῖς.</span> <span class='ocrx_word' id='word_1_689' title='bbox 2727 2867 2846 2918; x_wconf 85' lang='grc' dir='ltr'>Ἔτι</span> <span class='ocrx_word' id='word_1_690' title='bbox 2875 2866 2930 2918; x_wconf 87' lang='grc' dir='ltr'>δέ</span> <span class='ocrx_word' id='word_1_691' title='bbox 2964 2866 3056 2918; x_wconf 82' lang='grc' dir='ltr'>καὶ</span> <span class='ocrx_word' id='word_1_692' title='bbox 3083 2864 3175 2916; x_wconf 88' lang='grc' dir='ltr'>τοῦ</span> <span class='ocrx_word' id='word_1_693' title='bbox 3225 2864 3431 2927; x_wconf 74' lang='grc' dir='ltr'>Ἐλιοὺζ</span> <span class='ocrx_word' id='word_1_694' title='bbox 3450 2864 3541 2915; x_wconf 91' lang='grc' dir='ltr'>τοῦ</span> <span class='ocrx_word' id='word_1_695' title='bbox 3571 2865 3754 2932; x_wconf 81' lang='grc' dir='ltr'>Βαρα-</span> 
     </span>
    </p>
   </div>
   <div class='ocr_carea' id='block_1_92' title="bbox 2186 2948 3749 3024">
    <p class='ocr_par' dir='ltr' id='par_1_92' title="bbox 2186 2948 3749 3024">
     <span class='ocr_line' id='line_1_92' title="bbox 2186 2948 3749 3024; baseline -0.004 -18"><span class='ocrx_word' id='word_1_696' title='bbox 2186 2953 2309 3024; x_wconf 81' lang='grc' dir='ltr'>χιὴλ</span> <span class='ocrx_word' id='word_1_697' title='bbox 2333 2952 2427 3006; x_wconf 92' lang='grc' dir='ltr'>τοῦ</span> <span class='ocrx_word' id='word_1_698' title='bbox 2459 2952 2728 3016; x_wconf 84' lang='grc' dir='ltr'>Βουζίτου.</span> <span class='ocrx_word' id='word_1_699' title='bbox 2760 2951 2868 3003; x_wconf 82' lang='lat' dir='ltr'>Kal</span> <span class='ocrx_word' id='word_1_700' title='bbox 2899 2950 3079 3002; x_wconf 85' lang='grc' dir='ltr'>λοιπὸν</span> <span class='ocrx_word' id='word_1_701' title='bbox 3119 2952 3146 3000; x_wconf 88' lang='grc' dir='ltr'>ό</span> <span class='ocrx_word' id='word_1_702' title='bbox 3193 2949 3391 3019; x_wconf 82' lang='grc' dir='ltr'>Κύριος</span> <span class='ocrx_word' id='word_1_703' title='bbox 3422 2948 3749 3017; x_wconf 78' lang='grc' dir='ltr'>χρηματίζει</span> 
     </span>
    </p>
   </div>
   <div class='ocr_carea' id='block_1_93' title="bbox 2186 3037 3748 3110">
    <p class='ocr_par' dir='ltr' id='par_1_93' title="bbox 2186 3037 3748 3110">
     <span class='ocr_line' id='line_1_93' title="bbox 2186 3037 3748 3110; baseline -0.002 -18"><span class='ocrx_word' id='word_1_704' title='bbox 2186 3039 2262 3110; x_wconf 83' lang='grc' dir='ltr'>τῷ</span> <span class='ocrx_word' id='word_1_705' title='bbox 2301 3039 2421 3092; x_wconf 89' lang='grc' dir='ltr'>Ἰὼϐ</span> <span class='ocrx_word' id='word_1_706' title='bbox 2452 3039 2540 3093; x_wconf 89' lang='grc' dir='ltr'>διά</span> <span class='ocrx_word' id='word_1_707' title='bbox 2579 3039 2836 3100; x_wconf 84' lang='grc' dir='ltr'>λαίλαπος</span> <span class='ocrx_word' id='word_1_708' title='bbox 2867 3039 2960 3090; x_wconf 75' lang='grc' dir='ltr'>καὶ</span> <span class='ocrx_word' id='word_1_709' title='bbox 2986 3037 3231 3106; x_wconf 85' lang='grc' dir='ltr'>νεφέλης.</span> <span class='ocrx_word' id='word_1_710' title='bbox 3274 3037 3650 3106; x_wconf 70' lang='grc' dir='ltr'>Ἀποκρίνετιι</span> <span class='ocrx_word' id='word_1_711' title='bbox 3687 3037 3748 3089; x_wconf 76' lang='grc' dir='ltr'>δὲ</span> 
     </span>
    </p>
   </div>
   <div class='ocr_carea' id='block_1_94' title="bbox 2187 3121 3750 3197">
    <p class='ocr_par' dir='ltr' id='par_1_94' title="bbox 2187 3121 3750 3197">
     <span class='ocr_line' id='line_1_94' title="bbox 2187 3121 3750 3197; baseline -0.003 -18"><span class='ocrx_word' id='word_1_712' title='bbox 2187 3126 2282 3180; x_wconf 72' lang='grc' dir='ltr'>καὶ</span> <span class='ocrx_word' id='word_1_713' title='bbox 2321 3125 2438 3180; x_wconf 87' lang='grc' dir='ltr'>Ἰὼϐ</span> <span class='ocrx_word' id='word_1_714' title='bbox 2467 3125 2541 3196; x_wconf 83' lang='grc' dir='ltr'>τῷ</span> <span class='ocrx_word' id='word_1_715' title='bbox 2573 3125 2762 3197; x_wconf 81' lang='grc' dir='ltr'>Κυρίῳ</span> <span class='ocrx_word' id='word_1_716' title='bbox 2792 3123 2881 3177; x_wconf 90' lang='grc' dir='ltr'>διά</span> <span class='ocrx_word' id='word_1_717' title='bbox 2918 3123 3088 3192; x_wconf 86' lang='grc' dir='ltr'>λόγων</span> <span class='ocrx_word' id='word_1_718' title='bbox 3124 3123 3237 3176; x_wconf 89' lang='grc' dir='ltr'>δύο.</span> <span class='ocrx_word' id='word_1_719' title='bbox 3271 3123 3380 3175; x_wconf 90' lang='lat' dir='ltr'>Kal</span> <span class='ocrx_word' id='word_1_720' title='bbox 3407 3121 3564 3175; x_wconf 92' lang='grc' dir='ltr'>τοῦτο</span> <span class='ocrx_word' id='word_1_721' title='bbox 3593 3123 3750 3187; x_wconf 88' lang='grc' dir='ltr'>τέλος</span> 
     </span>
    </p>
   </div>
   <div class='ocr_carea' id='block_1_95' title="bbox 2187 3210 2638 3283">
    <p class='ocr_par' dir='ltr' id='par_1_95' title="bbox 2187 3210 2638 3283">
     <span class='ocr_line' id='line_1_95' title="bbox 2187 3210 2638 3283; baseline -0.004 -18"><span class='ocrx_word' id='word_1_722' title='bbox 2187 3211 2296 3283; x_wconf 76' lang='grc' dir='ltr'>ἔχει</span> <span class='ocrx_word' id='word_1_723' title='bbox 2332 3211 2394 3265; x_wconf 71' lang='grc' dir='ltr'>τὸ</span> <span class='ocrx_word' id='word_1_724' title='bbox 2418 3210 2638 3281; x_wconf 86' lang='grc' dir='ltr'>βιϐλίον.</span> 
     </span>
    </p>
   </div>
   <div class='ocr_carea' id='block_1_96' title="bbox 2213 3271 3750 3384">
    <p class='ocr_par' dir='ltr' id='par_1_96' title="bbox 2213 3271 3750 3384">
     <span class='ocr_line' id='line_1_96' title="bbox 2213 3271 3750 3384; baseline -0.001 -18"><span class='ocrx_word' id='word_1_725' title='bbox 2213 3271 2428 3384; x_wconf 33' lang='grc' dir='ltr'>ὶδΕστιυ</span> <span class='ocrx_word' id='word_1_726' title='bbox 2465 3313 2522 3367; x_wconf 84' lang='grc' dir='ltr'>δέ</span> <span class='ocrx_word' id='word_1_727' title='bbox 2567 3314 2596 3366; x_wconf 87' lang='grc' dir='ltr'>ό</span> <span class='ocrx_word' id='word_1_728' title='bbox 2653 3312 2852 3375; x_wconf 79' lang='grc' dir='ltr'>σκοπὸς</span> <span class='ocrx_word' id='word_1_729' title='bbox 2886 3311 3048 3366; x_wconf 86' lang='grc' dir='ltr'>αὑτοῦ</span> <span class='ocrx_word' id='word_1_730' title='bbox 3083 3313 3226 3375; x_wconf 76' lang='grc' dir='ltr'>ἅπας</span> <span class='ocrx_word' id='word_1_731' title='bbox 3277 3311 3412 3380; x_wconf 72' lang='grc' dir='ltr'>πρὸς</span> <span class='ocrx_word' id='word_1_732' title='bbox 3470 3311 3750 3380; x_wconf 72' lang='grc' dir='ltr'>ὑπομονὴν</span> 
     </span>
    </p>
   </div>
   <div class='ocr_carea' id='block_1_97' title="bbox 2187 3397 3746 3470">
    <p class='ocr_par' dir='ltr' id='par_1_97' title="bbox 2187 3397 3746 3470">
     <span class='ocr_line' id='line_1_97' title="bbox 2187 3397 3746 3470; baseline -0.003 -18"><span class='ocrx_word' id='word_1_733' title='bbox 2187 3397 2579 3470; x_wconf 86' lang='grc' dir='ltr'>ἐκκαλούμενος</span> <span class='ocrx_word' id='word_1_734' title='bbox 2611 3397 2760 3469; x_wconf 77' lang='lat'>[367]</span> <span class='ocrx_word' id='word_1_735' title='bbox 2796 3399 2921 3459; x_wconf 76' lang='grc' dir='ltr'>τοὺς</span> <span class='ocrx_word' id='word_1_736' title='bbox 2947 3400 3004 3450; x_wconf 87' lang='grc' dir='ltr'>ἐν</span> <span class='ocrx_word' id='word_1_737' title='bbox 3036 3400 3354 3469; x_wconf 89' lang='grc' dir='ltr'>πειρασμοῖς</span> <span class='ocrx_word' id='word_1_738' title='bbox 3384 3398 3746 3463; x_wconf 84' lang='grc' dir='ltr'>περιπίπτον-</span> 
     </span>
    </p>
   </div>
   <div class='ocr_carea' id='block_1_98' title="bbox 2184 3481 3748 3554">
    <p class='ocr_par' dir='ltr' id='par_1_98' title="bbox 2184 3481 3748 3554">
     <span class='ocr_line' id='line_1_98' title="bbox 2184 3481 3748 3554; baseline -0.001 -18"><span class='ocrx_word' id='word_1_739' title='bbox 2184 3501 2301 3546; x_wconf 86' lang='grc' dir='ltr'>τας,</span> <span class='ocrx_word' id='word_1_740' title='bbox 2340 3485 2443 3538; x_wconf 81' lang='grc' dir='ltr'>κᾶν</span> <span class='ocrx_word' id='word_1_741' title='bbox 2471 3484 2610 3536; x_wconf 89' lang='grc' dir='ltr'>πάνυ</span> <span class='ocrx_word' id='word_1_742' title='bbox 2646 3485 2734 3536; x_wconf 77' lang='grc' dir='ltr'>ἐπ’</span> <span class='ocrx_word' id='word_1_743' title='bbox 2769 3482 3016 3551; x_wconf 78' lang='grc' dir='ltr'>εὐσεϐείᾳ</span> <span class='ocrx_word' id='word_1_744' title='bbox 3041 3482 3505 3552; x_wconf 87' lang='grc' dir='ltr'>μεμαρτύρηνται,</span> <span class='ocrx_word' id='word_1_745' title='bbox 3541 3481 3635 3535; x_wconf 68' lang='grc' dir='ltr'>καὶ</span> <span class='ocrx_word' id='word_1_746' title='bbox 3668 3482 3748 3554; x_wconf 75' lang='grc' dir='ltr'>μὴ</span> 
     </span>
    </p>
   </div>
   <div class='ocr_carea' id='block_1_99' title="bbox 2187 3567 3745 3634">
    <p class='ocr_par' dir='ltr' id='par_1_99' title="bbox 2187 3567 3745 3634">
     <span class='ocr_line' id='line_1_99' title="bbox 2187 3567 3745 3634; baseline -0.001 -13"><span class='ocrx_word' id='word_1_747' title='bbox 2187 3568 2627 3632; x_wconf 80' lang='grc' dir='ltr'>σκανδαλίζεσθαι</span> <span class='ocrx_word' id='word_1_748' title='bbox 2651 3607 2666 3631; x_wconf 94' lang='grc'>,</span> <span class='ocrx_word' id='word_1_749' title='bbox 2697 3567 2811 3620; x_wconf 85' lang='grc' dir='ltr'>ἀλλ’</span> <span class='ocrx_word' id='word_1_750' title='bbox 2840 3567 3157 3634; x_wconf 84' lang='grc' dir='ltr'>ἐπιφωνεῖν·</span> <span class='ocrx_word' id='word_1_751' title='bbox 3205 3568 3257 3618; x_wconf 90' lang='lat'>&#39;0</span> <span class='ocrx_word' id='word_1_752' title='bbox 3296 3568 3505 3634; x_wconf 83' lang='grc' dir='ltr'>Κύριος</span> <span class='ocrx_word' id='word_1_753' title='bbox 3537 3567 3745 3630; x_wconf 77' lang='grc' dir='ltr'>ἔδωκε,</span> 
     </span>
    </p>
   </div>
   <div class='ocr_carea' id='block_1_100' title="bbox 2186 3651 3746 3723">
    <p class='ocr_par' dir='ltr' id='par_1_100' title="bbox 2186 3651 3746 3723">
     <span class='ocr_line' id='line_1_100' title="bbox 2186 3651 3746 3723; baseline -0.001 -15"><span class='ocrx_word' id='word_1_754' title='bbox 2186 3657 2218 3708; x_wconf 85' lang='lat' dir='ltr'><strong>d</strong></span> <span class='ocrx_word' id='word_1_755' title='bbox 2237 3655 2444 3722; x_wconf 85' lang='grc' dir='ltr'>Κύριος</span> <span class='ocrx_word' id='word_1_756' title='bbox 2461 3655 2737 3723; x_wconf 66' lang='grc' dir='ltr'>ἀφειλετο</span> <span class='ocrx_word' id='word_1_757' title='bbox 2754 3669 2767 3682; x_wconf 87' lang='grc'><strong>·</strong></span> <span class='ocrx_word' id='word_1_758' title='bbox 2797 3655 2877 3717; x_wconf 85' lang='grc' dir='ltr'>ὡς</span> <span class='ocrx_word' id='word_1_759' title='bbox 2901 3651 2980 3717; x_wconf 84' lang='grc' dir='ltr'>τῷ</span> <span class='ocrx_word' id='word_1_760' title='bbox 3000 3654 3194 3720; x_wconf 84' lang='grc' dir='ltr'>Κυρίῳ</span> <span class='ocrx_word' id='word_1_761' title='bbox 3221 3653 3448 3717; x_wconf 74' lang='grc' dir='ltr'>ἔδοξεν,</span> <span class='ocrx_word' id='word_1_762' title='bbox 3468 3654 3622 3706; x_wconf 84' lang='grc' dir='ltr'>οὕτω</span> <span class='ocrx_word' id='word_1_763' title='bbox 3645 3654 3746 3706; x_wconf 74' lang='grc' dir='ltr'>καί</span> 
     </span>
    </p>
   </div>
   <div class='ocr_carea' id='block_1_101' title="bbox 2184 3738 3748 3810">
    <p class='ocr_par' dir='ltr' id='par_1_101' title="bbox 2184 3738 3748 3810">
     <span class='ocr_line' id='line_1_101' title="bbox 2184 3738 3748 3810; baseline -0.001 -18"><span class='ocrx_word' id='word_1_764' title='bbox 2184 3739 2448 3810; x_wconf 75' lang='grc' dir='ltr'>ἐγένετο·</span> <span class='ocrx_word' id='word_1_765' title='bbox 2481 3741 2572 3808; x_wconf 77' lang='grc' dir='ltr'>εἴη</span> <span class='ocrx_word' id='word_1_766' title='bbox 2611 3739 2678 3793; x_wconf 82' lang='grc' dir='ltr'>τὸ</span> <span class='ocrx_word' id='word_1_767' title='bbox 2718 3739 2904 3808; x_wconf 79' lang='grc' dir='ltr'>ὄνομα</span> <span class='ocrx_word' id='word_1_768' title='bbox 2939 3740 3156 3806; x_wconf 82' lang='grc' dir='ltr'>Κυρίου</span> <span class='ocrx_word' id='word_1_769' title='bbox 3189 3738 3594 3806; x_wconf 76' lang='grc' dir='ltr'>εὐλογημένον</span> <span class='ocrx_word' id='word_1_770' title='bbox 3624 3740 3748 3792; x_wconf 79' lang='grc' dir='ltr'>ἀπὸ</span> 
     </span>
    </p>
   </div>
   <div class='ocr_carea' id='block_1_102' title="bbox 2185 3823 3753 3892">
    <p class='ocr_par' dir='ltr' id='par_1_102' title="bbox 2185 3823 3753 3892">
     <span class='ocr_line' id='line_1_102' title="bbox 2185 3823 3753 3892; baseline -0.004 -10"><span class='ocrx_word' id='word_1_771' title='bbox 2185 3826 2292 3881; x_wconf 78' lang='grc' dir='ltr'>τοῦ</span> <span class='ocrx_word' id='word_1_772' title='bbox 2325 3827 2443 3882; x_wconf 75' lang='grc' dir='ltr'>νῦν</span> <span class='ocrx_word' id='word_1_773' title='bbox 2476 3827 2576 3881; x_wconf 78' lang='grc' dir='ltr'>καί</span> <span class='ocrx_word' id='word_1_774' title='bbox 2600 3827 2711 3892; x_wconf 72' lang='grc' dir='ltr'>ἕως</span> <span class='ocrx_word' id='word_1_775' title='bbox 2739 3825 2846 3879; x_wconf 80' lang='grc' dir='ltr'>τοῦ</span> <span class='ocrx_word' id='word_1_776' title='bbox 2887 3823 3125 3890; x_wconf 82' lang='grc' dir='ltr'>αἱῶνος’</span> <span class='ocrx_word' id='word_1_777' title='bbox 3155 3824 3234 3878; x_wconf 78' lang='grc' dir='ltr'>ἐτι</span> <span class='ocrx_word' id='word_1_778' title='bbox 3266 3826 3358 3876; x_wconf 81' lang='lat' dir='ltr'><strong><em>xal</em></strong></span> <span class='ocrx_word' id='word_1_779' title='bbox 3391 3826 3470 3890; x_wconf 79' lang='grc' dir='ltr'>τὸ,</span> <span class='ocrx_word' id='word_1_780' title='bbox 3502 3825 3753 3892; x_wconf 76' lang='grc' dir='ltr'>Γυμνὸς</span> 
     </span>
    </p>
   </div>
   <div class='ocr_carea' id='block_1_103' title="bbox 2184 3911 3746 3980">
    <p class='ocr_par' dir='ltr' id='par_1_103' title="bbox 2184 3911 3746 3980">
     <span class='ocr_line' id='line_1_103' title="bbox 2184 3911 3746 3980; baseline -0.003 -14"><span class='ocrx_word' id='word_1_781' title='bbox 2184 3911 2442 3980; x_wconf 74' lang='grc' dir='ltr'>ἐξῆλθον</span> <span class='ocrx_word' id='word_1_782' title='bbox 2463 3913 2531 3966; x_wconf 79' lang='grc' dir='ltr'>ἐκ</span> <span class='ocrx_word' id='word_1_783' title='bbox 2560 3913 2789 3977; x_wconf 70' lang='grc' dir='ltr'>κοιλίας</span> <span class='ocrx_word' id='word_1_784' title='bbox 2805 3911 3029 3980; x_wconf 84' lang='grc' dir='ltr'>μητρός</span> <span class='ocrx_word' id='word_1_785' title='bbox 3058 3927 3196 3980; x_wconf 82' lang='grc' dir='ltr'>μου,</span> <span class='ocrx_word' id='word_1_786' title='bbox 3229 3911 3452 3979; x_wconf 76' lang='grc' dir='ltr'>γυμνὸς</span> <span class='ocrx_word' id='word_1_787' title='bbox 3482 3911 3576 3962; x_wconf 68' lang='grc' dir='ltr'>καί</span> <span class='ocrx_word' id='word_1_788' title='bbox 3600 3912 3746 3962; x_wconf 77' lang='grc' dir='ltr'>άπε-</span> 
     </span>
    </p>
   </div>
   <div class='ocr_carea' id='block_1_104' title="bbox 2183 3996 3744 4068">
    <p class='ocr_par' dir='ltr' id='par_1_104' title="bbox 2183 3996 3744 4068">
     <span class='ocr_line' id='line_1_104' title="bbox 2183 3996 3744 4068; baseline -0.004 -15"><span class='ocrx_word' id='word_1_789' title='bbox 2183 4001 2470 4068; x_wconf 69' lang='grc' dir='ltr'>λεύσομαι</span> <span class='ocrx_word' id='word_1_790' title='bbox 2492 3998 2646 4052; x_wconf 74' lang='grc' dir='ltr'>ἐκεῖο</span> <span class='ocrx_word' id='word_1_791' title='bbox 2681 3998 2776 4050; x_wconf 70' lang='grc' dir='ltr'>καὶ</span> <span class='ocrx_word' id='word_1_792' title='bbox 2808 3997 3056 4050; x_wconf 89' lang='grc' dir='ltr'>ἐντεῦθεν</span> <span class='ocrx_word' id='word_1_793' title='bbox 3081 3997 3264 4050; x_wconf 86' lang='grc' dir='ltr'>λοιπὸν</span> <span class='ocrx_word' id='word_1_794' title='bbox 3289 3996 3574 4065; x_wconf 81' lang='grc' dir='ltr'>μανθάνειν</span> <span class='ocrx_word' id='word_1_795' title='bbox 3601 3997 3744 4065; x_wconf 80' lang='grc' dir='ltr'>πόση</span> 
     </span>
    </p>
   </div>
   <div class='ocr_carea' id='block_1_105' title="bbox 2185 4081 3748 4155">
    <p class='ocr_par' dir='ltr' id='par_1_105' title="bbox 2185 4081 3748 4155">
     <span class='ocr_line' id='line_1_105' title="bbox 2185 4081 3748 4155; baseline -0.004 -16"><span class='ocrx_word' id='word_1_796' title='bbox 2185 4085 2283 4154; x_wconf 87' lang='grc' dir='ltr'>τῆς</span> <span class='ocrx_word' id='word_1_797' title='bbox 2321 4085 2594 4155; x_wconf 81' lang='grc' dir='ltr'>ὑπομονῆς</span> <span class='ocrx_word' id='word_1_798' title='bbox 2635 4086 2670 4154; x_wconf 85' lang='grc' dir='ltr'>ή</span> <span class='ocrx_word' id='word_1_799' title='bbox 2713 4084 2978 4152; x_wconf 77' lang='grc' dir='ltr'>ώφέλειαο</span> <span class='ocrx_word' id='word_1_800' title='bbox 3027 4083 3118 4136; x_wconf 76' lang='grc' dir='ltr'>καὶ</span> <span class='ocrx_word' id='word_1_801' title='bbox 3155 4083 3260 4152; x_wconf 83' lang='grc' dir='ltr'>γάρ</span> <span class='ocrx_word' id='word_1_802' title='bbox 3303 4081 3546 4134; x_wconf 87' lang='grc' dir='ltr'>ἐντεῦθεν</span> <span class='ocrx_word' id='word_1_803' title='bbox 3586 4083 3748 4133; x_wconf 85' lang='grc' dir='ltr'>κάκεῖ</span> 
     </span>
    </p>
   </div>
   <div class='ocr_carea' id='block_1_106' title="bbox 2185 4166 3751 4239">
    <p class='ocr_par' dir='ltr' id='par_1_106' title="bbox 2185 4166 3751 4239">
     <span class='ocr_line' id='line_1_106' title="bbox 2185 4166 3751 4239; baseline -0.002 -18"><span class='ocrx_word' id='word_1_804' title='bbox 2185 4169 2281 4239; x_wconf 78' lang='grc' dir='ltr'>τὴν</span> <span class='ocrx_word' id='word_1_805' title='bbox 2313 4169 2730 4239; x_wconf 90' lang='grc' dir='ltr'>μισθαποδοσίαν</span> <span class='ocrx_word' id='word_1_806' title='bbox 2781 4169 3038 4238; x_wconf 80' lang='grc' dir='ltr'>λήψονται</span> <span class='ocrx_word' id='word_1_807' title='bbox 3089 4168 3164 4230; x_wconf 87' lang='grc' dir='ltr'>ὡς</span> <span class='ocrx_word' id='word_1_808' title='bbox 3202 4167 3339 4220; x_wconf 88' lang='grc' dir='ltr'>Ἰώϐ.</span> <span class='ocrx_word' id='word_1_809' title='bbox 3388 4166 3507 4219; x_wconf 84' lang='grc' dir='ltr'>Ἔτι</span> <span class='ocrx_word' id='word_1_810' title='bbox 3542 4167 3599 4218; x_wconf 83' lang='grc' dir='ltr'>δὲ</span> <span class='ocrx_word' id='word_1_811' title='bbox 3651 4167 3751 4218; x_wconf 72' lang='grc' dir='ltr'>καὶ</span> 
     </span>
    </p>
   </div>
   <div class='ocr_carea' id='block_1_107' title="bbox 2186 4252 3748 4326">
    <p class='ocr_par' dir='ltr' id='par_1_107' title="bbox 2186 4252 3748 4326">
     <span class='ocr_line' id='line_1_107' title="bbox 2186 4252 3748 4326; baseline -0.002 -19"><span class='ocrx_word' id='word_1_812' title='bbox 2186 4254 2435 4326; x_wconf 79' lang='grc' dir='ltr'>ἀναδείξῃ</span> <span class='ocrx_word' id='word_1_813' title='bbox 2482 4258 2510 4308; x_wconf 86' lang='grc' dir='ltr'>ό</span> <span class='ocrx_word' id='word_1_814' title='bbox 2559 4255 2688 4318; x_wconf 76' lang='grc' dir='ltr'>Θεὸς</span> <span class='ocrx_word' id='word_1_815' title='bbox 2741 4254 3065 4322; x_wconf 88' lang='grc' dir='ltr'>ἀπείραστος</span> <span class='ocrx_word' id='word_1_816' title='bbox 3103 4252 3286 4304; x_wconf 85' lang='grc' dir='ltr'>κακῶν</span> <span class='ocrx_word' id='word_1_817' title='bbox 3313 4290 3328 4314; x_wconf 88' lang='grc'>,</span> <span class='ocrx_word' id='word_1_818' title='bbox 3386 4252 3634 4320; x_wconf 78' lang='grc' dir='ltr'>πειράζει</span> <span class='ocrx_word' id='word_1_819' title='bbox 3687 4252 3748 4304; x_wconf 80' lang='grc' dir='ltr'>δὲ</span> 
     </span>
    </p>
   </div>
   <div class='ocr_carea' id='block_1_108' title="bbox 2185 4337 3747 4410">
    <p class='ocr_par' dir='ltr' id='par_1_108' title="bbox 2185 4337 3747 4410">
     <span class='ocr_line' id='line_1_108' title="bbox 2185 4337 3747 4410; baseline -0.004 -18"><span class='ocrx_word' id='word_1_820' title='bbox 2185 4341 2406 4393; x_wconf 87' lang='grc' dir='ltr'>οὑδένα·</span> <span class='ocrx_word' id='word_1_821' title='bbox 2435 4339 2883 4410; x_wconf 86' lang='grc' dir='ltr'>παραχωροῦντος</span> <span class='ocrx_word' id='word_1_822' title='bbox 2925 4339 2981 4390; x_wconf 84' lang='grc' dir='ltr'>δὲ</span> <span class='ocrx_word' id='word_1_823' title='bbox 3017 4338 3109 4391; x_wconf 89' lang='grc' dir='ltr'>τοῦ</span> <span class='ocrx_word' id='word_1_824' title='bbox 3145 4337 3276 4388; x_wconf 88' lang='grc' dir='ltr'>Θεοῦ</span> <span class='ocrx_word' id='word_1_825' title='bbox 3314 4337 3607 4404; x_wconf 77' lang='grc' dir='ltr'>πειρασμοὶ</span> <span class='ocrx_word' id='word_1_826' title='bbox 3633 4339 3747 4397; x_wconf 86' lang='grc' dir='ltr'>τοῖς</span> 
     </span>
    </p>
   </div>
   <div class='ocr_carea' id='block_1_109' title="bbox 2185 4421 3745 4494">
    <p class='ocr_par' dir='ltr' id='par_1_109' title="bbox 2185 4421 3745 4494">
     <span class='ocr_line' id='line_1_109' title="bbox 2185 4421 3745 4494; baseline -0.004 -17"><span class='ocrx_word' id='word_1_827' title='bbox 2185 4425 2486 4494; x_wconf 87' lang='grc' dir='ltr'>ἀνθρώποις</span> <span class='ocrx_word' id='word_1_828' title='bbox 2506 4424 2607 4476; x_wconf 82' lang='grc' dir='ltr'>ὑπὸ</span> <span class='ocrx_word' id='word_1_829' title='bbox 2632 4423 2894 4492; x_wconf 89' lang='grc' dir='ltr'>δαιμόνων</span> <span class='ocrx_word' id='word_1_830' title='bbox 2919 4424 3252 4493; x_wconf 88' lang='grc' dir='ltr'>ἐπέρχονται,</span> <span class='ocrx_word' id='word_1_831' title='bbox 3279 4421 3364 4474; x_wconf 81' lang='grc' dir='ltr'>διὰ</span> <span class='ocrx_word' id='word_1_832' title='bbox 3397 4421 3494 4490; x_wconf 84' lang='grc' dir='ltr'>τὴν</span> <span class='ocrx_word' id='word_1_833' title='bbox 3511 4422 3745 4473; x_wconf 78' lang='grc' dir='ltr'>ἑκάστου</span> 
     </span>
    </p>
   </div>
   <div class='ocr_carea' id='block_1_110' title="bbox 2185 4508 3747 4581">
    <p class='ocr_par' dir='ltr' id='par_1_110' title="bbox 2185 4508 3747 4581">
     <span class='ocr_line' id='line_1_110' title="bbox 2185 4508 3747 4581; baseline -0.004 -16"><span class='ocrx_word' id='word_1_834' title='bbox 2185 4513 2408 4581; x_wconf 84' lang='grc' dir='ltr'>δοκιμὴν</span> <span class='ocrx_word' id='word_1_835' title='bbox 2463 4511 2557 4564; x_wconf 71' lang='grc' dir='ltr'>καὶ</span> <span class='ocrx_word' id='word_1_836' title='bbox 2601 4511 2893 4565; x_wconf 89' lang='grc' dir='ltr'>τελείωσιν.</span> <span class='ocrx_word' id='word_1_837' title='bbox 2946 4511 3082 4563; x_wconf 80' lang='grc' dir='ltr'>Φασὶ</span> <span class='ocrx_word' id='word_1_838' title='bbox 3125 4509 3182 4562; x_wconf 83' lang='grc' dir='ltr'>δὲ</span> <span class='ocrx_word' id='word_1_839' title='bbox 3251 4508 3567 4577; x_wconf 86' lang='grc' dir='ltr'>Σολομῶντα</span> <span class='ocrx_word' id='word_1_840' title='bbox 3622 4524 3747 4559; x_wconf 87' lang='grc' dir='ltr'>συν-</span> 
     </span>
    </p>
   </div>
   <div class='ocr_carea' id='block_1_111' title="bbox 2184 4593 3746 4668">
    <p class='ocr_par' dir='ltr' id='par_1_111' title="bbox 2184 4593 3746 4668">
     <span class='ocr_line' id='line_1_111' title="bbox 2184 4593 3746 4668; baseline -0.004 -17"><span class='ocrx_word' id='word_1_841' title='bbox 2184 4598 2460 4668; x_wconf 89' lang='grc' dir='ltr'>τεταχέναι</span> <span class='ocrx_word' id='word_1_842' title='bbox 2486 4599 2579 4650; x_wconf 74' lang='grc' dir='ltr'>καὶ</span> <span class='ocrx_word' id='word_1_843' title='bbox 2605 4597 2761 4649; x_wconf 89' lang='grc' dir='ltr'>τοῦτο</span> <span class='ocrx_word' id='word_1_844' title='bbox 2797 4597 2856 4648; x_wconf 75' lang='grc' dir='ltr'>τὸ</span> <span class='ocrx_word' id='word_1_845' title='bbox 2884 4596 3105 4666; x_wconf 87' lang='grc' dir='ltr'>βιϐλίον,</span> <span class='ocrx_word' id='word_1_846' title='bbox 3135 4597 3183 4647; x_wconf 90' lang='grc' dir='ltr'>εί</span> <span class='ocrx_word' id='word_1_847' title='bbox 3215 4595 3288 4663; x_wconf 80' lang='grc' dir='ltr'>μὴ</span> <span class='ocrx_word' id='word_1_848' title='bbox 3322 4596 3428 4663; x_wconf 77' lang='grc' dir='ltr'>ἄρα</span> <span class='ocrx_word' id='word_1_849' title='bbox 3467 4593 3746 4656; x_wconf 79' lang='grc' dir='ltr'>Μωῦσέως</span> 
     </span>
    </p>
   </div>
   <div class='ocr_carea' id='block_1_112' title="bbox 2186 4678 3744 4753">
    <p class='ocr_par' dir='ltr' id='par_1_112' title="bbox 2186 4678 3744 4753">
     <span class='ocr_line' id='line_1_112' title="bbox 2186 4678 3744 4753; baseline -0.004 -16"><span class='ocrx_word' id='word_1_850' title='bbox 2186 4685 2300 4737; x_wconf 77' lang='grc' dir='ltr'>ἐστὶ</span> <span class='ocrx_word' id='word_1_851' title='bbox 2331 4684 2683 4753; x_wconf 85' lang='grc' dir='ltr'>σύγγραμμα.</span> <span class='ocrx_word' id='word_1_852' title='bbox 2734 4683 2798 4734; x_wconf 84' lang='grc' dir='ltr'><strong>Ἦ</strong></span> <span class='ocrx_word' id='word_1_853' title='bbox 2825 4683 2921 4751; x_wconf 81' lang='grc' dir='ltr'>μὲν</span> <span class='ocrx_word' id='word_1_854' title='bbox 2944 4682 3167 4751; x_wconf 80' lang='grc' dir='ltr'>περιοχὴ</span> <span class='ocrx_word' id='word_1_855' title='bbox 3199 4679 3292 4731; x_wconf 89' lang='grc' dir='ltr'>τοῦ</span> <span class='ocrx_word' id='word_1_856' title='bbox 3329 4678 3532 4748; x_wconf 89' lang='grc' dir='ltr'>βιϐλίου</span> <span class='ocrx_word' id='word_1_857' title='bbox 3558 4678 3744 4730; x_wconf 87' lang='grc' dir='ltr'>τοῦτον</span> 
     </span>
    </p>
   </div>
   <div class='ocr_carea' id='block_1_113' title="bbox 2185 4767 3745 4841">
    <p class='ocr_par' dir='ltr' id='par_1_113' title="bbox 2185 4767 3745 4841">
     <span class='ocr_line' id='line_1_113' title="bbox 2185 4767 3745 4841; baseline -0.003 -19"><span class='ocrx_word' id='word_1_858' title='bbox 2185 4772 2294 4841; x_wconf 77' lang='grc' dir='ltr'>ἔχει</span> <span class='ocrx_word' id='word_1_859' title='bbox 2340 4771 2428 4824; x_wconf 78' lang='grc' dir='ltr'>τὸν</span> <span class='ocrx_word' id='word_1_860' title='bbox 2477 4771 2692 4840; x_wconf 88' lang='grc' dir='ltr'>τρόπον.</span> <span class='ocrx_word' id='word_1_861' title='bbox 2757 4772 2822 4822; x_wconf 83' lang='grc' dir='ltr'><strong>Ἡ</strong></span> <span class='ocrx_word' id='word_1_862' title='bbox 2871 4770 2925 4822; x_wconf 88' lang='grc' dir='ltr'>δέ</span> <span class='ocrx_word' id='word_1_863' title='bbox 2973 4767 3438 4836; x_wconf 86' lang='grc' dir='ltr'>ἀνακεφαλαίωσίς</span> <span class='ocrx_word' id='word_1_864' title='bbox 3485 4769 3630 4819; x_wconf 84' lang='grc' dir='ltr'>ἐστιν</span> <span class='ocrx_word' id='word_1_865' title='bbox 3685 4769 3745 4818; x_wconf 87' lang='grc' dir='ltr'>ἐν</span> 
     </span>
    </p>
   </div>
   <div class='ocr_carea' id='block_1_114' title="bbox 2184 4850 3744 4926">
    <p class='ocr_par' dir='ltr' id='par_1_114' title="bbox 2184 4850 3744 4926">
     <span class='ocr_line' id='line_1_114' title="bbox 2184 4850 3744 4926; baseline -0.004 -18"><span class='ocrx_word' id='word_1_866' title='bbox 2184 4859 2410 4920; x_wconf 89' lang='grc' dir='ltr'>τούτοις.</span> <span class='ocrx_word' id='word_1_867' title='bbox 2457 4857 2542 4908; x_wconf 87' lang='grc' dir='ltr'>Ἑν</span> <span class='ocrx_word' id='word_1_868' title='bbox 2583 4855 2886 4926; x_wconf 85' lang='grc' dir='ltr'>προοιμίοις</span> <span class='ocrx_word' id='word_1_869' title='bbox 2919 4855 3034 4924; x_wconf 84' lang='grc' dir='ltr'>μὲν,</span> <span class='ocrx_word' id='word_1_870' title='bbox 3081 4854 3155 4916; x_wconf 82' lang='grc' dir='ltr'>ὡς</span> <span class='ocrx_word' id='word_1_871' title='bbox 3195 4850 3262 4923; x_wconf 84' lang='grc' dir='ltr'>ἦν</span> <span class='ocrx_word' id='word_1_872' title='bbox 3305 4851 3422 4906; x_wconf 84' lang='grc' dir='ltr'>Ἰὼϐ</span> <span class='ocrx_word' id='word_1_873' title='bbox 3471 4853 3630 4903; x_wconf 85' lang='grc' dir='ltr'>οἰκῶν</span> <span class='ocrx_word' id='word_1_874' title='bbox 3687 4853 3744 4902; x_wconf 88' lang='grc' dir='ltr'>ἐν</span> 
     </span>
    </p>
   </div>
   <div class='ocr_carea' id='block_1_115' title="bbox 2185 4935 3743 5012">
    <p class='ocr_par' dir='ltr' id='par_1_115' title="bbox 2185 4935 3743 5012">
     <span class='ocr_line' id='line_1_115' title="bbox 2185 4935 3743 5012; baseline -0.004 -18"><span class='ocrx_word' id='word_1_875' title='bbox 2185 4942 2337 5012; x_wconf 81' lang='grc' dir='ltr'>χώρᾳ</span> <span class='ocrx_word' id='word_1_876' title='bbox 2390 4945 2456 5012; x_wconf 81' lang='grc' dir='ltr'>τῇ</span> <span class='ocrx_word' id='word_1_877' title='bbox 2521 4940 2761 4993; x_wconf 74' lang='grc' dir='ltr'>Αὑσίτιδι</span> <span class='ocrx_word' id='word_1_878' title='bbox 2799 4956 2813 4971; x_wconf 78' lang='grc' dir='ltr'><strong>ο</strong></span> <span class='ocrx_word' id='word_1_879' title='bbox 2875 4935 2993 4991; x_wconf 82' lang='grc' dir='ltr'>εἶτα</span> <span class='ocrx_word' id='word_1_880' title='bbox 3051 4939 3322 5010; x_wconf 88' lang='grc' dir='ltr'>μαρτυρία</span> <span class='ocrx_word' id='word_1_881' title='bbox 3376 4939 3473 5007; x_wconf 84' lang='grc' dir='ltr'>τῆς</span> <span class='ocrx_word' id='word_1_882' title='bbox 3520 4937 3743 5007; x_wconf 78' lang='grc' dir='ltr'>Γραφῆς</span> 
     </span>
    </p>
   </div>
   <div class='ocr_carea' id='block_1_116' title="bbox 2186 5017 3740 5097">
    <p class='ocr_par' dir='ltr' id='par_1_116' title="bbox 2186 5017 3740 5097">
     <span class='ocr_line' id='line_1_116' title="bbox 2186 5017 3740 5097; baseline -0.004 -17"><span class='ocrx_word' id='word_1_883' title='bbox 2186 5030 2312 5096; x_wconf 76' lang='grc' dir='ltr'>περὶ</span> <span class='ocrx_word' id='word_1_884' title='bbox 2348 5029 2444 5097; x_wconf 90' lang='grc' dir='ltr'>τῆς</span> <span class='ocrx_word' id='word_1_885' title='bbox 2486 5025 2692 5095; x_wconf 89' lang='grc' dir='ltr'>ἀγαθῆς</span> <span class='ocrx_word' id='word_1_886' title='bbox 2729 5024 2888 5077; x_wconf 88' lang='grc' dir='ltr'>αὑτοῦ</span> <span class='ocrx_word' id='word_1_887' title='bbox 2919 5024 3218 5087; x_wconf 75' lang='grc' dir='ltr'>πολιτείαςο</span> <span class='ocrx_word' id='word_1_888' title='bbox 3267 5023 3361 5076; x_wconf 79' lang='grc' dir='ltr'>καὶ</span> <span class='ocrx_word' id='word_1_889' title='bbox 3390 5024 3470 5075; x_wconf 82' lang='grc' dir='ltr'>ὅτι</span> <span class='ocrx_word' id='word_1_890' title='bbox 3509 5017 3646 5092; x_wconf 79' lang='grc' dir='ltr'>ἦσαν</span> <span class='ocrx_word' id='word_1_891' title='bbox 3692 5025 3740 5075; x_wconf 88' lang='grc' dir='ltr'>οἱ</span> 
     </span>
    </p>
   </div>
   <div class='ocr_carea' id='block_1_117' title="bbox 2186 5109 3740 5181">
    <p class='ocr_par' dir='ltr' id='par_1_117' title="bbox 2186 5109 3740 5181">
     <span class='ocr_line' id='line_1_117' title="bbox 2186 5109 3740 5181; baseline -0.003 -16"><span class='ocrx_word' id='word_1_892' title='bbox 2186 5115 2290 5165; x_wconf 76' lang='grc' dir='ltr'>υἱοὶ</span> <span class='ocrx_word' id='word_1_893' title='bbox 2326 5111 2472 5181; x_wconf 79' lang='grc' dir='ltr'>αὑτῴ</span> <span class='ocrx_word' id='word_1_894' title='bbox 2502 5113 2574 5175; x_wconf 80' lang='grc' dir='ltr'>ζ’,</span> <span class='ocrx_word' id='word_1_895' title='bbox 2617 5111 2708 5165; x_wconf 74' lang='grc' dir='ltr'>καὶ</span> <span class='ocrx_word' id='word_1_896' title='bbox 2743 5111 3036 5181; x_wconf 87' lang='grc' dir='ltr'>θυγατέρες</span> <span class='ocrx_word' id='word_1_897' title='bbox 3070 5117 3121 5176; x_wconf 82' lang='grc' dir='ltr'>ς’</span> <span class='ocrx_word' id='word_1_898' title='bbox 3149 5127 3166 5142; x_wconf 81' lang='grc'><em>’</em></span> <span class='ocrx_word' id='word_1_899' title='bbox 3209 5112 3303 5164; x_wconf 68' lang='grc' dir='ltr'>καὶ</span> <span class='ocrx_word' id='word_1_900' title='bbox 3336 5111 3463 5180; x_wconf 76' lang='grc' dir='ltr'>περὶ</span> <span class='ocrx_word' id='word_1_901' title='bbox 3508 5109 3740 5179; x_wconf 86' lang='grc' dir='ltr'>ἀριθμοῦ</span> 
     </span>
    </p>
   </div>
   <div class='ocr_carea' id='block_1_118' title="bbox 2184 5193 3739 5268">
    <p class='ocr_par' dir='ltr' id='par_1_118' title="bbox 2184 5193 3739 5268">
     <span class='ocr_line' id='line_1_118' title="bbox 2184 5193 3739 5268; baseline -0.004 -16"><span class='ocrx_word' id='word_1_902' title='bbox 2184 5202 2292 5252; x_wconf 86' lang='grc' dir='ltr'>τῶν</span> <span class='ocrx_word' id='word_1_903' title='bbox 2315 5198 2520 5268; x_wconf 83' lang='grc' dir='ltr'>κτηνῶν</span> <span class='ocrx_word' id='word_1_904' title='bbox 2551 5197 2732 5251; x_wconf 85' lang='grc' dir='ltr'>αὑτοῦ.</span> <span class='ocrx_word' id='word_1_905' title='bbox 2755 5197 2865 5250; x_wconf 86' lang='lat' dir='ltr'>Kal</span> <span class='ocrx_word' id='word_1_906' title='bbox 2890 5198 2969 5249; x_wconf 82' lang='grc' dir='ltr'>ὅτι</span> <span class='ocrx_word' id='word_1_907' title='bbox 3002 5197 3354 5266; x_wconf 86' lang='grc' dir='ltr'>πορευόμενοι</span> <span class='ocrx_word' id='word_1_908' title='bbox 3373 5199 3420 5248; x_wconf 89' lang='grc' dir='ltr'>οἱ</span> <span class='ocrx_word' id='word_1_909' title='bbox 3449 5197 3552 5248; x_wconf 72' lang='grc' dir='ltr'>υἱοὶ</span> <span class='ocrx_word' id='word_1_910' title='bbox 3574 5193 3739 5247; x_wconf 83' lang='grc' dir='ltr'>αὑτοῦ</span> 
     </span>
    </p>
   </div>
   <div class='ocr_carea' id='block_1_119' title="bbox 2185 5285 3746 5360">
    <p class='ocr_par' dir='ltr' id='par_1_119' title="bbox 2185 5285 3746 5360">
     <span class='ocr_line' id='line_1_119' title="bbox 2185 5285 3746 5360; baseline -0.001 -20"><span class='ocrx_word' id='word_1_911' title='bbox 2185 5289 2319 5360; x_wconf 78' lang='grc' dir='ltr'>πρὸς</span> <span class='ocrx_word' id='word_1_912' title='bbox 2351 5287 2626 5358; x_wconf 81' lang='grc' dir='ltr'>ἀλλήλους,</span> <span class='ocrx_word' id='word_1_913' title='bbox 2672 5287 2886 5339; x_wconf 83' lang='grc' dir='ltr'>ἐποίουν</span> <span class='ocrx_word' id='word_1_914' title='bbox 2916 5289 3074 5339; x_wconf 83' lang='grc' dir='ltr'>πότον</span> <span class='ocrx_word' id='word_1_915' title='bbox 3102 5286 3222 5338; x_wconf 83' lang='grc' dir='ltr'>καθ’</span> <span class='ocrx_word' id='word_1_916' title='bbox 3250 5287 3484 5353; x_wconf 79' lang='grc' dir='ltr'>ἑκάστην</span> <span class='ocrx_word' id='word_1_917' title='bbox 3529 5285 3746 5353; x_wconf 78' lang='grc' dir='ltr'>ἡμέραν,</span> 
     </span>
    </p>
   </div>
   <div class='ocr_carea' id='block_1_120' title="bbox 2188 5369 3741 5442">
    <p class='ocr_par' dir='ltr' id='par_1_120' title="bbox 2188 5369 3741 5442">
     <span class='ocr_line' id='line_1_120' title="bbox 2188 5369 3741 5442; baseline -0.004 -16"><span class='ocrx_word' id='word_1_918' title='bbox 2188 5377 2281 5426; x_wconf 77' lang='grc' dir='ltr'>σὺν</span> <span class='ocrx_word' id='word_1_919' title='bbox 2301 5376 2415 5436; x_wconf 86' lang='grc' dir='ltr'>ταῖς</span> <span class='ocrx_word' id='word_1_920' title='bbox 2442 5373 2614 5442; x_wconf 71' lang='grc' dir='ltr'>τρισὶν</span> <span class='ocrx_word' id='word_1_921' title='bbox 2645 5371 2897 5438; x_wconf 82' lang='grc' dir='ltr'>ἀδελφαῖς</span> <span class='ocrx_word' id='word_1_922' title='bbox 2931 5372 3126 5424; x_wconf 87' lang='grc' dir='ltr'>αὑτῶν.</span> <span class='ocrx_word' id='word_1_923' title='bbox 3156 5369 3258 5424; x_wconf 78' lang='grc' dir='ltr'>Καὶ</span> <span class='ocrx_word' id='word_1_924' title='bbox 3287 5369 3569 5422; x_wconf 84' lang='grc' dir='ltr'>ἐπέστελλε</span> <span class='ocrx_word' id='word_1_925' title='bbox 3619 5369 3741 5421; x_wconf 83' lang='grc' dir='ltr'>Ἰὼϐ</span> 
     </span>
    </p>
   </div>
   <div class='ocr_carea' id='block_1_121' title="bbox 2185 5453 3740 5526">
    <p class='ocr_par' dir='ltr' id='par_1_121' title="bbox 2185 5453 3740 5526">
     <span class='ocr_line' id='line_1_121' title="bbox 2185 5453 3740 5526; baseline -0.005 -14"><span class='ocrx_word' id='word_1_926' title='bbox 2185 5460 2280 5512; x_wconf 72' lang='grc' dir='ltr'>καὶ</span> <span class='ocrx_word' id='word_1_927' title='bbox 2317 5457 2601 5526; x_wconf 77' lang='grc' dir='ltr'>ἐκαθάριζε</span> <span class='ocrx_word' id='word_1_928' title='bbox 2643 5459 2769 5520; x_wconf 74' lang='grc' dir='ltr'>τοὺς</span> <span class='ocrx_word' id='word_1_929' title='bbox 2818 5459 2966 5520; x_wconf 77' lang='grc' dir='ltr'>υἱοὺς</span> <span class='ocrx_word' id='word_1_930' title='bbox 3014 5458 3197 5518; x_wconf 87' lang='grc' dir='ltr'>αὑτοῦ,</span> <span class='ocrx_word' id='word_1_931' title='bbox 3246 5456 3565 5526; x_wconf 87' lang='grc' dir='ltr'>προσφέρων</span> <span class='ocrx_word' id='word_1_932' title='bbox 3612 5453 3740 5524; x_wconf 80' lang='grc' dir='ltr'>περὶ</span> 
     </span>
    </p>
   </div>
   <div class='ocr_carea' id='block_1_122' title="bbox 2186 5537 3739 5611">
    <p class='ocr_par' dir='ltr' id='par_1_122' title="bbox 2186 5537 3739 5611">
     <span class='ocr_line' id='line_1_122' title="bbox 2186 5537 3739 5611; baseline -0.005 -15"><span class='ocrx_word' id='word_1_933' title='bbox 2186 5543 2361 5596; x_wconf 77' lang='grc' dir='ltr'>αὑτῶν</span> <span class='ocrx_word' id='word_1_934' title='bbox 2378 5543 2561 5594; x_wconf 90' lang='grc' dir='ltr'>θυσίαν</span> <span class='ocrx_word' id='word_1_935' title='bbox 2577 5542 2652 5610; x_wconf 82' lang='grc' dir='ltr'>τῷ</span> <span class='ocrx_word' id='word_1_936' title='bbox 2669 5543 2876 5611; x_wconf 78' lang='grc' dir='ltr'>Κυρίῳ.</span> <span class='ocrx_word' id='word_1_937' title='bbox 2905 5541 3097 5610; x_wconf 81' lang='grc' dir='ltr'>Πρώτη</span> <span class='ocrx_word' id='word_1_938' title='bbox 3124 5540 3393 5610; x_wconf 89' lang='grc' dir='ltr'>μαρτυρία</span> <span class='ocrx_word' id='word_1_939' title='bbox 3414 5539 3506 5591; x_wconf 76' lang='grc' dir='ltr'>τοῦ</span> <span class='ocrx_word' id='word_1_940' title='bbox 3531 5537 3739 5608; x_wconf 78' lang='grc' dir='ltr'>Κυρίου</span> 
     </span>
    </p>
   </div>
   <div class='ocr_carea' id='block_1_123' title="bbox 2189 5623 3742 5697">
    <p class='ocr_par' dir='ltr' id='par_1_123' title="bbox 2189 5623 3742 5697">
     <span class='ocr_line' id='line_1_123' title="bbox 2189 5623 3742 5697; baseline -0.003 -17"><span class='ocrx_word' id='word_1_941' title='bbox 2189 5630 2312 5697; x_wconf 73' lang='grc' dir='ltr'>περὶ</span> <span class='ocrx_word' id='word_1_942' title='bbox 2340 5627 2430 5678; x_wconf 90' lang='grc' dir='ltr'>τοῦ</span> <span class='ocrx_word' id='word_1_943' title='bbox 2470 5627 2588 5680; x_wconf 85' lang='grc' dir='ltr'>Ἰὼϐ</span> <span class='ocrx_word' id='word_1_944' title='bbox 2618 5628 2752 5696; x_wconf 88' lang='grc' dir='ltr'>πρὸς</span> <span class='ocrx_word' id='word_1_945' title='bbox 2787 5627 2878 5679; x_wconf 80' lang='grc' dir='ltr'>τὸν</span> <span class='ocrx_word' id='word_1_946' title='bbox 2911 5626 3172 5688; x_wconf 76' lang='grc' dir='ltr'>διάϐολον,</span> <span class='ocrx_word' id='word_1_947' title='bbox 3205 5625 3392 5694; x_wconf 88' lang='grc' dir='ltr'>πρώτη</span> <span class='ocrx_word' id='word_1_948' title='bbox 3424 5623 3742 5691; x_wconf 78' lang='grc' dir='ltr'>φθονολογία</span> 
     </span>
    </p>
   </div>
   <div class='ocr_carea' id='block_1_124' title="bbox 2186 5706 3742 5781">
    <p class='ocr_par' dir='ltr' id='par_1_124' title="bbox 2186 5706 3742 5781">
     <span class='ocr_line' id='line_1_124' title="bbox 2186 5706 3742 5781; baseline -0.003 -17"><span class='ocrx_word' id='word_1_949' title='bbox 2186 5713 2277 5764; x_wconf 88' lang='grc' dir='ltr'>τοῦ</span> <span class='ocrx_word' id='word_1_950' title='bbox 2291 5711 2528 5764; x_wconf 81' lang='grc' dir='ltr'>διαϐόλου</span> <span class='ocrx_word' id='word_1_951' title='bbox 2555 5713 2682 5781; x_wconf 75' lang='grc' dir='ltr'>περὶ</span> <span class='ocrx_word' id='word_1_952' title='bbox 2704 5711 2821 5764; x_wconf 88' lang='grc' dir='ltr'>Ἰὼϐ</span> <span class='ocrx_word' id='word_1_953' title='bbox 2844 5711 2974 5781; x_wconf 82' lang='grc' dir='ltr'>πρὸς</span> <span class='ocrx_word' id='word_1_954' title='bbox 2993 5711 3082 5763; x_wconf 80' lang='grc' dir='ltr'>τὸν</span> <span class='ocrx_word' id='word_1_955' title='bbox 3094 5710 3174 5765; x_wconf 81' lang='grc' dir='ltr'>Κύ</span> <span class='ocrx_word' id='word_1_956' title='bbox 3185 5727 3312 5781; x_wconf 85' lang='grc' dir='ltr'>ριον.</span> <span class='ocrx_word' id='word_1_957' title='bbox 3335 5709 3570 5762; x_wconf 76' lang='grc' dir='ltr'>Ἔδωκεν</span> <span class='ocrx_word' id='word_1_958' title='bbox 3593 5706 3742 5773; x_wconf 74' lang='grc' dir='ltr'>ἐξου-</span> 
     </span>
    </p>
   </div>
  </div>
