  <div class='ocr_page' id='page_1' title='image "/cluster/home/n/w/nwhite01/storage/ocr_20150623/56/ien.35556001660836/360.png"; bbox 0 0 3996 6426; ppageno 0'>
   <div class='ocr_carea' id='block_1_1' title="bbox 192 416 306 471">
    <p class='ocr_par' dir='ltr' id='par_1_1' title="bbox 192 416 306 471">
     <span class='ocr_line' id='line_1_1' title="bbox 192 416 306 471; baseline -0.018 -1"><span class='ocrx_word' id='word_1_1' title='bbox 192 416 306 471; x_wconf 82' lang='grc'><strong>361</strong></span> 
     </span>
    </p>
   </div>
   <div class='ocr_carea' id='block_1_2' title="bbox 178 524 1740 594">
    <p class='ocr_par' dir='ltr' id='par_1_2' title="bbox 178 524 1740 594">
     <span class='ocr_line' id='line_1_2' title="bbox 178 524 1740 594; baseline -0.004 -12"><span class='ocrx_word' id='word_1_2' title='bbox 178 544 370 583; x_wconf 88' lang='lat' dir='ltr'><strong>versus</strong></span> <span class='ocrx_word' id='word_1_3' title='bbox 396 541 522 581; x_wconf 87' lang='lat' dir='ltr'><strong>vero</strong></span> <span class='ocrx_word' id='word_1_4' title='bbox 556 526 736 580; x_wconf 89' lang='lat' dir='ltr'><strong>oculos</strong></span> <span class='ocrx_word' id='word_1_5' title='bbox 762 526 920 594; x_wconf 88' lang='lat' dir='ltr'><strong>patris</strong></span> <span class='ocrx_word' id='word_1_6' title='bbox 948 524 1068 579; x_wconf 86' lang='lat' dir='ltr'><strong>felle</strong></span> <span class='ocrx_word' id='word_1_7' title='bbox 1106 524 1263 593; x_wconf 85' lang='lat' dir='ltr'><strong>piscis</strong></span> <span class='ocrx_word' id='word_1_8' title='bbox 1287 525 1491 586; x_wconf 91' lang='lat' dir='ltr'><strong>oblinit,</strong></span> <span class='ocrx_word' id='word_1_9' title='bbox 1523 534 1575 577; x_wconf 92' lang='lat' dir='ltr'><strong>et</strong></span> <span class='ocrx_word' id='word_1_10' title='bbox 1601 524 1740 575; x_wconf 84' lang='lat' dir='ltr'><strong>deci-</strong></span> 
     </span>
    </p>
   </div>
   <div class='ocr_carea' id='block_1_3' title="bbox 179 611 1744 685">
    <p class='ocr_par' dir='ltr' id='par_1_3' title="bbox 179 611 1744 685">
     <span class='ocr_line' id='line_1_3' title="bbox 179 611 1744 685; baseline -0.006 -13"><span class='ocrx_word' id='word_1_11' title='bbox 179 620 319 672; x_wconf 90' lang='lat' dir='ltr'><strong>dunt</strong></span> <span class='ocrx_word' id='word_1_12' title='bbox 355 631 620 685; x_wconf 63' lang='lat' dir='ltr'><strong>squamas,</strong></span> <span class='ocrx_word' id='word_1_13' title='bbox 657 624 711 669; x_wconf 90' lang='lat' dir='ltr'><strong>et</strong></span> <span class='ocrx_word' id='word_1_14' title='bbox 760 630 880 669; x_wconf 85' lang='lat' dir='ltr'><strong>mox</strong></span> <span class='ocrx_word' id='word_1_15' title='bbox 922 616 1089 667; x_wconf 91' lang='lat' dir='ltr'><strong>visum</strong></span> <span class='ocrx_word' id='word_1_16' title='bbox 1139 615 1335 680; x_wconf 72' lang='lat' dir='ltr'><strong>recepit</strong></span> <span class='ocrx_word' id='word_1_17' title='bbox 1374 627 1553 666; x_wconf 81' lang='lat' dir='ltr'><strong>senex.</strong></span> <span class='ocrx_word' id='word_1_18' title='bbox 1590 611 1744 665; x_wconf 89' lang='lat' dir='ltr'><strong>Tobit</strong></span> 
     </span>
    </p>
   </div>
   <div class='ocr_carea' id='block_1_4' title="bbox 182 702 1735 775">
    <p class='ocr_par' dir='ltr' id='par_1_4' title="bbox 182 702 1735 775">
     <span class='ocr_line' id='line_1_4' title="bbox 182 702 1735 775; baseline -0.005 -15"><span class='ocrx_word' id='word_1_19' title='bbox 182 722 346 775; x_wconf 82' lang='lat' dir='ltr'><strong>porro</strong></span> <span class='ocrx_word' id='word_1_20' title='bbox 364 721 483 760; x_wconf 90' lang='lat' dir='ltr'><strong>cum</strong></span> <span class='ocrx_word' id='word_1_21' title='bbox 503 714 794 759; x_wconf 64' lang='lat' dir='ltr'><strong>excecatus</strong></span> <span class='ocrx_word' id='word_1_22' title='bbox 810 713 887 759; x_wconf 91' lang='lat' dir='ltr'><strong>est</strong></span> <span class='ocrx_word' id='word_1_23' title='bbox 902 716 1156 757; x_wconf 91' lang='lat' dir='ltr'><strong>annorum</strong></span> <span class='ocrx_word' id='word_1_24' title='bbox 1173 710 1283 755; x_wconf 89' lang='lat' dir='ltr'><strong>erat</strong></span> <span class='ocrx_word' id='word_1_25' title='bbox 1304 702 1396 768; x_wconf 81' lang='lat'><strong>58,</strong></span> <span class='ocrx_word' id='word_1_26' title='bbox 1413 717 1530 754; x_wconf 91' lang='lat' dir='ltr'><strong>cum</strong></span> <span class='ocrx_word' id='word_1_27' title='bbox 1560 710 1735 753; x_wconf 90' lang='lat' dir='ltr'><strong>autem</strong></span> 
     </span>
    </p>
   </div>
   <div class='ocr_carea' id='block_1_5' title="bbox 181 790 1745 861">
    <p class='ocr_par' dir='ltr' id='par_1_5' title="bbox 181 790 1745 861">
     <span class='ocr_line' id='line_1_5' title="bbox 181 790 1745 861; baseline -0.004 -14"><span class='ocrx_word' id='word_1_28' title='bbox 181 798 353 848; x_wconf 86' lang='lat' dir='ltr'><strong>visum</strong></span> <span class='ocrx_word' id='word_1_29' title='bbox 371 797 569 861; x_wconf 78' lang='lat' dir='ltr'><strong>recepit</strong></span> <span class='ocrx_word' id='word_1_30' title='bbox 596 809 850 847; x_wconf 89' lang='lat' dir='ltr'><strong>annorum</strong></span> <span class='ocrx_word' id='word_1_31' title='bbox 869 794 955 846; x_wconf 92' lang='lat'><strong>66.</strong></span> <span class='ocrx_word' id='word_1_32' title='bbox 980 792 1110 844; x_wconf 90' lang='lat' dir='ltr'><strong>Tum</strong></span> <span class='ocrx_word' id='word_1_33' title='bbox 1126 791 1333 844; x_wconf 88' lang='lat' dir='ltr'><strong>demum</strong></span> <span class='ocrx_word' id='word_1_34' title='bbox 1362 805 1481 843; x_wconf 90' lang='lat' dir='ltr'><strong>cum</strong></span> <span class='ocrx_word' id='word_1_35' title='bbox 1498 790 1650 842; x_wconf 92' lang='lat' dir='ltr'><strong>Tobit</strong></span> <span class='ocrx_word' id='word_1_36' title='bbox 1666 791 1745 841; x_wconf 87' lang='lat' dir='ltr'><strong>vi-</strong></span> 
     </span>
    </p>
   </div>
   <div class='ocr_carea' id='block_1_6' title="bbox 181 880 1739 951">
    <p class='ocr_par' dir='ltr' id='par_1_6' title="bbox 181 880 1739 951">
     <span class='ocr_line' id='line_1_6' title="bbox 181 880 1739 951; baseline -0.004 -16"><span class='ocrx_word' id='word_1_37' title='bbox 181 884 355 946; x_wconf 81' lang='lat' dir='ltr'><strong>deret,</strong></span> <span class='ocrx_word' id='word_1_38' title='bbox 376 884 594 951; x_wconf 77' lang='lat' dir='ltr'><strong>angelus</strong></span> <span class='ocrx_word' id='word_1_39' title='bbox 615 898 731 935; x_wconf 87' lang='lat' dir='ltr'><strong>sese</strong></span> <span class='ocrx_word' id='word_1_40' title='bbox 748 882 1112 945; x_wconf 84' lang='lat' dir='ltr'><strong>manifestavit,</strong></span> <span class='ocrx_word' id='word_1_41' title='bbox 1133 881 1268 947; x_wconf 90' lang='lat' dir='ltr'><strong>quod</strong></span> <span class='ocrx_word' id='word_1_42' title='bbox 1291 880 1447 933; x_wconf 90' lang='lat' dir='ltr'><strong>homo</strong></span> <span class='ocrx_word' id='word_1_43' title='bbox 1465 896 1565 932; x_wconf 91' lang='lat' dir='ltr'><strong>non</strong></span> <span class='ocrx_word' id='word_1_44' title='bbox 1583 888 1739 943; x_wconf 89' lang='lat' dir='ltr'><strong>esset,</strong></span> 
     </span>
    </p>
   </div>
   <div class='ocr_carea' id='block_1_7' title="bbox 187 960 1742 1037">
    <p class='ocr_par' dir='ltr' id='par_1_7' title="bbox 187 960 1742 1037">
     <span class='ocr_line' id='line_1_7' title="bbox 187 960 1742 1037; baseline -0.001 -14"><span class='ocrx_word' id='word_1_45' title='bbox 187 972 281 1025; x_wconf 87' lang='lat' dir='ltr'><strong>sed</strong></span> <span class='ocrx_word' id='word_1_46' title='bbox 314 987 341 1023; x_wconf 85' lang='lat' dir='ltr'><strong>a</strong></span> <span class='ocrx_word' id='word_1_47' title='bbox 377 972 484 1024; x_wconf 91' lang='lat' dir='ltr'><strong>Deo</strong></span> <span class='ocrx_word' id='word_1_48' title='bbox 514 974 724 1031; x_wconf 91' lang='lat' dir='ltr'><strong>missus,</strong></span> <span class='ocrx_word' id='word_1_49' title='bbox 756 960 811 1021; x_wconf 88' lang='lat' dir='ltr'><strong>ut</strong></span> <span class='ocrx_word' id='word_1_50' title='bbox 839 970 962 1037; x_wconf 81' lang='lat' dir='ltr'><strong>ipsis</strong></span> <span class='ocrx_word' id='word_1_51' title='bbox 988 980 1039 1021; x_wconf 93' lang='lat' dir='ltr'><strong>et</strong></span> <span class='ocrx_word' id='word_1_52' title='bbox 1074 970 1246 1022; x_wconf 70' lang='lat' dir='ltr'><strong>Sarra:</strong></span> <span class='ocrx_word' id='word_1_53' title='bbox 1267 984 1417 1037; x_wconf 78' lang='lat' dir='ltr'><strong>Opem</strong></span> <span class='ocrx_word' id='word_1_54' title='bbox 1442 969 1620 1022; x_wconf 90' lang='lat' dir='ltr'><strong>ferret.</strong></span> <span class='ocrx_word' id='word_1_55' title='bbox 1643 968 1742 1021; x_wconf 87' lang='lat' dir='ltr'><strong>Ubi</strong></span> 
     </span>
    </p>
   </div>
   <div class='ocr_carea' id='block_1_8' title="bbox 184 1055 1745 1123">
    <p class='ocr_par' dir='ltr' id='par_1_8' title="bbox 184 1055 1745 1123">
     <span class='ocr_line' id='line_1_8' title="bbox 184 1055 1745 1123; baseline -0.003 -12"><span class='ocrx_word' id='word_1_56' title='bbox 184 1073 313 1111; x_wconf 87' lang='lat' dir='ltr'><strong>vero</strong></span> <span class='ocrx_word' id='word_1_57' title='bbox 352 1072 515 1111; x_wconf 80' lang='lat' dir='ltr'><strong>senex</strong></span> <span class='ocrx_word' id='word_1_58' title='bbox 558 1057 720 1110; x_wconf 76' lang='lat' dir='ltr'><strong>factus</strong></span> <span class='ocrx_word' id='word_1_59' title='bbox 759 1067 897 1110; x_wconf 90' lang='lat' dir='ltr'><strong>esset</strong></span> <span class='ocrx_word' id='word_1_60' title='bbox 923 1056 1093 1119; x_wconf 91' lang='lat' dir='ltr'><strong>Tobit,</strong></span> <span class='ocrx_word' id='word_1_61' title='bbox 1128 1055 1492 1123; x_wconf 69' lang='lat' dir='ltr'><strong>pmcepitﬁlio</strong></span> <span class='ocrx_word' id='word_1_62' title='bbox 1522 1070 1616 1109; x_wconf 93' lang='lat' dir='ltr'><strong>suo</strong></span> <span class='ocrx_word' id='word_1_63' title='bbox 1642 1056 1745 1107; x_wconf 94' lang='lat' dir='ltr'><strong>To-</strong></span> 
     </span>
    </p>
   </div>
   <div class='ocr_carea' id='block_1_9' title="bbox 186 1144 1747 1212">
    <p class='ocr_par' dir='ltr' id='par_1_9' title="bbox 186 1144 1747 1212">
     <span class='ocr_line' id='line_1_9' title="bbox 186 1144 1747 1212; baseline -0.003 -11"><span class='ocrx_word' id='word_1_64' title='bbox 186 1147 309 1212; x_wconf 68' lang='lat' dir='ltr'><strong>biae,</strong></span> <span class='ocrx_word' id='word_1_65' title='bbox 349 1157 407 1201; x_wconf 89' lang='lat' dir='ltr'><strong>ut</strong></span> <span class='ocrx_word' id='word_1_66' title='bbox 443 1150 493 1201; x_wconf 91' lang='lat' dir='ltr'><strong>in</strong></span> <span class='ocrx_word' id='word_1_67' title='bbox 526 1148 744 1200; x_wconf 83' lang='lat' dir='ltr'><strong>Mediam</strong></span> <span class='ocrx_word' id='word_1_68' title='bbox 785 1147 970 1210; x_wconf 90' lang='lat' dir='ltr'><strong>abiret,</strong></span> <span class='ocrx_word' id='word_1_69' title='bbox 1009 1145 1146 1212; x_wconf 91' lang='lat' dir='ltr'><strong>quod</strong></span> <span class='ocrx_word' id='word_1_70' title='bbox 1177 1146 1400 1198; x_wconf 92' lang='lat' dir='ltr'><strong>futurum</strong></span> <span class='ocrx_word' id='word_1_71' title='bbox 1419 1153 1630 1198; x_wconf 91' lang='lat' dir='ltr'><strong>essetut</strong></span> <span class='ocrx_word' id='word_1_72' title='bbox 1660 1144 1747 1197; x_wconf 85' lang='lat' dir='ltr'><strong>Ni-</strong></span> 
     </span>
    </p>
   </div>
   <div class='ocr_carea' id='block_1_10' title="bbox 187 1234 1742 1302">
    <p class='ocr_par' dir='ltr' id='par_1_10' title="bbox 187 1234 1742 1302">
     <span class='ocr_line' id='line_1_10' title="bbox 187 1234 1742 1302; baseline -0.001 -14"><span class='ocrx_word' id='word_1_73' title='bbox 187 1238 306 1289; x_wconf 89' lang='lat' dir='ltr'><strong>nive</strong></span> <span class='ocrx_word' id='word_1_74' title='bbox 326 1236 614 1289; x_wconf 87' lang='lat' dir='ltr'><strong>secundum</strong></span> <span class='ocrx_word' id='word_1_75' title='bbox 638 1236 851 1288; x_wconf 81' lang='lat' dir='ltr'><strong>verbum</strong></span> <span class='ocrx_word' id='word_1_76' title='bbox 879 1234 1024 1288; x_wconf 59' lang='lat' dir='ltr'><strong>Jonas</strong></span> <span class='ocrx_word' id='word_1_77' title='bbox 1051 1235 1317 1302; x_wconf 73' lang='lat' dir='ltr'><strong>propheta:</strong></span> <span class='ocrx_word' id='word_1_78' title='bbox 1335 1236 1742 1299; x_wconf 85' lang='lat' dir='ltr'><strong>subverteretur,</strong></span> 
     </span>
    </p>
   </div>
   <div class='ocr_carea' id='block_1_11' title="bbox 187 1323 1746 1377">
    <p class='ocr_par' dir='ltr' id='par_1_11' title="bbox 187 1323 1746 1377">
     <span class='ocr_line' id='line_1_11' title="bbox 187 1323 1746 1377; baseline -0.001 0"><span class='ocrx_word' id='word_1_79' title='bbox 187 1334 242 1377; x_wconf 91' lang='lat' dir='ltr'><strong>et</strong></span> <span class='ocrx_word' id='word_1_80' title='bbox 279 1325 531 1377; x_wconf 90' lang='lat' dir='ltr'><strong>deficiens</strong></span> <span class='ocrx_word' id='word_1_81' title='bbox 575 1332 808 1376; x_wconf 90' lang='lat' dir='ltr'><strong>mortuus</strong></span> <span class='ocrx_word' id='word_1_82' title='bbox 856 1332 937 1375; x_wconf 91' lang='lat' dir='ltr'><strong>est</strong></span> <span class='ocrx_word' id='word_1_83' title='bbox 976 1338 1229 1375; x_wconf 91' lang='lat' dir='ltr'><strong>annorum</strong></span> <span class='ocrx_word' id='word_1_84' title='bbox 1282 1325 1402 1377; x_wconf 83' lang='grc'><strong>155.</strong></span> <span class='ocrx_word' id='word_1_85' title='bbox 1435 1323 1598 1376; x_wconf 87' lang='lat' dir='ltr'><strong>Filius</strong></span> <span class='ocrx_word' id='word_1_86' title='bbox 1622 1339 1746 1376; x_wconf 91' lang='lat' dir='ltr'><strong>vero</strong></span> 
     </span>
    </p>
   </div>
   <div class='ocr_carea' id='block_1_12' title="bbox 188 1412 1748 1481">
    <p class='ocr_par' dir='ltr' id='par_1_12' title="bbox 188 1412 1748 1481">
     <span class='ocr_line' id='line_1_12' title="bbox 188 1412 1748 1481; baseline -0.002 -14"><span class='ocrx_word' id='word_1_87' title='bbox 188 1415 298 1481; x_wconf 88' lang='lat' dir='ltr'><strong>ejus</strong></span> <span class='ocrx_word' id='word_1_88' title='bbox 323 1414 521 1467; x_wconf 79' lang='lat' dir='ltr'><strong>Tobias</strong></span> <span class='ocrx_word' id='word_1_89' title='bbox 550 1414 598 1465; x_wconf 91' lang='lat' dir='ltr'><strong>in</strong></span> <span class='ocrx_word' id='word_1_90' title='bbox 629 1412 846 1465; x_wconf 75' lang='lat' dir='ltr'><strong>Mediam</strong></span> <span class='ocrx_word' id='word_1_91' title='bbox 875 1412 1131 1479; x_wconf 81' lang='lat' dir='ltr'><strong>migravit,</strong></span> <span class='ocrx_word' id='word_1_92' title='bbox 1167 1412 1253 1464; x_wconf 93' lang='lat' dir='ltr'><strong>ubi</strong></span> <span class='ocrx_word' id='word_1_93' title='bbox 1286 1412 1494 1465; x_wconf 83' lang='lat' dir='ltr'><strong>tandem</strong></span> <span class='ocrx_word' id='word_1_94' title='bbox 1530 1412 1748 1479; x_wconf 90' lang='lat' dir='ltr'><strong>sepultis</strong></span> 
     </span>
    </p>
   </div>
   <div class='ocr_carea' id='block_1_13' title="bbox 188 1497 1747 1567">
    <p class='ocr_par' dir='ltr' id='par_1_13' title="bbox 188 1497 1747 1567">
     <span class='ocr_line' id='line_1_13' title="bbox 188 1497 1747 1567; baseline -0.003 -13"><span class='ocrx_word' id='word_1_95' title='bbox 188 1516 374 1555; x_wconf 86' lang='lat' dir='ltr'><strong>socero</strong></span> <span class='ocrx_word' id='word_1_96' title='bbox 400 1509 457 1554; x_wconf 92' lang='lat' dir='ltr'><strong>et</strong></span> <span class='ocrx_word' id='word_1_97' title='bbox 485 1514 662 1566; x_wconf 89' lang='lat' dir='ltr'><strong>socru,</strong></span> <span class='ocrx_word' id='word_1_98' title='bbox 690 1510 742 1553; x_wconf 92' lang='lat' dir='ltr'><strong>et</strong></span> <span class='ocrx_word' id='word_1_99' title='bbox 766 1499 831 1553; x_wconf 93' lang='lat' dir='ltr'><strong>de</strong></span> <span class='ocrx_word' id='word_1_100' title='bbox 864 1497 1067 1551; x_wconf 73' lang='lat' dir='ltr'><strong>Ninivae</strong></span> <span class='ocrx_word' id='word_1_101' title='bbox 1106 1499 1308 1552; x_wconf 81' lang='lat' dir='ltr'><strong>excidio</strong></span> <span class='ocrx_word' id='word_1_102' title='bbox 1332 1507 1575 1567; x_wconf 88' lang='lat' dir='ltr'><strong>percepta</strong></span> <span class='ocrx_word' id='word_1_103' title='bbox 1611 1498 1747 1551; x_wconf 89' lang='lat' dir='ltr'><strong>fama</strong></span> 
     </span>
    </p>
   </div>
   <div class='ocr_carea' id='block_1_14' title="bbox 190 1587 1693 1644">
    <p class='ocr_par' dir='ltr' id='par_1_14' title="bbox 190 1587 1693 1644">
     <span class='ocr_line' id='line_1_14' title="bbox 190 1587 1693 1644; baseline -0.002 -1"><span class='ocrx_word' id='word_1_104' title='bbox 190 1600 430 1644; x_wconf 90' lang='lat' dir='ltr'><strong>mortuus</strong></span> <span class='ocrx_word' id='word_1_105' title='bbox 457 1597 539 1643; x_wconf 93' lang='lat' dir='ltr'><strong>est</strong></span> <span class='ocrx_word' id='word_1_106' title='bbox 562 1602 815 1642; x_wconf 87' lang='lat' dir='ltr'><strong>annorum</strong></span> <span class='ocrx_word' id='word_1_107' title='bbox 850 1588 968 1642; x_wconf 79' lang='grc'><strong>107.</strong></span> <span class='ocrx_word' id='word_1_108' title='bbox 1006 1588 1072 1640; x_wconf 84' lang='grc' dir='ltr'><strong>Ει</strong></span> <span class='ocrx_word' id='word_1_109' title='bbox 1109 1588 1159 1641; x_wconf 90' lang='lat' dir='ltr'><strong>in</strong></span> <span class='ocrx_word' id='word_1_110' title='bbox 1189 1589 1299 1640; x_wconf 68' lang='lat' dir='ltr'><strong>haec</strong></span> <span class='ocrx_word' id='word_1_111' title='bbox 1326 1587 1517 1641; x_wconf 87' lang='lat' dir='ltr'><strong>desinit</strong></span> <span class='ocrx_word' id='word_1_112' title='bbox 1546 1587 1693 1640; x_wconf 88' lang='lat' dir='ltr'><strong>iiber.</strong></span> 
     </span>
    </p>
   </div>
   <div class='ocr_carea' id='block_1_15' title="bbox 721 1697 1227 1766">
    <p class='ocr_par' dir='ltr' id='par_1_15' title="bbox 721 1697 1227 1766">
     <span class='ocr_line' id='line_1_15' title="bbox 721 1697 1227 1766; baseline -0.008 -15"><span class='ocrx_word' id='word_1_113' title='bbox 721 1713 867 1751; x_wconf 74' lang='lat' dir='ltr'><strong>LIBER</strong></span> <span class='ocrx_word' id='word_1_114' title='bbox 905 1712 1088 1752; x_wconf 82' lang='lat' dir='ltr'><strong>JUDITH</strong></span> <span class='ocrx_word' id='word_1_115' title='bbox 1134 1697 1227 1766; x_wconf 89' lang='lat' dir='ltr'><strong>(a).</strong></span> 
     </span>
    </p>
   </div>
   <div class='ocr_carea' id='block_1_16' title="bbox 260 1806 1754 1875">
    <p class='ocr_par' dir='ltr' id='par_1_16' title="bbox 260 1806 1754 1875">
     <span class='ocr_line' id='line_1_16' title="bbox 260 1806 1754 1875; baseline 0.001 -15"><span class='ocrx_word' id='word_1_116' title='bbox 260 1807 356 1861; x_wconf 87' lang='lat' dir='ltr'><strong>llic</strong></span> <span class='ocrx_word' id='word_1_117' title='bbox 396 1807 530 1861; x_wconf 91' lang='lat' dir='ltr'><strong>liber</strong></span> <span class='ocrx_word' id='word_1_118' title='bbox 558 1806 736 1861; x_wconf 90' lang='lat' dir='ltr'><strong>Judith</strong></span> <span class='ocrx_word' id='word_1_119' title='bbox 766 1816 998 1871; x_wconf 90' lang='lat' dir='ltr'><strong>vocatur,</strong></span> <span class='ocrx_word' id='word_1_120' title='bbox 1038 1808 1157 1875; x_wconf 86' lang='lat' dir='ltr'><strong>quia</strong></span> <span class='ocrx_word' id='word_1_121' title='bbox 1198 1808 1333 1861; x_wconf 86' lang='lat' dir='ltr'><strong>ﬁlios</strong></span> <span class='ocrx_word' id='word_1_122' title='bbox 1361 1808 1519 1861; x_wconf 84' lang='lat' dir='ltr'><strong>lsrael</strong></span> <span class='ocrx_word' id='word_1_123' title='bbox 1555 1808 1621 1860; x_wconf 91' lang='lat' dir='ltr'><strong>ab</strong></span> <span class='ocrx_word' id='word_1_124' title='bbox 1648 1808 1754 1861; x_wconf 86' lang='lat' dir='ltr'><strong>Ho-</strong></span> 
     </span>
    </p>
   </div>
   <div class='ocr_carea' id='block_1_17' title="bbox 192 1896 1749 1965">
    <p class='ocr_par' dir='ltr' id='par_1_17' title="bbox 192 1896 1749 1965">
     <span class='ocr_line' id='line_1_17' title="bbox 192 1896 1749 1965; baseline 0.001 -17"><span class='ocrx_word' id='word_1_125' title='bbox 192 1896 446 1965; x_wconf 88' lang='lat' dir='ltr'><strong>lopherue</strong></span> <span class='ocrx_word' id='word_1_126' title='bbox 490 1897 814 1964; x_wconf 86' lang='lat' dir='ltr'><strong>impugnatos</strong></span> <span class='ocrx_word' id='word_1_127' title='bbox 839 1906 891 1950; x_wconf 90' lang='lat' dir='ltr'><strong>et</strong></span> <span class='ocrx_word' id='word_1_128' title='bbox 938 1896 1216 1959; x_wconf 89' lang='lat' dir='ltr'><strong>obsessos,</strong></span> <span class='ocrx_word' id='word_1_129' title='bbox 1276 1897 1411 1949; x_wconf 86' lang='lat' dir='ltr'><strong>Deus</strong></span> <span class='ocrx_word' id='word_1_130' title='bbox 1450 1896 1562 1964; x_wconf 87' lang='lat' dir='ltr'><strong>ejus</strong></span> <span class='ocrx_word' id='word_1_131' title='bbox 1591 1910 1749 1964; x_wconf 83' lang='lat' dir='ltr'><strong>opera</strong></span> 
     </span>
    </p>
   </div>
   <div class='ocr_carea' id='block_1_18' title="bbox 192 1985 1750 2055">
    <p class='ocr_par' dir='ltr' id='par_1_18' title="bbox 192 1985 1750 2055">
     <span class='ocr_line' id='line_1_18' title="bbox 192 1985 1750 2055; baseline 0.001 -17"><span class='ocrx_word' id='word_1_132' title='bbox 192 1985 465 2049; x_wconf 76' lang='lat' dir='ltr'><strong>liberavit;</strong></span> <span class='ocrx_word' id='word_1_133' title='bbox 498 1985 986 2055; x_wconf 87' lang='lat' dir='ltr'><strong>Holophernemque</strong></span> <span class='ocrx_word' id='word_1_134' title='bbox 1014 1987 1291 2055; x_wconf 91' lang='lat' dir='ltr'><strong>percussit.</strong></span> <span class='ocrx_word' id='word_1_135' title='bbox 1323 1988 1547 2041; x_wconf 91' lang='lat' dir='ltr'><strong>llistoria</strong></span> <span class='ocrx_word' id='word_1_136' title='bbox 1578 1996 1750 2041; x_wconf 91' lang='lat' dir='ltr'><strong>autem</strong></span> 
     </span>
    </p>
   </div>
   <div class='ocr_carea' id='block_1_19' title="bbox 193 2075 1749 2145">
    <p class='ocr_par' dir='ltr' id='par_1_19' title="bbox 193 2075 1749 2145">
     <span class='ocr_line' id='line_1_19' title="bbox 193 2075 1749 2145; baseline 0.001 -18"><span class='ocrx_word' id='word_1_137' title='bbox 193 2075 290 2128; x_wconf 78' lang='lat' dir='ltr'><strong>hoc</strong></span> <span class='ocrx_word' id='word_1_138' title='bbox 309 2091 367 2128; x_wconf 90' lang='lat' dir='ltr'><strong>se</strong></span> <span class='ocrx_word' id='word_1_139' title='bbox 401 2075 562 2127; x_wconf 83' lang='lat' dir='ltr'><strong>habet</strong></span> <span class='ocrx_word' id='word_1_140' title='bbox 588 2075 761 2128; x_wconf 92' lang='lat' dir='ltr'><strong>modo.</strong></span> <span class='ocrx_word' id='word_1_141' title='bbox 784 2075 1260 2129; x_wconf 85' lang='lat' dir='ltr'><strong>Nabuchodonosor</strong></span> <span class='ocrx_word' id='word_1_142' title='bbox 1283 2091 1373 2129; x_wconf 91' lang='lat' dir='ltr'><strong>rex</strong></span> <span class='ocrx_word' id='word_1_143' title='bbox 1396 2077 1749 2145; x_wconf 84' lang='lat' dir='ltr'><strong>Assyriorum,</strong></span> 
     </span>
    </p>
   </div>
   <div class='ocr_carea' id='block_1_20' title="bbox 193 2164 1756 2234">
    <p class='ocr_par' dir='ltr' id='par_1_20' title="bbox 193 2164 1756 2234">
     <span class='ocr_line' id='line_1_20' title="bbox 193 2164 1756 2234; baseline 0.001 -17"><span class='ocrx_word' id='word_1_144' title='bbox 193 2180 308 2217; x_wconf 89' lang='lat' dir='ltr'><strong>cum</strong></span> <span class='ocrx_word' id='word_1_145' title='bbox 333 2164 531 2217; x_wconf 90' lang='lat' dir='ltr'><strong>bellum</strong></span> <span class='ocrx_word' id='word_1_146' title='bbox 557 2173 764 2233; x_wconf 79' lang='lat' dir='ltr'><strong>gereret</strong></span> <span class='ocrx_word' id='word_1_147' title='bbox 789 2165 1043 2221; x_wconf 83' lang='lat' dir='ltr'><strong>adversus</strong></span> <span class='ocrx_word' id='word_1_148' title='bbox 1068 2165 1347 2232; x_wconf 84' lang='lat' dir='ltr'><strong>Arphaxad</strong></span> <span class='ocrx_word' id='word_1_149' title='bbox 1374 2181 1547 2234; x_wconf 82' lang='lat' dir='ltr'><strong>regem</strong></span> <span class='ocrx_word' id='word_1_150' title='bbox 1578 2166 1756 2219; x_wconf 85' lang='lat' dir='ltr'><strong>Medo-</strong></span> 
     </span>
    </p>
   </div>
   <div class='ocr_carea' id='block_1_21' title="bbox 192 2251 1751 2322">
    <p class='ocr_par' dir='ltr' id='par_1_21' title="bbox 192 2251 1751 2322">
     <span class='ocr_line' id='line_1_21' title="bbox 192 2251 1751 2322; baseline 0.001 -17"><span class='ocrx_word' id='word_1_151' title='bbox 192 2267 329 2315; x_wconf 86' lang='lat' dir='ltr'><strong>rum,</strong></span> <span class='ocrx_word' id='word_1_152' title='bbox 356 2251 427 2305; x_wconf 91' lang='lat' dir='ltr'><strong>ab</strong></span> <span class='ocrx_word' id='word_1_153' title='bbox 446 2253 691 2305; x_wconf 91' lang='lat' dir='ltr'><strong>omnibus</strong></span> <span class='ocrx_word' id='word_1_154' title='bbox 718 2254 955 2321; x_wconf 88' lang='lat' dir='ltr'><strong>gentibus</strong></span> <span class='ocrx_word' id='word_1_155' title='bbox 979 2268 1142 2321; x_wconf 91' lang='lat' dir='ltr'><strong>usque</strong></span> <span class='ocrx_word' id='word_1_156' title='bbox 1167 2253 1230 2305; x_wconf 87' lang='lat' dir='ltr'><strong>ad</strong></span> <span class='ocrx_word' id='word_1_157' title='bbox 1259 2253 1541 2322; x_wconf 62' lang='lat' dir='ltr'><strong>IEgyptum</strong></span> <span class='ocrx_word' id='word_1_158' title='bbox 1564 2256 1751 2307; x_wconf 82' lang='lat' dir='ltr'><strong>auxilia</strong></span> 
     </span>
    </p>
   </div>
   <div class='ocr_carea' id='block_1_22' title="bbox 194 2340 1753 2408">
    <p class='ocr_par' dir='ltr' id='par_1_22' title="bbox 194 2340 1753 2408">
     <span class='ocr_line' id='line_1_22' title="bbox 194 2340 1753 2408; baseline 0.002 -14"><span class='ocrx_word' id='word_1_159' title='bbox 194 2343 435 2408; x_wconf 81' lang='lat' dir='ltr'><strong>petierat.</strong></span> <span class='ocrx_word' id='word_1_160' title='bbox 465 2340 595 2394; x_wconf 84' lang='lat' dir='ltr'><strong>Cum</strong></span> <span class='ocrx_word' id='word_1_161' title='bbox 622 2350 793 2394; x_wconf 87' lang='lat' dir='ltr'><strong>autem</strong></span> <span class='ocrx_word' id='word_1_162' title='bbox 822 2356 974 2395; x_wconf 89' lang='lat' dir='ltr'><strong>nemo</strong></span> <span class='ocrx_word' id='word_1_163' title='bbox 1001 2342 1246 2394; x_wconf 81' lang='lat' dir='ltr'><strong>auxilium</strong></span> <span class='ocrx_word' id='word_1_164' title='bbox 1280 2344 1524 2406; x_wconf 87' lang='lat' dir='ltr'><strong>misisset,</strong></span> <span class='ocrx_word' id='word_1_165' title='bbox 1552 2343 1643 2397; x_wconf 91' lang='lat' dir='ltr'><strong>sed</strong></span> <span class='ocrx_word' id='word_1_166' title='bbox 1667 2358 1753 2397; x_wconf 88' lang='lat' dir='ltr'><strong>rc-</strong></span> 
     </span>
    </p>
   </div>
   <div class='ocr_carea' id='block_1_23' title="bbox 196 2429 1752 2498">
    <p class='ocr_par' dir='ltr' id='par_1_23' title="bbox 196 2429 1752 2498">
     <span class='ocr_line' id='line_1_23' title="bbox 196 2429 1752 2498; baseline 0.002 -18"><span class='ocrx_word' id='word_1_167' title='bbox 196 2429 436 2481; x_wconf 91' lang='lat' dir='ltr'><strong>nuissent</strong></span> <span class='ocrx_word' id='word_1_168' title='bbox 463 2444 666 2489; x_wconf 89' lang='lat' dir='ltr'><strong>omnes.</strong></span> <span class='ocrx_word' id='word_1_169' title='bbox 701 2439 1033 2498; x_wconf 82' lang='lat' dir='ltr'><strong>posteaquam</strong></span> <span class='ocrx_word' id='word_1_170' title='bbox 1064 2431 1269 2482; x_wconf 83' lang='lat' dir='ltr'><strong>vicisset</strong></span> <span class='ocrx_word' id='word_1_171' title='bbox 1298 2440 1349 2483; x_wconf 95' lang='lat' dir='ltr'><strong>et</strong></span> <span class='ocrx_word' id='word_1_172' title='bbox 1379 2430 1752 2498; x_wconf 82' lang='lat' dir='ltr'><strong>Arphaxadum</strong></span> 
     </span>
    </p>
   </div>
   <div class='ocr_carea' id='block_1_24' title="bbox 197 2515 1755 2586">
    <p class='ocr_par' dir='ltr' id='par_1_24' title="bbox 197 2515 1755 2586">
     <span class='ocr_line' id='line_1_24' title="bbox 197 2515 1755 2586; baseline 0.001 -17"><span class='ocrx_word' id='word_1_173' title='bbox 197 2515 333 2570; x_wconf 91' lang='lat' dir='ltr'><strong>bello</strong></span> <span class='ocrx_word' id='word_1_174' title='bbox 375 2526 709 2585; x_wconf 83' lang='lat' dir='ltr'><strong>superasset,</strong></span> <span class='ocrx_word' id='word_1_175' title='bbox 752 2518 941 2570; x_wconf 92' lang='lat' dir='ltr'><strong>bellum</strong></span> <span class='ocrx_word' id='word_1_176' title='bbox 986 2518 1159 2569; x_wconf 91' lang='lat' dir='ltr'><strong>intulit</strong></span> <span class='ocrx_word' id='word_1_177' title='bbox 1198 2518 1259 2569; x_wconf 91' lang='lat' dir='ltr'><strong>iis</strong></span> <span class='ocrx_word' id='word_1_178' title='bbox 1288 2518 1378 2586; x_wconf 89' lang='lat' dir='ltr'><strong>qui</strong></span> <span class='ocrx_word' id='word_1_179' title='bbox 1426 2519 1550 2571; x_wconf 85' lang='lat' dir='ltr'><strong>nihil</strong></span> <span class='ocrx_word' id='word_1_180' title='bbox 1577 2519 1755 2572; x_wconf 81' lang='lat' dir='ltr'><strong>auxilii</strong></span> 
     </span>
    </p>
   </div>
   <div class='ocr_carea' id='block_1_25' title="bbox 194 2604 1753 2673">
    <p class='ocr_par' dir='ltr' id='par_1_25' title="bbox 194 2604 1753 2673">
     <span class='ocr_line' id='line_1_25' title="bbox 194 2604 1753 2673; baseline 0.003 -18"><span class='ocrx_word' id='word_1_181' title='bbox 194 2604 447 2656; x_wconf 84' lang='lat' dir='ltr'><strong>miserant</strong></span> <span class='ocrx_word' id='word_1_182' title='bbox 482 2621 493 2654; x_wconf 85' lang='lat'><strong>:</strong></span> <span class='ocrx_word' id='word_1_183' title='bbox 524 2604 767 2672; x_wconf 84' lang='lat' dir='ltr'><strong>misitque</strong></span> <span class='ocrx_word' id='word_1_184' title='bbox 808 2604 1193 2673; x_wconf 84' lang='lat' dir='ltr'><strong>Holophernem</strong></span> <span class='ocrx_word' id='word_1_185' title='bbox 1223 2605 1474 2659; x_wconf 89' lang='lat' dir='ltr'><strong>adversus</strong></span> <span class='ocrx_word' id='word_1_186' title='bbox 1516 2622 1606 2660; x_wconf 91' lang='lat' dir='ltr'><strong>eos</strong></span> <span class='ocrx_word' id='word_1_187' title='bbox 1635 2623 1753 2660; x_wconf 92' lang='lat' dir='ltr'><strong>cum</strong></span> 
     </span>
    </p>
   </div>
   <div class='ocr_carea' id='block_1_26' title="bbox 194 2692 1756 2763">
    <p class='ocr_par' dir='ltr' id='par_1_26' title="bbox 194 2692 1756 2763">
     <span class='ocr_line' id='line_1_26' title="bbox 194 2692 1756 2763; baseline 0.006 -22"><span class='ocrx_word' id='word_1_188' title='bbox 194 2706 383 2758; x_wconf 89' lang='lat' dir='ltr'><strong>magno</strong></span> <span class='ocrx_word' id='word_1_189' title='bbox 414 2692 666 2743; x_wconf 88' lang='lat' dir='ltr'><strong>exercitu.</strong></span> <span class='ocrx_word' id='word_1_190' title='bbox 697 2692 790 2745; x_wconf 89' lang='lat' dir='ltr'><strong>Hic</strong></span> <span class='ocrx_word' id='word_1_191' title='bbox 818 2693 945 2745; x_wconf 88' lang='lat' dir='ltr'><strong>alias</strong></span> <span class='ocrx_word' id='word_1_192' title='bbox 974 2692 1185 2760; x_wconf 87' lang='lat' dir='ltr'><strong>quidem</strong></span> <span class='ocrx_word' id='word_1_193' title='bbox 1204 2708 1387 2748; x_wconf 87' lang='lat' dir='ltr'><strong>onmes</strong></span> <span class='ocrx_word' id='word_1_194' title='bbox 1408 2706 1590 2763; x_wconf 89' lang='lat' dir='ltr'><strong>gentes</strong></span> <span class='ocrx_word' id='word_1_195' title='bbox 1617 2696 1756 2751; x_wconf 92' lang='lat' dir='ltr'><strong>bello</strong></span> 
     </span>
    </p>
   </div>
   <div class='ocr_carea' id='block_1_27' title="bbox 193 2779 1756 2850">
    <p class='ocr_par' dir='ltr' id='par_1_27' title="bbox 193 2779 1756 2850">
     <span class='ocr_line' id='line_1_27' title="bbox 193 2779 1756 2850; baseline 0.004 -19"><span class='ocrx_word' id='word_1_196' title='bbox 193 2780 351 2847; x_wconf 89' lang='lat' dir='ltr'><strong>cepit,</strong></span> <span class='ocrx_word' id='word_1_197' title='bbox 384 2789 437 2831; x_wconf 92' lang='lat' dir='ltr'><strong>et</strong></span> <span class='ocrx_word' id='word_1_198' title='bbox 468 2779 603 2833; x_wconf 91' lang='lat' dir='ltr'><strong>idola</strong></span> <span class='ocrx_word' id='word_1_199' title='bbox 631 2781 858 2848; x_wconf 83' lang='lat' dir='ltr'><strong>ipsarum</strong></span> <span class='ocrx_word' id='word_1_200' title='bbox 880 2782 1153 2850; x_wconf 80' lang='lat' dir='ltr'><strong>confregit.</strong></span> <span class='ocrx_word' id='word_1_201' title='bbox 1178 2780 1423 2836; x_wconf 71' lang='lat' dir='ltr'><strong>Israelitte</strong></span> <span class='ocrx_word' id='word_1_202' title='bbox 1442 2791 1615 2837; x_wconf 91' lang='lat' dir='ltr'><strong>autem</strong></span> <span class='ocrx_word' id='word_1_203' title='bbox 1638 2799 1756 2839; x_wconf 91' lang='lat' dir='ltr'><strong>sese</strong></span> 
     </span>
    </p>
   </div>
   <div class='ocr_carea' id='block_1_28' title="bbox 194 2868 1757 2939">
    <p class='ocr_par' dir='ltr' id='par_1_28' title="bbox 194 2868 1757 2939">
     <span class='ocr_line' id='line_1_28' title="bbox 194 2868 1757 2939; baseline 0.004 -20"><span class='ocrx_word' id='word_1_204' title='bbox 194 2868 644 2933; x_wconf 91' lang='lat' dir='ltr'><strong>communierunt,</strong></span> <span class='ocrx_word' id='word_1_205' title='bbox 701 2885 799 2923; x_wconf 91' lang='lat' dir='ltr'><strong>nec</strong></span> <span class='ocrx_word' id='word_1_206' title='bbox 846 2869 1166 2938; x_wconf 75' lang='lat' dir='ltr'><strong>Holopherni</strong></span> <span class='ocrx_word' id='word_1_207' title='bbox 1221 2870 1524 2939; x_wconf 89' lang='lat' dir='ltr'><strong>obsequuti,</strong></span> <span class='ocrx_word' id='word_1_208' title='bbox 1587 2887 1757 2939; x_wconf 88' lang='lat' dir='ltr'><strong>neque</strong></span> 
     </span>
    </p>
   </div>
   <div class='ocr_carea' id='block_1_29' title="bbox 196 2957 1756 3029">
    <p class='ocr_par' dir='ltr' id='par_1_29' title="bbox 196 2957 1756 3029">
     <span class='ocr_line' id='line_1_29' title="bbox 196 2957 1756 3029; baseline 0.005 -21"><span class='ocrx_word' id='word_1_209' title='bbox 196 2958 353 3009; x_wconf 86' lang='lat' dir='ltr'><strong>minis</strong></span> <span class='ocrx_word' id='word_1_210' title='bbox 391 2957 531 3009; x_wconf 92' lang='lat' dir='ltr'><strong>illius</strong></span> <span class='ocrx_word' id='word_1_211' title='bbox 568 2959 829 3025; x_wconf 89' lang='lat' dir='ltr'><strong>perterriti</strong></span> <span class='ocrx_word' id='word_1_212' title='bbox 875 2970 1017 3012; x_wconf 89' lang='lat' dir='ltr'><strong>sunt.</strong></span> <span class='ocrx_word' id='word_1_213' title='bbox 1061 2958 1285 3028; x_wconf 85' lang='lat' dir='ltr'><strong>Scripsit</strong></span> <span class='ocrx_word' id='word_1_214' title='bbox 1314 2961 1486 3029; x_wconf 90' lang='lat' dir='ltr'><strong>itaque</strong></span> <span class='ocrx_word' id='word_1_215' title='bbox 1513 2961 1756 3016; x_wconf 70' lang='lat' dir='ltr'><strong>sacerdos</strong></span> 
     </span>
    </p>
   </div>
   <div class='ocr_carea' id='block_1_30' title="bbox 193 3043 1759 3116">
    <p class='ocr_par' dir='ltr' id='par_1_30' title="bbox 193 3043 1759 3116">
     <span class='ocr_line' id='line_1_30' title="bbox 193 3043 1759 3116; baseline 0.004 -19"><span class='ocrx_word' id='word_1_216' title='bbox 193 3043 400 3097; x_wconf 84' lang='lat' dir='ltr'><strong>Joakim</strong></span> <span class='ocrx_word' id='word_1_217' title='bbox 428 3045 626 3097; x_wconf 79' lang='lat' dir='ltr'><strong>civibus</strong></span> <span class='ocrx_word' id='word_1_218' title='bbox 653 3046 899 3115; x_wconf 73' lang='lat' dir='ltr'><strong>Bctylute,</strong></span> <span class='ocrx_word' id='word_1_219' title='bbox 930 3056 984 3100; x_wconf 91' lang='lat' dir='ltr'><strong>ut</strong></span> <span class='ocrx_word' id='word_1_220' title='bbox 1010 3048 1143 3099; x_wconf 91' lang='lat' dir='ltr'><strong>viam</strong></span> <span class='ocrx_word' id='word_1_221' title='bbox 1173 3048 1492 3116; x_wconf 86' lang='lat' dir='ltr'><strong>Holopherni</strong></span> <span class='ocrx_word' id='word_1_222' title='bbox 1519 3050 1759 3104; x_wconf 88' lang='lat' dir='ltr'><strong>obstrue-</strong></span> 
     </span>
    </p>
   </div>
   <div class='ocr_carea' id='block_1_31' title="bbox 195 3136 1752 3201">
    <p class='ocr_par' dir='ltr' id='par_1_31' title="bbox 195 3136 1752 3201">
     <span class='ocr_line' id='line_1_31' title="bbox 195 3136 1752 3201; baseline 0.004 -14"><span class='ocrx_word' id='word_1_223' title='bbox 195 3144 343 3197; x_wconf 90' lang='lat' dir='ltr'><strong>rent;</strong></span> <span class='ocrx_word' id='word_1_224' title='bbox 372 3136 541 3188; x_wconf 87' lang='lat' dir='ltr'><strong>istltac</strong></span> <span class='ocrx_word' id='word_1_225' title='bbox 562 3136 701 3189; x_wconf 90' lang='lat' dir='ltr'><strong>enim</strong></span> <span class='ocrx_word' id='word_1_226' title='bbox 730 3137 830 3190; x_wconf 89' lang='lat' dir='ltr'><strong>iter</strong></span> <span class='ocrx_word' id='word_1_227' title='bbox 856 3138 1084 3191; x_wconf 90' lang='lat' dir='ltr'><strong>facturus</strong></span> <span class='ocrx_word' id='word_1_228' title='bbox 1113 3148 1256 3201; x_wconf 89' lang='lat' dir='ltr'><strong>erat;</strong></span> <span class='ocrx_word' id='word_1_229' title='bbox 1288 3150 1338 3191; x_wconf 91' lang='lat' dir='ltr'><strong>et</strong></span> <span class='ocrx_word' id='word_1_230' title='bbox 1364 3141 1752 3193; x_wconf 87' lang='lat' dir='ltr'><strong>obstruxerunt.</strong></span> 
     </span>
    </p>
   </div>
   <div class='ocr_carea' id='block_1_32' title="bbox 196 3225 1758 3297">
    <p class='ocr_par' dir='ltr' id='par_1_32' title="bbox 196 3225 1758 3297">
     <span class='ocr_line' id='line_1_32' title="bbox 196 3225 1758 3297; baseline 0.003 -18"><span class='ocrx_word' id='word_1_231' title='bbox 196 3225 560 3293; x_wconf 87' lang='lat' dir='ltr'><strong>llolophernes</strong></span> <span class='ocrx_word' id='word_1_232' title='bbox 591 3226 747 3295; x_wconf 84' lang='lat' dir='ltr'><strong>igitur</strong></span> <span class='ocrx_word' id='word_1_233' title='bbox 763 3229 927 3280; x_wconf 90' lang='lat' dir='ltr'><strong>aciem</strong></span> <span class='ocrx_word' id='word_1_234' title='bbox 948 3228 1188 3281; x_wconf 84' lang='lat' dir='ltr'><strong>instruxit</strong></span> <span class='ocrx_word' id='word_1_235' title='bbox 1207 3228 1271 3281; x_wconf 92' lang='lat' dir='ltr'><strong>ad</strong></span> <span class='ocrx_word' id='word_1_236' title='bbox 1298 3243 1543 3297; x_wconf 83' lang='lat' dir='ltr'><strong>pugnam.</strong></span> <span class='ocrx_word' id='word_1_237' title='bbox 1562 3230 1758 3285; x_wconf 84' lang='lat' dir='ltr'><strong>Acbior</strong></span> 
     </span>
    </p>
   </div>
   <div class='ocr_carea' id='block_1_33' title="bbox 195 3315 1756 3387">
    <p class='ocr_par' dir='ltr' id='par_1_33' title="bbox 195 3315 1756 3387">
     <span class='ocr_line' id='line_1_33' title="bbox 195 3315 1756 3387; baseline 0.004 -21"><span class='ocrx_word' id='word_1_238' title='bbox 195 3324 368 3368; x_wconf 86' lang='lat' dir='ltr'><strong>autem</strong></span> <span class='ocrx_word' id='word_1_239' title='bbox 404 3315 646 3383; x_wconf 85' lang='lat' dir='ltr'><strong>princeps</strong></span> <span class='ocrx_word' id='word_1_240' title='bbox 673 3318 1090 3371; x_wconf 84' lang='lat' dir='ltr'><strong>Ammonitarum</strong></span> <span class='ocrx_word' id='word_1_241' title='bbox 1117 3327 1299 3371; x_wconf 86' lang='lat' dir='ltr'><strong>auctor</strong></span> <span class='ocrx_word' id='word_1_242' title='bbox 1326 3328 1438 3372; x_wconf 89' lang='lat' dir='ltr'><strong>erat</strong></span> <span class='ocrx_word' id='word_1_243' title='bbox 1468 3319 1756 3387; x_wconf 83' lang='lat' dir='ltr'><strong>[1010pher-</strong></span> 
     </span>
    </p>
   </div>
   <div class='ocr_carea' id='block_1_34' title="bbox 194 3403 1756 3477">
    <p class='ocr_par' dir='ltr' id='par_1_34' title="bbox 194 3403 1756 3477">
     <span class='ocr_line' id='line_1_34' title="bbox 194 3403 1756 3477; baseline 0.006 -23"><span class='ocrx_word' id='word_1_244' title='bbox 194 3403 266 3465; x_wconf 92' lang='lat' dir='ltr'><strong>ni,</strong></span> <span class='ocrx_word' id='word_1_245' title='bbox 302 3418 368 3456; x_wconf 92' lang='lat' dir='ltr'><strong>ne</strong></span> <span class='ocrx_word' id='word_1_246' title='bbox 391 3404 532 3471; x_wconf 81' lang='lat' dir='ltr'><strong>genti</strong></span> <span class='ocrx_word' id='word_1_247' title='bbox 560 3403 897 3459; x_wconf 71' lang='lat' dir='ltr'><strong>Hebrzeorum</strong></span> <span class='ocrx_word' id='word_1_248' title='bbox 938 3406 1130 3459; x_wconf 88' lang='lat' dir='ltr'><strong>bellum</strong></span> <span class='ocrx_word' id='word_1_249' title='bbox 1162 3406 1392 3471; x_wconf 84' lang='lat' dir='ltr'><strong>inferret,</strong></span> <span class='ocrx_word' id='word_1_250' title='bbox 1423 3422 1487 3461; x_wconf 92' lang='lat' dir='ltr'><strong>eo</strong></span> <span class='ocrx_word' id='word_1_251' title='bbox 1511 3410 1650 3477; x_wconf 91' lang='lat' dir='ltr'><strong>quod</strong></span> <span class='ocrx_word' id='word_1_252' title='bbox 1683 3411 1756 3463; x_wconf 91' lang='lat' dir='ltr'><strong>illi</strong></span> 
     </span>
    </p>
   </div>
   <div class='ocr_carea' id='block_1_35' title="bbox 195 3490 1759 3562">
    <p class='ocr_par' dir='ltr' id='par_1_35' title="bbox 195 3490 1759 3562">
     <span class='ocr_line' id='line_1_35' title="bbox 195 3490 1759 3562; baseline 0.006 -21"><span class='ocrx_word' id='word_1_253' title='bbox 195 3503 224 3541; x_wconf 88' lang='lat' dir='ltr'><strong>a</strong></span> <span class='ocrx_word' id='word_1_254' title='bbox 265 3490 373 3543; x_wconf 88' lang='lat' dir='ltr'><strong>Deo</strong></span> <span class='ocrx_word' id='word_1_255' title='bbox 420 3500 836 3559; x_wconf 84' lang='lat' dir='ltr'><strong>protegerentur.</strong></span> <span class='ocrx_word' id='word_1_256' title='bbox 880 3492 1179 3560; x_wconf 87' lang='lat' dir='ltr'><strong>Indignatus</strong></span> <span class='ocrx_word' id='word_1_257' title='bbox 1222 3495 1581 3562; x_wconf 77' lang='lat' dir='ltr'><strong>ilolopherncs</strong></span> <span class='ocrx_word' id='word_1_258' title='bbox 1618 3498 1759 3551; x_wconf 91' lang='lat' dir='ltr'><strong>misit</strong></span> 
     </span>
    </p>
   </div>
   <div class='ocr_carea' id='block_1_36' title="bbox 196 3578 1757 3653">
    <p class='ocr_par' dir='ltr' id='par_1_36' title="bbox 196 3578 1757 3653">
     <span class='ocr_line' id='line_1_36' title="bbox 196 3578 1757 3653; baseline 0.007 -23"><span class='ocrx_word' id='word_1_259' title='bbox 196 3592 316 3630; x_wconf 92' lang='lat' dir='ltr'><strong>eum</strong></span> <span class='ocrx_word' id='word_1_260' title='bbox 356 3578 594 3631; x_wconf 86' lang='lat' dir='ltr'><strong>Betulam</strong></span> <span class='ocrx_word' id='word_1_261' title='bbox 619 3621 633 3645; x_wconf 94' lang='lat'><strong>,</strong></span> <span class='ocrx_word' id='word_1_262' title='bbox 682 3581 946 3636; x_wconf 90' lang='lat' dir='ltr'><strong>interitum</strong></span> <span class='ocrx_word' id='word_1_263' title='bbox 989 3582 1061 3636; x_wconf 87' lang='lat' dir='ltr'><strong>illi</strong></span> <span class='ocrx_word' id='word_1_264' title='bbox 1099 3585 1444 3639; x_wconf 87' lang='lat' dir='ltr'><strong>comminatus</strong></span> <span class='ocrx_word' id='word_1_265' title='bbox 1476 3587 1518 3639; x_wconf 90' lang='lat' dir='ltr'><strong>si</strong></span> <span class='ocrx_word' id='word_1_266' title='bbox 1554 3587 1757 3653; x_wconf 87' lang='lat' dir='ltr'><strong>quando</strong></span> 
     </span>
    </p>
   </div>
   <div class='ocr_carea' id='block_1_37' title="bbox 195 3663 1753 3741">
    <p class='ocr_par' dir='ltr' id='par_1_37' title="bbox 195 3663 1753 3741">
     <span class='ocr_line' id='line_1_37' title="bbox 195 3663 1753 3741; baseline 0.008 -25"><span class='ocrx_word' id='word_1_267' title='bbox 195 3663 452 3717; x_wconf 71' lang='lat' dir='ltr'><strong>Hebraeos</strong></span> <span class='ocrx_word' id='word_1_268' title='bbox 479 3666 731 3720; x_wconf 80' lang='lat' dir='ltr'><strong>vinceret.</strong></span> <span class='ocrx_word' id='word_1_269' title='bbox 755 3669 951 3722; x_wconf 80' lang='lat' dir='ltr'><strong>Achior</strong></span> <span class='ocrx_word' id='word_1_270' title='bbox 969 3671 1140 3737; x_wconf 91' lang='lat' dir='ltr'><strong>itaque</strong></span> <span class='ocrx_word' id='word_1_271' title='bbox 1162 3671 1211 3723; x_wconf 94' lang='lat' dir='ltr'><strong>in</strong></span> <span class='ocrx_word' id='word_1_272' title='bbox 1236 3672 1413 3724; x_wconf 90' lang='lat' dir='ltr'><strong>Betula</strong></span> <span class='ocrx_word' id='word_1_273' title='bbox 1437 3674 1753 3741; x_wconf 88' lang='lat' dir='ltr'><strong>quiescebat.</strong></span> 
     </span>
    </p>
   </div>
   <div class='ocr_carea' id='block_1_38' title="bbox 195 3752 1758 3831">
    <p class='ocr_par' dir='ltr' id='par_1_38' title="bbox 195 3752 1758 3831">
     <span class='ocr_line' id='line_1_38' title="bbox 195 3752 1758 3831; baseline 0.006 -25"><span class='ocrx_word' id='word_1_274' title='bbox 195 3752 564 3820; x_wconf 86' lang='lat' dir='ltr'><strong>llolophernes</strong></span> <span class='ocrx_word' id='word_1_275' title='bbox 590 3770 715 3808; x_wconf 89' lang='lat' dir='ltr'><strong>vero</strong></span> <span class='ocrx_word' id='word_1_276' title='bbox 744 3758 1006 3810; x_wconf 89' lang='lat' dir='ltr'><strong>civitatem</strong></span> <span class='ocrx_word' id='word_1_277' title='bbox 1046 3757 1337 3823; x_wconf 87' lang='lat' dir='ltr'><strong>obsidebat,</strong></span> <span class='ocrx_word' id='word_1_278' title='bbox 1374 3769 1426 3813; x_wconf 91' lang='lat' dir='ltr'><strong>et</strong></span> <span class='ocrx_word' id='word_1_279' title='bbox 1463 3761 1570 3828; x_wconf 91' lang='lat' dir='ltr'><strong>jam</strong></span> <span class='ocrx_word' id='word_1_280' title='bbox 1598 3777 1758 3831; x_wconf 88' lang='lat' dir='ltr'><strong>aquas</strong></span> 
     </span>
    </p>
   </div>
   <div class='ocr_carea' id='block_1_39' title="bbox 195 3843 1753 3921">
    <p class='ocr_par' dir='ltr' id='par_1_39' title="bbox 195 3843 1753 3921">
     <span class='ocr_line' id='line_1_39' title="bbox 195 3843 1753 3921; baseline 0.006 -25"><span class='ocrx_word' id='word_1_281' title='bbox 195 3843 336 3896; x_wconf 90' lang='lat' dir='ltr'><strong>illius</strong></span> <span class='ocrx_word' id='word_1_282' title='bbox 356 3855 723 3911; x_wconf 79' lang='lat' dir='ltr'><strong>occupaverat.</strong></span> <span class='ocrx_word' id='word_1_283' title='bbox 755 3846 883 3899; x_wconf 83' lang='lat' dir='ltr'><strong>Cum</strong></span> <span class='ocrx_word' id='word_1_284' title='bbox 914 3847 997 3900; x_wconf 90' lang='lat' dir='ltr'><strong>siti</strong></span> <span class='ocrx_word' id='word_1_285' title='bbox 1024 3847 1132 3917; x_wconf 88' lang='lat' dir='ltr'><strong>jam</strong></span> <span class='ocrx_word' id='word_1_286' title='bbox 1167 3848 1484 3918; x_wconf 79' lang='lat' dir='ltr'><strong>aflligereiur</strong></span> <span class='ocrx_word' id='word_1_287' title='bbox 1512 3855 1753 3921; x_wconf 93' lang='lat' dir='ltr'><strong>populus,</strong></span> 
     </span>
    </p>
   </div>
   <div class='ocr_carea' id='block_1_40' title="bbox 195 3931 1757 4008">
    <p class='ocr_par' dir='ltr' id='par_1_40' title="bbox 195 3931 1757 4008">
     <span class='ocr_line' id='line_1_40' title="bbox 195 3931 1757 4008; baseline 0.006 -24"><span class='ocrx_word' id='word_1_288' title='bbox 195 3941 246 3984; x_wconf 88' lang='lat' dir='ltr'><strong>et</strong></span> <span class='ocrx_word' id='word_1_289' title='bbox 271 3931 537 3997; x_wconf 90' lang='lat' dir='ltr'><strong>principes</strong></span> <span class='ocrx_word' id='word_1_290' title='bbox 557 3931 820 3986; x_wconf 87' lang='lat' dir='ltr'><strong>civitatem</strong></span> <span class='ocrx_word' id='word_1_291' title='bbox 845 3935 1081 3987; x_wconf 87' lang='lat' dir='ltr'><strong>tradituri</strong></span> <span class='ocrx_word' id='word_1_292' title='bbox 1110 3947 1322 4002; x_wconf 88' lang='lat' dir='ltr'><strong>essent,</strong></span> <span class='ocrx_word' id='word_1_293' title='bbox 1351 3938 1528 3992; x_wconf 85' lang='lat' dir='ltr'><strong>Judith</strong></span> <span class='ocrx_word' id='word_1_294' title='bbox 1550 3941 1757 4008; x_wconf 89' lang='lat' dir='ltr'><strong>deposi-</strong></span> 
     </span>
    </p>
   </div>
   <div class='ocr_carea' id='block_1_41' title="bbox 194 4018 1756 4097">
    <p class='ocr_par' dir='ltr' id='par_1_41' title="bbox 194 4018 1756 4097">
     <span class='ocr_line' id='line_1_41' title="bbox 194 4018 1756 4097; baseline 0.009 -28"><span class='ocrx_word' id='word_1_295' title='bbox 194 4020 262 4071; x_wconf 91' lang='lat' dir='ltr'><strong>tis</strong></span> <span class='ocrx_word' id='word_1_296' title='bbox 291 4018 560 4073; x_wconf 82' lang='lat' dir='ltr'><strong>viduitatis</strong></span> <span class='ocrx_word' id='word_1_297' title='bbox 590 4021 819 4074; x_wconf 88' lang='lat' dir='ltr'><strong>vestibus</strong></span> <span class='ocrx_word' id='word_1_298' title='bbox 840 4023 857 4083; x_wconf 85' lang='lat'><strong><em>(</em></strong></span> <span class='ocrx_word' id='word_1_299' title='bbox 872 4023 1112 4075; x_wconf 90' lang='lat' dir='ltr'><strong>maritum</strong></span> <span class='ocrx_word' id='word_1_300' title='bbox 1140 4026 1276 4077; x_wconf 90' lang='lat' dir='ltr'><strong>enim</strong></span> <span class='ocrx_word' id='word_1_301' title='bbox 1311 4036 1570 4080; x_wconf 88' lang='lat' dir='ltr'><strong>mortuum</strong></span> <span class='ocrx_word' id='word_1_302' title='bbox 1613 4030 1756 4097; x_wconf 85' lang='lat' dir='ltr'><strong>luge-</strong></span> 
     </span>
    </p>
   </div>
   <div class='ocr_carea' id='block_1_42' title="bbox 193 4105 1754 4184">
    <p class='ocr_par' dir='ltr' id='par_1_42' title="bbox 193 4105 1754 4184">
     <span class='ocr_line' id='line_1_42' title="bbox 193 4105 1754 4184; baseline 0.01 -26"><span class='ocrx_word' id='word_1_303' title='bbox 193 4105 301 4169; x_wconf 81' lang='lat' dir='ltr'><strong>Lat,</strong></span> <span class='ocrx_word' id='word_1_304' title='bbox 331 4109 631 4176; x_wconf 89' lang='lat' dir='ltr'><strong>etquotidie</strong></span> <span class='ocrx_word' id='word_1_305' title='bbox 657 4111 964 4179; x_wconf 85' lang='lat' dir='ltr'><strong>jejunabat),</strong></span> <span class='ocrx_word' id='word_1_306' title='bbox 991 4114 1214 4182; x_wconf 89' lang='lat' dir='ltr'><strong>seipsam</strong></span> <span class='ocrx_word' id='word_1_307' title='bbox 1247 4115 1409 4169; x_wconf 87' lang='lat' dir='ltr'><strong>instar</strong></span> <span class='ocrx_word' id='word_1_308' title='bbox 1434 4133 1640 4184; x_wconf 75' lang='lat' dir='ltr'><strong>sponsa:</strong></span> <span class='ocrx_word' id='word_1_309' title='bbox 1664 4134 1754 4172; x_wconf 89' lang='lat' dir='ltr'><strong>or-</strong></span> 
     </span>
    </p>
   </div>
   <div class='ocr_carea' id='block_1_43' title="bbox 195 4198 1755 4275">
    <p class='ocr_par' dir='ltr' id='par_1_43' title="bbox 195 4198 1755 4275">
     <span class='ocr_line' id='line_1_43' title="bbox 195 4198 1755 4275; baseline 0.009 -26"><span class='ocrx_word' id='word_1_310' title='bbox 195 4198 375 4262; x_wconf 84' lang='lat' dir='ltr'><strong>navit,</strong></span> <span class='ocrx_word' id='word_1_311' title='bbox 424 4207 478 4251; x_wconf 90' lang='lat' dir='ltr'><strong>et</strong></span> <span class='ocrx_word' id='word_1_312' title='bbox 530 4200 706 4253; x_wconf 90' lang='lat' dir='ltr'><strong>multis</strong></span> <span class='ocrx_word' id='word_1_313' title='bbox 745 4202 1017 4255; x_wconf 88' lang='lat' dir='ltr'><strong>adhortata</strong></span> <span class='ocrx_word' id='word_1_314' title='bbox 1070 4208 1324 4271; x_wconf 91' lang='lat' dir='ltr'><strong>primores</strong></span> <span class='ocrx_word' id='word_1_315' title='bbox 1377 4207 1640 4275; x_wconf 90' lang='lat' dir='ltr'><strong>civitatis,</strong></span> <span class='ocrx_word' id='word_1_316' title='bbox 1690 4224 1755 4263; x_wconf 92' lang='lat' dir='ltr'><strong>ne</strong></span> 
     </span>
    </p>
   </div>
   <div class='ocr_carea' id='block_1_44' title="bbox 194 4287 1753 4363">
    <p class='ocr_par' dir='ltr' id='par_1_44' title="bbox 194 4287 1753 4363">
     <span class='ocr_line' id='line_1_44' title="bbox 194 4287 1753 4363; baseline 0.008 -24"><span class='ocrx_word' id='word_1_317' title='bbox 194 4287 460 4339; x_wconf 89' lang='lat' dir='ltr'><strong>civitatem</strong></span> <span class='ocrx_word' id='word_1_318' title='bbox 507 4288 571 4341; x_wconf 90' lang='lat' dir='ltr'><strong>ad</strong></span> <span class='ocrx_word' id='word_1_319' title='bbox 600 4304 764 4357; x_wconf 86' lang='lat' dir='ltr'><strong>usque</strong></span> <span class='ocrx_word' id='word_1_320' title='bbox 794 4293 1021 4360; x_wconf 89' lang='lat' dir='ltr'><strong>quinque</strong></span> <span class='ocrx_word' id='word_1_321' title='bbox 1056 4293 1168 4347; x_wconf 92' lang='lat' dir='ltr'><strong>dies</strong></span> <span class='ocrx_word' id='word_1_322' title='bbox 1205 4296 1337 4348; x_wconf 91' lang='lat' dir='ltr'><strong>hosti</strong></span> <span class='ocrx_word' id='word_1_323' title='bbox 1371 4297 1653 4363; x_wconf 88' lang='lat' dir='ltr'><strong>traderent,</strong></span> <span class='ocrx_word' id='word_1_324' title='bbox 1689 4299 1753 4352; x_wconf 89' lang='lat' dir='ltr'><strong>ad</strong></span> 
     </span>
    </p>
   </div>
   <div class='ocr_carea' id='block_1_45' title="bbox 193 4373 1754 4454">
    <p class='ocr_par' dir='ltr' id='par_1_45' title="bbox 193 4373 1754 4454">
     <span class='ocr_line' id='line_1_45' title="bbox 193 4373 1754 4454; baseline 0.009 -27"><span class='ocrx_word' id='word_1_325' title='bbox 193 4373 589 4443; x_wconf 81' lang='lat' dir='ltr'><strong>llolophernem</strong></span> <span class='ocrx_word' id='word_1_326' title='bbox 621 4393 828 4445; x_wconf 82' lang='lat' dir='ltr'><strong>egressa</strong></span> <span class='ocrx_word' id='word_1_327' title='bbox 863 4390 965 4445; x_wconf 90' lang='lat' dir='ltr'><strong>est,</strong></span> <span class='ocrx_word' id='word_1_328' title='bbox 994 4391 1045 4434; x_wconf 88' lang='lat' dir='ltr'><strong>et</strong></span> <span class='ocrx_word' id='word_1_329' title='bbox 1070 4398 1187 4434; x_wconf 91' lang='lat' dir='ltr'><strong>cum</strong></span> <span class='ocrx_word' id='word_1_330' title='bbox 1218 4398 1307 4435; x_wconf 92' lang='lat' dir='ltr'><strong>sua</strong></span> <span class='ocrx_word' id='word_1_331' title='bbox 1336 4385 1476 4437; x_wconf 88' lang='lat' dir='ltr'><strong>illum</strong></span> <span class='ocrx_word' id='word_1_332' title='bbox 1506 4388 1754 4454; x_wconf 87' lang='lat' dir='ltr'><strong>sapientia</strong></span> 
     </span>
    </p>
   </div>
   <div class='ocr_carea' id='block_1_46' title="bbox 194 4465 1751 4543">
    <p class='ocr_par' dir='ltr' id='par_1_46' title="bbox 194 4465 1751 4543">
     <span class='ocr_line' id='line_1_46' title="bbox 194 4465 1751 4543; baseline 0.01 -27"><span class='ocrx_word' id='word_1_333' title='bbox 194 4465 531 4533; x_wconf 88' lang='lat' dir='ltr'><strong>decepisset,</strong></span> <span class='ocrx_word' id='word_1_334' title='bbox 571 4470 719 4522; x_wconf 87' lang='lat' dir='ltr'><strong>tertia</strong></span> <span class='ocrx_word' id='word_1_335' title='bbox 758 4470 877 4535; x_wconf 88' lang='lat' dir='ltr'><strong>die,</strong></span> <span class='ocrx_word' id='word_1_336' title='bbox 919 4473 1274 4541; x_wconf 86' lang='lat' dir='ltr'><strong>ignorantibus</strong></span> <span class='ocrx_word' id='word_1_337' title='bbox 1318 4476 1431 4543; x_wconf 90' lang='lat' dir='ltr'><strong>ejus</strong></span> <span class='ocrx_word' id='word_1_338' title='bbox 1468 4478 1751 4543; x_wconf 89' lang='lat' dir='ltr'><strong>militibus,</strong></span> 
     </span>
    </p>
   </div>
   <div class='ocr_carea' id='block_1_47' title="bbox 195 4554 1756 4635">
    <p class='ocr_par' dir='ltr' id='par_1_47' title="bbox 195 4554 1756 4635">
     <span class='ocr_line' id='line_1_47' title="bbox 195 4554 1756 4635; baseline 0.011 -31"><span class='ocrx_word' id='word_1_339' title='bbox 195 4554 365 4619; x_wconf 90' lang='lat' dir='ltr'><strong>ipsum</strong></span> <span class='ocrx_word' id='word_1_340' title='bbox 396 4558 569 4623; x_wconf 85' lang='lat' dir='ltr'><strong>capite</strong></span> <span class='ocrx_word' id='word_1_341' title='bbox 593 4560 868 4613; x_wconf 85' lang='lat' dir='ltr'><strong>truncavit.</strong></span> <span class='ocrx_word' id='word_1_342' title='bbox 896 4561 959 4613; x_wconf 84' lang='lat' dir='ltr'><strong>Et</strong></span> <span class='ocrx_word' id='word_1_343' title='bbox 984 4563 1059 4617; x_wconf 92' lang='lat' dir='ltr'><strong>sic</strong></span> <span class='ocrx_word' id='word_1_344' title='bbox 1083 4563 1292 4617; x_wconf 89' lang='lat' dir='ltr'><strong>demum</strong></span> <span class='ocrx_word' id='word_1_345' title='bbox 1316 4565 1477 4630; x_wconf 89' lang='lat' dir='ltr'><strong>cives,</strong></span> <span class='ocrx_word' id='word_1_346' title='bbox 1502 4582 1756 4635; x_wconf 89' lang='lat' dir='ltr'><strong>suspenso</strong></span> 
     </span>
    </p>
   </div>
   <div class='ocr_carea' id='block_1_48' title="bbox 194 4640 1751 4717">
    <p class='ocr_par' dir='ltr' id='par_1_48' title="bbox 194 4640 1751 4717">
     <span class='ocr_line' id='line_1_48' title="bbox 194 4640 1751 4717; baseline 0.01 -24"><span class='ocrx_word' id='word_1_347' title='bbox 194 4640 544 4708; x_wconf 82' lang='lat' dir='ltr'><strong>lloIOphernis</strong></span> <span class='ocrx_word' id='word_1_348' title='bbox 564 4648 756 4716; x_wconf 89' lang='lat' dir='ltr'><strong>capite,</strong></span> <span class='ocrx_word' id='word_1_349' title='bbox 784 4649 951 4714; x_wconf 89' lang='lat' dir='ltr'><strong>ipsum</strong></span> <span class='ocrx_word' id='word_1_350' title='bbox 992 4650 1104 4717; x_wconf 89' lang='lat' dir='ltr'><strong>ejus</strong></span> <span class='ocrx_word' id='word_1_351' title='bbox 1144 4652 1363 4705; x_wconf 89' lang='lat' dir='ltr'><strong>tribunis</strong></span> <span class='ocrx_word' id='word_1_352' title='bbox 1390 4656 1751 4709; x_wconf 90' lang='lat' dir='ltr'><strong>ostenderunt.</strong></span> 
     </span>
    </p>
   </div>
   <div class='ocr_carea' id='block_1_49' title="bbox 194 4732 1754 4811">
    <p class='ocr_par' dir='ltr' id='par_1_49' title="bbox 194 4732 1754 4811">
     <span class='ocr_line' id='line_1_49' title="bbox 194 4732 1754 4811; baseline 0.01 -28"><span class='ocrx_word' id='word_1_353' title='bbox 194 4732 327 4784; x_wconf 90' lang='lat' dir='ltr'><strong>llinc</strong></span> <span class='ocrx_word' id='word_1_354' title='bbox 380 4733 579 4802; x_wconf 76' lang='lat' dir='ltr'><strong>Assyrii</strong></span> <span class='ocrx_word' id='word_1_355' title='bbox 629 4738 894 4806; x_wconf 86' lang='lat' dir='ltr'><strong>fugerunt;</strong></span> <span class='ocrx_word' id='word_1_356' title='bbox 943 4740 1192 4793; x_wconf 75' lang='lat' dir='ltr'><strong>Israelita:</strong></span> <span class='ocrx_word' id='word_1_357' title='bbox 1234 4757 1358 4794; x_wconf 90' lang='lat' dir='ltr'><strong>vero</strong></span> <span class='ocrx_word' id='word_1_358' title='bbox 1410 4744 1754 4811; x_wconf 85' lang='lat' dir='ltr'><strong>undequaque</strong></span> 
     </span>
    </p>
   </div>
   <div class='ocr_carea' id='block_1_50' title="bbox 192 4826 1750 4901">
    <p class='ocr_par' dir='ltr' id='par_1_50' title="bbox 192 4826 1750 4901">
     <span class='ocr_line' id='line_1_50' title="bbox 192 4826 1750 4901; baseline 0.008 -28"><span class='ocrx_word' id='word_1_359' title='bbox 192 4831 568 4874; x_wconf 86' lang='lat' dir='ltr'><strong>concurrentes</strong></span> <span class='ocrx_word' id='word_1_360' title='bbox 606 4826 845 4895; x_wconf 80' lang='lat' dir='ltr'><strong>Assyrios</strong></span> <span class='ocrx_word' id='word_1_361' title='bbox 885 4829 1225 4881; x_wconf 91' lang='lat' dir='ltr'><strong>trucidarunt.</strong></span> <span class='ocrx_word' id='word_1_362' title='bbox 1274 4830 1497 4883; x_wconf 85' lang='lat' dir='ltr'><strong>Liberali</strong></span> <span class='ocrx_word' id='word_1_363' title='bbox 1539 4833 1711 4900; x_wconf 84' lang='lat' dir='ltr'><strong>itaque</strong></span> <span class='ocrx_word' id='word_1_364' title='bbox 1735 4874 1750 4901; x_wconf 92' lang='lat'><strong>,</strong></span> 
     </span>
    </p>
   </div>
   <div class='ocr_carea' id='block_1_51' title="bbox 192 4909 1752 4987">
    <p class='ocr_par' dir='ltr' id='par_1_51' title="bbox 192 4909 1752 4987">
     <span class='ocr_line' id='line_1_51' title="bbox 192 4909 1752 4987; baseline 0.009 -28"><span class='ocrx_word' id='word_1_365' title='bbox 192 4909 521 4977; x_wconf 83' lang='lat' dir='ltr'><strong>direptisque</strong></span> <span class='ocrx_word' id='word_1_366' title='bbox 562 4910 789 4966; x_wconf 86' lang='lat' dir='ltr'><strong>hostium</strong></span> <span class='ocrx_word' id='word_1_367' title='bbox 836 4917 1057 4978; x_wconf 87' lang='lat' dir='ltr'><strong>castris,</strong></span> <span class='ocrx_word' id='word_1_368' title='bbox 1108 4933 1224 4983; x_wconf 67' lang='lat' dir='ltr'><strong>quae</strong></span> <span class='ocrx_word' id='word_1_369' title='bbox 1258 4917 1324 4970; x_wconf 90' lang='lat' dir='ltr'><strong>ad</strong></span> <span class='ocrx_word' id='word_1_370' title='bbox 1368 4918 1752 4987; x_wconf 85' lang='lat' dir='ltr'><strong>Hoiophernem</strong></span> 
     </span>
    </p>
   </div>
   <div class='ocr_carea' id='block_1_52' title="bbox 196 4997 1754 5074">
    <p class='ocr_par' dir='ltr' id='par_1_52' title="bbox 196 4997 1754 5074">
     <span class='ocr_line' id='line_1_52' title="bbox 196 4997 1754 5074; baseline 0.01 -27"><span class='ocrx_word' id='word_1_371' title='bbox 196 4997 553 5062; x_wconf 88' lang='lat' dir='ltr'><strong>pertinuerant</strong></span> <span class='ocrx_word' id='word_1_372' title='bbox 581 5000 753 5052; x_wconf 88' lang='lat' dir='ltr'><strong>omnia</strong></span> <span class='ocrx_word' id='word_1_373' title='bbox 798 5001 1020 5057; x_wconf 76' lang='lat' dir='ltr'><strong>Judithte</strong></span> <span class='ocrx_word' id='word_1_374' title='bbox 1060 5004 1334 5059; x_wconf 90' lang='lat' dir='ltr'><strong>dederunt.</strong></span> <span class='ocrx_word' id='word_1_375' title='bbox 1366 5006 1477 5074; x_wconf 85' lang='lat' dir='ltr'><strong>Ipsa</strong></span> <span class='ocrx_word' id='word_1_376' title='bbox 1508 5024 1629 5061; x_wconf 89' lang='lat' dir='ltr'><strong>vero</strong></span> <span class='ocrx_word' id='word_1_377' title='bbox 1662 5011 1754 5063; x_wconf 88' lang='lat' dir='ltr'><strong>Ju-</strong></span> 
     </span>
    </p>
   </div>
   <div class='ocr_carea' id='block_1_53' title="bbox 192 5086 1748 5164">
    <p class='ocr_par' dir='ltr' id='par_1_53' title="bbox 192 5086 1748 5164">
     <span class='ocr_line' id='line_1_53' title="bbox 192 5086 1748 5164; baseline 0.01 -28"><span class='ocrx_word' id='word_1_378' title='bbox 192 5086 300 5137; x_wconf 86' lang='lat' dir='ltr'><strong>dith</strong></span> <span class='ocrx_word' id='word_1_379' title='bbox 334 5086 717 5155; x_wconf 89' lang='lat' dir='ltr'><strong>Jerosolymam</strong></span> <span class='ocrx_word' id='word_1_380' title='bbox 764 5092 1011 5158; x_wconf 88' lang='lat' dir='ltr'><strong>profecta,</strong></span> <span class='ocrx_word' id='word_1_381' title='bbox 1058 5096 1232 5147; x_wconf 91' lang='lat' dir='ltr'><strong>omnia</strong></span> <span class='ocrx_word' id='word_1_382' title='bbox 1280 5097 1500 5150; x_wconf 92' lang='lat' dir='ltr'><strong>Domino</strong></span> <span class='ocrx_word' id='word_1_383' title='bbox 1541 5098 1748 5164; x_wconf 91' lang='lat' dir='ltr'><strong>obtulit,</strong></span> 
     </span>
    </p>
   </div>
   <div class='ocr_carea' id='block_1_54' title="bbox 192 5173 1750 5259">
    <p class='ocr_par' dir='ltr' id='par_1_54' title="bbox 192 5173 1750 5259">
     <span class='ocr_line' id='line_1_54' title="bbox 192 5173 1750 5259; baseline 0.012 -33"><span class='ocrx_word' id='word_1_384' title='bbox 192 5173 511 5244; x_wconf 81' lang='lat' dir='ltr'><strong>domumque</strong></span> <span class='ocrx_word' id='word_1_385' title='bbox 538 5194 764 5243; x_wconf 88' lang='lat' dir='ltr'><strong>reversa,</strong></span> <span class='ocrx_word' id='word_1_386' title='bbox 798 5180 847 5233; x_wconf 93' lang='lat' dir='ltr'><strong>in</strong></span> <span class='ocrx_word' id='word_1_387' title='bbox 886 5184 1070 5238; x_wconf 91' lang='lat' dir='ltr'><strong>eodem</strong></span> <span class='ocrx_word' id='word_1_388' title='bbox 1112 5188 1319 5253; x_wconf 88' lang='lat' dir='ltr'><strong>pietatis</strong></span> <span class='ocrx_word' id='word_1_389' title='bbox 1345 5190 1600 5243; x_wconf 85' lang='lat' dir='ltr'><strong>exercitio</strong></span> <span class='ocrx_word' id='word_1_390' title='bbox 1629 5207 1750 5259; x_wconf 89' lang='lat' dir='ltr'><strong>per-</strong></span> 
     </span>
    </p>
   </div>
   <div class='ocr_carea' id='block_1_55' title="bbox 191 5266 1750 5345">
    <p class='ocr_par' dir='ltr' id='par_1_55' title="bbox 191 5266 1750 5345">
     <span class='ocr_line' id='line_1_55' title="bbox 191 5266 1750 5345; baseline 0.012 -29"><span class='ocrx_word' id='word_1_391' title='bbox 191 5266 451 5318; x_wconf 80' lang='lat' dir='ltr'><strong>severavit</strong></span> <span class='ocrx_word' id='word_1_392' title='bbox 473 5306 489 5329; x_wconf 93' lang='lat'><strong>,</strong></span> <span class='ocrx_word' id='word_1_393' title='bbox 537 5282 597 5321; x_wconf 88' lang='lat' dir='ltr'><strong>ac</strong></span> <span class='ocrx_word' id='word_1_394' title='bbox 633 5269 786 5322; x_wconf 90' lang='lat' dir='ltr'><strong>vidua</strong></span> <span class='ocrx_word' id='word_1_395' title='bbox 824 5270 888 5323; x_wconf 89' lang='lat' dir='ltr'><strong>ad</strong></span> <span class='ocrx_word' id='word_1_396' title='bbox 939 5284 1157 5327; x_wconf 92' lang='lat' dir='ltr'><strong>mortem</strong></span> <span class='ocrx_word' id='word_1_397' title='bbox 1189 5292 1353 5345; x_wconf 90' lang='lat' dir='ltr'><strong>usque</strong></span> <span class='ocrx_word' id='word_1_398' title='bbox 1376 5281 1563 5333; x_wconf 92' lang='lat' dir='ltr'><strong>mansit</strong></span> <span class='ocrx_word' id='word_1_399' title='bbox 1593 5318 1607 5344; x_wconf 90' lang='lat'><strong>,</strong></span> <span class='ocrx_word' id='word_1_400' title='bbox 1651 5298 1750 5335; x_wconf 89' lang='lat' dir='ltr'><strong>ne-</strong></span> 
     </span>
    </p>
   </div>
   <div class='ocr_carea' id='block_1_56' title="bbox 192 5357 1751 5433">
    <p class='ocr_par' dir='ltr' id='par_1_56' title="bbox 192 5357 1751 5433">
     <span class='ocr_line' id='line_1_56' title="bbox 192 5357 1751 5433; baseline 0.012 -28"><span class='ocrx_word' id='word_1_401' title='bbox 192 5369 382 5423; x_wconf 90' lang='lat' dir='ltr'><strong>moque</strong></span> <span class='ocrx_word' id='word_1_402' title='bbox 436 5357 507 5409; x_wconf 92' lang='lat' dir='ltr'><strong>illi</strong></span> <span class='ocrx_word' id='word_1_403' title='bbox 565 5361 774 5427; x_wconf 88' lang='lat' dir='ltr'><strong>nuptias</strong></span> <span class='ocrx_word' id='word_1_404' title='bbox 822 5364 1136 5427; x_wconf 85' lang='lat' dir='ltr'><strong>persuadere</strong></span> <span class='ocrx_word' id='word_1_405' title='bbox 1190 5368 1374 5433; x_wconf 92' lang='lat' dir='ltr'><strong>potuit.</strong></span> <span class='ocrx_word' id='word_1_406' title='bbox 1422 5368 1619 5421; x_wconf 84' lang='lat' dir='ltr'><strong>Mortua</strong></span> <span class='ocrx_word' id='word_1_407' title='bbox 1670 5381 1751 5424; x_wconf 93' lang='lat' dir='ltr'><strong>est</strong></span> 
     </span>
    </p>
   </div>
   <div class='ocr_carea' id='block_1_57' title="bbox 191 5450 1748 5523">
    <p class='ocr_par' dir='ltr' id='par_1_57' title="bbox 191 5450 1748 5523">
     <span class='ocr_line' id='line_1_57' title="bbox 191 5450 1748 5523; baseline 0.014 -29"><span class='ocrx_word' id='word_1_408' title='bbox 191 5453 361 5497; x_wconf 86' lang='lat' dir='ltr'><strong>autem</strong></span> <span class='ocrx_word' id='word_1_409' title='bbox 384 5486 399 5507; x_wconf 91' lang='lat'><strong>,</strong></span> <span class='ocrx_word' id='word_1_410' title='bbox 430 5456 703 5516; x_wconf 90' lang='lat' dir='ltr'><strong>postquam</strong></span> <span class='ocrx_word' id='word_1_411' title='bbox 744 5450 797 5502; x_wconf 91' lang='lat' dir='ltr'><strong>in</strong></span> <span class='ocrx_word' id='word_1_412' title='bbox 831 5451 1079 5507; x_wconf 88' lang='lat' dir='ltr'><strong>viduitate</strong></span> <span class='ocrx_word' id='word_1_413' title='bbox 1117 5456 1335 5510; x_wconf 84' lang='lat' dir='ltr'><strong>honeste</strong></span> <span class='ocrx_word' id='word_1_414' title='bbox 1366 5459 1608 5523; x_wconf 87' lang='lat' dir='ltr'><strong>vixisset,</strong></span> <span class='ocrx_word' id='word_1_415' title='bbox 1653 5478 1748 5515; x_wconf 88' lang='lat' dir='ltr'><strong>an-</strong></span> 
     </span>
    </p>
   </div>
   <div class='ocr_carea' id='block_1_58' title="bbox 193 5540 1744 5611">
    <p class='ocr_par' dir='ltr' id='par_1_58' title="bbox 193 5540 1744 5611">
     <span class='ocr_line' id='line_1_58' title="bbox 193 5540 1744 5611; baseline 0.01 -25"><span class='ocrx_word' id='word_1_416' title='bbox 193 5547 287 5587; x_wconf 93' lang='lat' dir='ltr'><strong>nos</strong></span> <span class='ocrx_word' id='word_1_417' title='bbox 304 5549 516 5588; x_wconf 89' lang='lat' dir='ltr'><strong>emensa</strong></span> <span class='ocrx_word' id='word_1_418' title='bbox 535 5546 743 5591; x_wconf 90' lang='lat' dir='ltr'><strong>centum</strong></span> <span class='ocrx_word' id='word_1_419' title='bbox 761 5548 813 5593; x_wconf 89' lang='lat' dir='ltr'><strong>et</strong></span> <span class='ocrx_word' id='word_1_420' title='bbox 829 5540 1077 5611; x_wconf 89' lang='lat' dir='ltr'><strong>quinque.</strong></span> <span class='ocrx_word' id='word_1_421' title='bbox 1097 5542 1163 5596; x_wconf 87' lang='lat' dir='ltr'><strong>Et</strong></span> <span class='ocrx_word' id='word_1_422' title='bbox 1180 5545 1229 5596; x_wconf 93' lang='lat' dir='ltr'><strong>in</strong></span> <span class='ocrx_word' id='word_1_423' title='bbox 1249 5546 1360 5599; x_wconf 66' lang='lat' dir='ltr'><strong>haec</strong></span> <span class='ocrx_word' id='word_1_424' title='bbox 1386 5547 1575 5602; x_wconf 90' lang='lat' dir='ltr'><strong>desinit</strong></span> <span class='ocrx_word' id='word_1_425' title='bbox 1596 5550 1744 5605; x_wconf 92' lang='lat' dir='ltr'><strong>liber.</strong></span> 
     </span>
    </p>
   </div>
   <div class='ocr_carea' id='block_1_59' title="bbox 252 5694 1473 5768">
    <p class='ocr_par' dir='ltr' id='par_1_59' title="bbox 252 5694 1473 5768">
     <span class='ocr_line' id='line_1_59' title="bbox 252 5694 1473 5768; baseline 0.011 -26"><span class='ocrx_word' id='word_1_426' title='bbox 252 5695 325 5757; x_wconf 84' lang='grc' dir='ltr'><strong>(α)</strong></span> <span class='ocrx_word' id='word_1_427' title='bbox 350 5694 529 5745; x_wconf 81' lang='lat' dir='ltr'><strong>iisdem</strong></span> <span class='ocrx_word' id='word_1_428' title='bbox 552 5697 657 5748; x_wconf 86' lang='lat' dir='ltr'><strong>fere</strong></span> <span class='ocrx_word' id='word_1_429' title='bbox 680 5700 842 5749; x_wconf 84' lang='lat' dir='ltr'><strong>verbis</strong></span> <span class='ocrx_word' id='word_1_430' title='bbox 862 5707 1045 5752; x_wconf 78' lang='lat' dir='ltr'><strong>constat</strong></span> <span class='ocrx_word' id='word_1_431' title='bbox 1069 5702 1217 5753; x_wconf 80' lang='lat' dir='ltr'><strong>altera</strong></span> <span class='ocrx_word' id='word_1_432' title='bbox 1241 5710 1473 5768; x_wconf 70' lang='lat' dir='ltr'><strong>Synorsis.</strong></span> 
     </span>
    </p>
   </div>
   <div class='ocr_carea' id='block_1_60' title="bbox 1264 391 2319 449">
    <p class='ocr_par' dir='ltr' id='par_1_60' title="bbox 1264 391 2319 449">
     <span class='ocr_line' id='line_1_60' title="bbox 1264 391 2319 449; baseline -0.002 -1"><span class='ocrx_word' id='word_1_433' title='bbox 1264 392 1581 449; x_wconf 81' lang='lat' dir='ltr'><strong>SYNOPSIS</strong></span> <span class='ocrx_word' id='word_1_434' title='bbox 1616 391 2020 447; x_wconf 69' lang='lat' dir='ltr'><strong>SCRIPTURAE</strong></span> <span class='ocrx_word' id='word_1_435' title='bbox 2057 393 2319 449; x_wconf 65' lang='lat' dir='ltr'><strong>SACBE.</strong></span> 
     </span>
    </p>
   </div>
   <div class='ocr_carea' id='block_1_61' title="bbox 3311 415 3421 469">
    <p class='ocr_par' dir='ltr' id='par_1_61' title="bbox 3311 415 3421 469">
     <span class='ocr_line' id='line_1_61' title="bbox 3311 415 3421 469; baseline 0.009 -1"><span class='ocrx_word' id='word_1_436' title='bbox 3311 415 3421 469; x_wconf 83' lang='lat'><strong>362</strong></span> 
     </span>
    </p>
   </div>
   <div class='ocr_carea' id='block_1_62' title="bbox 2452 518 2723 557">
    <p class='ocr_par' dir='ltr' id='par_1_62' title="bbox 2452 518 2723 557">
     <span class='ocr_line' id='line_1_62' title="bbox 2452 518 2723 557; baseline 0.011 -2"><span class='ocrx_word' id='word_1_437' title='bbox 2452 519 2598 556; x_wconf 65' lang='grc' dir='ltr'>ιιυως</span> <span class='ocrx_word' id='word_1_438' title='bbox 2618 518 2723 557; x_wconf 68' lang='grc' dir='ltr'><strong>«ΙοΒ-</strong></span> 
     </span>
    </p>
   </div>
   <div class='ocr_carea' id='block_1_63' title="bbox 1919 630 3397 704">
    <p class='ocr_par' dir='ltr' id='par_1_63' title="bbox 1919 630 3397 704">
     <span class='ocr_line' id='line_1_63' title="bbox 1919 630 3397 704; baseline 0.009 -26"><span class='ocrx_word' id='word_1_439' title='bbox 1919 630 2036 699; x_wconf 70' lang='lat' dir='ltr'><strong>(a).!</strong></span> <span class='ocrx_word' id='word_1_440' title='bbox 2048 632 2113 684; x_wconf 92' lang='lat' dir='ltr'><strong>ob</strong></span> <span class='ocrx_word' id='word_1_441' title='bbox 2142 633 2416 699; x_wconf 90' lang='lat' dir='ltr'><strong>inscriptus</strong></span> <span class='ocrx_word' id='word_1_442' title='bbox 2445 642 2526 685; x_wconf 93' lang='lat' dir='ltr'><strong>est</strong></span> <span class='ocrx_word' id='word_1_443' title='bbox 2555 633 2639 686; x_wconf 85' lang='lat' dir='ltr'><strong>hic</strong></span> <span class='ocrx_word' id='word_1_444' title='bbox 2665 635 2816 697; x_wconf 91' lang='lat' dir='ltr'><strong>liber,</strong></span> <span class='ocrx_word' id='word_1_445' title='bbox 2844 638 2961 701; x_wconf 83' lang='lat' dir='ltr'><strong>quia</strong></span> <span class='ocrx_word' id='word_1_446' title='bbox 2989 635 3101 704; x_wconf 89' lang='lat' dir='ltr'><strong>ejus</strong></span> <span class='ocrx_word' id='word_1_447' title='bbox 3127 636 3397 691; x_wconf 86' lang='lat' dir='ltr'><strong>historiam</strong></span> 
     </span>
    </p>
   </div>
   <div class='ocr_carea' id='block_1_64' title="bbox 1848 726 3400 792">
    <p class='ocr_par' dir='ltr' id='par_1_64' title="bbox 1848 726 3400 792">
     <span class='ocr_line' id='line_1_64' title="bbox 1848 726 3400 792; baseline 0.005 -18"><span class='ocrx_word' id='word_1_448' title='bbox 1848 726 2231 789; x_wconf 81' lang='lat' dir='ltr'><strong>complectitur,</strong></span> <span class='ocrx_word' id='word_1_449' title='bbox 2280 739 2467 791; x_wconf 87' lang='lat' dir='ltr'><strong>nempe</strong></span> <span class='ocrx_word' id='word_1_450' title='bbox 2505 740 2621 792; x_wconf 65' lang='lat' dir='ltr'><strong>quae</strong></span> <span class='ocrx_word' id='word_1_451' title='bbox 2670 739 2945 792; x_wconf 79' lang='lat' dir='ltr'><strong>perpessus</strong></span> <span class='ocrx_word' id='word_1_452' title='bbox 2987 729 3053 779; x_wconf 91' lang='lat' dir='ltr'><strong>sit</strong></span> <span class='ocrx_word' id='word_1_453' title='bbox 3101 735 3328 782; x_wconf 82' lang='lat' dir='ltr'><strong>tentatus</strong></span> <span class='ocrx_word' id='word_1_454' title='bbox 3372 744 3400 781; x_wconf 92' lang='lat' dir='ltr'><strong>a</strong></span> 
     </span>
    </p>
   </div>
   <div class='ocr_carea' id='block_1_65' title="bbox 1848 811 3402 886">
    <p class='ocr_par' dir='ltr' id='par_1_65' title="bbox 1848 811 3402 886">
     <span class='ocr_line' id='line_1_65' title="bbox 1848 811 3402 886; baseline 0.005 -23"><span class='ocrx_word' id='word_1_455' title='bbox 1848 811 2055 865; x_wconf 91' lang='lat' dir='ltr'><strong>diabolo</strong></span> <span class='ocrx_word' id='word_1_456' title='bbox 2082 853 2095 877; x_wconf 98' lang='lat'><strong>,</strong></span> <span class='ocrx_word' id='word_1_457' title='bbox 2141 823 2193 865; x_wconf 92' lang='lat' dir='ltr'><strong>et</strong></span> <span class='ocrx_word' id='word_1_458' title='bbox 2236 813 2497 880; x_wconf 89' lang='lat' dir='ltr'><strong>quomodo</strong></span> <span class='ocrx_word' id='word_1_459' title='bbox 2539 814 2749 875; x_wconf 84' lang='lat' dir='ltr'><strong>vicerit,</strong></span> <span class='ocrx_word' id='word_1_460' title='bbox 2782 814 3054 882; x_wconf 89' lang='lat' dir='ltr'><strong>illatasque</strong></span> <span class='ocrx_word' id='word_1_461' title='bbox 3094 816 3270 884; x_wconf 78' lang='lat' dir='ltr'><strong>plagas</strong></span> <span class='ocrx_word' id='word_1_462' title='bbox 3319 818 3402 886; x_wconf 85' lang='lat' dir='ltr'><strong>pie</strong></span> 
     </span>
    </p>
   </div>
   <div class='ocr_carea' id='block_1_66' title="bbox 1850 901 3402 972">
    <p class='ocr_par' dir='ltr' id='par_1_66' title="bbox 1850 901 3402 972">
     <span class='ocr_line' id='line_1_66' title="bbox 1850 901 3402 972; baseline 0.005 -22"><span class='ocrx_word' id='word_1_463' title='bbox 1850 901 2146 953; x_wconf 86' lang='lat' dir='ltr'><strong>toleraverit</strong></span> <span class='ocrx_word' id='word_1_464' title='bbox 2172 941 2186 965; x_wconf 92' lang='lat'><strong>,</strong></span> <span class='ocrx_word' id='word_1_465' title='bbox 2218 902 2532 968; x_wconf 80' lang='lat' dir='ltr'><strong>domumque</strong></span> <span class='ocrx_word' id='word_1_466' title='bbox 2561 902 2735 954; x_wconf 88' lang='lat' dir='ltr'><strong>omnia</strong></span> <span class='ocrx_word' id='word_1_467' title='bbox 2761 902 2984 969; x_wconf 90' lang='lat' dir='ltr'><strong>duplicia</strong></span> <span class='ocrx_word' id='word_1_468' title='bbox 3014 906 3263 972; x_wconf 82' lang='lat' dir='ltr'><strong>receperit</strong></span> <span class='ocrx_word' id='word_1_469' title='bbox 3290 946 3304 967; x_wconf 91' lang='lat'><strong>,</strong></span> <span class='ocrx_word' id='word_1_470' title='bbox 3338 906 3402 958; x_wconf 80' lang='lat' dir='ltr'><strong>il-</strong></span> 
     </span>
    </p>
   </div>
   <div class='ocr_carea' id='block_1_67' title="bbox 1851 986 3399 1055">
    <p class='ocr_par' dir='ltr' id='par_1_67' title="bbox 1851 986 3399 1055">
     <span class='ocr_line' id='line_1_67' title="bbox 1851 986 3399 1055; baseline 0.004 -17"><span class='ocrx_word' id='word_1_471' title='bbox 1851 986 2188 1054; x_wconf 88' lang='lat' dir='ltr'><strong>lustriorque,</strong></span> <span class='ocrx_word' id='word_1_472' title='bbox 2212 1004 2366 1055; x_wconf 88' lang='lat' dir='ltr'><strong>quam</strong></span> <span class='ocrx_word' id='word_1_473' title='bbox 2395 1000 2568 1051; x_wconf 88' lang='lat' dir='ltr'><strong>antea,</strong></span> <span class='ocrx_word' id='word_1_474' title='bbox 2598 988 2764 1041; x_wconf 88' lang='lat' dir='ltr'><strong>factus</strong></span> <span class='ocrx_word' id='word_1_475' title='bbox 2789 990 2872 1041; x_wconf 87' lang='lat' dir='ltr'><strong>sit.</strong></span> <span class='ocrx_word' id='word_1_476' title='bbox 2899 991 3087 1044; x_wconf 83' lang='lat' dir='ltr'><strong>Passus</strong></span> <span class='ocrx_word' id='word_1_477' title='bbox 3108 1002 3277 1045; x_wconf 89' lang='lat' dir='ltr'><strong>autem</strong></span> <span class='ocrx_word' id='word_1_478' title='bbox 3301 1005 3399 1054; x_wconf 85' lang='lat' dir='ltr'><strong>est,</strong></span> 
     </span>
    </p>
   </div>
   <div class='ocr_carea' id='block_1_68' title="bbox 1849 1077 3407 1149">
    <p class='ocr_par' dir='ltr' id='par_1_68' title="bbox 1849 1077 3407 1149">
     <span class='ocr_line' id='line_1_68' title="bbox 1849 1077 3407 1149; baseline 0.006 -24"><span class='ocrx_word' id='word_1_479' title='bbox 1849 1089 1967 1125; x_wconf 90' lang='lat' dir='ltr'><strong>cum</strong></span> <span class='ocrx_word' id='word_1_480' title='bbox 1993 1083 2131 1127; x_wconf 86' lang='lat' dir='ltr'><strong>esset</strong></span> <span class='ocrx_word' id='word_1_481' title='bbox 2150 1090 2402 1128; x_wconf 88' lang='lat' dir='ltr'><strong>annorum</strong></span> <span class='ocrx_word' id='word_1_482' title='bbox 2426 1077 2771 1144; x_wconf 76' lang='lat' dir='ltr'><strong>septuaginta,</strong></span> <span class='ocrx_word' id='word_1_483' title='bbox 2796 1077 2923 1130; x_wconf 84' lang='lat' dir='ltr'><strong>vixit</strong></span> <span class='ocrx_word' id='word_1_484' title='bbox 2945 1094 3066 1131; x_wconf 88' lang='lat' dir='ltr'><strong>vero</strong></span> <span class='ocrx_word' id='word_1_485' title='bbox 3091 1091 3204 1147; x_wconf 76' lang='lat' dir='ltr'><strong>p0st</strong></span> <span class='ocrx_word' id='word_1_486' title='bbox 3228 1080 3407 1149; x_wconf 82' lang='lat' dir='ltr'><strong>plagas</strong></span> 
     </span>
    </p>
   </div>
   <div class='ocr_carea' id='block_1_69' title="bbox 1850 1162 3404 1236">
    <p class='ocr_par' dir='ltr' id='par_1_69' title="bbox 1850 1162 3404 1236">
     <span class='ocr_line' id='line_1_69' title="bbox 1850 1162 3404 1236; baseline 0.005 -24"><span class='ocrx_word' id='word_1_487' title='bbox 1850 1162 2000 1213; x_wconf 89' lang='lat' dir='ltr'><strong>annis</strong></span> <span class='ocrx_word' id='word_1_488' title='bbox 2033 1171 2241 1215; x_wconf 85' lang='lat' dir='ltr'><strong>centum</strong></span> <span class='ocrx_word' id='word_1_489' title='bbox 2272 1172 2322 1215; x_wconf 85' lang='lat' dir='ltr'><strong>et</strong></span> <span class='ocrx_word' id='word_1_490' title='bbox 2352 1164 2675 1233; x_wconf 87' lang='lat' dir='ltr'><strong>septuaginta</strong></span> <span class='ocrx_word' id='word_1_491' title='bbox 2701 1204 2714 1226; x_wconf 91' lang='lat'><strong>,</strong></span> <span class='ocrx_word' id='word_1_492' title='bbox 2749 1165 2815 1215; x_wconf 87' lang='lat' dir='ltr'><strong>ita</strong></span> <span class='ocrx_word' id='word_1_493' title='bbox 2847 1173 2901 1217; x_wconf 91' lang='lat' dir='ltr'><strong>ut</strong></span> <span class='ocrx_word' id='word_1_494' title='bbox 2937 1181 3119 1219; x_wconf 91' lang='lat' dir='ltr'><strong>omnes</strong></span> <span class='ocrx_word' id='word_1_495' title='bbox 3143 1171 3261 1221; x_wconf 66' lang='lat' dir='ltr'><strong>vitae</strong></span> <span class='ocrx_word' id='word_1_496' title='bbox 3290 1171 3404 1236; x_wconf 83' lang='lat' dir='ltr'><strong>ejus</strong></span> 
     </span>
    </p>
   </div>
   <div class='ocr_carea' id='block_1_70' title="bbox 1852 1252 3405 1322">
    <p class='ocr_par' dir='ltr' id='par_1_70' title="bbox 1852 1252 3405 1322">
     <span class='ocr_line' id='line_1_70' title="bbox 1852 1252 3405 1322; baseline 0.006 -21"><span class='ocrx_word' id='word_1_497' title='bbox 1852 1252 1971 1301; x_wconf 84' lang='lat' dir='ltr'><strong>anui</strong></span> <span class='ocrx_word' id='word_1_498' title='bbox 2004 1252 2105 1302; x_wconf 91' lang='lat' dir='ltr'><strong>sint</strong></span> <span class='ocrx_word' id='word_1_499' title='bbox 2135 1252 2343 1305; x_wconf 89' lang='lat' dir='ltr'><strong>ducenti</strong></span> <span class='ocrx_word' id='word_1_500' title='bbox 2384 1252 2746 1322; x_wconf 86' lang='lat' dir='ltr'><strong>quadraginta.</strong></span> <span class='ocrx_word' id='word_1_501' title='bbox 2797 1253 2913 1306; x_wconf 84' lang='lat' dir='ltr'><strong>Fuit</strong></span> <span class='ocrx_word' id='word_1_502' title='bbox 2941 1264 3113 1308; x_wconf 91' lang='lat' dir='ltr'><strong>autem</strong></span> <span class='ocrx_word' id='word_1_503' title='bbox 3152 1255 3250 1309; x_wconf 93' lang='lat' dir='ltr'><strong>Job</strong></span> <span class='ocrx_word' id='word_1_504' title='bbox 3284 1267 3405 1312; x_wconf 85' lang='lat' dir='ltr'><strong>ante</strong></span> 
     </span>
    </p>
   </div>
   <div class='ocr_carea' id='block_1_71' title="bbox 1854 1337 3411 1409">
    <p class='ocr_par' dir='ltr' id='par_1_71' title="bbox 1854 1337 3411 1409">
     <span class='ocr_line' id='line_1_71' title="bbox 1854 1337 3411 1409; baseline 0.006 -20"><span class='ocrx_word' id='word_1_505' title='bbox 1854 1337 2082 1406; x_wconf 78' lang='lat' dir='ltr'><strong>Moysem</strong></span> <span class='ocrx_word' id='word_1_506' title='bbox 2104 1355 2117 1401; x_wconf 88' lang='lat'><strong>;</strong></span> <span class='ocrx_word' id='word_1_507' title='bbox 2140 1348 2253 1391; x_wconf 90' lang='lat' dir='ltr'><strong>erat</strong></span> <span class='ocrx_word' id='word_1_508' title='bbox 2279 1341 2414 1392; x_wconf 90' lang='lat' dir='ltr'><strong>enim</strong></span> <span class='ocrx_word' id='word_1_509' title='bbox 2443 1342 2655 1408; x_wconf 91' lang='lat' dir='ltr'><strong>quintus</strong></span> <span class='ocrx_word' id='word_1_510' title='bbox 2681 1342 2747 1394; x_wconf 92' lang='lat' dir='ltr'><strong>ab</strong></span> <span class='ocrx_word' id='word_1_511' title='bbox 2771 1342 3070 1395; x_wconf 84' lang='lat' dir='ltr'><strong>Abrahamo</strong></span> <span class='ocrx_word' id='word_1_512' title='bbox 3094 1359 3158 1397; x_wconf 86' lang='lat' dir='ltr'><strong>ex</strong></span> <span class='ocrx_word' id='word_1_513' title='bbox 3187 1347 3411 1409; x_wconf 84' lang='lat' dir='ltr'><strong>posteris</strong></span> 
     </span>
    </p>
   </div>
   <div class='ocr_carea' id='block_1_72' title="bbox 1853 1426 3405 1495">
    <p class='ocr_par' dir='ltr' id='par_1_72' title="bbox 1853 1426 3405 1495">
     <span class='ocr_line' id='line_1_72' title="bbox 1853 1426 3405 1495; baseline 0.004 -16"><span class='ocrx_word' id='word_1_514' title='bbox 1853 1426 2008 1479; x_wconf 77' lang='lat' dir='ltr'><strong>Esau.</strong></span> <span class='ocrx_word' id='word_1_515' title='bbox 2056 1426 2135 1480; x_wconf 92' lang='lat' dir='ltr'><strong>Ob</strong></span> <span class='ocrx_word' id='word_1_516' title='bbox 2181 1429 2447 1495; x_wconf 88' lang='lat' dir='ltr'><strong>plagarum</strong></span> <span class='ocrx_word' id='word_1_517' title='bbox 2489 1429 2833 1481; x_wconf 82' lang='lat' dir='ltr'><strong>calamitatem</strong></span> <span class='ocrx_word' id='word_1_518' title='bbox 2862 1440 3119 1484; x_wconf 86' lang='lat' dir='ltr'><strong>venerunt</strong></span> <span class='ocrx_word' id='word_1_519' title='bbox 3156 1433 3218 1485; x_wconf 88' lang='lat' dir='ltr'><strong>ad</strong></span> <span class='ocrx_word' id='word_1_520' title='bbox 3262 1434 3405 1485; x_wconf 90' lang='lat' dir='ltr'><strong>illum</strong></span> 
     </span>
    </p>
   </div>
   <div class='ocr_carea' id='block_1_73' title="bbox 1853 1515 3407 1585">
    <p class='ocr_par' dir='ltr' id='par_1_73' title="bbox 1853 1515 3407 1585">
     <span class='ocr_line' id='line_1_73' title="bbox 1853 1515 3407 1585; baseline 0.006 -19"><span class='ocrx_word' id='word_1_521' title='bbox 1853 1515 2155 1567; x_wconf 87' lang='lat' dir='ltr'><strong>consolandi</strong></span> <span class='ocrx_word' id='word_1_522' title='bbox 2184 1518 2344 1583; x_wconf 89' lang='lat' dir='ltr'><strong>gratia</strong></span> <span class='ocrx_word' id='word_1_523' title='bbox 2373 1516 2547 1568; x_wconf 89' lang='lat' dir='ltr'><strong>amici.</strong></span> <span class='ocrx_word' id='word_1_524' title='bbox 2585 1519 2754 1585; x_wconf 84' lang='lat' dir='ltr'><strong>Atque</strong></span> <span class='ocrx_word' id='word_1_525' title='bbox 2780 1519 2847 1570; x_wconf 90' lang='lat' dir='ltr'><strong>ita</strong></span> <span class='ocrx_word' id='word_1_526' title='bbox 2874 1520 3197 1573; x_wconf 89' lang='lat' dir='ltr'><strong>eontentiose</strong></span> <span class='ocrx_word' id='word_1_527' title='bbox 3221 1530 3271 1574; x_wconf 91' lang='lat' dir='ltr'><strong>et</strong></span> <span class='ocrx_word' id='word_1_528' title='bbox 3295 1522 3407 1575; x_wconf 90' lang='lat' dir='ltr'><strong>sine</strong></span> 
     </span>
    </p>
   </div>
   <div class='ocr_carea' id='block_1_74' title="bbox 1854 1604 3405 1675">
    <p class='ocr_par' dir='ltr' id='par_1_74' title="bbox 1854 1604 3405 1675">
     <span class='ocr_line' id='line_1_74' title="bbox 1854 1604 3405 1675; baseline 0.006 -21"><span class='ocrx_word' id='word_1_529' title='bbox 1854 1604 2310 1656; x_wconf 87' lang='lat' dir='ltr'><strong>commiseratione</strong></span> <span class='ocrx_word' id='word_1_530' title='bbox 2338 1618 2455 1656; x_wconf 90' lang='lat' dir='ltr'><strong>cum</strong></span> <span class='ocrx_word' id='word_1_531' title='bbox 2487 1604 2576 1657; x_wconf 89' lang='lat' dir='ltr'><strong>illo</strong></span> <span class='ocrx_word' id='word_1_532' title='bbox 2610 1606 2781 1657; x_wconf 89' lang='lat' dir='ltr'><strong>verbis</strong></span> <span class='ocrx_word' id='word_1_533' title='bbox 2820 1616 3077 1675; x_wconf 87' lang='lat' dir='ltr'><strong>egerunt,</strong></span> <span class='ocrx_word' id='word_1_534' title='bbox 3120 1619 3168 1661; x_wconf 92' lang='lat' dir='ltr'><strong>ut</strong></span> <span class='ocrx_word' id='word_1_535' title='bbox 3203 1609 3324 1663; x_wconf 92' lang='lat' dir='ltr'><strong>illud</strong></span> <span class='ocrx_word' id='word_1_536' title='bbox 3357 1612 3405 1663; x_wconf 92' lang='lat' dir='ltr'><strong>iu</strong></span> 
     </span>
    </p>
   </div>
   <div class='ocr_carea' id='block_1_75' title="bbox 1858 1691 3414 1765">
    <p class='ocr_par' dir='ltr' id='par_1_75' title="bbox 1858 1691 3414 1765">
     <span class='ocr_line' id='line_1_75' title="bbox 1858 1691 3414 1765; baseline 0.006 -23"><span class='ocrx_word' id='word_1_537' title='bbox 1858 1702 2127 1758; x_wconf 85' lang='lat' dir='ltr'><strong>peccatum</strong></span> <span class='ocrx_word' id='word_1_538' title='bbox 2158 1692 2284 1758; x_wconf 92' lang='lat' dir='ltr'><strong>ipsis</strong></span> <span class='ocrx_word' id='word_1_539' title='bbox 2310 1701 2602 1758; x_wconf 87' lang='lat' dir='ltr'><strong>reputatum</strong></span> <span class='ocrx_word' id='word_1_540' title='bbox 2634 1691 2808 1746; x_wconf 83' lang='lat' dir='ltr'><strong>fuerit.</strong></span> <span class='ocrx_word' id='word_1_541' title='bbox 2844 1694 2945 1747; x_wconf 89' lang='lat' dir='ltr'><strong>Job</strong></span> <span class='ocrx_word' id='word_1_542' title='bbox 2972 1710 3097 1749; x_wconf 89' lang='lat' dir='ltr'><strong>vero</strong></span> <span class='ocrx_word' id='word_1_543' title='bbox 3126 1697 3285 1751; x_wconf 90' lang='lat' dir='ltr'><strong>Deum</strong></span> <span class='ocrx_word' id='word_1_544' title='bbox 3315 1714 3414 1765; x_wconf 89' lang='lat' dir='ltr'><strong>pro</strong></span> 
     </span>
    </p>
   </div>
   <div class='ocr_carea' id='block_1_76' title="bbox 1857 1778 3406 1852">
    <p class='ocr_par' dir='ltr' id='par_1_76' title="bbox 1857 1778 3406 1852">
     <span class='ocr_line' id='line_1_76' title="bbox 1857 1778 3406 1852; baseline 0.006 -22"><span class='ocrx_word' id='word_1_545' title='bbox 1857 1778 1959 1831; x_wconf 92' lang='lat' dir='ltr'><strong>illis</strong></span> <span class='ocrx_word' id='word_1_546' title='bbox 1998 1787 2243 1847; x_wconf 91' lang='lat' dir='ltr'><strong>precatus</strong></span> <span class='ocrx_word' id='word_1_547' title='bbox 2279 1787 2394 1845; x_wconf 88' lang='lat' dir='ltr'><strong>est,</strong></span> <span class='ocrx_word' id='word_1_548' title='bbox 2426 1789 2478 1831; x_wconf 88' lang='lat' dir='ltr'><strong>et</strong></span> <span class='ocrx_word' id='word_1_549' title='bbox 2516 1782 2789 1834; x_wconf 89' lang='lat' dir='ltr'><strong>remissum</strong></span> <span class='ocrx_word' id='word_1_550' title='bbox 2834 1783 2958 1850; x_wconf 89' lang='lat' dir='ltr'><strong>ipsis</strong></span> <span class='ocrx_word' id='word_1_551' title='bbox 2999 1792 3079 1837; x_wconf 86' lang='lat' dir='ltr'><strong>est</strong></span> <span class='ocrx_word' id='word_1_552' title='bbox 3116 1793 3406 1852; x_wconf 90' lang='lat' dir='ltr'><strong>peccatum.</strong></span> 
     </span>
    </p>
   </div>
   <div class='ocr_carea' id='block_1_77' title="bbox 1856 1867 3407 1938">
    <p class='ocr_par' dir='ltr' id='par_1_77' title="bbox 1856 1867 3407 1938">
     <span class='ocr_line' id='line_1_77' title="bbox 1856 1867 3407 1938; baseline 0.003 -16"><span class='ocrx_word' id='word_1_553' title='bbox 1856 1867 1989 1922; x_wconf 89' lang='lat' dir='ltr'><strong>Sunt</strong></span> <span class='ocrx_word' id='word_1_554' title='bbox 2012 1867 2200 1937; x_wconf 86' lang='lat' dir='ltr'><strong>dialogi</strong></span> <span class='ocrx_word' id='word_1_555' title='bbox 2231 1869 2350 1934; x_wconf 87' lang='lat' dir='ltr'><strong>Job,</strong></span> <span class='ocrx_word' id='word_1_556' title='bbox 2380 1884 2512 1938; x_wconf 90' lang='lat' dir='ltr'><strong>quos</strong></span> <span class='ocrx_word' id='word_1_557' title='bbox 2535 1885 2651 1923; x_wconf 91' lang='lat' dir='ltr'><strong>cum</strong></span> <span class='ocrx_word' id='word_1_558' title='bbox 2681 1872 2861 1925; x_wconf 90' lang='lat' dir='ltr'><strong>amicis</strong></span> <span class='ocrx_word' id='word_1_559' title='bbox 2884 1872 3082 1938; x_wconf 87' lang='lat' dir='ltr'><strong>habuit,</strong></span> <span class='ocrx_word' id='word_1_560' title='bbox 3112 1883 3229 1927; x_wconf 89' lang='lat' dir='ltr'><strong>octo</strong></span> <span class='ocrx_word' id='word_1_561' title='bbox 3257 1891 3269 1925; x_wconf 88' lang='lat'><strong>:</strong></span> <span class='ocrx_word' id='word_1_562' title='bbox 3300 1876 3407 1928; x_wconf 85' lang='lat' dir='ltr'><strong>Eli-</strong></span> 
     </span>
    </p>
   </div>
   <div class='ocr_carea' id='block_1_78' title="bbox 1857 1957 3408 2027">
    <p class='ocr_par' dir='ltr' id='par_1_78' title="bbox 1857 1957 3408 2027">
     <span class='ocr_line' id='line_1_78' title="bbox 1857 1957 3408 2027; baseline 0.008 -20"><span class='ocrx_word' id='word_1_563' title='bbox 1857 1958 1989 2024; x_wconf 83' lang='lat' dir='ltr'><strong>pltaz</strong></span> <span class='ocrx_word' id='word_1_564' title='bbox 2014 1971 2139 2010; x_wconf 89' lang='lat' dir='ltr'><strong>vero</strong></span> <span class='ocrx_word' id='word_1_565' title='bbox 2167 1957 2232 2010; x_wconf 88' lang='lat' dir='ltr'><strong>ad</strong></span> <span class='ocrx_word' id='word_1_566' title='bbox 2258 1957 2357 2012; x_wconf 87' lang='lat' dir='ltr'><strong>Job</strong></span> <span class='ocrx_word' id='word_1_567' title='bbox 2388 1968 2493 2012; x_wconf 90' lang='lat' dir='ltr'><strong>tres</strong></span> <span class='ocrx_word' id='word_1_568' title='bbox 2517 2000 2531 2023; x_wconf 93' lang='lat'><strong>,</strong></span> <span class='ocrx_word' id='word_1_569' title='bbox 2565 1959 2769 2027; x_wconf 92' lang='lat' dir='ltr'><strong>Sophar</strong></span> <span class='ocrx_word' id='word_1_570' title='bbox 2793 1961 2897 2014; x_wconf 93' lang='lat' dir='ltr'><strong>duo</strong></span> <span class='ocrx_word' id='word_1_571' title='bbox 2918 2002 2932 2026; x_wconf 91' lang='lat'><strong>,</strong></span> <span class='ocrx_word' id='word_1_572' title='bbox 2964 1963 3155 2016; x_wconf 83' lang='lat' dir='ltr'><strong>Baldad</strong></span> <span class='ocrx_word' id='word_1_573' title='bbox 3186 1974 3309 2018; x_wconf 87' lang='lat' dir='ltr'><strong>tres.</strong></span> <span class='ocrx_word' id='word_1_574' title='bbox 3342 1966 3408 2019; x_wconf 86' lang='lat' dir='ltr'><strong>Et</strong></span> 
     </span>
    </p>
   </div>
   <div class='ocr_carea' id='block_1_79' title="bbox 1858 2047 3406 2124">
    <p class='ocr_par' dir='ltr' id='par_1_79' title="bbox 1858 2047 3406 2124">
     <span class='ocr_line' id='line_1_79' title="bbox 1858 2047 3406 2124; baseline 0.008 -25"><span class='ocrx_word' id='word_1_575' title='bbox 1858 2047 2005 2100; x_wconf 87' lang='lat' dir='ltr'><strong>Eliuz</strong></span> <span class='ocrx_word' id='word_1_576' title='bbox 2029 2063 2234 2117; x_wconf 92' lang='lat' dir='ltr'><strong>quoque</strong></span> <span class='ocrx_word' id='word_1_577' title='bbox 2256 2048 2349 2102; x_wconf 78' lang='lat' dir='ltr'><strong>filii</strong></span> <span class='ocrx_word' id='word_1_578' title='bbox 2382 2049 2653 2104; x_wconf 85' lang='lat' dir='ltr'><strong>Barachiel</strong></span> <span class='ocrx_word' id='word_1_579' title='bbox 2688 2052 2880 2104; x_wconf 76' lang='lat' dir='ltr'><strong>Buzita:</strong></span> <span class='ocrx_word' id='word_1_580' title='bbox 2902 2068 3033 2107; x_wconf 92' lang='lat' dir='ltr'><strong>unus</strong></span> <span class='ocrx_word' id='word_1_581' title='bbox 3053 2062 3131 2108; x_wconf 91' lang='lat' dir='ltr'><strong>est</strong></span> <span class='ocrx_word' id='word_1_582' title='bbox 3149 2056 3406 2124; x_wconf 88' lang='lat' dir='ltr'><strong>dialogus.</strong></span> 
     </span>
    </p>
   </div>
   <div class='ocr_carea' id='block_1_80' title="bbox 1858 2136 3409 2210">
    <p class='ocr_par' dir='ltr' id='par_1_80' title="bbox 1858 2136 3409 2210">
     <span class='ocr_line' id='line_1_80' title="bbox 1858 2136 3409 2210; baseline 0.008 -23"><span class='ocrx_word' id='word_1_583' title='bbox 1858 2136 2075 2189; x_wconf 91' lang='lat' dir='ltr'><strong>Demum</strong></span> <span class='ocrx_word' id='word_1_584' title='bbox 2122 2137 2371 2191; x_wconf 91' lang='lat' dir='ltr'><strong>Dominus</strong></span> <span class='ocrx_word' id='word_1_585' title='bbox 2412 2138 2599 2192; x_wconf 90' lang='lat' dir='ltr'><strong>Jobum</strong></span> <span class='ocrx_word' id='word_1_586' title='bbox 2628 2139 2908 2209; x_wconf 89' lang='lat' dir='ltr'><strong>alloquitur</strong></span> <span class='ocrx_word' id='word_1_587' title='bbox 2936 2158 3031 2210; x_wconf 86' lang='lat' dir='ltr'><strong>per</strong></span> <span class='ocrx_word' id='word_1_588' title='bbox 3057 2144 3317 2199; x_wconf 86' lang='lat' dir='ltr'><strong>turbinem</strong></span> <span class='ocrx_word' id='word_1_589' title='bbox 3358 2156 3409 2200; x_wconf 90' lang='lat' dir='ltr'><strong>et</strong></span> 
     </span>
    </p>
   </div>
   <div class='ocr_carea' id='block_1_81' title="bbox 1859 2224 3410 2302">
    <p class='ocr_par' dir='ltr' id='par_1_81' title="bbox 1859 2224 3410 2302">
     <span class='ocr_line' id='line_1_81' title="bbox 1859 2224 3410 2302; baseline 0.009 -26"><span class='ocrx_word' id='word_1_590' title='bbox 1859 2224 2072 2277; x_wconf 89' lang='lat' dir='ltr'><strong>nubem.</strong></span> <span class='ocrx_word' id='word_1_591' title='bbox 2106 2224 2406 2294; x_wconf 82' lang='lat' dir='ltr'><strong>Respondet</strong></span> <span class='ocrx_word' id='word_1_592' title='bbox 2434 2243 2561 2282; x_wconf 92' lang='lat' dir='ltr'><strong>vero</strong></span> <span class='ocrx_word' id='word_1_593' title='bbox 2592 2229 2812 2284; x_wconf 87' lang='lat' dir='ltr'><strong>Domino</strong></span> <span class='ocrx_word' id='word_1_594' title='bbox 2832 2272 2845 2295; x_wconf 92' lang='lat'><strong>,</strong></span> <span class='ocrx_word' id='word_1_595' title='bbox 2877 2243 2928 2286; x_wconf 91' lang='lat' dir='ltr'><strong>et</strong></span> <span class='ocrx_word' id='word_1_596' title='bbox 2966 2232 3047 2288; x_wconf 91' lang='lat' dir='ltr'><strong>bis</strong></span> <span class='ocrx_word' id='word_1_597' title='bbox 3080 2235 3244 2302; x_wconf 84' lang='lat' dir='ltr'><strong>ipsum</strong></span> <span class='ocrx_word' id='word_1_598' title='bbox 3274 2237 3410 2290; x_wconf 88' lang='lat' dir='ltr'><strong>allo-</strong></span> 
     </span>
    </p>
   </div>
   <div class='ocr_carea' id='block_1_82' title="bbox 1858 2312 2785 2382">
    <p class='ocr_par' dir='ltr' id='par_1_82' title="bbox 1858 2312 2785 2382">
     <span class='ocr_line' id='line_1_82' title="bbox 1858 2312 2785 2382; baseline 0.008 -18"><span class='ocrx_word' id='word_1_599' title='bbox 1858 2316 2050 2379; x_wconf 90' lang='lat' dir='ltr'><strong>quitur.</strong></span> <span class='ocrx_word' id='word_1_600' title='bbox 2082 2312 2270 2382; x_wconf 89' lang='lat' dir='ltr'><strong>Sicque</strong></span> <span class='ocrx_word' id='word_1_601' title='bbox 2298 2317 2606 2370; x_wconf 89' lang='lat' dir='ltr'><strong>terminatur</strong></span> <span class='ocrx_word' id='word_1_602' title='bbox 2631 2318 2785 2373; x_wconf 89' lang='lat' dir='ltr'><strong>liber.</strong></span> 
     </span>
    </p>
   </div>
   <div class='ocr_carea' id='block_1_83' title="bbox 1930 2402 3410 2477">
    <p class='ocr_par' dir='ltr' id='par_1_83' title="bbox 1930 2402 3410 2477">
     <span class='ocr_line' id='line_1_83' title="bbox 1930 2402 3410 2477; baseline 0.009 -23"><span class='ocrx_word' id='word_1_603' title='bbox 1930 2402 2127 2469; x_wconf 90' lang='lat' dir='ltr'><strong>Scopus</strong></span> <span class='ocrx_word' id='word_1_604' title='bbox 2154 2413 2325 2456; x_wconf 83' lang='lat' dir='ltr'><strong>autent</strong></span> <span class='ocrx_word' id='word_1_605' title='bbox 2352 2405 2467 2472; x_wconf 89' lang='lat' dir='ltr'><strong>ejus</strong></span> <span class='ocrx_word' id='word_1_606' title='bbox 2498 2414 2634 2459; x_wconf 92' lang='lat' dir='ltr'><strong>totus</strong></span> <span class='ocrx_word' id='word_1_607' title='bbox 2663 2417 2742 2460; x_wconf 92' lang='lat' dir='ltr'><strong>est</strong></span> <span class='ocrx_word' id='word_1_608' title='bbox 2779 2408 2843 2461; x_wconf 88' lang='lat' dir='ltr'><strong>ad</strong></span> <span class='ocrx_word' id='word_1_609' title='bbox 2882 2411 3180 2477; x_wconf 88' lang='lat' dir='ltr'><strong>patientiam</strong></span> <span class='ocrx_word' id='word_1_610' title='bbox 3213 2413 3410 2470; x_wconf 89' lang='lat' dir='ltr'><strong>hortari</strong></span> 
     </span>
    </p>
   </div>
   <div class='ocr_carea' id='block_1_84' title="bbox 1858 2492 3411 2571">
    <p class='ocr_par' dir='ltr' id='par_1_84' title="bbox 1858 2492 3411 2571">
     <span class='ocr_line' id='line_1_84' title="bbox 1858 2492 3411 2571; baseline 0.008 -27"><span class='ocrx_word' id='word_1_611' title='bbox 1858 2505 1950 2544; x_wconf 91' lang='lat' dir='ltr'><strong>eos</strong></span> <span class='ocrx_word' id='word_1_612' title='bbox 1975 2492 2062 2559; x_wconf 92' lang='lat' dir='ltr'><strong>qui</strong></span> <span class='ocrx_word' id='word_1_613' title='bbox 2085 2492 2135 2544; x_wconf 92' lang='lat' dir='ltr'><strong>in</strong></span> <span class='ocrx_word' id='word_1_614' title='bbox 2168 2494 2491 2548; x_wconf 90' lang='lat' dir='ltr'><strong>calamitates</strong></span> <span class='ocrx_word' id='word_1_615' title='bbox 2519 2495 2773 2561; x_wconf 90' lang='lat' dir='ltr'><strong>incidunt,</strong></span> <span class='ocrx_word' id='word_1_616' title='bbox 2808 2498 3010 2552; x_wconf 88' lang='lat' dir='ltr'><strong>etiamsi</strong></span> <span class='ocrx_word' id='word_1_617' title='bbox 3036 2516 3278 2570; x_wconf 89' lang='lat' dir='ltr'><strong>maguum</strong></span> <span class='ocrx_word' id='word_1_618' title='bbox 3306 2506 3411 2571; x_wconf 87' lang='lat' dir='ltr'><strong>pie-</strong></span> 
     </span>
    </p>
   </div>
   <div class='ocr_carea' id='block_1_85' title="bbox 1859 2581 3408 2660">
    <p class='ocr_par' dir='ltr' id='par_1_85' title="bbox 1859 2581 3408 2660">
     <span class='ocr_line' id='line_1_85' title="bbox 1859 2581 3408 2660; baseline 0.01 -28"><span class='ocrx_word' id='word_1_619' title='bbox 1859 2581 1980 2633; x_wconf 87' lang='lat' dir='ltr'><strong>tatis</strong></span> <span class='ocrx_word' id='word_1_620' title='bbox 2020 2581 2369 2636; x_wconf 89' lang='lat' dir='ltr'><strong>testimonium</strong></span> <span class='ocrx_word' id='word_1_621' title='bbox 2413 2600 2520 2652; x_wconf 71' lang='lat' dir='ltr'><strong>pra:</strong></span> <span class='ocrx_word' id='word_1_622' title='bbox 2561 2600 2618 2639; x_wconf 90' lang='lat' dir='ltr'><strong>se</strong></span> <span class='ocrx_word' id='word_1_623' title='bbox 2650 2586 2848 2651; x_wconf 85' lang='lat' dir='ltr'><strong>ferant;</strong></span> <span class='ocrx_word' id='word_1_624' title='bbox 2897 2598 2952 2642; x_wconf 92' lang='lat' dir='ltr'><strong>ut</strong></span> <span class='ocrx_word' id='word_1_625' title='bbox 2978 2589 3077 2645; x_wconf 88' lang='lat' dir='ltr'><strong>hoc</strong></span> <span class='ocrx_word' id='word_1_626' title='bbox 3106 2592 3274 2660; x_wconf 89' lang='lat' dir='ltr'><strong>ipsum</strong></span> <span class='ocrx_word' id='word_1_627' title='bbox 3304 2594 3408 2649; x_wconf 86' lang='lat' dir='ltr'><strong>illis</strong></span> 
     </span>
    </p>
   </div>
   <div class='ocr_carea' id='block_1_86' title="bbox 1859 2668 3412 2741">
    <p class='ocr_par' dir='ltr' id='par_1_86' title="bbox 1859 2668 3412 2741">
     <span class='ocr_line' id='line_1_86' title="bbox 1859 2668 3412 2741; baseline 0.01 -21"><span class='ocrx_word' id='word_1_628' title='bbox 1859 2668 2175 2723; x_wconf 74' lang='lat' dir='ltr'><strong>offendicula</strong></span> <span class='ocrx_word' id='word_1_629' title='bbox 2205 2685 2306 2723; x_wconf 91' lang='lat' dir='ltr'><strong>non</strong></span> <span class='ocrx_word' id='word_1_630' title='bbox 2337 2672 2437 2732; x_wconf 88' lang='lat' dir='ltr'><strong>sit;</strong></span> <span class='ocrx_word' id='word_1_631' title='bbox 2468 2672 2558 2726; x_wconf 88' lang='lat' dir='ltr'><strong>sed</strong></span> <span class='ocrx_word' id='word_1_632' title='bbox 2590 2674 2701 2727; x_wconf 71' lang='lat' dir='ltr'><strong>inec</strong></span> <span class='ocrx_word' id='word_1_633' title='bbox 2727 2676 2989 2741; x_wconf 81' lang='lat' dir='ltr'><strong>proferant</strong></span> <span class='ocrx_word' id='word_1_634' title='bbox 3018 2697 3029 2731; x_wconf 92' lang='lat'><strong>:</strong></span> <span class='ocrx_word' id='word_1_635' title='bbox 3061 2678 3301 2736; x_wconf 73' lang='lat' dir='ltr'><strong>Dominus</strong></span> <span class='ocrx_word' id='word_1_636' title='bbox 3326 2683 3412 2736; x_wconf 75' lang='lat' dir='ltr'><strong>de-</strong></span> 
     </span>
    </p>
   </div>
   <div class='ocr_carea' id='block_1_87' title="bbox 1861 2757 3414 2839">
    <p class='ocr_par' dir='ltr' id='par_1_87' title="bbox 1861 2757 3414 2839">
     <span class='ocr_line' id='line_1_87' title="bbox 1861 2757 3414 2839; baseline 0.011 -30"><span class='ocrx_word' id='word_1_637' title='bbox 1861 2759 1951 2823; x_wconf 85' lang='lat' dir='ltr'><strong>dit,</strong></span> <span class='ocrx_word' id='word_1_638' title='bbox 1976 2757 2221 2813; x_wconf 78' lang='lat' dir='ltr'><strong>Dominus</strong></span> <span class='ocrx_word' id='word_1_639' title='bbox 2245 2760 2448 2813; x_wconf 75' lang='lat' dir='ltr'><strong>abstulit</strong></span> <span class='ocrx_word' id='word_1_640' title='bbox 2470 2777 2488 2813; x_wconf 93' lang='lat'><strong><em>:</em></strong></span> <span class='ocrx_word' id='word_1_641' title='bbox 2510 2762 2635 2814; x_wconf 79' lang='lat' dir='ltr'><strong>sicut</strong></span> <span class='ocrx_word' id='word_1_642' title='bbox 2662 2761 2873 2817; x_wconf 78' lang='lat' dir='ltr'><strong>Domino</strong></span> <span class='ocrx_word' id='word_1_643' title='bbox 2894 2766 3079 2835; x_wconf 81' lang='lat' dir='ltr'><strong>placuit</strong></span> <span class='ocrx_word' id='word_1_644' title='bbox 3096 2810 3109 2833; x_wconf 93' lang='lat'><strong>,</strong></span> <span class='ocrx_word' id='word_1_645' title='bbox 3134 2771 3203 2821; x_wconf 84' lang='lat' dir='ltr'><strong>ita</strong></span> <span class='ocrx_word' id='word_1_646' title='bbox 3229 2773 3414 2839; x_wconf 80' lang='lat' dir='ltr'><strong>factum</strong></span> 
     </span>
    </p>
   </div>
   <div class='ocr_carea' id='block_1_88' title="bbox 1859 2849 3415 2928">
    <p class='ocr_par' dir='ltr' id='par_1_88' title="bbox 1859 2849 3415 2928">
     <span class='ocr_line' id='line_1_88' title="bbox 1859 2849 3415 2928; baseline 0.01 -29"><span class='ocrx_word' id='word_1_647' title='bbox 1859 2857 1966 2910; x_wconf 82' lang='lat' dir='ltr'><strong>est;</strong></span> <span class='ocrx_word' id='word_1_648' title='bbox 1993 2850 2056 2900; x_wconf 75' lang='lat' dir='ltr'><strong>sit</strong></span> <span class='ocrx_word' id='word_1_649' title='bbox 2081 2864 2262 2902; x_wconf 80' lang='lat' dir='ltr'><strong>nomen</strong></span> <span class='ocrx_word' id='word_1_650' title='bbox 2290 2849 2489 2902; x_wconf 84' lang='lat' dir='ltr'><strong>Domini</strong></span> <span class='ocrx_word' id='word_1_651' title='bbox 2512 2850 2817 2904; x_wconf 82' lang='lat' dir='ltr'><strong>benedictum</strong></span> <span class='ocrx_word' id='word_1_652' title='bbox 2843 2870 2903 2905; x_wconf 78' lang='lat' dir='ltr'><strong>ex</strong></span> <span class='ocrx_word' id='word_1_653' title='bbox 2925 2855 3015 2907; x_wconf 76' lang='lat' dir='ltr'><strong>hoc</strong></span> <span class='ocrx_word' id='word_1_654' title='bbox 3040 2873 3171 2909; x_wconf 83' lang='lat' dir='ltr'><strong>nunc</strong></span> <span class='ocrx_word' id='word_1_655' title='bbox 3194 2870 3237 2911; x_wconf 87' lang='lat' dir='ltr'><strong>et</strong></span> <span class='ocrx_word' id='word_1_656' title='bbox 3262 2877 3415 2928; x_wconf 80' lang='lat' dir='ltr'><strong>usque</strong></span> 
     </span>
    </p>
   </div>
   <div class='ocr_carea' id='block_1_89' title="bbox 1860 2938 3414 3014">
    <p class='ocr_par' dir='ltr' id='par_1_89' title="bbox 1860 2938 3414 3014">
     <span class='ocr_line' id='line_1_89' title="bbox 1860 2938 3414 3014; baseline 0.012 -27"><span class='ocrx_word' id='word_1_657' title='bbox 1860 2938 1911 2988; x_wconf 85' lang='lat' dir='ltr'><strong>in</strong></span> <span class='ocrx_word' id='word_1_658' title='bbox 1939 2939 2175 2989; x_wconf 74' lang='lat' dir='ltr'><strong>swculum</strong></span> <span class='ocrx_word' id='word_1_659' title='bbox 2225 2938 2360 3007; x_wconf 83' lang='lat' dir='ltr'><strong>(Job</strong></span> <span class='ocrx_word' id='word_1_660' title='bbox 2398 2941 2448 2993; x_wconf 83' lang='grc'><strong>1.</strong></span> <span class='ocrx_word' id='word_1_661' title='bbox 2486 2940 2547 2993; x_wconf 74' lang='grc'><strong>21</strong></span> <span class='ocrx_word' id='word_1_662' title='bbox 2580 2942 2633 3009; x_wconf 87' lang='grc'><strong>);</strong></span> <span class='ocrx_word' id='word_1_663' title='bbox 2676 2943 2988 3014; x_wconf 90' lang='lat' dir='ltr'><strong>insuperque</strong></span> <span class='ocrx_word' id='word_1_664' title='bbox 3016 2946 3139 3001; x_wconf 90' lang='lat' dir='ltr'><strong>illud</strong></span> <span class='ocrx_word' id='word_1_665' title='bbox 3173 2967 3188 3001; x_wconf 91' lang='lat'><strong>:</strong></span> <span class='ocrx_word' id='word_1_666' title='bbox 3233 2950 3414 3005; x_wconf 74' lang='lat' dir='ltr'><strong>Nudus</strong></span> 
     </span>
    </p>
   </div>
   <div class='ocr_carea' id='block_1_90' title="bbox 1860 3028 3418 3096">
    <p class='ocr_par' dir='ltr' id='par_1_90' title="bbox 1860 3028 3418 3096">
     <span class='ocr_line' id='line_1_90' title="bbox 1860 3028 3418 3096; baseline 0.011 -20"><span class='ocrx_word' id='word_1_667' title='bbox 1860 3041 2082 3093; x_wconf 73' lang='lat' dir='ltr'><strong>egressus</strong></span> <span class='ocrx_word' id='word_1_668' title='bbox 2122 3042 2229 3078; x_wconf 80' lang='lat' dir='ltr'><strong>sum</strong></span> <span class='ocrx_word' id='word_1_669' title='bbox 2273 3028 2333 3079; x_wconf 87' lang='lat' dir='ltr'><strong>de</strong></span> <span class='ocrx_word' id='word_1_670' title='bbox 2372 3036 2506 3081; x_wconf 83' lang='lat' dir='ltr'><strong>utero</strong></span> <span class='ocrx_word' id='word_1_671' title='bbox 2535 3031 2705 3083; x_wconf 79' lang='lat' dir='ltr'><strong>matris</strong></span> <span class='ocrx_word' id='word_1_672' title='bbox 2746 3048 2894 3096; x_wconf 72' lang='lat' dir='ltr'><strong>mete,</strong></span> <span class='ocrx_word' id='word_1_673' title='bbox 2926 3044 2972 3085; x_wconf 82' lang='lat' dir='ltr'><strong>et</strong></span> <span class='ocrx_word' id='word_1_674' title='bbox 3015 3037 3177 3090; x_wconf 71' lang='lat' dir='ltr'><strong>nudus</strong></span> <span class='ocrx_word' id='word_1_675' title='bbox 3204 3051 3418 3093; x_wconf 87' lang='lat' dir='ltr'><strong>revertar</strong></span> 
     </span>
    </p>
   </div>
   <div class='ocr_carea' id='block_1_91' title="bbox 1861 3116 3416 3197">
    <p class='ocr_par' dir='ltr' id='par_1_91' title="bbox 1861 3116 3416 3197">
     <span class='ocr_line' id='line_1_91' title="bbox 1861 3116 3416 3197; baseline 0.012 -30"><span class='ocrx_word' id='word_1_676' title='bbox 1861 3116 1980 3168; x_wconf 80' lang='lat' dir='ltr'><strong>illuc</strong></span> <span class='ocrx_word' id='word_1_677' title='bbox 2006 3116 2242 3187; x_wconf 83' lang='lat' dir='ltr'><strong>(Ibidem)</strong></span> <span class='ocrx_word' id='word_1_678' title='bbox 2267 3135 2280 3181; x_wconf 87' lang='lat'><strong>;</strong></span> <span class='ocrx_word' id='word_1_679' title='bbox 2308 3128 2463 3188; x_wconf 91' lang='lat' dir='ltr'><strong>atque</strong></span> <span class='ocrx_word' id='word_1_680' title='bbox 2491 3120 2609 3174; x_wconf 91' lang='lat' dir='ltr'><strong>hinc</strong></span> <span class='ocrx_word' id='word_1_681' title='bbox 2635 3123 2844 3177; x_wconf 91' lang='lat' dir='ltr'><strong>demum</strong></span> <span class='ocrx_word' id='word_1_682' title='bbox 2870 3127 3099 3181; x_wconf 85' lang='lat' dir='ltr'><strong>ediscant</strong></span> <span class='ocrx_word' id='word_1_683' title='bbox 3132 3142 3321 3197; x_wconf 90' lang='lat' dir='ltr'><strong>quanta</strong></span> <span class='ocrx_word' id='word_1_684' title='bbox 3348 3135 3416 3186; x_wconf 88' lang='lat' dir='ltr'><strong>sit</strong></span> 
     </span>
    </p>
   </div>
   <div class='ocr_carea' id='block_1_92' title="bbox 1862 3207 3416 3286">
    <p class='ocr_par' dir='ltr' id='par_1_92' title="bbox 1862 3207 3416 3286">
     <span class='ocr_line' id='line_1_92' title="bbox 1862 3207 3416 3286; baseline 0.012 -31"><span class='ocrx_word' id='word_1_685' title='bbox 1862 3207 2123 3272; x_wconf 72' lang='lat' dir='ltr'><strong>patientiae</strong></span> <span class='ocrx_word' id='word_1_686' title='bbox 2167 3208 2362 3262; x_wconf 80' lang='lat' dir='ltr'><strong>utilitas</strong></span> <span class='ocrx_word' id='word_1_687' title='bbox 2394 3226 2407 3261; x_wconf 87' lang='lat'><strong>:</strong></span> <span class='ocrx_word' id='word_1_688' title='bbox 2436 3210 2628 3263; x_wconf 90' lang='lat' dir='ltr'><strong>etenim</strong></span> <span class='ocrx_word' id='word_1_689' title='bbox 2670 3211 2790 3265; x_wconf 91' lang='lat' dir='ltr'><strong>inde</strong></span> <span class='ocrx_word' id='word_1_690' title='bbox 2830 3216 3123 3268; x_wconf 90' lang='lat' dir='ltr'><strong>mercedem</strong></span> <span class='ocrx_word' id='word_1_691' title='bbox 3152 3223 3416 3286; x_wconf 90' lang='lat' dir='ltr'><strong>accepturi</strong></span> 
     </span>
    </p>
   </div>
   <div class='ocr_carea' id='block_1_93' title="bbox 1861 3294 3418 3363">
    <p class='ocr_par' dir='ltr' id='par_1_93' title="bbox 1861 3294 3418 3363">
     <span class='ocr_line' id='line_1_93' title="bbox 1861 3294 3418 3363; baseline 0.011 -18"><span class='ocrx_word' id='word_1_692' title='bbox 1861 3302 1981 3346; x_wconf 89' lang='lat' dir='ltr'><strong>sunt</strong></span> <span class='ocrx_word' id='word_1_693' title='bbox 2010 3294 2144 3347; x_wconf 90' lang='lat' dir='ltr'><strong>sicut</strong></span> <span class='ocrx_word' id='word_1_694' title='bbox 2168 3295 2285 3349; x_wconf 92' lang='lat' dir='ltr'><strong>Job.</strong></span> <span class='ocrx_word' id='word_1_695' title='bbox 2317 3296 2381 3350; x_wconf 91' lang='lat' dir='ltr'><strong>Ut</strong></span> <span class='ocrx_word' id='word_1_696' title='bbox 2406 3298 2560 3350; x_wconf 89' lang='lat' dir='ltr'><strong>etiam</strong></span> <span class='ocrx_word' id='word_1_697' title='bbox 2589 3302 2834 3354; x_wconf 87' lang='lat' dir='ltr'><strong>ostendat</strong></span> <span class='ocrx_word' id='word_1_698' title='bbox 2863 3303 3023 3356; x_wconf 90' lang='lat' dir='ltr'><strong>Deum</strong></span> <span class='ocrx_word' id='word_1_699' title='bbox 3051 3306 3418 3363; x_wconf 83' lang='lat' dir='ltr'><strong>iutentatorem</strong></span> 
     </span>
    </p>
   </div>
   <div class='ocr_carea' id='block_1_94' title="bbox 1861 3384 3416 3465">
    <p class='ocr_par' dir='ltr' id='par_1_94' title="bbox 1861 3384 3416 3465">
     <span class='ocr_line' id='line_1_94' title="bbox 1861 3384 3416 3465; baseline 0.012 -31"><span class='ocrx_word' id='word_1_700' title='bbox 1861 3384 2115 3437; x_wconf 90' lang='lat' dir='ltr'><strong>malorum</strong></span> <span class='ocrx_word' id='word_1_701' title='bbox 2138 3400 2275 3451; x_wconf 88' lang='lat' dir='ltr'><strong>esse,</strong></span> <span class='ocrx_word' id='word_1_702' title='bbox 2302 3388 2668 3456; x_wconf 90' lang='lat' dir='ltr'><strong>neminemque</strong></span> <span class='ocrx_word' id='word_1_703' title='bbox 2695 3399 2926 3449; x_wconf 84' lang='lat' dir='ltr'><strong>tentare:</strong></span> <span class='ocrx_word' id='word_1_704' title='bbox 2958 3395 3047 3447; x_wconf 89' lang='lat' dir='ltr'><strong>sed</strong></span> <span class='ocrx_word' id='word_1_705' title='bbox 3072 3396 3177 3449; x_wconf 89' lang='lat' dir='ltr'><strong>Deo</strong></span> <span class='ocrx_word' id='word_1_706' title='bbox 3200 3401 3416 3465; x_wconf 88' lang='lat' dir='ltr'><strong>permit-</strong></span> 
     </span>
    </p>
   </div>
   <div class='ocr_carea' id='block_1_95' title="bbox 1862 3476 3411 3552">
    <p class='ocr_par' dir='ltr' id='par_1_95' title="bbox 1862 3476 3411 3552">
     <span class='ocr_line' id='line_1_95' title="bbox 1862 3476 3411 3552; baseline 0.011 -28"><span class='ocrx_word' id='word_1_707' title='bbox 1862 3480 2004 3526; x_wconf 89' lang='lat' dir='ltr'><strong>tente</strong></span> <span class='ocrx_word' id='word_1_708' title='bbox 2041 3476 2350 3529; x_wconf 84' lang='lat' dir='ltr'><strong>tentationes</strong></span> <span class='ocrx_word' id='word_1_709' title='bbox 2397 3476 2693 3531; x_wconf 89' lang='lat' dir='ltr'><strong>hominibus</strong></span> <span class='ocrx_word' id='word_1_710' title='bbox 2733 3495 2829 3548; x_wconf 90' lang='lat' dir='ltr'><strong>per</strong></span> <span class='ocrx_word' id='word_1_711' title='bbox 2866 3481 3131 3535; x_wconf 66' lang='lat' dir='ltr'><strong>daamonas</strong></span> <span class='ocrx_word' id='word_1_712' title='bbox 3160 3487 3411 3552; x_wconf 81' lang='lat' dir='ltr'><strong>excitari,</strong></span> 
     </span>
    </p>
   </div>
   <div class='ocr_carea' id='block_1_96' title="bbox 1862 3563 3416 3639">
    <p class='ocr_par' dir='ltr' id='par_1_96' title="bbox 1862 3563 3416 3639">
     <span class='ocr_line' id='line_1_96' title="bbox 1862 3563 3416 3639; baseline 0.01 -26"><span class='ocrx_word' id='word_1_713' title='bbox 1862 3563 1924 3614; x_wconf 88' lang='lat' dir='ltr'><strong>ad</strong></span> <span class='ocrx_word' id='word_1_714' title='bbox 1954 3563 2277 3631; x_wconf 88' lang='lat' dir='ltr'><strong>singulorum</strong></span> <span class='ocrx_word' id='word_1_715' title='bbox 2314 3566 2669 3631; x_wconf 88' lang='lat' dir='ltr'><strong>probationem</strong></span> <span class='ocrx_word' id='word_1_716' title='bbox 2698 3568 3190 3639; x_wconf 87' lang='lat' dir='ltr'><strong>perfectionemque.</strong></span> <span class='ocrx_word' id='word_1_717' title='bbox 3222 3574 3416 3627; x_wconf 86' lang='lat' dir='ltr'><strong>Narra-</strong></span> 
     </span>
    </p>
   </div>
   <div class='ocr_carea' id='block_1_97' title="bbox 1865 3649 3418 3726">
    <p class='ocr_par' dir='ltr' id='par_1_97' title="bbox 1865 3649 3418 3726">
     <span class='ocr_line' id='line_1_97' title="bbox 1865 3649 3418 3726; baseline 0.011 -26"><span class='ocrx_word' id='word_1_718' title='bbox 1865 3658 1947 3701; x_wconf 93' lang='lat' dir='ltr'><strong>tur</strong></span> <span class='ocrx_word' id='word_1_719' title='bbox 1974 3649 2307 3705; x_wconf 90' lang='lat' dir='ltr'><strong>Salomonetn</strong></span> <span class='ocrx_word' id='word_1_720' title='bbox 2338 3652 2475 3707; x_wconf 92' lang='lat' dir='ltr'><strong>hunc</strong></span> <span class='ocrx_word' id='word_1_721' title='bbox 2501 3654 2837 3709; x_wconf 88' lang='lat' dir='ltr'><strong>adornavisse</strong></span> <span class='ocrx_word' id='word_1_722' title='bbox 2882 3659 3069 3712; x_wconf 89' lang='lat' dir='ltr'><strong>librum</strong></span> <span class='ocrx_word' id='word_1_723' title='bbox 3094 3701 3108 3726; x_wconf 92' lang='lat'><strong>,</strong></span> <span class='ocrx_word' id='word_1_724' title='bbox 3152 3663 3245 3715; x_wconf 92' lang='lat' dir='ltr'><strong>nisi</strong></span> <span class='ocrx_word' id='word_1_725' title='bbox 3284 3662 3418 3718; x_wconf 91' lang='lat' dir='ltr'><strong>forte</strong></span> 
     </span>
    </p>
   </div>
   <div class='ocr_carea' id='block_1_98' title="bbox 1863 3738 3418 3821">
    <p class='ocr_par' dir='ltr' id='par_1_98' title="bbox 1863 3738 3418 3821">
     <span class='ocr_line' id='line_1_98' title="bbox 1863 3738 3418 3821; baseline 0.012 -31"><span class='ocrx_word' id='word_1_726' title='bbox 1863 3738 2024 3805; x_wconf 91' lang='lat' dir='ltr'><strong>ipsius</strong></span> <span class='ocrx_word' id='word_1_727' title='bbox 2053 3740 2244 3810; x_wconf 76' lang='lat' dir='ltr'><strong>Moysis</strong></span> <span class='ocrx_word' id='word_1_728' title='bbox 2270 3744 2342 3795; x_wconf 91' lang='lat' dir='ltr'><strong>sit</strong></span> <span class='ocrx_word' id='word_1_729' title='bbox 2370 3758 2519 3812; x_wconf 92' lang='lat' dir='ltr'><strong>opus.</strong></span> <span class='ocrx_word' id='word_1_730' title='bbox 2550 3744 2671 3798; x_wconf 71' lang='lat' dir='ltr'><strong>llaec</strong></span> <span class='ocrx_word' id='word_1_731' title='bbox 2700 3750 3030 3803; x_wconf 86' lang='lat' dir='ltr'><strong>continentur</strong></span> <span class='ocrx_word' id='word_1_732' title='bbox 3055 3752 3105 3804; x_wconf 90' lang='lat' dir='ltr'><strong>in</strong></span> <span class='ocrx_word' id='word_1_733' title='bbox 3138 3752 3234 3806; x_wconf 85' lang='lat' dir='ltr'><strong>hoc</strong></span> <span class='ocrx_word' id='word_1_734' title='bbox 3260 3756 3418 3821; x_wconf 78' lang='lat' dir='ltr'><strong>libro,</strong></span> 
     </span>
    </p>
   </div>
   <div class='ocr_carea' id='block_1_99' title="bbox 1860 3829 3414 3909">
    <p class='ocr_par' dir='ltr' id='par_1_99' title="bbox 1860 3829 3414 3909">
     <span class='ocr_line' id='line_1_99' title="bbox 1860 3829 3414 3909; baseline 0.01 -28"><span class='ocrx_word' id='word_1_735' title='bbox 1860 3829 2009 3897; x_wconf 90' lang='lat' dir='ltr'><strong>enjus</strong></span> <span class='ocrx_word' id='word_1_736' title='bbox 2038 3833 2203 3897; x_wconf 90' lang='lat' dir='ltr'><strong>capita</strong></span> <span class='ocrx_word' id='word_1_737' title='bbox 2237 3832 2311 3885; x_wconf 92' lang='lat' dir='ltr'><strong>sic</strong></span> <span class='ocrx_word' id='word_1_738' title='bbox 2339 3835 2529 3886; x_wconf 88' lang='lat' dir='ltr'><strong>resumi</strong></span> <span class='ocrx_word' id='word_1_739' title='bbox 2564 3847 2796 3902; x_wconf 91' lang='lat' dir='ltr'><strong>possunt.</strong></span> <span class='ocrx_word' id='word_1_740' title='bbox 2830 3838 2882 3890; x_wconf 91' lang='lat' dir='ltr'><strong>ln</strong></span> <span class='ocrx_word' id='word_1_741' title='bbox 2911 3842 3125 3894; x_wconf 86' lang='lat' dir='ltr'><strong>exordio</strong></span> <span class='ocrx_word' id='word_1_742' title='bbox 3154 3854 3414 3909; x_wconf 89' lang='lat' dir='ltr'><strong>narratur,</strong></span> 
     </span>
    </p>
   </div>
   <div class='ocr_carea' id='block_1_100' title="bbox 1861 3919 3416 4002">
    <p class='ocr_par' dir='ltr' id='par_1_100' title="bbox 1861 3919 3416 4002">
     <span class='ocr_line' id='line_1_100' title="bbox 1861 3919 3416 4002; baseline 0.014 -35"><span class='ocrx_word' id='word_1_743' title='bbox 1861 3919 1997 3987; x_wconf 90' lang='lat' dir='ltr'><strong>quod</strong></span> <span class='ocrx_word' id='word_1_744' title='bbox 2023 3920 2120 3973; x_wconf 87' lang='lat' dir='ltr'><strong>Job</strong></span> <span class='ocrx_word' id='word_1_745' title='bbox 2149 3922 2405 3976; x_wconf 90' lang='lat' dir='ltr'><strong>habitaret</strong></span> <span class='ocrx_word' id='word_1_746' title='bbox 2426 3925 2476 3975; x_wconf 88' lang='lat' dir='ltr'><strong>in</strong></span> <span class='ocrx_word' id='word_1_747' title='bbox 2502 3934 2638 3977; x_wconf 88' lang='lat' dir='ltr'><strong>terra</strong></span> <span class='ocrx_word' id='word_1_748' title='bbox 2666 3928 2901 3981; x_wconf 85' lang='lat' dir='ltr'><strong>Ausitidc</strong></span> <span class='ocrx_word' id='word_1_749' title='bbox 2928 3947 2940 3981; x_wconf 95' lang='lat'><strong>:</strong></span> <span class='ocrx_word' id='word_1_750' title='bbox 2969 3930 3155 3985; x_wconf 90' lang='lat' dir='ltr'><strong>deinde</strong></span> <span class='ocrx_word' id='word_1_751' title='bbox 3182 3936 3416 4002; x_wconf 87' lang='lat' dir='ltr'><strong>sequitur</strong></span> 
     </span>
    </p>
   </div>
   <div class='ocr_carea' id='block_1_101' title="bbox 1863 4010 3412 4092">
    <p class='ocr_par' dir='ltr' id='par_1_101' title="bbox 1863 4010 3412 4092">
     <span class='ocr_line' id='line_1_101' title="bbox 1863 4010 3412 4092; baseline 0.014 -32"><span class='ocrx_word' id='word_1_752' title='bbox 1863 4010 2212 4063; x_wconf 88' lang='lat' dir='ltr'><strong>testimonium</strong></span> <span class='ocrx_word' id='word_1_753' title='bbox 2242 4011 2525 4080; x_wconf 72' lang='lat' dir='ltr'><strong>Scriptura:</strong></span> <span class='ocrx_word' id='word_1_754' title='bbox 2562 4014 2628 4068; x_wconf 92' lang='lat' dir='ltr'><strong>de</strong></span> <span class='ocrx_word' id='word_1_755' title='bbox 2659 4016 2821 4083; x_wconf 90' lang='lat' dir='ltr'><strong>probo</strong></span> <span class='ocrx_word' id='word_1_756' title='bbox 2847 4019 2960 4087; x_wconf 90' lang='lat' dir='ltr'><strong>ejus</strong></span> <span class='ocrx_word' id='word_1_757' title='bbox 2988 4023 3109 4075; x_wconf 66' lang='lat' dir='ltr'><strong>vita:</strong></span> <span class='ocrx_word' id='word_1_758' title='bbox 3140 4025 3373 4081; x_wconf 89' lang='lat' dir='ltr'><strong>instituto</strong></span> <span class='ocrx_word' id='word_1_759' title='bbox 3398 4046 3412 4092; x_wconf 90' lang='lat'><strong>;</strong></span> 
     </span>
    </p>
   </div>
   <div class='ocr_carea' id='block_1_102' title="bbox 1859 4098 3418 4177">
    <p class='ocr_par' dir='ltr' id='par_1_102' title="bbox 1859 4098 3418 4177">
     <span class='ocr_line' id='line_1_102' title="bbox 1859 4098 3418 4177; baseline 0.012 -27"><span class='ocrx_word' id='word_1_760' title='bbox 1859 4098 1997 4165; x_wconf 92' lang='lat' dir='ltr'><strong>quod</strong></span> <span class='ocrx_word' id='word_1_761' title='bbox 2026 4100 2156 4153; x_wconf 87' lang='lat' dir='ltr'><strong>filios</strong></span> <span class='ocrx_word' id='word_1_762' title='bbox 2190 4100 2404 4155; x_wconf 88' lang='lat' dir='ltr'><strong>haberet</strong></span> <span class='ocrx_word' id='word_1_763' title='bbox 2432 4114 2654 4171; x_wconf 91' lang='lat' dir='ltr'><strong>septem,</strong></span> <span class='ocrx_word' id='word_1_764' title='bbox 2684 4106 2920 4177; x_wconf 81' lang='lat' dir='ltr'><strong>filiasque</strong></span> <span class='ocrx_word' id='word_1_765' title='bbox 2949 4125 3075 4174; x_wconf 83' lang='lat' dir='ltr'><strong>sex;</strong></span> <span class='ocrx_word' id='word_1_766' title='bbox 3104 4113 3169 4167; x_wconf 92' lang='lat' dir='ltr'><strong>de</strong></span> <span class='ocrx_word' id='word_1_767' title='bbox 3197 4131 3418 4171; x_wconf 86' lang='lat' dir='ltr'><strong>numero</strong></span> 
     </span>
    </p>
   </div>
   <div class='ocr_carea' id='block_1_103' title="bbox 1860 4191 3415 4269">
    <p class='ocr_par' dir='ltr' id='par_1_103' title="bbox 1860 4191 3415 4269">
     <span class='ocr_line' id='line_1_103' title="bbox 1860 4191 3415 4269; baseline 0.014 -30"><span class='ocrx_word' id='word_1_768' title='bbox 1860 4202 2105 4255; x_wconf 86' lang='lat' dir='ltr'><strong>pecorum</strong></span> <span class='ocrx_word' id='word_1_769' title='bbox 2134 4191 2266 4258; x_wconf 90' lang='lat' dir='ltr'><strong>ejus.</strong></span> <span class='ocrx_word' id='word_1_770' title='bbox 2296 4192 2445 4258; x_wconf 84' lang='lat' dir='ltr'><strong>Quod</strong></span> <span class='ocrx_word' id='word_1_771' title='bbox 2478 4194 2567 4247; x_wconf 77' lang='lat' dir='ltr'><strong>filii</strong></span> <span class='ocrx_word' id='word_1_772' title='bbox 2598 4196 2712 4262; x_wconf 90' lang='lat' dir='ltr'><strong>ejus</strong></span> <span class='ocrx_word' id='word_1_773' title='bbox 2736 4214 2833 4250; x_wconf 91' lang='lat' dir='ltr'><strong>una</strong></span> <span class='ocrx_word' id='word_1_774' title='bbox 2861 4204 3257 4269; x_wconf 89' lang='lat' dir='ltr'><strong>convenientes,</strong></span> <span class='ocrx_word' id='word_1_775' title='bbox 3285 4223 3415 4261; x_wconf 77' lang='lat' dir='ltr'><strong>cou-</strong></span> 
     </span>
    </p>
   </div>
   <div class='ocr_carea' id='block_1_104' title="bbox 1860 4278 3413 4351">
    <p class='ocr_par' dir='ltr' id='par_1_104' title="bbox 1860 4278 3413 4351">
     <span class='ocr_line' id='line_1_104' title="bbox 1860 4278 3413 4351; baseline 0.015 -24"><span class='ocrx_word' id='word_1_776' title='bbox 1860 4278 2052 4331; x_wconf 90' lang='lat' dir='ltr'><strong>vivium</strong></span> <span class='ocrx_word' id='word_1_777' title='bbox 2073 4280 2302 4348; x_wconf 90' lang='lat' dir='ltr'><strong>quotidie</strong></span> <span class='ocrx_word' id='word_1_778' title='bbox 2319 4282 2645 4337; x_wconf 82' lang='lat' dir='ltr'><strong>celebrarent</strong></span> <span class='ocrx_word' id='word_1_779' title='bbox 2665 4300 2779 4339; x_wconf 91' lang='lat' dir='ltr'><strong>cum</strong></span> <span class='ocrx_word' id='word_1_780' title='bbox 2805 4289 2967 4342; x_wconf 92' lang='lat' dir='ltr'><strong>tribus</strong></span> <span class='ocrx_word' id='word_1_781' title='bbox 2988 4294 3253 4348; x_wconf 90' lang='lat' dir='ltr'><strong>sororibus</strong></span> <span class='ocrx_word' id='word_1_782' title='bbox 3273 4299 3413 4351; x_wconf 90' lang='lat' dir='ltr'><strong>suis:</strong></span> 
     </span>
    </p>
   </div>
   <div class='ocr_carea' id='block_1_105' title="bbox 1861 4367 3417 4447">
    <p class='ocr_par' dir='ltr' id='par_1_105' title="bbox 1861 4367 3417 4447">
     <span class='ocr_line' id='line_1_105' title="bbox 1861 4367 3417 4447; baseline 0.014 -29"><span class='ocrx_word' id='word_1_783' title='bbox 1861 4374 1912 4419; x_wconf 93' lang='lat' dir='ltr'><strong>et</strong></span> <span class='ocrx_word' id='word_1_784' title='bbox 1940 4367 2075 4435; x_wconf 91' lang='lat' dir='ltr'><strong>quod</strong></span> <span class='ocrx_word' id='word_1_785' title='bbox 2106 4370 2332 4422; x_wconf 91' lang='lat' dir='ltr'><strong>mitteret</strong></span> <span class='ocrx_word' id='word_1_786' title='bbox 2357 4370 2455 4425; x_wconf 90' lang='lat' dir='ltr'><strong>Job</strong></span> <span class='ocrx_word' id='word_1_787' title='bbox 2481 4383 2532 4425; x_wconf 90' lang='lat' dir='ltr'><strong>et</strong></span> <span class='ocrx_word' id='word_1_788' title='bbox 2562 4376 2838 4430; x_wconf 89' lang='lat' dir='ltr'><strong>mundaret</strong></span> <span class='ocrx_word' id='word_1_789' title='bbox 2865 4378 2997 4433; x_wconf 82' lang='lat' dir='ltr'><strong>filios</strong></span> <span class='ocrx_word' id='word_1_790' title='bbox 3025 4396 3166 4447; x_wconf 91' lang='lat' dir='ltr'><strong>suos,</strong></span> <span class='ocrx_word' id='word_1_791' title='bbox 3191 4384 3417 4441; x_wconf 74' lang='lat' dir='ltr'><strong>offerens</strong></span> 
     </span>
    </p>
   </div>
   <div class='ocr_carea' id='block_1_106' title="bbox 1860 4456 3415 4529">
    <p class='ocr_par' dir='ltr' id='par_1_106' title="bbox 1860 4456 3415 4529">
     <span class='ocr_line' id='line_1_106' title="bbox 1860 4456 3415 4529; baseline 0.014 -23"><span class='ocrx_word' id='word_1_792' title='bbox 1860 4469 1956 4521; x_wconf 91' lang='lat' dir='ltr'><strong>pro</strong></span> <span class='ocrx_word' id='word_1_793' title='bbox 1997 4456 2101 4510; x_wconf 91' lang='lat' dir='ltr'><strong>illis</strong></span> <span class='ocrx_word' id='word_1_794' title='bbox 2143 4460 2457 4513; x_wconf 84' lang='lat' dir='ltr'><strong>sacrificium</strong></span> <span class='ocrx_word' id='word_1_795' title='bbox 2502 4461 2739 4515; x_wconf 92' lang='lat' dir='ltr'><strong>Domino.</strong></span> <span class='ocrx_word' id='word_1_796' title='bbox 2790 4465 3018 4520; x_wconf 88' lang='lat' dir='ltr'><strong>Primum</strong></span> <span class='ocrx_word' id='word_1_797' title='bbox 3065 4471 3415 4529; x_wconf 88' lang='lat' dir='ltr'><strong>testimonium</strong></span> 
     </span>
    </p>
   </div>
   <div class='ocr_carea' id='block_1_107' title="bbox 1862 4543 3414 4627">
    <p class='ocr_par' dir='ltr' id='par_1_107' title="bbox 1862 4543 3414 4627">
     <span class='ocr_line' id='line_1_107' title="bbox 1862 4543 3414 4627; baseline 0.015 -33"><span class='ocrx_word' id='word_1_798' title='bbox 1862 4543 2065 4597; x_wconf 89' lang='lat' dir='ltr'><strong>Domini</strong></span> <span class='ocrx_word' id='word_1_799' title='bbox 2106 4546 2370 4600; x_wconf 91' lang='lat' dir='ltr'><strong>diabolum</strong></span> <span class='ocrx_word' id='word_1_800' title='bbox 2408 4548 2719 4616; x_wconf 87' lang='lat' dir='ltr'><strong>alloquentis</strong></span> <span class='ocrx_word' id='word_1_801' title='bbox 2756 4553 2892 4607; x_wconf 86' lang='lat' dir='ltr'><strong>circa</strong></span> <span class='ocrx_word' id='word_1_802' title='bbox 2920 4555 3107 4611; x_wconf 89' lang='lat' dir='ltr'><strong>Jobum</strong></span> <span class='ocrx_word' id='word_1_803' title='bbox 3148 4562 3414 4627; x_wconf 86' lang='lat' dir='ltr'><strong>:pritnunt</strong></span> 
     </span>
    </p>
   </div>
   <div class='ocr_carea' id='block_1_108' title="bbox 1861 4631 3415 4707">
    <p class='ocr_par' dir='ltr' id='par_1_108' title="bbox 1861 4631 3415 4707">
     <span class='ocr_line' id='line_1_108' title="bbox 1861 4631 3415 4707; baseline 0.015 -26"><span class='ocrx_word' id='word_1_804' title='bbox 1861 4631 2049 4684; x_wconf 88' lang='lat' dir='ltr'><strong>invidia</strong></span> <span class='ocrx_word' id='word_1_805' title='bbox 2081 4634 2287 4701; x_wconf 92' lang='lat' dir='ltr'><strong>plenum</strong></span> <span class='ocrx_word' id='word_1_806' title='bbox 2320 4634 2510 4688; x_wconf 88' lang='lat' dir='ltr'><strong>diaboli</strong></span> <span class='ocrx_word' id='word_1_807' title='bbox 2539 4638 2852 4707; x_wconf 90' lang='lat' dir='ltr'><strong>colloquium</strong></span> <span class='ocrx_word' id='word_1_808' title='bbox 2884 4658 3000 4696; x_wconf 91' lang='lat' dir='ltr'><strong>cum</strong></span> <span class='ocrx_word' id='word_1_809' title='bbox 3031 4646 3251 4702; x_wconf 91' lang='lat' dir='ltr'><strong>Domino</strong></span> <span class='ocrx_word' id='word_1_810' title='bbox 3278 4651 3415 4705; x_wconf 84' lang='lat' dir='ltr'><strong>circa</strong></span> 
     </span>
    </p>
   </div>
   <div class='ocr_carea' id='block_1_109' title="bbox 1858 4718 3413 4795">
    <p class='ocr_par' dir='ltr' id='par_1_109' title="bbox 1858 4718 3413 4795">
     <span class='ocr_line' id='line_1_109' title="bbox 1858 4718 3413 4795; baseline 0.015 -24"><span class='ocrx_word' id='word_1_811' title='bbox 1858 4718 2067 4772; x_wconf 88' lang='lat' dir='ltr'><strong>Jobum.</strong></span> <span class='ocrx_word' id='word_1_812' title='bbox 2115 4722 2267 4775; x_wconf 87' lang='lat' dir='ltr'><strong>Dedit</strong></span> <span class='ocrx_word' id='word_1_813' title='bbox 2303 4723 2552 4779; x_wconf 90' lang='lat' dir='ltr'><strong>Dominus</strong></span> <span class='ocrx_word' id='word_1_814' title='bbox 2582 4736 2890 4794; x_wconf 88' lang='lat' dir='ltr'><strong>potestatem</strong></span> <span class='ocrx_word' id='word_1_815' title='bbox 2919 4733 3127 4789; x_wconf 90' lang='lat' dir='ltr'><strong>diabolo</strong></span> <span class='ocrx_word' id='word_1_816' title='bbox 3158 4739 3206 4791; x_wconf 93' lang='lat' dir='ltr'><strong>in</strong></span> <span class='ocrx_word' id='word_1_817' title='bbox 3239 4744 3413 4795; x_wconf 86' lang='lat' dir='ltr'><strong>omnia</strong></span> 
     </span>
    </p>
   </div>
   <div class='ocr_carea' id='block_1_110' title="bbox 1858 4808 3407 4896">
    <p class='ocr_par' dir='ltr' id='par_1_110' title="bbox 1858 4808 3407 4896">
     <span class='ocr_line' id='line_1_110' title="bbox 1858 4808 3407 4896; baseline 0.017 -37"><span class='ocrx_word' id='word_1_818' title='bbox 1858 4823 1974 4874; x_wconf 76' lang='lat' dir='ltr'><strong>qua:</strong></span> <span class='ocrx_word' id='word_1_819' title='bbox 1997 4809 2060 4861; x_wconf 90' lang='lat' dir='ltr'><strong>ad</strong></span> <span class='ocrx_word' id='word_1_820' title='bbox 2084 4808 2271 4863; x_wconf 88' lang='lat' dir='ltr'><strong>Jobum</strong></span> <span class='ocrx_word' id='word_1_821' title='bbox 2302 4815 2639 4879; x_wconf 89' lang='lat' dir='ltr'><strong>pertinerent,</strong></span> <span class='ocrx_word' id='word_1_822' title='bbox 2665 4818 2777 4884; x_wconf 90' lang='lat' dir='ltr'><strong>ipso</strong></span> <span class='ocrx_word' id='word_1_823' title='bbox 2797 4821 2927 4875; x_wconf 89' lang='lat' dir='ltr'><strong>Jobo</strong></span> <span class='ocrx_word' id='word_1_824' title='bbox 2953 4833 3147 4878; x_wconf 86' lang='lat' dir='ltr'><strong>tantum</strong></span> <span class='ocrx_word' id='word_1_825' title='bbox 3172 4844 3407 4896; x_wconf 83' lang='lat' dir='ltr'><strong>excepto.</strong></span> 
     </span>
    </p>
   </div>
   <div class='ocr_carea' id='block_1_111' title="bbox 1861 4895 3415 4981">
    <p class='ocr_par' dir='ltr' id='par_1_111' title="bbox 1861 4895 3415 4981">
     <span class='ocr_line' id='line_1_111' title="bbox 1861 4895 3415 4981; baseline 0.015 -34"><span class='ocrx_word' id='word_1_826' title='bbox 1861 4895 2034 4949; x_wconf 87' lang='lat' dir='ltr'><strong>Primo</strong></span> <span class='ocrx_word' id='word_1_827' title='bbox 2074 4899 2301 4952; x_wconf 88' lang='lat' dir='ltr'><strong>nuntiari</strong></span> <span class='ocrx_word' id='word_1_828' title='bbox 2330 4912 2477 4955; x_wconf 88' lang='lat' dir='ltr'><strong>curat</strong></span> <span class='ocrx_word' id='word_1_829' title='bbox 2505 4903 2743 4960; x_wconf 88' lang='lat' dir='ltr'><strong>diabolus</strong></span> <span class='ocrx_word' id='word_1_830' title='bbox 2770 4908 2903 4963; x_wconf 89' lang='lat' dir='ltr'><strong>Jobo</strong></span> <span class='ocrx_word' id='word_1_831' title='bbox 2926 4951 2940 4975; x_wconf 89' lang='lat'><strong>,</strong></span> <span class='ocrx_word' id='word_1_832' title='bbox 2968 4928 3129 4981; x_wconf 82' lang='lat' dir='ltr'><strong>equos</strong></span> <span class='ocrx_word' id='word_1_833' title='bbox 3159 4927 3210 4968; x_wconf 90' lang='lat' dir='ltr'><strong>et</strong></span> <span class='ocrx_word' id='word_1_834' title='bbox 3240 4895 3415 4971; x_wconf 83' lang='lat' dir='ltr'><strong>asinos</strong></span> 
     </span>
    </p>
   </div>
   <div class='ocr_carea' id='block_1_112' title="bbox 1858 4984 3414 5061">
    <p class='ocr_par' dir='ltr' id='par_1_112' title="bbox 1858 4984 3414 5061">
     <span class='ocr_line' id='line_1_112' title="bbox 1858 4984 3414 5061; baseline 0.015 -24"><span class='ocrx_word' id='word_1_835' title='bbox 1858 4984 1970 5050; x_wconf 91' lang='lat' dir='ltr'><strong>ejus</strong></span> <span class='ocrx_word' id='word_1_836' title='bbox 1999 4994 2178 5054; x_wconf 81' lang='lat' dir='ltr'><strong>captos</strong></span> <span class='ocrx_word' id='word_1_837' title='bbox 2204 5029 2216 5047; x_wconf 92' lang='lat'><strong>,</strong></span> <span class='ocrx_word' id='word_1_838' title='bbox 2246 5004 2529 5059; x_wconf 87' lang='lat' dir='ltr'><strong>servosque</strong></span> <span class='ocrx_word' id='word_1_839' title='bbox 2560 5008 2834 5060; x_wconf 90' lang='lat' dir='ltr'><strong>percussos</strong></span> <span class='ocrx_word' id='word_1_840' title='bbox 2862 4998 3040 5055; x_wconf 90' lang='lat' dir='ltr'><strong>fuisse.</strong></span> <span class='ocrx_word' id='word_1_841' title='bbox 3087 5004 3157 5058; x_wconf 90' lang='lat' dir='ltr'><strong>De</strong></span> <span class='ocrx_word' id='word_1_842' title='bbox 3183 5011 3414 5061; x_wconf 86' lang='lat' dir='ltr'><strong>secmnto</strong></span> 
     </span>
    </p>
   </div>
   <div class='ocr_carea' id='block_1_113' title="bbox 1858 5075 3414 5156">
    <p class='ocr_par' dir='ltr' id='par_1_113' title="bbox 1858 5075 3414 5156">
     <span class='ocr_line' id='line_1_113' title="bbox 1858 5075 3414 5156; baseline 0.017 -32"><span class='ocrx_word' id='word_1_843' title='bbox 1858 5075 2060 5136; x_wconf 91' lang='lat' dir='ltr'><strong>nuntio,</strong></span> <span class='ocrx_word' id='word_1_844' title='bbox 2085 5077 2171 5143; x_wconf 91' lang='lat' dir='ltr'><strong>qui</strong></span> <span class='ocrx_word' id='word_1_845' title='bbox 2193 5076 2326 5131; x_wconf 91' lang='lat' dir='ltr'><strong>Jobo</strong></span> <span class='ocrx_word' id='word_1_846' title='bbox 2348 5080 2479 5134; x_wconf 86' lang='lat' dir='ltr'><strong>dixit</strong></span> <span class='ocrx_word' id='word_1_847' title='bbox 2503 5100 2514 5131; x_wconf 73' lang='grc' dir='ltr'><em>τ</em></span> <span class='ocrx_word' id='word_1_848' title='bbox 2542 5082 2661 5150; x_wconf 89' lang='lat' dir='ltr'><strong>Igne</strong></span> <span class='ocrx_word' id='word_1_849' title='bbox 2682 5098 3003 5156; x_wconf 68' lang='lat' dir='ltr'><strong>consumpta:</strong></span> <span class='ocrx_word' id='word_1_850' title='bbox 3021 5102 3144 5144; x_wconf 92' lang='lat' dir='ltr'><strong>sunt</strong></span> <span class='ocrx_word' id='word_1_851' title='bbox 3162 5110 3289 5149; x_wconf 82' lang='lat' dir='ltr'><strong>oves</strong></span> <span class='ocrx_word' id='word_1_852' title='bbox 3314 5106 3414 5151; x_wconf 72' lang='lat' dir='ltr'><strong>tua:</strong></span> 
     </span>
    </p>
   </div>
   <div class='ocr_carea' id='block_1_114' title="bbox 1857 5168 3414 5247">
    <p class='ocr_par' dir='ltr' id='par_1_114' title="bbox 1857 5168 3414 5247">
     <span class='ocr_line' id='line_1_114' title="bbox 1857 5168 3414 5247; baseline 0.018 -34"><span class='ocrx_word' id='word_1_853' title='bbox 1857 5177 1975 5215; x_wconf 91' lang='lat' dir='ltr'><strong>cum</strong></span> <span class='ocrx_word' id='word_1_854' title='bbox 2016 5168 2330 5231; x_wconf 92' lang='lat' dir='ltr'><strong>pastoribus.</strong></span> <span class='ocrx_word' id='word_1_855' title='bbox 2365 5171 2437 5223; x_wconf 91' lang='lat' dir='ltr'><strong>De</strong></span> <span class='ocrx_word' id='word_1_856' title='bbox 2468 5173 2623 5225; x_wconf 91' lang='lat' dir='ltr'><strong>tertio</strong></span> <span class='ocrx_word' id='word_1_857' title='bbox 2654 5177 2835 5230; x_wconf 91' lang='lat' dir='ltr'><strong>nuntio</strong></span> <span class='ocrx_word' id='word_1_858' title='bbox 2859 5219 2872 5241; x_wconf 93' lang='lat'><strong>,</strong></span> <span class='ocrx_word' id='word_1_859' title='bbox 2901 5180 2986 5247; x_wconf 92' lang='lat' dir='ltr'><strong>qui</strong></span> <span class='ocrx_word' id='word_1_860' title='bbox 3026 5186 3253 5238; x_wconf 85' lang='lat' dir='ltr'><strong>narravit</strong></span> <span class='ocrx_word' id='word_1_861' title='bbox 3281 5188 3414 5241; x_wconf 85' lang='lat' dir='ltr'><strong>Jobo</strong></span> 
     </span>
    </p>
   </div>
   <div class='ocr_carea' id='block_1_115' title="bbox 1856 5258 3414 5338">
    <p class='ocr_par' dir='ltr' id='par_1_115' title="bbox 1856 5258 3414 5338">
     <span class='ocr_line' id='line_1_115' title="bbox 1856 5258 3414 5338; baseline 0.017 -36"><span class='ocrx_word' id='word_1_862' title='bbox 1856 5261 2033 5319; x_wconf 85' lang='lat' dir='ltr'><strong>captos</strong></span> <span class='ocrx_word' id='word_1_863' title='bbox 2071 5258 2298 5310; x_wconf 88' lang='lat' dir='ltr'><strong>camelos</strong></span> <span class='ocrx_word' id='word_1_864' title='bbox 2323 5298 2337 5323; x_wconf 95' lang='lat'><strong>,</strong></span> <span class='ocrx_word' id='word_1_865' title='bbox 2378 5268 2431 5312; x_wconf 90' lang='lat' dir='ltr'><strong>et</strong></span> <span class='ocrx_word' id='word_1_866' title='bbox 2470 5274 2635 5314; x_wconf 74' lang='lat' dir='ltr'><strong>caesos</strong></span> <span class='ocrx_word' id='word_1_867' title='bbox 2674 5266 2921 5320; x_wconf 89' lang='lat' dir='ltr'><strong>custodes</strong></span> <span class='ocrx_word' id='word_1_868' title='bbox 2965 5267 3143 5324; x_wconf 92' lang='lat' dir='ltr'><strong>fuisse.</strong></span> <span class='ocrx_word' id='word_1_869' title='bbox 3189 5278 3414 5338; x_wconf 76' lang='lat' dir='ltr'><strong>Quartus</strong></span> 
     </span>
    </p>
   </div>
   <div class='ocr_carea' id='block_1_116' title="bbox 1856 5343 3413 5428">
    <p class='ocr_par' dir='ltr' id='par_1_116' title="bbox 1856 5343 3413 5428">
     <span class='ocr_line' id='line_1_116' title="bbox 1856 5343 3413 5428; baseline 0.017 -37"><span class='ocrx_word' id='word_1_870' title='bbox 1856 5343 2066 5395; x_wconf 90' lang='lat' dir='ltr'><strong>nuntius</strong></span> <span class='ocrx_word' id='word_1_871' title='bbox 2095 5344 2284 5398; x_wconf 86' lang='lat' dir='ltr'><strong>Jobqu</strong></span> <span class='ocrx_word' id='word_1_872' title='bbox 2313 5346 2453 5409; x_wconf 91' lang='lat' dir='ltr'><strong>adit,</strong></span> <span class='ocrx_word' id='word_1_873' title='bbox 2491 5360 2769 5420; x_wconf 89' lang='lat' dir='ltr'><strong>narratque</strong></span> <span class='ocrx_word' id='word_1_874' title='bbox 2799 5358 3061 5412; x_wconf 89' lang='lat' dir='ltr'><strong>corruisse</strong></span> <span class='ocrx_word' id='word_1_875' title='bbox 3088 5362 3331 5428; x_wconf 91' lang='lat' dir='ltr'><strong>domum,</strong></span> <span class='ocrx_word' id='word_1_876' title='bbox 3360 5376 3413 5418; x_wconf 79' lang='lat' dir='ltr'><strong>et</strong></span> 
     </span>
    </p>
   </div>
   <div class='ocr_carea' id='block_1_117' title="bbox 1855 5437 3409 5508">
    <p class='ocr_par' dir='ltr' id='par_1_117' title="bbox 1855 5437 3409 5508">
     <span class='ocr_line' id='line_1_117' title="bbox 1855 5437 3409 5508; baseline 0.016 -25"><span class='ocrx_word' id='word_1_877' title='bbox 1855 5446 2133 5499; x_wconf 88' lang='lat' dir='ltr'><strong>oppressos</strong></span> <span class='ocrx_word' id='word_1_878' title='bbox 2162 5450 2344 5489; x_wconf 90' lang='lat' dir='ltr'><strong>omnes</strong></span> <span class='ocrx_word' id='word_1_879' title='bbox 2374 5437 2508 5490; x_wconf 82' lang='lat' dir='ltr'><strong>filios</strong></span> <span class='ocrx_word' id='word_1_880' title='bbox 2538 5439 2650 5506; x_wconf 90' lang='lat' dir='ltr'><strong>ejus</strong></span> <span class='ocrx_word' id='word_1_881' title='bbox 2689 5442 2868 5496; x_wconf 76' lang='lat' dir='ltr'><strong>fuiSse.</strong></span> <span class='ocrx_word' id='word_1_882' title='bbox 2913 5446 2967 5500; x_wconf 89' lang='lat' dir='ltr'><strong>lu</strong></span> <span class='ocrx_word' id='word_1_883' title='bbox 2998 5452 3235 5504; x_wconf 90' lang='lat' dir='ltr'><strong>omnibus</strong></span> <span class='ocrx_word' id='word_1_884' title='bbox 3265 5453 3409 5508; x_wconf 87' lang='lat' dir='ltr'><strong>hisce</strong></span> 
     </span>
    </p>
   </div>
   <div class='ocr_carea' id='block_1_118' title="bbox 1918 5590 3412 5662">
    <p class='ocr_par' dir='ltr' id='par_1_118' title="bbox 1918 5590 3412 5662">
     <span class='ocr_line' id='line_1_118' title="bbox 1918 5590 3412 5662; baseline 0.011 -24"><span class='ocrx_word' id='word_1_885' title='bbox 1918 5590 1999 5662; x_wconf 45' lang='lat' dir='ltr'><strong>(a).</strong></span> <span class='ocrx_word' id='word_1_886' title='bbox 2013 5598 2122 5662; x_wconf 69' lang='lat' dir='ltr'><strong>Quae</strong></span> <span class='ocrx_word' id='word_1_887' title='bbox 2139 5600 2404 5662; x_wconf 78' lang='lat' dir='ltr'><strong>sequuntur</strong></span> <span class='ocrx_word' id='word_1_888' title='bbox 2419 5606 2570 5654; x_wconf 85' lang='lat' dir='ltr'><strong>usque</strong></span> <span class='ocrx_word' id='word_1_889' title='bbox 2589 5595 2644 5643; x_wconf 90' lang='lat' dir='ltr'><strong>ad</strong></span> <span class='ocrx_word' id='word_1_890' title='bbox 2664 5598 2827 5662; x_wconf 82' lang='lat' dir='ltr'><strong>verba,</strong></span> <span class='ocrx_word' id='word_1_891' title='bbox 2846 5599 3122 5649; x_wconf 80' lang='lat' dir='ltr'><strong>terminatur</strong></span> <span class='ocrx_word' id='word_1_892' title='bbox 3140 5603 3273 5662; x_wconf 83' lang='lat' dir='ltr'><strong>liber,</strong></span> <span class='ocrx_word' id='word_1_893' title='bbox 3286 5609 3412 5655; x_wconf 78' lang='lat' dir='ltr'><strong>sitni-</strong></span> 
     </span>
    </p>
   </div>
   <div class='ocr_carea' id='block_1_119' title="bbox 1854 5650 3414 5760">
    <p class='ocr_par' dir='ltr' id='par_1_119' title="bbox 1854 5650 3414 5760">
     <span class='ocr_line' id='line_1_119' title="bbox 1856 5650 3414 5760; baseline 0.013 -64"><span class='ocrx_word' id='word_1_894' title='bbox 1856 5650 1964 5697; x_wconf 86' lang='lat' dir='ltr'><strong>liter</strong></span> <span class='ocrx_word' id='word_1_895' title='bbox 1990 5650 2226 5760; x_wconf 48' lang='lat' dir='ltr'><strong>habebitur</strong></span> <span class='ocrx_word' id='word_1_896' title='bbox 2264 5654 2308 5698; x_wconf 93' lang='lat' dir='ltr'><strong>in</strong></span> <span class='ocrx_word' id='word_1_897' title='bbox 2335 5650 2693 5717; x_wconf 59' lang='lat' dir='ltr'><strong>altet&#39;a&#39;Syqusi</strong></span> <span class='ocrx_word' id='word_1_898' title='bbox 2712 5672 2721 5713; x_wconf 90' lang='lat'><strong>;</strong></span> <span class='ocrx_word' id='word_1_899' title='bbox 2743 5650 2917 5707; x_wconf 65' lang='lat' dir='ltr'><strong>caetera</strong></span> <span class='ocrx_word' id='word_1_900' title='bbox 2939 5674 3051 5709; x_wconf 83' lang='lat' dir='ltr'><strong>vero</strong></span> <span class='ocrx_word' id='word_1_901' title='bbox 3073 5650 3414 5717; x_wconf 10' lang='lat' dir='ltr'><strong>ormiViarab-ilia</strong></span> 
     </span>
     <span class='ocr_line' id='line_1_120' title="bbox 1854 5719 2257 5760; baseline 0.005 -3"><span class='ocrx_word' id='word_1_902' title='bbox 1854 5719 2042 5760; x_wconf 66' lang='lat' dir='ltr'><strong>SVttUtSt</strong></span> <span class='ocrx_word' id='word_1_903' title='bbox 2069 5725 2093 5756; x_wconf 74' lang='grc' dir='ltr'><strong>ει</strong></span> <span class='ocrx_word' id='word_1_904' title='bbox 2146 5722 2257 5759; x_wconf 82' lang='lat' dir='ltr'><strong>&#39;uut.</strong></span> 
     </span>
    </p>
   </div>
   <div class='ocr_carea' id='block_1_120' title="bbox 1855 5725 2257 5771">
    <p class='ocr_par' dir='ltr' id='par_1_120' title="bbox 1855 5725 2257 5771">
     <span class='ocr_line' id='line_1_121' title="bbox 1855 5725 2257 5771; baseline 0.005 -14"><span class='ocrx_word' id='word_1_905' title='bbox 1855 5725 2042 5771; x_wconf 60' lang='lat' dir='ltr'><strong>synom</strong></span> <span class='ocrx_word' id='word_1_906' title='bbox 2069 5725 2257 5760; x_wconf 73' lang='lat' dir='ltr'><strong>absunt.</strong></span> 
     </span>
    </p>
   </div>
  </div>
