3996 6418
604 375 716 429 363

600 478 1110 532 calamitatibus'non
1133 475 1367 543 peccavit
1385 474 1482 528 Job
1503 488 1624 541 erga
1648 473 1944 525 Dominum.
1966 470 2158 524 Secun-

602 571 726 622 dum
755 566 1109 621 testimonium
1152 564 1356 617 Domini
1395 563 1656 615 diabolum
1686 560 1997 626 alloquentis
2018 597 2034 621 ,
2060 572 2162 625 quo

602 657 717 712 Jobi
747 658 910 708 virtus
938 654 1264 716 celebratur;
1304 660 1357 705 et
1393 649 1679 703 secundmn
1720 648 1912 701 invidia
1950 648 2158 713 plenum

601 747 790 799 diaboli
813 743 1127 811 colloquium
1149 755 1266 794 cum
1291 742 1507 792 Domino
1529 740 1665 791 circa
1687 737 1897 791 Jobum.
1937 729 2003 784 Et
2025 746 2162 798 quo-

598 837 758 892 modo
774 837 1050 893 tradiderit
1076 834 1325 885 Dominus
1351 831 1561 890 Jobum,
1594 844 1694 880 una
1727 835 1927 880 tantum
1957 834 2158 876 servata

601 927 772 977 anima
807 939 900 977 seu
930 923 1054 974 vita.
1102 920 1356 988 Egressus
1386 918 1624 971 diabolus
1651 915 1837 968 Johum
1872 913 2092 982 percutit
2130 926 2159 963 a

603 1015 820 1084 pedibus
849 1028 1011 1080 usque
1048 1011 1112 1063 ad
1140 1016 1328 1078 caput;
1373 1008 1667 1074 sedensque
1697 1006 1796 1059 Job
1837 1006 1886 1057 in
1927 1012 2159 1057 stercore

605 1104 814 1157 radebat
841 1103 1057 1156 saniem.
1089 1101 1282 1153 Suadet
1317 1098 1448 1151 Joho
1481 1113 1612 1148 uxor
1646 1096 1758 1163 ejus
1782 1137 1795 1160 ,
1826 1106 1882 1147 ut
1920 1095 2159 1163 loquatur

597 1203 778 1249 contra
818 1194 1094 1246 Dominum
1121 1233 1135 1255 ,
1163 1202 1213 1244 et
1244 1189 1500 1241 moriatur
1529 1204 1541 1239 :
1570 1187 1816 1252 illamque
1849 1185 1947 1238 Job
1974 1200 2156 1252 repre-

599 1285 795 1338 hendit.
829 1284 1118 1337 Audierunt
1147 1291 1252 1333 tres
1279 1280 1430 1331 amici
1458 1277 1597 1338 Jobi,
1623 1276 1838 1344 Eliphaz
1863 1275 2159 1327 Tluemani-

598 1384 765 1426 tarum
795 1389 919 1434 rex,
949 1370 1143 1424 Baldad
1183 1369 1502 1422 Sacheornm
1534 1374 1784 1434 tyrannus
1808 1404 1824 1429 ,
1865 1372 1917 1416 et
1956 1363 2158 1430 Sophar

598 1463 913 1515 Men-urorum
947 1468 1247 1512 rex.cuneta
1274 1472 1388 1524 quae
1419 1455 1515 1522 ipsi
1541 1454 1855 1507 acciderant.
1888 1452 1950 1505 Et
1977 1466 2155 1505 acces-

595 1559 778 1605 serunt
820 1551 882 1601 ad
926 1549 1068 1601 illum
1112 1546 1298 1614 singuli
1337 1560 1399 1598 cx
1449 1545 1660 1611 regione
1688 1556 1815 1603 sua.
1843 1549 1900 1594 ut
1926 1543 2158 1594 viserent

594 1642 738 1696 illum
759 1659 773 1693 :
793 1642 985 1708 illoque
1003 1645 1286 1705 conspecto
1305 1635 1570 1689 sciderunt
1585 1633 1770 1702 singuli
1789 1641 1986 1686 vestem
2008 1645 2154 1684 suam

592 1735 660 1788 ob
689 1743 881 1786 tantam
913 1731 1284 1783 calamitatem.
1332 1727 1454 1779 Post
1480 1725 1684 1793 plagam
1717 1732 1890 1776 autem
1916 1721 2015 1775 Job
2048 1721 2154 1788 pri-

593 1838 708 1876 mus
736 1821 941 1890 aperuit
962 1833 1021 1872 os
1049 1833 1221 1881 suum,
1250 1825 1298 1868 et
1327 1814 1594 1867 maledixit
1614 1813 1715 1866 diei
1739 1827 1799 1865 ac
1821 1813 1957 1864 nocti
1981 1811 2029 1862 in
2055 1825 2153 1876 qua

592 1924 746 1966 natus
765 1922 896 1965 erat.
921 1911 1052 1964 Hinc
1074 1908 1201 1961 illud
1229 1923 1240 1959 :
1267 1906 1407 1960 Sicut
1427 1920 1594 1957 servus
1614 1905 1695 1971 qui
1723 1904 1854 1954 timet
1877 1903 2151 1962 dominum,

591 2003 662 2054 sic
689 2004 805 2054 data
829 2010 898 2052 est
921 1999 1007 2051 lux
1030 1999 1090 2050 iis
1114 1998 1196 2064 qui
1223 1998 1272 2047 in
1300 1994 1633 2046 amaritudine
1659 2001 1935 2055 versantur,
1959 1991 2042 2059 qui
2069 1991 2156 2043 de-

588 2094 808 2146 siderant
837 2100 1043 2142 mortem
1063 2131 1078 2154 ,
1105 2104 1191 2140 nec
1219 2086 1456 2138 obtinent.
1501 2083 1640 2136 Mors
1671 2084 1801 2135 enim
1835 2083 1939 2134 viro
1965 2082 2153 2148 requies

592 2184 708 2252 (Job
728 2183 882 2237 5.19.
897 2182 984 2235 20.
1003 2181 1091 2233 21.
1108 2179 1220 2247 25).
1240 2177 1520 2244 Excipieus
1543 2175 1686 2227 illum
1715 2173 1914 2242 primus
1935 2172 2152 2240 Eliphaz

588 2273 939 2328 Tharmanites
960 2271 1085 2323 dicit
1107 2269 1240 2322 Jobo
1271 2285 1282 2318 :
1320 2285 1338 2316 ι
1372 2266 1427 2318 1η
1461 2263 1764 2318 memoriam
1796 2275 2004 2324 revoca,
2036 2261 2152 2328 quis

588 2363 814 2417 mundus
864 2359 1111 2427 perierit,
1156 2367 1244 2410 aut
1289 2355 1619 2424 quandonam
1663 2366 1878 2406 veraces
1921 2349 2152 2403 funditus

587 2450 774 2519 perditi
798 2449 920 2502 sint.
965 2446 1176 2500 Ferocia
1201 2444 1483 2497 draconum
1507 2443 1761 2496 exstincta
1789 2448 1899 2494 est:
1921 2453 2152 2508 myrme-

583 2539 770 2594 eoleou
789 2547 961 2590 autem
982 2535 1156 2603 periit,
1176 2549 1238 2587 eo
1256 2533 1396 2602 quod
1419 2547 1520 2584 non
1541 2532 1757 2584 haberet
1772 2545 1944 2584 escam
1966 2529 2149 2582 :catuli

583 2629 792 2682 Icarium
818 2641 935 2680 sese
959 2624 1178 2678 invicem
1205 2631 1537 2691 separarunt.
1571 2620 1658 2674 Sic
1685 2635 1786 2672 non
1815 2627 1896 2672 est
1916 2617 2150 2671 mortalis

585 2717 813 2770 mundus
841 2717 891 2768 in
919 2724 1201 2782 conspectu
1227 2711 1432 2765 Domini
1454 2752 1468 2774 ,
1498 2723 1667 2777 neque
1692 2723 1755 2762 ex
1779 2707 2022 2776 operibus
2044 2706 2150 2759 suis

584 2805 878 2871 iuculpatus
902 2803 980 2855 vir
1006 2820 1023 2852 ι
1047 2800 1161 2869 (Job
1185 2801 1233 2853 4.
1255 2799 1417 2852 7.1Ο.
1445 2799 1695 2864 11.1“7).«
1719 2796 1896 2858 Stulti,
1923 2814 1939 2844 ι
1963 2795 2147 2861 inquit,

591 2915 608 2946 ‹
623 2895 743 2948 licet
759 2891 987 2947 radicem
1006 2889 1401 2959 pouant,statim
1416 2887 1751 2941 devorabitur
1765 2885 1930 2937 victus
1943 2899 2145 2946 eorum;

581 2985 825 3054 quoniam
845 2985 981 3052 quod
1006 2983 1076 3036 illi
1097 2988 1496 3050 congregarunt,
1515 2979 1638 3046 justi
1657 2975 1933 3030 comedent
1959 2995 1975 3025 ι
1999 2973 2146 3046 (ϐαρ.

582 3077 635 3131 5.
665 3092 712 3128 υ.
745 3077 795 3128 5.
827 3075 903 3142 5).
941 3092 958 3123 ι
993 3071 1212 3136 Homo,»
1248 3070 1431 3138 inquit,
1465 3088 1484 3119 ‹
1524 3069 1752 3120 nascitur
1781 3066 1843 3118 ad
1875 3066 2104 3119 laborem
2131 3104 2144 3123 ,

580 3166 707 3234 pulli
764 3174 936 3218 autem
993 3165 1256 3216 vulturum
1309 3161 1414 3214 alte
1472 3160 1668 3212 volant.
1739 3156 2148 3225 Comprehendit

580 3266 752 3311 autem
793 3256 1042 3308 Dominus
1076 3253 1338 3321 sapientes
1377 3252 1430 3304 in
1465 3249 1737 3318 prudentia
1783 3263 1963 3301 eorum
1986 3289 1998 3310 ,
2030 3263 2148 3300 con~

581 3347 754 3403 silium
804 3356 977 3398 autem
1017 3342 1367 3409 versipellium
1411 3340 1648 3407 dissipat.
1701 3339 2034 3391 lnnocentem
2080 3354 2142 3390 ex

580 3434 982 3488 necessitatibus
1025 3433 1210 3498 eripiet
1251 3430 1502 3482 Dominus
1528 3469 1541 3490 ,
1584 3437 1635 3481 et
1679 3429 1728 3480 in
1774 3427 1998 3494 septimo
2039 3443 2141 3480 non

578 3531 754 3591 tanget
796 3537 913 3575 eum
956 3521 1171 3574 malum.
1213 3520 1290 3572 Tu
1324 3533 1450 3572 vero
1480 3528 1649 3572 tecum
1680 3529 1860 3586 reputa
1881 3559 1894 3583 ,
1926 3533 1992 3570 an
2021 3519 2141 3587 quid

579 3611 970 3680 perpetraveris
1004 3628 1020 3660 ι
1056 3609 1211 3678 (Ibid.
1245 3626 1290 3660 υ.
1320 3609 1370 3660 7.
1409 3608 1492 3661 13.
1527 3608 1613 3661 19.
1640 3607 1753 3676 27).

650 3701 820 3754 Prima
865 3701 981 3755 Jobi
1023 3701 1088 3754 ad
1133 3699 1347 3766 EIipIiaz
1387 3700 1660 3767 responsio
1691 3717 1701 3751 :
1736 3718 1753 3750 ι
1788 3700 1841 3754 Si
1873 3716 1998 3755 vero
2029 3703 2143 3770 quis

573 3791 876 3859 appendens
901 3789 1222 3858 appenderet
1264 3791 1392 3842 iram
1433 3805 1602 3843 meam
1626 3831 1638 3851 ,
1666 3799 1717 3844 ct
1753 3791 1961 3845 dolores
1997 3808 2142 3846 meos

573 3883 781 3936 tolleret
811 3882 860 3935 in
891 3890 1084 3935 statera
1115 3883 1326 3949 pariter,
1357 3881 1534 3949 utique
1560 3896 1717 3934 arena
1746 3883 1907 3936 maris
1931 3882 2140 3951 gravior

569 3973 671 4026 erit
699 3992 715 4023 ι
738 3972 884 4042 (Cap.
906 3973 956 4024 6.
976 3972 1090 4025 v.2.
1111 3972 1186 4040 5).
1211 3971 1336 4025 Item
1358 3972 1480 4025 illud
1502 3994 1513 4025 :
1540 3990 1556 4021 ι
1578 3971 1709 4025 Num
1731 3972 1921 4026 frustra
1942 3974 2140 4027 clama-

570 4062 645 4115 hit
672 4077 864 4131 onager
882 4103 894 4125 ,
922 4063 1018 4114 nisi
1043 4077 1191 4114 escas
1213 4062 1523 4130 requirens?
1544 4062 1802 4132 Numquid
1826 4072 1878 4116 et
1902 4074 2140 4132 erumpet

567 4152 617 4205 in
645 4166 824 4204 vocem
846 4151 961 4215 hos,
986 4166 1102 4204 cum
1129 4150 1317 4204 habeat
1338 4151 1388 4203 in
1413 4167 1651 4219 praesepe
1676 4152 1856 4206 cibos?
1879 4153 2136 4222 Numquid

568 4241 816 4294 lortitudo
844 4241 1072 4310 lapidum
1099 4241 1350 4295 fortitudo
1375 4256 1513 4304 mea,
1541 4251 1631 4294 aut
1653 4257 1838 4296 carnes
1863 4259 1992 4296 mea:
2013 4254 2137 4296 sunt

564 4350 725 4389 attica:
753 4352 773 4386 ι
803 4332 962 4402 (Ibid.
982 4334 1096 4388 v.5.
1115 4333 1260 4401 I2)?t
1288 4333 1445 4399 Quasi
1465 4333 1887 4387 tentatioestvita
1908 4334 2134 4386 hominis

561 4440 723 4492 super
745 4434 961 4488 terram,
983 4432 1071 4476 aut
1092 4425 1226 4476 sicut
1241 4422 1528 4491 quotidiani
1547 4424 1854 4476 mercenarii
1876 4423 1978 4475 vita
1995 4422 2128 4490 ejus.

559 4519 613 4570 Si
646 4533 744 4585 ego
783 4518 994 4586 peccavi
1018 4556 1031 4577 ,
1058 4516 1179 4585 quid
1209 4527 1390 4584 potero
1417 4515 1626 4569 facere?
1650 4515 1746 4580 Qui
1771 4515 1873 4568 scis
1903 4524 2129 4567 mentem

560 4608 828 4660 hominum
853 4649 866 4670 ,
899 4622 1060 4672 quare
1102 4607 1318 4674 posuisti
1352 4622 1436 4660 me
1481 4614 1535 4658 ut
1571 4605 1818 4674 loquerer
1846 4605 2128 4659 adversum

561 4705 610 4749 te
648 4714 666 4746 ι
701 4695 850 4764 (ϐαρ.
883 4696 931 4746 7.
964 4712 1012 4748 υ.
1048 4696 1095 4748 1.
1127 4695 1259 4758 20)?

629 4785 755 4838 Post
779 4783 990 4851 Eliphaz
1013 4784 1273 4837 secundus
1296 4784 1562 4854 excipiens
1585 4783 1778 4837 Baltlad
1800 4784 2126 4838 Saucheotes

556 4873 745 4929 Jubmn
771 4874 847 4925 sic
872 4872 1154 4940 alloquitur
1183 4892 1193 4925 :
1230 4892 1246 4924 ‹
1283 4874 1564 4942 Usquequo
1595 4874 1868 4943 loqueris?
1896 4875 2124 4943 Spiritus

556 4965 896 5031 multiloquus
919 4964 968 5014 in
993 4977 1085 5016 ore
1105 4973 1209 5017 tuo.
1236 4965 1497 5032 Numquid
1521 4966 1771 5018 Dominus
1794 4966 1983 5034 injuste
2005 4975 2124 5035 aget

549 5053 832 5124 judicans?
862 5062 950 5104 aut
975 5052 1061 5119 qui
1091 5054 1264 5105 omnia
1292 5054 1413 5107 facit
1432 5095 1444 5117 ,
1473 5071 1574 5107 non
1605 5055 1874 5108 exhibebit
1903 5056 1954 5109 id
1983 5057 2120 5124 quod

550 5145 746 5214 justum
769 5149 848 5195 est
881 5159 899 5191 ι
933 5140 1080 5208 (Cap.
1102 5140 1153 5194 8.
1187 5157 1233 5193 υ.
1253 5142 1308 5193 2.
1329 5143 1423 5210 5)?
1453 5143 1578 5196 Item
1612 5143 1770 5196 illud:
1798 5162 1814 5194 ‹
1843 5144 1987 5198 Sicut
2017 5160 2118 5198 non

549 5235 688 5288 viret
716 5247 940 5302 papyrus
972 5231 1084 5284 sine
1113 5246 1243 5298 aqua
1267 5271 1279 5294 ,
1314 5249 1410 5286 nec
1435 5234 1624 5287 crescit
1655 5237 1785 5302 prati
1814 5235 1977 5290 herba
2005 5238 2120 5292 sine

1328 361 1386 417 S.
1415 359 1689 415 JOANNIS
1726 356 2189 414 CHRYSOSTOMI
2227 356 2538 411 ARCHIEP.
2580 353 3101 411 (IONSTANTINOP.

3724 354 3835 408 3G4

2272 468 2410 534 quod
2453 469 2521 520 ita
2561 467 2628 520 sit
2661 485 2672 518 :
2705 467 2964 536 quomodo
2991 467 3130 520 enim
3166 466 3268 522 erit
3306 467 3479 535 justus
3508 466 3666 518 homo
3695 460 3838 530 apud

2270 554 2544 606 Dominum
2571 570 2588 602 ι
2612 553 2756 623 (Cap.
2777 557 2828 608 9.
2851 571 2896 608 υ.
2916 553 3011 623 2)?
3029 556 3301 623 Etiamque
3323 554 3470 617 illud,
3497 571 3516 603 σ
3539 553 3637 618 Qui
3658 561 3837 604 cxten-

2268 645 2341 696 dit
2361 645 2544 697 etelum
2569 646 2732 708 solus,
2765 654 2817 698 et
2846 646 3076 698 ambulat
3101 660 3258 713 super
3287 661 3432 699 mare
3462 655 3720 711 tamquam
3749 656 3839 694 sn-

2269 750 2359 801 per
2381 737 2756 801 pavimentum,
2772 736 2859 803 qui
2878 735 3001 788 fecit
3021 735 3229 789 Pleiada
3255 744 3306 789 et
3324 735 3612 802 Hesperum
3626 750 3646 782 ι
3671 730 3835 793 (Ibid.

2267 825 2510 890 9.v.8.9).
2537 843 2555 874 ι
2579 826 2914 893 Quisjudicio
2932 827 3021 880 Dei
3036 826 3276 880 resistet?
3292 825 3438 891 Quod
3458 825 3498 877 si
3513 825 3670 876 etiam
3685 820 3840 874 fuero

2263 914 2450 982 justus,
2472 931 2530 968 os
2548 931 2720 970 meum
2740 917 2895 984 impia
2918 917 3158 984 loquetur
3181 936 3198 968 :
3217 918 3418 968 etiamsi
3443 915 3586 967 fuero
3603 913 3717 964 sine
3735 911 3842 962 cri-

2265 1005 2423 1067 mine,
2443 1020 2631 1070 pravus
2646 1006 2859 1058 evadam
2876 1005 3060 1076 i(lbid.
3075 1006 3215 1059 v.19.
3233 1005 3341 1073 20).
3361 1005 3508 1058 Circa
3527 1001 3669 1064 illud,
3685 1020 3702 1052 ι
3717 999 3836 1052 Vita

2266 1108 2380 1146 mea
2401 1094 2564 1146 levior
2583 1104 2662 1146 est
2686 1109 2921 1148 cursore.
2941 1094 3201 1164 Numquid
3222 1095 3438 1147 navibus
3455 1101 3537 1146 est
3556 1091 3835 1159 vestigium

2266 1182 2381 1245 \‘iae,
2407 1191 2497 1235 aut
2521 1184 2706 1251 aquilae
2732 1185 2972 1248 volantis,
2997 1186 3280 1254 quaerentis
3296 1199 3468 1239 escam
3492 1182 3649 1252 (Ibid.
3668 1199 3716 1235 υ.
3739 1181 3833 1237 25.

2263 1272 2390 1340 26)?
2420 1274 2678 1328 Memento
2701 1273 2836 1342 quod
2859 1275 3020 1329 Iutum
3043 1275 3234 1330 tinxisti
3258 1291 3360 1339 me,
3384 1284 3435 1330 et
3459 1277 3506 1328 in
3528 1283 3724 1328 terram
3746 1289 3837 1327 me

2263 1367 2449 1419 iterum
2477 1376 2772 1420 convertes.
2821 1366 3006 1422 Nonne
3036 1368 3169 1422 sicut
3205 1369 3284 1421 lac
3318 1366 3542 1420 mulsisti
3567 1371 3686 1423 me?
3722 1375 3839 1418 etc.

2263 1455 2446 1508 Essem
2477 1464 2738 1522 tamquam
2769 1470 2870 1509 non
2903 1457 3137 1510 fuissem.
3165 1454 3271 1509 Cur
3295 1459 3360 1510 de
3385 1465 3535 1508 utero
3563 1455 3612 1507 in
3641 1468 3837 1506 monu-

2261 1557 2492 1599 mentum
2521 1563 2623 1600 non
2655 1562 2768 1598 sum
2801 1547 3083 1600 translatus
3107 1565 3123 1596 ι
3148 1545 3292 1615 (Cap.
3317 1545 3400 1599 10.
3429 1561 3475 1598 υ.
3495 1545 3546 1598 9.
3583 1543 3666 1597 10.
3695 1544 3788 1611 19)
3811 1543 3836 1595 2

2333 1637 2452 1690 Post
2503 1637 2714 1705 Eliphaz
2751 1635 2944 1690 Baldad
2972 1677 2985 1700 ,
3026 1645 3079 1689 et
3108 1646 3225 1705 post
3255 1635 3448 1688 Baldad
3481 1633 3688 1702 Saphar
3715 1634 3831 1688 Me-

2261 1740 2425 1790 nzeus,
2450 1726 2737 1778 secundum
2764 1726 2862 1779 sibi
2890 1725 3158 1795 proprium
3184 1726 3454 1787 ordinem;
3488 1717 3557 1776 it'a
3585 1734 3641 1778 ut
3663 1741 3834 1778 unus-

2259 1813 2478 1882 quisque
2521 1829 2702 1868 corum
2746 1827 2982 1883 speraret
3025 1830 3082 1869 se
3129 1815 3344 1868 meliora
3386 1814 3644 1868 dicturum
3670 1813 3831 1868 Joho.

2266 1921 2282 1951 ι
2307 1903 2403 1969 Qui
2422 1903 2581 1956 multa
2603 1903 2747 1969 dicit,
2777 1905 3003 1958 vicissim
3029 1905 3223 1958 audiet.
3257 1923 3274 1954 ι
3302 1904 3428 1958 Item
3455 1904 3616 1958 illud:
3654 1923 3672 1956 ι
3705 1905 3834 1958 Ful-

2258 1993 2397 2059 gebit
2439 1993 2596 2046 facies
2640 2003 2725 2046 tua
2773 2003 3034 2061 tamquam
3075 2009 3208 2062 aqua
3249 2010 3396 2063 pura.
3447 1995 3619 2049 Exues
3648 2005 3832 2049 autem

2259 2081 2498 2143 sordem,
2531 2089 2583 2134 et
2612 2097 2714 2135 non
2748 2082 2970 2145 timebis,
3004 2091 3056 2138 et
3080 2083 3310 2137 laborem
3338 2084 3663 2138 Oblivisceris
3694 2094 3802 2138 tam
3825 2117 3838 2129 -

2258 2185 2411 2235 quam
2445 2174 2656 2224 tinctum
2685 2175 2770 2241 qui
2802 2175 3053 2241 praeterit.
3083 2173 3262 2229 Oratio
3286 2176 3422 2229 enim
3448 2184 3533 2229 tua
3559 2185 3830 2247 tamquam

2257 2260 2465 2314 Lucifer
2489 2262 2586 2315 erit
2616 2281 2634 2312 ι
2659 2263 2802 2330 (Cap.
2836 2265 2921 2320 11.
2948 2280 2994 2317 v.
3017 2265 3069 2318 2.
3105 2264 3304 2335 15-17).

2327 2351 2497 2404 Prima
2539 2352 2652 2406 Jobi
2701 2354 2764 2406 ad
2809 2353 3098 2422 Supinarem
3152 2358 3468 2425 responsio:
3505 2376 3522 2409 ι
3560 2358 3668 2413 Vos
3697 2375 3832 2427 ergo

2257 2439 2358 2491 soli
2386 2442 2511 2493 estis
2544 2441 2811 2505 homines;
2844 2453 2935 2498 aut
2955 2446 3221 2499 vobiscum
3254 2448 3505 2500 morietur
3529 2448 3785 2515 sapientia
3806 2451 3831 2500 ?

2255 2528 2321 2580 Et
2351 2529 2474 2582 mihi
2501 2531 2711 2597 quidem
2741 2548 2834 2586 cor
2856 2533 3002 2601 juxta
3032 2550 3125 2587 vos
3155 2536 3252 2589 erit
3280 2555 3296 2586 ι
3323 2536 3486 2607 (Cap.
3517 2538 3602 2590 12.
3637 2538 3689 2589 2.
3726 2539 3760 2590 5
3784 2537 3824 2598 ).

2257 2619 2405 2674 Circa
2437 2622 2561 2675 illud
2591 2642 2603 2675 :
2630 2641 2646 2673 ι
2677 2624 2803 2690 Quis
2828 2640 2929 2678 non
2952 2628 3196 2694 cognovit
3217 2627 3265 2679 in
3292 2628 3534 2680 omnibus
3557 2627 3656 2692 his,
3682 2632 3827 2697 quod

2258 2726 2442 2764 manus
2469 2711 2674 2765 Domini
2702 2712 2826 2766 fecit
2856 2713 3008 2768 haec?
3036 2715 3165 2781 Quia
3193 2717 3241 2768 in
3271 2732 3426 2769 manu
3457 2717 3569 2785 ejus
3598 2727 3680 2771 est
3703 2720 3826 2772 ani-

2255 2813 2338 2850 ma
2369 2801 2600 2853 omnium
2627 2803 2931 2868 viventium,
2967 2814 3020 2858 et
3046 2808 3262 2872 Spiritus
3290 2808 3459 2861 omnis
3485 2808 3732 2863 hominis.
3769 2810 3827 2867 Si

2254 2889 2577 2957 prohibuerit
2604 2907 2823 2961 aquam,
2852 2895 3070 2948 siceahit
3097 2907 3288 2950 terram
3319 2940 3331 2959 ,
3364 2908 3418 2952 et
3445 2898 3488 2952 si
3519 2899 3827 2968 dimiserit,

2254 2980 2481 3049 perdidit
2508 2993 2750 3037 evertens
2777 2999 2890 3037 eam
2918 2985 3102 3054 »(Ιὸἰά.
3123 3004 3170 3040 v.
3189 2989 3345 3042 9.10.
3370 2989 3477 3058 15).
3495 2989 3641 3044 Circa
3664 2991 3824 3046 illud:

2259 3087 2277 3118 ε
2307 3069 2433 3136 Quis
2460 3072 2559 3123 erit
2585 3073 2810 3125 mundus
2839 3087 2867 3125 a
2899 3073 3097 3127 sorde?
3127 3077 3192 3128 At
3219 3093 3392 3136 nemo.
3421 3079 3516 3133 etsi
3547 3096 3680 3133 unus
3706 3081 3827 3134 dies

2249 3159 2317 3212 sit
2351 3160 2452 3212 vita
2483 3161 2596 3228 ejus
2627 3176 2785 3229 super
2816 3171 3028 3216 terram.
3063 3164 3152 3217 Est
3181 3167 3353 3219 arbori
3414 3181 3554 3235 spes.
3589 3171 3643 3221 Si
3675 3170 3823 3222 enim

2252 3251 2424 3305 excisa
2474 3251 2659 3316 fuerit,
2693 3251 2863 3306 adhuc
2900 3254 3203 3323 pulIuIahit,
3236 3265 3289 3310 et
3327 3273 3536 3327 germen
3568 3259 3681 3327 ejus
3713 3277 3824 3314 non

2251 3343 2474 3395 deficiet.
2510 3342 2599 3395 Vir
2624 3358 2746 3396 vero
2765 3360 2882 3397 cum
2904 3355 3138 3398 mortuus
3164 3346 3336 3412 fuerit,
3360 3349 3516 3402 abiit:
3541 3359 3591 3402 et
3618 3362 3823 3404 morta-

2248 3430 2311 3482 lis
2331 3445 2447 3483 cum
2468 3432 2736 3496 ceciderit,
2762 3448 2862 3486 non
2887 3435 3020 3486 ultra
3046 3443 3122 3487 est
3152 3454 3168 3485 ι
3193 3435 3630 3504 (ϐαρ.14.υ.1.5.
3648 3440 3819 3509 7.10).

2321 3521 2524 3573 Initium
2583 3522 2891 3576 secundum.
2957 3524 3170 3592 Eliphaz
3225 3525 3412 3579 Jobum
3471 3529 3814 3596 alloquitur:

2254 3627 2270 3658 ‹
2309 3608 2566 3678 Numquid
2597 3611 2808 3678 sapiens
2846 3614 3246 3680 responsionem
3272 3614 3415 3668 dabit
3441 3616 3675 3670 scientiae
3703 3620 3818 3686 spi-

2250 3699 2421 3752 ritus?
2451 3703 2648 3768 Arguat
2678 3710 2728 3754 te
2755 3717 2814 3755 os
2844 3712 2986 3756 tuum
3014 3745 3028 3770 ,
3061 3713 3112 3758 et
3140 3719 3242 3756 non
3273 3719 3388 3774 ego.
3433 3726 3451 3756 ι
3487 3706 3614 3760 Illud
3645 3709 3772 3762 item
3797 3749 3815 3775 ,

2254 3811 2270 3842 ι
2307 3793 2433 3858 Quis
2469 3793 2610 3845 enim
2647 3806 2765 3846 cum
2797 3796 2864 3846 sit
2899 3794 3086 3857 homo,
3118 3795 3220 3848 erit
3258 3795 3591 3864 inculpalus?
3617 3812 3683 3850 an
3712 3800 3820 3854 erit

2240 3881 2412 3949 justus
2442 3890 2592 3934 natus
2617 3883 2682 3935 de
2708 3881 2929 3936 muliere
2966 3902 2984 3934 ι
3015 3883 3160 3952 (ϐαρ.
3190 3884 3274 3938 15.
3298 3901 3344 3937 υ.
3376 3883 3429 3936 2.
3462 3883 3512 3938 6.
3543 3885 3670 3954 14)?

2316 3971 2557 4025 Secunda
2589 3973 2861 4039 responsio
2889 3971 3007 4026 Jobi
3037 3973 3100 4025 ad
3137 3973 3385 4042 Eliphaz:
3419 3993 3436 4024 ‹
3469 3975 3657 4029 Audivi
3688 3979 3816 4032 talia

2245 4064 2405 4117 multa
2437 4080 2450 4117 :
2487 4064 2851 4117 consolatores
2882 4065 3138 4118 malorum
3174 4081 3376 4119 omnes.
3422 4067 3554 4120 Ecce
3585 4068 3636 4120 in
3667 4070 3816 4124 cazlis

2241 4162 2321 4206 est
2349 4154 2499 4206 testis
2529 4169 2698 4216 meus,
2733 4163 2785 4207 et
2808 4156 3052 4209 conscius
3079 4171 3228 4210 mens
3259 4158 3309 4208 in
3339 4156 3578 4210 excelsis.
3613 4158 3695 4210 Sit
3721 4175 3817 4212 au-

2243 4255 2343 4297 tem
2375 4245 2674 4313 redargutio
2713 4246 2826 4299 viro
2859 4261 3036 4299 coram
3082 4248 3300 4301 Domino
3339 4271 3356 4298 ι
3381 4247 3525 4320 (ϐαρ.
3560 4250 3644 4304 16.
3677 4267 3724 4303 υ.
3754 4252 3810 4306 2.

2237 4333 2324 4385 20.
2360 4332 2476 4403 22).
2501 4334 2634 4386 Illud
2663 4335 2807 4398 item,
2843 4354 2860 4385 ι
2891 4335 3106 4389 Noctem
3136 4338 3308 4404 posuit
3337 4338 3388 4390 in
3417 4338 3576 4392 diem.
3607 4339 3738 4394 Nam
3768 4344 3812 4398 si

2245 4424 2576 4490 sustinuero,
2609 4423 2842 4478 infernus
2873 4425 2970 4478 erit
2997 4425 3124 4479 mihi
3152 4426 3356 4480 domus.
3386 4427 3606 4481 Mortem
3639 4433 3812 4498 appel-

2235 4513 2336 4566 lavi
2360 4521 2582 4581 patrem,
2603 4522 2824 4566 matrem
2847 4524 3023 4568 autem
3047 4530 3217 4569 meam
3242 4525 3294 4570 et
3315 4531 3551 4571 sororem
3579 4519 3755 4573 tabem
3789 4540 3807 4572 ι

2236 4603 2385 4672 (Cap.
2419 4604 2502 4656 17.
2533 4620 2578 4658 υ.
2612 4604 2818 4674 12-14).

2309 4696 2551 4750 Secundo
2579 4712 2757 4750 rursus
2799 4697 3066 4765 excipiens
3106 4698 3302 4751 Baldad
3341 4699 3412 4751 ait
3454 4699 3519 4753 ad
3561 4701 3756 4756 Johnm
3792 4721 3806 4759 :

2243 4804 2259 4835 ι
2293 4785 2577 4854 Quousque
2604 4801 2706 4838 non
2734 4787 3003 4839 cessabis?
3028 4787 3160 4852 Quid
3188 4788 3325 4840 cnitn
3353 4826 3367 4852 ,
3397 4789 3438 4841 si
3475 4798 3525 4842 tu
3566 4803 3809 4846 mortuus

2230 4873 2390 4927 fueris
2415 4916 2428 4938 ,
2477 4874 2899 4929 inhabitabilisne
2939 4878 3042 4929 erit
3081 4892 3140 4931 ea
3182 4893 3297 4946 qua:
3342 4879 3441 4933 sub
3486 4882 3616 4934 cazlo
3665 4893 3746 4936 est
3783 4904 3803 4936 ι

2233 4965 2393 5033 (ϐαρ.
2420 4966 2501 5019 18.
2528 4982 2573 5020 υ.
2601 4967 2654 5018 2.
2688 4965 2784 5037 li)?
2812 4968 3114 5033 Respondet
3144 4969 3373 5022 secundo
3403 4971 3501 5024 Joh
3533 4972 3764 5025 Baldado
3789 4993 3802 5027 :

2243 5077 2261 5110 ε
2292 5057 2573 5126 Usquequo
2601 5059 2892 5111 molestiam
2923 5059 3124 5113 facietis
3153 5061 3342 5115 animm
3371 5079 3522 5128 meae,
3549 5067 3804 5120 occidetis

2230 5165 2314 5202 me
2356 5148 2680 5201 ratiociniis?
2724 5149 2994 5216 loquimini
3039 5159 3218 5203 contra
3263 5168 3348 5205 me
3388 5153 3501 5204 sine
3545 5154 3749 5221 pudore
3779 5175 3798 5207 ο

2227 5239 2372 5309 (Cap.
2410 5239 2491 5292 19.
2520 5256 2566 5293 υ.
2598 5239 2650 5290 2.
2681 5239 2712 5291 5
2747 5239 2807 5306 )‘I
2835 5239 2929 5293 IIic
2959 5239 3108 5305 illud,
3142 5259 3158 5289 ι
3197 5241 3427 5294 Gloriam
3457 5259 3626 5296 meam
3658 5261 3688 5297 a
3718 5263 3804 5301 me

550 5334 712 5392 potu;
748 5337 864 5374 nam
897 5321 1066 5374 adhuc
1093 5322 1144 5374 in
1175 5335 1267 5374 sua
1298 5322 1474 5376 radice
1503 5325 1743 5378 consistit
1767 5365 1780 5389 ,
1813 5341 1910 5381 nec
1931 5327 2116 5381 deme-

552 5424 688 5466 tetur
708 5453 720 5472 ,
750 5421 802 5465 et
827 5421 1106 5477 antequam
1135 5409 1287 5464 cadat
1316 5410 1477 5465 herba
1506 5413 1787 5468 siccabitur
1819 5435 1830 5469 :
1859 5417 1936 5469 sic
1961 5426 2118 5470 erunt

552 5504 830 5557 novissima
855 5503 1027 5554 omnia
1051 5515 1254 5566 eorum,
1276 5501 1364 5570 qui
1388 5501 1768 5559 obliviscuntur
1796 5507 1885 5561 Dei
1915 5527 1932 5557 ι
1953 5506 2110 5577 (Ibid.

551 5607 596 5646 ν.
625 5594 680 5645 ll
717 5591 855 5659 43).

622 5681 793 5735 I‘rima
840 5678 1112 5748 responsio
1141 5677 1257 5732 Jobi
1302 5678 1365 5730 ad
1410 5679 1694 5736 Baldadum
1727 5701 1738 5736 :
1779 5703 1796 5734 i
1839 5685 1971 5741 Vere
2001 5689 2112 5742 scio

2223 5329 2435 5383 abstulit
2460 5370 2475 5393 ,
2502 5343 2750 5380 coronam
2779 5328 2991 5391 sustulit
3019 5329 3084 5382 de
3113 5330 3281 5397 capite
3313 5346 3430 5382 meo
3461 5372 3481 5393 ,
3508 5341 3563 5384 et
3599 5336 3800 5390 excidit

2225 5425 2490 5486 tamquam
2519 5415 2761 5468 arborem
2793 5430 2942 5484 spem
2969 5433 3158 5470 meam.
3194 5437 3210 5466 ι
3237 5418 3363 5470 [tem
3393 5419 3519 5472 illud
3545 5438 3558 5472 :
3592 5440 3608 5472 ι
3641 5425 3684 5476 Α
3714 5441 3799 5480 me

2224 5507 2412 5561 fratres
2457 5507 2556 5559 mei
2602 5515 2968 5570 recesserunt,
3013 5506 3216 5558 alienos
3257 5521 3587 5575 agnoverunt
3630 5517 3800 5583 magis

2223 5613 2376 5666 quatn
2406 5612 2489 5649 me
2519 5611 2530 5646 :
2561 5595 2712 5648 amici
2741 5610 2867 5648 vero
2895 5596 2996 5648 mei
3027 5595 3470 5651 immisericorch
3498 5598 3618 5654 facti
3651 5615 3792 5656 sunt.

2224 5691 2444 5743 Servum
2476 5703 2648 5741 meum
2674 5685 2885 5750 vocavi,
2915 5692 2966 5738 et
2995 5698 3097 5737 non
3126 5687 3396 5754 reSpundit
3424 5705 3437 5741 :
3463 5698 3514 5744 et
3544 5693 3790 5762 rogabam
