  <div class='ocr_page' id='page_1' title='image "/cluster/home/n/w/nwhite01/storage/ocr_20150623/56/ien.35556001660836/362.png"; bbox 0 0 3996 6426; ppageno 0'>
   <div class='ocr_carea' id='block_1_1' title="bbox 205 401 312 453">
    <p class='ocr_par' dir='ltr' id='par_1_1' title="bbox 205 401 312 453">
     <span class='ocr_line' id='line_1_1' title="bbox 205 401 312 453; baseline 0 0"><span class='ocrx_word' id='word_1_1' title='bbox 205 401 312 453; x_wconf 82' lang='lat'><strong>363</strong></span> 
     </span>
    </p>
   </div>
   <div class='ocr_carea' id='block_1_2' title="bbox 191 503 1738 581">
    <p class='ocr_par' dir='ltr' id='par_1_2' title="bbox 191 503 1738 581">
     <span class='ocr_line' id='line_1_2' title="bbox 191 503 1738 581; baseline 0.002 -21"><span class='ocrx_word' id='word_1_2' title='bbox 191 503 311 560; x_wconf 72' lang='grc' dir='ltr'><strong>ϐίαν</strong></span> <span class='ocrx_word' id='word_1_3' title='bbox 354 507 385 559; x_wconf 82' lang='grc'>6</span> <span class='ocrx_word' id='word_1_4' title='bbox 418 506 612 576; x_wconf 83' lang='grc' dir='ltr'><strong>Κύριος</strong></span> <span class='ocrx_word' id='word_1_5' title='bbox 645 509 726 577; x_wconf 67' lang='grc' dir='ltr'><strong>τᾷ</strong></span> <span class='ocrx_word' id='word_1_6' title='bbox 759 510 1006 576; x_wconf 87' lang='grc' dir='ltr'><strong>διαϐόλῳ,</strong></span> <span class='ocrx_word' id='word_1_7' title='bbox 1053 512 1362 564; x_wconf 84' lang='grc' dir='ltr'><strong>πάντα-ὅσα</strong></span> <span class='ocrx_word' id='word_1_8' title='bbox 1395 509 1462 581; x_wconf 85' lang='grc' dir='ltr'><strong>ἦν</strong></span> <span class='ocrx_word' id='word_1_9' title='bbox 1494 512 1568 580; x_wconf 78' lang='grc' dir='ltr'><strong>τῷ</strong></span> <span class='ocrx_word' id='word_1_10' title='bbox 1600 513 1738 578; x_wconf 85' lang='grc' dir='ltr'><strong>Ἰὼϐ,</strong></span> 
     </span>
    </p>
   </div>
   <div class='ocr_carea' id='block_1_3' title="bbox 188 592 1741 665">
    <p class='ocr_par' dir='ltr' id='par_1_3' title="bbox 188 592 1741 665">
     <span class='ocr_line' id='line_1_3' title="bbox 188 592 1741 665; baseline 0.005 -24"><span class='ocrx_word' id='word_1_11' title='bbox 188 592 346 652; x_wconf 74' lang='grc' dir='ltr'><strong>ἐκτὸς</strong></span> <span class='ocrx_word' id='word_1_12' title='bbox 372 593 538 644; x_wconf 75' lang='grc' dir='ltr'><strong>αὑτοῦ</strong></span> <span class='ocrx_word' id='word_1_13' title='bbox 577 595 754 661; x_wconf 88' lang='grc' dir='ltr'><strong>μόνου.</strong></span> <span class='ocrx_word' id='word_1_14' title='bbox 795 597 1012 665; x_wconf 84' lang='grc' dir='ltr'><strong>Πρῶτον</strong></span> <span class='ocrx_word' id='word_1_15' title='bbox 1032 597 1433 662; x_wconf 75' lang='grc' dir='ltr'><strong>εὐαγγελίζεται</strong></span> <span class='ocrx_word' id='word_1_16' title='bbox 1452 600 1479 649; x_wconf 88' lang='lat'><strong>6</strong></span> <span class='ocrx_word' id='word_1_17' title='bbox 1502 598 1741 660; x_wconf 86' lang='grc' dir='ltr'><strong>διάϐολος</strong></span> 
     </span>
    </p>
   </div>
   <div class='ocr_carea' id='block_1_4' title="bbox 187 676 1739 749">
    <p class='ocr_par' dir='ltr' id='par_1_4' title="bbox 187 676 1739 749">
     <span class='ocr_line' id='line_1_4' title="bbox 187 676 1739 749; baseline 0.005 -23"><span class='ocrx_word' id='word_1_18' title='bbox 187 676 259 744; x_wconf 84' lang='grc' dir='ltr'><strong>τῷ</strong></span> <span class='ocrx_word' id='word_1_19' title='bbox 298 676 418 728; x_wconf 97' lang='grc' dir='ltr'><strong>Ἰὼϐ</strong></span> <span class='ocrx_word' id='word_1_20' title='bbox 452 680 578 746; x_wconf 75' lang='grc' dir='ltr'><strong>περὶ</strong></span> <span class='ocrx_word' id='word_1_21' title='bbox 613 681 712 748; x_wconf 79' lang='grc' dir='ltr'><strong>τῆς</strong></span> <span class='ocrx_word' id='word_1_22' title='bbox 751 682 1120 749; x_wconf 82' lang='grc' dir='ltr'><strong>αἰχμαλωσίας</strong></span> <span class='ocrx_word' id='word_1_23' title='bbox 1157 682 1263 733; x_wconf 85' lang='grc' dir='ltr'><strong>τῶν</strong></span> <span class='ocrx_word' id='word_1_24' title='bbox 1310 683 1485 733; x_wconf 82' lang='grc' dir='ltr'><strong>ἵππων</strong></span> <span class='ocrx_word' id='word_1_25' title='bbox 1510 684 1601 734; x_wconf 75' lang='grc' dir='ltr'><strong>καὶ</strong></span> <span class='ocrx_word' id='word_1_26' title='bbox 1635 683 1739 734; x_wconf 84' lang='grc' dir='ltr'><strong>τῶν</strong></span> 
     </span>
    </p>
   </div>
   <div class='ocr_carea' id='block_1_5' title="bbox 187 760 1738 834">
    <p class='ocr_par' dir='ltr' id='par_1_5' title="bbox 187 760 1738 834">
     <span class='ocr_line' id='line_1_5' title="bbox 187 760 1738 834; baseline 0.006 -23"><span class='ocrx_word' id='word_1_27' title='bbox 187 760 336 823; x_wconf 76' lang='grc' dir='ltr'><strong>ὖνων,</strong></span> <span class='ocrx_word' id='word_1_28' title='bbox 365 763 460 813; x_wconf 76' lang='grc' dir='ltr'><strong>καὶ</strong></span> <span class='ocrx_word' id='word_1_29' title='bbox 503 763 596 814; x_wconf 84' lang='grc' dir='ltr'><strong>τοῦ</strong></span> <span class='ocrx_word' id='word_1_30' title='bbox 625 766 909 834; x_wconf 79' lang='grc' dir='ltr'><strong>παταγμοῦ</strong></span> <span class='ocrx_word' id='word_1_31' title='bbox 951 765 1058 816; x_wconf 82' lang='grc' dir='ltr'><strong>τῶν</strong></span> <span class='ocrx_word' id='word_1_32' title='bbox 1091 767 1310 818; x_wconf 83' lang='grc' dir='ltr'><strong>παίδων.</strong></span> <span class='ocrx_word' id='word_1_33' title='bbox 1345 767 1476 834; x_wconf 78' lang='grc' dir='ltr'><strong>Περὶ</strong></span> <span class='ocrx_word' id='word_1_34' title='bbox 1498 767 1588 818; x_wconf 78' lang='grc' dir='ltr'><strong>τοῦ</strong></span> <span class='ocrx_word' id='word_1_35' title='bbox 1619 768 1738 820; x_wconf 70' lang='lat' dir='ltr'><strong>63v-</strong></span> 
     </span>
    </p>
   </div>
   <div class='ocr_carea' id='block_1_6' title="bbox 187 846 1736 918">
    <p class='ocr_par' dir='ltr' id='par_1_6' title="bbox 187 846 1736 918">
     <span class='ocr_line' id='line_1_6' title="bbox 187 846 1736 918; baseline 0.006 -24"><span class='ocrx_word' id='word_1_36' title='bbox 187 846 338 913; x_wconf 83' lang='grc' dir='ltr'><strong>τέρου</strong></span> <span class='ocrx_word' id='word_1_37' title='bbox 364 849 616 913; x_wconf 79' lang='grc' dir='ltr'><strong>ἀγγέλου,</strong></span> <span class='ocrx_word' id='word_1_38' title='bbox 643 851 700 910; x_wconf 87' lang='lat'><strong><em>6;</em></strong></span> <span class='ocrx_word' id='word_1_39' title='bbox 723 847 839 902; x_wconf 77' lang='grc' dir='ltr'><strong>εἷπε</strong></span> <span class='ocrx_word' id='word_1_40' title='bbox 866 851 998 917; x_wconf 81' lang='grc' dir='ltr'><strong>πρὸς</strong></span> <span class='ocrx_word' id='word_1_41' title='bbox 1033 851 1170 901; x_wconf 88' lang='grc' dir='ltr'><strong>Ἰώϐ⁸</strong></span> <span class='ocrx_word' id='word_1_42' title='bbox 1201 851 1625 918; x_wconf 82' lang='grc' dir='ltr'><strong>Ἐμπεπύρισταί</strong></span> <span class='ocrx_word' id='word_1_43' title='bbox 1646 870 1736 905; x_wconf 91' lang='grc' dir='ltr'><strong>σου</strong></span> 
     </span>
    </p>
   </div>
   <div class='ocr_carea' id='block_1_7' title="bbox 187 931 1736 1006">
    <p class='ocr_par' dir='ltr' id='par_1_7' title="bbox 187 931 1736 1006">
     <span class='ocr_line' id='line_1_7' title="bbox 187 931 1736 1006; baseline 0.005 -24"><span class='ocrx_word' id='word_1_44' title='bbox 187 931 249 982; x_wconf 79' lang='grc' dir='ltr'><strong>τὰ</strong></span> <span class='ocrx_word' id='word_1_45' title='bbox 271 934 539 999; x_wconf 80' lang='grc' dir='ltr'><strong>πρόϐατα,</strong></span> <span class='ocrx_word' id='word_1_46' title='bbox 555 938 646 987; x_wconf 73' lang='grc' dir='ltr'><strong>καὶ</strong></span> <span class='ocrx_word' id='word_1_47' title='bbox 665 938 713 987; x_wconf 83' lang='grc' dir='ltr'><strong>οἰ</strong></span> <span class='ocrx_word' id='word_1_48' title='bbox 730 937 1098 1003; x_wconf 83' lang='grc' dir='ltr'><strong>ποιμαίνοντες</strong></span> <span class='ocrx_word' id='word_1_49' title='bbox 1121 937 1276 988; x_wconf 79' lang='grc' dir='ltr'><strong>αὑτά.</strong></span> <span class='ocrx_word' id='word_1_50' title='bbox 1299 938 1429 1006; x_wconf 77' lang='grc' dir='ltr'><strong>Περὶ</strong></span> <span class='ocrx_word' id='word_1_51' title='bbox 1451 937 1539 988; x_wconf 83' lang='grc' dir='ltr'><strong>τοῦ</strong></span> <span class='ocrx_word' id='word_1_52' title='bbox 1556 938 1736 1006; x_wconf 84' lang='grc' dir='ltr'><strong>τρίτου</strong></span> 
     </span>
    </p>
   </div>
   <div class='ocr_carea' id='block_1_8' title="bbox 189 1016 1736 1090">
    <p class='ocr_par' dir='ltr' id='par_1_8' title="bbox 189 1016 1736 1090">
     <span class='ocr_line' id='line_1_8' title="bbox 189 1016 1736 1090; baseline 0.005 -25"><span class='ocrx_word' id='word_1_53' title='bbox 189 1016 440 1080; x_wconf 75' lang='grc' dir='ltr'><strong>ἀγγέλου,</strong></span> <span class='ocrx_word' id='word_1_54' title='bbox 483 1019 539 1079; x_wconf 86' lang='lat'><strong><em>6;</em></strong></span> <span class='ocrx_word' id='word_1_55' title='bbox 577 1016 694 1069; x_wconf 82' lang='grc' dir='ltr'><strong>εἷπε</strong></span> <span class='ocrx_word' id='word_1_56' title='bbox 743 1021 876 1088; x_wconf 84' lang='grc' dir='ltr'><strong>πρὸς</strong></span> <span class='ocrx_word' id='word_1_57' title='bbox 916 1019 1032 1070; x_wconf 87' lang='grc' dir='ltr'><strong>Ἰὼϐ</strong></span> <span class='ocrx_word' id='word_1_58' title='bbox 1063 1021 1190 1090; x_wconf 77' lang='grc' dir='ltr'><strong>περὶ</strong></span> <span class='ocrx_word' id='word_1_59' title='bbox 1223 1023 1320 1089; x_wconf 78' lang='grc' dir='ltr'><strong>τῆς</strong></span> <span class='ocrx_word' id='word_1_60' title='bbox 1370 1021 1736 1089; x_wconf 77' lang='grc' dir='ltr'><strong>αἰχμαλωσίας</strong></span> 
     </span>
    </p>
   </div>
   <div class='ocr_carea' id='block_1_9' title="bbox 188 1098 1738 1175">
    <p class='ocr_par' dir='ltr' id='par_1_9' title="bbox 188 1098 1738 1175">
     <span class='ocr_line' id='line_1_9' title="bbox 188 1098 1738 1175; baseline 0.005 -26"><span class='ocrx_word' id='word_1_61' title='bbox 188 1098 288 1150; x_wconf 83' lang='grc' dir='ltr'><strong>τῶν</strong></span> <span class='ocrx_word' id='word_1_62' title='bbox 321 1103 581 1170; x_wconf 80' lang='grc' dir='ltr'><strong>καμήλων</strong></span> <span class='ocrx_word' id='word_1_63' title='bbox 604 1103 694 1154; x_wconf 75' lang='grc' dir='ltr'><strong>καὶ</strong></span> <span class='ocrx_word' id='word_1_64' title='bbox 717 1103 808 1154; x_wconf 82' lang='grc' dir='ltr'><strong>τοῦ</strong></span> <span class='ocrx_word' id='word_1_65' title='bbox 833 1103 1119 1172; x_wconf 84' lang='grc' dir='ltr'><strong>παταγμοῦ</strong></span> <span class='ocrx_word' id='word_1_66' title='bbox 1148 1105 1254 1155; x_wconf 82' lang='grc' dir='ltr'><strong>τῶν</strong></span> <span class='ocrx_word' id='word_1_67' title='bbox 1291 1106 1510 1156; x_wconf 89' lang='grc' dir='ltr'><strong>παίδων.</strong></span> <span class='ocrx_word' id='word_1_68' title='bbox 1540 1106 1738 1175; x_wconf 87' lang='grc' dir='ltr'><strong>Τέταρ-</strong></span> 
     </span>
    </p>
   </div>
   <div class='ocr_carea' id='block_1_10' title="bbox 187 1186 1732 1258">
    <p class='ocr_par' dir='ltr' id='par_1_10' title="bbox 187 1186 1732 1258">
     <span class='ocr_line' id='line_1_10' title="bbox 187 1186 1732 1258; baseline 0.005 -24"><span class='ocrx_word' id='word_1_69' title='bbox 187 1199 273 1245; x_wconf 88' lang='grc' dir='ltr'><strong>τος</strong></span> <span class='ocrx_word' id='word_1_70' title='bbox 309 1186 535 1253; x_wconf 77' lang='grc' dir='ltr'><strong>ἄγγελος</strong></span> <span class='ocrx_word' id='word_1_71' title='bbox 579 1187 792 1256; x_wconf 78' lang='grc' dir='ltr'><strong>ἔρχεται</strong></span> <span class='ocrx_word' id='word_1_72' title='bbox 831 1187 964 1256; x_wconf 83' lang='grc' dir='ltr'><strong>πρὸς</strong></span> <span class='ocrx_word' id='word_1_73' title='bbox 997 1190 1186 1251; x_wconf 84' lang='grc' dir='ltr'><strong>αὑτὸν,</strong></span> <span class='ocrx_word' id='word_1_74' title='bbox 1227 1190 1304 1241; x_wconf 84' lang='grc' dir='ltr'><strong>ὅτι</strong></span> <span class='ocrx_word' id='word_1_75' title='bbox 1349 1190 1666 1258; x_wconf 81' lang='grc' dir='ltr'><strong>Συνεπτώθη</strong></span> <span class='ocrx_word' id='word_1_76' title='bbox 1700 1194 1732 1258; x_wconf 81' lang='grc' dir='ltr'>ἡ</span> 
     </span>
    </p>
   </div>
   <div class='ocr_carea' id='block_1_11' title="bbox 187 1271 1735 1341">
    <p class='ocr_par' dir='ltr' id='par_1_11' title="bbox 187 1271 1735 1341">
     <span class='ocr_line' id='line_1_11' title="bbox 187 1271 1735 1341; baseline 0.005 -21"><span class='ocrx_word' id='word_1_77' title='bbox 187 1271 345 1333; x_wconf 79' lang='grc' dir='ltr'><strong>οἰκία,</strong></span> <span class='ocrx_word' id='word_1_78' title='bbox 381 1274 472 1324; x_wconf 78' lang='grc' dir='ltr'><strong>καὶ</strong></span> <span class='ocrx_word' id='word_1_79' title='bbox 500 1273 909 1341; x_wconf 84' lang='grc' dir='ltr'><strong>ὲοανα’τώθησαν</strong></span> <span class='ocrx_word' id='word_1_80' title='bbox 931 1274 1126 1336; x_wconf 83' lang='grc' dir='ltr'><strong>πάντες</strong></span> <span class='ocrx_word' id='word_1_81' title='bbox 1151 1277 1196 1325; x_wconf 84' lang='grc' dir='ltr'><strong>οἰ</strong></span> <span class='ocrx_word' id='word_1_82' title='bbox 1230 1276 1334 1326; x_wconf 78' lang='grc' dir='ltr'><strong>υἰοί</strong></span> <span class='ocrx_word' id='word_1_83' title='bbox 1355 1293 1465 1328; x_wconf 93' lang='grc' dir='ltr'><strong>σου.</strong></span> <span class='ocrx_word' id='word_1_84' title='bbox 1497 1276 1584 1328; x_wconf 83' lang='grc' dir='ltr'><strong>Ἐν</strong></span> <span class='ocrx_word' id='word_1_85' title='bbox 1605 1277 1735 1328; x_wconf 78' lang='grc' dir='ltr'><strong>πᾶσι</strong></span> 
     </span>
    </p>
   </div>
   <div class='ocr_carea' id='block_1_12' title="bbox 186 1355 1735 1430">
    <p class='ocr_par' dir='ltr' id='par_1_12' title="bbox 186 1355 1735 1430">
     <span class='ocr_line' id='line_1_12' title="bbox 186 1355 1735 1430; baseline 0.005 -25"><span class='ocrx_word' id='word_1_86' title='bbox 186 1355 392 1418; x_wconf 80' lang='grc' dir='ltr'><strong>τούτοις</strong></span> <span class='ocrx_word' id='word_1_87' title='bbox 425 1361 536 1417; x_wconf 83' lang='grc' dir='ltr'><strong>τοῖς</strong></span> <span class='ocrx_word' id='word_1_88' title='bbox 563 1358 961 1427; x_wconf 89' lang='grc' dir='ltr'><strong>συμϐεϐηκόσιν</strong></span> <span class='ocrx_word' id='word_1_89' title='bbox 999 1359 1176 1427; x_wconf 83' lang='grc' dir='ltr'><strong>αὐτῷ,</strong></span> <span class='ocrx_word' id='word_1_90' title='bbox 1215 1361 1335 1411; x_wconf 79' lang='grc' dir='ltr'><strong>οὐδὲ</strong></span> <span class='ocrx_word' id='word_1_91' title='bbox 1367 1361 1576 1430; x_wconf 75' lang='grc' dir='ltr'><strong>ἥμαρτε</strong></span> <span class='ocrx_word' id='word_1_92' title='bbox 1617 1360 1735 1412; x_wconf 89' lang='grc' dir='ltr'><strong>Ἰὼϐ</strong></span> 
     </span>
    </p>
   </div>
   <div class='ocr_carea' id='block_1_13' title="bbox 188 1440 1732 1514">
    <p class='ocr_par' dir='ltr' id='par_1_13' title="bbox 188 1440 1732 1514">
     <span class='ocr_line' id='line_1_13' title="bbox 188 1440 1732 1514; baseline 0.005 -25"><span class='ocrx_word' id='word_1_93' title='bbox 188 1440 426 1492; x_wconf 66' lang='grc' dir='ltr'><strong>ἐναντίον</strong></span> <span class='ocrx_word' id='word_1_94' title='bbox 449 1444 673 1510; x_wconf 81' lang='grc' dir='ltr'><strong>Κυρίου.</strong></span> <span class='ocrx_word' id='word_1_95' title='bbox 716 1444 821 1495; x_wconf 78' lang='grc' dir='ltr'><strong>Καὶ</strong></span> <span class='ocrx_word' id='word_1_96' title='bbox 852 1444 1076 1512; x_wconf 88' lang='grc' dir='ltr'><strong>δευτέρα</strong></span> <span class='ocrx_word' id='word_1_97' title='bbox 1117 1445 1387 1514; x_wconf 80' lang='grc' dir='ltr'><strong>μαρτυρία</strong></span> <span class='ocrx_word' id='word_1_98' title='bbox 1410 1445 1500 1496; x_wconf 84' lang='grc' dir='ltr'><strong>τοῦ</strong></span> <span class='ocrx_word' id='word_1_99' title='bbox 1532 1446 1732 1514; x_wconf 82' lang='grc' dir='ltr'>Κυρίου</span> 
     </span>
    </p>
   </div>
   <div class='ocr_carea' id='block_1_14' title="bbox 186 1525 1734 1596">
    <p class='ocr_par' dir='ltr' id='par_1_14' title="bbox 186 1525 1734 1596">
     <span class='ocr_line' id='line_1_14' title="bbox 186 1525 1734 1596; baseline 0.005 -22"><span class='ocrx_word' id='word_1_100' title='bbox 186 1525 316 1592; x_wconf 83' lang='grc' dir='ltr'><strong>πρὸς</strong></span> <span class='ocrx_word' id='word_1_101' title='bbox 341 1527 432 1576; x_wconf 77' lang='grc' dir='ltr'><strong>τὸν</strong></span> <span class='ocrx_word' id='word_1_102' title='bbox 462 1526 719 1591; x_wconf 77' lang='grc' dir='ltr'><strong>διάϐολον,</strong></span> <span class='ocrx_word' id='word_1_103' title='bbox 761 1530 1170 1596; x_wconf 76' lang='grc' dir='ltr'><strong>ὲγκωμιάζουσα</strong></span> <span class='ocrx_word' id='word_1_104' title='bbox 1198 1529 1287 1580; x_wconf 84' lang='grc' dir='ltr'><strong>τὸν</strong></span> <span class='ocrx_word' id='word_1_105' title='bbox 1327 1529 1462 1590; x_wconf 90' lang='grc' dir='ltr'><strong>Ἰὼϐ,</strong></span> <span class='ocrx_word' id='word_1_106' title='bbox 1492 1532 1584 1581; x_wconf 72' lang='grc' dir='ltr'><strong>καὶ</strong></span> <span class='ocrx_word' id='word_1_107' title='bbox 1617 1531 1734 1581; x_wconf 89' lang='grc' dir='ltr'><strong>δευ-</strong></span> 
     </span>
    </p>
   </div>
   <div class='ocr_carea' id='block_1_15' title="bbox 186 1610 1733 1684">
    <p class='ocr_par' dir='ltr' id='par_1_15' title="bbox 186 1610 1733 1684">
     <span class='ocr_line' id='line_1_15' title="bbox 186 1610 1733 1684; baseline 0.006 -26"><span class='ocrx_word' id='word_1_108' title='bbox 186 1610 310 1676; x_wconf 82' lang='grc' dir='ltr'><strong>τέρα</strong></span> <span class='ocrx_word' id='word_1_109' title='bbox 345 1610 661 1678; x_wconf 81' lang='grc' dir='ltr'><strong>φθονολογία</strong></span> <span class='ocrx_word' id='word_1_110' title='bbox 691 1612 781 1664; x_wconf 83' lang='lat'><strong>106</strong></span> <span class='ocrx_word' id='word_1_111' title='bbox 837 1613 1078 1666; x_wconf 86' lang='grc' dir='ltr'><strong>διαϐόλου</strong></span> <span class='ocrx_word' id='word_1_112' title='bbox 1111 1617 1234 1683; x_wconf 75' lang='grc' dir='ltr'><strong>περὶ</strong></span> <span class='ocrx_word' id='word_1_113' title='bbox 1299 1615 1418 1666; x_wconf 89' lang='grc' dir='ltr'><strong>Ἰὼϐ</strong></span> <span class='ocrx_word' id='word_1_114' title='bbox 1459 1616 1591 1684; x_wconf 88' lang='grc' dir='ltr'><strong>πρὸς</strong></span> <span class='ocrx_word' id='word_1_115' title='bbox 1642 1615 1733 1668; x_wconf 85' lang='grc' dir='ltr'><strong>τὸν</strong></span> 
     </span>
    </p>
   </div>
   <div class='ocr_carea' id='block_1_16' title="bbox 187 1694 1731 1769">
    <p class='ocr_par' dir='ltr' id='par_1_16' title="bbox 187 1694 1731 1769">
     <span class='ocr_line' id='line_1_16' title="bbox 187 1694 1731 1769; baseline 0.004 -25"><span class='ocrx_word' id='word_1_116' title='bbox 187 1694 404 1763; x_wconf 76' lang='grc' dir='ltr'><strong>Κύριον.</strong></span> <span class='ocrx_word' id='word_1_117' title='bbox 432 1696 542 1748; x_wconf 77' lang='grc' dir='ltr'><strong>Καὶ</strong></span> <span class='ocrx_word' id='word_1_118' title='bbox 570 1695 643 1758; x_wconf 85' lang='grc' dir='ltr'><strong>ὼς</strong></span> <span class='ocrx_word' id='word_1_119' title='bbox 668 1696 890 1749; x_wconf 84' lang='grc' dir='ltr'><strong>ἀπέδοτο</strong></span> <span class='ocrx_word' id='word_1_120' title='bbox 935 1698 1131 1769; x_wconf 84' lang='grc' dir='ltr'><strong>Κύριος</strong></span> <span class='ocrx_word' id='word_1_121' title='bbox 1167 1700 1256 1750; x_wconf 83' lang='grc' dir='ltr'><strong>τὸν</strong></span> <span class='ocrx_word' id='word_1_122' title='bbox 1291 1699 1430 1763; x_wconf 87' lang='grc' dir='ltr'><strong>Ἰὼϐ,</strong></span> <span class='ocrx_word' id='word_1_123' title='bbox 1473 1700 1731 1766; x_wconf 85' lang='grc' dir='ltr'><strong>φυλαττο-</strong></span> 
     </span>
    </p>
   </div>
   <div class='ocr_carea' id='block_1_17' title="bbox 187 1779 1733 1848">
    <p class='ocr_par' dir='ltr' id='par_1_17' title="bbox 187 1779 1733 1848">
     <span class='ocr_line' id='line_1_17' title="bbox 187 1779 1733 1848; baseline 0.003 -20"><span class='ocrx_word' id='word_1_124' title='bbox 187 1779 348 1846; x_wconf 85' lang='grc' dir='ltr'><strong>μένης</strong></span> <span class='ocrx_word' id='word_1_125' title='bbox 368 1781 468 1847; x_wconf 80' lang='grc' dir='ltr'><strong>τῆς</strong></span> <span class='ocrx_word' id='word_1_126' title='bbox 493 1781 688 1848; x_wconf 75' lang='grc' dir='ltr'><strong>ψυχῆς.</strong></span> <span class='ocrx_word' id='word_1_127' title='bbox 727 1780 981 1844; x_wconf 83' lang='grc' dir='ltr'><strong>Ἐξελθὼν</strong></span> <span class='ocrx_word' id='word_1_128' title='bbox 1013 1782 1068 1834; x_wconf 87' lang='grc' dir='ltr'><strong>δὲ</strong></span> <span class='ocrx_word' id='word_1_129' title='bbox 1097 1785 1124 1834; x_wconf 96' lang='lat'><strong>6</strong></span> <span class='ocrx_word' id='word_1_130' title='bbox 1163 1783 1402 1845; x_wconf 84' lang='grc' dir='ltr'><strong>διάϐολος</strong></span> <span class='ocrx_word' id='word_1_131' title='bbox 1429 1783 1615 1833; x_wconf 77' lang='grc' dir='ltr'><strong>ἔπαισε</strong></span> <span class='ocrx_word' id='word_1_132' title='bbox 1644 1783 1733 1833; x_wconf 77' lang='grc' dir='ltr'><strong>τὸν</strong></span> 
     </span>
    </p>
   </div>
   <div class='ocr_carea' id='block_1_18' title="bbox 196 1863 1733 1935">
    <p class='ocr_par' dir='ltr' id='par_1_18' title="bbox 196 1863 1733 1935">
     <span class='ocr_line' id='line_1_18' title="bbox 196 1863 1733 1935; baseline 0.003 -22"><span class='ocrx_word' id='word_1_133' title='bbox 196 1863 310 1914; x_wconf 86' lang='grc' dir='ltr'><strong>Ἰὼϐ</strong></span> <span class='ocrx_word' id='word_1_134' title='bbox 331 1865 438 1916; x_wconf 77' lang='grc' dir='ltr'><strong>ἀπὸ</strong></span> <span class='ocrx_word' id='word_1_135' title='bbox 466 1865 638 1916; x_wconf 83' lang='grc' dir='ltr'>ποδῶν</span> <span class='ocrx_word' id='word_1_136' title='bbox 675 1867 776 1927; x_wconf 77' lang='grc' dir='ltr'><strong>ἕως</strong></span> <span class='ocrx_word' id='word_1_137' title='bbox 801 1867 1055 1935; x_wconf 81' lang='grc' dir='ltr'><strong>κεφαλῆς.</strong></span> <span class='ocrx_word' id='word_1_138' title='bbox 1088 1869 1193 1919; x_wconf 71' lang='grc' dir='ltr'><strong>Καὶ</strong></span> <span class='ocrx_word' id='word_1_139' title='bbox 1224 1868 1449 1929; x_wconf 80' lang='grc' dir='ltr'><strong>καθίσας</strong></span> <span class='ocrx_word' id='word_1_140' title='bbox 1491 1867 1609 1919; x_wconf 81' lang='grc' dir='ltr'><strong>Ἰὼϐ</strong></span> <span class='ocrx_word' id='word_1_141' title='bbox 1643 1867 1733 1918; x_wconf 78' lang='grc' dir='ltr'><strong>ἐπὶ</strong></span> 
     </span>
    </p>
   </div>
   <div class='ocr_carea' id='block_1_19' title="bbox 184 1951 1730 2022">
    <p class='ocr_par' dir='ltr' id='par_1_19' title="bbox 184 1951 1730 2022">
     <span class='ocr_line' id='line_1_19' title="bbox 184 1951 1730 2022; baseline 0.003 -22"><span class='ocrx_word' id='word_1_142' title='bbox 184 1951 278 2016; x_wconf 76' lang='grc' dir='ltr'><strong>τῆς</strong></span> <span class='ocrx_word' id='word_1_143' title='bbox 325 1951 558 2017; x_wconf 87' lang='grc' dir='ltr'><strong>κοπρίας</strong></span> <span class='ocrx_word' id='word_1_144' title='bbox 589 1951 701 2013; x_wconf 78' lang='grc' dir='ltr'><strong>ἔξεε</strong></span> <span class='ocrx_word' id='word_1_145' title='bbox 726 1953 814 2004; x_wconf 75' lang='grc' dir='ltr'><strong>τὸν</strong></span> <span class='ocrx_word' id='word_1_146' title='bbox 851 1953 1037 2022; x_wconf 86' lang='grc' dir='ltr'><strong>ἰχῶρα.</strong></span> <span class='ocrx_word' id='word_1_147' title='bbox 1076 1952 1400 2004; x_wconf 84' lang='grc' dir='ltr'><strong>Ἐντέλλεται</strong></span> <span class='ocrx_word' id='word_1_148' title='bbox 1429 1953 1504 2021; x_wconf 83' lang='grc' dir='ltr'><strong>τῷ</strong></span> <span class='ocrx_word' id='word_1_149' title='bbox 1537 1951 1655 2004; x_wconf 89' lang='grc' dir='ltr'><strong>Ἰὼϐ</strong></span> <span class='ocrx_word' id='word_1_150' title='bbox 1698 1954 1730 2022; x_wconf 83' lang='grc' dir='ltr'>ὴ</span> 
     </span>
    </p>
   </div>
   <div class='ocr_carea' id='block_1_20' title="bbox 184 2036 1733 2108">
    <p class='ocr_par' dir='ltr' id='par_1_20' title="bbox 184 2036 1733 2108">
     <span class='ocr_line' id='line_1_20' title="bbox 184 2036 1733 2108; baseline 0.003 -22"><span class='ocrx_word' id='word_1_151' title='bbox 184 2037 314 2105; x_wconf 77' lang='grc' dir='ltr'><strong>γυνὴ</strong></span> <span class='ocrx_word' id='word_1_152' title='bbox 359 2036 525 2088; x_wconf 84' lang='grc' dir='ltr'><strong>αὑτοῦ</strong></span> <span class='ocrx_word' id='word_1_153' title='bbox 571 2037 739 2089; x_wconf 85' lang='grc' dir='ltr'><strong>εἰπεῖν</strong></span> <span class='ocrx_word' id='word_1_154' title='bbox 777 2039 855 2098; x_wconf 89' lang='grc' dir='ltr'><strong>εἰς</strong></span> <span class='ocrx_word' id='word_1_155' title='bbox 893 2039 1113 2108; x_wconf 84' lang='grc' dir='ltr'><strong>Κύριον,</strong></span> <span class='ocrx_word' id='word_1_156' title='bbox 1143 2041 1234 2091; x_wconf 77' lang='grc' dir='ltr'><strong>καὶ</strong></span> <span class='ocrx_word' id='word_1_157' title='bbox 1264 2039 1611 2107; x_wconf 75' lang='grc' dir='ltr'><strong>τελευτῆσαι·</strong></span> <span class='ocrx_word' id='word_1_158' title='bbox 1642 2040 1733 2090; x_wconf 70' lang='grc' dir='ltr'><strong>καὶ</strong></span> 
     </span>
    </p>
   </div>
   <div class='ocr_carea' id='block_1_21' title="bbox 184 2123 1728 2194">
    <p class='ocr_par' dir='ltr' id='par_1_21' title="bbox 184 2123 1728 2194">
     <span class='ocr_line' id='line_1_21' title="bbox 184 2123 1728 2194; baseline 0.001 -21"><span class='ocrx_word' id='word_1_159' title='bbox 184 2124 404 2192; x_wconf 71' lang='grc' dir='ltr'><strong>ἐπιτιμᾷ</strong></span> <span class='ocrx_word' id='word_1_160' title='bbox 444 2125 603 2194; x_wconf 83' lang='grc' dir='ltr'><strong>αὐτῇ.</strong></span> <span class='ocrx_word' id='word_1_161' title='bbox 657 2126 923 2177; x_wconf 84' lang='grc' dir='ltr'><strong>Ἤκουσαν</strong></span> <span class='ocrx_word' id='word_1_162' title='bbox 961 2126 1007 2177; x_wconf 87' lang='grc' dir='ltr'><strong>οἰ</strong></span> <span class='ocrx_word' id='word_1_163' title='bbox 1057 2127 1200 2193; x_wconf 83' lang='grc' dir='ltr'><strong>τρεῖς</strong></span> <span class='ocrx_word' id='word_1_164' title='bbox 1265 2125 1401 2191; x_wconf 77' lang='grc' dir='ltr'><strong>φίλοι</strong></span> <span class='ocrx_word' id='word_1_165' title='bbox 1448 2124 1539 2175; x_wconf 81' lang='grc' dir='ltr'><strong>τοῦ</strong></span> <span class='ocrx_word' id='word_1_166' title='bbox 1591 2123 1728 2186; x_wconf 88' lang='grc' dir='ltr'><strong>Ἰὼϐ,</strong></span> 
     </span>
    </p>
   </div>
   <div class='ocr_carea' id='block_1_22' title="bbox 195 2208 1732 2278">
    <p class='ocr_par' dir='ltr' id='par_1_22' title="bbox 195 2208 1732 2278">
     <span class='ocr_line' id='line_1_22' title="bbox 195 2208 1732 2278; baseline 0.001 -20"><span class='ocrx_word' id='word_1_167' title='bbox 195 2208 415 2275; x_wconf 79' lang='grc' dir='ltr'><strong>Ἐλιφὰζ</strong></span> <span class='ocrx_word' id='word_1_168' title='bbox 440 2211 469 2261; x_wconf 92' lang='lat'><strong>6</strong></span> <span class='ocrx_word' id='word_1_169' title='bbox 511 2209 851 2277; x_wconf 88' lang='grc' dir='ltr'><strong>Θαιμανιτῶν</strong></span> <span class='ocrx_word' id='word_1_170' title='bbox 881 2208 1130 2278; x_wconf 83' lang='grc' dir='ltr'><strong>βασιλεὺς</strong></span> <span class='ocrx_word' id='word_1_171' title='bbox 1150 2248 1164 2271; x_wconf 89' lang='grc'><strong>,</strong></span> <span class='ocrx_word' id='word_1_172' title='bbox 1196 2209 1398 2262; x_wconf 75' lang='grc' dir='ltr'><strong>Βαλδὰδ</strong></span> <span class='ocrx_word' id='word_1_173' title='bbox 1426 2211 1453 2261; x_wconf 92' lang='lat'><strong>6</strong></span> <span class='ocrx_word' id='word_1_174' title='bbox 1486 2209 1732 2278; x_wconf 88' lang='grc' dir='ltr'><strong>Σαυχέων</strong></span> 
     </span>
    </p>
   </div>
   <div class='ocr_carea' id='block_1_23' title="bbox 183 2295 1733 2366">
    <p class='ocr_par' dir='ltr' id='par_1_23' title="bbox 183 2295 1733 2366">
     <span class='ocr_line' id='line_1_23' title="bbox 183 2295 1733 2366; baseline -0.001 -19"><span class='ocrx_word' id='word_1_175' title='bbox 183 2296 457 2364; x_wconf 83' lang='grc' dir='ltr'><strong>τύραννος,</strong></span> <span class='ocrx_word' id='word_1_176' title='bbox 509 2297 704 2365; x_wconf 80' lang='grc' dir='ltr'><strong>Σωφὰρ</strong></span> <span class='ocrx_word' id='word_1_177' title='bbox 751 2299 777 2347; x_wconf 89' lang='lat'><strong>6</strong></span> <span class='ocrx_word' id='word_1_178' title='bbox 831 2297 1088 2366; x_wconf 82' lang='grc' dir='ltr'><strong>Μηναίων</strong></span> <span class='ocrx_word' id='word_1_179' title='bbox 1145 2296 1393 2364; x_wconf 74' lang='grc' dir='ltr'><strong>βασιλεὺς</strong></span> <span class='ocrx_word' id='word_1_180' title='bbox 1442 2298 1615 2348; x_wconf 72' lang='grc' dir='ltr'><strong>πάντα</strong></span> <span class='ocrx_word' id='word_1_181' title='bbox 1665 2295 1733 2347; x_wconf 77' lang='grc' dir='ltr'><strong>τὰ</strong></span> 
     </span>
    </p>
   </div>
   <div class='ocr_carea' id='block_1_24' title="bbox 184 2380 1734 2452">
    <p class='ocr_par' dir='ltr' id='par_1_24' title="bbox 184 2380 1734 2452">
     <span class='ocr_line' id='line_1_24' title="bbox 184 2380 1734 2452; baseline -0.001 -18"><span class='ocrx_word' id='word_1_182' title='bbox 184 2381 467 2434; x_wconf 72' lang='grc' dir='ltr'><strong>ιπελθόντα</strong></span> <span class='ocrx_word' id='word_1_183' title='bbox 491 2380 653 2449; x_wconf 83' lang='grc' dir='ltr'><strong>αὐτῷ.</strong></span> <span class='ocrx_word' id='word_1_184' title='bbox 669 2382 773 2434; x_wconf 74' lang='grc' dir='ltr'><strong>Καὶ</strong></span> <span class='ocrx_word' id='word_1_185' title='bbox 794 2382 1147 2450; x_wconf 80' lang='grc' dir='ltr'><strong>παρεγένοντο</strong></span> <span class='ocrx_word' id='word_1_186' title='bbox 1174 2381 1308 2452; x_wconf 79' lang='grc' dir='ltr'><strong>πρὸς</strong></span> <span class='ocrx_word' id='word_1_187' title='bbox 1333 2383 1488 2433; x_wconf 80' lang='grc' dir='ltr'><strong>αὐτὸν</strong></span> <span class='ocrx_word' id='word_1_188' title='bbox 1511 2381 1734 2442; x_wconf 74' lang='grc' dir='ltr'><strong>ἕκαστος</strong></span> 
     </span>
    </p>
   </div>
   <div class='ocr_carea' id='block_1_25' title="bbox 184 2465 1730 2535">
    <p class='ocr_par' dir='ltr' id='par_1_25' title="bbox 184 2465 1730 2535">
     <span class='ocr_line' id='line_1_25' title="bbox 184 2465 1730 2535; baseline -0.001 -19"><span class='ocrx_word' id='word_1_189' title='bbox 184 2467 244 2516; x_wconf 87' lang='grc' dir='ltr'><strong>ὲκ</strong></span> <span class='ocrx_word' id='word_1_190' title='bbox 268 2466 367 2533; x_wconf 82' lang='grc' dir='ltr'><strong>τῆς</strong></span> <span class='ocrx_word' id='word_1_191' title='bbox 399 2466 532 2527; x_wconf 77' lang='grc' dir='ltr'><strong>ἰδίας</strong></span> <span class='ocrx_word' id='word_1_192' title='bbox 562 2465 762 2535; x_wconf 84' lang='grc' dir='ltr'><strong>χώρας,</strong></span> <span class='ocrx_word' id='word_1_193' title='bbox 793 2466 885 2518; x_wconf 84' lang='grc' dir='ltr'><strong>τοῦ</strong></span> <span class='ocrx_word' id='word_1_194' title='bbox 943 2466 1335 2534; x_wconf 68' lang='grc' dir='ltr'><strong>ἐπισκέψασθαι</strong></span> <span class='ocrx_word' id='word_1_195' title='bbox 1393 2467 1579 2526; x_wconf 75' lang='grc' dir='ltr'><strong>αὑτὸν,</strong></span> <span class='ocrx_word' id='word_1_196' title='bbox 1639 2465 1730 2516; x_wconf 74' lang='grc' dir='ltr'><strong>καὶ</strong></span> 
     </span>
    </p>
   </div>
   <div class='ocr_carea' id='block_1_26' title="bbox 183 2550 1731 2622">
    <p class='ocr_par' dir='ltr' id='par_1_26' title="bbox 183 2550 1731 2622">
     <span class='ocr_line' id='line_1_26' title="bbox 183 2550 1731 2622; baseline -0.001 -21"><span class='ocrx_word' id='word_1_197' title='bbox 183 2553 488 2616; x_wconf 71' lang='grc' dir='ltr'><strong>ἐπιγνόντες</strong></span> <span class='ocrx_word' id='word_1_198' title='bbox 519 2553 698 2612; x_wconf 82' lang='grc' dir='ltr'><strong>αὑτὸν,</strong></span> <span class='ocrx_word' id='word_1_199' title='bbox 725 2553 1001 2622; x_wconf 75' lang='grc' dir='ltr'><strong>διέρρηξεν</strong></span> <span class='ocrx_word' id='word_1_200' title='bbox 1022 2554 1246 2615; x_wconf 78' lang='grc' dir='ltr'><strong>ἕκαστος</strong></span> <span class='ocrx_word' id='word_1_201' title='bbox 1282 2550 1377 2619; x_wconf 80' lang='grc' dir='ltr'><strong>τὴν</strong></span> <span class='ocrx_word' id='word_1_202' title='bbox 1417 2550 1605 2620; x_wconf 79' lang='grc' dir='ltr'><strong>στολὴν</strong></span> <span class='ocrx_word' id='word_1_203' title='bbox 1633 2551 1731 2601; x_wconf 87' lang='grc' dir='ltr'><strong>αὑ-</strong></span> 
     </span>
    </p>
   </div>
   <div class='ocr_carea' id='block_1_27' title="bbox 183 2635 1732 2708">
    <p class='ocr_par' dir='ltr' id='par_1_27' title="bbox 183 2635 1732 2708">
     <span class='ocr_line' id='line_1_27' title="bbox 183 2635 1732 2708; baseline -0.001 -18"><span class='ocrx_word' id='word_1_204' title='bbox 183 2637 272 2690; x_wconf 80' lang='grc' dir='ltr'><strong>τοῦ</strong></span> <span class='ocrx_word' id='word_1_205' title='bbox 301 2639 391 2689; x_wconf 75' lang='grc' dir='ltr'><strong>ἐπὶ</strong></span> <span class='ocrx_word' id='word_1_206' title='bbox 417 2637 494 2706; x_wconf 82' lang='grc' dir='ltr'><strong>τῷ</strong></span> <span class='ocrx_word' id='word_1_207' title='bbox 533 2639 708 2690; x_wconf 84' lang='grc' dir='ltr'><strong>πάθει.</strong></span> <span class='ocrx_word' id='word_1_208' title='bbox 737 2638 889 2691; x_wconf 82' lang='grc' dir='ltr'><strong>Μετὰ</strong></span> <span class='ocrx_word' id='word_1_209' title='bbox 918 2639 973 2691; x_wconf 85' lang='grc' dir='ltr'><strong>δὲ</strong></span> <span class='ocrx_word' id='word_1_210' title='bbox 993 2640 1089 2707; x_wconf 80' lang='grc' dir='ltr'><strong>τὴν</strong></span> <span class='ocrx_word' id='word_1_211' title='bbox 1113 2637 1320 2707; x_wconf 85' lang='grc' dir='ltr'><strong>πληγὴν</strong></span> <span class='ocrx_word' id='word_1_212' title='bbox 1353 2637 1562 2708; x_wconf 84' lang='grc' dir='ltr'><strong>πρῶτον</strong></span> <span class='ocrx_word' id='word_1_213' title='bbox 1590 2635 1732 2706; x_wconf 69' lang='grc' dir='ltr'><strong>ἠνοι-</strong></span> 
     </span>
    </p>
   </div>
   <div class='ocr_carea' id='block_1_28' title="bbox 183 2722 1732 2792">
    <p class='ocr_par' dir='ltr' id='par_1_28' title="bbox 183 2722 1732 2792">
     <span class='ocr_line' id='line_1_28' title="bbox 183 2722 1732 2792; baseline 0.001 -19"><span class='ocrx_word' id='word_1_214' title='bbox 183 2723 268 2787; x_wconf 80' lang='grc' dir='ltr'><strong>ξεν</strong></span> <span class='ocrx_word' id='word_1_215' title='bbox 313 2723 431 2774; x_wconf 90' lang='grc' dir='ltr'><strong>Ἰὼϐ</strong></span> <span class='ocrx_word' id='word_1_216' title='bbox 449 2722 507 2775; x_wconf 78' lang='grc' dir='ltr'><strong>τὸ</strong></span> <span class='ocrx_word' id='word_1_217' title='bbox 532 2723 700 2791; x_wconf 88' lang='grc' dir='ltr'><strong>στόμα</strong></span> <span class='ocrx_word' id='word_1_218' title='bbox 716 2723 897 2787; x_wconf 85' lang='grc' dir='ltr'><strong>αὑτοῦ,</strong></span> <span class='ocrx_word' id='word_1_219' title='bbox 929 2725 1019 2775; x_wconf 76' lang='grc' dir='ltr'><strong>καὶ</strong></span> <span class='ocrx_word' id='word_1_220' title='bbox 1051 2723 1390 2792; x_wconf 79' lang='grc' dir='ltr'><strong>κατηράσατο</strong></span> <span class='ocrx_word' id='word_1_221' title='bbox 1407 2722 1501 2792; x_wconf 85' lang='grc' dir='ltr'><strong>τὴν</strong></span> <span class='ocrx_word' id='word_1_222' title='bbox 1523 2722 1732 2791; x_wconf 80' lang='grc' dir='ltr'><strong>ἡμέραν</strong></span> 
     </span>
    </p>
   </div>
   <div class='ocr_carea' id='block_1_29' title="bbox 183 2801 1732 2879">
    <p class='ocr_par' dir='ltr' id='par_1_29' title="bbox 183 2801 1732 2879">
     <span class='ocr_line' id='line_1_29' title="bbox 183 2801 1732 2879; baseline 0 -21"><span class='ocrx_word' id='word_1_223' title='bbox 183 2809 272 2858; x_wconf 77' lang='grc' dir='ltr'><strong>καὶ</strong></span> <span class='ocrx_word' id='word_1_224' title='bbox 310 2809 408 2875; x_wconf 77' lang='grc' dir='ltr'><strong>τὴν</strong></span> <span class='ocrx_word' id='word_1_225' title='bbox 451 2805 618 2858; x_wconf 85' lang='grc' dir='ltr'><strong>νύκτα</strong></span> <span class='ocrx_word' id='word_1_226' title='bbox 655 2801 779 2879; x_wconf 77' lang='grc' dir='ltr'>ὲνῇ</span> <span class='ocrx_word' id='word_1_227' title='bbox 830 2808 1111 2875; x_wconf 73' lang='grc' dir='ltr'><strong>ἐγεννήθη.</strong></span> <span class='ocrx_word' id='word_1_228' title='bbox 1163 2809 1295 2876; x_wconf 79' lang='grc' dir='ltr'><strong>Περὶ</strong></span> <span class='ocrx_word' id='word_1_229' title='bbox 1343 2807 1454 2868; x_wconf 83' lang='grc' dir='ltr'><strong>τοῦ,</strong></span> <span class='ocrx_word' id='word_1_230' title='bbox 1507 2808 1732 2874; x_wconf 80' lang='grc' dir='ltr'><strong>’Ὠσπερ</strong></span> 
     </span>
    </p>
   </div>
   <div class='ocr_carea' id='block_1_30' title="bbox 183 2891 1735 2959">
    <p class='ocr_par' dir='ltr' id='par_1_30' title="bbox 183 2891 1735 2959">
     <span class='ocr_line' id='line_1_30' title="bbox 183 2891 1735 2959; baseline 0 -16"><span class='ocrx_word' id='word_1_231' title='bbox 183 2891 445 2959; x_wconf 79' lang='grc' dir='ltr'><strong>θεράπων</strong></span> <span class='ocrx_word' id='word_1_232' title='bbox 459 2891 736 2956; x_wconf 87' lang='grc' dir='ltr'><strong>δεδοικὼς</strong></span> <span class='ocrx_word' id='word_1_233' title='bbox 758 2892 859 2945; x_wconf 89' lang='grc' dir='ltr'><strong>τὸν</strong></span> <span class='ocrx_word' id='word_1_234' title='bbox 878 2894 1098 2959; x_wconf 87' lang='grc' dir='ltr'><strong>κύριον,</strong></span> <span class='ocrx_word' id='word_1_235' title='bbox 1112 2893 1260 2944; x_wconf 88' lang='grc' dir='ltr'><strong>οὕτω</strong></span> <span class='ocrx_word' id='word_1_236' title='bbox 1280 2892 1510 2946; x_wconf 81' lang='grc' dir='ltr'><strong>δέδοται</strong></span> <span class='ocrx_word' id='word_1_237' title='bbox 1525 2892 1644 2956; x_wconf 86' lang='grc' dir='ltr'><strong>τοῖς</strong></span> <span class='ocrx_word' id='word_1_238' title='bbox 1667 2893 1735 2944; x_wconf 81' lang='grc' dir='ltr'><strong>ἐν</strong></span> 
     </span>
    </p>
   </div>
   <div class='ocr_carea' id='block_1_31' title="bbox 185 2976 1732 3046">
    <p class='ocr_par' dir='ltr' id='par_1_31' title="bbox 185 2976 1732 3046">
     <span class='ocr_line' id='line_1_31' title="bbox 185 2976 1732 3046; baseline 0.003 -19"><span class='ocrx_word' id='word_1_239' title='bbox 185 2979 383 3043; x_wconf 78' lang='grc' dir='ltr'><strong>πικρίᾳ</strong></span> <span class='ocrx_word' id='word_1_240' title='bbox 415 2976 559 3044; x_wconf 85' lang='grc' dir='ltr'><strong>φῶς,</strong></span> <span class='ocrx_word' id='word_1_241' title='bbox 595 2978 651 3030; x_wconf 84' lang='grc' dir='ltr'><strong>οί</strong></span> <span class='ocrx_word' id='word_1_242' title='bbox 692 2979 1007 3046; x_wconf 84' lang='grc' dir='ltr'><strong>ίμείρονται</strong></span> <span class='ocrx_word' id='word_1_243' title='bbox 1039 2979 1143 3031; x_wconf 88' lang='grc' dir='ltr'><strong>τοῦ</strong></span> <span class='ocrx_word' id='word_1_244' title='bbox 1188 2977 1475 3042; x_wconf 89' lang='grc' dir='ltr'><strong>θανάτου,</strong></span> <span class='ocrx_word' id='word_1_245' title='bbox 1520 2980 1616 3030; x_wconf 84' lang='grc' dir='ltr'><strong>καί</strong></span> <span class='ocrx_word' id='word_1_246' title='bbox 1662 2981 1732 3032; x_wconf 88' lang='grc' dir='ltr'><strong>οὐ</strong></span> 
     </span>
    </p>
   </div>
   <div class='ocr_carea' id='block_1_32' title="bbox 181 3061 1730 3133">
    <p class='ocr_par' dir='ltr' id='par_1_32' title="bbox 181 3061 1730 3133">
     <span class='ocr_line' id='line_1_32' title="bbox 181 3061 1730 3133; baseline 0.003 -20"><span class='ocrx_word' id='word_1_247' title='bbox 181 3061 565 3130; x_wconf 84' lang='grc' dir='ltr'><strong>τυγχάνουσι.</strong></span> <span class='ocrx_word' id='word_1_248' title='bbox 605 3062 751 3133; x_wconf 77' lang='grc'><strong>[568]</strong></span> <span class='ocrx_word' id='word_1_249' title='bbox 777 3063 1036 3128; x_wconf 81' lang='grc' dir='ltr'><strong>Θάνατος</strong></span> <span class='ocrx_word' id='word_1_250' title='bbox 1057 3065 1164 3132; x_wconf 77' lang='grc' dir='ltr'><strong>γὰρ</strong></span> <span class='ocrx_word' id='word_1_251' title='bbox 1181 3063 1350 3130; x_wconf 86' lang='grc' dir='ltr'><strong>ἀνδρί</strong></span> <span class='ocrx_word' id='word_1_252' title='bbox 1371 3063 1730 3128; x_wconf 78' lang='grc' dir='ltr'><strong>ἀνάπαυσις.</strong></span> 
     </span>
    </p>
   </div>
   <div class='ocr_carea' id='block_1_33' title="bbox 193 3147 1734 3219">
    <p class='ocr_par' dir='ltr' id='par_1_33' title="bbox 193 3147 1734 3219">
     <span class='ocr_line' id='line_1_33' title="bbox 193 3147 1734 3219; baseline 0.001 -20"><span class='ocrx_word' id='word_1_253' title='bbox 193 3147 504 3201; x_wconf 80' lang='grc' dir='ltr'><strong>’Υπολαϐὼν</strong></span> <span class='ocrx_word' id='word_1_254' title='bbox 535 3149 742 3219; x_wconf 80' lang='grc' dir='ltr'><strong>πρῶτος</strong></span> <span class='ocrx_word' id='word_1_255' title='bbox 781 3149 1000 3216; x_wconf 81' lang='grc' dir='ltr'><strong>Ἐλιφὰζ</strong></span> <span class='ocrx_word' id='word_1_256' title='bbox 1017 3152 1044 3201; x_wconf 90' lang='lat'><strong>6</strong></span> <span class='ocrx_word' id='word_1_257' title='bbox 1073 3149 1402 3218; x_wconf 87' lang='grc' dir='ltr'><strong>Θαιμανίτης</strong></span> <span class='ocrx_word' id='word_1_258' title='bbox 1428 3149 1570 3216; x_wconf 89' lang='grc' dir='ltr'><strong>λέγει</strong></span> <span class='ocrx_word' id='word_1_259' title='bbox 1601 3149 1734 3218; x_wconf 81' lang='grc' dir='ltr'><strong>πρὸς</strong></span> 
     </span>
    </p>
   </div>
   <div class='ocr_carea' id='block_1_34' title="bbox 193 3235 1735 3303">
    <p class='ocr_par' dir='ltr' id='par_1_34' title="bbox 193 3235 1735 3303">
     <span class='ocr_line' id='line_1_34' title="bbox 193 3235 1735 3303; baseline 0.001 -17"><span class='ocrx_word' id='word_1_260' title='bbox 193 3235 310 3286; x_wconf 81' lang='grc' dir='ltr'><strong>Ἰὼϐ</strong></span> <span class='ocrx_word' id='word_1_261' title='bbox 329 3251 341 3263; x_wconf 94' lang='grc'><strong>·</strong></span> <span class='ocrx_word' id='word_1_262' title='bbox 375 3236 685 3302; x_wconf 82' lang='grc' dir='ltr'><strong>Μνήσθητι</strong></span> <span class='ocrx_word' id='word_1_263' title='bbox 708 3237 797 3300; x_wconf 90' lang='grc' dir='ltr'><strong>τίς</strong></span> <span class='ocrx_word' id='word_1_264' title='bbox 817 3236 1072 3302; x_wconf 88' lang='grc' dir='ltr'><strong>καθαρὸς</strong></span> <span class='ocrx_word' id='word_1_265' title='bbox 1093 3235 1177 3287; x_wconf 85' lang='grc' dir='ltr'><strong>ὢν</strong></span> <span class='ocrx_word' id='word_1_266' title='bbox 1212 3237 1499 3297; x_wconf 79' lang='grc' dir='ltr'><strong>ἀπώλετο,</strong></span> <span class='ocrx_word' id='word_1_267' title='bbox 1523 3237 1560 3303; x_wconf 81' lang='grc' dir='ltr'><strong><em>ἣ</em></strong></span> <span class='ocrx_word' id='word_1_268' title='bbox 1592 3238 1735 3288; x_wconf 87' lang='grc' dir='ltr'><strong>πότε</strong></span> 
     </span>
    </p>
   </div>
   <div class='ocr_carea' id='block_1_35' title="bbox 181 3322 1737 3391">
    <p class='ocr_par' dir='ltr' id='par_1_35' title="bbox 181 3322 1737 3391">
     <span class='ocr_line' id='line_1_35' title="bbox 181 3322 1737 3391; baseline 0.001 -16"><span class='ocrx_word' id='word_1_269' title='bbox 181 3323 451 3388; x_wconf 81' lang='grc' dir='ltr'><strong>ἀληθινοί</strong></span> <span class='ocrx_word' id='word_1_270' title='bbox 470 3323 752 3390; x_wconf 79' lang='grc' dir='ltr'><strong>όλόρῤιζοι</strong></span> <span class='ocrx_word' id='word_1_271' title='bbox 773 3322 1100 3376; x_wconf 87' lang='grc' dir='ltr'><strong>ἀπώλοντο.</strong></span> <span class='ocrx_word' id='word_1_272' title='bbox 1129 3324 1256 3376; x_wconf 81' lang='grc' dir='ltr'><strong>’Ὅτι</strong></span> <span class='ocrx_word' id='word_1_273' title='bbox 1280 3325 1572 3391; x_wconf 78' lang='grc' dir='ltr'><strong>γαυρίαμα</strong></span> <span class='ocrx_word' id='word_1_274' title='bbox 1602 3324 1737 3390; x_wconf 88' lang='grc' dir='ltr'><strong>δρα-</strong></span> 
     </span>
    </p>
   </div>
   <div class='ocr_carea' id='block_1_36' title="bbox 182 3408 1737 3477">
    <p class='ocr_par' dir='ltr' id='par_1_36' title="bbox 182 3408 1737 3477">
     <span class='ocr_line' id='line_1_36' title="bbox 182 3408 1737 3477; baseline 0.001 -17"><span class='ocrx_word' id='word_1_275' title='bbox 182 3411 410 3461; x_wconf 79' lang='grc' dir='ltr'><strong>κόντων</strong></span> <span class='ocrx_word' id='word_1_276' title='bbox 452 3408 741 3474; x_wconf 61' lang='grc' dir='ltr'><strong>έσϐἓσθτν</strong></span> <span class='ocrx_word' id='word_1_277' title='bbox 776 3409 1203 3477; x_wconf 79' lang='grc' dir='ltr'><strong>μυρμηκολέων</strong></span> <span class='ocrx_word' id='word_1_278' title='bbox 1249 3409 1317 3461; x_wconf 87' lang='lat'><strong>66</strong></span> <span class='ocrx_word' id='word_1_279' title='bbox 1353 3409 1535 3463; x_wconf 83' lang='grc' dir='ltr'><strong>ὤλετο</strong></span> <span class='ocrx_word' id='word_1_280' title='bbox 1581 3410 1737 3477; x_wconf 79' lang='grc' dir='ltr'><strong>παρὰ</strong></span> 
     </span>
    </p>
   </div>
   <div class='ocr_carea' id='block_1_37' title="bbox 181 3495 1736 3565">
    <p class='ocr_par' dir='ltr' id='par_1_37' title="bbox 181 3495 1736 3565">
     <span class='ocr_line' id='line_1_37' title="bbox 181 3495 1736 3565; baseline 0.001 -17"><span class='ocrx_word' id='word_1_281' title='bbox 181 3496 246 3548; x_wconf 83' lang='grc' dir='ltr'><strong>τὸ</strong></span> <span class='ocrx_word' id='word_1_282' title='bbox 278 3495 364 3563; x_wconf 81' lang='grc' dir='ltr'><strong>μὴ</strong></span> <span class='ocrx_word' id='word_1_283' title='bbox 419 3497 583 3564; x_wconf 77' lang='grc' dir='ltr'><strong>ἔχειν</strong></span> <span class='ocrx_word' id='word_1_284' title='bbox 625 3497 850 3563; x_wconf 87' lang='grc' dir='ltr'><strong>βοράν·</strong></span> <span class='ocrx_word' id='word_1_285' title='bbox 904 3499 1160 3565; x_wconf 82' lang='grc' dir='ltr'><strong>σκύμνοι</strong></span> <span class='ocrx_word' id='word_1_286' title='bbox 1208 3499 1468 3550; x_wconf 76' lang='grc' dir='ltr'><strong>λεόντων</strong></span> <span class='ocrx_word' id='word_1_287' title='bbox 1527 3499 1736 3551; x_wconf 84' lang='grc' dir='ltr'><strong>έλιπον</strong></span> 
     </span>
    </p>
   </div>
   <div class='ocr_carea' id='block_1_38' title="bbox 184 3580 1738 3650">
    <p class='ocr_par' dir='ltr' id='par_1_38' title="bbox 184 3580 1738 3650">
     <span class='ocr_line' id='line_1_38' title="bbox 184 3580 1738 3650; baseline 0.001 -16"><span class='ocrx_word' id='word_1_288' title='bbox 184 3580 514 3647; x_wconf 82' lang='grc' dir='ltr'><strong>ἀλλήλους.</strong></span> <span class='ocrx_word' id='word_1_289' title='bbox 542 3583 635 3647; x_wconf 88' lang='grc' dir='ltr'><strong>Ὠς</strong></span> <span class='ocrx_word' id='word_1_290' title='bbox 661 3585 771 3636; x_wconf 87' lang='grc' dir='ltr'><strong>οὐκ</strong></span> <span class='ocrx_word' id='word_1_291' title='bbox 795 3582 925 3638; x_wconf 75' lang='grc' dir='ltr'><strong>ἐστι</strong></span> <span class='ocrx_word' id='word_1_292' title='bbox 946 3582 1162 3650; x_wconf 90' lang='grc' dir='ltr'><strong>βροτὸς</strong></span> <span class='ocrx_word' id='word_1_293' title='bbox 1193 3584 1444 3650; x_wconf 86' lang='grc' dir='ltr'><strong>καθαρὸς</strong></span> <span class='ocrx_word' id='word_1_294' title='bbox 1465 3584 1738 3637; x_wconf 79' lang='grc' dir='ltr'><strong>ἐναντίον</strong></span> 
     </span>
    </p>
   </div>
   <div class='ocr_carea' id='block_1_39' title="bbox 184 3667 1734 3736">
    <p class='ocr_par' dir='ltr' id='par_1_39' title="bbox 184 3667 1734 3736">
     <span class='ocr_line' id='line_1_39' title="bbox 184 3667 1734 3736; baseline 0.002 -18"><span class='ocrx_word' id='word_1_295' title='bbox 184 3668 424 3733; x_wconf 85' lang='lat' dir='ltr'><strong>Kvplov,</strong></span> <span class='ocrx_word' id='word_1_296' title='bbox 445 3667 541 3719; x_wconf 85' lang='grc' dir='ltr'><strong>καί</strong></span> <span class='ocrx_word' id='word_1_297' title='bbox 560 3668 678 3720; x_wconf 84' lang='grc' dir='ltr'><strong>ἀπὸ</strong></span> <span class='ocrx_word' id='word_1_298' title='bbox 698 3667 815 3719; x_wconf 85' lang='grc' dir='ltr'><strong>τῶν</strong></span> <span class='ocrx_word' id='word_1_299' title='bbox 832 3668 1018 3735; x_wconf 71' lang='grc' dir='ltr'><strong>ἔργων</strong></span> <span class='ocrx_word' id='word_1_300' title='bbox 1040 3668 1223 3722; x_wconf 84' lang='grc' dir='ltr'><strong>αὐτοῦ</strong></span> <span class='ocrx_word' id='word_1_301' title='bbox 1241 3669 1540 3736; x_wconf 72' lang='grc' dir='ltr'><strong>ἄμεμπτος</strong></span> <span class='ocrx_word' id='word_1_302' title='bbox 1563 3669 1734 3735; x_wconf 85' lang='grc' dir='ltr'><strong>ἀνήρ.</strong></span> 
     </span>
    </p>
   </div>
   <div class='ocr_carea' id='block_1_40' title="bbox 180 3753 1736 3822">
    <p class='ocr_par' dir='ltr' id='par_1_40' title="bbox 180 3753 1736 3822">
     <span class='ocr_line' id='line_1_40' title="bbox 180 3753 1736 3822; baseline 0.002 -19"><span class='ocrx_word' id='word_1_303' title='bbox 180 3755 241 3805; x_wconf 80' lang='lat' dir='ltr'><strong>Ol</strong></span> <span class='ocrx_word' id='word_1_304' title='bbox 262 3753 538 3820; x_wconf 85' lang='grc' dir='ltr'><strong>άφρονες,</strong></span> <span class='ocrx_word' id='word_1_305' title='bbox 572 3753 846 3822; x_wconf 73' lang='grc' dir='ltr'><strong>φησὶ,κᾶν</strong></span> <span class='ocrx_word' id='word_1_306' title='bbox 861 3753 1025 3818; x_wconf 74' lang='grc' dir='ltr'><strong>ῥίζας</strong></span> <span class='ocrx_word' id='word_1_307' title='bbox 1042 3754 1335 3816; x_wconf 87' lang='grc' dir='ltr'><strong>βάλωσιν,</strong></span> <span class='ocrx_word' id='word_1_308' title='bbox 1357 3755 1571 3819; x_wconf 81' lang='grc' dir='ltr'><strong>εὐθέως</strong></span> <span class='ocrx_word' id='word_1_309' title='bbox 1581 3756 1736 3821; x_wconf 82' lang='grc' dir='ltr'><strong>βρω-</strong></span> 
     </span>
    </p>
   </div>
   <div class='ocr_carea' id='block_1_41' title="bbox 187 3837 1735 3905">
    <p class='ocr_par' dir='ltr' id='par_1_41' title="bbox 187 3837 1735 3905">
     <span class='ocr_line' id='line_1_41' title="bbox 187 3837 1735 3905; baseline -0.001 -14"><span class='ocrx_word' id='word_1_310' title='bbox 187 3839 427 3903; x_wconf 84' lang='grc' dir='ltr'><strong>θήσεται</strong></span> <span class='ocrx_word' id='word_1_311' title='bbox 452 3840 490 3903; x_wconf 85' lang='grc' dir='ltr'><strong>ή</strong></span> <span class='ocrx_word' id='word_1_312' title='bbox 511 3837 701 3890; x_wconf 80' lang='grc' dir='ltr'><strong>δίαιτα</strong></span> <span class='ocrx_word' id='word_1_313' title='bbox 740 3838 956 3900; x_wconf 86' lang='grc' dir='ltr'><strong>αὐτῶν,</strong></span> <span class='ocrx_word' id='word_1_314' title='bbox 975 3838 1118 3890; x_wconf 81' lang='grc' dir='ltr'><strong>διότι</strong></span> <span class='ocrx_word' id='word_1_315' title='bbox 1148 3837 1185 3890; x_wconf 84' lang='grc' dir='ltr'><strong>ά</strong></span> <span class='ocrx_word' id='word_1_316' title='bbox 1211 3838 1423 3890; x_wconf 83' lang='grc' dir='ltr'><strong>ἐκεῖνοι</strong></span> <span class='ocrx_word' id='word_1_317' title='bbox 1470 3839 1735 3905; x_wconf 78' lang='grc' dir='ltr'><strong>συνήγαο</strong></span> 
     </span>
    </p>
   </div>
   <div class='ocr_carea' id='block_1_42' title="bbox 188 3922 1735 3991">
    <p class='ocr_par' dir='ltr' id='par_1_42' title="bbox 188 3922 1735 3991">
     <span class='ocr_line' id='line_1_42' title="bbox 188 3922 1735 3991; baseline 0.001 -16"><span class='ocrx_word' id='word_1_318' title='bbox 188 3941 310 3991; x_wconf 90' lang='grc' dir='ltr'><strong>γον,</strong></span> <span class='ocrx_word' id='word_1_319' title='bbox 345 3923 560 3975; x_wconf 87' lang='grc' dir='ltr'><strong>δίκαιοι</strong></span> <span class='ocrx_word' id='word_1_320' title='bbox 593 3922 846 3976; x_wconf 76' lang='grc' dir='ltr'><strong>ἔδονται.</strong></span> <span class='ocrx_word' id='word_1_321' title='bbox 890 3924 1238 3989; x_wconf 85' lang='grc' dir='ltr'><strong>Ἀνθρωπος,</strong></span> <span class='ocrx_word' id='word_1_322' title='bbox 1283 3924 1436 3990; x_wconf 79' lang='grc' dir='ltr'><strong>φησὶ,</strong></span> <span class='ocrx_word' id='word_1_323' title='bbox 1461 3923 1735 3990; x_wconf 81' lang='grc' dir='ltr'><strong>γεννᾶται</strong></span> 
     </span>
    </p>
   </div>
   <div class='ocr_carea' id='block_1_43' title="bbox 185 4007 1736 4076">
    <p class='ocr_par' dir='ltr' id='par_1_43' title="bbox 185 4007 1736 4076">
     <span class='ocr_line' id='line_1_43' title="bbox 185 4007 1736 4076; baseline 0 -15"><span class='ocrx_word' id='word_1_324' title='bbox 185 4013 367 4072; x_wconf 82' lang='grc' dir='ltr'><strong>κόπῳ,</strong></span> <span class='ocrx_word' id='word_1_325' title='bbox 394 4008 490 4062; x_wconf 84' lang='grc' dir='ltr'><strong>καί</strong></span> <span class='ocrx_word' id='word_1_326' title='bbox 511 4009 753 4061; x_wconf 78' lang='grc' dir='ltr'><strong>νεοσσοὶ</strong></span> <span class='ocrx_word' id='word_1_327' title='bbox 771 4007 974 4076; x_wconf 84' lang='grc' dir='ltr'><strong>γυπῶν</strong></span> <span class='ocrx_word' id='word_1_328' title='bbox 993 4010 1200 4075; x_wconf 75' lang='grc' dir='ltr'><strong>ὑψηλὰ</strong></span> <span class='ocrx_word' id='word_1_329' title='bbox 1227 4009 1519 4063; x_wconf 79' lang='grc' dir='ltr'><strong>πέτονται.</strong></span> <span class='ocrx_word' id='word_1_330' title='bbox 1543 4008 1590 4060; x_wconf 85' lang='grc' dir='ltr'><strong>Κ</strong></span> <span class='ocrx_word' id='word_1_331' title='bbox 1595 4025 1736 4062; x_wconf 87' lang='grc' dir='ltr'><strong>ατα-</strong></span> 
     </span>
    </p>
   </div>
   <div class='ocr_carea' id='block_1_44' title="bbox 186 4094 1739 4164">
    <p class='ocr_par' dir='ltr' id='par_1_44' title="bbox 186 4094 1739 4164">
     <span class='ocr_line' id='line_1_44' title="bbox 186 4094 1739 4164; baseline 0.003 -16"><span class='ocrx_word' id='word_1_332' title='bbox 186 4095 472 4164; x_wconf 77' lang='grc' dir='ltr'><strong>λαμϐάνει</strong></span> <span class='ocrx_word' id='word_1_333' title='bbox 512 4094 578 4147; x_wconf 88' lang='lat'><strong>66</strong></span> <span class='ocrx_word' id='word_1_334' title='bbox 606 4098 816 4162; x_wconf 89' lang='grc' dir='ltr'><strong>Κύριος</strong></span> <span class='ocrx_word' id='word_1_335' title='bbox 841 4095 978 4159; x_wconf 88' lang='grc' dir='ltr'><strong>τοὺς</strong></span> <span class='ocrx_word' id='word_1_336' title='bbox 993 4095 1220 4162; x_wconf 90' lang='grc' dir='ltr'><strong>σοφοὺς</strong></span> <span class='ocrx_word' id='word_1_337' title='bbox 1239 4095 1306 4147; x_wconf 85' lang='grc' dir='ltr'><strong>ἐν</strong></span> <span class='ocrx_word' id='word_1_338' title='bbox 1326 4096 1612 4163; x_wconf 84' lang='grc' dir='ltr'><strong>φρονήσει</strong></span> <span class='ocrx_word' id='word_1_339' title='bbox 1636 4100 1739 4152; x_wconf 84' lang='grc' dir='ltr'><strong>αὐ-</strong></span> 
     </span>
    </p>
   </div>
   <div class='ocr_carea' id='block_1_45' title="bbox 189 4179 1741 4245">
    <p class='ocr_par' dir='ltr' id='par_1_45' title="bbox 189 4179 1741 4245">
     <span class='ocr_line' id='line_1_45' title="bbox 189 4179 1741 4245; baseline 0.002 -13"><span class='ocrx_word' id='word_1_340' title='bbox 189 4181 428 4244; x_wconf 83' lang='grc' dir='ltr'><strong>τῶν,καί</strong></span> <span class='ocrx_word' id='word_1_341' title='bbox 446 4180 781 4245; x_wconf 81' lang='grc' dir='ltr'><strong>τὰςβουλὰς</strong></span> <span class='ocrx_word' id='word_1_342' title='bbox 813 4179 927 4232; x_wconf 86' lang='grc' dir='ltr'><strong>τῶν</strong></span> <span class='ocrx_word' id='word_1_343' title='bbox 950 4181 1348 4232; x_wconf 85' lang='grc' dir='ltr'><strong>πολυπλόκων</strong></span> <span class='ocrx_word' id='word_1_344' title='bbox 1375 4180 1599 4245; x_wconf 81' lang='grc' dir='ltr'><strong>ἐξιστᾷ.</strong></span> <span class='ocrx_word' id='word_1_345' title='bbox 1634 4183 1741 4235; x_wconf 86' lang='grc' dir='ltr'><strong>Τὸν</strong></span> 
     </span>
    </p>
   </div>
   <div class='ocr_carea' id='block_1_46' title="bbox 187 4265 1740 4334">
    <p class='ocr_par' dir='ltr' id='par_1_46' title="bbox 187 4265 1740 4334">
     <span class='ocr_line' id='line_1_46' title="bbox 187 4265 1740 4334; baseline 0 -14"><span class='ocrx_word' id='word_1_346' title='bbox 187 4265 379 4331; x_wconf 84' lang='grc' dir='ltr'><strong>ἀθῷον</strong></span> <span class='ocrx_word' id='word_1_347' title='bbox 409 4267 477 4330; x_wconf 81' lang='grc' dir='ltr'><strong>ἐξ</strong></span> <span class='ocrx_word' id='word_1_348' title='bbox 516 4265 790 4334; x_wconf 79' lang='grc' dir='ltr'><strong>ἀναγκῶν</strong></span> <span class='ocrx_word' id='word_1_349' title='bbox 816 4265 1101 4329; x_wconf 82' lang='grc' dir='ltr'><strong>έξελεῖται</strong></span> <span class='ocrx_word' id='word_1_350' title='bbox 1139 4266 1370 4333; x_wconf 86' lang='grc' dir='ltr'><strong>Κύριος,</strong></span> <span class='ocrx_word' id='word_1_351' title='bbox 1414 4267 1512 4318; x_wconf 77' lang='grc' dir='ltr'><strong>καί</strong></span> <span class='ocrx_word' id='word_1_352' title='bbox 1549 4268 1616 4319; x_wconf 85' lang='grc' dir='ltr'><strong>ἐν</strong></span> <span class='ocrx_word' id='word_1_353' title='bbox 1659 4268 1740 4332; x_wconf 86' lang='grc' dir='ltr'><strong>τῷ</strong></span> 
     </span>
    </p>
   </div>
   <div class='ocr_carea' id='block_1_47' title="bbox 187 4351 1739 4420">
    <p class='ocr_par' dir='ltr' id='par_1_47' title="bbox 187 4351 1739 4420">
     <span class='ocr_line' id='line_1_47' title="bbox 187 4351 1739 4420; baseline 0.003 -18"><span class='ocrx_word' id='word_1_354' title='bbox 187 4352 410 4420; x_wconf 76' lang='grc' dir='ltr'><strong>ἑϐδόμῳ</strong></span> <span class='ocrx_word' id='word_1_355' title='bbox 434 4353 506 4404; x_wconf 87' lang='grc' dir='ltr'><strong>οὐ</strong></span> <span class='ocrx_word' id='word_1_356' title='bbox 530 4351 616 4418; x_wconf 82' lang='grc' dir='ltr'><strong>μὴ</strong></span> <span class='ocrx_word' id='word_1_357' title='bbox 647 4351 859 4418; x_wconf 66' lang='grc' dir='ltr'><strong>ἅψεται</strong></span> <span class='ocrx_word' id='word_1_358' title='bbox 887 4351 1070 4404; x_wconf 86' lang='grc' dir='ltr'><strong>αὑτοῦ</strong></span> <span class='ocrx_word' id='word_1_359' title='bbox 1095 4352 1298 4403; x_wconf 86' lang='grc' dir='ltr'><strong>κακόν.</strong></span> <span class='ocrx_word' id='word_1_360' title='bbox 1331 4351 1414 4403; x_wconf 87' lang='grc' dir='ltr'><strong>Σὺ</strong></span> <span class='ocrx_word' id='word_1_361' title='bbox 1458 4351 1525 4403; x_wconf 87' lang='grc' dir='ltr'><strong>δὲ</strong></span> <span class='ocrx_word' id='word_1_362' title='bbox 1565 4353 1739 4420; x_wconf 82' lang='grc' dir='ltr'><strong>γνῶθι</strong></span> 
     </span>
    </p>
   </div>
   <div class='ocr_carea' id='block_1_48' title="bbox 189 4435 936 4502">
    <p class='ocr_par' dir='ltr' id='par_1_48' title="bbox 189 4435 936 4502">
     <span class='ocr_line' id='line_1_48' title="bbox 189 4435 936 4502; baseline 0 -14"><span class='ocrx_word' id='word_1_363' title='bbox 189 4435 466 4496; x_wconf 83' lang='grc' dir='ltr'><strong>σεαυτὸν,</strong></span> <span class='ocrx_word' id='word_1_364' title='bbox 497 4435 550 4486; x_wconf 79' lang='grc' dir='ltr'><strong>ει</strong></span> <span class='ocrx_word' id='word_1_365' title='bbox 577 4451 630 4487; x_wconf 88' lang='grc' dir='ltr'><strong>τι</strong></span> <span class='ocrx_word' id='word_1_366' title='bbox 656 4435 936 4502; x_wconf 73' lang='grc' dir='ltr'><strong>ἔπραξας.</strong></span> 
     </span>
    </p>
   </div>
   <div class='ocr_carea' id='block_1_49' title="bbox 257 4528 1736 4599">
    <p class='ocr_par' dir='ltr' id='par_1_49' title="bbox 257 4528 1736 4599">
     <span class='ocr_line' id='line_1_49' title="bbox 257 4528 1736 4599; baseline 0.003 -19"><span class='ocrx_word' id='word_1_367' title='bbox 257 4528 452 4598; x_wconf 85' lang='grc' dir='ltr'><strong>Πρώτη</strong></span> <span class='ocrx_word' id='word_1_368' title='bbox 477 4528 610 4597; x_wconf 87' lang='grc' dir='ltr'><strong>πρὸς</strong></span> <span class='ocrx_word' id='word_1_369' title='bbox 646 4529 864 4596; x_wconf 75' lang='grc' dir='ltr'><strong>Ἐλιφὰζ</strong></span> <span class='ocrx_word' id='word_1_370' title='bbox 887 4529 979 4581; x_wconf 80' lang='grc' dir='ltr'><strong>τοῦ</strong></span> <span class='ocrx_word' id='word_1_371' title='bbox 1019 4529 1136 4582; x_wconf 82' lang='grc' dir='ltr'><strong>Ἰὼϐ</strong></span> <span class='ocrx_word' id='word_1_372' title='bbox 1169 4531 1427 4594; x_wconf 79' lang='grc' dir='ltr'><strong>ἀντίλεξις</strong></span> <span class='ocrx_word' id='word_1_373' title='bbox 1447 4547 1460 4560; x_wconf 99' lang='grc'><strong>⁸</strong></span> <span class='ocrx_word' id='word_1_374' title='bbox 1477 4531 1736 4599; x_wconf 76' lang='grc' dir='ltr'><strong>περὶτοῦ,</strong></span> 
     </span>
    </p>
   </div>
   <div class='ocr_carea' id='block_1_50' title="bbox 185 4608 1742 4679">
    <p class='ocr_par' dir='ltr' id='par_1_50' title="bbox 185 4608 1742 4679">
     <span class='ocr_line' id='line_1_50' title="bbox 185 4608 1742 4679; baseline 0.002 -19"><span class='ocrx_word' id='word_1_375' title='bbox 185 4611 251 4661; x_wconf 83' lang='grc' dir='ltr'><strong>Εἰ</strong></span> <span class='ocrx_word' id='word_1_376' title='bbox 284 4608 394 4676; x_wconf 70' lang='grc' dir='ltr'><strong>γάρ</strong></span> <span class='ocrx_word' id='word_1_377' title='bbox 424 4626 510 4674; x_wconf 84' lang='grc' dir='ltr'><strong>τις</strong></span> <span class='ocrx_word' id='word_1_378' title='bbox 549 4608 730 4662; x_wconf 79' lang='grc' dir='ltr'><strong>ἱστῶν</strong></span> <span class='ocrx_word' id='word_1_379' title='bbox 762 4612 983 4674; x_wconf 82' lang='grc' dir='ltr'><strong>στήσαι</strong></span> <span class='ocrx_word' id='word_1_380' title='bbox 1015 4629 1128 4679; x_wconf 89' lang='grc' dir='ltr'><strong>μου</strong></span> <span class='ocrx_word' id='word_1_381' title='bbox 1158 4612 1268 4677; x_wconf 77' lang='grc' dir='ltr'><strong>τὴν</strong></span> <span class='ocrx_word' id='word_1_382' title='bbox 1305 4611 1510 4678; x_wconf 78' lang='grc' dir='ltr'><strong>ὀργὴν,</strong></span> <span class='ocrx_word' id='word_1_383' title='bbox 1544 4613 1647 4676; x_wconf 84' lang='grc' dir='ltr'><strong>τὰς</strong></span> <span class='ocrx_word' id='word_1_384' title='bbox 1674 4611 1742 4663; x_wconf 90' lang='lat'><strong>66</strong></span> 
     </span>
    </p>
   </div>
   <div class='ocr_carea' id='block_1_51' title="bbox 191 4689 1740 4760">
    <p class='ocr_par' dir='ltr' id='par_1_51' title="bbox 191 4689 1740 4760">
     <span class='ocr_line' id='line_1_51' title="bbox 191 4689 1740 4760; baseline 0.001 -18"><span class='ocrx_word' id='word_1_385' title='bbox 191 4690 410 4752; x_wconf 85' lang='grc' dir='ltr'><strong>ὀδύνας</strong></span> <span class='ocrx_word' id='word_1_386' title='bbox 435 4707 554 4756; x_wconf 84' lang='grc' dir='ltr'><strong>μου</strong></span> <span class='ocrx_word' id='word_1_387' title='bbox 580 4690 713 4756; x_wconf 85' lang='grc' dir='ltr'><strong>άραι</strong></span> <span class='ocrx_word' id='word_1_388' title='bbox 731 4692 799 4743; x_wconf 86' lang='grc' dir='ltr'><strong>ἐν</strong></span> <span class='ocrx_word' id='word_1_389' title='bbox 819 4689 964 4758; x_wconf 77' lang='grc' dir='ltr'><strong>ζυγῷ</strong></span> <span class='ocrx_word' id='word_1_390' title='bbox 994 4692 1384 4759; x_wconf 78' lang='grc' dir='ltr'><strong>ὁμοθυμαδὸν,</strong></span> <span class='ocrx_word' id='word_1_391' title='bbox 1418 4693 1511 4744; x_wconf 77' lang='grc' dir='ltr'><strong>καὶ</strong></span> <span class='ocrx_word' id='word_1_392' title='bbox 1532 4692 1606 4758; x_wconf 80' lang='grc' dir='ltr'><strong>δὴ</strong></span> <span class='ocrx_word' id='word_1_393' title='bbox 1633 4691 1740 4760; x_wconf 83' lang='grc' dir='ltr'><strong>άμ-</strong></span> 
     </span>
    </p>
   </div>
   <div class='ocr_carea' id='block_1_52' title="bbox 188 4772 1740 4841">
    <p class='ocr_par' dir='ltr' id='par_1_52' title="bbox 188 4772 1740 4841">
     <span class='ocr_line' id='line_1_52' title="bbox 188 4772 1740 4841; baseline 0.003 -21"><span class='ocrx_word' id='word_1_394' title='bbox 188 4788 300 4839; x_wconf 86' lang='grc' dir='ltr'><strong>μου</strong></span> <span class='ocrx_word' id='word_1_395' title='bbox 339 4772 635 4834; x_wconf 73' lang='grc' dir='ltr'><strong>παραλίας</strong></span> <span class='ocrx_word' id='word_1_396' title='bbox 661 4772 958 4838; x_wconf 90' lang='grc' dir='ltr'><strong>βαρύτερα</strong></span> <span class='ocrx_word' id='word_1_397' title='bbox 980 4773 1169 4828; x_wconf 78' lang='grc' dir='ltr'><strong>ἔσται.</strong></span> <span class='ocrx_word' id='word_1_398' title='bbox 1200 4775 1331 4841; x_wconf 70' lang='grc' dir='ltr'><strong>Περὶ</strong></span> <span class='ocrx_word' id='word_1_399' title='bbox 1358 4772 1474 4835; x_wconf 84' lang='grc' dir='ltr'><strong>τοῦ,</strong></span> <span class='ocrx_word' id='word_1_400' title='bbox 1503 4773 1598 4839; x_wconf 83' lang='grc' dir='ltr'><strong>Μὴ</strong></span> <span class='ocrx_word' id='word_1_401' title='bbox 1633 4773 1740 4841; x_wconf 79' lang='grc' dir='ltr'><strong>γὰρ</strong></span> 
     </span>
    </p>
   </div>
   <div class='ocr_carea' id='block_1_53' title="bbox 190 4849 1741 4921">
    <p class='ocr_par' dir='ltr' id='par_1_53' title="bbox 190 4849 1741 4921">
     <span class='ocr_line' id='line_1_53' title="bbox 190 4849 1741 4921; baseline 0.002 -19"><span class='ocrx_word' id='word_1_402' title='bbox 190 4849 470 4915; x_wconf 82' lang='grc' dir='ltr'><strong>διακενῆς</strong></span> <span class='ocrx_word' id='word_1_403' title='bbox 499 4851 840 4916; x_wconf 77' lang='grc' dir='ltr'><strong>κεκράξεται</strong></span> <span class='ocrx_word' id='word_1_404' title='bbox 866 4853 1003 4918; x_wconf 83' lang='grc' dir='ltr'><strong>ὄνος</strong></span> <span class='ocrx_word' id='word_1_405' title='bbox 1025 4854 1242 4920; x_wconf 74' lang='grc' dir='ltr'><strong>ἄγριος,</strong></span> <span class='ocrx_word' id='word_1_406' title='bbox 1271 4856 1407 4907; x_wconf 83' lang='grc' dir='ltr'><strong>ἀλλ’</strong></span> <span class='ocrx_word' id='word_1_407' title='bbox 1426 4855 1463 4921; x_wconf 81' lang='grc' dir='ltr'>ἢ</span> <span class='ocrx_word' id='word_1_408' title='bbox 1489 4855 1559 4907; x_wconf 86' lang='grc' dir='ltr'><strong>τὰ</strong></span> <span class='ocrx_word' id='word_1_409' title='bbox 1580 4855 1741 4906; x_wconf 87' lang='grc' dir='ltr'><strong>σιτία</strong></span> 
     </span>
    </p>
   </div>
   <div class='ocr_carea' id='block_1_54' title="bbox 192 4929 1740 5004">
    <p class='ocr_par' dir='ltr' id='par_1_54' title="bbox 192 4929 1740 5004">
     <span class='ocr_line' id='line_1_54' title="bbox 192 4929 1740 5004; baseline 0.003 -21"><span class='ocrx_word' id='word_1_410' title='bbox 192 4929 408 4997; x_wconf 61' lang='lat' dir='ltr'><strong><em>(ntér;</em></strong></span> <span class='ocrx_word' id='word_1_411' title='bbox 436 4932 503 4983; x_wconf 84' lang='grc' dir='ltr'><strong>Εἰ</strong></span> <span class='ocrx_word' id='word_1_412' title='bbox 531 4930 598 4982; x_wconf 83' lang='lat'><strong>66</strong></span> <span class='ocrx_word' id='word_1_413' title='bbox 631 4932 724 4982; x_wconf 78' lang='grc' dir='ltr'><strong>καὶ</strong></span> <span class='ocrx_word' id='word_1_414' title='bbox 742 4934 915 5001; x_wconf 73' lang='grc' dir='ltr'><strong>ῥήξει</strong></span> <span class='ocrx_word' id='word_1_415' title='bbox 932 4934 1140 5002; x_wconf 83' lang='grc' dir='ltr'><strong>φωνὴν</strong></span> <span class='ocrx_word' id='word_1_416' title='bbox 1165 4936 1358 5004; x_wconf 91' lang='grc' dir='ltr'><strong>(βοῦς)</strong></span> <span class='ocrx_word' id='word_1_417' title='bbox 1388 4937 1483 4988; x_wconf 76' lang='grc' dir='ltr'><strong>ἐπὶ</strong></span> <span class='ocrx_word' id='word_1_418' title='bbox 1513 4935 1740 5003; x_wconf 88' lang='grc' dir='ltr'><strong>φάτνης</strong></span> 
     </span>
    </p>
   </div>
   <div class='ocr_carea' id='block_1_55' title="bbox 193 5011 1741 5085">
    <p class='ocr_par' dir='ltr' id='par_1_55' title="bbox 193 5011 1741 5085">
     <span class='ocr_line' id='line_1_55' title="bbox 193 5011 1741 5085; baseline 0.003 -20"><span class='ocrx_word' id='word_1_419' title='bbox 193 5015 346 5080; x_wconf 84' lang='grc' dir='ltr'><strong>έχων</strong></span> <span class='ocrx_word' id='word_1_420' title='bbox 364 5012 436 5064; x_wconf 88' lang='grc' dir='ltr'><strong>τὰ</strong></span> <span class='ocrx_word' id='word_1_421' title='bbox 452 5011 730 5080; x_wconf 89' lang='grc' dir='ltr'><strong>βρώματα</strong></span> <span class='ocrx_word' id='word_1_422' title='bbox 749 5029 762 5076; x_wconf 89' lang='grc'><strong>;</strong></span> <span class='ocrx_word' id='word_1_423' title='bbox 781 5014 874 5079; x_wconf 83' lang='grc' dir='ltr'><strong>Μὴ</strong></span> <span class='ocrx_word' id='word_1_424' title='bbox 898 5016 1073 5083; x_wconf 77' lang='grc' dir='ltr'><strong>ἰσχὺς</strong></span> <span class='ocrx_word' id='word_1_425' title='bbox 1092 5019 1272 5069; x_wconf 86' lang='grc' dir='ltr'><strong>λίθων</strong></span> <span class='ocrx_word' id='word_1_426' title='bbox 1295 5018 1388 5069; x_wconf 78' lang='grc' dir='ltr'><strong>καὶ</strong></span> <span class='ocrx_word' id='word_1_427' title='bbox 1418 5019 1591 5085; x_wconf 85' lang='grc' dir='ltr'><strong>ἰσχύς</strong></span> <span class='ocrx_word' id='word_1_428' title='bbox 1601 5034 1741 5084; x_wconf 84' lang='grc' dir='ltr'><strong>μου;</strong></span> 
     </span>
    </p>
   </div>
   <div class='ocr_carea' id='block_1_56' title="bbox 195 5093 1743 5167">
    <p class='ocr_par' dir='ltr' id='par_1_56' title="bbox 195 5093 1743 5167">
     <span class='ocr_line' id='line_1_56' title="bbox 195 5093 1743 5167; baseline 0.002 -21"><span class='ocrx_word' id='word_1_429' title='bbox 195 5099 250 5146; x_wconf 76' lang='grc' dir='ltr'><strong>αὶ</strong></span> <span class='ocrx_word' id='word_1_430' title='bbox 281 5093 502 5160; x_wconf 85' lang='grc' dir='ltr'><strong>σάρκες</strong></span> <span class='ocrx_word' id='word_1_431' title='bbox 524 5097 640 5162; x_wconf 88' lang='grc' dir='ltr'><strong>μού</strong></span> <span class='ocrx_word' id='word_1_432' title='bbox 663 5097 778 5147; x_wconf 86' lang='grc' dir='ltr'><strong>εἰσι</strong></span> <span class='ocrx_word' id='word_1_433' title='bbox 805 5095 1051 5161; x_wconf 87' lang='grc' dir='ltr'><strong>χάλκεαι</strong></span> <span class='ocrx_word' id='word_1_434' title='bbox 1062 5116 1081 5162; x_wconf 87' lang='grc'><strong><em>;</em></strong></span> <span class='ocrx_word' id='word_1_435' title='bbox 1108 5100 1246 5163; x_wconf 84' lang='grc' dir='ltr'><strong>Ὅτι,</strong></span> <span class='ocrx_word' id='word_1_436' title='bbox 1284 5101 1509 5167; x_wconf 84' lang='grc' dir='ltr'><strong>’Ὠσπερ</strong></span> <span class='ocrx_word' id='word_1_437' title='bbox 1541 5116 1743 5165; x_wconf 87' lang='grc' dir='ltr'><strong>πειρα-</strong></span> 
     </span>
    </p>
   </div>
   <div class='ocr_carea' id='block_1_57' title="bbox 194 5168 1738 5248">
    <p class='ocr_par' dir='ltr' id='par_1_57' title="bbox 194 5168 1738 5248">
     <span class='ocr_line' id='line_1_57' title="bbox 194 5168 1738 5248; baseline 0.001 -19"><span class='ocrx_word' id='word_1_438' title='bbox 194 5178 396 5244; x_wconf 82' lang='grc' dir='ltr'><strong>τήριόν</strong></span> <span class='ocrx_word' id='word_1_439' title='bbox 423 5177 594 5229; x_wconf 81' lang='grc' dir='ltr'><strong>ἐστιν</strong></span> <span class='ocrx_word' id='word_1_440' title='bbox 631 5179 664 5229; x_wconf 87' lang='grc' dir='ltr'><strong>ό</strong></span> <span class='ocrx_word' id='word_1_441' title='bbox 701 5168 839 5242; x_wconf 70' lang='grc' dir='ltr'><strong>βίὸς</strong></span> <span class='ocrx_word' id='word_1_442' title='bbox 877 5179 1186 5244; x_wconf 87' lang='grc' dir='ltr'><strong>ἀνθρώπου</strong></span> <span class='ocrx_word' id='word_1_443' title='bbox 1215 5182 1311 5233; x_wconf 74' lang='grc' dir='ltr'><strong>ἐπὶ</strong></span> <span class='ocrx_word' id='word_1_444' title='bbox 1344 5181 1453 5247; x_wconf 79' lang='grc' dir='ltr'><strong>τῆς</strong></span> <span class='ocrx_word' id='word_1_445' title='bbox 1482 5181 1612 5248; x_wconf 49' lang='grc' dir='ltr'><strong>ἧς,</strong></span> <span class='ocrx_word' id='word_1_446' title='bbox 1643 5181 1738 5232; x_wconf 83' lang='grc' dir='ltr'><strong>καὶ</strong></span> 
     </span>
    </p>
   </div>
   <div class='ocr_carea' id='block_1_58' title="bbox 195 5259 1743 5329">
    <p class='ocr_par' dir='ltr' id='par_1_58' title="bbox 195 5259 1743 5329">
     <span class='ocr_line' id='line_1_58' title="bbox 195 5259 1743 5329; baseline 0.003 -20"><span class='ocrx_word' id='word_1_447' title='bbox 195 5259 390 5326; x_wconf 83' lang='grc' dir='ltr'><strong>ὥσπερ</strong></span> <span class='ocrx_word' id='word_1_448' title='bbox 425 5259 668 5327; x_wconf 79' lang='grc' dir='ltr'><strong>μισθίου</strong></span> <span class='ocrx_word' id='word_1_449' title='bbox 691 5261 1082 5326; x_wconf 86' lang='grc' dir='ltr'><strong>αὑθημερινοῦ</strong></span> <span class='ocrx_word' id='word_1_450' title='bbox 1111 5264 1148 5328; x_wconf 84' lang='grc' dir='ltr'><strong>ή</strong></span> <span class='ocrx_word' id='word_1_451' title='bbox 1179 5263 1287 5329; x_wconf 85' lang='grc' dir='ltr'><strong>ζωὴ</strong></span> <span class='ocrx_word' id='word_1_452' title='bbox 1317 5264 1519 5316; x_wconf 87' lang='grc' dir='ltr'><strong>αὐτοῦ·</strong></span> <span class='ocrx_word' id='word_1_453' title='bbox 1549 5264 1648 5320; x_wconf 80' lang='grc' dir='ltr'><strong>ὅτι,</strong></span> <span class='ocrx_word' id='word_1_454' title='bbox 1675 5265 1743 5316; x_wconf 75' lang='lat' dir='ltr'><strong>El</strong></span> 
     </span>
    </p>
   </div>
   <div class='ocr_carea' id='block_1_59' title="bbox 196 5339 1744 5409">
    <p class='ocr_par' dir='ltr' id='par_1_59' title="bbox 196 5339 1744 5409">
     <span class='ocr_line' id='line_1_59' title="bbox 196 5339 1744 5409; baseline 0.003 -18"><span class='ocrx_word' id='word_1_455' title='bbox 196 5340 304 5408; x_wconf 78' lang='grc' dir='ltr'><strong>ἐγὼ</strong></span> <span class='ocrx_word' id='word_1_456' title='bbox 320 5341 601 5409; x_wconf 76' lang='grc' dir='ltr'><strong>ἥμαρτον,</strong></span> <span class='ocrx_word' id='word_1_457' title='bbox 625 5341 681 5392; x_wconf 86' lang='grc' dir='ltr'><strong>τί</strong></span> <span class='ocrx_word' id='word_1_458' title='bbox 694 5339 1024 5407; x_wconf 87' lang='grc' dir='ltr'><strong>δυνήσομαι</strong></span> <span class='ocrx_word' id='word_1_459' title='bbox 1048 5342 1263 5406; x_wconf 83' lang='grc' dir='ltr'><strong>πρᾶξαι</strong></span> <span class='ocrx_word' id='word_1_460' title='bbox 1283 5361 1300 5405; x_wconf 86' lang='grc'><em>;</em></span> <span class='ocrx_word' id='word_1_461' title='bbox 1321 5345 1458 5406; x_wconf 88' lang='grc' dir='ltr'><strong>Ὅτι,</strong></span> <span class='ocrx_word' id='word_1_462' title='bbox 1479 5343 1744 5396; x_wconf 86' lang='grc' dir='ltr'><strong>Ἐπιστά-</strong></span> 
     </span>
    </p>
   </div>
   <div class='ocr_carea' id='block_1_60' title="bbox 195 5420 1744 5492">
    <p class='ocr_par' dir='ltr' id='par_1_60' title="bbox 195 5420 1744 5492">
     <span class='ocr_line' id='line_1_60' title="bbox 195 5420 1744 5492; baseline 0.001 -18"><span class='ocrx_word' id='word_1_463' title='bbox 195 5438 370 5489; x_wconf 85' lang='grc' dir='ltr'><strong>μενος</strong></span> <span class='ocrx_word' id='word_1_464' title='bbox 410 5423 516 5475; x_wconf 88' lang='grc' dir='ltr'><strong>τὸν</strong></span> <span class='ocrx_word' id='word_1_465' title='bbox 551 5422 700 5474; x_wconf 86' lang='grc' dir='ltr'><strong>νοῦν</strong></span> <span class='ocrx_word' id='word_1_466' title='bbox 744 5421 858 5473; x_wconf 85' lang='grc' dir='ltr'><strong>τῶν</strong></span> <span class='ocrx_word' id='word_1_467' title='bbox 897 5420 1235 5488; x_wconf 85' lang='grc' dir='ltr'><strong>ἀνθρώπων,</strong></span> <span class='ocrx_word' id='word_1_468' title='bbox 1286 5424 1441 5477; x_wconf 86' lang='grc' dir='ltr'><strong>διατί</strong></span> <span class='ocrx_word' id='word_1_469' title='bbox 1483 5424 1622 5477; x_wconf 77' lang='grc' dir='ltr'><strong>ἔθου</strong></span> <span class='ocrx_word' id='word_1_470' title='bbox 1672 5440 1744 5492; x_wconf 86' lang='grc' dir='ltr'><strong>με</strong></span> 
     </span>
    </p>
   </div>
   <div class='ocr_carea' id='block_1_61' title="bbox 200 5503 667 5578">
    <p class='ocr_par' dir='ltr' id='par_1_61' title="bbox 200 5503 667 5578">
     <span class='ocr_line' id='line_1_61' title="bbox 200 5503 667 5578; baseline 0 -24"><span class='ocrx_word' id='word_1_471' title='bbox 200 5503 631 5578; x_wconf 80' lang='grc' dir='ltr'><strong>κατεντευκτήν</strong></span> <span class='ocrx_word' id='word_1_472' title='bbox 646 5519 667 5565; x_wconf 88' lang='grc'><strong><em>;</em></strong></span> 
     </span>
    </p>
   </div>
   <div class='ocr_carea' id='block_1_62' title="bbox 267 5596 1744 5666">
    <p class='ocr_par' dir='ltr' id='par_1_62' title="bbox 267 5596 1744 5666">
     <span class='ocr_line' id='line_1_62' title="bbox 267 5596 1744 5666; baseline 0.001 -18"><span class='ocrx_word' id='word_1_473' title='bbox 267 5597 420 5649; x_wconf 86' lang='grc' dir='ltr'><strong>Μετά</strong></span> <span class='ocrx_word' id='word_1_474' title='bbox 432 5597 489 5648; x_wconf 75' lang='grc' dir='ltr'><strong>δὲ</strong></span> <span class='ocrx_word' id='word_1_475' title='bbox 534 5597 755 5663; x_wconf 79' lang='grc' dir='ltr'><strong>Ἑλιφὰζ</strong></span> <span class='ocrx_word' id='word_1_476' title='bbox 774 5597 1020 5666; x_wconf 84' lang='grc' dir='ltr'><strong>δεύτερος</strong></span> <span class='ocrx_word' id='word_1_477' title='bbox 1037 5596 1314 5649; x_wconf 84' lang='grc' dir='ltr'><strong>ὑπολαϐὼν</strong></span> <span class='ocrx_word' id='word_1_478' title='bbox 1340 5599 1540 5651; x_wconf 80' lang='grc' dir='ltr'><strong>Βαλδὰδ</strong></span> <span class='ocrx_word' id='word_1_479' title='bbox 1563 5601 1590 5650; x_wconf 88' lang='lat'><strong>6</strong></span> <span class='ocrx_word' id='word_1_480' title='bbox 1611 5601 1744 5651; x_wconf 87' lang='grc' dir='ltr'><strong>Σαυ-</strong></span> 
     </span>
    </p>
   </div>
   <div class='ocr_carea' id='block_1_63' title="bbox 201 5677 1742 5748">
    <p class='ocr_par' dir='ltr' id='par_1_63' title="bbox 201 5677 1742 5748">
     <span class='ocr_line' id='line_1_63' title="bbox 201 5677 1742 5748; baseline 0.003 -19"><span class='ocrx_word' id='word_1_481' title='bbox 201 5677 398 5748; x_wconf 72' lang='grc' dir='ltr'><strong>ιειίιτης</strong></span> <span class='ocrx_word' id='word_1_482' title='bbox 445 5678 590 5744; x_wconf 81' lang='grc' dir='ltr'><strong>λέγει</strong></span> <span class='ocrx_word' id='word_1_483' title='bbox 629 5679 762 5746; x_wconf 78' lang='grc' dir='ltr'><strong>πρὸς</strong></span> <span class='ocrx_word' id='word_1_484' title='bbox 819 5678 969 5730; x_wconf 79' lang='grc' dir='ltr'><strong>Ἰὼϐ·</strong></span> <span class='ocrx_word' id='word_1_485' title='bbox 1003 5677 1180 5744; x_wconf 78' lang='grc' dir='ltr'><strong>Μέχρι</strong></span> <span class='ocrx_word' id='word_1_486' title='bbox 1225 5680 1384 5744; x_wconf 82' lang='grc' dir='ltr'><strong>τίνος</strong></span> <span class='ocrx_word' id='word_1_487' title='bbox 1421 5680 1742 5746; x_wconf 81' lang='grc' dir='ltr'><strong>λαλήσεις;</strong></span> 
     </span>
    </p>
   </div>
   <div class='ocr_carea' id='block_1_64' title="bbox 1235 399 2305 456">
    <p class='ocr_par' dir='ltr' id='par_1_64' title="bbox 1235 399 2305 456">
     <span class='ocr_line' id='line_1_64' title="bbox 1235 399 2305 456; baseline 0.001 -3"><span class='ocrx_word' id='word_1_488' title='bbox 1235 400 1557 454; x_wconf 78' lang='lat' dir='ltr'><strong>SYNOPSIS</strong></span> <span class='ocrx_word' id='word_1_489' title='bbox 1593 399 2004 456; x_wconf 72' lang='lat' dir='ltr'><strong>SCRIPTURAS</strong></span> <span class='ocrx_word' id='word_1_490' title='bbox 2045 399 2305 456; x_wconf 59' lang='lat' dir='ltr'><strong>SACﬂzE.</strong></span> 
     </span>
    </p>
   </div>
   <div class='ocr_carea' id='block_1_65' title="bbox 1841 507 3385 579">
    <p class='ocr_par' dir='ltr' id='par_1_65' title="bbox 1841 507 3385 579">
     <span class='ocr_line' id='line_1_65' title="bbox 1841 507 3385 579; baseline -0.002 -14"><span class='ocrx_word' id='word_1_491' title='bbox 1841 513 2076 578; x_wconf 85' lang='grc' dir='ltr'><strong>Πνεῦμα</strong></span> <span class='ocrx_word' id='word_1_492' title='bbox 2099 514 2322 578; x_wconf 78' lang='grc' dir='ltr'><strong>πολυρῤ</strong></span> <span class='ocrx_word' id='word_1_493' title='bbox 2333 511 2479 578; x_wconf 80' lang='grc' dir='ltr'><strong>ῆμον</strong></span> <span class='ocrx_word' id='word_1_494' title='bbox 2494 512 2559 564; x_wconf 83' lang='grc' dir='ltr'><strong>ἐν</strong></span> <span class='ocrx_word' id='word_1_495' title='bbox 2580 511 2656 576; x_wconf 85' lang='grc' dir='ltr'><strong>τῷ</strong></span> <span class='ocrx_word' id='word_1_496' title='bbox 2682 511 2927 579; x_wconf 87' lang='grc' dir='ltr'><strong>στόματί</strong></span> <span class='ocrx_word' id='word_1_497' title='bbox 2947 525 3080 565; x_wconf 91' lang='grc' dir='ltr'><strong>σου.</strong></span> <span class='ocrx_word' id='word_1_498' title='bbox 3103 507 3200 576; x_wconf 67' lang='grc' dir='ltr'><strong>Μὴ</strong></span> <span class='ocrx_word' id='word_1_499' title='bbox 3229 510 3385 562; x_wconf 79' lang='grc' dir='ltr'><strong>όΚύο</strong></span> 
     </span>
    </p>
   </div>
   <div class='ocr_carea' id='block_1_66' title="bbox 1830 591 3382 658">
    <p class='ocr_par' dir='ltr' id='par_1_66' title="bbox 1830 591 3382 658">
     <span class='ocr_line' id='line_1_66' title="bbox 1830 591 3382 658; baseline 0.002 -17"><span class='ocrx_word' id='word_1_500' title='bbox 1830 609 1961 657; x_wconf 79' lang='grc' dir='ltr'><strong>ριος</strong></span> <span class='ocrx_word' id='word_1_501' title='bbox 1988 592 2258 657; x_wconf 79' lang='grc' dir='ltr'><strong>ἀδικήσει</strong></span> <span class='ocrx_word' id='word_1_502' title='bbox 2292 593 2537 658; x_wconf 86' lang='grc' dir='ltr'><strong>κρίνων;</strong></span> <span class='ocrx_word' id='word_1_503' title='bbox 2570 592 2606 658; x_wconf 80' lang='grc' dir='ltr'>ἢ</span> <span class='ocrx_word' id='word_1_504' title='bbox 2646 595 2678 644; x_wconf 90' lang='grc' dir='ltr'><strong>ό</strong></span> <span class='ocrx_word' id='word_1_505' title='bbox 2703 594 2773 646; x_wconf 83' lang='grc' dir='ltr'><strong>τὰ</strong></span> <span class='ocrx_word' id='word_1_506' title='bbox 2806 593 2999 644; x_wconf 86' lang='grc' dir='ltr'><strong>πάντα</strong></span> <span class='ocrx_word' id='word_1_507' title='bbox 3026 591 3280 658; x_wconf 82' lang='grc' dir='ltr'><strong>ποιήσας</strong></span> <span class='ocrx_word' id='word_1_508' title='bbox 3310 594 3382 644; x_wconf 88' lang='grc' dir='ltr'><strong>οὺ</strong></span> 
     </span>
    </p>
   </div>
   <div class='ocr_carea' id='block_1_67' title="bbox 1837 671 3382 738">
    <p class='ocr_par' dir='ltr' id='par_1_67' title="bbox 1837 671 3382 738">
     <span class='ocr_line' id='line_1_67' title="bbox 1837 671 3382 738; baseline 0 -16"><span class='ocrx_word' id='word_1_509' title='bbox 1837 673 2074 736; x_wconf 71' lang='grc' dir='ltr'><strong>παρέξει</strong></span> <span class='ocrx_word' id='word_1_510' title='bbox 2113 672 2177 722; x_wconf 86' lang='grc' dir='ltr'><strong>τὸ</strong></span> <span class='ocrx_word' id='word_1_511' title='bbox 2209 671 2472 733; x_wconf 87' lang='grc' dir='ltr'><strong>δίκαιον;</strong></span> <span class='ocrx_word' id='word_1_512' title='bbox 2506 673 2638 738; x_wconf 73' lang='grc' dir='ltr'><strong>Περὶ</strong></span> <span class='ocrx_word' id='word_1_513' title='bbox 2664 672 2777 732; x_wconf 82' lang='lat'><strong>106,</strong></span> <span class='ocrx_word' id='word_1_514' title='bbox 2810 672 3034 738; x_wconf 83' lang='grc' dir='ltr'><strong>’Ὠσπερ</strong></span> <span class='ocrx_word' id='word_1_515' title='bbox 3068 674 3137 724; x_wconf 84' lang='grc' dir='ltr'><strong>οὺ</strong></span> <span class='ocrx_word' id='word_1_516' title='bbox 3178 671 3382 724; x_wconf 83' lang='grc' dir='ltr'><strong>θάλλει</strong></span> 
     </span>
    </p>
   </div>
   <div class='ocr_carea' id='block_1_68' title="bbox 1837 750 3382 819">
    <p class='ocr_par' dir='ltr' id='par_1_68' title="bbox 1837 750 3382 819">
     <span class='ocr_line' id='line_1_68' title="bbox 1837 750 3382 819; baseline 0 -16"><span class='ocrx_word' id='word_1_517' title='bbox 1837 752 2107 819; x_wconf 84' lang='grc' dir='ltr'><strong>πάπυρος</strong></span> <span class='ocrx_word' id='word_1_518' title='bbox 2134 753 2276 803; x_wconf 80' lang='grc' dir='ltr'><strong>ἄνευ</strong></span> <span class='ocrx_word' id='word_1_519' title='bbox 2303 752 2535 814; x_wconf 81' lang='grc' dir='ltr'><strong>ὕδατος,</strong></span> <span class='ocrx_word' id='word_1_520' title='bbox 2568 753 2603 817; x_wconf 80' lang='grc' dir='ltr'><strong><em>ἢ</em></strong></span> <span class='ocrx_word' id='word_1_521' title='bbox 2631 753 2884 818; x_wconf 69' lang='grc' dir='ltr'><strong>ὑψοῦται</strong></span> <span class='ocrx_word' id='word_1_522' title='bbox 2912 751 3209 815; x_wconf 85' lang='grc' dir='ltr'><strong>βούτομος</strong></span> <span class='ocrx_word' id='word_1_523' title='bbox 3236 750 3382 803; x_wconf 79' lang='grc' dir='ltr'><strong>ἄνευ</strong></span> 
     </span>
    </p>
   </div>
   <div class='ocr_carea' id='block_1_69' title="bbox 1836 829 3380 898">
    <p class='ocr_par' dir='ltr' id='par_1_69' title="bbox 1836 829 3380 898">
     <span class='ocr_line' id='line_1_69' title="bbox 1836 829 3380 898; baseline -0.001 -14"><span class='ocrx_word' id='word_1_524' title='bbox 1836 835 2016 885; x_wconf 89' lang='grc' dir='ltr'><strong>πότου</strong></span> <span class='ocrx_word' id='word_1_525' title='bbox 2035 850 2048 864; x_wconf 91' lang='grc'><strong>⁸</strong></span> <span class='ocrx_word' id='word_1_526' title='bbox 2077 835 2161 885; x_wconf 79' lang='grc' dir='ltr'><strong>ἐτι</strong></span> <span class='ocrx_word' id='word_1_527' title='bbox 2189 834 2296 898; x_wconf 85' lang='grc' dir='ltr'><strong>γὰρ</strong></span> <span class='ocrx_word' id='word_1_528' title='bbox 2322 830 2403 882; x_wconf 84' lang='grc' dir='ltr'><strong>ὢν</strong></span> <span class='ocrx_word' id='word_1_529' title='bbox 2427 832 2520 882; x_wconf 81' lang='grc' dir='ltr'><strong>ἐπὶ</strong></span> <span class='ocrx_word' id='word_1_530' title='bbox 2547 831 2734 897; x_wconf 80' lang='grc' dir='ltr'><strong>ῥίζαν,</strong></span> <span class='ocrx_word' id='word_1_531' title='bbox 2768 834 2837 883; x_wconf 86' lang='grc' dir='ltr'><strong>οὐ</strong></span> <span class='ocrx_word' id='word_1_532' title='bbox 2861 831 2943 897; x_wconf 80' lang='grc' dir='ltr'><strong>μὴ</strong></span> <span class='ocrx_word' id='word_1_533' title='bbox 2969 829 3231 896; x_wconf 81' lang='grc' dir='ltr'><strong>θερισθῇ.</strong></span> <span class='ocrx_word' id='word_1_534' title='bbox 3263 830 3380 897; x_wconf 88' lang='grc' dir='ltr'><strong>Πρὸ</strong></span> 
     </span>
    </p>
   </div>
   <div class='ocr_carea' id='block_1_70' title="bbox 1836 909 3376 979">
    <p class='ocr_par' dir='ltr' id='par_1_70' title="bbox 1836 909 3376 979">
     <span class='ocr_line' id='line_1_70' title="bbox 1836 909 3376 979; baseline -0.001 -15"><span class='ocrx_word' id='word_1_535' title='bbox 1836 912 1940 964; x_wconf 90' lang='grc' dir='ltr'><strong>τοῦ</strong></span> <span class='ocrx_word' id='word_1_536' title='bbox 1973 913 2082 979; x_wconf 83' lang='grc' dir='ltr'><strong>γὰρ</strong></span> <span class='ocrx_word' id='word_1_537' title='bbox 2116 913 2325 964; x_wconf 80' lang='grc' dir='ltr'><strong>πεσεῖν</strong></span> <span class='ocrx_word' id='word_1_538' title='bbox 2366 909 2568 964; x_wconf 81' lang='grc' dir='ltr'><strong>πᾶσαν</strong></span> <span class='ocrx_word' id='word_1_539' title='bbox 2608 912 2879 976; x_wconf 81' lang='grc' dir='ltr'><strong>βοτάνην</strong></span> <span class='ocrx_word' id='word_1_540' title='bbox 2912 911 3340 977; x_wconf 76' lang='grc' dir='ltr'><strong>ξηρανθήσεται</strong></span> <span class='ocrx_word' id='word_1_541' title='bbox 3363 925 3376 938; x_wconf 94' lang='grc'><strong>⁸</strong></span> 
     </span>
    </p>
   </div>
   <div class='ocr_carea' id='block_1_71' title="bbox 1836 991 3379 1058">
    <p class='ocr_par' dir='ltr' id='par_1_71' title="bbox 1836 991 3379 1058">
     <span class='ocr_line' id='line_1_71' title="bbox 1836 991 3379 1058; baseline 0 -15"><span class='ocrx_word' id='word_1_542' title='bbox 1836 993 2023 1057; x_wconf 76' lang='grc' dir='ltr'><strong>οὔτως</strong></span> <span class='ocrx_word' id='word_1_543' title='bbox 2058 993 2224 1044; x_wconf 83' lang='grc' dir='ltr'><strong>ἔσται</strong></span> <span class='ocrx_word' id='word_1_544' title='bbox 2256 994 2325 1044; x_wconf 87' lang='grc' dir='ltr'><strong>τὰ</strong></span> <span class='ocrx_word' id='word_1_545' title='bbox 2357 991 2582 1058; x_wconf 80' lang='grc' dir='ltr'><strong>ἔσχατα</strong></span> <span class='ocrx_word' id='word_1_546' title='bbox 2620 992 2814 1044; x_wconf 86' lang='grc' dir='ltr'><strong>πάντα</strong></span> <span class='ocrx_word' id='word_1_547' title='bbox 2850 993 2964 1043; x_wconf 84' lang='grc' dir='ltr'><strong>τῶν</strong></span> <span class='ocrx_word' id='word_1_548' title='bbox 2996 993 3379 1044; x_wconf 78' lang='grc' dir='ltr'><strong>ἐπιλανθανο-</strong></span> 
     </span>
    </p>
   </div>
   <div class='ocr_carea' id='block_1_72' title="bbox 1830 1073 2359 1140">
    <p class='ocr_par' dir='ltr' id='par_1_72' title="bbox 1830 1073 2359 1140">
     <span class='ocr_line' id='line_1_72' title="bbox 1830 1073 2359 1140; baseline 0.004 -17"><span class='ocrx_word' id='word_1_549' title='bbox 1830 1073 2026 1140; x_wconf 85' lang='grc' dir='ltr'><strong>μένων</strong></span> <span class='ocrx_word' id='word_1_550' title='bbox 2062 1075 2164 1125; x_wconf 90' lang='grc' dir='ltr'><strong>τοῦ</strong></span> <span class='ocrx_word' id='word_1_551' title='bbox 2193 1073 2359 1127; x_wconf 84' lang='grc' dir='ltr'><strong>Θεοῦ.</strong></span> 
     </span>
    </p>
   </div>
   <div class='ocr_carea' id='block_1_73' title="bbox 1904 1165 3378 1235">
    <p class='ocr_par' dir='ltr' id='par_1_73' title="bbox 1904 1165 3378 1235">
     <span class='ocr_line' id='line_1_73' title="bbox 1904 1165 3378 1235; baseline 0.001 -20"><span class='ocrx_word' id='word_1_552' title='bbox 1904 1165 2098 1233; x_wconf 85' lang='grc' dir='ltr'><strong>Πρώτη</strong></span> <span class='ocrx_word' id='word_1_553' title='bbox 2124 1166 2213 1217; x_wconf 84' lang='lat'><strong>106</strong></span> <span class='ocrx_word' id='word_1_554' title='bbox 2260 1165 2374 1216; x_wconf 88' lang='grc' dir='ltr'><strong>Ἰὼϐ</strong></span> <span class='ocrx_word' id='word_1_555' title='bbox 2405 1166 2536 1235; x_wconf 77' lang='grc' dir='ltr'><strong>πρὸς</strong></span> <span class='ocrx_word' id='word_1_556' title='bbox 2565 1166 2765 1218; x_wconf 83' lang='grc' dir='ltr'><strong>Βαλδὰδ</strong></span> <span class='ocrx_word' id='word_1_557' title='bbox 2799 1165 3086 1228; x_wconf 77' lang='grc' dir='ltr'><strong>ἀντίλεξις·</strong></span> <span class='ocrx_word' id='word_1_558' title='bbox 3113 1167 3214 1228; x_wconf 86' lang='grc' dir='ltr'><strong>ὃτι,</strong></span> <span class='ocrx_word' id='word_1_559' title='bbox 3257 1167 3378 1218; x_wconf 84' lang='grc' dir='ltr'><strong>Ἐπ’</strong></span> 
     </span>
    </p>
   </div>
   <div class='ocr_carea' id='block_1_74' title="bbox 1833 1245 3377 1314">
    <p class='ocr_par' dir='ltr' id='par_1_74' title="bbox 1833 1245 3377 1314">
     <span class='ocr_line' id='line_1_74' title="bbox 1833 1245 3377 1314; baseline 0.001 -18"><span class='ocrx_word' id='word_1_560' title='bbox 1833 1245 2112 1310; x_wconf 83' lang='grc' dir='ltr'><strong>ἀληθείας</strong></span> <span class='ocrx_word' id='word_1_561' title='bbox 2139 1247 2286 1310; x_wconf 79' lang='grc' dir='ltr'><strong>οῖδα,</strong></span> <span class='ocrx_word' id='word_1_562' title='bbox 2311 1247 2397 1299; x_wconf 81' lang='grc' dir='ltr'><strong>ὅτι</strong></span> <span class='ocrx_word' id='word_1_563' title='bbox 2425 1249 2608 1312; x_wconf 77' lang='grc' dir='ltr'><strong>οὕτως</strong></span> <span class='ocrx_word' id='word_1_564' title='bbox 2632 1249 2764 1298; x_wconf 77' lang='grc' dir='ltr'><strong>ἐστί</strong></span> <span class='ocrx_word' id='word_1_565' title='bbox 2777 1265 2790 1277; x_wconf 92' lang='grc'><strong>⁸</strong></span> <span class='ocrx_word' id='word_1_566' title='bbox 2823 1247 2946 1312; x_wconf 84' lang='grc' dir='ltr'><strong>πῶς</strong></span> <span class='ocrx_word' id='word_1_567' title='bbox 2967 1249 3072 1314; x_wconf 82' lang='grc' dir='ltr'><strong>γὰρ</strong></span> <span class='ocrx_word' id='word_1_568' title='bbox 3097 1247 3261 1300; x_wconf 75' lang='grc' dir='ltr'><strong>ἔσται</strong></span> <span class='ocrx_word' id='word_1_569' title='bbox 3289 1247 3377 1298; x_wconf 86' lang='grc' dir='ltr'><strong>δί-</strong></span> 
     </span>
    </p>
   </div>
   <div class='ocr_carea' id='block_1_75' title="bbox 1833 1325 3379 1396">
    <p class='ocr_par' dir='ltr' id='par_1_75' title="bbox 1833 1325 3379 1396">
     <span class='ocr_line' id='line_1_75' title="bbox 1833 1325 3379 1396; baseline 0.003 -21"><span class='ocrx_word' id='word_1_570' title='bbox 1833 1341 1996 1388; x_wconf 83' lang='grc' dir='ltr'><strong>καιος</strong></span> <span class='ocrx_word' id='word_1_571' title='bbox 2027 1325 2259 1395; x_wconf 80' lang='grc' dir='ltr'><strong>[βροτὸς]</strong></span> <span class='ocrx_word' id='word_1_572' title='bbox 2291 1329 2446 1392; x_wconf 89' lang='grc' dir='ltr'><strong>παρὰ</strong></span> <span class='ocrx_word' id='word_1_573' title='bbox 2475 1330 2668 1395; x_wconf 84' lang='grc' dir='ltr'><strong>Κυρίῳ</strong></span> <span class='ocrx_word' id='word_1_574' title='bbox 2686 1343 2704 1390; x_wconf 86' lang='grc'><em>;</em></span> <span class='ocrx_word' id='word_1_575' title='bbox 2737 1329 2869 1396; x_wconf 74' lang='grc' dir='ltr'><strong>Περὶ</strong></span> <span class='ocrx_word' id='word_1_576' title='bbox 2889 1328 3002 1390; x_wconf 82' lang='grc' dir='ltr'><strong>τοῦ,</strong></span> <span class='ocrx_word' id='word_1_577' title='bbox 3037 1329 3090 1379; x_wconf 90' lang='grc' dir='ltr'><strong><em>Ὁ</em></strong></span> <span class='ocrx_word' id='word_1_578' title='bbox 3116 1330 3379 1390; x_wconf 85' lang='grc' dir='ltr'><strong>τανύσας</strong></span> 
     </span>
    </p>
   </div>
   <div class='ocr_carea' id='block_1_76' title="bbox 1833 1407 3378 1475">
    <p class='ocr_par' dir='ltr' id='par_1_76' title="bbox 1833 1407 3378 1475">
     <span class='ocr_line' id='line_1_76' title="bbox 1833 1407 3378 1475; baseline 0.003 -19"><span class='ocrx_word' id='word_1_579' title='bbox 1833 1407 1936 1457; x_wconf 88' lang='grc' dir='ltr'><strong>τὸν</strong></span> <span class='ocrx_word' id='word_1_580' title='bbox 1961 1407 2217 1472; x_wconf 82' lang='grc' dir='ltr'><strong>οὐρανὸν</strong></span> <span class='ocrx_word' id='word_1_581' title='bbox 2234 1410 2433 1473; x_wconf 87' lang='grc' dir='ltr'><strong>μόνος,</strong></span> <span class='ocrx_word' id='word_1_582' title='bbox 2466 1409 2562 1460; x_wconf 80' lang='grc' dir='ltr'><strong>καὶ</strong></span> <span class='ocrx_word' id='word_1_583' title='bbox 2590 1407 2922 1475; x_wconf 86' lang='grc' dir='ltr'><strong>περιπατῶν</strong></span> <span class='ocrx_word' id='word_1_584' title='bbox 2940 1408 3038 1459; x_wconf 77' lang='grc' dir='ltr'><strong>ἐπὶ</strong></span> <span class='ocrx_word' id='word_1_585' title='bbox 3066 1408 3378 1472; x_wconf 87' lang='grc' dir='ltr'><strong>θαλάσσης</strong></span> 
     </span>
    </p>
   </div>
   <div class='ocr_carea' id='block_1_77' title="bbox 1831 1486 3379 1553">
    <p class='ocr_par' dir='ltr' id='par_1_77' title="bbox 1831 1486 3379 1553">
     <span class='ocr_line' id='line_1_77' title="bbox 1831 1486 3379 1553; baseline 0.001 -17"><span class='ocrx_word' id='word_1_586' title='bbox 1831 1486 1909 1548; x_wconf 89' lang='grc' dir='ltr'><strong>ώς</strong></span> <span class='ocrx_word' id='word_1_587' title='bbox 1927 1487 2016 1537; x_wconf 84' lang='grc' dir='ltr'><strong>ἐπ’</strong></span> <span class='ocrx_word' id='word_1_588' title='bbox 2033 1486 2308 1553; x_wconf 77' lang='grc' dir='ltr'><strong>ἐδάφους,</strong></span> <span class='ocrx_word' id='word_1_589' title='bbox 2338 1488 2522 1540; x_wconf 88' lang='grc' dir='ltr'><strong>ποιῶν</strong></span> <span class='ocrx_word' id='word_1_590' title='bbox 2544 1488 2797 1541; x_wconf 87' lang='grc' dir='ltr'><strong>Πλειάδα</strong></span> <span class='ocrx_word' id='word_1_591' title='bbox 2829 1487 2924 1539; x_wconf 83' lang='grc' dir='ltr'><strong>καί</strong></span> <span class='ocrx_word' id='word_1_592' title='bbox 2941 1488 3248 1553; x_wconf 87' lang='grc' dir='ltr'><strong>Ἕσπερον.</strong></span> <span class='ocrx_word' id='word_1_593' title='bbox 3287 1489 3379 1551; x_wconf 81' lang='grc' dir='ltr'><strong>Τίς</strong></span> 
     </span>
    </p>
   </div>
   <div class='ocr_carea' id='block_1_78' title="bbox 1831 1563 3379 1635">
    <p class='ocr_par' dir='ltr' id='par_1_78' title="bbox 1831 1563 3379 1635">
     <span class='ocr_line' id='line_1_78' title="bbox 1831 1563 3379 1635; baseline 0.001 -18"><span class='ocrx_word' id='word_1_594' title='bbox 1831 1568 2106 1635; x_wconf 88' lang='grc' dir='ltr'><strong>κρίματος</strong></span> <span class='ocrx_word' id='word_1_595' title='bbox 2137 1569 2280 1620; x_wconf 87' lang='grc' dir='ltr'><strong>Θεοῦ</strong></span> <span class='ocrx_word' id='word_1_596' title='bbox 2315 1569 2772 1634; x_wconf 87' lang='grc' dir='ltr'><strong>ἀντιστήσεται;</strong></span> <span class='ocrx_word' id='word_1_597' title='bbox 2807 1567 2941 1620; x_wconf 84' lang='grc' dir='ltr'><strong>Ἐάν</strong></span> <span class='ocrx_word' id='word_1_598' title='bbox 2978 1585 3040 1619; x_wconf 88' lang='grc' dir='ltr'><strong>τε</strong></span> <span class='ocrx_word' id='word_1_599' title='bbox 3073 1569 3178 1634; x_wconf 80' lang='grc' dir='ltr'><strong>γὰρ</strong></span> <span class='ocrx_word' id='word_1_600' title='bbox 3209 1563 3255 1619; x_wconf 85' lang='grc' dir='ltr'><strong>ὦ</strong></span> <span class='ocrx_word' id='word_1_601' title='bbox 3293 1567 3379 1618; x_wconf 83' lang='grc' dir='ltr'><strong>δί-</strong></span> 
     </span>
    </p>
   </div>
   <div class='ocr_carea' id='block_1_79' title="bbox 1831 1645 3377 1717">
    <p class='ocr_par' dir='ltr' id='par_1_79' title="bbox 1831 1645 3377 1717">
     <span class='ocr_line' id='line_1_79' title="bbox 1831 1645 3377 1717; baseline -0.001 -16"><span class='ocrx_word' id='word_1_602' title='bbox 1831 1666 2013 1713; x_wconf 85' lang='grc' dir='ltr'><strong>καιος,</strong></span> <span class='ocrx_word' id='word_1_603' title='bbox 2043 1650 2108 1702; x_wconf 88' lang='grc' dir='ltr'><strong>τὸ</strong></span> <span class='ocrx_word' id='word_1_604' title='bbox 2127 1652 2315 1717; x_wconf 90' lang='grc' dir='ltr'><strong>στόμα</strong></span> <span class='ocrx_word' id='word_1_605' title='bbox 2330 1667 2446 1717; x_wconf 91' lang='grc' dir='ltr'><strong>μου</strong></span> <span class='ocrx_word' id='word_1_606' title='bbox 2464 1651 2769 1716; x_wconf 78' lang='grc' dir='ltr'><strong>ἀσεϐήσει·</strong></span> <span class='ocrx_word' id='word_1_607' title='bbox 2793 1649 2905 1702; x_wconf 84' lang='grc' dir='ltr'><strong>κάν</strong></span> <span class='ocrx_word' id='word_1_608' title='bbox 2921 1667 2981 1701; x_wconf 93' lang='grc' dir='ltr'><strong>τε</strong></span> <span class='ocrx_word' id='word_1_609' title='bbox 2998 1645 3044 1702; x_wconf 86' lang='grc' dir='ltr'><strong>ὦ</strong></span> <span class='ocrx_word' id='word_1_610' title='bbox 3062 1648 3377 1715; x_wconf 79' lang='grc' dir='ltr'><strong>ἄμεμπτος,</strong></span> 
     </span>
    </p>
   </div>
   <div class='ocr_carea' id='block_1_80' title="bbox 1831 1730 3379 1800">
    <p class='ocr_par' dir='ltr' id='par_1_80' title="bbox 1831 1730 3379 1800">
     <span class='ocr_line' id='line_1_80' title="bbox 1831 1730 3379 1800; baseline -0.002 -17"><span class='ocrx_word' id='word_1_611' title='bbox 1831 1733 2073 1795; x_wconf 79' lang='grc' dir='ltr'><strong>σκολιὸς</strong></span> <span class='ocrx_word' id='word_1_612' title='bbox 2103 1733 2492 1799; x_wconf 82' lang='grc' dir='ltr'><strong>ἀποϐήσομαι.</strong></span> <span class='ocrx_word' id='word_1_613' title='bbox 2526 1733 2659 1800; x_wconf 68' lang='grc' dir='ltr'><strong>Περὶ</strong></span> <span class='ocrx_word' id='word_1_614' title='bbox 2685 1730 2775 1783; x_wconf 87' lang='lat'><strong>106</strong></span> <span class='ocrx_word' id='word_1_615' title='bbox 2794 1749 2806 1760; x_wconf 90' lang='grc'><strong>⁸</strong></span> <span class='ocrx_word' id='word_1_616' title='bbox 2843 1731 2902 1782; x_wconf 89' lang='lat'><strong>&#39;0</strong></span> <span class='ocrx_word' id='word_1_617' title='bbox 2919 1731 3058 1794; x_wconf 89' lang='grc' dir='ltr'><strong>βίος</strong></span> <span class='ocrx_word' id='word_1_618' title='bbox 3079 1730 3195 1796; x_wconf 92' lang='grc' dir='ltr'><strong>μού</strong></span> <span class='ocrx_word' id='word_1_619' title='bbox 3215 1730 3379 1780; x_wconf 82' lang='grc' dir='ltr'><strong>ἐστιν</strong></span> 
     </span>
    </p>
   </div>
   <div class='ocr_carea' id='block_1_81' title="bbox 1829 1811 3378 1879">
    <p class='ocr_par' dir='ltr' id='par_1_81' title="bbox 1829 1811 3378 1879">
     <span class='ocr_line' id='line_1_81' title="bbox 1829 1811 3378 1879; baseline -0.001 -17"><span class='ocrx_word' id='word_1_620' title='bbox 1829 1811 2219 1877; x_wconf 79' lang='grc' dir='ltr'><strong>ἐλαφρότερος</strong></span> <span class='ocrx_word' id='word_1_621' title='bbox 2253 1811 2526 1879; x_wconf 87' lang='grc' dir='ltr'><strong>δρομέως.</strong></span> <span class='ocrx_word' id='word_1_622' title='bbox 2562 1815 2626 1863; x_wconf 83' lang='grc' dir='ltr'><strong>Εἰ</strong></span> <span class='ocrx_word' id='word_1_623' title='bbox 2669 1811 2764 1863; x_wconf 79' lang='grc' dir='ltr'><strong>καὶ</strong></span> <span class='ocrx_word' id='word_1_624' title='bbox 2792 1812 2919 1863; x_wconf 86' lang='grc' dir='ltr'><strong>έστί</strong></span> <span class='ocrx_word' id='word_1_625' title='bbox 2964 1811 3181 1863; x_wconf 81' lang='grc' dir='ltr'><strong>ναυσὶν</strong></span> <span class='ocrx_word' id='word_1_626' title='bbox 3211 1811 3378 1875; x_wconf 83' lang='grc' dir='ltr'><strong>ῑχνος</strong></span> 
     </span>
    </p>
   </div>
   <div class='ocr_carea' id='block_1_82' title="bbox 1831 1890 3378 1959">
    <p class='ocr_par' dir='ltr' id='par_1_82' title="bbox 1831 1890 3378 1959">
     <span class='ocr_line' id='line_1_82' title="bbox 1831 1890 3378 1959; baseline 0.002 -16"><span class='ocrx_word' id='word_1_627' title='bbox 1831 1892 1994 1952; x_wconf 82' lang='grc' dir='ltr'><strong>ὀδοῦ,</strong></span> <span class='ocrx_word' id='word_1_628' title='bbox 2030 1893 2065 1957; x_wconf 81' lang='grc' dir='ltr'><em>ἢ</em></span> <span class='ocrx_word' id='word_1_629' title='bbox 2094 1893 2268 1944; x_wconf 80' lang='grc' dir='ltr'><strong>ἀετοῦ</strong></span> <span class='ocrx_word' id='word_1_630' title='bbox 2293 1892 2617 1959; x_wconf 81' lang='grc' dir='ltr'><strong>πετομένου</strong></span> <span class='ocrx_word' id='word_1_631' title='bbox 2637 1891 2947 1957; x_wconf 86' lang='grc' dir='ltr'><strong>ζητοῦντος</strong></span> <span class='ocrx_word' id='word_1_632' title='bbox 2961 1890 3151 1956; x_wconf 86' lang='grc' dir='ltr'><strong>βοράν</strong></span> <span class='ocrx_word' id='word_1_633' title='bbox 3173 1907 3191 1953; x_wconf 85' lang='grc'><strong><em>;</em></strong></span> <span class='ocrx_word' id='word_1_634' title='bbox 3218 1890 3378 1953; x_wconf 82' lang='grc' dir='ltr'><strong>Μνή-</strong></span> 
     </span>
    </p>
   </div>
   <div class='ocr_carea' id='block_1_83' title="bbox 1831 1971 3379 2040">
    <p class='ocr_par' dir='ltr' id='par_1_83' title="bbox 1831 1971 3379 2040">
     <span class='ocr_line' id='line_1_83' title="bbox 1831 1971 3379 2040; baseline -0.002 -15"><span class='ocrx_word' id='word_1_635' title='bbox 1831 1976 2024 2037; x_wconf 88' lang='grc' dir='ltr'><strong>σθητι,</strong></span> <span class='ocrx_word' id='word_1_636' title='bbox 2042 1972 2127 2024; x_wconf 84' lang='grc' dir='ltr'><strong>ὅτι</strong></span> <span class='ocrx_word' id='word_1_637' title='bbox 2159 1975 2354 2038; x_wconf 89' lang='grc' dir='ltr'><strong>πηλόν</strong></span> <span class='ocrx_word' id='word_1_638' title='bbox 2369 1990 2444 2040; x_wconf 87' lang='grc' dir='ltr'><strong>με</strong></span> <span class='ocrx_word' id='word_1_639' title='bbox 2463 1973 2756 2037; x_wconf 81' lang='grc' dir='ltr'><strong>ἔπλασας,</strong></span> <span class='ocrx_word' id='word_1_640' title='bbox 2775 1975 2860 2037; x_wconf 81' lang='grc' dir='ltr'><strong>εἰς</strong></span> <span class='ocrx_word' id='word_1_641' title='bbox 2884 1973 2950 2024; x_wconf 88' lang='grc' dir='ltr'><strong>δὲ</strong></span> <span class='ocrx_word' id='word_1_642' title='bbox 2972 1973 3086 2040; x_wconf 81' lang='grc' dir='ltr'><strong>γῆν</strong></span> <span class='ocrx_word' id='word_1_643' title='bbox 3100 1989 3175 2039; x_wconf 88' lang='grc' dir='ltr'><strong>με</strong></span> <span class='ocrx_word' id='word_1_644' title='bbox 3197 1971 3379 2024; x_wconf 88' lang='grc' dir='ltr'><strong>πάλιν</strong></span> 
     </span>
    </p>
   </div>
   <div class='ocr_carea' id='block_1_84' title="bbox 1829 2053 3379 2122">
    <p class='ocr_par' dir='ltr' id='par_1_84' title="bbox 1829 2053 3379 2122">
     <span class='ocr_line' id='line_1_84' title="bbox 1829 2053 3379 2122; baseline -0.001 -17"><span class='ocrx_word' id='word_1_645' title='bbox 1829 2053 2240 2121; x_wconf 83' lang='grc' dir='ltr'><strong>ἀποστρέφεις.</strong></span> <span class='ocrx_word' id='word_1_646' title='bbox 2277 2055 2344 2106; x_wconf 85' lang='grc' dir='ltr'>Ἢ</span> <span class='ocrx_word' id='word_1_647' title='bbox 2363 2057 2473 2119; x_wconf 83' lang='grc' dir='ltr'><strong>οὐχ</strong></span> <span class='ocrx_word' id='word_1_648' title='bbox 2494 2053 2692 2120; x_wconf 86' lang='grc' dir='ltr'><strong>ὥσπερ</strong></span> <span class='ocrx_word' id='word_1_649' title='bbox 2721 2055 2872 2122; x_wconf 82' lang='grc' dir='ltr'><strong>γάλα</strong></span> <span class='ocrx_word' id='word_1_650' title='bbox 2887 2071 2962 2121; x_wconf 91' lang='grc' dir='ltr'><strong>με</strong></span> <span class='ocrx_word' id='word_1_651' title='bbox 2981 2054 3261 2122; x_wconf 79' lang='grc' dir='ltr'><strong>ήμελξας,</strong></span> <span class='ocrx_word' id='word_1_652' title='bbox 3285 2053 3379 2106; x_wconf 74' lang='grc' dir='ltr'><strong>καὶ</strong></span> 
     </span>
    </p>
   </div>
   <div class='ocr_carea' id='block_1_85' title="bbox 1828 2135 3380 2203">
    <p class='ocr_par' dir='ltr' id='par_1_85' title="bbox 1828 2135 3380 2203">
     <span class='ocr_line' id='line_1_85' title="bbox 1828 2135 3380 2203; baseline 0.001 -18"><span class='ocrx_word' id='word_1_653' title='bbox 1828 2136 1895 2187; x_wconf 75' lang='grc' dir='ltr'><strong>τὰ</strong></span> <span class='ocrx_word' id='word_1_654' title='bbox 1941 2135 2084 2203; x_wconf 78' lang='grc' dir='ltr'><strong>ἑξῆς.</strong></span> <span class='ocrx_word' id='word_1_655' title='bbox 2127 2136 2346 2200; x_wconf 87' lang='grc' dir='ltr'><strong>Ὥσπερ</strong></span> <span class='ocrx_word' id='word_1_656' title='bbox 2379 2136 2660 2202; x_wconf 85' lang='grc' dir='ltr'><strong>ἐγινόμην</strong></span> <span class='ocrx_word' id='word_1_657' title='bbox 2692 2138 2800 2188; x_wconf 87' lang='grc' dir='ltr'><strong>οὐκ</strong></span> <span class='ocrx_word' id='word_1_658' title='bbox 2839 2137 2940 2188; x_wconf 82' lang='grc' dir='ltr'><strong>ὢν.</strong></span> <span class='ocrx_word' id='word_1_659' title='bbox 2969 2137 3126 2188; x_wconf 81' lang='grc' dir='ltr'><strong>Διατί</strong></span> <span class='ocrx_word' id='word_1_660' title='bbox 3173 2135 3240 2187; x_wconf 85' lang='grc' dir='ltr'><strong>ἐκ</strong></span> <span class='ocrx_word' id='word_1_661' title='bbox 3278 2149 3380 2202; x_wconf 85' lang='grc' dir='ltr'><strong>γα-</strong></span> 
     </span>
    </p>
   </div>
   <div class='ocr_carea' id='block_1_86' title="bbox 1829 2214 3185 2286">
    <p class='ocr_par' dir='ltr' id='par_1_86' title="bbox 1829 2214 3185 2286">
     <span class='ocr_line' id='line_1_86' title="bbox 1829 2214 3185 2286; baseline 0.001 -21"><span class='ocrx_word' id='word_1_662' title='bbox 1829 2215 2008 2279; x_wconf 79' lang='grc' dir='ltr'><strong>στρὸς</strong></span> <span class='ocrx_word' id='word_1_663' title='bbox 2037 2219 2124 2279; x_wconf 87' lang='grc' dir='ltr'><strong>εἰς</strong></span> <span class='ocrx_word' id='word_1_664' title='bbox 2144 2215 2349 2282; x_wconf 83' lang='grc' dir='ltr'><strong>μνῆμα</strong></span> <span class='ocrx_word' id='word_1_665' title='bbox 2375 2219 2482 2268; x_wconf 83' lang='grc' dir='ltr'><strong>οὐκ</strong></span> <span class='ocrx_word' id='word_1_666' title='bbox 2513 2215 2907 2282; x_wconf 69' lang='grc' dir='ltr'><strong>ἀπηλλάγην;</strong></span> <span class='ocrx_word' id='word_1_667' title='bbox 2939 2217 3017 2269; x_wconf 85' lang='grc' dir='ltr'><strong>ὅτι</strong></span> <span class='ocrx_word' id='word_1_668' title='bbox 3043 2214 3185 2286; x_wconf 74' lang='lat' dir='ltr'><strong>[sic].</strong></span> 
     </span>
    </p>
   </div>
   <div class='ocr_carea' id='block_1_87' title="bbox 1900 2313 3380 2384">
    <p class='ocr_par' dir='ltr' id='par_1_87' title="bbox 1900 2313 3380 2384">
     <span class='ocr_line' id='line_1_87' title="bbox 1900 2313 3380 2384; baseline 0.002 -20"><span class='ocrx_word' id='word_1_669' title='bbox 1900 2313 2054 2365; x_wconf 81' lang='grc' dir='ltr'><strong>Μετὰ</strong></span> <span class='ocrx_word' id='word_1_670' title='bbox 2099 2315 2320 2381; x_wconf 78' lang='grc' dir='ltr'><strong>Ἐλιφὰζ</strong></span> <span class='ocrx_word' id='word_1_671' title='bbox 2346 2314 2570 2377; x_wconf 82' lang='grc' dir='ltr'><strong>Βαλδὰδ,</strong></span> <span class='ocrx_word' id='word_1_672' title='bbox 2601 2315 2734 2383; x_wconf 85' lang='grc' dir='ltr'><strong>μετὰ</strong></span> <span class='ocrx_word' id='word_1_673' title='bbox 2764 2315 2965 2368; x_wconf 82' lang='grc' dir='ltr'><strong>Βαλδάδ</strong></span> <span class='ocrx_word' id='word_1_674' title='bbox 2987 2314 3181 2384; x_wconf 79' lang='grc' dir='ltr'><strong>Σωφὰρ</strong></span> <span class='ocrx_word' id='word_1_675' title='bbox 3205 2315 3233 2367; x_wconf 85' lang='grc' dir='ltr'>ὁ</span> <span class='ocrx_word' id='word_1_676' title='bbox 3260 2315 3380 2382; x_wconf 86' lang='grc' dir='ltr'><strong>Μη-</strong></span> 
     </span>
    </p>
   </div>
   <div class='ocr_carea' id='block_1_88' title="bbox 1829 2396 3377 2464">
    <p class='ocr_par' dir='ltr' id='par_1_88' title="bbox 1829 2396 3377 2464">
     <span class='ocr_line' id='line_1_88' title="bbox 1829 2396 3377 2464; baseline 0.001 -19"><span class='ocrx_word' id='word_1_677' title='bbox 1829 2397 1972 2457; x_wconf 85' lang='grc' dir='ltr'><strong>ναῖος</strong></span> <span class='ocrx_word' id='word_1_678' title='bbox 2011 2396 2148 2447; x_wconf 80' lang='grc' dir='ltr'><strong>κατά</strong></span> <span class='ocrx_word' id='word_1_679' title='bbox 2177 2396 2273 2464; x_wconf 80' lang='grc' dir='ltr'><strong>τὴν</strong></span> <span class='ocrx_word' id='word_1_680' title='bbox 2308 2397 2507 2448; x_wconf 86' lang='grc' dir='ltr'><strong>οἰκείαν</strong></span> <span class='ocrx_word' id='word_1_681' title='bbox 2555 2397 2722 2460; x_wconf 80' lang='grc' dir='ltr'><strong>τάξιν,</strong></span> <span class='ocrx_word' id='word_1_682' title='bbox 2772 2397 2902 2450; x_wconf 81' lang='grc' dir='ltr'><strong>ὥσθ’</strong></span> <span class='ocrx_word' id='word_1_683' title='bbox 2931 2398 3154 2449; x_wconf 76' lang='grc' dir='ltr'><strong>ἕκαστον</strong></span> <span class='ocrx_word' id='word_1_684' title='bbox 3198 2396 3377 2448; x_wconf 83' lang='grc' dir='ltr'><strong>αὐτῶν</strong></span> 
     </span>
    </p>
   </div>
   <div class='ocr_carea' id='block_1_89' title="bbox 1831 2475 3377 2547">
    <p class='ocr_par' dir='ltr' id='par_1_89' title="bbox 1831 2475 3377 2547">
     <span class='ocr_line' id='line_1_89' title="bbox 1831 2475 3377 2547; baseline 0.001 -21"><span class='ocrx_word' id='word_1_685' title='bbox 1831 2475 2140 2543; x_wconf 83' lang='grc' dir='ltr'><strong>περιμένειν</strong></span> <span class='ocrx_word' id='word_1_686' title='bbox 2162 2475 2228 2528; x_wconf 86' lang='grc' dir='ltr'><strong>τὰ</strong></span> <span class='ocrx_word' id='word_1_687' title='bbox 2257 2478 2534 2546; x_wconf 82' lang='grc' dir='ltr'><strong>κρείττονα</strong></span> <span class='ocrx_word' id='word_1_688' title='bbox 2558 2477 2734 2544; x_wconf 86' lang='grc' dir='ltr'><strong>λέγειν</strong></span> <span class='ocrx_word' id='word_1_689' title='bbox 2760 2479 2892 2547; x_wconf 82' lang='grc' dir='ltr'><strong>πρὸς</strong></span> <span class='ocrx_word' id='word_1_690' title='bbox 2917 2479 3006 2530; x_wconf 84' lang='grc' dir='ltr'><strong>τὸν</strong></span> <span class='ocrx_word' id='word_1_691' title='bbox 3038 2477 3176 2530; x_wconf 86' lang='grc' dir='ltr'><strong>Ἰώϐ.</strong></span> <span class='ocrx_word' id='word_1_692' title='bbox 3221 2479 3278 2528; x_wconf 90' lang='lat'><strong>&#39;0</strong></span> <span class='ocrx_word' id='word_1_693' title='bbox 3307 2476 3377 2528; x_wconf 80' lang='grc' dir='ltr'><strong>τὰ</strong></span> 
     </span>
    </p>
   </div>
   <div class='ocr_carea' id='block_1_90' title="bbox 1829 2555 3377 2627">
    <p class='ocr_par' dir='ltr' id='par_1_90' title="bbox 1829 2555 3377 2627">
     <span class='ocr_line' id='line_1_90' title="bbox 1829 2555 3377 2627; baseline 0.001 -21"><span class='ocrx_word' id='word_1_694' title='bbox 1829 2556 2025 2607; x_wconf 84' lang='grc' dir='ltr'><strong>πολλὰ</strong></span> <span class='ocrx_word' id='word_1_695' title='bbox 2063 2555 2272 2623; x_wconf 63' lang='grc' dir='ltr'><strong>λέγων,</strong></span> <span class='ocrx_word' id='word_1_696' title='bbox 2310 2557 2406 2608; x_wconf 81' lang='grc' dir='ltr'><strong>καὶ</strong></span> <span class='ocrx_word' id='word_1_697' title='bbox 2451 2559 2901 2611; x_wconf 81' lang='grc' dir='ltr'><strong>ἀντακούσεται.</strong></span> <span class='ocrx_word' id='word_1_698' title='bbox 2952 2560 3080 2627; x_wconf 77' lang='grc' dir='ltr'><strong>Περὶ</strong></span> <span class='ocrx_word' id='word_1_699' title='bbox 3113 2557 3206 2609; x_wconf 89' lang='lat'><strong>106</strong></span> <span class='ocrx_word' id='word_1_700' title='bbox 3233 2575 3244 2586; x_wconf 94' lang='grc'><strong>⁸</strong></span> <span class='ocrx_word' id='word_1_701' title='bbox 3297 2559 3377 2609; x_wconf 83' lang='grc' dir='ltr'><strong>ὅτι</strong></span> 
     </span>
    </p>
   </div>
   <div class='ocr_carea' id='block_1_91' title="bbox 1842 2637 3379 2707">
    <p class='ocr_par' dir='ltr' id='par_1_91' title="bbox 1842 2637 3379 2707">
     <span class='ocr_line' id='line_1_91' title="bbox 1842 2637 3379 2707; baseline 0.001 -19"><span class='ocrx_word' id='word_1_702' title='bbox 1842 2637 2202 2704; x_wconf 71' lang='grc' dir='ltr'><strong>Ἀναλάμψει</strong></span> <span class='ocrx_word' id='word_1_703' title='bbox 2221 2654 2334 2691; x_wconf 90' lang='grc' dir='ltr'><strong>σου</strong></span> <span class='ocrx_word' id='word_1_704' title='bbox 2367 2638 2432 2690; x_wconf 82' lang='grc' dir='ltr'><strong>τὸ</strong></span> <span class='ocrx_word' id='word_1_705' title='bbox 2455 2639 2776 2702; x_wconf 87' lang='grc' dir='ltr'><strong>πρόσωπον</strong></span> <span class='ocrx_word' id='word_1_706' title='bbox 2797 2640 2994 2707; x_wconf 84' lang='grc' dir='ltr'><strong>ὥσπερ</strong></span> <span class='ocrx_word' id='word_1_707' title='bbox 3021 2639 3171 2705; x_wconf 86' lang='grc' dir='ltr'><strong>ὕδωρ</strong></span> <span class='ocrx_word' id='word_1_708' title='bbox 3203 2641 3379 2690; x_wconf 85' lang='grc' dir='ltr'><strong>καθα-</strong></span> 
     </span>
    </p>
   </div>
   <div class='ocr_carea' id='block_1_92' title="bbox 1822 2719 3375 2789">
    <p class='ocr_par' dir='ltr' id='par_1_92' title="bbox 1822 2719 3375 2789">
     <span class='ocr_line' id='line_1_92' title="bbox 1822 2719 3375 2789; baseline -0.001 -17"><span class='ocrx_word' id='word_1_709' title='bbox 1822 2722 1954 2784; x_wconf 86' lang='grc' dir='ltr'><strong>ρόν.</strong></span> <span class='ocrx_word' id='word_1_710' title='bbox 2013 2719 2271 2785; x_wconf 77' lang='grc' dir='ltr'><strong>Ἐκδύσῃ</strong></span> <span class='ocrx_word' id='word_1_711' title='bbox 2316 2719 2382 2771; x_wconf 88' lang='lat'><strong>66</strong></span> <span class='ocrx_word' id='word_1_712' title='bbox 2414 2721 2629 2785; x_wconf 77' lang='grc' dir='ltr'><strong>ῥύπον,</strong></span> <span class='ocrx_word' id='word_1_713' title='bbox 2673 2722 2768 2772; x_wconf 80' lang='grc' dir='ltr'><strong>καὶ</strong></span> <span class='ocrx_word' id='word_1_714' title='bbox 2801 2724 2871 2774; x_wconf 87' lang='grc' dir='ltr'><strong>οὺ</strong></span> <span class='ocrx_word' id='word_1_715' title='bbox 2900 2721 3208 2789; x_wconf 81' lang='grc' dir='ltr'><strong>φοϐηθήσῃ</strong></span> <span class='ocrx_word' id='word_1_716' title='bbox 3230 2759 3243 2780; x_wconf 91' lang='grc'><strong>,</strong></span> <span class='ocrx_word' id='word_1_717' title='bbox 3279 2719 3375 2772; x_wconf 77' lang='grc' dir='ltr'><strong>καί</strong></span> 
     </span>
    </p>
   </div>
   <div class='ocr_carea' id='block_1_93' title="bbox 1831 2798 3378 2869">
    <p class='ocr_par' dir='ltr' id='par_1_93' title="bbox 1831 2798 3378 2869">
     <span class='ocr_line' id='line_1_93' title="bbox 1831 2798 3378 2869; baseline 0.003 -19"><span class='ocrx_word' id='word_1_718' title='bbox 1831 2799 1936 2850; x_wconf 87' lang='grc' dir='ltr'><strong>τὸν</strong></span> <span class='ocrx_word' id='word_1_719' title='bbox 1964 2801 2151 2853; x_wconf 86' lang='grc' dir='ltr'><strong>κόπον</strong></span> <span class='ocrx_word' id='word_1_720' title='bbox 2165 2799 2423 2866; x_wconf 77' lang='grc' dir='ltr'><strong>ἐπιλήσῃ</strong></span> <span class='ocrx_word' id='word_1_721' title='bbox 2438 2799 2636 2868; x_wconf 81' lang='grc' dir='ltr'><strong>ὥσπερ</strong></span> <span class='ocrx_word' id='word_1_722' title='bbox 2658 2802 2814 2869; x_wconf 89' lang='grc' dir='ltr'><strong>κῦμα</strong></span> <span class='ocrx_word' id='word_1_723' title='bbox 2838 2803 3151 2869; x_wconf 83' lang='grc' dir='ltr'><strong>παρελθόν.</strong></span> <span class='ocrx_word' id='word_1_724' title='bbox 3183 2801 3253 2854; x_wconf 83' lang='grc' dir='ltr'><em>Ἣ</em></span> <span class='ocrx_word' id='word_1_725' title='bbox 3270 2798 3378 2868; x_wconf 78' lang='grc' dir='ltr'><strong>γὰρ</strong></span> 
     </span>
    </p>
   </div>
   <div class='ocr_carea' id='block_1_94' title="bbox 1830 2884 2754 2954">
    <p class='ocr_par' dir='ltr' id='par_1_94' title="bbox 1830 2884 2754 2954">
     <span class='ocr_line' id='line_1_94' title="bbox 1830 2884 2754 2954; baseline 0.003 -19"><span class='ocrx_word' id='word_1_726' title='bbox 1830 2885 1977 2950; x_wconf 80' lang='grc' dir='ltr'><strong>εὐχή</strong></span> <span class='ocrx_word' id='word_1_727' title='bbox 2012 2896 2126 2936; x_wconf 90' lang='grc' dir='ltr'><strong>σου</strong></span> <span class='ocrx_word' id='word_1_728' title='bbox 2154 2884 2232 2948; x_wconf 90' lang='grc' dir='ltr'><strong>ὼς</strong></span> <span class='ocrx_word' id='word_1_729' title='bbox 2263 2884 2410 2954; x_wconf 80' lang='grc'>[569]</span> <span class='ocrx_word' id='word_1_730' title='bbox 2436 2885 2754 2953; x_wconf 80' lang='grc' dir='ltr'><strong>ἑωσφόρος.</strong></span> 
     </span>
    </p>
   </div>
   <div class='ocr_carea' id='block_1_95' title="bbox 1903 2977 3379 3047">
    <p class='ocr_par' dir='ltr' id='par_1_95' title="bbox 1903 2977 3379 3047">
     <span class='ocr_line' id='line_1_95' title="bbox 1903 2977 3379 3047; baseline 0.001 -19"><span class='ocrx_word' id='word_1_731' title='bbox 1903 2977 2095 3046; x_wconf 89' lang='grc' dir='ltr'><strong>Πρώτη</strong></span> <span class='ocrx_word' id='word_1_732' title='bbox 2118 2977 2209 3028; x_wconf 77' lang='grc' dir='ltr'><strong>τοῦ</strong></span> <span class='ocrx_word' id='word_1_733' title='bbox 2245 2977 2362 3028; x_wconf 82' lang='grc' dir='ltr'><strong>Ἰὼϐ</strong></span> <span class='ocrx_word' id='word_1_734' title='bbox 2395 2978 2525 3046; x_wconf 79' lang='grc' dir='ltr'><strong>πρὸς</strong></span> <span class='ocrx_word' id='word_1_735' title='bbox 2544 2979 2736 3047; x_wconf 78' lang='grc' dir='ltr'><strong>Σωφὰρ</strong></span> <span class='ocrx_word' id='word_1_736' title='bbox 2757 2978 3034 3043; x_wconf 76' lang='grc' dir='ltr'><strong>ἀντίλεξιςο</strong></span> <span class='ocrx_word' id='word_1_737' title='bbox 3064 2981 3165 3043; x_wconf 84' lang='grc' dir='ltr'><strong>ὅτι,</strong></span> <span class='ocrx_word' id='word_1_738' title='bbox 3199 2979 3379 3047; x_wconf 85' lang='grc' dir='ltr'><strong>Ὑμεῖς</strong></span> 
     </span>
    </p>
   </div>
   <div class='ocr_carea' id='block_1_96' title="bbox 1826 3058 3380 3127">
    <p class='ocr_par' dir='ltr' id='par_1_96' title="bbox 1826 3058 3380 3127">
     <span class='ocr_line' id='line_1_96' title="bbox 1826 3058 3380 3127; baseline 0.001 -16"><span class='ocrx_word' id='word_1_739' title='bbox 1826 3061 1996 3127; x_wconf 89' lang='grc' dir='ltr'><strong>μόνοι</strong></span> <span class='ocrx_word' id='word_1_740' title='bbox 2023 3059 2162 3109; x_wconf 84' lang='grc' dir='ltr'><strong>ἐστὲ</strong></span> <span class='ocrx_word' id='word_1_741' title='bbox 2184 3060 2494 3123; x_wconf 83' lang='grc' dir='ltr'><strong>ἅνθρωποι,</strong></span> <span class='ocrx_word' id='word_1_742' title='bbox 2525 3060 2560 3124; x_wconf 80' lang='grc' dir='ltr'><em>ἢ</em></span> <span class='ocrx_word' id='word_1_743' title='bbox 2579 3062 2706 3124; x_wconf 82' lang='grc' dir='ltr'><strong>μεθ’</strong></span> <span class='ocrx_word' id='word_1_744' title='bbox 2735 3058 2898 3126; x_wconf 84' lang='grc' dir='ltr'><strong>ὑμῶν</strong></span> <span class='ocrx_word' id='word_1_745' title='bbox 2913 3062 3254 3126; x_wconf 88' lang='grc' dir='ltr'><strong>τελευτήσει</strong></span> <span class='ocrx_word' id='word_1_746' title='bbox 3277 3078 3380 3112; x_wconf 89' lang='grc' dir='ltr'><strong>σο-</strong></span> 
     </span>
    </p>
   </div>
   <div class='ocr_carea' id='block_1_97' title="bbox 1832 3138 3377 3208">
    <p class='ocr_par' dir='ltr' id='par_1_97' title="bbox 1832 3138 3377 3208">
     <span class='ocr_line' id='line_1_97' title="bbox 1832 3138 3377 3208; baseline 0.001 -18"><span class='ocrx_word' id='word_1_747' title='bbox 1832 3139 1971 3206; x_wconf 71' lang='grc' dir='ltr'><strong>φίας</strong></span> <span class='ocrx_word' id='word_1_748' title='bbox 1999 3139 2178 3205; x_wconf 79' lang='grc' dir='ltr'><strong>Κάμοί</strong></span> <span class='ocrx_word' id='word_1_749' title='bbox 2202 3138 2315 3204; x_wconf 86' lang='grc' dir='ltr'><strong>μὲν</strong></span> <span class='ocrx_word' id='word_1_750' title='bbox 2340 3138 2549 3204; x_wconf 79' lang='grc' dir='ltr'><strong>καρδία</strong></span> <span class='ocrx_word' id='word_1_751' title='bbox 2575 3139 2702 3192; x_wconf 78' lang='grc' dir='ltr'><strong>καθ’</strong></span> <span class='ocrx_word' id='word_1_752' title='bbox 2727 3138 2878 3207; x_wconf 83' lang='grc' dir='ltr'><strong>ὑμᾶς</strong></span> <span class='ocrx_word' id='word_1_753' title='bbox 2910 3141 3093 3193; x_wconf 73' lang='grc' dir='ltr'><strong>ἔσται.</strong></span> <span class='ocrx_word' id='word_1_754' title='bbox 3120 3139 3377 3208; x_wconf 77' lang='grc' dir='ltr'><strong>Περὶτοῦ,</strong></span> 
     </span>
    </p>
   </div>
   <div class='ocr_carea' id='block_1_98' title="bbox 1838 3219 3380 3288">
    <p class='ocr_par' dir='ltr' id='par_1_98' title="bbox 1838 3219 3380 3288">
     <span class='ocr_line' id='line_1_98' title="bbox 1838 3219 3380 3288; baseline 0 -15"><span class='ocrx_word' id='word_1_755' title='bbox 1838 3222 1930 3286; x_wconf 87' lang='grc' dir='ltr'><strong>Τίς</strong></span> <span class='ocrx_word' id='word_1_756' title='bbox 1975 3223 2083 3273; x_wconf 87' lang='grc' dir='ltr'><strong>οὐκ</strong></span> <span class='ocrx_word' id='word_1_757' title='bbox 2110 3219 2260 3286; x_wconf 66' lang='grc' dir='ltr'><strong>ἔγνω</strong></span> <span class='ocrx_word' id='word_1_758' title='bbox 2298 3221 2366 3271; x_wconf 83' lang='grc' dir='ltr'><strong>ἐν</strong></span> <span class='ocrx_word' id='word_1_759' title='bbox 2399 3219 2545 3273; x_wconf 84' lang='grc' dir='ltr'><strong>πᾶσι</strong></span> <span class='ocrx_word' id='word_1_760' title='bbox 2591 3222 2840 3283; x_wconf 85' lang='grc' dir='ltr'><strong>τούτοις,</strong></span> <span class='ocrx_word' id='word_1_761' title='bbox 2877 3221 2963 3273; x_wconf 84' lang='grc' dir='ltr'><strong>ὅτι</strong></span> <span class='ocrx_word' id='word_1_762' title='bbox 2999 3223 3123 3288; x_wconf 71' lang='grc' dir='ltr'><strong>χεὶρ</strong></span> <span class='ocrx_word' id='word_1_763' title='bbox 3165 3223 3380 3288; x_wconf 85' lang='grc' dir='ltr'><strong>Κυρίου</strong></span> 
     </span>
    </p>
   </div>
   <div class='ocr_carea' id='block_1_99' title="bbox 1833 3301 3380 3370">
    <p class='ocr_par' dir='ltr' id='par_1_99' title="bbox 1833 3301 3380 3370">
     <span class='ocr_line' id='line_1_99' title="bbox 1833 3301 3380 3370; baseline -0.002 -14"><span class='ocrx_word' id='word_1_764' title='bbox 1833 3304 2081 3370; x_wconf 83' lang='grc' dir='ltr'><strong>ἐποίησε</strong></span> <span class='ocrx_word' id='word_1_765' title='bbox 2102 3302 2284 3354; x_wconf 85' lang='grc' dir='ltr'><strong>ταῦτα</strong></span> <span class='ocrx_word' id='word_1_766' title='bbox 2303 3319 2320 3365; x_wconf 86' lang='grc'><strong><em>;</em></strong></span> <span class='ocrx_word' id='word_1_767' title='bbox 2342 3303 2466 3354; x_wconf 87' lang='grc' dir='ltr'><strong>Ὅτι</strong></span> <span class='ocrx_word' id='word_1_768' title='bbox 2493 3303 2561 3354; x_wconf 90' lang='grc' dir='ltr'><strong>έν</strong></span> <span class='ocrx_word' id='word_1_769' title='bbox 2586 3301 2658 3367; x_wconf 77' lang='grc' dir='ltr'><strong>τῇ</strong></span> <span class='ocrx_word' id='word_1_770' title='bbox 2680 3304 2825 3370; x_wconf 86' lang='grc' dir='ltr'><strong>χειρί</strong></span> <span class='ocrx_word' id='word_1_771' title='bbox 2851 3303 3030 3356; x_wconf 85' lang='grc' dir='ltr'><strong>αὑτοῦ</strong></span> <span class='ocrx_word' id='word_1_772' title='bbox 3046 3302 3212 3369; x_wconf 67' lang='grc' dir='ltr'><strong>ψυχὴ</strong></span> <span class='ocrx_word' id='word_1_773' title='bbox 3235 3302 3380 3354; x_wconf 88' lang='grc' dir='ltr'><strong>πάν-</strong></span> 
     </span>
    </p>
   </div>
   <div class='ocr_carea' id='block_1_100' title="bbox 1835 3383 3377 3451">
    <p class='ocr_par' dir='ltr' id='par_1_100' title="bbox 1835 3383 3377 3451">
     <span class='ocr_line' id='line_1_100' title="bbox 1835 3383 3377 3451; baseline -0.001 -16"><span class='ocrx_word' id='word_1_774' title='bbox 1835 3401 1950 3436; x_wconf 85' lang='grc' dir='ltr'><strong>των</strong></span> <span class='ocrx_word' id='word_1_775' title='bbox 1981 3383 2097 3435; x_wconf 87' lang='grc' dir='ltr'><strong>τῶν</strong></span> <span class='ocrx_word' id='word_1_776' title='bbox 2125 3383 2368 3444; x_wconf 85' lang='grc' dir='ltr'><strong>ζώντων,</strong></span> <span class='ocrx_word' id='word_1_777' title='bbox 2411 3384 2506 3435; x_wconf 82' lang='grc' dir='ltr'><strong>καί</strong></span> <span class='ocrx_word' id='word_1_778' title='bbox 2549 3383 2778 3451; x_wconf 85' lang='grc' dir='ltr'><strong>πνεῦμα</strong></span> <span class='ocrx_word' id='word_1_779' title='bbox 2809 3383 3028 3448; x_wconf 86' lang='grc' dir='ltr'><strong>παντὸς</strong></span> <span class='ocrx_word' id='word_1_780' title='bbox 3050 3383 3377 3450; x_wconf 86' lang='grc' dir='ltr'><strong>ἀνθρώπου.</strong></span> 
     </span>
    </p>
   </div>
   <div class='ocr_carea' id='block_1_101' title="bbox 1848 3466 3377 3534">
    <p class='ocr_par' dir='ltr' id='par_1_101' title="bbox 1848 3466 3377 3534">
     <span class='ocr_line' id='line_1_101' title="bbox 1848 3466 3377 3534; baseline -0.003 -15"><span class='ocrx_word' id='word_1_781' title='bbox 1848 3469 1999 3530; x_wconf 82' lang='grc' dir='ltr'><strong>Ἐὰν,</strong></span> <span class='ocrx_word' id='word_1_782' title='bbox 2043 3468 2194 3534; x_wconf 69' lang='grc' dir='ltr'><strong>φησὶ,</strong></span> <span class='ocrx_word' id='word_1_783' title='bbox 2227 3466 2291 3518; x_wconf 83' lang='grc' dir='ltr'><strong>τὸ</strong></span> <span class='ocrx_word' id='word_1_784' title='bbox 2320 3466 2474 3533; x_wconf 81' lang='grc' dir='ltr'><strong>ὕδωρ</strong></span> <span class='ocrx_word' id='word_1_785' title='bbox 2503 3468 2767 3532; x_wconf 83' lang='grc' dir='ltr'><strong>κωλύσῃ,</strong></span> <span class='ocrx_word' id='word_1_786' title='bbox 2820 3466 3066 3533; x_wconf 79' lang='grc' dir='ltr'><strong>ξηρανεῒ</strong></span> <span class='ocrx_word' id='word_1_787' title='bbox 3088 3466 3200 3520; x_wconf 72' lang='grc' dir='ltr'><strong>τὴν</strong></span> <span class='ocrx_word' id='word_1_788' title='bbox 3230 3466 3346 3533; x_wconf 85' lang='grc' dir='ltr'><strong>γῆν</strong></span> <span class='ocrx_word' id='word_1_789' title='bbox 3365 3483 3377 3496; x_wconf 90' lang='grc'><strong>·</strong></span> 
     </span>
    </p>
   </div>
   <div class='ocr_carea' id='block_1_102' title="bbox 1833 3547 3376 3614">
    <p class='ocr_par' dir='ltr' id='par_1_102' title="bbox 1833 3547 3376 3614">
     <span class='ocr_line' id='line_1_102' title="bbox 1833 3547 3376 3614; baseline -0.004 -12"><span class='ocrx_word' id='word_1_790' title='bbox 1833 3551 1939 3602; x_wconf 79' lang='grc' dir='ltr'><strong>ἐὰν</strong></span> <span class='ocrx_word' id='word_1_791' title='bbox 1963 3550 2030 3601; x_wconf 90' lang='grc' dir='ltr'><strong>δὲ</strong></span> <span class='ocrx_word' id='word_1_792' title='bbox 2071 3548 2267 3614; x_wconf 75' lang='grc' dir='ltr'><strong>ἐπαφῇ</strong></span> <span class='ocrx_word' id='word_1_793' title='bbox 2290 3589 2305 3612; x_wconf 93' lang='grc'><strong>,</strong></span> <span class='ocrx_word' id='word_1_794' title='bbox 2355 3548 2666 3601; x_wconf 85' lang='grc' dir='ltr'><strong>ἀπώλεσεν</strong></span> <span class='ocrx_word' id='word_1_795' title='bbox 2707 3547 2898 3613; x_wconf 79' lang='grc' dir='ltr'><strong>αὐτὴν</strong></span> <span class='ocrx_word' id='word_1_796' title='bbox 2948 3547 3376 3613; x_wconf 68' lang='grc' dir='ltr'><strong>καταστρέψας.</strong></span> 
     </span>
    </p>
   </div>
   <div class='ocr_carea' id='block_1_103' title="bbox 1837 3627 3380 3698">
    <p class='ocr_par' dir='ltr' id='par_1_103' title="bbox 1837 3627 3380 3698">
     <span class='ocr_line' id='line_1_103' title="bbox 1837 3627 3380 3698; baseline -0.001 -16"><span class='ocrx_word' id='word_1_797' title='bbox 1837 3632 1971 3698; x_wconf 74' lang='grc' dir='ltr'><strong>Περὶ</strong></span> <span class='ocrx_word' id='word_1_798' title='bbox 1998 3629 2114 3691; x_wconf 81' lang='grc' dir='ltr'><strong>τοῦ,</strong></span> <span class='ocrx_word' id='word_1_799' title='bbox 2157 3631 2247 3693; x_wconf 85' lang='grc' dir='ltr'><strong>Τίς</strong></span> <span class='ocrx_word' id='word_1_800' title='bbox 2293 3629 2547 3694; x_wconf 85' lang='grc' dir='ltr'><strong>καθαρὸς</strong></span> <span class='ocrx_word' id='word_1_801' title='bbox 2588 3629 2755 3681; x_wconf 73' lang='grc' dir='ltr'><strong>ἔσται</strong></span> <span class='ocrx_word' id='word_1_802' title='bbox 2802 3627 2918 3681; x_wconf 90' lang='grc' dir='ltr'><strong>ἀπὸ</strong></span> <span class='ocrx_word' id='word_1_803' title='bbox 2957 3629 3177 3694; x_wconf 85' lang='grc' dir='ltr'><strong>ῥύπου;</strong></span> <span class='ocrx_word' id='word_1_804' title='bbox 3231 3628 3380 3680; x_wconf 80' lang='grc' dir='ltr'><strong>Ἀλλ’</strong></span> 
     </span>
    </p>
   </div>
   <div class='ocr_carea' id='block_1_104' title="bbox 1836 3706 3382 3776">
    <p class='ocr_par' dir='ltr' id='par_1_104' title="bbox 1836 3706 3382 3776">
     <span class='ocr_line' id='line_1_104' title="bbox 1836 3706 3382 3776; baseline -0.003 -11"><span class='ocrx_word' id='word_1_805' title='bbox 1836 3713 2048 3775; x_wconf 82' lang='grc' dir='ltr'><strong>οὐθεὶς,</strong></span> <span class='ocrx_word' id='word_1_806' title='bbox 2082 3709 2188 3762; x_wconf 80' lang='grc' dir='ltr'><strong>ἐὰν</strong></span> <span class='ocrx_word' id='word_1_807' title='bbox 2217 3708 2329 3761; x_wconf 85' lang='grc' dir='ltr'><strong>κᾶν</strong></span> <span class='ocrx_word' id='word_1_808' title='bbox 2361 3711 2463 3776; x_wconf 80' lang='grc' dir='ltr'><strong>μία</strong></span> <span class='ocrx_word' id='word_1_809' title='bbox 2497 3709 2685 3776; x_wconf 83' lang='grc' dir='ltr'><strong>ήμέρα</strong></span> <span class='ocrx_word' id='word_1_810' title='bbox 2710 3713 2741 3761; x_wconf 89' lang='grc' dir='ltr'><strong>ό</strong></span> <span class='ocrx_word' id='word_1_811' title='bbox 2779 3711 2916 3773; x_wconf 89' lang='grc' dir='ltr'><strong>βίος</strong></span> <span class='ocrx_word' id='word_1_812' title='bbox 2940 3708 3123 3762; x_wconf 82' lang='grc' dir='ltr'><strong>αὑτοῦ</strong></span> <span class='ocrx_word' id='word_1_813' title='bbox 3147 3708 3243 3761; x_wconf 86' lang='grc' dir='ltr'><strong>έπί</strong></span> <span class='ocrx_word' id='word_1_814' title='bbox 3274 3706 3382 3773; x_wconf 80' lang='grc' dir='ltr'><strong>τῆς</strong></span> 
     </span>
    </p>
   </div>
   <div class='ocr_carea' id='block_1_105' title="bbox 1837 3787 3378 3859">
    <p class='ocr_par' dir='ltr' id='par_1_105' title="bbox 1837 3787 3378 3859">
     <span class='ocr_line' id='line_1_105' title="bbox 1837 3787 3378 3859; baseline -0.003 -14"><span class='ocrx_word' id='word_1_815' title='bbox 1837 3793 1966 3859; x_wconf 80' lang='grc' dir='ltr'><strong>γῆς.</strong></span> <span class='ocrx_word' id='word_1_816' title='bbox 1999 3793 2126 3854; x_wconf 67' lang='grc' dir='ltr'><strong>Καὶ,</strong></span> <span class='ocrx_word' id='word_1_817' title='bbox 2158 3791 2383 3856; x_wconf 88' lang='grc' dir='ltr'><strong>Δένδρῳ</strong></span> <span class='ocrx_word' id='word_1_818' title='bbox 2411 3791 2579 3842; x_wconf 76' lang='grc' dir='ltr'><strong>ἐστὶν</strong></span> <span class='ocrx_word' id='word_1_819' title='bbox 2605 3791 2779 3854; x_wconf 83' lang='grc' dir='ltr'><strong>ἐλπίς</strong></span> <span class='ocrx_word' id='word_1_820' title='bbox 2802 3806 2816 3820; x_wconf 91' lang='grc'><strong>⁸</strong></span> <span class='ocrx_word' id='word_1_821' title='bbox 2845 3790 2952 3843; x_wconf 77' lang='grc' dir='ltr'><strong>ἐὰν</strong></span> <span class='ocrx_word' id='word_1_822' title='bbox 2978 3790 3093 3857; x_wconf 82' lang='grc' dir='ltr'><strong>μὲν</strong></span> <span class='ocrx_word' id='word_1_823' title='bbox 3131 3787 3378 3855; x_wconf 83' lang='grc' dir='ltr'><strong>ἐκκοπῇ,</strong></span> 
     </span>
    </p>
   </div>
   <div class='ocr_carea' id='block_1_106' title="bbox 1836 3870 3380 3938">
    <p class='ocr_par' dir='ltr' id='par_1_106' title="bbox 1836 3870 3380 3938">
     <span class='ocr_line' id='line_1_106' title="bbox 1836 3870 3380 3938; baseline -0.003 -12"><span class='ocrx_word' id='word_1_824' title='bbox 1836 3875 1931 3926; x_wconf 84' lang='grc' dir='ltr'><strong>καί</strong></span> <span class='ocrx_word' id='word_1_825' title='bbox 1963 3873 2145 3925; x_wconf 83' lang='grc' dir='ltr'><strong>πάλιν</strong></span> <span class='ocrx_word' id='word_1_826' title='bbox 2168 3872 2436 3936; x_wconf 86' lang='grc' dir='ltr'><strong>ἀνθήσει,</strong></span> <span class='ocrx_word' id='word_1_827' title='bbox 2466 3871 2559 3923; x_wconf 85' lang='grc' dir='ltr'><strong>καί</strong></span> <span class='ocrx_word' id='word_1_828' title='bbox 2583 3875 2614 3924; x_wconf 89' lang='grc' dir='ltr'><strong>ό</strong></span> <span class='ocrx_word' id='word_1_829' title='bbox 2645 3871 2947 3938; x_wconf 73' lang='grc' dir='ltr'><strong>,όάδαμνος</strong></span> <span class='ocrx_word' id='word_1_830' title='bbox 2975 3870 3157 3924; x_wconf 85' lang='grc' dir='ltr'><strong>αὐτοῦ</strong></span> <span class='ocrx_word' id='word_1_831' title='bbox 3196 3873 3265 3923; x_wconf 86' lang='grc' dir='ltr'><strong>οὐ</strong></span> <span class='ocrx_word' id='word_1_832' title='bbox 3295 3870 3380 3937; x_wconf 76' lang='grc' dir='ltr'><strong>μὴ</strong></span> 
     </span>
    </p>
   </div>
   <div class='ocr_carea' id='block_1_107' title="bbox 1835 3951 3384 4020">
    <p class='ocr_par' dir='ltr' id='par_1_107' title="bbox 1835 3951 3384 4020">
     <span class='ocr_line' id='line_1_107' title="bbox 1835 3951 3384 4020; baseline -0.003 -14"><span class='ocrx_word' id='word_1_833' title='bbox 1835 3955 2073 4019; x_wconf 83' lang='grc' dir='ltr'><strong>ἐκλίπῃ.</strong></span> <span class='ocrx_word' id='word_1_834' title='bbox 2118 3954 2292 4018; x_wconf 72' lang='grc' dir='ltr'><strong>Ἀνὴρ</strong></span> <span class='ocrx_word' id='word_1_835' title='bbox 2337 3953 2403 4004; x_wconf 88' lang='grc' dir='ltr'><strong>δέ</strong></span> <span class='ocrx_word' id='word_1_836' title='bbox 2447 3953 2810 4017; x_wconf 76' lang='grc' dir='ltr'><strong>τελευτήσας</strong></span> <span class='ocrx_word' id='word_1_837' title='bbox 2836 3952 3018 4020; x_wconf 79' lang='grc' dir='ltr'><strong>ᾤχετο</strong></span> <span class='ocrx_word' id='word_1_838' title='bbox 3038 3969 3050 3982; x_wconf 91' lang='grc'><strong>⁸</strong></span> <span class='ocrx_word' id='word_1_839' title='bbox 3080 3953 3282 4004; x_wconf 88' lang='grc' dir='ltr'><strong>πεσὼν</strong></span> <span class='ocrx_word' id='word_1_840' title='bbox 3316 3951 3384 4002; x_wconf 88' lang='lat'><strong>66</strong></span> 
     </span>
    </p>
   </div>
   <div class='ocr_carea' id='block_1_108' title="bbox 1830 4033 2433 4101">
    <p class='ocr_par' dir='ltr' id='par_1_108' title="bbox 1830 4033 2433 4101">
     <span class='ocr_line' id='line_1_108' title="bbox 1830 4033 2433 4101; baseline -0.007 -14"><span class='ocrx_word' id='word_1_841' title='bbox 1830 4035 2068 4101; x_wconf 87' lang='grc' dir='ltr'><strong>βροτὸς,</strong></span> <span class='ocrx_word' id='word_1_842' title='bbox 2101 4035 2295 4086; x_wconf 85' lang='grc' dir='ltr'><strong>οὐκέτι</strong></span> <span class='ocrx_word' id='word_1_843' title='bbox 2325 4033 2433 4085; x_wconf 83' lang='grc' dir='ltr'><strong>ἐνι.</strong></span> 
     </span>
    </p>
   </div>
   <div class='ocr_carea' id='block_1_109' title="bbox 1907 4123 3382 4198">
    <p class='ocr_par' dir='ltr' id='par_1_109' title="bbox 1907 4123 3382 4198">
     <span class='ocr_line' id='line_1_109' title="bbox 1907 4123 3382 4198; baseline -0.001 -18"><span class='ocrx_word' id='word_1_844' title='bbox 1907 4127 2140 4197; x_wconf 84' lang='grc' dir='ltr'><strong>Δευτέρα</strong></span> <span class='ocrx_word' id='word_1_845' title='bbox 2166 4126 2303 4198; x_wconf 82' lang='grc' dir='ltr'><strong>ἀρχὴ</strong></span> <span class='ocrx_word' id='word_1_846' title='bbox 2334 4126 2511 4178; x_wconf 80' lang='grc' dir='ltr'><strong>πάλιν.</strong></span> <span class='ocrx_word' id='word_1_847' title='bbox 2552 4124 2771 4192; x_wconf 78' lang='grc' dir='ltr'><strong>Ἐλιφὰζ</strong></span> <span class='ocrx_word' id='word_1_848' title='bbox 2798 4125 2929 4194; x_wconf 71' lang='grc' dir='ltr'><strong>πρὸς</strong></span> <span class='ocrx_word' id='word_1_849' title='bbox 2964 4123 3108 4177; x_wconf 86' lang='grc' dir='ltr'><strong>Ἰώϐ·</strong></span> <span class='ocrx_word' id='word_1_850' title='bbox 3142 4125 3240 4185; x_wconf 85' lang='grc' dir='ltr'><strong>ὅτι,</strong></span> <span class='ocrx_word' id='word_1_851' title='bbox 3269 4127 3382 4178; x_wconf 79' lang='grc' dir='ltr'><strong>Πό-</strong></span> 
     </span>
    </p>
   </div>
   <div class='ocr_carea' id='block_1_110' title="bbox 1839 4205 3382 4276">
    <p class='ocr_par' dir='ltr' id='par_1_110' title="bbox 1839 4205 3382 4276">
     <span class='ocr_line' id='line_1_110' title="bbox 1839 4205 3382 4276; baseline -0.002 -15"><span class='ocrx_word' id='word_1_852' title='bbox 1839 4227 2007 4275; x_wconf 83' lang='grc' dir='ltr'><strong>τερον</strong></span> <span class='ocrx_word' id='word_1_853' title='bbox 2032 4209 2224 4276; x_wconf 84' lang='grc' dir='ltr'><strong>σοφὸς</strong></span> <span class='ocrx_word' id='word_1_854' title='bbox 2251 4208 2570 4275; x_wconf 87' lang='grc' dir='ltr'><strong>ἀπόκρισιν</strong></span> <span class='ocrx_word' id='word_1_855' title='bbox 2593 4207 2767 4260; x_wconf 88' lang='grc' dir='ltr'><strong>δώσει</strong></span> <span class='ocrx_word' id='word_1_856' title='bbox 2793 4205 3094 4272; x_wconf 87' lang='grc' dir='ltr'><strong>συνέσεως</strong></span> <span class='ocrx_word' id='word_1_857' title='bbox 3119 4207 3382 4273; x_wconf 71' lang='grc' dir='ltr'><strong>πνεῦμαε</strong></span> 
     </span>
    </p>
   </div>
   <div class='ocr_carea' id='block_1_111' title="bbox 1852 4287 3384 4358">
    <p class='ocr_par' dir='ltr' id='par_1_111' title="bbox 1852 4287 3384 4358">
     <span class='ocr_line' id='line_1_111' title="bbox 1852 4287 3384 4358; baseline -0.001 -16"><span class='ocrx_word' id='word_1_858' title='bbox 1852 4292 2114 4356; x_wconf 82' lang='grc' dir='ltr'><strong>Ἐλέγξαι</strong></span> <span class='ocrx_word' id='word_1_859' title='bbox 2141 4307 2212 4343; x_wconf 92' lang='grc' dir='ltr'><strong>σε</strong></span> <span class='ocrx_word' id='word_1_860' title='bbox 2243 4291 2351 4357; x_wconf 85' lang='grc' dir='ltr'><strong>γὰρ</strong></span> <span class='ocrx_word' id='word_1_861' title='bbox 2381 4291 2448 4344; x_wconf 87' lang='grc' dir='ltr'><strong>τὸ</strong></span> <span class='ocrx_word' id='word_1_862' title='bbox 2480 4292 2670 4358; x_wconf 90' lang='grc' dir='ltr'><strong>στόμα</strong></span> <span class='ocrx_word' id='word_1_863' title='bbox 2702 4304 2836 4350; x_wconf 87' lang='grc' dir='ltr'><strong>σου.</strong></span> <span class='ocrx_word' id='word_1_864' title='bbox 2861 4290 2957 4342; x_wconf 83' lang='grc' dir='ltr'><strong>καί</strong></span> <span class='ocrx_word' id='word_1_865' title='bbox 2979 4287 3063 4356; x_wconf 80' lang='grc' dir='ltr'><strong>μὴ</strong></span> <span class='ocrx_word' id='word_1_866' title='bbox 3090 4288 3219 4356; x_wconf 70' lang='grc' dir='ltr'><strong>ἐγώ.</strong></span> <span class='ocrx_word' id='word_1_867' title='bbox 3249 4289 3384 4358; x_wconf 75' lang='grc' dir='ltr'><strong>Περὶ</strong></span> 
     </span>
    </p>
   </div>
   <div class='ocr_carea' id='block_1_112' title="bbox 1839 4369 3381 4438">
    <p class='ocr_par' dir='ltr' id='par_1_112' title="bbox 1839 4369 3381 4438">
     <span class='ocr_line' id='line_1_112' title="bbox 1839 4369 3381 4438; baseline -0.002 -14"><span class='ocrx_word' id='word_1_868' title='bbox 1839 4372 1951 4430; x_wconf 84' lang='lat'><strong>106,</strong></span> <span class='ocrx_word' id='word_1_869' title='bbox 1988 4374 2073 4435; x_wconf 73' lang='grc' dir='ltr'><strong>Τίς</strong></span> <span class='ocrx_word' id='word_1_870' title='bbox 2100 4373 2206 4438; x_wconf 76' lang='grc' dir='ltr'><strong>γὰρ</strong></span> <span class='ocrx_word' id='word_1_871' title='bbox 2235 4370 2318 4423; x_wconf 86' lang='grc' dir='ltr'><strong>ὢν</strong></span> <span class='ocrx_word' id='word_1_872' title='bbox 2340 4371 2576 4436; x_wconf 84' lang='grc' dir='ltr'><strong>βροτὸς,</strong></span> <span class='ocrx_word' id='word_1_873' title='bbox 2607 4371 2771 4423; x_wconf 78' lang='grc' dir='ltr'><strong>ἕσται</strong></span> <span class='ocrx_word' id='word_1_874' title='bbox 2805 4369 3131 4438; x_wconf 82' lang='grc' dir='ltr'><strong>ἀμεμπτος;</strong></span> <span class='ocrx_word' id='word_1_875' title='bbox 3154 4371 3189 4436; x_wconf 82' lang='grc' dir='ltr'><em>ἢ</em></span> <span class='ocrx_word' id='word_1_876' title='bbox 3217 4370 3381 4422; x_wconf 74' lang='grc' dir='ltr'><strong>ἔσται</strong></span> 
     </span>
    </p>
   </div>
   <div class='ocr_carea' id='block_1_113' title="bbox 1841 4451 2713 4520">
    <p class='ocr_par' dir='ltr' id='par_1_113' title="bbox 1841 4451 2713 4520">
     <span class='ocr_line' id='line_1_113' title="bbox 1841 4451 2713 4520; baseline 0.01 -16"><span class='ocrx_word' id='word_1_877' title='bbox 1841 4451 2067 4516; x_wconf 85' lang='grc' dir='ltr'><strong>δίκαιος</strong></span> <span class='ocrx_word' id='word_1_878' title='bbox 2094 4452 2380 4519; x_wconf 83' lang='grc' dir='ltr'><strong>γεννητὸς</strong></span> <span class='ocrx_word' id='word_1_879' title='bbox 2398 4453 2676 4520; x_wconf 77' lang='grc' dir='ltr'><strong>γυναικός</strong></span> <span class='ocrx_word' id='word_1_880' title='bbox 2695 4467 2713 4513; x_wconf 74' lang='grc' dir='ltr'><em>ἱ</em></span> 
     </span>
    </p>
   </div>
   <div class='ocr_carea' id='block_1_114' title="bbox 1909 4541 3384 4616">
    <p class='ocr_par' dir='ltr' id='par_1_114' title="bbox 1909 4541 3384 4616">
     <span class='ocr_line' id='line_1_114' title="bbox 1909 4541 3384 4616; baseline -0.002 -19"><span class='ocrx_word' id='word_1_881' title='bbox 1909 4546 2141 4616; x_wconf 88' lang='grc' dir='ltr'><strong>Δευτέρα</strong></span> <span class='ocrx_word' id='word_1_882' title='bbox 2193 4545 2452 4608; x_wconf 77' lang='grc' dir='ltr'><strong>ἀντίλεξις</strong></span> <span class='ocrx_word' id='word_1_883' title='bbox 2511 4543 2627 4596; x_wconf 86' lang='grc' dir='ltr'><strong>Ἰὼϐ</strong></span> <span class='ocrx_word' id='word_1_884' title='bbox 2672 4543 2806 4614; x_wconf 85' lang='grc' dir='ltr'><strong>πρὸς</strong></span> <span class='ocrx_word' id='word_1_885' title='bbox 2858 4541 3096 4610; x_wconf 82' lang='grc' dir='ltr'><strong>Ἐλιφάζ.</strong></span> <span class='ocrx_word' id='word_1_886' title='bbox 3141 4543 3384 4607; x_wconf 83' lang='grc' dir='ltr'><strong>Ἀκήκοα</strong></span> 
     </span>
    </p>
   </div>
   <div class='ocr_carea' id='block_1_115' title="bbox 1842 4622 3387 4694">
    <p class='ocr_par' dir='ltr' id='par_1_115' title="bbox 1842 4622 3387 4694">
     <span class='ocr_line' id='line_1_115' title="bbox 1842 4622 3387 4694; baseline -0.001 -17"><span class='ocrx_word' id='word_1_887' title='bbox 1842 4627 1948 4694; x_wconf 81' lang='grc' dir='ltr'><strong>γὰρ</strong></span> <span class='ocrx_word' id='word_1_888' title='bbox 1994 4625 2232 4678; x_wconf 90' lang='grc' dir='ltr'><strong>τοιαῦτα</strong></span> <span class='ocrx_word' id='word_1_889' title='bbox 2280 4623 2492 4677; x_wconf 85' lang='grc' dir='ltr'><strong>πολλά.</strong></span> <span class='ocrx_word' id='word_1_890' title='bbox 2543 4624 2993 4690; x_wconf 84' lang='grc' dir='ltr'><strong>Παρακλήτορες</strong></span> <span class='ocrx_word' id='word_1_891' title='bbox 3030 4623 3136 4691; x_wconf 82' lang='grc' dir='ltr'><strong>γὰρ</strong></span> <span class='ocrx_word' id='word_1_892' title='bbox 3187 4622 3387 4676; x_wconf 80' lang='grc' dir='ltr'><strong>κακῶν</strong></span> 
     </span>
    </p>
   </div>
   <div class='ocr_carea' id='block_1_116' title="bbox 1841 4705 3383 4772">
    <p class='ocr_par' dir='ltr' id='par_1_116' title="bbox 1841 4705 3383 4772">
     <span class='ocr_line' id='line_1_116' title="bbox 1841 4705 3383 4772; baseline 0.001 -14"><span class='ocrx_word' id='word_1_893' title='bbox 1841 4707 2076 4770; x_wconf 89' lang='grc' dir='ltr'><strong>πάντες.</strong></span> <span class='ocrx_word' id='word_1_894' title='bbox 2118 4707 2259 4759; x_wconf 83' lang='grc' dir='ltr'><strong>Ἰδοὺ</strong></span> <span class='ocrx_word' id='word_1_895' title='bbox 2288 4707 2354 4757; x_wconf 85' lang='grc' dir='ltr'><strong>ἐν</strong></span> <span class='ocrx_word' id='word_1_896' title='bbox 2375 4705 2647 4771; x_wconf 80' lang='grc' dir='ltr'><strong>οὐρανοῖς</strong></span> <span class='ocrx_word' id='word_1_897' title='bbox 2673 4709 2704 4758; x_wconf 88' lang='grc' dir='ltr'><strong>ό</strong></span> <span class='ocrx_word' id='word_1_898' title='bbox 2718 4706 2943 4772; x_wconf 87' lang='grc' dir='ltr'><strong>μάρτυς</strong></span> <span class='ocrx_word' id='word_1_899' title='bbox 2960 4722 3100 4772; x_wconf 83' lang='grc' dir='ltr'><strong>μου·</strong></span> <span class='ocrx_word' id='word_1_900' title='bbox 3133 4709 3162 4758; x_wconf 88' lang='grc' dir='ltr'><strong>ό</strong></span> <span class='ocrx_word' id='word_1_901' title='bbox 3179 4705 3247 4757; x_wconf 84' lang='lat'><strong>66</strong></span> <span class='ocrx_word' id='word_1_902' title='bbox 3273 4723 3383 4760; x_wconf 82' lang='grc' dir='ltr'><strong>συ-</strong></span> 
     </span>
    </p>
   </div>
   <div class='ocr_carea' id='block_1_117' title="bbox 1839 4786 3383 4854">
    <p class='ocr_par' dir='ltr' id='par_1_117' title="bbox 1839 4786 3383 4854">
     <span class='ocr_line' id='line_1_117' title="bbox 1839 4786 3383 4854; baseline -0.001 -14"><span class='ocrx_word' id='word_1_903' title='bbox 1839 4790 2056 4853; x_wconf 89' lang='grc' dir='ltr'><strong>νίστωρ</strong></span> <span class='ocrx_word' id='word_1_904' title='bbox 2093 4805 2209 4854; x_wconf 86' lang='grc' dir='ltr'><strong>μου</strong></span> <span class='ocrx_word' id='word_1_905' title='bbox 2253 4787 2320 4838; x_wconf 87' lang='grc' dir='ltr'><strong>ἐν</strong></span> <span class='ocrx_word' id='word_1_906' title='bbox 2363 4787 2663 4853; x_wconf 72' lang='grc' dir='ltr'><strong>ὑψίστοις.</strong></span> <span class='ocrx_word' id='word_1_907' title='bbox 2701 4787 2806 4851; x_wconf 87' lang='grc' dir='ltr'><strong>Εἵη</strong></span> <span class='ocrx_word' id='word_1_908' title='bbox 2833 4786 2899 4837; x_wconf 81' lang='grc' dir='ltr'><strong>δὲ</strong></span> <span class='ocrx_word' id='word_1_909' title='bbox 2944 4787 3190 4852; x_wconf 83' lang='grc' dir='ltr'><strong>ἐλεγχος</strong></span> <span class='ocrx_word' id='word_1_910' title='bbox 3216 4787 3383 4853; x_wconf 85' lang='grc' dir='ltr'><strong>ἀνδρί</strong></span> 
     </span>
    </p>
   </div>
   <div class='ocr_carea' id='block_1_118' title="bbox 1841 4867 3386 4938">
    <p class='ocr_par' dir='ltr' id='par_1_118' title="bbox 1841 4867 3386 4938">
     <span class='ocr_line' id='line_1_118' title="bbox 1841 4867 3386 4938; baseline -0.002 -16"><span class='ocrx_word' id='word_1_911' title='bbox 1841 4871 2116 4922; x_wconf 84' lang='grc' dir='ltr'><strong>ἐναντίον</strong></span> <span class='ocrx_word' id='word_1_912' title='bbox 2141 4870 2377 4935; x_wconf 82' lang='grc' dir='ltr'><strong>Κυρίου.</strong></span> <span class='ocrx_word' id='word_1_913' title='bbox 2403 4869 2537 4938; x_wconf 75' lang='grc' dir='ltr'><strong>Περὶ</strong></span> <span class='ocrx_word' id='word_1_914' title='bbox 2559 4867 2671 4927; x_wconf 83' lang='grc' dir='ltr'><strong>τοῦ,</strong></span> <span class='ocrx_word' id='word_1_915' title='bbox 2699 4867 2813 4933; x_wconf 80' lang='grc' dir='ltr'><strong>Τὴν</strong></span> <span class='ocrx_word' id='word_1_916' title='bbox 2841 4868 3024 4919; x_wconf 88' lang='grc' dir='ltr'><strong>νύκτα</strong></span> <span class='ocrx_word' id='word_1_917' title='bbox 3048 4870 3133 4930; x_wconf 81' lang='grc' dir='ltr'><strong>εἰς</strong></span> <span class='ocrx_word' id='word_1_918' title='bbox 3162 4868 3386 4935; x_wconf 77' lang='grc' dir='ltr'><strong>ἡμέραν</strong></span> 
     </span>
    </p>
   </div>
   <div class='ocr_carea' id='block_1_119' title="bbox 1842 4945 3381 5017">
    <p class='ocr_par' dir='ltr' id='par_1_119' title="bbox 1842 4945 3381 5017">
     <span class='ocr_line' id='line_1_119' title="bbox 1842 4945 3381 5017; baseline 0.001 -15"><span class='ocrx_word' id='word_1_919' title='bbox 1842 4952 2078 5005; x_wconf 86' lang='grc' dir='ltr'><strong>τέθεικε.</strong></span> <span class='ocrx_word' id='word_1_920' title='bbox 2119 4951 2256 5003; x_wconf 87' lang='grc' dir='ltr'><strong>Ἐὰν</strong></span> <span class='ocrx_word' id='word_1_921' title='bbox 2300 4950 2405 5017; x_wconf 83' lang='grc' dir='ltr'><strong>γὰρ</strong></span> <span class='ocrx_word' id='word_1_922' title='bbox 2446 4950 2759 5016; x_wconf 85' lang='grc' dir='ltr'><strong>ὑπομείνω,</strong></span> <span class='ocrx_word' id='word_1_923' title='bbox 2796 4947 2942 5014; x_wconf 81' lang='grc' dir='ltr'><strong>ᾅδης</strong></span> <span class='ocrx_word' id='word_1_924' title='bbox 2978 4966 3093 5015; x_wconf 90' lang='grc' dir='ltr'><strong>μου</strong></span> <span class='ocrx_word' id='word_1_925' title='bbox 3133 4953 3163 5002; x_wconf 91' lang='grc' dir='ltr'><strong>ό</strong></span> <span class='ocrx_word' id='word_1_926' title='bbox 3201 4945 3381 5013; x_wconf 81' lang='grc' dir='ltr'><strong>οἶκος.</strong></span> 
     </span>
    </p>
   </div>
   <div class='ocr_carea' id='block_1_120' title="bbox 1846 5026 3389 5098">
    <p class='ocr_par' dir='ltr' id='par_1_120' title="bbox 1846 5026 3389 5098">
     <span class='ocr_line' id='line_1_120' title="bbox 1846 5026 3389 5098; baseline -0.002 -14"><span class='ocrx_word' id='word_1_927' title='bbox 1846 5033 2108 5084; x_wconf 86' lang='grc' dir='ltr'><strong>Θάνατον</strong></span> <span class='ocrx_word' id='word_1_928' title='bbox 2124 5035 2231 5098; x_wconf 88' lang='grc' dir='ltr'><strong>γὰρ</strong></span> <span class='ocrx_word' id='word_1_929' title='bbox 2254 5030 2585 5082; x_wconf 81' lang='grc' dir='ltr'><strong>ἐπεκάλεσα</strong></span> <span class='ocrx_word' id='word_1_930' title='bbox 2606 5028 2825 5095; x_wconf 85' lang='grc' dir='ltr'><strong>πατέρα</strong></span> <span class='ocrx_word' id='word_1_931' title='bbox 2841 5047 2957 5097; x_wconf 89' lang='grc' dir='ltr'><strong>μου</strong></span> <span class='ocrx_word' id='word_1_932' title='bbox 2982 5026 3148 5087; x_wconf 84' lang='grc' dir='ltr'><strong>εἶναι.</strong></span> <span class='ocrx_word' id='word_1_933' title='bbox 3167 5031 3389 5098; x_wconf 87' lang='grc' dir='ltr'><strong>μητέρα</strong></span> 
     </span>
    </p>
   </div>
   <div class='ocr_carea' id='block_1_121' title="bbox 1843 5111 2762 5177">
    <p class='ocr_par' dir='ltr' id='par_1_121' title="bbox 1843 5111 2762 5177">
     <span class='ocr_line' id='line_1_121' title="bbox 1843 5111 2762 5177; baseline -0.003 -13"><span class='ocrx_word' id='word_1_934' title='bbox 1843 5113 1907 5164; x_wconf 86' lang='grc' dir='ltr'><strong>δὲ</strong></span> <span class='ocrx_word' id='word_1_935' title='bbox 1929 5111 2313 5177; x_wconf 78' lang='grc' dir='ltr'><strong>καὶάδελφήν</strong></span> <span class='ocrx_word' id='word_1_936' title='bbox 2337 5128 2451 5177; x_wconf 88' lang='grc' dir='ltr'><strong>μου</strong></span> <span class='ocrx_word' id='word_1_937' title='bbox 2485 5111 2762 5176; x_wconf 86' lang='grc' dir='ltr'><strong>σαπρίαν.</strong></span> 
     </span>
    </p>
   </div>
   <div class='ocr_carea' id='block_1_122' title="bbox 1913 5203 3384 5276">
    <p class='ocr_par' dir='ltr' id='par_1_122' title="bbox 1913 5203 3384 5276">
     <span class='ocr_line' id='line_1_122' title="bbox 1913 5203 3384 5276; baseline -0.001 -18"><span class='ocrx_word' id='word_1_938' title='bbox 1913 5208 2166 5276; x_wconf 86' lang='grc' dir='ltr'><strong>Δεύτερος</strong></span> <span class='ocrx_word' id='word_1_939' title='bbox 2201 5206 2255 5256; x_wconf 79' lang='grc' dir='ltr'><strong>δὲ</strong></span> <span class='ocrx_word' id='word_1_940' title='bbox 2297 5205 2452 5258; x_wconf 81' lang='grc' dir='ltr'><strong>πάλιν</strong></span> <span class='ocrx_word' id='word_1_941' title='bbox 2492 5203 2772 5255; x_wconf 85' lang='grc' dir='ltr'><strong>ὑπολαϐὼν</strong></span> <span class='ocrx_word' id='word_1_942' title='bbox 2809 5205 3026 5267; x_wconf 72' lang='grc' dir='ltr'><strong>Βαλδὲίδ,</strong></span> <span class='ocrx_word' id='word_1_943' title='bbox 3075 5205 3219 5271; x_wconf 85' lang='grc' dir='ltr'><strong>λέγει</strong></span> <span class='ocrx_word' id='word_1_944' title='bbox 3253 5207 3384 5273; x_wconf 79' lang='grc' dir='ltr'><strong>πρὸς</strong></span> 
     </span>
    </p>
   </div>
   <div class='ocr_carea' id='block_1_123' title="bbox 1855 5284 3384 5353">
    <p class='ocr_par' dir='ltr' id='par_1_123' title="bbox 1855 5284 3384 5353">
     <span class='ocr_line' id='line_1_123' title="bbox 1855 5284 3384 5353; baseline -0.001 -14"><span class='ocrx_word' id='word_1_945' title='bbox 1855 5289 1972 5340; x_wconf 87' lang='grc' dir='ltr'><strong>Ἰώϐ</strong></span> <span class='ocrx_word' id='word_1_946' title='bbox 1990 5303 2002 5316; x_wconf 91' lang='grc'><strong>⁸</strong></span> <span class='ocrx_word' id='word_1_947' title='bbox 2036 5287 2217 5353; x_wconf 69' lang='grc' dir='ltr'><strong>Μέχρι</strong></span> <span class='ocrx_word' id='word_1_948' title='bbox 2249 5287 2408 5348; x_wconf 86' lang='grc' dir='ltr'><strong>τίνος</strong></span> <span class='ocrx_word' id='word_1_949' title='bbox 2427 5286 2496 5336; x_wconf 88' lang='grc' dir='ltr'><strong>οὐ</strong></span> <span class='ocrx_word' id='word_1_950' title='bbox 2517 5286 2722 5350; x_wconf 80' lang='grc' dir='ltr'><strong>παύσῃ</strong></span> <span class='ocrx_word' id='word_1_951' title='bbox 2743 5300 2760 5346; x_wconf 87' lang='grc'><strong><em>;</em></strong></span> <span class='ocrx_word' id='word_1_952' title='bbox 2786 5284 2849 5336; x_wconf 88' lang='grc' dir='ltr'><strong>τί</strong></span> <span class='ocrx_word' id='word_1_953' title='bbox 2873 5286 2998 5351; x_wconf 76' lang='grc' dir='ltr'><strong>γὰρ,</strong></span> <span class='ocrx_word' id='word_1_954' title='bbox 3021 5285 3124 5336; x_wconf 82' lang='grc' dir='ltr'><strong>ἐὰν</strong></span> <span class='ocrx_word' id='word_1_955' title='bbox 3144 5285 3223 5340; x_wconf 87' lang='grc' dir='ltr'><strong>σὺ</strong></span> <span class='ocrx_word' id='word_1_956' title='bbox 3245 5286 3384 5338; x_wconf 84' lang='grc' dir='ltr'><strong>ἁπο-</strong></span> 
     </span>
    </p>
   </div>
   <div class='ocr_carea' id='block_1_124' title="bbox 1845 5364 3387 5434">
    <p class='ocr_par' dir='ltr' id='par_1_124' title="bbox 1845 5364 3387 5434">
     <span class='ocr_line' id='line_1_124' title="bbox 1845 5364 3387 5434; baseline -0.005 -12"><span class='ocrx_word' id='word_1_957' title='bbox 1845 5371 2052 5434; x_wconf 64' lang='grc' dir='ltr'><strong>θιὶνῃς.</strong></span> <span class='ocrx_word' id='word_1_958' title='bbox 2077 5369 2354 5430; x_wconf 87' lang='grc' dir='ltr'><strong>ἀοίκητος</strong></span> <span class='ocrx_word' id='word_1_959' title='bbox 2373 5366 2409 5429; x_wconf 85' lang='grc' dir='ltr'><strong>ή</strong></span> <span class='ocrx_word' id='word_1_960' title='bbox 2441 5365 2540 5418; x_wconf 85' lang='grc' dir='ltr'><strong>ὐπ’</strong></span> <span class='ocrx_word' id='word_1_961' title='bbox 2572 5366 3095 5432; x_wconf 73' lang='grc' dir='ltr'><strong>οὐρανόνςΔευτέρα</strong></span> <span class='ocrx_word' id='word_1_962' title='bbox 3120 5364 3235 5416; x_wconf 88' lang='grc' dir='ltr'><strong>Ἰὼϐ</strong></span> <span class='ocrx_word' id='word_1_963' title='bbox 3256 5366 3387 5434; x_wconf 72' lang='grc' dir='ltr'><strong>πρὸς</strong></span> 
     </span>
    </p>
   </div>
   <div class='ocr_carea' id='block_1_125' title="bbox 1846 5445 3388 5512">
    <p class='ocr_par' dir='ltr' id='par_1_125' title="bbox 1846 5445 3388 5512">
     <span class='ocr_line' id='line_1_125' title="bbox 1846 5445 3388 5512; baseline -0.003 -13"><span class='ocrx_word' id='word_1_964' title='bbox 1846 5449 2046 5502; x_wconf 86' lang='grc' dir='ltr'><strong>Βαλδόιδ</strong></span> <span class='ocrx_word' id='word_1_965' title='bbox 2064 5463 2075 5475; x_wconf 87' lang='grc'><strong>⁸</strong></span> <span class='ocrx_word' id='word_1_966' title='bbox 2113 5449 2254 5509; x_wconf 84' lang='grc' dir='ltr'><strong>Ἕως</strong></span> <span class='ocrx_word' id='word_1_967' title='bbox 2279 5447 2439 5509; x_wconf 87' lang='grc' dir='ltr'><strong>τίνος</strong></span> <span class='ocrx_word' id='word_1_968' title='bbox 2467 5446 2722 5512; x_wconf 73' lang='grc' dir='ltr'><strong>ἓγκοπον</strong></span> <span class='ocrx_word' id='word_1_969' title='bbox 2747 5445 3021 5511; x_wconf 88' lang='grc' dir='ltr'><strong>ποιήσετε</strong></span> <span class='ocrx_word' id='word_1_970' title='bbox 3044 5445 3155 5511; x_wconf 81' lang='grc' dir='ltr'><strong>τὴν</strong></span> <span class='ocrx_word' id='word_1_971' title='bbox 3181 5446 3388 5512; x_wconf 71' lang='grc' dir='ltr'><strong>ψυχήν</strong></span> 
     </span>
    </p>
   </div>
   <div class='ocr_carea' id='block_1_126' title="bbox 1838 5525 3388 5596">
    <p class='ocr_par' dir='ltr' id='par_1_126' title="bbox 1838 5525 3388 5596">
     <span class='ocr_line' id='line_1_126' title="bbox 1838 5525 3388 5596; baseline -0.002 -14"><span class='ocrx_word' id='word_1_972' title='bbox 1838 5549 1978 5596; x_wconf 87' lang='grc' dir='ltr'><strong>μου,</strong></span> <span class='ocrx_word' id='word_1_973' title='bbox 2019 5527 2114 5579; x_wconf 83' lang='grc' dir='ltr'><strong>καὶ</strong></span> <span class='ocrx_word' id='word_1_974' title='bbox 2146 5526 2469 5592; x_wconf 76' lang='grc' dir='ltr'><strong>καθαιρεῖτέ</strong></span> <span class='ocrx_word' id='word_1_975' title='bbox 2501 5543 2577 5592; x_wconf 88' lang='grc' dir='ltr'><strong>με</strong></span> <span class='ocrx_word' id='word_1_976' title='bbox 2615 5525 2954 5594; x_wconf 73' lang='grc' dir='ltr'><strong>λογισμοῖςε</strong></span> <span class='ocrx_word' id='word_1_977' title='bbox 3002 5527 3388 5579; x_wconf 83' lang='grc' dir='ltr'><strong>καταλαλεῖτέ</strong></span> 
     </span>
    </p>
   </div>
   <div class='ocr_carea' id='block_1_127' title="bbox 1842 5605 3387 5678">
    <p class='ocr_par' dir='ltr' id='par_1_127' title="bbox 1842 5605 3387 5678">
     <span class='ocr_line' id='line_1_127' title="bbox 1842 5605 3387 5678; baseline -0.006 -14"><span class='ocrx_word' id='word_1_978' title='bbox 1842 5629 1957 5678; x_wconf 89' lang='grc' dir='ltr'><strong>μου</strong></span> <span class='ocrx_word' id='word_1_979' title='bbox 1983 5612 2091 5662; x_wconf 78' lang='grc' dir='ltr'><strong>οὐκ</strong></span> <span class='ocrx_word' id='word_1_980' title='bbox 2122 5609 2576 5673; x_wconf 73' lang='grc' dir='ltr'><strong>αἰσχυνόμενοι;</strong></span> <span class='ocrx_word' id='word_1_981' title='bbox 2605 5609 2736 5676; x_wconf 73' lang='grc' dir='ltr'><strong>Περὶ</strong></span> <span class='ocrx_word' id='word_1_982' title='bbox 2763 5605 2876 5667; x_wconf 82' lang='grc' dir='ltr'><strong>τοῦ,</strong></span> <span class='ocrx_word' id='word_1_983' title='bbox 2913 5605 3029 5673; x_wconf 80' lang='grc' dir='ltr'><strong>Τὴν</strong></span> <span class='ocrx_word' id='word_1_984' title='bbox 3066 5607 3252 5669; x_wconf 80' lang='grc' dir='ltr'><strong>δόξαν</strong></span> <span class='ocrx_word' id='word_1_985' title='bbox 3270 5623 3387 5674; x_wconf 76' lang='grc' dir='ltr'><strong>μου</strong></span> 
     </span>
    </p>
   </div>
   <div class='ocr_carea' id='block_1_128' title="bbox 1848 5687 3386 5760">
    <p class='ocr_par' dir='ltr' id='par_1_128' title="bbox 1848 5687 3386 5760">
     <span class='ocr_line' id='line_1_128' title="bbox 1848 5687 3386 5760; baseline 0.001 -18"><span class='ocrx_word' id='word_1_986' title='bbox 1848 5693 1913 5753; x_wconf 77' lang='grc' dir='ltr'><strong>ἐξ</strong></span> <span class='ocrx_word' id='word_1_987' title='bbox 1934 5692 2075 5760; x_wconf 77' lang='grc' dir='ltr'><strong>ἐμοῦ</strong></span> <span class='ocrx_word' id='word_1_988' title='bbox 2105 5689 2312 5753; x_wconf 70' lang='grc' dir='ltr'><strong>ἐξεῖλε,</strong></span> <span class='ocrx_word' id='word_1_989' title='bbox 2348 5689 2552 5756; x_wconf 79' lang='grc' dir='ltr'><strong>ἀφεῖλε</strong></span> <span class='ocrx_word' id='word_1_990' title='bbox 2582 5689 2648 5740; x_wconf 84' lang='grc' dir='ltr'><strong>δὲ</strong></span> <span class='ocrx_word' id='word_1_991' title='bbox 2667 5687 2962 5756; x_wconf 83' lang='grc' dir='ltr'><strong>στέφανον</strong></span> <span class='ocrx_word' id='word_1_992' title='bbox 2978 5689 3093 5742; x_wconf 79' lang='grc' dir='ltr'><strong>ἀπὸ</strong></span> <span class='ocrx_word' id='word_1_993' title='bbox 3123 5688 3386 5758; x_wconf 71' lang='grc' dir='ltr'><strong>κεφαλῆς</strong></span> 
     </span>
    </p>
   </div>
  </div>
