3996 6416
196 400 304 455 365

180 509 402 548 exorent
443 508 614 548 meam
638 532 653 558 ,
698 502 752 547 et
791 507 894 546 non
933 493 1155 547 attendit
1188 509 1201 544 :
1231 492 1539 547 invocabam
1567 501 1740 546 autem

181 585 315 637 tilios
336 584 753 637 concubinarum
778 598 1034 647 mearum,
1063 583 1135 635 illi
1156 598 1281 635 vero
1303 598 1389 636 me
1420 584 1470 635 in
1492 583 1743 634 sarculum

180 674 407 726 aversati
438 681 577 726 sunt.
609 673 923 726 Miseremini
956 673 1088 733 mei,
1116 673 1466 735 miseremini,
1496 687 1528 723 o
1567 672 1741 725 amici.

177 767 351 829 Quare
395 781 481 819 me
519 766 890 833 persequitnini
917 806 930 830 ,
968 767 1101 818 sicut
1132 764 1419 827 Dominus?
1448 763 1574 827 Quis
1601 763 1740 815 enim

179 854 262 907 det
306 866 363 908 nt
408 856 705 909 scribantur
746 856 902 909 verba
945 855 1104 909 mea?
1147 856 1190 907 Α
1224 855 1445 906 Domino
1471 852 1598 905 mihi
1632 852 1744 904 lucc

179 955 541 999 consummata
585 956 726 999 sunt.
763 946 957 999 Oculus
996 949 1135 999 enim
1177 959 1324 997 meus
1349 944 1515 1005 vidit,
1554 950 1606 995 et
1640 956 1741 994 non

179 1036 329 1085 alios.
378 1034 630 1086 Radicem
672 1035 929 1086 sermonis
970 1034 1295 1086 inveniemus
1332 1033 1381 1083 in
1419 1046 1527 1083 eo:
1560 1039 1741 1083 cavete

178 1124 335 1174 etiam
368 1138 463 1176 vos
492 1140 519 1175 a
550 1124 775 1190 tegmine
807 1142 823 1173 ι
853 1123 999 1194 (Cap.
1031 1123 1115 1177 19.
1147 1140 1193 1176 υ.
1217 1123 1269 1177 9.
1308 1123 1388 1175 10.
1419 1122 1502 1174 15.
1536 1120 1741 1174 14.16-

180 1212 261 1265 18.
289 1212 473 1265 21-33.
509 1212 718 1281 26-29).

244 1299 491 1352 Secundo
554 1313 735 1351 rursus
793 1300 1060 1367 excipiens
1120 1299 1323 1367 Sophar
1382 1299 1516 1352 Jobo
1573 1298 1740 1351 dicit:

185 1406 201 1436 ι
231 1389 344 1441 Νοη
389 1388 466 1442 sic
516 1388 757 1455 putabam
806 1398 855 1442 te
902 1398 1082 1442 contra
1128 1404 1520 1457 responsurum.
1557 1407 1575 1438 ι
1611 1388 1743 1441 Hinc

180 1478 303 1532 illud
348 1492 362 1532 :
411 1497 429 1528 ι
489 1478 687 1531 Lmtitia
745 1479 1021 1547 impiorum
1082 1479 1228 1531 ruina
1289 1478 1507 1546 insignis
1551 1494 1565 1528 ε
1611 1492 1741 1545 gau-

179 1568 319 1618 diuzn
352 1582 481 1619 vero
518 1567 812 1635 iniquorum
845 1576 925 1619 est
956 1568 1196 1635 perditio.
1242 1567 1370 1619 Cum
1399 1576 1572 1618 autem
1603 1566 1742 1617 visus

179 1656 333 1710 fuerit
358 1658 466 1723 jam
496 1657 733 1709 firmatus
760 1671 892 1719 esse,
917 1665 1039 1709 tunc
1065 1658 1114 1708 in
1140 1656 1295 1709 finem
1322 1655 1531 1723 peribit.
1564 1675 1581 1704 ι
1609 1653 1740 1707 Illud

177 1746 332 1797 etiam
364 1764 377 1798 :
412 1763 431 1794 ι
466 1744 594 1797 Ossa
626 1744 739 1809 ejus
781 1744 989 1811 impleta
1031 1753 1152 1797 sunt
1192 1744 1464 1811 juventute
1502 1742 1636 1809 ejus.
1682 1743 1737 1795 Si

178 1833 435 1885 dulcnerit
487 1832 540 1884 in
591 1846 682 1883 ore
723 1832 834 1898 ejus
888 1832 1179 1899 malignitas
1209 1872 1222 1891 ,
1275 1830 1567 1883 abscondet
1619 1844 1733 1881 eam

178 1922 274 1973 sub
303 1922 480 1988 lingua
509 1936 623 1972 sua.
673 1919 817 1972 Sicut
847 1920 911 1973 fel
940 1921 1135 1989 aspidis
1175 1922 1224 1971 in
1255 1929 1438 1972 ventre
1480 1919 1591 1985 ejus
1616 1960 1629 1982 ,
1662 1918 1738 1971 sic

180 2012 375 2064 divitiae
424 2012 602 2078 inique
646 2019 973 2078 congregatae
1014 2019 1343 2063 evomentur.
1385 2008 1439 2061 In
1469 2025 1659 2060 vanum
1688 2016 1741 2061 et

179 2101 368 2154 frustra
400 2100 673 2161 laboravit,
700 2100 948 2168 colligens
974 2100 1182 2151 divitias
1206 2115 1267 2152 ex
1299 2100 1488 2166 quibus
1515 2115 1615 2150 non
1645 2114 1739 2166 gu-

178 2192 348 2244 Stabit.
388 2191 666 2243 Multorum
695 2191 831 2243 enim
864 2190 1225 2257 impotentium
1256 2190 1441 2242 domos
1467 2191 1733 2241 contrivit.

181 2280 429 2331 Vulneret
458 2294 577 2331 eum
605 2294 759 2331 arcus
784 2292 972 2341 atreus,
1002 2288 1056 2331 et
1082 2290 1406 2347 pertranseat
1435 2295 1526 2346 per
1548 2294 1737 2345 corpus

176 2370 286 2435 ejus
306 2369 560 2435 jacnlnm.
592 2370 743 2421 Astra
767 2377 939 2419 autem
966 2368 1015 2419 in
1044 2368 1388 2420 tabernaculis
1409 2369 1521 2434 ejus
1543 2369 1728 2420 ambu-

176 2459 373 2510 Iabunl.
411 2458 531 2510 llzcc
560 2477 578 2507 ι
599 2458 737 2510 enim
766 2475 782 2507 ι
812 2468 889 2509 est
916 2458 1093 2526 portio
1117 2457 1211 2509 viri
1242 2458 1381 2524 impii
1407 2474 1431 2507 a
1459 2459 1682 2508 Domino
1709 2475 1727 2506 ι

175 2546 320 2614 (Cap.
342 2546 434 2599 20.
454 2565 501 2599 υ.
524 2547 576 2601 2.
597 2549 649 2601 5.
673 2548 1372 2601 7.11.12.14.15.18.19.
1394 2548 1480 2599 21.
1504 2548 1590 2599 25.
1619 2547 1730 2615 29).

242 2637 483 2691 Secunda
541 2639 815 2706 rcSponsio
856 2637 972 2690 Jobi
1029 2638 1095 2690 ad
1141 2638 1345 2704 Sophar
1393 2655 1404 2689 :
1457 2656 1475 2688 ι
1514 2638 1728 2699 Audite,

174 2729 347 2781 audite
374 2729 532 2781 verba
562 2744 698 2785 mea,
728 2737 783 2780 ut
808 2728 877 2780 sit
908 2729 1033 2780 mihi
1060 2729 1352 2780 consolatio
1379 2742 1481 2779 non
1502 2743 1529 2779 a
1560 2728 1728 2779 vobis.

179 2817 310 2882 Quid
365 2816 832 2883 enitit?Nnntqttid
870 2832 989 2869 cum
1050 2818 1261 2870 homine
1312 2827 1395 2871 est
1436 2818 1734 2885 redargntio

175 2922 286 2960 mea
305 2910 328 2957 ’ἰ
352 2908 528 2973 Quare
558 2907 701 2974 impii
725 2908 924 2969 vivunt,
955 2919 1343 2976 senueruntque
1385 2909 1434 2960 in
1463 2909 1658 2961 divitiis
1682 2919 1734 2962 et

177 3000 565 3068 prosperitate?
602 2998 755 3052 Salva
800 3000 966 3051 evasit
1018 3014 1292 3067 praegnans
1346 2999 1481 3065 apud
1534 2999 1666 3052 illos.
1709 3017 1727 3049 ι

174 3086 266 3140 Ubi
290 3105 307 3136 ε
339 3088 477 3140 Dicit
507 3106 523 3135 ι
545 3088 732 3153 impius
754 3105 773 3137 ε
807 3089 1055 3139 Domino:
1078 3088 1286 3139 Recede
1307 3103 1457 3139 ame.
1489 3088 1594 3139 vias
1620 3098 1732 3139 tuas

174 3178 305 3229 scire
336 3177 479 3230 nolo.
532 3176 659 3241 Quis
709 3186 789 3230 cst
830 3178 916 3229 ille
960 3187 1163 3244 potens,
1194 3179 1311 3245 quia
1333 3177 1621 3230 serviemus
1643 3178 1733 3231 ei?

174 3267 355 3319 Annon
392 3267 643 3318 Dominus
674 3275 775 3329 est,
806 3268 892 3335 qui
937 3267 1092 3319 docet
1124 3267 1443 3319 intellectum
1474 3277 1529 3319 et
1558 3268 1730 3320 scien-

178 3359 347 3411 tiam?
380 3358 497 3426 Ipse
521 3373 645 3411 vero
704 3358 914 3410 labores
948 3358 1219 3423 dijudicat.
1269 3357 1445 3425 Itaque
1488 3359 1598 3410 scio
1640 3373 1733 3411 vos

173 3450 419 3502 audacter
448 3449 575 3500 mihi
606 3449 865 3501 insistere.
910 3466 927 3499 ι
962 3449 1086 3501 Item
1110 3448 1270 3511 illud,
1319 3466 1337 3498 ι
1378 3447 1476 3501 Ubi
1527 3456 1607 3501 est
1634 3447 1731 3500 do-

173 3555 285 3593 mus
312 3539 644 3607 principum?
670 3538 723 3590 In
753 3539 891 3591 diem
922 3539 1229 3606 perditionis
1251 3541 1551 3592 sublevatur
1577 3539 1730 3591 mali-

171 3646 300 3699 gnus
330 3648 343 3681 :
371 3638 425 3683 et
457 3638 573 3697 post
603 3630 745 3682 illum
775 3630 944 3683 omnis
966 3630 1123 3683 homo
1152 3630 1315 3682 abibit
1347 3648 1364 3679 ›
1395 3630 1539 3697 (Cap.
1564 3630 1650 3682 2|.
1684 3646 1729 3681 υ.

170 3720 218 3770 2.
254 3721 303 3771 t.
338 3720 391 3771 7.
430 3718 514 3770 to.
550 3719 632 3769 is.
661 3719 744 3770 15.
766 3717 855 3768 se.
884 3719 971 3769 27.
1000 3719 1086 3771 28.
1111 3719 1196 3771 50.
1231 3718 1340 3787 33).

236 3809 420 3862 Tertio
441 3809 627 3861 iterum
646 3808 918 3874 excipiens
937 3807 1150 3874 Eliphaz
1175 3809 1245 3859 ait
1275 3826 1285 3858 :
1316 3826 1333 3856 ι
1359 3807 1543 3859 Nonne
1569 3808 1735 3858 Domi-

172 3916 264 3952 nus
286 3910 387 3961 est,
410 3901 498 3967 qni
522 3898 673 3950 docet
698 3899 1016 3951 intellectum
1033 3908 1085 3951 et
1106 3898 1413 3951 scientiam?
1434 3898 1567 3963 Quid
1590 3902 1731 3951 enim

170 3999 314 4041 curat
336 3988 589 4039 Dominus
612 3988 653 4039 si
682 3995 733 4038 tu
763 3985 897 4038 fuisti
920 3987 969 4038 in
988 3986 1232 4055 operibus
1252 3986 1561 4053 inculpatis?
1592 4005 1610 4036 ι
1640 3987 1732 4037 llic

169 4078 300 4132 Jobo
320 4080 449 4131 dicit
478 4077 694 4142 Eliphaz
726 4094 737 4128 :
769 4095 787 4127 ι
826 4076 1018 4129 Viduas
1039 4077 1277 4129 dimisisti
1310 4091 1532 4135 vacuas,
1562 4077 1733 4143 pupil-

172 4171 244 4223 los
283 4181 461 4223 autem
511 4169 763 4221 afflixisti.
820 4169 880 4222 Et
928 4169 1103 4222 dixisti
1136 4169 1304 4232 :Quid
1358 4168 1501 4219 novit
1545 4167 1731 4220 fortis?

170 4260 263 4323 Qui
290 4260 493 4321 dicunt,
517 4259 650 4325 Quid
681 4259 833 4311 faciet
862 4259 1014 4311 nobis
1043 4259 1324 4311 Dominus?
1350 4268 1402 4311 et
1432 4258 1554 4325 quid
1579 4257 1733 4309 indu-

171 4359 252 4403 cet
300 4349 455 4402 nobis
495 4348 882 4416 Omnipotens?
921 4367 939 4399 ›
1006 4347 1133 4401 Item
1172 4347 1299 4401 illud
1331 4366 1344 4402 :
1386 4366 1403 4398 ι
1442 4348 1635 4401 Purum
1683 4357 1732 4401 te

171 4440 354 4493 reddet
390 4440 641 4492 Dominus
681 4441 816 4493 sicut
850 4450 1121 4507 argentum
1152 4441 1271 4509 igne
1296 4440 1590 4507 probatum.
1622 4440 1729 4493 Re-

172 4531 316 4597 spice
344 4531 395 4581 in
418 4528 603 4581 caelum
643 4528 901 4582 hilariter.
946 4530 1076 4583 Cum
1107 4538 1349 4596 precatus
1375 4540 1548 4583 autem
1573 4530 1731 4583 lueris

172 4634 309 4677 cum,
346 4618 591 4671 exaudiet
623 4627 763 4684 te,et
781 4625 1072 4681 servaberis
1088 4626 1139 4680 in
1169 4619 1421 4671 munditia
1472 4633 1721 4670 manuum

175 4718 374 4761 tuarum
414 4724 432 4757 ι
475 4707 621 4775 (Cap.
648 4707 735 4761 22.
764 4724 810 4759 υ.
837 4708 888 4759 2.
924 4708 975 4761 5.
1006 4708 1171 4761 9.15.
1198 4708 1283 4760 17.
1313 4707 1502 4761 25-27.
1530 4708 1641 4773 50).

238 4799 415 4852 Tertia
468 4796 583 4849 Jobi
632 4798 697 4851 ad
754 4798 969 4865 Eliphaz
1014 4798 1327 4865 responsio:
1359 4815 1377 4847 ι
1410 4797 1477 4849 Ει
1518 4795 1729 4863 quidem

172 4888 300 4950 scio,
325 4886 445 4954 quia
472 4886 805 4955 eleemosyna
830 4887 895 4939 de
926 4901 1081 4938 manu
1131 4900 1245 4937 mea
1290 4893 1370 4937 est
1399 4902 1410 4936 :
1447 4893 1501 4937 et
1544 4900 1730 4937 manus

173 4978 284 5044 ejus
308 4975 482 5044 gravis
510 4975 639 5026 facta
666 4984 746 5027 est
770 4990 928 5041 super
946 4976 1194 5044 gemitum
1222 4989 1417 5028 meum.
1436 4973 1489 5027 Si
1516 4974 1565 5025 in
1599 4974 1732 5027 mul-

174 5076 221 5119 ta
254 5068 444 5118 virtute
478 5065 846 5131 superveniant
873 5066 997 5115 mihi
1022 5065 1251 5118 tenebras
1280 5084 1296 5115 ο
1323 5064 1468 5132 (Cap.
1497 5064 1581 5117 25.
1602 5078 1647 5114 υ.
1673 5064 1727 5114 2.

173 5157 362 5225 6.17)!
402 5175 420 5206 ι
448 5155 592 5222 Itnpii
643 5154 924 5208 terminum
966 5156 1273 5224 transgressi
1322 5164 1533 5218 sunt,et
1562 5159 1729 5207 nudos

173 5249 364 5301 multos
390 5246 621 5301 dormire
644 5246 876 5299 fecerunt
912 5246 1027 5299 sine
1051 5247 1401 5300 vestimentis.
1428 5248 1728 5311 Appareant

172 5341 362 5407 planta:
404 5354 587 5391 eorum
628 5337 692 5391 de
728 5348 864 5391 terra
892 5337 1051 5389 aridae
1079 5358 1090 5391 :
1118 5340 1419 5393 fasciculum
1458 5340 1596 5391 enim
1630 5354 1727 5406 pu-

173 5429 413 5496 pillorum
443 5438 727 5495 rapuerunt
763 5447 781 5479 ›
813 5426 959 5496 (Cap.
990 5426 1077 5480 24.
1108 5445 1154 5480 υ.
1179 5429 1230 5480 2.
1261 5430 1395 5495 7-9).

236 5517 416 5570 Tertio
436 5516 704 5583 excipiens
727 5515 920 5570 Baldad
948 5516 1075 5569 dicit
1100 5533 1111 5568 :
1144 5534 1161 5565 ι
1194 5518 1290 5582 Qui
1318 5518 1442 5570 facit
1472 5516 1727 5571 universi.

172 5615 326 5662 tatem
359 5608 410 5661 in
442 5608 724 5661 altissimo.
776 5608 851 5663 Ne
886 5608 1001 5677 quis
1040 5608 1336 5676 suspicetur
1379 5624 1497 5662 esse
1524 5623 1726 5661 moram

172 5697 366 5765 piratis.
398 5697 674 5765 Quomodo
708 5701 849 5754 cnim
884 5699 983 5753 erit
1008 5699 1178 5766 justus
1230 5699 1388 5753 homo
1415 5714 1590 5753 coram
1624 5698 1723 5752 Do-

1272 382 1589 439 SYNOPSIS
1625 383 2025 439 SCRIPTUM
2061 386 2323 442 SACRE.

3310 412 3419 464 366

1859 495 2032 547 mino?
2048 494 2100 548 Si
2125 511 2247 549 vero
2265 500 2421 551 homo
2438 494 2678 567 putredo,
2698 510 2752 555 et
2773 500 2908 557 mins
2925 500 3154 556 hominis
3171 504 3359 557 vermis
3386 523 3405 558 ι

1851 582 1999 652 (Cap.
2028 584 2115 636 es.
2134 599 2179 636 υ.
2205 586 2325 639 2-4.
2344 586 2432 653 6)?

1919 670 2092 724 Tertia
2122 673 2238 727 Jobi
2260 675 2325 727 ad
2357 675 2553 729 Baldad
2588 680 2861 745 responsio
2895 696 2908 732 :
2948 698 2967 730 c
2995 681 3161 746 Quem
3193 684 3404 751 adjutu-

1850 774 1942 811 rus
1963 760 2055 812 es?
2076 770 2131 814 et
2163 778 2318 829 quem
2346 766 2626 832 sequeris?
2664 766 2845 820 Nonne
2880 783 2999 821 eum
3040 772 3122 823 cui
3179 774 3402 828 maxima

1849 852 2122 917 potestas?
2151 851 2329 907 Nudus
2361 871 2380 904 ο
2406 856 2545 907 enim
2575 873 2593 906 ί
2630 866 2709 908 est
2739 856 2971 911 infernus
2999 874 3173 912 coram
3200 877 3283 915 eo.
3308 865 3405 927 Qui

1850 940 2121 1007 suspendit
2150 950 2339 994 terram
2366 944 2417 996 in
2446 944 2686 1005 nihilum,
2714 946 2879 1013 ligans
2905 962 3090 1013 aquam
3111 950 3400 1005 innubibus

1849 1029 1975 1081 suis.
1999 1029 2269 1097 Praecepto
2289 1041 2462 1085 autem
2491 1035 2711 1102 peremit
2730 1035 3011 1088 draconem
3030 1037 3351 1091 desertorem
3384 1059 3402 1090 ι

1851 1120 1996 1186 (Cap.
2028 1119 2112 1172 26.
2135 1136 2179 1171 υ.
2205 1121 2256 1173 2.
2277 1124 2326 1176 5.
2355 1122 2464 1177 6—8.
2495 1124 2602 1193 13).

1919 1207 2046 1262 Cum
2079 1210 2283 1279 Sophar
2313 1213 2466 1265 tertio
2489 1214 2626 1280 loqui
2657 1229 2760 1267 non
2789 1215 3178 1284 aggrederetur,
3212 1219 3317 1271 imo
3350 1231 3402 1272 ct

1849 1298 1935 1352 alii
1966 1300 2069 1352 duo
2114 1302 2318 1367 priores
2362 1312 2617 1369 tacerent,
2649 1317 2824 1373 utpote
2853 1308 2940 1371 qui
2985 1323 3086 1360 non
3141 1308 3396 1362 haberent

1849 1388 1970 1455 quid
2009 1390 2233 1457 amplius
2271 1391 2522 1454 dicerent,
2557 1407 2621 1446 eo
2664 1394 2802 1461 quod
2847 1394 2947 1448 Job
2984 1411 3041 1449 se
3065 1397 3259 1463 justum
3285 1413 3403 1452 esse

1850 1486 2099 1543 poneret,
2129 1478 2389 1531 subnectit
2436 1481 2665 1534 secundo
2708 1482 2809 1536 Job
2849 1484 3031 1537 eadem
3071 1486 3134 1537 de
3172 1501 3229 1538 re
3274 1502 3397 1553 pro-

1846 1566 2061 1619 (emium
2081 1584 2091 1616 :
2110 1567 2180 1619 illi
2200 1583 2323 1620 vero
2344 1584 2461 1621 cum
2480 1571 2686 1623 silentio
2714 1577 2879 1639 ipsum
2898 1575 3137 1636 audiunt,
3167 1589 3263 1627 nec
3285 1578 3399 1629 sine

1847 1656 2086 1707 utilitate.
2126 1656 2343 1721 «Vivit,»
2379 1658 2563 1725 inquit,
2594 1660 2974 1726 «Dominusqui
3004 1664 3079 1713 sic
3107 1663 3404 1730 mcjudica-

1845 1745 1939 1807 vit,
1971 1752 2023 1797 et
2050 1744 2393 1811 Omnipotens
2413 1786 2428 1811 ,
2460 1748 2549 1814 qui
2580 1748 2751 1800 affecit
2779 1750 3123 1803 amaritudine
3175 1754 3403 1803 animam

1845 1848 2013 1886 meam
2046 1852 2058 1882 τ
2087 1848 2204 1886 cum
2224 1834 2394 1887 adhuc
2422 1836 2613 1889 halitus
2631 1853 2774 1889 meus
2793 1838 3060 1901 iimuanet,
3086 1841 3401 1909 spiritusque

1844 1922 2051 1973 divinus
2085 1934 2328 1988 superest
2374 1925 2424 1975 in
2448 1926 2664 1978 naribus
2687 1928 2850 1989 meis,
2882 1928 3014 1979 labia
3041 1944 3153 1979 mea
3185 1946 3286 1980 non
3328 1931 3403 1981 lo—

1843 2020 2066 2079 quentur
2095 2011 2287 2079 iniqua.
2320 2013 2657 2067 Annuntiabo
2699 2016 2846 2067 vobis
2890 2016 3014 2083 quid
3062 2017 3131 2068 sit
3164 2018 3213 2068 in
3247 2032 3401 2069 manu

1846 2107 2071 2159 Domini.
2104 2107 2238 2160 Ecce
2264 2124 2446 2161 omnes
2477 2111 2663 2173 nostis,
2689 2110 2806 2177 quia
2840 2126 2966 2163 vana
2988 2111 3135 2162 vanis
3155 2111 3402 2164 insidiose

1842 2196 2087 2261 adjicitis.
2124 2197 2245 2250 llmc
2275 2199 2445 2265 portio
2488 2209 2567 2252 est
2618 2200 2843 2253 hominis
2887 2201 3029 2266 impii
3080 2215 3109 2252 a
3156 2201 3397 2253 Domino.

1841 2283 1986 2348 Quod
2016 2286 2057 2337 si
2083 2286 2231 2338 multi
2260 2287 2452 2340 fuerint
2485 2289 2575 2340 lilii
2607 2289 2742 2356 ejus,
2781 2290 2830 2340 in
2864 2290 3180 2341 occisiooem
3212 2299 3395 2341 erunt:

1843 2373 2007 2424 viduis
2037 2384 2208 2427 autem
2240 2391 2420 2428 eorum
2468 2393 2622 2429 nemo
2645 2380 2973 2431 miserebitur
3006 2397 3023 2428 ι
3068 2377 3209 2447 (Cap.
3235 2378 3320 2430 27.
3350 2394 3396 2431 υ.

1840 2462 2449 2533 2-4.11-15.14.15.).‹
2475 2468 2527 2521 Si
2546 2469 2813 2535 collegerit
2832 2470 3016 2535 impius
3038 2479 3091 2521 nt
3110 2480 3297 2521 terram
3318 2486 3401 2522 ar-

1838 2564 2049 2621 gentum
2076 2572 2088 2607 :
2119 2556 2264 2608 locns
2285 2557 2420 2609 unde
2438 2558 2513 2623 fit,
2537 2559 2652 2625 quis
2669 2559 2784 2611 est?
2806 2561 2919 2626 quis
2939 2559 3079 2611 locus
3103 2559 3235 2623 auri,
3255 2559 3394 2612 unde

1842 2644 2179 2710 percolatur?
2209 2645 2423 2698 Ferrum
2450 2647 2657 2714 quidem
2689 2647 2752 2699 de
2779 2656 2913 2701 terra
2940 2648 3014 2705 tit,
3044 2662 3116 2699 aes
3142 2657 3310 2699 autem
3342 2657 3399 2700 ιιι

1841 2732 1971 2800 lapis
1998 2732 2231 2785 ca-ditur.
2257 2733 2423 2787 Omne
2450 2736 2757 2802 pretiosum,
2787 2756 2803 2785 ι
2828 2737 3009 2803 inquit,
3033 2755 3050 2786 ι
3073 2737 3401 2789 viditoculus

1842 2836 2008 2874 mens.
2032 2822 2296 2890 Sapientia
2326 2835 2497 2877 autem
2527 2826 2640 2893 ejus
2671 2827 2806 2879 unde
2843 2828 3047 2878 inventa
3079 2827 3195 2880 est?
3226 2827 3395 2895 Ahys-

1840 2928 1927 2965 sus
1951 2913 2101 2975 dixit,
2121 2914 2231 2966 Non
2253 2924 2327 2966 est
2355 2917 2405 2967 in
2425 2930 2507 2968 me
2536 2910 2928 2977 ;etmaredi.vit,
2945 2910 3055 2964 Non
3073 2921 3392 2967 estmeunn.

1843 3004 2060 3055 Attrahe
2112 3005 2419 3070 sapientiam
2477 3020 2637 3069 super
2688 3020 2746 3056 ea
2784 3022 2899 3071 quae.
2949 3006 3173 3057 maxime
3221 3006 3398 3057 intima

1837 3101 1976 3143 sunt.
2010 3091 2122 3143 Non
2142 3094 2435 3160 mquabitnr
2460 3095 2504 3145 ci
2538 3094 2795 3159 topazinm
2822 3095 3107 3160 Ethiopia:
3133 3135 3146 3156 ,
3181 3104 3233 3146 et
3264 3110 3393 3145 auro

1839 3197 1969 3249 puro
2006 3198 2106 3235 non
2136 3183 2453 3236 conferetur.
2491 3184 2742 3235 Dominus
2792 3184 2922 3234 bene
2951 3184 3221 3236 constituit
3261 3186 3396 3235 viam

1838 3272 1968 3339 ejus.
2007 3272 2119 3340 Ipse
2147 3273 2283 3325 enim
2320 3288 2474 3325 omne
2520 3272 2659 3341 quod
2691 3273 2786 3325 sub
2816 3273 2947 3324 ca‘lo
2992 3283 3071 3323 est
3122 3272 3389 3338 perspicit,

1842 3370 1960 3413 nota
1986 3360 2181 3413 habens
2209 3362 2379 3411 omnia
2411 3377 2525 3428 qua:
2549 3361 2598 3412 in
2624 3370 2780 3421 terra,
2809 3368 3083 3412 ventorum
3115 3360 3367 3412 libramen
3394 3392 3395 3395 η

1841 3460 1969 3513 tum,
1997 3467 2244 3518 aquarum
2278 3466 2570 3503 mensuras.
2606 3451 2744 3502 Dixit
2774 3450 2970 3502 homini
3002 3467 3012 3499 :
3050 3451 3181 3503 licce
3226 3450 3395 3501 cultus

1841 3541 1928 3594 Dei
1961 3549 2039 3593 est
2068 3541 2317 3605 sapientia
2356 3560 2371 3589 ι
2398 3539 2541 3608 (Cap.
2570 3539 2654 3591 27.
2681 3557 2729 3593 e.
2757 3540 2837 3592 16.
2869 3550 2912 3591 et
2944 3539 3066 3603 Cap.
3094 3538 3182 3591 28.
3207 3553 3251 3589 v.
3275 3538 3394 3590 1.2.

1842 3630 2041 3683 10:12.
2081 3629 2388 3682 14.18.19.
2418 3629 2597 3683 25-25.
2627 3630 2741 3699 28).

1910 3720 2014 3771 Illis
2042 3729 2214 3771 autem
2240 3720 2405 3771 tribus
2438 3719 2728 3772 tacentibus
2764 3718 3016 3784 adjiciens
3051 3718 3148 3770 Job
3186 3718 3235 3769 in
3272 3730 3392 3783 pro-

1839 3810 1998 3866 minio
2024 3810 2153 3861 dicit
2182 3826 2193 3859 :
2228 3826 2246 3858 ‹
2284 3808 2412 3872 Quis
2442 3825 2523 3861 me
2553 3818 2707 3876 ponat
2737 3810 2785 3859 in
2818 3823 2998 3861 mense
3030 3809 3254 3874 priorem
3284 3805 3395 3858 dic-

1840 3915 1975 3959 rum,
2009 3899 2196 3967 quibus
2240 3913 2323 3950 me
2356 3899 2491 3950 Deus
2520 3898 2887 3950 custodiebat?
2916 3896 3044 3949 Cum
3090 3895 3397 3962 Splendebat

1841 3991 2051 4043 lucerna
2080 3988 2193 4055 ejus
2238 4002 2397 4054 super
2445 3996 2600 4054 caput
2631 4002 2826 4049 meum,
2873 3986 3077 4038 exibam
3113 3985 3397 4036 matutinus

1841 4080 1889 4133 in
1908 4080 2138 4142 civitate,
2174 4079 2223 4131 in
2268 4078 2454 4145 plateis
2502 4086 2674 4129 autem
2730 4075 3019 4142 ponebatur
3068 4073 3194 4125 mihi
3245 4073 3393 4125 sella.

1838 4171 2051 4225 Servavi
2081 4170 2219 4222 enim
2250 4184 2534 4236 pauperem
2570 4167 2635 4220 de
2676 4183 2832 4218 tnanu
2879 4166 3188 4233 potentium.
3232 4164 3397 4217 Bene-

1838 4262 1997 4314 dictio
2028 4262 2356 4328 percuntiuin
2390 4273 2549 4325 super
2573 4273 2656 4310 me
2686 4258 2878 4310 veniat.
2908 4256 3103 4309 Oculus
3131 4255 3199 4307 fni
3221 4268 3393 4307 caeco-

1838 4365 1974 4410 rum,
2002 4359 2054 4402 et
2083 4363 2173 4415 pes
2202 4348 2505 4401 clandorum
2529 4388 2542 4409 ,
2590 4357 2737 4415 pater
2780 4357 2951 4399 autem
3006 4345 3389 4413 impotentium.

1838 4440 2081 4509 Confregi
2106 4441 2269 4491 molas
2300 4439 2592 4505 iniquorum
2625 4437 2726 4489 :de
2750 4436 2920 4488 medio
2943 4435 3174 4487 dentium
3206 4447 3388 4485 eorum

1838 4532 2070 4598 rapinam
2101 4530 2287 4597 eripui.
2328 4528 2474 4582 Sicut
2520 4537 2655 4580 terra
2702 4525 2884 4577 sitiens
2932 4522 3222 4589 suscipiens
3280 4522 3395 4589 plu-

1836 4621 1993 4680 viam,
2024 4620 2099 4673 sic
2128 4620 2176 4671 hi
2205 4634 2377 4672 meum
2404 4630 2718 4669 sermonem.
2760 4613 3065 4665 Ilahitabam
3109 4612 3256 4680 quasi
3302 4626 3390 4663 rex

1839 4712 1888 4763 in
1918 4711 2164 4763 accinctis
2195 4728 2212 4759 ι
2247 4709 2394 4773 (Cap.
2425 4706 2513 4759 29.
2544 4720 2590 4758 υ.
2617 4704 2669 4756 2.
2702 4705 2752 4756 5.
2786 4705 2836 4755 7.
2868 4702 2951 4756 12.
2983 4702 3279 4756 15.15-17.
3303 4700 3365 4754 23.

1835 4799 1966 4868 25).
2018 4818 2035 4848 ε
2071 4798 2357 4851 Stultorum
2404 4796 2531 4858 filii,
2564 4796 2875 4863 nomineque
2920 4792 3175 4861 ignobiles
3213 4811 3223 4843 :
3256 4808 3395 4845 nunc

1834 4899 2008 4942 autem
2036 4888 2229 4939 cithara
2277 4886 2479 4937 illorum
2515 4900 2612 4952 ego
2642 4902 2786 4946 sum,
2819 4893 2871 4938 et
2916 4900 2999 4937 me
3030 4884 3252 4936 fabulam
3295 4883 3391 4935 ha-

1836 4980 1977 5033 bent.
2009 4977 2114 5031 Nec
2148 4978 2195 5029 in
2226 4976 2411 5030 faciem
2448 4993 2616 5030 meam
2659 4988 3004 5044 pepercerunt
3042 4990 3249 5043 spuere.
3282 4975 3387 5027 Ile-

1836 5069 2026 5139 putasti
2071 5079 2245 5122 autem
2295 5085 2376 5122 me
2420 5070 2555 5122 sicut
2602 5070 2765 5122 lutum
2804 5088 2815 5121 :
2848 5070 2897 5121 in
2944 5078 3081 5121 terra
3123 5078 3175 5121 et
3213 5067 3392 5119 cinere

1835 5160 2007 5228 portio
2039 5174 2174 5211 mea.
2209 5159 2358 5210 Manu
2386 5169 2558 5211 autem
2592 5159 2789 5227 potenti
2820 5174 2903 5211 me
2940 5157 3230 5226 ﬂagellasti.
3267 5156 3391 5208 Fra-

1836 5260 1935 5314 ter,
1992 5249 2198 5316 inquit,
2241 5248 2311 5301 fui
2362 5250 2636 5312 Sirenum,
2681 5249 2956 5315 sociusque
2986 5249 3335 5299 struthionnm
3370 5268 3386 5293 ι

1838 5340 2010 5410 (Cap.
2070 5340 2155 5393 50.
2210 5340 2416 5394 8-10.
2462 5341 2546 5393 19.
2601 5340 2689 5393 21.
2738 5338 2877 5405 29).
2940 5356 2957 5387 ι
3011 5338 3063 5391 Si
3118 5346 3389 5404 Sequutunt

1834 5438 1913 5481 est
1961 5444 2053 5483 cor
2104 5445 2281 5482 meum
2331 5444 2547 5483 uxorem
2594 5429 2690 5481 viri
2739 5428 2974 5488 alterius,
3013 5428 3213 5494 placeat
3257 5439 3391 5491 quo-

1833 5534 1933 5585 que
1977 5534 2108 5571 uxor
2157 5535 2268 5573 mea
2317 5519 2489 5573 alteri.
2531 5518 2699 5573 Furor
2741 5519 2880 5573 enim
2938 5518 3033 5569 viri
3070 5514 3390 5577 indomitus,

1834 5608 2221 5662 commaculare
2275 5609 2375 5661 illis
2419 5624 2655 5662 uxorem.
2690 5608 2745 5663 Si
2775 5608 2986 5676 despexi
3030 5604 3223 5658 nudum
3267 5619 3387 5672 per-

1835 5707 2069 5763 euntem,
2102 5709 2152 5753 et
2180 5714 2282 5753 non
2328 5700 2507 5768 operui
2552 5714 2692 5765 eum,
2720 5707 2773 5752 et
2801 5698 2863 5752 de
2896 5707 3106 5749 tonsura
3135 5708 3385 5763 agnorum
