3996 6454
561 433 671 488 367

558 542 799 586 meorum
821 538 923 579 non
949 519 1187 576 ealefacti
1215 527 1337 572 sunt
1366 517 1571 569 humeri
1622 526 1801 567 eorum
1820 550 1832 571 ,
1875 505 2111 560 discedat

559 621 812 674 humerus
835 610 981 667 meus
1004 626 1036 665 a
1058 609 1320 676 junctura.
1353 605 1501 672 Quod
1545 603 1587 656 si
1628 602 1837 670 gavisus
1895 611 2008 649 sum
2052 595 2117 646 de

562 708 710 762 ruina
737 704 1064 757 inimicorum
1094 712 1353 762 meorum,
1384 704 1437 749 et
1465 693 1595 747 dixit
1620 707 1711 745 cor
1734 704 1929 749 meum,
1951 687 2113 753 Euge,

561 793 738 848 audiat
764 793 905 845 auris
932 803 1053 842 mea
1099 786 1519 840 maledictionem
1551 797 1741 834 meam.
1797 779 1878 838 Et,
1926 776 1968 829 si
2015 789 2116 826 non

561 881 805 939 scindens
834 894 948 931 eam
980 876 1202 934 reddidi,
1240 874 1368 926 nihil
1415 871 1678 938 accipiens
1714 883 1742 919 a
1787 866 2044 925 debitore,
2073 861 2118 916 si

562 988 720 1040 super
747 984 830 1023 me
855 982 1098 1035 umquam
1133 975 1270 1018 terra
1312 962 1547 1031 gemuit,
1587 972 1682 1026 pro
1718 955 1976 1008 frumento
2005 967 2120 1019 ger-

563 1064 724 1116 minet.
776 1061 900 1113 mihi
956 1059 1116 1111 urtica
1155 1077 1172 1108 ι
1223 1054 1365 1126 (Cap.
1403 1056 1487 1109 '51.
1522 1070 1569 1106 υ.
1609 1051 1760 1104 9-11.
1794 1048 1879 1102 19.
1906 1047 1993 1100 20.
2025 1046 2110 1098 22.

563 1152 652 1205 29.
673 1152 757 1205 37.
790 1150 878 1204 53.
910 1149 1022 1217 te).
1199 1158 1202 1162 ·

637 1243 710 1296 De
741 1241 921 1294 Eliuzo
959 1241 1065 1292 filio
1103 1236 1372 1290 Baraehiel
1405 1233 1617 1286 Buzita:
1656 1227 1918 1297 quomodo
1958 1226 2120 1276 iratus

565 1332 723 1385 fuerit
751 1332 802 1382 in
833 1329 1022 1382 Jobum
1045 1370 1058 1392 ,
1089 1326 1224 1395 quod
1270 1340 1326 1378 se
1356 1323 1552 1376 diceret
1580 1319 1776 1386 justum
1808 1329 1983 1368 coram
2019 1314 2120 1364 Do-

565 1424 726 1475 mino.
770 1439 787 1470 ι
823 1420 1103 1487 Excipiens
1133 1419 1277 1470 Eliuz
1306 1415 1442 1467 ﬁlius
1472 1410 1738 1464 Barachiel
1768 1408 1973 1460 Buzitcs
1993 1446 2006 1463 ,
2038 1403 2120 1454 di-

564 1512 640 1564 xit
673 1528 684 1561 :
715 1510 899 1562 Junior
930 1508 1137 1576 quidem
1171 1521 1285 1558 sum
1315 1512 1469 1556 tet-ate
1503 1519 1513 1552 :
1544 1513 1705 1567 quare
1734 1496 1902 1564 quievi
1935 1494 2123 1545 timens

565 1599 876 1652 annnntiare
897 1597 1044 1648 vobis
1065 1595 1336 1648 scientiam
1360 1606 1548 1644 meam.
1573 1607 1593 1636 ν
1617 1587 1764 1655 (Cap.
1798 1585 1948 1636 32.0.
1965 1583 2018 1635 2.
2044 1581 2119 1651 6).

566 1689 866 1756 Exsurgens
888 1686 1034 1738 Eliuz
1065 1684 1393 1751 impudenter
1419 1689 1600 1732 contra
1641 1677 1828 1729 Jobuin
1861 1673 2120 1739 loquitur,

566 1779 732 1830 tribus
763 1777 863 1829 illis
895 1774 1182 1828 tacentibus
1216 1790 1228 1823 :
1267 1771 1498 1822 «Rursus
1526 1769 1741 1833 loquar;
1775 1763 1956 1832 plenus
1985 1761 2124 1813 enim

567 1882 680 1920 sum
704 1865 878 1919 verbis
903 1881 922 1914 ι
946 1861 1048 1932 (Ib.
1068 1878 1115 1915 υ.
1136 1860 1339 1924 17.l8).
1370 1859 1504 1911 Dixit
1531 1856 1678 1908 Eliuz
1704 1853 1766 1906 ad
1796 1853 1892 1905 Job
1922 1870 1932 1902 :
1969 1869 1984 1899 ι
2009 1848 2128 1917 Spi-

567 1957 698 2007 ritus
719 1954 928 2006 divinus
943 1961 1026 2005 est
1041 1950 1128 2017 qui
1153 1966 1236 2001 me
1258 1949 1378 2001 fecit
1406 1965 1418 1997 :
1451 1947 1666 2011 spiratio
1686 1953 1858 1994 autem
1879 1941 2128 2006 Omnipo-

569 2044 725 2098 tentis
753 2058 872 2112 quae
909 2057 994 2095 me
1035 2041 1208 2094 docet.
1244 2039 1297 2092 Si
1329 2037 1542 2106 poteris,
1586 2034 1650 2087 da
1679 2034 1802 2085 mihi
1832 2033 2128 2098 responsio-

569 2148 708 2186 nem.
742 2135 958 2185 Avertat
989 2129 1256 2181 hominem
1288 2127 1353 2179 ab
1383 2125 1672 2191 iniquitate.
1694 2121 1929 2189 Pepercit
1957 2130 2128 2172 autem

569 2223 755 2274 animae
782 2223 896 2288 ejus
925 2235 952 2272 a
983 2228 1240 2280 morte,et
1269 2231 1335 2269 ne
1359 2214 1510 2268 cadat
1529 2213 1614 2266 ille
1645 2213 1695 2264 in
1715 2210 2131 2277 bello.Coai-guit

569 2322 743 2363 autem
773 2309 918 2362 illum
949 2309 1000 2361 in
1033 2309 1283 2375 languore
1308 2319 1467 2372 super
1495 2301 1671 2355 cubili.
1717 2299 2005 2352 Renovabit
2033 2314 2129 2349 au-

572 2402 673 2444 tem
706 2391 820 2459 ejus
847 2405 1074 2458 corpus,
1106 2390 1242 2442 sicut
1270 2387 1543 2440 tectorium
1576 2384 1625 2435 in
1660 2386 1854 2451 pariete
1875 2421 1888 2443 ,
1921 2391 1974 2434 et
2011 2395 2130 2433 ossa

571 2480 685 2549 ejus
707 2479 943 2548 implebit
959 2477 1202 2531 medulla.
1222 2476 1387 2538 Tunc,
1405 2493 1421 2525 ι
1443 2472 1625 2542 inquit,
1647 2491 1664 2522 ι
1689 2471 1950 2523 accusabit
1974 2469 2133 2522 homo

573 2571 805 2640 seipsum
835 2569 1018 2623 dicens
1050 2567 1267 2632 :Qualia
1296 2563 1625 2618 efﬁciebam?
1652 2577 1752 2615 non
1775 2561 1983 2628 dignam
2014 2573 2136 2626 pec-

573 2663 707 2714 catis
755 2660 886 2713 meis
927 2658 1325 2727 castigationem
1375 2654 1566 2707 intulit.
1604 2673 1622 2702 ›
1659 2652 1843 2704 Adhuc
1888 2649 2134 2714 loquutus

575 2759 656 2803 est
682 2751 831 2804 Eliuz
860 2749 922 2801 ad
954 2748 1142 2801 Jobum
1176 2766 1187 2800 :
1224 2765 1240 2797 ι
1275 2746 1502 2799 Auribus
1532 2744 1758 2811 percipe,
1788 2741 1906 2802 Job,
1939 2750 1991 2794 et
2015 2739 2130 2792 audi

575 2855 662 2893 me
689 2858 702 2891 :
733 2841 1055 2901 obtuun-see,
1084 2849 1136 2892 et
1164 2841 1364 2907 loquar.
1389 2837 1442 2889 Si
1467 2847 1545 2888 est
1574 2835 1664 2886 tibi
1696 2847 1892 2897 sermo,
1918 2845 2131 2898 respon-

574 2931 644 2984 de
672 2931 798 2984 mihi
832 2949 844 2983 :
873 2931 992 2983 volo
1042 2930 1181 2983 enim
1228 2927 1514 2982 examinari
1564 2939 1592 2976 a
1637 2934 1688 2975 te
1726 2924 1976 2990 justitiam
2022 2935 2136 2972 ser-

576 3020 749 3073 monis
777 3020 873 3072 mei
912 3038 928 3069 ι
955 3019 1101 3089 (Cap.
1133 3020 1219 3072 33.
1242 3035 1286 3071 v.
1307 3019 1358 3069 4.
1379 3018 1430 3069 5.
1463 3014 1645 3068 17-19.
1677 3012 1869 3066 24.27.
1905 3013 1988 3064 51.
2023 3008 2130 3080 32).

580 3109 766 3164 Adhuc
791 3109 1045 3178 adjiciens
1073 3110 1217 3161 Eiinz
1249 3107 1402 3160 tertio
1432 3106 1557 3157 dicit.
1585 3122 1596 3155 :
1635 3123 1651 3152 ς
1690 3105 1878 3156 Audite
1905 3117 1987 3154 me
2009 3143 2022 3164 ,
2049 3118 2136 3153 sa-

580 3201 815 3268 pientes,
849 3201 1043 3250 boutnn
1075 3208 1155 3251 est
1183 3205 1239 3249 ut
1268 3196 1354 3264 qui
1384 3195 1656 3247 scientiam
1686 3192 1898 3255 habent,
1929 3191 2139 3243 auribus

579 3291 872 3360 percipiant
918 3307 931 3341 :
979 3289 1099 3356 quia
1145 3287 1288 3338 auris
1330 3298 1608 3338 sermones
1656 3282 1856 3348 probat.
1905 3301 1923 3332 ι
1955 3281 2140 3332 Adhuc

579 3381 712 3434 dixit
756 3381 900 3432 Eliuz
934 3395 946 3430 :
981 3396 998 3428 ι
1032 3377 1159 3443 Quis
1196 3375 1276 3427 vir
1305 3383 1360 3426 ut
1387 3373 1506 3436 Job,
1552 3372 1736 3424 bibens
1771 3369 2138 3423 subsannalio-

583 3485 702 3524 nem
737 3471 872 3522 sicut
898 3467 1126 3536 aquam?
1170 3464 1258 3533 qui
1291 3479 1458 3533 neque
1489 3461 1752 3529 peccavit,
1783 3475 1952 3526 neque
1985 3460 2141 3525 impie

583 3563 728 3631 egit?
757 3561 930 3630 [Absit
956 3575 983 3610 a
1015 3557 1119 3628 me]
1151 3572 1328 3609 coram
1360 3555 1730 3620 Omnipotente
1758 3553 1968 3603 turbare
1989 3550 2141 3618 justi-

586 3653 728 3705 tiam.
753 3650 853 3703 Sed
879 3644 1048 3702 reddil
1086 3647 1282 3700 homini
1305 3646 1493 3712 cuique
1514 3641 1800 3695 secundum
1825 3656 1982 3708 opera
2003 3640 2139 3706 ejus.

581 3745 777 3811 Impius
803 3749 882 3794 est
909 3741 996 3808 qui
1027 3739 1151 3792 dicit
1177 3739 1282 3803 regi
1314 3754 1328 3789 :
1362 3729 1536 3803 Inique
1563 3735 1693 3802 agis.
1722 3753 1739 3784 ι
1766 3733 1850 3794 Ει,
1871 3750 1888 3780 ι
1914 3732 2010 3796 Qui
2041 3745 2140 3782 non

583 3843 664 3886 est
693 3831 889 3886 veritus
918 3829 1103 3881 faciem
1131 3828 1181 3880 in
1210 3834 1495 3894 conspectu
1527 3839 1663 3876 meo.
1695 3823 1945 3879 Dominus
1973 3822 2144 3872 omnia

583 3923 815 3991 inspicit,
845 3922 932 3988 qui
965 3917 1365 3987 comprehendit
1393 3932 1496 3968 non
1525 3914 1867 3982 vestigabilia,
1897 3913 2142 3980 gloriosa,

583 4023 637 4068 et
662 4012 937 4081 magnifica
960 4051 974 4074 ,
1007 4024 1230 4079 quorum
1269 4025 1370 4061 non
1402 4017 1482 4062 est
1510 4021 1780 4060 numerus.
1811 4005 1903 4058 Vir
1939 4005 2145 4071 sapiens

586 4105 787 4158 audivit
829 4103 1046 4156 verbum
1097 4117 1270 4154 meum
1305 4119 1316 4152 :
1350 4101 1448 4153 Job
1491 4109 1664 4152 autem
1712 4113 1815 4150 non
1863 4097 2147 4165 prudenter

589 4197 836 4265 loquutus
857 4203 944 4247 est
981 4212 998 4243 ι
1027 4191 1173 4261 (Cap.
1206 4193 1290 4245 31.
1325 4191 1446 4244 v.2.
1482 4192 1531 4243 5.
1558 4191 1607 4242 7.
1639 4190 1690 4242 8.
1719 4189 1802 4241 10.
1839 4190 1920 4241 11.
1956 4187 2144 4241 18.19.

586 4289 674 4342 21.
704 4289 790 4342 54.
819 4286 1142 4353 35).Ουθι’ῑο
1169 4283 1420 4352 adjiciens
1467 4283 1608 4334 liliuz
1648 4282 1772 4334 dicit
1815 4280 1876 4332 ad
1923 4279 2144 4332 Jolnnn:

595 4397 616 4429 ο
649 4379 821 4441 Quare
852 4377 950 4429 hoc
979 4375 1286 4428 existimasti
1318 4375 1366 4426 in
1393 4373 1633 4441 judicio?
1661 4371 1737 4422 Tu
1767 4371 1883 4438 quis
1908 4384 1965 4421 es
1985 4409 1997 4429 ,
2029 4370 2147 4436 quia

593 4466 785 4529 dixisti,
801 4465 980 4518 Justus
994 4479 1106 4517 sum
1126 4465 1470 4528 inconspectu
1489 4461 1722 4513 Domini?
1743 4459 1918 4526 i(Cap.
1939 4457 2078 4510 35m.
2093 4455 2147 4524 ει)

589 4556 836 4621 Quintum
860 4554 1036 4621 adjicit
1054 4553 1198 4605 Eliuz
1221 4551 1440 4603 orationi
1464 4566 1591 4613 sum,
1611 4559 1662 4602 et
1685 4565 1851 4616 neque
1867 4547 1965 4599 Job
1985 4561 2150 4613 neque

591 4659 697 4700 tres
725 4646 878 4698 amici
908 4652 1154 4697 accusant
1179 4657 1297 4695 eum
1329 4651 1383 4693 ut
1408 4640 1644 4692 atheum.
1673 4638 1998 4690 Manifestum
2027 4649 2152 4702 ergo

594 4739 715 4791 hinc
743 4747 844 4800 est,
873 4746 978 4789 tres
1006 4735 1121 4787 illos
1146 4733 1450 4800 resipuisse.
1476 4731 1710 4798 Dicitque
1734 4728 1797 4780 ad
1821 4727 1918 4780 Joh
1942 4744 1953 4779 :
1987 4745 2004 4776 ‹
2028 4725 2154 4779 Sus-

594 4830 699 4880 tine
744 4842 829 4880 me
859 4826 1120 4893 paululum
1149 4824 1338 4880 adhuc.
1369 4831 1425 4874 ut
1450 4830 1498 4872 te
1522 4820 1736 4872 doceam
1764 4834 1776 4880 ;
1807 4817 1976 4868 adhuc
2013 4816 2150 4866 enim

589 4929 675 4972 est
719 4919 768 4970 in
809 4933 893 4970 me
921 4919 997 4969 vis
1030 4915 1271 4983 loquendi
1307 4933 1324 4962 ι
1354 4911 1502 4978 (Cap.
1536 4912 1619 4965 56.
1650 4926 1695 4962 υ.
1726 4909 1760 4960 2
1785 4910 1824 4962 l.
1854 4907 1939 4958 Ait
1969 4905 2150 4958 Eliuz:

606 5026 624 5056 ι
665 5006 890 5059 Auribus
916 5005 1028 5057 hate
1055 5004 1284 5071 percipe,
1323 5001 1438 5053 .Iob.
1475 5001 1585 5062 Sta,
1615 4998 1758 5050 disce
1788 4996 2029 5047 virtutem
2059 4995 2155 5044 Do-

600 5097 746 5149 mini.
778 5094 1033 5162 Numquid
1068 5095 1198 5146 liber
1228 5103 1316 5144 aut
1358 5092 1528 5144 scriba
1572 5088 1773 5140 adstitit
1815 5085 1942 5146 tibi;
1977 5093 2064 5135 aut
2091 5083 2157 5135 ab

603 5186 844 5249 aquilone
873 5183 1035 5234 nubes
1053 5181 1243 5232 coloris
1268 5181 1411 5231 aurei
1445 5199 1460 5228 ι
1484 5177 1630 5246 (Cap.
1652 5177 1738 5228 57.
1760 5190 1804 5226 υ.
1832 5174 1915 5225 14.
1935 5172 2022 5224 20.
2042 5171 2157 5238 22)?

673 5268 810 5324 Deus
833 5285 947 5323 sese
973 5268 1225 5321 exhibens
1245 5268 1428 5319 .lobum
1456 5268 1650 5334 justum
1673 5263 1921 5322 declarat.
1947 5262 2162 5315 docens-

605 5378 704 5430 que
735 5362 1042 5430 mysterium
1068 5360 1283 5420 Christi,
1310 5360 1381 5410 ait
1401 5359 1462 5410 ad
1491 5359 1674 5410 Jobum
1709 5375 1720 5408 :
1752 5377 1768 5407 ι
1799 5357 1923 5420 Quis
1950 5363 2028 5406 est
2056 5353 2157 5416 hic,

605 5453 690 5521 qui
738 5452 875 5505 celat
921 5467 1004 5504 me
1055 5450 1366 5509 consilium,
1415 5451 1749 5514 continetque
1794 5459 2065 5498 sermones
2111 5443 2160 5494 in

605 5544 808 5598 corde?
858 5561 876 5593 ›
923 5542 1166 5608 Dialogus
1198 5540 1401 5592 Domini
1446 5555 1456 5589 :
1506 5557 1523 5588 ‹
1561 5537 1737 5604 Sepivi
1791 5551 1932 5588 mare
1978 5535 2159 5599 portis.

611 5632 726 5686 Dixi
752 5641 928 5685 autem
959 5630 1055 5694 illi,
1088 5630 1369 5696 llucusque
1399 5628 1595 5689 venies,
1631 5635 1682 5678 et
1709 5642 1811 5678 non
1840 5623 2161 5692 praeteribis:

607 5721 704 5779 sed
732 5721 784 5774 in
818 5723 983 5786 teipso
1008 5718 1430 5770 eomminuentur
1460 5714 1643 5768 ﬂuctus
1675 5714 1765 5767 tui.
1804 5732 1818 5762 ι
1855 5713 2036 5766 Sermo
2063 5710 2164 5761 Do-

1285 409 1346 465 S.
1384 405 1655 464 JOANNlS
1685 394 2150 456 UIRYSOSTOMI
2191 393 2500 449 ARCIIIEP.
2541 387 3068 448 CONSTAN'I'INOP.

3687 399 3802 454 368

2225 502 2350 554 mini
2382 521 2393 556 :
2427 520 2446 552 ‹
2480 503 2559 555 An
2589 511 2642 555 tu
2674 516 2889 555 sumens
2923 501 3090 553 lutum
3117 497 3353 551 formasti
3381 493 3619 549 animal?
3647 497 3795 564 Apeo

2223 594 2430 645 riuntur
2459 593 2550 645 tibi
2598 603 2743 646 metu
2772 601 2935 660 porta:
2965 589 3192 642 mortis?
3234 597 3325 640 aut
3357 587 3556 641 ostiarii
3601 585 3794 641 inferni

2224 681 2462 734 videntes
2506 691 2556 734 te
2606 678 2933 734 timuerunt?
2979 678 3112 731 Num
3165 677 3355 730 venisti
3403 677 3468 728 ad
3515 677 3796 728 thesauros

2227 773 2362 824 nivis
2386 812 2399 835 ,
2432 780 2522 822 aut
2568 771 2844 824 thesauros
2872 768 3143 838 grandinis
3180 765 3398 819 vidisti?
3429 765 3577 820 Unde
3613 773 3796 817 autem

2225 864 2462 931 procedit
2516 863 2746 930 pruina?
2795 862 2922 926 Quis
2979 859 3297 926 prteparavit
3356 858 3552 908 ﬂuxum
3601 856 3799 923 pluvia:

2225 955 2568 1008 vehementi?
2601 973 2623 1004 ο
2658 954 3000 1020 lnsuperque.
3033 969 3054 1000 ί
3087 950 3215 1015 Quis
3257 959 3337 1002 est
3374 947 3566 1016 pluvia:
3596 955 3752 1014 pater
3774 943 3800 994 ?

2227 1045 2302 1098 Ex
2334 1044 2483 1110 cujus
2514 1052 2663 1096 utero
2696 1041 2932 1108 procedit
2961 1038 3198 1108 glacies?
3227 1038 3471 1090 Pruinam
3499 1036 3548 1086 in
3572 1035 3712 1088 caele
3745 1043 3802 1085 et

2226 1135 2408 1203 glebas
2457 1133 2592 1186 roris
2641 1131 2759 1200 quis
2802 1128 3055 1198 peperit?
3101 1127 3325 1180 Vocabis
3371 1133 3544 1178 autem
3598 1124 3800 1176 nubem

2226 1240 2387 1288 voce,
2435 1233 2489 1278 et
2520 1235 2750 1277 tremore
2789 1236 2939 1288 aqua:
2968 1219 3154 1271 validm
3195 1215 3404 1270 obediet
3445 1214 3573 1267 tibi?
3617 1214 3803 1266 Mittes

2228 1314 2444 1367 fulmina
2477 1322 2529 1366 et
2565 1313 2757 1364 ibunt?
2785 1311 2912 1376 Quis
2942 1308 3087 1362 dedit
3115 1305 3422 1360 mulieribus
3449 1313 3667 1356 texturze
3713 1318 3804 1354 sa-

2227 1403 2524 1472 pientiam?
2555 1401 2682 1466 Quis
2708 1399 3019 1467 prmparavit
3043 1411 3203 1450 corvo
3231 1392 3446 1447 escam?
3490 1392 3620 1443 Pulli
3651 1391 3802 1443 enim

2229 1493 2342 1561 ejus
2369 1495 2728 1544 clamaverunt
2752 1489 2816 1540 ad
2843 1487 3120 1539 Dominum
3146 1493 3403 1543 errantes,
3430 1481 3624 1532 cibaria
3652 1493 3804 1545 qna--

2228 1593 2404 1636 rentes
2426 1601 2442 1632 ι
2477 1578 2623 1648 (Cap.
2652 1580 2740 1631 58.
2767 1593 2813 1630 v.
2841 1576 2893 1628 2.
2925 1577 2974 1629 8.
3004 1574 3197 1626 11.14.
3233 1573 3314 1624 1'7.
3342 1570 3430 1623 22.
3459 1570 3548 1622 24.
3579 1567 3668 1621 25.
3705 1566 3800 1620 28.

2229 1673 2318 1726 29.
2342 1673 2427 1724 54.
2459 1670 2568 1737 41).
2609 1687 2626 1718 ‹
2664 1668 2836 1720 Penna
2882 1665 3063 1717 volans
3103 1661 3373 1729 procedet,
3409 1661 3452 1712 si
3494 1658 3805 1725 conceperit

2231 1762 2373 1815 asida
2392 1770 2444 1814 et
2473 1774 2649 1813 nessa.
2671 1757 2951 1822 Relinquet
2973 1754 3021 1805 in
3047 1763 3188 1806 terra
3212 1766 3304 1803 ova
3329 1766 3440 1802 sua.
3465 1749 3595 1802 Cum
3619 1759 3807 1801 tacere

2232 1852 2356 1905 iecit
2377 1853 2422 1904 ei
2451 1851 2586 1903 Deus
2612 1846 2942 1914 sapientiam,
2972 1842 3202 1895 irridebit
3225 1854 3440 1906 equum.
3472 1838 3548 1890 Ex
3573 1838 3804 1891 scientia

2233 1952 2317 1994 tua
2348 1941 2490 1994 stetit
2517 1939 2767 2006 accipiter
2788 1977 2803 2001 ,
2834 1935 3010 1987 vultur
3035 1944 3211 1984 autem
3250 1945 3408 1997 super
3439 1928 3616 1980 nidum
3643 1942 3804 1979 suum

2233 2032 2421 2085 sedens
2451 2040 2682 2082 moratur
2717 2047 2736 2078 ι
2767 2025 2913 2093 (Cap.
2937 2025 3024 2079 39.
3044 2041 3091 2077 υ.
3114 2023 3297 2077 15.14.
3317 2019 3502 2074 17.18.
3543 2020 3633 2072 26.
3655 2018 3772 2088 27).

2305 2118 2492 2172 Adhuc
2518 2119 2764 2185 loquutus
2784 2126 2866 2168 est
2888 2115 3140 2167 Dominus
3160 2112 3293 2166 Jobo
3314 2131 3326 2162 :
3348 2128 3366 2160 ε
3391 2110 3522 2163 Num
3542 2110 3806 2176 judicium

2236 2225 2352 2263 cum
2383 2209 2756 2275 Omnipotente
2782 2202 3082 2273 iudicabis?
3109 2213 3159 2255 et
3179 2200 3267 2268 qui
3298 2200 3466 2268 arguit
3496 2199 3807 2260 Dominum,

2237 2299 2576 2368 respondebit
2601 2297 2742 2366 ipsi?
2779 2314 2797 2346 ι
2831 2295 3099 2363 Loquutus
3123 2300 3204 2345 est
3229 2290 3328 2343 Job
3361 2289 3614 2342 Domino:
3641 2307 3661 2337 ι
3691 2289 3810 2356 Ego

2236 2390 2442 2456 judicor
2470 2387 2846 2448 commonitus,
2880 2394 2932 2437 et
2964 2396 3192 2450 arguens
3224 2380 3526 2439 Dominum,
3559 2390 3680 2432 cum
3711 2392 3812 2428 au-

2237 2483 2326 2535 dio
2347 2482 2468 2533 talia
2493 2480 2626 2550 i(lb.
2649 2497 2696 2532 υ.
2718 2479 2805 2532 '52.
2822 2477 2932 2546 54).
2951 2475 3221 2544 Loquutus
3237 2481 3318 2527 est
3337 2472 3584 2525 Dominus
3612 2468 3678 2522 ad
3703 2469 3811 2523 Job

2239 2574 2305 2627 de
2332 2574 2468 2627 nube
2490 2571 2719 2625 secundo
2741 2583 3000 2638 apparens
3021 2568 3100 2622 ei:
3133 2585 3152 2617 ‹
3177 2567 3404 2633 Accinge
3421 2565 3560 2618 sicut
3575 2563 3654 2616 vir
3671 2564 3813 2615 lum-

2240 2664 2363 2716 bum
2382 2671 2549 2715 tuum.
2569 2660 2911 2728 luterrogabo
2931 2668 3105 2712 autem
3126 2671 3194 2719 te,
3217 2667 3270 2709 tu
3295 2672 3420 2709 vero
3439 2654 3565 2707 mihi
3587 2669 3816 2722 respon-

2240 2755 2325 2807 de.
2360 2773 2381 2804 ο
2416 2753 2602 2806 Sermo
2642 2751 2886 2804 Domini:
2921 2768 2938 2800 ‹
2960 2748 3265 2804 Confitebor
3304 2745 3440 2815 quod
3491 2745 3654 2812 possit
3679 2745 3813 2798 dex-

2243 2855 2352 2900 tera
2377 2856 2463 2897 tua
2486 2843 2708 2895 salvare.
2737 2841 2930 2893 Verum
2957 2839 3137 2906 utique
3157 2837 3338 2890 bestia:
3364 2835 3499 2902 apud
3530 2844 3578 2888 te
3603 2835 3812 2888 fatuum

2243 2934 2376 2987 sicut
2405 2934 2570 2985 boves
2601 2929 2902 2983 comedunt.
2938 2928 3116 2980 Virtus
3141 2935 3316 2979 autem
3347 2925 3463 2991 ejus
3504 2939 3664 2992 super
3693 2939 3817 2975 unt-

2242 3024 2400 3077 bilico
2425 3023 2647 3076 ventris.
2673 3020 2854 3074 Erexit
2877 3019 3097 3072 caudam
3120 3018 3254 3069 sicut
3272 3030 3604 3083 cupressum.
3632 3013 3815 3066 Costa:

2243 3116 2392 3181 ejus,
2419 3122 2579 3167 costa:
2613 3127 2773 3164 tenete
2807 3129 2819 3162 :
2849 3111 2996 3176 spina
3027 3119 3200 3160 autem
3232 3107 3343 3173 ejus
3385 3105 3580 3158 ferrum
3630 3101 3810 3155 fusile.

2245 3205 2354 3256 Sub
2398 3203 2540 3255 omni
2585 3213 2778 3268 genere
2821 3197 3068 3250 arborum
3114 3195 3324 3247 dormit.
3362 3193 3529 3244 Duces
3553 3202 3752 3254 autem,
3788 3209 3809 3240 ι

2248 3295 2448 3363 inquit,
2478 3312 2496 3344 ς
2530 3294 2739 3346 leonem
2783 3291 2972 3354 hamo,
3016 3297 3069 3341 et
3111 3287 3476 3353 circumpones
3523 3283 3813 3349 capistrum

2247 3390 2385 3438 circa
2413 3400 2596 3438 nasum
2623 3384 2759 3452 ejus.
2805 3381 2974 3434 Omne
3010 3388 3184 3431 autem
3216 3377 3466 3441 navigans
3491 3371 3816 3425 conveniens

2251 3491 2353 3527 non
2383 3475 2550 3527 ferent
2576 3473 2765 3541 pellem
2799 3485 2953 3522 unam
2980 3465 3161 3520 cauda:
3182 3464 3294 3532 ejus
3316 3462 3466 3531 (Cap.
3495 3462 3584 3514 40.
3608 3476 3657 3513 υ.
3679 3461 3734 3513 2.
3757 3460 3818 3513 9-

2249 3568 2334 3621 13.
2365 3566 2442 3620 16.
2474 3565 2564 3618 20.
2597 3565 2687 3617 21.
2719 3562 2832 3630 26).
2859 3561 3006 3613 Putat
3035 3557 3242 3626 quidem
3273 3556 3471 3608 ferrum
3502 3554 3710 3620 paleas,
3739 3566 3817 3604 tes

2247 3670 2420 3711 autem
2466 3660 2599 3710 sicut
2649 3657 2843 3722 lignum
2889 3651 3170 3719 putridum.
3220 3647 3332 3699 Non
3362 3643 3655 3697 vulnerahit
3690 3659 3815 3697 cum

2249 3763 2403 3802 arcus
2429 3761 2605 3799 amens
2633 3764 2649 3794 ι
2678 3743 2825 3814 (Cap.
2854 3744 2941 3795 41.
2969 3757 3017 3792 υ.
3053 3739 3137 3792 18.
3170 3737 3280 3802 19).

2322 3839 2412 3891 liis
2433 3836 2655 3891 cessavit
2684 3836 2824 3902 loqui
2849 3833 2981 3886 Job:
3010 3850 3026 3880 ι
3054 3829 3185 3883 Novi
3208 3826 3345 3897 quod
3370 3826 3545 3880 omnia
3568 3834 3737 3894 potes,
3763 3835 3819 3879 et

2254 3929 2378 3983 nihil
2400 3929 2490 3982 tibi
2511 3926 2835 3994 impossibile
2854 3932 2952 3976 est.
2979 3923 3105 3988 Quis
3117 3921 3260 3975 enim
3280 3929 3359 3972 est
3375 3918 3459 3987 qui
3480 3927 3528 3970 te
3545 3918 3680 3971 celat
3699 3931 3820 3970 con-

2253 4019 2463 4074 silium?
2486 4017 2662 4069 l‘utavi
2683 4025 2856 4066 autem
2877 4028 2960 4066 me
2980 4021 3173 4065 terram
3190 4010 3486 4064 etcinerem
3513 4028 3532 4058 ι
3555 4005 3700 4076 (Cap.
3725 4007 3816 4060 42.

2254 4125 2301 4163 υ.
2333 4109 2387 4161 2.
2424 4109 2476 4160 ὅ.
2501 4108 2579 4172 6).
2622 4104 2869 4172 Coarguit
2895 4103 3143 4154 Dominus
3172 4099 3389 4167 Eliphaz
3410 4097 3814 4160 'l'haemanitem,

2257 4201 2381 4268 quia
2414 4200 2652 4265 peccavit
2684 4196 2794 4262 ipse
2817 4203 2870 4246 et
2891 4192 2994 4245 duo
3023 4190 3173 4243 amici
3196 4188 3329 4256 ejus,
3356 4188 3474 4254 quia
3502 4202 3606 4238 non
3633 4185 3821 4253 loquu-

2258 4303 2342 4346 tus
2368 4301 2448 4344 est
2471 4304 2646 4342 coram
2677 4287 2787 4355 Deo
2816 4299 3015 4337 verum.
3035 4282 3127 4334 Ilie
3150 4280 3384 4347 expiatio
3415 4280 3470 4330 lit
3502 4278 3655 4330 trium
3685 4278 3822 4329 ami-

2256 4398 2437 4437 corum
2470 4395 2564 4449 per
2593 4379 2693 4432 Job
2733 4377 3059 4429 sacerdotem
3087 4373 3195 4426 Dei.
3227 4370 3374 4434 Quod
3403 4361 3606 4421 auterit
3646 4369 3824 4421 Domi-

2259 4490 2357 4526 nus
2386 4472 2572 4525 Jobum
2597 4509 2610 4531 ,
2638 4478 2690 4522 et
2722 4474 2971 4534 precante
3006 4465 3094 4516 illo
3122 4476 3214 4529 pro
3239 4459 3425 4511 amicis
3450 4458 3592 4519 suis,
3638 4455 3821 4508 Domi-

2259 4580 2359 4618 nus
2381 4560 2764 4617 condonaverit
2793 4556 2868 4609 eis
2899 4562 3191 4622 peceatum.
3223 4549 3291 4604 Ut
3316 4547 3594 4601 audierunt
3613 4556 3823 4609 omnes,

2260 4655 2348 4722 qui
2390 4669 2454 4706 ex
2491 4663 2685 4718 genere
2728 4646 2844 4699 Jobi
2877 4652 3062 4705 erant,
3102 4647 3440 4694 accesserunt
3478 4635 3543 4688 ad
3581 4651 3703 4688 eum
3726 4675 3741 4698 ,
3773 4645 3825 4689 et

2261 4744 2605 4798 comederunt
2636 4753 2698 4792 ac
2727 4737 2978 4791 biberunt
3006 4732 3143 4802 apud
3182 4746 3298 4785 eum
3321 4772 3335 4794 ,
3368 4730 3620 4796 illumque
3653 4727 3826 4780 admi-

2261 4835 2362 4888 rati
2392 4832 2653 4885 dederunt
2682 4828 2728 4880 ei
2758 4825 2946 4894 singuli
2977 4836 3167 4890 agnum
3192 4835 3369 4880 unum,
3412 4831 3466 4872 et
3500 4817 3828 4870 tetradrach-

2263 4938 2406 4976 mum
2459 4934 2697 4972 aureum.
2758 4915 3020 4980 Scriptum
3089 4919 3171 4964 est
3228 4925 3348 4962 eum
3407 4919 3828 4961 resurrecturum

2265 5027 2382 5066 esse
2421 5025 2540 5064 cum
2571 5010 2633 5060 iis
2676 5019 2807 5075 quos
2836 5001 3171 5056 resuscitabit
3204 4999 3478 5051 Dominus.
3512 4998 3566 5050 In
3595 4997 3677 5050 his
3702 5011 3831 5050 con-

2267 5104 2460 5154 tinetur
2485 5099 2562 5150 vis
2589 5096 2760 5148 omnis
2790 5092 2905 5145 libri
2931 5091 3048 5144 Job.

2746 5241 3011 5280 SAPIENTIA
3051 5235 3354 5276 SALOMONIS.

2341 5344 2606 5414 Sapientia
2635 5340 2934 5395 Salomonis
2963 5346 3178 5389 vocatur
3203 5333 3288 5386 hic
3313 5332 3444 5386 liber
3475 5348 3490 5386 :
3523 5347 3640 5384 nam
3673 5333 3830 5385 etiam

2273 5437 2412 5489 hunc
2439 5449 2465 5484 a
2492 5432 2778 5485 Salomone
2807 5427 3059 5494 scriptum
3089 5437 3206 5475 esse
3231 5421 3432 5474 dicunt.
3466 5419 3715 5473 Continet
3741 5435 3825 5472 au-

2273 5536 2377 5580 tem
2425 5522 2719 5577 doctrinam
2757 5515 2972 5586 justitite
2993 5554 3006 5577 ,
3038 5521 3091 5566 et
3119 5526 3217 5580 qua
3249 5511 3451 5564 ratione
3480 5511 3829 5577 cognoscendi

2275 5618 2381 5670 sint
2425 5625 2546 5666 tunc
2577 5607 2800 5677 improbi
2823 5648 2837 5668 .
2871 5615 2995 5658 tunc
3023 5602 3166 5670 probi
3198 5601 3291 5653 viri
3321 5616 3332 5651 :
3363 5599 3427 5651 ad
3460 5598 3574 5651 lucc
3601 5597 3831 5667 prophe-

2279 5716 2400 5758 nam
2428 5701 2492 5756 de
2518 5699 2749 5754 Christo.
2787 5696 2946 5749 Docet
2975 5692 3133 5748 etiam
3163 5688 3326 5744 multo
3351 5700 3470 5742 esse
3494 5701 3628 5756 opus
3653 5687 3831 5742 labore
