3996 6418
169 411 274 464 367

154 509 424 563 ἀπέδωκα
450 521 498 567 ι,
528 509 706 561 οὐθὲν
719 508 917 561 λαϐὼν
939 505 1056 559 ἀπὸ
1073 501 1526 571 χρεωφειλέτου,
1556 503 1607 552 εὶ
1626 501 1715 552 ἐπ’

154 591 275 658 ἐμοί
294 589 333 654 -ή
366 588 441 658 γῆ
456 589 762 652 ἐστέναξέ,
789 587 919 640 ἀντὶ
937 584 1129 651 πυροῦ
1150 583 1386 644 ἐξέλθοι
1402 597 1501 648 μοι
1524 579 1718 645 κνίδη.

219 690 303 742 Τὰ
331 690 460 759 περὶ
500 688 710 752 Ἐλιοὺζ
748 687 842 740 τοῦ
877 685 1154 757 Βαραχιὴλ
1197 682 1288 736 τοῦ
1318 682 1570 745 Βουζίτου
1594 698 1607 711 ·
1650 680 1724 743 ὼς

157 771 396 840 ὠργίσθη
425 768 502 837 τῷ
536 769 674 830 Ἰὼϐ,
706 770 786 821 ὃτι
817 769 1091 836 ἀπέφηνεν
1126 764 1320 817 ἑαυτὸν
1342 763 1546 814 δίκαιον
1576 763 1723 813 ἐναν-

157 856 260 905 τίον
303 852 532 920 Κυρίου.
584 850 899 902 Ὑπολαϐὼν
941 849 1152 910 Ἐλιοὶιζ
1182 849 1210 899 ὁ
1250 845 1343 898 τοῦ
1391 843 1666 913 Βαραχιὴλ
1695 846 1722 896 ὁ

158 935 433 1002 Βουζίτης,
464 929 584 984 εἷπε
600 947 612 959 ·
635 931 928 998 Νεώτερός
949 933 1064 998 ειμι
1092 928 1173 993 τῷ
1199 927 1394 995 χρόνῳ
1413 942 1426 955 ·
1460 924 1551 977 διὸ
1571 927 1723 990 ἡσύ-

157 1031 332 1083 χασα,
387 1014 666 1083 φοϐηθείς
708 1015 813 1068 τοῦ
855 1012 997 1081 ύμῖν
1034 1009 1378 1077 ἀναγγεῖλαι
1426 1007 1537 1072 τὴν
1575 1005 1726 1072 ἐμὴν

158 1098 514 1164 ἐπιστήμην.
558 1095 882 1158 Ἐξαναστὰς
910 1092 1122 1154 Ἐλιοὺζ
1147 1094 1204 1143 ὲν
1231 1090 1472 1157 ἀναιδείᾳ
1495 1087 1724 1142 καταλέ-

158 1197 236 1244 γει
281 1179 376 1231 τοῦ
423 1177 565 1240 Ἰὼϐ,
611 1178 719 1229 τῶν
761 1177 926 1245 τριῶν
961 1173 1495 1242 ἅποσιωπησάντων’
1537 1169 1725 1221 Πάλιν

157 1261 404 1325 λαλήσω
421 1280 434 1291 θ
456 1259 693 1327 πλήρης
715 1258 820 1328 γάρ
837 1261 950 1325 εἰμι
966 1256 1252 1324 ῥήματος.
1282 1250 1414 1305 Εἷπε
1433 1253 1487 1304 δὲ
1516 1251 1724 1314 Ἐλιοίιζ

161 1344 285 1412 πρδς
323 1342 443 1395 Ἰὼϐ
467 1359 478 1371 ·
511 1340 748 1408 Πνεῦμα
775 1340 931 1393 θεῖον
952 1338 1019 1390 τὸ
1046 1335 1313 1403 ποιῆσάν
1336 1351 1435 1402 με,
1467 1332 1624 1398 πνοὴ
1656 1331 1724 1383 δὲ

162 1420 690 1489 ιιιιντοκράτοροςη
717 1418 1092 1474 διδάσκουσα
1115 1435 1208 1486 με.
1252 1417 1386 1468 Ἐὰν
1419 1415 1590 1480 δύνῃ,
1620 1413 1724 1476 δός

153 1521 246 1569 μοι
269 1506 610 1570 ἀπόκρισιν.
643 1501 1037 1568 Ἀποστρέψαι
1060 1499 1365 1565 ἂνθρωπον
1380 1497 1448 1559 ἐξ
1468 1495 1720 1558 ἀδικίας.

170 1586 472 1651 Ὲφείσατο
503 1583 569 1635 δὲ
591 1582 700 1650 τῆς
723 1583 928 1650 ψυχῆς
949 1581 1131 1635 αὐτοῦ
1159 1581 1276 1633 ἀπὸ
1311 1576 1587 1638 θανάτου,
1624 1575 1723 1628 κ(τρ

154 1664 232 1732 μὴ
271 1667 485 1718 πεσεῖν
505 1667 693 1719 αὐτόν
713 1666 781 1717 ἐν
809 1663 1063 1732 πολέμῳ.
1089 1663 1335 1731 Ἦλεγξε
1360 1660 1426 1713 δὲ
1446 1659 1627 1712 αὐτὸν
1657 1657 1725 1709 ἐν

154 1750 410 1813 μαλακίᾳ
430 1749 528 1800 ἐπὶ
543 1748 766 1810 κοίτης.
795 1747 1141 1798 Ἀνανεώσει
1160 1744 1227 1796 δὲ
1238 1742 1422 1795 αὑτοῦ
1441 1741 1507 1793 τὸ
1531 1758 1559 1792 ο
1575 1739 1720 1807 ῶμα,

157 1831 350 1898 ῶσπερ
373 1829 639 1896 ἀλοιφὴν
675 1827 823 1899 [572]
856 1828 952 1880 ἐπί
989 1829 1213 1895 τοίχου,
1250 1826 1320 1878 τὰ
1346 1824 1412 1875 δέ
1442 1820 1591 1876 ὀστᾶ
1621 1824 1726 1873 αὺ-

159 1914 259 1965 τοῦ
284 1911 588 1979 ἐμπλήσει
616 1909 864 1977 μυελοῦ.
907 1908 1060 1968 Τότε,
1101 1909 1283 1978 φησὶν,
1316 1905 1724 1973 ἀπομέμψεται

159 1994 332 2058 αὐτὸς
369 1991 563 2056 ἐαυτῷ
593 1991 816 2060 λέγων·
860 1985 964 2042 Οἷα
997 1989 1367 2042 συνετέλουν
1379 2003 1397 2049 ;
1435 1990 1554 2039 Οὺκ
1585 1985 1726 2047 ἄξια

161 2075 342 2142 ήτασέ
363 2091 440 2142 με
465 2069 551 2126 ὧν
578 2073 858 2142 ἥμαρτον.
899 2073 1020 2124 Ἔτι
1065 2070 1321 2140 ἐλάλησεν
1356 2068 1562 2130 Ἐλιοὺζ
1591 2067 1725 2135 πρὸς

170 2157 286 2208 Ἰὼϐ
307 2173 318 2184 ·
349 2154 682 2218 Ἐνωτίζου,
707 2153 906 2224 [Ἰὼϐ],
933 2153 1029 2206 καὶ
1049 2152 1229 2205 ἄκουέ
1248 2169 1366 2220 μου
1385 2169 1396 2180 ·
1413 2150 1726 2217 κὼφευσον

161 2239 250 2291 καὶ
276 2238 551 2306 λαλήσω.
579 2240 648 2290 El
682 2239 812 2290 ἐστι
839 2254 937 2290 σοι
978 2238 1175 2304 λόγος,
1208 2234 1564 2301 ἀποκρίθητί
1590 2250 1689 2301 μοι
1709 2248 1722 2262 ·

162 2320 304 2372 θέλω
355 2323 468 2387 γὰρ
538 2317 1061 2387 δικαιολογηθῆναί
1103 2331 1236 2371 σοι.
1302 2317 1422 2368 Ἔτι
1473 2314 1726 2384 προσθεὶς

174 2403 378 2464 Ἐλιοὺζ
425 2403 608 2472 τρίτον
656 2400 834 2467 λέγει’
896 2399 1222 2453 Ἀκούσατέ
1256 2415 1395 2466 μου,
1447 2395 1645 2464 σοφοὶ,
1674 2398 1728 2447 οἱ

161 2483 543 2551 ἐπιστάμενοι
569 2483 962 2535 ἐνωτίσασθαι
1005 2483 1193 2534 καλόν
1212 2499 1225 2513 ·
1261 2480 1348 2533 ὅτι
1377 2475 1484 2544 οὖς
1509 2479 1727 2546 λόγους

161 2568 470 2635 δοκιμάζει.
517 2567 634 2618 Ἔτι
678 2561 830 2618 εἶπεν
889 2565 1096 2627 Ἐλιούζ
1121 2582 1134 2595 ο
1192 2565 1287 2627 Τίς
1332 2562 1485 2628 ἀνὴρ
1528 2561 1727 2626 ὥσπερ

173 2648 308 2708 Ἰὼϐ,
329 2651 524 2700 πίνων
543 2647 958 2715 μυκτηρισμὸν
987 2646 1187 2710 ὥσπερ
1205 2645 1359 2709 ὕδωρ
1382 2646 1486 2708 ;οὐ
1493 2660 1529 2709 χ
1554 2643 1728 2709 ἁμαρ·

164 2732 292 2792 τὼν,
313 2729 458 2783 οὐδὲ
479 2729 818 2794 άσεϐήσας;
841 2727 955 2799 [Μή
967 2746 1064 2797 μοι
1092 2729 1207 2796 εῑηί
1233 2726 1329 2779 καί
1345 2728 1543 2779 ἔναντι
1560 2728 1728 2778 Παν-

163 2814 514 2882 τοκράτορος
565 2811 808 2880 ταράξαι
857 2813 923 2865 τὸ
971 2811 1222 2866 δίκαιον.
1277 2811 1427 2862 Ἀλλ’
1459 2805 1730 2861 ἀποδιδοῖ

163 2895 450 2963 ἀνθρώπῳ
484 2896 633 2947 καθὰ
676 2894 834 2946 ποιεῖ
868 2894 1126 2957 ἕκαστος
1164 2891 1384 2945 αὐτῶν.
1426 2889 1670 2955 Ἀσεϐἡς
1698 2889 1729 2940 ό

161 2977 350 3045 λέγων
371 2975 637 3039 βασιλεῖ,
668 2973 1028 3041 Πιιρανομεῐς
1060 2970 1434 3038 παρανομῶν.
1468 2970 1598 3032 Καὶ,
1634 2969 1724 3032 Ὃς

165 3061 271 3111 οὐκ
307 3054 688 3122 ἐπαισχυνθῇ
721 3055 1040 3122 πρόσωπον
1084 3054 1360 3106 ἐναντίον
1419 3068 1555 3118 μου.
1604 3049 1730 3100 Ὀτι

164 3141 373 3206 Κύριος
411 3137 608 3189 πάντα
650 3136 853 3204 ἐφορᾷ,
898 3135 1366 3203 καταλαμϐάνων
1406 3130 1732 3196 ἀνεξιχνία-

164 3237 295 3282 cm,
323 3218 544 3281 ἕνδοξά
561 3219 733 3270 τεκαὶ
753 3218 1009 3282 ἐξαίσια,
1036 3211 1121 3268 ὧν
1148 3218 1256 3267 οὐκ
1279 3215 1448 3267 ἐστιν
1469 3211 1728 3279 ἀριθμός.

177 3301 341 3367 Ἀνὴρ
371 3300 560 3368 σοφὸς
612 3298 834 3366 ιὶκήκοέ
860 3316 976 3366 μου
1018 3298 1082 3349 τὸ
1117 3295 1278 3363 ῥῆμα
1302 3313 1315 3324 ’
1365 3295 1486 3347 Ἰὼϐ
1522 3284 1593 3345 δὲ’
1622 3294 1730 3345 οὐκ

165 3379 231 3429 ἐν
273 3378 523 3431 συνέσει
585 3376 868 3442 ἐλάλησε.
917 3376 1185 3445 Τέταρτον
1225 3373 1479 3443 προσθεὶς
1525 3370 1732 3431 Ἐλιοὶιζ

166 3461 306 3526 λέγει
337 3461 476 3530 πρὸς
505 3459 653 3512 Ἰὼϐι
687 3461 746 3512 Τι’
778 3457 952 3510 τοῦτο
978 3455 1187 3524 ἡγήσω
1217 3457 1286 3508 ἐν
1312 3456 1503 3522 κρίσει
1518 3452 1621 3519 ;Σὺ
1644 3453 1732 3515 τίς

165 3541 234 3608 εἴ,
270 3545 357 3597 ὅτι
402 3541 597 3608 εἶπας,
630 3543 861 3606 Δίκαιός
898 3545 1012 3609 ειμι
1057 3541 1334 3592 ἐναντίον
1365 3537 1618 3602 Κυρίου;
1661 3535 1732 3588 Τὸ

170 3632 412 3700 πέμπτον
456 3628 712 3699 προσθεὶς
764 3628 970 3691 Ἐλιοὺζ
1002 3626 1079 3695 τῷ
1110 3626 1269 3694 λόγῳ,
1303 3625 1393 3676 καὶ
1429 3622 1550 3675 οῦτε
1589 3621 1728 3681 Ἰὼϐ,

167 3711 285 3764 οὔτε
337 3715 387 3764 οἱ
419 3713 568 3781 τρεῖς
617 3711 759 3778 φίλοι
799 3709 1219 3779 προσποιοῦνται
1256 3706 1416 3758 αὐτὸν
1443 3704 1517 3764 ὼς
1554 3703 1728 3755 ἄθεον.

170 3795 331 3862 Δῆλον
363 3791 456 3846 οὖν
481 3795 546 3844 ὲκ
571 3792 710 3851 τότε,
742 3792 821 3844 ὅτι
857 3791 1184 3860 μετενόησαν
1213 3790 1261 3839 οί
1291 3790 1458 3856 τρεῖς.
1508 3784 1611 3836 Καὶ
1646 3783 1732 3834 λέ-

169 3892 250 3942 γει
280 3877 417 3944 πρὸς
453 3874 602 3926 Ἰὼϐ·
642 3873 860 3927 Μεῖνόν
884 3889 960 3941 με
993 3871 1204 3939 μικρὸν
1233 3871 1339 3931 ἔτι,
1388 3870 1482 3920 ἵνα
1517 3865 1734 3927 διδάξω

169 3973 272 4010 σε·
305 3960 393 4011 ἔτι
438 3957 548 4024 γὰρ
579 3956 800 4025 ἐνέμοί
836 3955 963 4006 ἐστι
1012 3955 1230 4020 λέγειν.
1273 3947 1437 4003 Εἶπεν
1491 3947 1729 4008 Ἐλιούζ·

182 4041 476 4101 Ἐνωτίζου
514 4039 716 4101 ταῦτα,
765 4039 897 4092 Ἰὼϐ.
940 4037 1139 4103 Στ-ῆθι,
1171 4033 1455 4089 νουθετοῦ
1482 4031 1736 4099 δύναμιν

171 4125 410 4191 Κυρίου.
450 4121 546 4188 Μὴ
577 4121 792 4185 βίϐλος
833 4121 871 4186 ἢ
919 4120 1376 4187 γραμματεύσας
1416 4131 1513 4167 σοι
1557 4113 1735 4180 παρέ-

171 4222 386 4273 στηκε;
414 4205 449 4270 ἢ
482 4203 600 4257 ἀπὸ
623 4202 815 4268 ,ϐοῤῥᾶ
837 4203 986 4268 νέφη
1015 4197 1519 4267 χρυσαυγίζοντας

252 4307 637 4380 Ἐμφανισθεὶς
665 4309 693 4358 ὁ
715 4307 844 4367 Θεὸς
860 4306 1054 4358 δικαιοί
1073 4305 1160 4356 τὸν
1192 4302 1332 4364 Ἰὼϐ,
1359 4303 1453 4354 καὶ
1473 4301 1736 4353 διδάσκων

173 4393 230 4444 τὸ
253 4377 549 4461 μυστήριον
574 4388 666 4440 τοῦ
690 4388 942 4460 Χριστοῦ,
973 4385 1089 4439 εἶπε
1111 4386 1242 4456 πρδς
1271 4383 1388 4436 Ἰὼϐ
1411 4402 1421 4412 ο
1447 4385 1541 4446 Τίς
1559 4377 1734 4444 οὗτος

174 4478 203 4526 ύ
237 4476 514 4540 κρύπτων
540 4489 658 4538 μου
691 4469 955 4535 βουλὴν,
1003 4467 1279 4533 συνέχων
1314 4465 1382 4517 δὲ
1407 4465 1641 4531 ῥήματα
1670 4463 1737 4513 ἐν

177 4557 418 4623 καρδίας
454 4555 707 4621 Διάλογος
737 4554 961 4621 Κυρίου,
996 4554 1076 4604 ὅτι
1110 4549 1378 4617 ’Ἑφριιξα
1418 4547 1738 4600 θάλασσαν

175 4641 412 4702 πύλαις.
446 4635 603 4689 Εἷπα
630 4635 696 4687 δὲ
717 4633 891 4700 αὐτῇ,
924 4633 1106 4702 Μέχρι
1139 4634 1352 4685 τούτου
1371 4631 1615 4695 ἐλεύσῃ,
1639 4629 1734 4680 καί

175 4724 282 4790 οὺχ
317 4719 655 4786 ὐπερϐήσῃ,
696 4717 832 4770 ἀλλ’
871 4716 940 4767 ἐν
980 4713 1206 4780 σεαυτῇ
1258 4710 1739 4778 διατριϐήσονταί

175 4820 285 4858 σου
313 4804 384 4855 τὰ
419 4803 666 4868 κύματα.
704 4799 872 4865 Λόγος
903 4796 1128 4866 Κυρίου,
1152 4797 1232 4848 ὃτι
1288 4795 1370 4847 Σὺ
1398 4794 1597 4846 λαϐὼν
1625 4808 1738 4858 πη-

175 4889 302 4948 λὸν,
335 4887 608 4948 ἔπλασας
639 4881 823 4944 (Evr;
859 4879 1214 4948 Ἀνοίγονταί
1247 4891 1342 4930 σοι
1372 4879 1532 4943 φόϐῳ
1557 4876 1739 4927 πύλαι

177 4969 468 5027 θανάτου;
509 4964 768 5032 πυλωροὶ
799 4963 865 5014 δὲ
894 4962 1041 5016 ἅδου
1079 4960 1307 5024 ἰδόντες
1338 4976 1412 5010 σε
1442 4957 1738 5023 ἕπτηξαιη

181 5053 316 5109 Ἔτι,
349 5047 572 5111 Ἤλθες
608 5047 705 5098 ἐπὶ
751 5044 1092 5113 θησαυροὺς
1136 5043 1356 5110 χιόνος,
1400 5040 1740 5107 θησαυροὺς

179 5133 243 5185 δὲ
277 5130 538 5201 χαλάζης
561 5128 859 5195 ἑὼρακας;
894 5129 1085 5181 Πόθεν
1114 5125 1181 5179 δέ
1221 5127 1603 5192 ἐκπορεύεται
1639 5123 1741 5176 πά-

181 5233 323 5282 χνη;
359 5215 450 5277 τίς
483 5213 551 5263 δέ
585 5211 872 5278 ἡτοίμασε
917 5209 1069 5274 ὐετῷ
1105 5210 1303 5275 λάϐρῳ
1338 5210 1560 5274 (Macr;
1598 5209 1737 5269 Ἔτι,

187 5300 274 5362 Τίς
309 5298 478 5348 ἐστιν
517 5292 691 5346 ὑετοῦ
741 5291 970 5358 πατήρ;
1014 5293 1112 5344 Ἐκ
1169 5292 1422 5358 γαστρὸς
1469 5289 1534 5340 δὲ
1580 5289 1740 5352 τίνος

180 5380 598 5446 ἐκπορεύσεται
628 5377 1041 5442 κρύσταλλος;
1071 5374 1316 5441 Πάχνην
1330 5373 1396 5425 δὲ
1415 5374 1483 5423 ἐν
1510 5371 1740 5438 οὐρανῷ

181 5458 271 5508 καί
295 5457 536 5520 βώλους
556 5454 778 5520 δρόσου
804 5455 894 5517 τίς
919 5453 1152 5515 τέτοκε;
1178 5451 1543 5515 Καλέσειςδέ
1561 5450 1732 5517 νέφος

183 5537 363 5606 φωνῇ,
405 5537 503 5590 καί
556 5536 745 5603 τρόμῳ
803 5535 1020 5598 ὕδατος
1065 5533 1286 5602 λάϐρου
1343 5533 1740 5585 ἐπακούσεταί

243 5737 280 5800 ⁸,
295 5735 334 5785 li
354 5735 523 5784 Bibliis
541 5735 715 5796 supple
737 5733 822 5790 τήν
843 5732 1118 5795 συγγραφήν.

1209 384 1540 442 SYNOPSIS
1579 383 1990 442 SCRIPTUBA'S
2033 387 2302 443 SACRA'Z.

3277 390 3386 445 368

1825 515 1981 565 00v;
2014 503 2384 567 Ἀποστελεῖς
2429 498 2757 568 κεραυνοὺς
2808 497 2904 550 καί
2958 493 3384 562 πορεύσονταις

1831 584 1923 645 Τίς
1960 583 2174 638 δέδωκε
2219 585 2495 652 γυναιξὶν
2539 582 2888 649 ὑφάσματος
2935 577 3189 643 σοφίανὶ
3245 576 3386 638 Ἔτι,

1827 662 1926 728 Τίς
1965 665 2250 732 ἡτοίμασε
2285 667 2487 732 κόρακι
2511 661 2741 729 ,βοράν;
2781 658 3037 713 Νεοσσοί
3064 656 3173 724 γὰρ
3204 656 3388 709 αὐτοῦ

1824 743 1972 810 πρὸς
1995 745 2212 811 Κύριον
2239 744 2559 811 κεκράγασι
2605 741 2998 807 πλανώμενοι,
3027 736 3098 789 τὰ
3129 735 3267 788 σῖτα
3295 734 3387 800 ζη-

1823 825 2087 889 τοῦντες.
2119 828 2258 886 Ὅτι,
2286 824 2512 890 Πτέρυξ
2537 821 2828 889 πετομένη
2851 819 3073 877 ἐλάσει,
3100 817 3208 869 ἐὰν
3236 819 3388 868 συλο

1823 904 1976 971 λάϐῃ
2023 906 2202 958 ἇσιδα
2235 906 2334 958 καὶ
2374 903 2595 969 νῆσσα.
2641 902 2883 970 Ἀφήσει
2915 901 2999 962 εὶς
3051 897 3166 965 γῆν
3199 897 3271 949 τὰ
3305 896 3388 948 ὼὰ

1824 984 2026 1051 αὐτῆς.
2075 989 2208 1038 Ὅτε
2238 984 2650 1048 κατεσιώπησε
2687 981 2836 1047 αὺτῇ
2879 983 2910 1033 ό
2947 979 3089 1043 Θεὸς
3142 979 3384 1044 σοφίαν,

1826 1067 1920 1118 καὶ
1942 1068 2405 1136 καταγελάσεται
2429 1068 2634 1118 ἵππου.
2657 1064 2783 1124 Καὶ,
2811 1066 2908 1116 Ἐκ
2935 1061 3039 1126 τῆς
3056 1053 3388 1125 ἐπιστήμης

1824 1148 2079 1213 ἕστηκεν
2113 1149 2296 1214 ἱέραξ,
2329 1149 2454 1218 γὺψ
2483 1147 2551 1199 δὲ
2576 1147 2671 1199 ἐπὶ
2710 1143 2963 1208 νοσσιᾶς
2993 1142 3178 1195 αὑτοῦ
3218 1145 3389 1195 καθε-

1825 1231 1989 1294 σθεὶς
2020 1231 2330 1290 αὐλίζεται.

1898 1335 2018 1385 Ἔτι
2055 1335 2279 1402 ὲλάλησε
2323 1334 2523 1402 Κύριος
2557 1333 2633 1400 τῷ
2664 1330 2784 1383 Ἰὼϐ
2815 1349 2826 1360 ·
2862 1328 2956 1393 Μὴ
2997 1327 3200 1394 κρίσιν
3242 1326 3389 1393 μετὰ

1826 1416 2032 1469 ίκανοῦ
2062 1417 2304 1482 κρίνῃς;
2333 1416 2596 1482 ἐλέγχων
2633 1411 2699 1464 δὲ
2745 1412 2891 1464 Θεὸν
2924 1407 3389 1474 ἀποκριθήσεται

1825 1496 2009 1564 αύτῇ;
2044 1498 2297 1566 Ἐλάλησε
2337 1496 2456 1549 Ἰὼϐ
2480 1495 2557 1562 τῷ
2582 1494 2786 1563 Κυρίῳ,
2810 1495 2909 1552 ὃτι,
2954 1489 3092 1557 Ἐγὼ
3122 1491 3390 1556 κρίνομαι

1825 1580 2311 1645 νουθετούμενος,
2362 1579 2458 1629 καὶ
2507 1576 2770 1642 ἐλέγχων
2822 1574 3079 1639 Κύριον,
3133 1571 3386 1622 ἀκούων.

1838 1660 2092 1729 Ἐλὰλησε
2132 1659 2330 1728 Κύριος
2372 1657 2506 1728 πρὸς
2540 1657 2658 1709 Ἰὼϐ
2705 1659 2768 1708 ὲκ
2803 1654 2894 1706 τοῦ
2924 1654 3112 1720 νέφους
3144 1651 3390 1719 δεύτερον

1825 1743 2178 1812 ἐμφανισθεὶς
2221 1742 2367 1812 [575]
2400 1739 2581 1809 αὐτῷ·
2623 1737 2816 1791 Ζῶσαι
2856 1736 3054 1801 ὥσπερ
3094 1733 3245 1799 ἀνὴρ
3276 1731 3390 1796 τὴν

1826 1827 2025 1893 όσφύν
2041 1840 2178 1878 σου.
2218 1825 2527 1892 Ἐρωτήσω
2547 1824 2612 1876 δέ
2629 1838 2722 1884 σε,
2742 1822 2821 1875 σὺ
2845 1821 2908 1874 δέ
2937 1837 3032 1888 μοι
3051 1819 3386 1884 ἀπόκριναι.

1825 1908 1996 1974 Λόγος
2019 1909 2221 1976 Κυρίου
2248 1923 2262 1936 ο
2298 1907 2675 1976 Ὀμολογήσω
2705 1907 2816 1971 ἄρα
2840 1904 2927 1955 ὅτι
2949 1904 3196 1955 δύναται
3225 1900 3262 1965 ἠ
3298 1898 3391 1952 δε-

1827 1989 1924 2053 ξιά
1953 2004 2068 2041 σου
2109 1988 2372 2058 [σῶσαι].
2425 1989 2604 2040 Ἀλλὰ
2635 1987 2709 2052 δὴ
2740 1985 2866 2038 ίδοὺ
2894 1985 3065 2050 θηρία
3104 1981 3262 2048 παρὰ
3291 1979 3392 2033 σοί

1827 2073 2043 2140 χόρτον
2060 2071 2162 2121 ἴσα
2182 2069 2743 2124 ϐουσὶνέσθίουσιν.
2783 2067 2850 2120 ἸΙ
2872 2066 2939 2117 δέ
2969 2065 3217 2130 δύναμις
3233 2059 3391 2140 αὐτῷ

1825 2137 1922 2200 ἐπὶ
1957 2147 2227 2214 ὀμφαλοῦ
2254 2148 2525 2215 γαστρός.
2565 2147 2860 2209 Ἕστησεν
2893 2142 3074 2208 οὐρὰν
3093 2141 3171 2202 ὼς
3205 2137 3392 2190 κυπά-

1819 2242 2064 2296 ρισσον.
2099 2232 2165 2282 Al
2191 2228 2444 2296 πλευραί
2485 2227 2692 2289 αὐτοῦ,
2734 2223 2984 2288 πλευραὶ
3017 2221 3320 2290 χάλκειαι·
3349 2218 3389 2282 ἡ

1826 2311 1893 2362 δὲ
1910 2310 2081 2378 ῥάχις
2110 2311 2291 2364 αὑτοῦ
2321 2310 2571 2376 σίδηρος
2602 2308 2803 2375 χυτός.
2841 2305 2984 2357 Ὑπὸ
3014 2303 3080 2356 δέ
3109 2301 3301 2354 πάντα
3321 2302 3393 2352 τὰ

1827 2393 2041 2462 δένδρα
2070 2392 2357 2461 κοιμᾶται.
2392 2391 2578 2454 Ἀξεις
2599 2390 2684 2451 δέ,
2715 2389 2864 2457 φησὶ,
2897 2386 3114 2439 λέοντα
3134 2385 3203 2435 ἐν
3229 2383 3392 2452 ἀγκί-

1828 2492 2014 2543 στρῳ·
2059 2474 2400 2541 περιθήσεις
2431 2472 2498 2524 δέ
2529 2472 2816 2540 φορϐαίαν
2835 2467 2962 2536 περὶ
2987 2468 3100 2532 τὴν
3121 2465 3260 2530 ῥῖνα
3287 2465 3392 2516 αὐ-

1827 2558 1953 2610 τοῦ.
1995 2555 2123 2610 Πᾶν
2166 2556 2234 2607 δέ
2280 2553 2519 2607 πλωτὸν
2550 2551 2853 2605 συνελθὸν
2891 2552 2962 2602 οὑ
2987 2547 3071 2616 μὴ
3101 2546 3390 2613 ἐνέγκωσι

1822 2642 2066 2708 ,βύρσαν
2093 2639 2238 2707 μίαν
2265 2636 2444 2705 οὐρᾶς
2473 2635 2656 2688 αὑτοῦ
2720 2633 2961 2701 Ἠτεῖται
2991 2630 3104 2699 μὲν
3140 2627 3391 2694 σίδηρον

1829 2723 2042 2791 ἄχυρα,
2083 2719 2316 2788 χαλκὸν
2362 2719 2430 2770 δέ
2469 2717 2672 2785 ὥσπερ
2697 2716 2885 2779 ξύλον
2917 2713 3162 2781 σαθρόν.
3192 2711 3274 2764 Οὐ
3303 2709 3389 2779 μὴ

1827 2804 2024 2871 τρώσῃ
2048 2803 2234 2855 αὐτόν
2261 2802 2440 2865 τόξον
2468 2801 2770 2869 χάλκειον.

1902 2907 2043 2968 Ἕως
2068 2899 2191 2967 ῶυε,
2220 2905 2310 2956 καὶ
2339 2903 2612 2956 ἐπαύσατο
2638 2902 2815 2968 λέγειν
2844 2899 2961 2953 Ἰὼϐ
2986 2915 3000 2929 ⁶
3033 2893 3174 2951 Οἶδα
3198 2895 3393 2950 πάντα

1830 2993 2107 3057 δύνασαι,
2139 2990 2424 3045 ἀδυνατεῖ
2446 2990 2511 3043 δέ
2540 3006 2636 3043 σοι
2668 2989 2865 3042 οὐδέν.
2902 2987 2998 3049 Τίς
3030 2983 3139 3053 γάρ
3168 2983 3338 3036 ἐστιν
3359 2982 3393 3034 ό

1830 3079 2109 3146 κρύπτων
2143 3092 2216 3129 σε
2255 3076 2538 3140 ,ϐουλήν;
2587 3076 2834 3142 Ἥγημαι
2881 3071 2948 3124 δὲ
2981 3067 3240 3138 ἐμαυτὸν
3277 3065 3392 3135 γῆν

1830 3166 1928 3217 καὶ
1973 3163 2222 3217 σποδόν.
2260 3161 2487 3229 Ἦλεγξε
2517 3161 2718 3230 Κύριος
2764 3158 2983 3225 Ἐλιφὰζ
3009 3156 3098 3208 τὸν
3129 3149 3389 3222 Θαιμανί⁹

1829 3270 1927 3323 την
1951 3296 1964 3319 ,
2001 3253 2081 3305 ὅτι
2121 3252 2334 3321 ἥμαρτε
2379 3249 2538 3311 αὐτὸς
2570 3249 2662 3301 καὶ
2689 3249 2737 3299 οἱ
2779 3246 2871 3298 δύο
2907 3244 3046 3314 φίλοι
3077 3242 3238 3296 αὐτοῦ
3261 3283 3275 3305 ,
3313 3241 3394 3295 ὅτι

1831 3342 1930 3393 οὐκ
1968 3340 2228 3409 ἐλάλησεν
2264 3337 2492 3391 ὲνὼπιον
2524 3336 2729 3405 Κυρίου
2775 3334 3000 3404 ἀληθὲς,
3045 3331 3165 3384 οὐδὲ
3209 3329 3396 3398 ὥσπερ

1833 3427 2083 3497 θεράπων
2122 3424 2285 3478 αὑτοῦ
2329 3423 2468 3477 Ἰὼϐ.
2509 3422 2769 3474 Ἐνταῦθα
2806 3420 3028 3487 ἱλασμὺς
3071 3417 3180 3474 τῶν
3225 3416 3394 3486 τριῶν

1834 3513 1999 3581 φίλων
2028 3513 2114 3565 διὰ
2146 3511 2264 3565 Ἰὼϐ
2292 3510 2382 3562 τοῦ
2417 3509 2602 3578 ἱερέως
2631 3507 2724 3559 τοῦ
2750 3505 2904 3558 Θεοῦ.
2941 3506 3028 3566 Ὠς
3053 3502 3256 3572 ηὔξησε
3279 3500 3362 3553 Κύ
3383 3532 3395 3540 -

1836 3617 1948 3668 ριος
1974 3599 2064 3651 τὸν
2109 3598 2225 3650 Ἰὼϐ
2246 3614 2257 3627 ’
2287 3596 2581 3664 εὐξαμένου
2609 3595 2664 3645 δὲ
2695 3591 2857 3644 αὑτοῦ
2889 3591 2980 3641 καὶ
3006 3588 3134 3657 περὶ
3167 3587 3268 3640 τῶν
3304 3586 3396 3653 φί·

1835 3687 1939 3738 λων
1985 3685 2185 3747 αὐτοῦ,
2239 3685 2443 3752 ἀφῆκεν
2502 3682 2681 3741 αὐτοῖς
2715 3678 2914 3746 Κύριος
2967 3675 3261 3745 ἁμαρτίαν.
3310 3673 3397 3736 Ὠς

1836 3773 2070 3841 ἥκουσαν
2103 3772 2300 3832 πάντες
2333 3772 2393 3820 ἐκ
2423 3767 2515 3820 τοῦ
2547 3767 2734 3834 γένους
2769 3765 2886 3816 Ἰὼϐ
2912 3805 2924 3825 ,
2955 3764 3046 3816 καὶ⁴
3069 3758 3231 3831 ἦλθον
3263 3758 3397 3830 πρὸς

1838 3859 2015 3922 αὐτὸν,
2045 3860 2134 3911 καὶ
2173 3857 2370 3924 ἔφαγον
2397 3855 2488 3907 καὶ
2518 3854 2666 3905 ἔπιον
2703 3853 2830 3920 παρ’
2862 3850 3008 3918 αὐτῷ
3026 3888 3039 3910 ,
3067 3849 3159 3901 καὶ
3188 3846 3398 3916 θαυμά-

1841 3961 2026 4007 σαντες
2057 3944 2216 3996 αὑτὸν
2263 3943 2466 3994 ἔδωκαν
2519 3938 2665 4008 αὑτῷ
2695 3937 2923 3998 ἕκαστος
2976 3934 3188 4003 ἀμνάδα
3247 3936 3395 4001 μίαν,

1838 4030 1930 4082 καὶ
1986 4030 2390 4098 τετράδραχμον
2441 4022 2692 4094 χρυσοῦν.
2743 4024 2828 4083 Ὠς
2879 4021 3185 4088 γέγραπται
3238 4016 3400 4098 αὐτδν

1837 4096 2230 4185 ἀναστήσεσθαι
2278 4113 2392 4181 μεθ’
2417 4105 2489 4163 ὼν
2539 4111 2566 4160 ὁ
2598 4108 2797 4178 Κύριος
2849 4106 3145 4185 ἀνίστησιν.
3188 4104 3273 4156 Ἐν
3317 4096 3398 4164 οἷς

1839 4204 1931 4254 καὶ
1961 4204 1992 4270 ἡ
2024 4179 2250 4269 δύναμις
2281 4179 2466 4252 ἅπασα
2494 4195 2587 4248 τοῦ
2621 4194 2821 4264 βιϐλίου
2858 4179 3063 4280 Ἰὼϐῃγ¹

2310 4418 2497 4486 Σοφιά
2526 4413 2929 4483 Σολομῶντος.

1909 4591 2078 4659 Σοφία
2129 4587 2468 4657 Σολομῶντος
2526 4584 2769 4637 καλεῖται
2801 4580 2860 4632 τὸ
2911 4577 3144 4646 βιϐλίον·
3177 4577 3266 4628 καὶ
3298 4575 3400 4644 γάρ

1842 4679 2107 4733 καὶτοῦτο
2127 4716 2140 4737 ,
2189 4673 2345 4742 φασὶ.
2377 4669 2621 4741 Σολομὼν
2651 4671 2795 4720 ἐστιν
2842 4668 2869 4717 ὁ
2903 4659 3134 4735 γράψας.
3165 4663 3316 4713 Ἐστι
3347 4661 3400 4713 δὲ

1841 4769 1897 4817 ὲν
1941 4762 2085 4832 αὐτῷ
2113 4758 2421 4814 διδασκαλία
2469 4755 2846 4822 δικαιοσύνης,
2879 4752 2972 4803 καὶ
3016 4749 3076 4801 τὸ
3121 4747 3404 4817 γνωρίζειν

1840 4852 1963 4914 τούς
2017 4867 2074 4900 τε
2120 4846 2351 4914 φαύλους
2391 4844 2586 4913 ἄνδρας
2637 4840 2882 4900 καὶτοὺς
2924 4836 3280 4896 σπουδαίους,
3311 4834 3403 4885 καὶ

1845 4935 2145 5007 προφητεία
2194 4933 2319 5002 περὶ
2346 4929 2601 5001 Χριστοῦ.
2640 4927 2749 4979 Καὶ
2775 4927 2854 4977 ὅτι
2889 4922 3065 4991 πολλῷ
3113 4922 3256 4987 πόνῳ
3310 4919 3403 4970 καὶ

1843 5005 1989 5092 πδθῳ
2013 5019 2365 5090 κατορθοῦται
2392 5017 2568 5083 σοφία.
2599 5016 2721 5066 Ἔτι
2750 5013 2804 5064 δὲ
2846 5011 2936 5063 καὶ
2971 5005 3283 5077 φυσιολογία.
3311 5019 3405 5073 με-

1845 5111 1969 5182 ρική
1993 5127 2006 5140 ο
2047 5108 2140 5160 καὶ
2190 5105 2327 5158 κατὰ
2357 5102 2585 5156 εἰδώλων
2618 5101 2712 5152 καὶ
2745 5098 2852 5150 τῶν
2891 5095 3028 5148 αὐτὰ
3074 5092 3402 5160 γλυφόντων,

1844 5198 1935 5249 καὶ
1981 5196 2038 5247 ὲν
2089 5194 2268 5253 αὐτοῖς
2324 5188 2648 5251 ἐλπιζόντων
2677 5225 2690 5249 ,
2737 5186 2827 5238 καὶ
2875 5181 3273 5250 λατρευόντων·
3312 5177 3401 5229 καὶ

1847 5283 2010 5350 ὕμνος
2077 5279 2171 5331 σὺν
2248 5277 2626 5346 ἐξομολογήσει
2685 5271 2788 5324 τῶν
2858 5265 3257 5350 γεγενημένων,
3295 5266 3402 5350 τοῖς

1857 5348 2210 5439 Ἰσραηλίταις
2238 5363 2551 5432 θαυμασίων
2578 5359 2804 5410 ἐνώπιον
2835 5356 2940 5439 τῶν
2972 5349 3175 5421 ἐχθρῶν
3204 5348 3402 5439 αὐτῶν,

1844 5432 1995 5524 παρὰ
2025 5432 2116 5506 τοῦ
2144 5452 2297 5505 Θεοῦ.
2329 5450 2392 5500 'H
2427 5449 2521 5516 μὲν
2549 5441 2642 5497 οὖν
2667 5442 2895 5513 περιοχὴ
2920 5438 3011 5492 τοῦ
3050 5435 3250 5507 βιϐλίου
3281 5432 3405 5484 τοῦ-

1842 5519 1940 5598 τον.
1961 5543 2070 5611 ἔχει
2101 5539 2191 5593 τὸν
2234 5537 2452 5608 τρόπον.
2495 5533 2557 5584 'H
2596 5532 2652 5583 δὲ
2677 5524 3145 5611 ἀνακεφαλαίωσίς
3173 5524 3318 5611 ἐστιν
3347 5519 3406 5611 ἐν

1843 5605 2066 5690 τούτοις.
2109 5627 2195 5678 Ἐν
2225 5605 2526 5692 προοιμίοις
2582 5618 2680 5686 μὲν
2733 5613 3010 5685 προτροπὴ
3067 5605 3271 5660 δικαίου

1849 5689 2175 5777 θεοσέϐειαν,
2208 5689 2300 5764 καὶ
2329 5689 2543 5775 ἔλεγχος
2573 5703 2798 5764 ἀσεϐοῦς
2833 5699 3166 5770 βλασφήμου.
3196 5692 3289 5760 Μὴ
3313 5689 3406 5757 ζή-
