3996 6418
607 379 720 434 369

605 490 719 542 λου
744 487 872 559 γὰρ,
906 491 1038 561 φησί
1060 532 1076 557 ,
1125 491 1263 558 τοὺς
1301 492 1717 561 ἀντιχρίστους
1739 532 1754 555 ,
1798 491 2011 557 οἵτινές
2043 491 2161 544 εισι

605 571 876 639 θάνατος.
909 575 1083 628 Πόθεν
1131 577 1179 628 οἰ
1209 577 1422 640 ἀσεϐεῖς
1468 577 1558 628 ἐπὶ
1595 575 1672 645 τῷ
1720 577 2028 645 σταυρῶσαι
2072 575 2163 627 τὸν

608 657 812 730 Κύριον
840 659 936 728 τῆς
955 659 1110 729 δόξης
1145 655 1306 729 ἦλθον
1325 701 1338 724 ,
1371 662 1459 714 τὸν
1489 660 1655 713 αἰῶνα
1700 661 1887 712 τοῦτον
1938 659 2165 729 προκρί-

607 759 812 805 ναντες.
843 744 958 796 ’Ότι
984 747 1076 798 καὶ
1103 747 1227 808 τοὺς
1270 747 1595 807 ἀποστόλους
1625 747 1850 809 ἐδίωξαν
1893 746 1985 796 καὶ
2023 745 2164 796 ἁπέ-

609 844 841 880 κτειναν.
861 829 983 881 Ὀτι
1009 830 1148 890 τινὲς
1166 829 1374 882 ἔσονται
1400 832 1448 881 οἰ
1470 829 1870 894 ἐξουθενοῦντες
1893 829 1980 881 τὸν
2004 829 2165 898 νόμον

608 911 700 962 τοῦ
723 912 943 980 Κυρίου,
972 913 1064 965 καὶ
1087 913 1228 976 τινές
1255 915 1302 966 οἰ
1331 914 1688 980 ὑποταγέντες
1713 911 1876 981 αὐτῷ.

680 997 798 1051 Ὀτι
826 999 942 1051 οὐδέ
974 999 1207 1068 πλήθους
1247 1000 1577 1052 ἀσεϐούντων
1610 1001 1689 1059 εἰς
1718 1001 1951 1068 Χριστὸν
1981 998 2161 1065 φείσε-

607 1100 697 1134 ται
747 1086 773 1135 6
809 1083 959 1146 Θεός.
1006 1085 1152 1146 Ἐνὸς
1197 1085 1303 1153 γὰρ
1332 1085 1534 1137 δικαίου
1578 1084 1922 1144 πιστεύοντος
1946 1083 2164 1153 Χριστῷ

611 1167 760 1235 μέλει
786 1167 861 1237 τῷ
885 1168 1000 1237 Θεῷ
1019 1208 1032 1231 ,
1061 1169 1160 1220 κᾶν
1188 1172 1303 1232 νέος
1325 1169 1586 1240 ἀποθάνῃ.
1617 1168 1815 1236 Γῆρας
1843 1171 1951 1236 γὰρ
1973 1172 2166 1237 τίμιον

607 1255 678 1306 οὐ
717 1255 782 1306 τὸ
817 1256 1238 1321 πολυχρόνιον.
1273 1256 1337 1307 Εἰ
1389 1257 1483 1307 καὶ
1533 1255 1730 1324 ἀσεϐὴς
1778 1254 2030 1321 τελευτὴν
2071 1253 2162 1306 τοῦ

608 1337 750 1411 [574]
772 1339 1158 1401 πιστεύοντοςΧ
1170 1340 1331 1409 ριστῷ
1347 1339 1711 1402 ἐξουθένωσεν,
1728 1341 1838 1392 ἀλλ’
1857 1340 2164 1405 ἐκλέγονται

607 1423 714 1476 ἀπὸ
753 1423 1006 1492 Χριστοῦ.
1040 1424 1100 1476 Οἰ
1133 1425 1344 1486 ἀσεϐεῖς
1376 1424 1553 1492 ἀτίμῳ
1582 1423 1831 1493 πτώματι
1865 1423 2163 1492 παραδοθή-

610 1526 811 1570 σονται,
832 1511 921 1562 καὶ
944 1509 1150 1580 μεγάλῃ
1172 1509 1345 1580 κρίσει
1365 1509 1861 1580 καταϐληθήσονται
1878 1511 1924 1562 οἰ
1941 1509 2163 1561 διῶκται

606 1597 714 1648 τῶν
755 1596 847 1649 τοῦ
882 1595 1112 1667 Χριστοῦ
1138 1596 1334 1650 δούλων
1356 1637 1370 1660 ,
1402 1597 1459 1647 ἐν
1486 1599 1550 1666 τῇ
1587 1597 1796 1666 κρίσει,
1835 1597 2029 1657 ἰδόντες
2067 1596 2164 1664 τὴν

606 1677 760 1743 δόξαν
793 1677 956 1731 αὑτοῦ
986 1679 1079 1730 καὶ
1111 1677 1286 1731 αὐτῶν
1311 1719 1326 1742 ,
1376 1679 1468 1730 καὶ
1523 1679 1745 1740 ἑαυτοὺς
1791 1678 1869 1740 είς
1922 1678 2159 1729 κόλασιν.

610 1758 729 1810 Ὀτι
757 1761 785 1811 6
833 1758 1059 1821 πλοῦτος
1089 1759 1222 1828 μετὰ
1252 1758 1562 1821 ἀλαζονείας
1606 1758 1971 1829 συμϐέϐληται
2012 1760 2159 1827 ἡμῖν.

605 1839 702 1901 Τίς
752 1840 887 1911 όργὴ
934 1841 1041 1892 τῶν
1073 1841 1407 1894 ἀσεϐούντων
1456 1842 1532 1904 εἰς
1570 1840 1822 1906 Χριστόν.
1853 1840 2163 1910 Προτροπαὶ

605 1928 716 1986 τοῖς
745 1927 966 1996 ἀρχουσι
1000 1925 1092 1979 τοῦ
1133 1927 1346 1997 Ἰσραὴλ
1373 1967 1386 1990 ,
1423 1925 1560 1979 ὥστε
1603 1924 1874 1977 πιστεύειν
1905 1924 2121 1995 Χριστῷ
2144 1943 2158 1956 ο

605 2011 804 2081 μᾶλλον
827 2012 883 2064 δὲ
910 2012 1206 2082 παράθεσις
1227 2015 1337 2075 τοῖς
1358 2013 1582 2082 ἄρχουσι
1607 2012 1705 2080 τῆς
1733 2011 2022 2080 καθολικῆς
2051 2012 2164 2063 Ἐκ⁹

603 2097 867 2166 κλησίας,
908 2097 1022 2160 πῶς
1060 2098 1247 2167 ἄρχειν
1297 2097 1407 2162 δεῖ,
1448 2097 1884 2167 ἀποστραφέντος
1930 2095 2158 2149 ἐκείνου.

604 2183 699 2246 Τίς
723 2185 753 2253 ή
791 2185 968 2252 σοφία,
1001 2187 1029 2238 ό
1052 2185 1174 2247 Υίὺς
1197 2185 1288 2236 τοῦ
1311 2186 1464 2238 Θεοῦ.
1489 2188 1596 2239 Kal
1626 2186 1740 2248 πῶς
1771 2188 1798 2238 6
1825 2187 1994 2252 Λόγος
2027 2185 2160 2255 σὰρξ

603 2266 793 2335 γέγονε
815 2310 828 2332 ,
856 2269 948 2322 καὶ
973 2270 1276 2338 ἐσκήνωσεν
1300 2273 1355 2323 ἐν
1382 2273 1530 2340 ἡμῖν.
1558 2273 1676 2324 Ὅτι
1719 2270 1871 2338 κάγὼ
1904 2273 2162 2340 ὁμοιοπα-

603 2352 699 2422 θὴς
727 2354 853 2422 ὑμῖν
879 2354 952 2407 ὢν
980 2355 1262 2425 ἄνθρωπος
1296 2358 1358 2407 ἐκ
1383 2356 1680 2417 κελεύσεως
1703 2355 1836 2408 Θεοῦ
1870 2357 2160 2408 πεπαίδευ-

603 2458 721 2510 μαι.
754 2443 886 2511 Περὶ
912 2442 1143 2512 Χριστοῦ
1163 2460 1177 2474 ο
1214 2446 1284 2512 τῇ
1321 2443 1480 2514 σοφίᾳ
1507 2444 1597 2496 τοῦ
1627 2443 1759 2496 Θεοῦ
1788 2483 1802 2504 ,
1835 2445 1915 2495 ὅτι
1943 2444 2159 2496 πάντων

601 2526 699 2596 τὴν
741 2527 936 2593 γνῶσιν
963 2528 1019 2592 ἐξ
1051 2529 1216 2596 αὐτῆς
1243 2529 1428 2597 ἔσχον·
1475 2532 1569 2581 Ἐν
1615 2530 1725 2596 γὰρ
1774 2529 1923 2596 χειρὶ
1976 2530 2159 2583 αὑτοῦ

602 2614 699 2665 καί
728 2614 895 2681 ἡμεῖς
919 2613 1016 2667 καί
1047 2618 1098 2667 οἰ
1124 2616 1287 2682 λόγοι
1328 2615 1512 2682 ἡμῶν.
1538 2615 1630 2677 Τίς
1655 2617 1686 2684 ή
1720 2615 1896 2684 σοφία,
1923 2616 2014 2668 καὶ
2045 2616 2160 2680 πῶς

601 2701 681 2759 εἰς
715 2698 1028 2768 ἀνθρώπους
1061 2696 1207 2769 ἦλθε.
1242 2703 1358 2754 Μία
1389 2702 1498 2769 γὰρ
1543 2697 1700 2754 οὖσα
1747 2701 1941 2753 πάντα
1968 2701 2160 2755 δύνα-

600 2801 714 2845 ται,
748 2785 840 2837 καί
866 2783 1132 2852 μένουσα
1160 2785 1229 2837 ἐν
1256 2785 1407 2854 αὐτῇ
1435 2787 1503 2840 τὰ
1537 2785 1730 2838 πάντα
1759 2787 2013 2846 καινίζει.
2051 2787 2159 2856 Τὴν

604 2870 814 2937 σοφίαν.
838 2871 1017 2939 φησὶν,
1041 2872 1102 2922 ἐκ
1131 2871 1375 2940 νεότητος
1400 2873 1628 2940 φιλήσας
1651 2910 1664 2932 ,
1689 2871 1865 2924 πάντα
1887 2871 1954 2923 τὰ
1982 2873 2160 2938 ἀγαθὰ

599 2953 660 3017 ἐξ
705 2956 872 3025 αὐτῆς
916 2956 1069 3024 ἔσχον
1118 2957 1351 3025 σαρκικὰ
1393 2957 1486 3009 καὶ
1539 2959 1896 3026 πνευματικά.
1935 2957 2059 3012 ’Ότι
2100 2958 2160 3011 τὸ

602 3041 826 3110 μέγεθος
859 3043 953 3111 τῆς
1000 3043 1188 3110 σοφίας
1241 3043 1488 3110 ἐγνωκὼς
1545 3045 1788 3115 ἐνέτυχον
1836 3046 1912 3114 τῷ
1950 3046 2157 3116 Κυρίῳ,

598 3126 741 3179 ὥστε
769 3145 857 3196 μοι
887 3127 1102 3198 δοθῆναι
1148 3130 1208 3183 :6
1263 3130 1413 3196 ἆγιον
1457 3130 1678 3200 Πνεῦμα
1710 3133 1770 3184 :6
1820 3131 2050 3200 φωτίζον
2091 3149 2157 3201 με

600 3214 728 3282 περί
781 3215 966 3284 αὐτῆς.
1003 3217 1109 3268 Kal
1165 3217 1459 3286 ἐπέμφθη,
1518 3218 1602 3269 ἴνα
1654 3219 1988 3288 συγκοπιάζῃ
2047 3236 2155 3288 μοι.

599 3301 882 3368 Λογισμοί
929 3303 1033 3372 γὰρ
1064 3301 1292 3369 θνητῶν
1314 3304 1520 3358 δειλοί.
1546 3306 1677 3374 Περί
1705 3307 1811 3358 τῶν
1858 3306 2031 3376 ἔργων
2063 3306 2159 3375 τῆς

602 3387 812 3456 σοφίας.
849 3388 966 3450 Πῶς
989 3389 1078 3440 τὸν
1113 3390 1528 3459 πρωτόπλαστον
1561 3391 1893 3458 διεφύλαξεν,
1934 3391 1992 3454 ἐξ
2021 3394 2158 3445 ὅσων

598 3474 784 3525 κακῶν
826 3474 983 3537 σώζει
1006 3475 1128 3536 τοὺς
1147 3475 1496 3538 πιστεύοντας
1530 3477 1674 3546 αὐτῷ
1695 3477 1722 3527 6
1752 3477 1882 3539 Θεὸς
1902 3517 1914 3537 ,
1941 3479 2034 3530 καὶ
2059 3479 2158 3529 ὅσα

599 3556 778 3623 ἀγαθὰ
804 3557 1048 3628 παρέχει.
1072 3553 1193 3611 Οἷον
1215 3559 1305 3611 τὸν
1325 3560 1469 3624 Νῶε,
1493 3561 1582 3612 τὸν
1611 3562 1876 3631 Ἀϐραὰμ,
1902 3563 1992 3615 τὸν
2014 3563 2156 3624 Λὼτ,

598 3643 688 3693 τὸν
729 3643 951 3706 Ἰακὼϐ,
996 3645 1085 3696 τὸν
1128 3644 1354 3713 Ἰωσὴφ,
1385 3647 1510 3708 τοὺς
1559 3647 1925 3717 Ἰσραηλίτας,
1960 3648 2052 3711 06;
2094 3651 2157 3701 ἐκ

596 3728 777 3796 χειρός
809 3729 915 3780 τῶν
943 3731 1246 3795 Αἰγυπτίων
1275 3732 1601 3802 ἐξερῤύσατο
1638 3733 1722 3787 διὰ
1753 3735 1991 3797 Μωσέως
2016 3775 2030 3796 ,
2064 3736 2157 3788 καὶ

597 3816 665 3866 ἐκ
703 3815 901 3883 πέτρας
943 3816 1241 3886 ἀκροτόμου
1279 3819 1433 3886 ἐδόθη
1458 3820 1636 3881 αὐτοῖς
1664 3820 1824 3890 ὕδωρ.
1863 3823 1948 3884 Ὠς
1973 3825 2082 3884 τοῖς
2113 3821 2154 3885 ζ’

597 3900 806 3952 ἔθνεσιν
858 3902 1138 3954 ἀπέστειλε
1187 3907 1424 3972 σφῆκας,
1469 3904 1813 3976 μακροθυμίᾳ
1851 3907 1906 3958 δέ
1943 3906 2158 3975 χρώμε-

597 4004 686 4048 νος
712 4026 727 4048 ,
763 3988 854 4039 καὶ
887 3987 1094 4051 τούτοις
1140 3989 1302 4042 ἐδίδου
1332 3991 1492 4042 τόπον
1530 3993 1812 4060 μετανοίας
1835 4031 1850 4054 ,
1890 3994 2156 4048 παιδεύων

593 4073 685 4126 διὰ
714 4075 912 4126 τούτων
941 4075 1029 4128 τὸν
1067 4077 1193 4128 λαὸν
1225 4073 1363 4130 εἶναι
1397 4078 1787 4146 φιλάνθρωπον.
1819 4080 1973 4133 Κατὰ
2012 4098 2154 4134 στοι-

597 4159 926 4228 χειολατρῶν
951 4199 965 4220 ,
1003 4162 1315 4232 βατράχων,
1359 4164 1579 4233 σφηκῶν
1605 4204 1618 4225 ,
1667 4165 1815 4233 μυῶν
1839 4206 1853 4229 ,
1897 4168 2150 4237 ἀκρίδων,

599 4246 857 4314 σκνιφῶν,
889 4247 1082 4314 ὄφεων.
1111 4249 1262 4300 Κατὰ
1297 4251 1708 4318 εἰδωλολατρῶν,
1734 4254 1796 4303 ἐκ
1831 4255 2026 4320 χρυσοῦ
2062 4256 2154 4306 καὶ

594 4332 860 4402 ἀργύρου,
901 4334 932 4402 ἢ
964 4334 1139 4398 λίθων,
1185 4335 1216 4406 ἢ
1249 4335 1415 4399 ξύλων
1454 4337 1681 4389 εἰδώλων
1712 4343 2153 4409 κατεσκευασμέ-

596 4436 722 4470 νων.
755 4420 875 4470 Ὅτι
911 4420 1024 4472 ἐστὶ
1057 4423 1296 4489 σωτηρία
1340 4421 1428 4474 διὰ
1459 4421 1613 4486 ξύλου
1661 4427 1772 4487 τοῖς
1819 4426 2148 4479 πιστεύουσι.

596 4504 680 4554 Τὰ
711 4505 836 4573 περί
868 4505 974 4556 τῶν
1009 4506 1378 4569 εἰδωλοποιῶν,
1405 4508 1436 4578 ἢ
1473 4510 1895 4580 ζωγραφούντων
1941 4512 2149 4569 είδωλα.

601 4591 734 4659 Περί
764 4592 974 4643 πάντων
1002 4591 1108 4645 τῶν
1143 4593 1326 4645 κακῶν
1357 4596 1462 4646 τῶν
1483 4597 1537 4646 ὲν
1561 4596 1984 4667 εἰδωλολατρεία.
2021 4599 2157 4667 Περὶ

597 4677 825 4739 ἀσεϐοῦς
853 4677 1143 4748 θρησκείας
1162 4720 1174 4743 ,
1201 4682 1292 4732 καί
1319 4682 1417 4734 ὅσα
1445 4683 1501 4732 ἐν
1529 4683 1660 4752 αὐτῇ
1699 4683 1859 4735 κακά.
1892 4685 2024 4754 Περὶ
2059 4679 2150 4737 τοῦ

603 4763 905 4831 κεραμέως,
931 4765 1149 4817 καὶτῶν
1173 4785 1230 4818 κε
1242 4767 1484 4837 ραμικῶν
1505 4767 1751 4820 εἰδώλων.
1781 4770 1913 4839 Περί
1939 4771 2152 4824 πάντων

599 4847 706 4900 τῶν
753 4848 982 4900 εἰδώλων
1027 4851 1124 4918 τῆς
1178 4852 1283 4903 τῶν
1330 4853 1494 4904 ἐθνῶν
1547 4853 1814 4924 λατρείας.
1867 4857 1996 4926 Περὶ
2046 4857 2152 4909 τῶν

601 4933 860 5001 ἐχθίστων
893 4935 1044 4996 ζώων
1067 4975 1080 4997 ,
1105 4936 1277 5002 δφεων
1302 4978 1314 5000 ,
1346 4938 1634 5008 αἰλούρων,
1670 4940 1762 4990 καί
1798 4941 1903 4991 τῶν
1931 4943 2151 5010 ὁμοίων.

602 5019 729 5069 ’Ότι
757 5020 1116 5089 εὐηργέτησεν
1141 5024 1166 5074 6
1186 5023 1313 5084 Θεὸς
1337 5023 1423 5074 τὸν
1459 5025 1669 5094 Ἰσραήλ
1720 5025 1838 5077 ἀντὶ
1873 5026 2152 5097 βατράχων

600 5105 1025 5175 ὀρτυγομήτραν.
1060 5108 1179 5158 Ὅτι
1226 5111 1317 5160 καὶ
1351 5111 1438 5160 ἐπὶ
1469 5111 1738 5178 δήγματος
1771 5112 1945 5180 δφεων
1979 5131 2150 5183 σωτη-

604 5189 694 5259 ρία
722 5189 811 5240 τοῦ
841 5190 967 5242 λαοῦ
1002 5209 1094 5244 σου
1140 5192 1204 5244 δι’
1232 5195 1404 5260 ὄφεως
1461 5195 1655 5262 χαλκοῦ
1690 5199 2099 5267 ἐσταυρωμένου
2135 5217 2148 5232 ο

599 5277 724 5336 τοὺς
749 5275 803 5326 δὲ
840 5275 1060 5345 ἐχθροὺς
1091 5279 1265 5330 αὐτῶν
1302 5280 1366 5331 δι’
1389 5280 1561 5348 ὄφεων
1604 5283 1695 5334 καί
1727 5285 1873 5351 μυῶν
1903 5287 2152 5338 ἀπέκτει-

601 5376 710 5412 νεν.
741 5361 861 5412 Ὅτι
907 5363 1148 5428 ἀγγέλων
1176 5365 1375 5434 τροφὴν
1425 5365 1664 5434 ἐψώμισε
1711 5367 1802 5419 τὸν
1841 5369 1966 5422 λαὸν
2015 5374 2152 5440 πρὸς

602 5446 778 5498 πᾶσαν
815 5447 1001 5516 ἡδονὴν
1033 5447 1331 5515 ἰσχύουσαν,
1369 5453 1458 5502 καὶ
1497 5452 1630 5520 7:96;
1676 5455 1852 5505 πᾶσαν
1892 5457 2150 5524 ἀρμονίας

601 5530 805 5597 γεῦσιν.
839 5535 954 5585 Ὅτι
981 5534 1217 5602 χάλαζαν
1242 5538 1552 5602 Αἰγυπτίοις
1585 5541 1716 5608 μετα
1743 5541 1910 5609 πυρὸς
1941 5543 2149 5611 ἔπεμψε

602 5617 738 5683 7:96;
781 5617 1069 5689 διαφθορὰν
1116 5625 1483 5691 γεννημάτων.
1519 5626 1634 5677 Ὀτι
1683 5630 1793 5688 τοῖς
1839 5629 2149 5692 Αἰγυπτίοις

603 5701 808 5769 ἔπεμψε
842 5704 1154 5774 ψηλαφητδν
1189 5711 1404 5772 σκότος,
1441 5711 1532 5761 καὶ
1573 5711 1638 5762 τὰ
1685 5713 1741 5762 ἐν
1771 5712 1916 5781 σύτῷ
1956 5717 2123 5767 κακά·

1335 374 1394 431 S.
1431 374 1712 432 JOANNIS
1748 373 2232 432 CHIWSOSTOMI
2265 377 2582 436 ARCIIIEP.
2621 375 3168 434 CONSTANTINOP.

3722 389 3837 443 370

2267 495 2373 556 τοῖς
2403 494 2458 546 δὲ
2505 495 2670 558 ὁσίοις
2716 495 2880 548 αὑτοῦ
2917 494 3032 563 φῶς
3065 495 3122 546 ἐν
3174 491 3430 562 Αἰγύπτῳ
3456 530 3470 554 ,
3503 490 3596 544 καὶ
3650 490 3708 544 ἐν
3758 497 3827 562 τῇ

2263 578 2452 649 ἐρήμῳ
2481 580 2669 632 στῦλον
2700 580 2866 650 πυρός
2888 595 2900 609 ⁸
2929 580 3023 632 καὶ
3054 579 3173 632 ἀντὶ
3217 579 3313 647 μὲν
3353 576 3580 631 θανάτου
3617 576 3831 647 νηπίων

2277 663 2489 733 Ἰσραὴλ
2515 704 2528 726 ,
2564 664 2672 716 τῶν
2697 663 3004 730 Αἰγυπτίων
3056 662 3411 732 πρωτοτόκων
3460 661 3686 722 θάνατος
3733 663 3830 714 καὶ

2265 749 2696 816 καταποντισμός
2719 766 2731 778 ·
2773 748 2922 819 [575]
2951 749 3068 802 ἀντὶ
3089 749 3146 801 δέ
3184 747 3411 801 θανάτου
3447 747 3826 816 πρωτοτόκων,

2267 834 2507 902 σωτηρία
2547 834 2759 902 Ἰσραὴλ
2789 834 2852 885 δι’
2884 835 3111 902 αἵματος
3143 832 3433 902 προϐάτου.
3462 832 3570 884 Kal
3603 832 3696 883 ἐπὶ
3729 833 3828 899 μὲν

2267 916 2477 985 θανάτῳ
2504 918 2724 970 δικαίων
2759 920 2814 970 ἐν
2845 920 3033 988 ἐρήμῳ
3053 958 3068 979 ,
3111 917 3320 986 Ἀαρὼν
3367 918 3680 980 ἐξιλάσατο,
3713 918 3829 968 Κυ-

2270 1004 2368 1072 ρίῳ
2415 1004 2846 1071 προσευξάμενος
2883 1005 2976 1056 καὶ
3028 1004 3329 1072 θυμιάσαςο
3373 1003 3465 1054 ἐπὶ
3512 1002 3567 1053 δέ
3611 1001 3828 1070 θανάτῳ

2265 1090 2572 1156 Αἰγυπτίων
2606 1091 2661 1141 ἐν
2685 1085 2917 1159 Ἐρυθρᾷ
2967 1089 3234 1158 θαλάσσῃ,
3266 1088 3575 1156 ἀνελεήμων
3615 1087 3788 1156 θυμὸς
3811 1128 3826 1148 ,

2265 1175 2357 1226 τοῦ
2379 1176 2432 1226 δὲ
2455 1174 2581 1226 λαοῦ
2609 1174 2901 1243 παράδοξος
2931 1173 3220 1242 ὁδοιπορία.
3259 1173 3378 1223 Ὅτι
3405 1172 3490 1224 διὰ
3523 1171 3830 1240 μισοξενίαν

2267 1261 2461 1312 ἔπαθον
2484 1259 2651 1312 ταῦτα
2683 1261 2731 1311 οἰ
2761 1258 3059 1324 Αἰγύπτιοι,
3083 1259 3156 1319 ὼς
3182 1258 3271 1310 καί
3299 1259 3348 1308 οἰ
3376 1257 3674 1324 Σοδομῖται.
3704 1258 3828 1308 ’Ὀτι

2264 1347 2333 1399 τὰ
2361 1350 2596 1416 στοιχεῖα
2625 1346 2904 1399 ὑπόκειται
2933 1349 2997 1416 τῇ
3025 1346 3141 1416 θείᾳ
3171 1346 3348 1415 κρίσει
3385 1343 3619 1414 Χριστοῦ
3644 1382 3658 1405 ,
3687 1345 3831 1413 7:96;

2265 1433 2293 1484 6
2327 1433 2571 1502 βούλεται
2598 1432 2966 1503 ῥυθμιζόμενα
2987 1471 3001 1495 ,
3030 1433 3104 1494 ώς
3134 1432 3319 1501 χορδαὶ
3349 1431 3574 1498 κιθάρας
3621 1431 3697 1499 τῷ
3747 1448 3832 1483 κι-

2267 1517 2554 1588 θαρίζοντι.
2598 1519 2683 1570 Ἐν
2730 1513 2811 1580 οἷς
2849 1520 2994 1570 πᾶσα
3022 1517 3244 1586 δύναμις
3277 1518 3374 1586 τῆς
3421 1517 3618 1584 Σοφίας
3666 1516 3831 1569 Σολο-

2267 1606 2474 1675 μῶντος
2508 1605 2603 1669 τῆς
2633 1605 2933 1676 λεγομένης
2965 1606 3295 1677 Παναρέτου.

2672 1782 2976 1849 Παροιμίαι
3019 1781 3420 1849 Σολομῶντος.

2332 1901 2624 1972 Παροιμίαι
2659 1901 2994 1970 Σολομῶντος
3021 1901 3080 1953 :6
3111 1889 3324 1971 βιϐλίονί
3342 1900 3604 1964 καλεῖται,
3634 1902 3828 1973 ἐπειδὴ

2262 1989 2356 2041 καὶ
2395 1988 2596 2050 ταύτας
2626 1986 2871 2056 Σολομῶν
2918 1989 3061 2040 ἐστιν
3099 1988 3126 2038 6
3175 1986 3409 2057 λαλήσας
3436 1988 3530 2040 καὶ
3582 1988 3820 2056 γράψας.

2261 2069 2426 2135 Οὗτος
2462 2074 2518 2125 δὲ
2556 2073 2929 2141 διαδεξάμενος
2952 2072 3047 2142 τὴν
3079 2072 3351 2140 βασιλείαν
3377 2072 3539 2125 Δαυ⁴ἰδ
3585 2073 3679 2125 τοῦ
3715 2090 3826 2126 πα-

2261 2161 2384 2228 τρὸς
2431 2159 2628 2221 αὑτοῦ,
2669 2159 2869 2228 ηὔξατο
2917 2159 2991 2228 τῷ
3039 2157 3156 2227 Θεῷ
3195 2157 3377 2210 λαϐεῖν
3430 2158 3619 2226 σοφίαν
3682 2161 3825 2228 ὑπὲρ

2262 2245 2486 2297 πλοῦτον
2513 2287 2527 2309 ,
2563 2247 2654 2298 καὶ
2687 2246 2822 2315 ὑπὲρ
2865 2245 3071 2313 ἀμυναν
3119 2243 3342 2313 ἐχθρῶν.
3391 2243 3580 2296 Λαϐὼν
3619 2245 3825 2306 τοίνυν,

2263 2335 2354 2384 καὶ
2383 2333 2666 2402 γενόμενος
2698 2332 2856 2399 σοφὸς
2898 2331 3034 2400 ὑπὲρ
3072 2332 3276 2392 πάντας
3323 2331 3448 2392 τοὺς
3501 2331 3607 2400 πρὸ
3655 2331 3825 2382 αὐτοῦ

2261 2419 2353 2470 καὶ
2388 2420 2504 2486 μετ’
2538 2419 2696 2471 αὑτὸν
2727 2417 3042 2486 ἀνθρώπους
3067 2455 3080 2478 ,
3109 2416 3436 2484 θαυμασθείς
3454 2434 3511 2468 τε
3539 2419 3628 2468 ἐπὶ
3657 2419 3827 2469 πᾶσιν

2259 2499 2339 2566 οἷς
2374 2505 2590 2573 ἐποίησε
2624 2504 2717 2556 καὶ
2753 2504 2999 2572 ἐλάλησε,
3034 2502 3329 2572 τρισχιλίας
3377 2504 3472 2570 μὲν
3510 2503 3826 2572 παραϐολὰς

2261 2585 2354 2636 καὶ
2389 2585 2823 2654 πεντακισχιλίας
2851 2585 2992 2653 ᾠδὰς
3021 2583 3272 2653 ἐλάλησε·
3306 2585 3397 2636 καί
3434 2585 3824 2654 ἐφυσιολόγησε

2261 2672 2387 2741 περὶ
2433 2673 2644 2725 πάντων
2698 2672 2804 2723 τῶν
2851 2689 2910 2723 τε
2954 2674 3014 2724 ἐκ
3065 2671 3164 2739 γῆς
3205 2671 3522 2739 φυομένων,
3559 2672 3653 2723 καὶ
3693 2673 3827 2741 περὶ

2261 2759 2474 2810 πάντων
2501 2760 2605 2811 τῶν
2635 2757 2802 2822 ζώων.
2821 2757 3129 2826 Συνέγραψε
3155 2758 3230 2822 δὲ,
3263 2758 3335 2819 ώς
3371 2758 3469 2824 μέν
3498 2757 3636 2818 τινές
3667 2774 3823 2825 φασι,

2260 2845 2383 2912 τρία
2416 2845 2548 2913 μόνα
2580 2845 2776 2912 βιϐλία.
2818 2843 2986 2896 Τοῦτό
3015 2861 3092 2906 τε,
3123 2845 3215 2895 καὶ
3243 2845 3331 2896 τὸν
3369 2843 3820 2913 Ἐκκλησιαστὴν,

2262 2931 2438 2981 καὶτὸ
2471 2926 2658 3000 τᾼσμα
2701 2929 2805 2981 τῶν
2841 2931 3126 2999 ᾀσμάτων·
3155 2930 3227 2990 ὼς
3283 2929 3337 2979 δέ
3382 2945 3553 2990 τινες,
3592 2929 3686 2980 καὶ
3723 2930 3825 2998 τὴν

2263 3014 2458 3082 Σοφίαν
2486 3017 2583 3086 τὴν
2617 3015 3110 3084 ἀπογεγραμμένην
3142 3015 3234 3066 καὶ
3255 3013 3548 3082 λεγομένην
3576 3015 3825 3081 Πανάρες

2260 3118 2350 3153 τον
2371 3117 2383 3130 ⁸
2416 3102 2641 3170 γνησίαν
2678 3103 2785 3171 γὰρ
2818 3101 2980 3153 αὑτοῦ
3020 3102 3112 3154 καὶ
3142 3100 3339 3168 ταύτην
3379 3100 3623 3166 λέγουσιν
3658 3096 3824 3153 εἶναι.

2261 3183 2370 3234 Kal
2405 3182 2589 3235 τοῦτον
2630 3184 2724 3252 μὲν
2757 3183 3048 3252 Παροιμίαι
3087 3183 3408 3250 ἐπέγραψεν.
3463 3181 3580 3232 Εἰσί
3614 3181 3670 3232 δὲ
3718 3198 3827 3234 πα-

2263 3265 2466 3334 ροιμίαι
2496 3265 2641 3331 λόγοι
2676 3266 2846 3332 σοφοὶ,
2875 3265 2948 3327 ὼς
2984 3264 3300 3332 αἰνίγματα,
3333 3263 3486 3315 ἅτινα
3511 3264 3694 3332 ἕτερον
3721 3265 3826 3332 μέν

2260 3363 2312 3398 τι
2351 3347 2569 3398 αὐτόθεν
2621 3347 2879 3415 δηλοῦντά
2921 3350 3102 3406 ἐστιν,
3155 3347 3335 3413 ἕτερον
3387 3346 3441 3397 δὲ
3497 3347 3552 3396 ἐν
3594 3347 3825 3416 ὑπονοίᾳ.

2261 3428 2695 3495 ἐπαγγέλλονται.
2732 3428 2850 3478 Τῶν
2884 3429 2937 3479 δέ
2967 3427 3217 3479 τοιούτων
3264 3427 3398 3488 εἶδός
3443 3429 3578 3478 εἰσιν
3623 3429 3680 3478 αἰ
3721 3446 3825 3480 πα-

2261 3511 2488 3580 ροιμίαι.
2518 3509 2673 3562 υῦτω
2698 3510 2804 3578 γὰρ
2831 3509 2922 3560 καὶ
2945 3510 2992 3559 οἰ
3023 3509 3257 3576 μαθηταὶ
3283 3507 3376 3560 τοῦ
3403 3510 3604 3577 Κυρίου
3640 3508 3826 3574 λέγου-

2261 3607 2344 3643 σιν
2369 3594 2424 3644 ἐν
2452 3591 2527 3660 τῷ
2554 3591 2693 3644 κατὰ
2734 3591 2981 3659 Ἰωάννην
3003 3590 3335 3659 Εὑαγγελίῳ,
3370 3590 3455 3641 ὅτε
3484 3589 3576 3641 τοῦ
3616 3591 3823 3658 Κυρίου

2259 3675 2427 3726 πολλά
2454 3675 2732 3744 εἰρηκότος
2757 3712 2770 3734 ,
2809 3674 3067 3742 πρότερον
3120 3672 3539 3741 ἐγκεκρυμμένῃ
3589 3673 3821 3742 διανοίᾳ,

2260 3755 2479 3825 ’ύστερόν
2531 3774 2691 3824 φασιν
2741 3754 2914 3823 αὐτῷ·
2958 3755 3067 3807 Ἴδε
3107 3753 3221 3806 νῦν
3262 3755 3566 3820 παρῤησίᾳ
3587 3755 3820 3819 λαλεῖς,

2258 3838 2354 3890 καί
2374 3840 2689 3904 παροιμίαν
2713 3837 2994 3903 οὐδεμίαν
3028 3834 3220 3901 λέγεις
3241 3851 3253 3864 ο
3278 3834 3352 3896 ὼς
3377 3834 3481 3886 τῶν
3514 3836 3821 3903 παροιμιῶν

2261 3922 2334 3989 μὴ
2359 3923 2420 3972 ἐκ
2446 3921 2698 3988 φανεροῦ,
2731 3918 2863 3970 ἀλλὰ
2897 3917 3287 3987 κεκρυμμένως
3307 3915 3627 3985 λεγομένων.
3667 3918 3822 3968 Ἐπεὶ

2257 3999 2348 4054 οὖν
2381 4004 2437 4053 ἐν
2467 4001 2541 4069 τῷ
2572 4000 2756 4069 βιϐλίῳ
2784 3999 2955 4068 τούτῳ
2980 3999 3211 4050 πλεῖστοι
3243 3997 3386 4064 λόγοι
3415 3997 3642 4048 τοιοῦτοί
3659 4000 3819 4062 εἰσιν,

2255 4083 2342 4136 διὰ
2362 4082 2515 4134 τοῦτο
2546 4081 2844 4151 Παροιμίας
2874 4080 3074 4148 ἔγραψε
3109 4079 3167 4146 (ί.
3191 4078 3484 4146 ἐπέγραψε)
3509 4078 3568 4128 :6
3593 4077 3816 4143 βιϐλίον.

2268 4163 2563 4232 Ὠνομάσθη
2607 4163 2662 4214 δέ
2713 4164 3013 4232 παροιμία,
3062 4160 3244 4228 ἐπειδὴ
3280 4161 3426 4228 παρά
3467 4160 3645 4226 πάσης
3696 4161 3816 4212 ὀδοῦ

2255 4246 2569 4314 ἐγράφησαν
2594 4247 2641 4297 οἰ
2675 4245 2901 4296 τοιοῦτοι
2941 4245 3106 4309 λόγοι,
3149 4241 3280 4309 πρὸς
3309 4238 3589 4308 διόρθωσιν
3621 4242 3709 4292 καὶ
3740 4243 3816 4294 δι-

2254 4329 2546 4380 δασκαλίαν
2578 4326 2681 4380 τῶν
2713 4330 2768 4377 ἐν
2797 4329 2913 4387 ταῖς
2946 4326 3078 4386 ὁδοῖς
3111 4322 3500 4392 πορευομένων.
3529 4322 3685 4392 Παρὰ
3718 4324 3818 4385 τάς

2254 4409 2404 4469 ὁδοὺς
2429 4409 2482 4459 δὲ
2535 4411 2829 4478 ἐγράφοντο
2856 4450 2867 4471 ,
2912 4407 3029 4458 ἐπεὶ
3065 4405 3137 4474 μὴ
3177 4405 3370 4464 πάντες
3417 4403 3651 4472 ἐχώρουν
3693 4407 3818 4468 τοὺς

2255 4491 2354 4558 τῆς
2385 4491 2633 4559 ἀληυείας
2659 4491 2846 4555 λόγους
2868 4507 2879 4518 ο
2932 4490 3014 4540 ἵνα
3048 4488 3146 4540 κᾶν
3189 4487 3517 4556 διερχόμενοι
3557 4488 3648 4538 καὶ
3693 4489 3815 4556 βλέ-

2256 4589 2445 4634 ποντες
2478 4572 2783 4640 διερευνῶσι
2836 4571 2903 4622 τὰ
2955 4570 3308 4639 γεγραμμένα
3333 4610 3346 4631 ,
3394 4571 3484 4622 καὶ
3509 4569 3649 4622 οῦτω
3681 4589 3811 4623 παι-

2254 4652 2512 4705 δεύωνται
2550 4654 2597 4703 οἰ
2639 4652 2929 4719 ἅνθρωποι.
2965 4651 3117 4712 Τινὲς
3160 4651 3286 4718 γοῦν
3325 4651 3589 4721 ὁρίζονται
3640 4653 3812 4715 αὑτὰς

2253 4733 2452 4796 οὕτως,
2487 4735 2636 4804 ρἧα
2670 4733 2921 4804 παρόδιον
2947 4734 3052 4785 ἀπό
3085 4751 3225 4794 τινος
3259 4733 3370 4793 ἐνὸς
3404 4737 3480 4794 εἰς
3513 4734 3679 4785 πολλὰ
3717 4751 3814 4802 με-

2252 4817 2744 4886 ταλαμϐανόμενον.
2793 4818 2974 4867 Ἔστιν
3029 4812 3118 4868 οὖν
3171 4818 3226 4866 ἐν
3272 4815 3345 4883 τῷ
3398 4815 3582 4884 βιϐλίῳ
3637 4817 3815 4886 τούτῳ

2255 4900 2451 4967 γνῶσις
2499 4899 2684 4964 σοφίας
2717 4899 2806 4949 καὶ
2847 4898 3121 4958 παιδείας,
3169 4897 3346 4964 νόησις
3399 4897 3565 4964 λόγων
3611 4901 3814 4966 φρονή-

2257 4998 2390 5042 σεως
2410 5020 2423 5040 ,
2454 4981 2679 5048 στροφαὶ
2723 4979 2911 5045 λόγων,
2959 4979 3293 5046 δικαιοσύνης
3337 4979 3564 5047 ἀληθοῦς
3590 4981 3812 5046 νόησις,

2253 5063 2492 5130 κρίματα
2512 5062 2875 5123 κατευθύνειν,
2908 5059 3056 5130 [376]
3086 5061 3176 5112 καὶ
3214 5061 3505 5127 ἐπαγγελία
3531 5060 3625 5112 τοῦ
3657 5063 3810 5126 γινώ-

2256 5163 2402 5197 σκειν
2430 5149 2490 5196 ἐκ
2516 5145 2715 5196 τούτων
2742 5143 3080 5213 παραϐολὰς,
3113 5145 3294 5212 ῥήσεις
3326 5144 3518 5210 σοφῶν,
3553 5143 3811 5210 αἰνίγμα-

2252 5242 2340 5285 τα,
2380 5227 2679 5284 σκοτεινοὺς
2711 5225 2918 5290 λόγους.
2952 5225 3054 5275 Kal
3095 5225 3199 5276 εἰσί
3232 5224 3455 5290 γνώσεις
3499 5224 3681 5289 σοφίας
3712 5226 3810 5275 καὶ

2253 5309 2515 5369 παιδείας.
2559 5307 2770 5374 Ἐπειδὴ
2821 5307 2927 5376 γὰρ
2976 5308 3228 5376 Ἕλληνες
3284 5307 3381 5376 μὲν
3429 5307 3616 5372 σοφίαν
3662 5308 3810 5375 ἔχειν

2252 5390 2690 5457 ἐπαγγέλλονται,
2723 5391 2979 5457 αἱρετικοί
2998 5390 3052 5441 δὲ
3069 5390 3342 5458 νομίζουσι
3371 5389 3613 5441 παιδείαν
3641 5389 3806 5458 ἐχειν,

2250 5473 2337 5524 διὰ
2377 5472 2533 5523 τοῦτο
2569 5465 2728 5538 ,οὗτος
2777 5473 2871 5542 τὴν
2901 5473 3070 5543 ἀληθῆ
3117 5475 3303 5540 σοφίαν
3339 5473 3431 5524 καὶ
3461 5471 3700 5523 παιδείαν
3728 5473 3808 5525 δι-

2248 5557 2466 5617 δάσκει,
2500 5556 2582 5605 ἵνα
2625 5553 2696 5622 μή
2725 5559 2788 5623 τῇ
2819 5557 3102 5625 ὁμωνυμία
3138 5557 3232 5623 τῆς
3282 5555 3466 5620 σοφίας
3507 5557 3585 5615 εἰς
3619 5554 3687 5606 τὰ
3716 5571 3806 5606 σο-

2252 5639 2494 5706 φίσματα
2525 5637 2630 5688 τῶν
2672 5639 2932 5707 Ἐλλήνων
2979 5641 3071 5691 καὶ
3115 5639 3220 5689 τῶν
3259 5637 3544 5707 αἱρετικῶν
3588 5638 3804 5708 ἐμπέσῃ

2257 5737 2358 5779 τις.
2383 5721 2487 5770 Kal
2517 5719 2621 5788 γὰρ
2655 5720 2904 5788 ’Έλληνες
2943 5721 3036 5788 μὲν
3071 5719 3301 5786 οἰόμενοί
3341 5735 3479 5780 τινες
3509 5716 3671 5784 εἶναι,
3706 5722 3804 5772 καὶ
