3996 6426
212 372 330 430 369

214 486 267 531 et
294 476 567 533 desiderio
590 480 656 532 ad
685 478 1093 550 comparandam
1125 478 1455 547 sapientiam.
1484 476 1562 529 Ad
1588 476 1700 529 haec
1723 474 1790 530 de

212 568 533 636 quibusdam
561 580 767 623 natura:
803 569 1038 637 partibus
1064 568 1378 635 disputatur,
1407 568 1637 634 itemque
1659 578 1789 618 con-

214 665 296 710 tra
344 658 508 723 idola,
553 668 607 711 et
653 659 865 712 illorum
908 657 1222 726 sculptores,
1269 667 1323 711 et
1359 664 1542 710 contra
1582 669 1673 709 eos
1700 655 1788 722 qui

209 761 361 815 spem
406 748 457 799 in
489 748 590 800 illis
631 755 850 816 ponunt,
882 747 1100 816 ipsaque
1146 746 1345 799 colunt.
1380 746 1640 798 Praeterea
1694 745 1787 813 hy-

208 851 371 888 mnus
396 850 518 889 cum
550 836 881 889 confessione
910 835 1227 889 mirabilium
1253 834 1638 902 operationum,
1670 847 1788 902 qua:

209 925 469 980 lsraelitis
515 941 692 980 coram
740 928 973 995 ipsorum
1004 927 1229 979 inimicis
1255 941 1283 978 a
1314 926 1423 979 Deo
1469 926 1615 979 facta:
1642 936 1783 979 sunt.

210 1016 335 1070 llaec
380 1017 556 1084 itaque
586 1018 950 1086 complectitur
980 1016 1064 1069 hic
1084 1016 1234 1069 liber.
1268 1015 1648 1083 Recapitulatio
1689 1029 1786 1067 an-

210 1114 317 1158 tem
350 1106 429 1159 sic
458 1106 635 1160 habet.
676 1105 730 1159 In
760 1105 1029 1174 procemiis
1054 1104 1352 1158 adhortatio
1376 1102 1503 1171 justi
1531 1102 1596 1156 ad
1622 1103 1787 1171 pieta-

209 1204 341 1260 tem,
370 1204 426 1249 et
456 1194 801 1263 reprehensio
829 1195 973 1264 impii
1003 1194 1320 1262 blasphemi.
1346 1193 1497 1258 Nam,
1523 1192 1607 1248 Ne
1628 1210 1785 1247 aemu-

208 1283 349 1348 ieris,
402 1286 599 1353 inquit,
641 1286 995 1350 anticltristos,
1034 1284 1119 1353 qui
1146 1294 1261 1337 sunt
1290 1284 1404 1351 ipsa
1432 1299 1584 1336 mors.
1634 1283 1784 1339 Unde

208 1372 409 1428 factum
454 1374 543 1437 sit,
586 1373 725 1442 quod
770 1372 914 1442 impii
942 1388 1008 1427 eo
1032 1372 1360 1439 devenerint,
1407 1380 1465 1426 ut
1506 1372 1783 1425 Dominum

208 1462 397 1529 gloriae
422 1463 811 1531 crucifigerent,
840 1462 964 1516 dum
994 1476 1227 1530 prresens
1256 1463 1507 1515 sarculum
1532 1461 1603 1514 illi
1629 1470 1779 1515 ante-

208 1550 436 1607 ferrent.
468 1552 621 1619 Quod
652 1554 809 1606 etiam
849 1554 946 1621 ipsi
977 1553 1246 1620 apostolos
1274 1552 1573 1621 persequuti
1600 1551 1705 1605 sint
1728 1559 1783 1604 et

207 1641 523 1696 occiderint.
550 1642 700 1707 Quod
747 1641 907 1694 futuri
948 1641 1053 1695 sint
1088 1641 1300 1710 quidam
1338 1642 1425 1710 qui
1466 1641 1637 1709 legem
1673 1641 1779 1694 Do-

208 1732 336 1785 mini
364 1740 734 1797 contemnant,
764 1732 976 1801 quidam
1004 1747 1129 1785 vero
1155 1733 1241 1785 alii
1271 1732 1378 1785 sint
1407 1732 1479 1785 illi
1506 1732 1781 1799 obtempe-

209 1823 394 1875 raturi.

277 1909 432 1976 Quod
478 1910 615 1964 Deus
658 1910 975 1964 multitudini
1017 1924 1232 1971 eorum.
1279 1910 1368 1979 qui
1414 1910 1465 1963 in
1506 1908 1774 1965 Christum

208 2001 368 2070 impie
411 2010 606 2070 agunt,
652 2016 756 2055 non
797 2002 866 2055 sit
906 2002 1222 2071 parciturus.
1270 2000 1436 2055 Unius
1471 2000 1612 2055 enim
1649 2000 1777 2069 justi

206 2092 419 2146 Christo
440 2092 708 2146 credentis
736 2106 859 2146 cura
887 2100 969 2145 est
996 2092 1126 2158 Deo,
1155 2090 1361 2145 etiamsi
1391 2092 1443 2144 in
1474 2090 1779 2143 adolescen-

205 2182 275 2234 tia
298 2182 581 2235 moriatur.
610 2180 851 2235 Senectus
867 2184 1001 2234 enim
1021 2180 1312 2234 venerabilis
1332 2190 1402 2232 est
1421 2196 1519 2232 non
1541 2180 1777 2232 diuturna

206 2269 355 2342 (Cap.
382 2273 437 2325 4.
462 2271 539 2339 8).
572 2272 683 2325 Etsi
707 2273 899 2339 impius
924 2281 1150 2326 mortem
1175 2274 1291 2340 ejus
1316 2273 1403 2341 qui
1427 2271 1641 2325 Christo
1661 2287 1776 2327 cre-

204 2364 279 2417 dit
305 2365 624 2427 contemnit,
648 2372 703 2416 at
727 2363 801 2416 illi
823 2364 1087 2431 eliguntur
1111 2364 1161 2415 in
1188 2364 1419 2417 Christo.
1451 2362 1599 2432 impii
1629 2364 1774 2433 igno-

203 2453 444 2507 miniosae
486 2454 653 2507 ruina:
685 2453 957 2507 tradentur
978 2494 991 2514 ,
1032 2463 1084 2506 ct
1114 2466 1305 2522 magno
1328 2454 1527 2521 judicio
1557 2469 1616 2507 ac
1642 2469 1772 2507 con-

204 2542 535 2596 demnationi
564 2542 913 2610 subjicientur
942 2542 1009 2607 ii,
1042 2542 1129 2609 qui
1155 2543 1347 2596 Christi
1378 2556 1564 2596 servos
1590 2557 1771 2610 persc-

204 2639 457 2699 quuntur,
488 2631 726 2684 videntes
753 2631 975 2700 gloriam
1002 2630 1118 2698 ejus
1146 2640 1199 2683 et
1229 2631 1484 2699 ipsorum,
1516 2646 1678 2699 seque
1705 2631 1771 2684 ad

202 2721 520 2790 supplicium
550 2721 680 2788 rapi.
709 2720 860 2787 Quod
892 2721 1089 2773 divitiae
1118 2735 1237 2775 cum
1269 2722 1569 2790 arrogantia
1614 2722 1770 2776 nobis

202 2811 475 2865 accedant.
520 2810 649 2875 Qua:
693 2810 762 2865 sit
804 2811 880 2864 ira
914 2811 1009 2864 Dei
1044 2812 1095 2863 in
1126 2825 1219 2865 eos
1244 2813 1332 2880 qui
1364 2813 1523 2880 impie
1553 2822 1771 2881 egerunt

201 2898 251 2952 iu
298 2899 593 2953 Christum.
653 2899 1008 2961 Adhortatio,
1057 2900 1162 2953 imo
1216 2901 1390 2967 potius
1441 2902 1769 2955 denuntiatio

199 2988 527 3057 principibus
568 2988 760 3053 Israel,
808 2997 865 3042 ut
908 2987 1119 3043 Christo
1162 2989 1414 3054 credant;
1460 2990 1566 3044 imo
1593 2992 1769 3059 potius

199 3083 533 3154 denuntiatio
556 3084 881 3153 principibus
900 3084 1190 3137 Catholica:
1213 3083 1484 3148 Ecclesiae,
1504 3084 1767 3153 quomodo

198 3187 383 3243 regere
400 3173 631 3227 debeant
652 3181 768 3241 post
797 3173 939 3227 illius
957 3173 1285 3227 abscessum.
1315 3173 1443 3240 Quae
1469 3173 1536 3226 sit
1561 3174 1762 3242 sapien-

196 3264 301 3329 tia,
348 3278 541 3331 nempe
587 3262 752 3317 Filius
798 3263 912 3317 Dei.
959 3263 1026 3318 Et
1069 3262 1333 3332 quomodo
1368 3263 1597 3318 Verbum
1642 3278 1767 3319 caro

197 3354 400 3410 factum
428 3357 520 3421 sit,
546 3356 707 3423 inque
728 3354 881 3409 nobis
908 3353 1242 3409 habitaverit.
1272 3354 1404 3422 Quia
1431 3370 1549 3425 ego,
1576 3356 1763 3426 inquit,

195 3445 383 3499 eadem
434 3459 555 3514 quae
605 3458 701 3499 vos
747 3458 934 3513 passus
978 3460 1131 3510 sum,
1159 3444 1321 3499 homo
1364 3460 1486 3499 cum
1534 3446 1669 3513 sim,
1699 3460 1764 3501 ex

191 3535 339 3604 jussu
406 3535 499 3588 Dei
563 3535 853 3604 disciplima
916 3535 1179 3590 subditus.
1249 3536 1324 3592 De
1370 3536 1635 3591 Christo:
1683 3537 1764 3591 Ex

197 3627 460 3696 sapientia
491 3627 622 3693 Dei,
655 3628 860 3695 inquit,
889 3629 1124 3682 omnium
1167 3630 1523 3697 cognitionem
1553 3629 1722 3684 habeo
1747 3648 1761 3683 :

194 3716 261 3770 In
290 3734 449 3771 manu
478 3718 609 3770 enim
638 3718 803 3782 illius,
833 3727 879 3771 et
905 3732 996 3771 nos
1023 3734 1226 3783 sumus,
1260 3728 1307 3773 et
1333 3734 1583 3772 sermones
1608 3720 1764 3773 nostri

196 3806 357 3876 (Cap.
389 3807 443 3859 7.
470 3806 589 3875 16).
618 3806 746 3874 Quae
776 3808 845 3860 sit
873 3807 1129 3876 sapientia
1149 3848 1165 3873 ,
1198 3816 1252 3862 et
1280 3807 1546 3876 quomodo
1582 3808 1635 3862 in
1664 3808 1763 3862 ho-

194 3898 365 3951 mines
392 3896 620 3950 venerit.
664 3895 792 3950 Cunt
818 3897 949 3951 enim
982 3897 1131 3949 unica
1160 3897 1260 3960 sit,
1286 3897 1455 3950 omnia
1492 3908 1685 3965 potest,
1714 3907 1763 3950 et

190 4000 305 4039 eam
325 3988 381 4039 in
400 3987 565 4056 seipsa
584 3995 799 4048 maneat,
821 3985 987 4038 omnia
1008 3993 1173 4038 tamen
1190 3987 1391 4040 innovat
1412 3985 1461 4056 (
1468 3986 1568 4039 bid.
1584 4002 1631 4039 .
1644 3987 1759 4056 27).

190 4076 537 4144 Sapientiam,
570 4075 759 4144 inquit,
785 4090 815 4128 a
840 4074 1113 4143 juventute
1134 4076 1327 4138 amavi,
1351 4086 1404 4129 et
1426 4076 1600 4129 omnia
1625 4075 1759 4128 bona

191 4179 252 4220 ex
288 4168 378 4221 illa
408 4168 620 4237 accepi,
664 4167 895 4221 carnalia
924 4172 981 4221 et
1020 4162 1331 4235 spiritualia.
1377 4168 1593 4236 Cognita
1621 4167 1761 4221 enim

194 4259 555 4328 magnitudine
584 4258 889 4327 sapientiae,
921 4256 1178 4326 postulavi
1205 4272 1233 4309 a
1266 4257 1492 4311 Domino
1521 4266 1572 4310 ut
1609 4258 1760 4312 dare-

197 4358 278 4403 tur
305 4350 433 4403 mihi
460 4349 689 4418 Spiritus
712 4362 945 4411 sanctus,
975 4350 1060 4417 qui
1091 4365 1176 4403 me
1204 4348 1270 4403 de
1301 4349 1388 4403 illa
1416 4349 1757 4405 illuminaret.

195 4439 261 4493 Et
280 4441 476 4494 missus
498 4451 600 4506 est,
628 4450 684 4493 ut
710 4456 916 4494 mecum
945 4441 1226 4495 laboraret.
1254 4438 1589 4509 Cogitationes
1615 4457 1761 4494 nam-

193 4544 292 4596 qnc
317 4530 607 4582 mortalium
634 4529 822 4582 timida:
848 4541 962 4583 sunt
987 4528 1150 4599 (Cap.
1179 4529 1232 4584 9.
1262 4531 1326 4583 14
1344 4532 1383 4598 ).
1417 4531 1491 4584 De
1516 4528 1761 4598 operibus

194 4618 489 4687 sapientize.
535 4617 814 4685 Quomodo
858 4620 1084 4685 primum
1116 4618 1384 4671 hominem
1430 4620 1759 4684 custodierit,

195 4724 255 4761 ex
280 4708 490 4776 quantis
515 4709 669 4762 malis
692 4709 828 4762 Deus
849 4708 1129 4761 credentes
1160 4708 1256 4760 sibi
1280 4718 1472 4772 servet,
1496 4718 1551 4763 et
1570 4721 1759 4778 quanta

195 4799 295 4853 illis
327 4799 465 4851 bona
510 4806 759 4866 praestet,
790 4806 847 4851 ut
877 4797 1055 4851 videre
1096 4806 1178 4851 est
1214 4798 1265 4849 iu
1294 4796 1437 4862 Noe,
1471 4798 1758 4864 Abraham,

193 4887 323 4951 Lot,
356 4886 554 4952 Jacob,
579 4886 778 4955 Joseph
802 4927 818 4951 ,
850 4896 903 4941 et
946 4887 1000 4939 in
1040 4885 1283 4939 lsraelitis
1304 4926 1318 4947 ,
1352 4900 1485 4954 quos
1513 4901 1575 4939 ex
1603 4902 1761 4940 manu

170 4965 565 5046 'IEgyptiorum
593 4977 784 5044 eripuit
810 4988 901 5045 per
928 4976 1159 5046 Moysem
1179 5017 1193 5039 ,
1225 4985 1277 5029 et
1305 4991 1439 5043 aqua
1469 4991 1533 5029 ex
1563 4991 1761 5044 praem-

196 5080 279 5139 pta
312 5077 457 5137 petra
490 5067 710 5135 potavit.
743 5067 1017 5133 Quomodo
1053 5076 1257 5135 septem
1295 5066 1539 5134 gentibus
1576 5082 1762 5135 vespas

195 5159 418 5221 miserit,
452 5166 507 5211 et
532 5157 749 5210 lenitate
779 5156 1242 5223 misericordiaque
1272 5170 1417 5219 usus,
1451 5156 1551 5207 illis
1582 5166 1762 5223 postea

192 5265 284 5317 per
314 5250 400 5303 illa
435 5248 689 5317 populum
722 5247 969 5300 erudiens
989 5287 1004 5309 ,
1037 5257 1093 5300 ut
1133 5247 1384 5314 benignus
1411 5255 1551 5299 esset
1579 5256 1632 5297 et
1661 5245 1761 5298 lm-

195 5352 401 5394 manus.
446 5338 641 5392 Contra
686 5336 995 5390 adoratores
1033 5338 1451 5399 elementorum,
1487 5348 1755 5396 ranarum,

198 5430 519 5500 sciniphum,
548 5430 799 5493 murium,
829 5428 1147 5481 locustarum
1170 5468 1184 5490 ,
1214 5441 1515 5494 vesparum,
1547 5439 1763 5492 serpen-

197 5532 325 5577 tum.
360 5524 557 5576 Contra
588 5520 898 5575 adoratores
940 5518 1198 5571 idolorum
1230 5532 1293 5571 ex
1327 5532 1488 5580 auro,
1521 5523 1759 5583 argento,

200 5612 360 5682 ligno,
394 5610 676 5680 lapidibus.
711 5608 861 5676 Quod
887 5622 981 5676 per
1009 5607 1205 5673 lignum
1234 5606 1377 5658 salus
1406 5605 1475 5656 sit
1503 5603 1761 5657 credenti-

200 5699 314 5759 bus.
346 5705 421 5761 Dc
446 5704 801 5773 sculptoribus
821 5702 903 5755 vel
929 5700 1213 5768 pictoribus
1240 5698 1521 5753 idolorum.
1550 5698 1624 5751 De
1649 5712 1762 5753 om-

515 5792 782 5852 ..
830 5788 944 5846 Gn.
996 5783 1145 5844 LVI.

1226 364 1534 425 SYNOPSIS
1570 362 1971 421 SCRIPTUM!)
2008 366 2274 423 SACRE.

2009 398 2274 423 Unum
3362 398 3474 455 370

1896 476 2049 529 nibus
2089 476 2397 531 idololatria!
2432 480 2597 533 malis.
2636 480 2708 533 De
2755 481 2911 550 impia
2942 484 3227 552 religione,
3257 499 3307 540 ct
3336 497 3465 558 qudt

1896 562 1971 617 illi
1998 565 2161 619 insint
2189 567 2345 619 mala.
2391 568 2464 621 De
2492 569 2649 637 figulo
2675 579 2728 623 et
2760 570 3008 626 fictilibus
3034 575 3204 628 idolis.
3248 578 3320 630 De
3348 591 3463 633 om-

1892 652 2046 707 nibus
2072 654 2225 708 idolis
2243 696 2259 721 ,
2289 671 2407 724 qua:
2433 672 2462 710 a
2488 658 2730 725 gentibus
2756 659 2998 714 coluntur
3015 702 3031 727 ,
3060 663 3450 721 inimicissima-

1891 758 2008 796 rum
2054 744 2363 811 bestiarum,
2413 758 2718 816 serpentum
2745 792 2760 814 ,
2807 761 3138 818 catorum,et
3178 757 3451 813 similium.

1892 832 2042 899 Quod
2070 834 2250 889 lsraeli
2287 835 2424 889 Deus
2461 837 2772 892 beneficium
2819 842 3137 906 contulerit,
3170 860 3264 913 pro
3308 850 3449 902 ranis

1891 925 2219 979 coturnicem
2246 927 2478 980 mittens.
2507 929 2656 994 Quod
2683 941 2865 985 contra
2894 947 3126 988 morsum
3151 949 3451 1005 serpentum

1890 1026 1987 1080 per
2014 1028 2220 1068 aaneum
2248 1026 2549 1084 serpentem
2579 1019 2630 1071 in
2662 1034 2821 1074 cruce
2850 1035 3166 1091 suspensum
3195 1027 3337 1079 salus
3362 1041 3449 1094 po-

1890 1102 2014 1167 pulo
2057 1102 2191 1157 facta
2220 1104 2321 1169 sit;
2362 1105 2554 1159 inimici
2586 1123 2713 1161 vero
2748 1109 2979 1176 ipsorum
3019 1127 3115 1180 per
3143 1113 3373 1169 locustas
3397 1125 3447 1168 et

1890 1202 2066 1243 mures
2111 1191 2270 1245 occisi
2314 1194 2440 1246 sint.
2489 1194 2637 1259 Quod
2685 1198 2931 1265 populum
2969 1201 3274 1269 angelorum
3320 1205 3443 1257 cibo

1888 1278 2113 1341 aluerit,
2161 1295 2543 1352 quamcumque
2593 1286 2913 1354 voluptatein
2961 1287 3226 1353 habente,
3279 1301 3335 1345 et
3379 1295 3447 1345 ad

1886 1383 2271 1439 quemcumque
2296 1382 2503 1441 gustum
2525 1377 2938 1430 accommodato.
2969 1378 3116 1445 Quod
3140 1381 3449 1449 grandinem

1885 1473 2003 1512 cum
2034 1462 2153 1529 igne
2179 1463 2244 1515 ad
2266 1465 2679 1533 corrumpendas
2706 1466 2881 1536 fruges
2910 1469 2961 1521 in
2985 1468 3263 1540 Egyptios
3290 1474 3450 1527 mise-

1886 1550 1975 1603 rit.
2019 1550 2169 1617 Quod
2199 1543 2487 1621 palpabiles
2530 1556 2773 1611 tenebras
2819 1558 2867 1610 in
2908 1558 3185 1629 Egyptios
3224 1561 3446 1625 miserit,

1883 1647 1938 1691 et
1955 1654 2071 1706 qua:
2094 1642 2143 1693 in
2172 1656 2234 1694 ca
2260 1656 2318 1696 re
2347 1642 2556 1697 inerant
2577 1644 2711 1698 mala
2776 1649 2972 1701 sanctis
2992 1663 3117 1703 vero
3142 1651 3251 1704 suis
3278 1650 3449 1705 lucem

1885 1726 1936 1779 in
1962 1727 2213 1798 Egypto,
2240 1740 2295 1786 et
2322 1732 2621 1786 columnam
2644 1734 2777 1803 ignis
2808 1736 2858 1788 in
2883 1737 3203 1793 solitudine:
3232 1748 3286 1793 et
3306 1741 3447 1810 quod

1885 1826 2099 1885 pr0pter
2127 1820 2294 1874 occidi
2317 1820 2494 1889 jussos
2517 1822 2871 1877 lsraelitarum
2900 1826 3143 1892 infantes,
3170 1824 3448 1899 Egyptio-

1880 1923 1998 1961 rmn
2026 1910 2401 1979 primogenitos
2429 1928 2593 1979 mors,
2618 1924 2673 1968 et
2693 1916 2834 1983 ipsos
2854 1916 3131 1987 AEgyptios
3148 1920 3445 1975 submersio

1880 2000 2155 2054 sustulerit
2179 2018 2192 2054 :
2220 2012 2276 2055 ut
2299 2017 2393 2071 pro
2419 2013 2588 2058 morte
2608 2006 3073 2075 primogenitorum
3101 2010 3244 2065 salus
3263 2012 3446 2067 lsraeli

1882 2102 1975 2154 per
2003 2091 2312 2159 sanguinem
2342 2092 2461 2161 agni
2490 2108 2743 2148 concessa
2776 2098 2864 2150 sit.
2915 2098 2982 2151 Et
3010 2114 3106 2167 pro
3148 2109 3320 2156 morte
3354 2102 3444 2171 ju-

1879 2188 2082 2231 storum
2127 2180 2178 2232 in
2216 2180 2535 2247 solitudine,
2584 2184 2757 2238 Aaron
2789 2185 3068 2240 Dominum
3110 2188 3352 2255 precibus
3389 2199 3447 2244 et

1878 2267 2096 2321 incenso
2146 2268 2405 2336 placarit:
2440 2286 2536 2339 pro
2582 2283 2752 2327 morte
2805 2289 2931 2326 vero
2975 2275 3341 2346 Egyptiorum
3389 2280 3443 2332 in

1877 2357 2012 2411 mari
2039 2357 2255 2425 Rubro,
2285 2360 2442 2414 fuerit
2472 2362 2544 2415 ira
2582 2363 2671 2416 Dei
2716 2363 2914 2432 absque
2960 2367 3322 2421 misericordia
3342 2408 3358 2434 ,
3388 2379 3444 2423 et

1876 2448 1976 2500 iter
2020 2449 2198 2517 populi
2244 2449 2495 2504 insolens.
2545 2452 2695 2515 Quod
2739 2464 2955 2521 propter
3000 2455 3441 2511 inhumanitatent

1875 2551 1998 2605 erga
2044 2537 2273 2593 advenas
2300 2542 2437 2593 mala
2468 2542 2565 2594 ista
2594 2543 2732 2609 passi
2763 2544 2870 2596 sint
2889 2543 3151 2614 Egyptii,
3184 2549 3440 2615 quemad-

1877 2625 2091 2679 modum
2117 2637 2171 2680 et
2204 2624 2510 2682 Sodomita.
2543 2629 2692 2697 Quod
2735 2632 2995 2686 elementa
3024 2634 3204 2687 divino
3240 2634 3440 2691 Christi

1869 2716 2069 2784 judicio
2126 2719 2373 2785 subsint,
2417 2719 2482 2772 ad
2540 2721 2679 2774 illius
2740 2723 3021 2791 imperimn
3064 2727 3439 2793 parata,sicut

1873 2805 2086 2861 chorda:
2129 2808 2346 2862 cithara:
2387 2810 2641 2864 citharam
2689 2813 2935 2880 pulsanti.
2982 2813 3036 2867 In
3080 2814 3164 2869 his
3193 2830 3437 2886 compre-

1874 2896 2121 2952 henditur
2146 2900 2227 2954 vis
2267 2901 2441 2955 omnis
2469 2900 2752 2971 Sapientiae
2780 2903 3077 2959 Salomonis
3114 2921 3233 2976 qua:
3269 2907 3441 2962 Pana-

1872 2996 2014 3041 I'OIOS
2042 2997 2279 3043 vocatur.

2419 3136 2514 3177 SBU

2248 3273 2341 3311 seu
2370 3258 2650 3312 Proverbia
2689 3260 2989 3315 Salomonis
3016 3272 3232 3317 vocatur
3262 3262 3346 3319 hic
3374 3264 3437 3317 l5-

1871 3345 1964 3399 ber
1986 3386 2003 3410 ,
2028 3345 2149 3414 quia
2179 3346 2268 3399 illa
2292 3346 2542 3401 Salomon
2569 3357 2624 3401 et
2653 3347 2813 3413 dixit,
2845 3358 2899 3403 et
2928 3351 3161 3419 scripsit.
3191 3351 3287 3405 llic
3311 3368 3431 3406 vero

1868 3452 1988 3490 cum
2034 3452 2253 3505 regnum
2282 3438 2445 3491 David
2484 3439 2644 3506 patris
2686 3442 3042 3509 suscepisset,
3070 3452 3314 3511 precatus
3354 3453 3436 3497 cst

1870 3526 2034 3580 Deum
2066 3536 2121 3578 ut
2150 3526 2459 3594 sapientiam
2503 3527 2766 3596 acciperet
2792 3529 2963 3597 patius
2985 3570 2999 3594 ,
3031 3545 3187 3599 quam
3227 3530 3436 3584 divitias

1867 3625 1921 3669 et
1950 3616 2179 3669 hostium
2220 3616 2493 3669 ultionem.
2526 3616 2670 3671 Hanc
2715 3632 2833 3671 cum
2877 3619 3206 3687 accepisset,
3232 3629 3287 3674 et
3326 3634 3435 3689 pne

1868 3706 2113 3758 omnibus
2136 3705 2451 3759 mortalibus
2478 3706 2565 3775 qui
2594 3716 2716 3759 ante
2740 3717 2794 3761 et
2834 3717 2952 3775 post
2990 3709 3157 3775 ipsum
3186 3707 3394 3764 fuerunt
3416 3749 3432 3770 ,

1868 3794 2077 3862 sapiens
2128 3802 2312 3848 esset:
2344 3809 2406 3849 ac
2436 3809 2552 3848 cum
2598 3795 2650 3848 in
2704 3796 2951 3851 omnibus
2993 3796 3147 3851 dictis
3176 3797 3434 3868 factisque

1867 3885 1976 3939 suis
2004 3884 2337 3939 admirationi
2381 3895 2553 3951 esset,
2596 3887 2692 3939 tria
2741 3887 2901 3940 millia
2948 3888 3311 3956 parabolarum
3336 3929 3350 3953 ,
3380 3898 3435 3943 et

1866 3974 2095 4042 quinque
2138 3975 2301 4027 millia
2344 3975 2548 4029 cantica
2599 3975 2939 4044 proloquutus
2967 3986 3048 4030 cst
3079 3992 3091 4029 :
3127 3976 3432 4046 disputavit-

1865 4079 1968 4132 que
1986 4064 2053 4118 de
2076 4066 2340 4127 omnibus,
2372 4074 2479 4117 tam
2510 4064 2575 4118 de
2605 4064 2668 4119 iis
2694 4080 2811 4134 qua:
2839 4080 2905 4119 ex
2931 4074 3067 4119 terra
3094 4069 3405 4135 proveniunt

1865 4170 2023 4223 quam
2060 4156 2127 4210 de
2163 4156 2331 4209 onmis
2356 4157 2565 4225 generis
2590 4156 2960 4210 animantibus.
2992 4156 3210 4225 Scripsit
3233 4166 3427 4223 autem,

1867 4253 1922 4297 ut
1949 4245 2157 4313 quidam
2186 4247 2371 4308 aiunt,
2401 4254 2509 4300 tres
2535 4254 2735 4299 tantum
2779 4248 2941 4301 libros
2960 4288 2976 4310 ,
3006 4246 3143 4301 hunc
3168 4248 3429 4309 videlicet,

1866 4336 2239 4401 Ecclesiasten,
2265 4345 2319 4389 ct
2341 4336 2616 4391 Canticum
2643 4337 2975 4391 Canticorum
3000 4355 3016 4402 ;
3045 4349 3102 4391 ut
3127 4348 3299 4392 autem
3318 4341 3433 4408 qui-

1866 4425 1984 4479 dam
2011 4426 2189 4479 dicunt
2220 4428 2376 4478 etiam
2405 4427 2746 4493 Sapientiam,
2778 4442 2895 4495 qua:
2921 4428 2998 4482 sic
3027 4428 3346 4493 inscribitur,
3380 4437 3437 4481 et

1866 4516 2154 4570 Panaretos
2200 4516 2389 4568 dicitur
2414 4532 2426 4567 :
2455 4532 2574 4568 nam
2626 4516 2727 4570 hoc
2767 4517 2925 4569 etiam
2964 4532 3272 4585 germanum
3317 4519 3436 4586 ejus

1867 4625 1984 4663 esse
2012 4624 2143 4677 Opus
2188 4607 2445 4660 dictitant.
2480 4606 2627 4660 llunc
2672 4623 2830 4677 porro
2869 4608 3142 4662 Partemia:
3184 4620 3277 4663 seu
3303 4609 3436 4663 Pro-

1866 4700 2041 4753 verhia
2075 4697 2359 4764 inscripsit.
2389 4695 2520 4749 Sunt
2549 4708 2722 4749 autem
2751 4698 3021 4766 parcentia:
3043 4699 3197 4752 verba
3226 4700 3434 4767 sapicn-

1869 4794 1953 4846 tia:
1974 4833 1987 4849 .
2016 4794 2157 4844 velut
2182 4790 2479 4856 tentigmata,
2511 4805 2627 4858 qua:
2656 4806 2721 4843 ex
2748 4807 2805 4843 se
2844 4791 3055 4859 quidem
3106 4792 3245 4844 aliud
3280 4792 3433 4845 exhi-

1864 4884 2022 4945 bent,
2054 4880 2192 4933 aliud
2238 4896 2361 4932 vero
2407 4896 2502 4948 per
2549 4881 2900 4947 suspicionem
2952 4881 3201 4933 indicant.
3230 4880 3428 4933 orum

1866 4979 2040 5022 autem
2072 4968 2273 5035 species
2301 4979 2423 5021 sunt
2448 4970 2745 5037 proverbia.
2774 4969 2859 5021 Sic
2888 4970 3026 5021 enim
3054 4969 3295 5036 discipuli
3322 4970 3431 5022 Do-

1868 5062 1995 5115 mini
2026 5062 2309 5129 loquuutur
2330 5062 2379 5113 in
2407 5060 2696 5127 Evangelio
2721 5059 2959 5124 Joannis,
2990 5059 3219 5127 quando,
3251 5060 3430 5113 Domi-

1868 5164 1936 5203 no
1974 5150 2133 5203 multa
2169 5150 2391 5203 obscure
2434 5150 2674 5212 dicente,
2704 5148 2914 5201 tandem
2959 5150 3140 5203 dicunt
3176 5150 3224 5203 ei
3257 5168 3270 5203 :
3300 5150 3430 5203 Ecce

1868 5255 1999 5292 nunc
2025 5240 2193 5307 palam
2219 5242 2451 5307 loqueris,
2473 5248 2518 5290 et
2540 5238 2849 5306 proverbium
2880 5239 3073 5290 nullum
3101 5241 3224 5291 dicis
3248 5240 3426 5307 (Jonn.

1869 5330 1954 5382 i6.
1978 5329 2090 5398 29),
2124 5338 2178 5381 ut
2206 5328 2463 5394 intelligas
2494 5328 2767 5395 proverbia
2790 5369 2801 5387 ,
2836 5343 2940 5380 non
2966 5337 3149 5397 aperto
3173 5370 3186 5392 ,
3214 5328 3306 5382 sed
3334 5330 3430 5382 ob-

1867 5432 2023 5471 scuro
2067 5432 2228 5472 sensu
2278 5416 2402 5470 dici.
2440 5416 2695 5481 Quoniam
2747 5417 2903 5484 igitur
2943 5417 3074 5469 tales
3122 5417 3430 5486 plerumque

1867 5522 1987 5564 sunt
2016 5513 2066 5564 in
2097 5512 2195 5569 hoc
2222 5511 2355 5564 libro
2381 5511 2684 5573 sententiae,
2712 5509 2830 5562 ideo
2856 5508 3128 5562 Parcemiae
3157 5523 3250 5561 seu
3295 5510 3429 5562 Pro-

1867 5604 2045 5657 verbia
2093 5601 2373 5670 inscriptus
2401 5600 2485 5654 hic
2520 5599 2654 5653 liber
2681 5608 2780 5653 est.
2820 5598 2914 5652 Est
2936 5610 3109 5653 autem
3143 5599 3262 5653 inde
3290 5599 3428 5654 dicta

1869 5696 2163 5766 parcentia,
2191 5693 2330 5763 quod
2378 5708 2471 5763 per
2522 5692 2631 5746 vias
2680 5690 2809 5746 tales
2851 5690 3125 5745 sententia:
3171 5692 3428 5747 conscribi

3006 5783 3082 5840 23
