3996 6422
522 378 628 435 371

520 483 688 537 solitae
714 490 915 547 essent,
949 483 1013 536 ad
1043 482 1432 538 correctionem
1476 490 1530 535 et
1556 482 1851 536 doctrinam
1877 493 2085 544 eorum,

520 573 606 641 qui
659 571 758 625 iter
809 571 1166 625 instituerent.
1195 571 1295 624 Per
1322 571 1432 624 vias
1479 579 1654 625 autem
1700 569 2083 631 scribebantur,

517 661 638 732 quia
666 678 770 716 non
795 676 980 717 omnes
1009 662 1240 716 veritatis
1267 676 1540 716 sermones
1564 661 1843 729 capiebant
1876 677 1887 711 :
1923 668 1978 711 ut
2003 659 2084 711 vel

515 752 566 803 in
599 751 917 806 transeundo
938 760 989 805 et
1009 752 1125 804 talia
1149 750 1540 819 conspicieudo,
1566 766 1682 818 qum
1699 750 1893 818 scripta
1912 754 2090 802 essent

510 843 892 911 exquirerent,
921 853 1077 910 atque
1109 843 1176 894 ita
1205 841 1537 896 erudirentur
1581 840 1838 893 homines.
1865 838 2087 904 Quidam

511 942 690 986 autem
721 933 1000 1001 parcemias
1031 932 1094 984 ad
1130 931 1270 984 hunc
1301 931 1512 984 modum
1555 929 1847 982 deliniunt:
1878 928 2084 980 Dictum

513 1023 816 1093 parodium,
857 1038 950 1077 seu
980 1023 1033 1076 in
1084 1022 1164 1075 via
1192 1022 1450 1091 positum,
1479 1021 1544 1075 ab
1593 1036 1697 1074 uno
1747 1020 1972 1089 quodam
2019 1019 2086 1072 ad

517 1117 678 1170 multa
709 1114 1038 1168 translatum.
1066 1114 1161 1167 Est
1190 1115 1345 1184 igitur
1387 1113 1437 1166 in
1477 1113 1577 1168 hoc
1617 1113 1750 1167 libro
1775 1114 1958 1166 notitia
1996 1127 2084 1165 sa-

514 1207 725 1274 pientia:
754 1215 806 1259 et
835 1204 1143 1272 disciplima,
1176 1204 1474 1258 intellectus
1510 1218 1812 1258 sermonum
1850 1203 2083 1272 pruden-

513 1295 618 1360 tiae,
649 1293 880 1363 stropha:
921 1293 1224 1360 verborum,
1263 1293 1479 1361 justitia)
1508 1307 1648 1347 verae
1674 1293 1991 1358 intellectus,
2019 1293 2084 1345 ad

513 1387 852 1457 dirigendum
864 1386 1079 1457 judicia,
1106 1393 1160 1439 et
1183 1385 1486 1455 pollicitatio
1511 1385 1993 1453 cognoscendarum
2017 1399 2082 1438 ex

515 1479 627 1532 istis
659 1477 1044 1546 parabolarum,
1075 1476 1334 1530 dictorum
1361 1475 1696 1544 sapientium,
1726 1477 2078 1544 aenigmatum,

514 1578 568 1623 et
587 1569 926 1623 obscurorum
968 1583 1294 1623 sermonum.
1329 1569 1394 1621 Et.
1428 1577 1551 1621 sunt
1588 1569 1788 1622 notitia:
1813 1569 2084 1637 sapientiae

514 1667 568 1714 et
595 1658 902 1727 disciplinae.
935 1657 1063 1712 Cum
1092 1658 1231 1711 enim
1258 1665 1311 1711 et
1335 1656 1503 1712 Graeci
1545 1658 1855 1725 sapientiam
1887 1657 2082 1712 habere

514 1751 883 1820 polliceantur,
925 1758 976 1804 et
1011 1749 1242 1803 haeretici
1271 1749 1464 1802 habere
1494 1764 1552 1803 se
1582 1749 1915 1818 disciplinam
1944 1750 2083 1802 arbi-

510 1849 753 1905 trentur;
787 1839 906 1894 ideo
949 1839 1034 1894 hic
1065 1854 1239 1895 veram
1290 1840 1600 1908 sapientiam
1647 1854 1706 1894 ac
1750 1840 2078 1908 disciplinam

513 1934 665 1988 docet
689 1950 703 1998 ;
728 1949 794 1989 ne
817 1949 881 1988 ex
902 1932 1243 1988 simllitudine
1273 1932 1502 1986 nominis
1524 1931 1814 2000 sapientiae,
1832 1933 1880 1985 in
1901 1931 2081 1999 SOphi-

511 2031 680 2079 smata
705 2023 1008 2079 Graecorum
1041 2034 1093 2077 et
1122 2023 1489 2078 luercticorum
1519 2022 1638 2091 quis
1663 2022 1875 2076 incidat.
1907 2021 2079 2076 Graeci

511 2114 650 2169 enim
682 2123 864 2182 putant
893 2128 949 2168 se
978 2113 1073 2167 hac
1100 2113 1151 2167 in
1185 2128 1241 2167 re
1267 2123 1539 2183 prmstare,
1569 2127 1630 2166 ac
1659 2113 1889 2166 Dicentes
1914 2128 1965 2165 se
1994 2129 2079 2165 sa-

510 2205 696 2274 pientes
725 2221 828 2258 esse
853 2246 866 2271 ,
893 2205 1039 2258 stulti
1072 2204 1190 2274 facti
1218 2213 1333 2257 sunt
1360 2204 1378 2274 (
1408 2204 1557 2257 Rom.
1593 2205 1641 2257 1.
1671 2203 1803 2273 22).
1837 2203 2078 2256 [heretici

510 2309 638 2349 vero
665 2294 896 2348 eruditos
927 2309 1045 2347 esse
1086 2309 1144 2348 se
1192 2294 1330 2357 rati,
1359 2293 1530 2348 aversi
1563 2302 1685 2348 sunt
1726 2303 1778 2347 et
1823 2302 2039 2361 peccant
2061 2334 2075 2358 ,

511 2384 725 2452 proprio
766 2382 964 2452 judicio
1005 2382 1359 2438 condemnati.
1388 2383 1609 2453 Sapiens
1658 2398 1786 2436 vero
1824 2384 1867 2435 si
1905 2383 2078 2435 divina

511 2473 716 2540 eloquia
759 2471 1019 2536 audierit,
1050 2472 1336 2539 sapientior
1378 2473 1497 2525 erit.
1529 2473 1734 2525 Etenim
1767 2472 1809 2524 si
1852 2473 2078 2540 legitima

512 2563 604 2617 Dei
631 2562 850 2616 audierit
878 2571 928 2617 et
950 2562 1277 2625 custodierit,
1306 2572 1357 2616 et
1384 2564 1433 2615 in
1457 2563 1729 2632 disciplina
1756 2565 1958 2616 Domini
1988 2579 2080 2616 ne-

510 2653 711 2722 gligens
739 2667 839 2706 non
863 2651 1039 2717 fuerit,
1061 2667 1156 2706 nec
1178 2651 1378 2706 fallacia
1404 2653 1626 2720 quadam
1658 2653 1875 2707 allectus
1902 2653 2075 2718 fuerit,

510 2744 649 2797 filius
675 2744 882 2812 sapiens
907 2744 1111 2807 evadet,
1154 2752 1204 2798 ct
1235 2744 1469 2799 eruditus
1502 2745 1687 2808 laetus,
1717 2745 1890 2797 statim
1920 2746 2079 2797 etiam

509 2833 865 2903 cegnitinnem
907 2834 1001 2887 Dei
1031 2835 1266 2902 accipiet.
1303 2834 1411 2887 Hac
1456 2836 1593 2887 enim
1630 2835 1892 2903 sapientes
1932 2835 2080 2887 insti-

511 2933 747 2978 tuuntur.
779 2924 1091 2979 Sermonum
1122 2939 1246 2976 vero
1281 2924 1594 2993 prudentum
1627 2925 1923 2978 intellectus
1946 2966 1958 2987 ,
1986 2925 2080 2978 do-

511 3014 677 3066 ctrina
704 3023 784 3067 est
812 3013 877 3067 de
910 3014 1022 3067 solo
1053 3029 1178 3068 vero
1225 3014 1354 3067 Deo.
1387 3014 1690 3068 Grmeorum
1735 3030 1961 3084 namque
1988 3014 2076 3068 alii

512 3118 704 3171 corpus
749 3117 867 3157 esse
911 3103 1156 3158 dixerunt
1215 3105 1410 3168 Deum,
1443 3105 1529 3157 alii
1576 3105 1869 3158 simulacris
1921 3106 2078 3159 etiam

512 3193 684 3260 ipsum
708 3193 1085 3247 assimilarunt.
1116 3194 1358 3248 [heretici
1391 3210 1514 3248 vero
1544 3205 1596 3248 ct
1627 3197 1721 3262 ipsi
1755 3196 1804 3248 in
1852 3197 1958 3250 veri
1989 3210 2079 3250 co-

510 3285 743 3352 gnitione
791 3284 1148 3354 desipuerunt.
1178 3285 1460 3354 Propterea
1507 3287 1589 3339 hic
1616 3287 1682 3340 dc
1734 3302 1856 3341 vera
1901 3288 2079 3356 cogni-

510 3378 654 3431 tione
682 3376 776 3431 Dei
822 3377 934 3431 htec
963 3388 1175 3432 enarrat
1205 3394 1216 3429 :
1251 3377 1388 3446 quod
1421 3378 1629 3444 quidem
1662 3377 1938 3430 inclfabilis
1969 3379 2075 3430 sit:

516 3485 535 3518 ι
565 3466 745 3522 Gloria
770 3466 860 3521 Dei
881 3467 1156 3522 abscondit
1177 3468 1392 3520 verbum
1417 3482 1432 3533 ;
1473 3486 1489 3518 ι
1520 3468 1585 3520 de
1608 3467 1933 3536 providentia
1954 3481 2080 3520 vero

508 3560 624 3628 ejus
675 3561 752 3614 sic
815 3559 1094 3628 loquitur:
1133 3579 1150 3610 ε
1204 3557 1258 3612 In
1313 3559 1457 3613 omni
1513 3559 1628 3613 loco
1681 3559 1819 3612 oculi
1872 3558 2077 3612 Domini

507 3649 935 3717 contemplantur
975 3649 1141 3703 bonos
1182 3659 1233 3701 et
1269 3649 1434 3701 malos
1461 3667 1476 3698 ι
1518 3648 1697 3716 (Prov.
1720 3650 1807 3703 25.
1832 3650 1886 3702 2.
1913 3661 1958 3702 et
1990 3650 2076 3703 15.

508 3739 588 3810 5).
622 3741 688 3793 Ει
734 3741 959 3794 iterum:
998 3756 1016 3790 ε
1051 3740 1207 3794 Dives
1249 3749 1302 3794 et
1331 3755 1527 3808 pauper
1548 3741 1682 3794 alter
1712 3741 1860 3794 alteri
1888 3755 2076 3793 occur-

509 3839 735 3886 rerunt:
771 3841 1018 3899 utrosque
1057 3847 1182 3885 vero
1232 3831 1351 3885 fecit
1393 3832 1679 3886 Dominus»
1702 3830 1851 3900 (Cap.
1877 3831 1969 3884 22.
1995 3830 2074 3898 2).

512 3922 599 3986 Et,
629 3939 647 3972 ‹
683 3921 810 3976 Dum
831 3922 1152 3976 conveniunt
1182 3921 1465 3976 fmtlerator
1494 3936 1556 3975 ac
1577 3921 1801 3986 debitor,
1828 3931 2077 3990 utrosque

509 4010 812 4080 speculatur
842 4011 1093 4065 Dominus
1124 4030 1141 4062 ι
1179 4011 1328 4080 (Cap.
1358 4011 1446 4064 29.
1473 4011 1578 4078 15).
1611 4009 1696 4074 Et,
1726 4028 1742 4059 ι
1775 4009 1905 4064 Sunt
1935 4011 2076 4064 enim

509 4104 561 4155 in
591 4109 876 4169 conspectu
902 4084 1178 4155 ocuiorum
1206 4102 1295 4155 Dei
1323 4102 1418 4154 via:
1443 4100 1560 4165 viri,
1594 4110 1647 4153 et
1672 4116 1854 4154 omnes
1880 4099 2076 4154 orbitas

507 4192 624 4259 ejus
638 4191 936 4260 speculatur
963 4189 1073 4258 )(C.
1099 4190 1275 4258 5.21).
1311 4191 1572 4244 Judicium
1591 4206 1798 4260 quoque
1811 4192 1924 4259 ejus
1940 4205 2077 4244 com-

509 4291 788 4347 memorat,
821 4283 1039 4337 dicens:
1076 4300 1093 4332 ‹
1125 4281 1387 4337 Sacrificia
1417 4283 1695 4351 impiorum
1725 4282 2074 4335 abominatio-

506 4389 602 4430 nes
651 4384 771 4429 sunt
810 4375 1055 4430 Domini:
1105 4383 1224 4428 vota
1271 4384 1446 4428 autem
1500 4384 1642 4428 recte
1695 4374 2073 4428 ambulantium

507 4474 719 4535 accepta
764 4473 886 4519 sunt
914 4465 1048 4535 apud
1077 4481 1196 4520 eum
1229 4485 1247 4518 ι
1285 4465 1450 4536 (Cap.
1488 4465 1573 4520 15.
1605 4467 1697 4534 8).
1733 4466 1800 4518 Et
1840 4466 2025 4518 iterum
2058 4480 2070 4515 :

513 4577 532 4607 ‹
567 4557 760 4610 Domos
788 4556 1204 4611 conviciatorum
1237 4556 1456 4625 dissipat
1482 4556 1754 4620 Dominus,
1782 4556 1952 4608 firmat
1983 4569 2075 4607 au-

506 4657 613 4701 tem
644 4647 918 4700 terminum
948 4647 1115 4700 vidua:
1144 4666 1161 4697 ι
1197 4646 1344 4715 (Cap.
1381 4647 1464 4701 l5.
1492 4645 1605 4714 25).
1639 4645 1916 4714 Opilicium
1949 4658 2074 4698 vero

509 4737 650 4793 illius
693 4753 797 4790 non
839 4737 1179 4805 simpliciter,
1214 4736 1304 4791 sed
1349 4751 1412 4789 co
1455 4735 1594 4804 quod
1625 4751 1719 4803 per
1743 4735 1972 4789 Verbum
2013 4749 2074 4788 ac

505 4829 815 4899 sapientiam
858 4844 1006 4881 suam
1039 4837 1224 4882 cuncta
1263 4827 1450 4891 faciat;
1483 4829 1569 4897 qui
1610 4829 1914 4895 petissimus
1964 4826 2072 4881 veri

506 4921 599 4975 Dei
638 4919 914 4973 character
941 4927 1020 4973 est
1045 4960 1058 4983 ,
1088 4918 1226 4987 quod
1270 4920 1335 4970 sit
1377 4918 1494 4970 Filii
1540 4919 1716 4971 Pater.
1749 4918 1838 4970 Ait
1875 4917 2069 4986 igitur:

513 5031 532 5062 ι
560 5011 829 5078 Sapientia
858 5011 994 5063 Deus
1017 5009 1254 5065 fundavit
1278 5018 1472 5063 terram
1507 5027 1523 5058 ι
1561 5008 1729 5078 (Cap.
1753 5009 1805 5062 3.
1841 5007 1971 5076 19).
2007 5007 2074 5061 Ει

503 5103 695 5154 iterum
733 5115 744 5150 :
781 5117 798 5149 α
835 5099 971 5152 Deus
1001 5100 1122 5154 fecit
1165 5101 1406 5168 regiones
1447 5109 1500 5153 ct
1541 5100 1745 5154 deserta
1778 5109 1829 5152 et
1857 5100 2073 5153 summi-

505 5203 639 5245 tates
687 5189 946 5244 habitatas
989 5191 1143 5258 ejus,
1192 5207 1309 5259 qurc
1354 5192 1450 5245 sub
1514 5192 1642 5244 c:c‘lo
1695 5201 1793 5245 est.
1851 5190 2071 5256 Quando

504 5283 833 5350 praeparabat
873 5280 1080 5344 caelum,
1105 5279 1314 5333 aderam
1365 5282 1481 5349 ipsi,
1506 5292 1558 5335 et
1607 5283 1883 5350 separabat
1923 5282 2069 5334 thro-

503 5386 628 5424 num
683 5385 835 5424 suum
881 5386 1035 5439 supra
1083 5380 1288 5435 ventos,
1332 5371 1539 5435 quando
1588 5371 1785 5424 validas
1848 5371 2071 5425 faciebat

503 5462 731 5531 desuper
760 5462 943 5526 nubes,
973 5477 1089 5515 cum
1113 5477 1176 5516 eo
1203 5477 1346 5515 eram
1373 5471 1559 5514 cuncta
1585 5477 1927 5530 componens.
1961 5463 2069 5530 Ego

503 5565 646 5605 eram
672 5550 723 5603 in
747 5566 843 5617 qua
870 5551 1156 5614 leuabatur,
1186 5551 1404 5620 singulis
1426 5551 1610 5604 diebus
1631 5551 1844 5605 laetabar
1867 5553 1914 5604 in
1943 5567 2069 5606 con-

502 5653 683 5708 spectu
714 5640 850 5694 illius
881 5660 898 5691 ›
935 5640 1095 5708 (Cap.
1128 5641 1180 5694 8.
1214 5641 1283 5694 26
1305 5641 1410 5695 -50
1435 5640 1475 5710 ).
1506 5639 1747 5708 Strophm
1788 5643 2066 5696 verborum

500 5742 624 5787 Sunt
653 5732 703 5786 in
737 5732 836 5787 isto
865 5732 996 5787 libro
1029 5749 1039 5785 :
1071 5748 1193 5786 nam
1221 5733 1261 5784 si
1294 5732 1409 5800 quis
1439 5747 1500 5788 ea
1531 5741 1709 5787 mente
1739 5741 1944 5799 verset,
1979 5748 2064 5786 re-

1225 368 1279 425 S.
1319 367 1593 425 JOANNIS
1621 361 2091 425 CHRYSOSTOMI
2131 360 2439 419 ARCHIEP.
2481 363 3007 424 CONSTANTINOP.

3664 381 3778 435 372

2199 475 2394 530 serabit
2421 487 2474 532 et
2505 478 2737 533 inveniet
2766 481 3082 534 sententiam
3113 480 3164 534 in
3195 480 3322 549 ipsis
3363 481 3540 536 sitam.
3575 480 3768 548 Qualia

2190 575 2314 618 sunt
2339 566 2490 623 haec:
2524 569 2851 624 «Incolumis
2893 572 3058 624 evasit
3099 572 3163 625 ab
3207 579 3337 625 :estu
3385 572 3525 625 filius
3566 573 3768 626 intelli-

2189 670 2317 724 gens
2341 673 2355 721 ;
2387 659 2742 727 corrumpitur
2765 668 2942 714 autem
2971 676 3001 714 a
3029 669 3184 714 vento
3211 663 3263 714 in
3295 677 3469 716 messe
3493 663 3631 717 {ilius
3662 662 3738 717 ini
3761 693 3775 702 -

2188 761 2321 814 quus
2359 766 2377 798 ι
2413 747 2575 818 (Cap.
2609 749 2694 802 10.
2731 749 2763 803 6
2791 750 2827 819 ).
2880 750 2946 802 Ει
2992 751 3179 804 iterum
3215 767 3227 801 :
3280 769 3298 800 ‹
3350 750 3586 805 Sollicito
3631 766 3763 806 cura

2188 852 2305 904 quae
2336 837 2385 889 in
2417 851 2544 905 agro
2571 847 2692 891 sunt
2724 839 2930 903 viridia,
2962 848 3014 893 et
3043 840 3258 893 herbam
3291 840 3548 905 demetas,
3574 851 3630 894 et
3657 841 3761 894 fce-

2187 941 2310 978 nttm
2337 938 2643 980 montanum
2673 929 2878 995 collige,
2906 938 2962 981 ut
2987 943 3111 982 oves
3137 929 3329 983 habeas
3357 930 3421 982 ad
3460 930 3707 984 vestitum
3738 949 3758 982 ι

2189 1015 2346 1084 (Cap.
2389 1017 2476 1070 27.
2510 1018 2597 1072 25.
2638 1019 2706 1074 26
2730 1020 2766 1086 ).
2799 1020 2867 1073 Et
2896 1037 3080 1075 rursus
3112 1039 3124 1073 :
3165 1040 3182 1072 ‹
3219 1021 3272 1076 Si
3303 1024 3519 1076 conviva
3556 1023 3766 1076 sederis

2185 1106 2250 1159 ad
2277 1123 2479 1161 ctenam
2503 1109 2552 1161 in
2581 1125 2761 1164 mensa
2792 1119 3112 1179 magnatum,
3145 1121 3321 1166 mente
3350 1112 3612 1181 intelligas
3639 1128 3763 1182 qua:

2185 1208 2521 1266 apponuntur
2550 1201 2638 1254 tibi
2679 1220 2698 1252 ι
2743 1201 2908 1270 (Cap.
2940 1202 3028 1256 2S.
3059 1203 3082 1255 1
3115 1203 3132 1270 )
3161 1220 3171 1253 :
3197 1212 3250 1256 et
3292 1203 3394 1256 alia
3436 1205 3759 1258 consimilia.

2187 1289 2338 1343 Vera:
2372 1290 2589 1358 justitiae
2629 1291 2801 1345 dictus
2827 1301 2908 1346 est
2944 1293 3239 1347 intellectus
3274 1312 3286 1347 :
3319 1295 3566 1362 quoniam
3605 1294 3763 1349 diﬂ'e-

2185 1391 2363 1434 renter
2409 1381 2619 1449 quidam
2657 1383 2873 1450 justitiae
2920 1384 3233 1438 vocabulum
3281 1385 3586 1453 accipiunt;
3635 1386 3760 1439 aliis

2185 1471 2480 1526 dicentibus
2499 1474 2754 1541 justitiam
2783 1489 2901 1529 esse
2921 1516 2934 1541 ,
2969 1485 3025 1529 ut
3052 1477 3234 1530 reddat
3260 1477 3376 1545 quis
3406 1477 3544 1546 quod
3570 1485 3757 1530 custo-

2183 1561 2432 1616 diendum
2460 1564 2663 1630 accepit
2688 1581 2700 1615 :
2734 1564 2851 1617 aliis
2877 1579 3004 1618 vero
3027 1607 3041 1627 ,
3073 1567 3116 1619 si
3155 1565 3352 1619 malum
3382 1566 3632 1620 reddatur
3659 1583 3759 1636 pro

2184 1652 2323 1703 malo
2344 1693 2356 1714 ,
2388 1661 2441 1704 et
2478 1652 2670 1704 bonum
2703 1667 2800 1719 pro
2831 1653 2985 1708 bono.
3023 1654 3329 1722 llujusmodi
3357 1666 3536 1710 autem
3565 1655 3759 1711 delini-

2183 1742 2353 1796 tiones
2380 1753 2640 1796 accurata:
2671 1757 2776 1797 non
2808 1753 2949 1796 sunt.
2980 1744 3056 1797 Ne
3081 1744 3279 1799 dixeris
3303 1747 3475 1810 enim,
3509 1747 3624 1812 Quo
3665 1747 3757 1801 ille

2181 1847 2303 1901 erga
2336 1848 2420 1885 me
2446 1848 2569 1887 usus
2598 1841 2679 1887 est
2715 1833 2874 1886 modo
2895 1875 2909 1900 ,
2943 1833 3126 1888 eodem
3156 1844 3274 1887 utar
3297 1851 3395 1904 ego
3419 1877 3434 1901 ,
3471 1851 3657 1904 pcenas
3686 1837 3758 1891 de

2182 1922 2273 1974 illo
2313 1936 2517 1976 sumam
2557 1936 2654 1990 pro
2690 1923 2879 1991 injuria
2919 1937 3020 1992 qua
3051 1938 3133 1976 me
3166 1922 3359 1977 aﬂecit.
3393 1924 3759 1990 Quamobrem

2182 2012 2302 2075 hic,
2334 2027 2450 2081 qua:
2476 2027 2597 2066 vera
2643 2013 2712 2065 sit
2751 2012 2950 2080 justitia
2978 2053 2990 2076 ,
3022 2013 3178 2066 docet
3205 2030 3217 2064 :
3247 2028 3360 2067 eam
3391 2014 3637 2067 videlicet
3656 2028 3757 2067 ve-

2180 2116 2292 2154 ram
2319 2116 2436 2155 esse
2459 2101 2718 2170 justitiam
2745 2142 2759 2166 ,
2791 2101 2834 2154 si
2863 2102 3145 2169 unicuique
3165 2102 3304 2170 quod
3335 2117 3486 2155 suum
3516 2111 3597 2156 est
3624 2103 3758 2156 red-

2180 2192 2350 2246 datur.
2385 2211 2403 2242 ‹
2433 2191 2752 2261 Cumprimis
2796 2192 3000 2246 honora
3041 2194 3320 2247 Dominum
3353 2195 3418 2247 de
3457 2195 3615 2262 justis
3652 2196 3757 2248 tuis

2181 2284 2466 2350 laboribus,
2489 2293 2541 2338 et
2562 2285 2819 2353 primitias
2836 2285 2908 2338 illi
2927 2285 2991 2338 da
3012 2285 3079 2340 de
3099 2287 3200 2340 tuis
3218 2286 3431 2354 justitia:
3453 2286 3708 2341 fructibus
3732 2307 3752 2339 ο

2181 2376 2345 2443 (Cap.
2389 2378 2442 2429 ὃ.
2473 2374 2568 2446 9).
2609 2376 2807 2431 Deinde
2845 2377 3044 2430 honora
3093 2393 3266 2446 regem
3297 2417 3312 2442 ,
3357 2386 3411 2431 et
3447 2379 3759 2447 parentibus

2181 2466 2413 2520 debitum
2443 2467 2635 2521 exhibe
2661 2468 2891 2521 officium
2915 2510 2927 2532 ,
2955 2470 3197 2524 omnibus
3226 2485 3351 2524 vero
3377 2470 3514 2539 quod
3542 2486 3757 2539 aequum

2180 2565 2278 2608 est.
2306 2556 2372 2608 Et
2393 2556 2477 2610 hic
2501 2558 2710 2625 quidem
2737 2574 2872 2612 unus
2898 2569 2980 2613 est
3007 2568 3178 2629 typus.
3209 2560 3356 2614 Alter
3380 2575 3526 2624 vero,
3554 2570 3610 2614 ut
3634 2562 3756 2614 ani-

2182 2659 2319 2697 mam
2365 2661 2513 2699 suam
2543 2648 2763 2716 quisque
2787 2648 3038 2716 justilicet
3062 2691 3076 2714 ,
3111 2651 3520 2719 aequabilitatem
3565 2659 3756 2705 custo-

2181 2735 2392 2801 diendo,
2422 2738 2490 2791 ita
2523 2747 2577 2792 ut
2603 2739 2652 2792 in
2685 2740 3148 2809 inaequabilitatem
3192 2757 3295 2796 non
3339 2743 3568 2797 declinet
3591 2782 3607 2807 ,
3657 2743 3755 2796 sed

2181 2828 2368 2881 rationi
2395 2830 2758 2898 obtemperet,
2794 2831 2875 2884 Ne
2903 2833 3037 2885 malo
3072 2834 3279 2886 consilio
3301 2874 3315 2898 ,
3345 2851 3443 2901 quo
3472 2836 3758 2903 juventutis

2181 2919 2408 2971 doctrina
2451 2921 2743 2988 repudiatur
2765 2959 2781 2984 ,
2828 2923 3042 2990 capiaris
3077 2923 3244 2991 (Cap.
3275 2923 3329 2975 2.
3360 2925 3443 2978 16.
3479 2924 3578 2993 17)
3613 2942 3625 2977 :
3659 2925 3757 2978 sed

2181 3023 2298 3062 cum
2325 3011 2547 3065 consilio
2568 3012 2742 3065 omnia
2771 3012 2949 3077 facias,
2977 3021 3030 3067 et
3050 3014 3394 3081 cogitationes
3422 3023 3524 3068 tua:
3549 3014 3655 3069 sint
3669 3015 3759 3083 ju-

2179 3100 2334 3166 dicia,
2362 3102 2429 3154 ita
2456 3112 2509 3156 ut
2537 3104 2767 3173 seipsum
2790 3103 3014 3173 quisque
3038 3105 3255 3174 judieet,
3282 3115 3334 3161 et
3363 3120 3520 3161 omne
3545 3106 3759 3162 deside-

2180 3191 2314 3244 rium
2342 3191 2563 3260 probum
2604 3193 2829 3247 habeat:
2867 3194 3026 3248 Omne
3053 3197 3246 3264 quippe
3273 3197 3530 3265 justorum
3559 3198 3760 3252 deside-

2179 3282 2308 3332 rium
2338 3282 2516 3334 bonum
2542 3292 2612 3336 est
2635 3281 2787 3354 (Cap.
2811 3285 2896 3337 H.
2916 3285 2986 3339 25
3007 3283 3056 3353 );
3086 3295 3157 3347 et,
3189 3284 3601 3353 Concupiscentia
3622 3288 3758 3356 justi

2183 3383 2384 3442 accepta
2416 3384 2488 3427 est
2530 3376 2691 3444 (Cap.
2729 3376 2812 3429 10.
2840 3376 2967 3444 24).
3017 3376 3168 3441 Quod
3206 3386 3380 3430 autem
3425 3377 3756 3431 iracundiam

2180 3474 2398 3532 spectat,
2426 3465 2509 3518 Ne
2536 3468 2604 3518 sis
2632 3469 2823 3520 amicus
2843 3509 2858 3532 ,
2901 3468 3102 3537 inquit,
3127 3469 3230 3520 viro
3267 3469 3487 3536 furioso,
3514 3478 3560 3521 et
3591 3470 3757 3522 antica

2180 3556 2421 3610 iracundo
2446 3573 2507 3611 ne
2531 3559 2779 3612 colzabites
2800 3558 2946 3628 (Cap.
2978 3558 3067 3612 22.
3096 3559 3207 3628 24).
3237 3559 3446 3613 Omnem
3470 3561 3600 3613 enim
3626 3562 3758 3613 iram

2179 3666 2323 3703 suam
2355 3650 2530 3702 emittit
2558 3651 2799 3719 insipiens
2833 3667 2850 3703 :
2881 3651 3080 3720 sapiens
3109 3667 3222 3704 vero
3249 3652 3387 3704 illam
3417 3667 3479 3703 ea:
3505 3661 3648 3720 parte
3675 3667 3759 3704 re-

2181 3744 2347 3796 condit
2375 3743 2393 3813 (
2413 3741 2539 3810 Cap.
2568 3742 2657 3797 29.
2689 3743 2747 3796 11
2775 3742 2812 3811 ).
2840 3742 2940 3810 Qui
2967 3744 3200 3812 scipsum
3224 3743 3288 3797 ad
3314 3742 3454 3797 hunc
3483 3744 3759 3811 componit

2179 3833 2394 3887 modum
2419 3873 2433 3898 ,
2463 3840 2520 3886 et
2556 3832 2789 3901 singulas
2819 3834 3074 3902 cujusque
3101 3833 3267 3901 partis
3295 3834 3487 3886 anima:
3515 3833 3757 3887 actiones

2180 3936 2335 3977 sanas
2354 3932 2408 3975 et
2427 3925 2678 3975 innocuas
2701 3921 2949 3985 custodit,
2979 3923 3022 3975 is
3043 3921 3254 3975 demum
3273 3935 3452 3975 veram
3477 3921 3758 3989 agniturus

2179 4024 2259 4068 est
2279 4013 2559 4080 justitiam.
2587 4013 2790 4067 Judicia
2817 4027 2943 4067 vero
2967 4013 3194 4082 dirigere
3223 4021 3306 4068 est
3332 4013 3590 4081 imprimis
3610 4013 3757 4079 juste

2178 4103 2465 4158 secundum
2489 4103 2659 4172 legem
2682 4103 2775 4157 Dei
2796 4102 3053 4172 judicare,
3081 4112 3136 4156 ut
3160 4105 3264 4155 ait:
3296 4120 3314 4151 ι
3338 4101 3497 4168 Aperi
3521 4113 3582 4154 os
3605 4110 3754 4167 tuum

2177 4194 2339 4250 verbo
2362 4193 2474 4260 Dei,
2492 4204 2543 4248 et
2571 4209 2696 4249 sane
2717 4194 2783 4249 de
2813 4193 3056 4248 omnibus
3074 4193 3270 4261 judica.
3301 4193 3595 4258 Pauperem
3623 4208 3756 4247 vero

2177 4296 2229 4341 et
2249 4286 2565 4340 imbecillem
2587 4285 2815 4355 dijudica
2844 4305 2861 4337 ›
2891 4286 3038 4353 (Cap.
3059 4286 3145 4339 51.
3175 4286 3226 4339 8.
3256 4284 3330 4353 9).
3356 4303 3373 4334 ‹
3399 4283 3495 4350 Qui
3524 4299 3756 4354 namque

2176 4376 2305 4430 dicit
2329 4375 2394 4429 de
2421 4375 2602 4444 impio,
2631 4375 2811 4429 Justus
2837 4383 2938 4438 est,
2969 4374 3306 4429 exsecrabilis
3331 4382 3412 4428 est
3440 4373 3670 4442 p0pulis,
3700 4385 3757 4429 et

2176 4465 2390 4519 odiosus
2415 4465 2552 4517 inter
2578 4473 2782 4533 gentes.
2811 4464 3097 4517 Personam
3127 4465 3264 4518 enim
3295 4463 3344 4515 in
3369 4462 3570 4531 judicio
3597 4478 3754 4518 reve-

2175 4555 2278 4608 reri
2306 4553 2498 4607 bonum
2531 4569 2635 4607 non
2663 4562 2744 4607 est
2772 4572 2790 4606 ι
2825 4552 2974 4622 (Cap.
3002 4554 3090 4607 2i.
3119 4553 3205 4607 24.
3236 4552 3364 4622 25).
3395 4552 3508 4606 Hoc
3532 4552 3750 4621 quidem

2175 4645 2348 4715 palam
2377 4655 2429 4700 et
2459 4654 2639 4714 aperte
2663 4645 2944 4700 dicendum
2972 4655 3052 4699 est
3078 4663 3089 4699 :
3117 4644 3327 4710 deinde,
3358 4653 3416 4697 ut
3440 4644 3580 4713 quod
3601 4644 3750 4713 judi-

2175 4741 2311 4791 cium
2344 4737 2394 4791 in
2426 4737 2559 4792 alios
2588 4738 2845 4806 quispiam
2879 4736 3099 4806 profert,
3128 4736 3356 4804 idipsum
3386 4736 3436 4788 in
3468 4749 3587 4790 sese
3613 4735 3759 4789 diri—

2175 4840 2294 4897 gat,
2327 4843 2490 4897 seque
2520 4829 2630 4896 ipse
2659 4829 2925 4882 examinet
2954 4845 2965 4879 :
3000 4825 3355 4894 corripiatque
3383 4825 3425 4878 si
3454 4823 3772 4879 excesserit

2177 4921 2251 4972 ira
2284 4936 2296 4972 :
2326 4919 2589 4983 cohibeat,
2622 4920 2662 4971 si
2692 4916 3058 4971 vehementior
3087 4914 3244 4969 fuerit
3272 4915 3705 4983 concupiscentia
3752 4927 3768 4965 :

2174 5013 2364 5066 excitet
2384 5052 2397 5075 ,
2429 5011 2470 5063 si
2498 5009 2772 5063 dormierit
2799 5009 2876 5060 vis
2904 5007 3188 5071 ratiocinii,
3219 5006 3398 5061 dicens
3429 5023 3441 5059 :
3477 5008 3764 5073 Quousque

2175 5101 2330 5169 piger,
2351 5104 2490 5167 jaces
2513 5097 2663 5167 (Cap.
2699 5097 2748 5150 6.
2775 5095 2884 5164 9)?
2917 5096 2988 5150 Ita
3014 5098 3152 5149 enim
3180 5112 3238 5151 se
3259 5097 3400 5164 juste
3425 5110 3635 5164 gerens,
3661 5108 3763 5148 ac—

2173 5199 2485 5257 cnsatorque
2510 5190 2588 5243 sui
2615 5187 2800 5250 factus,
2826 5197 3027 5240 rectum
3044 5187 3294 5255 judicium
3322 5186 3563 5255 proferre
3583 5185 3726 5241 dicet
3749 5229 3766 5253 ,

2175 5295 2270 5334 nec
2297 5279 2472 5333 audiet
2496 5280 2563 5332 ab
2586 5277 2691 5330 alio
2719 5293 2731 5328 :
2767 5277 2864 5341 Qui
2890 5278 3041 5329 alium
3072 5277 3216 5329 doces
3241 5319 3254 5342 ,
3280 5276 3493 5342 teipsum
3522 5291 3621 5327 non
3650 5277 3736 5328 do-

2172 5389 2248 5424 ces
2269 5372 2292 5423 ?
2317 5373 2402 5440 qui
2426 5370 2520 5433 ais,
2552 5366 2669 5419 Non
2700 5367 3039 5433 mae/laberis,
3069 5367 3332 5420 mcecharis
3359 5365 3534 5433 (Rom.
3564 5364 3619 5416 2.
3654 5366 3739 5418 21.

2171 5457 2786 5531 22)?Quemadmodum
2828 5459 2967 5511 enim
3012 5460 3099 5526 qui
3146 5459 3244 5512 iter
3297 5457 3456 5520 facit,
3506 5457 3549 5508 si
3601 5468 3746 5512 recta

2170 5551 2437 5622 gradiatur
2475 5549 2555 5600 via
2583 5589 2596 5612 ,
2643 5547 2707 5599 ad
2751 5547 2909 5601 finem
2936 5548 3031 5600 vite
3064 5546 3340 5615 pervenit:
3375 5545 3450 5598 sic
3481 5546 3568 5613 qui
3602 5557 3743 5601 recta

2171 5640 2586 5713 profertjudicia
2610 5681 2622 5703 ,
2663 5639 2835 5708 justus
2877 5648 3193 5708 agnoscetur
3234 5647 3286 5691 et
3315 5637 3548 5705 sapiens.
3581 5637 3744 5691 Para-

2171 5733 2305 5786 bohc
2330 5740 2503 5786 autem
2532 5729 2779 5784 dicuntur
2799 5743 3086 5794 sermones,
3110 5727 3255 5797 quasi
3281 5728 3536 5796 imagines
3561 5740 3743 5785 eorum
