3996 6418
222 418 328 473 371

218 532 557 597 Φὰσκοντες
590 529 740 586 εἶναι
776 537 953 603 σοφοὶ
977 578 989 598 ,
1034 539 1478 608 ἐμωράνθησαν.
1511 540 1781 611 Αίρετικοὶ

216 613 268 666 δὲ
301 614 648 668 παιδεύεσθαι
688 619 996 684 νομίζοντες
1023 622 1452 691 ἐξεστράφησαν,
1486 623 1577 675 καὶ
1607 625 1782 692 ἀμαρ-

217 697 466 749 τάνουσιν
493 698 644 762 ὄντες
666 702 1133 768 αὐτοκατάκριτοι.
1167 705 1286 755 Τῶν
1319 705 1374 756 δὲ
1420 705 1578 757 θείων
1611 705 1783 771 λόγων

216 775 456 838 ἀκούσας
492 779 654 843 σοφὸς
677 817 691 840 ,
722 777 1023 850 σοφώτερος
1054 782 1224 834 ἔσται.
1253 783 1372 834 Τῶν
1409 784 1516 852 γὰρ
1542 782 1784 852 νομίμων

219 855 307 907 τοῦ
356 856 494 908 Θεοῦ
543 860 801 922 ἀκούσας,
835 863 1131 915 καὶταῦτα
1165 865 1422 931 φυλάξας,
1476 865 1566 916 ἐπί
1611 881 1669 916 τε
1716 867 1781 933 τῇ

218 937 433 1007 παιδείᾳ
486 940 693 1008 Κυρίου
750 942 822 1012 μὴ
878 943 1253 1013 ὀλιγωρήσας,
1320 946 1451 1016 μηδὲ
1509 945 1785 1007 ἐλκυσθεὶς

217 1018 397 1087 ἀπάτῃ
425 1061 437 1082 ,
480 1020 595 1083 υἱὸς
647 1023 806 1090 σοφὸς
850 1027 1177 1093 γενήσεται,
1236 1026 1331 1078 καὶ
1364 1026 1785 1095 πεπαιδευμένος

219 1100 508 1168 γενόμενος
534 1103 734 1170 ταχέως
764 1105 856 1156 καὶ
886 1105 980 1172 τὴν
1005 1106 1154 1176 παρά
1173 1106 1302 1159 Θεοῦ
1337 1108 1534 1174 γνῶσιν
1554 1107 1782 1171 δέξεται.

220 1179 404 1252 Ταύτῃ
431 1183 540 1252 γάρ
584 1187 632 1236 οί
678 1186 828 1252 σοφοὶ
880 1187 1241 1242 παιδεύονται.
1268 1188 1472 1259 Νόησις
1508 1188 1564 1242 δέ
1616 1190 1786 1258 λόγων

224 1266 534 1334 φρονήσεως
559 1269 591 1336 ἡ
624 1267 751 1336 περὶ
777 1266 873 1320 τοῦ
902 1269 1060 1338 μόνου
1087 1273 1179 1323 καὶ
1202 1272 1457 1342 ἀληθινοῦ
1488 1273 1637 1336 ὄντος
1652 1272 1787 1326 Θεοῦ

221 1345 557 1401 διδασκαλία.
608 1349 730 1400 Ἐπὶ
760 1349 868 1419 γὰρ
914 1350 1182 1421 Ἑλλήνων
1230 1355 1278 1406 οἱ
1333 1356 1432 1424 μὲν
1490 1356 1646 1425 σῶμα
1697 1355 1788 1409 τὸν

221 1429 349 1483 Θεὸν
379 1425 552 1492 εἷπον,
595 1433 644 1484 οί
677 1432 733 1484 δὲ
765 1433 1001 1497 εἰδώλοις
1034 1437 1194 1489 αὑτὸν
1216 1439 1412 1507 ὁμοίως
1437 1438 1785 1509 ἐλάτρευσαν.

223 1512 497 1579 Αίρετικοὶ
525 1513 580 1565 δὲ
609 1514 702 1566 καὶ
730 1515 879 1568 αὐτοὶ
902 1519 1026 1586 περὶ
1053 1518 1146 1570 τοῦ
1176 1518 1327 1580 ὄντος
1349 1521 1787 1590 παρεφρόνησαν.

225 1596 317 1647 Διά
343 1594 503 1647 τοῦτο
527 1590 680 1658 οὗτος
704 1597 799 1666 τὴν
829 1598 1004 1668 ἀληθῆ
1036 1601 1162 1663 περὶ
1188 1601 1320 1654 Θεοῦ
1346 1603 1545 1670 γνῶσιν
1583 1602 1794 1673 ἐξηγεῖ-

224 1693 308 1728 ται
338 1717 352 1736 ,
389 1676 451 1728 τὸ
484 1674 583 1746 μὲν
611 1678 980 1748 ἀνέκφραστον
1018 1683 1182 1736 αὑτοῦ
1219 1684 1422 1753 λέγων,
1457 1686 1609 1750 Δόξα
1644 1685 1791 1739 Θεοῦ

225 1757 473 1824 κρύπτει
529 1759 743 1826 λόγον·
782 1760 842 1812 τὸ
877 1761 931 1814 δὲ
965 1766 1321 1836 προνοητικὸν
1375 1767 1538 1820 αὐτοῦ
1580 1784 1744 1836 φησιν
1774 1785 1785 1798 ⁸

235 1840 330 1892 Ἐν
387 1840 570 1893 παντὶ
626 1843 784 1908 τόπῳ
824 1843 1115 1913 ὀφθαλμοὶ
1161 1848 1382 1916 Κυρίου
1423 1851 1792 1903 σκοπεύουσι

229 1923 451 1988 κακούς
482 1939 544 1975 τε
568 1923 667 1978 καὶ
704 1924 979 1992 ἀγαθούς.
1011 1928 1118 1980 Kal
1140 1929 1334 1994 πάλιν,
1363 1932 1665 1996 [novumc
1697 1929 1794 1984 καὶ

230 2005 461 2073 πτωχὸς
507 2005 908 2074 συνήντησαν
943 2009 1270 2078 ἀλλήλοις,
1313 2012 1686 2081 ἀμφοτέρους
1727 2012 1794 2065 δὲ

227 2088 518 2154 ἐποίησεν
552 2090 584 2140 ό
613 2090 843 2155 Κύριος.
882 2092 1010 2154 Kal,
1037 2095 1361 2149 Δανειστοῦ
1382 2095 1481 2148 καὶ
1515 2112 1794 2164 χρεωφει-

227 2170 404 2222 λέτου
439 2170 734 2234 ἀλλήλοις
760 2174 1204 2240 συνελθόντων,
1239 2177 1582 2245 ἐπισκοπὴν
1619 2177 1796 2232 ποιεῖ-

230 2269 319 2305 ται
356 2250 707 2319 ἀμφοτέρων
732 2256 763 2306 ὁ
788 2254 1017 2320 Κύριος.
1057 2257 1186 2320 Kal,
1224 2257 1508 2312 Ἔνώπιον
1535 2258 1645 2329 γάρ
1677 2262 1795 2313 είσι

230 2338 344 2390 τῶν
371 2338 478 2392 τοῦ
514 2338 660 2392 Θεοῦ
690 2340 1008 2408 ὀφθαλμῶν
1030 2343 1156 2397 ὁδοί
1183 2345 1402 2412 ἀνδρός
1427 2363 1442 2378 ·
1486 2347 1573 2412 εὶς
1602 2344 1669 2398 δὲ
1695 2345 1797 2399 πά-

229 2433 345 2484 σας
373 2420 612 2487 τροχιὰς
653 2421 837 2475 αὑτοῦ
861 2425 1164 2479 σκοπεύει.
1202 2426 1310 2478 Kal
1338 2427 1396 2479 τὸ
1427 2428 1524 2498 μὲν
1556 2427 1794 2497 κριτικὸν

231 2500 393 2554 αὑτοῦ
440 2518 603 2571 φησι·
651 2505 862 2558 Θυσίαι
893 2505 1128 2560 ἀσεϐῶν
1177 2509 1494 2578 βδέλυγμα
1540 2511 1793 2578 Κυρίου·

232 2583 400 2651 εὐχαὶ
437 2584 507 2636 δὲ
539 2588 1024 2641 κατευθυνόντων
1051 2589 1248 2644 δεκταὶ
1301 2593 1436 2660 παρ’
1482 2591 1659 2656 αὐτῷ.
1690 2593 1798 2645 Kal

234 2666 391 2718 πάλιν
412 2682 425 2697 ·
451 2667 670 2732 Οίκους
688 2668 986 2736 ὑϐριστῶν
1010 2671 1290 2738 κατασπᾷ
1305 2675 1514 2741 Κύριος
1537 2714 1552 2739 ,
1576 2675 1799 2741 ἔστησε

233 2746 299 2799 δὲ
337 2747 504 2814 ὅριον
535 2748 726 2816 χήρας
774 2750 1076 2819 (legebatur
1107 2755 1158 2806 in
1195 2753 1300 2808 Ms.
1343 2756 1583 2825 χώρας).
1635 2757 1706 2809 Τὸ
1743 2757 1799 2808 δέ

233 2830 620 2901 δημιουργικὸν
653 2832 813 2884 αὑτοῦ
863 2836 961 2904 οὐχ
1017 2836 1236 2902 ἁπλῶς,
1288 2839 1400 2892 ἀλλ’
1446 2839 1525 2892 ὅτι
1571 2839 1658 2893 διὰ
1703 2840 1799 2892 τοῦ

235 2912 364 2966 ἰδίου
394 2913 553 2982 λόγου
581 2915 672 2966 καὶ
707 2918 803 2987 τῆς
845 2919 1035 2986 σοφίας
1065 2921 1242 2974 πάντα
1281 2924 1456 2974 ποιεί·
1489 2923 1517 2975 6
1569 2924 1801 2993 μάλιστα

233 2996 627 3066 χαρακτηρίζει
666 2998 754 3051 τὸν
803 2999 1051 3069 ἀληθινὸν
1083 3003 1248 3068 Θεὸν,
1303 3005 1384 3058 ὅτι
1432 3006 1564 3059 Υίοῦ
1613 3008 1802 3076 Πατήρ

236 3080 372 3132 ἐστι.
397 3079 561 3146 Λέγει
610 3079 771 3146 γοῦν·
831 3081 884 3133 Ὀ
925 3083 1066 3148 Θεὸς
1107 3083 1179 3152 τῇ
1226 3088 1411 3154 σοφίᾳ
1450 3088 1802 3158 ἐθεμελίωσε

235 3159 347 3227 τὴν
377 3159 513 3229 γῆν.
548 3162 656 3214 Kal
695 3163 888 3229 πάλιν,
934 3165 986 3217 '0
1021 3167 1163 3232 Θεὸς
1194 3167 1444 3235 ἐποίησε
1474 3169 1667 3239 χώρας
1705 3171 1802 3224 καὶ

236 3241 555 3308 ἀοικήτους
575 3285 588 3305 ,
610 3243 706 3296 καί
730 3244 882 3312 ἄκρα
907 3248 1224 3316 οἰκούμενα
1254 3248 1360 3315 τῆς
1389 3253 1491 3306 ὑπ’
1521 3256 1617 3318 οὐ(
1630 3256 1798 3306 ανόν.

247 3324 458 3378 Ἠνίκα
502 3324 772 3393 ἡτοίμαζε
802 3326 908 3378 τὸν
940 3330 1228 3396 οὐρανὸν,
1261 3334 1667 3402 συμπαρήμην
1699 3339 1802 3388 αὺ-

238 3405 349 3472 τῷ,
387 3407 486 3460 καὶ
516 3407 612 3459 ὅτε
641 3406 884 3475 ἁφώριζε
924 3411 1029 3462 τὸν
1065 3414 1250 3466 αὑτοῦ
1291 3417 1505 3480 θρόνον
1540 3417 1632 3468 ἐπ’
1669 3417 1802 3470 ἀνέ-

238 3504 397 3555 μων,
429 3488 613 3553 ἡνίκα
659 3491 876 3556 ισχυρὰ
916 3492 1100 3546 ἐποίει
1149 3494 1220 3547 τὰ
1267 3497 1390 3548 ἀνω
1428 3498 1608 3566 νέφη,
1644 3500 1804 3568 ἤμην

241 3572 374 3637 παρ’
397 3569 558 3634 αὐτῷ
600 3571 950 3639 ἁρμόζουσα.
995 3575 1132 3642 Ἐγὼ
1167 3577 1327 3645 ἢμην
1357 3573 1396 3648 ᾖ
1425 3583 1801 3650 προσέχαιρε,

242 3653 369 3705 καθ’
402 3651 630 3720 ἡμέραν
668 3653 734 3705 δὲ
762 3656 1164 3724 εὐφραινόμην
1183 3661 1251 3712 ἐν
1278 3661 1573 3729 προσώπῳ
1597 3665 1802 3718 αὑτοῦ.

244 3734 481 3804 Στροφα“ι
509 3735 679 3803 λόγων
703 3737 944 3806 εἴρηνται
967 3778 980 3801 ,
1017 3741 1200 3812 ἐπειδὴ
1232 3744 1473 3813 στρέφων
1504 3761 1585 3808 τις
1611 3747 1807 3810 αὐτοὺς

243 3819 306 3886 τῇ
343 3817 552 3886 διανοίᾳ
575 3858 588 3881 ,
637 3819 839 3896 ἀνοίγει
882 3821 974 3873 καὶ
1003 3822 1243 3893 εὑρίσκει
1271 3826 1360 3878 τὸν
1403 3829 1459 3880 ἐν
1503 3829 1684 3891 αὐτοῖς
1713 3831 1807 3896 ἐγ·

245 3899 494 3968 κείμενον
523 3899 664 3952 νοῦν.
699 3895 800 3952 Οἷά
833 3902 934 3953 είσι
961 3919 974 3933 ⁸
1010 3905 1263 3973 Διεσώθη
1293 3907 1411 3961 ἀπὸ
1450 3909 1555 3964 τοῦ
1586 3895 1810 3979 καύμα-

245 3996 346 4046 τος
379 3981 510 4046 υίὸς
540 3982 809 4050 νοήμων⁸
837 3985 1234 4054 ἀνεμόφθορος
1268 3991 1488 4058 γίνεται
1519 3993 1586 4045 ἐν
1609 3993 1810 4061 ἀμὴτῳ

248 4064 373 4128 υίὸς
402 4063 761 4132 παράνομος.
792 4066 900 4118 Kal
927 4067 1104 4129 πάλιν.
1151 4069 1456 4139 Ἐπιμελοῦ
1486 4073 1603 4128 τῶν
1634 4077 1702 4128 ἐν
1730 4074 1809 4140 τῷ

247 4145 430 4212 πεδίῳ
466 4144 711 4212 χλωρῶν
735 4188 748 4210 ,
779 4148 875 4199 καὶ
921 4149 1108 4215 κερεῖς
1147 4153 1302 4205 πόαν
1324 4194 1338 4217 ,
1376 4156 1474 4209 καὶ
1505 4157 1809 4226 συνάγαγε

247 4231 464 4294 χόρτον
487 4229 738 4294 ὀρεινόν,
769 4230 867 4282 ἵνα
896 4229 1041 4298 ἔχῃς
1066 4235 1328 4300 πρόϐατα
1353 4241 1440 4303 εἰς
1469 4242 1805 4308 ἱματισμόν.

250 4311 354 4390 Kal
385 4309 580 4372 πάλιν,
619 4311 758 4362 Ἐὰν
798 4313 1050 4390 καθίσῃς
1076 4314 1339 4370 δειπνεῖν
1375 4320 1472 4373 ἐπὶ
1525 4322 1808 4390 τραπέζης

247 4389 597 4456 δυναστῶν,
644 4389 869 4457 νοητῶς
912 4394 1035 4448 νόει
1091 4397 1163 4450 τὰ
1209 4401 1639 4470 παρατιθέμενὰ
1674 4389 1804 4456 σοι’

249 4473 340 4524 καὶ
393 4471 462 4523 τὰ
499 4474 657 4557 δμοια
704 4473 929 4557 τούτοις.
981 4478 1333 4548 Δικαιοσύνης
1387 4482 1617 4552 ἀληθοῦς
1661 4485 1806 4557 [377.]

248 4554 428 4622 νόησις
468 4555 703 4624 εἴρηται,
727 4556 910 4625 ἐπειδή
942 4573 1085 4620 τινες
1119 4560 1428 4630 ἐξειλήφασι
1458 4565 1517 4617 τὸ
1562 4554 1802 4620 δίκαιονί

246 4636 370 4720 αιιιῖῐιν⁸
388 4638 485 4720 μὲν
512 4638 775 4720 λεγόντων
800 4679 815 4704 ,
837 4638 1049 4694 Δίκαιόν
1074 4642 1187 4694 ἐστι
1208 4682 1220 4706 ,
1249 4645 1308 4696 τὸ
1339 4646 1636 4700 ἀποδιδόναι
1665 4649 1806 4720 ἅπερ

248 4717 403 4770 ἔλαϐέ
447 4735 531 4780 τις
570 4718 833 4786 φυλάξαι·
885 4721 993 4773 τῶν
1041 4723 1130 4788 δέ,
1160 4725 1218 4777 τὸ
1256 4725 1454 4780 διδόναι
1494 4730 1658 4782 κακὸν
1686 4717 1806 4784 ἀντὶ

249 4799 417 4886 κακοῦ
448 4841 462 4861 ,
516 4802 606 4886 καὶ
656 4801 854 4886 ἀγαθὸν
888 4803 1007 4886 ἀντὶ
1045 4805 1269 4873 ἀγαθοῦ.
1310 4809 1598 4878 Συμϐαίνει
1638 4812 1695 4865 δέ
1732 4813 1805 4886 μὴ

249 4882 492 4953 ἀκριϐεῖς
527 4878 663 4967 εἶναι
694 4884 818 4967 τοὺς
849 4884 1118 4967 τοιούτους
1152 4889 1326 4958 ὄρους.
1359 4892 1449 4961 Μὴ
1485 4894 1642 4965 εἴπῃς
1677 4878 1804 4967 γάρ,

253 4967 348 5046 Ὃν
376 4965 578 5046 τρόπον
625 4965 892 5034 ἐχρήσατό
941 4983 1051 5036 μοι,
1090 4971 1362 5040 χρήσομαι
1391 4973 1556 5044 αὐτῷ,
1589 4965 1808 5046 τίσομαι

249 5045 303 5098 δὶ
328 5046 492 5132 αὑτὸν
534 5045 570 5098 ἀ
611 5046 947 5132 μεμηδίκησε.
978 5049 1082 5132 Διά
1117 5052 1273 5106 τοῦτο
1312 5051 1462 5118 οὗτος
1499 5059 1596 5128 τὴν
1635 5045 1808 5132 ἀληθῆ

252 5128 591 5198 ίικαιοσύνην
615 5127 854 5182 διδάσκει
896 5131 1134 5196 τούτοις·
1161 5135 1223 5187 τὸ
1254 5137 1450 5207 ἀληθὲς
1477 5127 1679 5195 δίκαιον
1698 5127 1807 5207 ,τό

251 5209 557 5292 ἀποδιδόναι
607 5209 826 5279 ἑκάστῳ
877 5211 936 5263 τὸ
992 5212 1138 5268 ἴδιον.
1189 5219 1652 5288 Προηγουμένως
1694 5224 1808 5292 μὲν

250 5293 385 5361 τίμα
415 5290 525 5342 τὸν
561 5292 778 5357 Κύριον
808 5292 926 5345 ἀπὸ
971 5293 1098 5348 σῶν
1139 5297 1382 5352 δικαίων
1424 5303 1624 5356 πόνων
1646 5342 1660 5367 ,
1695 5290 1806 5360 καὶ

249 5371 524 5440 ἀπάρχου
556 5372 735 5455 αὐτῷ
777 5373 896 5426 ἀπὸ
946 5376 1074 5429 σῶν
1117 5379 1358 5446 καρπῶν
1395 5383 1802 5455 δικαιοσύνης.

253 5455 480 5507 Ἔπειτα
511 5454 646 5521 τίμα
676 5453 912 5522 βασιλέα,
941 5459 1035 5509 καὶ
1065 5461 1174 5520 τοῖς
1214 5462 1311 5530 μὲν
1351 5464 1562 5530 γονεῦσι
1597 5468 1656 5520 τὸ
1678 5453 1810 5524 καθ-

246 5539 379 5624 ηὲων
401 5537 677 5624 ἀποδίδου,
726 5541 836 5600 τοῖς
974 5543 1106 5594 πᾶσι
1144 5544 1204 5596 τὸ
1235 5546 1365 5600 ἴσον.
1395 5549 1502 5602 Kal
1527 5546 1676 5617 οὗτος
1711 5556 1808 5624 μὲν

251 5613 325 5702 τίς
353 5619 542 5702 τύπος.
570 5619 828 5689 Δεύτερος
861 5621 918 5675 δὲ
942 5661 956 5686 ,
986 5624 1225 5681 δικαιοῦν
1266 5629 1361 5698 τὴν
1391 5631 1566 5702 ψυχὴν
1593 5613 1806 5701 ἑαυτοῦ,

249 5699 344 5770 τὴν
377 5701 596 5772 ἰσότητα
630 5702 913 5771 φυλάττειν
937 5745 952 5772 ,
981 5706 1118 5761 ὥστε
1148 5713 1222 5782 μὴ
1253 5699 1580 5780 κλίνειν-είς
1627 5699 1806 5774 ἀνισόέ

1266 423 1598 483 SYNOPSIS
1637 423 2048 481 SCRIPTURIE
2094 426 2363 482 SACRE.

3341 425 3453 482 372

1887 556 2043 609 τηταο
2068 540 2201 594 ἀλλά
2232 541 2310 610 τῷ
2337 541 2432 610 μὲν
2465 539 2680 608 λογικῷ,
2707 539 2800 606 Μή
2829 554 2901 592 σε
2925 537 3443 604 καταλιὶϐειβουλὴ

1889 624 2042 691 κακὴ
2077 663 2092 689 ,
2141 626 2178 691 ἡ
2231 624 2645 678 ἀπολείπουσα
2700 622 3092 676 διδασκαλίαν
3148 622 3445 686 νεότητος,

1889 705 2023 759 άλλά
2050 708 2186 776 μετά
2224 707 2415 777 βουλῆς
2443 707 2616 759 πάντα
2654 706 2833 768 ποίει,
2861 706 2951 758 καὶ
2980 707 3027 757 οἱ
3069 705 3311 772 λογισμοί
3352 720 3446 755 σου

1890 788 2132 843 εστωσαν
2158 790 2430 860 κρίματα·
2459 788 2598 840 ὥστε
2630 789 2832 858 κρίνειν
2859 787 3044 840 ἑαυτὸν
3074 787 3319 845 ἕκαστον,
3357 786 3450 838 καὶ

1890 871 1986 941 τὴν
2030 874 2127 941 μὲν
2154 872 2447 942 ἐπιθυμίαν
2477 872 2654 923 πᾶσαν
2686 870 2825 939 ἔχειν
2865 869 3101 939 ἀγαθήν·
3147 868 3452 935 Ἐπιθυμία

1892 957 1997 1024 γὰρ
2030 954 2274 1006 δικαίων
2303 952 2469 1007 πᾶσα
2501 951 2690 1019 ἀγαθὴ
2713 992 2726 1014 ,
2769 952 2867 1002 καί
2907 951 3184 1018 ἐπιθυμία
3215 949 3449 1002 δικαίου

1891 1036 2091 1102 δεκτή.
2126 1036 2279 1089 Κατὰ
2307 1035 2362 1086 δέ
2391 1033 2449 1087 τὸ
2477 1033 2723 1103 θυμικὸν,
2755 1034 2848 1098 Μὴ
2882 1033 3002 1085 ἴσθι
3027 1031 3254 1098 ἑταῖρος
3276 1029 3448 1096 ἀνδρέ

1892 1116 2141 1186 θυμώδει
2163 1158 2177 1180 ,
2205 1117 2359 1183 φίλῳ
2397 1115 2464 1167 δὲ
2496 1116 2710 1182 ὀργίλῳ
2729 1115 2813 1183 μὴ
2858 1114 3246 1176 συναυλίζου.
3275 1114 3452 1165 ’Ὀλον

1893 1199 2002 1268 γὰρ
2030 1198 2136 1251 τόν
2158 1197 2347 1266 θυμὸν
2377 1197 2608 1265 ἐκφέρει
2635 1196 2820 1250 αὑτοῦ
2841 1196 3042 1264 ἄφρων
3061 1212 3073 1225 ·
3108 1196 3138 1247 ό
3168 1194 3234 1245 δὲ
3262 1197 3452 1261 σοφὸς

1893 1281 2221 1348 ταμιεύεται
2264 1279 2412 1333 κατὰ
2436 1277 2632 1347 μέρος.
2667 1277 2820 1330 Οὕτω
2863 1278 2920 1330 δὲ
2958 1275 3146 1329 ἑαυτὸν
3180 1275 3451 1346 ῥυθμίζων

1893 1362 2209 1432 ἅνθρωπος,
2243 1363 2338 1431 τὴν
2389 1361 2520 1413 ίδίαν
2583 1361 2812 1414 ἑκάστου
2874 1359 3072 1430 μέρους
3125 1361 3222 1427 τῆς
3276 1356 3451 1426 ψυχῆς

1895 1443 2091 1513 πρᾶξιν
2123 1443 2249 1512 ὑγιῆ
2299 1442 2392 1496 καὶ
2445 1443 2600 1512 ἀσινῆ
2658 1441 2952 1509 φυλάττων,
2987 1440 3138 1492 ἔσται
3175 1438 3452 1506 γινώσκων

1892 1527 1992 1594 τὴν
2022 1524 2195 1594 ἀληθῆ
2217 1525 2572 1594 δικαιοσύνην.
2589 1524 2843 1593 Κρίματα
2869 1522 2923 1574 δὲ
2951 1520 3292 1573 κατευθύνειν
3316 1520 3451 1575 ἐστὶ.

1896 1607 2317 1679 προηγουμένως
2362 1607 2458 1674 μέν
2506 1606 2710 1676 κρίνειν
2762 1604 2982 1665 δικαίως
3031 1601 3170 1656 κατά
3214 1602 3304 1655 τὸν
3358 1601 3454 1652 τοῦ

1895 1688 2028 1741 Θεοῦ
2075 1690 2274 1756 νόμον,
2313 1688 2386 1750 ὣς
2421 1703 2586 1756 φησι·
2629 1688 2852 1754 Ἀνοιγε
2907 1684 3021 1739 σὸν
3063 1687 3255 1755 στόμα
3298 1684 3457 1752 λόγῳ

1899 1771 2045 1825 Θεοῦ
2069 1810 2084 1834 ,
2116 1771 2212 1824 καί
2259 1770 2423 1837 κρῖνε
2456 1769 2681 1834 πάντας
2727 1768 2926 1837 ὑγιῶς.
2957 1769 3222 1838 Διάκρινε
3253 1767 3321 1821 δὲ
3355 1767 3457 1820 πέ-

1896 1871 2046 1921 νητα
2078 1853 2176 1907 καὶ
2207 1852 2454 1921 ἀσθενῆ.
2513 1854 2564 1904 Ὀ
2599 1856 2706 1922 γάρ
2749 1853 2932 1906 εἰπὼν
2962 1853 3068 1908 τὸν
3115 1851 3300 1919 ἀσεϐῆ
3323 1887 3342 1915 ,
3372 1850 3458 1904 δί-

1898 1936 2065 2001 καιός
2091 1936 2260 1989 ἐστιν
2282 1976 2296 2000 ,
2329 1936 2757 2004 ἐπικατάρατος
2782 1936 2904 2002 τοῖς
2932 1936 3101 2002 λαοῖς
3139 1936 3237 1989 καί
3263 1950 3459 2004 μισησ-

1897 2021 2000 2084 τὸς
2031 2021 2118 2084 είς
2145 2019 2309 2086 ἔθνη.
2343 2020 2638 2073 Αὶδεῖσθαι
2677 2021 2781 2090 γὰρ
2816 2022 3138 2087 πρόσωπον
3163 2021 3231 2073 ἐν
3267 2019 3460 2086 κρίσει

1898 2104 1969 2155 οὺ
1998 2102 2206 2156 καλόν.
2229 2102 2398 2154 Τοῦτο
2429 2103 2526 2173 μὲν
2553 2105 2616 2156 ἐκ
2649 2103 2742 2155 τοῦ
2764 2103 2994 2173 φανεροῦ
3023 2103 3241 2172 ῥητέονο
3271 2104 3462 2154 ἔπειτα

1898 2184 1954 2236 δὲ
1985 2184 2071 2236 ἵνα
2096 2185 2230 2254 ὅπερ
2259 2185 2476 2254 ἐτέρους
2509 2186 2680 2256 κρίνει
2709 2203 2820 2249 τις,
2863 2186 3019 2239 τοῦτο
3044 2186 3135 2239 καὶ⁸
3165 2186 3244 2247 εἰς
3271 2181 3462 2237 ἑαυτὸν

1898 2267 1958 2319 τὸ
1987 2267 2158 2336 κρίμα
2187 2266 2487 2340 κατευθύνῃ
2507 2307 2522 2332 ,
2551 2268 2644 2321 καὶ
2667 2268 2854 2322 ἑαυτὸν
2877 2268 3168 2339 δοκιμάζῃ,
3196 2265 3460 2333 ἐπιτιμῶν

1903 2349 1999 2418 μὲν
2024 2347 2217 2417 ἐαυτῷ,
2250 2349 2345 2401 ἐὰν
2379 2348 2670 2420 πλεονεκτῇ
2703 2350 2731 2401 6
2772 2351 2970 2420 θυμός’
3008 2350 3213 2418 ἐπέχων
3244 2349 3299 2401 δὲ
3323 2389 3338 2414 ,
3365 2347 3461 2400 ἐὰν

1902 2431 2197 2500 περισσεύῃ
2241 2431 2273 2500 ή
2298 2430 2560 2501 ἐπιθυμία
2583 2449 2595 2462 ·
2629 2432 2903 2502 διεγείρων
2928 2433 3003 2499 δὲ,
3021 2433 3113 2484 ἐὰν
3142 2431 3376 2498 ἀφυπνοῐ
3402 2429 3462 2483 τὺ

1901 2511 2222 2579 λογιστικὸν,
2258 2511 2430 2579 λέγων
2451 2531 2462 2544 ·
2484 2513 2631 2578 Ἕως
2650 2514 3056 2582 πότε,όκνηρὲ,
3082 2515 3421 2568 κατάκεισαι
3445 2529 3460 2574 ;

1902 2593 2056 2646 Οῦτω
2088 2593 2194 2664 γὰρ
2221 2594 2410 2646 ἐαυτὸν
2438 2593 2657 2657 δικαίως
2682 2596 2828 2664 ἄγων
2849 2637 2862 2659 ,
2894 2598 2986 2650 καὶ
3015 2598 3312 2667 κατήγορος
3338 2597 3462 2649 ἐαυ-

1903 2675 1994 2728 τοῦ
2042 2676 2349 2746 γινόμενος,
2401 2677 2572 2747 κρίμα
2617 2678 2962 2733 κατευθύνειν
3010 2681 3340 2751 μαθήσεται,
3371 2682 3464 2732 καὶ

1902 2759 2000 2812 ούκ
2045 2760 2330 2813 ἀκούσεται
2379 2763 2505 2831 παρ’
2539 2761 2754 2832 ἐτέρου·
2813 2765 2862 2815 '0
2906 2764 3206 2818 διδάσκων
3241 2764 3460 2831 ἕτερον,

1903 2844 2160 2896 σεαυτὸν
2190 2843 2261 2895 οὐ
2283 2841 2620 2907 διδάσκεις;
2663 2847 2696 2898 0'
2731 2845 2944 2913 λέγων,
2988 2846 3080 2913 Μὴ
3108 2846 3463 2915 μοιχεύσῃς,

1898 2926 2232 2994 μοιχεύεις;
2270 2925 2476 2995 Ὥσπερ
2524 2925 2631 2996 γάρ
2677 2929 2704 2979 6
2756 2927 2950 2980 ὁδεύων
2984 2929 3075 2982 καὶ
3124 2928 3464 2982 κατευθύνων

1903 3009 2001 3077 τὴν
2035 3007 2153 3061 ὁδὸν
2182 3006 2368 3076 φθάνει
2409 3009 2488 3071 εἰς
2533 3010 2594 3060 τὸ
2631 3009 2782 3073 τέλος
2803 3026 2816 3038 ·
2847 3011 3018 3075 οὔτως
3063 3015 3089 3065 6
3123 3011 3465 3065 κατευθύνων

1907 3099 2145 3168 κρίματα
2163 3137 2176 3160 ,
2201 3098 2403 3159 δίκαιος
2427 3099 2797 3169 γνωσθήσεται
2827 3101 2920 3153 καὶ
2948 3103 3126 3169 σοφός.
3161 3101 3467 3170 Παραϐολαὶ

1905 3182 1961 3234 δὲ
1994 3181 2238 3248 λέγονται
2271 3181 2455 3248 λόγοι.
2508 3180 2696 3252 ὥσπερ
2743 3183 2946 3247 εἰκόνες
2987 3184 3096 3236 τῶν
3139 3183 3464 3254 λεγομένων.

1921 3264 2007 3328 Ἐξ
2034 3262 2209 3315 αὐτῶν
2250 3262 2357 3332 γὰρ
2402 3263 2486 3315 διὰ
2514 3264 2610 3332 τὴν
2637 3266 2928 3335 ὁμοιότητα
2956 3267 3015 3318 τὸ
3052 3267 3338 3336 λεγόμενον
3368 3283 3440 3320 κα
3458 3296 3469 3306 -

1907 3345 2325 3414 ταλαμϐάνεται.
2385 3345 2539 3397 Οὕτω
2585 3345 2691 3417 γὰρ
2727 3350 2755 3400 ὁ
2803 3348 3002 3428 ξίύριος
3040 3348 3257 3417 ἔλεγεν,
3310 3349 3385 3413 ὡς
3439 3351 3469 3401 6

1909 3430 2132 3498 Μάρκος
2180 3429 2310 3498 φησί
2345 3446 2356 3458 ο
2394 3429 2512 3481 Τίνι
2557 3429 2823 3498 ὁμοιώσω
2871 3430 2983 3496 τὴν
3009 3433 3336 3495 βασιλείαν
3363 3431 3470 3486 τοῦ

1910 3513 2077 3575 Θεοῦ,
2116 3511 2152 3577 ἢ
2183 3513 2252 3564 ἐν
2280 3513 2420 3578 ποίᾳ
2458 3513 2767 3582 παραϐολῇ
2797 3515 3214 3583 παραϐάλωμαι
3248 3513 3469 3582 αὑτὴν;

1908 3596 1984 3657 ὼς
2018 3594 2124 3646 τῶν
2156 3595 2294 3647 κατά
2321 3595 2576 3663 ὁμοίωσιν
2613 3595 2916 3664 λεγομένων
2946 3596 3254 3666 παραϐολῆς
3281 3595 3465 3667 οὔσης.

1911 3680 2019 3731 Kal
2041 3679 2147 3748 γὰρ
2171 3677 2360 3744 λέγων,
2393 3678 2584 3743 Ὁμοία
2608 3679 2777 3732 ἐστὶν
2802 3679 2839 3745 ἡ
2867 3680 3150 3742 βασιλεία
3174 3680 3278 3733 τοῦ
3300 3679 3465 3744 Θεοῦ,

1913 3761 2133 3830 ὕστερον
2162 3760 2416 3831 ἐπέφερε,
2452 3762 2552 3814 Διὰ
2588 3761 2761 3816 τοῦτο
2789 3763 2858 3814 ἐν
2882 3763 3242 3832 παραϐολαῖς
3269 3763 3470 3829 αὐτοῖς

1911 3842 2096 3898 λαλῶ.
2146 3844 2299 3896 Εἰσὶν
2350 3842 2498 3915 [578]
2548 3839 2639 3896 οῦν
2694 3844 2934 3897 τοιαῦται
2992 3847 3047 3899 al
3110 3847 3413 3914 παραϐολαί
3450 3862 3466 3878 ο

1915 3927 2140 3993 ’Ὠσπερ
2161 3927 2369 3992 ἔξοδος
2400 3928 2601 3995 χιόνος
2628 3928 2696 3980 ἐν
2723 3928 2922 3996 ἀμητῷ
2953 3930 3297 3999 κατάκαυμα
3319 3931 3468 4000 ὠφε-

1911 4007 2042 4073 λεῖ,
2082 4009 2266 4073 οὕτως
2293 4009 2544 4078 ἅγγελος
2584 4009 2794 4074 πιστὸς
2837 4010 2976 4076 τοὺς
3000 4013 3471 4077 ἀποστείλαντας

1912 4091 2116 4142 αὐτόν.
2149 4090 2258 4142 Kal
2304 4090 2464 4143 πάλιν
2490 4105 2502 4119 ⁰
2544 4091 2763 4157 Ὥσπερ
2792 4091 3014 4159 ἄνεμοι,
3051 4094 3147 4149 καὶ
3174 4095 3344 4162 νέφη,
3373 4094 3472 4146 καὶ

1912 4169 2103 4232 ὑετοὶ,
2151 4171 2335 4236 οὕτως
2371 4175 2424 4225 οἱ
2480 4174 2843 4241 καυχώμενοι
2876 4177 2971 4228 ἐπὶ
3011 4176 3176 4231 δόσει
3223 4176 3466 4244 ψευδεῖ·

1914 4254 2007 4305 καὶ
2043 4252 2110 4305 τὰ
2141 4253 2300 4320 ὅμοια
2337 4253 2561 4316 τούτοις.
2618 4256 2827 4323 Ῥήσεις
2869 4257 2925 4309 δέ
2977 4257 3152 4328 σοφῶν
3190 4261 3292 4312 είσι
3324 4258 3471 4326 λόγοι

1913 4335 1972 4386 οὺ
2009 4334 2404 4403 σεσοφισμένοι,
2437 4335 2555 4387 οὐδὲ
2582 4337 2638 4388 ἐν
2672 4337 2742 4406 τῷ
2768 4338 2976 4408 πιθανῷ
2997 4341 3334 4405 ἀπατῶντες,
3357 4341 3470 4393 ἀλλ’

1914 4416 2276 4487 ὴκριϐωμένοι
2299 4434 2312 4449 ο
2341 4417 2436 4486 οὐχ
2468 4417 2541 4481 ὡς
2582 4419 2720 4472 κατά
2755 4422 3046 4491 πρόσταξιν
3082 4424 3135 4475 δὲ
3170 4423 3468 4492 λεγόμενοι,

1914 4501 2024 4553 ἀλλ’
2061 4501 2134 4563 ὡς
2165 4501 2292 4568 παρ’
2328 4499 2506 4553 αὐτῶν
2540 4501 2867 4568 γνωσθέντες
2891 4545 2905 4566 ,
2945 4507 3036 4558 καὶ
3067 4507 3140 4568 ὡς
3172 4507 3471 4574 ἀποφάσεις

1916 4581 2092 4635 αὐτῶν
2126 4583 2549 4653 προσφερόμενοι
2579 4601 2590 4612 ·
2623 4579 2722 4635 οἷοί
2756 4588 2857 4637 εἰσι
2878 4604 2890 4617 ·
2935 4589 3187 4654 Καρδίας
3231 4593 3470 4657 εὐφραι-

1914 4663 2166 4732 νομένης
2186 4706 2199 4726 ,
2224 4667 2543 4730 πρόσωπον
2569 4666 2773 4720 θάλλει
2795 4684 2808 4699 ο
2832 4669 2899 4719 ἑν
2917 4669 2984 4720 δὲ
3012 4671 3230 4735 λύπαις
3258 4673 3467 4738 οὔσης.

1915 4745 2335 4814 σκυθρωπάζει.
2371 4749 2497 4811 Kal,
2532 4749 2749 4817 Καρδία
2790 4751 2930 4819 ὀρθὴ
2965 4751 3118 4818 ζητεῖ
3145 4754 3468 4820 αἴσθησιν·

1915 4830 2107 4895 στόμα
2134 4827 2201 4881 δὲ
2229 4829 2595 4884 ἀπαιδεύτων
2626 4832 2909 4900 γνώσεται
2939 4834 3110 4886 κακά.
3133 4836 3258 4894 Kal.
3283 4836 3470 4901 Μῖσος

1914 4911 2119 4978 ἐγειζοει
2151 4912 2349 4976 νεῖκος
2369 4927 2382 4940 ο
2420 4913 2648 4978 πάντας
2686 4913 2752 4966 δὲ
2791 4915 2926 4980 τοὺς
2950 4915 3034 4982 μὴ
3059 4917 3463 4984 φιλονεικοῦν-

1912 5008 2019 5056 τας
2049 4994 2337 5045 καλύπτει
2372 4994 2560 5060 φιλία.
2606 4997 2748 5058 Kal,
2786 4999 2881 5061 Ὃς
2921 4999 3277 5066 καταφρονεῖ
3323 4999 3462 5068 πρά-

1914 5091 2134 5142 γματος
2157 5113 2171 5136 ,
2205 5077 2790 5144 καταφρονηθήσεται
2813 5079 2910 5132 ὑπ’
2945 5081 3128 5133 αὑτοῦ
3149 5095 3160 5108 °
3194 5083 3225 5133 ὀ
3263 5081 3328 5133 δὲ
3367 5100 3463 5150 φο-

1915 5155 2198 5221 ϐούμενος
2234 5155 2511 5223 ἐντολὴν,
2553 5154 2730 5224 οὗτος
2771 5162 3039 5228 ὑγιαίνει.
3077 5162 3194 5213 Τῶν
3231 5165 3328 5230 μὲν
3367 5165 3468 5230 γὰρ

1914 5236 2086 5289 ἄλλων
2135 5236 2434 5306 ἀνθρώπων
2475 5241 2523 5290 οί
2569 5241 2714 5306 λόγοι
2745 5243 2881 5294 κατὰ
2913 5244 3156 5295 πλεῖστον
3186 5245 3473 5312 ἀμφίϐολοι

1915 5318 2266 5386 τυγχάνουσιν
2292 5321 2440 5383 ὄντες
2464 5339 2474 5350 ·
2503 5323 2550 5374 οἱ
2574 5323 2628 5374 δὲ
2660 5322 2766 5374 τῶν
2795 5326 2989 5392 σοφῶν,
3022 5323 3120 5377 οἷοί
3147 5329 3282 5380 εἰσιν
3305 5320 3470 5388 οὗτοι,

1915 5399 2129 5468 ἀληθεῖς
2182 5403 2355 5464 εἰσιν,
2394 5403 2485 5454 καὶ
2537 5407 2869 5474 πανταχόθεν
2918 5408 3280 5477 ὴκρίϐωνται,
3333 5410 3475 5464 ὥστε

1919 5481 2051 5552 μηδέ
2089 5483 2460 5549 ἀντιλέγεσθαι
2489 5486 2704 5550 αύτούς.
2743 5489 2850 5540 Kal
2877 5491 2923 5541 οί
2961 5491 3058 5558 μὲν
3093 5491 3238 5544 ἄλλοι
3269 5492 3477 5562 ἀνθρω-

1916 5581 2006 5616 ποι
2041 5565 2147 5617 ἀπὸ
2203 5563 2295 5618 τοῦ
2351 5567 2533 5631 τέλους
2565 5569 2886 5641 γνωρίζουσι
2940 5573 3000 5625 τὸ
3053 5577 3314 5643 πρᾶγμα·
3366 5571 3477 5629 οἷόν

1917 5648 2082 5708 ἐστιν,
2113 5647 2191 5699 ὅτι
2225 5650 2254 5698 6
2278 5647 2457 5712 ἄδικος
2481 5649 2676 5718 φαῦλός
2717 5653 2862 5717 ἐστι,
2890 5655 2985 5707 κα)⁵
3007 5657 3033 5706 6
3069 5657 3252 5724 μοιχὸς
3287 5657 3346 5707 οὐ
3375 5675 3475 5710 κα-

1915 5727 2003 5791 λός
2026 5746 2040 5758 ·
2071 5727 2229 5781 τοῦτο
2276 5727 2330 5781 δὲ
2384 5732 2473 5783 καὶ
2520 5732 2678 5785 παν-τὶ
2707 5732 2860 5802 δῆλον
2899 5735 2962 5788 ἂν
2991 5736 3093 5804 εἴη.
3132 5738 3191 5787 Ui
3239 5737 3293 5788 δὲ
3323 5741 3476 5808 σοφοὶ
