3996 6416
250 397 362 453 373

238 516 357 567 quae
388 499 658 552 dicuntur.
694 498 768 552 Ex
802 496 929 567 ipsis
953 496 1095 551 enim
1124 510 1216 565 per
1249 494 1645 548 similitudinem
1673 491 1813 561 quod

239 590 433 643 dicitur
464 589 793 656 intelligitur.
825 588 899 642 lta
929 601 1155 657 namque
1181 586 1434 639 Dominus
1457 628 1473 651 ,
1504 593 1561 638 ut
1582 586 1655 637 ait
1680 584 1814 636 Illar-

237 693 352 740 cus,
383 677 514 730 dicit
539 696 552 731 :
578 676 673 731 Cui
700 678 985 730 assimilabo
1008 692 1214 746 regnum
1253 674 1395 729 Dei?
1422 684 1508 726 aut
1536 690 1635 743 qua
1664 689 1815 742 para-

236 770 349 821 bola
376 771 687 823 adambrabo
709 770 836 825 illud
858 769 1049 837 (Marc.
1078 769 1131 822 4.
1150 766 1283 837 50)?
1312 776 1492 834 utpote
1513 780 1632 819 cum
1664 779 1814 832 para-

236 859 354 911 bula
378 859 449 911 sit
471 859 537 913 de
562 858 719 913 rebus
750 874 843 928 per
866 858 1259 914 similitudinem
1289 856 1463 913 dictis.
1491 854 1623 909 Cum
1645 855 1813 909 dixis-

234 958 314 1000 set
337 949 485 1001 enim
520 964 533 1001 :
569 948 748 1002 Simile
770 956 843 1002 est
870 963 1076 1018 regnum
1102 945 1216 1011 Dei,
1247 944 1439 999 deinde
1462 944 1658 1009 intulit,
1688 943 1813 997 Ideo

234 1041 283 1090 in
310 1038 571 1108 parabolis
599 1040 773 1108 loquor
798 1039 898 1092 illis
924 1035 1134 1107 (Matth.
1168 1037 1253 1091 15.
1284 1037 1372 1090 51.
1399 1037 1469 1091 55
1494 1044 1540 1089 et
1569 1035 1678 1105 15).
1707 1034 1815 1088 Hu-

230 1131 465 1200 jnsmodi
504 1132 680 1199 itaque
708 1138 834 1183 sunt
861 1128 1127 1199 parabole:
1160 1147 1172 1181 :
1213 1145 1231 1179 ι
1257 1128 1406 1181 Sicut
1430 1126 1646 1181 emissio
1674 1125 1813 1179 nivis

233 1238 284 1276 ιιι
308 1237 486 1276 messe
511 1222 703 1274 allevat
724 1230 908 1275 atslum
933 1260 947 1283 ,
977 1220 1054 1273 sic
1078 1219 1291 1272 nuntius
1319 1216 1487 1272 ﬁdelis
1512 1216 1576 1270 iis
1601 1217 1689 1286 qui
1714 1216 1813 1268 mi-

232 1322 419 1365 serunt
462 1327 588 1365 eum
616 1328 634 1361 ι
670 1308 870 1381 (Prov.
900 1309 992 1363 25.
1023 1309 1143 1377 15).
1189 1308 1257 1361 Ει
1296 1321 1505 1361 rursum
1540 1324 1553 1359 :
1606 1325 1624 1357 ι
1662 1305 1812 1360 Sicut

233 1405 397 1469 venti,
427 1414 484 1458 et
510 1403 687 1457 nubes
713 1411 767 1458 et
796 1403 985 1473 pluvia:
1010 1441 1025 1467 ,
1053 1402 1131 1454 sic
1156 1399 1243 1468 qui
1271 1400 1566 1468 gloriantur
1591 1398 1642 1452 in
1671 1398 1811 1451 dono

231 1494 474 1550 mendaci
510 1512 527 1545 ι
563 1492 727 1564 (Ibid.
759 1509 808 1545 v.
842 1492 981 1561 14),
1015 1500 1069 1545 et
1097 1490 1179 1543 his
1208 1490 1425 1543 similia.
1468 1489 1612 1542 Dicta
1652 1502 1811 1557 porro

230 1587 528 1652 sapientum
573 1592 729 1647 sunt,
780 1597 881 1637 non
925 1579 1251 1650 sophismata
1282 1579 1563 1633 verborum
1590 1618 1603 1641 ,
1639 1591 1810 1645 neque

229 1690 504 1729 sermones
524 1673 908 1743 probabilitatis
929 1671 1105 1739 specie
1120 1669 1465 1738 decipientes,
1496 1667 1590 1721 sed
1618 1668 1725 1721 veri
1756 1675 1811 1723 et

228 1766 497 1819 accurati:
526 1780 631 1817 non
654 1763 800 1832 quasi
827 1762 1066 1832 jussione
1084 1760 1357 1829 cujusdam
1386 1758 1569 1824 habiti,
1596 1757 1688 1812 sed
1716 1772 1809 1827 per

228 1871 283 1911 se
328 1856 485 1921 noti,
525 1865 582 1910 et
620 1854 768 1923 quasi
812 1853 1092 1908 sententiae
1134 1866 1318 1905 eorum
1360 1850 1570 1920 prolati.
1610 1850 1807 1915 Quales

226 1958 388 2003 sunt:
424 1967 442 2000 ι
466 1948 644 2004 Corde
683 1948 928 2011 laztante,
955 1945 1110 2000 ﬂoret
1134 1945 1339 2007 vultus;
1372 1958 1492 1997 cum
1532 1951 1710 1996 autem
1754 1942 1804 1993 in

228 2040 435 2094 tristitia
458 2048 564 2103 est,
590 2037 903 2107 deprimitur
924 2055 943 2089 ι
977 2034 1156 2105 (Prov.
1186 2035 1269 2089 15.
1297 2034 1417 2101 15).
1449 2034 1514 2087 Et
1543 2051 1561 2084 ι
1595 2031 1699 2086 Cor
1724 2046 1807 2086 re-

224 2142 363 2185 ctum
392 2131 589 2201 quaerit
613 2144 857 2194 sensum;
888 2143 950 2183 os
973 2136 1149 2181 autem
1181 2125 1688 2195 indisciplinatorum
1716 2139 1805 2178 co-

224 2234 441 2289 gnmcet
470 2222 610 2275 mala
638 2240 657 2273 ι
691 2219 829 2291 (Ibid
872 2234 918 2272 v.
945 2219 1057 2289 14).
1090 2218 1174 2284 Ει,
1203 2235 1221 2269 ι
1246 2216 1436 2271 Odium
1462 2217 1803 2272 excitateon-

226 2315 521 2367 tentionem
556 2330 569 2365 :
612 2326 798 2366 omnes
836 2320 1015 2365 autem
1052 2322 1178 2372 eos,
1220 2309 1309 2379 qui
1348 2308 1664 2362 conlentiosi
1697 2321 1799 2361 non

223 2416 362 2468 sunt,
389 2405 623 2474 contegit
645 2403 875 2457 amicitia
901 2420 919 2453 ι
952 2401 1132 2472 (Prov.
1162 2401 1248 2456 10.
1276 2400 1385 2470 12).
1418 2400 1504 2465 Et,
1541 2418 1558 2451 ι
1586 2399 1683 2466 Qui
1709 2413 1800 2452 ne-

221 2498 419 2568 gotium
444 2498 740 2551 contemnit
754 2503 1126 2550 contemnetur
1146 2494 1213 2548 ab
1234 2493 1349 2562 ipso
1367 2512 1378 2547 :
1397 2493 1484 2562 qui
1506 2505 1633 2545 vero
1653 2505 1799 2544 man-

220 2588 400 2640 datum
424 2596 657 2651 veretur,
690 2585 775 2639 ille
801 2600 963 2640 sanus
988 2594 1067 2637 est
1089 2602 1107 2635 ι
1141 2582 1291 2653 (Cap.
1316 2584 1402 2637 15.
1426 2581 1534 2652 15).
1561 2581 1796 2635 Aliorum

221 2693 450 2747 namque
495 2676 766 2731 hominum
814 2688 1089 2729 sermones
1133 2682 1189 2728 ut
1236 2672 1519 2741 plurimum
1566 2670 1794 2741 ambigui

220 2778 342 2819 sunt
372 2784 385 2819 :
418 2767 739 2835 sapientium
769 2780 915 2830 vero,
944 2765 1127 2833 quales
1153 2772 1277 2819 sunt
1304 2761 1537 2827 isti,vet'i
1565 2771 1710 2827 sunt,
1743 2770 1797 2815 et

219 2858 360 2911 oinni
390 2872 455 2910 ex
485 2870 632 2926 parte
658 2857 915 2919 accurati,
948 2856 1017 2908 ita
1045 2864 1101 2907 ut
1129 2853 1342 2907 minime
1374 2854 1501 2920 ipsis
1526 2851 1796 2907 contradi-

217 2959 384 3002 catur.
419 2949 481 3002 Et
508 2948 594 3001 alii
622 2948 831 3017 quidem
864 2947 1107 3001 homines
1136 2962 1200 3000 ex
1233 2947 1335 3000 line
1361 2946 1537 3014 Operis
1565 2960 1674 2999 rem
1701 2944 1792 2998 de-

217 3042 461 3105 clarant;
492 3040 789 3109 cujusmodi
820 3049 900 3094 est
932 3038 1059 3092 illud
1092 3057 1103 3092 :
1139 3037 1353 3105 Iniquus
1380 3052 1465 3091 res
1496 3046 1577 3090 est
1608 3035 1743 3089 mala
1774 3052 1788 3098 ;

215 3145 264 3184 et
292 3131 535 3187 moechus
565 3146 780 3199 pravum
808 3129 933 3198 quid
962 3138 1063 3194 est,
1090 3129 1227 3197 quod
1253 3128 1422 3181 cuivis
1452 3127 1788 3181 manifestum

213 3232 313 3277 est.
354 3222 638 3291 Sapientes
668 3229 842 3274 autem
882 3220 1085 3272 initium
1116 3233 1336 3287 operum
1374 3218 1707 3287 praedicunt,
1737 3226 1791 3272 et

211 3315 358 3382 quasi
388 3312 629 3383 symbola
655 3312 814 3365 animi
840 3319 1037 3364 motum
1064 3311 1436 3379 praznuntianl,
1461 3320 1516 3363 ut
1544 3312 1787 3380 quisque,

212 3404 405 3470 agnitis
434 3403 694 3457 malorum
731 3402 1001 3471 principiis
1023 3442 1037 3466 ,
1072 3401 1172 3455 sibi
1205 3410 1387 3455 caveat
1414 3440 1429 3464 ,
1467 3400 1639 3469 qualia
1667 3409 1790 3454 sunt

210 3494 455 3561 siipcrins
494 3492 630 3547 dicta
664 3509 677 3545 :
714 3492 901 3545 Odium
939 3493 1148 3546 suscitat
1182 3492 1578 3556 contentionem,
1619 3508 1788 3546 omnes

212 3594 374 3636 autem
392 3624 407 3645 ,
438 3583 526 3651 qui
550 3600 649 3635 non
684 3583 1021 3645 contendunt,
1050 3584 1263 3651 contegit
1288 3581 1526 3635 amicitia.
1550 3582 1786 3638 Conten-

213 3676 376 3729 tiosus
405 3675 549 3727 enim
578 3690 641 3727 ex
670 3673 791 3728 odio
818 3674 1030 3727 malitiae
1062 3673 1217 3742 hujus
1245 3674 1559 3741 principium
1592 3674 1784 3739 habet,

215 3781 308 3823 nec
335 3765 598 3834 quispiam
621 3765 811 3819 dixerit
832 3765 1216 3819 eontentiosnm
1245 3778 1303 3818 se
1326 3763 1565 3832 diligere.
1588 3763 1786 3819 Contra

212 3856 295 3924 qni
323 3857 695 3909 contentiosns
728 3870 830 3908 non
857 3863 936 3908 est
961 3895 975 3918 ,
1003 3853 1302 3908 dilectionis
1329 3855 1577 3909 indicium
1607 3856 1781 3910 habet.

212 3945 317 4002 Nec
346 3938 742 4000 contentiosum
785 3945 1044 4012 quispiam
1076 3945 1267 3998 dixerit
1296 3960 1417 3999 eum
1458 3947 1545 4015 qui
1574 3946 1742 4015 diligit
1767 3988 1781 4011 ,

213 4043 267 4089 ut
301 4050 517 4088 rursum
551 4033 770 4086 dicitur:
798 4032 862 4086 In
884 4037 1299 4103 concupiscentiis
1321 4045 1390 4089 cst
1416 4038 1578 4089 omnis
1600 4038 1784 4091 otiosus

214 4122 396 4191 (Prov.
420 4125 505 4177 15.
527 4124 580 4191 4)
602 4140 614 4186 ;
634 4133 703 4182 et,
727 4122 1010 4177 Iracundus
1031 4128 1214 4193 absque
1233 4128 1442 4179 consilio
1471 4128 1573 4196 agit
1604 4127 1780 4197 (Prov.

216 4215 299 4271 14.
338 4213 469 4285 17).
512 4213 639 4267 Nam
684 4213 841 4267 otiosi
880 4214 1109 4267 animam
1148 4216 1409 4283 signillcat
1446 4217 1496 4269 in
1539 4217 1783 4270 omnibus

211 4303 656 4372 conwpiscentiis
684 4316 803 4357 esse
831 4303 1163 4371 demersam,
1195 4316 1247 4359 et
1287 4306 1593 4359 iracundum
1618 4346 1630 4369 ,
1662 4306 1779 4361 nul-

203 4396 315 4451 lum
368 4406 569 4449 rectum
622 4394 817 4450 habere
870 4398 1146 4450 consilium
1200 4398 1447 4452 οδιεηάὶι.
1500 4398 1561 4453 Ili
1609 4399 1783 4469 itaque

211 4486 366 4549 Plane
395 4500 571 4539 meres
594 4486 865 4540 declarant
888 4529 901 4551 ,
930 4500 981 4541 et
1011 4490 1233 4542 actionis
1265 4490 1575 4559 principium
1600 4532 1614 4555 ,
1644 4490 1783 4546 unde

209 4578 470 4641 ordiatur,
498 4577 622 4630 dum
654 4579 832 4641 aiunt,
865 4580 1044 4633 odium
1090 4582 1397 4648 pl'LL‘CCdCI'C
1428 4584 1568 4635 rixas
1599 4599 1612 4635 :
1646 4584 1783 4637 cari-

208 4677 369 4723 tatem
400 4681 521 4721 esse
550 4668 863 4737 principium
896 4680 947 4721 et
978 4685 1189 4722 causam
1217 4711 1229 4726 .
1261 4687 1361 4739 qua
1396 4674 1626 4726 vilanlur
1655 4688 1781 4727 con-

208 4760 473 4813 trntiones
499 4776 511 4810 ε
544 4760 654 4813 otio
683 4760 868 4828 pr:cire
902 4775 1112 4828 pravam
1143 4778 1184 4813 νι
1210 4763 1498 4830 luptatcm;
1531 4766 1783 4819 iracundo

204 4850 400 4917 praeire
426 4850 632 4904 consilii
663 4851 890 4918 in0piani
925 4868 936 4901 :
965 4861 1017 4905 et
1043 4866 1253 4906 causam
1276 4868 1440 4921 quare
1464 4855 1581 4921 quis
1606 4854 1782 4923 despi-

204 4940 397 5001 ciatnr,
430 4952 551 4992 esse
577 4948 936 5005 contemptum
972 4941 1099 5009 legis
1126 4960 1137 4995 :
1168 4941 1305 5009 quod
1336 4944 1616 4997 sanitatem
1646 4960 1783 5013 prm-

207 5028 360 5082 cedat
384 5029 541 5082 timor
568 5030 658 5083 Dei
682 5046 693 5081 :
724 5031 846 5083 item
874 5030 1011 5099 quod
1044 5032 1356 5099 principium
1387 5034 1634 5101 perniciei
1663 5036 1779 5088 ani-

208 5128 308 5168 n‘aa
337 5114 433 5177 sit,
465 5127 567 5164 non
595 5113 861 5166 custodire
883 5128 943 5167 os
974 5130 1124 5167 suum
1149 5156 1163 5180 ,
1195 5114 1333 5183 quod
1366 5118 1551 5170 terrori
1587 5127 1783 5184 prmeat

202 5204 495 5259 temeritas.
526 5203 580 5257 Si
610 5217 675 5255 eo
702 5203 858 5257 modo
888 5205 1092 5273 singula
1118 5204 1258 5259 dicta
1289 5206 1607 5272 expenderis
1636 5252 1648 5269 ,
1683 5210 1777 5263 de-

202 5296 507 5361 prehendes
532 5311 591 5351 ea
622 5296 743 5349 ideo
773 5310 892 5351 esse
921 5299 1110 5364 scripta
1144 5307 1300 5366 atque
1334 5300 1534 5366 prolata
1564 5342 1575 5361 ,
1608 5310 1663 5353 nt
1693 5302 1777 5367 qni

208 5388 472 5441 audierint
521 5387 780 5441 bonorum
836 5388 1200 5457 malorumque
1254 5390 1507 5457 principia
1558 5392 1728 5444 edocti
1763 5434 1775 5456 ,

211 5492 363 5546 prava
408 5478 646 5545 fugiant,
692 5478 827 5531 bona
872 5488 1175 5546 operentur.
1210 5478 1509 5548 jEnigtnata
1543 5496 1700 5548 porro
1727 5492 1781 5535 et

211 5569 413 5622 obscuri
446 5582 756 5628 sermones.
789 5569 855 5621 ita
884 5578 1038 5621 caute
1068 5578 1189 5621 sunt
1220 5571 1410 5638 posita,
1444 5583 1500 5624 ut
1539 5588 1658 5625 eum
1691 5577 1776 5641 qui

211 5654 390 5723 legerit
420 5672 653 5712 maerore
683 5657 936 5719 alliciant,
965 5656 1105 5724 quod
1135 5658 1263 5713 nihil
1291 5662 1465 5713 statim
1495 5663 1779 5717 exhibeant

209 5748 513 5819 nullumque
544 5764 757 5805 sensum
785 5746 1121 5805 subindiccnt
1153 5766 1163 5803 :
1199 5760 1430 5807 attamen
1461 5753 1583 5807 dum
1616 5770 1773 5810 accu-

1370 378 1691 436 SYNOI’SIS
1727 377 2134 434 SCRIPTURAS
2171 379 2435 435 SACIt.E.

3398 405 3508 460 374

1923 499 2037 546 rate
2064 493 2455 561 expenduntur,
2490 508 2637 548 suam
2686 497 3005 551 sententiam
3035 499 3286 554 indicant.
3317 499 3503 565 Qualia

1922 591 2076 636 sunt:
2108 602 2125 633 ι
2150 582 2495 653 Sanguisugre.
2511 595 2618 639 tres
2639 596 2791 640 erant
2814 587 2936 641 lilia:
2957 588 3241 643 admodum
3264 590 3497 654 dilectui;

1922 685 1977 729 et
1998 674 2078 728 hie
2105 684 2213 730 tres
2240 685 2293 729 et
2319 686 2501 745 quarta
2534 692 2636 730 non
2663 677 2849 732 dicunt
2874 720 2888 745 ,
2918 680 3058 734 Satis
3079 691 3181 735 est.
3212 681 3456 736 Inlernus
3484 723 3500 748 ,

1922 773 1975 819 et
2000 779 2149 818 amor
2178 765 2416 820 mulieris
2447 775 2499 820 et
2528 775 2756 821 tartarus
2780 809 2795 833 ,
2824 776 2880 823 et
2906 778 3041 823 terra
3068 786 3186 841 quae
3215 786 3321 825 non
3348 781 3497 826 satu-

1921 867 2069 912 ratur
2089 872 2244 926 aqna,
2270 873 2404 927 aqua
2427 868 2479 912 et
2502 858 2637 927 ignis
2655 875 2941 929 numquam
2970 862 3173 929 dicunt,
3201 863 3343 918 Satis
3369 871 3453 918 est
3474 881 3506 915 s-

1921 947 1941 1017 (
1970 947 2123 1002 Prov.
2154 950 2243 1004 50.
2270 950 2353 1005 15.
2384 951 2506 1020 16).
2554 952 2619 1005 Et
2645 953 2835 1006 iterum
2867 972 2879 1006 :
2919 972 2937 1005 ι
2970 955 3093 1008 Tria
3120 964 3246 1010 sunt
3271 971 3387 1025 quae
3415 956 3499 1010 in-

1921 1039 2134 1093 tellectu
2164 1040 2292 1093 mihi
2329 1050 2452 1094 sunt
2489 1041 2835 1110 impossibilia
2858 1083 2873 1109 ,
2907 1054 2961 1098 et
2992 1054 3237 1113 quartum
3269 1060 3374 1099 non
3402 1059 3497 1100 co-

1916 1143 2113 1197 gnoseo
2144 1147 2157 1183 :
2190 1132 2409 1198 vestigia
2455 1132 2643 1200 aquila:
2682 1134 2907 1187 volantis
2931 1174 2944 1197 ,
2992 1144 3045 1189 et
3082 1137 3191 1190 \‘ias
3231 1136 3496 1206 serpentis

1917 1230 2077 1285 supra
2103 1227 2305 1286 petram
2335 1258 2351 1283 ,
2392 1230 2444 1273 ct
2475 1220 2585 1273 vias
2619 1221 2765 1275 navis
2798 1224 2847 1276 in
2882 1224 3013 1277 mari
3047 1225 3221 1278 euntis
3249 1267 3265 1290 ,
3295 1236 3349 1280 et
3378 1226 3496 1280 vias
3584 1276 3589 1281 .

1917 1307 2016 1362 viri
2047 1307 2097 1361 in
2121 1308 2478 1362 adolescentia
2514 1328 2532 1360 ι
2564 1310 2610 1379 (I
2622 1312 2721 1366 bid.
2744 1330 2790 1365 v.
2819 1314 3047 1384 18.19);
3075 1324 3129 1369 et
3149 1330 3493 1385 quaecumque

1917 1399 2181 1467 ejusmodi
2216 1410 2337 1454 sunt
2364 1402 2641 1470 mniginata
2676 1420 2688 1455 :
2723 1403 2824 1457 alia
2871 1419 3097 1474 namque
3135 1405 3312 1460 stalim
3354 1406 3491 1459 indi-

1915 1498 2075 1554 cant,
2107 1490 2267 1544 aliam
2299 1500 2471 1544 tamen
2504 1496 2821 1547 sententiam
2854 1495 3107 1550 exhibent
3140 1512 3152 1547 :
3183 1504 3237 1550 et
3261 1496 3488 1550 obscura

1913 1579 2126 1649 quidem
2163 1591 2323 1644 sunt,
2363 1583 2730 1637 absconditum
2774 1601 2901 1639 vero
2931 1601 3146 1641 sensum
3178 1586 3393 1642 habent.
3425 1586 3493 1640 Et

1913 1671 2282 1740 compendium
2314 1673 2528 1742 quidem
2566 1674 2681 1729 libri
2724 1674 3132 1731 Proverbiorum
3162 1676 3229 1731 ad
3262 1676 3401 1730 hunc
3429 1690 3488 1730 se

1912 1761 2071 1816 habet
2099 1764 2335 1819 modum.

1994 1853 2379 1923 Recapitulatio
2422 1866 2597 1910 autem
2638 1856 2752 1924 ejus
2786 1857 2864 1911 his
2909 1857 3397 1927 comprehenditur.
3430 1858 3487 1915 In

1911 1946 2184 2013 prooemiis
2205 1946 2375 2016 agitur
2395 1946 2460 2001 de
2482 1947 2610 2016 ipsis
2629 1948 2931 2003 Proverbiis
2953 1948 3242 2003 Salomonis
3264 1949 3357 2017 ﬁlii
3378 1949 3485 2002 Da-

1908 2036 2012 2101 vid,
2040 2036 2123 2103 qui
2150 2037 2371 2107 regnavit
2397 2037 2450 2090 in
2480 2035 2786 2104 Jerusalem,
2814 2038 2881 2090 ad
2905 2038 3158 2092 sciendum
3186 2038 3483 2107 sapientiam

1908 2136 1953 2179 et
1983 2126 2305 2196 disciplinam
2331 2126 2480 2198 (Cap.
2504 2128 2723 2196 1.1.2).
2755 2128 2906 2194 Quod
2938 2130 3247 2198 principium
3277 2130 3487 2198 sapien-

1909 2219 1994 2272 tia:
2021 2219 2089 2272 sit
2118 2220 2275 2273 timor
2304 2220 2506 2274 Domini
2531 2218 2690 2290 (Ibid.
2712 2238 2757 2274 v.
2785 2222 2861 2290 7).
2892 2221 2965 2276 De
2990 2222 3265 2277 audiendis
3282 2224 3485 2295 legibus

1908 2310 2091 2376 patris,
2115 2319 2171 2365 et
2196 2311 2261 2365 de
2285 2325 2389 2364 non
2419 2312 2716 2379 respuenda
2738 2312 3017 2380 disciplina
3048 2314 3251 2367 matris.
3283 2315 3356 2369 De
3376 2328 3481 2368 non

1904 2400 2152 2467 errando,
2188 2409 2245 2455 et
2277 2400 2415 2471 quod
2449 2417 2552 2455 non
2580 2402 2647 2456 sit
2676 2402 2756 2455 via
2784 2404 3108 2472 capessenda
3146 2419 3265 2458 cum
3301 2405 3363 2458 iis
3391 2406 3480 2474 qui

1903 2502 2192 2560 operantur
2230 2492 2403 2562 iniqua
2438 2510 2451 2548 :
2492 2508 2776 2548 commune
2805 2509 3031 2563 namque
3054 2496 3377 2565 marsupium
3406 2495 3478 2549 illi

1905 2583 2193 2650 possident.
2218 2584 2487 2653 Sapientia
2539 2584 2591 2639 in
2634 2584 2864 2639 exitibus
2893 2585 3182 2653 prmdicat;
3214 2587 3355 2655 impii
3386 2602 3475 2639 au-

1904 2682 2007 2725 tem
2044 2672 2269 2727 oderunt
2294 2688 2530 2728 sensum.
2561 2673 2820 2742 Quoniam
2852 2690 2938 2729 me
2966 2685 3209 2738 vocante,
3248 2692 3352 2729 non
3382 2690 3479 2729 au-

1899 2760 2132 2828 dierunt,
2181 2761 2300 2816 ideo
2348 2778 2468 2817 cum
2518 2764 2787 2819 vocabunt
2834 2780 2940 2829 me,
2990 2780 3095 2819 non
3144 2765 3352 2818 audiam
3383 2783 3477 2820 eos

1900 2851 2060 2919 (Ibid.
2106 2869 2152 2907 υ.
2193 2853 2281 2908 24.
2310 2853 2424 2921 28).
2456 2854 2583 2909 IIem
2632 2855 2779 2917 illud,
2812 2857 2999 2923 Accipe
3041 2856 3176 2909 dicta
3205 2857 3473 2910 mandato-

1896 2960 2027 3005 rum,
2061 2954 2105 2997 et
2132 2944 2301 2997 audiet
2326 2947 2623 3014 sapientiam
2654 2948 2793 2999 auris
2823 2956 2926 3009 tua,
2958 2958 3011 2999 ut
3049 2948 3298 3016 intelligas
3314 2949 3472 3017 justi-

1895 3034 2015 3086 tiam
2053 3044 2097 3087 et
2113 3035 2360 3104 judicium
2386 3034 2536 3105 (Cap.
2564 3036 2616 3090 2.
2644 3038 2693 3090 1.
2725 3037 2778 3090 2.
2811 3037 2885 3106 9).
2914 3036 2998 3090 Vw
3016 3039 3101 3107 qui
3129 3038 3474 3106 derelinquunt

1894 3125 1998 3176 vias
2038 3134 2218 3190 rectas,
2249 3134 2294 3177 et
2340 3126 2649 3179 delectantur
2690 3128 2741 3179 in
2769 3127 3087 3181 subrersivne
3130 3128 3265 3181 mala
3308 3127 3470 3196 (Ibid.

1893 3230 1940 3267 v.
1967 3215 2052 3268 15.
2086 3213 2198 3286 14).
2230 3215 2359 3269 Illud
2388 3217 2569 3282 etiam,
2602 3217 2685 3272 Ne
2722 3227 2769 3271 te
2814 3218 3161 3288 apprehendat
3207 3221 3471 3273 consilium

1893 3308 2100 3371 malum,
2128 3318 2182 3360 ut
2208 3309 2429 3363 invenias
2454 3310 2656 3363 semitas
2678 3311 2892 3379 justitite
2915 3311 3094 3381 planas
3116 3310 3281 3381 (Ibid.
3310 3327 3356 3365 v.
3383 3312 3468 3368 19.

1892 3396 2004 3469 20).
2030 3397 2181 3463 Item,
2212 3399 2288 3453 Ne
2318 3400 2647 3455 obliviscaris
2679 3401 2809 3470 legis
2838 3402 3155 3469 custodiam,
3188 3411 3245 3457 ut
3271 3403 3469 3472 longa:-

1891 3505 1988 3545 vus
2010 3491 2084 3545 sis
2111 3491 2161 3544 in
2208 3506 2356 3560 pace.
2390 3491 2542 3559 Quod
2574 3500 2684 3545 toto
2725 3492 2885 3548 corde
2928 3493 3123 3547 debeas
3153 3494 3202 3547 in
3244 3493 3470 3547 Domino

1890 3580 2180 3645 conlidere,
2216 3596 2313 3635 nec
2350 3596 2469 3635 esse
2497 3582 2728 3650 prudens
2756 3583 2807 3635 in
2842 3584 3145 3651 temetipso,
3173 3582 3266 3637 sed
3297 3582 3468 3638 hono-

1890 3686 2011 3725 rare
2046 3671 2323 3724 Dominum
2352 3688 2415 3725 ex
2454 3672 2609 3741 justis
2652 3672 2938 3726 laboribus.
2970 3673 3121 3740 Quod
3153 3687 3255 3727 non
3299 3675 3466 3743 negli-

1889 3764 2058 3833 genda
2082 3765 2150 3818 sit
2175 3763 2449 3832 disciplina
2480 3764 2686 3818 Domini
2709 3780 2723 3829 ;
2769 3764 2906 3817 Nam
2931 3782 3074 3835 quem
3095 3766 3259 3837 diligit
3287 3764 3465 3819 Domi-

1890 3870 1982 3907 nus
2013 3857 2222 3924 castigat
2253 3853 2403 3924 (Cap.
2437 3856 2489 3910 5.
2516 3854 2626 3922 12).
2662 3855 2747 3920 Ει,
2778 3856 2969 3910 Beatus
3004 3856 3164 3909 homo
3187 3857 3277 3926 qui
3316 3858 3465 3911 inve-

1889 3944 2027 3998 nerit
2072 3945 2407 4012 sapientiam.
2439 3944 2591 4011 Quod
2640 3959 2746 3997 non
2780 3945 2975 3999 debeas
3005 3946 3229 3999 emolliri
3277 3961 3340 3999 ac
3365 3947 3465 3998 dil-

1888 4034 2076 4097 lluere,
2107 4034 2198 4088 sed
2248 4050 2459 4089 servare
2504 4035 2783 4089 consilium
2833 4045 2885 4090 et
2932 4036 3363 4105 intelligentiam;
3412 4048 3465 4091 ut

1888 4124 1955 4176 sit
2001 4124 2201 4177 medela
2229 4125 2372 4176 carni
2408 4132 2529 4177 tua).
2563 4125 2711 4189 Quod
2760 4140 2861 4177 non
2908 4125 3103 4179 debeas
3135 4126 3390 4180 desistere
3436 4145 3463 4178 a

1888 4216 2147 4270 bcnelieio
2186 4215 2437 4285 indigenti
2480 4217 2801 4285 praestando,
2830 4233 2948 4270 cum
2996 4217 3241 4271 habuerit
3279 4234 3465 4271 manus

1891 4315 1975 4359 tua
2009 4305 2147 4359 unde
2177 4306 2272 4374 ipsi
2309 4321 2464 4373 opem
2491 4305 2643 4370 ferat,
2676 4322 2847 4375 neque
2876 4307 3164 4360 machinari
3212 4307 3345 4360 mala
3374 4308 3465 4359 ad-

1888 4408 2073 4448 versus
2099 4394 2326 4447 anticum
2361 4405 2526 4458 tuum,
2553 4394 2673 4462 quia
2706 4395 3007 4449 immundus
3036 4410 3211 4448 coram
3240 4396 3465 4449 Domino

1887 4484 2059 4536 omnis
2093 4483 2303 4550 iniquus
2347 4485 2467 4536 erit.
2517 4483 2647 4549 Quia
2695 4482 2942 4535 Dominus
2984 4484 3211 4549 superbis
3258 4485 3461 4549 resistit,

1889 4574 2157 4628 humilibus
2178 4583 2342 4625 autem
2363 4574 2449 4624 dat
2474 4574 2689 4643 gratiam
2715 4570 2876 4641 (Ibid.
2895 4588 2943 4625 v.
2968 4574 3081 4642 51).
3109 4574 3180 4627 De
3205 4573 3463 4629 audienda

1887 4664 2165 4733 disciplina
2195 4662 2383 4730 patris.
2425 4662 2550 4715 Item
2582 4662 2732 4728 illud,
2770 4661 2893 4729 Fili,
2919 4664 3063 4716 dictis
3094 4665 3214 4717 meis
3244 4666 3459 4726 attende,

1888 4767 1932 4811 et
1961 4755 2096 4809 omni
2120 4755 2346 4807 custodia
2370 4770 2511 4806 serva
2540 4769 2625 4806 cor
2654 4764 2810 4817 tuum,
2833 4763 2887 4808 et
2916 4754 3170 4809 Dominus
3195 4766 3367 4810 rectas
3390 4757 3465 4810 Ia-

1888 4848 1992 4902 ciet
2034 4845 2232 4899 orbitas
2255 4854 2371 4899 tuas
2406 4845 2554 4914 (Cap.
2585 4847 2637 4899 4.
2664 4846 2753 4899 9.0.
2795 4846 2884 4902 25.
2912 4846 3025 4917 27).
3066 4847 3215 4913 Quod
3244 4863 3348 4901 non
3378 4857 3464 4901 at-

1887 4938 2207 4993 tendendum
2239 4953 2412 5005 prava:
2444 4938 2685 4999 mulieri;
2724 4937 2841 4991 Vias
2870 4940 2999 4991 enim
3030 4939 3140 4991 vita:
3166 4954 3262 4991 non
3295 4939 3460 5008 ingre-

1888 5030 2059 5093 ditur;
2088 5028 2147 5080 ab
2174 5030 2283 5097 ejus
2310 5029 2557 5081 consortio
2603 5038 2649 5081 te
2689 5029 2866 5097 procul
2912 5044 3105 5082 remove
3138 5028 3289 5099 (Cap.
3320 5031 3370 5085 5.
3407 5030 3460 5085 6.

1886 5120 1960 5190 8).
2005 5120 2130 5173 Item
2174 5118 2337 5171 illud:
2374 5118 2495 5174 Bibe
2535 5136 2690 5186 aquas
2737 5134 2798 5171 ea:
2842 5121 2971 5171 vasis
3015 5120 3150 5185 tuis;
3193 5129 3280 5186 et,
3324 5120 3465 5175 Fons

1886 5226 2028 5278 aqua:
2054 5218 2149 5261 tua:
2174 5210 2235 5261 sit
2262 5209 2346 5261 tibi
2392 5210 2554 5262 suavis
2586 5206 2745 5278 (Ibid.
2778 5225 2825 5261 v.
2861 5208 3079 5277 15.18).
3109 5206 3174 5261 In
3200 5210 3306 5278 ejus
3332 5211 3461 5262 enin:

1886 5301 2131 5368 sapientia
2162 5317 2382 5363 versans,
2416 5301 2646 5351 diuturne
2670 5316 2785 5368 ages
2818 5298 2977 5367 (Ibid.
3006 5316 3052 5352 v.
3085 5300 3193 5366 19).
3234 5297 3373 5352 Vade
3397 5316 3429 5350 (ι
3462 5322 3469 5340 ι

1888 5392 2167 5460 formicam,
2204 5408 2230 5443 o
2264 5390 2400 5457 piger
2430 5388 2759 5450 adolescens.
2786 5400 2830 5441 et
2863 5402 2966 5443 esto
3010 5389 3321 5457 sapientior:
3347 5389 3473 5455 quia

1886 5484 2093 5535 multum
2134 5484 2182 5535 in
2221 5497 2375 5533 messe
2406 5495 2549 5547 parat
2584 5498 2831 5534 acervum.
2871 5483 2942 5536 De
2977 5497 3040 5535 eo
3083 5482 3170 5549 qui
3205 5482 3348 5534 vadit
3396 5484 3461 5536 ad

1886 5590 2059 5640 apem,
2097 5574 2158 5625 Et
2189 5574 2322 5624 disce
2355 5572 2604 5639 quomodo
2644 5574 2901 5641 aperatrix
2948 5574 3008 5625 sit
3033 5571 3185 5640 (Cap.
3215 5572 3264 5626 6.
3301 5572 3351 5626 G.
3379 5574 3456 5640 8).

1887 5666 2016 5718 Illud
2046 5666 2201 5719 etiam
2234 5682 2245 5716 :
2271 5664 2555 5734 Usquequo,
2583 5666 2737 5733 piger,
2759 5666 2901 5734 jaccs
2930 5663 3091 5732 (Ibid.
3125 5680 3169 5717 v.
3201 5664 3298 5730 9)?
3329 5665 3461 5719 I’au-

1890 5755 2050 5810 luluni
2099 5756 2319 5819 dormis,
2368 5756 2631 5824 paululum
2678 5770 2805 5809 vero
2852 5754 3024 5811 sedes.
3072 5753 3196 5809 Ideo
3242 5767 3460 5825 repente
