3996 6418
546 406 658 462 375

541 520 716 569 veniet.
761 511 1018 582 pernicies
1069 521 1152 563 tua
1203 507 1350 580 (Cap.
1384 503 1704 573 6.10.15).
1745 505 1818 557 De
1864 499 2102 556 custodia

544 605 716 670 legum
767 602 930 670 patris
961 620 972 653 :
1009 600 1153 665 Quod
1184 599 1384 651 lucerna
1413 597 1762 649 mandatorum
1805 595 1900 648 sint
1941 601 1986 646 et
2016 593 2105 646 tua:

542 703 586 747 et
617 695 694 744 via
721 695 830 744 vita:
857 690 1028 761 (Ibid.
1063 706 1110 743 υ.
1141 689 1266 758 25).
1306 686 1435 741 1111111
1474 687 1630 740 0110111
1677 705 1689 739 :
1737 684 1958 753 Depouet
1993 683 2103 750 quis

527 788 704 854 ignem
746 784 796 834 in
840 784 970 845 sinu,
999 782 1285 834 vestimenta
1327 787 1489 830 autem
1535 794 1624 830 sua
1666 793 1767 828 non
1813 774 2105 828 comburat?

542 885 629 928 aut
672 872 942 926 ambulabit
971 888 1118 940 super
1145 870 1380 922 carbones
1410 869 1556 938 ignis,
1590 868 1736 936 pedes
1783 877 1948 919 autem
1987 881 2104 918 suos

538 981 640 1017 non
664 963 885 1015 incendet
917 962 1073 1032 (Ibid.
1105 978 1152 1014 ιν.
1182 961 1268 1014 27.
1299 958 1430 1028 28)ἳ
1473 959 1569 1024 Qui
1603 957 1890 1025 ingreditur
1906 955 1970 1009 ad
1992 971 2106 1008 mu-

540 1053 724 1106 lierem
759 1052 1112 1118 coniugatam,
1141 1065 1244 1102 non
1277 1049 1528 1102 innocens
1559 1048 1659 1101 erit
1701 1044 1860 1114 (Ibid.
1895 1060 1940 1098 υ.
1971 1044 2039 1098 29
2062 1044 2102 1111 ).

542 1141 694 1202 110111,
729 1140 846 1192 Non
889 1139 1152 1215 mirum.si
1179 1139 1288 1206 quis
1319 1138 1505 1204 furtum
1545 1136 1730 1204 faciens
1760 1133 2105 1202 deprehenda-

540 1239 652 1291 tur;
684 1230 882 1294 furatur
911 1229 1040 1280 enim
1063 1236 1113 1278 ut
1135 1227 1338 1294 impleat
1369 1229 1586 1278 animam
1613 1242 1756 1278 suam
1783 1229 2105 1278 esurientem:

538 1323 756 1371 moechus
792 1329 956 1370 autem
987 1319 1046 1370 ob
1072 1319 1291 1385 inopiam
1321 1317 1496 1370 mentis
1524 1317 1691 1386 perdet
1717 1317 1936 1368 animam
1962 1331 2105 1368 suam

539 1407 701 1476 (Ibid.
723 1423 770 1459 υ.
803 1406 889 1460 50.
923 1406 1034 1472 52).
1063 1406 1212 1471 110111,
1245 1404 1362 1459 Cole
1386 1404 1670 1468 Dontinum,
1702 1415 1747 1456 et
1779 1414 1948 1472 potens
1987 1405 2104 1470 eris,

538 1510 583 1553 et
623 1499 815 1552 custodi
855 1499 1091 1551 mandata
1131 1514 1258 1563 mea,
1290 1507 1334 1551 et
1371 1497 1588 1551 describe
1621 1497 1711 1550 illa
1740 1497 1793 1550 iu
1838 1496 2105 1548 latitudine

539 1593 704 1644 cordis
734 1592 826 1655 tui,
849 1601 900 1642 ut
927 1591 1208 1643 custodiant
1232 1599 1278 1641 te
1303 1607 1334 1641 a
1361 1590 1566 1642 muliere
1595 1590 1758 1641 aliena
1786 1597 1830 1640 et
1855 1587 2108 1641 meretrice

541 1679 690 1748 (Cap.
712 1681 764 1732 7.
791 1678 844 1732 2.
867 1681 920 1734 5.
955 1677 1030 1749 5).
1061 1679 1209 1746 Quod
1240 1679 1432 1733 debeas
1462 1678 1750 1747 praedicare
1771 1678 2104 1746 sapientiam,

540 1786 658 1838 qua:
687 1771 737 1824 in
771 1770 994 1824 excelsis
1019 1770 1302 1822 verticibus
1333 1777 1431 1835 est,
1464 1769 1583 1837 quia
1611 1768 1887 1836 pretiosior
1917 1776 1998 1822 est
2023 1783 2109 1820 ar-

550 1869 730 1927 gento,
763 1870 816 1915 et
864 1860 1168 1929 generosior
1216 1874 1342 1913 auro
1387 1861 1607 1927 probato
1639 1878 1650 1912 :
1686 1869 1739 1912 et
1782 1860 1918 1928 quod
1951 1861 2108 1912 timor

543 1951 751 2005 Domini
800 1951 921 2004 odio
965 1950 1154 2004 habeat
1197 1950 1501 2018 injustitiam
1560 1948 1706 2017 (Cap.
1739 1949 1790 2003 8.
1825 1951 1874 2002 1.
1916 1949 1969 2000 2.
2017 1950 2102 2002 11.

543 2042 656 2109 15).
691 2039 822 2093 1111111
865 2041 1008 2099 item,
1055 2038 1298 2092 Dominus
1328 2040 1508 2091 creavit
1550 2055 1628 2091 me
1673 2039 1868 2090 initium
1915 2040 2106 2090 viarum

542 2147 748 2183 suarum
774 2131 823 2182 in
847 2147 999 2197 opera
1019 2146 1110 2182 sua
1131 2128 1288 2198 (Ibid.
1311 2147 1357 2181 υ.
1377 2129 1490 2196 22).
1513 2130 1640 2182 110111
1667 2129 1821 2182 illud:
1846 2130 2108 2198 Sapientia

541 2220 808 2287 aediﬁcavit
829 2220 920 2272 sibi
939 2220 1136 2271 domum
1157 2217 1301 2289 (Cap.
1321 2220 1463 2287 9.1).
1485 2219 1630 2280 110111,
1651 2221 1817 2288 Argue
1837 2221 2108 2287 sapientem

542 2319 588 2360 et
607 2319 651 2360 te
672 2309 858 2377 diliget.
883 2309 941 2361 Si
962 2310 1156 2377 sapiens
1185 2309 1357 2376 fueris,
1375 2308 1655 2375 tibimetipsi
1681 2309 1775 2360 eris
1802 2318 1847 2360 et
1871 2309 2108 2375 proximis

547 2398 677 2461 tuis;
708 2399 750 2448 si
791 2408 953 2449 autem
998 2398 1252 2463 improbus
1295 2397 1521 2459 evaseris,
1547 2398 1683 2448 solus
1726 2397 1925 2448 hauries
1954 2398 2103 2448 mala.

543 2486 728 2539 Mulier
766 2487 916 2539 stulta
955 2495 999 2537 et
1031 2485 1199 2538 audax
1237 2486 1342 2538 cibo
1385 2485 1620 2553 indigebit
1675 2484 1906 2553 (lbid.v.
1936 2485 1987 2538 8.
2022 2484 2104 2537 12.

544 2578 655 2643 15).
697 2577 974 2646 Paupertas
1005 2577 1161 2628 virum
1181 2577 1408 2628 Itumiliat
1437 2592 1454 2627 :
1486 2577 1619 2643 ﬁlius
1643 2585 1804 2627 autem
1833 2575 2109 2644 disciplinis

544 2667 784 2720 educatus
809 2669 1005 2736 sapiens
1035 2669 1142 2720 erit.
1174 2666 1417 2719 Memoria
1431 2666 1557 2734 justi
1586 2681 1699 2716 cum
1727 2665 1974 2720 laudibus.
2013 2665 2110 2729 Qui

543 2760 765 2810 ambulat
799 2761 1106 2828 simpliciter,
1132 2759 1352 2810 ambulat
1378 2757 1700 2818 conﬁdenter.
1728 2755 1824 2820 Qui
1864 2772 1925 2808 ea:
1968 2755 2108 2810 labiis

546 2852 734 2918 profert
771 2853 1088 2918 sapientiam,
1116 2853 1254 2918 virga
1295 2852 1502 2918 percutit
1539 2851 1696 2900 uirum
1723 2849 1872 2901 corde
1901 2848 2108 2901 destitu-

544 2952 667 2993 tum.
705 2939 822 2991 Vitis
861 2941 972 2991 vita:
1015 2941 1228 2991 custodit
1259 2939 1559 3006 disciplina;
1589 2948 1756 3006 tegunt
1808 2948 1971 2991 autem
2007 2937 2109 2989 ini-

544 3034 782 3086 micitiam
809 3034 941 3085 labia
973 3033 1134 3101 justa.
1165 3031 1365 3086 Stultus
1412 3040 1659 3099 perpetrat
1707 3031 1876 3091 mala;
1925 3046 1979 3082 os
2019 3045 2110 3081 au-

546 3135 642 3176 tem
675 3125 801 3193 justi
840 3126 992 3176 stillat
1037 3124 1329 3191 sapientiam
1369 3122 1515 3191 (Cap.
1543 3122 1626 3176 10.
1660 3123 1711 3175 4.
1743 3123 1794 3174 7.
1819 3122 1869 3176 9.
1906 3121 2105 3174 1Ο.15.

547 3217 634 3267 17.
682 3217 768 3269 18.
820 3215 908 3267 25.
941 3212 1048 3283 51).
1082 3214 1275 3266 (3011110
1329 3212 1664 3273 idololatras,
1708 3213 1794 3280 qui
1842 3227 1906 3264 ex
1957 3224 2105 3276 auro,

547 3315 601 3358 et
630 3314 867 3373 argento,
901 3313 990 3357 aut
1039 3304 1296 3372 lapidibus
1348 3312 1438 3356 aut
1487 3303 1659 3371 lignis,
1709 3301 1844 3354 idola
1892 3301 2108 3354 faciunt.

546 3394 696 3457 Quod
735 3410 828 3462 per
860 3394 1056 3461 lignum
1086 3394 1226 3446 salus
1256 3394 1323 3444 sit
1351 3389 1873 3444 credentibus.Circa
1904 3405 1995 3443 eos
2022 3392 2108 3458 qui

550 3482 686 3535 idola
715 3482 963 3545 conflant,
996 3491 1048 3534 et
1069 3497 1186 3534 eum
1216 3481 1302 3549 qui
1331 3481 1467 3532 idola
1494 3479 1677 3547 pingit.
1715 3479 1787 3533 De
1815 3479 1967 3532 malis
1993 3493 2108 3532 om-

551 3572 705 3624 nibus
750 3586 842 3638 per
893 3570 1242 3623 idololatriam
1290 3570 1468 3636 partis.
1521 3569 1593 3619 De
1641 3568 1800 3636 impio
1851 3568 2013 3630 cultu,
2060 3576 2113 3621 et

552 3672 743 3730 quanta
777 3663 826 3714 in
856 3677 918 3715 eo
942 3663 1097 3714 mala.
1129 3661 1199 3713 De
1226 3661 1402 3727 figulo,
1435 3667 1486 3712 et
1509 3658 1575 3711 de
1605 3658 1758 3711 idolis
1789 3656 2002 3727 figlinis.
2037 3657 2112 3712 De

555 3750 709 3803 idolis
751 3750 995 3802 omnibus
1033 3763 1149 3816 qua:
1195 3749 1470 3800 coluerunt
1495 3749 1736 3815 gentiles.
1767 3747 1841 3800 De
1879 3747 2111 3800 infestis-

550 3841 699 3893 simis
741 3838 1071 3902 animalibus,
1104 3839 1452 3905 serpentibus,
1487 3837 1693 3899 felibus,
1736 3845 1790 3890 et
1833 3837 2109 3890 similibus.

555 3931 706 3997 Quod
743 3931 881 3984 Deus
907 3929 1174 3984 beneficus
1207 3927 1381 3982 lsraeli
1430 3942 1522 3995 pro
1561 3926 1702 3979 ranis
1734 3925 1832 3994 ipsi
1875 3926 2111 3980 coturni-

551 4035 665 4074 cem
692 4020 912 4074 dederit.

907 4152 1092 4214 Multa,
1125 4162 1176 4204 ut
1201 4163 1356 4222 puto,
1398 4152 1760 4204 desiderantur.

1108 4318 1337 4357 SYNOPSIS
1376 4317 1560 4355 SIRACI.

624 4463 700 4518 De
727 4463 916 4517 timore
942 4461 1054 4527 Dei,
1077 4460 1216 4530 quod
1246 4459 1397 4513 irasci
1426 4474 1528 4512 non
1554 4469 1815 4527 Oporteat,
1838 4460 1976 4528 quod
2003 4462 2116 4516 sine

557 4556 821 4625 hypocrisi
852 4554 1206 4608 accedendum
1235 4555 1301 4606 sit
1325 4553 1389 4605 ad
1419 4554 1615 4606 Deum:
1645 4552 1710 4606 de
1743 4553 2117 4605 tentationibus

555 4655 608 4698 et
637 4645 702 4698 de
729 4644 1017 4711 patientia:
1050 4643 1115 4696 de
1152 4642 1452 4710 parentibus
1491 4641 1828 4704 honorandis,
1864 4640 1930 4694 de
1955 4640 2118 4709 tequi-

554 4743 661 4788 tate
682 4751 693 4784 :
718 4733 856 4802 quod
879 4748 983 4787 non
1009 4742 1248 4800 oporteat
1270 4747 1506 4800 quaerere
1533 4731 1867 4800 profundiora
1892 4733 1974 4796 iis,
1999 4747 2116 4800 quae

552 4823 699 4889 jussa
730 4830 871 4885 sunt,
903 4821 969 4875 de
1003 4822 1336 4888 eleemosyna
1371 4829 1423 4872 et
1457 4820 1770 4888 pupillorum
1802 4821 2114 4886 patrocinio.

566 4913 638 4965 lle
678 4911 953 4980 sapientia,
985 4910 1051 4965 de
1080 4911 1276 4978 pudore
1307 4911 1462 4963 noxio
1483 4920 1534 4962 et
1565 4910 1674 4962 utili
1703 4927 1714 4962 :
1749 4910 1908 4962 multa
1938 4911 2022 4964 hic
2051 4910 2118 4964 de

557 5004 716 5056 noxio
741 5003 1002 5057 edisserit.
1050 5001 1197 5068 Quod
1245 5015 1346 5053 non
1376 5008 1615 5067 oporteat
1657 4999 1923 5053 desiderio
1952 5015 2115 5068 pecu-

559 5093 764 5147 niarum
791 5107 848 5145 se
877 5091 1091 5156 dedere,
1114 5105 1283 5158 neque
1308 5098 1488 5158 putare
1516 5104 1610 5142 nos
1639 5090 1852 5157 impune
1879 5105 2114 5159 peccare,

560 5183 769 5237 etiamsi
801 5197 903 5235 non
954 5183 1130 5235 statim
1177 5195 1359 5249 poenas
1386 5180 1601 5233 demus:
1635 5181 1840 5247 patiens
1869 5181 2007 5234 enim
2039 5191 2122 5235 est

560 5277 718 5340 Deus,
750 5283 1062 5344 oportetque
1092 5273 1236 5325 illum
1269 5274 1496 5340 placare.
1537 5271 1610 5324 De
1640 5271 1920 5325 verborum
1953 5272 2118 5325 futili-

559 5375 683 5428 tate,
713 5365 779 5418 de
805 5365 1069 5434 superbia,
1099 5364 1163 5416 de
1192 5362 1471 5429 probandis
1498 5363 1702 5425 amicis,
1723 5361 1788 5414 de
1823 5362 2115 5430 disciplina,

557 5457 622 5509 de
671 5457 826 5508 rebus
875 5451 1087 5509 utilibus
1135 5453 1426 5506 audiendis.
1470 5453 1542 5505 De
1589 5468 1690 5504 non
1743 5453 2024 5520 peccando,
2054 5455 2119 5505 de

560 5559 664 5598 non
711 5544 1033 5608 mentiendo,
1065 5543 1129 5597 de
1172 5542 1402 5594 futilibus
1451 5557 1552 5592 non
1602 5540 1857 5603 dicendis,
1900 5541 1964 5592 de
2015 5556 2116 5592 non

560 5632 802 5687 iterando
832 5647 1075 5686 sermone
1106 5633 1154 5684 111
1190 5632 1519 5699 precatione;
1563 5632 1612 5684 id
1643 5640 1743 5694 est,
1778 5645 1892 5698 qua:
1923 5633 2118 5696 promi-

562 5723 696 5777 seris
720 5723 850 5787 Deo,
879 5737 944 5775 ne
983 5720 1210 5775 differas.
1244 5722 1315 5774 De
1347 5721 1583 5784 muliere,
1613 5720 1676 5773 de
1704 5718 1930 5784 famulis,
1960 5734 2114 5786 peco-

1237 396 1292 452 8.
1332 391 1604 450 JOANNIS
1638 383 2105 446 CHRYSOSTOMI
2132 380 2443 438 ARCHIEP.
2477 382 2980 443 CONSTANTINOP

3661 408 3773 461 3711

2211 500 2376 565 ribus,
2403 502 2470 558 de
2508 504 2648 573 filiis,
2676 505 2742 559 de
2782 515 2951 576 patre,
2979 505 3045 561 de
3082 508 3272 574 pietate
3302 521 3425 576 erga
3471 506 3656 568 Deum,
3706 507 3772 559 de

2209 591 2410 647 honore
2435 595 2795 649 sacerdotibus
2815 597 3134 661 exhibendo,
3154 598 3218 652 de
3241 600 3512 651 visitandis
3539 598 3770 661 afﬂictis,

2209 683 2284 738 De
2327 700 2429 737 non
2477 685 2746 753 litigando,
2778 687 2843 740 de
2873 702 2976 740 non
3008 688 3394 756 exprobrando,
3435 688 3501 742 de
3531 705 3635 741 non
3682 689 3777 742 de-

2207 773 2491 842 spiciendis
2529 777 2918 830 narrationibus
2948 792 3132 831 senum
3163 780 3494 847 sapientium.
3531 778 3606 832 De
3639 789 3777 832 tem~

2208 869 2464 931 perantia,
2496 865 2563 919 de
2593 867 2842 932 amicitia,
2870 868 2936 920 de
2969 883 3071 920 non
3119 869 3415 922 aemulando
3446 879 3775 936 peccatores.

2211 953 2284 1006 De
2307 953 2484 1022 judice
2519 954 2771 1022 prudente
2799 965 2851 1010 et
2880 959 3061 1021 stulto,
3093 957 3159 1012 de
3203 959 3468 1025 superbia,
3501 958 3568 1011 de
3607 960 3776 1028 atqui-

2210 1051 2337 1107 tate,
2367 1045 2433 1098 de
2463 1060 2568 1099 non
2609 1047 2959 1115 vituperando
3000 1050 3116 1104 sine
3153 1050 3372 1118 judicio,
3405 1058 3457 1104 et
3495 1051 3610 1104 sine
3643 1065 3777 1107 exa-

2211 1133 2372 1187 mine.
2421 1134 2494 1187 De
2523 1135 2747 1188 vitandis
2788 1137 2999 1205 iniquis.
3036 1139 3110 1192 De
3149 1139 3367 1192 divitum
3416 1140 3578 1204 cultu,
3609 1140 3698 1208 qui
3742 1163 3773 1200 ει

2210 1221 2389 1275 111111ιὶ5
2419 1223 2718 1288 exhibetur,
2765 1234 2818 1278 et
2844 1225 2909 1279 de
2939 1228 3286 1294 quorumdam
3338 1229 3474 1282 inter
3505 1229 3620 1282 illos
3651 1243 3779 1280 ava-

2211 1311 2352 1364 ritia.
2395 1312 2468 1366 De
2505 1315 2853 1382 parcis,quos
2888 1323 3054 1384 θρῖπας
3097 1317 3362 1385 appellant
3386 1318 3480 1385 (a),
3523 1318 3609 1386 qui
3655 1318 3780 1371 aliis

2215 1415 2317 1454 non
2351 1402 2676 1470 impertiant.
2704 1404 2776 1457 De
2802 1407 3136 1472 possessione
3175 1407 3464 1475 sapientiae,
3495 1407 3561 1460 de
3603 1407 3778 1460 libero

2214 1493 2456 1546 arbitrio.
2500 1494 2683 1548 Melius
2736 1511 2854 1550 esse
2900 1498 3077 1550 liberis
3117 1513 3327 1562 carere,
3376 1514 3529 1567 quam
3575 1501 3779 1566 impro-

2212 1584 2306 1638 bos
2354 1586 2567 1640 habere.
2623 1587 2761 1640 Nihil
2800 1589 2966 1642 latere
3018 1590 3200 1642 Deum.
3255 1591 3328 1642 De
3368 1590 3658 1654 creaturis,
3709 1589 3778 1644 de

2213 1675 2438 1728 hominis
2479 1677 2812 1745 formatione,
2848 1680 2914 1734 de
2956 1680 3156 1734 honore
3198 1697 3300 1749 quo
3343 1690 3626 1734 exornatus
3667 1691 3772 1732 est.

2213 1763 2286 1817 De.
2319 1765 2431 1832 lege
2467 1766 2607 1830 data,
2636 1768 2702 1821 de
2741 1769 3074 1839 eleemosyna
3119 1780 3170 1822 et
3203 1770 3526 1836 pcenitentia,
3553 1769 3621 1822 de
3651 1768 3777 1822 luxu

2211 1869 2258 1912 et
2286 1860 2493 1912 lascivia
2519 1876 2620 1913 non
2644 1862 3026 1929 amplectenda.
3044 1864 3118 1916 De
3139 1864 3374 1917 custodia
3399 1863 3777 1932 mysteriorum

2210 1963 2302 2001 seu
2335 1963 2666 2013 arcanorum,
2687 1951 2753 2004 de
2781 1952 2925 2004 stulti
2957 1953 3154 2020 pudore
3184 1954 3358 2005 noxio.
3379 1952 3526 2016 Quod
3557 1952 3623 2005 de
3650 1967 3779 2020 pec—

2210 2038 2343 2090 catis
2376 2039 2682 2105 poenitentia
2721 2040 2788 2092 sit
2814 2041 3037 2109 agenda,
3071 2042 3135 2095 de
3163 2042 3446 2095 ambitione
3473 2049 3526 2094 et
3554 2042 3776 2095 avaritia

2214 2127 2494 2196 fugiendis,
2525 2128 2590 2181 de
2621 2130 2857 2197 sapiente
2887 2139 2937 2184 et
2967 2132 3146 2192 stulto,
3180 2131 3245 2184 de
3277 2131 3377 2183 filia
3410 2131 3684 2198 petulanti,
3713 2131 3780 2184 de

2212 2217 2654 2272 inconsiderantia
2699 2220 2865 2284 stulti,
2896 2221 2962 2274 de
3006 2230 3181 2273 mente
3231 2222 3397 2281 firma,
3428 2219 3492 2273 de
3541 2235 3645 2274 non
3696 2221 3780 2273 lo-

2211 2306 2420 2373 quendo
2449 2309 2563 2360 sine
2601 2309 2824 2362 cautela.
2857 2309 2931 2362 De
2960 2311 3362 2377 comptinclione
3407 2323 3500 2377 pro
3547 2311 3781 2376 peccatis

2214 2396 2471 2462 habenda,
2505 2397 2570 2450 de
2600 2413 2701 2451 non
2744 2399 2987 2466 jurando,
3024 2399 3088 2452 de
3131 2400 3404 2465 sapientia.
3452 2399 3524 2452 De
3553 2400 3780 2452 muliere

2213 2485 2348 2537 mala
2377 2496 2430 2539 et
2462 2487 2617 2552 bona,
2653 2488 2718 2541 de
2748 2490 3174 2558 negotiatoribus,
3204 2489 3270 2543 de
3314 2489 3378 2542 iis
3423 2490 3510 2557 qui
3539 2489 3781 2543 revelant

2213 2590 2424 2629 arcana.
2458 2577 2532 2631 De
2556 2579 2643 2631 illo
2670 2581 2755 2647 qui
2785 2582 2832 2632 in
2864 2581 3047 2633 faciem
3082 2581 3277 2645 laudat,
3311 2590 3452 2635 retro
3476 2581 3675 2634 irridet.
3699 2581 3780 2635 De

2213 2667 2570 2722 condonandis
2601 2672 2843 2738 proximo
2875 2671 3097 2724 delictis.
3145 2672 3217 2726 De
3260 2673 3432 2740 lingua
3473 2672 3673 2735 dolosa,
3709 2672 3782 2726 de

2213 2769 2396 2812 mutuo
2418 2761 2592 2814 dando
2617 2765 2867 2829 proximis
2889 2765 3002 2817 51110
3033 2781 3208 2829 usura,
3226 2766 3313 2818 sed
3339 2766 3611 2833 egentibus
3632 2781 3784 2818 com-

2214 2849 2496 2902 modando.
2527 2852 2596 2904 De
2625 2852 2908 2906 educandis
2949 2864 3188 2907 aet-orate
3231 2856 3426 2916 liberis,
3448 2855 3513 2908 de
3546 2855 3778 2920 famulis,

2214 2936 2280 2990 dc
2324 2938 2509 3004 brutis,
2541 2941 2607 2992 de
2637 2943 2876 2993 somniis.
2912 2943 2984 2996 De
3033 2945 3334 2998 timentibus
3381 2946 3565 3010 Deum,
3597 2947 3663 3000 de
3691 2961 3780 2999 sa-

2215 3026 2425 3079 crificiis
2451 3042 2514 3081 ex
2545 3027 2817 3096 iniquitate
2847 3032 3027 3098 partis,
3059 3032 3124 3085 de
3168 3033 3516 3087 oblationibus
3577 3051 3641 3090 ex
3695 3036 3783 3103 ju-

2214 3117 2373 3170 stitia.
2406 3119 2477 3172 De
2507 3134 2687 3174 amore
2719 3124 2973 3189 pecuniae,
3007 3124 3072 3177 de
3117 3126 3349 3194 crapula,
3391 3125 3457 3179 de
3498 3127 3778 3181 ebrietate.

2215 3209 2364 3274 Quod
2403 3211 2703 3267 hominibus
2736 3231 2835 3269 una
2875 3225 3074 3270 naturae
3114 3218 3450 3281 constitutio;
3494 3219 3782 3274 voluntatis

2214 3319 2338 3356 vero
2372 3307 2692 3372 propositum
2721 3308 3008 3372 diversum,
3044 3312 3174 3364 alios
3214 3312 3472 3374 benedici,
3503 3313 3635 3364 alios
3662 3328 3784 3364 ma-

2215 3392 2366 3446 ledici
2410 3405 2677 3461 procuret.
2713 3397 2783 3450 De
2808 3399 3085 3462 medicina,
3110 3401 3246 3468 quod
3289 3417 3392 3453 non
3423 3411 3667 3470 oporteat
3695 3403 3781 3454 ni-

2214 3482 2316 3534 mia
2350 3485 2555 3535 tristitia
2583 3487 2766 3539 teneri.
2801 3488 2949 3554 Quod
2972 3499 3204 3556 Oporteat
3234 3506 3260 3542 a
3285 3491 3396 3558 lege
3429 3500 3481 3542 et
3511 3507 3538 3543 a
3576 3492 3783 3558 legibus

2216 3573 2308 3627 Dei
2358 3577 2612 3630 cohiberi.
2667 3578 2741 3631 De
2787 3581 3033 3646 Operibus
3083 3582 3204 3643 Dei,
3253 3582 3318 3634 de
3364 3581 3666 3649 suppliciis,
3713 3584 3784 3636 de

2216 3661 2440 3716 humana
2467 3675 2670 3729 natura,
2696 3667 2833 3734 quod
2854 3683 2914 3720 ea
2956 3669 3131 3721 multis
3159 3670 3352 3739 repleta
3380 3671 3447 3723 sit
3469 3671 3703 3725 0101110115
3729 3681 3784 3726 et

2217 3755 2672 3810 sollicitudinibus.
2722 3758 2794 3811 De
2824 3759 3069 3826 operibus
3101 3759 3212 3812 Dei.

2313 3951 2547 3992 SYNOPSIS
2585 3952 2754 3992 EORUDI
2795 3951 2909 3998 ΟΠΞ
2951 3953 3011 3990 ΑΒ
3050 3952 3181 3991 18ΛΙΑ
3221 3952 3490 3991 PROPHETA
3531 3951 3685 3990 DICTA

2924 4043 3073 4081 SUNT.

2293 4188 2569 4245 Accusatio
2599 4185 2803 4240 15100115
2833 4183 3048 4252 ejusque
3069 4180 3368 4244 calamitas;
3397 4193 3457 4231 ac
3480 4178 3788 4246 reprobatio

2219 4281 2615 4342 sacrificiorum,
2640 4275 3042 4340 adhortatioque
3068 4270 3131 4324 ad
3163 4271 3430 4323 meliorem
3457 4270 3639 4321 vitam.
3665 4268 3794 4324 Pro-

2220 4374 2393 4442 phetia
2416 4371 2480 4423 de
2509 4368 2759 4429 Ecclesia,
2782 4365 2919 4419 etde
2942 4364 3113 4416 futura
3141 4375 3285 4428 pace.
3316 4359 3593 4413 Accusatio
3621 4358 3801 4413 lsrae-

2221 4464 2307 4526 lis,
2339 4470 2390 4513 et
2419 4460 2585 4512 futura
2609 4455 2833 4509 obsidio.
2867 4452 3141 4507 Accusatio
3170 4449 3472 4503 deliciarum
3510 4462 3696 4502 eorum
3734 4457 3792 4502 et

2221 4549 2497 4618 superbiae.
2523 4544 2836 4613 Reprobatio
2855 4541 3059 4596 lsraelis
3077 4555 3170 4608 per
3184 4540 3348 4592 vineae
3366 4535 3790 4593 similitudinem.

2223 4643 2540 4698 Criminatur
2567 4638 2826 4706 principes
2851 4635 3057 4689 lsraelis
3084 4634 3150 4686 ob
3178 4631 3448 4684 avaritiam
3479 4637 3532 4682 et
3552 4628 3788 4681 ebrieta-

2223 4745 2349 4798 tem,
2395 4733 2521 4800 ipsis
2563 4730 2939 4784 desolationem
2983 4725 3310 4778 vaticinatur.
3355 4722 3581 4775 Minatur
3607 4719 3671 4773 iis
3698 4719 3790 4787 qui

2223 4822 2705 4894 pseud0prophetas
2734 4818 3002 4886 prophetis
3046 4813 3347 4883 praeferunt.
3394 4813 3661 4865 Ascensus
3694 4809 3791 4862 ho-

2225 4919 2376 4973 stium
2407 4916 2634 4967 illorum.
2663 4911 2924 4962 Visionem
2969 4904 3244 4972 conspicit,
3284 4903 3335 4958 in
3367 4918 3468 4971 qua
3497 4902 3610 4970 ejus
3651 4900 3793 4953 labia

2225 5016 2437 5077 purgata
2462 5005 2625 5058 fuere.
2661 5000 2964 5054 Exercitum
2994 4996 3238 5049 admovet
3263 4994 3516 5063 Syrorum
3548 5007 3640 5046 rex
3667 5004 3793 5044 cum

2224 5096 2469 5152 lsraelitis
2514 5103 2696 5147 contra
2745 5088 3054 5151 Jerusalem,
3103 5094 3156 5140 et
3195 5085 3506 5138 vaticinatur
3537 5082 3697 5135 Isaias
3723 5081 3795 5135 de

2225 5188 2453 5250 Christo,
2487 5195 2539 5238 et
2568 5183 2810 5235 vastitate
2830 5180 3140 5244 Jerusalem,
3168 5177 3336 5246 deque
3361 5189 3586 5229 ascensu
3612 5173 3794 5226 Nabu-

2224 5276 2623 5331 chodonosoris.
2656 5271 2932 5339 Prophetia
2963 5270 3028 5324 de
3071 5271 3134 5323 iis
3162 5268 3251 5336 qui
3281 5269 3331 5321 in
3373 5265 3638 5319 Christum
3669 5280 3797 5318 cre-

2225 5371 2379 5424 dituri
2408 5377 2547 5422 sunt.
2574 5367 2645 5419 De
2672 5364 2994 5430 fortitudine,
3022 5363 3263 5432 superbia
3291 5371 3344 5416 ot
3365 5359 3598 5428 pernicie
3626 5360 3801 5428 Assy—

2289 5545 2358 5601 (a)
2379 5552 2506 5590 ttunc
2532 5541 2684 5587 locum
2719 5539 2912 5599 reSpicit
2945 5538 3020 5595 14,
3045 5540 3073 5584 5
3095 5537 3226 5584 :Viro
3250 5547 3394 5597 parco
3416 5547 3506 5583 non
3531 5535 3663 5583 bona:
3685 5543 3792 5585 sunt

2227 5603 2592 5655 airititv.t'arcos
2608 5609 2763 5648 autem
2788 5613 2907 5660 opai-.4;
2935 5601 3257 5660 vocalrantdist
3271 5609 3388 5644 vero
3408 5609 3486 5656 ius
3504 5609 3661 5660 genus
3680 5609 3789 5660 ver-

2228 5665 2385 5714 niiculi
2411 5662 2673 5710 secundum
2695 5655 2899 5716 Suidam,
2923 5660 3049 5720 quod
3074 5657 3200 5718 ligna
3223 5655 3789 5708 010011111000110110001.

2231 5730 2342 5773 11111(-
2369 5737 2531 5785 parcos
2557 5730 2605 5771 ct
2636 5734 2799 5770 avaros
2831 5734 2952 5782 θριπας
2977 5726 3217 5768 vocarunt.
