3996 6416
225 379 334 433 375

231 491 304 549 ζει
361 493 605 558 σοφίαν.
667 488 816 542 Κατά
867 483 1278 547 είδωλολατρῶν,
1333 483 1394 531 ἐκ
1443 476 1642 546 χρυσοῦ
1700 473 1791 525 καὶ

230 576 492 643 ἀργύρου,
529 577 560 644 ἢ
613 575 792 633 λίθων,
829 573 860 639 ἢ
899 571 1066 633 ξύλων
1101 569 1328 619 εἰδώλων
1366 568 1423 631 (Ι.
1453 563 1662 630 εἴδωλα)
1693 577 1794 611 κα-

229 663 742 730 τασκευασαμένων.
774 661 898 712 Ὅτι
943 659 1058 708 5071
1096 655 1332 723 σωτηρία
1377 652 1462 704 διά
1497 649 1651 716 ξύλου
1687 647 1797 705 τοῖς

231 747 567 801 πιστεύουσι.
599 747 678 798 Τά
728 747 853 815 περὶ
895 741 1268 802 είδωλοποιῶν,
1314 741 1344 808 ἢ
1386 736 1797 806 ζωγραφοῦντας

231 830 443 887 εἴδωλα.
497 835 629 902 Περὶ
657 835 868 886 πάντων
913 831 1016 882 τῶν
1049 829 1229 880 κακῶν
1275 827 1380 877 τῶν
1425 828 1480 876 έν
1521 823 1798 875 είδωλολα-

229 919 404 989 τρείᾳ.
458 921 593 988 H591
641 919 865 978 ἀσεϐοῦς
915 914 1229 986 θρησκείας,
1282 913 1372 964 καὶ
1404 914 1502 963 ὅσα
1550 912 1606 961 ἐν
1660 909 1795 977 αὑτῇ

232 1008 396 1059 κακά.
437 1007 572 1073 H591
595 1004 686 1055 τοῦ
717 1003 1021 1071 κεραμέως,
1047 1001 1138 1051 καὶ
1165 1000 1268 1050 τῶν
1300 995 1616 1067 κεραμικῶν
1647 993 1795 1046 εἰδώ-

230 1090 354 1143 λων.
401 1091 536 1160 H591
572 1091 783 1142 πάντων
812 1088 918 1139 τῶν
957 1087 1186 1138 εἰδώλων
1229 1085 1323 1153 τῆς
1360 1083 1464 1134 τῶν
1489 1081 1657 1134 ἐθνῶν
1700 1081 1796 1133 λα-

228 1178 432 1245 τρείας.
474 1177 610 1244 Περὶ
640 1176 746 1227 τῶν
788 1174 1046 1242 ἐχθίστων
1081 1172 1252 1235 ζώων,
1284 1172 1478 1236 ὄφεων,
1512 1169 1793 1234 αἰλούρων,

231 1263 320 1312 7.01
353 1263 460 1312 τῶν
481 1261 701 1330 ὁμοίων.
731 1262 847 1311 Ὅτι
875 1261 1237 1327 εὐηργέτησεν
1258 1259 1283 1308 ὁ
1304 1256 1432 1317 Θεὸς
1461 1256 1549 1307 τὸν
1588 1252 1796 1322 Ἰσραὴλ

231 1349 347 1400 ἀντὶ
377 1350 663 1420 βατράχων
701 1349 726 1398 ὁ
735 1365 891 1418 ρτυγο
899 1349 1126 1416 μήτραν.

690 1525 950 1591 Σύνοψις
993 1523 1095 1576 τοῦ
1138 1523 1336 1591 Σιρτὶχ.

299 1668 434 1736 H591
463 1665 629 1733 φόϐου
669 1666 799 1717 Θεοῦ
827 1678 875 1728 ι,
909 1664 1153 1735 περὶτοῦ
1201 1664 1273 1733 μὴ
1316 1661 1633 1732 θυμοῦσθαι,
1671 1660 1796 1730 77591

230 1754 318 1804 τοῦ
349 1755 460 1805 δεῖν
490 1755 656 1821 χωρὶς
685 1753 1018 1822 ὑποκρίσεως
1049 1752 1326 1822 προσιέναι
1356 1751 1492 1820 Θεῷ,
1533 1750 1658 1818 περὶ
1687 1765 1796 1800 πει-

233 1840 454 1909 ρασμῶν
502 1842 596 1890 >101
630 1839 921 1908 ὑπομονῆς,
953 1838 1077 1905 77591
1116 1838 1278 1906 τιμῆς
1313 1838 1408 1904 τῆς
1439 1838 1515 1898 είς
1547 1837 1670 1897 τοὺς
1702 1852 1793 1900 γο-

230 1930 356 1988 νεῖς,
384 1927 512 1994 77591
553 1927 870 1988 ἐπιεικείας,
903 1925 1143 1993 περὶτοῦ
1177 1925 1248 1992 μὴ
1285 1924 1391 1976 δεῖν
1424 1923 1602 1992 ζητεῖν
1628 1922 1791 1990 βαθύ-

230 2029 358 2080 τερα
403 2012 512 2062 τῶν
557 2011 1065 2080 προστεταγμένων,
1117 2011 1241 2078 περὶ
1287 2009 1648 2078 ἐλεημοσύνης
1700 2007 1792 2059 καὶ

228 2097 474 2164 ὀρφανῶν
525 2098 872 2164 προστασίας.
927 2097 1058 2163 Περὶ
1117 2097 1325 2162 σοφίας,
1371 2095 1497 2164 περὶ
1536 2093 1792 2162 αίσχύνης

233 2183 496 2250 βλαϐερᾶς
525 2182 615 2233 καὶ
642 2181 971 2249 ἐπωφελοῦςο
994 2181 1158 2232 πολλὰ
1181 2183 1234 2233 δὲ
1263 2181 1386 2248 περὶ
1409 2181 1504 2249 τῆς
1530 2180 1792 2248 βλαϐερᾶς

230 2267 457 2319 ἐνταῦθα
490 2266 654 2333 λέγει.
703 2269 837 2337 Περὶ
871 2268 961 2318 τοῦ
1011 2268 1083 2335 μὴ
1116 2267 1222 2318 δεῖν
1257 2266 1495 2317 δεδόσθαι
1538 2265 1612 2333 τῷ
1643 2266 1791 2333 πόθῳ

227 2356 330 2406 τῶν
361 2355 680 2426 χρημάτων,
714 2357 845 2424 μηδὲ
875 2355 1078 2408 οἴεσθαι
1102 2356 1404 2423 ἀτιμωρητ“ι
1437 2354 1788 2422 ἁμαρτάνειν,

231 2440 328 2492 κᾶν
362 2441 674 2508 παραυτίκα
717 2441 789 2510 μὴ
833 2440 1008 2508 δῶμεν
1055 2441 1148 2508 τὴν
1180 2441 1444 2508 τιμωρίαν
1469 2457 1480 2468 ·
1517 2440 1790 2508 μακρόθυ-

231 2545 324 2594 μσς
362 2529 471 2597 γάρ
502 2527 648 2580 ἐστιν
690 2530 717 2579 ὁ
751 2529 878 2588 Θεός
903 2545 915 2556 ο
943 2528 1050 2579 δεῖν
1081 2528 1135 2578 δὲ
1167 2527 1511 2592 ἐξιλάσασθαι
1549 2529 1572 2566 b
1607 2529 1786 2580 αὑτόν.

229 2615 360 2682 Περὶ
377 2614 668 2684 φλυαρίας,
684 2632 746 2664 πε
758 2620 804 2683 9‘1
827 2615 1216 2683 ὑπερηφανίας,
1250 2617 1374 2682 7:591
1398 2615 1561 2682 φίλων
1577 2616 1790 2684 δοκιμα-

228 2700 364 2763 σίας,
381 2700 509 2766 περὶ
530 2698 790 2761 παιδείας,
813 2718 875 2749 πε
888 2700 937 2766 91
958 2699 1271 2768 ἀκροάσεως
1297 2699 1625 2766 έπωφελοῦς.
1655 2701 1788 2768 H591

225 2785 316 2836 τοῦ
352 2788 426 2854 μή
458 2786 811 2854 ἁμαρτάνειν,
848 2787 921 2855 μὴ
956 2786 1262 2854 ψεύδεσθαι,
1298 2788 1368 2856 μὴ
1399 2788 1672 2856 φλυαρεῖν,
1716 2787 1787 2856 μὴ

225 2871 505 2940 δειδτεροῦν
535 2873 687 2938 λόγον
726 2874 781 2923 ὲν
821 2875 1092 2942 προσευχῇ
1119 2889 1132 2902 ο
1177 2873 1470 2935 τουτέστιν,
1513 2877 1569 2924 ὲν
1608 2867 1685 2935 οἷς
1725 2873 1789 2925 ἂν

225 2958 434 3029 ὑπόσχῃ
449 2958 586 3027 Θεῷ.
614 2959 685 3028 μὴ
708 2958 932 3028 ὑπέρθῃ.
953 2959 1087 3027 H591
1110 2960 1383 3024 γυναικὸς,
1403 2977 1467 3010 πε
1480 2960 1528 3029 91
1547 2960 1787 3023 οἰκετῶν,

225 3043 373 3115 [58!]
406 3046 533 3112 77591
563 3045 790 3112 κτηνῶν,
822 3045 947 3112 7:591
981 3045 1202 3108 τέκνων,
1252 3045 1376 3112 7:591
1408 3045 1630 3113 πατρὸς,
1666 3047 1789 3113 περὶ

223 3130 316 3195 τῆς
364 3131 507 3182 κατὰ
540 3130 670 3181 Θεὸν
709 3129 1008 3191 εὐλαϐείας,
1060 3131 1185 3197 περὶ
1230 3133 1326 3199 τῆς
1371 3132 1449 3192 είς
1478 3133 1600 3192 τοὺς
1630 3132 1788 3198 ίερεῖς

221 3215 403 3282 τιμῆς,
438 3216 565 3282 περὶ
600 3215 699 3282 τῆς
744 3216 820 3275 είς
852 3215 975 3275 τοὺς
1021 3215 1386 3282 κακουμένους
1434 3217 1785 3283 ἐπισκέψεως.

223 3302 354 3370 Περὶ
399 3301 492 3352 τοῦ
527 3303 600 3371 μὴ
655 3302 940 3370 μάχεσθαι,
975 3302 1046 3370 μὴ
1089 3303 1383 3364 ὀνειδίζειν,
1422 3303 1492 3372 μὴ
1545 3307 1788 3372 παρορᾷν

219 3388 569 3457 διηγημάτων
599 3390 773 3456 σοφῶν
799 3390 1080 3458 γερόντων.
1104 3391 1236 3456 H591
1260 3391 1626 3459 σωφροσύνης,
1659 3409 1723 3442 πε
1736 3393 1786 3460 91

221 3475 419 3542 φιλίας,
453 3477 577 3544 77591
603 3476 693 3526 τοῦ
721 3477 791 3545 μὴ
823 3476 1012 3546 ζηλοῦν
1038 3477 1406 3545 ἁμαρτωλούς.
1439 3480 1570 3546 H591
1601 3479 1785 3548 κριτοῦ

221 3562 436 3613 συνετοῦ
475 3565 564 3613 7.01
598 3565 847 3629 ἄφρονος,
891 3565 1016 3631 περὶ
1049 3565 1440 3632 ὑπερηφανίας,
1470 3565 1594 3634 περὶ
1617 3567 1787 3617 57:151-

219 3651 390 3710 κείας,
425 3652 553 3717 περί
584 3650 676 3700 τοῦ
711 3650 781 3718 μὴ
806 3652 1040 3719 ἀκρίτως
1068 3654 1158 3702 καὶ
1184 3653 1548 3716 ἀνεξετάστως
1580 3654 1782 3720 μέμφε-

221 3735 359 3787 σθαι.
405 3737 537 3802 H591
566 3734 658 3786 τοῦ
686 3736 1040 3800 φυλάττεσθαι
1068 3738 1191 3798 τοὺς
1219 3737 1501 3804 πονηρούς.
1536 3739 1785 3806 Περὶιτῆς

217 3821 321 3873 τῶν
369 3821 640 3873 πλουσίων
686 3822 997 3891 θεραπείας,
1029 3818 1096 3894 ἧς
1143 3825 1290 3892 ποιρά
1346 3825 1552 3876 πολλῶν
1586 3826 1786 3893 τυγχάσ

218 3925 384 3972 νουσι,
422 3909 518 3959 καὶ
565 3909 818 3977 περὶτῆς
858 3909 1012 3960 ὲνίων
1058 3910 1237 3962 αὑτῶν
1281 3911 1608 3974 πλεονεξίας.
1654 3914 1786 3982 Περὶ

219 3995 576 4064 μικρολόγων,
607 3994 698 4056 οὓς
747 3994 940 4063 θρῖπας
971 3995 1190 4048 καλοῦσι
1218 4009 1264 4058 ε,
1295 3999 1416 4059 τοὺς
1447 3999 1518 4067 μὴ
1569 4000 1784 4066 μεταδι-

215 4081 397 4143 δόντας
420 4083 646 4152 ὲτέροις.
681 4084 812 4152 H591
836 4085 1078 4152 κτήσεως
1111 4086 1318 4151 σοφίας,
1354 4086 1480 4154 περὶ
1509 4085 1599 4136 τοῦ
1630 4087 1784 4136 αὑτε-

217 4169 446 4232 ξουσίου.
505 4171 636 4238 H591
687 4170 779 4221 τοῦ
827 4171 1027 4222 ἄπαιδα
1068 4167 1224 4236 εἶναι,
1277 4173 1308 4241 ἢ
1366 4172 1574 4240 πονηρά
1622 4174 1782 4224 τέκνα

214 4256 376 4324 ἔχειν.
407 4255 528 4306 Ὅτι
571 4256 719 4307 οὐδὲν
760 4257 1006 4310 λανθάνει
1045 4257 1136 4308 τὸν
1170 4258 1319 4310 Θεόν.
1353 4258 1485 4326 Περὶ
1518 4259 1623 4310 τῶν
1667 4277 1781 4310 κτι-

216 4344 456 4411 σμάτων.
486 4341 611 4409 περὶ
641 4343 738 4411 τῆς
767 4343 860 4395 τοῦ
893 4344 1176 4414 ἀνθρώπου
1206 4344 1472 4410 πλάσεως,
1498 4347 1588 4398 καὶ
1621 4347 1783 4414 τιμῆς

212 4427 277 4499 ἦς
305 4430 561 4500 ἐτιμήθη.
606 4431 739 4500 Περὶ
764 4432 862 4498 τῆς
887 4432 980 4484 τοῦ
1022 4433 1184 4501 νόμου
1226 4433 1442 4496 δόσεως,
1479 4435 1603 4501 7:591
1633 4435 1784 4502 έλεη-

218 4517 454 4583 μοσύνης
491 4516 584 4566 καὶ
615 4518 917 4584 μετανοίας,
967 4521 1094 4587 περὶ
1139 4516 1232 4569 τοῦ
1268 4520 1340 4586 μὴ
1394 4518 1776 4572 ἀσωτεύεσθαι.

217 4603 347 4671 Περὶ
392 4602 638 4670 φυλακῆς
698 4604 1031 4672 μυστηρίων,
1080 4607 1206 4673 περὶ
1241 4606 1468 4673 ἄφρονος
1525 4607 1779 4674 αἰσχύνης

216 4688 503 4757 βλαϐερᾶς.
539 4689 671 4758 Περὶ
701 4689 793 4740 τοῦ
824 4691 1100 4758 μετανοεῖν
1126 4692 1216 4742 57:1
1248 4693 1620 4760 ἁμαρτήμασι,
1653 4694 1778 4761 7:591

213 4776 303 4827 τοῦ
341 4778 416 4845 μὴ
453 4777 808 4839 πλεονεκτεῖν,
839 4779 966 4846 77591
1001 4778 1218 4829 συνετοῦ
1252 4781 1342 4830 καὶ
1375 4781 1624 4848 ἄφρονος,
1654 4781 1780 4850 7:591

215 4863 481 4930 θυγατρὸς
534 4865 720 4927 θυσίας
760 4865 808 4926 δ,
865 4867 991 4934 7:591
1035 4866 1361 4936 ἀπροσεξίας
1406 4867 1608 4937 μωροῦ,
1654 4868 1779 4937 77591

215 4950 447 5010 διανοίας
475 4953 725 5020 στερρᾶς,
752 4955 877 5024 περὶ
903 4954 995 5006 τοῦ
1022 4955 1093 5024 μὴ
1125 4955 1597 5024 ἀπαραφυλάκτως
1626 4956 1780 5022 φθέγ-

217 5035 422 5101 γεσθαι.
462 5037 594 5106 Περὶ
640 5039 733 5089 τοῦ
773 5041 1194 5094 κατανύττεσθαι
1238 5044 1348 5104 τοῖς
1405 5043 1777 5111 ἁμαρτήμασι,

218 5124 465 5194 περὶτοῦ
517 5125 590 5194 μὴ
629 5126 874 5194 ὀμνύναι,
925 5131 1052 5197 περὶ
1098 5130 1304 5197 σοφίας.
1348 5131 1480 5200 H591
1526 5130 1778 5198 γυναικὸς

219 5213 454 5280 πονηρᾶς
483 5211 575 5262 καὶ
610 5212 838 5279 ἀγαθῆς,
872 5217 996 5282 περὶ
1034 5217 1308 5284 ἐμπόρων,
1342 5218 1465 5285 περὶ
1505 5217 1780 5269 ἐκλαλούν-

218 5314 321 5350 των
366 5299 655 5367 μυστήρια.
692 5300 824 5368 Περὶ
855 5300 948 5351 τοῦ
987 5305 1062 5363 εἱς
1095 5303 1380 5372 πρόσωπον
1416 5305 1776 5366 ἐπαινοῦντος,

224 5383 526 5455 ὕστερονδὲ
577 5385 943 5453 χλευάζοντος.
985 5389 1117 5458 H591
1148 5389 1240 5441 τοῦ
1284 5391 1496 5458 ἀφιέναι
1527 5391 1602 5460 τῷ
1645 5392 1780 5460 πλη-

278 5632 301 5692 f‘
330 5631 410 5678 Sic
427 5630 528 5678 fere
555 5632 786 5692 Synopsis
812 5632 1071 5684 Athanasio
1099 5638 1286 5688 tribum

279 5691 306 5732 h
332 5693 476 5742 Cois].
505 5691 839 5747 ἐξιλάσκεσθαι.

1289 367 1366 420 51'
1379 361 1618 418 NUPSIS
1655 355 2067 414 SCRIPTURAS
2109 357 2378 411 SACRA‘.

3344 372 3455 428 376

1899 469 2010 520 σίον
2041 471 2106 520 τὰ
2149 473 2224 530 εἰς
2254 471 2410 521 αὑτὸν
2455 471 2914 540 πλημμελούμενα
2951 488 2968 508 ·
2992 511 3003 522 .
3039 472 3168 539 11591
3209 473 3453 541 γλώσσης,

1895 558 2089 621 δολίας,
2136 559 2379 627 περὶτοῦ
2413 559 2671 619 δανείζειν
2704 559 2781 628 τῷ
2825 559 3069 626 πλησίον,
3105 560 3222 628 οὑχὶ
3267 560 3453 621 τόκους

1897 644 2095 701 λαϐεῖν,
2131 645 2264 695 ἀλλά
2296 647 2486 713 κιχρᾷν
2516 647 2591 713 τῷ
2630 645 2886 713 δεομένῳ.
2926 647 3056 714 Περὶ
3088 645 3176 696 τοῦ
3206 646 3456 714 επιστ-ρό-

1898 747 2012 796 φως
2065 730 2332 782 παιδεύειν
2371 731 2553 794 τέκνα,
2601 733 2728 800 περὶ
2773 731 3012 795 οίκετῶν,
3050 732 3181 800 περὶ
3226 729 3452 797 ἀλόγων,

1897 820 2024 885 περὶ
2049 819 2327 872 ἐνυπνίων.
2358 819 2490 888 Περὶ
2516 820 2622 871 τῶν
2654 818 3002 887 φοϐουμένων
3033 819 3120 870 τὸν
3147 819 3296 880 Θεὸν,
3328 821 3454 888 περὶ

1895 905 1999 956 τῶν
2043 904 2102 967 ἐξ
2135 905 2340 967 ἀδικίας
2372 905 2590 969 θυσιῶν,
2637 909 2763 972 περὶ
2797 905 3118 975 προσφορῶν
3149 905 3254 958 τῶν
3284 907 3348 957 ὲκ
3379 906 3454 957 δι-

1895 993 2203 1061 καιοσύνης.
2231 996 2366 1063 Περὶ
2397 995 2775 1065 φιλαργυρίας,
2802 996 2927 1063 περὶ
2953 995 3300 1064 λαιμαργίας,
3326 997 3452 1064 περὶ

1901 1079 2086 1149 μέθης.
2125 1081 2243 1132 Ὅτι
2287 1083 2319 1149 ὴ
2354 1084 2449 1152 μὲν
2483 1082 2791 1151 κατασκευὴ
2837 1082 2934 1149 τῆς
2966 1082 3174 1148 φύσεως
3217 1086 3327 1145 τοῖς
3357 1084 3450 1134 ἀν-

1896 1168 2131 1236 θρώποις
2161 1168 2255 1236 μία
2280 1186 2291 1198 ·
2318 1168 2379 1219 τὸ
2410 1168 2463 1220 δὲ
2495 1170 2591 1237 τῆς
2628 1169 2995 1239 προαιρέσεως
3023 1170 3292 1238 διάφορον,
3327 1171 3452 1232 τοὺς

1897 1254 1994 1322 μὲν
2025 1253 2377 1320 εὐλογεῖσθαι,
2409 1256 2530 1316 τοὺς
2563 1257 2618 1307 δὲ
2647 1256 3015 1326 καταραθῆναι
3053 1257 3288 1325 εποίησε.
3319 1257 3452 1324 Περὶ

1898 1343 2151 1410 ἰατρείας,
2189 1345 2431 1411 περὶτοῦ
2464 1345 2534 1413 μὴ
2581 1345 2717 1412 ἄγαν
2759 1347 3068 1414 κρατεῖσθαι
3117 1346 3276 1415 λύπῃ.
3317 1343 3451 1413 H591

1893 1428 1984 1479 τοῦ
2013 1428 2116 1480 δεῖν
2143 1430 2219 1498 τῷ
2257 1431 2401 1500 νόμῳ
2451 1431 2542 1482 καὶ
2581 1434 2690 1492 τοῖς
2718 1431 2808 1483 τοῦ
2846 1432 2978 1484 Θεοῦ
3023 1433 3200 1501 νόμοις
3234 1436 3450 1502 κρατεῖ-

1895 1515 2036 1566 σθαι.
2063 1517 2194 1583 Περὶ
2218 1517 2324 1568 τῶν
2351 1518 2444 1569 τοῦ
2471 1517 2602 1568 Θεοῦ
2642 1518 2834 1587 ἔργων,
2867 1519 2992 1588 77591
3020 1519 3125 1570 τῶν
3155 1519 3446 1588 τιμωριῶν,

1891 1601 2018 1669 7:591
2049 1604 2145 1669 τῆς
2173 1601 2512 1672 ἀνθρωπίνης
2543 1602 2772 1670 φύσεως,
2809 1605 2888 1656 ὃτι
2934 1603 3139 1657 πολλῶν
3166 1605 3446 1674 5117757114-

1894 1706 2014 1741 σται
2043 1690 2215 1757 φόνων
2240 1690 2330 1742 καὶ
2355 1691 2664 1760 φροντίδων.
2683 1693 2817 1762 Περὶ
2851 1692 2955 1744 τῶν
2981 1693 3070 1745 τοῦ
3094 1693 3223 1745 Θεοῦ
3252 1693 3444 1763 ἔργων.

1961 1859 2005 1907 Σ
2010 1857 2222 1923 ὐνοψις
2247 1856 2360 1909 τῶν
2387 1857 2465 1922 τῷ
2492 1858 2766 1927 προφήτῃ
2806 1859 3013 1924 Ἡσαΐᾳ
3039 1860 3376 1928 εἰρημένων.

1962 2004 2276 2070 Κατηγορία
2313 2003 2404 2055 τοῦ
2444 2003 2653 2073 Ἰσραὴλ
2689 2006 2780 2057 καὶ
2811 2006 3082 2075 συμφορὰ,
3120 2008 3211 2058 καὶ
3250 2008 3447 2077 παραί-

1888 2106 2041 2158 τησις
2071 2090 2288 2152 θυσιῶν,
2327 2092 2420 2143 >101
2447 2092 2761 2161 παραίνεσις
2787 2093 3048 2160 βελτίονος
3073 2094 3208 2162 βίου.
3239 2098 3449 2165 Προφη-

1888 2177 2000 2226 τεία
2033 2177 2158 2244 περὶ
2183 2178 2282 2245 τῆς
2319 2179 2659 2247 Ἐκκλησίας,
2682 2180 2772 2231 καὶ
2792 2183 2888 2248 τῆς
2917 2181 3176 2250 ἐσομένης
3207 2185 3442 2252 εἰρήνης.

1889 2262 2200 2330 Κατηγορία
2227 2262 2316 2314 τοῦ
2354 2265 2586 2334 Ἰσραὴλ,
2612 2266 2703 2318 καὶ
2724 2266 3002 2334 πολιορκία
3027 2268 3274 2337 ἐσομένη.
3307 2271 3450 2321 Κατ-

1888 2349 2082 2416 ηγορία
2129 2351 2226 2417 τῆς
2273 2350 2484 2418 τρυφῆς
2535 2352 2709 2402 αὐτῶν
2765 2352 2855 2403 7.01
2907 2354 3002 2421 τῆς
3055 2355 3444 2423 ὑπερηφανίας.

1902 2434 2159 2502 ’Λποϐολὴ
2213 2435 2302 2484 τοῦ
2346 2436 2555 2505 Ἰσραὴλ
2595 2437 2680 2488 διὰ
2727 2437 2820 2488 τοῦ
2867 2438 3304 2508 παραδείγματος
3352 2441 3444 2492 τοῦ

1887 2521 2222 2587 ἀμπελῶνος.
2259 2523 2540 2575 Διαϐάλλει
2568 2524 2691 2584 τοὺς
2714 2523 2974 2593 ἄρχοντας
3000 2525 3089 2576 τοῦ
3133 2526 3343 2594 Ἰσραὴλ
3369 2528 3448 2588 είς

1889 2608 2196 2671 πλεονεξίαν
2231 2609 2322 2660 7.01
2353 2611 2429 2670 είς
2478 2610 2666 2678 μέθην,
2703 2611 2792 2662 καὶ
2827 2610 3075 2680 προλέγει
3114 2611 3293 2673 αὑτοῖς
3323 2614 3448 2683 ἐρή-

1890 2710 2078 2762 μωσιν.
2097 2695 2204 2745 Καὶ
2221 2695 2431 2747 ἀπειλεῖ
2458 2699 2567 2758 τοῖς
2590 2696 2894 2764 προτιμῶσι
2920 2699 3044 2758 τοὺς
3072 2697 3446 2768 ψευδοπροφή-

1884 2797 1979 2841 τας
2016 2779 2162 2850 [582]
2192 2781 2299 2834 τῶν
2342 2783 2652 2852 προφητῶν.
2688 2785 2902 2845 Ἀνοδος
2926 2783 3030 2835 τῶν
3059 2784 3327 2852 πολεμίων
3355 2785 3450 2838 αύ-

1883 2868 2010 2919 τῶν.
2049 2868 2180 2937 Ὀρᾷ
2227 2869 2322 2936 τὴν
2373 2869 2660 2933 ὀπτασίαν,
2694 2872 2748 2920 ὲν
2852 2870 3126 2939 ἐκαθάρθη
3175 2872 3336 2924 αὑτοῦ
3379 2873 3448 2925 τά

1885 2954 2054 3024 χείλη.
2120 2956 2526 3023 Ἐπιστρατεύει
2559 2957 2586 3006 ό
2621 2957 2804 3025 Σύρων
2861 2957 3108 3024 βασιλεὺς
3157 2959 3291 3025 μετά
3339 2957 3447 3010 τῶν

1899 3040 2240 3110 Ἰσραηλιτῶν
2269 3041 2361 3091 ἐπὶ
2398 3040 2495 3108 τὴν
2537 3042 2905 3111 Ἰερουσαλὴμ,
2933 3043 3027 3093 7011
3058 3044 3384 3112 προφητεύει
3418 3047 3448 3098 ὁ

1896 3128 2118 3187 Ἠσαίας
2149 3127 2271 3195 περὶ
2301 3126 2392 3177 τοῦ
2431 3127 2684 3196 Χριστοῦ,
2716 3130 2806 3180 7.011
2844 3129 2967 3198 περὶ
2996 3131 3092 3198 τῆς
3120 3130 3446 3199 ἐρημώσεως

1897 3214 2266 3282 Ἰερουσαλὴμ,
2303 3215 2549 3283 καὶπερὶ
2596 3215 2693 3283 τῆς
2734 3217 2917 3268 ἀνόδου
2964 3215 3443 3288 Ναϐουχοδονόσορ.

1885 3300 2194 3368 Προφητεία
2241 3301 2346 3351 τῶν
2376 3302 2452 3362 εἰς
2497 3302 2727 3369 Χριστὸν
2764 3302 3142 3356 πιστευόντων.
3185 3305 3316 3372 Περὶ
3350 3305 3445 3374 τῆς

1887 3386 2063 3453 ἰσχύος
2090 3386 2182 3438 7.011
2211 3386 2582 3454 ὑπερηφανίας
2607 3389 2699 3439 καὶ
2720 3389 2990 3451 ἀπωλείας
3010 3389 3099 3443 τοῦ
3141 3390 3442 3460 Ἀσσυρίου.

1885 3473 2017 3538 Περὶ
2039 3473 2142 3523 τῶν
2175 3474 2530 3525 πιστευόντων
2561 3473 2798 3542 Χριστῷ,
2831 3477 2956 3543 περὶ
2985 3477 3081 3544 τῆς
3113 3478 3248 3528 κατά
3273 3479 3446 3546 σάρκα

1883 3562 2185 3625 γεννήσεως
2217 3559 2308 3609 τοῦ
2340 3560 2572 3628 Χριστοῦ
2597 3578 2608 3590 ·
2637 3562 2760 3630 7:591
2793 3561 2890 3629 τῆς
2925 3562 3031 3613 τῶν
3065 3564 3142 3624 εἰς
3172 3564 3328 3615 αὑτὸν
3355 3582 3443 3616 771-

1885 3647 2176 3697 στευόντων
2205 3647 2518 3706 ἐπιεικείας.
2565 3647 2856 3699 ’Λπῶλειαν
2882 3648 3192 3713 Βαϐυλῶνος
3218 3655 3310 3702 καὶ
3337 3651 3444 3704 τῶν

1882 3732 2188 3798 ἀλλοφύλων
2231 3733 2577 3802 προφητεύει.
2639 3733 2905 3786 ’Λπώλεια
2947 3733 3263 3788 Μωαϐιτῶν.
3314 3739 3445 3808 Περὶ

1882 3819 2115 3887 Χριστοῦ
2174 3822 2494 3888 προφητεία.
2537 3820 2801 3873 Ἀπῶλεια
2852 3823 3161 3890 Δαμασκοῦ,
3209 3826 3300 3876 7.01
3351 3826 3442 3877 τοῦ

1895 3906 2106 3973 Ἰσραὴλ
2141 3907 2392 3974 συμφορά
2427 3907 2519 3958 καὶ
2562 3907 2818 3975 σωτηρία.
2861 3907 3121 3959 Ἀπώλεια
3151 3911 3441 3975 Αἰγύπτου.

1898 3991 2207 4060 Ἀλληγορεῖ
2234 3992 2470 4042 κάκωσιν
2500 3994 2579 4053 εἰς
2617 3992 2682 4043 τά
2711 3993 2831 4060 ἔθνη
2872 3994 2938 4045 τὰ
2975 3994 3046 4062 μὴ
3088 3996 3444 4048 πιστεύσαντα

1881 4076 1956 4144 τῷ
1985 4077 2189 4145 Κυρίῳ,
2215 4078 2307 4127 7.01
2330 4080 2408 4138 είς
2428 4077 2523 4146 τὴν
2551 4079 2822 4146 ἐρήμωσιν
2851 4079 2945 4146 τῆς
2966 4080 3216 4141 ἀσεϐείας
3243 4082 3439 4135 αὑτῶν.

1882 4164 2171 4215 Κελεύεται
2215 4165 2438 4224 Ἡσαΐας
2473 4165 2675 4232 γυμνὸς
2720 4166 3106 4234 περιπατῆσαι.
3152 4169 3440 4237 137513790-

1880 4251 1995 4302 τεία
2027 4250 2223 4319 Μήδων
2258 4252 2348 4301 καὶ
2401 4252 2748 4303 Βαϐυλωνίων
2795 4254 3055 4321 γενομένη
3098 4256 3234 4306 κατὰ
3287 4256 3440 4306 Ἰδου-

1884 4337 2045 4405 μαίας
2069 4338 2160 4389 71011
2189 4337 2463 4405 Ἀραϐίας.
2496 4338 2783 4406 Πολιορκία
2813 4339 3212 4407 Ἰερουσαλὴμ-ἡ
3243 4343 3439 4409 ἐσχάτη

1880 4424 1981 4473 ὑπὸ
2015 4423 2499 4490 Ναϐουχοδονόσορ.
2529 4423 2836 4492 Πρόρρησις
2860 4423 2934 4490 τῷ
2962 4424 3155 4492 Σωμνᾷ
3180 4425 3253 4493 τῷ
3274 4428 3441 4496 ταμίᾳ

1879 4511 2005 4576 περὶ
2035 4510 2128 4576 τῆς
2176 4508 2463 4568 ἀπωλείας.
2497 4511 2558 4558 Οί
2588 4509 2643 4559 δὲ
2671 4507 2878 4576 ταμίαι,
2924 4509 3215 4574 τουτέστιν,
3254 4514 3299 4563 οί
3344 4513 3443 4579 φύ-

1877 4596 2035 4656 λακες
2067 4595 2172 4645 τῶν
2187 4597 2240 4644 εν
2261 4595 2334 4661 τῷ
2355 4594 2480 4662 ἱερῷ
2497 4596 2809 4663 χρημάτων,
2833 4595 3049 4647 ἀπὸτῶν
3077 4597 3263 4665 ἱερέων
3282 4594 3437 4666 ἦσαν.

1891 4679 2154 4732 Ἀπώλεια
2204 4679 2398 4748 Τύρου,
2441 4682 2533 4731 καὶ
2578 4683 2608 4749 ἡ
2654 4681 2790 4748 μετά
2842 4681 3009 4733 ταῦτα
3056 4686 3314 4753 σωτηρία,
3347 4689 3441 4738 καὶ

1878 4765 2136 4835 περὶτῶν
2182 4765 2512 4834 Ἐκκλησιῶν
2534 4766 2923 4837 ἀλληγορικῶς.
2974 4769 3237 4820 Ἀπῶλεια
3275 4771 3443 4821 13060-

1873 4856 2038 4918 λῶνος
2074 4855 2177 4907 ὑπὸ
2207 4855 2423 4924 Μήδων,
2449 4857 2539 4908 7.011
2564 4856 2650 4907 ἐπ’
2690 4857 2824 4925 αὑτῇ
2860 4857 3171 4926 εὐχαριστία
3213 4859 3287 4921 τῶ
3323 4861 3439 4927 Θεῷ

1938 5034 1958 5060 ε
1988 5031 2126 5095 Hunc
2148 5032 2304 5095 lopum
2330 5033 2547 5092 respicit,
2580 5032 2652 5090 Η,
2683 5034 2710 5078 5
2745 5033 2905 5095 εάνδρξ
2934 5033 3198 5095 μικρολόγῳ
3223 5035 3276 5081 οὐ
3297 5035 3438 5087 καλὸς

1873 5095 1898 5138 ὁ
1917 5091 2133 5146 πλοῦτος,⁹
2161 5091 2263 5154 uiro
2287 5091 2433 5154 purcb
2457 5106 2546 5139 non
2574 5095 2704 5141 bona!
2724 5098 2830 5140 sunt
2850 5091 3046 5142 divitia}.
3075 5091 3250 5142 Pa'rtos
3273 5102 3436 5144 autem

1874 5153 2033 5214 θρῖπας
2059 5153 2303 5200 vocabam.)
2335 5155 2418 5200 list
2445 5167 2556 5199 vero
2580 5154 2683 5213 Ορίψ
2704 5167 2858 5213 genus
2895 5156 3144 5203 vermiculi
3170 5158 3436 5203 secundum

1873 5215 2086 5270 Suidam,
2112 5216 2238 5272 quod
2264 5217 2390 5272 ligna
2415 5221 2464 5260 el
2503 5228 2678 5260 cornua
2705 5215 3008 5263 corrcdebal.
3035 5217 3160 5264 Hinc
3190 5229 3356 5274 parcas
3383 5225 3436 5264 σπι,

1875 5288 2042 5338 avaros
2085 5276 2245 5335 θρίπας
2287 5283 2533 5322 vocarunt.
2583 5276 2700 5333 Hes)
2716 5276 2888 5322 chius:
2920 5278 3042 5338 Ορίψ,
3078 5279 3311 5338 γλίσχρος,
3339 5295 3432 5338 φει-

1876 5337 2040 5389 δωλος.

1935 5395 2266 5458 Qiegendum
2290 5396 2520 5458 θρασείας,
2546 5403 2597 5442 ut
2638 5399 2683 5443 in
2707 5395 2914 5458 Synopsi
2935 5411 3043 5456 quae
3067 5399 3328 5445 Alhnnasio
3352 5401 3434 5445 αεὶ--

1875 5456 2117 5509 scribitur.
2145 5471 2252 5516 qua:
2277 5457 2509 5516 Synopsis
2548 5460 2595 5503 in
2627 5456 3014 5505 Ecclesiaélicum
3039 5460 3139 5504 sive
3175 5461 3434 5506 Sirm'idum

1880 5519 2068 5577 longior
2094 5519 2196 5570 huc,
2237 5532 2383 5576 pauca
2413 5517 2556 5564 habet
2583 5519 2639 5566 ad
2668 5518 2868 5564 verbum
2911 5519 2986 5564 his
3010 5517 3200 5564 similia.
3225 5522 3433 5565 (lu-lor...

1879 5592 1980 5636 rum
2007 5592 2124 5624 vero
2151 5579 2376 5624 librarum
2405 5580 2651 5636 Synopscs
2676 5587 2776 5625 lum
2799 5580 2916 5626 cwlo
2949 5579 3196 5625 diﬂ'erunl.
3226 5580 3274 5625 In
3303 5582 3436 5628 Sira-

1877 5635 1984 5686 1'ide
2011 5642 2205 5700 legitur,
2232 5640 2366 5694 22,55,
2392 5635 2567 5703 πατέρα
2588 5642 2662 5684 καὶ
2691 5641 2833 5699 ἄνδρα
2859 5640 3160 5700 καταισχύνει
3180 5643 3207 5694 ἡ
3222 5642 3432 5703 θρασεῖα.

1947 5703 1968 5726 ⁸⁷
1997 5701 2140 5749 Forte
2166 5702 2602 5759 πεπλημμε)ημένα.
