3996 6418
556 347 667 402 377

548 468 655 529 ὐπὸ
676 464 769 520 τοῦ
807 465 1105 536 προφήτου.
1142 464 1250 515 Καὶ
1281 465 1406 534 περί
1442 464 1549 516 τῶν
1586 462 1806 533 Χριστῷ
1832 461 2110 514 πιστευόν-

547 568 656 617 των
692 546 1014 619 προφητεία,
1047 547 1294 616 περὶτῆς
1321 547 1414 597 τοῦ
1442 546 1683 598 διαϐόλου
1713 544 1984 605 ἀπωλείας
2013 544 2112 612 τῆς

548 635 652 687 ὐπὸ
683 634 915 704 Χριστοῦ
941 633 1231 701 γενομένης
1255 646 1268 660 ο
1303 632 1428 700 περὶ
1455 633 1554 700 τῆς
1578 632 1671 684 τοῦ
1703 629 1940 700 Χριστοῦ
1971 629 2112 684 κατά

548 722 727 788 σάρκα
757 719 1093 788 παρουσίας·
1127 717 1254 786 περὶ
1306 717 1407 785 τῆς
1453 718 1529 778 εἰς
1579 716 1811 785 Χριστὸν
1854 716 2106 777 πίστεως.

559 805 895 872 Ἐγκαλεϊται
924 806 953 856 6
988 803 1222 872 Ἰσραὴλ,
1250 804 1330 855 ὅτι
1361 803 1458 870 τὴν
1493 801 1678 854 ἐλπίδα
1697 801 1803 853 ἀπὸ
1829 800 1962 853 Θεοῦ
1978 802 2110 853 ἀπο-

548 893 772 962 στήσας,
815 891 907 941 ἐπὶ
948 891 1074 951 τοὺς
1109 889 1438 956 Αἰγυπτίους
1470 888 1638 956 αὐτὴν
1679 888 1982 956 μετήγαγν
2017 887 2108 939 καὶ

544 976 970 1047 προαγορεύεται
996 975 1142 1044 αὐτῷ
1177 974 1338 1036 κακὰ,
1377 974 1469 1026 καὶ
1500 972 1722 1044 εὐθηνία
1749 971 1888 1042 μετὰ
1915 971 2104 1031 ταῦτα.

544 1062 948 1133 11ροφητεύεται
989 1061 1046 1114 δέ
1073 1061 1131 1110 ἐν
1157 1059 1235 1128 τῷ
1277 1058 1423 1128 αὐτῷ
1452 1058 1578 1128 περὶ
1612 1057 1709 1126 τῆς
1749 1056 1845 1109 τοῦ
1874 1056 2106 1127 Χριστοῦ

555 1149 898 1220 Ἐκκλησίας,
931 1150 1058 1217 περὶ
1086 1146 1183 1214 τῆς
1214 1145 1542 1214 ἐπιστροφῆς
1577 1145 1685 1197 τῶν
1711 1143 1879 1196 ἐθνῶν
1907 1143 2004 1211 τῆς
2029 1145 2107 1205 εἰς

541 1237 792 1308 Χριστὸν,
826 1237 919 1288 καὶ
942 1233 1186 1304 περὶτῆς
1208 1233 1535 1302 ἐρημώσεως
1571 1231 1940 1301 Ἰερουσαλήμ.
1975 1231 2106 1299 Περί

539 1324 641 1394 τῆς
674 1321 994 1391 Ἐκκλησίας
1032 1320 1259 1390 ἱστορία,
1282 1320 1353 1381 ὼς
1394 1318 1493 1386 μὲν
1524 1318 1664 1369 κατά
1695 1319 1794 1388 τὴν
1821 1318 2123 1386 πρόχειρον

539 1411 620 1474 είς
651 1409 749 1480 τήν
781 1407 1081 1476 Ἰδουμαίαν
1107 1407 1201 1457 καὶ
1221 1405 1320 1473 τὴν
1355 1403 1723 1474 Ἰερουσαλὴμ,
1756 1404 1874 1455 κατ’
1897 1403 2106 1476 ἀναγω-

539 1494 722 1565 γὴνδὲ
763 1495 841 1555 είς
873 1493 972 1562 τὴν
1018 1490 1250 1563 ἐρημίαν
1292 1489 1399 1541 τῶν
1441 1489 1724 1553 Ἰουδαίων,
1759 1488 1852 1542 καὶ
1885 1489 1963 1548 εἰς
2008 1489 2105 1555 τὴν

541 1579 837 1650 εὐπραγίαν
862 1578 959 1647 τῆς
984 1575 1077 1630 τοῦ
1100 1575 1334 1646 Χριστοῦ
1370 1574 1710 1643 Ἐκκλησίας.
1740 1574 1822 1626 Τὰ
1845 1574 1987 1626 κατά
2016 1573 2104 1625 τὸν

540 1666 897 1736 Σεναχηρείμ.
949 1665 1262 1735 Προφητεία
1291 1665 1417 1734 περὶ
1468 1664 1712 1716 Ἰωάννου
1743 1663 1835 1714 τοῦ
1874 1661 2104 1732 Προδρό-

543 1771 667 1834 μου,
697 1753 791 1805 καὶ
817 1751 924 1804 τῶν
949 1753 1028 1813 εἰς
1051 1750 1284 1821 Χριστὸν
1312 1750 1688 1802 πιστευόντων.
1713 1748 1822 1817 Τῆς
1846 1747 1938 1800 τοῦ
1967 1746 2102 1800 Θεοῦ

537 1841 816 1911 δυνάμεως
860 1837 1102 1902 ἔνδειξις,
1133 1838 1227 1890 καὶ
1261 1838 1562 1905 κατηγορία
1606 1836 1698 1889 τοῦ
1751 1836 1981 1904 Ἰσραὴλ,
2028 1835 2103 1896 ὠς

537 1924 1063 1995 εἰδωλολατροῦντος,
1103 1923 1197 1976 καὶ
1230 1923 1337 1974 τῶν
1374 1924 1453 1984 εἰς
1490 1921 1580 1973 τὸν
1609 1921 1734 1975 λαὸν
1780 1921 2101 1989 εὐεργεσιῶν

537 2013 860 2082 ὑπόμνησις.
900 2009 1036 2078 Περὶ
1061 2009 1160 2078 τῆς
1205 2007 1658 2077 ἐκκλησιαπικῆς
1700 2005 2099 2069 καταστάσεως,

535 2101 631 2154 καὶ
658 2099 889 2154 εἰδώλων
910 2097 1206 2159 ἀσθενείας.
1237 2096 1371 2165 Περὶ
1396 2093 1632 2164 Χριστοῦ
1658 2092 1981 2163 προφητεία,
2007 2093 2100 2144 καὶ

531 2189 643 2241 τῶν
688 2190 766 2249 εἰς
816 2188 976 2239 αὐτὸν
1019 2185 1397 2238 πιστευόντων.
1449 2182 1721 2245 Ὀνειδίζει
1767 2181 1845 2250 τῷ
1889 2181 2100 2250 Ἰσραὴλ

534 2275 817 2346 ἁμαρτιῶν
842 2275 1044 2326 ἕνεκεν.
1067 2271 1229 2350 Λέγει
1254 2269 1342 2324 διὰ
1359 2271 1457 2345 τὴν
1476 2269 1757 2340 παρακοήν
1776 2268 1954 2322 αὐτῶν
1976 2269 2100 2319 ἐπε-

532 2360 790 2431 νηνέχθαι
840 2361 1023 2420 αὐτοῖς
1051 2357 1151 2419 τάς
1192 2357 1493 2426 συμφοράς.
1532 2355 1668 2424 [I591
1706 2355 1806 2423 τῆς
1850 2355 1928 2417 εἰς
1966 2355 2101 2423 Χρι-

534 2450 659 2502 στὸν
687 2447 943 2510 πίστεως.
969 2445 1091 2498 Ὀτι
1114 2445 1206 2496 καὶ
1237 2443 1310 2514 μὴ
1337 2441 1530 2494 θύοντα
1555 2442 1702 2495 εἴασε
1728 2441 1818 2493 τὸν
1838 2440 1983 2504 λαὸν,
2007 2442 2100 2493 καί

530 2536 632 2588 οὐκ
664 2533 858 2604 ἀπῄτει
901 2531 1000 2601 τὴν
1030 2531 1119 2582 διὰ
1148 2529 1347 2582 θυσιῶν
1375 2529 1648 2599 λατρείαν.
1686 2529 1794 2582 Καὶ
1833 2527 1960 2598 περὶ
1991 2527 2098 2579 τῶν

530 2623 611 2684 είς
651 2619 882 2688 Χριστὸν
925 2616 1287 2670 πιστευόντων
1339 2613 1664 2685 προφητεία.
1702 2615 1960 2683 Ἔλεγχος
2000 2615 2098 2683 τῆς

527 2708 640 2765 τῶν
666 2704 894 2758 εἰδώλων
926 2702 1221 2764 ἀσθενείας,
1252 2703 1346 2753 καὶ
1365 2694 1594 2765 ’ἔνδειξις
1614 2700 1709 2769 τῆς
1731 2699 1823 2751 τοῦ
1850 2699 1983 2751 Θεοῦ
2012 2699 2099 2751 δυ-

528 2794 764 2863 νάμεως.
809 2789 1076 2842 Ἀπώλεια
1117 2787 1454 2850 Βαϐυλῶνος,
1485 2787 1579 2839 καὶ
1623 2789 1723 2856 τῆς
1758 2785 2097 2854 σκληροκαρ-

527 2879 646 2941 δίας
710 2875 975 2930 Ἰουδαίων
1022 2873 1260 2943 ἐλεγχος,
1310 2872 1404 2924 καὶ
1457 2870 1705 2942 χρηστῶν
1761 2871 2098 2940 πραγμάτων

526 2963 856 3036 προφητεία.
893 2961 1027 3030 Περὶ
1056 2957 1290 3029 Χριστοῦ
1313 2959 1614 3028 προφητεία
1635 2958 1729 3009 καὶ
1759 2957 2097 3028 παράκλησις

539 3049 911 3121 Ἰερουσαλήμ.
947 3046 1083 3116 Περὶ⁸
1103 3045 1210 3098 τῶν
1237 3043 1547 3097 ἀποστόλων
1580 3044 1672 3096 καὶ
1701 3045 1828 3114 περὶ
1861 3043 2094 3114 Χριστοῦ

527 3135 851 3210 προφητεία.
885 3134 1019 3205 Περὶ
1055 3132 1155 3200 τῆς
1188 3131 1280 3183 τοῦ
1322 3131 1556 3201 Χριστοῦ
1595 3134 1731 3184 κατά
1763 3132 1940 3201 σάρκα
1972 3149 2096 3200 γεν-

527 3226 757 3295 νήσεως,
791 3223 884 3274 καὶ
909 3222 1036 3288 περὶ
1064 3219 1286 3280 πάθους,
1312 3221 1405 3270 καὶ
1436 3219 1803 3280 ἀναστάσεως,
1838 3219 1930 3269 καὶ
1966 3219 2096 3286 πλήε

528 3314 656 3372 θους
682 3309 790 3361 τῶν
821 3309 900 3369 εἰς
929 3308 1090 3360 αὐτὸν
1130 3307 1509 3358 πιστευόντων.
1551 3307 1686 3371 Περὶ
1723 3305 1816 3356 τοῦ
1863 3303 2094 3372 Χριστοῦ

525 3398 645 3466 ἅμα
672 3397 765 3448 καὶ
787 3395 914 3465 1:591
1116 3393 1211 3444 τοῦ
1252 3393 1465 3462 Ἰσραὴλ
1493 3391 1633 3443 κατά
1667 3392 1924 3460 ἱστορίαν,
1957 3391 2098 3443 κατά

525 3482 817 3552 ἀναγωγὴν
847 3481 973 3550 περί
1005 3480 1112 3532 τῶν
1135 3482 1213 3541 εἰς
1245 3480 1477 3548 Χριστὸν
1504 3480 1880 3531 πιστευόντων.
1917 3482 2096 3549 Κατη-

525 3572 687 3640 γορία
729 3569 992 3621 Ἰουδαίων
1033 3567 1468 3637 εἰδωλολατρείας
1508 3567 1713 3626 ἕνεκεν,
1755 3568 1973 3637 καὶτῆς
2002 3586 2094 3635 νη-

530 3658 713 3719 στείας
747 3654 925 3708 αὐτῶν
955 3653 1305 3722 παραίτησις,
1339 3653 1429 3704 καὶ
1465 3653 1656 3720 ἐτέρας
1697 3654 1946 3721 νηστείας
1974 3653 2093 3721 βελ-

525 3746 698 3806 τίονος
724 3741 1011 3805 ὐπόδειξις.
1040 3737 1176 3792 Εἶτα
1197 3739 1499 3808 κατηγορία
1530 3740 1637 3792 τῶν
1663 3739 1890 3808 δολερῶν
1918 3742 2095 3793 αὐτῶν

525 3833 702 3901 ἔργων
737 3828 830 3882 καὶ
854 3827 1254 3898 βουλευμάτων,
1283 3827 1375 3879 καὶ
1405 3827 1706 3896 προφητεία
1734 3827 1988 3896 περὶτῶν
2017 3829 2094 3889 είς

526 3917 760 3986 Χριστὸν
793 3916 1170 3968 πιστευόντων.
1205 3915 1338 3983 Περὶ.
1379 3914 1612 3984 Χριστοῦ
1647 3915 1969 3984 προφητεία,
2004 3917 2096 3967 καὶ

526 4005 657 4074 περὶ
681 4003 788 4054 τῶν
818 4002 1008 4054 ίάσεων
1033 4000 1141 4052 τῶν
1166 4003 1243 4062 είς
1268 4000 1444 4070 ψυχὴν
1466 4003 1556 4054 καὶ
1584 4003 1661 4062 εἰς
1691 4001 1847 4070 σῶμα
1872 4003 2095 4070 γενομέ-

524 4107 632 4142 νων
663 4090 754 4140 ὐπ’
783 4087 965 4149 αὐτοῦ,
994 4088 1088 4138 καὶ
1115 4088 1241 4153 περὶ
1264 4086 1369 4136 τῶν
1393 4087 1698 4138 ἀποστόλων
1726 4089 1817 4138 καὶ
1845 4089 2095 4157 περὶτῶν

526 4175 726 4228 λοιπῶν
745 4173 853 4225 τῶν
875 4173 1234 4224 πιστευόντων
1263 4173 1429 4238 αὐτῷ.
1461 4173 1593 4240 Περί
1621 4172 1712 4223 τοῦ
1736 4173 1958 4236 πάθους.
1988 4176 2094 4226 Καὶ

526 4264 677 4333 παρά
705 4260 797 4314 τοῦ
833 4261 1132 4329 προφήτου,
1165 4259 1237 4320 ὡς
1269 4259 1418 4328 παρά
1449 4257 1543 4309 τοῦ
1579 4258 1728 4324 λαοῦ,
1776 4260 2095 4331 ἐξομολόγη-

529 4369 632 4412 σις,
666 4349 759 4401 καὶ
788 4347 936 4415 παρά
959 4345 1052 4402 τοῦ
1083 4344 1286 4415 Κυρίου
1315 4345 1533 4414 ἐλεγχος
1553 4346 1774 4399 ἐκείνων
1795 4348 2092 4412 ἀπειθείας,

528 4437 622 4496 καὶ
650 4433 949 4504 πρόσληψις
971 4433 1078 4484 τῶν
1098 4431 1458 4483 πιστευόντων
1484 4431 1652 4500 αὐτῷ,
1679 4433 1774 4485 καὶ¹
1797 4433 2094 4502 κατηγορία

526 4524 624 4591 τῆς
659 4521 924 4573 Ἰουδαίων
954 4518 1412 4585 εἱδωλολατρείας.
1445 4518 1580 4586 Περὶ
1596 4518 1705 4569 τῶν
1731 4519 2095 4571 πιστευόντων

530 4608 588 4674 ἐξ
633 4606 893 4658 Ἰουδαίων
929 4607 1008 4666 είς
1046 4605 1137 4655 τὸν
1177 4604 1380 4674 Κύριον
1411 4604 1565 4672 ἡμῶν
1609 4605 1812 4672 Ἰησοῦν
1841 4606 2089 4674 Χριστόν.

529 4693 840 4762 Κατηγορία
869 4693 975 4746 τῶν
1030 4691 1437 4759 άπειθησάντων
1482 4693 1606 4759 περὶ
1654 4692 1751 4760 τῆς
1799 4692 2094 4762 μελλούσης

530 4781 696 4849 ζωῆς.

575 4919 837 4985 Σύνοψις
869 4915 986 4970 τῶν
1007 4914 1085 4979 τῷ
1115 4917 1391 4988 προφήτῃ
1423 4917 1668 4984 Ἱερεμίᾳ
1689 4915 2028 4983 εἰρημένων.

601 5037 1004 5107 Προαγόρευσις
1026 5037 1131 5088 τῶν
1156 5035 1428 5103 ἐσομένων
1450 5037 1631 5088 κακῶν
1647 5035 1724 5103 τῷ
1761 5036 1968 5107 Ἰσραὴλ
1990 5037 2094 5088 ὐπὸ

529 5124 622 5177 τοῦ
679 5122 1161 5190 Ναϐουχοδονόσορ.
1206 5123 1465 5189 Ἔλεγχος
1515 5122 1612 5189 τῆς
1659 5123 2095 5190 είδωλολατρείας

528 5210 621 5262 τοῦ
673 5207 908 5277 Ἰσραὴλ,
935 5207 1027 5260 καὶ
1055 5209 1358 5277 ὑπόμνησις
1386 5208 1481 5277 τῆς
1505 5208 1595 5260 τοῦ
1616 5208 1748 5259 Θεοῦ
1780 5209 2094 5278 εὐεργεσίας

531 5299 610 5357 είς
639 5295 854 5358 αὐτοὺς,
889 5294 983 5346 καὶ
1013 5294 1119 5345 τῶν
1143 5295 1347 5359 κακῶν,
1377 5295 1411 5346 ὃ.
1446 5296 1509 5346 ἐκ
1532 5293 1623 5346 τοῦ
1669 5293 1979 5345 πεποιθέναι
2003 5297 2094 5346 Αί-

530 5381 779 5448 γυπτίοις
835 5382 1150 5451 ὑπέμειναν.
1210 5381 1319 5449 Τῆς
1378 5381 1485 5433 τῶν
1534 5381 1762 5433 εἰδώλων
1815 5382 2093 5443 ἀσθενείας

532 5468 772 5536 ἐλεγχος,
795 5468 887 5518 καὶ
911 5468 1006 5536 τῆς
1036 5467 1212 5518 αὐτῶν
1240 5467 1346 5518 τῶν
1385 5467 1728 5535 Ἰσραηλιτῶν
1749 5467 2093 5536 ἀνθρωποθυ-

535 5555 656 5616 σίας
708 5555 1026 5622 κατηγορία.
1070 5554 1175 5606 Τοῦ
1220 5554 1430 5623 Ἰσραὴλ
1482 5554 1796 5622 κατηγορία,
1848 5555 1938 5605 καὶ
1986 5555 2093 5606 ἀπὸ

536 5639 870 5710 συγκρίσεως
902 5642 998 5709 τῆς
1033 5641 1164 5710 πρὸς
1202 5641 1362 5692 αὐτὸν
1396 5639 1618 5706 αὐξησις
1651 5640 1756 5690 τῶν
1795 5640 1884 5690 τοῦ
1927 5642 2091 5693 Ἰούδα

540 5727 896 5797 τολμημάτων
921 5745 933 5758 ⁸
955 5728 1045 5780 καὶ
1070 5730 1452 5796 προαγόρευσις
1478 5727 1723 5794 χρηστῶν
1746 5726 1820 5794 τῷ
1859 5727 2085 5796 Ἰσραήλ,

1232 352 1289 407 S.
1328 347 1612 405 JUANMS
1647 344 2142 402 CIIRYSOSTOMI
2177 346 2503 403 ARCHIEP.
2542 345 3092 405 CONSTASTINUI’.

3677 368 3791 421 378

2218 465 2265 515 εἰ
2299 465 2610 535 ἐπιστρέψει
2644 466 2780 536 πρὸς
2804 467 2892 518 τὸν
2920 467 3050 520 Θεόν
3068 484 3081 496 ⁸
3119 467 3209 520 καὶ
3234 467 3338 520 ὐπὸ
3367 466 3459 519 τοῦ
3486 469 3786 538 προφήτου,

2216 553 2290 615 ώς
2325 552 2476 620 παρά
2504 553 2597 604 τοῦ
2624 552 2773 612 λαοῦ,
2800 552 3203 622 ἐξομολόγησις.
3248 555 3309 605 Ἦ
3346 553 3527 616 ἄνοδος
3552 554 3660 606 τῶν
3683 555 3790 607 Ba.-

2216 637 2504 703 6υλωνίων,
2546 639 2639 691 καὶ
2663 639 2754 691 τοῦ
2778 641 3053 710 προφήτου
3077 641 3270 710 θρῆνος
3299 640 3393 691 51:1
3419 643 3484 710 τῇ
3522 640 3787 711 μελλούσῃ

2214 723 2510 792 ἐρημώσει,
2528 726 2619 776 καὶ
2640 725 2808 793 αὐτῆς
2830 725 2928 791 τῆς
2954 724 3284 794 ἐρημώσεως
3313 725 3623 794 ὐπογραφή.
3645 727 3790 777 Κατ-

2212 811 2410 879 ηγορία
2454 810 2546 862 τοῦ
2595 809 2745 873 λαοῦ,
2795 812 2876 863 ὅτι
2926 812 3116 863 οὐδένα
3162 811 3316 880 ἔσχεν
3373 811 3514 863 οὓτω
3558 811 3785 874 δίκαιον,

2213 895 2352 951 ὥστε
2379 897 2573 966 στῆσαι
2612 897 2703 949 τοῦ
2738 897 2872 949 Θεοῦ
2917 898 3014 967 τὴν
3040 896 3230 968 ὀργὴν,
3261 898 3355 949 καὶ¹
3398 898 3495 965 τῆς
3525 897 3788 968 πονηρίας

2214 981 2392 1034 αὐτῶν
2444 983 2678 1052 ἐλεγχος.
2719 986 2838 1038 Ὅτι
2875 985 2936 1038 οὐ
2986 987 3148 1054 μέχρι
3181 983 3440 1054 θεμελίων
3473 984 3586 1053 ἔχει
3617 1002 3787 1042 κατα-

2216 1068 2517 1136 πραφῆναι
2552 1069 2902 1140 Ἰερουσαλὴμ
2924 1072 3027 1123 ὐπὸ
3049 1070 3142 1122 τοῦ
3165 1070 3650 1140 Ναϐουχοδονόσορ.
3677 1072 3788 1123 Καὶ

2213 1152 2394 1216 ἄνοδος
2425 1154 2533 1207 τῶν
2579 1155 2950 1216 Βαϐυλωνίων,
2997 1156 3090 1208 καὶ
3125 1156 3426 1225 κατηγορία
3473 1159 3572 1225 τῆς
3627 1158 3785 1208 ἀπει-

2213 1236 2362 1302 θείας
2413 1239 2505 1291 τοῦ
2546 1241 2777 1310 Ἰσραὴλ,
2809 1242 2888 1294 ὅτι
2937 1241 3034 1292 οὐκ
3081 1235 3353 1310 ἠνείχοντο
3399 1240 3630 1294 ἀκοῦσαι
3688 1242 3787 1294 τοῦ

2212 1327 2510 1396 προφήτου.
2543 1327 2856 1396 Κατηγορία
2886 1327 2991 1379 τῶν
3009 1327 3463 1396 ψευδοπροφητῶν
3486 1327 3789 1398 παραλογι-

2213 1411 2452 1478 ζομένων
2485 1412 2573 1465 τὸν
2609 1413 2766 1464 λαόνο
2802 1412 2896 1465 τοῦ
2939 1412 3045 1482 γὰρ
3093 1411 3352 1481 Ἰερεμίου
3401 1411 3666 1479 λέγοντος,
3702 1413 3787 1466 δτι

2213 1493 2451 1564 Πόλεμος
2471 1492 2642 1554 ἔσται.
2671 1497 2830 1560 αὐτὸς
2850 1498 3216 1570 ἐλεγεν,οὐχὶ,
3237 1497 3370 1550 ἀλλὰ
3394 1500 3580 1568 εἰρήνη
3606 1499 3782 1553 ἔσται.

2211 1581 2544 1660 Ιίαραίτησις
2574 1582 2796 1645 θυσιῶν,
2832 1584 2926 1636 καί
2957 1583 3139 1645 ἄνοδος
3167 1582 3259 1636 τοῦ
3294 1585 3652 1650 Βαϐυλωνίου,
3689 1587 3787 1639 καὶ

2209 1667 2310 1735 τῆς
2337 1667 2730 1735 ἀνεπιστρόφου
2758 1667 2994 1730 διανοίας
3050 1669 3316 1723 Ἰουδαίων
3360 1670 3597 1740 ἐλεγχος.
3629 1673 3784 1742 Παρ-

2210 1756 2349 1806 αινεί
2372 1753 2450 1822 τῷ
2497 1753 2666 1823 Ἰούδα
2708 1755 2844 1824 πρὸς
2879 1755 2938 1808 τὸ
2979 1757 3231 1822 γενέσθαι
3264 1759 3458 1821 αὐτοὺς
3488 1759 3785 1830 βελτίονας,

2209 1841 2302 1893 καὶ
2334 1839 2562 1903 ἀπειλεῖ,
2589 1841 2639 1891 εἰ
2671 1841 2744 1910 μὴ
2785 1840 3044 1908 γένοιντο,
3077 1842 3144 1895 τὰ
3187 1843 3323 1902 αὐτά
3364 1846 3645 1899 πείσεσθαι
3684 1849 3787 1905 αὐ-

2206 1928 2332 1989 τοὺς
2369 1925 2446 1996 τῷ
2491 1925 2735 1995 Ἰσραήλ·
2766 1926 2860 1979 καὶ
2898 1927 3094 1980 κωλύει
3126 1928 3216 1982 τὸν
3254 1931 3516 2000 Ἰερεμίαν
3565 1933 3783 1986 δεῖσθαι

2209 2012 2348 2083 ὑπὲρ
2396 2012 2593 2066 αὐτῶν.
2660 2013 2993 2084 Παραίτησις
3040 2014 3268 2080 θυσιῶν,
3321 2018 3620 2086 κατηγορία
3679 2019 3784 2086 τῆς

2206 2099 2532 2169 ἀπροσεξίας
2554 2098 2753 2162 αὐτῶν,
2785 2100 2876 2153 καὶ
2907 2100 3002 2169 τῆς
3037 2099 3501 2170 ἀνθρωποθυσίας.
3533 2105 3598 2170 ἢν
3625 2105 3783 2156 ἐποι-

2206 2181 2361 2236 οῦντο
2416 2187 2527 2248 τοῖς
2578 2184 2814 2254 δαίμοσι.
2861 2186 2970 2237 Καὶ
3019 2187 3420 2255 προαγόρευσις
3466 2187 3559 2239 τοῦ
3608 2188 3784 2256 τάφον

2207 2271 2422 2324 ἔσεσθαι
2449 2273 2539 2324 τὸν
2571 2271 2732 2324 τόπον
2772 2269 2866 2324 τοῦ
2907 2271 3125 2325 εἰδώλου
3155 2272 3352 2335 αὐτῶν,
3394 2273 3486 2326 καὶ
3520 2273 3614 2326 τοῦ
3642 2277 3783 2345 μηδὲ

2207 2356 2395 2424 τάφοις
2437 2356 2584 2420 τινὰς
2634 2357 2741 2410 τῶν
2771 2357 3172 2428 ἀναιρουμένων
3213 2359 3615 2429 παραδίδοσθαι.
3657 2362 3782 2413 Ἔτι

2206 2443 2334 2512 περὶ
2359 2443 2458 2510 τῆς
2484 2443 2666 2495 ἀνόδου
2699 2443 2807 2494 τῶν
2841 2443 3132 2513 πολεμίων,
3168 2444 3259 2498 καὶ
3286 2444 3480 2514 θρῆνος
3513 2446 3784 2516 Ἰερεμίου

2205 2528 2299 2581 51:1
2331 2531 2450 2592 ταῖς
2497 2528 2714 2590 κακίαις
2756 2529 2952 2581 αὐτῶν.
2986 2531 3301 2600 Κατηγορία
3345 2532 3453 2584 τῶν
3489 2533 3783 2598 Ἰουδαίων,

2202 2614 2277 2676 ὡς
2301 2616 2687 2685 ἀπεριτμήτων
2710 2617 2777 2686 τῇ
2821 2617 3033 2686 καρδίᾳ,
3079 2619 3172 2669 καὶ
3204 2618 3520 2688 παραίνεσις
3550 2619 3686 2689 πρὸς
3717 2619 3787 2672 τὸ

2207 2701 2282 2769 μὴ
2310 2700 2733 2771 εἰδωλολατρεῖν,
2759 2702 2853 2754 καί
2886 2703 2961 2764 ὡς
3001 2703 3151 2771 παρά
3179 2703 3270 2755 τοῦ
3297 2703 3424 2756 λαοῦ
3458 2703 3653 2774 θρῆνος
3683 2706 3785 2758 ἐπὶ

2203 2787 2316 2846 τοῖς
2345 2785 2594 2854 μέλλουσι
2622 2789 2830 2850 κακοῖς,
2862 2787 2955 2838 καὶ
2985 2788 3286 2857 κατηγορία
3314 2789 3465 2857 παρά
3490 2789 3582 2840 τοῦ
3617 2789 3781 2845 Θεοῦ..

2205 2870 2534 2938 Παραίνεσις
2559 2869 2653 2921 τοῦ
2691 2870 2905 2942 Ἰσραὴλ
2938 2872 3069 2940 πρὸς
3100 2874 3160 2924 τὸ
3190 2874 3488 2926 ὑπακούειν
3510 2874 3647 2943 Θεῷ,
3681 2878 3782 2928 καὶ

2204 2956 2502 3025 κατηγορία
2534 2956 2642 3008 τῶν
2671 2958 2921 3027 πατέρων
2945 2958 3142 3019 αὐτῶν,
3172 2961 3266 3011 καὶ
3293 2959 3470 3012 αὐτῶν
3495 2962 3639 3013 κακά
3660 2962 3786 3014 ἐσό-

2205 3059 2361 3111 μενα.
2397 3041 2548 3113 1584]
2581 3043 2691 3096 Καὶ
2731 3043 2995 3096 κωλύεται
3034 3045 3192 3098 πάλιν
3243 3045 3507 3115 Ἱερεμίας
3547 3047 3785 3116 προσεύ-

2202 3128 2389 3198 χεσθαι
2416 3129 2556 3199 ὑπὲρ
2582 3127 2780 3183 αὐτῶν.
2815 3130 3164 3200 Ἀποδύρεται
3194 3132 3222 3182 6
3253 3132 3535 3201 προφήτης
3558 3133 3784 3187 ἐπιϐου-

2201 3215 2482 3284 λευόμενος
2529 3216 2634 3268 ὐπὸ
2678 3216 2941 3268 Ἰουδαίων
2982 3219 3052 3268 ἐν’
3080 3216 3338 3279 Ἀναθὼθ,
3385 3217 3480 3269 καὶ
3523 3219 3783 3286 προλέγει

2201 3303 2287 3356 διά
2311 3303 2466 3354 τοῦτο
2495 3303 2758 3371 ἐπόμενον
2784 3305 2964 3366 αὐτοῖς
2988 3304 3224 3372 ὄλεθρον.
3251 3305 3323 3355 Τὸ
3358 3305 3649 3374 περίζωμα
3678 3323 3783 3358 κε-

2201 3388 2412 3442 λεύεται
2445 3388 2649 3458 κρύψαι
2691 3388 2976 3458 Ἱερεμίας,
3009 3390 3102 3441 καὶ
3131 3389 3383 3458 προλέγει
3418 3389 3784 3459 πληρωθήσε-

2203 3480 2324 3532 σθαι
2373 3479 2586 3542 αὐτούς,
2622 3479 2715 3531 καί¹
2751 3478 3180 3549 μεθυσθήσεσθαι
3233 3479 3338 3531 ἀπὸ
3384 3480 3588 3531 κακῶν.
3643 3481 3783 3550 Περὶ

2199 3567 2297 3635 τῆς
2335 3566 2625 3635 ἀϐροχίας·
2660 3566 2751 3617 καὶ
2785 3565 3049 3618 κωλύεται
3084 3566 3481 3635 προσεύχεσθαι
3515 3567 3656 3637 ὐπέρ
3681 3569 3783 3619 αὐ-

2198 3652 2307 3703 τῶν
2335 3653 2364 3703 6
2391 3655 2673 3721 προφήτης
2690 3691 2703 3713 ,
2737 3651 2831 3704 καὶ
2873 3655 3216 3720 παραιτεῖται
3242 3655 3269 3704 6
3295 3652 3425 3712 Θεὸς
3458 3651 3527 3704 τά
3553 3653 3783 3706 ὁλοκαυ-

2199 3738 2425 3808 τώματα
2473 3737 2671 3802 αὐτῶν,
2705 3739 2797 3789 καὶ
2829 3738 2926 3800 τὰς
2967 3738 3240 3806 νηστείας,
3279 3739 3370 3789 καί
3421 3738 3636 3792 ἀπειλεῖ
3666 3743 3781 3804 τοῖς

2199 3823 2663 3893 ψευδοπροφήταις
2692 3824 2856 3886 κακὰ,
2887 3824 3069 3892 ἐπειδὴ
3100 3823 3281 3890 ἐλεγον
3310 3825 3391 3875 ὅτι
3427 3825 3528 3876 οὐκ
3561 3824 3782 3879 ἔσονται

2203 3912 2475 3980 συμφοραὶ
2522 3912 2598 3979 τῷ
2628 3911 2761 3980 λαῷ.
2806 3910 3059 3963 Ἱκετεύει
3089 3911 3179 3962 τὸν
3221 3911 3389 3963 Θεόν·
3423 3914 3450 3964 6
3487 3910 3542 3961 δέ
3589 3928 3782 3979 φησιν,

2200 3999 2297 4050 οὐκ
2342 3997 2776 4061 είσακούσεσθαι,
2807 3998 2927 4050 ούδέ
2967 3997 3061 4049 ἐὰν
3103 3997 3343 4065 Μωύσῆς
3385 3998 3476 4049 καὶ
3522 3998 3780 4067 Σαμουὴλ

2201 4083 2570 4154 πρεσϐεύωσιν
2619 4085 2759 4154 ὑπὲρ
2803 4085 3001 4146 αὐτῶν,
3051 4084 3186 4137 ἀλλὰ
3231 4083 3424 4134 δώσειν
3469 4084 3663 4145 αὐτοὺς
3698 4087 3781 4147 εἰς

2203 4173 2469 4242 μάχαιραν
2505 4174 2598 4228 καὶ
2630 4173 2880 4239 θάνατον,
2907 4173 3001 4226 καὶ
3041 4171 3195 4241 λιμὸν
3240 4172 3332 4222 καὶ
3375 4171 3777 4240 αἰχμαλωσίαν,

2202 4262 2293 4311 καί¹
2319 4262 2398 4322 εἰς
2445 4259 2784 4330 διασπασμὸν
2829 4259 3035 4312 κακῶν.
3094 4257 3196 4309 Καὶ
3237 4258 3503 4326 Ἱερεμίας
3557 4257 3781 4327 εὖχεται

2199 4347 2569 4416 τιμωρηθῆναι
2593 4349 2716 4410 τούς
2737 4347 3092 4408 ὀνειδίζοντας
3112 4346 3272 4398 αὐτόν
3289 4363 3301 4374 ·
3327 4347 3355 4397 ὀ
3382 4346 3436 4398 δὲ
3455 4346 3585 4409 Θεός
3609 4365 3781 4417 φησιν

2200 4432 2346 4502 αὐτῷ
2363 4449 2378 4464 ο
2420 4434 2553 4484 ‘En'
2573 4432 2800 4500 ἐξάγῃς
2828 4435 3025 4501 τίμιον
3042 4433 3159 4487 ἀπὸ
3181 4433 3452 4497 ἀναξίου,
3472 4433 3552 4498 ὡς
3580 4436 3781 4502 στόμα

2195 4538 2313 4588 μου
2345 4519 2482 4586 ἔσῃ.
2542 4518 2834 4575 Κελεύεται
2881 4519 2956 4588 μὴ
3011 4521 3183 4589 γῆμαι
3227 4521 3256 4571 6
3299 4519 3586 4589 Ἱερεμίας,
3639 4523 3779 4590 μηδέ

2203 4606 2438 4675 θρηνεῖν,
2479 4605 2614 4673 μηδὲ
2642 4603 2735 4656 τοῦ
2770 4605 3050 4674 γινομένου
3090 4607 3200 4666 τοῖς
3230 4605 3632 4673 ἀποθνήσκουσι
3663 4623 3777 4659 κοι-

2201 4696 2385 4746 νωνεῖν
2409 4695 2519 4753 τοῖς
2567 4693 2945 4762 Ἰσραηλίταις.
2985 4692 3121 4760 Περὶ
3145 4692 3252 4745 τῶν
3279 4693 3615 4754 ἀποστόλων,
3648 4711 3712 4746 πε
3723 4696 3778 4764 91

2201 4779 2432 4848 Χριστοῦ
2473 4779 2806 4847 προφητεία·
2848 4780 2971 4840 τούς
3017 4779 3206 4843 λόγους
3252 4778 3360 4832 τῶν
3400 4779 3778 4832 ἀπιστούντων

2201 4865 2345 4932 αὐτῷ
2378 4867 2405 4916 6
2453 4867 2735 4933 προφήτης
2769 4865 3038 4932 προλέγει,
3073 4865 3167 4915 καὶ
3210 4865 3528 4933 κατεύχεται
3569 4865 3772 4917 αὐτῶν.

2201 4954 2308 5003 Καὶ
2337 4953 2588 5020 παραινεῖ
2632 4954 2741 5012 τοῖς
2783 4950 3075 5011 Ἰουδαίοις,
3115 4949 3252 5002 ῶστε
3285 4949 3344 5002 τὸ
3373 4951 3642 5004 σάϐϐατον
3675 4969 3775 5019 τη-

2201 5042 2333 5109 ρεῖν.
2367 5041 2459 5102 Εἰς
2493 5039 2583 5089 τὸν
2614 5034 2759 5089 οἷκον
2807 5037 2899 5089 τοῦ
2946 5039 3230 5106 κεραμέως
3279 5039 3551 5108 πέμπεται
3577 5041 3604 5090 6
3641 5056 3774 5107 προ-

2200 5127 2390 5193 φήτης.
2449 5123 2638 5190 Πέρας
2685 5123 2953 5188 λαλήσω,
2989 5125 3150 5193 φησὶν
3181 5125 3209 5175 6
3245 5125 3395 5186 Θεὸς,
3444 5125 3539 5176 ἐπὶ
3583 5126 3769 5186 βασι-

2198 5212 2383 5274 λείας,
2406 5210 2560 5262 ὥστε
2581 5209 2845 5275 ἀναιρεῖν
2861 5209 3052 5276 αὐτήν
3078 5226 3091 5238 ο
3112 5210 3206 5262 καὶ
3227 5211 3320 5263 ἐὰν
3341 5210 3765 5277 ἐπιστρέψωσιν,

2199 5299 2258 5348 οὐ
2294 5296 2366 5366 μὴ
2390 5297 2580 5348 ἀνέλω.
2613 5297 2718 5348 Καὶ
2743 5295 2926 5362 πέρας
2952 5295 3222 5360 λαλήσω,
3253 5296 3435 5363 φησὶν,
3466 5296 3562 5348 ἐπὶ
3592 5297 3771 5362 ἔθνος

2200 5383 2236 5444 ἢ
2263 5382 2606 5444 βασιλείαν,
2641 5380 2746 5434 τοῦ
2775 5381 3303 5448 ἀνοικοδομεῖσθαι.
3339 5380 3443 5434 Καὶ
3486 5380 3579 5432 ὲάν
3613 5386 3770 5450 ποιή-

2201 5484 2332 5518 σωσι
2360 5468 2418 5518 τὸ
2448 5466 2698 5534 πονηρὸν,
2735 5467 2793 5518 οὐ
2826 5469 3033 5536 ποιήσω
3071 5467 3222 5534 κάγὼ
3254 5467 3380 5535 περί
3409 5465 3516 5517 τῶν
3545 5467 3770 5532 ἀγαθῶν

2197 5545 2268 5605 ὧν
2303 5553 2535 5621 ἐλάλησα
2561 5553 2778 5620 ποιῆσαι
2819 5554 3020 5614 αὐτοῖς.
3047 5553 3215 5604 Τοῦτο
3240 5553 3295 5604 δέ
3325 5552 3593 5620 χρήσιμον
3631 5555 3769 5622 πρὸς

2214 5639 2492 5699 Ἰουδαίους
2526 5639 2585 5690 τὸ
2627 5639 2933 5706 κεφάλαιον,
2963 5642 3089 5691 ὅταν
3123 5640 3351 5706 λέγωσιν
3391 5639 3474 5689 ὅτι
3503 5640 3765 5707 ἐπηγγεί-

2200 5727 2324 5777 λατο
2353 5729 2530 5790 αὐτοῖς
2561 5728 2736 5794 ἀγαθά
2768 5730 2797 5779 6
2841 5729 3060 5799 Κύριος.
3110 5726 3526 5797 ’Λπειθήσαντες
3557 5729 3663 5797 γὰρ
3691 5731 3767 5796 τῷ
