3996 6412
189 380 307 437 377

189 483 276 536 rii.
309 483 382 535 De
413 480 479 533 iis
505 479 594 549 qui
623 478 676 533 in
704 476 971 532 Christum
997 472 1250 530 credituri
1278 479 1421 536 sunt,
1444 470 1510 523 de
1537 481 1761 537 genera-

190 576 333 629 tione
356 572 552 626 Christi
579 569 867 625 secundum
884 582 1096 623 carnem
1117 565 1213 621 :de
1228 560 1632 618 mansuetudine
1646 573 1765 612 cre-

188 666 425 720 dentium
458 663 512 716 in
551 676 694 717 enm.
725 658 1018 714 Perniciem
1050 655 1335 725 Babylonis
1363 662 1417 707 et
1442 651 1766 720 alienigena-

188 772 303 811 rum
327 755 669 809 vaticinatur.
703 751 972 807 Pernicies
1018 748 1381 803 Moabitarnm.
1436 746 1509 799 De
1555 743 1766 797 Christo

192 846 491 916 prophetia.
540 844 808 899 Pernicies
852 839 1113 904 Damasci,
1163 848 1217 891 et
1255 836 1466 891 lsraelis
1493 834 1766 888 calamitas

187 947 343 1006 atque
374 935 539 989 salus.
566 934 832 988 Pernicies
857 928 1091 1000 Egypti.
1118 928 1220 981 Per
1246 926 1547 994 allegoriam
1577 922 1765 992 praedi-

188 1030 257 1081 cit
278 1042 547 1081 :crumnas
576 1024 820 1093 gentibus
840 1036 958 1091 quae
983 1019 1206 1074 Domino
1225 1031 1327 1071 non
1349 1014 1691 1077 crediderint,
1712 1021 1768 1066 et

188 1118 253 1171 de
280 1117 555 1184 impietate
599 1128 781 1168 eorum
814 1109 1155 1181 proﬂiganda.
1203 1107 1421 1162 anetur
1460 1105 1620 1158 Isaias
1663 1119 1765 1157 nu-

190 1207 282 1261 dus
298 1206 596 1260 ambulare.
621 1203 822 1257 Bellum
845 1200 1117 1254 Medorum
1140 1208 1193 1252 et
1217 1196 1626 1266 Babyloniorum
1645 1208 1766 1246 con-

190 1310 265 1352 tra
292 1298 584 1351 ldnmmam
612 1303 666 1349 et
693 1293 960 1347 Arabiam.
994 1292 1266 1345 Postrema
1309 1286 1514 1341 obsidio
1552 1284 1765 1339 Jerosoo

188 1390 340 1459 lymze
367 1404 399 1442 a
428 1385 962 1441 Nabuchodonosorc.
984 1380 1263 1435 Prmdictio
1277 1378 1486 1432 Somnce
1510 1376 1766 1445 penuario

188 1480 253 1534 de
294 1478 532 1548 pernicie
574 1476 707 1544 ejus.
752 1472 997 1528 Penuarii
1038 1480 1236 1534 autem,
1284 1468 1336 1522 id
1376 1476 1476 1528 est,
1516 1465 1764 1519 custodes

189 1572 529 1641 pecuniarum
563 1569 614 1622 in
645 1566 861 1634 templo,
885 1579 949 1618 ex
976 1561 1313 1615 sacerdotum
1340 1571 1563 1612 numero
1589 1564 1760 1609 erant.

189 1661 457 1715 Pernicies
488 1657 634 1728 Tyri,
662 1665 717 1710 et
737 1655 877 1707 salus
900 1661 1102 1721 postea,
1134 1650 1305 1719 deque
1336 1647 1590 1703 Ecclesiis
1629 1646 1763 1700 alle-

187 1753 385 1820 gorice.
418 1747 687 1803 Pernicies
717 1743 997 1814 Babylonis
1025 1757 1056 1796 a
1082 1741 1264 1803 Medis,
1300 1748 1355 1792 et
1385 1753 1479 1807 pro
1520 1738 1607 1790 illa
1638 1751 1763 1806 gra-

190 1843 378 1895 tiarum
420 1838 559 1892 actio
590 1837 699 1890 Deo
744 1850 835 1904 per
872 1832 1204 1903 pr0phetam.
1242 1829 1524 1898 Prophetia
1547 1828 1614 1883 de
1641 1842 1762 1881 cre-

188 1930 431 1985 dentibus
452 1929 506 1982 in
525 1927 816 1991 Christum,
837 1925 903 1980 de
920 1924 1112 1979 diaboli
1133 1922 1363 1991 pernicie
1386 1934 1479 1989 per
1492 1917 1762 1973 Christum

188 2029 365 2088 parta:
398 2020 467 2073 de
492 2018 688 2073 Christi
720 2014 1011 2071 secundum
1038 2027 1253 2068 carnem
1282 2010 1543 2065 adventu:
1568 2008 1636 2062 de
1662 2006 1764 2061 ﬁde

186 2113 235 2165 in
262 2110 561 2165 Christum.
595 2111 885 2163 Accusatur
900 2103 1082 2167 Israel,
1109 2101 1248 2172 quod
1265 2115 1413 2169 spem
1438 2113 1586 2153 suam
1606 2112 1636 2151 a
1654 2098 1764 2151 Deo

183 2203 443 2265 avellens,
478 2200 623 2253 illam
650 2199 703 2252 in
725 2196 1002 2267 Egyptios
1021 2192 1375 2248 transtulerit:
1402 2190 1604 2258 ipsique
1624 2188 1762 2241 mala

186 2289 628 2359 prtenuntiantur,
676 2302 739 2341 ac
779 2294 958 2355 postea
990 2298 1075 2339 res
1104 2281 1371 2338 secundm.
1405 2278 1605 2334 Eodem
1646 2278 1763 2332 loco

187 2381 461 2448 prophetia
485 2379 706 2432 habetur
726 2377 793 2432 de
812 2375 1008 2431 Christi
1033 2374 1290 2437 Ecclesia,
1319 2372 1386 2426 de
1410 2370 1764 2426 conversione

184 2471 415 2539 gentium
440 2469 507 2523 ad
531 2467 820 2532 Christum,
848 2477 902 2520 et
922 2466 988 2520 de
1012 2465 1258 2519 vastitate
1283 2461 1756 2529 Jerosolymorum.

186 2562 258 2613 De
287 2559 548 2613 Ecclesia:
572 2558 809 2619 historia,
835 2570 952 2625 qua:
980 2555 1150 2622 primo
1169 2560 1455 2620 conspectu
1478 2548 1759 2603 ldumzeam

183 2661 233 2704 ct
260 2650 558 2705 Jerusalem
590 2648 825 2715 respicit,
870 2645 963 2699 sed
1010 2659 1103 2712 per
1142 2656 1414 2710 anagogen
1460 2640 1577 2693 sive
1601 2637 1762 2693 redu-

184 2743 435 2801 ctionem,
490 2738 869 2793 desolationem
909 2733 1211 2789 Juda:orum
1260 2742 1313 2786 et
1358 2728 1760 2799 prosperitatem

185 2832 437 2887 Ecclesia:
462 2828 677 2884 Christi.
716 2826 944 2881 Historia
975 2824 1041 2878 de
1068 2820 1431 2877 Senacherim.
1478 2817 1761 2886 Prophetia

182 2924 245 2976 de
265 2923 474 2976 Joanne
503 2920 857 2979 Praccnrsore,
887 2924 941 2971 et
967 2915 1035 2969 de
1061 2915 1124 2968 iis
1148 2913 1236 2982 qui
1264 2913 1316 2965 in
1342 2911 1609 2966 Christum
1638 2923 1759 2963 cre-

182 3016 339 3069 dituri
372 3022 545 3067 erant.
585 3011 675 3066 Dei
704 3009 956 3080 potentize
980 3004 1382 3068 demonstratio,
1412 3013 1462 3057 et
1494 3001 1762 3056 accusatio

186 3106 413 3166 Israelis,
460 3111 516 3155 ut
557 3101 692 3155 idola
724 3099 969 3161 colentis,
1001 3094 1437 3151 commemoratio
1468 3092 1759 3147 beneficio-

182 3211 292 3246 rum
314 3192 513 3261 populo
529 3192 861 3245 collatornm.
885 3190 958 3242 De
978 3186 1336 3241 ecclesiastica
1361 3185 1757 3247 constitutione,

179 3285 348 3352 deque
366 3282 630 3335 idolorum
664 3279 984 3333 inﬁrmitate.
1015 3278 1089 3331 Dc
1114 3276 1325 3331 Christo
1354 3274 1647 3344 pr0phetia,
1668 3273 1761 3327 de-

176 3388 279 3441 que
307 3374 373 3425 iis
400 3371 490 3441 qni
522 3372 571 3423 in
603 3371 772 3438 ipsum
801 3368 1050 3422 credituri
1077 3375 1246 3421 erant.
1266 3366 1444 3420 lsraeli
1476 3365 1762 3432 exprobrat

178 3474 519 3533 peccatorum
550 3475 730 3514 causa.
760 3460 849 3514 Ait
882 3459 951 3513 ob
978 3473 1159 3513 eorum
1188 3456 1639 3525 inobsequentiam
1668 3469 1760 3509 ca-

181 3554 445 3606 lamitates
465 3551 594 3620 ipsis
613 3551 784 3604 illatas
811 3549 989 3603 fuisse.
1017 3549 1091 3603 De
1105 3548 1207 3601 ﬁde
1229 3549 1279 3600 in
1297 3546 1587 3601 Christum.
1607 3544 1760 3611 Quod

180 3643 433 3711 populum
464 3655 567 3693 non
598 3640 898 3693 sacriﬁcare
938 3637 1259 3708 permiserit,
1302 3644 1356 3690 et
1390 3635 1529 3704 quod
1558 3634 1759 3688 cultum

183 3734 326 3785 illum
361 3746 457 3798 per
482 3729 741 3783 sacriﬁcia
771 3742 875 3782 non
906 3729 1098 3796 exigat.
1127 3726 1257 3779 ltem
1291 3725 1565 3794 prophetia
1606 3725 1673 3778 de
1695 3724 1760 3777 iis

180 3823 268 3891 qui
298 3824 349 3875 in
381 3819 652 3872 Christum
683 3817 931 3871 credituri
962 3828 1130 3869 erant.
1175 3815 1566 3869 Demonstratio
1594 3812 1761 3866 imbe-

180 3914 415 3968 cillitatis
442 3912 725 3973 idolorum.
751 3919 805 3965 et
824 3910 916 3965 Dei
935 3910 1181 3979 potentia:
1200 3909 1458 3978 probatio.
1491 3908 1759 3963 Pernicies

182 4005 487 4077 Babylonis.
521 4012 573 4057 et
599 4003 665 4057 de
690 4002 879 4056 duritia
904 4002 1075 4055 cordis
1100 4001 1401 4055 Judaeornnl
1424 3999 1758 4053 demonstra-

183 4098 273 4157 tio,
305 4110 369 4149 ac
393 4094 461 4147 de
492 4093 643 4149 bonis
670 4091 829 4145 rebus
867 4090 1159 4159 prophetia.
1194 4090 1267 4143 De
1296 4090 1504 4143 Christo
1535 4088 1762 4157 prophe-

184 4189 248 4240 tia
279 4195 334 4240 et
356 4182 652 4237 consolatio
670 4180 1030 4251 Jerosolymce.
1062 4181 1136 4234 De
1162 4180 1414 4247 apostolis
1436 4189 1491 4233 et
1518 4178 1586 4233 de
1606 4177 1762 4232 Chri-

183 4287 263 4331 sto
287 4273 590 4344 prOphetia.
623 4272 698 4326 De
728 4270 919 4325 Christi
947 4271 1236 4325 secundum
1277 4286 1491 4324 carnem
1524 4278 1665 4332 ortu,
1693 4268 1761 4323 de

182 4368 452 4435 passione,
478 4362 881 4425 resurrectione,
912 4371 965 4415 et
984 4362 1049 4415 de
1076 4362 1412 4414 multitudine
1431 4360 1758 4415 credentium

186 4458 237 4509 in
267 4457 462 4523 ipsum.
498 4454 574 4506 De
602 4450 817 4505 Christo
855 4452 1013 4505 simul
1054 4461 1107 4506 ct
1136 4453 1203 4507 de
1247 4453 1442 4506 lsraele
1470 4452 1758 4505 secundum

185 4546 486 4609 historiam,
512 4543 800 4597 secundum
823 4558 1088 4612 anagogen
1111 4558 1236 4597 vero
1251 4544 1317 4596 de
1344 4542 1682 4598 credentibus
1709 4541 1760 4595 in

185 4638 475 4692 Christum.
509 4633 790 4688 Aceusatio
812 4632 1117 4686 Judaeorum
1148 4634 1458 4687 idololatriae
1483 4632 1759 4699 causa,je-

184 4729 426 4797 juniique
453 4740 639 4779 eorum
667 4723 987 4793 reprobatio.
1027 4724 1270 4791 aliusque
1310 4722 1496 4790 jejunii
1527 4721 1761 4775 melioris

188 4818 498 4874 declaratio.
546 4816 746 4870 Deinde
774 4817 1040 4869 accusatio
1078 4814 1381 4869 dulosorum
1421 4829 1665 4883 operum,
1708 4822 1761 4867 et

189 4909 533 4963 consiliorum
561 4906 890 4970 earumdem,
913 4920 975 4957 ac
1007 4904 1276 4973 praphetia
1319 4903 1386 4957 de
1420 4902 1762 4957 credentibus

190 5001 239 5053 in
266 4998 560 5054 Christum.
593 4994 870 5063 Prophetia
895 4995 961 5048 de
987 4994 1215 5056 Christo,
1241 5002 1293 5048 et
1316 4994 1382 5047 de
1403 4994 1763 5049 curationibus

190 5093 487 5145 animarum
520 5095 572 5141 et
597 5100 877 5154 corporum
915 5087 982 5140 ab
1018 5086 1133 5154 ipso
1162 5087 1406 5154 peractis,
1435 5086 1607 5155 deque
1634 5102 1763 5155 apo-

188 5184 338 5237 stolis
356 5188 496 5236 etde
517 5178 732 5247 reliquis
754 5178 804 5231 in
828 5179 996 5244 ipsum
1018 5178 1370 5232 credentibus.
1396 5178 1471 5231 De
1494 5177 1760 5247 passione.

194 5272 260 5325 Et
280 5270 544 5325 confessio
568 5268 860 5339 prephetze,
891 5268 1036 5334 quasi
1066 5284 1126 5324 ex
1155 5282 1379 5336 persona
1403 5267 1609 5335 populi:
1635 5281 1763 5320 con-

194 5362 378 5415 futatio
408 5376 436 5413 a
465 5360 689 5413 Domino
717 5358 949 5426 ipsorum
997 5356 1401 5421 incredulitatis,
1443 5359 1764 5425 assumptio-

196 5469 293 5521 que
323 5450 649 5505 credentium
682 5449 731 5501 in
761 5447 927 5508 illum.
958 5454 1010 5499 et
1034 5448 1298 5500 accusatio
1328 5447 1640 5500 idololatria:
1666 5445 1762 5499 Ju-

198 5544 453 5598 datorum.
487 5542 557 5594 De
582 5538 922 5594 credentibus
948 5552 1012 5590 ex
1040 5536 1235 5590 Judaeis
1261 5539 1311 5592 in
1356 5538 1632 5591 Dominum
1664 5551 1762 5589 no-

198 5644 358 5687 strum
400 5630 579 5685 Jesnm
608 5629 895 5683 Christum.
946 5628 1227 5682 AccuSatio
1252 5643 1433 5682 eorum
1460 5630 1546 5699 qni
1576 5627 1765 5682 futura:

200 5740 313 5783 vita:
344 5742 450 5780 non
484 5721 843 5777 crediderunt.

1282 354 1603 413 SYNOPSIS
1640 350 2047 409 SCRIPTUM
2082 352 2349 409 SACRIE.

3352 379 3463 432 378

2028 502 2259 543 SYNOPSIS
2297 506 2495 555 εοιιυιι,
2537 507 2656 555 QUB
2691 510 2739 546 IN
2770 511 2989 549 JEREHIA
3020 510 3285 555 PROPBETA

2520 578 2799 617 DICUNTUR.

1944 712 2225 767 Przedictio
2269 714 2530 768 malorum
2577 732 2695 785 qua:
2738 732 2831 785 per
2876 717 3447 773 Nabuchodonosorem

1873 800 2051 855 lsraeli
2083 812 2335 857 eventura
2366 813 2507 858 sunt.
2535 805 2853 875 Redargnlio
2879 807 3191 862 idololatria:
3217 810 3444 874 lsraelis,

1872 898 1927 945 et
1953 894 2388 947 commemoratio
2417 893 2792 950 beneﬁciorum
2827 898 2919 951 Dei
2948 914 3071 966 erga
3101 899 3238 961 illos,
3265 911 3315 953 et
3339 918 3451 953 ma-

1874 980 2063 1045 lorum,
2092 997 2208 1050 qure
2228 983 2368 1052 passi
2386 994 2508 1038 sunt
2528 985 2666 1053 quod
2688 985 2949 1055 ZEgyptiis
2967 987 3122 1042 ﬁdem
3146 989 3443 1044 habuerint.

1872 1071 2135 1126 ldolorum
2181 1072 2500 1127 inﬁrmitatis
2545 1074 2944 1142 demonstratio,
2998 1087 3052 1130 et
3108 1078 3450 1146 reprehensio

1873 1161 2224 1219 israelitarnm
2255 1165 2322 1218 ob
2349 1164 2605 1219 humanas
2636 1168 2895 1221 victimas.
2925 1169 3133 1223 lsraelis
3157 1173 3446 1238 accusatio,

1871 1264 1923 1307 ct
1946 1270 2008 1307 ex
2038 1255 2434 1322 comparatione
2465 1272 2583 1310 cum
2618 1259 2713 1312 illo
2738 1259 2887 1312 Judae
2918 1261 3176 1315 scelerum
3219 1278 3449 1333 exsupe-

1870 1344 2038 1397 rantia
2096 1346 2469 1416 prmdictioqne
2520 1348 2779 1402 bonorum
2829 1351 3029 1415 lsraeli,
3075 1354 3120 1406 si
3163 1369 3448 1410 conversus

1870 1434 2028 1487 fuerit
2056 1436 2119 1488 ad
2152 1438 2315 1491 Deum
2351 1455 2364 1491 :
2410 1440 2535 1493 item
2579 1440 2845 1494 confessio
2877 1444 3166 1511 prophetae,
3198 1448 3345 1515 quasi
3375 1463 3443 1501 ex

1870 1538 2094 1590 persona
2126 1526 2324 1593 populi.
2356 1528 2621 1582 Ascensus
2654 1530 3083 1600 Babyloniorum,
3105 1544 3155 1586 et
3176 1535 3445 1604 propheta:

1870 1611 2176 1666 lamentatio
2204 1614 2269 1667 de
2309 1614 2482 1669 futura
2511 1619 2825 1681 vastatione,
2876 1620 3144 1689 ipsiusque
3188 1624 3446 1679 vastitatis

1868 1702 2173 1772 descriptio.
2211 1705 2491 1759 Accusatio
2539 1708 2739 1777 pOpttli,
2771 1709 2909 1777 quod
2958 1710 3158 1763 nullum
3206 1712 3446 1767 habuerit

1868 1791 1937 1845 ita
1964 1792 2185 1861 justum,
2219 1803 2272 1847 ut
2302 1796 2432 1848 iram
2465 1797 2560 1851 Dei
2590 1798 2842 1866 placaret,
2877 1808 2930 1854 et
2957 1801 3202 1870 nequitize
3233 1803 3442 1856 illorum

1867 1881 2269 1937 demonstratio.
2303 1885 2452 1951 Quod
2478 1886 2770 1941 Jerusalem
2799 1904 2902 1942 non
2934 1891 3123 1944 debeat
3148 1907 3243 1959 per
3269 1893 3442 1947 Nalm-

1867 1972 2287 2030 chodonosorem
2321 1990 2349 2027 a
2377 1974 2733 2031 fundamentis
2755 1980 3009 2032 subverti.
3044 1983 3312 2037 Ascensus
3343 1985 3443 2036 Ba-

1868 2062 2288 2133 byloniorunnet
2317 2068 2585 2120 accusatio
2609 2068 3026 2138 inobsequentiae
3053 2070 3283 2141 lsraelis,
3304 2076 3442 2144 quod

1867 2169 1972 2207 non
1996 2155 2342 2209 sustinuerint
2362 2156 2545 2211 audire
2569 2157 2898 2225 prophetam.
2921 2161 3196 2213 Accusatio
3220 2164 3446 2228 pseude-

1867 2244 2245 2314 prophetarum
2269 2246 2354 2315 qui
2386 2247 2637 2315 p0pulum
2654 2247 3021 2316 decipiebant:
3047 2248 3274 2304 Jeremia
3297 2268 3444 2305 nam-

1866 2352 1971 2405 que
1998 2336 2227 2399 dicente,
2277 2336 2473 2390 bellum
2504 2336 2638 2403 fore,
2689 2338 2789 2405 ipsi
2820 2339 3065 2392 dicebant
3094 2340 3207 2394 fore
3236 2357 3442 2407 pacem.

1866 2426 2189 2495 Reprobatio
2218 2427 2618 2490 sacriﬁciorum,
2646 2436 2700 2481 et
2724 2441 2973 2481 ascensus
3005 2429 3299 2498 Babylonii,
3327 2434 3440 2484 ani-

1867 2519 2045 2587 mique
2070 2517 2288 2572 rebellis
2316 2518 2620 2573 Judaeorum
2641 2517 2951 2572 confutatio.
2982 2518 3229 2575 llortatnr
3252 2522 3441 2578 Judam

1867 2616 1924 2661 nt
1952 2608 2016 2662 ad
2045 2610 2315 2663 meliorem
2362 2625 2420 2663 se
2452 2608 2652 2678 frugem
2684 2620 2927 2675 revocet;
2980 2611 3030 2663 id
3075 2612 3176 2665 nisi
3226 2614 3440 2680 faciant,

1867 2700 2011 2770 paria
2044 2714 2292 2769 paSSnros
2324 2700 2441 2753 illos
2471 2700 2821 2754 comminatur
2846 2702 2907 2755 iis
2928 2718 3044 2770 qua:
3071 2702 3228 2758 Israel
3259 2719 3444 2772 passus

1865 2800 1979 2846 est:
2007 2791 2323 2861 cohibetque
2354 2792 2489 2845 Deus
2519 2791 2803 2846 Jeremiam
2836 2808 2902 2846 ne
2932 2804 3177 2861 precetur
3204 2810 3296 2862 pro
3320 2796 3441 2849 illis.

1866 2880 2188 2949 Beprobatio
2218 2881 2619 2945 sacrilieiorum,
2660 2891 2713 2935 ct
2747 2884 3016 2935 accusatio
3044 2884 3444 2937 inconsideran-

1868 2973 1952 3024 tia:
1981 2986 2187 3035 eorum,
2215 2981 2268 3024 et
2293 2970 2641 3024 humanarum
2670 2972 3022 3038 victimarum,
3062 2990 3195 3040 quas
3237 2975 3439 3029 dzemo-

1865 3062 2021 3115 nibus
2042 3062 2351 3115 offerebant.
2383 3061 2662 3115 l’rmdictio
2686 3063 2795 3117 fore
2816 3071 2868 3115 ut
2894 3065 3041 3117 locus
3062 3065 3183 3118 idoli
3210 3069 3440 3134 ipsorum

1864 3152 2165 3219 sepulcrum
2200 3152 2306 3215 fiat,
2331 3160 2383 3205 et
2411 3161 2467 3204 ut
2504 3152 2663 3220 aliqui
2692 3152 2989 3206 occisorum
3023 3156 3304 3223 sepultura:
3337 3174 3438 3209 non

1865 3242 2157 3296 tradantur.
2193 3242 2386 3295 lterum
2420 3242 2484 3295 de
2511 3257 2734 3296 ascensu
2774 3243 3024 3308 hostium,
3057 3254 3110 3297 et
3136 3246 3441 3299 lamentatio

1864 3333 2105 3388 Jeremia:
2127 3333 2194 3386 de
2221 3333 2466 3401 nequitiis
2485 3348 2690 3387 eorum.
2719 3335 3000 3387 Accusatio
3028 3335 3350 3397 Judmornm,
3386 3348 3441 3389 ut

1864 3425 2023 3479 corde
2062 3424 2574 3487 incircumcisorum,
2606 3433 2660 3477 et
2703 3423 2998 3478 admonitio
3028 3441 3094 3479 ne
3126 3426 3438 3479 idololatria:

1865 3517 1993 3571 dent
2034 3532 2274 3585 Operam,
2306 3534 2367 3571 ac
2394 3518 2541 3586 quasi
2571 3533 2635 3572 ex
2664 3533 2891 3586 persona
2926 3520 3101 3586 populi
3135 3518 3438 3571 lamentatio

1865 3607 1931 3659 de
1958 3608 2146 3661 futuris
2177 3609 2349 3669 malis,
2382 3618 2435 3661 et
2461 3610 2725 3662 accusatio
2747 3623 2775 3660 a
2802 3609 2910 3662 Deo
2932 3608 3089 3662 facta.
3120 3609 3359 3661 llortatio
3375 3610 3437 3662 ad

1867 3700 2112 3753 lsraelem
2144 3712 2197 3752 ut
2222 3702 2328 3753 Deo
2355 3701 2622 3763 obediant,
2640 3709 2693 3754 et
2714 3701 2979 3754 accusatio
3004 3710 3208 3769 patrum
3231 3716 3437 3764 eorum,

1868 3796 2049 3853 etquae
2063 3786 2641 3859 malaipsisobventura
2656 3788 2782 3845 sint.
2803 3791 3092 3845 Cohibetur
3118 3808 3323 3845 rursum
3348 3793 3436 3845 Jc-

1865 3882 2080 3942 remias,
2115 3897 2180 3936 ne
2210 3892 2452 3951 precetur
2493 3898 2587 3952 pro
2628 3882 2748 3935 illis.
2792 3882 3131 3935 Lamentatur
3160 3884 3438 3950 propheta,

1865 3970 2005 4039 quod
2037 3971 2239 4025 insidiis
2268 3982 2541 4040 appetatur
2570 3988 2597 4024 a
2628 3971 2824 4025 Jadzeis
2851 3973 2899 4023 in
2926 3972 3215 4036 Anathoth,
3249 3974 3441 4041 pratdi-

1865 4064 1937 4117 cit
1981 4062 2099 4118 ideo
2130 4062 2359 4117 futurum
2393 4064 2519 4132 ipsis
2549 4080 2667 4118 esse
2697 4064 2987 4117 interitum.
3015 4065 3286 4117 Perimma
3321 4066 3440 4117 abs-

1864 4154 2096 4208 condere
2122 4154 2340 4223 jubetur
2369 4154 2627 4208 Jeremias
2653 4196 2667 4220 ,
2697 4169 2758 4208 ac
2800 4154 3041 4223 pra‘dieit
3068 4170 3211 4222 ipsos
3237 4155 3437 4207 satian-

1865 4244 1964 4299 dos
2006 4244 2263 4314 malisque
2302 4244 2644 4298 inebriandos
2674 4259 2812 4297 esse.
2846 4244 2919 4296 De
2950 4244 3137 4310 pluvia:
3188 4242 3393 4295 defectu
3426 4261 3436 4292 :

1867 4334 2246 4402 cohibetnrque
2278 4333 2530 4402 propheta
2561 4350 2626 4386 ne
2659 4342 2903 4399 precetur
2928 4347 3019 4398 pro
3046 4332 3204 4401 ipsis:
3232 4340 3441 4383 recusat

1869 4426 2007 4479 Deus
2030 4425 2240 4477 illorum
2273 4423 2598 4487 holocausta,
2626 4432 2678 4476 et
2700 4422 2919 4489 jejnnia,
2944 4423 3277 4489 minaturque
3304 4420 3438 4473 mala

1870 4513 2367 4585 pseudopmphetis,
2395 4512 2516 4579 quia
2558 4511 2805 4564 dicebant
2847 4526 2949 4564 non
2993 4511 3312 4564 obrenlttras
3344 4525 3437 4577 po-

1868 4609 1993 4678 pulo
2022 4604 2365 4659 calamitates.
2399 4603 2669 4670 Supplieat
2701 4604 2840 4656 Deo:
2876 4602 2963 4655 ille
2991 4616 3115 4653 vero
3144 4602 3216 4653 ait
3243 4616 3301 4654 se
3328 4615 3435 4653 non

1868 4698 2236 4754 exauditurum
2268 4694 2619 4751 essc,etiamsi
2665 4693 2869 4763 Moyses
2893 4704 2945 4745 et
2970 4691 3182 4745 Samuel
3216 4691 3441 4745 interce-

1868 4791 2056 4843 derent
2085 4800 2178 4853 pro
2209 4784 2368 4853 ipsis:
2399 4784 2489 4837 sed
2518 4783 2762 4837 datnrmn
2794 4800 2851 4837 se
2878 4784 2995 4837 illos
3027 4784 3075 4835 in
3120 4782 3347 4852 gladium
3388 4788 3443 4834 ct

1871 4888 2116 4940 mortem,
2142 4875 2355 4939 famem,
2382 4874 2759 4942 captivitatem,
2780 4886 2828 4926 ct
2850 4875 3105 4927 malorum
3125 4873 3438 4939 discerptio~

1871 4984 2013 5023 nem.
2048 4966 2297 5020 Precatnr
2326 4964 2585 5018 Jeretnias
2628 4972 2682 5015 ut
2713 4964 2839 5016 ultio
2867 4974 3107 5015 sumatur
3150 4960 3217 5013 de
3246 4974 3441 5028 expro-

1872 5058 2146 5115 brantibus
2174 5056 2303 5116 sibi;
2337 5055 2474 5109 Deus
2512 5063 2689 5107 autem
2739 5053 2813 5105 ait
2856 5053 2962 5104 illi:
2988 5050 3046 5104 Si
3073 5050 3301 5103 eduxeris
3330 5064 3441 5118 prc-

1872 5152 2049 5203 tiosum
2070 5164 2101 5200 a
2126 5147 2232 5213 vili,
2256 5145 2403 5216 quasi
2432 5161 2486 5198 os
2516 5160 2676 5195 meum
2696 5144 2793 5196 eris
2817 5140 2946 5211 (Jer.
2974 5141 3059 5194 15.
3090 5140 3198 5209 l9).
3222 5138 3442 5193 anctur

1875 5239 2127 5295 )ercmias
2148 5252 2364 5291 uxorem
2388 5250 2490 5288 non
2515 5235 2731 5296 ducere,
2760 5247 2930 5301 neque
2952 5229 3247 5293 lamentari,
3272 5242 3442 5295 neque

1873 5346 2055 5385 eorum
2082 5345 2197 5397 qua:
2218 5330 2358 5383 circa
2385 5334 2622 5379 mortuos
2650 5324 2844 5377 fiebant
2866 5323 3170 5391 participem
3188 5334 3305 5373 esse
3321 5332 3439 5371 cum

1875 5420 2142 5474 lsraelitis.
2174 5419 2250 5472 De
2291 5413 2567 5485 apostolis,
2610 5412 2676 5466 de
2703 5412 2914 5466 Christo
2946 5410 3217 5481 prophetia
3248 5406 3442 5461 :verba

1874 5525 2078 5573 eorum,
2110 5508 2198 5577 qui
2231 5508 2280 5559 in
2312 5507 2481 5574 ipsum
2514 5502 2763 5557 credituri
2810 5518 2913 5555 non
2959 5509 3140 5561 erant,
3186 5496 3443 5565 prOphela

1876 5599 2211 5669 prwnnntiat,
2240 5605 2289 5650 et
2316 5604 2496 5649 contra
2524 5594 2641 5647 illos
2670 5601 2932 5660 precatur.
2965 5589 3312 5656 Praecipitqne
3349 5585 3444 5639 Ju-

1877 5691 2025 5757 dazis,
2050 5699 2101 5742 nt
2132 5688 2404 5742 sabbatum
2435 5694 2666 5743 servent.
2708 5682 2761 5735 ln
2791 5683 3001 5735 donnnn
3036 5678 3173 5747 lignli
3225 5676 3443 5730 mittitur
