3996 6550
612 490 724 544 379

590 586 863 655 propheta.
890 582 1090 650 Finem,
1134 584 1303 655 inquit
1340 584 1501 646 Deus,
1531 582 1708 650 loquar
1734 582 1796 634 de
1820 597 1992 653 regno,
2021 592 2078 636 ut
2104 586 2169 637 ll—

589 677 677 728 lud
705 675 970 741 auferam;
1000 675 1122 729 etsi
1147 675 1391 729 conversi
1417 673 1650 735 fuerint,
1686 687 1789 725 non
1816 672 2072 727 auferam.
2100 673 2169 726 Et

590 766 739 833 ﬁnem
785 765 982 830 loquar,
1017 765 1205 833 inquit,
1244 763 1295 815 in
1323 770 1515 831 gentem
1538 770 1627 813 aut
1656 777 1882 829 regnum,
1912 771 1965 813 ut
1986 762 2168 815 τρίτάὶ-

590 855 786 919 licetur.
821 852 887 904 Et
916 853 959 905 si
988 853 1183 906 malum
1226 849 1468 913 fecerint,
1504 863 1606 901 non
1651 847 1840 900 faciam
1886 863 1984 916 ego
2031 848 2167 901 bona

584 960 705 1012 qua:
750 943 1001 1011 loquutus
1041 956 1155 995 sum
1185 950 1245 995 ut
1272 940 1500 994 facerem
1528 940 1629 993 illis
1675 937 1824 1008 (Cap.
1852 939 1937 993 18.
1968 941 1998 991 7
2019 938 2160 1006 ~10).

587 1036 699 1089 lloc
721 1045 897 1088 autem
915 1041 1068 1103 caput
1088 1045 1271 1088 contra
1298 1033 1511 1086 Judaeos
1528 1031 1655 1083 utile
1674 1031 1793 1093 erit,
1822 1044 1942 1084 cum
1967 1029 2164 1095 dicent,

588 1126 873 1178 Dominum
903 1125 1032 1192 ipsis
1061 1124 1197 1177 bona
1228 1122 1566 1191 promisisse;
1596 1135 1714 1174 cum
1745 1120 1887 1174 enim
1918 1134 2023 1173 non
2046 1134 2166 1174 cre-

585 1215 819 1269 diderint
840 1209 1074 1267 Domino
1101 1222 1285 1267 nostro
1313 1213 1436 1267 Jesu
1464 1212 1695 1277 Christo,
1724 1211 1819 1279 ipsi
1848 1211 1947 1265 sibi
1970 1210 2095 1279 ipsis
2115 1211 2167 1264 in

587 1319 747 1358 causa
778 1304 924 1359 fuere
950 1304 1291 1373 praesentium
1320 1303 1599 1357 malorum.
1634 1301 1858 1355 Insidias
1888 1302 1987 1356 sibi
2019 1316 2047 1354 a
2075 1301 2168 1355 Ju-

586 1399 720 1452 daeis
752 1400 1010 1467 parandas
1040 1398 1295 1467 prepheta
1327 1397 1583 1465 prmdicit,
1611 1405 1662 1447 et
1689 1405 1875 1448 contra
1899 1394 2017 1448 illos
2046 1409 2168 1463 pre-

588 1498 758 1551 catur,
786 1489 1033 1558 quoniam
1061 1489 1196 1541 mala
1227 1502 1320 1556 pro
1348 1487 1500 1540 bonis
1532 1485 1913 1540 retribucrunt.
1944 1484 2167 1538 anetur

589 1578 870 1644 Jeremias,
917 1587 1133 1647 accepta
1163 1578 1437 1646 laguncula
1469 1576 1666 1646 ﬁglina,
1710 1575 1849 1629 mala
1882 1574 2059 1643 populi
2088 1583 2167 1629 te-

588 1667 865 1734 stificatus,
899 1668 1231 1737 lagunculam
1280 1676 1557 1720 conterere
1582 1674 1705 1719 ante
1735 1664 1919 1718 oculos
1954 1678 2161 1729 eorum,

586 1768 642 1814 et
670 1760 881 1815 dicere:
906 1760 992 1814 Sic
1019 1767 1327 1814 conteretur
1369 1758 1687 1812 Jerusalem.
1729 1758 1795 1811 Et
1834 1756 2104 1825 conjectus
2133 1772 2165 1811 a

585 1850 854 1906 Paschore
885 1851 937 1903 in
965 1865 1208 1915 nervum,
1242 1850 1520 1918 prophetat
1558 1848 1810 1902 Paschori
1860 1847 1997 1901 mala
2045 1863 2164 1916 qua:

588 1942 758 2009 ipsum
777 1950 1061 2009 exceptura
1079 1949 1248 1993 erant.
1272 1939 1469 1992 Deinde
1485 1954 1623 2006 :cgre
1644 1937 1743 1992 fert
1769 1952 1861 1990 eos
1888 1938 1974 2006 qui
1993 1938 2161 2005 ipsum

587 2030 890 2096 traducunt,
946 2039 1293 2099 precaturque
1324 2029 1576 2082 adversus
1620 2029 1757 2090 illos,
1793 2028 2163 2096 maledicitque

582 2122 686 2175 diei
716 2137 846 2176 smn.
880 2122 1035 2176 Mittit
1058 2120 1307 2176 Sedecias
1327 2137 1447 2183 rex,
1468 2131 1522 2173 ut
1546 2120 1715 2174 discat
1742 2135 1768 2171 a
1792 2119 2017 2173 Jcremia
2038 2135 2161 2173 num

581 2214 929 2269 abscessurus
945 2228 972 2266 a
996 2228 1053 2267 se
1070 2216 1136 2265 sit
1158 2212 1663 2265 Nabuchodonosor.
1683 2210 1773 2264 Ille
1794 2224 1920 2263 vero
1942 2225 2162 2278 reSpon-

583 2304 693 2366 det,
722 2304 888 2358 Deum
920 2304 1235 2357 bellaturum
1262 2317 1381 2356 esse
1410 2310 1591 2354 contra
1631 2300 1842 2355 Judaros
1883 2310 1935 2354 et
1976 2311 2160 2355 contra

583 2409 759 2461 regem
810 2392 1108 2447 Sedeciam.
1152 2392 1209 2447 Si
1258 2401 1433 2445 autem
1484 2390 1711 2444 voluerit
1739 2390 1963 2459 populus
1990 2390 2161 2445 libens

581 2486 808 2540 transire
845 2485 910 2539 ad
939 2484 1532 2546 Nabuchodonosorem,
1571 2483 1741 2550 ipsum
1771 2484 1996 2537 salutem
2025 2498 2158 2536 con-

582 2584 950 2645 sequuturum,
982 2592 1269 2645 regemque
1301 2591 1402 2629 non
1438 2578 1725 2644 periturum
1755 2590 1894 2642 esse,
1925 2576 1967 2629 si
2000 2591 2030 2629 a
2060 2592 2154 2630 sua

579 2666 860 2721 discedens
890 2667 1143 2735 nequitia,
1182 2667 1268 2720 Dei
1299 2666 1578 2735 prmccptis
1598 2666 1874 2720 attendere
1904 2667 2149 2722 voluerit.

578 2757 774 2811 Contra
804 2757 1041 2812 Joachim
1073 2769 1125 2811 et
1150 2757 1457 2812 Jechoniam
1486 2766 1538 2811 et
1562 2768 1743 2811 contra
1771 2768 2009 2825 pastores
2035 2772 2157 2825 pro-

579 2848 755 2916 phetia
782 2848 846 2901 ad
877 2849 1175 2913 Dominum,
1208 2863 1268 2901 ac
1305 2847 1888 2916 pseudoprOphetarum
1933 2860 2154 2899 accusn-

578 2943 675 2993 tio.
710 2939 853 2993 Bona
882 2940 1033 2994 Judae
1077 2940 1391 3008 prophetat:
1420 2939 1608 2991 relicto
1650 2947 1827 2990 autem
1878 2937 2071 3006 populo
2103 2938 2152 2990 in

575 3029 868 3083 Jerusalem
900 3045 1019 3084 cum
1049 3029 1267 3084 Sedecia
1300 3044 1394 3097 per
1418 3030 1716 3097 exemplum
1747 3029 1936 3082 ficuum
1962 3043 2152 3081 ascen-

573 3124 694 3174 suni
718 3120 1251 3175 Nabuchodonosoris
1274 3120 1605 3184 vaticinatur,
1638 3120 1983 3188 omniumque
2020 3134 2153 3188 gen-

577 3212 707 3264 tium
741 3211 1027 3279 perniciem
1051 3227 1143 3280 per
1172 3211 1271 3264 hoc
1300 3211 1545 3280 poculum
1577 3211 1856 3279 significat.
1886 3211 2150 3281 Jerosoly-

574 3316 678 3369 tua:
708 3302 972 3355 excidium
1004 3302 1260 3370 prcedicit.
1289 3300 1873 3369 Comprehenditurque
1895 3302 2150 3356 Jeremias

574 3390 896 3444 occidendus
922 3405 950 3443 a
982 3391 1366 3453 sacerdotibus,
1403 3392 1607 3457 hocque
1631 3392 1918 3457 periculum
1951 3392 2143 3446 evadit.

573 3480 795 3535 Jubetur
832 3482 1088 3551 prapheta
1116 3497 1172 3537 se
1205 3483 1427 3536 vinculis
1473 3483 1822 3547 circumdare,
1868 3492 1917 3537 et
1966 3484 2151 3554 legatis

570 3571 987 3641 alienigenarum
1010 3572 1239 3638 edicere,
1266 3581 1323 3626 ut
1339 3573 1651 3625 annuutient
1669 3572 1879 3640 regibus
1905 3573 2013 3626 suis
2034 3575 2151 3627 sub-

571 3660 658 3728 jici
688 3675 781 3713 eos
811 3671 1059 3729 Oportere
1085 3661 1623 3724 Nabuchodonosori;
1654 3663 1950 3731 minarique
1983 3663 2146 3717 Deum

570 3758 795 3803 mortem
819 3750 881 3803 iis
903 3750 990 3819 qui
1020 3766 1078 3804 se
1106 3751 1201 3819 ipsi
1230 3765 1331 3803 non
1360 3750 1662 3818 subjiciam.
1689 3751 1940 3805 Eamdem
1957 3754 2149 3806 exhor-

570 3840 823 3892 tationem
853 3836 1071 3893 adhibct
1092 3854 1214 3909 erga
1248 3839 1545 3903 Sedeciam,
1580 3848 1635 3893 et
1664 3842 1942 3908 populum,
1962 3851 2016 3896 et
2060 3857 2146 3896 sa-

569 3930 834 3984 cerdotes.
886 3931 1119 3984 Ananias
1165 3946 1293 3984 vero
1339 3930 1800 3999 pseudopropheta
1860 3930 2149 3986 obsistebat

568 4018 813 4073 Jeremias
862 4020 1135 4089 propheta:
1181 4020 1385 4082 dicens,
1416 4035 1537 4074 vasa
1568 4034 1717 4075 sacra
1748 4019 1977 4074 reditura
2005 4036 2143 4086 esse,

568 4124 774 4165 necnon
801 4110 1133 4177 Jechoniam,
1165 4112 1253 4181 qui
1286 4111 1558 4167 eratfilius
1578 4112 1817 4166 Joachim
1846 4112 2025 4167 fratris
2051 4114 2147 4169 Se-

565 4199 751 4254 deciaa.
796 4201 862 4254 Et
888 4202 1137 4255 contrivit
1178 4212 1394 4255 catenas
1438 4202 1727 4271 prophetze.
1769 4203 1991 4257 Mittitur
2018 4219 2145 4274 ergo

566 4290 825 4346 Jeremias
846 4301 903 4347 ut
926 4302 1151 4348 mortem
1180 4293 1278 4363 ipsi
1305 4294 1577 4363 praedicat,
1605 4295 1655 4346 in
1678 4309 1743 4348 eo
1771 4295 1884 4363 ipso
1907 4311 2045 4350 anno
2063 4298 2145 4350 fu-

566 4391 761 4451 turam,
786 4385 924 4453 quod
965 4386 1123 4440 etiam
1155 4387 1350 4440 evenit.
1386 4386 1716 4441 Vaticinatur
1746 4388 1883 4441 mala
1912 4389 2142 4457 pseudo-

566 4472 844 4542 prophetis
888 4473 1158 4545 Babylone
1198 4475 1553 4541 versantibus,
1589 4476 1886 4545 populoque
1932 4477 2143 4545 longum

565 4563 885 4631 captivitatis
912 4572 1140 4632 tempus,
1164 4565 1256 4618 sed
1283 4574 1461 4619 tamen
1490 4565 1718 4619 reditum
1746 4580 1865 4619 esse
1887 4564 2139 4619 futurum.

567 4653 643 4707 De
666 4652 748 4706 his
771 4653 1138 4723 indignabatur
1156 4655 1395 4722 Sameas,
1421 4655 1508 4725 qui
1537 4656 1773 4724 increpat
1789 4656 2140 4723 sacerdotem,

565 4741 707 4811 quod
737 4758 840 4795 non
865 4744 1162 4812 impedierit
1188 4745 1472 4814 quominus
1500 4744 1755 4799 Jeremias
1783 4746 1906 4799 talia
1947 4746 2139 4799 vatici-

566 4842 801 4887 naretur.
829 4832 952 4887 Ideo
976 4835 1205 4890 minatur
1233 4836 1375 4891 Deus
1396 4852 1454 4891 se
1480 4836 1628 4890 illum
1651 4852 1769 4891 esse
1794 4837 2139 4905 perditurum.

570 4922 768 4976 Deinde
797 4938 975 4978 sermo
999 4928 1386 4982 consolatorius
1409 4926 1609 4981 lsraeli.
1649 4928 1882 4996 Tempus
1907 4928 2144 4982 declarat

564 5029 672 5081 quo
714 5013 947 5068 futurum
986 5026 1068 5070 est
1112 5026 1170 5071 ut
1212 5028 1545 5072 revertantur
1583 5034 1645 5072 ex
1679 5018 1966 5089 Babylone.
2010 5018 2142 5073 Illud

566 5119 695 5160 vero
724 5118 837 5160 erat
866 5115 1075 5176 tempus
1097 5108 1319 5173 Phasec,
1350 5124 1442 5163 seu
1470 5108 1685 5178 pascha,
1716 5116 1772 5163 ut
1799 5109 1851 5162 in
1875 5108 2041 5163 Esdra
2060 5125 2145 5165 re-

565 5195 742 5265 perire
770 5204 869 5259 est,
917 5198 1059 5265 ipsos
1090 5212 1279 5266 nempe
1309 5199 1360 5251 in
1390 5199 1524 5252 festo
1552 5199 1869 5267 Azymorum
1898 5213 2141 5253 reversos

563 5298 704 5339 esse.
740 5282 921 5353 Itaque
948 5286 1222 5341 manifeste
1248 5286 1415 5341 Judaei
1447 5288 1705 5341 mendacii
1735 5285 2135 5342 convincuntur.

564 5376 697 5428 Nam
726 5376 864 5430 bona
891 5375 977 5430 hic
1012 5377 1079 5430 de
1127 5377 1254 5444 ipsis
1296 5377 1560 5447 descripta
1601 5376 1772 5431 adhuc
1812 5386 2139 5445 exspectant,

566 5479 685 5532 qua;
712 5464 818 5533 jam
846 5475 1127 5520 venerunt.
1163 5467 1235 5521 De
1266 5467 1557 5522 infantibus
1598 5468 1666 5521 ab
1694 5465 1903 5519 Herode
1930 5466 2137 5520 occisis.

566 5557 640 5609 De
657 5554 805 5610 Novo
831 5556 1173 5611 Testamento
1200 5558 1494 5627 prepbetia.
1525 5558 1804 5626 Etiamque
1820 5556 2140 5624 descriptam

566 5649 666 5703 hoc
698 5649 816 5703 loco
847 5649 994 5703 urbis
1019 5651 1486 5705 remdiﬁcationem
1516 5649 1689 5702 adhuc
1717 5660 2026 5717 exspectant
2045 5648 2139 5702 Ju-

564 5738 685 5792 (hei.
715 5739 784 5792 At
812 5739 899 5793 illa
927 5739 1086 5794 linem
1130 5741 1356 5810 accepit,
1392 5740 1526 5793 facta
1571 5738 1772 5791 scilicet
1816 5738 2027 5807 quando
2076 5754 2139 5793 cx

568 5830 835 5901 Babylone
879 5832 1167 5889 redierunt.
1216 5833 1435 5888 Jubetur
1462 5830 1719 5887 Jeremias
1758 5848 1932 5886 emere
1963 5847 2141 5901 agrum

1313 472 1368 528 s.
1409 467 1682 528 somnus
1715 463 2185 522 CHRYSOSTOMI
2226 469 2539 525 ARClllEP.
2576 427 3107 533 consumma.

420 47 3996 132 Ἥ

3750 488 3864 544 380

2278 582 2450 651 patrui
2479 584 2579 647 sui,
2611 593 2667 639 et
2709 600 2829 641 cum
2872 588 3128 651 emisset,
3149 588 3260 643 ait:
3286 585 3420 643 Urbs
3447 588 3637 644 tradita
3669 601 3771 655 est.
3802 604 3857 651 et

2272 674 2426 742 jubes
2445 689 2623 730 emere
2646 692 2850 746 agrum.
2872 679 3013 733 Deus
3033 688 3206 732 autem
3223 678 3296 732 ait
3315 678 3410 743 illi,
3436 683 3719 747 prmsentia
3738 685 3856 751 qui-

2274 762 2394 816 dem
2419 764 2552 817 mala
2580 775 2799 834 propter
2816 777 3029 836 peccata
3057 768 3236 836 pepuli
3267 770 3509 823 evenire:
3538 778 3855 839 tempusque

2274 853 2405 916 fore,
2438 864 2557 907 cum
2585 870 2795 910 rursum
2829 857 2953 911 urbs
2981 857 3380 912 inhabitabitur.
3414 859 3658 915 Pratdicit
3684 861 3851 917 Sede-

2274 941 2392 1004 cias,
2439 943 2609 1010 ipsum
2640 955 2851 1013 captum
2883 947 2967 1011 iri,
3013 958 3068 1002 et
3098 949 3304 1003 incusat
3345 964 3440 1004 eos
3484 952 3622 1020 quod
3664 968 3854 1009 servos

2274 1043 2408 1097 quos
2434 1031 2677 1086 libertate
2704 1033 3053 1101 donaverant,
3086 1052 3272 1091 rursus
3311 1039 3517 1094 servire
3554 1052 3853 1110 cogerent:

2274 1120 2609 1189 minaturque
2635 1137 2882 1192 magnam
2912 1124 3023 1179 fore
3049 1126 3425 1181 calamitatem.
3458 1128 3582 1183 Ideo
3608 1134 3859 1200 praecipit

2274 1207 2398 1262 filiis
2425 1209 2681 1275 Jonadab,
2710 1222 2766 1265 ut
2787 1214 3001 1267 domum
3033 1225 3359 1270 construant.
3392 1217 3466 1271 llli
3492 1228 3669 1273 autem
3691 1234 3854 1274 recu-

2272 1307 2411 1351 sant.
2441 1299 2665 1355 Jubetur
2692 1302 2954 1359 Jeremias
2980 1320 3042 1359 ea
3073 1307 3307 1362 scribere
3332 1310 3527 1373 omnia,
3570 1326 3696 1379 qua:
3719 1313 3855 1365 vati—

2272 1389 2479 1446 cinatus
2500 1403 2612 1445 erat
2641 1408 2801 1463 super
2829 1396 3012 1460 Israel,
3047 1406 3102 1450 ut
3130 1399 3212 1452 vel
3243 1400 3319 1454 sic
3346 1399 3709 1467 formidarent,
3734 1420 3855 1458 rur-

2271 1496 2389 1535 sum
2419 1483 2694 1539 audientes
2714 1501 2795 1549 ea,
2820 1503 2939 1556 qua:
2968 1488 3109 1556 ipsos
3130 1489 3374 1544 invasura
3395 1502 3543 1546 erant
3563 1494 3701 1547 mala
3726 1496 3856 1549 :ille

2270 1584 2402 1625 vero
2428 1572 2668 1642 praecipit
2697 1575 2963 1642 Barucho,
3008 1588 3062 1631 ut
3099 1578 3199 1633 hoc
3229 1579 3406 1648 faciat,
3456 1583 3649 1652 illeque
3698 1584 3852 1639 fecit.

2270 1657 2340 1711 Et
2368 1675 2486 1713 eum
2517 1663 2837 1731 scripsisset,
2867 1665 3063 1719 Juda-is
3093 1667 3235 1737 legit.
3270 1667 3334 1723 Ut
3364 1670 3415 1723 id
3444 1670 3663 1728 audiere
3698 1677 3853 1743 prin-

2268 1750 2434 1819 cipes,
2466 1756 2915 1811 annuntiaverunt
2943 1758 3052 1827 regi
3080 1758 3338 1813 Joachim.
3368 1761 3462 1816 Ille
3483 1773 3658 1818 autem
3690 1780 3854 1822 acce-

2269 1850 2417 1911 ptum
2450 1844 2642 1898 librum
2674 1847 2986 1902 combussit.
3020 1848 3347 1919 Jubeturque
3390 1852 3653 1909 Jeremias
3682 1856 3850 1910 alium

2269 1932 2506 1987 scribere
2536 1934 2726 1989 librum
2768 1938 3019 1992 similem.
3054 1939 3287 2008 Regique
3314 1944 3593 2010 prophetat
3622 1945 3852 1999 calami-

2270 2030 2404 2075 tates
2429 2023 2498 2076 ob
2521 2025 2622 2078 tale
2640 2024 2863 2080 facinus.
2888 2026 3213 2082 Vaticinatttr
3230 2030 3492 2084 excidium
3520 2032 3849 2087 Jerusalem:

2267 2123 2320 2167 et
2335 2115 2823 2184 comprehenditur,
2845 2120 3181 2190 injiciturque
3204 2122 3253 2175 in
3276 2137 3543 2178 carcerem
3561 2124 3851 2191 Jeremias,

2269 2205 2495 2277 indeque
2511 2218 2761 2264 evocatus
2782 2225 2811 2263 a
2838 2210 3079 2277 Sedecia,
3099 2211 3229 2267 dicit
3244 2214 3314 2279 ei,
3333 2214 3647 2283 capiendum
3668 2216 3848 2284 ipsum

2268 2296 2401 2362 fore,
2431 2307 2685 2367 rogatque
2706 2315 2773 2355 ne
2795 2303 3097 2356 remittatur
3122 2307 3172 2357 in
3201 2318 3496 2360 carcerem.
3527 2308 3854 2375 Arreptum-

2266 2402 2368 2455 que
2395 2388 2542 2441 illum
2572 2390 2837 2458 principes
2858 2392 3101 2460 injiciunt
3124 2396 3174 2447 in
3198 2395 3368 2449 lacum
3391 2397 3551 2449 caeni.
3577 2397 3641 2451 Et
3663 2397 3853 2454 eduxit

2266 2493 2387 2531 eum
2436 2478 2556 2532 inde
2603 2480 2945 2536 Abdamelec.
2991 2486 3067 2537 Ac
3109 2499 3293 2540 rursus
3321 2487 3610 2540 accersitus
3638 2502 3669 2541 a
3697 2503 3849 2557 rege,

2266 2569 2491 2622 salutem
2518 2571 2614 2639 ipsi
2644 2575 2978 2640 praenuntiat,
3011 2576 3054 2628 si
3079 2576 3205 2630 velit
3226 2586 3415 2645 sponte
3440 2577 3506 2631 ad
3540 2579 3723 2635 hostes
3757 2597 3847 2636 ex-

2265 2661 2371 2724 ire;
2401 2662 2479 2714 sin
2508 2663 2659 2728 nolit,
2692 2664 2976 2732 perniciem
3008 2666 3121 2721 urbi
3147 2668 3261 2733 toti,
3285 2677 3337 2721 et
3359 2669 3455 2737 ipsi
3480 2670 3712 2738 ingentia
3736 2688 3847 2725 ma—

2264 2750 2332 2804 la.
2362 2751 2493 2805 Cum
2521 2762 2696 2808 autem
2726 2769 2831 2809 non
2861 2758 3215 2825 persuasisset
3245 2759 3319 2813 illi
3351 2768 3408 2813 ut
3432 2761 3620 2826 exiret,
3649 2778 3846 2817 ascen—

2263 2841 2339 2893 dit
2362 2842 2634 2904 barbarus,
2658 2852 2711 2897 et
2730 2855 2882 2913 capta
2905 2855 2985 2899 est
3008 2846 3131 2901 urbs
3152 2862 3271 2901 cum
3296 2848 3534 2905 Sedecia.
3554 2850 3848 2905 Jeremiam

2265 2945 2390 2984 vero
2435 2930 2661 2999 benigne
2691 2943 3017 3001 exceperunt
3047 2936 3315 3004 principes
3354 2937 3848 2992 Nabuchodonoso-

2261 3019 2356 3073 ris.
2384 3018 2736 3076 Abdemeleco
2779 3024 3001 3078 salutem
3033 3025 3287 3093 praidicit.
3322 3026 3452 3080 Cum
3482 3036 3661 3081 autem
3694 3028 3840 3097 prin-

2260 3125 2387 3180 ceps
2412 3126 2699 3180 coquorum
2722 3129 2885 3184 penes
2915 3115 3058 3184 ipsos
3080 3117 3400 3185 reliquisset,
3434 3126 3490 3171 ut
3512 3134 3619 3187 quo
3642 3120 3846 3174 vellent

2260 3202 2417 3267 irent,
2452 3203 2596 3257 venit
2636 3205 2702 3257 ad
2749 3204 3046 3272 Godoliam,
3078 3222 3234 3275 quem
3266 3209 3612 3263 constituerat
3644 3213 3839 3278 prinr-

2260 3309 2377 3361 pem
2408 3308 2592 3348 eorum
2623 3296 2712 3363 qui
2761 3297 2929 3351 relicti
2978 3297 3186 3352 fuerant
3228 3300 3280 3351 in
3324 3299 3521 3354 Judaia.
3556 3300 3847 3356 Couvmw-

2257 3392 2383 3437 runt
2407 3383 2473 3437 ad
2499 3384 2774 3439 Godoliam
2798 3387 2886 3455 qui
2919 3402 3015 3455 per
3040 3403 3193 3456 agros
3215 3390 3437 3457 diSpcrsi
3465 3400 3615 3446 erant
3640 3386 3834 3447 Judaei.

2258 3474 2447 3527 lsmael
2499 3474 2693 3528 occidit
2738 3475 3015 3530 Godoliam
3046 3487 3099 3531 et
3124 3479 3379 3546 quosdam
3408 3480 3561 3545 alios,
3591 3490 3646 3535 et
3693 3486 3837 3536 accf-

2258 3567 2408 3634 piens
2432 3568 2681 3635 p0pulum
2713 3566 2972 3632 Godoliaz,
3006 3568 3135 3622 abiit
3164 3571 3214 3623 in
3245 3571 3516 3639 regionem
3548 3575 3834 3630 Ammoni-

2256 3667 2446 3711 tarum.
2472 3660 2539 3713 Ut
2564 3671 2738 3713 autem
2782 3660 2909 3714 vidit
2935 3676 3052 3714 eum
3084 3661 3345 3728 Joannan,
3380 3678 3515 3717 unus
3540 3664 3606 3717 de
3639 3664 3828 3733 princi-

2255 3748 2429 3817 pihus,
2459 3748 2593 3803 bene
2632 3749 2853 3804 affectus
2900 3766 3025 3820 erga
3063 3750 3362 3817 Godoliam,
3394 3751 3596 3821 aufugit
3641 3754 3836 3807 lsmael

2254 3854 2374 3893 cum
2406 3849 2523 3894 octo
2554 3842 2680 3895 viris
2726 3849 2947 3906 tantum,
3004 3842 3359 3912 populumque
3407 3844 3614 3911 accepit
3665 3843 3831 3897 Joan-

2253 3943 2378 3982 nan.
2409 3929 2507 3995 Qui
2550 3938 2796 3998 precatus
2825 3938 2907 3985 est
2944 3930 3250 3997 Jeremiam,
3280 3941 3337 3985 ut
3379 3947 3472 4000 pro
3503 3933 3630 4001 ipsis
3664 3934 3832 3988 Deum

2253 4026 2496 4086 rogaret;
2528 4032 2648 4071 eum
2680 4018 2983 4073 consuleret
3008 4019 3135 4087 ipsis
3166 4020 3423 4075 Jeremias
3454 4036 3522 4075 nc
3567 4021 3619 4074 in
3662 4021 3802 4093 [Egy

2252 4117 2397 4176 ptum
2430 4109 2861 4179 ingrederentur;
2895 4121 3121 4166 mortem
3172 4114 3313 4167 enim
3358 4114 3549 4167 minari
3582 4114 3755 4169 Deum
3785 4116 3828 4171 si

2251 4212 2317 4252 eo
2342 4200 2791 4269 commigrarent:
2826 4200 2876 4253 id
2904 4201 2981 4255 eis
3009 4218 3113 4255 non
3157 4203 3438 4270 persuasio.
3468 4203 3601 4257 Cum
3648 4215 3830 4261 autem

2249 4289 2519 4343 venissent
2547 4291 2597 4343 in
2627 4290 2897 4358 Tapbnas,
2920 4290 3225 4345 cohortatus
3249 4300 3330 4345 est
3356 4308 3447 4346 eos
3475 4309 3541 4348 ne
3564 4294 3705 4350 idola
3736 4313 3827 4351 en-

2250 4378 2441 4431 lerent.
2482 4380 2972 4434 Contradicenlibus
2996 4381 3100 4434 illis
3131 4384 3498 4450 pramuntiavit
3535 4388 3829 4454 perniciem

2251 4483 2515 4537 magnam,
2542 4480 2592 4523 et
2625 4471 2732 4539 regi
2754 4471 3123 4540 [Egyptiorum
3150 4472 3434 4540 perniciem
3455 4473 3672 4545 Egypti
3697 4493 3832 4546 praem

2250 4556 2395 4619 dicit,
2433 4573 2635 4612 necnon
2674 4559 3106 4629 alienigenarum,
3138 4562 3265 4616 item
3295 4562 3664 4631 Moabitarum,
3699 4571 3828 4622 Am-

2250 4650 2585 4713 manitarum,
2622 4650 2993 4717 ldummorum,
3027 4652 3289 4719 Damasci,
3331 4664 3385 4709 et
3414 4655 3588 4723 Elam,
3636 4661 3824 4713 etiam.

2248 4755 2351 4809 que
2378 4740 2680 4811 Babylonis,
2710 4742 3042 4811 reditumque
3085 4744 3208 4799 inde
3231 4745 3533 4801 Judzeorum
3580 4763 3821 4818 praenota

2252 4831 2362 4884 tiat.
2393 4832 2669 4898 Quomodo
2698 4834 2871 4887 excisa
2919 4836 2987 4887 sit
3031 4834 3325 4890 Jerusalem
3370 4847 3571 4905 narrat,
3618 4855 3824 4897 necnon

2249 4922 2513 4990 quomodo
2540 4938 2605 4976 ex
2635 4922 2844 4991 dejecto
2871 4933 3011 4978 statu
3040 4924 3091 4977 in
3120 4924 3379 4981 honorem
3406 4938 3697 4996 provectus
3720 4930 3813 4982 fne-

2249 5014 2313 5067 rit
2345 5011 2604 5077 Joachim,
2635 5015 2723 5080 qui
2754 5022 2943 5082 sponte
2970 5029 3028 5069 se
3053 5029 3174 5069 eum
3221 5027 3390 5072 matre
3429 5032 3522 5072 sua
3548 5018 3827 5075 dediderat

2247 5099 2770 5155 Nabuchodonosori.

2304 5248 2540 5290 SYNOPSIS
2574 5248 2753 5288 EOBUI
2784 5248 2897 5297 ρυε
2927 5250 2990 5289 ΑΒ
3020 5252 3307 5294 EZECBIELE
3335 5255 3609 5295 PROPHETA
3636 5256 3747 5295 DlC'l
3772 5256 3807 5292 Δ

2956 5341 3103 5381 ευΝτ.

2326 5461 2480 5515 Videt
2511 5460 2769 5530 propheta
2795 5460 3052 5517 visionem
3082 5461 3549 5524 Cherubinorum,
3576 5460 3809 5529 jubeturo

2250 5570 2353 5624 que
2396 5570 2426 5608 a
2459 5555 2570 5608 Deo
2616 5554 2868 5609 lsraelitis
2902 5555 3066 5625 loqui.
3116 5555 3431 5623 Deportatur
3466 5567 3493 5606 a
3539 5551 3739 5621 Spiritu
3772 5555 3821 5605 in

2254 5646 2615 5714 captivitatem
2650 5664 2663 5698 :
2694 5648 3058 5715 excitaturque
3087 5661 3116 5698 a
3155 5646 3286 5710 Deo,
3318 5652 3373 5697 ut
3395 5659 3515 5698 cum
3546 5643 3739 5697 ﬁducia
3770 5654 3823 5697 et

2255 5737 2473 5805 impigre
2500 5746 2609 5789 tum
2651 5736 2843 5805 iniquis
2869 5746 2976 5791 tum
2997 5735 3155 5803 justis
3176 5733 3314 5788 viam
3340 5734 3404 5787 ad
3435 5734 3597 5787 vitam
3624 5732 3821 5786 ducen-

2257 5838 2358 5884 tem
2390 5828 2684 5892 annuntiet,
2712 5838 2765 5881 ct
2789 5826 2882 5880 Dci
2910 5825 3151 5879 mandata
3172 5824 3419 5881 declaret.
3452 5822 3676 5879 Juhetur
3706 5833 3821 5876 sese
