3996 6438
211 399 336 451 379

203 488 406 555 Κυρίῳ
458 485 609 555 ήμῶν
654 483 825 554 Ἰησοῦ
882 483 1118 553 Χριστῷ,
1156 485 1302 536 αὑτοὶ
1352 486 1561 546 ἑαυτοῖς
1618 484 1774 535 αἴτιοι

201 575 460 640 ἐγένοντο
489 571 596 623 τῶν
624 571 899 640 παρόντων
930 570 1129 622 κακῶν.
1165 572 1272 640 Τὴν
1296 572 1411 622 κατ’
1438 569 1600 622 αὑτοῦ
1635 585 1776 635 γινο-

206 661 383 727 μένην
407 659 692 726 ἐπιϐουλὴν
718 658 818 708 ὑπὸ
851 656 1112 708 Ἰουδαίων
1134 657 1160 706 6
1193 657 1473 725 προφήτης
1501 655 1771 724 προλέγει,

201 749 302 798 καὶ
332 745 652 814 κατεύχεται
682 745 877 804 αὑτῶν,
909 745 988 794 ὅτι
1020 743 1224 812 πονηρὰ
1253 744 1371 794 ἀντὶ
1397 741 1612 808 ἀγαθῶν
1642 744 1774 793 ἀπο-

198 830 493 883 δεδώκασι.
549 828 837 881 Κελεύεται
879 830 904 878 6
948 829 1208 896 Ἱερεμίας
1260 827 1406 897 βικὸν
1457 827 1772 896 ὀστράκινον

199 915 410 979 λαϐὼν,
443 917 535 968 καὶ
569 915 1070 984 διαμαρτυράμενος
1098 914 1162 964 τά
1187 912 1330 965 κακά
1357 913 1450 964 τοῦ
1479 913 1627 975 λαοῦ,
1658 930 1772 964 συν-

197 1005 397 1072 τρῖψαι
432 1005 522 1055 τὸν
552 1004 699 1071 βικὸν
731 1004 848 1052 κατ’
881 1001 1186 1069 ὀφθαλμοὺς
1209 1000 1404 1058 αὐτῶν,
1439 1001 1531 1051 καὶ
1561 1001 1731 1051 εἰπεῖν
1753 1016 1766 1028 ·

197 1090 363 1143 οὕτω
421 1089 829 1158 συντριϐήσεται
899 1085 1265 1154 Ἰερουσαλήμ.
1320 1087 1426 1136 Kal
1483 1085 1772 1154 ἐμϐληθεὶς

201 1176 313 1226 ὑπὸ
342 1175 436 1226 τοῦ
470 1173 702 1242 Πασχὼρ
727 1174 806 1234 είς
834 1172 919 1223 τὸν
943 1172 1308 1241 καταράκτην,
1341 1171 1665 1243 προφητεύει
1695 1170 1770 1240 τῷ

199 1261 442 1330 Πασχὼρ
471 1262 538 1312 τὰ
570 1259 887 1327 ἐκδεξόμενα
926 1257 1070 1326 αὑτῴ
1101 1258 1240 1308 κακά
1271 1269 1315 1309 ³.
1347 1255 1476 1310 Εῐτα
1518 1257 1769 1325 ἀσχάλλει

200 1349 298 1398 ἐπὶ
337 1351 451 1407 τοῖς
503 1345 840 1414 διασύρουσιν
881 1343 1060 1406 αὑτὸν,
1097 1344 1187 1394 καὶ
1228 1343 1541 1412 κατεύχεται
1572 1342 1763 1407 αὑτῶν,

199 1438 299 1487 καὶ
327 1437 630 1503 καταρᾶται
663 1435 726 1501 τῇ
756 1432 935 1500 ἡμέρᾳ
984 1432 1048 1500 τῇ
1095 1431 1305 1483 ἐαυτοῦ.
1347 1433 1555 1499 Πέμπει
1612 1432 1766 1483 Σεδε-

199 1523 326 1582 κίας
354 1523 382 1571 6
415 1520 663 1588 βασιλεὺς
692 1518 878 1586 μαθεῖν
907 1518 1053 1586 παρὰ
1093 1518 1371 1584 Ἱερεμίου,
1401 1519 1447 1568 εί
1474 1517 1766 1568 ἀπελεύσε-

198 1625 292 1658 ται
324 1607 419 1658 ἀπ’
470 1604 631 1658 αὑτοῦ
681 1603 1160 1671 Ναϐουχοδονόσορ.
1205 1603 1261 1654 Ὀ
1311 1603 1367 1654 δέ
1398 1619 1578 1672 φησιν,
1628 1605 1706 1655 ὅτι
1739 1605 1766 1654 6

197 1695 333 1757 Θεὸς
365 1694 660 1762 πολεμήσει
701 1693 824 1752 τοὺς
862 1691 1159 1752 Ἰουδαίους,
1193 1708 1282 1741 και
1306 1691 1395 1741 τὸν
1418 1691 1637 1758 βασιλέα
1668 1692 1764 1742 Σε-

198 1781 403 1833 δεκίαν.
436 1781 497 1831 Εί
531 1779 586 1830 δέ
622 1776 856 1846 βούλοιτο
889 1778 915 1827 6
951 1776 1073 1837 λαὸς
1105 1776 1242 1827 ἐκὼν
1277 1777 1660 1845 προσχωρῆσαι
1689 1775 1764 1845 τῷ

198 1866 688 1935 Ναϐουχοδονόσορ,
725 1862 1061 1931 σωθήσεσθαι
1091 1862 1270 1926 αὑτὸν,
1301 1862 1393 1914 καὶ
1418 1863 1506 1914 τόν
1546 1862 1764 1930 βασιλέα

198 1956 256 2005 δὲ
285 1955 383 2005 οὑκ
427 1949 761 2011 ἀπολεῖσθαι,
807 1951 853 2000 εί
891 1950 988 2018 τῆς
1036 1949 1238 2010 οίκείας
1281 1949 1517 2011 ἀποστὰς
1548 1950 1761 2013 κακίας,

198 2044 309 2103 τοῖς
336 2039 432 2090 τοῦ
476 2037 610 2089 Θεοῦ
651 2036 1024 2106 προστάγμασι
1069 2035 1351 2103 προσέχειν
1391 2034 1579 2086 ἐθέλοι.
1609 2036 1762 2086 Κατά

197 2130 292 2180 τοῦ
340 2127 599 2195 Ἰωακεὶμ
643 2125 734 2176 καὶ
775 2123 866 2174 τοῦ
907 2122 1171 2191 Ἰεχονίου,
1207 2124 1298 2173 καὶ
1331 2122 1469 2173 κατά
1498 2122 1601 2174 τῶν
1647 2141 1764 2175 ποι-

203 2217 379 2284 μένων
409 2215 488 2275 είς
514 2213 599 2264 τὸν
627 2211 827 2280 Κύριον
860 2207 1180 2276 προφητεία,
1213 2208 1304 2259 καὶ
1334 2208 1438 2260 τῶν
1463 2208 1757 2280 ψευδοπροο

200 2301 386 2372 φητῶν
415 2297 734 2368 κατηγορία.
761 2293 982 2363 Χρηστά
1006 2293 1081 2361 τῷ
1119 2292 1286 2362 Ἰούδα
1311 2295 1655 2363 προφητεύει.
1675 2295 1762 2364 Τῷ

197 2389 256 2441 δέ
287 2384 664 2451 ὑπολειφθέντι
709 2381 820 2450 λαῷ
864 2383 919 2432 ἐν
958 2378 1304 2449 Ἰερουσαλὴμ
1345 2379 1480 2447 μετὰ
1515 2381 1760 2432 Σεδεκίου

197 2475 284 2525 δ;ὰ
336 2474 431 2525 τού
477 2469 864 2537 ὑποδείγματος
913 2465 1019 2516 τῶν
1066 2464 1240 2516 συκῶν
1288 2465 1613 2534 προφητεύει
1667 2465 1760 2518 τοῦ

197 2557 664 2627 Ναϐουχοδονόσορ
679 2555 774 2621 τὴν
797 2553 996 2612 ἄνοδον,
1017 2552 1105 2602 καὶ
1128 2553 1340 2602 πάντων
1360 2551 1466 2602 τῶν
1486 2550 1651 2602 ἐθνῶν
1666 2550 1760 2621 τὴν

198 2648 474 2700 ἀπώλειαν
518 2644 604 2696 διά
631 2641 720 2694 τοῦ
770 2640 1024 2710 ποτηρίου
1067 2639 1252 2690 τούτου
1298 2639 1491 2702 δηλῶν.
1526 2641 1762 2708 Προαγο-

199 2735 346 2803 ρεύει
375 2731 528 2806 [585]
556 2730 824 2782 ἀπώλειαν
850 2729 948 2796 τῆς
989 2727 1360 2797 Ἰερουσαλήμ.
1393 2727 1499 2778 Kal
1535 2728 1762 2796 συλλαμ-

199 2822 419 2874 ϐάνεται
471 2819 563 2870 ἐπὶ
591 2817 800 2882 θανάτῳ
838 2813 1104 2883 Ἱερεμίας
1143 2813 1243 2864 ὑπὸ
1283 2813 1387 2864 τῶν
1418 2814 1622 2882 ἱερέων,
1670 2815 1761 2866 καὶ

199 2907 456 2975 ἐκφεύγει
489 2904 578 2956 τὸν
611 2903 871 2954 κίνδυνον.
917 2899 1210 2950 Κελεύεται
1250 2901 1276 2949 6
1307 2900 1584 2968 προφήτης
1612 2916 1761 2969 περι-

201 2994 368 3046 θεῖναι
404 2990 580 3060 ἐαυτῷ
605 2989 850 3057 δεσμοὺς,
884 2985 978 3037 καὶ
1002 2987 1109 3048 τοῖς
1132 2983 1388 3054 πρέσϐεσι
1416 2985 1520 3036 τῶν
1545 2985 1761 3053 ἀλλοφύυ

200 3082 303 3133 λων
335 3080 532 3138 εἰπεῖν,
570 3076 708 3127 ὥστε
748 3071 1073 3139 ἀπαγγεῖλαι
1107 3074 1215 3132 τοῖς
1253 3070 1554 3139 βασιλεῦσιν
1582 3071 1759 3132 αὑτοῖς

201 3167 537 3235 ὑποταγῆναι
581 3163 659 3230 τῷ
698 3158 1162 3226 Ναϐουχοδονόσορ
1189 3176 1200 3190 ·
1251 3158 1487 3210 ἀπειλεῖν
1524 3159 1630 3226 γὰρ
1671 3159 1759 3209 τὸν

200 3255 326 3306 Θεὸν
348 3253 574 3305 θάνατον
597 3251 706 3309 τοῖς
735 3248 807 3316 μὴ
837 3245 1288 3313 ὑποτασσομένοις
1313 3245 1477 3314 αὑτῷ.
1505 3246 1761 3312 Παραινεῖ

198 3341 252 3392 δὲ
274 3340 481 3408 ταύτην
505 3337 600 3406 τὴν
622 3334 935 3404 παραίνεσιν
953 3331 1132 3400 καὶτῷ
1157 3331 1394 3400 Σεδεκίᾳ,
1419 3332 1510 3383 καιί
1529 3331 1603 3399 τῷ
1625 3331 1754 3401 λαῷ,

198 3427 289 3479 καὶ
316 3429 426 3487 τοῖς
458 3423 710 3492 ἱερεῦσιν.
735 3419 791 3471 '0
817 3418 871 3470 δέ
899 3417 1340 3485 ψευδοπροφήτης
1369 3417 1613 3479 Ἀνανίας
1636 3417 1760 3469 ἀνθ-

201 3513 381 3565 ίστατο
422 3507 658 3579 Ἱερεμίᾳ
710 3506 788 3575 τῷ
833 3505 1103 3575 προφήτῃ,
1150 3503 1341 3570 λέγων,
1379 3502 1444 3554 τά
1486 3503 1649 3572 σκεύη
1690 3503 1758 3554 τὰ

201 3601 319 3671 ίερά
364 3598 674 3665 ἐπανήξειν,
715 3595 807 3645 καὶ
835 3592 923 3646 τὸν
960 3590 1228 3659 Ἰεχονίαν,
1270 3590 1328 3652 ὃς
1359 3586 1424 3660 ἦν
1459 3592 1568 3652 υίὸς
1607 3591 1753 3643 Ἰωα-

197 3688 328 3754 κεὶμ
382 3680 611 3750 ἀδελφοῦ
669 3679 931 3730 Σεδεκίου.
993 3677 1101 3729 Kal
1157 3675 1437 3745 συνέτριψε
1493 3678 1583 3727 καὶ
1632 3678 1754 3739 τοὺς

197 3773 408 3832 κλοιοὺς
437 3769 530 3823 τοῦ
578 3767 869 3837 προφήτου.
902 3765 1182 3834 Πέμπεται
1225 3763 1400 3816 τοίνυν
1427 3766 1453 3815 6
1494 3765 1756 3835 Ἱερεμίας

198 3859 423 3911 θάνατον
452 3853 600 3923 αὑτῷ
627 3851 901 3923 προλέγων
931 3853 986 3903 ἐν
1009 3850 1152 3917 αὑτῷ
1185 3849 1374 3918 ἐκείνῳ
1399 3848 1474 3919 τῷ
1505 3851 1753 3921 ἐνιαυτῷ,

195 3947 268 4010 ὡς
297 3947 391 3999 καὶ
429 3943 644 4009 συνέϐη.
678 3941 757 3994 Τά
797 3939 939 3992 κακά
980 3941 1088 4000 τοῖς
1122 3941 1177 3990 ἐν
1211 3937 1484 3990 Βαϐυλῶνι
1517 3939 1543 3976 b
1572 3939 1756 4006 ψευδο-

195 4034 503 4103 προφήταις
532 4028 806 4100 προλέγει,
827 4027 918 4078 καὶ
941 4025 1015 4094 τῷ
1035 4024 1147 4093 λαῷ
1172 4025 1377 4094 μακρῦν
1395 4025 1484 4077 τὸν
1517 4025 1616 4094 τῆς
1639 4029 1756 4096 αίχ-

197 4119 476 4189 μαλωσίας
511 4115 721 4184 χρόνον,
761 4112 871 4164 ἀλλ’
898 4113 1043 4180 ὅμως
1071 4111 1282 4163 ἔσεσθαι
1321 4111 1595 4164 ἐπάνοδον.
1635 4112 1754 4164 Ἐπὶ

195 4207 401 4268 τούτοις
434 4205 728 4272 ἠγανάκτει
755 4200 989 4270 Σαμέας,
1017 4201 1108 4251 καὶ
1141 4201 1365 4269 ἐπιτιμᾷ
1394 4200 1468 4268 τῷ
1499 4202 1649 4270 ἱερεῖ,
1674 4203 1754 4254 ὅτι

195 4293 293 4343 οὑκ
319 4290 555 4342 ἐκώλυσε
575 4289 663 4340 τὸν
696 4286 959 4355 Ἱερεμίαν
991 4283 1210 4338 τοιαῦτα
1242 4287 1634 4355 προφητεῦσαι.
1659 4288 1753 4340 Διὰ

194 4380 350 4431 τοῦτο
388 4377 598 4429 ἀπειλεῖ
637 4375 663 4426 6
708 4373 838 4435 Θεὸς
891 4373 1171 4426 ἀπολέσειν
1200 4373 1379 4427 αὑτόν.
1421 4369 1551 4424 Εἶτα
1600 4375 1754 4442 λόγος

195 4462 598 4532 παρακλητικὸς
648 4459 724 4529 τῷ
765 4459 996 4528 Ἰσραήλ.
1045 4458 1200 4526 Δηλοῖ
1237 4458 1324 4510 τὸν
1375 4459 1562 4527 καιρὸν
1588 4501 1600 4525 ,
1634 4460 1752 4514 καθ’

194 4549 250 4601 ὃν
280 4547 500 4617 ἔμελλον
523 4544 913 4614 ἐπανέρχεσθαι
943 4545 1006 4595 ἐκ
1046 4544 1374 4607 Βαϐυλῶνος.
1413 4539 1576 4607 Οὗτος
1605 4547 1657 4598 δέ
1687 4543 1752 4617 ἦν

194 4637 224 4690 6
251 4636 340 4689 τοῦ
369 4635 563 4702 φασέκ,
597 4630 777 4692 καθὼς
811 4632 902 4683 καὶ
940 4632 995 4682 ἐν
1033 4631 1109 4700 τῷ
1146 4633 1349 4701 ’Έσδρᾳ
1387 4631 1527 4685 ἐστιν
1554 4637 1751 4705 εὑρεῖν,

194 4724 273 4774 ὅτι
306 4724 372 4791 τῇ
393 4722 548 4788 ἑορτῇ
586 4718 692 4770 τῶν
717 4716 938 4786 ἀζύμων
965 4717 1281 4785 ἐπανῆλθον.
1316 4721 1475 4770 Ὥστε
1507 4721 1753 4790 φανερῶς

194 4809 503 4877 ἐλέγχονται
530 4805 840 4874 ψευδόμενοι
881 4803 1137 4856 Ἰουδαῖοι.
1175 4804 1254 4856 Τά
1286 4804 1391 4874 γάρ
1422 4806 1479 4857 ἐν
1510 4807 1586 4875 τῷ
1605 4808 1754 4878 τόπῳ

193 4894 365 4962 τούτῳ
395 4891 748 4960 γεγραμμένα
781 4888 908 4958 περὶ¹
944 4889 1117 4941 αὑτῶν
1150 4890 1326 4958 ἀγαθά
1356 4892 1432 4942 ἔτι
1458 4893 1754 4961 προσδοκῶ-

197 4997 299 5044 σιν,
328 4979 468 5048 ᾶπερ
494 4972 674 5046 ἦλθον.
703 4977 834 5044 Περὶ
861 4976 964 5026 τῶν
988 4975 1374 5044 ἀναιρεθέντων
1407 4979 1628 5031 παιδίων
1652 4979 1753 5034 ὑπὸ

205 5065 463 5136 Ἡρώδου.
501 5063 633 5131 Περὶ
668 5061 765 5128 τῆς
811 5061 952 5121 Νέας
988 5061 1253 5129 Διαθήκης
1293 5064 1611 5132 προφητεία.
1645 5066 1753 5118 Kal

194 5154 289 5222 τήν
308 5154 368 5202 ἐν
401 5149 476 5218 τῷ
497 5150 646 5216 τόπῳ
666 5147 720 5198 δέ
745 5145 915 5214 τούτῳ
944 5147 1223 5214 οἰκοδομὴν
1248 5148 1630 5217 γεγραμμένην
1655 5151 1752 5219 τῆς

196 5240 400 5300 πόλεως
425 5237 504 5288 ἐτι
530 5232 892 5304 προσδοκῶσιν
929 5232 1182 5283 Ἰουδαῖοι.
1217 5235 1321 5284 Καὶ
1357 5232 1495 5302 αὕτη
1523 5234 1577 5285 δὲ
1603 5236 1751 5297 τέλος

195 5325 370 5391 ἔσχεν,
404 5325 490 5374 ὅτε
532 5319 755 5389 ἀνῆλθον
785 5320 846 5367 ἐκ
875 5317 1186 5379 Βαϐυλῶνος
1212 5320 1498 5389 γενομένη,
1531 5321 1752 5374 Κελεύε.

197 5427 282 5460 ται
303 5412 330 5459 ὁ
367 5407 630 5479 Ἱερεμίας
661 5407 921 5475 ἀγοράσαι
953 5405 1042 5456 τὸν
1075 5406 1238 5473 ἀγρὸν
1263 5406 1354 5458 τοῦ
1383 5409 1750 5476 πατραδέλφου

198 5494 379 5558 αὑτοῦ,
408 5495 501 5546 καὶ
524 5494 796 5561 ἀγοράσας
814 5491 978 5558 λέγει,
1004 5491 1082 5542 ὅτι
1113 5493 1143 5560 ἡ
1169 5492 1316 5553 πόλις
1341 5495 1628 5564 παρεδόθη,
1661 5497 1751 5548 καὶ

259 5668 284 5728 ξ
306 5666 483 5728 Melius
510 5668 762 5728 legeretur
779 5667 837 5713 τά
864 5665 1136 5728 ἐκδεξόμενα
1158 5664 1295 5712 αὐτὸν
1332 5667 1474 5714 κακά.

256 5727 284 5768 b
304 5727 388 5776 Ms.
414 5729 556 5779 Coisl.
572 5727 706 5776 male
732 5728 852 5775 κατὰ
877 5727 971 5782 τοῖς
996 5727 1040 5773 ἐν
1072 5728 1329 5787 Βαϐυλῶνι,
1359 5736 1454 5776 etc.

1299 368 1628 425 SYNOPSIS
1666 367 2072 424 SCRIPTURA‘J
2114 373 2380 428 SACR/E.

3326 388 3436 440 380

1881 483 2120 536 κελεύειν
2157 497 2178 522 ο
2229 487 2492 556 ἀγοράσαι
2533 490 2717 557 ἀγρόν.
2760 490 2816 542 '0
2854 491 2908 542 δέ
2956 490 3085 552 Θεός
3133 507 3263 560 φησι
3309 493 3442 560 πρὸς

1880 569 2040 619 αὑτόν
2065 586 2078 600 ·
2101 566 2175 620 Τά
2214 572 2310 638 μὲν
2350 573 2587 642 παρόντα
2625 576 2766 627 κακά
2795 577 2881 626 διὰ
2915 577 3012 637 τὰς
3051 578 3320 644 ἁμαρτίας
3347 578 3438 629 τοῦ

1880 652 2007 704 λαοῦ
2033 671 2045 682 ⁸
2079 655 2228 706 ἔσται
2258 659 2465 725 καιρὸς,
2490 661 2574 710 ὅτε
2615 661 2772 712 πάλιν
2804 663 3250 731 κατοικηθήσεται
3286 664 3317 730 ἡ
3348 663 3438 712 πόα

1879 739 1977 801 λις.
2006 739 2260 810 ΙΙρολέγει
2290 744 2365 811 τῷ
2396 746 2634 815 Σεδεκίᾳ,
2665 749 2743 798 ὃτι
2776 748 3059 808 ἁλώσεται,
3102 748 3191 799 καὶ
3224 749 3439 813 ἐγκαλεῖ

1876 829 2003 890 τοὺς
2025 830 2260 892 δούλους,
2296 831 2387 892 οὓς
2420 833 2812 902 ἠλευθέρωσαν,
2842 837 3001 886 πάλιν
3034 835 3436 886 καταδουλωσα-

1882 915 2081 982 μένοις,
2117 916 2208 968 καὶ
2243 919 2451 968 ἀπειλεί
2491 921 2727 988 μεγάλην
2760 922 2973 972 ἔσεσθαι
3007 923 3303 989 συμφοράν.
3339 919 3435 970 Διά

1877 1001 2030 1052 τοῦτο
2062 1002 2267 1054 κελεύει
2308 1004 2430 1064 τοὺς
2474 1007 2618 1067 υἱοὺς
2659 1007 2906 1060 Ἰωναδαϐ
2954 1010 3121 1058 ποιεῖν
3167 1003 3329 1056 οἷκον.
3373 1007 3433 1055 Οί

1875 1087 1931 1138 δὲ
1959 1089 2364 1158 παραιτοῦνται.
2399 1091 2688 1144 Κελεύεται
2721 1095 2747 1144 6
2784 1094 3050 1161 Ἱερεμίας
3079 1093 3304 1161 γράψαι,
3335 1093 3434 1143 ὅσα

1878 1177 2274 1244 προεφήτευσεν
2301 1177 2390 1227 ἐπὶ
2417 1178 2645 1246 Ἰσραὴλ,
2671 1179 2755 1230 ἵνα
2781 1179 2920 1229 οὓτω
2945 1178 3074 1244 ’γοῦν
3106 1179 3429 1245 φοϐηθῶσιν,

1875 1261 2197 1321 ἀκούσαντες
2250 1263 2408 1313 πάλιν
2453 1264 2519 1313 τά
2573 1264 2828 1332 μέλλοντα
2867 1265 3058 1324 αὐτοὺς
3102 1264 3430 1332 διαδέχεσθαι

1874 1348 2018 1398 κακά
2068 1348 2124 1398 '0
2152 1348 2205 1398 δὲ
2235 1350 2562 1416 προστάσσει
2591 1351 2667 1418 τῷ
2697 1351 2926 1418 Βαροὺχ,
2953 1352 3042 1402 τοῦ
3072 1351 3309 1419 ποιῆσαι,
3341 1350 3432 1401 καὶ

1875 1433 2112 1501 ἐποίησε.
2143 1436 2248 1485 Kal
2279 1435 2492 1504 γράψας
2525 1436 2732 1502 ἀνέγνω
2771 1441 2879 1497 τοῖς
2927 1439 3212 1498 Ἰουδαίοις.
3258 1437 3341 1496 Ὠς
3376 1435 3431 1485 δὲ

1873 1521 2108 1588 ἤκουσαν
2139 1522 2182 1571 οἱ
2235 1521 2507 1588 ἄρχοντες,
2545 1522 2867 1588 ἀνήγγειλάν
2901 1522 2976 1590 τῷ
3028 1523 3236 1590 βασιλεῖ
3282 1522 3427 1573 Ἰωα-

1873 1608 2018 1676 κείμ.
2056 1609 2112 1659 Ὀ
2139 1608 2192 1658 δὲ
2215 1607 2391 1660 λαϐὼν
2421 1609 2478 1659 τὸ
2499 1608 2694 1676 βιϐλίον
2727 1610 3045 1661 κατέκαυσε,
3090 1610 3195 1659 Kal
3219 1607 3429 1658 κελεύεέ

1871 1710 1959 1744 ται
1997 1694 2256 1762 Ἱερεμίας
2302 1695 2486 1756 ἕτερον
2535 1695 2738 1763 γράψαι
2782 1695 2978 1762 βιϐλίον
3021 1693 3274 1745 τοιοῦτον.
3322 1693 3428 1744 Kal

1872 1779 2198 1849 προφητεύει
2248 1780 2323 1848 τῷ
2365 1780 2571 1848 βασιλεῖ
2603 1781 2881 1849 συμφορὰς
2925 1780 3011 1831 διὰ
3067 1779 3126 1831 τὸ
3178 1779 3427 1846 τόλμημα

1870 1866 2043 1918 τοῦτο.
2074 1868 2405 1936 Προφητεύει
2434 1869 2527 1937 τὴν
2553 1868 2748 1920 ἅλωσιν
2777 1868 3127 1937 Ἰερουσαλήμ
3149 1883 3160 1896 ³
3191 1867 3282 1917 καὶ
3306 1863 3426 1914 συλ-

1870 1953 2199 2022 λαμϐάνεται
2234 1955 2325 2004 καὶ
2359 1954 2676 2021 ἐμϐάλλεται
2710 1956 2786 2014 εἰς
2817 1955 3182 2022 δεσμωτήριον
3205 1955 3231 2004 6
3264 1953 3429 2020 Ἱερε-

1874 2040 2001 2109 μίας
2025 2079 2038 2101 ,
2064 2041 2155 2091 καὶ
2187 2040 2588 2108 μεταπεμφθεὶς
2631 2041 2832 2090 ἐκεῖθεν
2863 2040 2964 2090 ὑπὸ
2990 2040 3256 2098 Σεδεκίου,
3283 2038 3425 2104 λέγει

1872 2125 2016 2194 αὑτῷ
2040 2167 2052 2188 ,
2084 2127 2162 2177 ὃτι
2196 2125 2455 2177 ἀλὼσεται
2480 2164 2493 2188 ,
2533 2126 2624 2177 καὶ
2670 2126 2807 2190 ἀξιοῖ
2851 2127 2988 2175 ὥστε
3027 2131 3098 2194 μή
3143 2141 3426 2193 παραπεμ-

1871 2212 2064 2281 φθῆναι
2111 2214 2189 2271 είς
2231 2211 2290 2263 τὸ
2348 2211 2733 2280 δεσμωτήριον.
2768 2213 2873 2261 Kal
2911 2210 3158 2271 λαϐόντες
3192 2211 3347 2261 αὑτὸν
3377 2211 3423 2259 οί

1869 2302 2122 2369 ἄρχοντες
2159 2299 2402 2352 ἐνέϐαλον
2435 2301 2511 2360 είς
2541 2299 2629 2349 τὸν
2658 2299 2855 2351 λάκκον
2886 2299 2976 2350 τοῦ
3011 2297 3284 2367 βορϐόρου.
3315 2297 3424 2348 Kal

1871 2387 2019 2458 [586]
2067 2387 2337 2454 ἀνήγαγεν
2386 2385 2544 2438 αὑτὸν
2600 2386 2801 2436 ἐκεῖθεν
2844 2388 2870 2435 6
2933 2384 3273 2452 Ἀϐδαμελέκ.
3317 2385 3424 2435 Kal

1873 2472 2276 2543 μεταπεμφθεὶς
2309 2471 2465 2523 πάλιν
2496 2471 2598 2522 ὑπὸ
2628 2470 2717 2520 τοῦ
2760 2469 3037 2536 βασιλέως,
3070 2469 3422 2539 προαγορεύει

1868 2559 2014 2628 αὑτῷ
2060 2558 2356 2628 σωτηρίαν,
2398 2559 2445 2608 εἰ
2492 2557 2772 2625 βουληθείη
2817 2555 2954 2607 ἐκὼν
3006 2555 3233 2618 ἐξελθεῖν
3290 2554 3424 2623 πρὸς

1868 2647 1992 2708 τοὺς
2048 2645 2332 2713 πολεμίους
2368 2659 2379 2670 ⁸
2414 2645 2460 2694 εί
2489 2643 2542 2695 δέ
2585 2643 2657 2710 μὴ
2694 2641 2971 2710 βουληθείη
2994 2681 3006 2702 ,
3042 2641 3253 2709 ὄλεθρον
3278 2640 3422 2708 πάσῃ

1867 2737 1931 2804 τῇ
1959 2731 2146 2796 πόλει,
2180 2732 2270 2783 καὶ
2323 2730 2468 2799 αὑτῷ
2519 2730 2724 2797 μεγάλα
2774 2728 2914 2780 κακὰ
2960 2727 3191 2778 ἔσεσθαι.
3239 2726 3324 2783 Ὠς
3367 2727 3422 2778 δέ

1867 2821 1967 2872 οὑκ
1995 2819 2206 2870 ἔπεισεν
2237 2817 2488 2880 ἐξελθεῖν,
2523 2816 2743 2884 ἀνῆλθεν
2777 2817 2803 2865 6
2835 2815 3119 2884 βάρϐαρος,
3157 2812 3247 2864 καὶ
3283 2813 3422 2863 ὲάλω

1867 2909 1900 2976 ἠ
1931 2905 2082 2968 πόλις
2118 2905 2250 2974 μετά
2274 2904 2537 2955 Σεδεκίου.
2561 2903 2666 2952 Kal
2685 2901 2760 2969 τῷ
2786 2901 3018 2968 Ἱερεμίᾳ
3045 2896 3099 2950 εὑ
3126 2901 3422 2968 ἐχρήσαντο

1867 2995 1913 3044 οί
1970 2992 2223 3060 ἄρχοντες
2278 2990 2370 3040 τοῦ
2426 2987 2908 3056 Ναϐουχοδονόσορ.
2967 2986 3054 3052 Τῷ
3106 2983 3420 3052 ’Δϐδεμελὲκ

1868 3076 2224 3149 προαγορεύει
2268 3075 2555 3144 σωτηρίαν.
2601 3073 2802 3134 Αὑτοὺς
2835 3073 2888 3122 δὲ
2930 3071 3184 3130 λαϐόντας
3215 3071 3419 3137 αἵρεσιν

1869 3167 2016 3236 παρά
2064 3165 2155 3217 τοῦ
2213 3162 2633 3232 ἀρχιμαγείρου,
2664 3160 2801 3211 ὥστε
2848 3159 3094 3212 ἀπελθεῖν
3143 3159 3270 3209 ὅπου
3300 3157 3420 3224 βού-

1866 3258 2054 3318 λοιντο,
2079 3254 2290 3324 ἔρχεται
2319 3253 2449 3322 πρὸς
2473 3249 2736 3309 Γοδολίαν,
2756 3249 2811 3298 ὃν
2841 3246 3165 3314 κατέστησεν
3187 3246 3421 3313 ἄρχοντα

1867 3344 1974 3403 τοῖς
2005 3340 2394 3406 ὑπολειφθεῖσιν
2429 3339 2486 3388 ἐν
2527 3340 2590 3405 τῇ
2639 3335 2879 3403 Ἰουδαίᾳ.
2917 3333 3258 3401 Συνήχθησαν
3289 3331 3419 3399 πρὸς

1867 3426 2112 3480 Γοδολίαν
2149 3427 2196 3477 οἱ
2239 3423 2623 3492 διεσπαρμένοι
2673 3423 2728 3472 ἐν
2771 3424 2880 3483 τοῖς
2917 3421 3104 3488 ἀγροῖς
3159 3419 3415 3470 Ἰουδαῖοι.

1879 3513 2096 3581 Ἰσμαὴλ
2127 3513 2336 3579 ἀναιρεῖ
2352 3512 2440 3561 τὸν
2471 3509 2733 3566 Γοδολίαν,
2763 3509 2852 3558 καὶ
2883 3507 3098 3572 ἐτέρους
3117 3503 3284 3562 τινάς,
3327 3505 3417 3553 καὶ

1865 3599 2039 3651 λαϐὼν
2070 3599 2155 3649 τὸν
2177 3597 2301 3647 λαὸν
2330 3594 2421 3645 τοῦ
2464 3593 2698 3644 Γοδολίου
2722 3631 2733 3651 ,
2767 3590 3029 3659 ἐπορεύθη
3059 3592 3134 3650 είς
3157 3591 3251 3655 τὴν
3291 3590 3418 3655 Ἀμ-

1868 3688 2085 3757 μωνῖτιν
2111 3683 2290 3752 χῶραν
2317 3681 2344 3730 6
2377 3679 2613 3747 Ἰσμαήλ.
2651 3678 2736 3738 Ὠς
2764 3677 2818 3728 δέ
2844 3673 2981 3727 εἶδεν
3002 3675 3158 3725 αὑτὸν
3182 3677 3208 3725 6
3241 3674 3417 3725 Ἰωάνο

1865 3789 1992 3834 ναν,
2033 3765 2110 3831 εἷς
2156 3785 2234 3829 τις
2285 3766 2390 3817 τῶν
2449 3765 2746 3834 ἀρχόντων.
2779 3761 3032 3824 εὐνοϊκῶς
3086 3762 3416 3830 διακείμενος

1865 3859 1997 3928 πρὸς
2034 3855 2292 3916 Γοδολίαν,
2327 3853 2492 3922 ἔφυγε
2519 3855 2653 3923 μετά
2691 3853 2795 3903 τῶν
2823 3851 2962 3903 όκτὼ
3003 3851 3172 3918 μόνων
3213 3851 3416 3918 ἀνδρῶν

1863 3951 1891 4001 6
1935 3946 2154 4016 Ἰσμαὴλ
2178 3987 2190 4009 ,
2225 3947 2317 3996 καλ¹
2356 3944 2444 3995 τὸν
2480 3943 2603 3993 λαὸν
2648 3941 2834 3992 ἐλαϐεν
2873 3942 2900 3991 6
2960 3939 3225 3990 Ἰωάνναν.
3258 3940 3415 3988 Ὥστε

1862 4035 2113 4104 δεηθῆναι
2142 4032 2234 4083 τοῦ
2269 4031 2401 4083 Θεοῦ
2433 4033 2559 4098 περὶ
2597 4029 2769 4080 αὑτῶν
2801 4027 3022 4095 δεηθεὶς,
3059 4027 3152 4079 καὶ
3182 4026 3415 4092 συμϐου-

1861 4121 2056 4181 λεύσας
2098 4120 2276 4178 αὑτοῖς
2327 4119 2399 4186 μή
2443 4116 2697 4168 εἰσελθεῖν
2744 4116 2822 4176 είς
2855 4115 3122 4180 Αἴγυπτον
3155 4114 3417 4182 (θάνατον

1861 4207 1968 4277 γάρ
1994 4205 2230 4258 ἀπειλεῖν
2260 4205 2348 4256 τὸν
2379 4203 2528 4265 Θεὸν,
2578 4203 2622 4253 εί
2677 4202 3047 4269 μετοικήσαιεν
3087 4199 3111 4238 ἀ
3137 4201 3292 4264 ἐκεῖ),
3319 4202 3415 4251 οὑκ

1861 4283 2103 4345 ἐπεισενί
2145 4288 2295 4341 Ἐπεὶ
2325 4289 2378 4340 δὲ
2405 4284 2566 4357 ἦλθον
2613 4288 2714 4349 ἕως
2759 4289 2992 4353 Τάφνας,
3043 4290 3292 4356 παραινεῖ
3320 4289 3416 4339 αὑ-

1861 4381 1972 4440 τοῖς
2026 4377 2097 4446 μὴ
2142 4375 2562 4442 είδωλολατρεῖν.
2618 4374 2703 4436 Ὠς
2747 4373 2801 4424 δὲ
2835 4374 3133 4440 ἀντέλεγον,
3177 4391 3412 4441 προαγο-

1864 4464 2008 4534 ρεύει
2040 4464 2212 4523 αὐτοῖς
2238 4460 2452 4527 ὄλεθρον
2490 4459 2678 4528 μέγαν,
2711 4462 2801 4510 καὶ
2829 4459 2903 4527 τῷ
2951 4459 3157 4526 βασιλεῖ
3181 4460 3287 4510 τῶν
3318 4462 3413 4510 Λί-

1861 4549 2099 4618 γυπτίων
2142 4548 2238 4616 τὴν
2279 4546 2548 4597 ἀπώλειαν
2575 4545 2846 4610 Αἰγύπτου
2887 4544 3154 4613 προλέγει,
3184 4545 3275 4596 καὶ
3308 4545 3414 4596 τῶν

1861 4634 2185 4704 ἀλλοφύλων,
2215 4633 2310 4700 τὴν
2345 4631 2614 4683 ἀπώλειαν
2639 4629 2935 4682 Μωαϐιτῶν
2964 4629 3125 4698 λέγει,
3153 4630 3245 4682 καὶ
3286 4632 3412 4698 Ἀμ-

1864 4721 2097 4792 μανιτῶν
2142 4721 2234 4771 καὶ
2292 4717 2634 4786 Ἰδουμαίων,
2665 4717 2762 4783 τὴν
2807 4715 3076 4768 ἀπώλειαν
3122 4718 3410 4784 Δαμασκοῦ

1861 4809 1952 4862 καὶ
1993 4805 2160 4873 Ἐλάμ
2213 4804 2482 4872 προλέγει,
2512 4802 2602 4854 καὶ
2629 4801 2727 4871 τὴν
2775 4799 3042 4854 ἀπώλειαν
3077 4801 3407 4862 Βαϐυλῶνος,

1861 4894 1953 4946 καὶ
1978 4892 2072 4960 τὴν
2100 4890 2278 4943 ἄνοδον
2310 4888 2413 4940 τῶν
2447 4888 2704 4939 Ἰουδαίων
2741 4887 2836 4957 τὴν
2871 4887 3095 4940 ἐκεῖθεν.
3131 4887 3250 4946 Πῶς
3274 4888 3410 4939 ἐάλω

1871 4975 2221 5048 Ἰερουσαλὴμ
2269 4976 2555 5044 προλέγει,
2604 4975 2695 5026 καὶ
2741 4974 2847 5025 ἀπὸ
2882 4973 3096 5040 ἀτιμίας
3131 4974 3207 5032 εἰς
3249 4974 3412 5041 τιμὴν

1858 5061 1986 5132 ἦλθε
2020 5063 2290 5130 Ἰωακεὶμ,
2326 5063 2353 5112 ὁ
2386 5061 2522 5114 ἐκὼν
2551 5060 2940 5130 προσχωρήσας
2975 5058 3051 5127 τῷ
3075 5059 3414 5128 Ναϐουχοδο-

1860 5152 2014 5220 νόσορ
2063 5150 2198 5219 μετά
2233 5150 2329 5218 τῆς
2384 5149 2584 5217 μητρὸς
2629 5145 2807 5198 αὑτοῦ.

1859 5266 2121 5330 Σύνοψις
2157 5263 2272 5315 τῶν
2305 5262 2382 5326 τῷ
2424 5260 2697 5328 προφήτῃ
2752 5259 3027 5328 Ἰεζεκιὴλ
3069 5260 3405 5328 εἰρημένων.

1939 5367 2068 5435 Ὁρᾷ
2100 5366 2194 5435 τὴν
2222 5365 2478 5416 ὀπτασίαν
2506 5364 2612 5416 τῶν
2638 5362 2912 5432 Χερουϐὶμ
2938 5365 2965 5415 6
2994 5365 3290 5431 προφήτης,
3319 5361 3408 5412 καὶ

1860 5453 2131 5504 κελεύεται
2171 5452 2394 5520 λαλῆσαι
2429 5453 2535 5513 τοῖς
2572 5450 2923 5520 Ἰσραηλίταις
2960 5450 3106 5518 παρά
3129 5449 3218 5499 τοῦ
3248 5446 3402 5500 Θεοῦ.

1924 5606 1944 5632 ο
1975 5604 2120 5651 Forte
2145 5604 2362 5664 κελεύεις,
2398 5617 2673 5664 quanquam
2706 5604 2907 5652 κελεύειν
2932 5603 3044 5651 ferri
3067 5606 3229 5662 potest
3253 5607 3304 5649 et
3329 5600 3402 5648 le-

1859 5666 1989 5726 gitur
2009 5667 2054 5711 in
2088 5663 2232 5713 Coisl.

1920 5724 1944 5762 ά
1968 5725 2109 5775 Coisl.
2138 5725 2469 5784 μετοικήσειεν.
