3996 6452
588 386 696 441 381

587 492 812 563 Φέρεται
863 491 966 544 ὑπὸ
1010 492 1101 545 τοῦ
1143 493 1453 564 ῐῙνεύματος
1494 496 1572 558 εἰς
1613 494 1709 565 τὴν
1750 490 2142 562 αἰχμαλωσίαν,

587 580 684 633 καὶ
710 580 1054 648 Μρορμᾶται
1086 580 1188 631 ὑπὸ
1212 580 1305 632 τοῦ
1339 580 1472 632 Θεοῦ
1501 581 1637 650 πρὸς
1665 579 1724 632 τὸ
1760 581 1895 648 μετὰ
1933 579 2147 648 παρρη-

589 665 711 728 σίας
732 665 824 718 καὶ
856 663 1063 727 ἀόκνως
1089 668 1200 728 τοῖς
1225 683 1285 718 τε
1317 666 1536 735 ἀνόμοις
1557 665 1646 719 καὶ
1670 667 1780 727 τοῖς
1800 663 2025 725 δικαίοις
2051 662 2148 733 τὴν

589 752 668 812 εἰς
701 751 797 820 τὴν
811 746 960 820 ’ζωὴν
989 749 1257 820 φέρουσαν
1283 751 1636 818 διαγγέλλειν,
1660 751 1753 804 καὶ
1773 749 1868 812 τὰς
1894 749 1986 800 τοῦ
2013 747 2146 800 Θεοῦ

589 834 921 905 προμηνύειν
942 835 1177 898 ἐντολάς.
1209 835 1499 889 Κελεύεται
1521 837 1794 903 ἐγκλεῖσαι
1827 834 2035 897 ἐαυτὸν,
2055 835 2149 886 καὶ

585 921 685 988 τῆς
718 920 1071 990 Ἰερουσαλὴμ
1098 921 1407 992 πολιορκίαν
1429 921 1770 993 προμηνῦσαι
1795 921 1882 974 διά
1904 919 1997 973 τοῦ
2018 921 2148 973 ὐπο-

584 1007 876 1076 δείγματος
904 1007 1003 1076 τῆς
1038 1006 1253 1059 πλίνθου
1294 1009 1386 1061 καὶ
1428 1009 1518 1061 τοῦ
1557 1009 1814 1078 τηγάνου.
1853 1006 2145 1060 Κελεύεται

584 1092 641 1144 δὲ
675 1093 768 1146 καὶ
797 1094 889 1144 ἐπὶ
923 1091 981 1144 ἒν
1018 1092 1248 1162 πλευρὸν
1291 1094 1613 1164 κοιμηθῆναι
1640 1094 1860 1164 ήμερῶν
1893 1091 2142 1162 ἀριθμὸν,

585 1179 832 1248 φανερῶν
879 1181 976 1249 τὴν
1028 1181 1085 1231 ἐν
1121 1181 1187 1247 τῇ
1234 1180 1574 1250 αἰχμαλωσίᾳ
1615 1181 1875 1249 ἐσομένην
1917 1178 1994 1247 τῷ
2032 1177 2144 1247 λαῷ

585 1265 783 1330 θλίψιν.
827 1265 1085 1335 Προλέγει
1129 1265 1214 1318 διὰ
1264 1266 1369 1320 τῶν
1402 1267 1608 1336 ἀρτων,
1639 1266 1731 1328 οῦς
1763 1268 1854 1318 ἐπὶ
1889 1265 2146 1334 βολϐίτων

583 1351 744 1415 ποιεῖ,
778 1351 870 1402 καὶ
903 1350 989 1402 διὰ
1029 1350 1118 1401 τοῦ
1162 1349 1427 1420 μερισμοῦ
1457 1350 1562 1402 τῶν
1591 1351 1786 1420 τριχῶν
1809 1351 1898 1408 τὸν
1918 1351 2145 1404 Θάνατον

582 1435 763 1487 αὐτῶν
783 1436 875 1487 καὶ
896 1435 989 1506 τὴν
1021 1436 1316 1506 διασποράν
1336 1452 1348 1466 ⁸
1373 1437 1466 1488 καὶ
1494 1437 1590 1506 τὴν
1609 1437 1886 1506 ἐρήμωσιν
1919 1437 2018 1506 τῆς
2044 1437 2141 1489 πό-

581 1518 716 1580 λεως
752 1522 843 1572 καὶ
865 1521 969 1572 τῶν
991 1519 1218 1572 εἰδώλων
1241 1521 1609 1591 προστίθησιν.
1644 1522 1774 1594 Ὁρᾷ
1803 1521 1900 1575 τὰς
1919 1521 2144 1592 ἀνομίας

579 1608 673 1659 τοῦ
708 1609 835 1660 λαοῦ
872 1609 962 1661 καὶ
999 1608 1096 1678 τὴν
1136 1609 1594 1680 είδωλολατρείαν.
1627 1609 1782 1663 Μετά
1809 1608 1976 1663 ταῦτα
2019 1611 2144 1672 τοὺς

579 1693 683 1755 ἕως
709 1694 928 1763 ὀλέθρου
958 1694 1056 1764 τῆς
1088 1695 1294 1758 πόλεως
1326 1695 1594 1757 ἐλθόντας.
1631 1696 1760 1765 Ὁρᾷ
1792 1696 1847 1749 δέ
1881 1695 2042 1750 πάλιν
2074 1696 2142 1748 τά

578 1779 879 1849 Χερουϐὶμ,
904 1781 995 1832 καὶ
1021 1779 1275 1849 προλέγει
1299 1783 1365 1851 τῇ
1402 1781 1553 1834 πόλει
1592 1781 1754 1834 κακά.
1774 1782 1907 1851 Περὶ
1929 1782 2037 1835 τῶν
2064 1783 2141 1844 εἰς

579 1864 812 1934 Χριστὸν
852 1867 1228 1920 πιστευόντων.
1274 1867 1581 1938 Προμηνύει
1621 1867 1719 1936 τὴν
1767 1866 2140 1936 αἰχμαλωσίαν

575 1949 733 2011 αὖθις
774 1951 867 2002 τοῦ
896 1950 1024 2003 λαοῦ
1057 1952 1156 2021 τὴν
1193 1952 1284 2004 ἐπὶ
1310 1953 1579 2015 Σεδεκίου,
1607 1953 1698 2004 καὶ
1728 1952 1826 2021 τήν
1865 1951 2023 2003 αὑτοῦ
2052 1952 2142 2003 Σε-

576 2036 752 2088 δεκίου
769 2036 1038 2104 τύφλωσιν
1063 2037 1159 2106 τὴν
1179 2037 1282 2090 ὑπὸ
1306 2037 1397 2097 τοῦ
1434 2036 1897 2107 Ναϐουχοδονόσορ
1919 2035 2141 2107 γενομέ-

577 2141 695 2192 νην.
732 2122 1010 2192 Προλέγει,
1038 2122 1112 2192 μὴ
1141 2124 1222 2185 εἰς
1254 2121 1460 2192 μακρὸν
1489 2122 1675 2192 χρόνον
1712 2120 2036 2192 ἐκϐήσεσθαι
2071 2119 2140 2175 τὰ

576 2211 741 2275 κακὰ,
769 2211 879 2263 ἀλλ’
895 2211 1061 2278 ἐγγὺς
1083 2205 1241 2265 εῖναι.
1259 2210 1492 2264 ’Δπειλεῖ
1523 2213 1633 2273 τοῖς
1652 2209 2137 2281 ψευδοπροφήταις,

579 2297 724 2371 [587]
759 2302 852 2352 καὶ
903 2298 1248 2368 ἀπαραίτητα
1300 2297 1477 2350 αὐτῶν
1512 2315 1645 2366 φησι
1683 2298 1751 2350 τά
1795 2298 1939 2351 κακά
1978 2294 2135 2363 εἶναι,

573 2386 718 2454 άπερ
744 2385 1134 2453 ύποστήσονται
1153 2402 1167 2415 ·
1203 2384 1278 2446 ὼς
1316 2383 1450 2453 μηδὲ
1490 2384 1626 2448 Ἰὼϐ,
1656 2383 1686 2453 ἢ
1719 2383 1936 2454 Δανιὴλ,
1963 2384 2137 2455 ἢΝῶε

572 2472 697 2534 τοὺς
726 2472 871 2532 υἰοὺς
902 2470 1077 2524 αὐτῶν
1105 2469 1362 2526 δύνασθαι
1397 2468 1681 2540 ρύσασθαι’
1713 2471 1803 2522 καὶ
1820 2471 1919 2542 τὴν
1941 2472 2019 2533 εἰς
2049 2471 2137 2523 τέ-

573 2557 662 2621 λος
691 2559 966 2627 ἐρήμωσιν
996 2555 1171 2609 αὐτῶν
1191 2555 1280 2608 διά
1304 2556 1402 2625 τῆς
1426 2555 1748 2624 κληματίδος
1773 2556 1870 2624 τῆς
1894 2556 2138 2624 ἀμπέλου

573 2644 742 2712 δηλοῖ.
795 2646 1067 2714 Διηγεῖται
1096 2642 1192 2713 τὴν
1221 2640 1604 2711 ἀσχημοσύνην
1649 2641 1743 2693 τοῦ
1790 2641 1918 2694 λαοῦ
1950 2641 2046 2712 τὴν
2077 2643 2136 2709 ἐξ

571 2731 748 2801 ἀρχῆς
772 2771 788 2796 ,
819 2731 944 2801 πρὶν
985 2731 1020 2800 ἢ
1062 2727 1460 2799 προσλαϐέσθαι
1508 2727 1668 2780 αὐτὸν
1713 2728 1801 2780 τὸν
1838 2727 2006 2790 Θεὸν,
2042 2729 2138 2782 καὶ

572 2821 670 2890 τὴν
694 2819 1021 2891 εὐπρέπειαν
1057 2816 1154 2889 τὴν
1187 2816 1321 2888 μετά
1357 2816 1416 2869 τὸ
1446 2815 1842 2888 προσλαϐέσθαι
1865 2831 1880 2846 ·
1917 2815 2011 2869 καὶ
2037 2816 2135 2888 τὴν

572 2905 1008 2974 εἰδωλολατρείαν
1053 2901 1217 2957 αὑτοῦ
1245 2942 1261 2968 ,
1298 2902 1391 2954 καὶ
1429 2900 1528 2970 τὴν
1570 2901 1656 2952 διά
1708 2901 1910 2972 ταύτην
1941 2900 2136 2962 αὐτοὺς

571 2991 953 3063 διαδεξαμένην
989 2989 1206 3052 ἅλωσιν,
1239 2987 1332 3041 καὶ
1385 2985 1623 3056 μεγάλας
1668 2986 1932 3038 δείκνυσιν
1963 2985 2134 3056 αὐτῆς

570 3079 668 3140 τάς
683 3078 912 3148 ἀνομίας
936 3075 1044 3130 ἀπὸ
1069 3073 1403 3145 συγκρίσεως
1428 3073 1672 3144 Σοδόμων
1692 3071 1783 3124 καὶ
1799 3073 2129 3142 Σαμαρείας,

570 3165 737 3225 οὖσας
765 3165 860 3220 καὶ
897 3164 1015 3217 καθ’
1049 3162 1246 3224 ἐαυτάς
1281 3159 1538 3232 μεγάλας.
1574 3159 1804 3212 Δύναται
1826 3159 1880 3212 δὲ
1903 3159 1972 3212 τὰ
1998 3176 2133 3230 χρη-

570 3251 690 3316 στά,
714 3249 750 3303 ἃ
769 3248 1040 3319 προλέγει,
1068 3248 1146 3313 τὺ,
1185 3244 1524 3311 Ἀναστήσω
1562 3244 1677 3312 τὴν
1701 3243 1990 3312 διαθήκην
2013 3263 2130 3316 μου

561 3343 713 3412 μετὰ
749 3339 898 3405 σοῦ,
929 3341 1056 3410 περὶ
1087 3339 1195 3390 τῶν
1225 3338 1302 3398 εἰς
1332 3335 1563 3406 Χριστὸν
1597 3334 1952 3389 πιστευόντων
1979 3335 2131 3402 λέγε-

570 3425 713 3477 σθαι.
751 3424 863 3495 Τὴν
884 3424 1066 3477 ἀνοδον
1096 3422 1187 3475 τοῦ
1205 3420 1668 3489 Ναϐουχοδονόσορ
1697 3419 1969 3489 προλέγει.
1991 3421 2130 3490 Πρὸς

567 3511 694 3573 τοὺς
723 3511 981 3579 λέγοντας
1017 3525 1031 3540 ·
1066 3513 1129 3564 Ol
1174 3507 1423 3574 πατέρες
1466 3507 1690 3574 ἔφαγον
1731 3505 1836 3559 τὸν
1874 3507 2129 3574 ὄμφακα,

569 3596 668 3649 καί
709 3598 762 3650 οἰ
795 3594 1032 3660 ὀδόντες
1059 3593 1177 3647 τῶν
1198 3593 1421 3646 τέκνων
1465 3591 1826 3661 ὠμοδίασαν.
1862 3593 1994 3661 Περὶ
2036 3593 2130 3662 τῆς

572 3682 777 3751 μητρὸς
809 3681 915 3736 τῶν
945 3681 1071 3751 περὶ
1120 3679 1366 3736 Σεδεκίαν
1409 3678 1500 3731 τὸν
1545 3677 1783 3747 βασιλέα.
1825 3678 2132 3749 Διαμαρτύ-

570 3785 722 3839 ρεται
776 3769 884 3830 τοῖς
936 3766 1322 3836 πρεσϐυτέροις
1353 3763 1450 3826 τὰς
1477 3764 1706 3834 ἀνομίας
1740 3763 1847 3815 τῶν
1879 3763 2130 3835 πατέρων

566 3854 766 3908 αὐτῶν.
788 3853 859 3905 Τὸ
873 3854 948 3918 δὲ,
965 3853 1117 3907 Διότι
1132 3852 1228 3905 ἐπὶ
1253 3851 1358 3906 τοῦ
1383 3852 1556 3918 ὄρους
1579 3868 1697 3917 μου
1711 3850 1814 3902 τοῦ
1835 3851 2021 3919 ἁγίου,
2043 3851 2129 3903 ἐπ’

567 3946 724 4014 ὅρους
759 3941 960 4012 ὑψηλοῦ
1004 3941 1216 4014 Ἰσραὴλ
1255 3941 1433 4008 λέγει’
1480 3938 1743 4002 Ἀδωναῒ,
1787 3939 1980 4004 Κύριε.
2011 3939 2137 3992 ἐκεῖ

566 4029 973 4083 δουλεύσουσί
986 4045 1087 4096 μοι
1110 4025 1227 4092 πᾶς
1247 4023 1406 4091 οἶκος
1447 4025 1683 4092 Ἰσραὴλ
1711 4027 1795 4089 εὶς
1827 4025 1997 4089 τέλος
2021 4064 2035 4088 ,
2053 4027 2132 4089 εἰς

565 4119 692 4178 τοὺς
740 4115 1087 4177 πιστεύοντας
1140 4112 1216 4182 τῷ
1247 4111 1464 4182 Χριστῷ
1502 4109 1754 4162 δύνασθαι
1790 4121 1816 4150 ι
1862 4110 2128 4180 λαμϐάνε-

569 4203 712 4256 σθαι.
771 4203 891 4255 Ἐπὶ
921 4200 1123 4269 Θεμάν,
1154 4200 1247 4251 καὶ
1280 4200 1371 4250 ἐπὶ
1417 4197 1629 4267 Ἰσραὴλ
1651 4236 1664 4258 ,
1699 4197 1789 4249 καὶ
1839 4198 1930 4248 ἐπὶ
1981 4198 2129 4260 υίοὺς

579 4287 824 4357 Ἀμμών.
874 4287 983 4338 Καὶ
1028 4285 1124 4346 τάς
1168 4283 1394 4352 ἀνομίας
1425 4282 1519 4334 καὶ
1556 4283 1652 4344 τάς
1683 4283 1952 4352 ἁμαρτίας
1984 4283 2128 4350 λέγει

566 4373 659 4425 τοῦ
707 4372 940 4442 Ἰσραὴλ,
967 4371 1059 4423 καὶ
1105 4370 1212 4421 τῶν
1239 4370 1446 4439 ἱερέων,
1486 4368 1578 4420 καὶ
1608 4367 1715 4418 τῶν
1745 4369 2016 4436 ἀρχόντων
2038 4369 2129 4422 καὶ

563 4457 1034 4528 ψευδοπροφητῶν.
1067 4455 1173 4509 Καὶ
1209 4455 1473 4522 ἐζήτουν,
1529 4458 1711 4522 φησὶν,
1753 4453 1940 4522 ἄνδρα
1989 4454 2130 4506 ἀνα-

564 4547 970 4610 στρεφόμενον
996 4539 1199 4610 ὀρθῶς,
1228 4542 1323 4592 καί
1358 4538 1582 4592 ἑστῶτα
1608 4541 1677 4591 ἐν
1708 4539 1964 4605 διακοπῇ
1994 4555 2132 4605 φρα-

562 4628 715 4701 γμοῦ
760 4627 872 4696 πρὸ
910 4625 1230 4693 προσώπου
1264 4643 1380 4693 μου
1419 4627 1485 4677 ἐν
1525 4623 1703 4696 καιρῷ
1730 4623 1837 4692 τῆς
1866 4624 1998 4691 γῆς,
2027 4626 2128 4678 τοῦ

561 4716 645 4794 μὴ
684 4717 768 4777 εἰς
814 4714 984 4777 τέλος
1021 4711 1330 4778 ἐξαλεῖψαι
1373 4713 1556 4764 αὐτόν
1589 4729 1599 4740 -
1635 4712 1733 4764 καὶ
1770 4713 1880 4777 οὐχ
1929 4706 2125 4776 εὖρον.

567 4799 702 4870 Περὶ
742 4800 836 4868 τῆς
889 4797 1322 4866 εἰδωλολατρείας
1373 4797 1464 4850 τοῦ
1497 4797 1621 4848 λαοῦ
1657 4795 1868 4866 Ἰσραὴλ
1927 4798 2024 4865 τῆς
2073 4798 2128 4848 ἐν

564 4884 844 4954 Αἰγύπτῳ,
879 4884 971 4936 καὶ
1000 4885 1094 4952 τῆς
1134 4885 1268 4952 μετὰ
1307 4882 1494 4946 ταῦτα,
1534 4885 1626 4934 καὶ
1667 4883 1774 4934 τῶν
1815 4882 2127 4956 συμφορῶν.

567 4973 676 5028 Καὶ
708 4971 787 5023 ἐτι
831 4968 953 5022 οὕτε
1005 4970 1194 5032 πένθος
1235 4971 1453 5037 ποιῆσαι
1481 4968 1990 5037 συγχωρηθήσονται
2038 4969 2130 5021 ἐπὶ

565 5061 676 5122 τοῖς
719 5056 1072 5124 συμϐαίνουσι
1125 5056 1393 5125 χαλεποῖς.
1451 5056 1604 5107 Κατά
1655 5055 1998 5123 Ἀμμανιτῶν
2037 5054 2129 5106 καὶ

578 5144 906 5214 Ἰδουμαίων,
932 5144 1022 5196 καὶ
1062 5142 1369 5210 ἀλλοφύλων
1389 5181 1402 5204 ,
1430 5143 1522 5194 καὶ
1549 5142 1645 5209 τῆς
1679 5140 1820 5210 Σὼρ,
1856 5143 1921 5211 ἦν
1955 5140 2128 5210 Τύρον

565 5231 810 5314 λέγουσιν
857 5225 1016 5282 εἶναι.
1059 5229 1314 5298 Προλέγει
1341 5227 1630 5314 συμφοράς
1670 5226 1939 5314 μεγάλας,
1989 5226 2126 5314 κατά

563 5311 657 5368 τοῦ
688 5317 942 5386 ἄρχοντος
986 5314 1160 5384 Τύρου
1191 5315 1283 5366 καὶ
1325 5312 1566 5373 Σιδῶνος.
1593 5313 1690 5370 ,καὶ
1716 5311 2007 5378 Αἰγύπτου,
2040 5313 2129 5364 καὶ

567 5402 657 5454 τοῦ
713 5401 1023 5469 Αἰγυπτίων
1059 5398 1335 5468 βασιλέως.
1393 5399 1625 5450 Ἀπειλεῐ
1671 5398 1747 5466 τῷ
1803 5399 1985 5468 σκοπῷ
2034 5398 2127 5450 τοῦ

575 5487 716 5546 ιαοῦ,
743 5491 790 5539 εἰ
816 5489 889 5556 μὴ
914 5486 1158 5557 προείποι
1180 5484 1254 5553 τῷ
1273 5484 1404 5552 λαῷ,
1436 5481 1494 5537 οὗ
1517 5485 1747 5536 τέθειται
1772 5485 1968 5547 σκοπὸς
1995 5484 2128 5553 πρὸς

554 5553 662 5636 lu;
705 5553 986 5646 παρά-τοῦ
1042 5570 1175 5625 Θεοῦ
1223 5573 1616 5643 ἐπιφερομένας
1675 5571 1974 5640 συμφοράς.
2021 5572 2130 5623 Καὶ

627 5747 654 5775 ⁸
677 5745 825 5794 Forte
852 5743 1039 5792 δύναται

1220 378 1278 433 S.
1316 377 1597 434 JOANNIS
1632 375 2118 434 CIIRYSOSTOMI
2156 373 2480 431 ARCIHEP.
2520 377 3067 437 CONSTANTINOP.

3706 393 3832 447 382

2257 487 2419 556 λέγει,
2453 490 2528 552 ὼς
2559 491 2694 560 μήτε
2717 490 2912 560 ἄνομον
2937 491 3268 547 ἀπόλλυσθαι
3296 492 3385 545 διὰ
3420 492 3516 556 τάς
3546 495 3823 564 προτέρας

2252 575 2496 643 ἀνομίας,
2543 577 2638 628 ἐάν
2685 577 2982 647 ἐπιστρέψῃ
3022 576 3116 630 τοῦ
3161 578 3380 647 ποιῆσαι
3408 577 3475 630 τά
3507 575 3712 648 ἀρεστὰ
3739 577 3824 646 τῷ

2250 661 2367 730 Θεῷ
2389 677 2402 690 ο
2433 663 2567 732 μήτε
2599 662 2805 717 δίκαιον
2837 663 3136 728 σώζεσθαι,
3167 663 3254 716 διὰ
3293 663 3391 725 τάς
3425 665 3695 734 προτέρας
3735 662 3823 715 δι·-

2251 746 2558 811 καιοσύνας,
2588 748 2684 800 ἐάν
2713 749 3064 819 μεταϐληθεὶς
3092 751 3314 820 γένηται
3347 750 3542 819 ἄνομος
3567 750 3661 802 καὶ
3703 750 3823 805 ἀδιε-

2250 850 2364 896 κος.
2395 830 2566 888 Ἦλθέ
2605 853 2689 899 τις
2715 837 2851 907 πρὸς
2885 837 2976 889 τὸν
3021 839 3300 907 προφήτην
3331 838 3707 904 ἀπαγγέλλων,
3732 839 3822 892 ὅτι

2249 919 2391 974 ἑάλω
2417 920 2768 993 Ἰερουσαλήμ
2785 938 2799 950 '
2815 923 3035 991 λέγειδέ
3057 925 3149 976 καὶ
3176 924 3302 994 περὶ
3328 923 3518 975 τούτου
3542 924 3818 991 ἐγκαλῶν,

2246 1006 2328 1058 ὅτι
2361 1006 2434 1078 μή
2467 1010 2772 1079 προσέχωσι
2794 1013 2905 1072 τοῖς
2941 1010 3450 1080 προφητευομένοις.
3477 1011 3824 1081 Προφητεύει

2246 1091 2303 1143 δέ
2353 1094 2448 1146 καὶ
2484 1093 2625 1146 κατά
2657 1093 2765 1146 τῶν
2791 1094 3060 1163 ποιμένων
3101 1095 3198 1149 τοῦ
3238 1095 3482 1167 Ἰσραήλ·
3520 1098 3612 1150 καὶ
3641 1099 3824 1166 ἐπαγ-

2247 1177 2491 1243 γέλλεται
2531 1178 2720 1233 δώσειν
2758 1179 2941 1242 αὐτοῖς
2984 1180 3080 1236 ἕνα
3124 1181 3354 1250 ποιμένα
3377 1198 3389 1211 ·
3424 1183 3558 1253 ὅπερ
3597 1183 3690 1234 ἐπὶ
3718 1185 3820 1237 τοῦ

2246 1264 2546 1334 Ζοροϐάϐελ
2577 1265 2827 1334 γέγονεν,
2867 1267 3002 1334 ὅπερ
3048 1267 3139 1319 καὶ
3175 1267 3303 1318 αὐτὸ
3336 1267 3821 1336 ἀναισχυντοῦντες

2259 1351 2497 1402 Ἰουδαῖοι
2525 1350 2676 1403 οὔπω
2698 1351 3025 1421 γεγενῆσθαί
3059 1369 3212 1420 φασιο
3237 1354 3424 1420 γέγονε
3441 1353 3517 1414 δὲ,
3547 1355 3623 1416 ὼς
3644 1353 3822 1424 ἔφην,

2245 1437 2336 1490 ἐπὶ
2351 1437 2670 1507 Ζοροϐάϐελ.
2695 1437 3026 1507 Προφητεύει
3051 1439 3189 1491 κατά
3221 1439 3528 1508 Ἰδουμαίων
3576 1441 3670 1493 καὶ
3698 1445 3817 1504 τοῖς

2256 1523 2612 1592 Ἰσραηλίταις
2658 1523 2897 1593 χρηστά,
2940 1523 3083 1594 άπερ
3131 1524 3292 1592 φησὶν
3320 1526 3348 1576 6
3386 1524 3513 1587 Θεὸς
3561 1528 3818 1596 ποιήσειν

2258 1608 2543 1668 Ἰουδαίοις,
2559 1609 2656 1661 οὐκ
2677 1610 2864 1680 ἐπειδὴ
2882 1609 3017 1675 ἄξιοί
3047 1611 3203 1670 εἰσιν,
3218 1610 3428 1663 ἀλλ’ἵνα
3456 1611 3530 1682 μὴ
3551 1611 3612 1664 τὸ
3637 1613 3818 1682 ὄνομα

2247 1693 2411 1747 αὑτοῦ
2469 1694 2763 1764 βεϐηλωθῇ.
2795 1697 3016 1763 Ἀγεται
3058 1697 3085 1748 6
3117 1697 3400 1768 προφήτης
3445 1699 3524 1759 είς
3563 1697 3624 1749 τὸ
3653 1697 3814 1771 [388]

2243 1780 2443 1843 πεδίον,
2470 1781 2561 1835 καὶ
2593 1781 2921 1851 προφητεύει
2953 1781 3043 1835 ἐπὶ
3062 1783 3127 1834 τὰ
3159 1783 3291 1837 ὀστᾶ
3315 1783 3383 1835 τὰ
3412 1783 3564 1854 ξηρά.
3587 1786 3816 1854 Προφη-

2239 1865 2385 1918 τεύει
2411 1865 2466 1919 δὲ
2488 1866 2579 1920 καὶ
2610 1866 2846 1936 περὶτοῦ
2878 1867 3197 1940 Ζοροϐάϐελ,
3231 1869 3310 1920 ὅτι
3335 1863 3415 1931 εἰς
3445 1869 3628 1940 ἀρχων
3651 1871 3811 1924 ἔσται

2252 1949 2552 2004 Ἰουδαίων·
2584 1950 2803 2004 δύναται
2834 1952 2891 2004 δὲ
2927 1953 3006 2014 εἰς
3040 1953 3130 2006 τὸν
3166 1954 3364 2024 Κύριον
3392 1954 3546 2023 ήμῶν
3596 1957 3811 2025 Ἰησοῦν

2239 2036 2470 2106 Χριστὸν
2497 2037 2884 2107 λαμϐάνεσθαι.
2919 2039 3253 2109 Προφητεύει
3289 2040 3383 2093 καὶ
3413 2040 3538 2110 περί
3565 2041 3687 2109 Γὼγ
3711 2044 3812 2095 καὶ

2239 2121 2451 2190 Μαγὼγ
2477 2122 2810 2176 ἐπελθόντων
2832 2125 2944 2184 τοῖς
2968 2123 3236 2186 Ἰουδαίοις
3261 2126 3396 2194 μετὰ
3429 2125 3524 2196 τὴν
3545 2128 3808 2182 ἐπάνοδον

2238 2207 2334 2280 τὴν
2362 2209 2424 2260 ἐκ
2453 2208 2786 2272 Βαϐυλῶνος,
2814 2209 2906 2261 καὶ
2935 2209 3271 2279 ἡττηθέντων
3299 2249 3312 2262 .
3344 2211 3497 2274 Τινές
3540 2212 3596 2264 δὲ
3635 2213 3806 2285 ἀλλη-

2237 2293 2472 2369 γορικῶς
2508 2294 2867 2364 λαμϐάνουσιν
2896 2293 2974 2357 εἰς
3003 2294 3103 2357 τάς
3131 2295 3470 2365 Ἐκκλησίας,
3493 2298 3585 2350 καὶ
3612 2300 3693 2362 εἰς
3713 2302 3808 2355 τὸν

2237 2377 2497 2441 διάϐολον,
2528 2380 2619 2432 καὶ
2646 2379 2770 2442 τοὺς
2807 2378 2948 2432 κατὰ
2970 2380 3159 2448 καιρὸν
3186 2381 3454 2450 διωγμοὺς
3481 2384 3804 2454 ἐπενεχθέν-

2235 2481 2334 2528 τας
2373 2466 2475 2518 ὑπὸ
2518 2465 2729 2519 ἀσεϐῶν
2780 2465 3058 2536 βασιλέων.
3086 2467 3415 2536 Προφητεύει
3460 2469 3515 2522 δέ
3548 2471 3640 2524 τοῦ
3669 2473 3805 2526 ναοῦ

2236 2553 2335 2620 τὴν
2377 2551 2681 2621 οἰκοδομὴν,
2716 2552 2812 2604 καὶ
2839 2551 2937 2620 τὴν
2965 2552 3401 2606 ἀποκατάστασιν
3425 2553 3526 2623 τῆς
3565 2560 3806 2630 νομικῆς

2236 2636 2516 2710 λατρείας·
2550 2638 2693 2707 ἆπερ
2725 2638 2819 2691 καὶ
2853 2638 2990 2692 αύτά
3037 2639 3372 2709 προσδοκῶσι
3399 2641 3498 2710 μὲν
3535 2642 3614 2696 ἔτι
3667 2645 3804 2698 ἰου-

2233 2722 2402 2776 δαίοι·
2441 2723 2599 2794 ἐξέϐη
2636 2724 2694 2776 δὲ
2744 2724 2837 2776 ἐπὶ
2867 2725 3069 2794 Ἐσδρα
3113 2726 3208 2778 καὶ
3238 2727 3554 2798 Ζοροϐάϐελ.
3586 2731 3698 2800 Τὴν
3744 2732 3807 2784 δέ

2233 2808 2514 2880 οἰκοδομὴν
2554 2811 2651 2880 τῆς
2683 2811 2905 2874 πόλεως,
2934 2811 3002 2880 ἢν
3030 2811 3300 2882 προλέγει,
3342 2813 3434 2865 καὶ
3473 2814 3533 2866 τὸ
3567 2815 3712 2886 ῦδωρ
3740 2816 3804 2868 τὸ

2233 2895 2374 2947 κατά
2410 2896 2602 2966 μικρὸν
2643 2896 3067 2966 ἐκπορευόμενον
3096 2897 3187 2948 καὶ
3228 2897 3606 2966 αὐξανόμενον,
3637 2899 3802 2952 δύνα-

2231 2996 2319 3032 ται
2352 2981 2443 3034 ἐπὶ
2483 2982 2606 3042 τοὺς
2639 2981 3058 3050 ἐπιστρέφοντας
3090 2981 3180 3031 ἐπὶ
3209 2980 3296 3032 τὸν
3324 2983 3556 3052 Χριστὸν
3596 2984 3803 3054 λαμϐά·

2231 3067 2436 3129 νεσθαι,
2469 3068 2692 3136 νεκροὺς
2716 3066 2874 3128 ὄντας
2912 3065 3039 3135 πρὶν
3071 3066 3104 3135 ἢ
3143 3066 3450 3135 πιστεῦσαι,
3479 3070 3620 3139 μετά
3646 3071 3706 3125 δέ
3739 3071 3803 3126 τὸ

2230 3153 2517 3208 πιστεῦσαι
2542 3153 3023 3223 ζωοποιουμένους.

2298 3278 2562 3346 Σὺνοψις
2592 3274 2710 3329 τῶν
2749 3274 2829 3341 τῷ
2861 3279 3133 3346 προφήτῃ
3167 3277 3388 3346 Δανιὴλ
3419 3281 3763 3350 εἰρημένων.

2311 3400 2652 3467 Ἐκλέγονται
2685 3398 2733 3451 οἰ
2764 3397 2890 3470 περὶ
2921 3398 3013 3450 τὸν
3047 3400 3262 3467 Δανιὴλ,
3283 3400 3375 3452 καὶ
3417 3404 3805 3472 παραδίδονται

2228 3488 2305 3558 τῷ
2337 3485 2722 3559 ἀρχιευνούχῳ,
2743 3486 2835 3538 καὶ
2863 3485 3132 3539 σιτοῦνται
3155 3486 3441 3557 σπέρματα
3461 3505 3474 3519 ο
3495 3491 3587 3542 καὶ
3614 3508 3801 3561 παρα-

2231 3575 2452 3638 στάντες
2474 3572 2549 3642 τῷ
2579 3572 2800 3642 βασιλεῖ,
2836 3572 3050 3626 πάντων
3074 3573 3454 3645 ἀνεδείχθησαν
3476 3576 3798 3648 σοφώτεροι.

2241 3662 2372 3731 ’0ρᾷ
2403 3660 2463 3713 τὸ
2495 3658 2741 3712 ἐνύπνιον
2773 3657 3265 3730 Ναϐουχοδονόσορ,
3302 3661 3395 3713 καὶ
3423 3663 3549 3726 τοὺς
3586 3665 3801 3732 μάγους

2229 3748 2608 3820 ἀπορήσαντας
2659 3744 2920 3815 γνωρίσαι
2967 3744 3059 3798 καὶ
3107 3740 3357 3798 ἐπιλῦσαι
3403 3746 3534 3800 αὐτὸ
3583 3749 3799 3804 κελεύει

2232 3833 2522 3902 σφαγῆναι.
2569 3829 3024 3892 Κινδυνεύσαντας
3060 3831 3115 3883 δέ
3159 3837 3252 3884 καὶ
3289 3833 3414 3895 τοὺς
3444 3835 3569 3903 περὶ
3598 3837 3800 3907 Δανιὴλ

2228 3919 2428 3972 ἔσωσεν
2453 3920 2480 3972 6
2506 3919 2654 3980 Θεὸς,
2676 3917 3026 3984 ἀποκαλύψας
3047 3918 3192 3986 αύτῷ
3212 3918 3289 3988 τῷ
3319 3920 3514 3990 Δανιὴλ
3537 3922 3637 3990 τὴν
3655 3923 3799 3992 εἰδη-

2232 4022 2314 4057 σιν
2349 4005 2440 4056 τοῦ
2465 4003 2736 4056 ἐνυπνίου.
2784 4003 2841 4054 ὐ
2886 4003 3082 4072 Δανιὴλ
3113 4002 3382 4071 εἰσαχθεὶς
3413 4004 3559 4071 λέγει
3581 4006 3642 4058 τὸ
3671 4007 3797 4060 ἐνύ-

2230 4109 2382 4146 πνιον
2409 4090 2486 4161 τῷ
2519 4089 2725 4158 βασιλεί
2766 4089 2857 4141 καὶ
2886 4089 2981 4159 τὴν
3013 4088 3295 4160 σύγκρισιν
3322 4090 3507 4144 αύτοῦ.
3541 4092 3597 4144 '0
3627 4093 3683 4144 δὲ
3717 4095 3798 4147 λί-

2230 4179 2318 4241 θος
2343 4181 2370 4231 ὁ
2390 4177 2613 4247 τμηθεὶς
2631 4176 2757 4230 ἀνευ
2791 4177 2985 4246 χειρῶν
3016 4177 3044 4228 6
3065 4176 3296 4245 Χριστός
3327 4178 3438 4229 ἐστι
3465 4194 3479 4208 ·
3504 4179 3562 4230 τὸ
3584 4179 3640 4231 δὲ
3663 4181 3798 4235 ἄνευ

2229 4267 2443 4337 χειρῶν,
2475 4265 2533 4316 τὸ
2578 4264 2744 4334 χωρὶς
2781 4265 3065 4325 συνουσίας
3097 4266 3159 4316 ὲκ
3200 4265 3298 4333 τῆς
3323 4264 3596 4334 Παρθένου
3630 4268 3798 4323 αὑτὸν

2227 4353 2500 4422 τεχθῆναι.
2527 4351 2734 4418 Στήσας
2754 4349 2850 4419 τὴν
2872 4351 3050 4402 εἰκόνα
3075 4349 3555 4421 Ναϐουχοδονόσορ,
3582 4353 3799 4408 κελεύει

2229 4439 2551 4506 προσκυνεῖν
2601 4436 2824 4496 πάντας,
2857 4435 3101 4496 καὶτοὺς
3152 4438 3296 4504 τρεῖς
3346 4436 3538 4498 παῖδας
3577 4439 3658 4499 εἰς
3695 4440 3798 4512 τὴν

2230 4524 2456 4592 κάμινον
2485 4520 2740 4590 ἐμϐάλλει
2773 4519 2846 4588 μὴ
2869 4520 3365 4589 προσκυνήσαντας.
3395 4521 3481 4584 Ὠς
3504 4521 3560 4574 δὲ
3592 4525 3643 4575 οἰ
3666 4527 3798 4596 περὶ

2230 4609 2324 4676 τὴν
2357 4607 2582 4675 κάμινον
2614 4605 2974 4674 ἀνῃρέθησαν,
3011 4605 3102 4657 καὶ
3154 4605 3350 4673 ῦμνουν
3389 4609 3436 4659 οἰ
3486 4611 3674 4673 παῖδες
3703 4612 3797 4664 τὸν

2229 4689 2360 4741 Θεὸν
2380 4728 2393 4750 ,
2427 4688 2655 4748 καλέσας
2687 4687 2899 4750 αὐτοὺς,
2931 4687 3022 4738 καὶ
3071 4687 3190 4739 ἰδὼν
3233 4688 3422 4749 σώους,
3448 4689 3537 4740 τόν
3567 4707 3625 4743 τε
3659 4693 3797 4746 Θεὸν

2229 4777 2498 4844 ἐξεπλάγη
2523 4814 2536 4838 ,
2571 4776 2663 4832 καὶ
2705 4774 2898 4836 αὐτοὺς
2928 4776 3065 4844 ἀρχῇ
3113 4777 3177 4842 τῇ
3225 4774 3332 4826 τῶν
3378 4775 3643 4830 Ἰουδαίων
3684 4779 3797 4831 ἐτί-

2234 4882 2392 4934 μησε,
2425 4864 2516 4915 καὶ
2555 4863 2726 4930 δόγμα
2766 4861 2924 4929 ἔθηκε
2953 4900 2967 4923 ,
2997 4861 3085 4912 τὸν
3134 4861 3552 4931 βλασφημοῦντα
3585 4866 3666 4926 εἰς
3703 4866 3798 4918 τὸν

2228 4953 2358 5005 Θεὸν
2379 4949 2724 5004 ἀπόλλυσθαι.
2757 4949 2886 5017 Ὀρᾷ
2909 4949 3152 4999 ἐνύπνιον
3179 4947 3641 5020 Ναϐουχοδονόσορ
3665 4967 3679 4980 ·
3699 4955 3800 5006 καὶ

2228 5037 2333 5094 τῶν
2364 5035 2539 5104 σοφῶν
2566 5033 2878 5093 Βαϐυλῶνος
2903 5033 3059 5084 πάλιν
3089 5033 3550 5104 διαπορησάντων,
3583 5036 3800 5091 ἐπιλύει

2230 5123 2360 5176 αὐτὸ
2385 5123 2412 5173 6
2445 5121 2660 5190 Δανιὴλ,
2693 5118 3042 5187 συμϐουλεύει
3077 5136 3136 5170 τε
3168 5120 3244 5188 τῷ
3286 5121 3512 5189 βασιλεῖ,
3542 5123 3641 5184 τάς
3671 5124 3800 5175 ἀνο-

2232 5209 2359 5278 μίας
2401 5207 2563 5260 αύτοῦ
2608 5209 2663 5258 ἐν
2713 5204 3095 5273 ἐλεημοσύναις
3131 5205 3525 5275 λυτρώσασθαι.
3583 5207 3692 5260 Καὶ
3734 5211 3797 5261 ού

2232 5296 2346 5366 μετ’
2387 5296 2446 5348 ού
2492 5294 2654 5347 πολὺν
2693 5293 2879 5362 χρόνον
2919 5292 3074 5363 ἐξέϐη
3103 5294 3161 5345 τὸ
3201 5294 3448 5346 ἐνύπνιον
3473 5310 3487 5325 ·
3515 5295 3607 5347 καὶ
3637 5296 3798 5364 ᾔνεσε

2229 5383 2318 5434 τὸν
2344 5383 2473 5434 Θεὸν
2523 5383 2550 5432 6
2589 5378 3072 5448 Ναϐουχοδονόσορ.
3101 5379 3219 5433 Τῶν
3264 5379 3474 5432 σκευῶν
3505 5381 3612 5431 τῶν
3645 5384 3796 5451 ἰερα-

2227 5471 2392 5521 τικῶν
2436 5467 2818 5536 ἐξενεχθέντων
2869 5467 3006 5518 κατά
3053 5467 3343 5536 πρόσταξιν
3391 5467 3480 5518 τοῦ
3532 5467 3798 5536 βασιλέως

2229 5556 2344 5607 υἰοῦ
2386 5553 2882 5622 Ναϐουχοδονόσορ,
2919 5554 3010 5604 καὶ
3045 5553 3151 5605 τῶν
3175 5553 3514 5620 ἑστιωμένων
3544 5556 3624 5618 εἰς
3659 5556 3802 5610 αὐτὰ.

2232 5642 2511 5698 πινόντων,
2540 5641 2754 5710 ἐξῆλθεν
2796 5641 3132 5710 ἀστράγαλος
3178 5641 3389 5709 χειρὸς,
3421 5642 3512 5692 καὶ
3561 5643 3798 5712 ἔγραψεν

2233 5729 2291 5781 ἐν
2319 5727 2395 5797 τῷ
2433 5729 2591 5797 τοίχῳ
2611 5729 2846 5798 γραφὴν,
2878 5727 2942 5797 ἢν
2977 5729 3068 5780 καὶ
3091 5727 3259 5796 αὐτὴν
3289 5726 3389 5780 τῶν
3420 5729 3601 5798 σοφῶν
3627 5730 3806 5784 Βαϐυε
