3996 6430
176 419 282 475 381

170 536 455 603 includere,
474 546 529 594 et
548 538 889 610 Jerosolyma:
913 540 1236 595 obsidionem
1266 540 1618 609 prmnunliare
1637 553 1728 607 per

168 625 465 693 exemplum
492 628 671 682 lateris
692 638 746 681 et
772 630 1065 697 sartaginis.
1091 628 1310 683 Jubetur
1338 630 1460 682 item
1491 628 1543 680 in
1566 641 1727 680 unum

171 714 304 766 latus
325 712 560 770 dormire
589 728 734 770 certo
753 717 960 772 dierum
997 733 1238 783 numero,
1270 717 1544 771 declarans
1582 716 1725 767 cala-

172 805 403 857 mitatem
438 806 629 874 populo
652 807 873 860 futuram
902 808 952 860 in
982 808 1303 876 captivitate.
1348 804 1590 859 Praedicit
1633 819 1726 871 per

172 907 351 960 panes,
382 910 514 962 quos
540 911 602 949 ex
628 905 858 949 stercore
884 896 1041 950 boum
1060 896 1197 957 facit,
1229 904 1281 947 et
1307 910 1400 963 per
1418 894 1727 947 divisionem

174 983 479 1049 capillorum
505 992 727 1038 mortem
738 1001 919 1041 eorum
930 1000 989 1039 ac
1014 983 1411 1051 dispersionem;
1431 981 1575 1036 urbis
1593 981 1721 1033 item

176 1080 330 1141 atque
363 1075 622 1127 idolorum
667 1076 1076 1128 devastationem
1120 1074 1315 1141 adjicit.
1342 1073 1499 1127 Videt
1538 1072 1726 1139 iniqui-

176 1171 304 1215 tates
337 1164 548 1230 populi,
580 1172 633 1218 et
660 1164 1025 1218 idololatriam.
1069 1164 1268 1218 Deinde
1310 1178 1401 1217 eos
1430 1163 1516 1231 qui
1564 1177 1728 1230 usque

176 1251 239 1304 ad
268 1252 489 1305 exitium
512 1252 656 1306 urbis
682 1253 1026 1307 devenerunt.
1055 1252 1209 1307 Videt
1232 1267 1442 1306 rursum
1466 1252 1725 1307 Cherubi-

176 1355 267 1393 nos
289 1379 303 1404 ,
333 1350 387 1395 et
413 1341 547 1396 mala
574 1342 687 1395 urbi
714 1343 1048 1410 praenuntiat.
1072 1341 1145 1396 De
1171 1343 1234 1395 iis
1265 1344 1353 1411 qui
1383 1342 1433 1394 in
1462 1341 1728 1396 Christum

177 1431 424 1485 credituri
450 1440 619 1486 erant.
645 1432 885 1487 Prmdieit
912 1448 1119 1486 rursum
1145 1433 1498 1500 captivitatem
1526 1432 1724 1500 populi,

180 1536 296 1588 quae
322 1522 421 1575 sub
446 1521 664 1575 Sedecia
689 1523 877 1575 accidit
900 1563 914 1587 ,
939 1530 991 1576 et
1029 1520 1300 1576 Sedeeiam
1324 1531 1639 1576 excmcatum
1668 1522 1728 1575 iri

177 1626 203 1663 a
234 1610 763 1665 Nabuchodonosore.
792 1611 1035 1665 Prmdicit
1060 1612 1195 1664 mala
1239 1626 1341 1664 non
1377 1619 1491 1677 post
1526 1609 1729 1663 diutur-

178 1714 298 1751 num
332 1708 535 1767 tempus
559 1708 826 1763 eventura,
857 1699 947 1753 sed
982 1714 1141 1767 prope
1165 1713 1301 1753 esse.
1334 1699 1556 1751 Minatur
1578 1713 1730 1766 pseu-

177 1789 533 1858 doprophetis,
567 1792 795 1859 ipsisque
816 1789 1215 1858 indeprecabilia
1237 1803 1353 1843 esse
1382 1804 1497 1857 qum
1527 1790 1728 1858 passuri

178 1886 295 1929 sunt
320 1878 456 1931 mala
485 1877 791 1933 denuntiat:
823 1878 889 1930 ita
916 1887 975 1930 ut
1019 1891 1115 1931 nec
1154 1877 1252 1930 Job
1282 1892 1379 1930 nec
1425 1878 1603 1931 Daniel
1632 1892 1730 1932 nec

179 1966 289 2020 Noe
315 1968 547 2035 ipsorum
583 1966 715 2020 ﬁlios
742 1969 943 2035 possint
965 1982 1154 2021 eruere
1184 1984 1196 2020 :
1226 1978 1277 2021 et
1304 1979 1592 2021 extremam
1617 1969 1731 2022 illo-

177 2073 289 2109 rum
319 2057 617 2110 vastitatem
642 2071 736 2124 per
754 2058 944 2124 lignum
965 2057 1082 2109 vitis
1107 2056 1354 2109 declarat.
1388 2058 1610 2110 Enarrat
1635 2072 1729 2124 po-

178 2144 279 2212 puli
309 2146 683 2212 turpitudinem
703 2144 768 2197 ab
788 2146 952 2207 initio,
982 2154 1258 2212 antequam
1281 2144 1441 2198 Deum
1459 2147 1730 2213 amplexus

176 2232 645 2295 esset,etdecorem
665 2242 933 2300 postquam
950 2232 1216 2300 amplexus
1228 2239 1338 2285 est:
1363 2233 1733 2286 idololatriam—

176 2337 275 2389 que
295 2322 431 2391 ejus,
455 2330 508 2376 et
527 2322 785 2375 excidium
811 2322 948 2390 quod
977 2330 1188 2389 propter
1212 2337 1326 2375 eam
1350 2323 1536 2375 invasit
1554 2324 1726 2391 ipsos;

181 2427 394 2481 magnas
441 2411 676 2465 ostendit
716 2412 829 2480 ejus
880 2412 1179 2480 iniquitates
1226 2426 1287 2465 ex
1338 2414 1729 2480 comparatione

179 2501 529 2555 Sodomorum
560 2510 611 2555 et
640 2501 909 2565 Samarire,
939 2516 1055 2569 quae
1077 2501 1231 2554 etiam
1257 2516 1349 2569 per
1368 2502 1567 2568 seipsas
1583 2511 1732 2554 erant

181 2586 435 2657 ingentes.
464 2590 691 2642 Possunt
717 2599 887 2643 autem
913 2590 1070 2652 bona,
1092 2604 1207 2657 quae
1232 2590 1483 2656 praedicit,
1517 2606 1727 2658 nempe,

181 2678 442 2731 Suscitabo
466 2687 807 2730 testamentum
833 2694 995 2730 meum
1026 2687 1179 2730 tecum
1209 2678 1227 2746 (
1256 2677 1441 2731 Ezech.
1471 2680 1555 2732 16.
1598 2680 1665 2732 62
1686 2679 1727 2750 ),

179 2768 242 2821 de
269 2767 615 2821 credentibus
654 2768 704 2820 in
738 2767 1006 2821 Christum
1048 2766 1285 2837 intelligi.
1315 2768 1603 2821 Ascensum
1626 2769 1731 2821 Na-

184 2856 641 2911 buchodonosoris
667 2857 1001 2925 prmnuntiat.
1030 2855 1293 2909 Adversus
1324 2870 1415 2911 eos
1459 2858 1545 2925 qui
1579 2857 1724 2911 diec-

184 2946 307 3000 bant
337 2965 350 2998 :
396 2946 577 3000 Patres
601 2947 913 2998 comederunt
935 2962 1078 2998 uvam
1105 2945 1350 3008 acerbam,
1391 2956 1435 2999 et
1469 2947 1636 2999 dentes
1666 2947 1732 3013 [i-

183 3037 361 3088 liorunt
389 3036 782 3106 obstupuerunt(
816 3036 999 3088 Ezcc/t.
1034 3035 1117 3089 18.
1141 3035 1175 3087 2
1273 3037 1344 3090 De
1372 3046 1537 3090 matre
1571 3037 1733 3090 Sede-

183 3126 272 3178 cia:
303 3125 464 3191 regis.
507 3124 836 3177 Testilicatur
864 3125 1162 3177 senioribus
1199 3125 1495 3193 iniquitates
1527 3136 1731 3193 patrum

185 3227 418 3266 suorum.
452 3213 582 3266 Illud
636 3223 807 3265 autem
834 3253 849 3274 ,
900 3213 1029 3275 Quia
1074 3229 1222 3281 super
1250 3223 1463 3265 montem
1508 3223 1733 3265 sanctum

185 3321 363 3368 meum,
384 3304 450 3357 de
470 3312 647 3358 monte
675 3303 882 3357 excelso
906 3303 1063 3359 Israel
1089 3303 1239 3356 dicit:
1258 3304 1470 3368 Adonai,
1498 3302 1730 3369 Domine,

186 3393 287 3445 illic
310 3394 519 3445 servient
544 3393 663 3444 mihi
692 3395 850 3445 omnis
877 3393 1052 3444 domus
1083 3390 1243 3444 Israel
1267 3392 1318 3444 in
1344 3393 1491 3459 ﬁnem
1524 3392 1730 3461 (Ezcclt.

182 3480 267 3533 20.
316 3481 409 3535 40.
457 3483 508 3534 in
574 3480 772 3549 (ἐκεῖ.)
801 3521 816 3545 ,
871 3480 937 3535 de
989 3480 1320 3535 credentibus
1367 3482 1419 3534 in
1470 3482 1732 3536 Clu-istum

185 3579 355 3637 potest
373 3570 557 3636 accipi.
586 3570 659 3623 De
687 3568 944 3633 'I‘hcman,
968 3569 1033 3623 de
1073 3568 1230 3622 Israel
1255 3610 1269 3632 ,
1302 3578 1354 3623 et
1381 3569 1447 3623 de
1471 3571 1589 3623 tiliis
1621 3573 1736 3623 Am-

184 3674 325 3712 mon.
364 3658 668 3725 Iniquitates
695 3666 746 3711 et
794 3667 1007 3726 peccata
1038 3657 1243 3711 Israelis
1271 3668 1528 3723 recenset,
1558 3673 1736 3712 sacer—

184 3746 386 3807 dotum,
411 3745 709 3813 principum
737 3755 791 3798 et
819 3745 1418 3813 pseudOprophetarum.
1447 3745 1516 3798 Et
1545 3762 1736 3815 qurere-

188 3834 319 3899 bam,
349 3836 537 3902 inquit,
564 3834 723 3886 virum
766 3843 897 3887 recte
940 3844 1213 3888 versantem
1238 3844 1282 3887 et
1309 3844 1517 3887 stantem
1546 3837 1598 3886 in
1626 3840 1735 3903 fra—

184 3936 323 3977 ctura
349 3925 579 3977 macer-iw
606 3923 681 3992 (a)
705 3933 819 3976 ante
846 3923 1022 3992 faciem
1046 3940 1205 3975 nteant
1237 3924 1287 3975 in
1316 3933 1531 3991 tempore
1554 3933 1696 3975 terra:
1719 3963 1734 3987 ,

185 4024 234 4065 ut
262 4031 324 4067 ne
341 4016 395 4065 in
425 4014 574 4080 ﬁnem
593 4014 803 4066 delerem
821 4030 934 4065 eum
968 4029 986 4065 :
1015 4022 1060 4065 et
1089 4030 1187 4065 non
1212 4015 1373 4065 inveni
1398 4014 1416 4083 (
1440 4014 1622 4067 Ezeclt.
1645 4015 1732 4069 22.

185 4104 293 4170 50).
323 4105 399 4157 De
425 4103 716 4157 idololatria
733 4103 909 4171 pepuli
937 4102 1097 4156 Israel
1130 4103 1180 4155 in
1205 4101 1434 4172 IEgypto
1457 4112 1510 4157 et
1534 4113 1734 4173 postea,

185 4207 244 4245 ac
292 4193 358 4246 de
408 4191 812 4245 calamitatibus.
867 4194 1038 4260 Atque
1085 4193 1298 4261 insuper
1343 4208 1509 4261 neque
1544 4193 1737 4246 luctum

185 4297 338 4351 agere
369 4281 737 4349 permittentur
760 4296 917 4349 super
940 4281 1361 4350 contingentibus
1404 4282 1573 4335 malis.
1596 4282 1737 4335 Con-

188 4383 260 4425 tra
284 4370 616 4424 Ammanitas
633 4376 686 4421 et
712 4370 967 4424 Idumaeos
997 4412 1011 4434 ,
1060 4381 1112 4423 et
1143 4370 1463 4441 alienigenas
1490 4410 1504 4434 ,
1536 4381 1587 4423 et
1617 4372 1734 4434 Sor,

186 4476 337 4528 quam
361 4461 544 4514 dicunt
562 4473 680 4513 esse
696 4458 911 4528 Tyrum.
936 4459 1175 4513 Prmdicit
1191 4460 1512 4512 calamitates
1528 4475 1741 4528 magnas

186 4561 367 4604 contra
405 4550 695 4617 principem
740 4550 864 4619 Tyri
915 4559 965 4602 et
1012 4550 1252 4611 Sidonis,
1306 4559 1361 4603 et
1411 4549 1691 4618 zEgyptum
1724 4591 1736 4615 ,

186 4638 662 4707 Egyptiornmque
692 4653 890 4705 regem.
922 4638 1147 4691 Minatur
1172 4639 1488 4705 speculatori
1519 4640 1693 4708 populi
1723 4680 1737 4703 ,

186 4730 284 4783 nisi
326 4727 631 4796 praedixerit
672 4729 864 4797 populo
884 4770 900 4793 ,
928 4730 1075 4796 cujus
1113 4731 1423 4782 constitutus
1450 4737 1529 4783 est
1558 4744 1741 4797 specu-

186 4819 319 4870 lator
348 4815 412 4870 ad
439 4816 761 4871 calamitates
781 4833 809 4869 a
839 4818 944 4871 Deo
971 4818 1158 4870 illatas.
1192 4820 1265 4870 Ac
1294 4818 1620 4885 dicit,neque
1645 4820 1742 4872 ini-

186 4921 344 4973 quum
377 4904 552 4973 perire
577 4905 645 4957 ob
672 4905 871 4971 priores
901 4906 1217 4973 iniquitates,
1248 4907 1290 4958 si
1318 4921 1605 4959 conversus
1623 4905 1740 4959 fue-

187 4996 252 5051 rit
277 4994 345 5049 ad
375 4992 669 5048 faciendum
700 5008 760 5046 ea
790 5008 903 5061 qua:
932 4995 1040 5048 Deo
1065 5005 1180 5049 sum
1214 4996 1400 5064 placita
1425 5012 1438 5058 ;
1472 5011 1639 5064 neque
1659 4996 1743 5064 ju-

248 5180 318 5238 (a)
375 5176 523 5232 Illud,
562 5175 752 5245 vom,
802 5173 849 5222 in
900 5176 1112 5238 fractura
1155 5189 1378 5226 maceria:
1421 5176 1491 5235 (ἐν
1535 5177 1737 5238 διακοπῇ

185 5249 579 5312 ᾳραγμοῦ),ηηοη
619 5253 695 5312 est
737 5247 783 5312 in
830 5248 1189 5312 exemplaribus
1228 5248 1643 5312 hodiernis,__sed
1676 5263 1737 5312 ex

182 5307 422 5366 Origenis
452 5310 685 5368 IIexaplis
709 5307 1008 5369 adjunctum;
1026 5308 1200 5369 fuerat.
1225 5316 1278 5355 ut
1318 5322 1403 5355 nos
1425 5307 1485 5369 in
1513 5309 1743 5369 Ilexaplis

186 5371 479 5419 addidimus.
517 5366 668 5416 Totus
710 5370 840 5415 locus
886 5368 932 5413 in
976 5366 1282 5413 Editionihns
1323 5366 1572 5415 hodiernis
1619 5366 1741 5417 L'XX

187 5433 255 5476 sic
290 5431 533 5477 habetur:
562 5432 650 5476 Καὶ
685 5429 870 5499 ἐζήτρυν
903 5429 947 5481 ἐξ
982 5427 1136 5499 gora»
1167 5428 1742 5499 ἅνδρῆιάναστρεφόιμενο]

190 5492 351 5552 ὀρθῶς,
385 5492 465 5536 καὶ
490 5489 811 5552 Ῠέστῶτᾳ-πρὸ
852 5489 1108 5552 προσὼπρυ
1153 5504 1240 5552 nou
1291 5489 1561 5552 ὁλοσχερῶς
1592 5491 1637 5535 ἐν
1673 5490 1740 5547 τῷ

192 5548 342 5611 κᾶν.ρῷ
373 5557 455 5606 τῆς
483 5551 636 5610 ὀργῆς.
665 5548 838 5597 Melius
867 5548 1123 5607 exemplar
1155 5548 1478 5602 Chrysostomi
1497 5585 1508 5605 ,
1546 5550 1591 5595 ἐν
1615 5566 1655 5595 τ.
1692 5566 1736 5594 κ.

192 5626 271 5675 τῆς
289 5626 389 5679 γῆς.
420 5620 471 5667 In
499 5618 706 5666 Hebraeo
724 5623 887 5665 autem
907 5614 1107 5676 legitur,
1129 5615 1290 5685 vom
1324 5619 1452 5674 1172,
1480 5629 1568 5678 pro
1591 5624 1720 5667 terra

193 5702 513 5767 Septuaginta
534 5716 654 5753 vero
677 5704 909 5764 legerunt
944 5702 1080 5757 τινὶ,
1112 5697 1161 5749 in
1183 5705 1407 5760 tempore.

1247 403 1566 463 SYNOPSIS
1601 402 2005 459 SCRIPTURAE
2042 404 2307 461 SACRE.

3279 416 3395 472 382

1838 525 1976 569 stum
2006 517 2230 571 salutem
2256 517 2506 587 consequi
2535 517 2603 571 ob
2629 517 2854 586 priorem
2878 517 3133 586 justitiam
3157 561 3171 586 ,
3203 521 3247 575 si
3280 539 3396 575 mu-

1838 613 1976 659 tatus
2000 646 2013 670 ,
2047 607 2253 675 iniquus
2283 606 2609 675 injustusque
2652 607 2896 661 evaserit.
2940 608 3096 663 Venit
3130 611 3392 679 quispiam

1836 693 1901 745 ad
1933 693 2243 761 prephetam
2267 734 2281 758 ,
2314 695 2561 748 nuntians
2607 704 2808 764 captam
2856 695 3018 751 fuisse
3054 697 3347 752 Jerusalem
3376 714 3389 756 :

1836 782 1964 835 dicit
1992 791 2166 835 autem
2198 782 2296 836 bae
2325 783 2390 836 de
2415 799 2474 837 re
2511 784 2785 851 incusans,
2814 786 2950 853 quod
2981 802 3084 841 non
3121 789 3392 843 attendant

1836 870 1898 922 iis
1937 885 2055 938 qua:
2090 885 2116 921 a
2163 870 2431 938 prophetis
2464 871 2839 939 praedicuntur.
2875 875 3203 930 Vaticinatur
3230 894 3389 946 porro

1835 968 2016 1012 contra
2074 968 2314 1026 pastores
2342 960 2545 1013 lsraelis
2576 976 2590 1011 :
2620 963 2979 1031 promittitque
3011 966 3241 1019 dandum
3275 984 3393 1022 esse

1836 1058 2096 1114 pastorem
2130 1064 2285 1101 llllUltl
2310 1066 2324 1112 ;
2358 1050 2404 1101 id
2429 1049 2567 1117 quod
2596 1050 2693 1103 sub
2716 1050 3039 1106 Zorobabele
3066 1052 3258 1109 factum
3284 1066 3386 1121 est,

1839 1137 1889 1189 id
1919 1137 2057 1205 quod
2085 1140 2241 1191 etiam
2272 1138 2436 1191 Judaei
2469 1139 2802 1207 impudenter
2821 1140 2999 1195 dicunt
3018 1143 3247 1198 nondum
3272 1160 3391 1199 eve.

1835 1225 2013 1289 uisse;
2047 1227 2219 1280 evenit
2251 1236 2422 1280 tamen
2445 1267 2458 1290 ,
2504 1237 2561 1279 ut
2585 1226 2714 1291 dixi,
2738 1228 2837 1281 sub
2875 1229 3218 1285 Zorobabele.
3249 1232 3393 1286 Vati-

1835 1314 2039 1365 cinatur
2057 1324 2238 1368 contra
2273 1314 2549 1377 Idumaeos,
2583 1324 2637 1368 et
2666 1315 2917 1369 Israelitis
2944 1317 3081 1372 bona
3125 1320 3383 1388 praedicit,

1836 1417 1950 1468 qua:
1974 1402 2113 1455 Deus
2143 1402 2261 1457 ideo
2288 1418 2345 1456 se
2365 1403 2559 1456 Judzcis
2581 1404 2894 1458 collaturum
2921 1407 3083 1473 dicit,
3117 1424 3220 1462 non
3248 1413 3388 1479 quod

1836 1490 1906 1543 illi
1934 1490 2073 1557 digni
2105 1492 2334 1555 sint,sed
2359 1507 2426 1546 ne
2457 1507 2650 1547 nomen
2677 1494 2793 1561 ejus
2820 1494 3141 1562 profanetur.
3172 1498 3385 1553 Ducitur

1839 1579 2095 1648 prapheta
2127 1581 2176 1633 in
2204 1595 2465 1647 campum,
2496 1589 2545 1633 et
2576 1582 2857 1648 prepbetat
2896 1598 3054 1651 super
3078 1600 3196 1639 ossa
3221 1588 3385 1640 arida.

1838 1670 2119 1736 Prophetat
2141 1671 2263 1725 item
2293 1671 2357 1725 de
2388 1671 2734 1738 Zorobabele,
2763 1674 2900 1742 quod
2932 1675 3136 1732 futurus
3164 1679 3231 1731 sit
3255 1696 3386 1733 unus

1834 1758 2132 1812 Judazorum
2156 1762 2397 1829 princeps
2422 1775 2435 1811 :
2460 1770 2632 1829 potest
2662 1769 2836 1816 autem
2866 1762 2934 1817 de
2960 1764 3179 1818 Domino
3208 1778 3390 1820 nostro

1834 1848 1955 1902 Jesu
1972 1847 2183 1902 Christo
2195 1850 2302 1903 acci
2309 1852 2380 1918 pi.
2400 1850 2723 1904 Vaticinatur
2735 1853 2891 1906 etiam
2905 1853 2971 1909 de
2989 1855 3099 1925 Gog
3110 1866 3163 1911 et
3179 1858 3386 1927 Magog,

1836 1939 1924 2005 qui
1953 1937 2163 1992 Judmos
2189 1940 2416 1992 invasuri
2445 1949 2593 1992 erant
2621 1950 2735 2008 post
2757 1943 2982 1996 reditum
3009 1960 3071 1997 ex
3101 1946 3387 2016 Babylone,

1835 2029 2031 2096 quique
2059 2029 2179 2082 victi
2216 2028 2443 2082 fuerunt.
2474 2030 2694 2096 Quidam
2719 2040 2891 2085 autem
2916 2033 2964 2086 id
2993 2036 3271 2104 allegorice
3296 2053 3387 2091 ac-

1834 2119 2037 2186 cipiunt
2061 2120 2126 2172 de
2151 2119 2420 2187 Ecclesiis,
2453 2129 2505 2174 et
2532 2120 2599 2175 de
2626 2122 2833 2176 diabolo
2861 2163 2875 2188 ,
2909 2125 3076 2194 deque
3115 2142 3394 2198 persequu-

1838 2212 2066 2265 tionibus
2093 2227 2208 2280 qua:
2240 2213 2384 2265 vario
2409 2222 2643 2280 tempore
2673 2214 2829 2267 illata:
2860 2228 2981 2269 sunt
3001 2217 3066 2269 ab
3089 2219 3262 2287 impiis
3294 2223 3393 2275 Int-

1839 2303 2187 2368 peratoribns.
2218 2303 2538 2356 Vaticinatur
2562 2312 2685 2357 item
2724 2307 2901 2373 templi
2928 2312 3391 2381 constructionem,

1837 2402 1887 2446 ct
1911 2394 2296 2447 restitutionem
2323 2394 2501 2463 legalis
2522 2395 2727 2447 cultus:
2748 2411 2864 2463 qua:
2885 2397 3043 2449 etiam
3083 2412 3394 2468 exspectant

1834 2482 1997 2536 Judaei
2023 2500 2036 2545 ;
2068 2484 2157 2536 scd
2184 2500 2243 2536 ea
2264 2494 2549 2537 evenerunt
2576 2494 2807 2551 tempore
2836 2487 3014 2541 Esdra:
3032 2499 3082 2541 ct
3100 2490 3395 2545 Lorobabe—

1839 2574 1921 2625 lis.
1963 2573 2295 2627 Constructio
2339 2583 2514 2627 autem
2564 2576 2783 2643 templi,
2830 2592 2984 2644 quam
3031 2581 3300 2647 praedii-it,
3342 2592 3396 2635 et

1837 2675 1968 2729 aqua
1998 2656 2113 2730 qua:
2142 2662 2389 2729 paulatim
2418 2662 2782 2730 egrediebatur
2815 2678 2865 2719 et
2893 2669 3194 2735 augebatur,
3225 2680 3396 2737 potest

1838 2750 2002 2818 accipi
2031 2750 2097 2803 de
2120 2751 2181 2804 iis
2202 2751 2289 2819 qui
2315 2752 2378 2803 ad
2407 2750 2677 2806 Christum
2706 2756 2944 2806 conversi
2968 2767 3108 2816 sunt,
3135 2759 3219 2824 qui
3248 2774 3391 2811 mor-

1840 2838 1911 2890 tui
1943 2847 2095 2891 erant
2126 2848 2403 2907 antequam
2446 2840 2755 2905 crederent,
2786 2841 3023 2895 viventes
3052 2856 3225 2898 autem
3270 2846 3395 2899 tacti

1839 2938 1961 2982 sunt
1987 2938 2261 2997 postquam
2284 2928 2642 2983 crediderunt.

1945 3092 2173 3133 SYNOPSIS
2199 3093 2369 3133 EORUII
2400 3094 2513 3141 ουιε
2542 3096 2571 3133 Δ
2598 3095 2821 3133 DANIELE
2850 3095 3118 3134 PROPIIETA
3148 3098 3303 3137 υιυτΔ

2542 3184 2695 3223 SUNT.

1916 3288 2195 3357 Eliguntur
2218 3288 2399 3342 Daniel
2430 3298 2483 3343 et
2512 3289 2669 3352 socii,
2708 3297 2761 3342 et
2783 3289 3058 3342 traduntur
3081 3291 3399 3346 archieunu-

1844 3376 1967 3440 cbo,
1998 3386 2153 3446 atque
2184 3378 2535 3446 leguminibus
2565 3389 2848 3430 vescuntur
2878 3396 2889 3431 :
2914 3389 2962 3430 et
2991 3378 3257 3435 adstantes
3289 3384 3396 3451 regi

1840 3468 2071 3520 omnium
2125 3467 2498 3535 sapientissimi
2533 3466 2848 3534 deprehensi
2895 3476 3034 3521 sunt.
3066 3468 3218 3523 Videt
3262 3486 3403 3524 som-

1842 3561 1985 3614 nium
2026 3560 2529 3620 Nabuchodonosor,
2559 3571 2612 3615 et
2653 3576 2834 3629 magos
2858 3602 2872 3623 ,
2902 3564 2987 3629 qui
3022 3577 3125 3615 non
3154 3572 3399 3631 poterant

1842 3650 2106 3704 somnium
2136 3649 2372 3704 iudicare
2402 3659 2455 3703 et
2486 3650 2842 3717 interpretari,
2870 3650 3020 3718 jubet
3044 3652 3235 3704 occidi.
3257 3652 3401 3705 Peri-

1843 3740 2083 3792 clitantes
2100 3753 2306 3806 quoque
2326 3739 2587 3792 Danielem
2602 3751 2652 3793 et
2674 3740 2845 3793 socios
2862 3742 3090 3794 servavit
3110 3742 3263 3808 Deus,
3282 3757 3400 3795 cum

1844 3828 2041 3882 Danieli
2056 3828 2243 3881 sonmii
2261 3828 2491 3882 notitiam
2506 3844 2597 3897 per
2614 3828 2983 3883 revelationem
2997 3829 3155 3883 dedit.
3168 3830 3406 3883 Introdu-

1841 3927 1954 3971 ctus
1978 3919 2157 3973 Daniel
2180 3921 2440 3973 somnium
2469 3920 2576 3988 regi
2600 3919 2731 3972 dixit
2766 3920 2981 3988 ejusque
3020 3921 3405 3987 interpretatio-

1845 4023 1990 4061 nem.
2031 4008 2185 4075 Lapis
2212 4020 2387 4062 autem
2425 4010 2539 4062 sine
2562 4009 2804 4061 manibus
2830 4001 3283 4055 t‘xcisusChriSlus
3297 4016 3402 4069 eSt;

1842 4097 1956 4150 sine
1983 4098 2221 4151 manibus
2243 4113 2385 4160 vero,
2413 4098 2530 4165 quia
2554 4096 2667 4151 sine
2692 4099 2970 4151 concubitu
2997 4099 3274 4167 exvirgine
3304 4114 3401 4151 na-

1847 4192 1930 4239 tus
1958 4196 2055 4239 est.
2107 4186 2350 4240 Erectam
2382 4202 2409 4237 a
2432 4201 2492 4240 se
2512 4194 2734 4240 statuam
2756 4186 3235 4241 Nabuchodonosor
3251 4188 3399 4253 jubet

1845 4293 2027 4331 omnes
2044 4278 2285 4341 adorare,
2307 4288 2359 4331 et
2386 4288 2490 4333 tres
2515 4293 2703 4346 pueros
2724 4279 2808 4347 qui
2837 4280 3058 4333 adorare
3085 4280 3332 4334 nolebant
3352 4281 3401 4331 in

1845 4368 2106 4422 fornacem
2132 4368 2391 4437 injicit.Ut
2410 4378 2585 4422 autem
2614 4369 2683 4421 illi
2703 4372 2787 4436 qui
2816 4370 2951 4423 circa
2970 4369 3231 4423 fornacem
3254 4382 3406 4423 erant

1846 4456 2102 4510 interfecti
2130 4467 2327 4521 sunt,et
2355 4456 2503 4524 pueri
2528 4457 2688 4509 Deum
2714 4458 2928 4509 canticis
2948 4458 3393 4519 celebrarent,ubi

1846 4546 1987 4613 ipsos
2011 4547 2247 4599 evocavit
2270 4561 2359 4599 rex
2381 4556 2433 4600 et
2463 4546 2750 4600 incolumes
2780 4546 2925 4607 vidit,
2956 4545 3021 4599 de
3052 4546 3142 4599 Dei
3168 4548 3396 4613 potentia

1846 4646 2061 4704 stupore
2088 4636 2379 4703 perculsus,
2412 4636 2551 4702 ipsos
2581 4635 2868 4702 principatu
2902 4634 3206 4688 Iudaeorum
3232 4638 3397 4688 hono-

1846 4726 1999 4789 ravit,
2023 4725 2396 4792 decretumque
2426 4724 2606 4787 dedit,
2656 4734 2711 4777 ut
2735 4724 2969 4792 quisquis
2997 4726 3046 4777 in
3095 4726 3255 4779 Deum
3286 4728 3394 4780 hla-

1846 4814 2161 4883 sphemaret,
2194 4824 2361 4867 morte
2391 4814 2726 4881 plecteretur.
2758 4813 2911 4867 Videt
2935 4816 3195 4867 somnlutn
3228 4816 3397 4869 Nalm-

1845 4904 2211 4957 eltodonosor:
2240 4913 2292 4957 et
2321 4918 2437 4957 cum
2466 4903 2729 4970 sapientes
2760 4903 3040 4971 Babylonis
3067 4919 3270 4956 rursum
3297 4906 3409 4956 lm-

1849 5001 2046 5058 rerent,
2080 4993 2246 5060 ipsum
2279 4992 2437 5045 solvit
2486 4992 2663 5045 Daniel
2691 5032 2704 5055 ,
2737 4991 2950 5059 regique
2988 5000 3171 5045 auctor
3199 5003 3275 5046 est
3307 5040 3319 5061 ,
3348 5003 3417 5048 ut

1848 5084 2147 5151 iniquitates
2173 5098 2295 5137 suas
2321 5082 2674 5151 eleemosynis
2709 5080 2951 5134 redimat.
2982 5081 3087 5135 Nec
3108 5082 3194 5135 diu
3222 5094 3403 5153 postea

1848 5172 2036 5225 somnii
2068 5173 2244 5224 exitus
2285 5171 2491 5232 evenit;
2536 5170 2869 5237 laudavitque
2917 5170 3403 5227 Nabuchodonosor

1849 5262 2035 5313 Deum.
2071 5260 2249 5314 Sacris
2280 5260 2457 5327 templi
2488 5260 2625 5312 vasis
2647 5260 2799 5327 jussu
2832 5260 3114 5313 Baltasaris
3145 5263 3278 5327 regis
3315 5262 3403 5314 filii

1849 5348 2387 5401 Nabuchodonosoris
2415 5347 2638 5412 eductis,
2668 5364 2784 5400 cum
2814 5349 2865 5401 in
2898 5349 2998 5402 illis
3018 5358 3406 5417 potarenteon—

1850 5441 1999 5503 vivaz,
2043 5439 2169 5493 exiit
2207 5440 2458 5492 articulus
2497 5453 2683 5492 manus
2708 5481 2721 5501 ,
2755 5441 2841 5509 qui
2889 5439 3123 5494 exaravit
3172 5440 3221 5491 in
3253 5454 3406 5493 muro

1853 5531 2192 5596 scripturam,
2224 5544 2379 5596 quam
2411 5530 2566 5581 etiam
2595 5544 2711 5582 cum
2744 5544 2847 5581 non
2882 5538 3094 5596 possent
3135 5529 3407 5597 sapientes

1852 5620 2131 5689 Babylonis
2155 5619 2438 5686 explicare,
2474 5620 2655 5672 Daniel
2689 5620 2807 5687 legit
2830 5628 2884 5671 et
2908 5618 3405 5685 interpretatusesu

1854 5711 2168 5774 indutosque
2196 5720 2277 5766 est
2298 5724 2523 5777 purpura
2547 5752 2560 5778 ,
2588 5711 3179 5779 circumposuet'untque
3216 5712 3263 5763 ei
3298 5719 3401 5763 tor-
