3996 6436
566 418 676 473 383

566 527 719 584 quem
743 523 961 565 aureum
984 547 997 572 ,
1041 505 1557 575 prmdicaveruntque
1596 515 1715 554 eum
1747 510 1866 552 esse
1895 494 2109 548 tertium

567 583 857 669 principem
889 599 938 648 in
969 609 1151 662 regno.
1180 593 1307 646 Cum
1329 598 1569 660 regnaret
1597 588 1778 641 Darius
1804 584 1999 644 Medus,
2021 583 2119 634 Da-

570 688 707 742 niele
735 686 970 753 principe
997 683 1299 743 constituto,
1335 681 1539 747 cogitur
1564 693 1591 730 a
1619 674 1845 729 tribunis
1873 682 1922 725 et
1949 679 2119 723 satra-

570 779 648 844 pis
678 776 947 827 decretum
979 771 1305 839 promulgare
1333 808 1348 831 ,
1392 777 1446 819 ut
1479 766 1796 833 quicumque
1854 762 1987 812 intra
2030 758 2122 808 tri-

572 864 713 932 ginta
763 861 876 914 dies
918 859 1111 928 aliquid
1150 859 1228 911 vel
1253 857 1318 908 ab
1348 855 1559 907 homine
1585 852 1829 919 quopiam
1855 849 1936 900 vel
1965 861 1994 898 a
2022 845 2122 899 deo

571 960 793 1021 peteret,
818 961 1164 1017 praeterquam
1187 962 1215 997 a
1240 959 1382 1012 rege,
1419 944 1472 995 in
1497 944 1668 994 lacum
1697 941 1910 993 leonum
1940 936 2122 1002 injice—

576 1051 741 1095 retur.
769 1041 884 1105 Quo
929 1039 1096 1101 facto,
1135 1051 1252 1089 cum
1291 1035 1663 1087 observassent
1709 1030 1975 1083 Danielem
2008 1041 2124 1094 pre-

574 1125 682 1177 cari
699 1125 883 1187 Deum,
915 1122 1082 1189 ipsum
1111 1117 1510 1179 calumniantur,
1542 1121 1836 1183 coguntque
1865 1124 2038 1179 regem
2060 1108 2124 1161 ad

577 1213 914 1283 injiciendum
942 1211 1090 1263 illum
1121 1210 1172 1262 in
1217 1208 1409 1260 lacum.
1455 1206 1583 1259 Cum
1627 1203 1895 1271 injecisset
1921 1207 2120 1259 autem,

581 1307 670 1360 ubi
701 1312 879 1375 postea
901 1302 1120 1355 accessit
1147 1309 1198 1352 et
1223 1299 1429 1351 salvum
1460 1295 1672 1363 reperit,
1700 1293 1843 1345 illum
1889 1289 2067 1344 eduxit
2093 1302 2124 1341 e

577 1393 731 1446 lacu:
771 1392 888 1444 illos
927 1399 1096 1442 autem
1130 1387 1217 1455 qui
1261 1386 1430 1452 ipsum
1462 1384 1512 1435 in
1541 1382 1710 1434 lacum
1743 1378 1881 1445 injici
1913 1389 2128 1431 curave-

583 1490 701 1534 rant
731 1494 851 1533 cum
882 1477 1133 1531 uxoribus
1165 1473 1427 1542 perdidit,
1480 1470 1714 1524 leonibus
1741 1467 1994 1535 objectos.
2027 1465 2128 1517 De-

586 1579 890 1636 cretumque
939 1563 1320 1634 promulgavit,
1349 1572 1404 1614 ut
1431 1573 1615 1613 omnes
1660 1558 1823 1612 Deum
1862 1556 2127 1608 timerent.

593 1661 746 1727 Videt
776 1661 1000 1712 ferarum
1029 1655 1302 1714 visionem,
1336 1666 1430 1718 per
1452 1651 1690 1712 lcmnam,
1727 1659 1944 1715 regnum
1970 1643 2134 1711 Assy—

587 1751 803 1811 riorum,
836 1761 927 1815 per
953 1759 1151 1808 ursum,
1185 1740 1451 1794 Medorum
1480 1747 1533 1792 et
1563 1737 1860 1799 Persarum,
1890 1747 1984 1801 per
2014 1746 2134 1800 par-

585 1840 733 1902 dum,
761 1833 1122 1895 Macedonum,
1153 1845 1243 1898 per
1270 1837 1509 1896 quartam
1539 1824 1720 1888 feram,
1751 1823 2130 1876 Romanorum.

591 1929 916 1981 Vaticinatur
943 1925 1098 1976 etiam
1131 1921 1196 1973 de
1223 1919 1453 1982 Christo,
1477 1925 1530 1971 et
1574 1915 1640 1969 de
1667 1911 1926 1967 Antiocho
1948 1911 2131 1978 impio.

597 2019 693 2072 llic
719 2018 856 2069 enim
885 2025 964 2068 est
986 2027 1147 2066 cornu
1165 2023 1397 2078 parvum,
1415 2006 1554 2076 quod
1579 2005 1807 2059 excussit
1826 2003 1919 2056 tria
1938 2001 2133 2070 priora.

601 2109 918 2163 Vaticinatur
941 2101 1201 2173 quomodo
1229 2099 1520 2153 Alexander
1542 2095 1754 2148 Macedo
1781 2107 1997 2162 regnum
2013 2091 2137 2144 Pcr-

596 2213 772 2251 sarum
811 2194 998 2256 solvit;
1027 2193 1242 2245 arietem
1269 2189 1446 2242 dicens
1473 2201 1649 2253 regem
1673 2185 1946 2238 Persarum
1971 2221 1988 2248 ,
2032 2182 2138 2234 hir-

594 2301 712 2340 cum
743 2283 1095 2337 Alexandrum
1142 2278 1498 2332 Macedonem.
1547 2275 1738 2328 Ultima
1765 2274 1895 2326 visio
1949 2273 2034 2326 hic
2076 2272 2140 2324 de

603 2376 783 2444 regina
807 2372 971 2426 austri
1001 2371 1189 2424 dicitur
1209 2371 1260 2421 in
1297 2368 1430 2421 libro
1454 2356 1869 2419 Machabmorum
1902 2362 2137 2431 reperiri.

591 2466 776 2519 Belum
806 2461 1004 2516 decutit
1043 2469 1095 2513 et
1134 2459 1415 2512 draconem
1446 2455 1672 2520 occidit;
1720 2454 1772 2507 in
1814 2455 1982 2507 lacum
2025 2467 2143 2521 pro-

595 2555 768 2613 iicitur
819 2562 873 2606 et
917 2560 1193 2612 servatur,
1245 2557 1296 2599 et
1339 2546 1427 2614 qui
1479 2545 1530 2597 in
1577 2558 1730 2597 causa
1784 2551 1962 2608 erant,
2005 2540 2143 2609 quod

591 2643 863 2710 conjectus
899 2639 1121 2701 fuisset,
1167 2635 1471 2703 injiciuntur
1510 2642 1566 2687 et
1612 2632 1929 2687 devorantur
1964 2644 1993 2682 a
2037 2629 2146 2682 leo-

599 2732 771 2786 nibus.

1297 2849 1443 2888 OSEE.

668 2953 888 3008 Jubetur
917 2951 1153 3019 accipere
1178 2961 1391 3002 uxorem
1421 2945 1770 3007 meretricem,
1798 2951 1851 2996 et
1877 2950 2149 2995 nascentes

599 3044 824 3099 infantes
847 3056 1037 3094 vocare
1064 3038 1283 3102 Jezraet,
1319 3034 1435 3088 Non
1462 3035 1846 3087 misericordiam
1879 3047 2150 3100 consequu-

602 3145 724 3200 tam,
752 3142 805 3188 et
836 3133 951 3184 Non
980 3131 1192 3199 populus
1221 3143 1355 3179 meus
1408 3126 1559 3193 (Osee
1603 3127 1651 3178 l.
1687 3127 1739 3178 4.
1772 3125 1824 3176 6.
1853 3123 1929 3192 9).
1962 3124 2028 3175 Et
2059 3137 2148 3175 ac-

599 3233 751 3278 cusat
790 3223 1034 3290 p0pulum
1073 3219 1137 3272 de
1167 3216 1526 3277 fornicatione,
1559 3214 1892 3282 prtedicitque
1931 3212 2000 3264 illi
2031 3227 2149 3278 per-

601 3313 824 3374 niciem,
874 3319 927 3362 et
981 3323 1108 3376 opes
1162 3307 1413 3376 quasdam
1479 3313 1596 3371 post
1658 3303 1963 3371 perniciem.
2022 3300 2152 3354 Illud

600 3411 796 3460 autem,
832 3399 1103 3464 Disponam
1131 3404 1469 3448 testamentum
1496 3410 1608 3444 cum
1636 3393 1797 3444 bestiis
1826 3391 1966 3459 agri,
1991 3399 2036 3443 et
2065 3391 2151 3442 des

602 3487 846 3558 sponsabo
867 3487 918 3537 in
946 3485 1043 3552 fide
1069 3484 1217 3552 (Osee
1246 3483 1300 3534 2.
1337 3483 1445 3550 18),
1473 3489 1642 3549 potest
1667 3479 1830 3546 accipi
1849 3479 1913 3531 de
1939 3477 2157 3530 creden-

603 3580 743 3633 tibus
775 3579 825 3630 in
857 3577 1141 3629 Christum.
1175 3573 1394 3627 Jubetur
1418 3571 1656 3638 accipere
1686 3584 1902 3621 uxorem
1928 3567 2156 3620 fornica-

603 3671 756 3734 riam,
801 3667 1099 3720 Iudaeorum
1143 3663 1523 3716 desolationem
1567 3659 1859 3721 declarans,
1913 3658 2157 3724 ipsosque

606 3766 821 3811 accusat
845 3756 910 3808 de
938 3753 1114 3807 multis
1140 3752 1445 3820 magnisque
1473 3747 1720 3817 peccatis,
1756 3754 1859 3800 tam
1888 3747 2157 3814 populum,

609 3860 765 3913 quam
795 3842 1113 3897 sacerdotes.
1140 3839 1460 3894 Criminatur
1490 3851 1698 3905 quoque
1726 3849 1907 3890 eorum
1937 3834 2160 3887 ebrieta-

609 3947 733 3999 tem,
753 3932 1166 3995 fornicationem,
1191 3936 1243 3982 et
1264 3926 1602 3980 iracundiam.
1628 3925 1834 3977 Incusat
1849 3922 1983 3992 quod
2012 3936 2158 3989 spem

607 4039 636 4075 a
667 4023 773 4074 Deo
802 4018 1194 4081 transferentes,
1217 4017 1268 4069 in
1297 4015 1540 4083 Assyrios
1560 4013 1892 4077 contulerint,
1915 4020 1968 4065 et
1994 4010 2158 4080 {Egy—

610 4112 728 4179 ptiis
767 4109 952 4162 conﬁsi
991 4108 1116 4160 sint.
1165 4105 1593 4171 Vaticinaturquc
1621 4102 1696 4155 eis
1727 4101 1994 4155 ultionem.
2032 4101 2163 4153 Dicit

611 4200 950 4269 Ephraimum
975 4212 1094 4250 cum
1125 4211 1217 4262 per
1246 4195 1435 4247 auxilia
1463 4193 1561 4246 sibi
1594 4192 1820 4260 praestita
1851 4190 1999 4243 fortis
2035 4205 2162 4244 eva-

608 4293 798 4355 sisset,
847 4289 1004 4342 rebus
1050 4285 1293 4341 secundis
1341 4285 1473 4337 citra
1527 4282 1775 4334 decorum
1824 4295 1972 4334 usum
2022 4295 2160 4333 esse.

609 4381 849 4437 Ostendit
879 4381 1014 4433 Deus
1054 4392 1201 4432 suam
1245 4377 1382 4430 circa
1437 4375 1694 4428 lsraelitas
1737 4373 2162 4434 sollicitudinem,

613 4473 924 4537 illorumque
957 4482 1079 4536 erga
1106 4482 1164 4521 se
1195 4467 1450 4535 ingratum
1495 4465 1726 4518 animant
1771 4481 1783 4515 :
1817 4471 1871 4517 et
1900 4462 2166 4516 calamita-

613 4571 689 4613 tes
720 4559 846 4626 ipsis
871 4557 1122 4626 praedicit.

1317 4678 1457 4719 JOEL.

685 4798 1088 4865 Corruptionem
1119 4795 1381 4848 fructuum
1413 4803 1567 4848 terrze
1605 4801 1802 4858 narrat,
1843 4802 1895 4846 et
1933 4792 2171 4845 hortatur

615 4898 672 4942 ut
699 4889 862 4940 Deum
903 4886 1000 4938 sibi
1033 4885 1312 4952 pr0pitium
1354 4885 1596 4937 reddant.
1640 4884 1962 4937 Vaticinatur
1990 4898 2172 4935 ascen-

616 4994 732 5032 sum
763 4977 962 5045 Assyrii
996 4995 1007 5029 :
1043 4983 1222 5042 postea
1245 4989 1369 5027 vero
1396 4976 1529 5027 bona
1557 4975 1799 5042 quaedam
1832 4972 2166 5040 praenuntiat.

618 5065 769 5131 Quod
794 5063 1041 5132 apostolis
1082 5061 1272 5116 accidit
1309 5064 1448 5114 circa
1478 5063 1648 5114 varias
1678 5062 1880 5131 linguas
1914 5061 2170 5128 praedicit.

615 5155 942 5208 Vaticinatur
972 5153 1126 5204 etiam
1154 5151 1386 5219 gentium
1418 5151 1725 5218 perniciem,
1769 5166 1884 5218 quae
1911 5159 2027 5217 post
2051 5150 2170 5202 red-

616 5249 745 5299 itum
772 5260 840 5298 cx
868 5242 1130 5311 Babylone
1157 5243 1252 5294 sub
1278 5240 1603 5295 Zorobabele
1631 5241 1865 5309 contigit.
1896 5239 1989 5294 Hic
2019 5255 2174 5310 porro

616 5335 763 5388 locus
787 5333 1090 5399 allegoriam
1124 5331 1373 5384 continet.

1328 5475 1460 5515 AIOS

691 5570 933 5625 Prmdicit
976 5568 1274 5636 iniquitates
1329 5569 1603 5634 Damasci,
1652 5571 1824 5634 Gazcc,
1866 5572 2010 5642 Tyri,
2055 5573 2175 5625 ldu-

621 5672 894 5726 rumorum,
921 5656 1354 5722 Ammanitarum,
1385 5655 1742 5725 Moabitarutn,
1768 5658 1912 5714 Iuda:
1940 5671 1988 5715 et
2009 5661 2174 5716 Israe-

1257 392 1316 446 S.
1356 388 1626 446 JOANNIS
1649 377 2120 442 CHRYSOSTOMI
2159 377 2468 435 ARCHIEP.
2509 381 3040 440 CONSTANTINOP.

3675 405 3798 459 384

2224 492 2307 558 Iis,
2338 503 2390 547 et
2411 510 2594 564 poenas
2619 512 2735 565 qure
2770 498 2886 552 illos
2922 504 3218 564 exceptum
3255 505 3394 552 sunt.
3425 497 3785 554 Numerantur

2222 583 2471 636 beneficia
2497 599 2526 637 a
2553 587 2659 638 Deo
2689 587 2741 637 in
2776 586 2985 640 Judaeos
3010 586 3222 649 collata,
3263 587 3573 656 illorumque
3609 589 3790 656 negli-

2221 674 2395 739 gentia
2456 681 2511 727 et
2585 684 2961 743 contemptus,
3004 684 3159 742 atque
3187 690 3437 729 aerumna:
3495 691 3612 744 quae
3661 677 3792 729 illos

2225 771 2546 829 exspectant.
2581 764 2822 817 Praedieit
2867 765 3004 818 circa
3049 765 3297 817 mulieres
3338 763 3616 830 Samariac,
3664 766 3792 818 illas

2225 849 2489 904 ebrietatis
2535 862 2587 904 et
2626 854 2821 919 rapinae
2859 867 3128 906 accusans.
3161 852 3480 907 Vaticinatur
3508 852 3701 907 famem
3733 864 3792 909 et

2225 936 2619 998 dissolutionem
2649 955 2711 991 eo
2740 941 2878 1008 quod
2917 956 3019 993 non
3063 949 3510 1004 converterentur,
3550 951 3603 996 et
3638 943 3792 1010 quod

2228 1028 2403 1080 multis
2433 1027 2604 1081 affecti
2639 1028 2806 1096 plagis
2832 1045 2932 1082 non
2973 1031 3219 1083 meliores
3244 1031 3546 1085 evaderent.
3574 1030 3794 1084 Incusat

2229 1113 2503 1180 Israelem,
2552 1116 2690 1183 quod
2744 1131 2836 1168 eos
2885 1119 2970 1184 qui
3019 1133 3076 1171 se
3130 1118 3512 1188 redarguebant
3558 1119 3796 1174 moleste

2231 1204 2470 1258 ferrent:
2512 1215 2563 1258 et
2590 1205 2827 1260 hortatur
2871 1217 2926 1259 ut
2968 1217 3336 1261 convertantur
3361 1209 3423 1262 ad
3466 1209 3649 1264 Deum.
3697 1210 3795 1264 Ιηο

2231 1291 2458 1344 credulis
2493 1294 2838 1346 comminatur
2865 1293 3030 1346 futura
3063 1300 3215 1348 mala.
3248 1296 3322 1349 De
3349 1297 3452 1350 illis
3478 1312 3633 1364 porro
3663 1297 3740 1350 ait
3774 1316 3789 1349 :

2241 1379 2326 1431 Vw
2362 1381 2444 1448 qui
2469 1381 2748 1433 desiderant
2773 1383 2902 1435 diem
2931 1383 3131 1435 Domini
3162 1384 3344 1453 (Amas
3370 1385 3421 1439 5.
3452 1385 3513 1439 18
3536 1385 3578 1454 ).
3607 1387 3793 1454 Aliqui

2231 1484 2355 1522 vero
2391 1470 2439 1523 id
2469 1471 2762 1523 retulerunt
2800 1471 2864 1523 ad
2904 1471 3133 1527 futurum
3164 1473 3416 1540 judicium
3447 1492 3458 1526 :
3485 1484 3542 1528 ut
3568 1475 3792 1542 quidam

2234 1559 2616 1612 incredulorum
2643 1574 2780 1612 nunc
2806 1561 2984 1614 dicunt
3013 1578 3025 1612 :
3057 1561 3170 1614 Non
3209 1563 3310 1616 erit
3333 1563 3617 1630 judicium;
3645 1565 3795 1632 quod

2234 1648 2276 1699 si
2307 1648 2534 1699 futurum
2564 1655 2666 1712 est,
2694 1649 2888 1702 veniat.
2921 1650 3235 1718 Reprobatio
3263 1651 3511 1705 festorum
3552 1653 3792 1720 illorum,

2236 1737 2610 1790 sacrificiorum
2641 1747 2693 1791 et
2722 1741 3107 1806 psalteriorum.
3136 1742 3352 1795 Stellam
3397 1743 3479 1796 dei
3527 1745 3745 1811 ltaphan
3773 1748 3791 1777 ⁸

2235 1826 2515 1882 Saturnum
2544 1827 2670 1881 dicit
2717 1845 2728 1880 :
2780 1831 3020 1896 quoniam
3063 1832 3283 1898 gentiles
3325 1833 3406 1886 dei
3452 1834 3531 1886 sui
3575 1832 3795 1889 Saturni

2239 1918 2438 1970 stellam
2470 1932 2586 1970 esse
2614 1917 2792 1970 dicunt
2833 1921 2882 1970 in
2919 1920 3065 1984 cmlo,
3107 1937 3260 1987 quam
3304 1923 3458 1976 etiam
3505 1923 3796 1978 Saturnum

2239 2014 2443 2060 vocant.
2475 2008 2608 2060 Dicit
2634 2017 2829 2072 autem,
2863 2007 3005 2059 Num
3032 2010 3248 2062 victimas
3289 2022 3333 2064 et
3370 2015 3617 2080 sacriﬁcia
3641 2015 3796 2067 obtu-

2240 2094 2363 2146 listis
2411 2095 2534 2146 milii
2567 2096 2711 2147 annis
2752 2097 3080 2165 quadraginta
3126 2098 3292 2166 (Amos
3333 2101 3385 2152 5.
3427 2101 3553 2170 25)?
3609 2102 3796 2171 Neque

2241 2185 2380 2236 enim
2417 2187 2635 2253 populus
2665 2186 2871 2248 obtulit,
2918 2188 3009 2240 sed
3054 2189 3149 2240 soli
3184 2191 3457 2258 principes,
3487 2207 3604 2244 cum
3647 2195 3800 2247 stetit

2245 2275 2655 2327 tabernaculum.
2684 2275 2777 2328 Hic
2804 2275 2869 2328 de
2901 2284 3008 2329 toto
3041 2279 3229 2345 populo
3275 2281 3519 2346 loquitur.
3566 2282 3801 2336 Accusat

2243 2365 2398 2418 etiam
2427 2365 2542 2418 illos
2573 2365 2637 2419 de
2669 2366 3013 2421 immoderato
3043 2368 3180 2433 cibo,
3223 2381 3276 2422 et
3309 2369 3630 2424 calamitates
3668 2372 3801 2439 ipsis

2248 2457 2499 2524 praedicit.
2533 2457 2632 2510 Per
2657 2457 2906 2514 locustas.
2950 2468 3003 2512 et
3041 2466 3427 2525 testamentum,
3469 2470 3523 2514 et
3547 2461 3802 2516 adaman-

2247 2554 2370 2609 tem,
2400 2559 2581 2598 eorum
2611 2561 2793 2599 necem
2816 2546 3125 2600 vaticinatur
3149 2566 3161 2601 :
3185 2562 3406 2617 cumque
3433 2549 3544 2603 haec
3571 2553 3804 2606 Amesia:

2247 2636 2354 2702 regi
2389 2635 2752 2702 significasset,
2786 2637 2870 2690 hic
2897 2638 3203 2706 prophetam
3231 2640 3278 2692 vi
3305 2642 3496 2708 repulit
3523 2650 3575 2694 et
3602 2643 3802 2712 abegit.

2248 2724 2340 2778 Ille
2364 2740 2489 2778 vero
2515 2726 2612 2795 ipsi
2639 2735 2692 2779 et
2726 2728 2916 2794 populo
2955 2728 3090 2781 mala
3131 2730 3380 2797 praedicit.
3421 2731 3486 2784 Et
3527 2731 3671 2785 videt
3709 2748 3806 2786 vas

2249 2817 2496 2883 aucupis;
2529 2832 2621 2883 per
2643 2817 2741 2871 hoc
2768 2827 2940 2870 autem
2969 2818 3108 2886 ipsos
3134 2819 3417 2887 capiendos
3442 2835 3560 2876 esse
3579 2821 3800 2878 indicat.

2251 2903 2553 2971 Iniquitates
2593 2914 2645 2957 et
2693 2905 2965 2958 violentias
3003 2921 3182 2960 eorum
3222 2921 3510 2975 enumerat,
3562 2918 3616 2963 et
3665 2912 3806 2964 mala

2255 2993 2395 3060 ipsos
2414 2994 2673 3046 invasura.
2694 2993 2824 3047 Illud
2848 3003 3054 3047 autem:
3079 2995 3277 3049 Occidet
3301 2999 3376 3050 sol
3401 2999 3602 3051 meridie
3629 2999 3808 3067 (Amos

2252 3083 2304 3136 8.
2334 3080 2412 3150 9),
2444 3082 2509 3136 de
2537 3091 2768 3152 tempore
2798 3085 3055 3151 passionis
3079 3085 3270 3140 Christi
3301 3089 3628 3144 vaticinatur.
3656 3090 3808 3144 Prat-

2254 3171 2377 3225 dicit
2402 3174 2556 3225 etiam
2584 3172 2649 3227 de
2676 3173 3008 3228 credentibus
3039 3175 3088 3228 in
3115 3175 3398 3230 Christum.

2933 3301 3126 3339 ABDIAS.

2330 3393 2585 3448 Ultionem
2627 3395 2696 3448 de
2736 3395 2973 3448 Idumatis
3011 3397 3314 3450 sumendam
3358 3397 3609 3465 prmdicit,
3651 3414 3811 3468 quam

2258 3484 2486 3547 subiere,
2519 3484 2639 3551 quia
2664 3498 2780 3538 eum
2807 3486 3023 3554 reliquis
3051 3485 3290 3541 hostibus
3316 3487 3621 3542 invaserunt
3645 3488 3814 3546 Israe-

2261 3571 2396 3625 litas.
2424 3572 2499 3626 De
2525 3571 2778 3626 Ecclesia.

2956 3698 3124 3739 JONAS.

2331 3795 2488 3850 Jonas
2524 3795 2778 3865 propheta
2817 3806 2992 3850 narrat
3020 3797 3192 3866 fugam
3234 3798 3286 3850 in
3325 3797 3560 3862 Tharsis,
3603 3807 3809 3870 tempe-

2263 3895 2471 3951 statem,
2497 3887 2801 3955 deglutitum
2827 3902 2883 3942 sc
2907 3902 2935 3940 a
2957 3897 3091 3950 ceto,
3115 3897 3170 3941 et
3188 3887 3429 3956 ejectum,
3451 3889 3815 3956 pmnitentiam

2263 3974 2629 4036 Ninivitarum.
2684 3986 2943 4030 servatam
2989 3976 3333 4041 cucurbitam,
3383 3987 3709 4033 crescentem
3763 3989 3817 4034 et

2264 4074 2567 4132 pereuntem
2597 4066 2981 4135 complectitur.

2911 4211 3166 4251 IICHASAS.

2337 4334 2586 4387 Futuram
2639 4333 3015 4388 desolationem
3071 4332 3318 4387 Samaria:
3374 4338 3428 4385 et
3481 4330 3820 4400 Jerosolymce

2269 4425 2522 4490 przedicit,
2554 4438 2869 4491 causamque
2897 4422 3093 4491 adjicit.
3124 4420 3399 4489 Subjungit
3440 4421 3598 4474 etiam
3637 4434 3818 4474 eorum

2270 4514 2492 4566 reditum
2520 4528 2583 4565 ex
2610 4513 2897 4582 Babylone,
2937 4513 3155 4565 crimina
3193 4519 3248 4564 et
3273 4511 3634 4565 accusationes
3675 4512 3821 4578 prin-

2273 4604 2445 4670 cipum
2483 4603 2660 4671 pepuli
2688 4612 2740 4656 et
2770 4602 3121 4664 sacerdotum,
3147 4610 3305 4668 atque
3343 4598 3824 4667 pseudOpropheta-

2273 4711 2407 4748 rum.
2445 4695 2515 4748 De
2544 4693 2776 4747 Ecclesia
2804 4693 3051 4747 credente
3090 4694 3142 4744 in
3183 4691 3457 4744 Dominum
3483 4699 3743 4753 nostrum,
3774 4698 3825 4742 et

2273 4784 2336 4838 de
2360 4783 2504 4836 Novo
2531 4783 2866 4836 Testamento
2894 4799 2906 4833 :
2931 4796 3050 4834 nam
3074 4782 3212 4848 prior
3229 4780 3308 4833 lex
3331 4779 3655 4847 prarteritura
3679 4789 3788 4832 erat
3811 4799 3821 4829 :

2275 4883 2326 4926 et
2367 4874 2431 4926 de
2478 4887 2622 4940 pace.
2671 4871 2799 4924 Mala
2845 4885 3052 4924 rursum
3097 4869 3293 4925 Judmis
3339 4868 3714 4937 praedicuntur.
3756 4868 3826 4920 Dc

2275 4961 2466 5014 Christi
2492 4961 2782 5014 secundum
2807 4975 3015 5012 carnem
3049 4961 3404 5027 generatione,
3442 4965 3495 5011 et
3532 4957 3600 5010 de
3641 4958 3705 5010 iis
3745 4958 3827 5024 qui

2279 5052 2328 5102 in
2358 5051 2523 5118 ipsum
2553 5050 2797 5102 credituri
2827 5059 2964 5102 sunt.
2999 5048 3063 5100 Et
3086 5050 3174 5100 erit
3196 5049 3445 5101 residuum
3464 5047 3623 5099 Iacob
3645 5046 3826 5114 (Miclt.

2279 5143 2328 5194 5.
2361 5142 2410 5209 7)
2446 5140 2618 5209 :quod
2647 5140 2718 5192 ait
2745 5139 2934 5191 Paulus
2975 5140 3263 5205 apostolus,
3295 5138 3440 5202 Quod
3481 5137 3711 5188 relictum
3745 5139 3828 5188 erit

2279 5233 2545 5284 salvabitur
2575 5230 2745 5297 (Rom.
2794 5229 2844 5281 9.
2884 5229 2995 5295 27).
3023 5228 3282 5282 Iudicium
3321 5226 3539 5280 Domino
3582 5224 3829 5277 adversus

2281 5322 2525 5389 populum
2554 5335 2727 5385 suum,
2754 5329 2808 5371 et
2837 5319 3209 5372 beneficiorqu
3235 5318 3348 5386 ejus
3371 5315 3721 5374 enumeratio,
3751 5331 3826 5368 re-

2343 5455 2358 5484 ί
2395 5452 2447 5500 1η
2493 5451 2610 5499 Edit.
2657 5458 2816 5508 nont.,
2864 5449 3108 5512 Raipltan,
3149 5448 3349 5511 legitur.
3393 5447 3448 5495 In
3479 5447 3710 5495 ltebraico
3747 5454 3831 5528 re:

2282 5546 2581 5605 exprimitur.
2608 5545 2917 5605 Hieronymus
2939 5553 3056 5591 vero
3073 5547 3247 5591 CIIION.
3286 5539 3530 5605 [the‘nezra‘
3553 5550 3746 5605 quoque
3767 5537 3830 5584 di-

2281 5597 2472 5653 cit'esse
2496 5611 2758 5658 Saturnum,
2783 5597 2837 5650 ut
2859 5602 3257 5662 Chrysostomas.‘
3284 5597 3334 5646 In
3370 5597 3473 5646 Act.
3506 5597 3832 5658 ApostOlorutn

2286 5668 2477 5729 legitur,
2502 5666 2550 5723 7,
2574 5665 2648 5724 43,
2675 5665 2810 5715 Sidus
2831 5663 2910 5713 dei
2932 5658 3072 5713 vestri
3097 5658 3367 5720 nemp/tam.
