3996 6412
149 389 257 445 383

149 488 310 550 λῶνος
339 488 682 558 ἀπορούντων
722 487 1034 554 ἐπιγνῶναι,
1058 488 1087 538 6
1119 487 1314 555 Δανιὴλ
1346 485 1572 550 ἐπέγνω,
1605 484 1698 535 καὶ

149 576 371 627 ἐπέλυσε
404 614 418 638 ,
452 574 542 625 καὶ
591 573 806 640 ἐνεδύθη
850 572 1132 641 πορφύραν
1158 611 1172 633 ,
1221 572 1311 622 καὶ
1374 570 1700 638 περιέθηκαν

150 660 292 727 αύτῷ
324 658 592 727 μανιάκην
622 658 871 726 χρυσοῦν,
905 659 996 709 καὶ
1046 656 1313 725 ἐκήρυξαν
1343 656 1500 706 αὐτὸν
1525 654 1701 721 τρίτον

151 746 380 813 ἄρχοντα
406 741 542 795 εἶναι
570 745 625 794 ἐν
676 745 741 810 τῇ
789 742 1048 809 βασιλείᾳ.
1077 741 1404 801 Βασιλεύσας
1435 741 1649 808 Δαρεῖος
1676 740 1703 789 6

154 831 349 898 Μῆδος,
395 831 490 880 καὶ
527 830 866 897 καταστήσας
906 828 1134 898 ἄρχοντα
1174 828 1260 877 τὸν
1292 826 1504 894 Δανιὴλ,
1535 827 1702 890 ἀναγ-

156 917 373 978 κάζεται
403 916 504 966 ὑπὸ
532 915 637 964 τῶν
670 914 938 964 τακτικῶν
965 913 1057 964 καὶ
1089 911 1374 980 σατραπῶν
1397 911 1567 978 δόγμα
1605 927 1704 960 κυ-

156 1003 341 1071 ρῶσαι,
371 1001 509 1051 ὥστε
556 1000 646 1051 τὸν
696 999 944 1050 αἰτοῦντα
990 998 1138 1064 παρὰ
1191 995 1473 1065 ἀνθρώπου
1518 996 1550 1062 ἢ
1584 994 1703 1044 θεοῦ

155 1092 388 1158 αἴτημα,
421 1089 558 1158 πλὴν
600 1087 747 1157 παρὰ
789 1086 879 1138 τοῦ
925 1085 1215 1152 βασιλέως,
1246 1085 1373 1136 εἴσω
1419 1083 1708 1150 τριάκοντα.

153 1176 392 1246 ἡμερῶν,
427 1175 755 1243 ἐμϐληθῆναι
788 1174 864 1233 είς
895 1172 983 1222 τὸν
1012 1169 1160 1240 [589]
1194 1169 1391 1222 λάκκον
1430 1168 1533 1220 τῶν
1561 1169 1706 1219 λεόν-

153 1265 276 1316 τῶν.
328 1265 434 1315 Καὶ
495 1262 682 1313 τούτου
737 1259 1058 1327 γενομένου,
1094 1259 1572 1326 παρατηρήσαντες
1619 1255 1709 1306 τὸν

153 1352 343 1420 Δανιὴλ
395 1349 680 1417 εὐχόμενον
723 1346 799 1414 τῷ
855 1345 1004 1412 Θεῷ,
1055 1343 1422 1401 διαϐάλλουσι,
1462 1343 1553 1393 καὶ
1583 1358 1711 1393 κατ-

154 1438 512 1507 αναγκάζουσι
536 1436 623 1487 τὸν
647 1433 866 1503 βασιλέα
890 1431 1146 1500 ἐμϐαλεῖν
1174 1431 1330 1481 αὑτὸν
1361 1431 1435 1490 είς
1468 1429 1556 1480 τὸν
1580 1429 1710 1487 λάκ-

155 1543 266 1579 κον.
312 1521 589 1592 Ἐμϐαλὼν
621 1521 676 1572 δὲ
694 1559 706 1582 ,
733 1519 824 1572 καὶ
854 1517 1160 1586 προσελθὼν
1182 1557 1195 1579 ,
1224 1517 1316 1568 καὶ
1351 1515 1486 1567 σῶον
1515 1515 1708 1583 εὑρὼν,

153 1613 240 1662 τὸν
278 1611 373 1680 μὲν
402 1609 640 1678 ἀνήγαγε
671 1604 761 1656 τοῦ
791 1604 992 1654 λάκκου
1018 1642 1027 1660 ,
1062 1603 1186 1663 τοὺς
1215 1601 1269 1651 δέ
1301 1599 1588 1668 βάλλοντας
1617 1601 1712 1651 αὐ-

155 1699 241 1750 τὸν
286 1697 419 1765 μετὰ
465 1693 572 1746 τῶν
625 1690 893 1759 γυναικῶν
928 1688 1170 1741 ἀπώλεσε
1198 1689 1308 1749 τοῖς
1329 1686 1505 1738 λέουσι
1537 1703 1713 1754 παρα-

155 1785 296 1846 δούς.
326 1784 432 1834 Καὶ⁸
467 1781 638 1848 δόγμα
673 1778 850 1847 ἔθηκε,
893 1775 1095 1835 πάντας
1131 1773 1406 1840 φοϐεῖσθαι
1441 1772 1528 1823 τὸν
1564 1772 1711 1823 Θεόν.

167 1872 300 1940 ’0ρᾷ
322 1869 417 1936 τὴν
446 1868 629 1934 ὅρασιν
655 1863 758 1914 τῶν
789 1862 1008 1931 θηρίων,
1032 1861 1116 1910 διὰ
1146 1860 1240 1927 μὲν
1267 1860 1363 1926 τῆς
1381 1858 1715 1927 λεαίνης.τὴν

173 1953 475 2024 Ἀσσυρίων
509 1947 894 2020 βασιλείαν,διά
931 1947 987 1997 δέ
1021 1947 1118 2013 τῆς
1151 1945 1490 2014 ἄρκτου,τῶν
1522 1945 1717 2012 Μήδων

161 2044 248 2095 καὶ
309 2039 561 2108 Περσῶν,
602 2035 688 2088 διὰ
717 2035 771 2087 δέ
821 2034 916 2102 τῆς
969 2032 1300 2101 παρδάλεως,
1335 2032 1440 2082 τῶν
1481 2029 1719 2082 Μακεδό-

161 2148 285 2189 νων,
341 2126 428 2178 διά
480 2125 534 2176 δὲ
573 2122 664 2175 τοῦ
715 2122 970 2189 τετάρτου
1014 2119 1199 2187 θηρίου
1224 2158 1236 2180 ,
1274 2118 1378 2169 τῶν
1417 2116 1715 2184 Ῥωμαίων.

163 2212 496 2285 Προφήτεύει
525 2209 579 2261 δέ
614 2208 704 2259 καὶ
735 2207 858 2273 περὶ
886 2204 976 2256 τοῦ
1015 2202 1245 2272 Χριστοῦ
1265 2242 1280 2267 ,
1319 2203 1410 2253 καὶ
1440 2203 1564 2270 περὶ
1605 2203 1720 2252 Ἀν-

161 2302 335 2368 τιοχου
371 2295 463 2347 τοῦ
487 2294 730 2353 ἀσεϐοῦς.
760 2285 923 2352 Οὗτος
963 2292 1068 2358 γάρ
1108 2291 1219 2340 ἐστι
1257 2288 1318 2339 τὸ
1361 2287 1523 2355 κέρας
1551 2287 1606 2338 τὸ
1635 2306 1721 2354 μι-

163 2382 308 2449 κρὸν,
345 2379 404 2430 τὸ
438 2373 718 2436 ἐκτινάξαν
747 2373 871 2441 τρία
903 2372 1008 2423 τῶν
1041 2369 1363 2439 ἔμπροσθεν.
1385 2368 1719 2437 Προφητεύει

165 2463 276 2523 πῶς
317 2457 660 2525 Ἀλέξανδρος
693 2458 718 2508 6
745 2454 998 2507 Μακεδὼν
1024 2454 1283 2505 κατέλυσε
1314 2452 1409 2517 τὴν
1449 2451 1722 2517 βασιλείαν

165 2543 385 2613 Περσῶν
416 2559 428 2571 ’
463 2539 552 2591 τὸν
580 2539 674 2608 μὲν
704 2537 851 2606 κριὸν
890 2539 978 2587 τὸν
1014 2535 1233 2604 βασιλέα
1268 2533 1489 2600 Περσῶν
1527 2533 1718 2598 λέγων,

163 2632 250 2681 τὸν
302 2631 358 2681 δὲ
414 2628 613 2696 τράγον
677 2623 1018 2691 Ἀλέξανδρον
1064 2622 1154 2672 τὸν
1193 2621 1495 2672 Μακεδόνα.
1557 2620 1619 2670 Ἰῐ
1667 2620 1722 2670 δὲ

162 2718 363 2786 ἐσχάτη
395 2718 582 2784 ὅρασις
614 2712 865 2770 ἐνταῦθα,
915 2711 1040 2779 περὶ
1080 2709 1178 2777 τῆς
1231 2708 1543 2777 βασιλίσσης
1573 2709 1721 2759 νότου

165 2806 324 2872 φησὶν
356 2804 413 2853 ἐν
443 2799 519 2867 τῷ
563 2799 749 2867 βιϐλίῳ
794 2797 899 2849 τῶν
947 2795 1314 2849 Μακκαϐαίων
1360 2795 1719 2863 εὑρίσκεσθαι.

163 2890 264 2941 Τὸν
318 2889 427 2956 Βὴλ
473 2887 743 2953 κατασπᾷ,
791 2885 882 2936 καὶ
911 2883 999 2933 τὸν
1049 2882 1314 2950 δράκοντα
1362 2883 1609 2949 ἀναιρεῖ·
1646 2883 1724 2943 εἰς

163 2976 250 3027 τδν
283 2976 484 3028 λάκκον
511 2973 832 3041 ἐμϐάλλεται
863 2970 955 3022 καλ⁹
989 2968 1326 3032 διασώζεται,
1354 2968 1445 3020 καὶ
1486 2969 1533 3019 οἱ
1565 2969 1724 3021 αἴτιοι

164 3063 254 3115 τοῦ
286 3061 620 3132 ἐμϐληθῆναι
649 3059 808 3111 αὑτὸν
838 3056 1192 3128 ἐμϐάλλονται
1228 3056 1318 3109 καὶ
1351 3055 1726 3108 ἀναλίσκονται

168 3149 270 3201 ὑπὸ
299 3148 407 3201 τῶν
433 3148 679 3199 λεόντων.

857 3237 1048 3304 Ὡσηέ.

234 3339 528 3393 Κελεύεται
571 3337 752 3389 λαϐεῖν
783 3338 1014 3403 γυναῖκα
1063 3334 1284 3402 πόρνην,
1319 3333 1410 3384 καὶ
1451 3333 1518 3384 τά
1551 3334 1726 3385 τικτό-

171 3441 304 3491 μενα
359 3420 544 3473 παιδία
595 3417 852 3486 ὀνομάσαι
894 3413 1163 3481 Ἰεζραὴλ,
1208 3417 1327 3466 Οὐκ
1369 3415 1728 3480 ὴλεημένην,

169 3505 260 3556 καὶ
294 3505 374 3556 Οὐ
402 3502 550 3563 λαός
588 3517 725 3566 μου.
769 3499 875 3550 Καὶ
910 3497 1128 3563 ἐγκαλεῖ
1160 3495 1234 3565 τῷ
1287 3495 1396 3562 λαῷ
1443 3496 1727 3564 πορνείαν⁹

170 3589 258 3638 καὶ
285 3583 538 3653 προλέγει
561 3582 706 3648 αὐτῷ
732 3579 1022 3639 ἀπώλειαν,
1055 3579 1144 3629 καὶ
1175 3575 1428 3645 χρήματά
1448 3593 1564 3626 τινα
1596 3577 1733 3644 μετὰ

167 3668 262 3735 τὴν
305 3663 604 3717 ἀπώλειαν.
653 3662 724 3712 Τδ
774 3661 848 3722 δὲ,
879 3659 1237 3726 Διαθήοίομαι
1274 3657 1564 3722 διαθήκην
1584 3659 1732 3723 μετὰ

168 3746 281 3798 τῶν
318 3745 539 3810 θηρίων⁴
565 3741 668 3794 τοῦ
702 3741 911 3806 ἀγροῦ,
941 3741 1032 3791 καὶ
1061 3739 1511 3806 μνηστεύσομαι
1541 3737 1609 3788 ἐν
1641 3739 1734 3788 :zl-

169 3843 316 3886 στει,
352 3826 572 3877 δύναται
619 3822 986 3890 λαμϐάνεσθαι
1014 3822 1090 3882 είς
1121 3821 1246 3881 τοὺς
1277 3818 1626 3879 πιστεύοντας
1660 3817 1734 3886 τῷ

168 3906 406 3977 Χριστῷ.
461 3904 862 3973 Προστάσσεται
910 3901 1090 3952 λαϐεῖν
1144 3901 1373 3967 γυναῖκα
1436 3899 1731 3967 μοιχαλίδα,

174 3989 390 4057 μηνύων
446 3987 542 4053 τὴν
595 3986 867 4054 ἐρήμωσιν
920 3983 1024 4033 τῶν
1065 3981 1348 4044 Ἰουδαίων,
1379 3981 1468 4032 καὶ
1519 3981 1736 4048 ἐγκαλεῖ

169 4071 348 4130 αὐτοῖς
387 4064 554 4118 πολλὰ
586 4068 677 4116 καὶ
717 4064 922 4131 μεγάλα
962 4064 1347 4133 ἁμαρτήματα,
1379 4060 1454 4130 τῷ
1509 4079 1568 4113 τε
1623 4061 1734 4130 λαῷ

172 4152 390 4211 καὶτοῖς
425 4146 646 4217 ἱερεῦσι.
687 4145 968 4197 Διαϐάλλει
1010 4163 1066 4196 τε
1097 4146 1290 4205 αὐτοὺς
1313 4145 1405 4194 καὶ
1437 4145 1515 4204 είς
1545 4144 1732 4212 μέθην,

171 4235 262 4287 καὶ
299 4235 380 4294 είς
423 4230 685 4299 μοιχείαν,
729 4231 820 4279 καὶ
871 4230 947 4289 εἰς
993 4227 1178 4295 θυμόν.
1221 4226 1469 4292 Ἐγκαλεῖ
1509 4226 1588 4276 ὅτι
1639 4225 1735 4294 τὴν

175 4315 360 4367 ελπίδα
411 4312 518 4365 ἀπὺ
545 4310 637 4363 τοῦ
685 4310 816 4361 Θεοῦ
845 4310 1261 4376 μεταγαγόντες,
1303 4309 1392 4360 ἐπὶ
1426 4309 1737 4375 Ἀσσυρίους

174 4397 419 4468 ἤλπιζον,
471 4393 564 4446 καὶ
609 4391 924 4457 Αίγυπτίοις
980 4391 1260 4460 ἐθάρρουν.
1318 4391 1424 4442 Καὶ
1484 4390 1737 4460 προλέγει

174 4481 353 4540 αὐτοῖς
375 4475 662 4545 τιμωρίας.
682 4473 839 4538 Λέγει
857 4473 934 4523 ὅτι
952 4473 1036 4523 διὰ
1051 4472 1109 4522 τὸ
1131 4471 1435 4540 βοηθεῖσθαι
1455 4472 1740 4539 γενόμενος

177 4560 393 4630 ίσχυρός
427 4561 454 4610 6
505 4555 759 4624 Ἐφραῖμ,
793 4555 888 4607 οὐκ
912 4555 986 4615 είς
1016 4553 1129 4604 δέον
1157 4554 1422 4623 ἐχρήσατο
1448 4555 1510 4618 τῇ
1533 4553 1738 4620 εύπρα-

173 4645 284 4712 γίᾳ.
305 4641 585 4692 Δείκνυσιν
608 4639 635 4687 6
659 4636 787 4695 Θεὸς
815 4635 912 4702 τήν
941 4650 997 4684 τε
1034 4634 1220 4685 ἐαυτοῦ
1250 4634 1375 4702 περὶ
1404 4634 1527 4694 τοὺς
1565 4634 1739 4701 Ἰσρα-

173 4724 359 4792 ηλίτας
412 4717 770 4786 κηδεμονίαν,
819 4715 910 4766 καὶ
966 4715 1060 4781 τὴν
1124 4715 1342 4766 ἐκείνων
1402 4715 1528 4783 περὶ
1583 4716 1741 4766 αὑτὸν

174 4799 564 4872 ἀγνωμοσύνην
587 4814 598 4826 ⁸
628 4799 718 4850 καὶ
741 4796 991 4866 προλέγει
1026 4797 1206 4857 αὐτοῖς
1240 4797 1538 4864 συμφοράς.

851 4903 1072 4967 Ἰωήλ’.

245 5001 550 5072 Διαφθοράν
578 5000 722 5066 λέγει
746 4999 849 5050 τῶν
871 4998 967 5065 τῆς
1002 4996 1104 5064 γῆς
1142 4997 1389 5066 καρπῶν,
1420 4997 1510 5048 καὶ
1543 5015 1744 5066 παραι-

179 5092 255 5140 νεῖ
284 5083 669 5152 ἐξιλεώσασθαι
696 5081 784 5132 τὸν
811 5081 959 5132 Θεόν.
986 5080 1095 5149 Τὴν
1128 5079 1310 5131 ἄνοδον
1331 5078 1421 5131 τοῦ
1461 5080 1744 5148 Ἀσσυρίου

181 5173 461 5243 προλέγει·
523 5163 856 5235 προφητεύει
895 5162 948 5213 δέ
999 5163 1091 5214 καὶ
1143 5161 1279 5230 μετὰ
1322 5162 1491 5214 ταῦτα
1539 5163 1749 5229 χρηστά

178 5242 314 5306 τινα.
358 5252 431 5303 Τὸ
478 5246 688 5317 συμϐὰν
731 5243 955 5296 ἐπὶτῶν
987 5243 1298 5295 ἀποστόλων
1345 5244 1403 5294 τὸ
1441 5243 1545 5294 τῶν
1577 5242 1749 5308 γλωσ-

183 5336 286 5387 σῶν
313 5332 590 5402 προλέγει.
611 5325 944 5397 Προφήτεύει
965 5325 1019 5375 δέ
1042 5325 1133 5375 καὶ
1153 5325 1257 5376 τῶν
1284 5325 1449 5377 ἐθνῶν
1481 5324 1750 5376 ἀπώλειαν

180 5418 272 5486 τὴν
296 5413 592 5482 γενομένην
628 5408 764 5478 μετά
802 5407 895 5476 τὴν
931 5405 1184 5458 ἐπάνοδον
1210 5407 1306 5475 τὴν
1337 5408 1400 5458 ἐκ
1439 5406 1752 5466 Βαϐυλῶνος

183 5497 270 5549 ἐπὶ
298 5492 621 5565 Ζοροϐάϐελ.
653 5491 801 5558 Ἔχει
840 5489 894 5540 δέ
938 5488 1030 5539 καὶ
1071 5487 1392 5559 ἀλληγορίαν
1437 5489 1495 5539 τὸ
1558 5489 1752 5556 χωρίον

183 5597 334 5632 τουτο

241 5727 261 5748 ⁹
283 5727 337 5778 In
357 5740 473 5778 mss.
503 5726 631 5776 male
669 5725 839 5788 Ἀμώς.

1188 370 1519 431 SYNOPSIS
1559 367 1969 426 SCRIPTUBE
2008 369 2277 427 SACIUE.

2475 485 2646 552 Ἀμώς
2673 496 2710 536 ⁸.

1873 563 2016 634 [590]
2047 566 2155 626 Τάς
2173 565 2397 634 ἀνομίας
2426 567 2731 634 Δαμασκοῦ,
2761 567 2954 635 Γάζης,
2981 565 3178 635 Τύρου,
3198 565 3359 615 Ἰδου-

1807 645 1998 712 μαίων,
2046 647 2407 714 Ἀμμανιτῶν,
2441 647 2764 707 Μωαϐιτῶν,
2815 648 2981 700 Ἰούδα
3021 648 3112 698 καὶ
3150 645 3361 713 Ἰσραὴλ

1804 725 2071 793 προλέγει,
2102 727 2194 776 καὶ
2223 727 2319 787 τὰς
2341 727 2712 794 διαδεξομένας
2739 729 2932 788 αὐτοὺς
2959 726 3360 795 τιμωρίας.¹Γάς

1804 806 2114 874 εὐεργεσίας
2137 807 2232 867 τὰς
2259 809 2337 868 είς
2362 810 2486 869 τοὺς
2519 809 2797 869 Ἰουδαίους
2819 810 3111 875 γενομένας
3139 809 3240 858 ὑπὸ
3267 807 3360 858 τοῦ

1804 892 1936 944 Θεοῦ
1991 894 2395 962 ἁπαριθμεῖται,
2428 897 2520 947 καὶ
2568 897 2662 966 τὴν
2728 897 2902 948 αὐτῶν
2948 897 3229 964 ὀλιγωρίαν
3270 897 3362 948 καὶ

1807 976 2218 1044 καταφρόνησιν,
2251 979 2343 1029 καὶ
2384 978 2448 1029 τὰ
2485 979 2843 1047 περιμένοντα
2894 981 3088 1042 αὐτοὺς
3134 979 3358 1047 χαλεπά.

1807 1057 1948 1123 Πρὸς
1985 1058 2080 1118 τὰς
2129 1062 2388 1123 γυναῖκας
2420 1059 2520 1126 τῆς
2569 1061 2873 1128 Σαμαρείας
2912 1063 2988 1122 είς
3050 1061 3236 1128 μέθην,
3286 1063 3364 1119 είς

1809 1139 2058 1206 ἁρπαγὴν
2089 1139 2381 1192 διαϐάλλων
2439 1142 2710 1209 προλέγει.
2760 1143 3015 1210 Προλέγει
3065 1143 3215 1211 λιμὸν
3273 1143 3366 1193 καὶ

1807 1221 2042 1271 διάλυσιν
2071 1221 2154 1272 διὰ
2178 1223 2235 1273 τὸ
2259 1224 2664 1292 ἀνεπίστροιρον,
2704 1227 2794 1276 καὶ
2824 1227 2901 1277 ὅτι
2927 1225 3089 1277 πολλὰ
3136 1225 3364 1292 πληγέν-

1808 1319 1915 1364 τες,
1950 1303 2044 1353 ούκ
2071 1305 2315 1369 ἐγένοντο
2341 1307 2596 1373 βελτίους.
2643 1309 2889 1374 Ἐγκαλεῖ
2914 1308 2988 1376 τῷ
3019 1307 3246 1376 Ἰσραὴλ,
3287 1307 3367 1358 ὅτι

1812 1383 1941 1449 πρὸς
1966 1385 2088 1444 τοὺς
2112 1385 2425 1453 ἐλέγχοντας
2455 1389 2647 1450 αὐτοὺς
2691 1390 3081 1458 ἐδυσχέραινον,
3115 1390 3202 1440 καὶ
3234 1405 3368 1457 παρ-

1811 1468 1948 1516 αινεῖ
1999 1468 2318 1535 ἐπιστρέψαι
2376 1471 2507 1538 πρὸς
2559 1473 2647 1521 τὸν
2700 1473 2849 1525 θεόν.
2903 1473 3136 1523 ’Λπειλεῖ
3184 1472 3239 1522 δὲ
3279 1473 3371 1524 καὶ.

1811 1550 1920 1608 τοῖς
1953 1548 2254 1610 ἀπιστοῦσι,
2278 1547 2380 1601 ’ὅτι
2422 1552 2540 1618 ἥξει
2571 1552 2639 1602 τὰ
2680 1555 2842 1605 κακά.
2896 1555 3029 1622 Περὶ
3062 1554 3236 1604 αὐτῶν
3265 1553 3370 1619 γάρ

1815 1645 1974 1696 φησιν
1997 1646 2007 1656 ·
2032 1631 2171 1681 Οὐαὶ
2204 1634 2255 1682 οἱ
2276 1631 2699 1698 ἐπιθυμοῦντες
2726 1633 2837 1699 τὴν
2871 1635 3094 1702 ἡμέραν
3129 1636 3369 1700 Κυρίου.

1815 1711 1965 1771 Τινές
1988 1711 2041 1761 δέ
2066 1712 2190 1762 αὐτὸ
2219 1713 2464 1773 ἐξέλαϐον
2493 1717 2570 1775 είς
2608 1716 2702 1784 τὴν
2728 1717 3019 1784 μέλλουσαν
3056 1718 3231 1784 κρίσιν
3258 1733 3269 1745 ⁸
3299 1716 3371 1775 ὡς

1816 1791 1909 1842 καὶ
1931 1793 1956 1829 b
1990 1791 2083 1844 νῦν
2108 1793 2214 1843 τῶν
2253 1796 2491 1846 ἀπίστων
2533 1797 2813 1862 λεγόντων,
2847 1801 2926 1850 ὅτι
2958 1801 3054 1850 οὐκ
3088 1799 3235 1850 ἔσται
3263 1799 3375 1868 κρί-

1819 1891 1928 1934 σις·
1980 1878 2028 1926 εἰ
2082 1876 2137 1926 δέ
2170 1879 2343 1936 ἐστιν,
2393 1877 2606 1931 ἐλθέτω.
2650 1880 2978 1948 Παραίτησις
3023 1881 3128 1932 τῶν
3179 1879 3374 1949 ἑορτῶν

1820 1955 2013 2016 αὐτῶν,
2062 1958 2152 2008 καὶ
2193 1959 2298 2010 τῶν
2351 1959 2547 2011 θυσιῶν
2603 1963 2695 2012 καὶ
2757 1961 3087 2031 ψαλτηρίων.
3147 1964 3376 2029 ’Ἀστρον

1820 2037 1938 2088 θεοῦ
1983 2038 2182 2104 Ῥαφὰν
2226 2040 2314 2090 τὸν
2359 2041 2561 2108 Κρόνον
2591 2042 2763 2107 λέγει·
2809 2043 2992 2111 ἐπειδὴ
3043 2044 3089 2093 οί
3123 2043 3377 2109 Ἕλληνες

1817 2117 1893 2185 τῷ
1913 2117 2016 2185 θεῷ
2043 2119 2215 2170 αὐτῶν
2265 2122 2452 2189 Κρόνῳ
2500 2124 2591 2174 καὶ
2631 2125 2825 2193 ἄστρον
2856 2120 2990 2175 εἷναί
3018 2140 3178 2190 φασιν
3211 2125 3264 2172 ἐν
3294 2123 3380 2173 ού-

1823 2200 1986 2268 ρανῷ,
2012 2202 2101 2251 καὶ
2129 2201 2257 2252 αὐτὸ
2284 2204 2486 2274 Κρόνον
2531 2205 2770 2256 καλοῦσι.
2801 2205 2958 2271 Λέγει
2997 2205 3072 2266 δὲ,
3107 2205 3200 2268 Μὴ
3237 2203 3382 2271 σφά-

1820 2298 1914 2347 για
1946 2281 2041 2334 καὶ
2095 2285 2308 2347 θυσίας
2351 2286 2797 2353 προσηνέγκατέ
2824 2305 2922 2354 μοι
2954 2287 3054 2351 ἓτη
3102 2284 3384 2350 τεσσαρὰ-

1820 2379 2032 2426 aco-Vra;
2059 2364 2189 2415 Ούδέ
2233 2366 2338 2434 γὰρ
2368 2371 2732 2435 προσήνεγκεν
2762 2371 2788 2418 ὁ
2820 2369 3018 2436 δῆμος,
3052 2369 3182 2419 ἀλλὰ
3237 2369 3380 2434 μόνοι

1821 2446 1868 2496 οἱ
1903 2445 2174 2514 ἄρχοντες,
2205 2448 2290 2497 ὅτε
2330 2448 2455 2515 έστη
2500 2451 2532 2516 ή
2578 2450 2768 2517 σκηνή.
2815 2448 3077 2501 Ἐνταῦθα
3135 2449 3201 2501 τὰ
3259 2451 3383 2515 περὶ

1824 2528 2021 2588 παντὸς
2053 2529 2143 2578 τοῦ
2176 2529 2302 2580 λαοῦ
2337 2530 2501 2596 λέγει.
2540 2531 2821 2581 Διαϐάλλει
2855 2532 2907 2582 δὲ
2941 2533 3136 2592 αὐτοὺς
3171 2531 3262 2581 καὶ
3304 2533 3383 2590 εἰς

1823 2609 2055 2679 ἄμετρον
2089 2610 2311 2678 τροφὴν,
2345 2614 2435 2662 καὶ
2471 2612 2719 2679 προλέγει
2749 2614 2928 2673 αὐτοῖς
2958 2613 3256 2680 συμφοράς.
3287 2613 3384 2662 Διά

1823 2691 1928 2742 τῶν
1961 2691 2212 2760 ἀκρίδων,
2242 2694 2332 2743 καὶ
2362 2694 2456 2761 τῆς
2487 2693 2767 2762 διαθήκης,
2800 2696 2890 2745 καὶ
2927 2695 3019 2745 τοῦ
3059 2695 3379 2762 ἀδάμαντος,

1824 2789 1922 2841 την
1959 2791 2166 2843 σιραγην
2194 2793 2367 2827 αυτων
2393 2793 2738 2844 προφητεύει,
2765 2795 2855 2828 και
2877 2777 3120 2844 δηλωσας
3159 2779 3383 2845 Ἀμεσιᾳ

1825 2856 1903 2926 τῷ
1936 2855 2141 2925 βασιλεῖ
2187 2857 2376 2918 ταῦτα,
2412 2856 2649 2924 βιάζεται
2680 2859 2767 2908 τὸν
2798 2860 3077 2928 προφήτην
3115 2859 3207 2910 καὶ
3255 2861 3386 2910 άπε-

1826 2937 2024 2990 λαύνει.
2062 2940 2117 2991 Ὀ
2149 2940 2202 2991 δέ
2237 2941 2328 2992 καὶ
2364 2939 2507 3008 αύτῷ
2543 2939 2790 3008 προλέγει
2828 2941 2969 2991 κακὰ
3016 2941 3106 2992 καὶ
3138 2942 3213 3008 τῷ
3253 2941 3383 3009 λαῷ.

1827 3022 1935 3073 Καὶ
1962 3023 2061 3090 ὁρᾷ
2088 3021 2249 3086 ἄγγος
2286 3021 2510 3082 ίξευτοῦ,
2541 3022 2633 3072 καὶ
2676 3021 2759 3073 διὰ
2791 3022 2978 3072 τούτου
3003 3022 3099 3090 τὴν
3132 3023 3387 3089 σύλληψιν

1829 3103 2021 3154 αὐτῶν.
2068 3102 2176 3162 Τάς
2206 3102 2413 3163 ἀδικίας
2446 3102 2618 3153 αὐτῶν
2657 3104 2748 3153 καὶ
2783 3104 2877 3164 τὰς
2911 3104 3029 3170 βίας
3067 3105 3389 3173 ἀπαριθμεῖ-

1829 3203 1936 3244 ται,
1971 3185 2060 3235 καὶ
2101 3183 2164 3234 τά
2216 3183 2471 3250 μέλλοντα
2507 3183 2836 3246 διαδέξεσθαι
2871 3186 3064 3247 αὐτοὺς
3112 3188 3273 3238 κακά.
3318 3185 3389 3236 Τὸ

1829 3267 1902 3328 δὲ,
1927 3267 2172 3318 Δύσεται
2203 3266 2370 3330 ἣλιος
2403 3267 2790 3331 ινιεσημϐρίας,
2831 3267 2909 3327 είς
2951 3267 3042 3317 τὸν
3071 3268 3258 3334 καιρὸν
3297 3265 3389 3316 τοῦ

1831 3347 2031 3408 πάθους
2057 3347 2149 3398 τοῦ
2189 3347 2421 3414 Χριστοῦ
2455 3347 2723 3415 προλέγει.
2765 3349 2895 3416 Περὶ
2923 3347 3027 3399 τῶν
3062 3350 3139 3408 εἰς
3161 3346 3391 3416 Χριστὸν

1832 3429 2188 3480 πιστευόντων
2216 3428 2485 3498 προλέγει.

2471 3511 2690 3563 Ἁϐδιού
2718 3523 2762 3563 ε.

1902 3592 2010 3661 Τὴν
2040 3592 2306 3659 τιμωρίαν
2341 3592 2444 3643 τῶν
2482 3593 2783 3659 Ἰδουμαίων
2819 3592 3103 3661 προλέγει,
3149 3593 3212 3661 ἢν
3267 3593 3394 3643 ὑπέ-

1837 3691 2036 3740 στησαν
2075 3674 2159 3724 διὰ
2200 3674 2258 3724 τὸ
2304 3672 2680 3724 συνεπιθέσθαι
2710 3676 2824 3736 τοῖς
2863 3675 3222 3742 Ἰσραηλίταις
3260 3675 3396 3743 μετά

1836 3754 1926 3805 καὶ
1946 3754 2049 3805 τῶν
2082 3755 2280 3807 λοιπῶν
2312 3756 2600 3826 πολεμίων.
2636 3758 2767 3826 Περὶ
2811 3757 3149 3824 Ἐκκλησίας.

2510 3838 2719 3902 Ἰωνᾶς.

1918 3919 2095 3980 Ἰωνᾶς
2139 3919 2165 3969 6
2220 3921 2499 3988 προφήτης
2531 3921 2627 3982 τὴν
2672 3923 2748 3981 είς
2781 3921 3008 3990 Θαρσεῖς
3056 3921 3268 3992 φυγὴν,
3307 3921 3398 3972 τὸν

1837 4000 2099 4063 κλύδωνα,
2135 4001 2231 4068 τὴν
2271 4001 2370 4051 ὑπὸ
2419 4001 2511 4052 τοῦ
2551 4004 2746 4069 κήτους
2794 4005 3108 4067 κατάποσιν,
3165 4006 3254 4056 καὶ
3301 4006 3398 4071 τὴν

1837 4083 2079 4151 ἐκϐολὴν,
2117 4083 2212 4150 τὴν
2239 4084 2518 4150 μετάνοιαν
2536 4084 2640 4135 τῶν
2667 4084 2979 4145 Νινευῖτῶν,
3010 4085 3106 4154 τὴν
3130 4086 3399 4154 σωτηρίαν

1837 4167 1935 4232 τῆς
1979 4163 2323 4232 κολοκύνθης,
2374 4165 2471 4232 τὴν
2519 4165 2786 4228 ἀνάδοσιν,
2835 4166 2927 4218 καὶ
2976 4167 3072 4236 τὴν
3127 4168 3399 4219 ἀπώλειαν

1839 4246 2104 4316 περιέχει.

2476 4331 2732 4397 Μιχαίας
2773 4331 2820 4381 ει.

1910 4412 2016 4481 Τήν
2038 4412 2298 4481 ἐσομένην
2319 4413 2592 4481 ἐρήμωσιν
2628 4415 2936 4484 Σαμαρείας
2952 4416 3043 4467 καὶ
3058 4413 3403 4485 Ἰερουσαλὴμ

1841 4495 2111 4564 προλέγει,
2135 4496 2225 4546 καὶ
2259 4493 2353 4562 τὴν
2385 4494 2561 4545 αἰτίαν
2587 4498 2922 4564 προστίθησι.
2956 4497 3100 4566 [591]
3138 4499 3402 4549 Συνάπτει

1841 4576 1895 4627 δὲ
1918 4575 2008 4628 καὶ
2047 4575 2140 4644 τήν
2177 4575 2355 4627 ἄνοδον
2383 4576 2556 4626 αὐτῶν
2586 4579 2679 4644 τήν
2715 4578 2776 4628 ἐκ
2822 4580 3151 4640 Βαϐυλῶνος,
3207 4567 3404 4647 ἐγκλή-

1848 4675 2008 4725 ματα,
2045 4658 2372 4726 κατηγορίας
2419 4658 2525 4708 τῶν
2564 4659 2834 4726 ἀρχόντων
2879 4661 2969 4711 τοῦ
3015 4661 3139 4712 λαοῦ
3176 4662 3402 4714 καὶτῶν

1848 4741 2051 4809 ἱερέων,
2106 4740 2195 4791 καὶ
2233 4741 2704 4809 ψευδοπροφητῶν.
2756 4744 2887 4811 Περὶ
2941 4744 3034 4812 τῆς
3086 4745 3402 4812 Ἐκκλησίας

1845 4823 1941 4889 τῆς
1971 4821 2325 4888 πιστευούσης
2365 4823 2440 4883 εἰς
2471 4823 2560 4873 τὸν
2595 4824 2792 4891 Κύριον
2814 4825 2988 4893 ἡμῶν,
3026 4827 3117 4877 καὶ
3145 4827 3267 4894 περὶ
3305 4826 3404 4893 τῆς

1847 4904 1985 4963 Νέας
2003 4901 2289 4970 Διαθήκης.
2310 4903 2364 4953 Ὀ
2381 4903 2487 4971 γάρ
2505 4905 2763 4974 πρότερος
2784 4907 2942 4973 νόμος
2965 4909 3136 4958 ἐκεῖνα
3151 4906 3332 4973 ἐξῆλθε
3357 4917 3401 4943 θ’

1848 4988 1938 5037 καὶ
1967 4985 2093 5052 περὶ
2126 4985 2222 5052 τῆς
2245 4986 2476 5053 εἰρήνης.
2507 4988 2613 5037 Καὶ
2641 4988 2783 5039 κακὰ
2824 4990 2979 5040 πάλιν
3002 4993 3109 5050 τοῖς
3139 4989 3402 5050 Ἰουδαίοις

1850 5067 2187 5136 προλέγεται.
2231 5067 2362 5133 Περὶ
2395 5070 2491 5136 τῆς
2521 5070 2659 5120 κατὰ
2689 5072 2862 5137 σάρκα
2884 5071 2974 5121 τοῦ
3021 5071 3249 5137 Χριστοῦ
3282 5088 3406 5137 γεν-

1848 5152 2072 5217 νήσεως,
2125 5149 2219 5199 καὶ
2254 5151 2378 5218 περὶ
2433 5149 2532 5200 τῶν
2576 5153 2652 5211 είς
2702 5151 2859 5201 αὑτὸν
2891 5153 3264 5204 πιστευόντων.
3301 5152 3406 5204 Καὶ

1850 5231 2016 5282 ἔσται
2047 5229 2110 5279 τὸ
2140 5231 2473 5299 ὑπόλειμμα
2512 5232 2616 5283 τοῦ
2651 5232 2879 5284 Ἰακώϐ·
2916 5231 2942 5281 ὃ
2981 5233 3124 5298 λέγει
3160 5234 3362 5294 Παῦλος
3384 5235 3409 5282 6

1913 5353 1938 5416 j‘
1964 5354 2016 5416 [ῃ
2052 5365 2163 5398 mss.
2191 5367 2442 5415 perperam
2463 5356 2678 5416 Μιχαίας.

1914 5412 1940 5450 Ιι
1964 5413 2049 5520 ἰέἱδ
2077 5412 2488 5518 ινέοὶνευεεὶιηὶιία
2526 5412 2675 5463 Habes
2713 5430 2854 5476 supra
2879 5418 3145 5467 Comment.
3173 5420 3220 5464 in
3246 5418 3412 5466 Isaiam

1914 5487 1957 5520 υ.
2021 5511 2030 5520 .
2056 5487 2096 5518 ν.
2116 5507 2152 5516 -.
2178 5512 2187 5520 .

1853 5487 1957 5523 C3D.
1986 5487 2030 5523 ἰ),
2056 5487 2096 5518 ν,
2114 5487 2187 5520 Συ.

1925 5488 1957 5519 ).
1986 5488 2030 5523 θ,
2056 5488 2096 5518 v.
2114 5488 2187 5520 κε).

1970 5535 2023 5600 ίμ-
2049 5547 2156 5600 mss.
2191 5537 2268 5583 hic
2303 5535 2446 5590 Ἰωήλ·
2465 5550 2548 5596 pro
2581 5537 2768 5600 ξΑϐδιού
2794 5542 2990 5598 ponimr
3011 5541 3156 5586 mam.

1916 5593 1940 5630 σι
2082 5596 2264 5661 ιιι-ωας.
2293 5593 2548 5661 paper—am
2581 5598 2768 5645 ’Λϐδιού
2798 5593 3000 5661 ροιιίιυγ
3026 5612 3111 5660 pro
3134 5599 3348 5661 Michma2

1922 5671 1942 5696 ε
1971 5655 2113 5719 Illud,
2137 5658 2289 5703 ἐκεῖνα
2315 5659 2487 5715 ἐξῆλθε,
2514 5669 2790 5719 corruptum
2805 5655 3010 5709 'omniuo
3026 5655 3131 5719 ⁷951,
3159 5672 3250 5708 nec
3276 5658 3415 5708 video

1858 5718 2098 5777 quomodo
2124 5721 2275 5780 possit
2301 5719 2436 5766 locus
2464 5718 2742 5768 restaurari.
