3996 6460
570 431 679 487 385

577 524 882 586 ἀπόστολος,
924 524 995 600 Τὸ
1015 527 1446 598 ἐγκατάλειμμα
1473 531 1824 597 σωθήσεται.
1846 528 2037 598 Κρίσις
2051 526 2128 598 τῷ

582 604 763 673 Κυρίῳ
789 606 921 675 πρὸς
939 607 1029 658 τὸν
1053 607 1176 660 λαὸν
1199 610 1383 673 αὑτοῦ,
1418 612 1510 663 καὶ
1537 611 1643 664 τῶν
1669 610 1989 679 εὐεργεσιῶν
2028 610 2127 662 αὑ-

575 685 668 738 τοῦ
717 687 1113 756 ἀπαρίθμησις,
1148 691 1242 741 καὶ¹
1275 693 1601 762 παραίτησις
1637 691 1853 744 θυσιῶν.
1911 690 2131 744 Ἀποδύ·

1215 422 1273 475 5.
1326 419 1608 477 JOANNIS
1645 414 2131 474 CIIRYSOSTOMI

2259 409 2482 467 CHIEP.
2529 410 3072 469 CONSTANTINOP.

3697 421 3816 474 386

2309 607 2444 677 Περὶ
2465 608 2564 677 τῆς
2579 605 2670 659 τοῦ
2697 605 2832 659 Θεοῦ
3163 605 3494 673 διαλέγεταιο
3524 606 3659 676 περὶ
3692 605 3811 659 τῶν

2237 689 2546 740 ἀποστόλων
2577 688 2848 759 προλέγει.
2897 688 3224 757 Προστίθησι
3264 688 3319 740 δὲ
3345 687 3438 740 καὶ
3471 686 3570 756 τὴν
3619 687 3812 740 ἄνοδον

582 783 729 835 ρεται
753 769 782 819 ό
803 769 1083 838 προφήτης
1109 770 1183 833 ὠς
1199 771 1306 822 τῶν
1334 772 1554 825 δικαίων
1581 773 1672 825 καὶ
1687 772 1902 839 ἀγαθῶν
1928 772 2132 842 ἀνδρῶν
2239 769 2590 823 Βαὸυλωνίων
2622 769 2761 822 κατὰ
2798 771 3088 822 Νινευῖτῶν
3137 769 3472 839 κατακράτος
3522 769 3814 838 αίχμαλω-

582 847 953 903 ἐκλειπόντων.
984 851 1093 903 Καὶ
1116 851 1250 920 πρὸς
1278 852 1355 921 τῷ
1391 853 1533 905 τέλει
1567 852 1704 923 μετὰ
1747 853 1810 906 τὸ
1846 853 2132 920 ἐγκαλέσαι
2240 851 2379 902 σίαν.
2399 851 2560 917 Λέγει
2579 851 2637 903 δὲ
2663 853 2756 905 καὶ
2780 852 2876 919 τὴν
2891 852 3113 921 δύναμιν
3137 853 3304 922 αὑτῆς
3333 850 3533 904 καὶτὸν
3552 850 3814 916 πλοῦτον,

581 929 673 980 καὶ
693 931 982 1001 ἀπειλῆσαι
1013 935 1296 1004 συμφορὰς
1329 934 1590 1004 μεγάλας,
1607 933 1817 1004 χρηστὰ
1837 934 2138 1006 προμηνύει
2242 932 2301 984 ὃν
2324 926 2436 1000 εἷχε
2467 933 2594 1002 πρὶν
2617 932 3142 1002 αίχμλωτευθῆναι.

578 1007 656 1076 τῷ
693 1010 925 1086 Ἰσραήλ.

2552 1013 2706 1081 Ἕως
2729 1008 2844 1067 ὦδε
2870 1009 2993 1082 εἷχε
3025 1014 3091 1068 τὸ
3113 1015 3494 1087 ἀντίγραφον.

1998 1665 2370 1731 ΜΟΝΙΤΠΜ

643 1919 788 1974 Inter
816 1918 1002 1986 spuria
1047 1916 1329 1972 Athanasii
1357 1931 1524 1987 opera
1557 1911 1844 1973 Homiiiam
1885 1917 2133 1973 dedimus

2259 1957 2272 1971 .
2307 1915 2432 1983 410,
2475 1918 2632 1988 cujus
2671 1917 2884 1972 initium
2934 1926 3019 1975 est
3059 1919 3264 1987 Graece,
3300 1921 3615 1996 Μυστήριον
3659 1925 3815 1991 ξένον

571 2031 774 2104 βλέπω,
799 2041 901 2096 hoc
925 2055 1027 2108 est,
1061 2044 1365 2114 Mystermm
1393 2061 1580 2099 novum
1609 2043 1755 2097 video
1779 2081 1794 2106 ,
1823 2056 1944 2096 cum
1984 2039 2145 2105 titulo,

2258 2041 2295 2102 ἱς
2331 2039 2429 2109 τὴν
2457 2039 2708 2110 γέννησιν
2753 2042 2847 2095 τοῦ
2883 2042 3138 2113 Χριστοῦ,
3176 2044 3277 2098 hoc
3326 2052 3442 2108 est,
3473 2041 3536 2097 In
3586 2061 3817 2116 genera-

575 2157 763 2212 tionem
792 2160 1006 2217 Christi.
1038 2163 1252 2218 Initium
1293 2178 1456 2232 porro
1501 2161 1628 2215 illud
1672 2160 1903 2230 idipsum
1946 2168 2029 2213 est
2059 2158 2203 2226 quod
2235 2157 2430 2226 hujus,
2467 2172 2587 2227 qua:
2621 2157 2992 2229 Cbrysostomi
3026 2158 3244 2213 nomine
3273 2158 3672 2225 circumfertur,
3712 2159 3816 2215 ho-

575 2268 730 2322 milia:
763 2286 776 2321 :
805 2286 908 2327 nec
934 2272 1143 2327 initium
1172 2275 1353 2339 modo,
1381 2273 1475 2328 sed
1509 2273 1670 2327 etiam
1704 2272 1804 2324 alia
1834 2286 1943 2324 non
1993 2285 2163 2340 pauca
2203 2269 2330 2324 hinc
2357 2277 2413 2324 et
2439 2268 2568 2323 inde
2601 2283 2667 2323 ex
2698 2270 2800 2324 hac
2835 2270 3052 2325 homilia
3101 2271 3375 2340 decerpsit
3418 2272 3482 2337 is,
3523 2271 3614 2341 qui
3663 2270 3817 2326 illam

571 2382 851 2437 Athanasii
890 2383 1111 2438 nomine
1142 2381 1556 2437 consarcinavit.
1606 2382 1730 2436 llaec
1765 2391 1943 2436 autem
1987 2381 2055 2436 de
2101 2394 2204 2449 qua
2240 2393 2386 2435 nunc
2421 2379 2631 2450 agimus
2675 2379 2896 2434 homilia
2927 2396 3045 2436 aevo
3081 2382 3386 2436 certissime
3437 2381 3816 2452 Chrysostomi

568 2495 768 2550 emissa
807 2494 909 2552 fuit
937 2505 1100 2549 :nam
1140 2495 1370 2565 Cyrillus
1402 2497 1539 2551 libro
1586 2497 1653 2550 ad
1695 2494 1948 2565 Reginus,
1970 2495 2063 2563 qui
2091 2494 2233 2546 inter
2266 2493 2554 2562 Ephesinae
2600 2492 2802 2563 Synodi
2842 2492 2976 2546 Acta
3017 2507 3181 2548 cusus
3221 2493 3382 2548 etiam
3416 2495 3711 2564 reperitur,
3747 2509 3815 2549 ex

571 2612 673 2669 hac
718 2614 938 2678 homilia
983 2615 1228 2684 quietiam
1278 2612 1649 2684 Chrysostomi
1700 2610 1917 2666 nomine
1973 2609 2181 2679 profert
2237 2608 2564 2676 testimonia,
2615 2623 2844 2677 quorum
2898 2608 3132 2677 primum
3183 2607 3270 2663 his
3324 2609 3504 2662 verbis
3543 2607 3812 2663 ell‘ertur:

577 2748 597 2780 ι
628 2728 851 2783 Joannis
909 2728 1148 2798 episcopi
1198 2726 1780 2796 Constantinopolitani
1835 2727 1902 2780 de
1955 2725 2134 2778 divina
2181 2725 2548 2795 generatione.
2583 2742 2602 2775 ο
2663 2721 2924 2785 Loquitur
2971 2730 3154 2776 autem
3211 2722 3280 2777 de
3330 2731 3517 2779 sancta
3565 2720 3811 2791 Virgine.

572 2863 597 2898 ε
629 2845 773 2899 Loco
809 2844 960 2909 solis,
1002 2843 1196 2913 inquit,
1247 2842 1471 2913 justitia:
1509 2841 1687 2896 solem
1735 2841 2201 2912 incircumscripte
2234 2841 2510 2910 complexa
2547 2839 2668 2894 fuit.
2719 2841 2797 2894 Ac
2833 2855 2905 2894 ne
2934 2853 3143 2908 quaeras
3191 2838 3493 2907 quomodo;
3522 2839 3616 2894 ubi
3664 2841 3815 2893 enim

569 2956 685 3010 vult
728 2955 903 3018 Deus,
955 2951 1028 3004 ibi
1077 2959 1288 3006 natura:
1336 2951 1470 3005 ordo
1499 2950 1756 3005 vincitur.
1805 2950 1986 3005 Voluit
2033 2951 2198 3018 enim,
2236 2951 2431 3020 potuit,
2474 2950 2775 3016 descendit,
2827 2949 3082 3015 salvavit;
3124 2950 3308 3004 omnia
3353 2952 3445 3006 Dei
3500 2962 3696 3007 nutum
3727 2968 3815 3008 se-

569 3075 831 3136 quuntur.
879 3063 1051 3118 Hodie
1079 3062 1171 3132 qui
1200 3069 1286 3117 est
1335 3062 1599 3133 gignitur,
1646 3073 1700 3116 et
1731 3062 1971 3131 quiest,
2019 3062 2080 3117 ﬁt
2107 3063 2160 3117 id
2197 3064 2338 3132 quod
2369 3078 2480 3116 non
2533 3071 2680 3126 erat;
2723 3077 2846 3115 nam
2889 3076 3011 3115 cum
3043 3061 3184 3116 Deus
3217 3071 3382 3126 esset,
3421 3062 3481 3116 fit
3509 3064 3707 3131 homo;
3742 3065 3813 3118 ab

568 3194 635 3236 ea
665 3192 868 3243 tamen,
894 3194 1055 3248 quam
1085 3177 1348 3242 habebat,
1379 3177 1579 3232 deitate
1611 3193 1720 3232 non
1769 3177 1986 3231 excidit.
2016 3176 2202 3246 Neque
2233 3177 2378 3232 enim
2407 3192 2529 3231 cum
2572 3176 2791 3231 deitatis
2825 3177 3035 3246 jactura
3082 3173 3256 3230 factus
3300 3182 3384 3231 est
3414 3176 3600 3243 homo,
3631 3193 3814 3249 neque

573 3309 670 3364 per
691 3294 990 3364 profectum
1029 3309 1095 3348 ex
1121 3293 1342 3348 homine
1374 3292 1548 3348 factus
1583 3301 1668 3348 est
1705 3293 1886 3348 Deus:
1915 3293 2010 3348 sed
2044 3291 2188 3348 Deus
2223 3292 2489 3348 exsistens
2534 3301 2757 3362 propter
2785 3290 3296 3362 impnssibiiitatem,
3340 3307 3465 3348 caro
3498 3292 3674 3350 factus
3707 3304 3814 3362 est,

1140 3887 1244 3953 Εἰς
1271 3886 1338 3940 τὸ
1378 3881 1688 3957 γενέθλιον
1748 3889 1853 3943 τοῦ
1906 3887 2175 3958 Σωτῆρος
2218 3887 2386 3958 ἡμῶν
2453 3889 2645 3958 Ἰησοῦ
2678 3891 2968 3962 Χριστοῦ,
3013 3895 3263 3963 Λόγος-ι.

2141 4156 2202 4166 --

651 4393 964 4466 Μυστήριον
1003 4392 1150 4458 ξένον
1178 4390 1271 4444 καὶ
1310 4389 1608 4460 παράδοξον
1651 4389 1863 4459 βλέπω·
1891 4388 2144 4459 ποιμένες

582 4491 686 4544 μου
707 4477 1024 4547 περιηχοῦσι
1055 4474 1125 4526 τὰ
1153 4467 1285 4535 ὦτα,
1310 4473 1409 4525 οὑκ
1439 4471 1641 4542 ἔρημον
1671 4470 1792 4541 (sic)
1838 4469 2144 4539 συρίζοντες

583 4558 764 4627 μέλος,
803 4558 916 4610 ἀλλ’
945 4556 1190 4627 οὐράνιον
1219 4554 1434 4624 ᾅδοντες
1473 4553 1661 4624 ῦμνον.
1699 4551 1952 4620 ’Ἄγγελοι
1991 4551 2147 4621 ᾅδου-

580 4657 687 4702 σιν,
708 4639 1028 4708 ἀρχάγγελοι
1064 4637 1372 4707 μέλπουσιν,
1407 4636 1565 4706 ὑμνεῖ
1592 4636 1658 4690 τὰ
1679 4633 1973 4706 Χερουϐὶμ,
2007 4634 2148 4698 δοξο-

579 4720 728 4788 λογεῖ
761 4721 831 4773 τὰ
877 4719 1145 4790 Σεραφὶμ,
1172 4719 1368 4781 πάντες
1411 4717 1722 4787 ἑορτάζουσι
1753 4715 1883 4769 θεὸν
1915 4717 2006 4768 ἐπὶ
2047 4716 2148 4786 γῆς

581 4803 834 4872 δρῶντες,
865 4802 959 4855 καὶ
998 4800 1277 4870 ἄνθρωπον
1316 4799 1373 4852 ἐν
1400 4800 1678 4868 ούρανοῖςο
1717 4797 1808 4852 τὸν
1845 4799 1956 4852 ἄνω
1999 4797 2149 4852 κάτω

579 4885 648 4938 δι’
672 4882 999 4953 οἰκονομίαν,
1027 4883 1120 4935 καὶ
1140 4881 1230 4934 τὸν
1255 4880 1405 4933 κάτω
1427 4880 1538 4933 ἄνω
1565 4880 1651 4933 διὰ
1675 4879 2078 4950 φιλανθρωπίαν
2097 4880 2145 4932 ιι.

583 4966 833 5036 Σήμερον
872 4963 1120 5032 Βηθλεέμ
1146 4962 1236 5015 τὸν
1272 4962 1494 5031 οὑρανὸν
1524 4963 1862 5032 ἐμιμήσατο·
1897 4962 2016 5014 ἀντὶ
2051 4961 2150 5030 μὲν

582 5048 827 5118 ἀστέρων
859 5045 1120 5114 ἀγγέλους
1143 5043 1443 5114 ὑμνοῦντας
1461 5044 1748 5114 δεξαμένη,
1776 5045 1897 5096 ἀντὶ
1916 5045 1972 5097 δέ
2002 5044 2148 5114 ήλίου

582 5130 675 5182 τὸν
721 5131 820 5198 τῆς
851 5126 1196 5195 δικαιοσύνης
1225 5125 1652 5194 ἀπεριγράπτως
1689 5127 2001 5196 χωρήσασα.
2042 5127 2150 5178 Καὶ

585 5209 663 5281 μὴ
689 5208 837 5279 ζήτει
867 5211 1010 5272 πῶς’
1041 5211 1173 5262 ὅπου
1205 5207 1313 5275 γὰρ
1347 5206 1592 5276 βούλεται
1623 5207 1773 5272 Θεὸς,
1808 5208 2023 5260 νικᾶται
2052 5206 2153 5275 φύ-

586 5309 723 5354 σεως
777 5290 944 5355 τάξις.
1009 5289 1313 5359 Ἦὸουλήθη
1378 5286 1507 5358 γὰρ,
1550 5287 1808 5358 ἠδυνήθη,
1861 5287 2148 5358 κατῆλθεν,

584 5376 755 5429 ισωσε
774 5391 787 5405 ·
822 5374 1094 5443 σύνδρομα
1120 5371 1190 5424 τὰ
1221 5371 1398 5425 πάντα
1441 5369 1518 5440 τῷ
1562 5370 1702 5439 Θεῷ.
1753 5372 1996 5442 Σήμερον
2021 5372 2049 5423 ό
2077 5368 2152 5423 ὣν

648 5573 675 5603 ⁸
696 5574 809 5639 ϐοά..
829 5572 956 5639 Beg.
992 5569 1442 5639 185?,Asic_tllu_lu_m
1485 5570 1652 5639 habet,
1675 5571 1828 5634 Λόγος
1850 5573 1914 5627 εἰς
1953 5573 2008 5620 τὸ
2027 5574 2154 5634 γενέ-

584 5631 811 5695 θλιον-τοῦ
829 5631 1002 5695 Κυρίου
1027 5633 1107 5679 καὶ
1131 5631 1254 5678 Θεοῦ
1277 5632 1607 5695 καὶ-Σωτῆρος.

649 5696 675 5734 b
700 5694 816 5742 Ilaac
855 5692 925 5740 sic
943 5696 1253 5755 invertuntur
1275 5693 1326 5755 in
1357 5692 1479 5755 μοις.
1504 5692 1708 5755 τὸνῄἇνω
1727 5692 1858 5740 κάτω
1883 5693 1959 5742 διὰ
1992 5695 2154 5755 φιλαν-

584 5755 810 5819 θρωπίαν,
834 5756 913 5802 καὶ
936 5755 1016 5802 τὸν
1040 5754 1171 5801 κάτω
1188 5752 1285 5799 ἀνω
1311 5753 1369 5798 δι’
1395 5753 1678 5814 οἰκονομίαν.

2250 4393 2508 4456 τίκτεται,
2542 4393 2634 4445 καὶ
2687 4395 2715 4446 ό
2770 4393 2844 4448 ὢν
2891 4394 3098 4462 γίνεται
3135 4396 3268 4467 ὅπερ
3318 4399 3415 4453 οὑκ
3455 4396 3553 4472 ἦν’
3586 4399 3663 4456 ὣν
3712 4407 3819 4477 γὰρ

2251 4478 2402 4542 Θεὸς,
2432 4479 2640 4545 γίνεται
2679 4481 2982 4550 ἄνθρωπος,
3015 4483 3113 4535 οὑκ
3149 4484 3348 4550 ἐκστὰς
3377 4487 3467 4540 τοῦ
3499 4488 3639 4542 εἶναι
3666 4491 3813 4555 Θεός.

2424 4560 2529 4643 γᾲρ
2551 4563 2670 4614 κατ’
2693 4561 2953 4643 ,ἔκστασιν
2986 4562 3234 4635 θεότητος
3259 4568 3476 4636 γέγονεν
3508 4571 3811 4643 ἄνθρωπος,

2252 4642 2372 4694 οὑδὲ
2395 4642 2554 4695 πάλιν
2579 4642 2716 4696 κατὰ
2743 4646 3022 4716 προκοπὴν
3046 4647 3102 4713 ιε
3127 4648 3410 4719 ἀνθρώπου
3441 4656 3632 4721 γέγονε
3663 4642 3812 4719 ests;-

2253 4724 2391 4777 ἀλλὰ
2419 4724 2590 4792 Λόγος
2609 4723 2705 4786 ὢν.
2749 4726 2836 4779 διὰ
2864 4722 2924 4780 τὸ
2953 4729 3159 4793 ἀπαθὲς
3185 4731 3321 4802 σὰρξ
3354 4733 3584 4801 ἐγένετο,
3618 4737 3816 4806 ἀμετα-

2255 4806 2450 4890 βλήτου
2484 4807 2748 4877 μενούσης
2782 4809 2882 4879 τῆς
2913 4810 3144 4879 φύσεως.
3183 4812 3320 4866 Ἀλλ’
3346 4816 3434 4868 ὅτε
3471 4816 3572 4886 μὲν
3600 4819 3810 4890 ἐτέχθη,

2269 4889 2503 4941 Ἰουδαῖοι
2555 4890 2810 4958 ἠρνοῦντο
2865 4892 2955 4945 τὸν
2988 4893 3136 4958 ξένον
3182 4896 3368 4961 τόκον,
3411 4898 3505 4951 καὶ
3537 4901 3815 4969 Φαρισαῖοι

2255 4973 2677 5042 παρηρμήνευον
2719 4973 2817 5036 τὰς
2853 4974 3002 5036 θείας
3047 4975 3287 5042 Βίὸλους,
3329 4979 3422 5032 καὶ
3479 4987 3817 5052 γραμματεῖς

2257 5054 2550 5106 ὑπεναντία
2579 5053 2670 5105 τοῦ
2705 5054 2866 5122 νόμου
2893 5055 3132 5110 ἐλάλουν.
3169 5059 3411 5132 Ἡρώδης
3447 5062 3537 5118 τὸν
3566 5064 3817 5133 τεχθέντα

2257 5136 2458 5204 ἐζήτει,
2477 5137 2574 5203 οὑχ
2600 5136 2681 5187 ἵνα
2706 5136 2867 5188 αὑτὸν
2884 5139 3111 5211 τιμήσῃ,
3127 5139 3241 5192 ἀλλ’
3266 5141 3350 5195 ἴνα
3379 5143 3538 5198 αὑτὸν
3561 5146 3816 5218 ἀπολέσῃ.

2260 5219 2502 5288 Σήμερον
2527 5218 2632 5287 γὰρ
2662 5229 2684 5256 ο
2737 5218 2913 5271 πάντα
2936 5221 3226 5276 ὑπεναντία
3264 5222 3422 5280 εἶδον.
3457 5228 3578 5279 Οὐκ
3606 5228 3817 5295 ἐκρύϐη

2259 5301 2389 5370 γὰρ,
2431 5300 2570 5353 κατὰ
2617 5301 2705 5356 τὸν
2749 5294 3054 5372 ψαλμῳδὸν,
3082 5302 3236 5377 [595]
3292 5307 3406 5360 ἀπὸ
3446 5306 3564 5360 τῶν
3605 5294 3818 5364 tam;

2260 5383 2456 5436 αὐτῶν
2482 5385 2566 5447 εἰς
2595 5382 2808 5451 γενεὰν
2831 5384 3056 5453 ἑτέραν.
3083 5388 3328 5454 Βασιλεῖς
3362 5390 3459 5459 μὲν
3503 5390 3608 5460 γὰρ
3645 5386 3818 5461 ἦλθον,

2260 5466 2350 5516 τὸν
2396 5466 2712 5534 ἐπουράνιον
2758 5464 2980 5534 βασιλέα
3028 5468 3416 5541 θαυμάζοντες,
3467 5472 3548 5524 ὅτι
3597 5473 3823 5536 πῶςέπὶ

2262 5548 2364 5616 γῆς
2392 5543 2553 5616 ἦλθεν
2583 5547 2681 5600 οὑκ
2709 5549 2972 5617 ἀγγέλους
3021 5551 3178 5623 ἔχων,
3212 5551 3313 5606 οὑκ
3341 5552 3731 5624 ἁρχαγγέλους,
3763 5558 3822 5610 οὑ

2327 5757 2348 5784 ⁸
2379 5755 2528 5804 Savil.
2567 5755 2634 5805 δέ.
