3996 6418
191 438 300 490 385

187 530 534 601 probatioque
579 526 978 582 sacrificiorum.
1006 526 1175 596 Luget
1210 527 1466 595 propheta
1500 527 1647 594 quasi
1675 526 1760 592 ju-

186 618 281 670 stis
311 627 364 670 et
394 617 549 670 bonis
578 618 705 671 viris
742 615 1129 670 deﬁcientibus.
1160 616 1225 668 Et
1253 617 1304 668 in
1335 617 1435 669 line
1465 625 1581 683 post
1606 630 1761 668 accu-

185 707 445 759 sationem
475 717 528 760 et
552 706 1017 760 comminationem
1046 720 1351 774 magnarum
1379 706 1756 765 Calamitatum,

185 796 320 847 bona
350 798 670 863 praenuntiat
699 796 903 850 Israeli.

1323 417 1386 471 IN
1426 415 1751 472 NATALEM
1788 415 2054 469 CHRISTI
2096 415 2279 469 DIEM.

3326 436 3436 488 386

1872 525 2065 592 Adjicit
2089 536 2264 579 autem
2297 526 2618 579 invasionem
2646 528 3050 597 Babyloniorum
3081 541 3261 584 contra
3295 532 3441 585 Nini-

1874 618 2027 677 vitas,
2058 616 2244 667 horum
2273 617 2656 682 captivitatem.
2686 618 2911 671 Enarrat
2935 622 3049 687 ejus
3080 623 3363 689 potentiam
3389 634 3441 677 et

1869 706 2095 772 divitias,
2128 722 2256 774 quas
2288 707 2468 759 habuit
2504 718 2788 775 antequam
2817 721 3118 777 caperetur.

2205 815 2461 869 Hactenus
2487 818 2740 885 exemplar
2768 818 2973 871 habebat
3003 820 3102 888 (τι).

874 939 1069 979 sanun.
1927 946 2003 1015 _(a)
2038 952 2146 994 Haec
2162 953 2237 1015 est
2259 946 2437 1015 librarii
2478 946 2661 996 Codicis
2686 947 2958 1015 Coisliniani
2999 960 3108 999 nota
3145 967 3235 1015 qua
3260 956 3443 1015 signiti-

1866 1012 2001 1053 catur
2022 1018 2143 1066 opus
2167 1006 2500 1068 imperfectum
2525 1021 2654 1069 esse,
2682 1017 2734 1056 et
2757 1012 3006 1072 exemplar
3044 1006 3181 1060 suum
3207 1014 3287 1061 illo
3306 1006 3444 1064 desi-

256 1056 330 1110 De
359 1057 596 1125 potentia
642 1058 733 1111 Dei
777 1056 989 1110 disserit
1036 1072 1050 1107 :
1100 1054 1167 1109 de
1211 1054 1465 1125 apostolis
1497 1054 1749 1123 praedicit.
1869 1077 2008 1113 nere.

913 1690 1021 1750 AD
1078 1686 1494 1749 HOMILIAM
1536 1687 1617 1745 ΙΝ
1673 1687 2055 1748 NATALEM
2110 1686 2424 1748 CHRISTI
2490 1690 2711 1749 DIEM.

194 1946 475 2002 immutata
528 1954 784 1999 manente
841 1954 1055 1998 natura.
1086 1962 1104 1995 ι
1145 1942 1239 1996 His
1286 1956 1449 2010 porro
1503 1941 1783 2012 subjungit
1822 1943 1924 1996 alia
1973 1943 2251 2010 quaedam,
2294 1960 2413 2013 qua:
2445 1960 2592 1995 num.
2632 1942 2666 1995 Ξ
2711 1944 2960 2012 leguntur
3000 1964 3011 1997 :
3055 1945 3153 2009 Qui
3207 1948 3262 1998 in
3303 1949 3433 2001 solio

192 2063 401 2115 subiimi
438 2063 785 2131 praecelsaque
823 2061 1071 2123 considet,
1113 2062 1157 2112 is
1191 2060 1243 2111 in
1274 2060 1525 2127 pra‘scpio
1564 2060 1811 2126 punitur:
1852 2058 2228 2126 impalpabilis,
2266 2060 2506 2128 simplex,
2542 2062 2892 2126 incorporeus,
2921 2062 3162 2115 Immanis
3198 2063 3433 2115 manibus

193 2186 544 2229 contrectalur
569 2195 585 2231 :
611 2180 697 2247 qui
726 2188 1053 2247 peccatorum
1079 2176 1283 2229 vincula
1322 2176 1619 2242 disrumpit,
1676 2176 1852 2243 fasciis
1887 2177 2277 2245 constringitur.

265 2292 359 2344 His
393 2294 702 2361 conspectis
754 2291 1074 2346 testimoniis
1120 2298 1279 2358 atque
1321 2290 1451 2342 locis
1477 2330 1491 2353 ,
1546 2290 1666 2357 quis
1709 2305 1816 2341 non
1851 2291 2037 2343 credat
2076 2307 2187 2344 rem
2234 2306 2354 2344 esse
2393 2290 2728 2350 confectam,
2777 2288 3163 2358 homiliamun
3201 2288 3435 2361 Chryso—

194 2417 366 2461 stomo
396 2408 774 2460 incunctanter
805 2407 975 2480 [uisse
1009 2405 1407 2475 adjudicatam?
1440 2406 1637 2459 Verum
1671 2420 1826 2458 secus
1866 2421 1952 2457 res
1983 2406 2164 2459 cessit.
2208 2404 2339 2457 Nam
2398 2406 2628 2457 Savilius
2677 2421 2793 2458 eam
2836 2406 2975 2459 inter
3015 2408 3170 2458 dubia
3215 2407 3429 2460 locavit.

193 2514 393 2568 Fronto
450 2515 675 2570 Ducazus
734 2516 876 2570 inter
932 2516 1113 2584 spuria
1172 2515 1361 2569 edidit.
1406 2514 1779 2568 Tillemontius
1828 2530 1956 2567 vero
1995 2525 2147 2582 putat
2184 2516 2454 2568 laudatam
2502 2531 2531 2567 a
2571 2516 2769 2584 Cyrillo
2808 2517 3174 2586 Chrysostomi
3212 2520 3432 2572 nomine

192 2630 466 2684 homiliam
492 2671 505 2693 ,
545 2630 915 2699 Chrysostomi
959 2645 1078 2683 esse
1130 2637 1420 2697 oportere:
1460 2627 1552 2679 sed
1583 2628 1878 2679 arbitratur
1909 2628 2066 2691 hanc,
2100 2643 2261 2695 quam
2308 2643 2454 2680 nunc
2506 2628 2785 2691 habemus,
2832 2628 3106 2682 homiliam
3137 2646 3256 2684 esse
3299 2648 3430 2685 cen-

193 2755 408 2809 tonem,
446 2744 539 2797 ubi
576 2744 621 2796 is
651 2744 740 2811 qui
778 2744 919 2795 illam
966 2742 1131 2794 variis
1164 2756 1227 2795 ex
1277 2741 1407 2794 locis
1450 2739 1879 2801 consarcinavit,
1916 2750 1973 2792 ut
2004 2740 2213 2793 facilius
2248 2740 2428 2793 fucum
2459 2740 2692 2805 faceret,
2741 2743 2847 2795 duo
2892 2743 2977 2796 illa
3016 2744 3129 2797 loca
3162 2760 3189 2796 a
3238 2745 3432 2815 Cyrillu

191 2861 350 2915 allata
403 2861 712 2915 inseruerit.
772 2859 1033 2928 Quodque
1084 2860 1373 2912 observatu
1425 2858 1642 2926 dignum
1695 2864 1808 2919 est,
1848 2856 1925 2908 ait
1962 2854 2188 2924 Cyrillus
2229 2858 2280 2909 in
2316 2857 2433 2911 loco
2470 2858 2719 2926 superius
2760 2858 2959 2922 allato,
3008 2860 3231 2927 justitia:
3273 2864 3431 2915 solun

191 2980 637 3046 incircumscripte
688 2978 954 3045 complexa
1009 2979 1127 3048 fuit,
1174 2978 1278 3032 dici
1322 2978 1387 3031 de
1434 2986 1618 3030 sancta
1680 2976 1932 3045 Virgine,
1978 2976 2065 3030 hic
2106 2987 2285 3030 autem
2331 2980 2397 3033 de
2440 2978 2753 3035 Bethlehem
2798 2980 3078 3045 dicuntur;
3123 2986 3266 3051 quod
3305 3000 3432 3038 sane

193 3100 478 3144 centonem
522 3104 641 3142 esse
672 3090 921 3155 suadeat,
962 3090 1122 3143 modo
1153 3087 1470 3149 Athanasio,
1502 3087 1661 3140 modo
1697 3085 2081 3155 Chrysostomo
2115 3087 2398 3139 tributum.

263 3205 646 3273 lnterpretatio
677 3205 863 3259 Latina
896 3216 978 3261 est
1014 3206 1300 3260 Frontonis
1330 3204 1527 3257 Ducaei.

753 3811 816 3853 IN
852 3810 1233 3855 SALVATORIS
1277 3812 1502 3855 nos-rm
1552 3814 1697 3857 sese
1734 3814 1984 3857 cnntsn
2034 3813 2466 3859 NATIVITATEI
2508 3812 2741 3855 onnto
2775 3792 2881 3873 (α).

1690 4032 1947 4046 ἣ

255 4235 325 4304 (6)
352 4234 662 4305 Mysterium
684 4251 874 4289 novum
893 4246 946 4291 et
964 4238 1273 4293 admirabile
1288 4238 1468 4293 video:
1485 4247 1752 4307 pastorum

184 4326 399 4379 vocibus
416 4342 573 4379 aures
591 4342 722 4380 mea:
737 4328 1146 4394 circumsonant,
1162 4330 1249 4397 qui
1269 4346 1371 4382 non
1396 4329 1499 4383 leni
1518 4341 1670 4383 cantu
1690 4332 1760 4383 si—

187 4416 366 4483 bilant,
382 4417 474 4469 scd
487 4418 752 4471 caelestem
768 4418 1017 4487 hymnum
1031 4422 1524 4489 concinunt.Angcli
1539 4432 1753 4489 canunt,

184 4506 483 4574 archangeli
505 4506 860 4572 modulantur,
876 4508 1159 4562 Cherubim
1180 4511 1429 4581 hymnum
1449 4513 1647 4577 dicunt,
1663 4514 1756 4567 Se-

186 4596 387 4660 rapbim
419 4595 747 4664 gloriﬁcant,
775 4614 958 4651 omnes
985 4599 1172 4653 festum
1210 4602 1516 4665 celebrant,
1548 4604 1671 4656 dum
1705 4605 1754 4657 in

188 4684 338 4735 terris
376 4684 541 4737 Deum
565 4726 579 4747 ,
609 4698 660 4739 et
692 4686 959 4740 hominem
988 4690 1036 4741 in
1067 4690 1209 4742 c:e|is
1236 4704 1459 4745 cernunt
1484 4710 1495 4744 :
1517 4708 1636 4746 eum
1666 4694 1754 4761 qui

184 4787 392 4822 sursum
417 4785 517 4837 est,
545 4787 759 4843 prOpter
783 4776 1226 4846 dispensationem
1254 4780 1499 4833 deorsum
1523 4784 1751 4846 versari;

187 4874 301 4912 cum
334 4863 420 4929 qui
448 4862 699 4917 deorsum
725 4880 871 4929 erat,
901 4878 1112 4935 propter
1142 4869 1514 4937 benignitatem
1543 4886 1750 4924 sursum

188 4964 322 5001 nunc
353 4952 550 5002 versari
585 4954 620 5002 ³.
656 4954 820 5008 Hodie
860 4956 1125 5010 Bethleem
1178 4960 1363 5012 caelum
1407 4960 1601 5014 imitata
1630 4972 1750 5018 est:

188 5054 302 5105 qua:
329 5041 601 5093 stellarum
628 5045 835 5110 quidem
860 5047 975 5100 loco
1004 5050 1217 5117 angelos
1242 5062 1489 5105 canentes
1516 5058 1750 5122 excepit,

188 5130 314 5181 solis
339 5140 513 5183 autem
550 5132 895 5200 locojustitize
936 5139 1099 5192 solem
1132 5142 1585 5211 incircumscripte
1610 5160 1755 5198 com-

189 5221 333 5287 plexa
364 5220 477 5273 fuit.
506 5221 685 5291 Neque
712 5225 795 5278 hic
823 5230 1112 5296 qumsieris,
1143 5234 1406 5300 quomodo
1432 5234 1531 5288 hoc
1560 5235 1752 5289 factum

248 5416 263 5445 ¹
301 5416 823 5495 Illacsielinvertuntur
848 5420 894 5466 in
918 5427 1053 5480 Reg,
1083 5438 1197 5493 eum
1221 5427 1302 5486 qui
1324 5442 1512 5495 sursum
1532 5439 1617 5489 est,
1642 5447 1751 5495 pro-

186 5479 289 5553 pter
311 5473 657 5553 Wmtatem
671 5478 890 5553 deorsum
912 5473 1113 5541 versari;
1136 5473 1244 5535 eum.
1258 5473 1617 5553 ἦιῖίάὧίςξῇζίί
1630 5473 1750 5553 erm},

188 5528 378 5593 propter
397 5528 790 5596 dispensationem
812 5528 1007 5589 sursum
1022 5528 1157 5593 nunc.

251 5614 347 5699 Πειρη
360 5614 993 5699 ξοςξξιξςιῐξςᾷ
1020 5625 1161 5699 £832,
1179 5632 1261 5699 qui
1284 5634 1350 5679 sic
1375 5634 1561 5699 titulum
1587 5638 1750 5699 habet,

190 5680 347 5744 Sermo
365 5680 417 5744 in
440 5680 727 5744 natiuitatem
745 5680 929 5729 Domini
949 5680 993 5731 Et
1018 5687 1101 5733 Dei
1118 5680 1163 5735 et
1186 5680 1453 5744 Sutratoris.

253 5735 322 5795 (ι)
354 5737 530 5785 Cilatur
556 5738 630 5785 hic
653 5738 785 5788 locus
809 5744 853 5789 in
877 5745 1081 5791 Concilio
1106 5735 1351 5806 εριιρέίιίόζ

506 5818 770 5882 Punon.
814 5826 930 5887 Gn.
982 5825 1130 5890 LVI.

1863 4233 1964 4287 sit:
1990 4232 2077 4286 ubi
2105 4234 2246 4286 enim
2274 4234 2413 4291 Deus
2433 4238 2561 4303 vult,
2592 4239 2663 4294 ibi
2692 4254 2893 4302 natura!
2915 4250 3048 4305 ordo
3075 4254 3233 4312 cedit.
3257 4257 3437 4318 Voluit

1860 4322 2000 4375 enim
2028 4362 2041 4384 ,
2070 4324 2276 4391 potuit,
2311 4324 2615 4395 descendit,
2640 4332 2889 4397 salvavit;
2916 4343 3091 4395 omnia
3125 4344 3214 4399 Dei
3252 4360 3433 4406 ηυιηηι

1860 4424 2170 4479 sequuntur.
2197 4414 2365 4469 Hodie
2392 4419 2478 4485 qui
2505 4431 2601 4480 est,
2632 4424 2877 4492 gignitur,
2900 4440 2952 4484 et
2982 4447 3189 4489 rursum
3215 4441 3302 4506 qui
3332 4453 3432 4506 est,

1861 4502 1916 4554 Iit
1941 4503 1989 4555 id
2044 4505 2181 4573 quod
2213 4521 2316 4558 non
2344 4520 2456 4560 erat
2482 4527 2495 4565 :
2526 4527 2643 4563 nam
2673 4530 2790 4567 cum
2820 4518 2958 4573 Deus
2984 4535 3140 4585 esset.
3172 4502 3434 4598 tit—homin?

1860 4591 1925 4643 ab
1950 4608 2009 4647 ea
2040 4603 2235 4660 tamen,
2258 4611 2412 4663 quam
2447 4600 2654 4667 habeat,
2678 4603 2869 4661 deitate
2891 4625 2993 4665 non
3024 4618 3234 4671 excidit.
3258 4591 3435 4691 Neque

1860 4681 2001 4732 enim
2052 4697 2169 4734 cum
2217 4685 2425 4737 deitatis
2470 4688 2669 4754 jactura
2716 4694 2883 4750 factus
2922 4711 3005 4754 est
3035 4703 3226 4772 homo,
3260 4681 3432 4779 neque

1862 4784 2070 4822 rursum
2105 4788 2196 4838 per
2226 4776 2555 4831 succedentia
2588 4782 2909 4842 incrementa
2935 4806 2997 4843 ex
3029 4793 3240 4853 homine
3264 4776 3431 4858 factus

1860 4868 1940 4911 est
1971 4860 2134 4922 Deus;
2167 4863 2259 4915 sed
2289 4864 2518 4920 Verbum
2560 4873 2819 4930 exsistcns
2841 4919 2855 4942 ,
2888 4891 3067 4937 natura
3120 4892 3326 4957 propria
3367 4897 3434 4947 ob

1860 4949 1937 5001 Sui
1986 4950 2424 5017 impatibilitatem
2474 4970 2717 5014 manente
2766 4965 3075 5035 immutata,
3110 4949 3299 5031 iactum
3348 4994 3429 5036 est

1859 5053 2001 5091 caro.
2035 5040 2255 5105 Quando
2282 5056 2456 5098 autem
2496 5061 2648 5103 natus
2674 5063 2788 5117 est,
2820 5056 2986 5112 Judaei
3014 5064 3225 5130 quidem
3270 5071 3433 5125 inusi-

1860 5136 2023 5180 tatum
2050 5142 2251 5197 partum
2285 5136 2540 5201 negabant
2562 5180 2574 5200 ,
2604 5140 2856 5198 Pharisrei
2888 5164 3011 5203 vero
3042 5168 3315 5222 perperam
3348 5176 3433 5214 sa-

1858 5231 1977 5270 cros
2004 5220 2162 5273 libros
2194 5223 2690 5293 interpretabantur,
2720 5242 2772 5285 et
2798 5238 2982 5290 scribre
3010 5220 3253 5314 quat—legi
3278 5261 3428 5303 erant

1858 5310 2116 5363 contraria
2146 5313 2525 5381 loquebantur;
2557 5318 2789 5375 Herodes
2821 5341 2939 5378 emn
2971 5332 3060 5396 qui
3102 5310 3254 5387 natus
3282 5348 3391 5391 erat
3427 5379 3442 5403 ,

1857 5400 2125 5466 quaerebat
2146 5444 2159 5465 ,
2184 5419 2286 5455 non
2330 5414 2387 5455 ut
2411 5422 2529 5458 eum
2561 5408 2760 5465 honore
2801 5415 3062 5483 afficeret,
3089 5424 3179 5475 sed
3211 5436 3265 5477 ut
3309 5444 3428 5481 eum

1858 5487 2195 5543 interﬁceret.
2219 5492 2381 5547 Hodie
2401 5511 2626 5566 namque
2643 5506 2902 5557 contraria
2922 5518 3105 5561 cuncta
3124 5515 3437 5568 cernebant.

1860 5575 1976 5629 Non
2002 5581 2131 5631 enim
2158 5582 2403 5635 occultata
2446 5599 2599 5653 sunt,
2630 5601 2683 5642 ut
2709 5608 2825 5645 cum
2860 5595 3188 5655 Psalmorum
3218 5617 3434 5661 auctore

1857 5667 2060 5736 loquar,
2090 5687 2120 5721 a
2150 5672 2268 5736 ﬁliis
2297 5691 2467 5728 eorum
2498 5680 2550 5730 in
2589 5686 2951 5748 generationem
2996 5690 3205 5744 alteram
3246 5693 3429 5764 (Psal.

1860 5757 1943 5808 77.
1976 5760 2048 5827 4).
2076 5759 2343 5829 Siquidem
2374 5782 2521 5838 reges
2551 5782 2825 5841 venerunt,
2858 5784 2912 5828 et
2940 5779 3204 5835 ca'lestem
3236 5757 3429 5853 Hegem

2995 5872 3068 5930 ΞΞῦ
