  <div class='ocr_page' id='page_1' title='image "/cluster/home/n/w/nwhite01/storage/ocr_20150623/56/ien.35556001660836/385.png"; bbox 0 0 3996 6484; ppageno 0'>
   <div class='ocr_carea' id='block_1_1' title="bbox 521 448 632 504">
    <p class='ocr_par' dir='ltr' id='par_1_1' title="bbox 521 448 632 504">
     <span class='ocr_line' id='line_1_1' title="bbox 521 448 632 504; baseline 0.027 -3"><span class='ocrx_word' id='word_1_1' title='bbox 521 448 632 504; x_wconf 90' lang='grc'><strong>387</strong></span> 
     </span>
    </p>
   </div>
   <div class='ocr_carea' id='block_1_2' title="bbox 515 557 2086 633">
    <p class='ocr_par' dir='ltr' id='par_1_2' title="bbox 515 557 2086 633">
     <span class='ocr_line' id='line_1_2' title="bbox 515 557 2086 633; baseline 0.004 -23"><span class='ocrx_word' id='word_1_2' title='bbox 515 565 906 625; x_wconf 88' lang='lat' dir='ltr'><strong>suspexerunt,</strong></span> <span class='ocrx_word' id='word_1_3' title='bbox 935 557 1074 626; x_wconf 91' lang='lat' dir='ltr'><strong>quod</strong></span> <span class='ocrx_word' id='word_1_4' title='bbox 1123 557 1173 612; x_wconf 93' lang='lat' dir='ltr'><strong>in</strong></span> <span class='ocrx_word' id='word_1_5' title='bbox 1210 567 1407 613; x_wconf 89' lang='lat' dir='ltr'><strong>terram</strong></span> <span class='ocrx_word' id='word_1_6' title='bbox 1453 561 1693 626; x_wconf 75' lang='lat' dir='ltr'><strong>venerit,</strong></span> <span class='ocrx_word' id='word_1_7' title='bbox 1723 577 1825 615; x_wconf 92' lang='lat' dir='ltr'><strong>non</strong></span> <span class='ocrx_word' id='word_1_8' title='bbox 1868 563 2086 633; x_wconf 88' lang='lat' dir='ltr'><strong>angelos</strong></span> 
     </span>
    </p>
   </div>
   <div class='ocr_carea' id='block_1_3' title="bbox 515 646 2087 719">
    <p class='ocr_par' dir='ltr' id='par_1_3' title="bbox 515 646 2087 719">
     <span class='ocr_line' id='line_1_3' title="bbox 515 646 2087 719; baseline 0.003 -19"><span class='ocrx_word' id='word_1_9' title='bbox 515 660 695 700; x_wconf 85' lang='lat' dir='ltr'><strong>secum</strong></span> <span class='ocrx_word' id='word_1_10' title='bbox 738 646 967 714; x_wconf 83' lang='lat' dir='ltr'><strong>habens,</strong></span> <span class='ocrx_word' id='word_1_11' title='bbox 997 664 1100 701; x_wconf 90' lang='lat' dir='ltr'><strong>non</strong></span> <span class='ocrx_word' id='word_1_12' title='bbox 1127 648 1474 719; x_wconf 89' lang='lat' dir='ltr'><strong>archangelos</strong></span> <span class='ocrx_word' id='word_1_13' title='bbox 1498 690 1512 714; x_wconf 93' lang='lat'><strong>,</strong></span> <span class='ocrx_word' id='word_1_14' title='bbox 1547 665 1648 703; x_wconf 91' lang='lat' dir='ltr'><strong>non</strong></span> <span class='ocrx_word' id='word_1_15' title='bbox 1691 652 1908 705; x_wconf 89' lang='lat' dir='ltr'><strong>thronos</strong></span> <span class='ocrx_word' id='word_1_16' title='bbox 1936 693 1950 716; x_wconf 93' lang='lat'><strong>,</strong></span> <span class='ocrx_word' id='word_1_17' title='bbox 1984 668 2087 705; x_wconf 92' lang='lat' dir='ltr'><strong>non</strong></span> 
     </span>
    </p>
   </div>
   <div class='ocr_carea' id='block_1_4' title="bbox 517 735 2088 808">
    <p class='ocr_par' dir='ltr' id='par_1_4' title="bbox 517 735 2088 808">
     <span class='ocr_line' id='line_1_4' title="bbox 517 735 2088 808; baseline 0.005 -23"><span class='ocrx_word' id='word_1_18' title='bbox 517 735 925 801; x_wconf 76' lang='lat' dir='ltr'><strong>dominationes,</strong></span> <span class='ocrx_word' id='word_1_19' title='bbox 960 754 1065 790; x_wconf 91' lang='lat' dir='ltr'><strong>non</strong></span> <span class='ocrx_word' id='word_1_20' title='bbox 1094 738 1335 803; x_wconf 74' lang='lat' dir='ltr'><strong>virtutes,</strong></span> <span class='ocrx_word' id='word_1_21' title='bbox 1365 755 1470 792; x_wconf 90' lang='lat' dir='ltr'><strong>non</strong></span> <span class='ocrx_word' id='word_1_22' title='bbox 1500 749 1806 808; x_wconf 82' lang='lat' dir='ltr'><strong>potestates,</strong></span> <span class='ocrx_word' id='word_1_23' title='bbox 1832 740 1927 795; x_wconf 89' lang='lat' dir='ltr'><strong>sed</strong></span> <span class='ocrx_word' id='word_1_24' title='bbox 1955 756 2088 795; x_wconf 90' lang='lat' dir='ltr'><strong>nova</strong></span> 
     </span>
    </p>
   </div>
   <div class='ocr_carea' id='block_1_5' title="bbox 513 827 2090 900">
    <p class='ocr_par' dir='ltr' id='par_1_5' title="bbox 513 827 2090 900">
     <span class='ocr_line' id='line_1_5' title="bbox 513 827 2090 900; baseline 0.006 -23"><span class='ocrx_word' id='word_1_25' title='bbox 513 836 567 878; x_wconf 89' lang='lat' dir='ltr'><strong>et</strong></span> <span class='ocrx_word' id='word_1_26' title='bbox 604 827 822 881; x_wconf 89' lang='lat' dir='ltr'><strong>minime</strong></span> <span class='ocrx_word' id='word_1_27' title='bbox 855 830 972 880; x_wconf 88' lang='lat' dir='ltr'><strong>trita</strong></span> <span class='ocrx_word' id='word_1_28' title='bbox 1017 828 1268 883; x_wconf 85' lang='lat' dir='ltr'><strong>incedens</strong></span> <span class='ocrx_word' id='word_1_29' title='bbox 1295 831 1376 883; x_wconf 80' lang='lat' dir='ltr'><strong>via</strong></span> <span class='ocrx_word' id='word_1_30' title='bbox 1420 847 1482 883; x_wconf 74' lang='lat' dir='ltr'><strong>ex</strong></span> <span class='ocrx_word' id='word_1_31' title='bbox 1530 831 1728 885; x_wconf 90' lang='lat' dir='ltr'><strong>illibato</strong></span> <span class='ocrx_word' id='word_1_32' title='bbox 1774 833 2090 900; x_wconf 89' lang='lat' dir='ltr'><strong>processerit</strong></span> 
     </span>
    </p>
   </div>
   <div class='ocr_carea' id='block_1_6' title="bbox 513 922 2088 991">
    <p class='ocr_par' dir='ltr' id='par_1_6' title="bbox 513 922 2088 991">
     <span class='ocr_line' id='line_1_6' title="bbox 513 922 2088 991; baseline 0.006 -22"><span class='ocrx_word' id='word_1_33' title='bbox 513 927 662 970; x_wconf 83' lang='lat' dir='ltr'><strong>utero</strong></span> <span class='ocrx_word' id='word_1_34' title='bbox 688 937 699 970; x_wconf 92' lang='lat'><strong>:</strong></span> <span class='ocrx_word' id='word_1_35' title='bbox 725 933 824 973; x_wconf 87' lang='lat' dir='ltr'><strong>nec</strong></span> <span class='ocrx_word' id='word_1_36' title='bbox 849 932 1024 973; x_wconf 87' lang='lat' dir='ltr'><strong>tamen</strong></span> <span class='ocrx_word' id='word_1_37' title='bbox 1054 929 1269 989; x_wconf 82' lang='lat' dir='ltr'><strong>angelos</strong></span> <span class='ocrx_word' id='word_1_38' title='bbox 1297 939 1403 974; x_wconf 78' lang='lat' dir='ltr'><strong>sua:</strong></span> <span class='ocrx_word' id='word_1_39' title='bbox 1427 922 1821 991; x_wconf 78' lang='lat' dir='ltr'><strong>gubernationis</strong></span> <span class='ocrx_word' id='word_1_40' title='bbox 1851 933 2088 978; x_wconf 80' lang='lat' dir='ltr'><strong>exsortes</strong></span> 
     </span>
    </p>
   </div>
   <div class='ocr_carea' id='block_1_7' title="bbox 508 1009 2087 1079">
    <p class='ocr_par' dir='ltr' id='par_1_7' title="bbox 508 1009 2087 1079">
     <span class='ocr_line' id='line_1_7' title="bbox 508 1009 2087 1079; baseline 0.004 -19"><span class='ocrx_word' id='word_1_41' title='bbox 508 1009 820 1077; x_wconf 90' lang='lat' dir='ltr'><strong>dereliquit,</strong></span> <span class='ocrx_word' id='word_1_42' title='bbox 847 1025 1017 1079; x_wconf 88' lang='lat' dir='ltr'><strong>neque</strong></span> <span class='ocrx_word' id='word_1_43' title='bbox 1047 1021 1260 1079; x_wconf 83' lang='lat' dir='ltr'><strong>propter</strong></span> <span class='ocrx_word' id='word_1_44' title='bbox 1286 1012 1701 1065; x_wconf 79' lang='lat' dir='ltr'><strong>incarnationem</strong></span> <span class='ocrx_word' id='word_1_45' title='bbox 1733 1027 1880 1066; x_wconf 89' lang='lat' dir='ltr'><strong>suam</strong></span> <span class='ocrx_word' id='word_1_46' title='bbox 1922 1028 1951 1066; x_wconf 90' lang='lat' dir='ltr'><strong>a</strong></span> <span class='ocrx_word' id='word_1_47' title='bbox 1992 1029 2087 1067; x_wconf 89' lang='lat' dir='ltr'><strong>sua</strong></span> 
     </span>
    </p>
   </div>
   <div class='ocr_carea' id='block_1_8' title="bbox 507 1099 2088 1171">
    <p class='ocr_par' dir='ltr' id='par_1_8' title="bbox 507 1099 2088 1171">
     <span class='ocr_line' id='line_1_8' title="bbox 507 1099 2088 1171; baseline 0.004 -19"><span class='ocrx_word' id='word_1_48' title='bbox 507 1099 708 1153; x_wconf 77' lang='lat' dir='ltr'><strong>excidit</strong></span> <span class='ocrx_word' id='word_1_49' title='bbox 733 1100 927 1154; x_wconf 86' lang='lat' dir='ltr'><strong>deitate</strong></span> <span class='ocrx_word' id='word_1_50' title='bbox 955 1118 966 1151; x_wconf 88' lang='lat'><strong>:</strong></span> <span class='ocrx_word' id='word_1_51' title='bbox 995 1101 1087 1154; x_wconf 89' lang='lat' dir='ltr'><strong>sed</strong></span> <span class='ocrx_word' id='word_1_52' title='bbox 1117 1117 1267 1171; x_wconf 88' lang='lat' dir='ltr'><strong>reges</strong></span> <span class='ocrx_word' id='word_1_53' title='bbox 1294 1102 1505 1170; x_wconf 85' lang='lat' dir='ltr'><strong>quidem</strong></span> <span class='ocrx_word' id='word_1_54' title='bbox 1534 1113 1824 1168; x_wconf 89' lang='lat' dir='ltr'><strong>venerunt,</strong></span> <span class='ocrx_word' id='word_1_55' title='bbox 1850 1113 1906 1157; x_wconf 93' lang='lat' dir='ltr'><strong>ut</strong></span> <span class='ocrx_word' id='word_1_56' title='bbox 1931 1105 2088 1159; x_wconf 70' lang='lat' dir='ltr'><strong>czele—</strong></span> 
     </span>
    </p>
   </div>
   <div class='ocr_carea' id='block_1_9' title="bbox 505 1189 2086 1261">
    <p class='ocr_par' dir='ltr' id='par_1_9' title="bbox 505 1189 2086 1261">
     <span class='ocr_line' id='line_1_9' title="bbox 505 1189 2086 1261; baseline 0.004 -20"><span class='ocrx_word' id='word_1_57' title='bbox 505 1198 641 1242; x_wconf 90' lang='lat' dir='ltr'><strong>stem</strong></span> <span class='ocrx_word' id='word_1_58' title='bbox 669 1189 865 1259; x_wconf 83' lang='lat' dir='ltr'><strong>[legem</strong></span> <span class='ocrx_word' id='word_1_59' title='bbox 887 1191 1068 1261; x_wconf 74' lang='lat' dir='ltr'><strong>gloria:</strong></span> <span class='ocrx_word' id='word_1_60' title='bbox 1089 1192 1390 1254; x_wconf 83' lang='lat' dir='ltr'><strong>adorarent,</strong></span> <span class='ocrx_word' id='word_1_61' title='bbox 1414 1194 1606 1246; x_wconf 77' lang='lat' dir='ltr'><strong>milites</strong></span> <span class='ocrx_word' id='word_1_62' title='bbox 1633 1201 1830 1260; x_wconf 87' lang='lat' dir='ltr'><strong>autem,</strong></span> <span class='ocrx_word' id='word_1_63' title='bbox 1855 1203 1913 1248; x_wconf 88' lang='lat' dir='ltr'><strong>ut</strong></span> <span class='ocrx_word' id='word_1_64' title='bbox 1935 1194 2086 1248; x_wconf 88' lang='lat' dir='ltr'><strong>Prin-</strong></span> 
     </span>
    </p>
   </div>
   <div class='ocr_carea' id='block_1_10' title="bbox 505 1278 2088 1352">
    <p class='ocr_par' dir='ltr' id='par_1_10' title="bbox 505 1278 2088 1352">
     <span class='ocr_line' id='line_1_10' title="bbox 505 1278 2088 1352; baseline 0.007 -22"><span class='ocrx_word' id='word_1_65' title='bbox 505 1278 675 1346; x_wconf 73' lang='lat' dir='ltr'><strong>cipem</strong></span> <span class='ocrx_word' id='word_1_66' title='bbox 704 1282 966 1334; x_wconf 83' lang='lat' dir='ltr'><strong>exercitus</strong></span> <span class='ocrx_word' id='word_1_67' title='bbox 995 1282 1230 1335; x_wconf 88' lang='lat' dir='ltr'><strong>colerent</strong></span> <span class='ocrx_word' id='word_1_68' title='bbox 1255 1299 1266 1334; x_wconf 92' lang='lat'><strong>:</strong></span> <span class='ocrx_word' id='word_1_69' title='bbox 1294 1283 1544 1336; x_wconf 84' lang='lat' dir='ltr'><strong>mulieres</strong></span> <span class='ocrx_word' id='word_1_70' title='bbox 1563 1324 1578 1346; x_wconf 90' lang='lat'><strong>,</strong></span> <span class='ocrx_word' id='word_1_71' title='bbox 1601 1299 1722 1337; x_wconf 91' lang='lat' dir='ltr'><strong>eum</strong></span> <span class='ocrx_word' id='word_1_72' title='bbox 1752 1286 1839 1352; x_wconf 92' lang='lat' dir='ltr'><strong>qni</strong></span> <span class='ocrx_word' id='word_1_73' title='bbox 1871 1300 1935 1339; x_wconf 77' lang='lat' dir='ltr'><strong>ex</strong></span> <span class='ocrx_word' id='word_1_74' title='bbox 1965 1301 2088 1341; x_wconf 88' lang='lat' dir='ltr'><strong>mu-</strong></span> 
     </span>
    </p>
   </div>
   <div class='ocr_carea' id='block_1_11' title="bbox 501 1369 2083 1434">
    <p class='ocr_par' dir='ltr' id='par_1_11' title="bbox 501 1369 2083 1434">
     <span class='ocr_line' id='line_1_11' title="bbox 501 1369 2083 1434; baseline 0.005 -14"><span class='ocrx_word' id='word_1_75' title='bbox 501 1369 633 1428; x_wconf 77' lang='lat' dir='ltr'><strong>lz&#39;ere</strong></span> <span class='ocrx_word' id='word_1_76' title='bbox 657 1380 814 1426; x_wconf 89' lang='lat' dir='ltr'><strong>natus</strong></span> <span class='ocrx_word' id='word_1_77' title='bbox 838 1381 937 1434; x_wconf 86' lang='lat' dir='ltr'><strong>est,</strong></span> <span class='ocrx_word' id='word_1_78' title='bbox 984 1381 1040 1426; x_wconf 89' lang='lat' dir='ltr'><strong>ut</strong></span> <span class='ocrx_word' id='word_1_79' title='bbox 1069 1373 1304 1426; x_wconf 83' lang='lat' dir='ltr'><strong>mulieris</strong></span> <span class='ocrx_word' id='word_1_80' title='bbox 1338 1373 1550 1429; x_wconf 84' lang='lat' dir='ltr'><strong>dolores</strong></span> <span class='ocrx_word' id='word_1_81' title='bbox 1579 1375 1630 1428; x_wconf 89' lang='lat' dir='ltr'><strong>in</strong></span> <span class='ocrx_word' id='word_1_82' title='bbox 1661 1375 1894 1429; x_wconf 71' lang='lat' dir='ltr'><strong>laetitiam</strong></span> <span class='ocrx_word' id='word_1_83' title='bbox 1933 1390 2083 1430; x_wconf 88' lang='lat' dir='ltr'><strong>com-</strong></span> 
     </span>
    </p>
   </div>
   <div class='ocr_carea' id='block_1_12' title="bbox 505 1462 2086 1532">
    <p class='ocr_par' dir='ltr' id='par_1_12' title="bbox 505 1462 2086 1532">
     <span class='ocr_line' id='line_1_12' title="bbox 505 1462 2086 1532; baseline 0.004 -21"><span class='ocrx_word' id='word_1_84' title='bbox 505 1468 666 1512; x_wconf 84' lang='lat' dir='ltr'><strong>mutet</strong></span> <span class='ocrx_word' id='word_1_85' title='bbox 690 1478 702 1512; x_wconf 92' lang='lat'><strong>:</strong></span> <span class='ocrx_word' id='word_1_86' title='bbox 725 1462 972 1529; x_wconf 75' lang='lat' dir='ltr'><strong>virgines,</strong></span> <span class='ocrx_word' id='word_1_87' title='bbox 1001 1462 1164 1516; x_wconf 87' lang='lat' dir='ltr'><strong>filium</strong></span> <span class='ocrx_word' id='word_1_88' title='bbox 1190 1462 1438 1531; x_wconf 80' lang='lat' dir='ltr'><strong>Virginis,</strong></span> <span class='ocrx_word' id='word_1_89' title='bbox 1461 1464 1782 1518; x_wconf 81' lang='lat' dir='ltr'><strong>admirantes</strong></span> <span class='ocrx_word' id='word_1_90' title='bbox 1808 1465 1894 1532; x_wconf 92' lang='lat' dir='ltr'><strong>qui</strong></span> <span class='ocrx_word' id='word_1_91' title='bbox 1920 1465 2009 1517; x_wconf 90' lang='lat' dir='ltr'><strong>liat</strong></span> <span class='ocrx_word' id='word_1_92' title='bbox 2031 1475 2086 1517; x_wconf 90' lang='lat' dir='ltr'><strong>ut</strong></span> 
     </span>
    </p>
   </div>
   <div class='ocr_carea' id='block_1_13' title="bbox 499 1549 2080 1622">
    <p class='ocr_par' dir='ltr' id='par_1_13' title="bbox 499 1549 2080 1622">
     <span class='ocr_line' id='line_1_13' title="bbox 499 1549 2080 1622; baseline 0.004 -24"><span class='ocrx_word' id='word_1_93' title='bbox 499 1549 648 1602; x_wconf 87' lang='lat' dir='ltr'><strong>lactis</strong></span> <span class='ocrx_word' id='word_1_94' title='bbox 675 1550 938 1614; x_wconf 88' lang='lat' dir='ltr'><strong>conditor,</strong></span> <span class='ocrx_word' id='word_1_95' title='bbox 963 1550 1049 1618; x_wconf 89' lang='lat' dir='ltr'><strong>qui</strong></span> <span class='ocrx_word' id='word_1_96' title='bbox 1078 1551 1241 1604; x_wconf 89' lang='lat' dir='ltr'><strong>efficit</strong></span> <span class='ocrx_word' id='word_1_97' title='bbox 1265 1560 1319 1604; x_wconf 92' lang='lat' dir='ltr'><strong>ut</strong></span> <span class='ocrx_word' id='word_1_98' title='bbox 1342 1553 1566 1606; x_wconf 82' lang='lat' dir='ltr'><strong>uberum</strong></span> <span class='ocrx_word' id='word_1_99' title='bbox 1593 1553 1763 1607; x_wconf 92' lang='lat' dir='ltr'><strong>fontes</strong></span> <span class='ocrx_word' id='word_1_100' title='bbox 1792 1562 2080 1622; x_wconf 87' lang='lat' dir='ltr'><strong>spontanea</strong></span> 
     </span>
    </p>
   </div>
   <div class='ocr_carea' id='block_1_14' title="bbox 499 1638 2081 1710">
    <p class='ocr_par' dir='ltr' id='par_1_14' title="bbox 499 1638 2081 1710">
     <span class='ocr_line' id='line_1_14' title="bbox 499 1638 2081 1710; baseline 0.003 -18"><span class='ocrx_word' id='word_1_101' title='bbox 499 1639 691 1692; x_wconf 90' lang='lat' dir='ltr'><strong>fluenta</strong></span> <span class='ocrx_word' id='word_1_102' title='bbox 721 1638 1032 1703; x_wconf 77' lang='lat' dir='ltr'><strong>diffundant,</strong></span> <span class='ocrx_word' id='word_1_103' title='bbox 1060 1655 1089 1694; x_wconf 89' lang='lat' dir='ltr'><strong>a</strong></span> <span class='ocrx_word' id='word_1_104' title='bbox 1115 1640 1327 1709; x_wconf 81' lang='lat' dir='ltr'><strong>Virgine</strong></span> <span class='ocrx_word' id='word_1_105' title='bbox 1355 1651 1524 1696; x_wconf 88' lang='lat' dir='ltr'><strong>matre</strong></span> <span class='ocrx_word' id='word_1_106' title='bbox 1556 1643 2081 1710; x_wconf 89' lang='lat' dir='ltr'><strong>puerulialimentum</strong></span> 
     </span>
    </p>
   </div>
   <div class='ocr_carea' id='block_1_15' title="bbox 497 1730 2082 1800">
    <p class='ocr_par' dir='ltr' id='par_1_15' title="bbox 497 1730 2082 1800">
     <span class='ocr_line' id='line_1_15' title="bbox 497 1730 2082 1800; baseline 0.003 -19"><span class='ocrx_word' id='word_1_107' title='bbox 497 1730 719 1798; x_wconf 89' lang='lat' dir='ltr'><strong>accipiat</strong></span> <span class='ocrx_word' id='word_1_108' title='bbox 742 1746 756 1784; x_wconf 90' lang='lat'><strong>:</strong></span> <span class='ocrx_word' id='word_1_109' title='bbox 788 1730 1037 1794; x_wconf 85' lang='lat' dir='ltr'><strong>infantes,</strong></span> <span class='ocrx_word' id='word_1_110' title='bbox 1063 1746 1182 1784; x_wconf 89' lang='lat' dir='ltr'><strong>eum</strong></span> <span class='ocrx_word' id='word_1_111' title='bbox 1209 1732 1294 1800; x_wconf 90' lang='lat' dir='ltr'><strong>qui</strong></span> <span class='ocrx_word' id='word_1_112' title='bbox 1322 1731 1490 1785; x_wconf 86' lang='lat' dir='ltr'><strong>factus</strong></span> <span class='ocrx_word' id='word_1_113' title='bbox 1512 1743 1592 1785; x_wconf 91' lang='lat' dir='ltr'><strong>est</strong></span> <span class='ocrx_word' id='word_1_114' title='bbox 1613 1732 1802 1798; x_wconf 85' lang='lat' dir='ltr'><strong>infans,</strong></span> <span class='ocrx_word' id='word_1_115' title='bbox 1823 1741 1880 1786; x_wconf 93' lang='lat' dir='ltr'><strong>ut</strong></span> <span class='ocrx_word' id='word_1_116' title='bbox 1898 1748 1964 1787; x_wconf 82' lang='lat' dir='ltr'><strong>ex</strong></span> <span class='ocrx_word' id='word_1_117' title='bbox 1989 1747 2082 1787; x_wconf 89' lang='lat' dir='ltr'><strong>ore</strong></span> 
     </span>
    </p>
   </div>
   <div class='ocr_carea' id='block_1_16' title="bbox 497 1822 2077 1896">
    <p class='ocr_par' dir='ltr' id='par_1_16' title="bbox 497 1822 2077 1896">
     <span class='ocr_line' id='line_1_16' title="bbox 497 1822 2077 1896; baseline 0.001 -21"><span class='ocrx_word' id='word_1_118' title='bbox 497 1822 774 1875; x_wconf 79' lang='lat' dir='ltr'><strong>infantium</strong></span> <span class='ocrx_word' id='word_1_119' title='bbox 797 1831 851 1876; x_wconf 89' lang='lat' dir='ltr'><strong>et</strong></span> <span class='ocrx_word' id='word_1_120' title='bbox 883 1824 1184 1876; x_wconf 90' lang='lat' dir='ltr'><strong>lactenlium</strong></span> <span class='ocrx_word' id='word_1_121' title='bbox 1211 1823 1416 1877; x_wconf 91' lang='lat' dir='ltr'><strong>laudem</strong></span> <span class='ocrx_word' id='word_1_122' title='bbox 1450 1825 1722 1892; x_wconf 81' lang='lat' dir='ltr'><strong>perliceret</strong></span> <span class='ocrx_word' id='word_1_123' title='bbox 1749 1825 1958 1896; x_wconf 79' lang='lat' dir='ltr'><strong>(Matth.</strong></span> <span class='ocrx_word' id='word_1_124' title='bbox 1988 1823 2077 1877; x_wconf 73' lang='lat' dir='ltr'><strong>2i.</strong></span> 
     </span>
    </p>
   </div>
   <div class='ocr_carea' id='block_1_17' title="bbox 498 1911 2079 1984">
    <p class='ocr_par' dir='ltr' id='par_1_17' title="bbox 498 1911 2079 1984">
     <span class='ocr_line' id='line_1_17' title="bbox 498 1911 2079 1984; baseline 0.002 -20"><span class='ocrx_word' id='word_1_125' title='bbox 498 1912 596 1972; x_wconf 69' lang='lat'><strong>16;</strong></span> <span class='ocrx_word' id='word_1_126' title='bbox 625 1911 771 1966; x_wconf 81' lang='lat' dir='ltr'><strong>Psat.</strong></span> <span class='ocrx_word' id='word_1_127' title='bbox 815 1912 869 1967; x_wconf 90' lang='lat'><strong>8.</strong></span> <span class='ocrx_word' id='word_1_128' title='bbox 915 1913 971 1981; x_wconf 78' lang='lat'><strong>&#39;5)</strong></span> <span class='ocrx_word' id='word_1_129' title='bbox 1010 1930 1024 1964; x_wconf 91' lang='lat'><strong>:</strong></span> <span class='ocrx_word' id='word_1_130' title='bbox 1063 1913 1255 1980; x_wconf 90' lang='lat' dir='ltr'><strong>pueri,</strong></span> <span class='ocrx_word' id='word_1_131' title='bbox 1283 1929 1545 1982; x_wconf 88' lang='lat' dir='ltr'><strong>puerum,</strong></span> <span class='ocrx_word' id='word_1_132' title='bbox 1575 1915 1660 1982; x_wconf 92' lang='lat' dir='ltr'><strong>qui</strong></span> <span class='ocrx_word' id='word_1_133' title='bbox 1708 1922 1968 1984; x_wconf 84' lang='lat' dir='ltr'><strong>martyres</strong></span> <span class='ocrx_word' id='word_1_134' title='bbox 2011 1914 2079 1967; x_wconf 91' lang='lat' dir='ltr'><strong>ob</strong></span> 
     </span>
    </p>
   </div>
   <div class='ocr_carea' id='block_1_18' title="bbox 496 2001 2079 2072">
    <p class='ocr_par' dir='ltr' id='par_1_18' title="bbox 496 2001 2079 2072">
     <span class='ocr_line' id='line_1_18' title="bbox 496 2001 2079 2072; baseline 0.001 -17"><span class='ocrx_word' id='word_1_135' title='bbox 496 2002 721 2055; x_wconf 84' lang='lat' dir='ltr'><strong>Herodis</strong></span> <span class='ocrx_word' id='word_1_136' title='bbox 763 2003 1020 2054; x_wconf 86' lang='lat' dir='ltr'><strong>insaniam</strong></span> <span class='ocrx_word' id='word_1_137' title='bbox 1062 2001 1237 2055; x_wconf 73' lang='lat' dir='ltr'><strong>eil‘ecit</strong></span> <span class='ocrx_word' id='word_1_138' title='bbox 1260 2019 1272 2054; x_wconf 92' lang='lat'><strong>:</strong></span> <span class='ocrx_word' id='word_1_139' title='bbox 1299 2002 1395 2055; x_wconf 80' lang='lat' dir='ltr'><strong>viri</strong></span> <span class='ocrx_word' id='word_1_140' title='bbox 1420 2044 1434 2067; x_wconf 94' lang='lat'><strong>,</strong></span> <span class='ocrx_word' id='word_1_141' title='bbox 1463 2018 1583 2056; x_wconf 88' lang='lat' dir='ltr'><strong>eum</strong></span> <span class='ocrx_word' id='word_1_142' title='bbox 1611 2005 1698 2072; x_wconf 88' lang='lat' dir='ltr'><strong>qui</strong></span> <span class='ocrx_word' id='word_1_143' title='bbox 1729 2003 1887 2057; x_wconf 90' lang='lat' dir='ltr'><strong>homo</strong></span> <span class='ocrx_word' id='word_1_144' title='bbox 1911 2002 2079 2057; x_wconf 91' lang='lat' dir='ltr'><strong>factus</strong></span> 
     </span>
    </p>
   </div>
   <div class='ocr_carea' id='block_1_19' title="bbox 493 2093 2073 2162">
    <p class='ocr_par' dir='ltr' id='par_1_19' title="bbox 493 2093 2073 2162">
     <span class='ocr_line' id='line_1_19' title="bbox 493 2093 2073 2162; baseline 0.001 -16"><span class='ocrx_word' id='word_1_145' title='bbox 493 2102 608 2156; x_wconf 79' lang='lat' dir='ltr'><strong>est,</strong></span> <span class='ocrx_word' id='word_1_146' title='bbox 639 2101 696 2146; x_wconf 90' lang='lat' dir='ltr'><strong>ut</strong></span> <span class='ocrx_word' id='word_1_147' title='bbox 720 2108 994 2147; x_wconf 90' lang='lat' dir='ltr'><strong>servorum</strong></span> <span class='ocrx_word' id='word_1_148' title='bbox 1031 2094 1182 2146; x_wconf 90' lang='lat' dir='ltr'><strong>malis</strong></span> <span class='ocrx_word' id='word_1_149' title='bbox 1208 2093 1546 2148; x_wconf 90' lang='lat' dir='ltr'><strong>mederetur:</strong></span> <span class='ocrx_word' id='word_1_150' title='bbox 1571 2105 1807 2162; x_wconf 89' lang='lat' dir='ltr'><strong>pastores</strong></span> <span class='ocrx_word' id='word_1_151' title='bbox 1831 2136 1844 2159; x_wconf 95' lang='lat'><strong>,</strong></span> <span class='ocrx_word' id='word_1_152' title='bbox 1879 2095 2073 2149; x_wconf 82' lang='lat' dir='ltr'><strong>bonum</strong></span> 
     </span>
    </p>
   </div>
   <div class='ocr_carea' id='block_1_20' title="bbox 497 2184 2076 2253">
    <p class='ocr_par' dir='ltr' id='par_1_20' title="bbox 497 2184 2076 2253">
     <span class='ocr_line' id='line_1_20' title="bbox 497 2184 2076 2253; baseline 0.001 -17"><span class='ocrx_word' id='word_1_153' title='bbox 497 2195 793 2253; x_wconf 83' lang='lat' dir='ltr'><strong>pastorem,</strong></span> <span class='ocrx_word' id='word_1_154' title='bbox 823 2184 912 2253; x_wconf 92' lang='lat' dir='ltr'><strong>qui</strong></span> <span class='ocrx_word' id='word_1_155' title='bbox 943 2185 1171 2236; x_wconf 89' lang='lat' dir='ltr'><strong>animam</strong></span> <span class='ocrx_word' id='word_1_156' title='bbox 1203 2199 1299 2252; x_wconf 92' lang='lat' dir='ltr'><strong>pro</strong></span> <span class='ocrx_word' id='word_1_157' title='bbox 1325 2184 1510 2237; x_wconf 83' lang='lat' dir='ltr'><strong>ovibus</strong></span> <span class='ocrx_word' id='word_1_158' title='bbox 1550 2185 1658 2237; x_wconf 90' lang='lat' dir='ltr'><strong>suis</strong></span> <span class='ocrx_word' id='word_1_159' title='bbox 1691 2185 1837 2252; x_wconf 90' lang='lat' dir='ltr'><strong>ponit</strong></span> <span class='ocrx_word' id='word_1_160' title='bbox 1864 2202 1877 2237; x_wconf 91' lang='lat'><strong>:</strong></span> <span class='ocrx_word' id='word_1_161' title='bbox 1901 2199 2076 2238; x_wconf 87' lang='lat' dir='ltr'><strong>sacer-</strong></span> 
     </span>
    </p>
   </div>
   <div class='ocr_carea' id='block_1_21' title="bbox 492 2274 2072 2342">
    <p class='ocr_par' dir='ltr' id='par_1_21' title="bbox 492 2274 2072 2342">
     <span class='ocr_line' id='line_1_21' title="bbox 492 2274 2072 2342; baseline 0.001 -15"><span class='ocrx_word' id='word_1_162' title='bbox 492 2276 662 2337; x_wconf 86' lang='lat' dir='ltr'><strong>dotes,</strong></span> <span class='ocrx_word' id='word_1_163' title='bbox 692 2289 810 2328; x_wconf 86' lang='lat' dir='ltr'><strong>eutn</strong></span> <span class='ocrx_word' id='word_1_164' title='bbox 838 2275 922 2342; x_wconf 90' lang='lat' dir='ltr'><strong>qui</strong></span> <span class='ocrx_word' id='word_1_165' title='bbox 956 2274 1121 2326; x_wconf 91' lang='lat' dir='ltr'><strong>factus</strong></span> <span class='ocrx_word' id='word_1_166' title='bbox 1150 2284 1232 2327; x_wconf 90' lang='lat' dir='ltr'><strong>est</strong></span> <span class='ocrx_word' id='word_1_167' title='bbox 1255 2274 1491 2328; x_wconf 74' lang='lat' dir='ltr'><strong>Pontifex</strong></span> <span class='ocrx_word' id='word_1_168' title='bbox 1519 2275 1807 2328; x_wconf 88' lang='lat' dir='ltr'><strong>secundum</strong></span> <span class='ocrx_word' id='word_1_169' title='bbox 1833 2275 2072 2329; x_wconf 88' lang='lat' dir='ltr'><strong>ordinem</strong></span> 
     </span>
    </p>
   </div>
   <div class='ocr_carea' id='block_1_22' title="bbox 493 2363 2071 2434">
    <p class='ocr_par' dir='ltr' id='par_1_22' title="bbox 493 2363 2071 2434">
     <span class='ocr_line' id='line_1_22' title="bbox 493 2363 2071 2434; baseline 0 -16"><span class='ocrx_word' id='word_1_170' title='bbox 493 2364 840 2419; x_wconf 74' lang='lat' dir='ltr'><strong>.‘llelcltisedec</strong></span> <span class='ocrx_word' id='word_1_171' title='bbox 871 2363 1051 2434; x_wconf 83' lang='lat' dir='ltr'><strong>(Hebr.</strong></span> <span class='ocrx_word' id='word_1_172' title='bbox 1086 2367 1138 2417; x_wconf 87' lang='lat'><strong>7.</strong></span> <span class='ocrx_word' id='word_1_173' title='bbox 1171 2364 1269 2428; x_wconf 78' lang='lat' dir='ltr'><strong>i7;</strong></span> <span class='ocrx_word' id='word_1_174' title='bbox 1303 2363 1442 2417; x_wconf 81' lang='lat' dir='ltr'><strong>Psal.</strong></span> <span class='ocrx_word' id='word_1_175' title='bbox 1474 2364 1594 2418; x_wconf 77' lang='grc'><strong>109.</strong></span> <span class='ocrx_word' id='word_1_176' title='bbox 1627 2365 1683 2432; x_wconf 76' lang='grc'><strong>4)</strong></span> <span class='ocrx_word' id='word_1_177' title='bbox 1710 2382 1723 2417; x_wconf 91' lang='lat'><strong>:</strong></span> <span class='ocrx_word' id='word_1_178' title='bbox 1748 2365 1926 2429; x_wconf 84' lang='lat' dir='ltr'><strong>servi,</strong></span> <span class='ocrx_word' id='word_1_179' title='bbox 1950 2379 2071 2419; x_wconf 87' lang='lat' dir='ltr'><strong>eum</strong></span> 
     </span>
    </p>
   </div>
   <div class='ocr_carea' id='block_1_23' title="bbox 491 2453 2072 2524">
    <p class='ocr_par' dir='ltr' id='par_1_23' title="bbox 491 2453 2072 2524">
     <span class='ocr_line' id='line_1_23' title="bbox 491 2453 2072 2524; baseline 0.003 -20"><span class='ocrx_word' id='word_1_180' title='bbox 491 2456 580 2524; x_wconf 84' lang='lat' dir='ltr'><strong>qui</strong></span> <span class='ocrx_word' id='word_1_181' title='bbox 609 2455 744 2508; x_wconf 80' lang='lat' dir='ltr'><strong>servi</strong></span> <span class='ocrx_word' id='word_1_182' title='bbox 781 2453 1002 2507; x_wconf 91' lang='lat' dir='ltr'><strong>formam</strong></span> <span class='ocrx_word' id='word_1_183' title='bbox 1031 2454 1268 2522; x_wconf 91' lang='lat' dir='ltr'><strong>accepit,</strong></span> <span class='ocrx_word' id='word_1_184' title='bbox 1295 2463 1352 2506; x_wconf 91' lang='lat' dir='ltr'><strong>ut</strong></span> <span class='ocrx_word' id='word_1_185' title='bbox 1382 2463 1613 2507; x_wconf 90' lang='lat' dir='ltr'><strong>nostram</strong></span> <span class='ocrx_word' id='word_1_186' title='bbox 1640 2455 1947 2508; x_wconf 88' lang='lat' dir='ltr'><strong>servitutem</strong></span> <span class='ocrx_word' id='word_1_187' title='bbox 1974 2455 2072 2508; x_wconf 83' lang='lat' dir='ltr'><strong>ho-</strong></span> 
     </span>
    </p>
   </div>
   <div class='ocr_carea' id='block_1_24' title="bbox 491 2541 2068 2614">
    <p class='ocr_par' dir='ltr' id='par_1_24' title="bbox 491 2541 2068 2614">
     <span class='ocr_line' id='line_1_24' title="bbox 491 2541 2068 2614; baseline -0.001 -15"><span class='ocrx_word' id='word_1_188' title='bbox 491 2561 622 2600; x_wconf 90' lang='lat' dir='ltr'><strong>nore</strong></span> <span class='ocrx_word' id='word_1_189' title='bbox 664 2545 920 2599; x_wconf 89' lang='lat' dir='ltr'><strong>libertatis</strong></span> <span class='ocrx_word' id='word_1_190' title='bbox 971 2553 1185 2598; x_wconf 89' lang='lat' dir='ltr'><strong>ornaret</strong></span> <span class='ocrx_word' id='word_1_191' title='bbox 1237 2543 1487 2613; x_wconf 80' lang='lat' dir='ltr'><strong>(Philipp.</strong></span> <span class='ocrx_word' id='word_1_192' title='bbox 1528 2543 1582 2596; x_wconf 74' lang='lat'><strong>2.</strong></span> <span class='ocrx_word' id='word_1_193' title='bbox 1625 2541 1728 2614; x_wconf 86' lang='lat'><strong>7);</strong></span> <span class='ocrx_word' id='word_1_194' title='bbox 1760 2545 2068 2613; x_wconf 88' lang='lat' dir='ltr'><strong>piscatores,</strong></span> 
     </span>
    </p>
   </div>
   <div class='ocr_carea' id='block_1_25' title="bbox 489 2636 2068 2706">
    <p class='ocr_par' dir='ltr' id='par_1_25' title="bbox 489 2636 2068 2706">
     <span class='ocr_line' id='line_1_25' title="bbox 489 2636 2068 2706; baseline 0.001 -15"><span class='ocrx_word' id='word_1_195' title='bbox 489 2653 609 2691; x_wconf 89' lang='lat' dir='ltr'><strong>cum</strong></span> <span class='ocrx_word' id='word_1_196' title='bbox 639 2639 724 2706; x_wconf 92' lang='lat' dir='ltr'><strong>qui</strong></span> <span class='ocrx_word' id='word_1_197' title='bbox 755 2653 819 2691; x_wconf 81' lang='lat' dir='ltr'><strong>ex</strong></span> <span class='ocrx_word' id='word_1_198' title='bbox 853 2637 1204 2706; x_wconf 87' lang='lat' dir='ltr'><strong>piscatoribus</strong></span> <span class='ocrx_word' id='word_1_199' title='bbox 1249 2636 1518 2690; x_wconf 86' lang='lat' dir='ltr'><strong>hominum</strong></span> <span class='ocrx_word' id='word_1_200' title='bbox 1571 2637 1732 2692; x_wconf 86' lang='lat' dir='ltr'><strong>efficit</strong></span> <span class='ocrx_word' id='word_1_201' title='bbox 1757 2649 2068 2694; x_wconf 88' lang='lat' dir='ltr'><strong>venatores:</strong></span> 
     </span>
    </p>
   </div>
   <div class='ocr_carea' id='block_1_26' title="bbox 493 2728 2074 2799">
    <p class='ocr_par' dir='ltr' id='par_1_26' title="bbox 493 2728 2074 2799">
     <span class='ocr_line' id='line_1_26' title="bbox 493 2728 2074 2799; baseline 0.001 -17"><span class='ocrx_word' id='word_1_202' title='bbox 493 2729 796 2797; x_wconf 89' lang='lat' dir='ltr'><strong>publicani,</strong></span> <span class='ocrx_word' id='word_1_203' title='bbox 828 2743 948 2782; x_wconf 91' lang='lat' dir='ltr'><strong>eum</strong></span> <span class='ocrx_word' id='word_1_204' title='bbox 976 2729 1062 2796; x_wconf 81' lang='lat' dir='ltr'><strong>qui</strong></span> <span class='ocrx_word' id='word_1_205' title='bbox 1095 2743 1158 2781; x_wconf 83' lang='lat' dir='ltr'><strong>ex</strong></span> <span class='ocrx_word' id='word_1_206' title='bbox 1197 2728 1492 2795; x_wconf 82' lang='lat' dir='ltr'><strong>publicanis</strong></span> <span class='ocrx_word' id='word_1_207' title='bbox 1525 2729 1779 2783; x_wconf 90' lang='lat' dir='ltr'><strong>selectum</strong></span> <span class='ocrx_word' id='word_1_208' title='bbox 1809 2731 2074 2799; x_wconf 85' lang='lat' dir='ltr'><strong>evangeli-</strong></span> 
     </span>
    </p>
   </div>
   <div class='ocr_carea' id='block_1_27' title="bbox 487 2817 2068 2889">
    <p class='ocr_par' dir='ltr' id='par_1_27' title="bbox 487 2817 2068 2889">
     <span class='ocr_line' id='line_1_27' title="bbox 487 2817 2068 2889; baseline 0 -17"><span class='ocrx_word' id='word_1_209' title='bbox 487 2827 624 2872; x_wconf 87' lang='lat' dir='ltr'><strong>stam</strong></span> <span class='ocrx_word' id='word_1_210' title='bbox 655 2819 893 2888; x_wconf 75' lang='lat' dir='ltr'><strong>designat</strong></span> <span class='ocrx_word' id='word_1_211' title='bbox 922 2817 1133 2887; x_wconf 80' lang='lat' dir='ltr'><strong>(Matth.</strong></span> <span class='ocrx_word' id='word_1_212' title='bbox 1159 2818 1214 2872; x_wconf 87' lang='lat'><strong>9.</strong></span> <span class='ocrx_word' id='word_1_213' title='bbox 1246 2818 1322 2887; x_wconf 87' lang='lat'><strong>9);</strong></span> <span class='ocrx_word' id='word_1_214' title='bbox 1357 2820 1683 2883; x_wconf 88' lang='lat' dir='ltr'><strong>meretrices,</strong></span> <span class='ocrx_word' id='word_1_215' title='bbox 1715 2835 1836 2874; x_wconf 91' lang='lat' dir='ltr'><strong>eum</strong></span> <span class='ocrx_word' id='word_1_216' title='bbox 1869 2821 1956 2889; x_wconf 91' lang='lat' dir='ltr'><strong>qui</strong></span> <span class='ocrx_word' id='word_1_217' title='bbox 1989 2821 2068 2874; x_wconf 88' lang='lat' dir='ltr'><strong>la-</strong></span> 
     </span>
    </p>
   </div>
   <div class='ocr_carea' id='block_1_28' title="bbox 487 2908 2070 2980">
    <p class='ocr_par' dir='ltr' id='par_1_28' title="bbox 487 2908 2070 2980">
     <span class='ocr_line' id='line_1_28' title="bbox 487 2908 2070 2980; baseline 0.001 -17"><span class='ocrx_word' id='word_1_218' title='bbox 487 2911 683 2980; x_wconf 84' lang='lat' dir='ltr'><strong>crymis</strong></span> <span class='ocrx_word' id='word_1_219' title='bbox 710 2908 1022 2963; x_wconf 88' lang='lat' dir='ltr'><strong>meretriciis</strong></span> <span class='ocrx_word' id='word_1_220' title='bbox 1049 2908 1211 2977; x_wconf 87' lang='lat' dir='ltr'><strong>pedes</strong></span> <span class='ocrx_word' id='word_1_221' title='bbox 1240 2922 1363 2961; x_wconf 89' lang='lat' dir='ltr'><strong>suos</strong></span> <span class='ocrx_word' id='word_1_222' title='bbox 1386 2909 1637 2976; x_wconf 90' lang='lat' dir='ltr'><strong>exponit;</strong></span> <span class='ocrx_word' id='word_1_223' title='bbox 1663 2917 1820 2979; x_wconf 86' lang='lat' dir='ltr'><strong>atque</strong></span> <span class='ocrx_word' id='word_1_224' title='bbox 1849 2921 1903 2964; x_wconf 93' lang='lat' dir='ltr'><strong>ut</strong></span> <span class='ocrx_word' id='word_1_225' title='bbox 1923 2926 2070 2964; x_wconf 89' lang='lat' dir='ltr'><strong>com-</strong></span> 
     </span>
    </p>
   </div>
   <div class='ocr_carea' id='block_1_29' title="bbox 489 2998 2065 3070">
    <p class='ocr_par' dir='ltr' id='par_1_29' title="bbox 489 2998 2065 3070">
     <span class='ocr_line' id='line_1_29' title="bbox 489 2998 2065 3070; baseline 0.003 -19"><span class='ocrx_word' id='word_1_226' title='bbox 489 3001 686 3068; x_wconf 87' lang='lat' dir='ltr'><strong>plectar</strong></span> <span class='ocrx_word' id='word_1_227' title='bbox 715 2998 881 3062; x_wconf 90' lang='lat' dir='ltr'><strong>brevi,</strong></span> <span class='ocrx_word' id='word_1_228' title='bbox 905 3008 1206 3068; x_wconf 80' lang='lat' dir='ltr'><strong>peccatores</strong></span> <span class='ocrx_word' id='word_1_229' title='bbox 1227 3012 1413 3051; x_wconf 89' lang='lat' dir='ltr'><strong>omnes</strong></span> <span class='ocrx_word' id='word_1_230' title='bbox 1432 2998 1776 3064; x_wconf 89' lang='lat' dir='ltr'><strong>advenerunt,</strong></span> <span class='ocrx_word' id='word_1_231' title='bbox 1801 3009 1858 3054; x_wconf 92' lang='lat' dir='ltr'><strong>ut</strong></span> <span class='ocrx_word' id='word_1_232' title='bbox 1877 3016 2065 3070; x_wconf 90' lang='lat' dir='ltr'><strong>agnum</strong></span> 
     </span>
    </p>
   </div>
   <div class='ocr_carea' id='block_1_30' title="bbox 488 3089 2070 3162">
    <p class='ocr_par' dir='ltr' id='par_1_30' title="bbox 488 3089 2070 3162">
     <span class='ocr_line' id='line_1_30' title="bbox 488 3089 2070 3162; baseline 0 -17"><span class='ocrx_word' id='word_1_233' title='bbox 488 3093 581 3145; x_wconf 88' lang='lat' dir='ltr'><strong>Dei</strong></span> <span class='ocrx_word' id='word_1_234' title='bbox 610 3100 889 3146; x_wconf 89' lang='lat' dir='ltr'><strong>cernerent</strong></span> <span class='ocrx_word' id='word_1_235' title='bbox 909 3131 921 3152; x_wconf 93' lang='lat'><strong>,</strong></span> <span class='ocrx_word' id='word_1_236' title='bbox 955 3090 1043 3159; x_wconf 90' lang='lat' dir='ltr'><strong>qui</strong></span> <span class='ocrx_word' id='word_1_237' title='bbox 1075 3090 1208 3142; x_wconf 91' lang='lat' dir='ltr'><strong>tollit</strong></span> <span class='ocrx_word' id='word_1_238' title='bbox 1239 3098 1448 3158; x_wconf 88' lang='lat' dir='ltr'><strong>peccata</strong></span> <span class='ocrx_word' id='word_1_239' title='bbox 1476 3089 1655 3143; x_wconf 90' lang='lat' dir='ltr'><strong>mundi</strong></span> <span class='ocrx_word' id='word_1_240' title='bbox 1679 3132 1692 3154; x_wconf 92' lang='lat'><strong>,</strong></span> <span class='ocrx_word' id='word_1_241' title='bbox 1721 3090 1793 3160; x_wconf 89' lang='lat' dir='ltr'><strong>(a)</strong></span> <span class='ocrx_word' id='word_1_242' title='bbox 1821 3089 1981 3162; x_wconf 79' lang='lat' dir='ltr'><strong>[magi</strong></span> <span class='ocrx_word' id='word_1_243' title='bbox 2011 3103 2070 3145; x_wconf 94' lang='lat' dir='ltr'><strong>ut</strong></span> 
     </span>
    </p>
   </div>
   <div class='ocr_carea' id='block_1_31' title="bbox 486 3182 2062 3250">
    <p class='ocr_par' dir='ltr' id='par_1_31' title="bbox 486 3182 2062 3250">
     <span class='ocr_line' id='line_1_31' title="bbox 486 3182 2062 3250; baseline -0.001 -12"><span class='ocrx_word' id='word_1_244' title='bbox 486 3199 607 3238; x_wconf 91' lang='lat' dir='ltr'><strong>eum</strong></span> <span class='ocrx_word' id='word_1_245' title='bbox 636 3183 880 3236; x_wconf 84' lang='lat' dir='ltr'><strong>satellitio</strong></span> <span class='ocrx_word' id='word_1_246' title='bbox 907 3196 1003 3235; x_wconf 90' lang='lat' dir='ltr'><strong>suo</strong></span> <span class='ocrx_word' id='word_1_247' title='bbox 1028 3182 1275 3250; x_wconf 84' lang='lat' dir='ltr'><strong>cingant,</strong></span> <span class='ocrx_word' id='word_1_248' title='bbox 1310 3189 1568 3248; x_wconf 90' lang='lat' dir='ltr'><strong>pastores,</strong></span> <span class='ocrx_word' id='word_1_249' title='bbox 1607 3191 1662 3233; x_wconf 92' lang='lat' dir='ltr'><strong>ut</strong></span> <span class='ocrx_word' id='word_1_250' title='bbox 1689 3197 1806 3236; x_wconf 90' lang='lat' dir='ltr'><strong>eum</strong></span> <span class='ocrx_word' id='word_1_251' title='bbox 1839 3183 2062 3237; x_wconf 91' lang='lat' dir='ltr'><strong>benedi-</strong></span> 
     </span>
    </p>
   </div>
   <div class='ocr_carea' id='block_1_32' title="bbox 487 3271 2059 3343">
    <p class='ocr_par' dir='ltr' id='par_1_32' title="bbox 487 3271 2059 3343">
     <span class='ocr_line' id='line_1_32' title="bbox 487 3271 2059 3343; baseline 0.005 -15"><span class='ocrx_word' id='word_1_252' title='bbox 487 3282 627 3336; x_wconf 84' lang='lat' dir='ltr'><strong>canl,</strong></span> <span class='ocrx_word' id='word_1_253' title='bbox 661 3272 944 3341; x_wconf 86' lang='lat' dir='ltr'><strong>publicani,</strong></span> <span class='ocrx_word' id='word_1_254' title='bbox 968 3283 1019 3326; x_wconf 87' lang='lat' dir='ltr'><strong>ul</strong></span> <span class='ocrx_word' id='word_1_255' title='bbox 1038 3273 1383 3343; x_wconf 87' lang='lat' dir='ltr'><strong>Evangelium</strong></span> <span class='ocrx_word' id='word_1_256' title='bbox 1401 3271 1704 3338; x_wconf 60' lang='lat' dir='ltr'><strong>PFG-“dicem:</strong></span> <span class='ocrx_word' id='word_1_257' title='bbox 1733 3273 2059 3336; x_wconf 53' lang='lat' dir='ltr'><strong>meretrices.</strong></span> 
     </span>
    </p>
   </div>
   <div class='ocr_carea' id='block_1_33' title="bbox 486 3360 2067 3431">
    <p class='ocr_par' dir='ltr' id='par_1_33' title="bbox 486 3360 2067 3431">
     <span class='ocr_line' id='line_1_33' title="bbox 486 3360 2067 3431; baseline -0.001 -15"><span class='ocrx_word' id='word_1_258' title='bbox 486 3374 542 3416; x_wconf 89' lang='lat' dir='ltr'><strong>ut</strong></span> <span class='ocrx_word' id='word_1_259' title='bbox 589 3373 846 3431; x_wconf 82' lang='lat' dir='ltr'><strong>unguenta</strong></span> <span class='ocrx_word' id='word_1_260' title='bbox 893 3362 1173 3425; x_wconf 73' lang='lat' dir='ltr'><strong>deferant,</strong></span> <span class='ocrx_word' id='word_1_261' title='bbox 1201 3360 1568 3423; x_wconf 87' lang='lat' dir='ltr'><strong>Samaritana,</strong></span> <span class='ocrx_word' id='word_1_262' title='bbox 1604 3371 1660 3412; x_wconf 90' lang='grc' dir='ltr'><strong>ιιι</strong></span> <span class='ocrx_word' id='word_1_263' title='bbox 1708 3360 1906 3414; x_wconf 88' lang='lat' dir='ltr'><strong>fontem</strong></span> <span class='ocrx_word' id='word_1_264' title='bbox 1947 3362 2067 3415; x_wconf 75' lang='lat' dir='ltr'><strong>vita:</strong></span> 
     </span>
    </p>
   </div>
   <div class='ocr_carea' id='block_1_34' title="bbox 486 3451 2062 3522">
    <p class='ocr_par' dir='ltr' id='par_1_34' title="bbox 486 3451 2062 3522">
     <span class='ocr_line' id='line_1_34' title="bbox 486 3451 2062 3522; baseline -0.003 -14"><span class='ocrx_word' id='word_1_265' title='bbox 486 3456 659 3519; x_wconf 78' lang='lat' dir='ltr'><strong>sitiat,</strong></span> <span class='ocrx_word' id='word_1_266' title='bbox 691 3454 987 3508; x_wconf 77' lang='lat' dir='ltr'><strong>Clianaiuna</strong></span> <span class='ocrx_word' id='word_1_267' title='bbox 1013 3494 1028 3517; x_wconf 95' lang='lat'><strong>,</strong></span> <span class='ocrx_word' id='word_1_268' title='bbox 1064 3460 1121 3504; x_wconf 87' lang='lat' dir='ltr'><strong>ut</strong></span> <span class='ocrx_word' id='word_1_269' title='bbox 1161 3452 1503 3505; x_wconf 85' lang='lat' dir='ltr'><strong>indubitatam</strong></span> <span class='ocrx_word' id='word_1_270' title='bbox 1558 3451 1711 3503; x_wconf 78' lang='lat' dir='ltr'><strong>fidem</strong></span> <span class='ocrx_word' id='word_1_271' title='bbox 1756 3451 2062 3522; x_wconf 83' lang='lat' dir='ltr'><strong>exhibeat].</strong></span> 
     </span>
    </p>
   </div>
   <div class='ocr_carea' id='block_1_35' title="bbox 487 3540 2066 3616">
    <p class='ocr_par' dir='ltr' id='par_1_35' title="bbox 487 3540 2066 3616">
     <span class='ocr_line' id='line_1_35' title="bbox 487 3540 2066 3616; baseline -0.003 -17"><span class='ocrx_word' id='word_1_272' title='bbox 487 3547 619 3599; x_wconf 74' lang='lat' dir='ltr'><strong>Cum</strong></span> <span class='ocrx_word' id='word_1_273' title='bbox 651 3547 805 3616; x_wconf 90' lang='lat' dir='ltr'><strong>igitur</strong></span> <span class='ocrx_word' id='word_1_274' title='bbox 823 3561 1014 3598; x_wconf 86' lang='lat' dir='ltr'><strong>omnes</strong></span> <span class='ocrx_word' id='word_1_275' title='bbox 1039 3544 1343 3608; x_wconf 84' lang='lat' dir='ltr'><strong>exsultent,</strong></span> <span class='ocrx_word' id='word_1_276' title='bbox 1368 3540 1494 3595; x_wconf 84' lang='lat' dir='ltr'><strong>mihi</strong></span> <span class='ocrx_word' id='word_1_277' title='bbox 1525 3556 1733 3610; x_wconf 89' lang='lat' dir='ltr'><strong>quoque</strong></span> <span class='ocrx_word' id='word_1_278' title='bbox 1759 3542 1931 3610; x_wconf 87' lang='lat' dir='ltr'><strong>placet</strong></span> <span class='ocrx_word' id='word_1_279' title='bbox 1967 3557 2066 3596; x_wconf 84' lang='lat' dir='ltr'><strong>ex-</strong></span> 
     </span>
    </p>
   </div>
   <div class='ocr_carea' id='block_1_36' title="bbox 486 3632 2062 3703">
    <p class='ocr_par' dir='ltr' id='par_1_36' title="bbox 486 3632 2062 3703">
     <span class='ocr_line' id='line_1_36' title="bbox 486 3632 2062 3703; baseline -0.003 -13"><span class='ocrx_word' id='word_1_280' title='bbox 486 3637 684 3690; x_wconf 88' lang='lat' dir='ltr'><strong>sultare</strong></span> <span class='ocrx_word' id='word_1_281' title='bbox 706 3677 720 3701; x_wconf 89' lang='lat'><strong>,</strong></span> <span class='ocrx_word' id='word_1_282' title='bbox 748 3637 974 3690; x_wconf 88' lang='lat' dir='ltr'><strong>choreas</strong></span> <span class='ocrx_word' id='word_1_283' title='bbox 1013 3648 1170 3703; x_wconf 90' lang='lat' dir='ltr'><strong>agere</strong></span> <span class='ocrx_word' id='word_1_284' title='bbox 1217 3633 1338 3685; x_wconf 86' lang='lat' dir='ltr'><strong>volo</strong></span> <span class='ocrx_word' id='word_1_285' title='bbox 1362 3672 1376 3697; x_wconf 95' lang='lat'><strong>,</strong></span> <span class='ocrx_word' id='word_1_286' title='bbox 1405 3632 1704 3700; x_wconf 85' lang='lat' dir='ltr'><strong>festumque</strong></span> <span class='ocrx_word' id='word_1_287' title='bbox 1751 3632 2019 3686; x_wconf 89' lang='lat' dir='ltr'><strong>celebrare</strong></span> <span class='ocrx_word' id='word_1_288' title='bbox 2048 3651 2062 3686; x_wconf 74' lang='grc' dir='ltr'><strong>ε</strong></span> 
     </span>
    </p>
   </div>
   <div class='ocr_carea' id='block_1_37' title="bbox 485 3722 2062 3795">
    <p class='ocr_par' dir='ltr' id='par_1_37' title="bbox 485 3722 2062 3795">
     <span class='ocr_line' id='line_1_37' title="bbox 485 3722 2062 3795; baseline -0.001 -19"><span class='ocrx_word' id='word_1_289' title='bbox 485 3743 644 3795; x_wconf 90' lang='lat' dir='ltr'><strong>porro</strong></span> <span class='ocrx_word' id='word_1_290' title='bbox 673 3726 894 3779; x_wconf 83' lang='lat' dir='ltr'><strong>choreas</strong></span> <span class='ocrx_word' id='word_1_291' title='bbox 915 3741 1032 3792; x_wconf 87' lang='lat' dir='ltr'><strong>ago,</strong></span> <span class='ocrx_word' id='word_1_292' title='bbox 1050 3740 1152 3778; x_wconf 91' lang='lat' dir='ltr'><strong>non</strong></span> <span class='ocrx_word' id='word_1_293' title='bbox 1174 3723 1428 3776; x_wconf 88' lang='lat' dir='ltr'><strong>citharam</strong></span> <span class='ocrx_word' id='word_1_294' title='bbox 1445 3722 1676 3789; x_wconf 87' lang='lat' dir='ltr'><strong>pulsans,</strong></span> <span class='ocrx_word' id='word_1_295' title='bbox 1695 3738 1798 3774; x_wconf 91' lang='lat' dir='ltr'><strong>non</strong></span> <span class='ocrx_word' id='word_1_296' title='bbox 1824 3723 2062 3792; x_wconf 75' lang='lat' dir='ltr'><strong>thyrsum</strong></span> 
     </span>
    </p>
   </div>
   <div class='ocr_carea' id='block_1_38' title="bbox 485 3814 2061 3885">
    <p class='ocr_par' dir='ltr' id='par_1_38' title="bbox 485 3814 2061 3885">
     <span class='ocr_line' id='line_1_38' title="bbox 485 3814 2061 3885; baseline -0.001 -17"><span class='ocrx_word' id='word_1_297' title='bbox 485 3817 749 3885; x_wconf 86' lang='lat' dir='ltr'><strong>quatiens,</strong></span> <span class='ocrx_word' id='word_1_298' title='bbox 779 3832 882 3868; x_wconf 92' lang='lat' dir='ltr'><strong>non</strong></span> <span class='ocrx_word' id='word_1_299' title='bbox 915 3816 1067 3868; x_wconf 89' lang='lat' dir='ltr'><strong>tibias</strong></span> <span class='ocrx_word' id='word_1_300' title='bbox 1093 3815 1302 3878; x_wconf 82' lang='lat' dir='ltr'><strong>inflatis,</strong></span> <span class='ocrx_word' id='word_1_301' title='bbox 1334 3829 1437 3864; x_wconf 91' lang='lat' dir='ltr'><strong>non</strong></span> <span class='ocrx_word' id='word_1_302' title='bbox 1465 3814 1604 3866; x_wconf 86' lang='lat' dir='ltr'><strong>faces</strong></span> <span class='ocrx_word' id='word_1_303' title='bbox 1626 3814 1940 3877; x_wconf 88' lang='lat' dir='ltr'><strong>accendens,</strong></span> <span class='ocrx_word' id='word_1_304' title='bbox 1971 3814 2061 3866; x_wconf 85' lang='lat' dir='ltr'><strong>sed</strong></span> 
     </span>
    </p>
   </div>
   <div class='ocr_carea' id='block_1_39' title="bbox 488 3903 2060 3962">
    <p class='ocr_par' dir='ltr' id='par_1_39' title="bbox 488 3903 2060 3962">
     <span class='ocr_line' id='line_1_39' title="bbox 488 3903 2060 3962; baseline -0.004 0"><span class='ocrx_word' id='word_1_305' title='bbox 488 3910 811 3962; x_wconf 84' lang='lat' dir='ltr'><strong>musicorum</strong></span> <span class='ocrx_word' id='word_1_306' title='bbox 869 3908 1336 3960; x_wconf 86' lang='lat' dir='ltr'><strong>instrumentorum</strong></span> <span class='ocrx_word' id='word_1_307' title='bbox 1388 3905 1505 3957; x_wconf 89' lang='lat' dir='ltr'><strong>loco</strong></span> <span class='ocrx_word' id='word_1_308' title='bbox 1555 3903 1752 3957; x_wconf 89' lang='lat' dir='ltr'><strong>Christi</strong></span> <span class='ocrx_word' id='word_1_309' title='bbox 1806 3919 2060 3958; x_wconf 91' lang='lat' dir='ltr'><strong>cunarum</strong></span> 
     </span>
    </p>
   </div>
   <div class='ocr_carea' id='block_1_40' title="bbox 488 3995 2061 4069">
    <p class='ocr_par' dir='ltr' id='par_1_40' title="bbox 488 3995 2061 4069">
     <span class='ocr_line' id='line_1_40' title="bbox 488 3995 2061 4069; baseline -0.005 -13"><span class='ocrx_word' id='word_1_310' title='bbox 488 4001 678 4056; x_wconf 78' lang='lat' dir='ltr'><strong>fascias</strong></span> <span class='ocrx_word' id='word_1_311' title='bbox 702 4009 935 4069; x_wconf 89' lang='lat' dir='ltr'><strong>gestans.</strong></span> <span class='ocrx_word' id='word_1_312' title='bbox 963 3998 1054 4051; x_wconf 75' lang='lat' dir='ltr'><strong>lla:</strong></span> <span class='ocrx_word' id='word_1_313' title='bbox 1082 4013 1307 4064; x_wconf 89' lang='lat' dir='ltr'><strong>namque</strong></span> <span class='ocrx_word' id='word_1_314' title='bbox 1337 3995 1466 4048; x_wconf 89' lang='lat' dir='ltr'><strong>mihi</strong></span> <span class='ocrx_word' id='word_1_315' title='bbox 1494 4005 1619 4048; x_wconf 91' lang='lat' dir='ltr'><strong>sunt</strong></span> <span class='ocrx_word' id='word_1_316' title='bbox 1643 4010 1794 4062; x_wconf 87' lang='lat' dir='ltr'><strong>spes,</strong></span> <span class='ocrx_word' id='word_1_317' title='bbox 1825 3995 1906 4047; x_wconf 82' lang='lat' dir='ltr'><strong>h;e</strong></span> <span class='ocrx_word' id='word_1_318' title='bbox 1936 3996 2061 4048; x_wconf 91' lang='lat' dir='ltr'><strong>mihi</strong></span> 
     </span>
    </p>
   </div>
   <div class='ocr_carea' id='block_1_41' title="bbox 487 4087 2058 4157">
    <p class='ocr_par' dir='ltr' id='par_1_41' title="bbox 487 4087 2058 4157">
     <span class='ocr_line' id='line_1_41' title="bbox 487 4087 2058 4157; baseline -0.003 -13"><span class='ocrx_word' id='word_1_319' title='bbox 487 4095 612 4157; x_wconf 91' lang='lat' dir='ltr'><strong>vita,</strong></span> <span class='ocrx_word' id='word_1_320' title='bbox 647 4092 726 4146; x_wconf 83' lang='lat' dir='ltr'><strong>hae</strong></span> <span class='ocrx_word' id='word_1_321' title='bbox 756 4091 884 4144; x_wconf 92' lang='lat' dir='ltr'><strong>mihi</strong></span> <span class='ocrx_word' id='word_1_322' title='bbox 911 4092 1074 4154; x_wconf 89' lang='lat' dir='ltr'><strong>salus,</strong></span> <span class='ocrx_word' id='word_1_323' title='bbox 1106 4091 1186 4142; x_wconf 71' lang='lat' dir='ltr'><strong>ha:</strong></span> <span class='ocrx_word' id='word_1_324' title='bbox 1213 4087 1339 4141; x_wconf 92' lang='lat' dir='ltr'><strong>mihi</strong></span> <span class='ocrx_word' id='word_1_325' title='bbox 1371 4087 1529 4152; x_wconf 61' lang='lat' dir='ltr'><strong>tibia},</strong></span> <span class='ocrx_word' id='word_1_326' title='bbox 1562 4088 1641 4140; x_wconf 69' lang='lat' dir='ltr'><strong>lite</strong></span> <span class='ocrx_word' id='word_1_327' title='bbox 1667 4087 1791 4139; x_wconf 93' lang='lat' dir='ltr'><strong>mihi</strong></span> <span class='ocrx_word' id='word_1_328' title='bbox 1823 4087 2019 4141; x_wconf 85' lang='lat' dir='ltr'><strong>cithara</strong></span> <span class='ocrx_word' id='word_1_329' title='bbox 2048 4107 2058 4140; x_wconf 91' lang='lat'><strong>:</strong></span> 
     </span>
    </p>
   </div>
   <div class='ocr_carea' id='block_1_42' title="bbox 488 4179 2062 4254">
    <p class='ocr_par' dir='ltr' id='par_1_42' title="bbox 488 4179 2062 4254">
     <span class='ocr_line' id='line_1_42' title="bbox 488 4179 2062 4254; baseline -0.003 -17"><span class='ocrx_word' id='word_1_330' title='bbox 488 4194 766 4254; x_wconf 89' lang='lat' dir='ltr'><strong>propterea</strong></span> <span class='ocrx_word' id='word_1_331' title='bbox 798 4190 851 4234; x_wconf 91' lang='lat' dir='ltr'><strong>et</strong></span> <span class='ocrx_word' id='word_1_332' title='bbox 883 4181 1022 4249; x_wconf 90' lang='lat' dir='ltr'><strong>ipsas</strong></span> <span class='ocrx_word' id='word_1_333' title='bbox 1047 4191 1260 4249; x_wconf 76' lang='lat' dir='ltr'><strong>gestans</strong></span> <span class='ocrx_word' id='word_1_334' title='bbox 1286 4179 1541 4244; x_wconf 89' lang='lat' dir='ltr'><strong>advenio,</strong></span> <span class='ocrx_word' id='word_1_335' title='bbox 1567 4187 1622 4231; x_wconf 91' lang='lat' dir='ltr'><strong>ut</strong></span> <span class='ocrx_word' id='word_1_336' title='bbox 1659 4194 1836 4232; x_wconf 88' lang='lat' dir='ltr'><strong>earum</strong></span> <span class='ocrx_word' id='word_1_337' title='bbox 1871 4180 2062 4233; x_wconf 89' lang='lat' dir='ltr'><strong>virtute</strong></span> 
     </span>
    </p>
   </div>
   <div class='ocr_carea' id='block_1_43' title="bbox 485 4270 2062 4339">
    <p class='ocr_par' dir='ltr' id='par_1_43' title="bbox 485 4270 2062 4339">
     <span class='ocr_line' id='line_1_43' title="bbox 485 4270 2062 4339; baseline -0.004 -11"><span class='ocrx_word' id='word_1_338' title='bbox 485 4275 788 4329; x_wconf 82' lang='lat' dir='ltr'><strong>facultatem</strong></span> <span class='ocrx_word' id='word_1_339' title='bbox 814 4273 1073 4327; x_wconf 79' lang='lat' dir='ltr'><strong>sermonis</strong></span> <span class='ocrx_word' id='word_1_340' title='bbox 1099 4272 1317 4339; x_wconf 88' lang='lat' dir='ltr'><strong>adeptus</strong></span> <span class='ocrx_word' id='word_1_341' title='bbox 1341 4284 1461 4323; x_wconf 91' lang='lat' dir='ltr'><strong>cum</strong></span> <span class='ocrx_word' id='word_1_342' title='bbox 1492 4270 1691 4338; x_wconf 82' lang='lat' dir='ltr'><strong>angelis</strong></span> <span class='ocrx_word' id='word_1_343' title='bbox 1715 4271 1908 4336; x_wconf 89' lang='lat' dir='ltr'><strong>dicam,</strong></span> <span class='ocrx_word' id='word_1_344' title='bbox 1943 4270 2062 4324; x_wconf 77' lang='lat' dir='ltr'><strong>Glo-</strong></span> 
     </span>
    </p>
   </div>
   <div class='ocr_carea' id='block_1_44' title="bbox 486 4359 2061 4430">
    <p class='ocr_par' dir='ltr' id='par_1_44' title="bbox 486 4359 2061 4430">
     <span class='ocr_line' id='line_1_44' title="bbox 486 4359 2061 4430; baseline -0.001 -14"><span class='ocrx_word' id='word_1_345' title='bbox 486 4366 563 4417; x_wconf 85' lang='lat' dir='ltr'><strong>ria</strong></span> <span class='ocrx_word' id='word_1_346' title='bbox 587 4365 640 4417; x_wconf 84' lang='lat' dir='ltr'><strong>in</strong></span> <span class='ocrx_word' id='word_1_347' title='bbox 667 4364 923 4417; x_wconf 78' lang='lat' dir='ltr'><strong>altissimis</strong></span> <span class='ocrx_word' id='word_1_348' title='bbox 953 4361 1077 4425; x_wconf 86' lang='lat' dir='ltr'><strong>Deo;</strong></span> <span class='ocrx_word' id='word_1_349' title='bbox 1107 4377 1226 4414; x_wconf 88' lang='lat' dir='ltr'><strong>cum</strong></span> <span class='ocrx_word' id='word_1_350' title='bbox 1258 4360 1573 4428; x_wconf 90' lang='lat' dir='ltr'><strong>pastoribus,</strong></span> <span class='ocrx_word' id='word_1_351' title='bbox 1607 4359 1672 4411; x_wconf 89' lang='lat' dir='ltr'><strong>Et</strong></span> <span class='ocrx_word' id='word_1_352' title='bbox 1699 4361 1749 4412; x_wconf 85' lang='lat' dir='ltr'><strong>in</strong></span> <span class='ocrx_word' id='word_1_353' title='bbox 1777 4370 1909 4413; x_wconf 87' lang='lat' dir='ltr'><strong>terra</strong></span> <span class='ocrx_word' id='word_1_354' title='bbox 1938 4379 2061 4430; x_wconf 70' lang='lat' dir='ltr'><strong>pax,</strong></span> 
     </span>
    </p>
   </div>
   <div class='ocr_carea' id='block_1_45' title="bbox 485 4447 2058 4520">
    <p class='ocr_par' dir='ltr' id='par_1_45' title="bbox 485 4447 2058 4520">
     <span class='ocr_line' id='line_1_45' title="bbox 485 4447 2058 4520; baseline 0 -15"><span class='ocrx_word' id='word_1_355' title='bbox 485 4457 540 4509; x_wconf 72' lang='lat' dir='ltr'><strong>in</strong></span> <span class='ocrx_word' id='word_1_356' title='bbox 574 4453 855 4508; x_wconf 84' lang='lat' dir='ltr'><strong>hominibus</strong></span> <span class='ocrx_word' id='word_1_357' title='bbox 885 4451 1248 4520; x_wconf 80' lang='lat' dir='ltr'><strong>beneplacitum</strong></span> <span class='ocrx_word' id='word_1_358' title='bbox 1287 4449 1435 4518; x_wconf 86' lang='lat' dir='ltr'><strong>(Luc.</strong></span> <span class='ocrx_word' id='word_1_359' title='bbox 1459 4449 1515 4501; x_wconf 71' lang='lat'><strong>2.</strong></span> <span class='ocrx_word' id='word_1_360' title='bbox 1546 4447 1653 4519; x_wconf 78' lang='lat' dir='ltr'><strong>M).</strong></span> <span class='ocrx_word' id='word_1_361' title='bbox 1689 4450 1856 4504; x_wconf 87' lang='lat' dir='ltr'><strong>Hodie</strong></span> <span class='ocrx_word' id='word_1_362' title='bbox 1882 4453 1971 4519; x_wconf 89' lang='lat' dir='ltr'><strong>qui</strong></span> <span class='ocrx_word' id='word_1_363' title='bbox 1996 4469 2058 4505; x_wconf 83' lang='lat' dir='ltr'><strong>ex</strong></span> 
     </span>
    </p>
   </div>
   <div class='ocr_carea' id='block_1_46' title="bbox 483 4538 2062 4610">
    <p class='ocr_par' dir='ltr' id='par_1_46' title="bbox 483 4538 2062 4610">
     <span class='ocr_line' id='line_1_46' title="bbox 483 4538 2062 4610; baseline 0 -15"><span class='ocrx_word' id='word_1_364' title='bbox 483 4541 644 4599; x_wconf 89' lang='lat' dir='ltr'><strong>Patre</strong></span> <span class='ocrx_word' id='word_1_365' title='bbox 669 4543 1004 4598; x_wconf 77' lang='lat' dir='ltr'><strong>ineffabiliter</strong></span> <span class='ocrx_word' id='word_1_366' title='bbox 1028 4541 1234 4610; x_wconf 88' lang='lat' dir='ltr'><strong>genitus</strong></span> <span class='ocrx_word' id='word_1_367' title='bbox 1263 4547 1364 4604; x_wconf 90' lang='lat' dir='ltr'><strong>est,</strong></span> <span class='ocrx_word' id='word_1_368' title='bbox 1391 4554 1457 4593; x_wconf 81' lang='lat' dir='ltr'><strong>ex</strong></span> <span class='ocrx_word' id='word_1_369' title='bbox 1491 4538 1705 4607; x_wconf 89' lang='lat' dir='ltr'><strong>Virgine</strong></span> <span class='ocrx_word' id='word_1_370' title='bbox 1728 4549 1944 4608; x_wconf 89' lang='lat' dir='ltr'><strong>propter</strong></span> <span class='ocrx_word' id='word_1_371' title='bbox 1978 4557 2062 4595; x_wconf 90' lang='lat' dir='ltr'><strong>me</strong></span> 
     </span>
    </p>
   </div>
   <div class='ocr_carea' id='block_1_47' title="bbox 487 4628 2059 4703">
    <p class='ocr_par' dir='ltr' id='par_1_47' title="bbox 487 4628 2059 4703">
     <span class='ocr_line' id='line_1_47' title="bbox 487 4628 2059 4703; baseline -0.004 -14"><span class='ocrx_word' id='word_1_372' title='bbox 487 4632 845 4703; x_wconf 65' lang='lat' dir='ltr'><strong>inexplicabili</strong></span> <span class='ocrx_word' id='word_1_373' title='bbox 875 4631 1032 4685; x_wconf 90' lang='lat' dir='ltr'><strong>modo</strong></span> <span class='ocrx_word' id='word_1_374' title='bbox 1062 4631 1316 4684; x_wconf 89' lang='lat' dir='ltr'><strong>nascitur.</strong></span> <span class='ocrx_word' id='word_1_375' title='bbox 1350 4628 1454 4683; x_wconf 89' lang='lat' dir='ltr'><strong>Sed</strong></span> <span class='ocrx_word' id='word_1_376' title='bbox 1483 4637 1592 4681; x_wconf 93' lang='lat' dir='ltr'><strong>tum</strong></span> <span class='ocrx_word' id='word_1_377' title='bbox 1619 4629 1830 4697; x_wconf 89' lang='lat' dir='ltr'><strong>quidem</strong></span> <span class='ocrx_word' id='word_1_378' title='bbox 1867 4644 2059 4683; x_wconf 90' lang='lat' dir='ltr'><strong>secun-</strong></span> 
     </span>
    </p>
   </div>
   <div class='ocr_carea' id='block_1_48' title="bbox 486 4721 2064 4789">
    <p class='ocr_par' dir='ltr' id='par_1_48' title="bbox 486 4721 2064 4789">
     <span class='ocr_line' id='line_1_48' title="bbox 486 4721 2064 4789; baseline -0.003 -9"><span class='ocrx_word' id='word_1_379' title='bbox 486 4729 610 4782; x_wconf 89' lang='lat' dir='ltr'><strong>dum</strong></span> <span class='ocrx_word' id='word_1_380' title='bbox 640 4734 877 4778; x_wconf 87' lang='lat' dir='ltr'><strong>naturam</strong></span> <span class='ocrx_word' id='word_1_381' title='bbox 905 4731 1026 4776; x_wconf 87' lang='lat' dir='ltr'><strong>ante</strong></span> <span class='ocrx_word' id='word_1_382' title='bbox 1055 4722 1243 4775; x_wconf 64' lang='lat' dir='ltr'><strong>saecula</strong></span> <span class='ocrx_word' id='word_1_383' title='bbox 1276 4721 1481 4789; x_wconf 88' lang='lat' dir='ltr'><strong>genitus</strong></span> <span class='ocrx_word' id='word_1_384' title='bbox 1510 4730 1591 4774; x_wconf 90' lang='lat' dir='ltr'><strong>est</strong></span> <span class='ocrx_word' id='word_1_385' title='bbox 1615 4735 1680 4773; x_wconf 84' lang='lat' dir='ltr'><strong>ex</strong></span> <span class='ocrx_word' id='word_1_386' title='bbox 1714 4721 1882 4782; x_wconf 81' lang='lat' dir='ltr'><strong>l’atre,</strong></span> <span class='ocrx_word' id='word_1_387' title='bbox 1912 4733 2064 4788; x_wconf 86' lang='lat' dir='ltr'><strong>prout</strong></span> 
     </span>
    </p>
   </div>
   <div class='ocr_carea' id='block_1_49' title="bbox 484 4811 2064 4883">
    <p class='ocr_par' dir='ltr' id='par_1_49' title="bbox 484 4811 2064 4883">
     <span class='ocr_line' id='line_1_49' title="bbox 484 4811 2064 4883; baseline 0 -17"><span class='ocrx_word' id='word_1_388' title='bbox 484 4817 633 4869; x_wconf 87' lang='lat' dir='ltr'><strong>novit</strong></span> <span class='ocrx_word' id='word_1_389' title='bbox 675 4817 762 4869; x_wconf 90' lang='lat' dir='ltr'><strong>ille</strong></span> <span class='ocrx_word' id='word_1_390' title='bbox 787 4857 800 4878; x_wconf 91' lang='lat'><strong>,</strong></span> <span class='ocrx_word' id='word_1_391' title='bbox 830 4815 916 4883; x_wconf 89' lang='lat' dir='ltr'><strong>qui</strong></span> <span class='ocrx_word' id='word_1_392' title='bbox 948 4814 1125 4882; x_wconf 88' lang='lat' dir='ltr'><strong>genuit</strong></span> <span class='ocrx_word' id='word_1_393' title='bbox 1151 4831 1162 4864; x_wconf 92' lang='lat'><strong>:</strong></span> <span class='ocrx_word' id='word_1_394' title='bbox 1191 4812 1344 4865; x_wconf 91' lang='lat' dir='ltr'><strong>hodie</strong></span> <span class='ocrx_word' id='word_1_395' title='bbox 1388 4825 1514 4865; x_wconf 89' lang='lat' dir='ltr'><strong>vero</strong></span> <span class='ocrx_word' id='word_1_396' title='bbox 1540 4827 1721 4864; x_wconf 76' lang='lat' dir='ltr'><strong>rursus</strong></span> <span class='ocrx_word' id='word_1_397' title='bbox 1761 4827 1824 4864; x_wconf 85' lang='lat' dir='ltr'><strong>ex</strong></span> <span class='ocrx_word' id='word_1_398' title='bbox 1852 4811 2064 4881; x_wconf 82' lang='lat' dir='ltr'><strong>Virgine</strong></span> 
     </span>
    </p>
   </div>
   <div class='ocr_carea' id='block_1_50' title="bbox 485 4903 2064 4972">
    <p class='ocr_par' dir='ltr' id='par_1_50' title="bbox 485 4903 2064 4972">
     <span class='ocr_line' id='line_1_50' title="bbox 485 4903 2064 4972; baseline -0.001 -12"><span class='ocrx_word' id='word_1_399' title='bbox 485 4917 681 4972; x_wconf 68' lang='lat' dir='ltr'><strong>PT&#39;JIICI‘</strong></span> <span class='ocrx_word' id='word_1_400' title='bbox 707 4918 944 4959; x_wconf 88' lang='lat' dir='ltr'><strong>naturam</strong></span> <span class='ocrx_word' id='word_1_401' title='bbox 970 4916 1124 4958; x_wconf 88' lang='lat' dir='ltr'><strong>natus</strong></span> <span class='ocrx_word' id='word_1_402' title='bbox 1153 4912 1265 4970; x_wconf 90' lang='lat' dir='ltr'><strong>est,</strong></span> <span class='ocrx_word' id='word_1_403' title='bbox 1299 4913 1452 4972; x_wconf 91' lang='lat' dir='ltr'><strong>prout</strong></span> <span class='ocrx_word' id='word_1_404' title='bbox 1475 4903 1701 4971; x_wconf 89' lang='lat' dir='ltr'><strong>Spiritus</strong></span> <span class='ocrx_word' id='word_1_405' title='bbox 1723 4908 1888 4956; x_wconf 89' lang='lat' dir='ltr'><strong>sancti</strong></span> <span class='ocrx_word' id='word_1_406' title='bbox 1921 4906 2064 4958; x_wconf 82' lang='lat' dir='ltr'><strong>novit</strong></span> 
     </span>
    </p>
   </div>
   <div class='ocr_carea' id='block_1_51' title="bbox 486 4995 2065 5068">
    <p class='ocr_par' dir='ltr' id='par_1_51' title="bbox 486 4995 2065 5068">
     <span class='ocr_line' id='line_1_51' title="bbox 486 4995 2065 5068; baseline -0.001 -18"><span class='ocrx_word' id='word_1_407' title='bbox 486 5000 671 5068; x_wconf 84' lang='lat' dir='ltr'><strong>gratia.</strong></span> <span class='ocrx_word' id='word_1_408' title='bbox 703 4998 767 5050; x_wconf 88' lang='lat' dir='ltr'><strong>Et</strong></span> <span class='ocrx_word' id='word_1_409' title='bbox 791 5012 1015 5064; x_wconf 83' lang='lat' dir='ltr'><strong>superna</strong></span> <span class='ocrx_word' id='word_1_410' title='bbox 1038 4997 1151 5065; x_wconf 88' lang='lat' dir='ltr'><strong>ejus</strong></span> <span class='ocrx_word' id='word_1_411' title='bbox 1180 4995 1449 5065; x_wconf 82' lang='lat' dir='ltr'><strong>generatio</strong></span> <span class='ocrx_word' id='word_1_412' title='bbox 1480 5004 1729 5059; x_wconf 82' lang='lat' dir='ltr'><strong>veraest,</strong></span> <span class='ocrx_word' id='word_1_413' title='bbox 1767 5007 1820 5048; x_wconf 89' lang='lat' dir='ltr'><strong>et</strong></span> <span class='ocrx_word' id='word_1_414' title='bbox 1850 4996 2065 5048; x_wconf 83' lang='lat' dir='ltr'><strong>inferior</strong></span> 
     </span>
    </p>
   </div>
   <div class='ocr_carea' id='block_1_52' title="bbox 488 5085 2064 5156">
    <p class='ocr_par' dir='ltr' id='par_1_52' title="bbox 488 5085 2064 5156">
     <span class='ocr_line' id='line_1_52' title="bbox 488 5085 2064 5156; baseline -0.002 -15"><span class='ocrx_word' id='word_1_415' title='bbox 488 5089 601 5156; x_wconf 90' lang='lat' dir='ltr'><strong>ejus</strong></span> <span class='ocrx_word' id='word_1_416' title='bbox 640 5087 907 5154; x_wconf 81' lang='lat' dir='ltr'><strong>generatio</strong></span> <span class='ocrx_word' id='word_1_417' title='bbox 946 5088 1162 5139; x_wconf 89' lang='lat' dir='ltr'><strong>minime</strong></span> <span class='ocrx_word' id='word_1_418' title='bbox 1209 5085 1334 5138; x_wconf 85' lang='lat' dir='ltr'><strong>falsa</strong></span> <span class='ocrx_word' id='word_1_419' title='bbox 1365 5093 1454 5139; x_wconf 87' lang='lat' dir='ltr'><strong>:et</strong></span> <span class='ocrx_word' id='word_1_420' title='bbox 1495 5100 1617 5138; x_wconf 88' lang='lat' dir='ltr'><strong>vere</strong></span> <span class='ocrx_word' id='word_1_421' title='bbox 1669 5086 1804 5138; x_wconf 83' lang='lat' dir='ltr'><strong>Deus</strong></span> <span class='ocrx_word' id='word_1_422' title='bbox 1842 5101 1906 5138; x_wconf 83' lang='lat' dir='ltr'><strong>ex</strong></span> <span class='ocrx_word' id='word_1_423' title='bbox 1959 5087 2064 5138; x_wconf 84' lang='lat' dir='ltr'><strong>Deo</strong></span> 
     </span>
    </p>
   </div>
   <div class='ocr_carea' id='block_1_53' title="bbox 490 5174 2061 5247">
    <p class='ocr_par' dir='ltr' id='par_1_53' title="bbox 490 5174 2061 5247">
     <span class='ocr_line' id='line_1_53' title="bbox 490 5174 2061 5247; baseline -0.002 -17"><span class='ocrx_word' id='word_1_424' title='bbox 490 5178 696 5247; x_wconf 90' lang='lat' dir='ltr'><strong>genitus</strong></span> <span class='ocrx_word' id='word_1_425' title='bbox 720 5185 799 5230; x_wconf 90' lang='lat' dir='ltr'><strong>est</strong></span> <span class='ocrx_word' id='word_1_426' title='bbox 823 5216 837 5238; x_wconf 94' lang='lat'><strong>,</strong></span> <span class='ocrx_word' id='word_1_427' title='bbox 871 5186 924 5229; x_wconf 91' lang='lat' dir='ltr'><strong>et</strong></span> <span class='ocrx_word' id='word_1_428' title='bbox 951 5192 1072 5229; x_wconf 85' lang='lat' dir='ltr'><strong>vere</strong></span> <span class='ocrx_word' id='word_1_429' title='bbox 1103 5177 1258 5228; x_wconf 90' lang='lat' dir='ltr'><strong>homo</strong></span> <span class='ocrx_word' id='word_1_430' title='bbox 1286 5175 1424 5228; x_wconf 89' lang='lat' dir='ltr'><strong>idem</strong></span> <span class='ocrx_word' id='word_1_431' title='bbox 1450 5191 1512 5228; x_wconf 86' lang='lat' dir='ltr'><strong>ex</strong></span> <span class='ocrx_word' id='word_1_432' title='bbox 1541 5174 1752 5244; x_wconf 81' lang='lat' dir='ltr'><strong>Virgine</strong></span> <span class='ocrx_word' id='word_1_433' title='bbox 1778 5184 1932 5227; x_wconf 92' lang='lat' dir='ltr'><strong>nalns</strong></span> <span class='ocrx_word' id='word_1_434' title='bbox 1961 5185 2061 5227; x_wconf 88' lang='lat' dir='ltr'><strong>est.</strong></span> 
     </span>
    </p>
   </div>
   <div class='ocr_carea' id='block_1_54' title="bbox 488 5264 2061 5332">
    <p class='ocr_par' dir='ltr' id='par_1_54' title="bbox 488 5264 2061 5332">
     <span class='ocr_line' id='line_1_54' title="bbox 488 5264 2061 5332; baseline -0.003 -10"><span class='ocrx_word' id='word_1_435' title='bbox 488 5268 706 5322; x_wconf 82' lang='lat' dir='ltr'><strong>Sursum</strong></span> <span class='ocrx_word' id='word_1_436' title='bbox 747 5267 889 5319; x_wconf 84' lang='lat' dir='ltr'><strong>solus</strong></span> <span class='ocrx_word' id='word_1_437' title='bbox 917 5281 978 5317; x_wconf 79' lang='lat' dir='ltr'><strong>ex</strong></span> <span class='ocrx_word' id='word_1_438' title='bbox 1009 5265 1124 5317; x_wconf 91' lang='lat' dir='ltr'><strong>solo</strong></span> <span class='ocrx_word' id='word_1_439' title='bbox 1163 5265 1474 5332; x_wconf 88' lang='lat' dir='ltr'><strong>Unigenitus</strong></span> <span class='ocrx_word' id='word_1_440' title='bbox 1499 5306 1511 5324; x_wconf 89' lang='lat'><strong>,</strong></span> <span class='ocrx_word' id='word_1_441' title='bbox 1540 5264 1789 5318; x_wconf 90' lang='lat' dir='ltr'><strong>deorsum</strong></span> <span class='ocrx_word' id='word_1_442' title='bbox 1831 5267 1974 5317; x_wconf 91' lang='lat' dir='ltr'><strong>solus</strong></span> <span class='ocrx_word' id='word_1_443' title='bbox 2000 5281 2061 5318; x_wconf 86' lang='lat' dir='ltr'><strong>ex</strong></span> 
     </span>
    </p>
   </div>
   <div class='ocr_carea' id='block_1_55' title="bbox 493 5353 2063 5424">
    <p class='ocr_par' dir='ltr' id='par_1_55' title="bbox 493 5353 2063 5424">
     <span class='ocr_line' id='line_1_55' title="bbox 493 5353 2063 5424; baseline -0.003 -12"><span class='ocrx_word' id='word_1_444' title='bbox 493 5359 605 5412; x_wconf 83' lang='lat' dir='ltr'><strong>Sola</strong></span> <span class='ocrx_word' id='word_1_445' title='bbox 635 5356 844 5424; x_wconf 89' lang='lat' dir='ltr'><strong>Virgine</strong></span> <span class='ocrx_word' id='word_1_446' title='bbox 884 5355 1021 5407; x_wconf 85' lang='lat' dir='ltr'><strong>idem</strong></span> <span class='ocrx_word' id='word_1_447' title='bbox 1047 5353 1380 5421; x_wconf 86' lang='lat' dir='ltr'><strong>Unigenitus.</strong></span> <span class='ocrx_word' id='word_1_448' title='bbox 1406 5354 1551 5407; x_wconf 87' lang='lat' dir='ltr'><strong>Sicut</strong></span> <span class='ocrx_word' id='word_1_449' title='bbox 1577 5355 1717 5407; x_wconf 87' lang='lat' dir='ltr'><strong>enim</strong></span> <span class='ocrx_word' id='word_1_450' title='bbox 1751 5354 1803 5406; x_wconf 91' lang='lat' dir='ltr'><strong>in</strong></span> <span class='ocrx_word' id='word_1_451' title='bbox 1838 5369 2063 5422; x_wconf 87' lang='lat' dir='ltr'><strong>superna</strong></span> 
     </span>
    </p>
   </div>
   <div class='ocr_carea' id='block_1_56' title="bbox 496 5445 2066 5517">
    <p class='ocr_par' dir='ltr' id='par_1_56' title="bbox 496 5445 2066 5517">
     <span class='ocr_line' id='line_1_56' title="bbox 496 5445 2066 5517; baseline -0.003 -15"><span class='ocrx_word' id='word_1_452' title='bbox 496 5448 834 5517; x_wconf 87' lang='lat' dir='ltr'><strong>generatione</strong></span> <span class='ocrx_word' id='word_1_453' title='bbox 865 5455 1082 5497; x_wconf 87' lang='lat' dir='ltr'><strong>matrem</strong></span> <span class='ocrx_word' id='word_1_454' title='bbox 1114 5445 1404 5511; x_wconf 88' lang='lat' dir='ltr'><strong>intelligere</strong></span> <span class='ocrx_word' id='word_1_455' title='bbox 1432 5445 1645 5512; x_wconf 89' lang='lat' dir='ltr'><strong>impium</strong></span> <span class='ocrx_word' id='word_1_456' title='bbox 1672 5455 1753 5498; x_wconf 89' lang='lat' dir='ltr'><strong>est</strong></span> <span class='ocrx_word' id='word_1_457' title='bbox 1780 5462 1791 5496; x_wconf 89' lang='lat'><strong>:</strong></span> <span class='ocrx_word' id='word_1_458' title='bbox 1817 5445 1892 5497; x_wconf 92' lang='lat' dir='ltr'><strong>sic</strong></span> <span class='ocrx_word' id='word_1_459' title='bbox 1915 5445 1963 5496; x_wconf 93' lang='lat' dir='ltr'><strong>in</strong></span> <span class='ocrx_word' id='word_1_460' title='bbox 1988 5446 2066 5497; x_wconf 90' lang='lat' dir='ltr'><strong>in-</strong></span> 
     </span>
    </p>
   </div>
   <div class='ocr_carea' id='block_1_57' title="bbox 501 5535 2064 5607">
    <p class='ocr_par' dir='ltr' id='par_1_57' title="bbox 501 5535 2064 5607">
     <span class='ocr_line' id='line_1_57' title="bbox 501 5535 2064 5607; baseline -0.003 -15"><span class='ocrx_word' id='word_1_461' title='bbox 501 5539 676 5594; x_wconf 85' lang='lat' dir='ltr'><strong>feriori</strong></span> <span class='ocrx_word' id='word_1_462' title='bbox 724 5537 1061 5607; x_wconf 86' lang='lat' dir='ltr'><strong>generatione</strong></span> <span class='ocrx_word' id='word_1_463' title='bbox 1107 5545 1306 5599; x_wconf 85' lang='lat' dir='ltr'><strong>patrem</strong></span> <span class='ocrx_word' id='word_1_464' title='bbox 1352 5535 1657 5589; x_wconf 75' lang='lat' dir='ltr'><strong>existimare</strong></span> <span class='ocrx_word' id='word_1_465' title='bbox 1700 5535 2064 5604; x_wconf 88' lang='lat' dir='ltr'><strong>blasphemum</strong></span> 
     </span>
    </p>
   </div>
   <div class='ocr_carea' id='block_1_58' title="bbox 499 5622 2068 5695">
    <p class='ocr_par' dir='ltr' id='par_1_58' title="bbox 499 5622 2068 5695">
     <span class='ocr_line' id='line_1_58' title="bbox 499 5622 2068 5695; baseline -0.006 -11"><span class='ocrx_word' id='word_1_466' title='bbox 499 5640 585 5684; x_wconf 88' lang='lat' dir='ltr'><strong>est</strong></span> <span class='ocrx_word' id='word_1_467' title='bbox 637 5628 789 5682; x_wconf 89' lang='lat' dir='ltr'><strong>Pater</strong></span> <span class='ocrx_word' id='word_1_468' title='bbox 820 5627 1016 5695; x_wconf 85' lang='lat' dir='ltr'><strong>absque</strong></span> <span class='ocrx_word' id='word_1_469' title='bbox 1054 5622 1265 5676; x_wconf 80' lang='lat' dir='ltr'><strong>deﬂuxu</strong></span> <span class='ocrx_word' id='word_1_470' title='bbox 1287 5623 1506 5690; x_wconf 88' lang='lat' dir='ltr'><strong>genuit,</strong></span> <span class='ocrx_word' id='word_1_471' title='bbox 1536 5634 1587 5676; x_wconf 91' lang='lat' dir='ltr'><strong>et</strong></span> <span class='ocrx_word' id='word_1_472' title='bbox 1618 5624 1774 5691; x_wconf 87' lang='lat' dir='ltr'><strong>Virgo</strong></span> <span class='ocrx_word' id='word_1_473' title='bbox 1813 5623 1927 5676; x_wconf 90' lang='lat' dir='ltr'><strong>sine</strong></span> <span class='ocrx_word' id='word_1_474' title='bbox 1951 5639 2068 5678; x_wconf 87' lang='lat' dir='ltr'><strong>eor-</strong></span> 
     </span>
    </p>
   </div>
   <div class='ocr_carea' id='block_1_59' title="bbox 505 5711 2070 5788">
    <p class='ocr_par' dir='ltr' id='par_1_59' title="bbox 505 5711 2070 5788">
     <span class='ocr_line' id='line_1_59' title="bbox 505 5711 2070 5788; baseline -0.004 -15"><span class='ocrx_word' id='word_1_475' title='bbox 505 5719 745 5788; x_wconf 86' lang='lat' dir='ltr'><strong>ruptione</strong></span> <span class='ocrx_word' id='word_1_476' title='bbox 773 5719 972 5786; x_wconf 81' lang='lat' dir='ltr'><strong>peperit</strong></span> <span class='ocrx_word' id='word_1_477' title='bbox 999 5733 1009 5768; x_wconf 93' lang='lat'><strong>:</strong></span> <span class='ocrx_word' id='word_1_478' title='bbox 1035 5730 1151 5767; x_wconf 89' lang='lat' dir='ltr'><strong>nam</strong></span> <span class='ocrx_word' id='word_1_479' title='bbox 1185 5727 1351 5780; x_wconf 89' lang='lat' dir='ltr'><strong>neque</strong></span> <span class='ocrx_word' id='word_1_480' title='bbox 1387 5711 1658 5769; x_wconf 80' lang='lat' dir='ltr'><strong>defluxum</strong></span> <span class='ocrx_word' id='word_1_481' title='bbox 1688 5714 1935 5768; x_wconf 85' lang='lat' dir='ltr'><strong>sustinuit</strong></span> <span class='ocrx_word' id='word_1_482' title='bbox 1972 5714 2070 5767; x_wconf 85' lang='lat' dir='ltr'><strong>Pa-</strong></span> 
     </span>
    </p>
   </div>
   <div class='ocr_carea' id='block_1_60' title="bbox 567 5843 1732 5914">
    <p class='ocr_par' dir='ltr' id='par_1_60' title="bbox 567 5843 1732 5914">
     <span class='ocr_line' id='line_1_60' title="bbox 567 5843 1732 5914; baseline -0.01 -13"><span class='ocrx_word' id='word_1_483' title='bbox 567 5851 641 5914; x_wconf 85' lang='lat' dir='ltr'><strong>(a)</strong></span> <span class='ocrx_word' id='word_1_484' title='bbox 673 5859 782 5909; x_wconf 77' lang='lat' dir='ltr'><strong>Qua:</strong></span> <span class='ocrx_word' id='word_1_485' title='bbox 809 5848 991 5899; x_wconf 81' lang='lat' dir='ltr'><strong>uncinis</strong></span> <span class='ocrx_word' id='word_1_486' title='bbox 1015 5844 1318 5904; x_wconf 78' lang='lat' dir='ltr'><strong>clauduntur,</strong></span> <span class='ocrx_word' id='word_1_487' title='bbox 1347 5843 1523 5894; x_wconf 84' lang='lat' dir='ltr'><strong>desunt</strong></span> <span class='ocrx_word' id='word_1_488' title='bbox 1547 5846 1594 5893; x_wconf 88' lang='lat' dir='ltr'><strong>in</strong></span> <span class='ocrx_word' id='word_1_489' title='bbox 1616 5851 1732 5909; x_wconf 83' lang='lat' dir='ltr'><strong>neg.</strong></span> 
     </span>
    </p>
   </div>
   <div class='ocr_carea' id='block_1_61' title="bbox 1243 445 3033 517">
    <p class='ocr_par' dir='ltr' id='par_1_61' title="bbox 1243 445 3033 517">
     <span class='ocr_line' id='line_1_61' title="bbox 1243 445 3033 517; baseline 0.008 -17"><span class='ocrx_word' id='word_1_490' title='bbox 1243 445 1301 500; x_wconf 90' lang='lat' dir='ltr'><strong>S.</strong></span> <span class='ocrx_word' id='word_1_491' title='bbox 1339 445 1614 504; x_wconf 80' lang='lat' dir='ltr'><strong>JOANNIS</strong></span> <span class='ocrx_word' id='word_1_492' title='bbox 1651 445 2114 502; x_wconf 75' lang='lat' dir='ltr'><strong>CHRYSOSTOMI</strong></span> <span class='ocrx_word' id='word_1_493' title='bbox 2153 449 2464 506; x_wconf 78' lang='lat' dir='ltr'><strong>ARClllEP.</strong></span> <span class='ocrx_word' id='word_1_494' title='bbox 2506 454 3033 517; x_wconf 78' lang='lat' dir='ltr'><strong>CONSTANTINOP.</strong></span> 
     </span>
    </p>
   </div>
   <div class='ocr_carea' id='block_1_62' title="bbox 3671 487 3785 540">
    <p class='ocr_par' dir='ltr' id='par_1_62' title="bbox 3671 487 3785 540">
     <span class='ocr_line' id='line_1_62' title="bbox 3671 487 3785 540; baseline 0 0"><span class='ocrx_word' id='word_1_495' title='bbox 3671 487 3785 540; x_wconf 85' lang='lat'><strong>388</strong></span> 
     </span>
    </p>
   </div>
   <div class='ocr_carea' id='block_1_63' title="bbox 2205 571 3782 657">
    <p class='ocr_par' dir='ltr' id='par_1_63' title="bbox 2205 571 3782 657">
     <span class='ocr_line' id='line_1_63' title="bbox 2205 571 3782 657; baseline 0.015 -37"><span class='ocrx_word' id='word_1_496' title='bbox 2205 576 2302 657; x_wconf 88' lang='lat' dir='ltr'><strong>ter;</strong></span> <span class='ocrx_word' id='word_1_497' title='bbox 2321 571 2513 638; x_wconf 87' lang='lat' dir='ltr'><strong>quippe</strong></span> <span class='ocrx_word' id='word_1_498' title='bbox 2538 573 2649 640; x_wconf 91' lang='lat' dir='ltr'><strong>qui,</strong></span> <span class='ocrx_word' id='word_1_499' title='bbox 2676 585 2828 642; x_wconf 91' lang='lat' dir='ltr'><strong>prout</strong></span> <span class='ocrx_word' id='word_1_500' title='bbox 2855 579 3203 635; x_wconf 88' lang='lat' dir='ltr'><strong>conveniebat</strong></span> <span class='ocrx_word' id='word_1_501' title='bbox 3221 581 3349 647; x_wconf 89' lang='lat' dir='ltr'><strong>Deo,</strong></span> <span class='ocrx_word' id='word_1_502' title='bbox 3367 585 3577 653; x_wconf 88' lang='lat' dir='ltr'><strong>genuit:</strong></span> <span class='ocrx_word' id='word_1_503' title='bbox 3603 601 3782 657; x_wconf 79' lang='lat' dir='ltr'><strong>neque</strong></span> 
     </span>
    </p>
   </div>
   <div class='ocr_carea' id='block_1_64' title="bbox 2199 656 3780 744">
    <p class='ocr_par' dir='ltr' id='par_1_64' title="bbox 2199 656 3780 744">
     <span class='ocr_line' id='line_1_64' title="bbox 2199 656 3780 744; baseline 0.015 -35"><span class='ocrx_word' id='word_1_504' title='bbox 2199 656 2359 726; x_wconf 88' lang='lat' dir='ltr'><strong>Virgo</strong></span> <span class='ocrx_word' id='word_1_505' title='bbox 2387 663 2779 729; x_wconf 86' lang='lat' dir='ltr'><strong>corruptionem</strong></span> <span class='ocrx_word' id='word_1_506' title='bbox 2817 668 3063 722; x_wconf 83' lang='lat' dir='ltr'><strong>sustinuit</strong></span> <span class='ocrx_word' id='word_1_507' title='bbox 3112 671 3400 739; x_wconf 84' lang='lat' dir='ltr'><strong>pariendo;</strong></span> <span class='ocrx_word' id='word_1_508' title='bbox 3431 676 3627 743; x_wconf 90' lang='lat' dir='ltr'><strong>quippe</strong></span> <span class='ocrx_word' id='word_1_509' title='bbox 3658 656 3780 744; x_wconf 78' lang='lat' dir='ltr'><strong>qua:</strong></span> 
     </span>
    </p>
   </div>
   <div class='ocr_carea' id='block_1_65' title="bbox 2197 747 3780 829">
    <p class='ocr_par' dir='ltr' id='par_1_65' title="bbox 2197 747 3780 829">
     <span class='ocr_line' id='line_1_65' title="bbox 2197 747 3780 829; baseline 0.013 -31"><span class='ocrx_word' id='word_1_510' title='bbox 2197 747 2538 816; x_wconf 87' lang='lat' dir='ltr'><strong>spiritualiter</strong></span> <span class='ocrx_word' id='word_1_511' title='bbox 2556 756 2776 820; x_wconf 87' lang='lat' dir='ltr'><strong>peperit.</strong></span> <span class='ocrx_word' id='word_1_512' title='bbox 2799 755 2948 811; x_wconf 89' lang='lat' dir='ltr'><strong>Unde</strong></span> <span class='ocrx_word' id='word_1_513' title='bbox 2964 773 3135 826; x_wconf 89' lang='lat' dir='ltr'><strong>neque</strong></span> <span class='ocrx_word' id='word_1_514' title='bbox 3147 775 3374 829; x_wconf 88' lang='lat' dir='ltr'><strong>superna</strong></span> <span class='ocrx_word' id='word_1_515' title='bbox 3397 765 3510 828; x_wconf 91' lang='lat' dir='ltr'><strong>ejus</strong></span> <span class='ocrx_word' id='word_1_516' title='bbox 3529 767 3780 819; x_wconf 88' lang='lat' dir='ltr'><strong>nativitas</strong></span> 
     </span>
    </p>
   </div>
   <div class='ocr_carea' id='block_1_66' title="bbox 2196 839 3779 920">
    <p class='ocr_par' dir='ltr' id='par_1_66' title="bbox 2196 839 3779 920">
     <span class='ocr_line' id='line_1_66' title="bbox 2196 839 3779 920; baseline 0.013 -30"><span class='ocrx_word' id='word_1_517' title='bbox 2196 839 2445 907; x_wconf 84' lang='lat' dir='ltr'><strong>explicari</strong></span> <span class='ocrx_word' id='word_1_518' title='bbox 2480 852 2670 910; x_wconf 87' lang='lat' dir='ltr'><strong>potest,</strong></span> <span class='ocrx_word' id='word_1_519' title='bbox 2701 862 2870 914; x_wconf 89' lang='lat' dir='ltr'><strong>neque</strong></span> <span class='ocrx_word' id='word_1_520' title='bbox 2895 864 3202 917; x_wconf 78' lang='lat' dir='ltr'><strong>progressus</strong></span> <span class='ocrx_word' id='word_1_521' title='bbox 3231 853 3345 920; x_wconf 91' lang='lat' dir='ltr'><strong>ejus</strong></span> <span class='ocrx_word' id='word_1_522' title='bbox 3374 855 3426 907; x_wconf 91' lang='lat' dir='ltr'><strong>in</strong></span> <span class='ocrx_word' id='word_1_523' title='bbox 3473 857 3779 911; x_wconf 84' lang='lat' dir='ltr'><strong>novissimis</strong></span> 
     </span>
    </p>
   </div>
   <div class='ocr_carea' id='block_1_67' title="bbox 2199 932 3778 1015">
    <p class='ocr_par' dir='ltr' id='par_1_67' title="bbox 2199 932 3778 1015">
     <span class='ocr_line' id='line_1_67' title="bbox 2199 932 3778 1015; baseline 0.012 -34"><span class='ocrx_word' id='word_1_524' title='bbox 2199 932 2521 997; x_wconf 89' lang='lat' dir='ltr'><strong>temporibus</strong></span> <span class='ocrx_word' id='word_1_525' title='bbox 2550 934 2758 988; x_wconf 87' lang='lat' dir='ltr'><strong>curiose</strong></span> <span class='ocrx_word' id='word_1_526' title='bbox 2785 940 3129 1008; x_wconf 68' lang='lat' dir='ltr'><strong>pervestigari</strong></span> <span class='ocrx_word' id='word_1_527' title='bbox 3168 957 3226 994; x_wconf 92' lang='lat' dir='ltr'><strong>se</strong></span> <span class='ocrx_word' id='word_1_528' title='bbox 3253 943 3398 995; x_wconf 90' lang='lat' dir='ltr'><strong>sinit.</strong></span> <span class='ocrx_word' id='word_1_529' title='bbox 3424 943 3555 996; x_wconf 86' lang='lat' dir='ltr'><strong>Nam</strong></span> <span class='ocrx_word' id='word_1_530' title='bbox 3601 945 3778 1015; x_wconf 85' lang='lat' dir='ltr'><strong>Virgi-</strong></span> 
     </span>
    </p>
   </div>
   <div class='ocr_carea' id='block_1_68' title="bbox 2195 1020 3777 1095">
    <p class='ocr_par' dir='ltr' id='par_1_68' title="bbox 2195 1020 3777 1095">
     <span class='ocr_line' id='line_1_68' title="bbox 2195 1020 3777 1095; baseline 0.011 -24"><span class='ocrx_word' id='word_1_531' title='bbox 2195 1033 2318 1072; x_wconf 91' lang='lat' dir='ltr'><strong>nem</strong></span> <span class='ocrx_word' id='word_1_532' title='bbox 2363 1020 2574 1089; x_wconf 92' lang='lat' dir='ltr'><strong>quidem</strong></span> <span class='ocrx_word' id='word_1_533' title='bbox 2622 1021 2779 1078; x_wconf 88' lang='lat' dir='ltr'><strong>hodie</strong></span> <span class='ocrx_word' id='word_1_534' title='bbox 2827 1029 3098 1095; x_wconf 88' lang='lat' dir='ltr'><strong>peperisse</strong></span> <span class='ocrx_word' id='word_1_535' title='bbox 3145 1032 3293 1094; x_wconf 92' lang='lat' dir='ltr'><strong>scio,</strong></span> <span class='ocrx_word' id='word_1_536' title='bbox 3338 1041 3391 1085; x_wconf 91' lang='lat' dir='ltr'><strong>et</strong></span> <span class='ocrx_word' id='word_1_537' title='bbox 3448 1033 3613 1087; x_wconf 87' lang='lat' dir='ltr'><strong>Deum</strong></span> <span class='ocrx_word' id='word_1_538' title='bbox 3657 1035 3777 1088; x_wconf 80' lang='lat' dir='ltr'><strong>sine</strong></span> 
     </span>
    </p>
   </div>
   <div class='ocr_carea' id='block_1_69' title="bbox 2197 1112 3774 1188">
    <p class='ocr_par' dir='ltr' id='par_1_69' title="bbox 2197 1112 3774 1188">
     <span class='ocr_line' id='line_1_69' title="bbox 2197 1112 3774 1188; baseline 0.01 -27"><span class='ocrx_word' id='word_1_539' title='bbox 2197 1116 2432 1178; x_wconf 91' lang='lat' dir='ltr'><strong>tempore</strong></span> <span class='ocrx_word' id='word_1_540' title='bbox 2457 1112 2705 1179; x_wconf 86' lang='lat' dir='ltr'><strong>genuisse</strong></span> <span class='ocrx_word' id='word_1_541' title='bbox 2739 1114 2900 1167; x_wconf 90' lang='lat' dir='ltr'><strong>credo</strong></span> <span class='ocrx_word' id='word_1_542' title='bbox 2926 1135 2937 1169; x_wconf 91' lang='lat'><strong>:</strong></span> <span class='ocrx_word' id='word_1_543' title='bbox 2965 1115 3176 1169; x_wconf 86' lang='lat' dir='ltr'><strong>modum</strong></span> <span class='ocrx_word' id='word_1_544' title='bbox 3204 1128 3379 1172; x_wconf 88' lang='lat' dir='ltr'><strong>autem</strong></span> <span class='ocrx_word' id='word_1_545' title='bbox 3407 1123 3774 1188; x_wconf 87' lang='lat' dir='ltr'><strong>generationis</strong></span> 
     </span>
    </p>
   </div>
   <div class='ocr_carea' id='block_1_70' title="bbox 2193 1198 3770 1271">
    <p class='ocr_par' dir='ltr' id='par_1_70' title="bbox 2193 1198 3770 1271">
     <span class='ocr_line' id='line_1_70' title="bbox 2193 1198 3770 1271; baseline 0.008 -19"><span class='ocrx_word' id='word_1_546' title='bbox 2193 1198 2405 1252; x_wconf 82' lang='lat' dir='ltr'><strong>silentio</strong></span> <span class='ocrx_word' id='word_1_547' title='bbox 2444 1199 2601 1254; x_wconf 86' lang='lat' dir='ltr'><strong>didici</strong></span> <span class='ocrx_word' id='word_1_548' title='bbox 2645 1205 2928 1271; x_wconf 89' lang='lat' dir='ltr'><strong>venerari,</strong></span> <span class='ocrx_word' id='word_1_549' title='bbox 2955 1221 3058 1258; x_wconf 89' lang='lat' dir='ltr'><strong>non</strong></span> <span class='ocrx_word' id='word_1_550' title='bbox 3087 1208 3325 1261; x_wconf 87' lang='lat' dir='ltr'><strong>oratione</strong></span> <span class='ocrx_word' id='word_1_551' title='bbox 3366 1211 3572 1264; x_wconf 91' lang='lat' dir='ltr'><strong>curiose</strong></span> <span class='ocrx_word' id='word_1_552' title='bbox 3621 1212 3770 1264; x_wconf 89' lang='lat' dir='ltr'><strong>illam</strong></span> 
     </span>
    </p>
   </div>
   <div class='ocr_carea' id='block_1_71' title="bbox 2192 1287 3772 1363">
    <p class='ocr_par' dir='ltr' id='par_1_71' title="bbox 2192 1287 3772 1363">
     <span class='ocr_line' id='line_1_71' title="bbox 2192 1287 3772 1363; baseline 0.01 -24"><span class='ocrx_word' id='word_1_553' title='bbox 2192 1287 2556 1357; x_wconf 89' lang='lat' dir='ltr'><strong>inquirendam</strong></span> <span class='ocrx_word' id='word_1_554' title='bbox 2587 1293 2785 1361; x_wconf 87' lang='lat' dir='ltr'><strong>accepi.</strong></span> <span class='ocrx_word' id='word_1_555' title='bbox 2817 1293 3086 1363; x_wconf 89' lang='lat' dir='ltr'><strong>Siquidem</strong></span> <span class='ocrx_word' id='word_1_556' title='bbox 3119 1298 3168 1349; x_wconf 92' lang='lat' dir='ltr'><strong>in</strong></span> <span class='ocrx_word' id='word_1_557' title='bbox 3203 1299 3307 1351; x_wconf 89' lang='lat' dir='ltr'><strong>Deo</strong></span> <span class='ocrx_word' id='word_1_558' title='bbox 3337 1316 3438 1351; x_wconf 90' lang='lat' dir='ltr'><strong>non</strong></span> <span class='ocrx_word' id='word_1_559' title='bbox 3469 1315 3644 1354; x_wconf 89' lang='lat' dir='ltr'><strong>rerum</strong></span> <span class='ocrx_word' id='word_1_560' title='bbox 3677 1319 3772 1355; x_wconf 89' lang='lat' dir='ltr'><strong>na-</strong></span> 
     </span>
    </p>
   </div>
   <div class='ocr_carea' id='block_1_72' title="bbox 2192 1380 3769 1456">
    <p class='ocr_par' dir='ltr' id='par_1_72' title="bbox 2192 1380 3769 1456">
     <span class='ocr_line' id='line_1_72' title="bbox 2192 1380 3769 1456; baseline 0.009 -27"><span class='ocrx_word' id='word_1_561' title='bbox 2192 1385 2308 1430; x_wconf 88' lang='lat' dir='ltr'><strong>tura</strong></span> <span class='ocrx_word' id='word_1_562' title='bbox 2350 1387 2430 1430; x_wconf 92' lang='lat' dir='ltr'><strong>est</strong></span> <span class='ocrx_word' id='word_1_563' title='bbox 2464 1380 2780 1435; x_wconf 88' lang='lat' dir='ltr'><strong>attendenda</strong></span> <span class='ocrx_word' id='word_1_564' title='bbox 2807 1423 2820 1445; x_wconf 94' lang='lat'><strong>,</strong></span> <span class='ocrx_word' id='word_1_565' title='bbox 2846 1385 2936 1436; x_wconf 91' lang='lat' dir='ltr'><strong>sed</strong></span> <span class='ocrx_word' id='word_1_566' title='bbox 2982 1385 3096 1452; x_wconf 90' lang='lat' dir='ltr'><strong>ejus</strong></span> <span class='ocrx_word' id='word_1_567' title='bbox 3115 1427 3130 1448; x_wconf 96' lang='lat'><strong>,</strong></span> <span class='ocrx_word' id='word_1_568' title='bbox 3157 1389 3244 1454; x_wconf 92' lang='lat' dir='ltr'><strong>qui</strong></span> <span class='ocrx_word' id='word_1_569' title='bbox 3271 1398 3521 1456; x_wconf 85' lang='lat' dir='ltr'><strong>operatur</strong></span> <span class='ocrx_word' id='word_1_570' title='bbox 3539 1429 3554 1453; x_wconf 94' lang='lat'><strong>,</strong></span> <span class='ocrx_word' id='word_1_571' title='bbox 3586 1394 3769 1445; x_wconf 89' lang='lat' dir='ltr'><strong>virtuti</strong></span> 
     </span>
    </p>
   </div>
   <div class='ocr_carea' id='block_1_73' title="bbox 2190 1467 3772 1539">
    <p class='ocr_par' dir='ltr' id='par_1_73' title="bbox 2190 1467 3772 1539">
     <span class='ocr_line' id='line_1_73' title="bbox 2190 1467 3772 1539; baseline 0.009 -19"><span class='ocrx_word' id='word_1_572' title='bbox 2190 1467 2319 1521; x_wconf 83' lang='lat' dir='ltr'><strong>fides</strong></span> <span class='ocrx_word' id='word_1_573' title='bbox 2362 1469 2620 1523; x_wconf 89' lang='lat' dir='ltr'><strong>habenda.</strong></span> <span class='ocrx_word' id='word_1_574' title='bbox 2665 1471 2771 1525; x_wconf 83' lang='lat' dir='ltr'><strong>Lex</strong></span> <span class='ocrx_word' id='word_1_575' title='bbox 2812 1474 2952 1526; x_wconf 91' lang='lat' dir='ltr'><strong>enim</strong></span> <span class='ocrx_word' id='word_1_576' title='bbox 3005 1487 3086 1528; x_wconf 87' lang='lat' dir='ltr'><strong>est</strong></span> <span class='ocrx_word' id='word_1_577' title='bbox 3127 1487 3362 1539; x_wconf 72' lang='lat' dir='ltr'><strong>natum,</strong></span> <span class='ocrx_word' id='word_1_578' title='bbox 3411 1495 3528 1532; x_wconf 88' lang='lat' dir='ltr'><strong>cum</strong></span> <span class='ocrx_word' id='word_1_579' title='bbox 3577 1482 3772 1535; x_wconf 87' lang='lat' dir='ltr'><strong>mulier</strong></span> 
     </span>
    </p>
   </div>
   <div class='ocr_carea' id='block_1_74' title="bbox 2189 1561 3769 1639">
    <p class='ocr_par' dir='ltr' id='par_1_74' title="bbox 2189 1561 3769 1639">
     <span class='ocr_line' id='line_1_74' title="bbox 2189 1561 3769 1639; baseline 0.006 -28"><span class='ocrx_word' id='word_1_580' title='bbox 2189 1561 2714 1628; x_wconf 72' lang='lat' dir='ltr'><strong>matrinioniojuncta</strong></span> <span class='ocrx_word' id='word_1_581' title='bbox 2745 1564 2880 1631; x_wconf 89' lang='lat' dir='ltr'><strong>parit</strong></span> <span class='ocrx_word' id='word_1_582' title='bbox 2903 1583 2916 1618; x_wconf 91' lang='lat'><strong>:</strong></span> <span class='ocrx_word' id='word_1_583' title='bbox 2939 1579 3056 1617; x_wconf 90' lang='lat' dir='ltr'><strong>cum</strong></span> <span class='ocrx_word' id='word_1_584' title='bbox 3085 1582 3209 1619; x_wconf 88' lang='lat' dir='ltr'><strong>vero</strong></span> <span class='ocrx_word' id='word_1_585' title='bbox 3231 1567 3398 1620; x_wconf 91' lang='lat' dir='ltr'><strong>virum</strong></span> <span class='ocrx_word' id='word_1_586' title='bbox 3423 1584 3524 1622; x_wconf 91' lang='lat' dir='ltr'><strong>non</strong></span> <span class='ocrx_word' id='word_1_587' title='bbox 3547 1582 3769 1639; x_wconf 81' lang='lat' dir='ltr'><strong>experta</strong></span> 
     </span>
    </p>
   </div>
   <div class='ocr_carea' id='block_1_75' title="bbox 2187 1649 3768 1725">
    <p class='ocr_par' dir='ltr' id='par_1_75' title="bbox 2187 1649 3768 1725">
     <span class='ocr_line' id='line_1_75' title="bbox 2187 1649 3768 1725; baseline 0.008 -25"><span class='ocrx_word' id='word_1_588' title='bbox 2187 1649 2334 1716; x_wconf 80' lang='lat' dir='ltr'><strong>virgo</strong></span> <span class='ocrx_word' id='word_1_589' title='bbox 2373 1660 2645 1718; x_wconf 89' lang='lat' dir='ltr'><strong>postquam</strong></span> <span class='ocrx_word' id='word_1_590' title='bbox 2695 1653 2931 1718; x_wconf 89' lang='lat' dir='ltr'><strong>peperit,</strong></span> <span class='ocrx_word' id='word_1_591' title='bbox 2963 1654 3112 1722; x_wconf 86' lang='lat' dir='ltr'><strong>virgo</strong></span> <span class='ocrx_word' id='word_1_592' title='bbox 3144 1670 3324 1708; x_wconf 85' lang='lat' dir='ltr'><strong>rursus</strong></span> <span class='ocrx_word' id='word_1_593' title='bbox 3366 1668 3615 1725; x_wconf 86' lang='lat' dir='ltr'><strong>apparet,</strong></span> <span class='ocrx_word' id='word_1_594' title='bbox 3653 1668 3768 1712; x_wconf 89' lang='lat' dir='ltr'><strong>tum</strong></span> 
     </span>
    </p>
   </div>
   <div class='ocr_carea' id='block_1_76' title="bbox 2187 1742 3766 1813">
    <p class='ocr_par' dir='ltr' id='par_1_76' title="bbox 2187 1742 3766 1813">
     <span class='ocr_line' id='line_1_76' title="bbox 2187 1742 3766 1813; baseline 0.009 -23"><span class='ocrx_word' id='word_1_595' title='bbox 2187 1753 2272 1791; x_wconf 89' lang='lat' dir='ltr'><strong>res</strong></span> <span class='ocrx_word' id='word_1_596' title='bbox 2300 1750 2538 1792; x_wconf 91' lang='lat' dir='ltr'><strong>naturam</strong></span> <span class='ocrx_word' id='word_1_597' title='bbox 2575 1743 2798 1794; x_wconf 82' lang='lat' dir='ltr'><strong>excedit.</strong></span> <span class='ocrx_word' id='word_1_598' title='bbox 2833 1742 2982 1809; x_wconf 85' lang='lat' dir='ltr'><strong>Quod</strong></span> <span class='ocrx_word' id='word_1_599' title='bbox 3012 1744 3167 1813; x_wconf 88' lang='lat' dir='ltr'><strong>igitur</strong></span> <span class='ocrx_word' id='word_1_600' title='bbox 3193 1747 3481 1800; x_wconf 89' lang='lat' dir='ltr'><strong>secundum</strong></span> <span class='ocrx_word' id='word_1_601' title='bbox 3514 1759 3766 1804; x_wconf 87' lang='lat' dir='ltr'><strong>naturam</strong></span> 
     </span>
    </p>
   </div>
   <div class='ocr_carea' id='block_1_77' title="bbox 2186 1826 3769 1904">
    <p class='ocr_par' dir='ltr' id='par_1_77' title="bbox 2186 1826 3769 1904">
     <span class='ocr_line' id='line_1_77' title="bbox 2186 1826 3769 1904; baseline 0.01 -27"><span class='ocrx_word' id='word_1_602' title='bbox 2186 1826 2276 1890; x_wconf 80' lang='lat' dir='ltr'><strong>ﬁt,</strong></span> <span class='ocrx_word' id='word_1_603' title='bbox 2307 1827 2600 1895; x_wconf 85' lang='lat' dir='ltr'><strong>inquiratur</strong></span> <span class='ocrx_word' id='word_1_604' title='bbox 2624 1848 2635 1882; x_wconf 90' lang='lat'><strong>:</strong></span> <span class='ocrx_word' id='word_1_605' title='bbox 2659 1830 2798 1898; x_wconf 87' lang='lat' dir='ltr'><strong>quod</strong></span> <span class='ocrx_word' id='word_1_606' title='bbox 2842 1847 2964 1884; x_wconf 91' lang='lat' dir='ltr'><strong>vero</strong></span> <span class='ocrx_word' id='word_1_607' title='bbox 3009 1843 3247 1887; x_wconf 88' lang='lat' dir='ltr'><strong>naturam</strong></span> <span class='ocrx_word' id='word_1_608' title='bbox 3275 1848 3519 1904; x_wconf 90' lang='lat' dir='ltr'><strong>superat,</strong></span> <span class='ocrx_word' id='word_1_609' title='bbox 3550 1840 3769 1894; x_wconf 89' lang='lat' dir='ltr'><strong>silentio</strong></span> 
     </span>
    </p>
   </div>
   <div class='ocr_carea' id='block_1_78' title="bbox 2184 1915 3767 1993">
    <p class='ocr_par' dir='ltr' id='par_1_78' title="bbox 2184 1915 3767 1993">
     <span class='ocr_line' id='line_1_78' title="bbox 2184 1915 3767 1993; baseline 0.007 -24"><span class='ocrx_word' id='word_1_610' title='bbox 2184 1915 2424 1970; x_wconf 88' lang='lat' dir='ltr'><strong>colatur:</strong></span> <span class='ocrx_word' id='word_1_611' title='bbox 2449 1932 2551 1970; x_wconf 90' lang='lat' dir='ltr'><strong>non</strong></span> <span class='ocrx_word' id='word_1_612' title='bbox 2585 1928 2850 1988; x_wconf 89' lang='lat' dir='ltr'><strong>tamquam</strong></span> <span class='ocrx_word' id='word_1_613' title='bbox 2879 1920 3198 1989; x_wconf 89' lang='lat' dir='ltr'><strong>fugiendum,</strong></span> <span class='ocrx_word' id='word_1_614' title='bbox 3232 1923 3324 1977; x_wconf 90' lang='lat' dir='ltr'><strong>sed</strong></span> <span class='ocrx_word' id='word_1_615' title='bbox 3365 1933 3628 1993; x_wconf 90' lang='lat' dir='ltr'><strong>tamquam</strong></span> <span class='ocrx_word' id='word_1_616' title='bbox 3677 1928 3767 1980; x_wconf 83' lang='lat' dir='ltr'><strong>in-</strong></span> 
     </span>
    </p>
   </div>
   <div class='ocr_carea' id='block_1_79' title="bbox 2184 2005 3762 2076">
    <p class='ocr_par' dir='ltr' id='par_1_79' title="bbox 2184 2005 3762 2076">
     <span class='ocr_line' id='line_1_79' title="bbox 2184 2005 3762 2076; baseline 0.006 -17"><span class='ocrx_word' id='word_1_617' title='bbox 2184 2005 2502 2069; x_wconf 89' lang='lat' dir='ltr'><strong>enarrabile,</strong></span> <span class='ocrx_word' id='word_1_618' title='bbox 2528 2006 2848 2076; x_wconf 88' lang='lat' dir='ltr'><strong>dignumque</strong></span> <span class='ocrx_word' id='word_1_619' title='bbox 2876 2009 3013 2076; x_wconf 91' lang='lat' dir='ltr'><strong>quod</strong></span> <span class='ocrx_word' id='word_1_620' title='bbox 3046 2010 3254 2063; x_wconf 67' lang='lat' dir='ltr'><strong>silentio</strong></span> <span class='ocrx_word' id='word_1_621' title='bbox 3285 2025 3462 2064; x_wconf 65' lang='lat' dir='ltr'><strong>veneri</strong></span> <span class='ocrx_word' id='word_1_622' title='bbox 3480 2029 3620 2066; x_wconf 91' lang='lat' dir='ltr'><strong>mur.</strong></span> <span class='ocrx_word' id='word_1_623' title='bbox 3653 2015 3762 2068; x_wconf 89' lang='lat' dir='ltr'><strong>Sed</strong></span> 
     </span>
    </p>
   </div>
   <div class='ocr_carea' id='block_1_80' title="bbox 2183 2095 3766 2164">
    <p class='ocr_par' dir='ltr' id='par_1_80' title="bbox 2183 2095 3766 2164">
     <span class='ocr_line' id='line_1_80' title="bbox 2183 2095 3766 2164; baseline 0.008 -18"><span class='ocrx_word' id='word_1_624' title='bbox 2183 2095 2304 2148; x_wconf 88' lang='lat' dir='ltr'><strong>date</strong></span> <span class='ocrx_word' id='word_1_625' title='bbox 2330 2096 2477 2157; x_wconf 90' lang='lat' dir='ltr'><strong>mihi,</strong></span> <span class='ocrx_word' id='word_1_626' title='bbox 2510 2112 2710 2164; x_wconf 72' lang='lat' dir='ltr'><strong>qntnso,</strong></span> <span class='ocrx_word' id='word_1_627' title='bbox 2743 2097 2876 2152; x_wconf 91' lang='lat' dir='ltr'><strong>hanc</strong></span> <span class='ocrx_word' id='word_1_628' title='bbox 2904 2099 3108 2152; x_wconf 89' lang='lat' dir='ltr'><strong>veniam</strong></span> <span class='ocrx_word' id='word_1_629' title='bbox 3137 2140 3152 2164; x_wconf 98' lang='lat'><strong>,</strong></span> <span class='ocrx_word' id='word_1_630' title='bbox 3185 2109 3242 2153; x_wconf 92' lang='lat' dir='ltr'><strong>ut</strong></span> <span class='ocrx_word' id='word_1_631' title='bbox 3276 2102 3326 2154; x_wconf 91' lang='lat' dir='ltr'><strong>in</strong></span> <span class='ocrx_word' id='word_1_632' title='bbox 3357 2103 3576 2155; x_wconf 76' lang='lat' dir='ltr'><strong>exordio</strong></span> <span class='ocrx_word' id='word_1_633' title='bbox 3603 2103 3766 2158; x_wconf 88' lang='lat' dir='ltr'><strong>finem</strong></span> 
     </span>
    </p>
   </div>
   <div class='ocr_carea' id='block_1_81' title="bbox 2180 2183 3768 2248">
    <p class='ocr_par' dir='ltr' id='par_1_81' title="bbox 2180 2183 3768 2248">
     <span class='ocr_line' id='line_1_81' title="bbox 2180 2183 3768 2248; baseline 0.007 -12"><span class='ocrx_word' id='word_1_634' title='bbox 2180 2183 2367 2237; x_wconf 88' lang='lat' dir='ltr'><strong>faciam</strong></span> <span class='ocrx_word' id='word_1_635' title='bbox 2398 2185 2624 2239; x_wconf 89' lang='lat' dir='ltr'><strong>dicendi.</strong></span> <span class='ocrx_word' id='word_1_636' title='bbox 2653 2185 2782 2239; x_wconf 90' lang='lat' dir='ltr'><strong>Cum</strong></span> <span class='ocrx_word' id='word_1_637' title='bbox 2821 2189 2961 2241; x_wconf 88' lang='lat' dir='ltr'><strong>enim</strong></span> <span class='ocrx_word' id='word_1_638' title='bbox 2992 2203 3168 2241; x_wconf 88' lang='lat' dir='ltr'><strong>rerum</strong></span> <span class='ocrx_word' id='word_1_639' title='bbox 3217 2191 3579 2243; x_wconf 85' lang='lat' dir='ltr'><strong>sublimiornm</strong></span> <span class='ocrx_word' id='word_1_640' title='bbox 3615 2193 3768 2248; x_wconf 83' lang='lat' dir='ltr'><strong>inve-</strong></span> 
     </span>
    </p>
   </div>
   <div class='ocr_carea' id='block_1_82' title="bbox 2177 2275 3766 2351">
    <p class='ocr_par' dir='ltr' id='par_1_82' title="bbox 2177 2275 3766 2351">
     <span class='ocr_line' id='line_1_82' title="bbox 2177 2275 3766 2351; baseline 0.007 -23"><span class='ocrx_word' id='word_1_641' title='bbox 2177 2275 2509 2343; x_wconf 88' lang='lat' dir='ltr'><strong>stigationem</strong></span> <span class='ocrx_word' id='word_1_642' title='bbox 2527 2277 2783 2344; x_wconf 89' lang='lat' dir='ltr'><strong>attingere</strong></span> <span class='ocrx_word' id='word_1_643' title='bbox 2801 2277 3158 2342; x_wconf 71' lang='lat' dir='ltr'><strong>reformident,</strong></span> <span class='ocrx_word' id='word_1_644' title='bbox 3179 2296 3282 2347; x_wconf 86' lang='lat' dir='ltr'><strong>quo</strong></span> <span class='ocrx_word' id='word_1_645' title='bbox 3301 2293 3466 2348; x_wconf 86' lang='lat' dir='ltr'><strong>pacto,</strong></span> <span class='ocrx_word' id='word_1_646' title='bbox 3488 2293 3580 2336; x_wconf 91' lang='lat' dir='ltr'><strong>aut</strong></span> <span class='ocrx_word' id='word_1_647' title='bbox 3599 2300 3766 2351; x_wconf 88' lang='lat' dir='ltr'><strong>quam</strong></span> 
     </span>
    </p>
   </div>
   <div class='ocr_carea' id='block_1_83' title="bbox 2178 2365 3763 2437">
    <p class='ocr_par' dir='ltr' id='par_1_83' title="bbox 2178 2365 3763 2437">
     <span class='ocr_line' id='line_1_83' title="bbox 2178 2365 3763 2437; baseline 0.007 -20"><span class='ocrx_word' id='word_1_648' title='bbox 2178 2365 2229 2418; x_wconf 90' lang='lat' dir='ltr'><strong>in</strong></span> <span class='ocrx_word' id='word_1_649' title='bbox 2256 2375 2457 2433; x_wconf 88' lang='lat' dir='ltr'><strong>partem</strong></span> <span class='ocrx_word' id='word_1_650' title='bbox 2485 2368 2738 2420; x_wconf 90' lang='lat' dir='ltr'><strong>orationis</strong></span> <span class='ocrx_word' id='word_1_651' title='bbox 2761 2368 2965 2422; x_wconf 91' lang='lat' dir='ltr'><strong>clavum</strong></span> <span class='ocrx_word' id='word_1_652' title='bbox 2994 2369 3201 2423; x_wconf 72' lang='lat' dir='ltr'><strong>ﬂectant</strong></span> <span class='ocrx_word' id='word_1_653' title='bbox 3229 2371 3426 2424; x_wconf 73' lang='lat' dir='ltr'><strong>nescio.</strong></span> <span class='ocrx_word' id='word_1_654' title='bbox 3453 2371 3587 2437; x_wconf 82' lang='lat' dir='ltr'><strong>Quid</strong></span> <span class='ocrx_word' id='word_1_655' title='bbox 3615 2377 3763 2428; x_wconf 88' lang='lat' dir='ltr'><strong>enim</strong></span> 
     </span>
    </p>
   </div>
   <div class='ocr_carea' id='block_1_84' title="bbox 2176 2454 3763 2536">
    <p class='ocr_par' dir='ltr' id='par_1_84' title="bbox 2176 2454 3763 2536">
     <span class='ocr_line' id='line_1_84' title="bbox 2176 2454 3763 2536; baseline 0.006 -28"><span class='ocrx_word' id='word_1_656' title='bbox 2176 2454 2371 2521; x_wconf 87' lang='lat' dir='ltr'><strong>dicam,</strong></span> <span class='ocrx_word' id='word_1_657' title='bbox 2404 2466 2494 2509; x_wconf 89' lang='lat' dir='ltr'><strong>aut</strong></span> <span class='ocrx_word' id='word_1_658' title='bbox 2521 2457 2645 2526; x_wconf 84' lang='lat' dir='ltr'><strong>quid</strong></span> <span class='ocrx_word' id='word_1_659' title='bbox 2674 2458 2898 2526; x_wconf 89' lang='lat' dir='ltr'><strong>loquar?</strong></span> <span class='ocrx_word' id='word_1_660' title='bbox 2928 2460 3146 2536; x_wconf 70' lang='lat' dir='ltr'><strong>Matrem</strong></span> <span class='ocrx_word' id='word_1_661' title='bbox 3175 2462 3346 2525; x_wconf 91' lang='lat' dir='ltr'><strong>video,</strong></span> <span class='ocrx_word' id='word_1_662' title='bbox 3375 2478 3492 2531; x_wconf 68' lang='lat' dir='ltr'><strong>qntc</strong></span> <span class='ocrx_word' id='word_1_663' title='bbox 3531 2468 3763 2532; x_wconf 86' lang='lat' dir='ltr'><strong>peperit;</strong></span> 
     </span>
    </p>
   </div>
   <div class='ocr_carea' id='block_1_85' title="bbox 2177 2543 3766 2620">
    <p class='ocr_par' dir='ltr' id='par_1_85' title="bbox 2177 2543 3766 2620">
     <span class='ocr_line' id='line_1_85' title="bbox 2177 2543 3766 2620; baseline 0.007 -23"><span class='ocrx_word' id='word_1_664' title='bbox 2177 2543 2338 2598; x_wconf 75' lang='lat' dir='ltr'><strong>filium</strong></span> <span class='ocrx_word' id='word_1_665' title='bbox 2364 2556 2512 2614; x_wconf 88' lang='lat' dir='ltr'><strong>partu</strong></span> <span class='ocrx_word' id='word_1_666' title='bbox 2540 2546 2736 2600; x_wconf 91' lang='lat' dir='ltr'><strong>editum</strong></span> <span class='ocrx_word' id='word_1_667' title='bbox 2759 2563 2920 2602; x_wconf 89' lang='lat' dir='ltr'><strong>cerno</strong></span> <span class='ocrx_word' id='word_1_668' title='bbox 2939 2569 2951 2604; x_wconf 85' lang='lat'><strong>:</strong></span> <span class='ocrx_word' id='word_1_669' title='bbox 2971 2550 3182 2602; x_wconf 80' lang='lat' dir='ltr'><strong>modum</strong></span> <span class='ocrx_word' id='word_1_670' title='bbox 3210 2561 3383 2604; x_wconf 79' lang='lat' dir='ltr'><strong>autem</strong></span> <span class='ocrx_word' id='word_1_671' title='bbox 3400 2556 3766 2620; x_wconf 81' lang='lat' dir='ltr'><strong>generationis</strong></span> 
     </span>
    </p>
   </div>
   <div class='ocr_carea' id='block_1_86' title="bbox 2177 2636 3767 2704">
    <p class='ocr_par' dir='ltr' id='par_1_86' title="bbox 2177 2636 3767 2704">
     <span class='ocr_line' id='line_1_86' title="bbox 2177 2636 3767 2704; baseline 0.007 -17"><span class='ocrx_word' id='word_1_672' title='bbox 2177 2649 2280 2688; x_wconf 91' lang='lat' dir='ltr'><strong>non</strong></span> <span class='ocrx_word' id='word_1_673' title='bbox 2313 2636 2581 2704; x_wconf 91' lang='lat' dir='ltr'><strong>conspicio</strong></span> <span class='ocrx_word' id='word_1_674' title='bbox 2605 2654 2616 2688; x_wconf 92' lang='lat'><strong>:</strong></span> <span class='ocrx_word' id='word_1_675' title='bbox 2642 2637 2866 2690; x_wconf 81' lang='lat' dir='ltr'><strong>vincitur</strong></span> <span class='ocrx_word' id='word_1_676' title='bbox 2889 2639 3027 2691; x_wconf 86' lang='lat' dir='ltr'><strong>enim</strong></span> <span class='ocrx_word' id='word_1_677' title='bbox 3061 2649 3242 2691; x_wconf 89' lang='lat' dir='ltr'><strong>natura</strong></span> <span class='ocrx_word' id='word_1_678' title='bbox 3269 2681 3281 2702; x_wconf 91' lang='lat'><strong>,</strong></span> <span class='ocrx_word' id='word_1_679' title='bbox 3307 2641 3531 2693; x_wconf 89' lang='lat' dir='ltr'><strong>vincitur</strong></span> <span class='ocrx_word' id='word_1_680' title='bbox 3555 2643 3767 2698; x_wconf 65' lang='lat' dir='ltr'><strong>ordinis</strong></span> 
     </span>
    </p>
   </div>
   <div class='ocr_carea' id='block_1_87' title="bbox 2176 2724 3763 2795">
    <p class='ocr_par' dir='ltr' id='par_1_87' title="bbox 2176 2724 3763 2795">
     <span class='ocr_line' id='line_1_87' title="bbox 2176 2724 3763 2795; baseline 0.004 -18"><span class='ocrx_word' id='word_1_681' title='bbox 2176 2724 2361 2792; x_wconf 86' lang='lat' dir='ltr'><strong>limes,</strong></span> <span class='ocrx_word' id='word_1_682' title='bbox 2390 2727 2598 2795; x_wconf 89' lang='lat' dir='ltr'><strong>quando</strong></span> <span class='ocrx_word' id='word_1_683' title='bbox 2627 2728 2738 2780; x_wconf 86' lang='lat' dir='ltr'><strong>vult</strong></span> <span class='ocrx_word' id='word_1_684' title='bbox 2770 2728 2928 2781; x_wconf 88' lang='lat' dir='ltr'><strong>Dens.</strong></span> <span class='ocrx_word' id='word_1_685' title='bbox 2957 2727 3071 2780; x_wconf 87' lang='lat' dir='ltr'><strong>Non</strong></span> <span class='ocrx_word' id='word_1_686' title='bbox 3100 2731 3241 2781; x_wconf 78' lang='lat' dir='ltr'><strong>enim</strong></span> <span class='ocrx_word' id='word_1_687' title='bbox 3269 2731 3556 2782; x_wconf 78' lang='lat' dir='ltr'><strong>secundum</strong></span> <span class='ocrx_word' id='word_1_688' title='bbox 3597 2745 3763 2784; x_wconf 89' lang='lat' dir='ltr'><strong>natu-</strong></span> 
     </span>
    </p>
   </div>
   <div class='ocr_carea' id='block_1_88' title="bbox 2173 2817 3761 2887">
    <p class='ocr_par' dir='ltr' id='par_1_88' title="bbox 2173 2817 3761 2887">
     <span class='ocr_line' id='line_1_88' title="bbox 2173 2817 3761 2887; baseline 0.005 -18"><span class='ocrx_word' id='word_1_689' title='bbox 2173 2831 2287 2870; x_wconf 89' lang='lat' dir='ltr'><strong>ram</strong></span> <span class='ocrx_word' id='word_1_690' title='bbox 2308 2832 2394 2870; x_wconf 90' lang='lat' dir='ltr'><strong>res</strong></span> <span class='ocrx_word' id='word_1_691' title='bbox 2413 2817 2621 2877; x_wconf 83' lang='lat' dir='ltr'><strong>accidit.</strong></span> <span class='ocrx_word' id='word_1_692' title='bbox 2641 2819 2736 2872; x_wconf 91' lang='lat' dir='ltr'><strong>sed</strong></span> <span class='ocrx_word' id='word_1_693' title='bbox 2763 2835 2918 2887; x_wconf 87' lang='lat' dir='ltr'><strong>supra</strong></span> <span class='ocrx_word' id='word_1_694' title='bbox 2944 2829 3181 2872; x_wconf 88' lang='lat' dir='ltr'><strong>naturam</strong></span> <span class='ocrx_word' id='word_1_695' title='bbox 3211 2821 3516 2874; x_wconf 89' lang='lat' dir='ltr'><strong>miraculum</strong></span> <span class='ocrx_word' id='word_1_696' title='bbox 3539 2825 3721 2876; x_wconf 79' lang='lat' dir='ltr'><strong>evenit</strong></span> <span class='ocrx_word' id='word_1_697' title='bbox 3747 2843 3761 2878; x_wconf 91' lang='lat'><strong>:</strong></span> 
     </span>
    </p>
   </div>
   <div class='ocr_carea' id='block_1_89' title="bbox 2173 2908 3762 2981">
    <p class='ocr_par' dir='ltr' id='par_1_89' title="bbox 2173 2908 3762 2981">
     <span class='ocr_line' id='line_1_89' title="bbox 2173 2908 3762 2981; baseline 0.005 -21"><span class='ocrx_word' id='word_1_698' title='bbox 2173 2908 2374 2975; x_wconf 90' lang='lat' dir='ltr'><strong>quievit</strong></span> <span class='ocrx_word' id='word_1_699' title='bbox 2415 2909 2554 2962; x_wconf 89' lang='lat' dir='ltr'><strong>enim</strong></span> <span class='ocrx_word' id='word_1_700' title='bbox 2606 2923 2789 2962; x_wconf 88' lang='lat' dir='ltr'><strong>natura</strong></span> <span class='ocrx_word' id='word_1_701' title='bbox 2814 2950 2828 2973; x_wconf 91' lang='lat'><strong>,</strong></span> <span class='ocrx_word' id='word_1_702' title='bbox 2869 2910 2962 2963; x_wconf 89' lang='lat' dir='ltr'><strong>sed</strong></span> <span class='ocrx_word' id='word_1_703' title='bbox 3007 2911 3210 2964; x_wconf 85' lang='lat' dir='ltr'><strong>Domini</strong></span> <span class='ocrx_word' id='word_1_704' title='bbox 3251 2913 3491 2964; x_wconf 87' lang='lat' dir='ltr'><strong>voluntas</strong></span> <span class='ocrx_word' id='word_1_705' title='bbox 3536 2925 3762 2981; x_wconf 84' lang='lat' dir='ltr'><strong>Operata</strong></span> 
     </span>
    </p>
   </div>
   <div class='ocr_carea' id='block_1_90' title="bbox 2172 2997 3764 3068">
    <p class='ocr_par' dir='ltr' id='par_1_90' title="bbox 2172 2997 3764 3068">
     <span class='ocr_line' id='line_1_90' title="bbox 2172 2997 3764 3068; baseline 0.006 -18"><span class='ocrx_word' id='word_1_706' title='bbox 2172 3005 2274 3050; x_wconf 79' lang='lat' dir='ltr'><strong>est.</strong></span> <span class='ocrx_word' id='word_1_707' title='bbox 2304 2999 2348 3052; x_wconf 87' lang='grc'>0</span> <span class='ocrx_word' id='word_1_708' title='bbox 2377 2997 2691 3051; x_wconf 73' lang='lat' dir='ltr'><strong>ineffabilem</strong></span> <span class='ocrx_word' id='word_1_709' title='bbox 2729 2999 2950 3067; x_wconf 89' lang='lat' dir='ltr'><strong>gratiam</strong></span> <span class='ocrx_word' id='word_1_710' title='bbox 2976 3001 2987 3051; x_wconf 77' lang='grc' dir='ltr'><strong>ι</strong></span> <span class='ocrx_word' id='word_1_711' title='bbox 3024 2999 3334 3068; x_wconf 86' lang='lat' dir='ltr'><strong>Unigenilus</strong></span> <span class='ocrx_word' id='word_1_712' title='bbox 3359 3041 3373 3064; x_wconf 94' lang='lat'><strong>,</strong></span> <span class='ocrx_word' id='word_1_713' title='bbox 3403 3003 3488 3068; x_wconf 87' lang='lat' dir='ltr'><strong>qui</strong></span> <span class='ocrx_word' id='word_1_714' title='bbox 3525 3011 3608 3055; x_wconf 87' lang='lat' dir='ltr'><strong>est</strong></span> <span class='ocrx_word' id='word_1_715' title='bbox 3633 3016 3764 3060; x_wconf 83' lang='lat' dir='ltr'><strong>ante</strong></span> 
     </span>
    </p>
   </div>
   <div class='ocr_carea' id='block_1_91' title="bbox 2175 3089 3761 3157">
    <p class='ocr_par' dir='ltr' id='par_1_91' title="bbox 2175 3089 3761 3157">
     <span class='ocr_line' id='line_1_91' title="bbox 2175 3089 3761 3157; baseline 0.003 -17"><span class='ocrx_word' id='word_1_716' title='bbox 2175 3089 2367 3141; x_wconf 61' lang='lat' dir='ltr'><strong>sarcula</strong></span> <span class='ocrx_word' id='word_1_717' title='bbox 2395 3128 2408 3151; x_wconf 90' lang='lat'><strong>,</strong></span> <span class='ocrx_word' id='word_1_718' title='bbox 2441 3089 2528 3157; x_wconf 89' lang='lat' dir='ltr'><strong>qui</strong></span> <span class='ocrx_word' id='word_1_719' title='bbox 2559 3089 2697 3157; x_wconf 88' lang='lat' dir='ltr'><strong>tangi</strong></span> <span class='ocrx_word' id='word_1_720' title='bbox 2728 3103 2829 3141; x_wconf 91' lang='lat' dir='ltr'><strong>non</strong></span> <span class='ocrx_word' id='word_1_721' title='bbox 2862 3098 3066 3157; x_wconf 83' lang='lat' dir='ltr'><strong>potest,</strong></span> <span class='ocrx_word' id='word_1_722' title='bbox 3093 3090 3182 3156; x_wconf 92' lang='lat' dir='ltr'><strong>qui</strong></span> <span class='ocrx_word' id='word_1_723' title='bbox 3212 3090 3436 3156; x_wconf 86' lang='lat' dir='ltr'><strong>simplex</strong></span> <span class='ocrx_word' id='word_1_724' title='bbox 3478 3101 3560 3144; x_wconf 91' lang='lat' dir='ltr'><strong>est</strong></span> <span class='ocrx_word' id='word_1_725' title='bbox 3590 3102 3644 3145; x_wconf 87' lang='lat' dir='ltr'><strong>et</strong></span> <span class='ocrx_word' id='word_1_726' title='bbox 3678 3095 3761 3151; x_wconf 89' lang='lat' dir='ltr'><strong>in-</strong></span> 
     </span>
    </p>
   </div>
   <div class='ocr_carea' id='block_1_92' title="bbox 2172 3177 3758 3246">
    <p class='ocr_par' dir='ltr' id='par_1_92' title="bbox 2172 3177 3758 3246">
     <span class='ocr_line' id='line_1_92' title="bbox 2172 3177 3758 3246; baseline 0 -12"><span class='ocrx_word' id='word_1_727' title='bbox 2172 3192 2478 3246; x_wconf 87' lang='lat' dir='ltr'><strong>corporeus,</strong></span> <span class='ocrx_word' id='word_1_728' title='bbox 2507 3191 2698 3244; x_wconf 90' lang='lat' dir='ltr'><strong>corpus</strong></span> <span class='ocrx_word' id='word_1_729' title='bbox 2721 3193 2895 3230; x_wconf 76' lang='grc' dir='ltr'>ιιιιιιιιιι</span> <span class='ocrx_word' id='word_1_730' title='bbox 2924 3177 3080 3230; x_wconf 90' lang='lat' dir='ltr'><strong>subiit</strong></span> <span class='ocrx_word' id='word_1_731' title='bbox 3101 3180 3422 3245; x_wconf 90' lang='lat' dir='ltr'><strong>corruptioni</strong></span> <span class='ocrx_word' id='word_1_732' title='bbox 3456 3180 3758 3236; x_wconf 80' lang='lat' dir='ltr'><strong>obnoxium</strong></span> 
     </span>
    </p>
   </div>
   <div class='ocr_carea' id='block_1_93' title="bbox 2171 3267 3762 3342">
    <p class='ocr_par' dir='ltr' id='par_1_93' title="bbox 2171 3267 3762 3342">
     <span class='ocr_line' id='line_1_93' title="bbox 2171 3267 3762 3342; baseline 0.001 -19"><span class='ocrx_word' id='word_1_733' title='bbox 2171 3280 2225 3323; x_wconf 91' lang='lat' dir='ltr'><strong>ct</strong></span> <span class='ocrx_word' id='word_1_734' title='bbox 2252 3269 2572 3338; x_wconf 89' lang='lat' dir='ltr'><strong>aspectabile</strong></span> <span class='ocrx_word' id='word_1_735' title='bbox 2600 3269 2636 3318; x_wconf 73' lang='grc' dir='ltr'><strong>ί.</strong></span> <span class='ocrx_word' id='word_1_736' title='bbox 2670 3267 2837 3332; x_wconf 88' lang='lat' dir='ltr'><strong>Quam</strong></span> <span class='ocrx_word' id='word_1_737' title='bbox 2867 3267 2935 3320; x_wconf 91' lang='lat' dir='ltr'><strong>ob</strong></span> <span class='ocrx_word' id='word_1_738' title='bbox 2956 3268 3203 3320; x_wconf 86' lang='lat' dir='ltr'><strong>causam?</strong></span> <span class='ocrx_word' id='word_1_739' title='bbox 3230 3267 3296 3321; x_wconf 90' lang='lat' dir='ltr'><strong>Ut</strong></span> <span class='ocrx_word' id='word_1_740' title='bbox 3322 3279 3637 3342; x_wconf 88' lang='lat' dir='ltr'><strong>conspectus</strong></span> <span class='ocrx_word' id='word_1_741' title='bbox 3659 3271 3762 3325; x_wconf 82' lang='lat' dir='ltr'><strong>do-</strong></span> 
     </span>
    </p>
   </div>
   <div class='ocr_carea' id='block_1_94' title="bbox 2170 3358 3755 3428">
    <p class='ocr_par' dir='ltr' id='par_1_94' title="bbox 2170 3358 3755 3428">
     <span class='ocr_line' id='line_1_94' title="bbox 2170 3358 3755 3428; baseline 0.001 -16"><span class='ocrx_word' id='word_1_742' title='bbox 2170 3370 2302 3422; x_wconf 88' lang='lat' dir='ltr'><strong>ceat,</strong></span> <span class='ocrx_word' id='word_1_743' title='bbox 2331 3360 2528 3411; x_wconf 88' lang='lat' dir='ltr'><strong>docens</strong></span> <span class='ocrx_word' id='word_1_744' title='bbox 2553 3369 2746 3417; x_wconf 84' lang='lat' dir='ltr'><strong>autent,</strong></span> <span class='ocrx_word' id='word_1_745' title='bbox 2768 3358 2831 3410; x_wconf 87' lang='lat' dir='ltr'><strong>ad</strong></span> <span class='ocrx_word' id='word_1_746' title='bbox 2855 3372 2914 3410; x_wconf 89' lang='lat' dir='ltr'><strong>ea</strong></span> <span class='ocrx_word' id='word_1_747' title='bbox 2941 3373 3057 3425; x_wconf 71' lang='lat' dir='ltr'><strong>quae</strong></span> <span class='ocrx_word' id='word_1_748' title='bbox 3084 3374 3187 3410; x_wconf 91' lang='lat' dir='ltr'><strong>non</strong></span> <span class='ocrx_word' id='word_1_749' title='bbox 3216 3359 3523 3412; x_wconf 88' lang='lat' dir='ltr'><strong>caduntsub</strong></span> <span class='ocrx_word' id='word_1_750' title='bbox 3543 3363 3755 3428; x_wconf 73' lang='lat' dir='ltr'><strong>oculos,</strong></span> 
     </span>
    </p>
   </div>
   <div class='ocr_carea' id='block_1_95' title="bbox 2171 3444 3758 3511">
    <p class='ocr_par' dir='ltr' id='par_1_95' title="bbox 2171 3444 3758 3511">
     <span class='ocr_line' id='line_1_95' title="bbox 2171 3444 3758 3511; baseline 0.003 -12"><span class='ocrx_word' id='word_1_751' title='bbox 2171 3463 2328 3500; x_wconf 89' lang='lat' dir='ltr'><strong>manu</strong></span> <span class='ocrx_word' id='word_1_752' title='bbox 2372 3445 2548 3499; x_wconf 87' lang='lat' dir='ltr'><strong>ducat.</strong></span> <span class='ocrx_word' id='word_1_753' title='bbox 2574 3444 2703 3497; x_wconf 87' lang='lat' dir='ltr'><strong>Nam</strong></span> <span class='ocrx_word' id='word_1_754' title='bbox 2736 3446 2983 3511; x_wconf 90' lang='lat' dir='ltr'><strong>quoniam</strong></span> <span class='ocrx_word' id='word_1_755' title='bbox 3016 3448 3198 3499; x_wconf 87' lang='lat' dir='ltr'><strong>oculos</strong></span> <span class='ocrx_word' id='word_1_756' title='bbox 3231 3448 3444 3499; x_wconf 87' lang='lat' dir='ltr'><strong>auribus</strong></span> <span class='ocrx_word' id='word_1_757' title='bbox 3485 3448 3758 3505; x_wconf 82' lang='lat' dir='ltr'><strong>fideliores</strong></span> 
     </span>
    </p>
   </div>
   <div class='ocr_carea' id='block_1_96' title="bbox 2169 3534 3754 3607">
    <p class='ocr_par' dir='ltr' id='par_1_96' title="bbox 2169 3534 3754 3607">
     <span class='ocr_line' id='line_1_96' title="bbox 2169 3534 3754 3607; baseline 0.003 -17"><span class='ocrx_word' id='word_1_758' title='bbox 2169 3551 2286 3590; x_wconf 69' lang='lat' dir='ltr'><strong>esse</strong></span> <span class='ocrx_word' id='word_1_759' title='bbox 2312 3536 2617 3589; x_wconf 81' lang='lat' dir='ltr'><strong>existimant</strong></span> <span class='ocrx_word' id='word_1_760' title='bbox 2646 3534 2888 3587; x_wconf 88' lang='lat' dir='ltr'><strong>homines</strong></span> <span class='ocrx_word' id='word_1_761' title='bbox 2909 3575 2922 3597; x_wconf 96' lang='lat'><strong>,</strong></span> <span class='ocrx_word' id='word_1_762' title='bbox 2955 3535 3021 3588; x_wconf 90' lang='lat' dir='ltr'><strong>de</strong></span> <span class='ocrx_word' id='word_1_763' title='bbox 3046 3551 3110 3588; x_wconf 89' lang='lat' dir='ltr'><strong>eo</strong></span> <span class='ocrx_word' id='word_1_764' title='bbox 3141 3551 3266 3589; x_wconf 83' lang='lat' dir='ltr'><strong>vero</strong></span> <span class='ocrx_word' id='word_1_765' title='bbox 3292 3536 3536 3590; x_wconf 86' lang='lat' dir='ltr'><strong>dubitant</strong></span> <span class='ocrx_word' id='word_1_766' title='bbox 3561 3580 3574 3600; x_wconf 95' lang='lat'><strong>,</strong></span> <span class='ocrx_word' id='word_1_767' title='bbox 3608 3542 3754 3607; x_wconf 88' lang='lat' dir='ltr'><strong>quod</strong></span> 
     </span>
    </p>
   </div>
   <div class='ocr_carea' id='block_1_97' title="bbox 2171 3626 3756 3699">
    <p class='ocr_par' dir='ltr' id='par_1_97' title="bbox 2171 3626 3756 3699">
     <span class='ocr_line' id='line_1_97' title="bbox 2171 3626 3756 3699; baseline 0.004 -20"><span class='ocrx_word' id='word_1_768' title='bbox 2171 3643 2272 3679; x_wconf 91' lang='lat' dir='ltr'><strong>non</strong></span> <span class='ocrx_word' id='word_1_769' title='bbox 2317 3626 2529 3689; x_wconf 88' lang='lat' dir='ltr'><strong>vident,</strong></span> <span class='ocrx_word' id='word_1_770' title='bbox 2581 3636 2858 3693; x_wconf 88' lang='lat' dir='ltr'><strong>propterea</strong></span> <span class='ocrx_word' id='word_1_771' title='bbox 2905 3626 3149 3693; x_wconf 89' lang='lat' dir='ltr'><strong>dignatus</strong></span> <span class='ocrx_word' id='word_1_772' title='bbox 3193 3635 3276 3679; x_wconf 89' lang='lat' dir='ltr'><strong>est</strong></span> <span class='ocrx_word' id='word_1_773' title='bbox 3319 3636 3372 3680; x_wconf 90' lang='lat' dir='ltr'><strong>et</strong></span> <span class='ocrx_word' id='word_1_774' title='bbox 3413 3643 3503 3694; x_wconf 85' lang='lat' dir='ltr'><strong>per</strong></span> <span class='ocrx_word' id='word_1_775' title='bbox 3554 3643 3756 3699; x_wconf 80' lang='lat' dir='ltr'><strong>corpus</strong></span> 
     </span>
    </p>
   </div>
   <div class='ocr_carea' id='block_1_98' title="bbox 2167 3716 3757 3785">
    <p class='ocr_par' dir='ltr' id='par_1_98' title="bbox 2167 3716 3757 3785">
     <span class='ocr_line' id='line_1_98' title="bbox 2167 3716 3757 3785; baseline 0.003 -14"><span class='ocrx_word' id='word_1_776' title='bbox 2167 3719 2336 3771; x_wconf 86' lang='lat' dir='ltr'><strong>oculis</strong></span> <span class='ocrx_word' id='word_1_777' title='bbox 2364 3726 2702 3785; x_wconf 90' lang='lat' dir='ltr'><strong>conspectum</strong></span> <span class='ocrx_word' id='word_1_778' title='bbox 2732 3716 2810 3768; x_wconf 92' lang='lat' dir='ltr'><strong>sui</strong></span> <span class='ocrx_word' id='word_1_779' title='bbox 2844 3716 3081 3784; x_wconf 62' lang='lat' dir='ltr'><strong>praebere</strong></span> <span class='ocrx_word' id='word_1_780' title='bbox 3101 3757 3115 3782; x_wconf 94' lang='lat'><strong>,</strong></span> <span class='ocrx_word' id='word_1_781' title='bbox 3151 3727 3201 3769; x_wconf 92' lang='lat' dir='ltr'><strong>nl</strong></span> <span class='ocrx_word' id='word_1_782' title='bbox 3231 3717 3613 3773; x_wconf 88' lang='lat' dir='ltr'><strong>dubitationem</strong></span> <span class='ocrx_word' id='word_1_783' title='bbox 3647 3725 3757 3776; x_wconf 89' lang='lat' dir='ltr'><strong>tol-</strong></span> 
     </span>
    </p>
   </div>
   <div class='ocr_carea' id='block_1_99' title="bbox 2168 3806 3752 3877">
    <p class='ocr_par' dir='ltr' id='par_1_99' title="bbox 2168 3806 3752 3877">
     <span class='ocr_line' id='line_1_99' title="bbox 2168 3806 3752 3877; baseline 0.003 -17"><span class='ocrx_word' id='word_1_784' title='bbox 2168 3809 2318 3862; x_wconf 77' lang='lat' dir='ltr'><strong>leret.</strong></span> <span class='ocrx_word' id='word_1_785' title='bbox 2352 3809 2415 3860; x_wconf 75' lang='lat' dir='ltr'><strong>Et</strong></span> <span class='ocrx_word' id='word_1_786' title='bbox 2461 3807 2697 3860; x_wconf 86' lang='lat' dir='ltr'><strong>nascitur</strong></span> <span class='ocrx_word' id='word_1_787' title='bbox 2734 3823 2799 3860; x_wconf 82' lang='lat' dir='ltr'><strong>ex</strong></span> <span class='ocrx_word' id='word_1_788' title='bbox 2844 3806 3087 3875; x_wconf 86' lang='lat' dir='ltr'><strong>Virgine,</strong></span> <span class='ocrx_word' id='word_1_789' title='bbox 3114 3823 3231 3874; x_wconf 65' lang='lat' dir='ltr'><strong>quae</strong></span> <span class='ocrx_word' id='word_1_790' title='bbox 3272 3823 3381 3860; x_wconf 88' lang='lat' dir='ltr'><strong>rem</strong></span> <span class='ocrx_word' id='word_1_791' title='bbox 3429 3811 3752 3877; x_wconf 87' lang='lat' dir='ltr'><strong>ignorabat:</strong></span> 
     </span>
    </p>
   </div>
   <div class='ocr_carea' id='block_1_100' title="bbox 2169 3898 3755 3968">
    <p class='ocr_par' dir='ltr' id='par_1_100' title="bbox 2169 3898 3755 3968">
     <span class='ocr_line' id='line_1_100' title="bbox 2169 3898 3755 3968; baseline 0.003 -17"><span class='ocrx_word' id='word_1_792' title='bbox 2169 3914 2289 3951; x_wconf 92' lang='lat' dir='ltr'><strong>nam</strong></span> <span class='ocrx_word' id='word_1_793' title='bbox 2325 3913 2494 3966; x_wconf 91' lang='lat' dir='ltr'><strong>nequc</strong></span> <span class='ocrx_word' id='word_1_794' title='bbox 2531 3907 2812 3965; x_wconf 86' lang='lat' dir='ltr'><strong>eooperata</strong></span> <span class='ocrx_word' id='word_1_795' title='bbox 2857 3907 2939 3950; x_wconf 90' lang='lat' dir='ltr'><strong>est</strong></span> <span class='ocrx_word' id='word_1_796' title='bbox 2974 3898 3039 3949; x_wconf 87' lang='lat' dir='ltr'><strong>ad</strong></span> <span class='ocrx_word' id='word_1_797' title='bbox 3081 3913 3190 3950; x_wconf 89' lang='lat' dir='ltr'><strong>rem</strong></span> <span class='ocrx_word' id='word_1_798' title='bbox 3222 3899 3504 3966; x_wconf 88' lang='lat' dir='ltr'><strong>gerendam</strong></span> <span class='ocrx_word' id='word_1_799' title='bbox 3526 3940 3540 3964; x_wconf 96' lang='lat'><strong>,</strong></span> <span class='ocrx_word' id='word_1_800' title='bbox 3575 3918 3755 3968; x_wconf 77' lang='lat' dir='ltr'><strong>neque</strong></span> 
     </span>
    </p>
   </div>
   <div class='ocr_carea' id='block_1_101' title="bbox 2166 3988 3755 4057">
    <p class='ocr_par' dir='ltr' id='par_1_101' title="bbox 2166 3988 3755 4057">
     <span class='ocr_line' id='line_1_101' title="bbox 2166 3988 3755 4057; baseline 0.003 -14"><span class='ocrx_word' id='word_1_801' title='bbox 2166 3989 2385 4043; x_wconf 88' lang='lat' dir='ltr'><strong>contulit</strong></span> <span class='ocrx_word' id='word_1_802' title='bbox 2411 3990 2675 4057; x_wconf 84' lang='lat' dir='ltr'><strong>quippiam</strong></span> <span class='ocrx_word' id='word_1_803' title='bbox 2709 3989 2771 4041; x_wconf 88' lang='lat' dir='ltr'><strong>ad</strong></span> <span class='ocrx_word' id='word_1_804' title='bbox 2802 3989 2852 4041; x_wconf 93' lang='lat' dir='ltr'><strong>id</strong></span> <span class='ocrx_word' id='word_1_805' title='bbox 2883 3989 3022 4057; x_wconf 90' lang='lat' dir='ltr'><strong>quod</strong></span> <span class='ocrx_word' id='word_1_806' title='bbox 3072 3988 3226 4042; x_wconf 89' lang='lat' dir='ltr'><strong>fiebat</strong></span> <span class='ocrx_word' id='word_1_807' title='bbox 3253 4009 3263 4042; x_wconf 94' lang='lat'><strong>:</strong></span> <span class='ocrx_word' id='word_1_808' title='bbox 3293 3991 3383 4043; x_wconf 84' lang='lat' dir='ltr'><strong>sed</strong></span> <span class='ocrx_word' id='word_1_809' title='bbox 3421 3991 3619 4045; x_wconf 90' lang='lat' dir='ltr'><strong>nudum</strong></span> <span class='ocrx_word' id='word_1_810' title='bbox 3653 3993 3755 4048; x_wconf 87' lang='lat' dir='ltr'><strong>fuit</strong></span> 
     </span>
    </p>
   </div>
   <div class='ocr_carea' id='block_1_102' title="bbox 2167 4079 3752 4146">
    <p class='ocr_par' dir='ltr' id='par_1_102' title="bbox 2167 4079 3752 4146">
     <span class='ocr_line' id='line_1_102' title="bbox 2167 4079 3752 4146; baseline 0.005 -17"><span class='ocrx_word' id='word_1_811' title='bbox 2167 4093 2372 4131; x_wconf 75' lang='lat' dir='ltr'><strong>arcalue</strong></span> <span class='ocrx_word' id='word_1_812' title='bbox 2395 4080 2600 4131; x_wconf 90' lang='lat' dir='ltr'><strong>virtutis</strong></span> <span class='ocrx_word' id='word_1_813' title='bbox 2621 4079 2734 4146; x_wconf 86' lang='lat' dir='ltr'><strong>ejus</strong></span> <span class='ocrx_word' id='word_1_814' title='bbox 2765 4080 3194 4142; x_wconf 67' lang='lat' dir='ltr'><strong>instrun&#39;tentum;</strong></span> <span class='ocrx_word' id='word_1_815' title='bbox 3223 4089 3419 4132; x_wconf 87' lang='lat' dir='ltr'><strong>lanlmn</strong></span> <span class='ocrx_word' id='word_1_816' title='bbox 3451 4081 3498 4132; x_wconf 92' lang='lat' dir='ltr'><strong>id</strong></span> <span class='ocrx_word' id='word_1_817' title='bbox 3526 4095 3752 4137; x_wconf 88' lang='lat' dir='ltr'><strong>noverat</strong></span> 
     </span>
    </p>
   </div>
   <div class='ocr_carea' id='block_1_103' title="bbox 2167 4167 3754 4236">
    <p class='ocr_par' dir='ltr' id='par_1_103' title="bbox 2167 4167 3754 4236">
     <span class='ocr_line' id='line_1_103' title="bbox 2167 4167 3754 4236; baseline 0.004 -16"><span class='ocrx_word' id='word_1_818' title='bbox 2167 4168 2302 4236; x_wconf 88' lang='lat' dir='ltr'><strong>quod</strong></span> <span class='ocrx_word' id='word_1_819' title='bbox 2335 4184 2398 4220; x_wconf 81' lang='lat' dir='ltr'><strong>ex</strong></span> <span class='ocrx_word' id='word_1_820' title='bbox 2429 4167 2668 4222; x_wconf 87' lang='lat' dir='ltr'><strong>Gabriele</strong></span> <span class='ocrx_word' id='word_1_821' title='bbox 2712 4167 2971 4221; x_wconf 87' lang='lat' dir='ltr'><strong>sciscitata</strong></span> <span class='ocrx_word' id='word_1_822' title='bbox 3000 4167 3252 4220; x_wconf 88' lang='lat' dir='ltr'><strong>didicerat</strong></span> <span class='ocrx_word' id='word_1_823' title='bbox 3286 4185 3294 4218; x_wconf 93' lang='lat'><strong>:</strong></span> <span class='ocrx_word' id='word_1_824' title='bbox 3330 4169 3589 4232; x_wconf 80' lang='lat' dir='ltr'><strong>Quomodo</strong></span> <span class='ocrx_word' id='word_1_825' title='bbox 3626 4174 3754 4226; x_wconf 80' lang='lat' dir='ltr'><strong>milii</strong></span> 
     </span>
    </p>
   </div>
   <div class='ocr_carea' id='block_1_104' title="bbox 2168 4255 3750 4326">
    <p class='ocr_par' dir='ltr' id='par_1_104' title="bbox 2168 4255 3750 4326">
     <span class='ocr_line' id='line_1_104' title="bbox 2168 4255 3750 4326; baseline 0.003 -15"><span class='ocrx_word' id='word_1_826' title='bbox 2168 4261 2249 4326; x_wconf 78' lang='lat' dir='ltr'><strong>ﬁet</strong></span> <span class='ocrx_word' id='word_1_827' title='bbox 2280 4257 2433 4320; x_wconf 81' lang='lat' dir='ltr'><strong>istud,</strong></span> <span class='ocrx_word' id='word_1_828' title='bbox 2466 4258 2581 4326; x_wconf 81' lang='lat' dir='ltr'><strong>quia</strong></span> <span class='ocrx_word' id='word_1_829' title='bbox 2611 4259 2769 4309; x_wconf 85' lang='lat' dir='ltr'><strong>virum</strong></span> <span class='ocrx_word' id='word_1_830' title='bbox 2796 4274 2894 4309; x_wconf 75' lang='lat' dir='ltr'><strong>non</strong></span> <span class='ocrx_word' id='word_1_831' title='bbox 2927 4273 3170 4326; x_wconf 83' lang='lat' dir='ltr'><strong>cognosco</strong></span> <span class='ocrx_word' id='word_1_832' title='bbox 3201 4255 3348 4323; x_wconf 63' lang='lat' dir='ltr'><strong>(Luc.</strong></span> <span class='ocrx_word' id='word_1_833' title='bbox 3377 4260 3426 4310; x_wconf 82' lang='grc'><strong>1.</strong></span> <span class='ocrx_word' id='word_1_834' title='bbox 3460 4258 3590 4325; x_wconf 66' lang='lat'><strong>54)?</strong></span> <span class='ocrx_word' id='word_1_835' title='bbox 3612 4261 3750 4315; x_wconf 85' lang='lat' dir='ltr'><strong>Tum</strong></span> 
     </span>
    </p>
   </div>
   <div class='ocr_carea' id='block_1_105' title="bbox 2167 4348 3751 4418">
    <p class='ocr_par' dir='ltr' id='par_1_105' title="bbox 2167 4348 3751 4418">
     <span class='ocr_line' id='line_1_105' title="bbox 2167 4348 3751 4418; baseline 0.001 -16"><span class='ocrx_word' id='word_1_836' title='bbox 2167 4350 2337 4418; x_wconf 85' lang='lat' dir='ltr'><strong>inquit</strong></span> <span class='ocrx_word' id='word_1_837' title='bbox 2367 4349 2446 4402; x_wconf 84' lang='lat' dir='ltr'><strong>ille</strong></span> <span class='ocrx_word' id='word_1_838' title='bbox 2476 4365 2490 4400; x_wconf 84' lang='lat'><strong>:</strong></span> <span class='ocrx_word' id='word_1_839' title='bbox 2520 4348 2607 4401; x_wconf 86' lang='lat' dir='ltr'><strong>Vis</strong></span> <span class='ocrx_word' id='word_1_840' title='bbox 2647 4348 2747 4401; x_wconf 93' lang='lat' dir='ltr'><strong>hoc</strong></span> <span class='ocrx_word' id='word_1_841' title='bbox 2782 4348 2960 4401; x_wconf 86' lang='lat' dir='ltr'><strong>scire?</strong></span> <span class='ocrx_word' id='word_1_842' title='bbox 3004 4348 3224 4415; x_wconf 80' lang='lat' dir='ltr'><strong>Spiritus</strong></span> <span class='ocrx_word' id='word_1_843' title='bbox 3266 4358 3468 4400; x_wconf 78' lang='lat' dir='ltr'><strong>sanctus</strong></span> <span class='ocrx_word' id='word_1_844' title='bbox 3509 4365 3751 4417; x_wconf 82' lang='lat' dir='ltr'><strong>superve-</strong></span> 
     </span>
    </p>
   </div>
   <div class='ocr_carea' id='block_1_106' title="bbox 2167 4437 3745 4506">
    <p class='ocr_par' dir='ltr' id='par_1_106' title="bbox 2167 4437 3745 4506">
     <span class='ocr_line' id='line_1_106' title="bbox 2167 4437 3745 4506; baseline 0.003 -14"><span class='ocrx_word' id='word_1_845' title='bbox 2167 4442 2265 4492; x_wconf 83' lang='lat' dir='ltr'><strong>niet</strong></span> <span class='ocrx_word' id='word_1_846' title='bbox 2293 4442 2343 4492; x_wconf 82' lang='lat' dir='ltr'><strong>in</strong></span> <span class='ocrx_word' id='word_1_847' title='bbox 2372 4449 2417 4491; x_wconf 85' lang='lat' dir='ltr'><strong>te</strong></span> <span class='ocrx_word' id='word_1_848' title='bbox 2439 4480 2453 4501; x_wconf 93' lang='lat'><strong>,</strong></span> <span class='ocrx_word' id='word_1_849' title='bbox 2482 4449 2527 4492; x_wconf 84' lang='lat' dir='ltr'><strong>et</strong></span> <span class='ocrx_word' id='word_1_850' title='bbox 2568 4441 2722 4492; x_wconf 86' lang='lat' dir='ltr'><strong>virtus</strong></span> <span class='ocrx_word' id='word_1_851' title='bbox 2763 4438 3005 4490; x_wconf 71' lang='lat' dir='ltr'><strong>Altissinu’</strong></span> <span class='ocrx_word' id='word_1_852' title='bbox 3041 4437 3345 4490; x_wconf 83' lang='lat' dir='ltr'><strong>obumbrabit</strong></span> <span class='ocrx_word' id='word_1_853' title='bbox 3386 4439 3470 4489; x_wconf 84' lang='lat' dir='ltr'><strong>tibi</strong></span> <span class='ocrx_word' id='word_1_854' title='bbox 3499 4437 3664 4506; x_wconf 81' lang='lat' dir='ltr'><strong>(Ibid.</strong></span> <span class='ocrx_word' id='word_1_855' title='bbox 3697 4460 3745 4496; x_wconf 74' lang='grc' dir='ltr'><strong>ν.</strong></span> 
     </span>
    </p>
   </div>
   <div class='ocr_carea' id='block_1_107' title="bbox 2167 4529 3750 4598">
    <p class='ocr_par' dir='ltr' id='par_1_107' title="bbox 2167 4529 3750 4598">
     <span class='ocr_line' id='line_1_107' title="bbox 2167 4529 3750 4598; baseline 0.002 -14"><span class='ocrx_word' id='word_1_856' title='bbox 2167 4531 2279 4597; x_wconf 82' lang='grc'><strong>55).</strong></span> <span class='ocrx_word' id='word_1_857' title='bbox 2320 4530 2384 4582; x_wconf 87' lang='grc' dir='ltr'>Ει</span> <span class='ocrx_word' id='word_1_858' title='bbox 2427 4529 2693 4597; x_wconf 90' lang='lat' dir='ltr'><strong>quomodo</strong></span> <span class='ocrx_word' id='word_1_859' title='bbox 2741 4543 2860 4583; x_wconf 89' lang='lat' dir='ltr'><strong>cum</strong></span> <span class='ocrx_word' id='word_1_860' title='bbox 2895 4529 3004 4596; x_wconf 90' lang='lat' dir='ltr'><strong>ipsa</strong></span> <span class='ocrx_word' id='word_1_861' title='bbox 3051 4536 3196 4592; x_wconf 90' lang='lat' dir='ltr'><strong>erat,</strong></span> <span class='ocrx_word' id='word_1_862' title='bbox 3226 4537 3280 4582; x_wconf 90' lang='lat' dir='ltr'><strong>et</strong></span> <span class='ocrx_word' id='word_1_863' title='bbox 3321 4530 3478 4596; x_wconf 90' lang='lat' dir='ltr'><strong>paulo</strong></span> <span class='ocrx_word' id='word_1_864' title='bbox 3522 4541 3645 4598; x_wconf 91' lang='lat' dir='ltr'><strong>post</strong></span> <span class='ocrx_word' id='word_1_865' title='bbox 3683 4549 3750 4587; x_wconf 88' lang='lat' dir='ltr'><strong>ex</strong></span> 
     </span>
    </p>
   </div>
   <div class='ocr_carea' id='block_1_108' title="bbox 2169 4618 3754 4688">
    <p class='ocr_par' dir='ltr' id='par_1_108' title="bbox 2169 4618 3754 4688">
     <span class='ocr_line' id='line_1_108' title="bbox 2169 4618 3754 4688; baseline 0.001 -14"><span class='ocrx_word' id='word_1_866' title='bbox 2169 4621 2318 4688; x_wconf 85' lang='lat' dir='ltr'><strong>ipsa?</strong></span> <span class='ocrx_word' id='word_1_867' title='bbox 2345 4619 2798 4686; x_wconf 86' lang='lat' dir='ltr'><strong>Quemadmodum</strong></span> <span class='ocrx_word' id='word_1_868' title='bbox 2827 4618 3017 4671; x_wconf 77' lang='lat' dir='ltr'><strong>artifex</strong></span> <span class='ocrx_word' id='word_1_869' title='bbox 3040 4659 3054 4682; x_wconf 94' lang='lat'><strong>,</strong></span> <span class='ocrx_word' id='word_1_870' title='bbox 3081 4619 3288 4671; x_wconf 89' lang='lat' dir='ltr'><strong>inventa</strong></span> <span class='ocrx_word' id='word_1_871' title='bbox 3324 4621 3543 4673; x_wconf 88' lang='lat' dir='ltr'><strong>materia</strong></span> <span class='ocrx_word' id='word_1_872' title='bbox 3575 4623 3754 4676; x_wconf 88' lang='lat' dir='ltr'><strong>utilis-</strong></span> 
     </span>
    </p>
   </div>
   <div class='ocr_carea' id='block_1_109' title="bbox 2168 4707 3761 4782">
    <p class='ocr_par' dir='ltr' id='par_1_109' title="bbox 2168 4707 3761 4782">
     <span class='ocr_line' id='line_1_109' title="bbox 2168 4707 3761 4782; baseline 0.002 -18"><span class='ocrx_word' id='word_1_873' title='bbox 2168 4713 2334 4776; x_wconf 85' lang='lat' dir='ltr'><strong>sima,</strong></span> <span class='ocrx_word' id='word_1_874' title='bbox 2378 4725 2471 4763; x_wconf 90' lang='lat' dir='ltr'><strong>vas</strong></span> <span class='ocrx_word' id='word_1_875' title='bbox 2516 4710 2927 4777; x_wconf 86' lang='lat' dir='ltr'><strong>pulcherrimum</strong></span> <span class='ocrx_word' id='word_1_876' title='bbox 2978 4707 3302 4761; x_wconf 85' lang='lat' dir='ltr'><strong>fabricatur:</strong></span> <span class='ocrx_word' id='word_1_877' title='bbox 3338 4710 3405 4761; x_wconf 91' lang='lat' dir='ltr'><strong>ita</strong></span> <span class='ocrx_word' id='word_1_878' title='bbox 3456 4710 3707 4767; x_wconf 88' lang='lat' dir='ltr'><strong>Christus</strong></span> <span class='ocrx_word' id='word_1_879' title='bbox 3747 4765 3761 4782; x_wconf 81' lang='grc'><em>,</em></span> 
     </span>
    </p>
   </div>
   <div class='ocr_carea' id='block_1_110' title="bbox 2170 4797 3748 4868">
    <p class='ocr_par' dir='ltr' id='par_1_110' title="bbox 2170 4797 3748 4868">
     <span class='ocr_line' id='line_1_110' title="bbox 2170 4797 3748 4868; baseline 0.003 -14"><span class='ocrx_word' id='word_1_880' title='bbox 2170 4802 2382 4854; x_wconf 88' lang='lat' dir='ltr'><strong>invento</strong></span> <span class='ocrx_word' id='word_1_881' title='bbox 2409 4801 2625 4867; x_wconf 84' lang='lat' dir='ltr'><strong>virginis</strong></span> <span class='ocrx_word' id='word_1_882' title='bbox 2668 4807 2851 4851; x_wconf 82' lang='lat' dir='ltr'><strong>sancto</strong></span> <span class='ocrx_word' id='word_1_883' title='bbox 2895 4813 3117 4865; x_wconf 92' lang='lat' dir='ltr'><strong>corpore</strong></span> <span class='ocrx_word' id='word_1_884' title='bbox 3163 4808 3215 4850; x_wconf 91' lang='lat' dir='ltr'><strong>et</strong></span> <span class='ocrx_word' id='word_1_885' title='bbox 3244 4797 3418 4851; x_wconf 88' lang='lat' dir='ltr'><strong>anima</strong></span> <span class='ocrx_word' id='word_1_886' title='bbox 3443 4838 3457 4861; x_wconf 92' lang='lat'><strong>,</strong></span> <span class='ocrx_word' id='word_1_887' title='bbox 3489 4802 3748 4868; x_wconf 88' lang='lat' dir='ltr'><strong>templum</strong></span> 
     </span>
    </p>
   </div>
   <div class='ocr_carea' id='block_1_111' title="bbox 2169 4888 3755 4958">
    <p class='ocr_par' dir='ltr' id='par_1_111' title="bbox 2169 4888 3755 4958">
     <span class='ocr_line' id='line_1_111' title="bbox 2169 4888 3755 4958; baseline 0.002 -15"><span class='ocrx_word' id='word_1_888' title='bbox 2169 4893 2268 4945; x_wconf 85' lang='lat' dir='ltr'><strong>sibi</strong></span> <span class='ocrx_word' id='word_1_889' title='bbox 2308 4891 2602 4945; x_wconf 79' lang='lat' dir='ltr'><strong>construxit</strong></span> <span class='ocrx_word' id='word_1_890' title='bbox 2639 4892 2926 4942; x_wconf 88' lang='lat' dir='ltr'><strong>animalum</strong></span> <span class='ocrx_word' id='word_1_891' title='bbox 2950 4929 2963 4952; x_wconf 91' lang='lat'><strong>,</strong></span> <span class='ocrx_word' id='word_1_892' title='bbox 2989 4898 3044 4943; x_wconf 88' lang='lat' dir='ltr'><strong>et</strong></span> <span class='ocrx_word' id='word_1_893' title='bbox 3088 4888 3357 4942; x_wconf 87' lang='lat' dir='ltr'><strong>hominem</strong></span> <span class='ocrx_word' id='word_1_894' title='bbox 3395 4906 3498 4958; x_wconf 86' lang='lat' dir='ltr'><strong>qua</strong></span> <span class='ocrx_word' id='word_1_895' title='bbox 3538 4894 3755 4951; x_wconf 68' lang='lat' dir='ltr'><strong>ratione</strong></span> 
     </span>
    </p>
   </div>
   <div class='ocr_carea' id='block_1_112' title="bbox 2169 4979 3749 5048">
    <p class='ocr_par' dir='ltr' id='par_1_112' title="bbox 2169 4979 3749 5048">
     <span class='ocr_line' id='line_1_112' title="bbox 2169 4979 3749 5048; baseline 0.001 -14"><span class='ocrx_word' id='word_1_896' title='bbox 2169 4984 2364 5048; x_wconf 85' lang='lat' dir='ltr'><strong>voluit,</strong></span> <span class='ocrx_word' id='word_1_897' title='bbox 2391 4981 2686 5034; x_wconf 84' lang='lat' dir='ltr'><strong>eil&#39;ormavit</strong></span> <span class='ocrx_word' id='word_1_898' title='bbox 2726 4996 2790 5033; x_wconf 84' lang='lat' dir='ltr'><strong>ex</strong></span> <span class='ocrx_word' id='word_1_899' title='bbox 2819 4980 3021 5047; x_wconf 86' lang='lat' dir='ltr'><strong>virgine</strong></span> <span class='ocrx_word' id='word_1_900' title='bbox 3045 5021 3060 5044; x_wconf 91' lang='lat'><strong>,</strong></span> <span class='ocrx_word' id='word_1_901' title='bbox 3090 4994 3315 5048; x_wconf 89' lang='lat' dir='ltr'><strong>eumque</strong></span> <span class='ocrx_word' id='word_1_902' title='bbox 3344 4979 3557 5033; x_wconf 90' lang='lat' dir='ltr'><strong>indutus</strong></span> <span class='ocrx_word' id='word_1_903' title='bbox 3587 4980 3714 5035; x_wconf 91' lang='lat' dir='ltr'><strong>hodi</strong></span> <span class='ocrx_word' id='word_1_904' title='bbox 3741 5013 3749 5022; x_wconf 88' lang='lat'>-</span> 
     </span>
    </p>
   </div>
   <div class='ocr_carea' id='block_1_113' title="bbox 2170 5070 3748 5143">
    <p class='ocr_par' dir='ltr' id='par_1_113' title="bbox 2170 5070 3748 5143">
     <span class='ocr_line' id='line_1_113' title="bbox 2170 5070 3748 5143; baseline -0.002 -14"><span class='ocrx_word' id='word_1_905' title='bbox 2170 5076 2446 5143; x_wconf 89' lang='lat' dir='ltr'><strong>processit,</strong></span> <span class='ocrx_word' id='word_1_906' title='bbox 2477 5088 2646 5140; x_wconf 90' lang='lat' dir='ltr'><strong>neque</strong></span> <span class='ocrx_word' id='word_1_907' title='bbox 2674 5081 2874 5125; x_wconf 68' lang='lat' dir='ltr'><strong>natnrm</strong></span> <span class='ocrx_word' id='word_1_908' title='bbox 2896 5070 3283 5124; x_wconf 85' lang='lat' dir='ltr'><strong>deformitatem</strong></span> <span class='ocrx_word' id='word_1_909' title='bbox 3312 5071 3538 5124; x_wconf 90' lang='lat' dir='ltr'><strong>erubuit.</strong></span> <span class='ocrx_word' id='word_1_910' title='bbox 3564 5072 3748 5140; x_wconf 82' lang='lat' dir='ltr'><strong>Neque</strong></span> 
     </span>
    </p>
   </div>
   <div class='ocr_carea' id='block_1_114' title="bbox 2172 5160 3750 5233">
    <p class='ocr_par' dir='ltr' id='par_1_114' title="bbox 2172 5160 3750 5233">
     <span class='ocr_line' id='line_1_114' title="bbox 2172 5160 3750 5233; baseline -0.003 -16"><span class='ocrx_word' id='word_1_911' title='bbox 2172 5168 2309 5218; x_wconf 91' lang='lat' dir='ltr'><strong>enim</strong></span> <span class='ocrx_word' id='word_1_912' title='bbox 2342 5164 2650 5233; x_wconf 82' lang='lat' dir='ltr'><strong>probrosum</strong></span> <span class='ocrx_word' id='word_1_913' title='bbox 2676 5162 2748 5214; x_wconf 92' lang='lat' dir='ltr'><strong>illi</strong></span> <span class='ocrx_word' id='word_1_914' title='bbox 2778 5161 2894 5220; x_wconf 90' lang='lat' dir='ltr'><strong>fuit,</strong></span> <span class='ocrx_word' id='word_1_915' title='bbox 2920 5171 2974 5212; x_wconf 88' lang='lat' dir='ltr'><strong>ut</strong></span> <span class='ocrx_word' id='word_1_916' title='bbox 2994 5174 3144 5212; x_wconf 90' lang='lat' dir='ltr'><strong>suum</strong></span> <span class='ocrx_word' id='word_1_917' title='bbox 3174 5174 3306 5225; x_wconf 85' lang='lat' dir='ltr'><strong>Opus</strong></span> <span class='ocrx_word' id='word_1_918' title='bbox 3335 5160 3447 5227; x_wconf 87' lang='lat' dir='ltr'><strong>ipse</strong></span> <span class='ocrx_word' id='word_1_919' title='bbox 3474 5169 3708 5227; x_wconf 87' lang='lat' dir='ltr'><strong>gestaret</strong></span> <span class='ocrx_word' id='word_1_920' title='bbox 3737 5177 3750 5212; x_wconf 91' lang='lat'><strong>:</strong></span> 
     </span>
    </p>
   </div>
   <div class='ocr_carea' id='block_1_115' title="bbox 2170 5251 3751 5326">
    <p class='ocr_par' dir='ltr' id='par_1_115' title="bbox 2170 5251 3751 5326">
     <span class='ocr_line' id='line_1_115' title="bbox 2170 5251 3751 5326; baseline -0.004 -16"><span class='ocrx_word' id='word_1_921' title='bbox 2170 5259 2339 5326; x_wconf 90' lang='lat' dir='ltr'><strong>ipsum</strong></span> <span class='ocrx_word' id='word_1_922' title='bbox 2369 5271 2575 5324; x_wconf 88' lang='lat' dir='ltr'><strong>quoque</strong></span> <span class='ocrx_word' id='word_1_923' title='bbox 2603 5253 2868 5322; x_wconf 82' lang='lat' dir='ltr'><strong>Opificium</strong></span> <span class='ocrx_word' id='word_1_924' title='bbox 2902 5255 3125 5305; x_wconf 80' lang='lat' dir='ltr'><strong>maxima</strong></span> <span class='ocrx_word' id='word_1_925' title='bbox 3149 5254 3313 5320; x_wconf 87' lang='lat' dir='ltr'><strong>gloria</strong></span> <span class='ocrx_word' id='word_1_926' title='bbox 3339 5251 3710 5304; x_wconf 89' lang='lat' dir='ltr'><strong>cumulabatur</strong></span> <span class='ocrx_word' id='word_1_927' title='bbox 3737 5291 3751 5315; x_wconf 91' lang='lat'><strong>,</strong></span> 
     </span>
    </p>
   </div>
   <div class='ocr_carea' id='block_1_116' title="bbox 2170 5342 3756 5416">
    <p class='ocr_par' dir='ltr' id='par_1_116' title="bbox 2170 5342 3756 5416">
     <span class='ocr_line' id='line_1_116' title="bbox 2170 5342 3756 5416; baseline -0.006 -17"><span class='ocrx_word' id='word_1_928' title='bbox 2170 5348 2309 5416; x_wconf 88' lang='lat' dir='ltr'><strong>quod</strong></span> <span class='ocrx_word' id='word_1_929' title='bbox 2336 5347 2535 5415; x_wconf 85' lang='lat' dir='ltr'><strong>opificis</strong></span> <span class='ocrx_word' id='word_1_930' title='bbox 2557 5346 2636 5398; x_wconf 92' lang='lat' dir='ltr'><strong>sui</strong></span> <span class='ocrx_word' id='word_1_931' title='bbox 2668 5344 2817 5398; x_wconf 83' lang='lat' dir='ltr'><strong>ﬁeret</strong></span> <span class='ocrx_word' id='word_1_932' title='bbox 2839 5344 3220 5396; x_wconf 89' lang='lat' dir='ltr'><strong>indumentum.</strong></span> <span class='ocrx_word' id='word_1_933' title='bbox 3247 5342 3375 5394; x_wconf 87' lang='lat' dir='ltr'><strong>Nam</strong></span> <span class='ocrx_word' id='word_1_934' title='bbox 3399 5343 3756 5409; x_wconf 88' lang='lat' dir='ltr'><strong>quemadmo-</strong></span> 
     </span>
    </p>
   </div>
   <div class='ocr_carea' id='block_1_117' title="bbox 2172 5432 3753 5503">
    <p class='ocr_par' dir='ltr' id='par_1_117' title="bbox 2172 5432 3753 5503">
     <span class='ocr_line' id='line_1_117' title="bbox 2172 5432 3753 5503; baseline -0.003 -12"><span class='ocrx_word' id='word_1_935' title='bbox 2172 5439 2292 5491; x_wconf 92' lang='lat' dir='ltr'><strong>dum</strong></span> <span class='ocrx_word' id='word_1_936' title='bbox 2333 5439 2383 5490; x_wconf 93' lang='lat' dir='ltr'><strong>in</strong></span> <span class='ocrx_word' id='word_1_937' title='bbox 2412 5437 2577 5503; x_wconf 89' lang='lat' dir='ltr'><strong>prima</strong></span> <span class='ocrx_word' id='word_1_938' title='bbox 2625 5436 2937 5488; x_wconf 88' lang='lat' dir='ltr'><strong>formatione</strong></span> <span class='ocrx_word' id='word_1_939' title='bbox 2965 5435 3077 5487; x_wconf 81' lang='lat' dir='ltr'><strong>fieri</strong></span> <span class='ocrx_word' id='word_1_940' title='bbox 3102 5449 3203 5487; x_wconf 91' lang='lat' dir='ltr'><strong>non</strong></span> <span class='ocrx_word' id='word_1_941' title='bbox 3231 5443 3437 5501; x_wconf 88' lang='lat' dir='ltr'><strong>poterat</strong></span> <span class='ocrx_word' id='word_1_942' title='bbox 3463 5474 3476 5494; x_wconf 91' lang='lat'><strong>,</strong></span> <span class='ocrx_word' id='word_1_943' title='bbox 3506 5444 3558 5485; x_wconf 90' lang='lat' dir='ltr'><strong>ut</strong></span> <span class='ocrx_word' id='word_1_944' title='bbox 3586 5432 3753 5495; x_wconf 74' lang='lat' dir='ltr'><strong>homo</strong></span> 
     </span>
    </p>
   </div>
   <div class='ocr_carea' id='block_1_118' title="bbox 2171 5525 3745 5596">
    <p class='ocr_par' dir='ltr' id='par_1_118' title="bbox 2171 5525 3745 5596">
     <span class='ocr_line' id='line_1_118' title="bbox 2171 5525 3745 5596; baseline -0.003 -14"><span class='ocrx_word' id='word_1_945' title='bbox 2171 5530 2599 5594; x_wconf 89' lang='lat' dir='ltr'><strong>constitueretur,</strong></span> <span class='ocrx_word' id='word_1_946' title='bbox 2619 5537 2897 5596; x_wconf 89' lang='lat' dir='ltr'><strong>antequam</strong></span> <span class='ocrx_word' id='word_1_947' title='bbox 2918 5527 3083 5580; x_wconf 91' lang='lat' dir='ltr'><strong>lutum</strong></span> <span class='ocrx_word' id='word_1_948' title='bbox 3103 5527 3150 5579; x_wconf 93' lang='lat' dir='ltr'><strong>in</strong></span> <span class='ocrx_word' id='word_1_949' title='bbox 3171 5525 3284 5593; x_wconf 85' lang='lat' dir='ltr'><strong>ejus</strong></span> <span class='ocrx_word' id='word_1_950' title='bbox 3303 5540 3487 5576; x_wconf 90' lang='lat' dir='ltr'><strong>manus</strong></span> <span class='ocrx_word' id='word_1_951' title='bbox 3505 5527 3745 5579; x_wconf 89' lang='lat' dir='ltr'><strong>veniret:</strong></span> 
     </span>
    </p>
   </div>
   <div class='ocr_carea' id='block_1_119' title="bbox 2173 5617 3748 5686">
    <p class='ocr_par' dir='ltr' id='par_1_119' title="bbox 2173 5617 3748 5686">
     <span class='ocr_line' id='line_1_119' title="bbox 2173 5617 3748 5686; baseline -0.001 -14"><span class='ocrx_word' id='word_1_952' title='bbox 2173 5623 2242 5672; x_wconf 86' lang='lat' dir='ltr'><strong>ita</strong></span> <span class='ocrx_word' id='word_1_953' title='bbox 2275 5621 2383 5673; x_wconf 83' lang='lat' dir='ltr'><strong>fieri</strong></span> <span class='ocrx_word' id='word_1_954' title='bbox 2416 5620 2597 5686; x_wconf 89' lang='lat' dir='ltr'><strong>nequit</strong></span> <span class='ocrx_word' id='word_1_955' title='bbox 2621 5627 2678 5671; x_wconf 91' lang='lat' dir='ltr'><strong>ut</strong></span> <span class='ocrx_word' id='word_1_956' title='bbox 2708 5633 2799 5671; x_wconf 88' lang='lat' dir='ltr'><strong>vas</strong></span> <span class='ocrx_word' id='word_1_957' title='bbox 2828 5617 3167 5686; x_wconf 91' lang='lat' dir='ltr'><strong>corruptibile</strong></span> <span class='ocrx_word' id='word_1_958' title='bbox 3202 5625 3615 5684; x_wconf 89' lang='lat' dir='ltr'><strong>transmutctur,</strong></span> <span class='ocrx_word' id='word_1_959' title='bbox 3649 5617 3748 5670; x_wconf 75' lang='lat' dir='ltr'><strong>nisi</strong></span> 
     </span>
    </p>
   </div>
   <div class='ocr_carea' id='block_1_120' title="bbox 2175 5707 2918 5776">
    <p class='ocr_par' dir='ltr' id='par_1_120' title="bbox 2175 5707 2918 5776">
     <span class='ocr_line' id='line_1_120' title="bbox 2175 5707 2918 5776; baseline -0.004 -14"><span class='ocrx_word' id='word_1_960' title='bbox 2175 5709 2263 5762; x_wconf 84' lang='lat' dir='ltr'><strong>fiat</strong></span> <span class='ocrx_word' id='word_1_961' title='bbox 2290 5707 2503 5776; x_wconf 85' lang='lat' dir='ltr'><strong>Opiﬁcis</strong></span> <span class='ocrx_word' id='word_1_962' title='bbox 2535 5709 2918 5761; x_wconf 90' lang='lat' dir='ltr'><strong>indumentum.</strong></span> 
     </span>
    </p>
   </div>
   <div class='ocr_carea' id='block_1_121' title="bbox 2240 5835 3058 5903">
    <p class='ocr_par' dir='ltr' id='par_1_121' title="bbox 2240 5835 3058 5903">
     <span class='ocr_line' id='line_1_121' title="bbox 2240 5835 3058 5903; baseline -0.004 -14"><span class='ocrx_word' id='word_1_963' title='bbox 2240 5845 2254 5872; x_wconf 74' lang='grc' dir='ltr'>ί</span> <span class='ocrx_word' id='word_1_964' title='bbox 2291 5848 2425 5903; x_wconf 80' lang='lat' dir='ltr'><strong>neg.,</strong></span> <span class='ocrx_word' id='word_1_965' title='bbox 2450 5837 2755 5900; x_wconf 77' lang='lat' dir='ltr'><strong>corruptibile</strong></span> <span class='ocrx_word' id='word_1_966' title='bbox 2778 5845 2820 5886; x_wconf 76' lang='lat' dir='ltr'><strong>et</strong></span> <span class='ocrx_word' id='word_1_967' title='bbox 2842 5835 3058 5889; x_wconf 67' lang='grc' dir='ltr'><strong>πων-(αέα.</strong></span> 
     </span>
    </p>
   </div>
  </div>
