3996 6422
215 379 328 433 387

203 482 448 551 θρόνους,
482 481 543 534 οὐ
592 482 931 552 κυριότητας,
953 486 1014 539 οὐ
1062 485 1334 556 δυνάμεις,
1366 488 1466 540 οὐκ
1505 488 1768 551 ἐξουσίας,

201 568 335 621 ἀλλὰ
361 567 519 637 ξένην
558 568 652 620 καί
682 568 875 638 ἀτριϐῆ
910 569 1128 638 βαδίσας
1161 573 1293 636 ὁδὸν,
1327 572 1385 637 ἐξ
1423 575 1769 643 άγεωργήτου

202 652 437 720 προῆλθε
464 653 717 723 γαστρὸς,
760 652 879 705 οῦτε
906 655 1029 715 τοὺς
1055 655 1317 721 ἀγγέλους
1342 654 1503 707 αὑτοῦ
1538 656 1773 724 ἐρήμους

201 734 302 801 τῆς
321 736 639 797 ἐπιστασίας
665 734 827 787 αὑτοῦ
854 736 1184 799 καταλιπὼν,
1216 736 1335 788 οὕτε
1366 741 1432 806 τῇ
1474 737 1607 805 πρὸς
1629 739 1773 805 ἡμᾶς

202 819 612 887 ἐνανθρωπήσει
666 818 764 885 τῆς
816 818 1019 879 οἰκείας
1078 818 1327 885 θεότητος
1372 820 1595 879 ἐκστάς·
1640 819 1773 871 ἀλλὰ

204 902 440 971 βασιλεῖς
469 902 565 969 μὲν
593 900 682 952 τὸν
703 901 1017 968 ἐπουράνιον
1052 900 1270 968 βασιλέα
1308 904 1402 970 τῆς
1441 900 1592 969 δόξης
1613 896 1775 968 ἦλθον

202 985 690 1053 προσκυνήσοντες,
738 981 1059 1050 στρατιῶται
1108 982 1163 1032 δὲ
1218 983 1307 1034 τὸν
1342 983 1772 1051 ἀρχιστράτηγον

202 1070 298 1135 τῆς
330 1066 610 1133 δυνάμεως
665 1063 1115 1133 θεραπεύσοντες·
1173 1066 1227 1116 αί
1277 1068 1525 1131 γυναῖκες
1568 1063 1657 1114 τὸν
1711 1067 1774 1115 ἐκ

203 1147 460 1216 γυναικὸς
500 1144 783 1213 τεχθέντα,
820 1146 905 1197 ἵνα
946 1145 1045 1205 τὰς
1072 1144 1245 1205 λύπας
1281 1146 1379 1212 τῆς
1416 1144 1669 1211 γυναικὸς
1696 1146 1774 1205 είς

204 1232 375 1300 χαρὰν
409 1230 717 1300 μεταϐάλλῃ
735 1246 749 1258 ·
776 1230 830 1279 αἱ
857 1229 1111 1297 παρθένοι
1139 1230 1198 1280 τὸ
1226 1229 1325 1296 τῆς
1359 1229 1625 1297 παρθένου
1650 1245 1774 1279 παι-

204 1313 334 1369 δίον,
368 1313 452 1364 ὅτι
483 1311 594 1372 πῶς
614 1312 641 1362 6
670 1310 934 1376 γάλακτος
962 1312 1051 1361 καὶ
1095 1310 1278 1378 μαζῶν
1306 1310 1630 1379 δημιουργὸς
1676 1310 1774 1371 τὰς

206 1394 387 1463 πηγάς
421 1393 605 1463 μαζῶν
635 1394 909 1461 αὐτόματα
933 1393 1118 1461 ῥεῖθρα
1143 1393 1397 1463 φέρεσθαι
1422 1392 1605 1453 ποιῶν,
1628 1393 1773 1460 παρὰ

209 1477 412 1547 μητρὸς
448 1476 715 1545 παρθένου
745 1475 994 1526 παιδίουιι
1025 1474 1223 1543 τροφὴν
1281 1474 1465 1525 έλαϐε·
1500 1474 1567 1524 τά
1609 1477 1773 1542 νήπια

204 1559 294 1609 τὸν
320 1559 511 1626 νήπιον
541 1558 857 1625 γενόμενον,
907 1557 990 1607 ἵνα
1027 1557 1091 1607 ἐκ
1136 1555 1395 1624 στόματος
1435 1555 1639 1623 νηπίων
1684 1556 1774 1605 καὶ

208 1639 548 1711 θηλαζόντων
598 1639 895 1710 καταρτίσῃ
951 1634 1127 1691 αἶνον·
1171 1640 1216 1688 οἱ
1270 1636 1455 1699 παῖδες
1479 1638 1569 1688 τὸν
1612 1638 1775 1689 παῖδα

209 1725 492 1793 μάρτυρας
522 1721 606 1773 διὰ
632 1721 728 1789 τὴν
762 1720 994 1790 Ἡρώδου
1029 1719 1221 1788 μανίαν
1257 1718 1648 1786 είργασάμενον
1672 1735 1685 1747 ·
1723 1718 1773 1768 οἰ

206 1805 394 1873 ἄνδρες
420 1804 512 1855 τὸν
544 1803 1027 1872 ἐνανθρωπήσαντα
1056 1803 1148 1853 καὶ
1170 1801 1235 1853 τὰ
1261 1802 1367 1853 τῶν
1394 1800 1591 1852 δούλων
1614 1799 1773 1869 θερα-

207 1888 484 1939 πεύσαντα
521 1886 664 1937 κακά
684 1901 696 1914 ·
734 1886 781 1936 οί
809 1883 1060 1953 ποιμένες
1091 1884 1180 1934 τὸν
1211 1883 1439 1952 ποιμένα
1466 1884 1555 1934 τὸν
1590 1884 1770 1945 καλὸν,

206 1971 296 2023 τὸν
328 1972 429 2039 τὴν
486 1968 661 2038 ψυχὴν
690 1968 828 2036 ὑπὲρ
856 1967 964 2019 τῶν
1013 1966 1295 2035 προϐάτων
1342 1965 1697 2035 προθέμενον·
1724 1967 1773 2016 οί

210 2056 369 2124 ἱερεῖς
388 2053 482 2105 τὸν
517 2053 655 2104 κατά
684 2050 778 2119 τὴν
803 2050 953 2114 τάξιν
978 2048 1305 2116 Μελχισεδὲκ
1336 2049 1595 2117 ἀρχιερέα
1624 2048 1773 2114 γενό-

209 2153 402 2207 μενον·
435 2139 486 2189 οἱ
518 2136 694 2188 δοῦλοι
738 2134 827 2187 τὸν
885 2132 1095 2203 μορφὴν
1146 2132 1329 2183 δούλου
1376 2133 1639 2193 λαϐόντα,
1688 2133 1774 2184 ἵνα

206 2222 358 2291 ήμῶν
389 2220 489 2288 τὴν
523 2217 758 2271 δουλείαν
797 2216 1072 2285 ἐλευθερία
1116 2217 1350 2287 τιμήσῃ·
1392 2218 1439 2267 οἱ
1489 2217 1655 2276 ἁλιεῖς
1684 2216 1773 2266 τὸν

206 2306 310 2357 ἀπὸ
331 2305 526 2356 ἀλιέων
552 2300 816 2371 θηρευτὰς
838 2298 1136 2369 ἀνθρώπων
1170 2297 1530 2367 ἐργαζόμενον
1552 2312 1562 2323 ·
1592 2299 1639 2347 oi
1675 2314 1775 2348 τε-

206 2387 370 2439 λῶναι
411 2388 502 2439 τὸν
542 2387 648 2437 ἀπὸ
692 2383 934 2435 τελωνῶν
972 2381 1357 2449 εύαγγελιστὴν
1388 2380 1770 2445 ἀναδείξαντα·

206 2474 261 2524 αῖ
292 2473 488 2541 πόρναι
523 2471 614 2521 τὸν
656 2471 764 2528 τοῖς
816 2468 1091 2536 πορνικοῖς
1138 2465 1364 2534 δάκρυσι
1423 2464 1549 2525 τοὺς
1611 2464 1774 2524 πόδας

208 2554 528 2622 προϊέμενον
549 2568 560 2579 ·
583 2551 672 2603 καὶ
707 2551 793 2601 ἵνα
823 2548 1097 2615 συντόμως
1126 2548 1281 2605 είπω,
1309 2545 1506 2605 πάντες
1534 2545 1581 2594 οί
1605 2544 1775 2611 ἀμαρ-

207 2635 365 2687 τωλοὶ
387 2632 550 2701 ἦλθον
576 2635 700 2684 ἰδεῖν
724 2633 811 2682 τὸν
838 2630 1004 2698 ἀμνὸν
1034 2629 1125 2680 τοῦ
1153 2627 1284 2679 Θεοῦ
1314 2627 1403 2677 τὸν
1437 2626 1654 2691 αἴροντα
1678 2623 1773 2692 τήν

206 2718 476 2787 ἁμαρτίαν
499 2715 592 2767 τοῦ
623 2715 847 2782 κόσμου,
877 2712 1036 2779 μάγοι
1060 2710 1477 2779 δορυφοροῦντες
1503 2707 1552 2769 δ,
1588 2706 1773 2773 ποιμέ-

207 2820 291 2861 νες
345 2799 710 2866 εὐλογοῦντες.
765 2795 986 2847 τελῶναι
1024 2792 1524 2860 εὐαγγελιζόμενοι,
1581 2791 1772 2857 πόρναι

208 2882 649 2954 μυροφοροῦσαι,
702 2880 1027 2946 Σαμαρεῖτις
1090 2875 1269 2943 πηγὴν
1324 2871 1532 2941 διψῶσα
1596 2871 1770 2954 ζωῆς,

207 2951 484 3019 Χαναναία
531 2964 712 3015 πίστιν
765 2960 1131 3013 ἀνενδοίαστον
1176 2958 1389 3026 ἔχουσα.
1434 2955 1654 3007 Πάντων
1686 2951 1775 3004 οῦν

208 3046 570 3118 σκιρτῶντων,
616 3047 900 3113 σκιρτῆσαι
928 3041 1063 3093 θέλω
1096 3039 1266 3106 κάγὼ,
1309 3037 1561 3109 χορεῦσαι
1590 3035 1773 3104 βούλο-

209 3117 325 3200 μαι,
378 3127 743 3196 πανηγυρίσαι
782 3125 995 3176 θέλωο·
1047 3122 1253 3191 χορεύω
1292 3121 1346 3173 δὲ
1373 3161 1384 3180 ,
1438 3120 1498 3171 οὐ
1548 3117 1776 3200 κιθάραν

207 3199 477 3282 πλήττων.
504 3211 564 3262 ού
600 3207 796 3277 θυρσὸν
828 3204 1013 3267 κινῶν,
1040 3206 1139 3257 οὑκ
1169 3204 1363 3263 αὐλοὺς
1398 3202 1561 3271 ἔχων,
1586 3201 1644 3251 ού
1683 3199 1775 3268 δᾷ-

207 3297 298 3358 δας
324 3296 533 3354 ἆπτων,
566 3291 678 3343 ἀλλ’
708 3290 829 3342 ἀντὶ
866 3286 1137 3356 μουσικῶν
1169 3287 1412 3355 ὀργάνων
1439 3284 1506 3337 τά
1528 3283 1619 3336 τοῦ
1654 3284 1779 3351 Χρι-

208 3380 331 3432 στοῦ
357 3379 648 3446 σπάργανα
680 3374 878 3443 φέρων.
898 3372 1043 3423 Αύτά
1070 3372 1175 3439 γάρ
1202 3387 1289 3438 μοι
1322 3369 1493 3430 ἐλπὶς,
1527 3366 1664 3418 αύτά
1692 3383 1777 3433 μοι

206 3462 339 3529 ζωὴ,
363 3460 504 3512 αύτά
543 3475 630 3526 μοι
664 3455 923 3524 σωτηρία,
960 3454 1096 3506 αύτά
1159 3469 1248 3520 μοι
1281 3451 1457 3512 αὐλὸς,
1503 3450 1641 3502 αύτά
1690 3466 1783 3521 p.61!

206 3543 424 3609 κιθάρα.
460 3541 549 3591 Διὸ
582 3540 672 3592 καὶ
705 3539 843 3590 αύτά
879 3537 1105 3607 ἔρχομαι
1136 3537 1343 3605 φέρων,
1385 3536 1467 3586 ἵνα
1505 3536 1568 3602 τῇ
1602 3531 1777 3583 αὐτῶν

206 3623 431 3690 δυνάμει
493 3623 644 3687 ἰσχὺν
698 3620 869 3684 λόγων
921 3617 1096 3668 λαϐὼν
1146 3619 1258 3680 μετ’
1305 3615 1546 3683 ἀγγέλων
1593 3614 1774 3664 εἴπω·

208 3705 360 3768 Δόξα
378 3706 450 3756 ἐν
472 3704 752 3769 ὑψίστοις
785 3697 905 3761 Θεῷ
927 3715 939 3727 -
986 3698 1118 3765 μετὰ
1138 3698 1191 3749 δὲ
1214 3698 1500 3764 ποιμένων,
1539 3695 1646 3747 Καὶ
1680 3693 1777 3743 ἐπὶ

208 3787 319 3856 γῆς
384 3785 617 3852 εἰρήνη,
665 3784 731 3834 ἐν
783 3780 1110 3846 ἀνθρώποις
1156 3779 1415 3832 εὐδοκία.
1455 3780 1698 3845 Σήμερον
1750 3777 1777 3826 6

208 3869 484 3938 γεννηθεὶς
512 3867 762 3934 ἀρρήτως
778 3866 840 3914 ἐκ
862 3862 1091 3928 Πατρὸς,
1121 3862 1183 3912 ἐκ
1218 3860 1485 3930 παρθένου
1515 3860 1773 3919 τίκτεται,

207 3950 497 4018 ἀφράστως
544 3948 609 3999 δι’
640 3948 758 4014 ἐμέ.
788 3944 943 3997 Ἀλλά
968 3944 1082 3995 τότε
1115 3942 1211 4011 μὲν
1239 3942 1371 3994 κατά
1400 3941 1556 4008 φύσιν
1590 3942 1651 3990 ἐκ
1684 3937 1777 3989 τοῦ

208 4016 420 4100 Πα-τρὸς
473 4031 580 4098 πρὸ
608 4027 817 4081 αἰώνων
866 4025 1145 4095 ἐγεννήθη,
1178 4026 1252 4087 ῶς
1286 4027 1311 4076 6
1335 4026 1597 4093 γεννήσας
1631 4016 1738 4071 οἵδε
1763 4036 1774 4048 ·

209 4117 447 4183 σήμερον
481 4112 536 4163 δέ
578 4110 736 4163 πάλιν
767 4109 911 4179 παρά
936 4107 1092 4175 φύσιν
1120 4107 1330 4175 ἐτέχθη,
1348 4106 1423 4167 ῶς
1450 4107 1481 4173 ἡ
1512 4103 1600 4156 τοῦ
1627 4103 1776 4183 ἁγίου

208 4182 525 4262 Ιινεύματος
572 4192 851 4243 ἐπίσταται
880 4190 1053 4259 χάρις.
1081 4186 1361 4259 [5941Καὶ
1395 4189 1426 4255 ή
1472 4186 1581 4238 ἄνω
1616 4182 1777 4236 αὑτοῦ

208 4280 459 4345 γέννησις
491 4274 715 4342 ἀληθὴς,
748 4274 840 4323 καὶ
889 4274 921 4339 ή
953 4272 1100 4323 κάτω
1137 4270 1387 4337 γέννησις
1412 4268 1664 4337 ἀψευδὴς,
1689 4266 1779 4317 καὶ

209 4358 421 4428 άληθῶς
445 4357 577 4417 Θεὸς
606 4357 667 4406 ἐκ
690 4354 820 4405 Θεοῦ
839 4354 1118 4422 ἐγεννήθη,
1140 4353 1233 4403 καλ⁸
1260 4351 1471 4420 άληθῶς
1500 4350 1592 4403 άνθ
1602 4366 1778 4418 ρωπος

207 4444 235 4494 6
276 4442 437 4501 αὐτὸς
492 4441 556 4490 ἐκ
588 4436 851 4506 παρθένου
888 4436 1103 4505 ἐτέχθη.
1135 4436 1279 4487 ¹’Λνω
1316 4433 1470 4503 μόνος
1520 4436 1584 4484 ἐκ
1619 4434 1777 4501 μόνου

208 4522 541 4589 Μονογενὴς,
568 4520 715 4571 κάτω
754 4519 909 4587 μόνος
947 4521 1009 4570 ὲκ
1035 4517 1299 4585 παρθένου
1332 4516 1496 4584 μόνης
1540 4517 1777 4581 Μονογε-

208 4607 305 4673 νὴς
331 4608 357 4656 6
380 4604 563 4663 αὑτός.
594 4603 800 4669 ’Ὠσπερ
824 4602 931 4669 γὰρ
962 4602 1053 4652 ἐπὶ
1074 4603 1167 4669 τῆς
1188 4603 1297 4654 ἄνω
1326 4602 1630 4670 γεννήσεως
1655 4601 1780 4651 ἀσε-

246 4688 301 4746 ὲς
347 4683 595 4751 ἐννοῆσαι
636 4682 881 4751 μητέρα·
914 4682 1054 4734 οὕτω
1104 4683 1416 4751 βλάσφημόν
1457 4685 1602 4733 ἐστιν
1651 4684 1779 4733 ὑπο-

209 4767 390 4819 λαϐεῖν
422 4767 518 4816 καὶ
550 4765 640 4814 ἐπὶ
672 4764 769 4831 τῆς
795 4763 941 4815 κάτω
975 4766 1274 4832 γεννήσεως
1306 4766 1534 4831 πατέρα.
1578 4765 1633 4814 '0
1666 4765 1777 4815 Πα-

208 4850 311 4917 τὴρ
352 4846 668 4917 ἁῤῥεύστως
702 4846 985 4913 ἐγέννησε,
1018 4847 1109 4897 καὶ
1140 4846 1170 4913 ἡ
1226 4846 1487 4913 παρθένος
1529 4845 1779 4913 ἀφθόρως

210 4934 424 4984 ἔτεκεν·
463 4927 584 4979 οὔτε
619 4928 725 4995 γάρ
748 4930 773 4978 6
799 4927 927 4988 Θεὸς
969 4927 1147 4994 ρεῦσιν
1190 4928 1445 4995 ὑπέμεινε
1478 4928 1774 4994 γεννήσας·

210 5011 526 5078 θεοπρεπῶς
567 5008 673 5075 γάρ
707 5008 1022 5076 ἐγέννησεν·
1055 5007 1174 5059 οῠτε
1210 5011 1241 5078 ή
1281 5010 1542 5077 παρθένος
1578 5008 1778 5076 φθορὰν

211 5094 470 5161 ὑπέμεινε
515 5090 777 5141 τεκοῦσα·
814 5090 1197 5157 πνευματικῶς
1230 5092 1335 5160 γάρ
1382 5092 1579 5142 ἔτεκεν.
1618 5090 1778 5141 ’Ὀθεν

210 5173 331 5227 οὕτε
355 5176 388 5243 ἡ
422 5175 532 5228 άνω
580 5170 738 5224 αὑτοῦ
762 5170 1009 5239 γέννησις
1053 5173 1308 5242 ἐξήγησιν
1342 5173 1471 5241 ἔχει,
1503 5172 1621 5224 οὔτε
1658 5174 1688 5241 ή
1721 5174 1777 5224 ἐν

274 5508 299 5534 ⁸
323 5509 442 5566 Reg.
466 5509 669 5555 παιδίον.

270 5566 299 5605 δ
337 5568 466 5633 “me,
508 5570 649 5633 μάγοι
699 5568 1074 5632 δορυφοροῦντες,
1121 5574 1240 5627 elc.,
1292 5585 1445 5633 usque
1493 5574 1549 5621 ad
1588 5574 1772 5620 πάντων

211 5626 309 5698 οὖν,
325 5626 515 5698 ξίεεμηῐ
537 5626 591 5676 ιη
608 5630 730 5698 Βοε.

213 5686 393 5795 “deum
415 5690 561 5751 Reg,
586 5686 763 5739 melius
785 5705 925 5753 quam
944 5688 1084 5749 editi,
1108 5691 1188 5749 qui
1212 5694 1439 5743 omittunt
1464 5696 1771 5757 πανηγυρίσαι

1342 371 1406 429 ΙΝ
1441 372 1768 430 NATALEM
1810 372 2083 430 CHRISTI
2118 377 2300 433 DIEM.

3339 394 3449 449 388

1882 490 2123 561 ὑστέροις
2153 496 2361 562 καιροῖς
2398 494 2615 563 πρόοδος
2656 494 3219 565 πολυπραγμονεῖσθαι
3254 495 3442 565 ἀνέχε-

1879 590 1988 625 ται.
2050 575 2172 625 ’Ότι
2227 576 2368 644 μένά
2417 576 2525 647 γάρ
2577 577 2757 629 ἔτεκεν
2802 580 2835 646 ή
2886 579 3169 647 παρθένος,
3208 579 3443 647 σήμερον

1880 651 2011 715 οἶδα,
2055 657 2148 707 καὶ
2192 658 2272 709 ὅτι
2320 658 2605 727 ἐγέννησεν
2632 660 2660 710 ὀ
2696 658 2823 720 Θεὸς
2854 660 3120 727 άχρόνως,
3160 659 3396 711 πιστεύω
3428 675 3440 687 ·

1880 737 1967 788 τὸν
1998 737 2052 789 δὲ
2080 739 2277 806 τρόπον
2309 739 2405 807 τῆς
2431 745 2730 809 γεννήσεως
2753 745 2926 809 σιωπῇ
2945 743 3107 810 τιμᾷν
3129 741 3442 811 μεμάθηκα.

1882 820 1974 871 καὶ
2021 821 2077 871 ού
2109 822 2193 874 διὰ
2241 822 2412 889 λόγων
2460 822 2925 893 πολυπραγμονεῖν
2965 824 3286 892 παρέλαϐον.
3324 826 3445 877 Ἐπὶ

1881 902 1986 970 γὰρ
2011 902 2143 954 Θεοῦ
2168 904 2225 955 οὐ
2258 905 2337 955 δεῖ
2367 909 2431 974 τῇ
2456 905 2612 970 φύσει
2632 905 2737 956 τῶν
2770 908 3102 973 πραγμάτων
3136 908 3443 976 προσέχειν,

1882 983 2014 1035 ἀλλὰ
2040 988 2104 1053 τῇ
2151 985 2375 1053 δυνάμει
2406 987 2497 1037 τοῦ
2538 986 2881 1055 ἐνεργοῦντος
2911 990 3203 1039 πιστεύειν.
3229 988 3444 1051 Φύσεως

1882 1065 1989 1133 γάρ
2025 1067 2138 1117 ἐστι
2194 1067 2373 1135 νόμος,
2408 1069 2534 1121 ὅταν
2573 1069 2707 1137 γυνὴ
2760 1069 3202 1138 προσομιλήσασα
3250 1071 3445 1138 γάμοις

1881 1147 2011 1216 τέκῃ
2035 1159 2056 1184 ε
2075 1164 2088 1176 ·
2114 1149 2239 1201 ὅταν
2269 1150 2325 1200 δέ
2349 1151 2610 1222 παρθένος
2643 1152 3005 1220 ἀπειρόγαμος
3039 1151 3264 1203 τεκοῦσα
3288 1153 3444 1203 πάλιν

1882 1229 2145 1297 παρθένος
2207 1232 2417 1301 φανείη.
2479 1232 2614 1301 ὑπὲρ
2675 1232 2833 1298 φύσιν
2884 1233 2942 1283 τὸ
2981 1234 3225 1301 πρᾶγμα.
3256 1234 3327 1284 Τὸ
3355 1229 3445 1285 οῦν

1883 1312 2021 1363 κατά
2042 1312 2199 1378 φύσιν
2227 1314 2510 1381 ζητείσθω,
2534 1315 2593 1365 τὸ
2614 1314 2667 1366 δέ
2693 1314 2831 1383 ὑπὲρ
2851 1314 3007 1381 φύσιν
3036 1320 3155 1384 σιγῇ
3175 1316 3441 1384 τιμάσθω,

1882 1395 1977 1461 ούχ
2019 1394 2091 1455 ὼς
2144 1396 2390 1462 φευκτὸν,
2427 1397 2538 1448 ἀλλ’
2597 1398 2671 1457 ὡς
2724 1398 3057 1466 ἀπόρρητον,
3119 1399 3209 1448 καὶ
3270 1401 3441 1466 σιωπῇ

1882 1476 2137 1545 τιμᾶσθαι
2183 1477 2347 1540 ἀξιον.
2403 1478 2540 1531 Ἀλλ’
2588 1480 2914 1548 άπονείματέ
2957 1498 3045 1548 μοι
3100 1481 3442 1549 συγγνώμην,

1882 1560 2202 1628 παρακαλῶ,
2237 1562 2292 1610 ὲν
2318 1562 2618 1630 προοιμίοις
2646 1562 2988 1614 καταπαῦσαι
3022 1564 3109 1615 τὸν
3148 1565 3297 1630 λόγον
3323 1563 3445 1631 βου·

1882 1642 2108 1712 λομένῳ.
2159 1644 2336 1706 Δειλὸς
2366 1644 2473 1715 γὰρ
2523 1644 2596 1696 ῶν
2650 1646 2784 1715 πρὸς
2832 1648 2929 1714 τήν
2975 1646 3081 1697 τῶν
3130 1647 3446 1715 κρειττόνων

1882 1724 2122 1792 ἔρευναν,
2157 1725 2331 1794 πῶςῆ
2379 1726 2479 1778 ποῦ
2534 1727 2716 1796 τρέψω
2762 1728 2866 1778 τῶν
2901 1727 3069 1794 λόγων
3110 1727 3175 1778 τὰ
3216 1727 3445 1793 πηδάλια

1882 1807 1977 1874 ούχ
2010 1806 2133 1874 ἔχω.
2168 1808 2229 1857 Τί
2263 1808 2368 1876 γὰρ
2400 1809 2554 1870 εἴπω,
2585 1811 2615 1877 ἦ
2650 1811 2702 1861 τί
2729 1810 2979 1877 λαλήσω;
3029 1810 3138 1878 Τὴν
3185 1808 3445 1861 τεκοῦσαν

1882 1890 2011 1957 ὁρῶ,
2039 1890 2127 1941 τὸν
2154 1889 2405 1957 τεχθέντα
2440 1891 2637 1959 βλέπω,
2672 1892 2759 1943 τὸν
2788 1892 2841 1942 δὲ
2875 1893 3069 1961 τρόπον
3112 1891 3208 1958 τῆς
3256 1892 3442 1959 γεννή-

1884 1989 2018 2031 σεως
2066 1972 2123 2022 ού
2174 1972 2410 2041 συνορῶ·
2453 1975 2665 2024 νικᾶται
2716 1973 2824 2043 γὰρ
2866 1973 3044 2041 φύσις,
3096 1975 3305 2025 νικᾶται
3352 1974 3444 2024 καὶ

1881 2052 2083 2117 τάξεως
2116 2055 2257 2123 ὅρος,
2284 2056 2415 2105 ὅπου
2438 2054 2567 2117 Θεὸς
2603 2054 2863 2123 βούλεται.
2902 2059 2971 2108 Ού
2996 2056 3102 2125 γὰρ
3127 2056 3261 2107 κατὰ
3288 2054 3445 2122 φύσιν

1882 2136 2069 2201 γέγονε
2121 2135 2180 2186 τὸ
2225 2138 2487 2205 πρᾶγμα·
2544 2138 2655 2188 ἀλλ’
2712 2140 2849 2207 ὑπὲρ
2904 2138 3062 2204 φύσιν
3114 2138 3173 2189 τὸ
3228 2136 3440 2204 θαῦμα·

1882 2217 2088 2286 ἤργησε
2129 2218 2236 2287 γάρ
2274 2220 2304 2286 ή
2337 2219 2513 2286 φύσις,
2555 2223 2648 2271 καὶ
2679 2219 2943 2289 ἐνήργησε
2972 2221 3064 2271 τοῦ
3098 2220 3360 2271 Δεσπότου
3386 2219 3446 2269 τὸ

1884 2300 2146 2368 βούλημα.
2184 2302 2246 2351 Ὢ
2280 2303 2494 2370 χάριτος
2525 2302 2833 2370 άφράστουῐ
2885 2303 2941 2353 Ὀ
2967 2302 3068 2371 πρὸ
3093 2302 3298 2353 αἰώνων
3341 2300 3447 2351 Μο-

1883 2384 2125 2452 νογενής,
2156 2385 2181 2434 6
2208 2384 2435 2452 ἀναφὴς,
2457 2386 2550 2435 καὶ
2577 2385 2795 2445 ἁπλοῦς,
2815 2384 2905 2436 καὶ
2926 2384 3229 2451 ἀσώματος,
3259 2382 3445 2432 ὑπεισ-

1882 2465 2012 2534 ἧλθέ
2056 2483 2154 2533 μου
2196 2466 2254 2517 τὸ
2315 2467 2545 2536 φθαρτὸν
2612 2468 2701 2518 καὶ
2744 2467 2930 2534 ὁρατὸν
2981 2465 3137 2532 σῶμα
3163 2464 3204 2516 ί.
3237 2464 3333 2514 Δια
3362 2464 3443 2525 τί;

1887 2549 1999 2598 Ἵνα
2033 2547 2356 2613 βλεπόμενος
2381 2548 2562 2616 διδάξῃ
2584 2586 2597 2607 ,
2627 2546 2839 2609 διδάξας
2868 2546 2922 2597 δὲ
2962 2547 3093 2613 πρὸς
3122 2547 3181 2596 τὸ
3218 2545 3291 2613 μὴ
3330 2545 3446 2613 βλε-

1884 2629 2112 2695 πόμενον
2137 2631 2539 2698 χειραγωγήσῃ.
2584 2630 2799 2698 Ἐπειδὴ
2839 2631 2942 2696 γὰρ
2973 2631 3019 2679 οἱ
3052 2629 3324 2696 ἄνθρωποι
3351 2629 3443 2679 τὸν

1884 2710 2153 2780 ὀφθαλμὸν
2174 2712 2265 2779 τῆς
2297 2712 2461 2778 ἀκοῆς
2490 2712 2799 2779 πιστότερον
2824 2711 3083 2771 ποιοῦσιν,
3109 2710 3135 2761 ὃ
3161 2709 3213 2761 δὲ
3234 2710 3305 2778 μὴ
3329 2708 3445 2776 βλέ-

1884 2809 2073 2843 πουσιν
2105 2793 2515 2861 ἀμφιϐάλλουτι,
2544 2794 2629 2845 διὰ
2664 2794 2819 2845 τοῦτο
2852 2795 3091 2862 ἠνείχετο
3122 2795 3211 2843 καὶ
3245 2792 3444 2860 ὀφθαλ-

1889 2879 2005 2944 μοῖς
2039 2876 2133 2943 τὴν
2182 2876 2370 2927 ἑαυτοῦ
2402 2876 2526 2927 θέαν
2579 2876 2662 2927 διά
2696 2876 2787 2926 τοῦ
2822 2876 3066 2943 σώματος
3119 2876 3441 2941 παρασχεῖν,

1888 2961 1971 3011 ἴνα
2001 2959 2134 3028 λύσῃ
2181 2961 2279 3027 τὴν
2337 2960 2758 3028 ἀμφισϐήτησιν.
2795 2959 2899 3008 Καὶ
2937 2957 3173 3009 τίκτεται
3212 2960 3274 3007 ἐκ
3305 2974 3444 3025 παρ-

1888 3041 2037 3093 θένου
2072 3041 2366 3110 ἀγνοούσης
2423 3040 2482 3091 τό
2536 3043 2792 3109 πρᾶγμα·
2834 3038 2954 3092 οὔτε
2991 3041 3097 3107 γὰρ
3140 3040 3443 3105 συνήργησε

1888 3124 2021 3192 πρὸς
2046 3126 2105 3174 τὸ
2137 3125 2434 3191 γινόμενον,
2465 3122 2583 3173 οὗτε
2612 3122 2959 3174 συνεϐάλλετο
2978 3122 3109 3189 πρὸς
3133 3121 3189 3171 τὸ
3214 3121 3444 3188 πραττό-

1891 3224 2066 3273 μενον,
2109 3206 2220 3257 ἀλλ’
2256 3202 2320 3273 ἦν
2346 3205 2495 3273 ψιλὸν
2524 3205 2748 3273 ὄργανον
2798 3205 2891 3271 τῆς
2928 3204 3232 3272 ἀπορρήτου
3283 3201 3441 3254 αὑτοῦ

1887 3288 2182 3354 δυνάμεως,
2216 3288 2371 3356 μόνον
2400 3287 2585 3346 εἰδυῖα,
2609 3287 2635 3337 ὃ
2654 3284 2801 3353 παρά
2830 3284 2919 3336 τοῦ
2953 3284 3183 3353 Γαϐριὴλ
3210 3283 3441 3353 ἐρομένη

1888 3370 2105 3437 ἔμαθεν,
2135 3371 2215 3421 ὃτι
2241 3369 2366 3433 Πῶς
2383 3370 2657 3436 ἕσταιμοι
2682 3368 2871 3430 τοῦτο,
2904 3368 3023 3419 ἐπεὶ
3058 3366 3241 3432 ἄνδρα
3265 3368 3333 3418 οὐ
3358 3384 3440 3432 γι-

1886 3450 2117 3513 νώσκω
2134 3453 2239 3503 Καί
2257 3469 2405 3521 φησι·
2424 3452 2587 3502 Τοῦτ)
2604 3450 2777 3518 βούλει
2805 3450 2991 3518 μαθεῖν
3013 3466 3025 3512 ;
3045 3447 3192 3519 [595]
3214 3448 3446 3513 Πνεῦμα

1888 3534 2055 3600 ἅγιον
2079 3535 2457 3587 ἐπελεύσεται
2480 3535 2572 3585 ἐπὶ
2609 3534 2702 3592 σὲ,
2743 3534 2837 3585 καὶ
2883 3532 3130 3598 δύναμις
3168 3530 3444 3596 Ὑψίστου

1886 3615 2223 3667 ἐπισκιάσει
2258 3631 2373 3667 σοι.
2407 3617 2513 3668 Καὶ
2543 3617 2656 3678 πῶς
2684 3611 2749 3684 ἦν
2777 3614 2887 3683 μετ’
2918 3613 3105 3680 αὐτῆς,
3130 3612 3221 3662 καὶ
3254 3610 3444 3678 μικρὸν

1889 3696 2108 3764 ὕστερον
2140 3697 2197 3760 ἐξ
2222 3700 2417 3766 αὐτῆς;
2453 3699 2656 3765 Ὥσπερ
2683 3697 2925 3765 τεχνίτης
2960 3694 3131 3764 εὑρὼν
3163 3693 3289 3760 ὓλην
3318 3709 3445 3759 χρη-

1890 3796 2218 3847 σιμωτάτην,
2274 3782 2550 3831 κάλλιστον
2612 3780 2975 3847 ἀπεργάζεται
3032 3775 3257 3834 σκεῦος·
3307 3773 3445 3822 οὕτω

1887 3863 1977 3913 καὶ
2036 3864 2062 3911 ό
2104 3863 2330 3929 Χριστὸς
2374 3862 2544 3931 εὑρὼν
2582 3863 2677 3927 τῆς
2736 3860 2999 3927 παρθένου
3052 3858 3201 3921 ἆγιον
3241 3856 3332 3906 καὶ
3383 3854 3444 3905 τὸ

1891 3946 2045 4013 σῶμα
2080 3948 2169 3997 καὶ
2196 3946 2294 4014 τήν
2324 3945 2514 4012 ψυχήν,
2550 3943 2781 4011 ἔμψυχον
2814 3940 2987 4007 ἐαυτῷ
3023 3939 3397 4005 κατεκόσμησε
3421 3938 3444 3974 ⁸

1889 4028 2031 4089 ναὸν,
2065 4028 2121 4078 ὃν
2149 4026 2408 4095 ἐϐουλήθη
2437 4026 2631 4093 τρόπον
2654 4024 2858 4083 πλάσας
2882 4022 2968 4072 τὸν
2991 4020 3271 4089 ἄνθρωπον
3295 4021 3351 4069 ἐν
3380 4020 3444 4087 τῇ

1890 4110 2163 4179 παρθένῳ,
2196 4110 2285 4160 καὶ
2309 4108 2660 4176 ἐνδυσάμενος
2690 4107 2867 4167 αὑτὸν,
2899 4106 3134 4174 σήμερον
3160 4102 3445 4170 προῆλθεν.

1888 4192 1986 4242 οῦκ
2029 4190 2290 4251 αἰδεσθεὶς
2340 4190 2399 4241 τὸ
2432 4190 2663 4251 δυσειδὲς
2694 4189 2719 4227 ιι
2770 4188 2865 4255 τῆς
2911 4188 3138 4253 φύσεως.
3173 4185 3302 4235 Ούδέ
3340 4183 3445 4252 γάρ

1890 4274 2044 4342 ῦϐριν
2090 4274 2279 4343 ἔφερεν
2311 4272 2457 4341 αύτῷ
2484 4314 2495 4335 ,
2522 4272 2743 4341 φορέσαι
2777 4272 2837 4322 τὸ
2872 4270 2999 4322 ἴδιον
3029 4269 3186 4336 ἔργον
3207 4285 3217 4294 ·
3254 4266 3344 4317 καὶ
3386 4267 3445 4315 τὸ

1890 4357 2109 4425 πλάσμα
2143 4356 2197 4408 δὲ
2247 4356 2506 4423 μεγίστην
2553 4354 2851 4422 ἐκαρποῦτο
2900 4352 3071 4415 δόξαν,
3115 4350 3310 4416 ἔνδυμα
3351 4347 3443 4398 τοῦ

1889 4440 2123 4507 τεχνίτου
2168 4439 2464 4505 γινόμενον.
2494 4437 2701 4503 ’Ὠσπερ
2735 4435 2839 4503 γάρ
2883 4435 3029 4500 παρά
3078 4431 3172 4499 τήν
3227 4428 3444 4498 πρώτην

1890 4521 2079 4574 πλάσιν
2110 4520 2364 4573 ἀδύνατον
2389 4517 2454 4590 ἦν
2487 4520 2794 4570 συνεστάναι
2824 4517 2909 4565 τὸν
2932 4515 3229 4583 ἄνθρωπον,
3265 4514 3389 4582 πρὶν
3412 4514 3444 4579 ἦ

1888 4618 1975 4669 τὸν
1999 4618 2164 4685 πηλὸν
2196 4618 2274 4677 είς
2305 4616 2400 4675 τάς
2436 4617 2620 4680 χεῖρας
2658 4610 2817 4662 αὑτοῦ
2854 4609 3050 4661 ἐλθεῖν·
3076 4610 3216 4661 οὕτω
3267 4612 3358 4660 καὶ
3388 4610 3442 4659 τὶ

1891 4701 2091 4768 φθαρὲν
2130 4698 2317 4757 σκεῦος
2359 4695 2613 4746 ἀδύνατον
2652 4692 3141 4763 μεταποιηθῆναιί,
3177 4692 3224 4744 εξ
3258 4691 3330 4761 μὴ
3358 4692 3441 4757 γέ-

1889 4798 2040 4849 γονεν
2077 4781 2275 4848 ἔνδυμα
2306 4778 2395 4828 τοῦ
2426 4778 2763 4845 ποιήσαντος.

1951 5208 1975 5246 (Ἰ
2021 5210 2144 5269 RPg.
2184 5210 2382 5270 πρόοδος
2424 5210 2605 5265 παθητὴ
2650 5210 2849 5269 γέγονεν·
2893 5209 2963 5255 ὅτι
2998 5208 3094 5259 μέν.
3139 5207 3247 5255 Μθῖ
3296 5207 3437 5267 σήμε-

1886 5287 1963 5330 ρον
1987 5271 2127 5317 abest
2151 5285 2173 5317 τι
2203 5273 2319 5329 Heg.

1952 5343 1973 5367 ε
2004 5332 2119 5390 Heg.
2146 5332 2232 5392 γάρ
2277 5333 2375 5377 ἐστι
2420 5332 2579 5392 πυρὸς,
2604 5330 2713 5376 ὅταν
2734 5332 2844 5389 γυνή
2876 5328 3130 5391 ἀρρενικοῖς
3173 5329 3436 5388 όμιλήσασα

1885 5392 2069 5451 θεσμοῖς
2096 5393 2226 5451 τέκῃ.

1950 5450 1969 5487 ί
2010 5453 2129 5511 Reg.
2155 5450 2350 5512 φθαρτὸν
2376 5455 2454 5498 καὶ
2477 5451 2635 5507 θνητὸν
2648 5452 2803 5510 σῶμα.

1948 5514 1970 5548 Β
1996 5513 2113 5570 Heg.
2136 5514 2472 5559 κατεσκεύασε.

1947 5572 1971 5607 δ
2000 5572 2116 5631 [{Pg.
2151 5574 2203 5617 τὸ
2228 5575 2449 5624 δυσῶδες-

1952 5634 1965 5669 ί
2010 5626 2129 5691 Ηυξ.
2154 5650 2280 5692 παρα
2305 5636 2387 5687 τήν
2411 5634 2557 5691 ἀρχὴν
2585 5630 2807 5677 ἀδύνατον
2831 5634 3053 5692 συστῆναι
3078 5626 3164 5692 -τὸν
3200 5626 3435 5692 άνθρωττον

1884 5696 1986 5753 πρὶν
2008 5696 2035 5747 ἢ
2074 5686 2151 5739 τὸν
2180 5686 2297 5739 Θεὸν
2326 5686 2403 5739 τὸν
2431 5686 2573 5753 πηλὸν
2598 5693 2658 5744 εἰς
2686 5692 2766 5753 τὰς
2791 5690 2944 5749 χεῖρας
2966 5689 3047 5740 τὰς
3072 5686 3238 5733 ἑαυτοῦ
3263 5686 3434 5738 λαϐεῖν,

1885 5750 2025 5803 Οὕτω
2049 5757 2126 5801 καὶ
2144 5756 2197 5801 τὸ
2219 5755 2460 5811 διαφθαρεν
2482 5750 2705 5799 ἀδύνατον
2728 5750 2784 5809 ἦν
2805 5750 3183 5809 μεταποιηθήναι.
