3996 6418
200 424 314 477 389

271 510 326 562 2.
355 508 429 577 (a)
460 507 566 563 Sed
608 507 733 578 quid
762 507 931 563 dicam
954 550 969 574 ,
1002 517 1092 562 aut
1137 509 1259 578 quid
1304 508 1522 579 loquar?
1549 508 1772 561 Miracu-

200 599 308 651 lum
348 599 491 652 enim
538 600 593 652 in
635 598 1039 652 admirationem
1088 614 1173 654 me
1220 598 1467 652 traducit.
1513 599 1776 667 Antiquus

199 688 408 741 dierum
437 688 607 741 factus
633 698 713 745 est
737 689 929 753 infans,
959 698 1013 742 et
1038 689 1127 758 qui
1154 689 1205 742 in
1233 689 1371 743 solio
1391 687 1606 743 sublimi
1639 702 1775 755 prte-

198 778 451 846 eelsoqne
481 779 759 844 considet,
792 779 843 833 in
876 779 1134 847 praesepio
1173 780 1419 847 ponitur;
1453 785 1508 833 et
1545 777 1636 846 qui
1680 777 1778 830 im-

199 868 481 935 palpabiiis
520 878 575 924 et
618 870 840 937 simplex
866 909 881 933 ,
926 878 978 924 et
1022 870 1404 937 incompositus
1430 908 1445 934 ,
1494 878 1652 937 atque
1698 866 1776 920 in-

198 973 490 1025 corporeus
532 970 649 1023 est,
678 960 922 1014 humanis
967 960 1211 1013 manibus
1252 966 1614 1013 contreetatur
1644 975 1655 986 ·
1685 959 1776 1025 qui

198 1062 541 1123 peccatorum
587 1051 795 1105 vincula
836 1051 1157 1120 disrumpit,
1198 1049 1412 1114 fasciis,
1448 1053 1569 1118 quia
1622 1053 1774 1113 vult.

196 1144 499 1213 stringitur.
532 1141 728 1197 Statuit
756 1142 896 1196 enim
926 1142 1266 1210 ignominiam
1296 1151 1503 1195 vertere
1529 1143 1580 1196 in
1608 1143 1776 1197 hono-

195 1251 346 1298 rem,
381 1232 656 1286 infamiam
704 1232 921 1285 induere
946 1232 1109 1300 gloria
1135 1272 1152 1297 ,
1184 1241 1237 1286 et
1260 1231 1594 1285 contumelia:
1640 1232 1776 1287 ﬁnes

194 1324 412 1379 modum
442 1322 655 1376 virtutis
679 1321 979 1376 ostendere.
1002 1321 1199 1376 Idcirco
1225 1336 1399 1375 meum
1426 1336 1617 1391 corpus
1644 1323 1773 1377 sub-

196 1417 270 1480 it,
304 1426 359 1469 ut
386 1418 506 1486 ejus
538 1416 697 1470 Verbi
736 1431 834 1485 ego
860 1431 1027 1483 capax
1070 1414 1190 1469 liam
1212 1431 1227 1480 ;
1252 1424 1305 1471 et
1332 1431 1505 1471 meam
1560 1431 1773 1471 carnem

194 1507 496 1575 suscipiens
516 1546 532 1573 ,
557 1505 806 1575 Spiritum
836 1505 965 1559 mihi
995 1521 1150 1559 suum
1182 1506 1429 1576 largiens,
1460 1517 1517 1560 ut
1545 1506 1777 1577 largiens

194 1604 248 1646 et
283 1596 557 1666 accipiens
590 1597 709 1649 vita:
734 1595 860 1649 mihi
892 1595 1197 1649 thesaurum
1222 1606 1516 1665 comparet.
1546 1596 1772 1651 Carnem

195 1699 365 1737 meam
397 1686 718 1755 suscipiunt
743 1700 827 1739 me
851 1684 1439 1755 sanctificet:Spiritum
1471 1685 1596 1739 mihi
1619 1701 1773 1741 suum

197 1773 413 1843 largitur
437 1816 451 1839 ,
485 1787 545 1830 ut
576 1776 775 1830 salvum
813 1790 899 1829 me
935 1774 1113 1829 faciat.
1137 1773 1243 1829 Sed
1280 1775 1405 1844 quid
1450 1775 1621 1830 dicam
1645 1816 1661 1841 ,
1684 1788 1776 1831 aut

195 1864 316 1933 quid
366 1867 589 1935 loquar?
621 1865 750 1919 Ecce
792 1866 930 1935 virgo
966 1866 1207 1934 concipiet
1236 1864 1389 1933 (lsai.
1432 1867 1484 1920 7.
1518 1864 1630 1935 14).
1656 1866 1774 1921 Non

192 1952 298 2021 jam
326 1953 540 2019 dicitur,
567 1964 623 2009 ut
649 1954 899 2019 futurum,
921 1953 1013 2009 sed
1037 1954 1320 2023 suspicitur
1347 1956 1526 2025 utjam
1553 1956 1771 2012 factum.

196 2047 368 2112 Atque
407 2045 549 2113 apud
578 2045 790 2100 Iudaeos
833 2044 1046 2114 quidem
1083 2044 1275 2099 factum
1322 2055 1439 2113 est,
1472 2047 1611 2117 apud
1639 2064 1774 2118 quos

195 2136 469 2189 dicebatur
496 2154 509 2189 :
533 2151 561 2189 a
594 2137 745 2191 nobis
769 2145 942 2190 autem
968 2135 1220 2200 creditur,
1248 2137 1388 2206 apud
1426 2152 1558 2207 quos
1582 2154 1651 2194 ne
1679 2155 1776 2193 no-

195 2226 495 2278 minabatur
522 2226 756 2295 quidem.
774 2225 904 2279 Ecce
926 2226 1062 2294 virgo
1082 2228 1340 2296 concipiet.
1366 2227 1539 2281 Litera
1560 2229 1773 2297 quidem

193 2329 477 2384 synagoga:
494 2324 598 2380 est,
621 2316 886 2384 p0ssessio
907 2330 1034 2369 vero
1055 2316 1324 2370 Ecclesia.
1341 2317 1430 2370 Illa
1456 2318 1673 2374 tabellas
1694 2319 1774 2374 io-

196 2408 356 2469 vcnit,
382 2406 499 2460 lucc
518 2408 857 2477 margaritam
882 2407 1141 2462 inveniet:
1166 2408 1251 2461 illa
1274 2410 1446 2462 lanam
1469 2409 1640 2475 tinxit,
1660 2410 1773 2466 haec

196 2508 339 2551 veste
385 2514 646 2567 purpurea
682 2507 767 2553 est
810 2498 1007 2552 induta.
1057 2497 1328 2567 Siquidem
1372 2499 1552 2554 Judzea
1599 2501 1770 2569 ipsum

195 2590 446 2658 peperit,
492 2601 546 2643 at
592 2590 737 2644 orbis
787 2599 1049 2643 terrarum
1110 2591 1282 2658 ipsum
1330 2594 1558 2661 excepit.
1604 2592 1774 2663 Syna-

192 2694 323 2747 goga
368 2682 541 2747 ipsum
582 2680 711 2733 aluit
753 2689 805 2733 et
846 2679 1089 2733 educavit
1123 2697 1135 2733 :
1168 2679 1455 2733 Ecclesiam
1486 2680 1655 2747 ipsum
1689 2691 1770 2735 te—

193 2770 342 2830 nuit,
389 2784 561 2837 eoque
606 2770 769 2836 potita
818 2778 916 2822 est.
970 2768 1122 2836 Apud
1174 2768 1317 2820 illam
1364 2769 1566 2835 palmes
1612 2771 1768 2835 vitis,

192 2869 246 2912 et
286 2860 422 2926 apud
468 2875 552 2911 me
599 2874 841 2912 racemus
870 2860 1122 2911 veritatis.
1150 2857 1243 2911 Illa
1280 2871 1549 2911 racemum
1588 2858 1772 2913 vinde-

195 2950 409 3011 tuiavit,
441 2957 497 3002 et
542 2957 727 3017 gentes
778 2948 1052 3017 mysticam
1105 2947 1374 3014 potionem
1423 2946 1626 3000 bibunt.
1679 2948 1769 3002 Illa

192 3053 412 3105 granum
471 3036 718 3091 frumenti
776 3038 826 3090 in
878 3035 1058 3090 Judaea
1101 3036 1415 3100 seminavit;
1467 3044 1522 3089 et
1588 3046 1771 3105 gentes

194 3127 313 3179 fidei
360 3126 497 3180 falce
536 3136 766 3191 segetem
822 3133 1171 3179 messueruut.
1212 3123 1410 3179 Gentes
1461 3137 1635 3178 rosim
1688 3127 1771 3193 pie

192 3218 607 3283 decerpseruut.
640 3224 692 3268 et
728 3215 863 3283 apud
914 3214 1124 3269 Judzcos
1184 3215 1335 3281 spina
1387 3213 1770 3271 incredulitatis

193 3307 490 3361 remansit:
523 3304 696 3374 pullus
736 3303 962 3357 avolavit
988 3344 1001 3365 ,
1049 3313 1101 3355 et
1139 3302 1371 3358 assident
1412 3303 1536 3356 nido
1583 3305 1767 3360 stulti:

194 3394 319 3448 folia
347 3397 516 3449 literas
542 3395 958 3462 interpretantur
976 3393 1144 3448 Judmi
1162 3434 1175 3456 ,
1207 3404 1261 3447 et
1288 3392 1513 3447 fructum
1541 3393 1771 3462 Spiritus

194 3493 376 3552 gentes
417 3484 732 3552 decerpunt.
773 3482 904 3535 Ecce
939 3484 1076 3552 virgo
1123 3483 1175 3535 in
1205 3491 1346 3536 utero
1383 3484 1644 3549 concipiet.
1679 3485 1769 3539 Die

195 3575 344 3639 mihi,
373 3574 594 3641 Judaee,
636 3573 720 3627 die
764 3573 891 3626 mihi
946 3587 1123 3641 porro,
1172 3587 1328 3642 quem
1374 3573 1614 3642 peperit?
1641 3572 1770 3629 Fide

194 3665 347 3731 mihi,
375 3666 566 3720 saltem
600 3673 659 3718 ut
692 3664 904 3719 Herodi.
933 3664 1039 3719 Sed
1061 3678 1165 3718 non
1198 3664 1337 3717 ﬁdis.
1369 3664 1490 3718 Scio
1519 3680 1674 3734 quam
1700 3666 1769 3720 ob

194 3771 407 3811 causam
442 3774 456 3809 :
489 3765 705 3825 propter
745 3754 983 3809 insidias.
1026 3755 1106 3810 Illi
1152 3755 1291 3808 enim
1336 3755 1536 3821 dixisti,
1564 3765 1617 3809 ut
1644 3772 1767 3811 eum

195 3846 516 3900 interficeret
548 3863 562 3897 :
602 3844 729 3898 mihi
758 3859 881 3898 vero
906 3859 1009 3898 non
1032 3845 1184 3907 dicis,
1214 3855 1266 3897 ut
1292 3861 1358 3897 ne
1387 3860 1505 3897 eum
1530 3844 1765 3899 adorent.

195 3938 493 4001 Quemnam
544 3948 672 3989 vero
717 3935 955 4003 peperit?
987 3934 1319 4001 Quemnam?
1346 3933 1557 3987 Natura:
1589 3935 1768 3989 Domi-

194 4041 339 4079 num.
370 4025 521 4077 Licet
571 4024 711 4076 enim
754 4032 809 4075 tu
853 4023 1030 4089 sileas,
1063 4023 1255 4075 clamat
1308 4033 1491 4076 natura
1523 4040 1535 4074 :
1567 4025 1771 4091 peperit

192 4115 359 4178 enim,
384 4122 442 4165 ut
470 4112 633 4165 voluit
660 4120 809 4179 partu
847 4110 954 4174 edi,
982 4111 1071 4179 qui
1108 4118 1256 4178 partu
1306 4120 1390 4164 est
1438 4111 1628 4164 editus.
1657 4110 1768 4164 Non

191 4205 334 4257 enim
374 4202 426 4255 id
474 4216 505 4253 a
550 4209 735 4254 natura
778 4201 1196 4269 permittebatur,
1226 4199 1318 4253 sed
1347 4210 1401 4253 ut
1429 4208 1629 4254 natura:
1670 4201 1773 4253 Do-

199 4294 371 4347 minus
393 4293 699 4345 inusitatum
725 4290 1011 4344 nativitatis
1029 4291 1242 4343 modum
1267 4290 1489 4356 invexit,
1514 4301 1569 4343 ut
1593 4300 1772 4345 osten-

197 4382 287 4436 dat
312 4396 373 4436 se
400 4381 671 4435 hominem
698 4379 914 4445 factum,
944 4396 1047 4433 non
1081 4390 1135 4434 ut
1171 4381 1437 4434 hominem
1483 4394 1632 4448 partu
1664 4383 1767 4447 edi,

198 4471 291 4526 sed
331 4480 389 4523 ut
435 4471 598 4524 Deum
641 4470 807 4523 nasci.
841 4470 913 4523 Ex
950 4470 1161 4538 Virgine
1184 4470 1342 4539 igitur
1369 4469 1524 4523 hodie
1554 4470 1767 4539 prodiit,

197 4577 314 4630 qua:
368 4570 612 4614 naturam
665 4562 809 4624 vicit,
855 4570 907 4614 et
961 4561 1168 4627 nuptias
1221 4560 1528 4628 superavit‘.
1564 4562 1772 4616 Etenim

196 4652 495 4706 sanctitatis
534 4652 891 4719 Dispensatori
936 4652 1305 4715 conveniebat,
1333 4660 1387 4704 ut
1414 4667 1544 4719 puro
1571 4661 1622 4705 et
1650 4668 1771 4705 san-

197 4753 284 4796 cto
313 4750 465 4810 partu
498 4744 549 4794 in
580 4742 748 4795 lucem
792 4740 1055 4794 ederetur.
1092 4741 1208 4809 Ipse
1241 4757 1465 4809 namque
1492 4750 1594 4807 est,
1626 4743 1713 4810 qui
1742 4758 1772 4796 e

200 4842 340 4887 terra
369 4832 573 4899 virgine
602 4831 865 4899 quondam
894 4830 1141 4884 formavit
1168 4829 1447 4892 Adamum,
1472 4846 1539 4884 ex
1571 4832 1771 4884 Adamo

199 4940 331 4979 vero
368 4926 487 4979 sine
534 4923 758 4977 muliere
804 4924 1076 4976 mulierem
1116 4922 1429 4976 etlormavit.
1457 4922 1602 4975 Sicut
1630 4924 1772 4977 enim

199 5019 313 5069 sine
355 5014 582 5067 muliere
625 5012 844 5081 protulit
882 5015 1159 5067 mulierem
1207 5012 1459 5075 Adamus,
1493 5015 1568 5066 sic
1611 5015 1769 5066 etiam

204 5107 359 5173 Virgo
385 5107 500 5159 sine
530 5105 643 5157 viro
675 5103 942 5156 hominem
992 5100 1147 5157 hodie
1184 5105 1403 5172 peperit.
1438 5104 1606 5155 llomo
1630 5105 1770 5157 enim

199 5198 517 5265 eat,inquit,
568 5205 622 5249 et
665 5197 782 5263 quis
832 5204 1116 5263 cognoscet
1169 5196 1324 5249 eum?
1352 5196 1483 5249 Nam
1524 5198 1771 5264 quoniam

202 5287 503 5341 hominibus
548 5300 713 5353 genus
760 5284 1014 5337 muliebre
1062 5283 1375 5337 beneficium
1405 5284 1652 5350 debebat,
1688 5296 1772 5337 ut-

204 5389 322 5449 pote
352 5377 496 5447 quod
524 5377 686 5429 Adam
713 5377 829 5430 sine
855 5376 1076 5429 muliere
1104 5376 1376 5428 mulierem
1405 5375 1728 5445 produxerat
1754 5392 1767 5427 :

205 5476 483 5536 propterea
524 5466 672 5532 virgo
718 5466 832 5519 sine
872 5465 982 5518 viro
1008 5464 1164 5518 hodie
1197 5466 1421 5533 peperit,
1452 5480 1513 5520 ac
1542 5479 1635 5533 pro
1665 5463 1770 5517 Eva

270 5636 281 5665 ί
324 5643 460 5694 neg,
566 5632 758 5693 prodiit,
786 5640 1003 5695 naturam
1026 5635 1229 5691 vincens,
1254 5640 1443 5695 nuntias
1465 5646 1711 5695 superans.

267 5695 336 5754 (tl)
371 5702 485 5750 quae
524 5700 791 5754 sequuntur
820 5694 882 5740 de
924 5694 1252 5742 Iuearnatioue
1286 5694 1457 5744 Christi
1496 5694 1775 5745 eoncinnata

208 5751 410 5803 citantur
427 5764 458 5803 a
479 5758 523 5802 S.
549 5751 722 5815 erillo
744 5752 1076 5813 Alexandrino,
1097 5755 1142 5803 in
1169 5754 1288 5802 libro
1320 5757 1375 5803 ad
1404 5759 1617 5817 ttegiuas.

1333 394 1397 450 IN
1435 391 1760 449 NATALEM
1797 386 2067 445 CHRISTI
2108 389 2288 445 DIEM.

3335 401 3446 452 390

1884 505 2118 560 debitum
2156 505 2253 559 viri
2284 504 2554 574 persolvit.
2587 504 2655 560 Ut
2676 505 2818 559 enim
2844 519 2950 559 non
2979 508 3276 575 superhiret
3304 511 3444 559 Ada-

1886 608 2022 657 mus,
2053 595 2192 664 quod
2214 596 2329 649 sine
2354 593 2573 649 muliere
2600 595 2872 649 mulierem
2894 594 3219 665 protulisset,
3250 593 3446 649 idcirco

1884 693 1939 740 et
1959 686 2146 740 mulier
2164 687 2279 741 sine
2298 687 2413 740 viro
2439 686 2641 755 peperit
2660 686 2850 749 virum,
2876 695 2931 739 ut
2951 684 3187 739 miraculi
3211 697 3423 737 commu

1884 774 2043 829 nione
2072 784 2274 830 naturae
2302 776 2655 845 aequalitatem
2680 775 3001 830 ostenderet.
3031 774 3159 828 Nam
3187 771 3446 842 quemad-

1882 867 2097 921 modum
2122 868 2189 922 ab
2218 867 2422 922 Adamo
2448 876 2654 922 costam
2682 867 2918 930 abstulit,
2948 875 3001 921 et
3022 866 3285 920 Adamum
3316 863 3446 917 nihil

1882 956 2145 1011 imminuit
2176 975 2190 1012 :
2221 959 2297 1013 sic
2336 968 2389 1014 et
2418 960 2469 1013 in
2496 958 2711 1028 Virgine
2746 959 3037 1012 animatum
3089 956 3337 1024 templum
3366 956 3444 1009 εἴη

1882 1045 2051 1112 finxit,
2078 1057 2133 1102 et
2160 1048 2509 1119 virginitatem
2542 1049 2754 1103 minime
2792 1049 2971 1102 solvit.
3000 1047 3266 1102 Salvus-et
3295 1047 3435 1099 inco-

1879 1135 2038 1189 lumis
2076 1139 2330 1192 remansit
2374 1139 2532 1193 etiam
2579 1148 2698 1207 post
2739 1147 2898 1191 costae
2928 1139 3270 1206 privationem
3302 1134 3441 1189 Ada-

1880 1226 2358 1297 mus:ineorrupta
2405 1229 2565 1282 etiam
2618 1229 2766 1297 virgo
2811 1230 3119 1296 permansit,
3167 1236 3441 1295 postquam

1880 1314 2053 1370 infans
2078 1332 2142 1371 ex
2170 1332 2230 1373 ea
2261 1317 2473 1387 prodiit.
2504 1318 2703 1374 Idcirco
2740 1329 2915 1373 autem
2957 1334 3061 1373 non
3106 1318 3318 1372 aliunde
3345 1316 3453 1373 sibi

1881 1406 2135 1475 templum
2164 1409 2442 1471 exstruxit,
2474 1424 2642 1478 neque
2664 1409 2804 1462 aliud
2828 1424 3017 1477 corpus
3043 1409 3323 1461 formatum
3362 1408 3446 1460 in-

1879 1496 2013 1562 duit,
2038 1514 2105 1553 ne
2130 1516 2357 1554 massam
2382 1501 2569 1555 Adami
2594 1501 2909 1555 contumelia
2929 1500 3143 1555 afficere
3160 1500 3441 1553 videretur.

1878 1588 2008 1642 Nam
2034 1592 2280 1658 quoniam
2326 1592 2575 1661 deceptus
2604 1592 2783 1659 homo,
2814 1592 3007 1646 diaboli
3039 1592 3444 1646 instrumentum

1879 1677 2045 1732 factus
2068 1689 2199 1743 erat,
2230 1683 2694 1750 proptereatipsum
2724 1684 2811 1750 qui
2838 1682 3201 1751 supplantatus
3235 1680 3440 1735 fuerat‘

1880 1779 2144 1839 tamquam
2192 1774 2477 1826 animatum
2531 1774 2786 1840 templum
2825 1773 3074 1836 assumit,
3119 1784 3178 1826 ut
3230 1780 3446 1841 propter

1878 1857 2014 1913 hanc
2040 1874 2159 1912 eum
2188 1876 2282 1914 suo
2307 1861 2589 1915 Conditore
2614 1863 3039 1931 conjunctionem
3071 1862 3240 1930 ipsum
3269 1876 3299 1914 a
3329 1861 3443 1914 dia-

1876 1948 1985 2002 boli
2016 1952 2401 2005 consuetudine
2431 1968 2492 2007 ac
2514 1952 2867 2007 familiaritate
2896 1953 3190 2007 divelleret.
3222 1952 3444 2008 Verum-

1879 2046 2055 2093 tamen
2083 2040 2207 2094 dum
2248 2040 2306 2095 fit
2348 2042 2528 2105 homo,
2558 2058 2662 2096 non
2686 2052 2742 2096 ut
2770 2045 2928 2096 homo
2958 2053 3107 2112 partu
3131 2042 3324 2106 editur,
3352 2042 3446 2099 sed

1878 2136 1935 2182 ut
1966 2130 2105 2183 Deus
2132 2133 2379 2186 nascitur.
2412 2132 2467 2187 Si
2498 2135 2636 2187 enim
2663 2148 2728 2188 ex
2759 2135 3024 2188 communi
3054 2134 3299 2203 eonjugio
3320 2148 3448 2202 pro-

1876 2218 2063 2273 diisset
2092 2229 2148 2273 ut
2174 2236 2293 2290 ego,
2326 2222 2633 2291 figmentum
2663 2239 2691 2276 a
2721 2224 2877 2292 vulgo
2902 2225 3234 2279 existimatus
3262 2234 3399 2279 esset
3430 2242 3441 2275 :

1872 2307 1981 2376 jam
2012 2325 2140 2364 vero
2166 2310 2363 2366 ideirco
2384 2328 2452 2366 ex
2478 2311 2691 2383 Virgine
2716 2316 2969 2380 nascitur,
3002 2328 3224 2369 nascens
3246 2322 3444 2380 autem,

1877 2408 1931 2453 et
1959 2410 2167 2455 uterum
2197 2403 2453 2459 illibatum
2478 2416 2776 2469 conservat,
2800 2414 2855 2459 et
2884 2406 3248 2459 intemeratam
3280 2404 3443 2475 virgi-

1876 2489 2092 2543 nitatem
2111 2491 2359 2557 custodit,
2382 2504 2439 2548 ut
2468 2494 2743 2548 inusitatus
2766 2496 3002 2563 pariendi
3028 2495 3214 2549 modus
3241 2508 3446 2565 magna:

1875 2581 2004 2634 mihi
2034 2582 2153 2637 fidei
2191 2585 2498 2639 conciliator
2544 2587 2785 2640 exsistat.
2814 2584 2965 2639 Unde
2987 2584 3099 2638 sive
3128 2598 3213 2637 me
3235 2583 3443 2652 gentilis

1874 2662 1987 2718 sive
2010 2664 2224 2719 Judaaus
2249 2668 2558 2735 interroget,
2593 2683 2716 2719 num
2742 2666 2985 2722 Christus
3005 2682 3124 2719 eum
3155 2666 3444 2722 secundum

1874 2764 2113 2808 naturam
2145 2756 2281 2809 Deus
2302 2765 2462 2820 esset,
2488 2756 2645 2810 homo
2672 2767 2863 2826 praeter
2889 2770 3128 2811 naturam
3156 2759 3227 2812 sit
3254 2758 3443 2827 factus,

1874 2836 2068 2903 d3cam,
2096 2838 2182 2893 Sic
2209 2850 2289 2892 est
2314 2856 2326 2891 :
2353 2848 2407 2894 et
2446 2850 2634 2895 testem
2680 2842 2984 2895 inviolatum
3029 2842 3343 2911 virginitatis
3365 2845 3442 2898 si-

1873 2926 2058 2995 gilium
2088 2929 2263 2982 citabo
2295 2946 2308 2981 :
2338 2930 2406 2982 ita
2456 2945 2681 2999 namque
2721 2930 2857 2984 Deus
2888 2941 2986 2995 est,
3013 2932 3098 3001 qui
3128 2941 3329 2986 natura
3358 2947 3444 2987 or-

1874 3016 2050 3071 dinem
2083 3020 2397 3074 vincat:ita
2447 3021 2645 3075 ventris
2692 3029 2774 3075 est
2821 3021 2993 3087 fictor,
3038 3032 3092 3074 et
3131 3022 3443 3091 virginitatis

1874 3108 2139 3175 inventor,
2170 3111 2259 3180 qui
2297 3121 2349 3164 et
2396 3111 2787 3166 immaculatum
2849 3112 3091 3168 habuerit
3159 3115 3445 3168 nativitatis

1876 3199 2113 3265 modum,
2141 3210 2196 3255 et
2235 3202 2570 3257 ineﬂ'abiliter
2619 3204 2871 3273 templum
2921 3204 3041 3268 sibi,
3074 3220 3177 3274 quo
3222 3206 3445 3260 voluerit

1873 3290 2051 3356 modo,
2078 3294 2453 3348 construxerit.
2487 3294 2578 3348 Dic
2606 3294 2732 3348 mihi
2762 3309 2915 3364 ergo.
2940 3295 3138 3359 Judare,
3170 3298 3444 3364 peperitne

1873 3383 2038 3451 virgo,
2066 3385 2350 3439 annon’lSi
2402 3386 2544 3440 enim
2596 3387 2817 3454 peperit,
2867 3387 3167 3439 inusitatum
3224 3394 3430 3456 partum

1872 3470 2125 3527 confitere
2154 3489 2165 3522 :
2200 3473 2340 3542 quod
2384 3475 2426 3528 si
2452 3490 2555 3528 non
2585 3477 2807 3543 peperit,
2836 3490 2930 3528 cur
2956 3475 3218 3528 IIerodem
3249 3475 3441 3529 fefelli-

1872 3561 1973 3615 sti?
1998 3561 2079 3616 Tu
2097 3563 2241 3617 enim
2269 3564 2367 3631 ipsi
2384 3565 2691 3629 sciscitanti,
2726 3565 2811 3618 ubi
2842 3563 3086 3619 Christus
3110 3576 3440 3631 nasceretur,

1873 3650 2069 3718 dixisti,
2104 3652 2159 3706 lu
2190 3653 2457 3708 Bethleem
2482 3653 2696 3709 Iudaeae.
2739 3655 2873 3709 Num
2917 3656 3071 3726 igitur
3115 3672 3212 3726 ego
3256 3672 3442 3726 pagum

1872 3755 2125 3796 noveram
2155 3752 2245 3796 aut
2267 3743 2438 3797 locum
2467 3744 2676 3813 (Matth.
2722 3745 2777 3799 2.
2806 3746 2900 3814 5)?
2928 3762 3052 3799 num
3093 3761 3190 3815 ego
3219 3747 3444 3815 dignita-

1874 3842 1980 3887 tem
2008 3835 2123 3903 ejus
2151 3838 2239 3904 qui
2268 3844 2420 3889 natus
2449 3846 2562 3889 erat
2588 3845 2918 3905 perspectam
2950 3835 3243 3890 habebam?
3269 3852 3445 3891 nonne

1874 3925 2036 3981 Isaias
2081 3928 2245 3996 ipsius
2290 3937 2552 3995 tamquam
2600 3927 2690 3981 Dei
2729 3930 3053 3981 mentionem
3084 3927 3243 3982 fecit?
3275 3926 3447 3981 Paria:

1873 4017 2033 4081 enim,
2063 4017 2251 4084 inquit,
2288 4017 2471 4083 ﬁlium,
2514 4026 2561 4068 et
2599 4019 2841 4069 uocabunt
2877 4034 3053 4070 nomen
3094 4019 3201 4087 ejus
3240 4016 3447 4069 Emma-

1875 4106 1991 4157 nuel
2039 4105 2188 4173 (Isai.
2218 4107 2271 4158 7.
2304 4105 2412 4175 14).
2443 4105 2630 4159 Nonne
2659 4121 2752 4159 vos
2782 4107 3003 4175 improbi
3034 4107 3225 4159 inimici
3254 4107 3447 4160 verita-

1877 4203 1982 4248 tem
2013 4195 2409 4249 introduxistis?
2462 4212 2637 4248 noune
2678 4211 2773 4249 vos
2803 4196 2988 4249 scriba:
3014 4204 3067 4249 et
3091 4195 3339 4249 Pharisaei
3363 4195 3443 4248 di-

1878 4284 2098 4354 ligentes
2145 4285 2273 4354 legis
2315 4285 2686 4339 observatores
2736 4300 2924 4339 omnes
2966 4301 3051 4340 res
3084 4287 3197 4354 ejus
3229 4303 3323 4340 nos
3348 4289 3448 4342 do-

1877 4375 2060 4427 cuistis
2087 4372 2301 4444 (Matth.
2329 4375 2381 4437 I,
2413 4373 2546 4442 23)?
2570 4375 2819 4443 numquid
2865 4374 3172 4429 Hebraicam
3216 4379 3443 4448 tinguant

1879 4480 1976 4518 nos
2025 4465 2315 4518 callemus?
2369 4481 2541 4519 nonne
2594 4481 2686 4517 vos
2754 4466 3051 4534 Scripturas
3120 4468 3448 4538 interpretati

1878 4556 2041 4609 estis?
2073 4554 2358 4623 Postquam
2386 4556 2533 4623 virgo
2562 4556 2782 4624 peperit,
2810 4564 2865 4609 et
2905 4565 3184 4625 antequam
3217 4572 3445 4625 pareret.

1878 4662 1943 4700 ne
1974 4646 2239 4699 videretur
2286 4648 2433 4699 locus
2480 4647 2563 4699 ille
2610 4648 2658 4699 in
2703 4648 2923 4714 gratiam
2976 4647 3179 4700 Domini
3221 4654 3447 4718 exponi,

1880 4752 2054 4789 nonne
2100 4752 2191 4789 vos
2233 4738 2540 4805 interrogati
2592 4738 2657 4789 ab
2691 4736 2900 4790 Ilerode
2945 4747 3129 4791 testem
3176 4738 3447 4795 Michacam

1881 4832 2189 4898 prophetam
2232 4830 2543 4897 protulistis,
2570 4838 2625 4881 ut
2652 4842 2952 4882 sermonem
2978 4840 3207 4883 vestrum
3258 4832 3449 4885 confir-

1880 4922 2079 4975 maret?
2109 4922 2170 4973 Et
2198 4934 2249 4973 tu
2276 4921 2437 4982 enim,
2468 4920 2656 4987 inquit,
2686 4919 2936 4973 Bethleem
2977 4921 3153 4972 domus
3200 4920 3444 4988 Ephrata,

1880 5027 2187 5078 nequaquam
2222 5010 2432 5061 minima
2465 5025 2515 5061 es
2546 5009 2597 5060 in
2618 5010 2922 5077 principibus
2943 5009 3081 5061 Juda
3112 5024 3129 5061 :
3160 5026 3219 5061 ea:
3248 5024 3293 5061 te
3320 5013 3447 5064 enim

1880 5104 2004 5155 exiet
2050 5102 2172 5165 dux,
2199 5102 2283 5169 qni
2312 5110 2444 5169 reget
2482 5101 2720 5168 pupulum
2774 5118 2934 5153 meum
2974 5100 3136 5153 Israel
3184 5094 3364 5169 (tiliclt.
3396 5105 3447 5157 5.

1878 5190 1932 5255 Ξς
1966 5192 2149 5243 Matth.
2181 5191 2235 5244 9..
2260 5188 2336 5261 6).
2365 5191 2527 5244 Recte
2548 5191 2684 5244 dixit
2711 5192 2986 5258 propheta,
3018 5190 3101 5243 Ea:
3117 5202 3182 5243 te.
3208 5192 3281 5245 Ex
3304 5193 3448 5246 vobis

1881 5284 2029 5348 exiit,
2052 5292 2106 5335 et
2132 5282 2182 5337 iu
2213 5281 2394 5335 orbem
2427 5291 2683 5334 terrarum
2712 5282 2872 5334 venit.
2899 5281 2996 5347 Qui
3026 5283 3165 5334 enim
3194 5291 3293 5343 est,
3325 5299 3419 5351 pro

1883 5375 2150 5443 greditur;
2183 5372 2271 5440 qui
2298 5385 2424 5425 vero
2450 5388 2555 5425 non
2585 5381 2685 5433 est,
2709 5380 2938 5435 creatur,
2970 5380 3059 5423 aut
3086 5372 3158 5423 fit.
3180 5374 3248 5423 At
3269 5373 3379 5439 ipse
3396 5381 3448 5425 ct

1882 5476 2015 5527 erat,
2045 5476 2098 5518 et
2138 5474 2257 5516 ante
2290 5472 2422 5525 erat,
2454 5472 2506 5514 et
2546 5476 2756 5530 semper
2796 5471 2936 5513 erat:
2963 5461 3051 5513 sed
3085 5470 3198 5514 erat
3236 5460 3446 5528 quidem

1883 5570 2094 5625 semper
2126 5566 2182 5607 ut
2224 5555 2361 5607 Deus
2387 5595 2400 5620 ,
2443 5552 2693 5606 mundum
2746 5552 3043 5620 gubernans
3086 5572 3096 5604 :
3134 5552 3288 5606 hodie
3324 5568 3446 5606 vero

1949 5693 1963 5723 ι
1992 5690 2050 5759 ln_
2068 5697 2184 5799 pag.
2210 5688 2405 5751 legitur,
2451 5694 2640 5749 propter
2685 5687 2891 5749 idipsum
2938 5685 3064 5747 quod
3089 5686 3446 5736 iusti-amntium

1949 5766 1983 5799 se
2009 5764 2065 5799 ut
2088 5759 2236 5799 catur.

1887 5766 1983 5804 csso
2009 5759 2236 5803 ramum.
