3996 6492
533 466 633 520 39]

528 571 758 639 prodiit:
791 581 846 627 ιιι
900 573 1060 629 homo
1101 575 1348 644 pepulnm
1405 575 1574 644 regit,
1630 584 1690 630 ut
1731 577 1871 631 Deus
1915 586 2093 630 autem

524 662 706 714 orbem
761 672 1018 717 terrarum
1068 665 1269 718 salvum
1321 663 1461 719 fecit.
1491 664 1535 718 Ο
1573 664 1828 735 benignos
1871 665 2090 720 hostes!

523 765 556 803 ο
607 753 872 808 modessos
919 768 982 807 ac
1033 753 1189 808 miles
1243 765 1610 822 accusatores,
1659 758 1746 826 qui
1800 768 1981 811 natum
2038 759 2091 810 in

520 840 788 896 Bethleem
867 843 1030 897 Deum
1110 859 1230 899 esse
1308 846 1669 914 imprudentes
1732 848 2087 902 indicarunt:

517 935 602 1001 qui
633 934 876 987 latentem
906 937 955 988 in
987 937 1244 1004 praesepio
1277 937 1552 991 Dominum
1583 949 1763 992 notum
1806 939 2084 1006 fecerunt,

515 1023 604 1089 qui
625 1026 884 1089 jacentem
913 1026 962 1078 in
985 1028 1234 1094 spelunca
1260 1026 1407 1079 inviti
1432 1027 1746 1092 indicarunt,
1766 1038 1818 1082 et
1833 1030 2090 1085 beneficio

516 1115 758 1170 nolentes
783 1131 875 1170 sua
905 1129 1092 1186 sponte
1118 1133 1213 1171 nos
1252 1118 1574 1182 affecerunt,
1605 1121 1936 1184 revelarunt,
1967 1136 2086 1173 cum

513 1207 779 1261 occultare
817 1211 1176 1262 conarentur!
1235 1207 1393 1262 Vides
1449 1209 1719 1278 imperitos
1763 1211 2089 1279 magistros?

513 1298 640 1364 Qua:
661 1298 854 1353 docent
885 1299 982 1368 ipsi
1011 1299 1255 1353 nesciunt
1282 1319 1294 1353 :
1326 1300 1463 1354 fame
1485 1301 1708 1354 confecti
1739 1302 1994 1367 nutriunt,
2017 1303 2087 1355 si-

513 1390 704 1444 tientes
733 1398 909 1459 potum
937 1390 1172 1457 prmbent
1190 1431 1205 1456 ,
1235 1400 1466 1458 egestate
1490 1392 1656 1458 pressi
1681 1391 1867 1446 ditant.
1898 1391 2084 1447 Venite

510 1481 667 1550 igitur
698 1521 713 1546 ,
758 1480 947 1534 festum
976 1495 1192 1550 agamus
1213 1521 1228 1545 ,
1258 1481 1454 1541 venite,
1488 1482 1885 1538 'solemnitatem
1943 1485 2083 1538 cele-

508 1571 742 1624 bremus.
773 1570 1055 1623 lnnsitalus
1081 1570 1220 1624 enim
1249 1581 1330 1624 est
1358 1570 1653 1624 festivitatis
1679 1571 1886 1637 modus,
1918 1590 2084 1643 quan-

507 1663 790 1730 doquidem
827 1671 880 1714 et
909 1661 1233 1715 incredibilis
1264 1673 1344 1715 est
1373 1677 1548 1715 sermo
1578 1663 1882 1718 nativitatis.
1915 1665 2081 1722 Hodie

509 1768 734 1821 namque
766 1761 917 1806 vetus
938 1752 1166 1805 solutum
1196 1760 1279 1806 est
1306 1752 1593 1818 vinculum,
1625 1752 1868 1808 diabolus
1897 1755 2082 1810 confu-

507 1864 599 1901 sus
627 1857 728 1913 est,
769 1848 1038 1902 daemones
1081 1847 1438 1917 aufugerunt,
1471 1848 1736 1903 destructa
1775 1862 1919 1902 mors
1960 1856 2076 1916 est,

508 1939 778 2007 paradisus
806 1948 1068 1993 reseratus
1098 1980 1112 2004 ,
1143 1939 1445 1994 maledictio
1474 1939 1644 1994 deleta
1669 1950 1768 2006 est,
1801 1949 2077 2009 peccatum

506 2050 535 2084 e
566 2032 739 2085 medio
767 2031 1030 2085 sublatum
1056 2042 1156 2095 eSt,
1187 2033 1456 2101 ablegatus
1479 2043 1561 2087 est
1580 2049 1750 2098 error,
1775 2035 1969 2089 veritas
1993 2049 2080 2088 re-

505 2119 601 2172 diit
619 2161 634 2181 ,
667 2128 720 2172 et
745 2119 952 2187 pietatis
991 2134 1166 2173 sermo
1196 2121 1539 2190 undequaque
1564 2123 1936 2178 disseminatus
1964 2134 2072 2190 est,

503 2221 558 2265 ct
589 2212 862 2266 cucurrit:
894 2213 1224 2266 conversatio
1273 2213 1501 2267 caelitum
1549 2214 1599 2266 in
1646 2217 1800 2268 terris
1849 2217 2076 2284 plantata

503 2312 583 2355 est
612 2319 624 2353 :
651 2302 820 2370 angeli
849 2317 968 2355 cum
1021 2303 1322 2357 hominibus
1355 2304 1786 2370 communicant,
1834 2305 2073 2361 homines

502 2408 620 2447 cum
653 2395 852 2462 angelis
892 2395 1151 2464 intrepide
1189 2397 1579 2465 colloquuntur.
1617 2397 1754 2464 Quid
1787 2399 1896 2452 ita?
1927 2400 2074 2466 Quo-

501 2487 642 2540 niam
673 2488 810 2540 Deus
836 2487 887 2540 in
918 2497 1111 2542 terram
1145 2489 1317 2551 venit,
1363 2499 1416 2542 et
1443 2489 1598 2544 homo
1629 2490 1680 2543 in
1710 2491 1897 2544 cazlum
1918 2531 1933 2554 ,
1961 2506 2074 2544 om-

502 2577 588 2630 nia
619 2578 814 2644 passim
840 2578 1124 2631 commixta
1153 2589 1296 2632 sunt.
1327 2577 1484 2632 Venit
1507 2580 1645 2633 enim
1671 2581 1720 2634 in
1749 2589 1887 2635 terra
1908 2625 1922 2646 ,
1954 2599 2071 2637 eum

501 2675 642 2720 totus
672 2667 722 2719 in
751 2668 882 2720 caelo
910 2668 979 2720 sit
1009 2686 1019 2720 :
1048 2683 1276 2737 cumque
1306 2678 1445 2723 totus
1473 2670 1523 2722 in
1553 2671 1681 2724 cmlo
1706 2672 1795 2736 sit,
1826 2681 1964 2725 totus
1993 2682 2075 2726 est

501 2756 552 2809 in
583 2767 741 2810 terra.
773 2755 904 2810 Cum
941 2767 1081 2810 esset
1118 2758 1291 2824 Deus,
1323 2757 1492 2813 factus
1517 2769 1598 2813 est
1620 2760 1812 2823 homo,
1842 2776 1947 2814 non
1977 2778 2071 2815 ne-

496 2863 628 2916 gans
656 2863 712 2901 se
739 2850 900 2902 Deum
928 2864 1046 2903 esse
1081 2867 1094 2902 :
1125 2865 1246 2902 cum
1277 2858 1420 2904 esset
1468 2850 1694 2905 Verbum
1742 2853 2030 2920 impatibile
2054 2894 2068 2916 ,

496 2937 665 2991 factus
691 2947 773 2991 est
797 2953 922 2991 caro
951 2956 964 2990 :
1000 2947 1057 2991 ut
1081 2938 1342 2994 habitaret
1363 2941 1412 2993 in
1438 2941 1587 2995 nobis
1614 2954 1738 2996 caro
1771 2943 1937 2996 factus
1967 2952 2066 2996 est.

496 3027 634 3081 Deus
660 3029 799 3081 enim
832 3029 1001 3082 factus
1047 3045 1151 3083 non
1174 3040 1294 3094 est,
1335 3031 1428 3084 sed
1453 3039 1586 3084 erat.
1630 3032 1916 3100 Pr0pterea
1944 3048 2070 3088 caro

497 3118 664 3172 factus
692 3128 808 3183 est,
840 3128 895 3172 ut
922 3135 1077 3189 quem
1104 3121 1290 3174 caelum
1320 3136 1421 3174 non
1450 3123 1710 3189 capiebat,
1746 3123 1900 3176 hodie
1932 3140 2067 3192 pra:-

494 3211 697 3279 sepium
729 3213 1036 3279 susciperet.
1069 3212 1353 3281 Pr0pterea
1381 3213 1592 3281 ponitur
1622 3213 1672 3266 in
1707 3216 1984 3282 praesepio,
2014 3225 2072 3269 ut

493 3301 539 3354 is
570 3316 598 3353 a
626 3317 728 3370 quo
755 3302 1056 3355 nutriuntur
1085 3304 1259 3355 omnia
1285 3302 1490 3371 pueruli
1519 3304 1823 3356 alimentum
1851 3320 1879 3356 a
1908 3304 2066 3374 virgi-

492 3407 560 3444 ne
600 3403 766 3446 matre
809 3394 1050 3460 nccipiat.
1104 3392 1385 3460 Propterea
1426 3392 1720 3446 futurorum
1751 3394 2064 3446 smculorum

491 3483 648 3537 Pater
694 3495 958 3551 tamquam
998 3484 1063 3537 ab
1110 3483 1274 3537 ubere
1313 3482 1552 3552 pendens
1587 3482 1758 3536 infans
1806 3484 2068 3552 virgineas

491 3575 708 3627 minime
741 3574 931 3643 refugit
964 3575 1149 3638 ulnas,
1196 3582 1252 3626 ut
1276 3574 1446 3642 magis
1482 3588 1695 3628 accessu
1749 3574 1913 3627 facilis
1956 3577 2064 3627 fiat.

489 3665 756 3733 Siquidem
786 3674 839 3718 et
868 3664 1025 3719 hodie
1049 3665 1180 3733 magi
1208 3664 1557 3728 advenerunt,
1588 3673 1640 3718 et
1667 3673 1945 3734 tyrannum
1967 3664 2066 3718 ab-

489 3757 714 3827 negandi
757 3757 961 3811 initium
1003 3755 1278 3821 fecerunt,
1322 3765 1376 3811 et
1401 3756 1589 3809 cailum
1619 3757 1904 3824 gloriatur,
1940 3755 2064 3808 dum

487 3865 584 3918 per
612 3849 816 3902 stellam
850 3847 1126 3900 Dominum
1157 3861 1306 3899 suum
1335 3845 1528 3899 indicat
1555 3885 1569 3908 ,
1606 3855 1660 3899 et
1686 3861 1846 3911 super
1873 3845 2062 3898 nubem

488 3941 657 3994 levem
698 3940 937 4008 corporis
968 3939 1046 3990 sui
1082 3938 1272 3992 sedens
1315 3937 1566 3991 Dominus
1594 3938 1760 3991 currit
1802 3938 1853 3990 in
1901 3936 2064 4007 Aslgy-

486 4041 634 4099 plum
667 4049 680 4083 :
711 4039 762 4083 et
789 4029 968 4098 fugere
997 4029 1208 4098 quidem
1245 4029 1466 4082 Ilerodis
1492 4028 1697 4082 videtur
1722 4029 1938 4082 insidias
1961 4071 1976 4093 ,
2007 4045 2065 4084 re

485 4131 661 4174 autem
699 4137 822 4175 vera
854 4120 994 4190 quod
1033 4121 1100 4174 ab
1136 4120 1268 4173 Isaia
1312 4120 1510 4173 dictum
1557 4119 1727 4174 fuerat
1767 4120 2063 4188 adimplet:

492 4225 511 4254 ι
537 4206 823 4268 Eritenim,
849 4224 867 4255 ι
896 4205 1084 4273 inquit,
1109 4223 1127 4254 ι
1152 4204 1201 4256 in
1229 4204 1314 4257 die
1338 4203 1424 4256 illa
1444 4203 1602 4256 Israel
1620 4203 1872 4256 tertiusin
1896 4205 2063 4272 Assy-

485 4298 578 4350 riis
601 4338 616 4360 ,
649 4306 702 4350 et
728 4297 777 4349 in
811 4296 1075 4366 Egyptiis
1102 4295 1412 4349 benedictus
1441 4297 1541 4349 erit
1571 4294 1795 4363 populus
1832 4309 1982 4349 meus
2011 4296 2061 4349 in

487 4401 664 4448 terra,
713 4403 870 4457 quam
912 4386 1183 4441 benedixit
1229 4385 1481 4438 Dominus
1520 4384 1751 4438 Sabaoth
1777 4425 1792 4450 ,
1836 4385 2059 4438 dicens:

484 4478 802 4533 Benedictus
827 4477 930 4532 erit
959 4477 1182 4545 populus
1223 4491 1371 4530 meus
1402 4476 1490 4543 qui
1518 4480 1570 4527 In
1602 4473 1834 4544 IEgypto
1879 4483 1934 4527 et
1972 4474 2059 4542 qui

485 4574 535 4623 in
565 4569 800 4638 Assyriis
825 4577 878 4620 et
902 4569 990 4636 qui
1017 4567 1067 4619 in
1100 4565 1257 4620 Israel
1286 4584 1303 4616 ι
1336 4565 1355 4636 (
1385 4564 1509 4616 Isai.
1541 4565 1625 4618 I9.
1655 4564 1744 4618 24.
1768 4564 1890 4634 25).
1924 4563 2059 4629 Quid

485 4664 606 4728 ais,
652 4662 877 4716 Juda‘e?
925 4661 1012 4727 qui
1064 4661 1263 4728 primus
1300 4675 1458 4725 cras,
1506 4660 1691 4713 tertius
1743 4658 1912 4713 factus
1961 4661 2063 4713 es?

486 4755 718 4826 AEgyptii
746 4763 800 4809 et
825 4754 1026 4824 Assyrii
1058 4753 1149 4806 tibi
1177 4751 1396 4805 antelati
1424 4760 1568 4815 sunt,
1598 4758 1652 4804 et
1681 4751 2059 4819 primogenitus

485 4848 644 4903 Israel
675 4861 895 4900 numero
927 4846 1186 4914 posterior
1222 4843 1346 4897 est?
1393 4843 1466 4896 Ita
1498 4850 1580 4896 est
1615 4861 1626 4895 :
1658 4843 1850 4895 merito
1896 4843 2060 4911 Assy-

486 4945 548 4997 rii
579 4942 735 5010 primi
762 4949 915 4994 erunt
950 4957 964 4992 :
991 4937 1417 5007 quandoquidem
1443 4946 1495 4988 et
1517 4935 1612 5004 ipsi
1643 4935 1796 5004 primi
1825 4949 1920 5004 per
1947 4949 2060 4987 ma-

486 5050 580 5100 gos
616 5048 734 5086 eum
778 5031 1132 5084 adoraverunt
1159 5045 1172 5079 :
1201 5027 1434 5097 Egyptii
1475 5041 1602 5080 vero
1627 5035 1745 5094 post
1778 5027 2023 5097 Assyrios
2045 5067 2060 5091 ,

487 5122 918 5192 quandoquidem
943 5122 1112 5187 ipsum
1137 5119 1360 5171 Herodis
1380 5117 1592 5170 insidias
1611 5115 1894 5186 fugientem
1917 5131 2064 5170 exce-

490 5225 712 5282 perunt;
748 5223 1018 5281 postremo
1044 5225 1170 5263 vero
1197 5209 1314 5261 loco
1342 5219 1648 5261 numeratur
1682 5208 1864 5273 Israel,
1893 5223 2062 5275 quan-

490 5303 770 5369 d0quidem
799 5310 915 5370 post
936 5313 1208 5352 ascensum
1239 5297 1352 5364 ejus
1373 5313 1436 5349 ex
1462 5296 1693 5350 Jordane
1717 5307 1823 5350 tum
1851 5298 2061 5350 demum

490 5411 585 5463 per
619 5394 886 5462 apostolos
911 5406 1030 5444 eum
1057 5399 1409 5459 agnoverunt.
1455 5387 1727 5457 Ingressus
1766 5398 1847 5443 est
1888 5400 2063 5442 autem

491 5487 779 5556 Egyptum
805 5525 820 5548 ,
865 5483 1170 5536 concutiens
1197 5479 1410 5549 Egypti
1439 5479 1732 5533 mannfacta
1754 5521 1768 5542 ,
1802 5495 1907 5532 nun
1930 5495 2064 5548 quo-

493 5592 597 5646 quo
624 5575 781 5629 modo
801 5617 815 5640 ,
847 5573 940 5627 sed
973 5582 1244 5642 postquam
1273 5570 1486 5640 Egypti
1521 5570 1775 5622 vestibula
1812 5570 2070 5623 conclusit

495 5671 705 5722 interitu
754 5664 1223 5735 primogenitornm
1278 5660 1439 5732 (Isai.
1496 5660 1583 5714 19.
1639 5661 1724 5728 I).
1781 5660 2065 5728 Propterea

496 5772 759 5828 tamquam
781 5757 1166 5826 primogenitus
1189 5752 1347 5806 hodie
1374 5753 1641 5821 ingressus
1661 5760 1742 5805 est
1767 5759 1823 5804 ut
1839 5751 2069 5820 antiquae

500 5853 763 5910 mcestitim
811 5851 1006 5904 luctum
1049 5847 1294 5902 solveret.
1343 5841 1753 5913 Primogcnitum
1797 5856 1924 5898 vero
1965 5842 2068 5897 dici

1251 459 1308 514 S.
1348 458 1630 515 JOAN‘NIS
1662 461 2146 524 CIIRYSOSTOMI
2202 471 2515 526 ARCHIEP.
2557 467 3093 527 CONSTANTINOP.

3672 503 3784 558 392

2207 578 2474 637 Christum
2505 593 2726 641 testatur
2752 587 2910 646 hodie
2938 591 3104 648 Lucas
3124 597 3441 666 evangelista
3473 612 3593 652 cum
3619 601 3773 655 dicit:

2198 669 2267 723 Et
2293 676 2480 742 peperit
2500 676 2670 744 ﬁlium
2687 696 2834 733 suum
2859 685 3258 752 primogenitum,
3287 699 3338 740 et
3360 691 3540 757 pannis
3567 691 3775 744 involvit

2197 778 2308 815 eum
2328 803 2341 826 ,
2374 774 2420 817 et
2445 768 2700 821 reclinavit
2727 787 2839 824 eum
2877 772 2930 825 in
2973 777 3218 844 prmepio
3236 816 3252 842 ,
3293 778 3410 846 quia
3435 795 3536 832 non
3567 791 3676 834 erat
3705 783 3775 836 eis

2198 852 2335 906 locus
2379 855 2431 907 in
2476 857 2744 912 diversorio
2781 860 3112 932 (Luc.2.7).
3162 863 3436 934 Ingressus
3483 878 3567 923 est
3614 870 3776 939 igitur

2196 942 2482 1013 ngyptum
2512 957 2568 1000 ut
2594 949 2822 1018 antiquae
2860 954 3126 1008 mmSIitiaa
3161 956 3359 1009 luctum
3401 958 3636 1014 solveret
3673 979 3686 1013 :
3721 972 3774 1016 et

2195 1033 2462 1102 plagarum
2505 1037 2620 1090 loco
2647 1040 2896 1106 gaudium
2923 1042 3118 1096 invexit
3143 1085 3159 1108 ,
3187 1055 3238 1098 et
3268 1045 3384 1100 Ioco
3411 1050 3584 1100 noctis
3610 1059 3775 1118 atque

2193 1123 2528 1179 tenebrarum
2561 1126 2738 1182 lumen
2783 1131 2967 1184 salutis
2997 1131 3214 1201 largitus
3248 1142 3348 1188 est.
3394 1134 3771 1192 Contaminata

2193 1220 2318 1266 tunc
2347 1213 2444 1267 fuit
2483 1230 2617 1284 aqua
2662 1215 2892 1273 fluminis
2937 1220 3235 1276 immaturas
3277 1225 3448 1280 aetatis
3483 1226 3770 1282 infantium

2189 1302 2356 1357 caede.
2397 1303 2664 1372 Ingressus
2690 1318 2772 1361 est
2799 1309 2954 1377 igitur
2984 1311 3033 1364 in
3063 1310 3348 1382 Egyptum
3376 1316 3430 1368 is
3455 1317 3544 1385 qui
3570 1331 3769 1386 aquam

2188 1392 2401 1446 rnbram
2436 1395 2736 1450 reddiderat
2756 1437 2771 1462 ,
2803 1407 2859 1452 et
2887 1398 3115 1454 ﬂuminis
3140 1401 3355 1457 ﬂuentis
3379 1406 3484 1458 vim
3511 1407 3772 1476 gignendi

2188 1482 2410 1537 salutem
2461 1484 2688 1552 indidit,
2732 1501 3024 1557 eorumque
3069 1490 3423 1559 impuritatem
3470 1508 3534 1548 ac
3572 1495 3770 1550 sordes

2188 1573 2414 1643 Spiritus
2444 1577 2637 1631 virtute
2659 1579 2945 1647 purgavit'.
2968 1580 3162 1635 Aﬂlieti
3185 1580 3397 1637 fuerunt
3417 1583 3680 1657 Egyptii,
3708 1597 3766 1642 et

2190 1664 2368 1719 furore
2389 1667 2619 1736 correpti
2643 1669 2804 1722 Deum
2827 1670 3174 1739 abnegarunt.
3200 1671 3470 1742 Ingressus
3496 1685 3580 1730 est
3601 1677 3764 1746 igitur

2187 1757 2239 1809 in
2264 1757 2549 1826 Egyptum
2572 1799 2587 1823 ,
2630 1759 2904 1828 religiosas
2927 1763 3130 1815 animas
3159 1765 3460 1831 cognitione
3486 1766 3580 1820 Dei
3605 1781 3762 1821 com-

2183 1847 2333 1914 plens
2357 1887 2370 1910 ,
2403 1846 2578 1900 effecit
2605 1855 2662 1901 ut
2697 1850 2890 1904 flumen
2923 1849 3259 1906 fecundiores
3293 1853 3452 1922 spicis
3493 1866 3760 1927 martyres

2181 1936 2368 1990 aleret.
2392 1936 2492 1990 Sed
2518 1947 2732 2006 propter
2755 1941 3026 2010 angustias
3049 1943 3301 2010 temporis
3327 1942 3428 1997 hoc
3449 1945 3568 1999 Ioco
3595 1948 3758 2001 statui

2181 2024 2340 2079 tinem
2370 2025 2546 2081 facere
2569 2027 2797 2096 dicendi,
2826 2029 2966 2098 quod
2990 2030 3248 2099 reliquum
3271 2042 3354 2087 est
3383 2036 3581 2103 negotii
3605 2037 3759 2090 vobis

2181 2116 2230 2170 in
2261 2117 2399 2171 diem
2425 2127 2734 2186 sequentem
2765 2129 3133 2173 reservaturus
3157 2139 3168 2173 :
3203 2121 3290 2174 hic
3313 2132 3490 2176 autem
3519 2126 3755 2179 orationi

2179 2206 2338 2261 finem
2370 2208 2656 2277 imponam,
2689 2208 2777 2262 ubi
2805 2208 2907 2262 hoc
2933 2210 3237 2279 explevero,
3270 2225 3376 2279 quo
3405 2223 3558 2280 pacto
3591 2215 3757 2268 nimi-

2178 2313 2292 2351 rum
2318 2340 2330 2360 ,
2379 2313 2499 2352 cum
2530 2299 2820 2368 impatibile
2847 2300 3074 2354 Verbum
3101 2310 3276 2368 esset,
3306 2318 3431 2356 caro
3458 2303 3656 2358 factum
3685 2306 3755 2359 sit

2178 2389 2449 2442 immutata
2479 2400 2726 2445 manente
2765 2402 2968 2445 natura.
2999 2392 3134 2458 Quid
3161 2393 3331 2447 dicam
3352 2433 3367 2454 .
3396 2405 3488 2449 aut
3517 2397 3644 2465 quid
3671 2398 3753 2451 Io-

2176 2480 2350 2548 quar?
2380 2480 2606 2533 Fabrum
2639 2491 2692 2534 et
2720 2495 2955 2550 praesepe
2985 2482 3136 2535 video
3164 2493 3217 2536 et
3245 2482 3497 2537 infantem
3522 2525 3534 2547 ,
3569 2497 3623 2538 et
3654 2502 3754 2540 cu-

2178 2583 2361 2621 narum
2395 2569 2614 2633 fascias,
2651 2580 2703 2624 et
2732 2572 2948 2639 virginis
2979 2582 3182 2640 partum
3227 2572 3384 2626 rebus
3432 2579 3756 2631 necessariis

2175 2661 2504 2725 destitutum,
2532 2662 2707 2714 omnia
2733 2671 2970 2731 egestate
2993 2678 3196 2731 pressa,
3229 2665 3403 2719 omnia
3437 2666 3592 2734 plena
3623 2683 3757 2736 pau-

2176 2754 2412 2821 pertatis.
2446 2753 2628 2806 Vidisti
2657 2753 2863 2808 divitias
2887 2755 2940 2808 in
2961 2758 3127 2810 multa
3146 2760 3614 2828 paupertate?quo
3640 2776 3758 2813 mo-

2173 2845 2240 2898 do
2267 2861 2383 2899 cum
2411 2845 2558 2900 dives
2582 2853 2743 2911 esset,
2781 2861 2976 2916 egenus
3003 2857 3084 2901 est
3122 2858 3298 2904 nostra
3336 2865 3494 2904 causa
3535 2851 3754 2907 factus?

2173 2953 2282 3008 quo
2307 2937 2464 2991 modo
2497 2953 2667 3008 neque
2710 2938 2899 2992 Iectmn
2926 2979 2940 3002 ,
2987 2955 3156 3009 neque
3203 2942 3489 3009 stragulum
3528 2942 3749 3008 habuit,

2172 3029 2264 3082 sed
2293 3030 2342 3082 in
2373 3029 2518 3084 nudo
2539 3030 2761 3099 praesepi
2793 3039 2906 3084 erat
2938 3031 3243 3098 projectus?
3283 3031 3329 3085 Ο
3357 3043 3749 3101 paupertatem.

2171 3118 2474 3171 divitiarum
2508 3121 2702 3172 fontem
2727 3114 2806 3173 f'o
2834 3118 3045 3175 divitias
3075 3121 3387 3185 immensas,
3417 3127 3752 3190 paupertatis

2172 3209 2404 3276 Speciem
2435 3223 2542 3275 prae
2563 3223 2621 3261 se
2647 3207 2917 3263 ferentes!
2949 3210 3004 3263 In
3037 3210 3258 3278 praesepi
3281 3210 3455 3278 jacet,
3488 3221 3542 3265 et
3562 3214 3752 3266 orbem

2176 3308 2434 3352 terrarum
2480 3300 2753 3363 concutit;
2801 3298 2976 3353 fasciis
3027 3315 3279 3354 cunarum
3329 3300 3647 3366 involvitur,
3697 3315 3754 3358 et

2172 3389 2371 3458 peccati
2402 3388 2607 3442 vincula
2635 3389 2954 3458 disrumpit;
2991 3392 3225 3444 nondum
3251 3393 3301 3445 in
3336 3406 3513 3446 vocem
3544 3395 3750 3447 articu-

2172 3481 2328 3532 Iatam
2357 3482 2567 3549 erupit,
2603 3488 2658 3534 et
2684 3495 2864 3550 magos
2889 3481 3097 3535 edocuit
3122 3523 3135 3546 ,
3168 3493 3221 3535 et
3245 3482 3310 3536 ad
3341 3485 3748 3538 conversionem

2169 3573 2475 3627 commovit.
2511 3571 2643 3638 Quid
2671 3571 2864 3636 dicam,
2893 3583 2982 3625 aut
3004 3573 3126 3642 quid
3158 3572 3377 3641 loquar?
3405 3573 3542 3628 Ecce
3573 3575 3753 3629 infans

2170 3667 2345 3720 fasciis
2371 3667 2676 3730 involvitur,
2704 3675 2757 3718 et
2787 3665 2837 3718 in
2864 3668 3085 3734 prmsepi
3105 3666 3242 3733 jacet
3274 3683 3287 3718 :
3317 3665 3468 3718 adest
3491 3675 3670 3721 autem
3697 3677 3752 3721 et

2170 3760 2330 3813 Maria
2361 3775 2478 3827 qua:
2519 3759 2669 3826 virgo
2713 3766 2765 3810 et
2801 3768 2969 3809 mater
2996 3767 3076 3810 est
3108 3773 3119 3806 :
3165 3757 3349 3809 aderat
3373 3766 3547 3809 autem
3571 3767 3623 3809 et
3653 3756 3750 3810 ,Ιο-

2170 3850 2321 3920 scph,
2354 3851 2443 3918 qui
2476 3859 2624 3918 pater
2653 3849 2966 3918 appellatur.
3001 3848 3095 3901 Hic
3124 3849 3203 3902 vir
3233 3847 3424 3901 dicitur
3445 3889 3458 3912 ,
3494 3849 3578 3901 illa
3614 3865 3752 3902 uxor

2169 3953 2392 3995 vocatur
2421 3960 2432 3995 :
2467 3941 2697 4009 legitima
2727 3949 2849 3994 sunt
2879 3940 3089 3994 nomina
3111 3938 3445 4008 copulatione
3471 3937 3744 3992 destituta.

2171 4033 2465 4086 Verborum
2493 4040 2647 4084 tenus
2671 4029 2782 4083 haec
2799 4030 2925 4083 mihi
2951 4030 3203 4097 intellige,
3231 4042 3334 4081 non
3363 4043 3539 4081 rerum
3569 4038 3746 4082 tenus.

2174 4126 2265 4180 llic
2293 4125 2460 4178 solum
2489 4122 2850 4191 dCSponsavit,
2884 4130 2938 4175 ct
2966 4121 3192 4189 Spiritus
3219 4130 3430 4173 sanctus
3459 4121 3746 4173 obumbra-

2169 4220 2243 4271 vit
2267 4219 2313 4271 ei
2346 4233 2358 4268 :
2393 4215 2532 4270 unde
2561 4215 2809 4268 dubitans
2830 4213 3027 4281 Josemi
3051 4254 3064 4278 ,
3106 4212 3230 4282 quid
3256 4213 3544 4281 appellaret
3577 4214 3750 4267 infan-

2176 4319 2279 4361 tem
2313 4307 2601 4361 nesciebat.
2638 4306 2712 4358 Ex
2734 4304 2994 4357 adulterio
3024 4313 3201 4355 natum
3228 4301 3404 4356 dicere
3432 4303 3604 4370 ipsum
3637 4318 3745 4357 non

2167 4398 2413 4462 audebat,
2436 4396 2746 4465 probrosum
2765 4394 2815 4447 in
2845 4394 3099 4462 virginem
3117 4393 3294 4460 jacere
3314 4405 3613 4445 sermonem
3640 4408 3747 4446 non

2168 4497 2392 4558 poterat,
2431 4487 2594 4539 filium
2628 4486 2797 4553 ipsum
2827 4482 3006 4537 dicere
3032 4497 3185 4534 suum
3215 4480 3509 4550 refugiebat
3535 4498 3549 4532 :
3577 4481 3750 4550 probe

2172 4592 2398 4646 namque
2425 4577 2625 4630 sciebat
2645 4575 2742 4628 sibi
2773 4575 3006 4642 ignotum
3029 4587 3170 4635 esse,
3199 4586 3303 4639 quo
3333 4578 3506 4638 pacto,
3535 4571 3619 4623 vel
3649 4587 3752 4625 un-

2168 4668 2234 4723 de
2265 4668 2435 4721 infans
2457 4675 2609 4718 natus
2630 4671 2774 4717 esset
2808 4679 2820 4714 :
2853 4677 3008 4730 quam
3035 4662 3102 4713 ob
3127 4673 3338 4713 causam
3369 4658 3440 4711 illi
3473 4657 3540 4713 de
3571 4675 3629 4714 re
3651 4662 3752 4714 dn-

2173 4757 2360 4813 bitanti
2384 4797 2396 4819 ,
2428 4755 2494 4809 de
2522 4753 2652 4808 ctelo
2681 4752 2954 4806 oraculum
3001 4750 3170 4819 angeli
3203 4763 3330 4802 voce
3356 4748 3588 4803 delatum
3619 4761 3702 4805 est
3732 4770 3746 4805 :

2177 4849 2304 4902 Noli
2329 4849 2516 4910 timere,
2547 4844 2737 4913 Joseplt
2767 4859 2784 4895 :
2812 4843 2945 4911 quod
2973 4843 3102 4893 enim
3127 4856 3188 4893 ex
3213 4856 3269 4892 ea
3295 4840 3513 4907 genitum
3545 4851 3616 4893 est
3641 4881 3657 4904 ,
3689 4842 3752 4894 de

2176 4939 2373 5007 Spiritu
2396 4946 2568 4989 sancto
2595 4945 2666 4987 est
2689 4931 2909 5005 (Matth.
2947 4933 2996 4985 I.
3021 4931 3145 5000 20).
3193 4929 3417 4999 Spiritus
3447 4930 3592 4983 enim
3623 4946 3749 4984 sau-

2175 5037 2292 5082 clus
2319 5027 2506 5096 virgini
2534 5023 2881 5079 obumbravit.
2913 5021 3084 5088 Quare
3113 5035 3236 5072 vero
3258 5035 3321 5072 ex
3347 5018 3548 5088 virgine
3578 5022 3754 5073 nasci-

2176 5129 2292 5182 tur,
2322 5127 2375 5172 et
2404 5116 2756 5184 virginitatem
2790 5112 3039 5164 illibatam
3070 5109 3288 5162 servat?
3315 5109 3446 5173 Quia
3478 5109 3750 5176 quondam

2173 5213 2427 5282 virginem
2462 5209 2622 5261 Evam
2650 5205 2859 5273 decepit
2886 5202 3129 5256 diabolus
3149 5242 3163 5263 ,
3195 5199 3390 5253 idcirco
3412 5199 3476 5251 ad
3504 5199 3747 5262 Mariam,

2173 5319 2291 5371 qua:
2320 5303 2464 5369 virgo
2490 5307 2624 5361 erat,
2653 5295 2862 5350 felicem
2891 5292 3129 5346 nuntium
3159 5289 3372 5344 Gabriel
3404 5289 3612 5342 detulit.
3645 5289 3750 5345 Sed

2174 5395 2388 5460 decepta
2419 5389 2632 5458 quidem
2664 5386 2770 5438 Eva
2804 5383 3008 5452 peperit
3039 5381 3256 5436 verbum
3284 5421 3297 5443 ,
3337 5381 3473 5448 quod
3521 5391 3752 5434 mortem

2176 5483 2348 5536 intulit
2381 5499 2390 5532 :
2421 5489 2474 5532 at
2502 5478 2705 5531 felicem
2751 5475 2989 5528 nuntium
3019 5471 3280 5540 accipiens
3319 5469 3477 5523 Maria
3518 5469 3753 5524 Verbum

2177 5575 2227 5628 in
2253 5587 2409 5626 carne
2429 5569 2629 5639 genuit,
2660 5565 2798 5635 quod
2825 5565 2984 5618 vitam
3018 5563 3169 5617 nobis
3193 5572 3439 5615 aeternam
3479 5562 3750 5616 conciliat.

2179 5665 2406 5720 Verbum
2452 5661 2576 5715 Evae
2608 5660 2807 5728 lignum
2852 5655 3139 5720 indicavit,
3172 5669 3264 5721 per
3292 5653 3430 5718 quod
3473 5653 3676 5718 lignum
3724 5670 3753 5708 e

2243 5848 2258 5878 ί
2295 5850 2433 5908 Reg,
2459 5840 2616 5898 tmxit,
2639 5849 2742 5900 pro,
2760 5837 2996 5898 purgavit.
