3996 6422
237 472 328 524 τὸν
353 473 581 538 κόσμονο
611 474 844 544 σήμερον
875 472 930 524 δὲ
970 469 1252 538 προῆλθεν,
1283 471 1355 532 ώς
1381 469 1661 536 ἄνθρωπος
1689 465 1786 534 μὲν

237 553 328 605 16v
375 554 501 606 λαὸν
542 555 858 623 ποιμαίνων.
907 553 982 614 ὡς
1035 553 1165 614 Θεὸς
1212 552 1265 602 δὲ
1323 551 1419 620 τήν
1468 551 1786 618 οἰκουμένην

234 634 526 697 διασώζων.
557 637 618 685 Ὦ
639 635 902 702 πολεμίων
921 635 1190 701 χρηστῶνί
1214 631 1257 682 ὣ
1275 631 1588 700 κατηγόρων
1608 631 1788 698 φιλαν-

237 715 501 783 θρώπωνὶ
542 716 590 767 οἳ
615 715 706 767 τὸν
730 718 787 766 ἐν
817 713 1056 783 Βηθλεέμ
1091 711 1345 780 τεχθέντα
1373 711 1714 774 λανθάνοντες
1757 723 1784 751 ι

234 796 365 847 Θεὸν
397 795 622 858 ἔδειξαν,
651 798 698 848 οἳ
736 796 824 848 τὸν
856 798 912 848 ἐν
961 794 1131 864 φάτνῃ
1171 792 1539 861 κρυπτόμενον
1580 791 1782 842 Δεσπό-

231 893 331 943 την
384 875 712 944 ἐγνώρισαν,
743 875 791 927 οἳ
819 875 909 926 τὸν
948 875 1006 925 ἐν
1043 874 1287 942 σπηλαίῳ
1323 873 1628 941 καθήμενον
1653 873 1785 940 ἐμή-

230 973 400 1011 νυσαν
432 958 671 1018 ἄκοντες,
711 956 802 1007 καὶ
839 955 1205 1024 εὐηργέτησαν
1247 952 1320 1022 μή
1381 953 1640 1016 θέλοντες,
1677 955 1783 1004 ἀπ-

232 1037 509 1105 εκάλυψαν
531 1035 759 1102 καλύψαι
786 1034 1106 1102 βουλόμενοι.
1130 1029 1278 1095 Εἶδες
1298 1033 1522 1103 ἀμαθεῖς
1540 1033 1784 1085 διδασκάο

230 1117 391 1179 λουςς
457 1117 521 1167 Ἀ
585 1116 936 1178 διδάσκουσιν,
991 1115 1050 1165 οὐ
1113 1114 1452 1180 γινώσκουσι,
1501 1114 1784 1176 πεινῶντες

233 1198 512 1266 τρέφουσι,
565 1195 817 1261 διψῶντες
878 1195 1169 1258 ποτίζουσι,
1241 1195 1518 1263 πενόμενοι
1570 1195 1783 1246 πλουτί-

233 1280 405 1339 Coum.
441 1276 598 1328 Δεῦτε
624 1273 735 1335 οῦν,
763 1276 1123 1344 ἐορτάσωμεν,
1145 1275 1294 1328 δεῦτε
1311 1276 1784 1345 πανηγυρίσωμεν.

231 1358 393 1420 Ξένος
425 1358 529 1425 γὰρ
557 1358 583 1408 6
609 1357 704 1424 τῆς
729 1357 919 1426 ἑορτῆς
948 1356 1165 1424 τρόπος,
1206 1357 1388 1426 ἐπειδὴ
1413 1359 1504 1408 καὶ
1543 1356 1782 1426 παράδο-

236 1440 322 1505 ξος
348 1443 376 1492 6
401 1439 498 1507 τῆς
533 1440 828 1506 γεννήσεως
868 1437 1040 1504 λόγος.
1082 1438 1323 1506 Σήμερον
1367 1437 1473 1506 γὰρ
1507 1438 1536 1490 6
1576 1439 1784 1506 χρόνιος

233 1521 395 1588 ἐλύθη
437 1519 648 1587 δεσμὸς,
679 1521 705 1570 6
729 1518 966 1578 διάϐολος
991 1518 1248 1587 ᾐσχύνθη,
1271 1520 1318 1570 οἰ
1350 1519 1595 1586 δαίμονες
1624 1519 1780 1588 ἐδρα-

235 1602 522 1660 πέτευσαν,
548 1602 575 1650 6
607 1599 824 1660 θάνατος
858 1599 885 1637 ἰ)
929 1597 1110 1667 ἐλύθη,
1167 1598 1484 1667 παράδεισος
1517 1599 1778 1667 ἠνεῴχθη,

235 1683 270 1748 ἠ
294 1681 504 1748 κατάρα
529 1679 809 1747 ἠφανίσθη,
854 1682 886 1748 ἠ
925 1680 1161 1749 ἁμαρτία
1195 1679 1432 1731 ἐκποδὼν
1473 1679 1708 1746 γέγονεν,
1748 1680 1780 1748 ἠ

237 1762 424 1840 πλάνη
439 1761 707 1829 ἀπηλάθη,
743 1762 774 1828 ή
803 1761 1024 1829 ἀλήθεια
1055 1760 1339 1828 ἐπανῆλθε,
1381 1762 1471 1813 καὶ
1510 1761 1607 1829 τῆς
1633 1762 1776 1812 εὐσε-

237 1841 385 1901 ϐείας
414 1844 442 1894 6
492 1842 642 1907 λόγος
689 1840 956 1909 πανταχοῦ
990 1841 1247 1910 διεσπάρη
1299 1843 1390 1893 καὶ
1435 1841 1661 1910 ἔδραμεν
1685 1857 1698 1868 ·
1747 1843 1780 1909 ή

235 1923 341 1974 τῶν
388 1924 500 1975 ἀνω
529 1922 765 1974 πολιτεία
793 1924 849 1973 ἐν
878 1925 942 1990 τῇ
972 1925 1040 1991 γῇ
1070 1922 1353 1989 ἐφυτεύθη,
1392 1921 1606 1989 ἄγγελοι
1648 1922 1780 1990 μετά

235 2001 537 2072 ἀνθρώπων
568 2003 894 2065 κοινωνοῦσι,
941 2003 1034 2055 καὶ
1066 2003 1338 2071 ἄνθρωποι
1376 2005 1510 2070 μετὰ
1541 2003 1781 2069 ἀγγέλων

234 2084 404 2144 ἀδεῶς
439 2083 785 2149 διαλέγονται.
823 2083 921 2134 Διά
958 2083 1011 2134 τί
1033 2100 1047 2146 ;
1114 2083 1328 2152 Ἐπειδὴ
1365 2083 1494 2145 Θεὸς
1545 2085 1635 2135 ἐπὶ
1680 2084 1778 2151 γῆς

232 2161 384 2235 ἦλθε,
416 2165 569 2235 [598]
603 2166 693 2216 καὶ
719 2164 997 2233 ἄνθρωπος
1025 2165 1081 2214 ἐν
1107 2164 1313 2233 ούρανῷ
1337 2181 1352 2195 ⁸
1385 2165 1553 2217 πάντα
1582 2165 1780 2233 ἀναμὶξ

232 2247 441 2313 γέγονε.
467 2243 634 2298 Ἦλθε
668 2244 772 2313 γὰρ
793 2245 881 2297 ἐπὶ
910 2246 1005 2314 τῆς
1028 2244 1150 2311 γῆς,
1179 2245 1293 2306 ὅλος
1317 2244 1388 2296 ὣν
1423 2245 1478 2295 ἐν
1506 2246 1747 2314 υύρανοίς
1764 2261 1779 2278 ο

232 2327 350 2388 ὅλος
369 2326 425 2378 6t
457 2325 530 2377 ὢν
561 2328 620 2377 ἐν
644 2324 869 2393 οὐρανῷ,
901 2325 1018 2386 ὅλος
1047 2326 1190 2376 ἐστὶν
1223 2325 1311 2375 ἐπὶ
1356 2326 1451 2392 τῆς
1492 2326 1612 2394 γῆς.
1651 2325 1779 2390 Θεὸς

233 2407 327 2463 ῶν.
387 2405 604 2472 γέγονεν
651 2404 949 2474 ἄνθρωπος,
998 2405 1095 2457 οὐκ
1135 2405 1502 2473 ἀρνησάμενος
1538 2405 1597 2457 16
1646 2405 1778 2459 εἴναι

233 2486 366 2545 Θεός
388 2503 402 2515 ’
438 2485 590 2552 λόγος
630 2485 703 2536 ὢν
744 2485 975 2548 ἀπαθὴς,
1009 2484 1143 2553 σάρξ
1180 2486 1407 2550 ἐγένετο,
1445 2487 1530 2536 διά
1557 2486 1615 2537 16
1647 2488 1779 2538 ἐνοι-

232 2565 400 2629 κῆσαι
451 2567 578 2632 ἡμῖν
622 2564 753 2632 σὰρξ
798 2564 1027 2630 ἐγένετο.
1049 2552 1198 2633 ’Θεὸς
1244 2565 1349 2634 γάρ
1402 2565 1498 2617 οὐκ
1549 2565 1777 2631 ἐγένετο,

231 2645 367 2697 ἀλλά
389 2640 474 2713 ἦν.
507 2645 603 2696 Διά
631 2644 784 2695 τοῦτο
814 2644 945 2712 σάρξ
978 2645 1207 2710 ἐγένετο,
1249 2647 1332 2696 ἴνα
1365 2646 1421 2697 6v
1461 2646 1558 2696 οὐκ
1590 2647 1778 2714 ἐχώρει

230 2725 473 2796 οὐρανὸς,
504 2725 719 2792 δέξηται
755 2724 943 2792 φάτνη.
984 2725 1078 2776 Διά
1106 2725 1257 2776 τοῦτο
1293 2727 1349 2778 tv
1393 2727 1562 2796 φάτνῃ
1601 2727 1777 2795 ἐτέθη,

231 2810 317 2859 ῖνα
359 2810 386 2858 6
435 2807 644 2876 τρέφων
689 2806 756 2857 τὰ
795 2806 1078 2873 σύμπαντα
1118 2807 1323 2858 παιδίου
1383 2809 1580 2876 τροφὴν
1633 2809 1781 2876 παρά

235 2888 439 2956 μητρὸς
478 2886 744 2955 παρθένου
777 2887 914 2957 λάϐῃ
969 2887 1066 2938 Διά
1107 2887 1260 2939 τοῦτο
1295 2890 1322 2940 6
1349 2889 1454 2940 τῶν
1485 2888 1780 2956 μελλόντων

231 2969 442 3020 αἰώνων
498 2967 684 3036 Πατὴρ
733 2967 806 3028 ὡς
860 2969 1154 3034 ύπομάζιον
1207 2968 1398 3037 βρέφος
1447 2970 1779 3037 παρθενικῶν

231 3048 480 3114 ἀνέχεται
516 3047 786 3112 ἀγκαλῶν,
814 3048 896 3098 ἵνα
935 3048 1026 3099 καί
1059 3048 1249 3115 μάγοις
1278 3049 1586 3116 εὐπρόσιτος
1620 3050 1778 3118 γένη-

228 3145 336 3179 ται.
397 3129 640 3195 Σήμερον
710 3128 813 3194 γὰρ
881 3129 972 3178 καὶ
1035 3128 1194 3195 μάγοι
1251 3129 1561 3198 προσῆλθον,
1611 3129 1778 3199 ἀρχὴν

228 3206 482 3267 λαϐόντες
505 3207 780 3275 ἀρνεῖσθαι
805 3207 894 3258 τὸν
921 3208 1197 3276 τύραννον,
1225 3211 1316 3261 καὶ
1343 3212 1370 3262 6
1394 3210 1614 3280 οὐρανὸς
1646 3227 1778 3262 καυ-

228 3290 388 3357 χᾶται
420 3289 605 3358 ἀστέρι
646 3289 733 3340 16v
769 3289 892 3340 ἴδιον
932 3291 1200 3358 Δεσπότην
1231 3291 1464 3359 μηνύων,
1496 3293 1587 3344 καὶ
1613 3293 1641 3343 6
1665 3292 1777 3344 Κύ-

233 3385 344 3438 ριος
374 3369 466 3420 ἐπὶ
495 3369 716 3437 νεφέλης
759 3369 961 3438 κούφης
995 3369 1084 3422 τοῦ
1132 3371 1377 3439 σώματος
1427 3372 1779 3441 καθεζόμενος

229 3451 323 3500 ἐπὶ
359 3449 457 3516 τὴν
479 3451 744 3514 Αἴγυπτον
766 3450 962 3519 τρέχει,
1005 3453 1081 3523 τῷ
1111 3455 1207 3523 μὲν
1240 3456 1410 3506 δοκεῖν
1439 3455 1651 3523 φεύγων
1681 3457 1778 3525 τήν

241 3529 480 3599 Ἡρώδου
532 3532 836 3603 ἐπι6ουλήν,
880 3540 945 3606 τῇ
985 3537 1039 3588 δὲ
1080 3536 1302 3606 ἀληθείᾳ
1352 3537 1674 3607 ἀποπληρῶν
1719 3538 1778 3588 16

229 3609 382 3677 παρά
410 3610 502 3660 τοῦ
543 3613 758 3666 Ἡσαΐου
791 3617 1097 3685 εἰρημένον⁹
1131 3619 1329 3670 Ἔσται
1350 3618 1477 3686 γάρ,
1507 3619 1685 3686 φησὶν,
1711 3617 1778 3669 ἐν

227 3686 303 3756 τῇ
326 3689 517 3756 ἡμέρᾳ.
552 3693 751 3761 ἐκείνῃ
809 3697 1051 3763 Ἰσραὴλ
1091 3700 1279 3764 τρίτος
1310 3699 1378 3750 ἐν
1417 3699 1536 3764 τοῖς
1575 3701 1777 3752 Ἀσσυ-

222 3773 397 3836 ρίοις,
439 3773 626 3824 καὶέν
659 3775 778 3838 τοῖς
816 3781 1150 3844 Αἰγυπτίοις
1185 3782 1578 3847 εὐλογημένος
1611 3782 1778 3834 ἔσται

227 3854 261 3903 ὁ
278 3852 428 3914 λαός
447 3869 563 3917 μου
591 3853 658 3904 ἐν
673 3853 746 3920 τῇ
774 3855 868 3922 γῇ,
895 3856 974 3922 ῆν
992 3859 1284 3926 εὐλόγησε
1307 3863 1516 3927 Κύριος
1545 3863 1777 3917 Σαϐαὼθ

225 3929 420 3997 λέγων
441 3933 893 4012 ’,Εὐλογημένος
918 3939 1085 3991 ἔσται
1115 3943 1146 3993 ό
1172 3943 1317 4003 λαός
1344 3961 1454 4008 μου
1480 3944 1592 3996 ὀὲν
1614 3947 1777 4012 Αίγύ-

227 4024 352 4075 πτῳ
381 4011 479 4062 καὶ
509 4015 540 4064 ό
569 4013 637 4064 ἐν
679 4015 798 4079 τοῖς
842 4018 1163 4084 Ἀσσυρίοις
1213 4019 1306 4072 καί
1351 4025 1383 4073 d
1422 4022 1490 4074 ἐν
1525 4011 1775 4090 Ἰσραήλ.

229 4090 294 4140 Τί
350 4091 546 4158 λέγεις,
599 4090 642 4145 ῶ
679 4096 924 4161 Ίουδαῖε;
978 4101 1006 4150 6
1047 4101 1254 4167 πρῶτος
1304 4103 1482 4173 τρίτος
1517 4105 1772 4171 γέγονας;

227 4173 510 4239 Αἰγύπτιοι
542 4176 630 4226 καὶ
647 4176 912 4247 Ἀσσύριοι
941 4182 1365 4251 προετάχθησαν,
1397 4188 1486 4237 καὶ
1515 4189 1542 4238 6
1571 4190 1778 4254 πρωτό-

227 4269 383 4315 τοκος
431 4255 639 4326 Ἰσραήλ
685 4259 1090 4330 ύπαριθμεῖται;
1133 4265 1270 4316 Ναί’
1316 4268 1533 4329 εἰκότως
1591 4271 1776 4322 ’Λσσύ-

233 4335 573 4419 ριοιλπρῶτοι
600 4337 805 4419 ἔσονται
832 4351 878 4403 ο,
923 4343 1104 4412 ἐπειδὴ
1143 4346 1233 4396 καὶ
1260 4347 1407 4397 αύτοί
1435 4349 1590 4400 αὑτὸν
1624 4351 1774 4419 πρῶ-

228 4429 310 4499 τοι
343 4414 551 4499 διάᾼτῶν
579 4418 763 4484 μάγων
790 4424 1190 4492 προσεκύνησαν
1209 4442 1221 4454 ·
1249 4427 1529 4492 Αἰγύπτιοι
1557 4430 1610 4481 δὲ
1643 4414 1776 4499 μετά

227 4495 350 4575 τοὺς
407 4495 737 4566 Ἀσσυρίους,
774 4501 957 4572 ἐπειδὴ
990 4506 1081 4556 καὶ
1115 4507 1265 4558 αὐτοὶ
1308 4509 1567 4575 φεύγοντα
1618 4495 1778 4566 αὐτὸν

230 4573 325 4654 τήν
393 4576 634 4646 Ἡρώδου
704 4583 986 4654 ἐπιϐουλὴν
1038 4573 1328 4649 ἐδέξαντο(
1359 4573 1656 4654 τελευταῖος
1718 4594 1774 4646 δὲ

241 4653 898 4742 ξίσραῆλ--ύπαριθμεῖται,
942 4653 1122 4736 ἐπειδὴ
1161 4669 1292 4736 μετά
1333 4671 1430 4739 τὴν
1466 4653 1647 4724 ἄνοδον
1675 4675 1774 4742 τὴν

227 4735 290 4819 ἐκ
321 4737 415 4819 τοῦ
453 4738 707 4819 Ἰορδάνου
737 4742 820 4793 διά
843 4743 948 4796 τῶν
973 4735 1278 4800 ἀποστόλων
1294 4735 1453 4802 αὑτὸν
1468 4752 1703 4819 ἔγνωσαν
1723 4735 1771 4808 δ.

227 4815 451 4904 Ιξίσῆλθε
493 4818 549 4868 δὲ
585 4823 670 4904 *εἰς
709 4823 996 4888 Αἴγυπτον,
1030 4827 1184 4878 σείων
1214 4830 1278 4880 τά
1305 4815 1647 4903 χειροποίητα
1677 4836 1774 4904 τῆς

227 4895 498 4984 Λίγύπτου
546 4901 640 4984 οὐχ
703 4904 902 4966 ἁπλῶς,
962 4907 1073 4958 ἀλλ’
1119 4895 1627 4980 ἐπειδη-ἀπέκλεισε

227 4976 497 5060 Αἰγύπτου
524 4981 588 5031 τά
621 4986 861 5056 πρόθυρα
895 4993 956 5056 τῇ
990 4991 1094 5041 τῶν
1118 4976 1466 5060 πρωτοτόκων
1489 4976 1765 5060 ἀπωλεία-ζ

227 5058 322 5108 Διά
346 5057 502 5110 τοῦτο
530 5061 760 5131 σήμερον
799 5053 1042 5136 εἰσῆλθεν
1065 5073 1138 5134 ὡς
1163 5053 1516 5142 πρωτότοκος,
1560 5080 1643 5131 ἵνα
1674 5053 1770 5148 τῆς

288 5172 313 5235 _‘
335 5175 444 5220 SaV.
470 5177 595 5235 conj.
617 5177 908 5231 λανθάνοντα.

287 5231 313 5317 ξ
477 5231 682 5317 Θάνατος,
703 5242 807 5286 sine
831 5245 1050 5316 arl’iculo,
1074 5261 1282 5309 moxque
1313 5254 1534 5301 simililer
1570 5257 1764 5317 κατάρα.

290 5299 311 5360 ξ
340 5294 468 5360 μεθ’.⁸
503 5297 738 5360 Ἀσσύριοι
770 5294 1128 5360 προτάσσονται.

286 5355 310 5430 ό
336 5355 662 5430 ίιειίξᾉΘ-εκδιᾶ
698 5361 790 5430 τῶν
808 5355 1089 5430 ἀποστόλων
1126 5369 1263 5430 αύτὸν
1298 5371 1518 5430 ἔγνωσαν.
1546 5373 1592 5419 In
1640 5374 1769 5422 edilo

229 5414 540 5486 )‘Jorelz‘hmc‘
563 5426 783 5486 coyrupla
806 5428 976 5486 65am;
1014 5424 1277 5486 _’Iop6aivou,
1300 5414 1769 5481 ’όύῖὲνξότε-έκνῖῶν

229 5475 501 5541 Ξςποστόλων
523 5475 975 5541 ἐγνώρισαν-(ὃενὶι.
1013 5475 1154 5538 Ἰ.,ὀ.
1180 5504 1222 5532 τ.
1264 5475 1338 5535 διά
1354 5475 1638 5539 ἶῖἀῗάῦτόςᾷ

229 5536 458 5606 ςηωσαν)
493 5547 586 5581 nec
605 5536 898 5606 qu_adrabisgn
927 5546 983 5588 ad
1019 5536 1470 5606 interpretationéﬁi
1490 5536 1762 5604 Ῠεοίιὶοιῖίέ.

229 5593 346 5642 Infra
364 5607 460 5641 non
477 5593 633 5654 pauca'
649 5597 825 5648 desunt
847 5599 896 5648 in
920 5615 1006 5648 ms.

1307 355 1368 405 ΙΝ
1387 405 1393 412 ,
1411 355 1536 406 NA'I
1550 351 1734 405 ALEM
1759 349 2028 406 CHRISTI
2069 355 2250 409 DiEM.

3319 363 3431 418 392

1883 469 2113 532 παλαιάς
2149 471 2498 540 στυγνότητος
2547 471 2764 540 διαλύσῃ
2814 471 2876 522 16
2919 463 3152 532 πένθος.1
3182 469 3288 520 Καὶ⁵
3339 466 3420 519 6m

1884 553 2219 621 πρωτότοκος
2241 553 2449 620 λέγεται
2482 555 2510 605 ὀ
2536 553 2782 622 Χριστὸς,
2825 553 3084 620 μαρτυρεῖ
3122 550 3352 617 σήμερον
3391 547 3431 599 δι

1883 634 2095 694 Λουκᾶς
2117 635 2146 684 6
2166 634 2567 701 εύαγγελιστής,
2601 633 2769 698 λέγων
2791 648 2804 660 ·
2837 630 2944 683 Καὶ
2972 631 3133 682 ἔτεκε
3163 629 3268 681 τὸν
3293 627 3422 679 υἰὸν

1881 715 2066 780 αὐτῆς
2080 715 2185 766 τὸν
2208 717 2588 782 πρωτότοκον.
2612 714 2705 766 καὶ
2727 711 3190 778 ἐσπαργάνωσεν
3215 708 3435 770 αὐτὸν,.

1881 796 1975 847 καὶ
2004 795 2319 848 ἀνέκλινεν
2343 796 2411 848 ἐν
2432 793 2503 860 τῇ
2540 795 2752 862 φάτνῃ,
2785 794 2932 845 διότι
2972 793 3081 844 οὐκ
3121 787 3197 858 ἦν
3221 788 3422 853 αὐτοῖς

1881 879 2058 940 τόπος
2112 876 2183 928 ἐν
2219 874 2298 939 τῷ
2337 877 2711 942 καταλύματι.
2758 874 3012 942 Εἰσῆλθεν
3063 869 3154 923 οῦν
3206 872 3283 932 εἰς
3325 869 3422 938 τὴν

1880 956 2169 1022 Αἴγυπτον,
2214 957 2297 1007 ἵνα
2332 956 2427 1024 τῆς
2455 956 2684 1017 παλαιᾶς
2719 954 3068 1021 στυγνότητος
3111 951 3327 1019 διαλύσῃ
3364 949 3423 1001 16

1881 1036 2094 1098 πένθος,
2129 1038 2247 1091 ἀντί
2274 1036 2546 1105 μαστίγων
2580 1036 2750 1104 χαράν
2772 1033 3059 1094 ἐπιϐαλὼν,
3087 1032 3203 1084 ἀντὶ
3234 1030 3422 1092 νυκτὸς

1881 1118 1973 1170 καὶ
2001 1117 2220 1178 σκότους
2250 1117 2514 1185 σωτηρίας
2545 1117 2740 1184 φέγγος
2776 1115 3148 1185 χαρισάμενος.
3193 1111 3420 1180 Βέϐηλον

1879 1195 1945 1267 ἦν
1977 1200 2095 1250 τότε
2115 1196 2204 1250 τοῦ
2233 1198 2471 1266 ποταμοῦ
2507 1198 2567 1249 16
2609 1197 2748 1266 ὕδωρ
2777 1199 2840 1265 τῇ
2870 1195 2976 1247 τῶν
3004 1195 3192 1264 ἀώρων
3218 1194 3419 1250 νηπίων

1882 1283 2080 1349 σφαγῇ.
2121 1279 2381 1347 Εἰσῆλθεν
2419 1275 2510 1332 οῦν
2547 1281 2624 1340 εἰς
2658 1280 2756 1348 τὴν
2797 1280 3062 1344 Δίγυπτον
3096 1280 3124 1328 6
3164 1276 3326 1329 πάλαι
3361 1274 3419 1325 16

1882 1360 2021 1423 ὕδωρ
2043 1359 2298 1426 φοινίξας,
2337 1359 2428 1410 καί
2468 1359 2686 1426 ἐποίησε
2717 1358 2784 1410 τά
2830 1358 3013 1428 ῥεῖθρα
3048 1357 3139 1409 τοῦ
3177 1354 3416 1423 ποταμοῦ

1882 1439 2146 1509 σωτηρίας
2191 1439 2494 1506 γεννητικὰ,
2537 1439 2598 1490 16
2632 1440 2820 1505 ἐναγὲς
2856 1439 3031 1491 αύτῶν
3068 1438 3160 1491 καὶ
3201 1437 3418 1506 βέϐηλον

1879 1523 2099 1590 δυνάμει
2141 1521 2435 1590 καθαρίσας
2478 1532 2500 1559 ο
2544 1519 2636 1573 τοῦ
2665 1521 2990 1589 Πνεύματος.
3041 1519 3419 1587 Ἐκακώθησαν

1879 1605 1925 1656 οἰ
1958 1603 2257 1670 Αἰγύπτιοι,
2289 1604 2381 1654 καὶ
2401 1601 2651 1670 μανέντες
2673 1602 2926 1671 ἠρνοῦντο
2951 1601 3039 1653 τὸν
3062 1600 3208 1651 Θεόν.
3239 1599 3420 1667 Εἰσῆλ-

1879 1685 1968 1735 θεν
1989 1679 2081 1735 οῦν
2109 1686 2186 1745 εἰς
2209 1683 2304 1752 τήν
2337 1684 2623 1750 Αἴγυπτον,
2663 1683 2755 1735 καὶ⁸
2793 1681 3038 1749 γνώσεως
3078 1680 3208 1736 Θεοῦ
3248 1681 3420 1748 ψυχὰς

1879 1763 2140 1830 θεοφιλεῖς
2161 1763 2436 1833 ἐπλήρωσε
2450 1779 2463 1791 ·
2493 1763 2569 1832 τῷ
2587 1763 2807 1832 ποταμῷ
2821 1763 2876 1814 δέ
2892 1763 3126 1830 παρέσχε
3146 1762 3417 1830 μάρτυρας

1877 1845 2094 1914 τρέφειν
2133 1845 2372 1913 σταχύων
2401 1844 2818 1913 εὐφορωτέρους.
2863 1843 3020 1895 ’Λλλά
3040 1844 3124 1895 διὰ
3152 1843 3212 1895 16
3241 1843 3419 1896 στενὸν

1877 1927 1969 1978 τοῦ
1994 1926 2179 1996 καιροῦ
2207 1926 2435 1980 ἐνταῦθα
2466 1927 2721 1995 βούλομαι
2746 1925 3084 1978 καταπαῦσαι
3110 1924 3199 1977 16v
3226 1925 3378 1991 λόγον
3401 1941 3418 1955 ⁸

1878 2000 1978 2059 ὧδε
2011 2009 2030 2046 ί
2057 2008 2112 2059 δέ
2137 2007 2486 2070 καταπαύσω,
2530 2008 2620 2059 τὸν
2649 2007 2801 2073 λόγον
2837 2006 3145 2076 πληρώσας,
3194 2007 3272 2058 ὅτι
3305 2006 3420 2069 πῶς

1877 2089 2043 2154 Λόγος
2066 2088 2138 2140 ῶν
2175 2088 2325 2158 Ῑ599]
2347 2088 2578 2158 ἀπαθὴς,
2621 2088 2752 2156 σὰρξ
2786 2088 3014 2153 ἐγένετο,
3046 2088 3416 2156 ἀμεταϐλήτου

1881 2169 2137 2238 μενούσης
2187 2170 2281 2237 τῆς
2330 2169 2558 2236 φύσεως.
2603 2170 2665 2222 Τί
2697 2169 2752 2222 δέ
2793 2170 2948 2232 είπω,
2997 2169 3029 2237 ἢ
3081 2168 3131 2220 τί
3171 2168 3417 2236 λαλήσω;

1878 2253 2112 2304 Τέκτονα
2139 2252 2230 2304 καὶ
2263 2252 2463 2319 φάτνην
2489 2253 2616 2320 δρῶ,
2649 2252 2739 2304 καὶ
2761 2251 2974 2320 βρέφος,
2996 2249 3086 2302 καὶ
3115 2252 3417 2319 σπάργανα,

1877 2333 2028 2401 λοχὸν
2057 2334 2319 2404 παρθένου
2365 2335 2470 2386 τῶν
2517 2333 2712 2402 χρειῶν
2754 2333 2971 2401 ἔρημον.
3015 2331 3106 2384 ὅλα
3158 2332 3419 2400 πτωχείας

1877 2415 2122 2482 ἐχόμενα,
2154 2415 2246 2467 ὅλα
2269 2416 2454 2476 πενίας
2481 2417 2728 2482 γέμοντα.
2758 2411 2908 2476 Εἶδες
2935 2413 3154 2464 πλοῦτον
3175 2414 3228 2463 ἐν
3262 2413 3418 2481 πενίᾳ

1876 2494 2074 2562 πολλῇ;
2111 2495 2226 2556 πῶς
2261 2495 2505 2558 πλούσιος
2538 2496 2612 2547 ὢν
2642 2495 2706 2547 δι’
2732 2495 2876 2562 ἡμᾶς
2909 2495 3250 2562 ἐπτώχευσες
3302 2494 3416 2552 πῶς

1877 2578 2000 2629 οὒτε
2025 2576 2230 2645 κλίνην,
2273 2575 2392 2626 οὗτε
2432 2576 2711 2644 στρωμνὴν
2750 2571 2910 2646 εἶχεν,
2960 2574 3070 2626 ἀλλ’
3121 2576 3210 2626 ἐπὶ
3252 2575 3418 2644 ξηρᾶς

1878 2659 2096 2726 ἔρριπτο
2119 2658 2320 2725 φάτνης
2343 2674 2357 2720 ;
2383 2653 2451 2708 Ὦ
2478 2657 2631 2709 πενία
2659 2658 2882 2711 πλούτου
2911 2660 3088 2726 πηγήί
3137 2651 3180 2708 ὦ
3223 2656 3416 2709 πλοῦτε

1877 2741 2094 2808 άμετρε,
2129 2738 2314 2794 πενίας
2340 2739 2624 2807 πρόσχημα
2652 2740 2857 2809 φέρωνι
2902 2741 2986 2791 Ἐν
3023 2741 3193 2808 φάτνῃ
3225 2740 3412 2800 κεῖται,

1877 2822 1968 2872 καὶ
1996 2820 2091 2889 τὴν
2127 2820 2442 2887 οἰκουμένην
2489 2821 2724 2872 σαλεύει·
2765 2824 2820 2873 ἐν
2860 2823 3184 2892 σπαργάνοις
3220 2820 3416 2890 ἐμπλέ-

1877 2919 2047 2964 κεται,
2081 2902 2169 2954 καὶ
2188 2901 2253 2952 τά
2276 2901 2371 2969 τῆς
2397 2903 2662 2970 ἁμαρτίας
2689 2904 3000 2974 διαρρήσσει
3034 2904 3203 2972 δεσμά
3223 2921 3237 2934 ο
3267 2902 3416 2955 ούπω

1876 2983 2130 3052 ἔναρθρον
2151 2982 2341 3051 ἔρρηξε
2376 2985 2572 3050 φωνὴν,
2605 2985 2696 3036 καὶ
2717 2987 2839 3048 τοὺς
2860 2986 3059 3053 μάγους
3078 2985 3297 3049 ἐδίδαξε,
3325 2987 3417 3038 καὶ

1876 3064 2087 3132 ἐκίνησε
2145 3063 2277 3130 πρὸς
2323 3066 2667 3134 ἐπιστροφήν.
2708 3067 2771 3117 Τί
2820 3067 3037 3136 είπω,ἢ
3081 3066 3131 3118 τί
3163 3066 3412 3134 λαλήσως

1887 3144 2013 3195 Ἰδοὺ
2049 3142 2239 3211 βρέφος
2274 3145 2599 3212 σπαργάνοις
2638 3146 2980 3214 ἐμπλέκεται,
3021 3148 3113 3199 καὶ
3154 3149 3210 3197 ἐν
3245 3148 3413 3216 φάτνῃ

1876 3226 2075 3276 κεῖται-
2109 3223 2334 3291 πάρεστι
2381 3224 2434 3276 δὲ
2479 3226 2569 3276 καὶ
2617 3225 2794 3294 Μαρία
2835 3227 3096 3297 παρθένος
3139 3224 3270 3280 οὖσα
3323 3229 3416 3278 καὶ

1879 3307 2090 3373 μήτηρ·
2127 3305 2302 3372 παρῆν
2339 3306 2392 3358 6t
2426 3307 2518 3358 καὶ
2565 3307 2759 3375 Ἰωσὴφ
2793 3307 3179 3377 ὀνομαζόμενος
3216 3311 3411 3378 πατήρ.

1876 3381 2040 3445 υῦτος
2083 3385 2219 3454 άνήρ
2258 3386 2486 3452 λέγεται,
2534 3387 2710 3455 ἐκείνη
2752 3389 2884 3460 γυνή
2931 3392 3410 3460 προσαγορεύεταιο

1873 3467 2108 3535 ὀνόματα
2156 3468 2348 3532 ἔννομα
2398 3467 2649 3534 συζυγίας
2703 3470 2898 3540 ἔρημα.
2941 3474 3114 3541 Μέχρι
3162 3475 3414 3542 ῥημάτων

1875 3547 2059 3615 νόησαί
2093 3565 2200 3615 μοι,
2233 3549 2344 3600 ἀλλ’
2376 3551 2432 3600 ού
2461 3551 2619 3620 μέχρι
2647 3554 2976 3622 πραγμάτων
3012 3558 3056 3606 ε.
3080 3556 3250 3608 Μόνον
3265 3552 3418 3620 οὗτος

1876 3629 2286 3698 ἐμνηστεύσατο,
2327 3632 2416 3683 καί⁸
2451 3633 2668 3702 Πνεῦμα
2707 3635 2857 3702 ἅγιον
2901 3639 3034 3706 αὐτῇ
3075 3641 3410 3693 ἐπεσκίασεν.

1878 3709 2032 3761 Ὅθεν
2053 3711 2268 3779 ἀπορῶν
2289 3713 2316 3762 6
2354 3713 2545 3783 Ἰωσὴφ
2562 3716 2657 3767 οὐκ
2677 3717 2790 3785 ᾔδει
2811 3717 2864 3769 τί
2889 3718 3100 3771 καλέσει
3119 3720 3178 3772 16
3197 3721 3409 3790 βρέφος,

1887 3790 1980 3872 Ἐκ
2009 3792 2246 3860 μοιχείας
2265 3793 2419 3854 αὐτὸς
2445 3797 2613 3848 εἰπεῖν
2645 3799 2741 3849 οὐκ
2769 3799 2979 3868 ἐτόλμα,
3001 3800 3139 3853 κατά
3163 3803 3260 3870 τῆς
3277 3821 3413 3872 παρ-

1875 3871 2024 3923 θένου
2076 3872 2384 3941 βλάσφημον
2439 3879 2720 3946 καταχέειν
2776 3881 2926 3946 λόγον
2999 3884 3097 3935 ούκ
3156 3871 3410 3953 ἠδύνατο,

1871 3953 2055 4033 τέκνον
2076 3954 2202 4005 αὐτὸ
2233 3957 2401 4007 εἰπεῖν
2432 3958 2556 4010 ίδιον
2594 3961 2688 4012 ούκ
2726 3963 2990 4031 ἠνείχετο·
3024 3965 3137 4033 ᾔδει
3173 3969 3286 4033 γάρ.
3315 3985 3414 4020 κα-

1872 4030 1999 4114 λῶς,
2029 4033 2107 4114 ότι
2128 4033 2225 4085 ούκ
2252 4034 2390 4099 ἔγνω
2427 4037 2539 4098 πῶς
2581 4039 2612 4106 ἢ
2646 4040 2805 4092 πόθεν
2844 4030 3052 4112 ἐτέχθη
3082 4044 3141 4095 16
3183 4030 3410 4114 βρέφος*

1872 4111 1991 4196 ὃθεν
2016 4113 2299 4181 ἀποροῦντι
2325 4117 2471 4184 αύτῷ
2493 4118 2625 4186 πρὸς
2647 4121 2704 4172 τὸ
2735 4111 2966 4191 πρᾶγμαν
2984 4111 3229 4195 χρησμὸς
3252 4111 3413 4196 ούρα-

1874 4195 2022 4247 νόθεν
2071 4197 2158 4247 διὰ
2209 4197 2305 4264 τῆς
2351 4197 2445 4249 τοῦ
2485 4200 2709 4266 ἀγγέλου
2765 4204 2941 4272 φωνῆς
2990 4207 3297 4276 ἐπεφέρετο,
3320 4195 3410 4262 γὸτι

1874 4277 1967 4356 Μὴ
1993 4278 2195 4343 φοϐοῦ,
2231 4279 2439 4346 Ἰωσήφ
2458 4297 2470 4310 ·
2497 4281 2562 4332 τὸ
2600 4283 2705 4349 γὰρ
2736 4286 3099 4352 γεννώμενον
3124 4289 3192 4351 ἐξ
3225 4291 3399 4356 αὐτῆς

1873 4355 1940 4440 ἐκ
1983 4359 2318 4440 Πνεύματός
2375 4361 2542 4413 ἐστιν
2587 4364 2775 4429 ἁγίου.
2838 4367 3058 4437 Πνεῦμα
3101 4371 3207 4440 γὰρ
3262 4355 3406 4439 ἅγιον

1874 4437 2190 4491 ἐπεσκίασεν
2214 4443 2276 4508 τῇ
2301 4441 2570 4510 παρθένῳ.
2592 4445 2687 4496 Διά
2710 4445 2760 4496 τί
2785 4445 2838 4496 δὲ
2867 4448 2931 4498 ἐκ
2956 4437 3217 4517 παρθένου
3237 4437 3410 4506 τίκτο-

1872 4533 1980 4580 ται,
2012 4519 2103 4570 καὶ
2148 4519 2244 4588 τὴν
2273 4521 2562 4590 παρθενίαν
2591 4524 2816 4590 ἀζήμιον
2855 4531 3038 4595 τηρεῖ;
3087 4529 3205 4580 ’Ότι
3245 4533 3408 4586 πάλαι

1873 4597 2137 4664 παρθένον
2167 4595 2328 4650 οὖσαν
2352 4600 2445 4668 τὴν
2471 4600 2611 4652 Εὕαν
2644 4604 2919 4670 ἠπάτησεν
2953 4609 2980 4658 6
3020 4609 3278 4673 διάϐολος,
3325 4613 3410 4668 διὰ

1872 4676 1963 4762 τοῦ
1976 4695 2026 4762 ιο
2338 4675 2497 4762 οῦσαν
2525 4681 2621 4749 τὴν
2659 4685 2885 4753 Μαριὰμ
2924 4689 2952 4740 6
2993 4689 3226 4760 Γαϐριὴλ
3254 4694 3412 4762 εὑηγ-

1872 4757 2138 4840 γελίᾼσατο.
2181 4759 2316 4840 Ἀλλ’
2358 4761 2694 4831 ἀπατηθεῖσα
2730 4767 2825 4834 μὲν
2854 4769 2886 4836 ή
2919 4768 3028 4821 Εὕα
3069 4757 3218 4840 ῥῆμα
3260 4757 3409 4827 ἔτεκε

1873 4837 2099 4924 θανάτου
2135 4839 2302 4924 αἴτιον
2326 4857 2340 4871 ·
2387 4843 2826 4910 εὐαγγελισθεῖσα
2869 4849 2924 4900 δέ
2955 4852 2986 4920 ἡ
3025 4837 3208 4920 Μαρία
3245 4856 3411 4924 Λόγον

1873 4919 1932 5001 ἐν
1952 4918 2111 4986 σαρκὶ
2141 4920 2411 5001 ἐγέννησε.
2435 4924 2574 4992 ζωῆς
2610 4927 2823 4979 αἰωνίου
2856 4918 2982 4997 ήμίν
3025 4918 3293 5001 πρό-ξενον.
3329 4918 3411 4988 ⁷Τὸ

1874 4998 2019 5066 ῥῆμα
2045 5002 2140 5067 τῆς
2170 4998 2308 5063 Εὔας
2336 5002 2485 5065 ξύλον
2512 5005 2694 5070 ἔδειξε,
2723 5007 2787 5058 δι’
2812 5005 2870 5061 οὗ
2896 5010 2984 5063 τὸν
3020 4998 3186 5083 ’Λδάμ
3214 5018 3275 5068 ὲκ
3317 5017 3409 5072 τοῦ

1940 5339 1961 5388 ς
1991 5328 2108 5388 “98-
2132 5329 2312 5388 χρίσας-

1940 5385 1956 5420 ΐ
1988 5385 2103 5459 R'egr.
2132 5385 2324 5471 ἐνταῦθα
2345 5393 2634 5466 καταπαύσω
2660 5396 2738 5470 τὸν
2759 5399 2912 5471 λόγον.
2937 5403 2991 5449 τὸ
3011 5405 3168 5451 λοιπὸν
3189 5412 3269 5461 τῆς
3288 5425 3405 5471 πρα-

1867 5452 2195 5564 ἔιμὲιιτῐῗέοέῗᾶἃτῇ
2224 5452 2324 5506 ἑξῆς
2340 5453 2445 5512 ύμῖν
2464 5452 2842 5516 ταμιευσάμενος.
2866 5459 2995 5508 Ὧδε
3017 5477 3123 5523 quae
3143 5452 3404 5526 ἰεείἶυιξᾷη

1942 5565 2109 5641 δίεσις.
2140 5569 2270 5626 μέχρι
2290 5569 2501 5641 λόγωνηοῖ
2524 5571 2680 5634 γάμοι·
2703 5577 2803 5641 ἀλλ’
2830 5581 2882 5641 ού
2906 5597 2952 5638 μ.
2973 5599 3023 5629 π.
3047 5583 3230 5635 Deinde
3255 5587 3402 5640 Savil.

1867 5635 1953 5682 pro
1974 5629 2106 5680 οὗτος
2129 5641 2156 5673 c
2187 5641 2280 5675 var.
2309 5629 2418 5675 lect.
2443 5632 2488 5676 in
2524 5629 2671 5696 ma'rg.
2698 5639 2722 5683 6
2748 5629 2949 5703 ἄγγελός,
