3996 6444
574 402 686 457 397

2030 388 2304 444 INCER'I'I

3674 400 3790 456 398

570 1030 718 1106 [605]
778 1032 884 1097 Είς
909 1032 974 1085 τὸ
1004 1031 1092 1084 ὅτι
1149 1032 1406 1100 παλαιᾶς
1435 1033 1531 1086 καὶ
1586 1033 1799 1102 καινῆς
1834 1032 2124 1154 Διαθήκτές
2154 1027 2241 1098 εἷς
2264 1034 2298 1085 ό
2316 1031 2644 1154 ἴομοθέτης
2662 1046 2674 1061 ·
2706 1032 2803 1086 καί
2828 1034 2915 1098 είς
2935 1030 3002 1085 τὸ
3034 1029 3260 1103 ἔνδυμα
3286 1035 3390 1089 τοῦ
3426 1035 3658 1105 ἱερέως·
3692 1034 3800 1088 καὶ

1951 1118 2059 1154 περ
2098 1118 2313 1154 αετανο
2339 1119 2431 1154 ac.

1951 1118 2082 1170 περι
2092 1118 2431 1170 μετανοιας.

645 1728 829 1798 α’.Τῆς
843 1727 1076 1800 Χριστοῦ
1099 1726 1370 1796 βασιλείας
1385 1728 1443 1780 τὸ
1466 1728 1792 1796 Εὑαγγέλιον
1810 1730 2132 1801 κηρύττουσι

578 1816 868 1884 προφῆται,
898 1812 1250 1884 ἑρμηνεύουσι
1281 1814 1336 1865 δὲ
1360 1815 1408 1865 οἱ
1433 1812 1529 1875 τῆς
1552 1814 1676 1876 νὲας
1699 1815 1917 1884 χάριτος
1939 1815 2136 1885 ὑπηρέ-

577 1912 735 1963 ταιι,
764 1899 1003 1968 δέχονται
1046 1898 1100 1949 δὲ
1131 1899 1179 1949 οί
1214 1897 1306 1950 τοῦ
1350 1899 1493 1950 θείου
1542 1900 1700 1965 λόγου
1741 1900 2005 1968 ἀκροαταὶ
2043 1900 2135 1952 καὶ

580 1983 802 2054 ἐρασταὶ
846 1984 939 2034 καὶ
987 1983 1282 2035 ἐπαινέται.
1328 1983 1440 2034 Οὐκ
1486 1983 1630 2035 ἔστιν
1676 1985 2006 2054 ἐντρυφῆσαι
2061 1983 2136 2053 τῷ

579 2070 720 2137 λόγῳ
744 2068 839 2136 τῆς
870 2067 1142 2136 ἀληθείας,
1172 2068 1244 2135 μὴ
1273 2067 1508 2135 διψῶντα
1545 2068 1636 2120 τὸν
1677 2068 1829 2135 λόγον
1857 2070 1952 2137 τῆς
1991 2069 2137 2120 διδα-

586 2154 829 2215 σκαλίας.
862 2154 968 2204 Καὶ
1006 2152 1190 2221 ὥσπερ
1222 2153 1320 2204 οὐκ
1349 2152 1459 2203 ἔστι
1494 2154 1565 2220 μὴ
1611 2152 1846 2219 διψῶντα
1880 2154 1973 2205 καὶ
2020 2169 2138 2204 πει-

581 2240 755 2291 νῶντα
799 2239 969 2307 ἡδέως
1019 2237 1318 2290 ἀπολαῦσαι
1367 2239 1597 2306 τροφῆς,
1642 2237 1814 2300 οῦτως
1857 2238 1955 2289 οὐκ
1996 2237 2140 2289 ἐστιν

583 2323 911 2392 ἐντρυφῆσαι
961 2322 1102 2391 λόγῳ
1150 2322 1422 2390 ἀληθείας,
1460 2322 1531 2391 μὴ
1579 2322 1811 2390 διψῶντα
1852 2322 1943 2374 τοῦ
1987 2322 2138 2387 ἁγίου

585 2407 897 2476 Πνεύματος
941 2408 1036 2473 τὴν
1083 2406 1445 2458 διδασκαλίαν.
1500 2406 1591 2458 Διό
1641 2423 1802 2474 φησιν
1843 2408 1870 2457 6
1916 2407 2138 2476 Σωτήρ·

588 2494 870 2559 Μακάριοι
904 2494 957 2543 οἱ
991 2490 1305 2555 πεινῶντες
1343 2491 1440 2542 καὶ
1469 2489 1757 2557 διψῶντες
1784 2490 1896 2555 τὴν
1925 2490 2144 2544 δικαιο-

588 2579 807 2643 σύνην,
836 2577 919 2629 ὅτι
953 2576 1120 2629 αὐτοὶ
1155 2575 1685 2643 χορτασθήσονται.
1725 2577 1786 2627 Ἦ
1811 2575 2012 2644 ἀληθὴς
2039 2576 2145 2627 τῶν

589 2662 775 2733 ψυχῶν
807 2661 996 2732 τροφὴ,
1036 2662 1069 2730 ή
1098 2660 1298 2730 ἀληθὴς
1324 2660 1429 2711 τῶν
1461 2659 1697 2711 εὐσεϐῶν
1724 2661 1919 2730 τρυφὴ,
1954 2663 1981 2713 6
2019 2661 2148 2729 ἀλη-

593 2749 690 2819 θὴς
716 2747 820 2800 τῶν
848 2746 1081 2798 εὐσεϐῶν
1110 2745 1332 2807 πλοῦτος
1358 2747 1384 2796 6
1413 2744 1505 2796 τοῦ
1533 2744 1664 2796 Θεοῦ
1696 2744 1865 2812 λόγος,
1893 2748 1920 2798 6
1944 2745 2029 2797 διὰ
2054 2745 2149 2799 τοῦ

596 2831 753 2884 Δαυῖδ
785 2831 952 2898 λέγων
973 2848 985 2860 ·
1021 2831 1147 2881 ποτὲ
1185 2830 1279 2899 μὲν
1312 2829 1418 2896 γὰρ
1456 2827 1529 2887 ὡς
1564 2827 1806 2879 πλουτῶν
1856 2828 2147 2897 ἐναϐρύνε-

598 2936 707 2983 ται,
734 2918 860 2970 ποτὲ
889 2918 945 2968 δὲ
975 2916 1049 2978 ὼς
1076 2915 1293 2985 τρυφῶν
1313 2954 1327 2976 ,
1360 2914 1452 2966 καὶ
1483 2913 1658 2979 λέγει’
1696 2913 1791 2977 Ὦς
1826 2913 2048 2980 γλυκέα
2072 2913 2151 2978 τῷ

599 3003 848 3071 λάρυγγί
874 3018 990 3069 μου
1018 3002 1087 3053 τὰ
1117 2998 1289 3068 λόγιά
1313 3015 1448 3060 σου,
1473 2998 1621 3064 ὑπὲρ
1642 3000 1781 3066 μέλι
1815 2999 1913 3050 καὶ
1948 3000 2157 3066 κηρίον

601 3089 680 3154 τῷ
718 3090 967 3157 στόματί
1005 3105 1144 3156 μου.
1186 3085 1447 3139 Ἐνταῦθα
1497 3084 1586 3137 τοῦ
1630 3084 1936 3155 τρυφῶντος
1981 3085 2156 3153 ἀφῆκε

603 3176 803 3245 φωνήν.
833 3174 1023 3243 Τρυφὴ
1052 3172 1156 3241 γὰρ
1182 3168 1249 3241 ἦν
1276 3170 1421 3241 αὑτῷ
1438 3170 1466 3210 ιι
1485 3173 1513 3223 ό
1544 3169 1634 3222 τοῦ
1662 3169 1794 3223 Θεοῦ
1821 3171 1999 3237 λόγος·
2034 3187 2097 3221 πε
2109 3170 2159 3238 ρ).

602 3256 663 3315 οὗ
690 3260 945 3321 πολλάκις
970 3259 1147 3325 ἒ).εγε’
1177 3258 1644 3325 Κατατρύφησον
1667 3256 1772 3309 τοῦ
1797 3258 2033 3323 Κυρίου,
2061 3255 2157 3308 καὶ

604 3347 722 3413 δῴη
754 3362 851 3400 σοι
880 3348 949 3397 τὰ
980 3345 1264 3411 αἰτήματα
1296 3342 1404 3410 τῆς
1452 3342 1695 3408 καρδίας
1734 3356 1868 3395 σου.
1906 3341 2157 3410 Ἀλλαχοῦ

604 3434 662 3484 δὲ
712 3432 805 3500 οὐχ
849 3431 923 3491 ὡς
969 3428 1185 3498 τρυφῶν
1242 3427 1416 3497 μόνον,
1468 3427 1602 3479 ἀλλά
1656 3428 1746 3479 καὶ
1794 3427 1867 3489 ὼς
1922 3426 2160 3479 πλουτῶν

605 3516 1059 3582 ἑγκαλλωπίζεται
1087 3512 1163 3582 τῷ
1200 3511 1408 3581 πλούτῳ
1435 3512 1525 3564 τοῦ
1548 3513 1732 3582 νόμου,
1764 3513 1964 3579 λέγων·
2006 3513 2157 3579 Ἄγα-

605 3606 714 3655 οόν
732 3618 831 3669 μοι
861 3604 892 3653 ό
921 3604 1102 3668 νόμος
1129 3600 1232 3652 τοῦ
1256 3600 1548 3667 στόματός
1577 3615 1692 3652 σου
1719 3598 1867 3665 ὑπὲρ
1895 3598 2163 3665 χιλιάδας

609 3687 860 3755 χρυσίου
910 3685 1005 3737 καὶ
1060 3686 1362 3753 ἀργυρίου.
1414 3682 1565 3745 Εῐδες
1609 3684 1818 3753 τρυφὴν
1864 3682 2159 3744 εὐσεὸείας,

610 3773 702 3824 καὶ
732 3770 953 3823 πλοῦτον
1005 3772 1059 3821 ὲν
1091 3770 1435 3839 δικαιοσύνῃ;
1478 3771 1567 3820 Δεῖ
1609 3769 1784 3820 τοίνυν
1824 3770 1967 3837 ἡμᾶς
2008 3768 2163 3837 διψᾷν

608 3857 677 3908 τὰ
703 3856 817 3908 θεῖα
838 3894 851 3916 ,
896 3856 988 3907 καί
1022 3856 1206 3923 πεινᾷν
1235 3853 1302 3905 τὰ
1347 3853 1594 3921 ούράνια,
1641 3853 1733 3905 καὶ
1756 3852 1898 3921 ἔχειν
1939 3852 2163 3918 ἄφθονον

610 3944 706 4012 τὴν
739 3942 1028 3996 ἀπόλαυσιν
1061 3944 1123 3993 ὲκ
1154 3941 1252 4008 τῆς
1296 3939 1576 4009 βασιλικῆς
1632 3939 1724 3991 τοῦ
1759 3939 1991 4010 Χριστοῦ
2038 3957 2165 4009 τρα-

613 4024 800 4092 πέζης,
829 4022 1142 4091 ἀντέχεσθαι
1171 4022 1227 4073 δὲ
1270 4019 1361 4072 τοῦ
1400 4020 1727 4089 Εὑαγγελίου
1756 4020 1855 4090 τῆς
1877 4020 2161 4090 σωτηρίας,

607 4112 670 4161 ού
700 4108 795 4159 νῦν
831 4108 1156 4178 ἀρξαμένου,
1182 4105 1316 4158 ἀλλά
1351 4107 1406 4157 ἐν
1431 4109 1541 4168 τοῖς
1578 4106 1879 4175 προφήταις
1913 4104 2163 4175 θεμελιω-

612 4194 809 4258 θέντος,
839 4195 930 4246 καὶ
962 4194 1017 4243 ὲν
1060 4194 1170 4253 τοῖς
1202 4191 1510 4252 ἀποστόλοις
1544 4191 1977 4260 οἰκοδομηθέντος
2001 4201 2045 4243 ε.
2088 4190 2160 4243 Οὐ

611 4281 717 4347 γὰρ
748 4279 835 4345 ἀφ’
869 4272 928 4330 οῦ
975 4275 1144 4344 ἐφάνη
1192 4276 1439 4345 Χριστὸς,
1480 4276 1540 4327 τὸ
1566 4275 1888 4342 Εὑαγγέλιον
1929 4276 2162 4346 ἤρξατο·

611 4364 721 4418 ἀλλ’
754 4362 1018 4434 ἐρριζώθη
1067 4361 1162 4430 μὲν
1200 4362 1257 4412 ὲν
1305 4363 1421 4421 ταῖς
1467 4359 1666 4427 βίσλοις
1698 4360 1803 4411 τῶν
1854 4361 2162 4430 προφητῶν,

614 4449 903 4517 ἐϐλάστησε
933 4448 988 4500 δὲ
1031 4450 1085 4499 ὲν
1117 4446 1191 4515 τῷ
1219 4446 1528 4515 κηρύγματι
1569 4445 1673 4497 τῶν
1701 4445 2028 4500 ἀποστόλων.
2066 4446 2166 4498 Διά

610 4534 767 4587 τοῦτο
797 4536 824 4586 6
856 4533 1061 4595 Παῦλος
1093 4530 1364 4600 βουληθεὶς
1400 4530 1586 4596 δεῖξαι,
1627 4530 1706 4581 ὅτι
1737 4528 1797 4580 τὸ
1843 4528 2167 4596 Εὑαγγέλιον

611 4623 710 4676 ιύκ
738 4621 845 4675 ἀπὸ
882 4621 980 4689 τῆς
1009 4619 1310 4688 οἰκονομίας
1352 4616 1570 4687 ἣρξατο,
1614 4616 1726 4669 ἀλλ’
1753 4615 1858 4667 ἀπὸ
1894 4615 2000 4667 τῶν
2032 4633 2162 4685 προ⁶

615 4704 798 4776 φητῶν
820 4706 1043 4773 ἔλαμψε,
1068 4705 1153 4757 διὰ
1177 4704 1276 4770 τῆς
1304 4702 1612 4769 οἰκονομίας
1641 4700 1767 4753 αὐτὸ
1789 4700 2085 4770 διαγορεύει
2105 4699 2162 4737 ἀ·

613 4791 850 4854 Παῦλος
884 4790 1100 4853 δοῦλος
1131 4788 1318 4855 Ἰησοῦ
1347 4786 1617 4855 Χριστοῦ,
1651 4785 1868 4851 κλητὸς
1893 4785 2168 4839 Ἀπόστο-

614 4882 742 4940 λος,
778 4875 1183 4944 ἀφωρισμένος
1220 4876 1305 4938 εἰς
1336 4871 1700 4939 [εὐαγγέλιον
1747 4870 1913 4934 Θεοῦ,
1957 4870 1988 4922 ὃ
2026 4886 2169 4936 προ-

615 4962 1005 5028 επητγείλατο
1038 4959 1133 5011 διὰ
1166 4956 1282 5010 τῶν
1332 4956 1648 5023 προφητῶν
1678 4954 1860 5007 αὐτοῦ
1913 4954 1983 5006 ἐν
2017 4957 2170 5021 Γρα-

616 5045 755 5115 φαῖς
785 5046 976 5112 ἁγίαις
1015 5043 1143 5109 περὶ
1191 5042 1294 5095 τοῦ
1346 5042 1480 5093 Υίοῦ
1534 5039 1718 5092 αὑτοῦ
1748 5038 2064 5107 γενομένου
2101 5040 2168 5093 ἐκ

618 5130 952 5197 σπέρματος
979 5128 1155 5180 Δαυῒδ
1189 5126 1335 5180 κατὰ
1365 5125 1577 5192 σάρκα.

686 5260 707 5285 τ’
737 5256 873 5304 Unus
894 5256 1015 5314 Reg.
1038 5256 1288 5314 ὒποφῆται.

683 5317 710 5355 δ
733 5316 914 5364 Olhucs
936 5310 1045 5382 nias.
1070 5310 1162 5382 γὰρ
1186 5313 1241 5380 ἧν
1262 5312 1407 5382 αύτῷ.
1438 5312 1566 5382 ῌίϋιὶ
1597 5313 1687 5382 γὰρ
1702 5311 1791 5382 θῦν
1808 5310 2168 5382 αῦτῷηῙὺὶόΘη]

620 5390 791 5423 omnes
831 5388 941 5422 mss.
964 5376 989 5421 6
1015 5372 1098 5419 τοῦ
1124 5372 1245 5419 Θεοῦ
1268 5372 1420 5430 λόγος,
1452 5372 1569 5419 Mor.
1589 5374 1613 5418 ό
1645 5372 1729 5417 τοῦ
1754 5372 1877 5419 Θεοῦ
1910 5372 2049 5431 φόϐος
2090 5374 2170 5431 καὶ

619 5437 771 5495 λίγος.
802 5436 905 5483 Mox
929 5434 1023 5481 duo
1043 5446 1157 5480 mss.
1175 5432 1533 5504 κατατρύρησον
1554 5433 1622 5493 τῷ
1648 5432 1824 5493 Κυρίῳ,
1853 5438 1905 5479 et
1920 5430 1991 5478 Sic
2011 5433 2062 5478 in
2088 5430 2172 5479 Bi—

618 5494 734 5543 blils
758 5494 952 5543 lenitur.
981 5492 1145 5540 Morel.
1178 5507 1262 5537 του
1287 5493 1473 5543 Κυριου.

676 5506 1515 5613 ,ἐεδιίῗεὲδιῦιδῖηξὲξέξόίέυὶῗοᾎῗῖυὲι
1538 5548 1687 5598 Savil.
1712 5551 2017 5613 ἀρξάμενοι...
2038 5552 2173 5611 Θεμι-

618 5614 873 5671 λιιιξθέντες.
884 5648 893 5656 .
904 5650 915 5661 .
924 5651 933 5666 ,
960 5611 1349 5671 οἰκοδομηθέντος.

682 5670 712 5714 δ
737 5673 868 5723 Unus
892 5668 1175 5733 οἰκονομίας,
1200 5671 1323 5719 οὕτω
1346 5685 1445 5723 πως
1466 5668 1742 5731 διαγορεύει.

2306 1727 2425 1786 Οἷδε
2461 1732 2667 1796 Παῦλος
2693 1734 2992 1803 ἀδιαίρετον
3018 1734 3115 1803 τὴν
3146 1733 3384 1786 Παλαιὰν
3408 1736 3499 1787 καὶ¹
3520 1734 3618 1804 τὴν
3642 1734 3802 1787 Νέαν

2235 1820 2507 1888 Διαθήκην
2529 1835 2543 1849 ’
2575 1818 2663 1871 διὰ
2693 1818 2846 1871 τοῦτο
2880 1819 3006 1870 ποτὲ
3053 1820 3150 1889 μὲν
3188 1819 3355 1889 αὐτὴν
3398 1821 3553 1872 καλεῖ
3579 1820 3801 1889 Καινὴν

2237 1906 2508 1973 Διαθήκην
2536 1915 2579 1967 ε,
2623 1905 2709 1956 ἵνα
2752 1903 2896 1974 δείξῃ
2932 1904 3047 1965 πῶς
3085 1905 3428 1974 ἀνεκαινίσθη
3476 1904 3577 1972 τῆς
3609 1906 3801 1957 οἰκου-

2242 1992 2405 2059 μένης
2434 1991 2499 2041 τά
2531 1992 2738 2059 πέρατα
2780 1986 2913 2058 (οἶδα
2941 1990 3124 2043 τοῦτον
3154 1990 3340 2059 πρώην
3383 1992 3665 2060 γυμνάσας
3701 1992 3803 2044 τὸν

2238 2077 2390 2143 λόγον
2409 2094 2422 2107 ·
2466 2076 2612 2147 [404]
2646 2076 2757 2128 ἀλλ’
2786 2076 3217 2143 έπαναλαμόάνω
3261 2076 3394 2145 πρὸς
3425 2077 3756 2145 ὑπόμνησιν)
3781 2093 3797 2107 ο

2239 2162 2391 2215 καλεῖ
2427 2160 2599 2214 τοίνυν
2632 2162 2839 2230 Καινὴν
2885 2160 3152 2230 Διαθήκην
3186 2161 3321 2230 πρὸς
3369 2160 3802 2229 ἀντιπαράθεσιν

2237 2246 2335 2314 τῆς
2363 2246 2727 2313 γεγηρακυίας
2747 2262 2760 2276 ·
2786 2247 3081 2315 κρείττονα,
3114 2246 3244 2314 πρὸς
3272 2244 3668 2316 ἀντιδιαστολὴν
3696 2247 3804 2314 τῆς

2240 2331 2534 2392 ἐλάττονος,
2564 2329 2785 2382 αἰώνιον
2806 2330 2939 2400 πρὸς
2965 2330 3383 2398 ἀντιπαράθεσιν
3410 2330 3509 2398 τῆς
3538 2332 3805 2399 προσκαίο

2246 2433 2355 2486 ρου.
2383 2416 2551 2467 Καλεῖ
2579 2416 2743 2483 αὐτὴν
2771 2415 2860 2466 καὶ
2888 2415 3140 2484 δευτέραν
3163 2413 3453 2483 Διαθήκην.
3483 2413 3578 2465 Διά
3604 2412 3657 2464 τί
3686 2413 3808 2464 δευ-

2242 2501 2405 2571 τέραν
2420 2501 2557 2565 ;Ἴνα
2569 2503 2634 2569 τῇ
2658 2498 2846 2569 γνώμῃ
2871 2499 3094 2571 συνάψῃ.
3112 2499 3182 2550 T6
3204 2500 3307 2568 γὰρ
3324 2498 3805 2567 ἀπεσχοινισμένον

2243 2587 2383 2649 τινὸς
2413 2587 2657 2656 δεύτερον
2678 2588 2736 2638 ού
2764 2587 2996 2653 λέγεται.
3030 2586 3163 2639 Ἀλλ’
3191 2586 3375 2656 ἐπειδὴ
3409 2585 3537 2646 Θεὸς
3570 2584 3805 2654 ἑλάλησε

2247 2672 2340 2726 καὶ
2383 2673 2439 2723 ἐν
2480 2674 2545 2741 τῇ
2572 2674 2777 2742 πρώτῃ,
2808 2672 2900 2724 καὶ
2940 2673 2994 2723 ὲν
3016 2673 3080 2741 τῇ
3109 2670 3351 2740 δευτέρᾳ,
3386 2673 3413 2723 ό
3442 2670 3600 2731 αὐτὸς
3644 2670 3809 2723 καλεῖ

2249 2757 2467 2826 πρώτην
2508 2759 2599 2810 καὶ
2642 2758 2916 2827 δευτέραν,
2965 2757 3042 2826 τῷ
3090 2757 3304 2829 ἀριθμῷ
3357 2758 3450 2825 τὴν
3483 2756 3809 2825 συμφωνίαν

2249 2843 2630 2912 ἐργαζόμενος.
2658 2843 2755 2894 Διά
2792 2843 2948 2895 τοῦτο
2975 2846 3002 2897 6
3034 2843 3239 2906 Παῦλος
3269 2844 3562 2908 ἀδιαίρετον
3600 2842 3812 2912 κηρύτ-

2252 2944 2357 2978 των
2383 2926 2652 2996 βασιλείαν
2685 2928 2913 2996 Πατρὸς,
2942 2931 3033 2981 καὶ
3066 2929 3212 2992 Υίοῦ,
3248 2929 3339 2980 καὶ
3366 2927 3518 2993 ἁγίου
3553 2928 3811 2996 Πνεῦμα-

2255 3030 2363 3075 τος,
2399 3013 2525 3064 ποτὲ
2566 3014 2662 3081 μὲν
2686 3014 2837 3066 καλεῖ
2862 3014 2921 3066 τὸ
2945 3014 3264 3081 Εὑαγγέλιον
3296 3013 3384 3065 τοῦ
3414 3012 3546 3065 Θεοῦ
3578 3014 3672 3064 τοῦ
3690 3015 3811 3067 Πα-

2254 3099 2378 3167 τρὸς
2410 3097 2454 3158 ί,
2494 3098 2621 3149 ποτὲ
2666 3098 2722 3151 δὲ
2754 3098 2846 3150 τοῦ
2881 3099 3030 3160 Υίοῦ,
3064 3099 3258 3166 λέγων’
3302 3099 3540 3162 Παῦλος
3584 3097 3815 3162 δοῦλος

2269 3183 2458 3250 Ἰησοῦ
2504 3184 2774 3249 Χριστοῦ,
2808 3183 3025 3249 κλητὸς
3057 3186 3439 3247 Ἀπόστολος.
3470 3184 3814 3251 ἀφωρισμέ-

2256 3285 2360 3333 νος
2392 3270 2477 3332 εἰς
2506 3270 2868 3337 Εὐαγγέλιον
2901 3270 3065 3323 Θεοῦ.
3100 3269 3235 3321 Ἀλλ’
3280 3270 3363 3321 ἵνα
3412 3270 3484 3339 μή
3515 3286 3598 3330 τις
3639 3269 3815 3320 ἀκού-

2262 3370 2389 3417 σας,
2435 3354 2760 3420 Εύαγγέλιον
2808 3354 2962 3417 Θεοῦ,
3017 3355 3211 3425 νομίσῃ
3247 3354 3336 3406 τὸν
3370 3354 3499 3406 Υἱὺν
3540 3353 3615 3422 μὴ
3664 3353 3818 3422 ἔχειν

2260 3438 2547 3490 αύθεντίαν
2570 3440 2648 3500 εἰς
2680 3439 2738 3491 τὸ
2769 3441 3043 3507 κήρυγμα,
3068 3441 3123 3490 ὲν
3147 3441 3210 3507 τῇ
3244 3438 3376 3507 αὐτῇ
3402 3439 3689 3505 Ἐπιστολῇ
3726 3456 3819 3507 μι-

2261 3524 2395 3592 κρὸν·
2416 3522 2620 3583 ὑποϐὰς
2654 3522 2825 3590 λέγει’
2858 3523 3096 3589 Μάρτυς
3130 3521 3238 3590 γάρ
3256 3539 3357 3591 μοι
3382 3522 3549 3574 ἐστὶν
3578 3525 3610 3574 ό
3643 3522 3817 3588 Θεὸς,

2259 3601 2306 3672 ᾧ
2344 3608 2603 3673 λατρεύω
2627 3608 2695 3659 ἐν
2732 3605 2808 3670 τῷ
2852 3606 3141 3673 πνεύματί
3177 3624 3313 3674 μου,
3338 3609 3406 3659 ἐν
3439 3606 3516 3669 τῷ
3553 3609 3821 3676 Εὑαγγε-

2258 3694 2366 3757 λίῳ
2398 3693 2502 3745 τοῦ
2546 3693 2678 3745 Υὶοῦ
2714 3692 2916 3745 αὐτοῦ.
2948 3687 3093 3754 Εἶδες
3121 3691 3180 3743 τὺ
3210 3691 3391 3761 θαῦμα
3421 3690 3511 3743 τοῦ
3550 3694 3816 3760 κήρυκος,

2261 3781 2355 3833 καὶ
2383 3781 2478 3850 τὴν
2520 3780 2927 3849 ἀπηρτισμένην
2956 3780 3217 3843 διάνοιανς
3242 3780 3357 3832 Ἵνα
3393 3780 3465 3849 μὴ
3495 3778 3726 3850 νομισθῇ
3758 3780 3822 3833 ἒν

2264 3870 2361 3939 μὲν
2391 3868 2468 3938 τῷ
2508 3869 2652 3938 νόμῳ
2689 3869 2828 3935 ἄλλῳ
2860 3867 2976 3936 Θεῷ
3015 3868 3300 3941 δουλεύειν,
3341 3869 3397 3921 ὲν
3429 3868 3484 3919 δὲ
3524 3866 3601 3936 τῷ
3628 3869 3820 3935 Εὐαγ-

2261 3959 2421 4030 γελίῳ
2448 3959 2581 4029 πρὸς
2603 3959 2758 4012 ἄλλον
2788 3961 2999 4028 χωρεῖν,
3029 3958 3174 4024 λέγει
3191 3976 3203 3989 ο
3226 3958 3562 4023 Εὐλογητὸς
3584 3961 3617 4010 ό
3644 3958 3816 4023 Θεὸς,

2260 4043 2308 4114 ᾧ
2334 4048 2592 4117 λατρεύω
2619 4048 2735 4101 ἀπὸ
2763 4048 3067 4115 προγόνων
3091 4047 3160 4099 ἐν
3188 4046 3411 4114 καθαρᾷ
3436 4047 3812 4112 συνειδήσει.

2263 4138 2334 4190 Οὐ
2368 4137 2474 4205 γὰρ
2516 4137 2608 4188 ἀπ’
2636 4135 2815 4200 ἄλλου,
2850 4135 3004 4203 φησι,
3041 4135 3174 4203 πρὸς
3217 4134 3371 4189 ἄλλον
3417 4134 3665 4206 ἔδραμον,
3700 4137 3821 4189 ἀλλ’

2262 4227 2321 4280 ὃν
2356 4222 2496 4295 εἶχον
2522 4227 2577 4278 ἐν
2602 4225 2810 4293 ἀγνοίᾳ,
2838 4223 3165 4294 προσέλαϐον
3184 4225 3241 4276 ἐν
3268 4223 3481 4290 γνώσει.
3516 4225 3624 4276 Καὶ
3654 4226 3827 4295 πάλιν

2265 4317 2293 4367 6
2325 4315 2482 4376 αὐτὸς
2515 4313 2788 4383 βουληθεὶς
2829 4313 3025 4378 δεῖξαι,
3071 4314 3150 4364 ὅτι
3199 4312 3265 4365 τὰ
3316 4314 3531 4383 ῥήματα
3573 4313 3673 4382 τῆς
3705 4316 3826 4367 Πα-

2265 4400 2415 4462 λαιᾶς
2438 4400 2704 4467 Διαθήκης
2732 4399 2824 4451 καὶ
2847 4401 2946 4467 τῆς
2960 4398 3100 4459 Νέας
3133 4397 3246 4458 ἑνός
3273 4399 3387 4448 ἐστι
3417 4398 3697 4467 στόματος,
3728 4401 3826 4452 καὶ

2265 4487 2380 4549 ἑνὸς
2419 4487 2702 4547 Δεσπότου,
2753 4485 2877 4555 μίαν
2926 4487 3223 4556 μαρτυρίαν
3267 4485 3372 4538 ἀπὸ
3410 4487 3630 4557 Γραφῆς
3680 4504 3830 4559 παρ-

2267 4580 2436 4645 ήγαγε
2461 4616 2475 4640 ,
2534 4576 2841 4645 συμπλέξας
2884 4575 2963 4644 τῷ
3013 4576 3346 4644 εὐαγγελικῷ
3398 4575 3539 4646 λόγῳ
3570 4577 3667 4646 τὴν
3713 4580 3830 4631 Ila-

2266 4665 2440 4727 λαιὰν,
2475 4667 2568 4718 καὶ
2604 4666 2781 4732 λέγει’
2811 4665 3171 4734 Γέγραπταισ
3210 4670 3291 4720 Οὐ
3343 4666 3621 4733 φιμώσεις
3662 4667 3833 4732 ,ϐοῦν

2267 4753 2567 4809 ἀλοῶντα·
2607 4755 2717 4819 καὶ,
2752 4754 2943 4819 Ἄξιος
2980 4757 3012 4807 ό
3050 4754 3297 4822 ἐργάτης
3330 4756 3434 4808 τοῦ
3458 4756 3678 4822 μισθοῦ
3717 4760 3833 4811 αὐ-

2267 4846 2392 4897 τοῦ.
2432 4844 2504 4895 Τὺ
2539 4843 2636 4913 μὲν
2670 4845 2797 4913 γὰρ,
2834 4847 2916 4895 Οὺ
2952 4843 3255 4910 φιμώσεις,
3302 4846 3536 4913 Μωῦσῆς
3575 4843 3728 4896 εἶπεν
3764 4848 3829 4900 τὸ

2270 4937 2346 5001 δὲ,
2378 4936 2566 4999 Ἄξιος
2600 4938 2632 4987 o'
2663 4933 2908 5001 ἐργάτης
2934 4932 3036 4985 τοῦ
3065 4933 3285 4999 μισθοῦ
3312 4934 3512 4995 αὐτοῦ,
3539 4936 3566 4985 6
3595 4935 3833 5002 Χριστὶς

2269 5027 2326 5078 ὲν
2371 5029 2479 5087 τοῖς
2514 5024 2876 5092 Εὑαγγελίοις.
2930 5022 3063 5073 Ἀλλ’
3106 5022 3191 5074 ἴνα
3236 5022 3381 5094 δείξῃ
3424 5024 3505 5074 ὃτι
3550 5023 3607 5073 ἓν
3654 5024 3834 5092 στόμα

2269 5114 2493 5166 κάκεῖνα
2531 5112 2622 5164 καὶ
2662 5111 2826 5164 ταῦτα
2869 5110 3114 5181 ὲλὰλησε,
3160 5111 3227 5163 τὰ
3255 5114 3365 5173 τοῖς
3400 5112 3609 5180 χρόνοις
3645 5112 3834 5184 διῃρη-

2274 5204 2408 5274 μένα
2436 5203 2633 5273 συνῆψε
2665 5205 2729 5271 τῇ
2761 5200 3044 5269 συμφωνίᾳ
3075 5202 3171 5268 τῆς
3197 5199 3462 5266 ἀληθείαςχ
3488 5198 3656 5251 εἰπών
3675 5216 3689 5231 ·
3720 5201 3835 5254 Γέ-

2269 5306 2538 5360 γραπται·
2573 5291 2656 5345 Οὐ
2686 5289 2967 5358 φιμώσεις
2984 5286 3145 5352 βοῦν
3166 5288 3465 5342 ἀλοῶντα·
3497 5287 3608 5351 καὶ,
3642 5289 3835 5353 Ἄξιος

2276 5383 2308 5432 ό
2336 5378 2586 5446 ἐργάτης
2612 5378 2712 5430 τοῦ
2744 5376 2965 5445 μισθοῦ
3004 5376 3207 5428 αὑτοῦ.
3250 5375 3448 5427 Τούτου
3478 5374 3569 5426 τοῦ
3591 5373 3834 5443 Εὐαγγε-

2343 5556 2367 5583 θ
2392 5542 2537 5608 Ιόοῐη
2554 5547 2675 5608 post_
2716 5542 2940 5608 διαθήκην
2985 5542 3127 5608 adq“.
3161 5543 3275 5589 ποτε
3314 5542 3362 5588 δὲ
3389 5542 3510 5588 νέαν.
3539 5539 3665 5590 Infra
3686 5558 3840 5592 τσινυϊ

2275 5611 2388 5666 post
2406 5603 2537 5650 καλεῖ
2558 5602 2619 5649 éx
2648 5602 2834 5649 duobus
2855 5616 2964 5650 mss.
2988 5602 3227 5662 adjicilur.

2350 5661 2368 5702 ί
2413 5662 2545 5712 Unus
2565 5660 2688 5712 Θεοῦ
2707 5664 2784 5710 καὶ
2809 5662 3009 5726 Πατρός.
