3996 6416
189 403 305 459 397

1339 388 1621 446 HOMILIA
1654 386 1740 440 DE
1775 377 2266 439 LEGISLATORE.

3308 381 3418 438 398

195 1164 375 1214 UNUI
422 1163 502 1204 ΕΤ
558 1156 830 1203 ΕῸΜΒΕΜ
888 1154 1033 1199 ESSE
1091 1148 1569 1194 LEGISLATORBM
1628 1147 1706 1189 ΕΤ
1754 1143 2021 1190 VETERIS
2066 1142 2145 1183 ET
2206 1139 2355 1183 NOV!
2401 1134 2833 1190 TESTAMENTI;
2896 1133 3049 1177 [TEM
3105 1132 3186 1174 DE
3230 1131 3429 1176 VBSTE

1060 1271 1489 1321 sacnnno'uu
1524 1272 1538 1310 :
1578 1269 1831 1314 necnon
1876 1266 1958 1309 DE
2006 1261 2422 1307 POENITENTIA
2463 1239 2568 1322 (a).

269 2140 322 2193 l.
356 2133 523 2205 Regni
563 2129 757 2185 Christi
787 2125 1116 2196 evangelium
1150 2120 1421 2192 prophetae
1447 2116 1736 2187 praidieant
1759 2149 1775 2175 ,

198 2227 426 2281 ministri
466 2238 593 2277 vero
634 2234 785 2274 nova:
812 2218 996 2287 gratia:
1047 2213 1176 2268 illud
1209 2214 1381 2282 ipsum
1428 2210 1782 2274 interpretan-

198 2328 306 2381 tur,
362 2314 557 2368 divinze
609 2319 784 2364 autem
833 2306 1088 2361 doctrinae
1146 2302 1434 2363 auditores,
1495 2303 1780 2357 amatores,

197 2416 357 2474 atque
385 2402 711 2464 laudatores,
736 2398 784 2451 id
808 2398 977 2465 ipsum
1000 2395 1409 2463 amplectuntur.
1440 2388 1620 2455 Neque
1640 2384 1781 2439 enim

202 2497 318 2551 ﬁeri
348 2503 524 2564 potest
553 2504 610 2546 ut
639 2492 757 2560 quis
794 2502 1041 2543 sermone
1072 2484 1310 2538 veritatis
1336 2480 1653 2540 oblectetur,
1695 2474 1785 2543 qui

200 2588 458 2642 doctrinae
486 2595 788 2637 sermonem
811 2594 914 2632 non
932 2576 1234 2631 avidissime
1259 2578 1494 2637 expetat.
1524 2564 1787 2634 Quemad-

202 2677 422 2733 modum
472 2674 647 2737 enim,
690 2671 732 2724 si
774 2670 892 2739 quis
941 2681 1113 2734 neque
1160 2664 1303 2717 sitiat
1348 2673 1515 2728 neque
1564 2656 1781 2719 esuriat,

205 2769 405 2822 nullam
437 2781 504 2820 ex
547 2764 666 2819 cibo
696 2771 927 2830 potuque
962 2759 1281 2823 voluptatem
1320 2754 1461 2819 capit
1496 2768 1507 2801 ;
1538 2749 1614 2801 sic
1645 2746 1785 2799 veri-

206 2859 331 2910 tatis
346 2856 511 2908 verbo
528 2865 687 2905 nemo
715 2850 1023 2905 delectatur,
1043 2845 1129 2911 qui
1161 2842 1389 2911 Spiritus
1412 2838 1578 2890 sancti
1599 2835 1789 2888 doctri-

207 2960 331 3000 nam
353 2958 457 2997 non
486 2941 617 2994 sitit.
645 2939 821 3006 Itaque
839 2936 1089 2989 Servator
1109 2932 1212 2983 ait:
1235 2928 1375 2981 Beati
1401 2926 1486 2992 qui
1505 2925 1724 2978 esuriant
1742 2929 1788 2973 et

205 3037 380 3089 sitiunt
388 3032 663 3103 justitiam,
686 3018 1364 3097 quoniamipsisatiabuntur
1383 3015 1595 3087 (Matth.
1621 3014 1673 3067 5.
1706 3010 1786 3078 6).

209 3126 379 3179 Verus
396 3122 692 3177 animarum
708 3118 878 3181 cibus,
900 3128 1037 3169 verae
1056 3113 1260 3179 piorum
1290 3108 1514 3170 delicia},
1532 3118 1671 3158 vera:
1686 3103 1791 3171 pio-

208 3230 328 3271 rum
351 3212 572 3277 divitim,
603 3224 778 3263 sermo
808 3207 897 3259 Dei
930 3215 1032 3267 est,
1060 3204 1148 3272 qui
1177 3216 1269 3271 per
1297 3197 1542 3253 Davidica
1580 3194 1790 3248 oracula

210 3304 481 3373 loquitur:
512 3299 799 3359 interdum,
834 3296 977 3350 velut
1024 3294 1190 3357 dives,
1219 3290 1495 3360 gloriatur,
1527 3284 1789 3339 interdum

209 3397 495 3451 deliciatur
522 3410 536 3459 ;
562 3402 614 3446 et
633 3392 707 3444 ait
740 3409 751 3442 :
781 3390 945 3454 Quam
982 3385 1153 3438 dulcia
1193 3381 1423 3449 faucibus
1451 3378 1571 3431 meis
1598 3376 1794 3445 eloquia

212 3502 301 3544 tua
326 3504 478 3557 super
502 3484 599 3538 mel
626 3493 670 3535 et
696 3485 865 3551 favum
892 3480 965 3532 ori
994 3492 1102 3530 meo
1142 3473 1315 3543 (l’sal.
1347 3471 1469 3525 118.
1499 3468 1647 3535 l03)!
1675 3466 1796 3518 ΙΙωο

211 3583 427 3653 quidem
457 3579 594 3647 ejus,
640 3577 727 3644 qui
774 3572 978 3626 deliciis
1027 3569 1238 3629 fruitur,
1282 3579 1381 3617 vox
1409 3570 1509 3617 est.
1541 3559 1670 3613 Nam
1704 3557 1794 3610 Dei

209 3675 432 3728 verbum
456 3646 553 3738 ipsi
584 3667 788 3721 delicize
814 3672 982 3718 erant.
1016 3660 1128 3725 Qua
1152 3658 1219 3711 de
1246 3670 1303 3710 re
1331 3653 1454 3707 alibi
1486 3665 1625 3719 saape
1659 3666 1670 3701 :
1697 3646 1798 3699 De-

213 3769 396 3820 lectare
422 3764 475 3815 in
502 3760 740 3821 Domino,
776 3766 821 3809 et
844 3756 924 3807 det
951 3752 1039 3804 tibi
1062 3749 1319 3818 petitiones
1341 3745 1505 3798 cordis
1532 3742 1602 3794 tui
1623 3738 1795 3808 (Psal.

213 3859 301 3914 56.
333 3859 409 3925 4).
444 3854 577 3908 Aliis
602 3864 728 3904 vero
759 3848 809 3901 in
834 3845 963 3899 locis
990 3858 1094 3897 non
1118 3839 1280 3908 utqui
1311 3835 1513 3890 deliciis
1534 3831 1799 3885 frueretur

214 3920 443 4010 tantum,
481 3944 575 3998 sed
606 3951 661 3995 ut
708 3939 985 4008 praedives,
1022 3932 1232 3987 divitias
1263 3928 1391 3996 legis
1425 3930 1674 3985 ostentat,
1714 3920 1798 3973 di-

215 4054 363 4100 ceus,
395 4036 593 4089 Bonum
619 4031 742 4083 mihi
764 4030 844 4082 lea:
872 4027 972 4079 oris
1015 4024 1085 4075 tui
1114 4035 1268 4087 super
1297 4016 1459 4069 millia
1485 4014 1597 4065 auri
1627 4022 1671 4064 et
1710 4026 1797 4062 ar-

214 4129 352 4201 genti
380 4124 554 4196 (Psal.
580 4123 701 4175 iis.
730 4117 845 4186 72).
880 4112 1067 4167 Viden’
1097 4106 1315 4163 delicias
1343 4103 1571 4173 pietatis,
1593 4108 1646 4153 et
1668 4099 1800 4151 divi-

216 4192 589 4287 iiasjustitiae?
617 4212 756 4279 Ergo
786 4218 840 4262 et
865 4220 961 4260 nos
993 4218 1085 4273 par
1113 4208 1211 4262 est,
1240 4198 1324 4251 siti
1353 4204 1404 4249 et
1443 4192 1582 4245 fame
1622 4202 1799 4243 rerum

216 4312 522 4367 divinarum
554 4302 743 4365 teneri,
784 4308 837 4353 et
862 4295 1087 4357 deliciis,
1121 4306 1150 4344 e
1191 4286 1331 4356 regia
1372 4280 1566 4338 Christi
1594 4291 1796 4339 mensa,

216 4401 491 4457 uberrime
530 4390 798 4453 exsatiari,
839 4383 1272 4452 evangeliumque
1320 4372 1505 4429 salutis
1550 4366 1799 4436 amplecti

216 4490 356 4561 quod
388 4501 495 4542 non
521 4498 662 4537 nunc
690 4479 915 4549 primum
947 4472 1107 4540 cmpit
1135 4484 1148 4520 :
1174 4466 1267 4521 sed
1297 4465 1347 4517 in
1375 4459 1647 4531 prophetis
1677 4457 1800 4509 l‘un-

216 4548 396 4636 datum
419 4590 578 4645 atque
604 4589 634 4627 a
670 4548 764 4626 SS.
789 4565 1045 4637 apostolis
1080 4558 1463 4615 exmdilicatum
1490 4560 1588 4606 est.
1622 4548 1801 4617 Neque

218 4673 357 4727 enim
386 4670 453 4723 ab
480 4641 545 4721 eo
570 4676 826 4732 tempore,
854 4672 958 4727 quo
987 4653 1225 4709 Christus
1263 4651 1313 4701 in
1341 4659 1499 4701 carne
1536 4641 1799 4712 apparuit,

218 4761 552 4831 evangelium
596 4731 790 4823 incepit
822 4769 834 4804 :
863 4748 955 4803 sed
1002 4744 1169 4798 multo
1216 4749 1339 4793 ante
1378 4738 1429 4790 in
1475 4731 1798 4805 proliheticis

218 4822 600 4907 librisvradices
625 4842 748 4913 egit,
784 4838 1103 4904 tandemque
1145 4829 1506 4900 apostolorum
1542 4822 1800 4891 prmdica-

220 4946 365 4999 tione
391 4939 642 4995 efﬂoruit.
673 4935 796 4989 Ideo
823 4930 1031 4993 Paulus,
1062 4941 1180 4979 eum
1218 4920 1544 4991 propositum
1584 4916 1800 4969 haberet

219 5033 611 5089 demonstrare,
644 5021 971 5090 evangelium
1004 5030 1105 5069 non
1147 5014 1213 5065 ab
1257 5008 1615 5063 incarnatione
1658 5004 1802 5056 ince—

222 5124 385 5196 pisse,
421 5118 513 5173 sed
548 5131 640 5185 per
666 5111 949 5182 prophetas
981 5105 1232 5166 eluxisse,
1272 5115 1363 5167 per
1391 5095 1800 5149 incarnatioiiem

221 5185 450 5280 idipsum
484 5204 714 5273 loquitur
749 5199 979 5253 :Paulus
1005 5210 1174 5247 servus
1217 5190 1340 5241 Iesu
1367 5185 1570 5246 Christi,
1602 5192 1803 5235 uocatus

223 5276 503 5369 apostolus,
532 5301 815 5363 segregatus
839 5291 890 5341 in
901 5285 1230 5354 Evangelium
1260 5279 1376 5343 Dei,
1400 5276 1532 5346 quod
1549 5284 1664 5327 ante
1685 5290 1803 5343 pro.

227 5366 424 5445 miserat
475 5402 563 5455 per
618 5382 884 5452 prophetas
925 5394 1041 5431 suos
1091 5376 1145 5427 in
1194 5369 1471 5439 Scripturis
1515 5366 1698 5420 sanctis
1743 5366 1803 5417 de

232 5483 365 5537 Filio
406 5494 519 5541 suo,
569 5476 654 5542 qui
693 5476 852 5543 [actus
890 5479 961 5522 est
1000 5484 1062 5521 ea:
1098 5465 1284 5519 semine
1319 5458 1485 5513 David
1533 5456 1804 5512 secundum

224 5590 425 5628 carnem
458 5570 630 5637 (Rom.
667 5568 719 5620 1.
750 5566 775 5617 1
800 5564 911 5633 οὗ).

252 5663 825 5723 NovuutTestamentum
839 5672 928 5709 cur
938 5656 1007 5709 sic
1029 5644 1522 5722 appelletur.—Non
1534 5641 1805 5713 ignorabat

292 5802 364 5864 (a)
396 5796 577 5851 Collata
600 5804 709 5844 cum
735 5790 984 5843 Codicibus
1015 5786 1172 5850 Regiis
1196 5782 1332 5833 1965.
1358 5778 1481 5829 1974
1506 5784 1556 5827 et
1573 5775 1711 5827 2545.

1887 2108 2271 2181 Paulus,Vetus
2283 2129 2335 2174 et
2347 2117 2548 2173 Novum
2560 2117 2954 2173 Testamentum
2968 2115 3292 2172 individuum
3311 2132 3428 2172 esse
3443 2137 3465 2173 :

1887 2218 2109 2276 eamque
2121 2208 2189 2261 ob
2201 2223 2415 2262 causam
2431 2208 2554 2261 illud
2571 2207 2830 2261 interdum
2845 2207 3237 2261 Testamentum
3251 2205 3462 2259 Novum

1887 2297 2139 2364 appellat,
2158 2306 2214 2350 ut
2241 2298 2587 2363 demonstret,
2607 2296 2872 2366 quomodo
2886 2294 3015 2350 [lues
3031 2296 3174 2350 orbis
3193 2304 3459 2350 terrarum

1889 2387 1996 2440 sint
2020 2388 2251 2441 renovati
2272 2390 2397 2458 (non
2418 2389 2603 2459 ignoro
2624 2390 2735 2443 lucc
2754 2389 2875 2443 alibi
2897 2404 2925 2441 a
2942 2388 3091 2442 nobis
3112 2386 3273 2441 fuisse
3296 2387 3457 2455 expli-

1889 2486 2039 2541 cata;
2072 2478 2163 2532 sed
2190 2490 2362 2532 tamen
2390 2479 2495 2545 hic,
2522 2490 2576 2533 ut
2605 2480 2913 2534 memoriam
2932 2486 3159 2533 vestram
3189 2476 3457 2543 refricem,

1891 2570 2119 2638 repeto);
2137 2570 2453 2622 vocatetiam
2474 2569 2865 2623 Testamentum
2885 2566 3086 2621 Novum
3100 2566 3163 2620 ad
3179 2565 3471 2619 distinctio-

1892 2677 2010 2714 nem
2036 2661 2307 2714 inveterati
2324 2660 2683 2713 indicandam:
2706 2658 3039 2727 praestantius
3056 2655 3277 2719 scilicet,
3293 2655 3357 2708 ad
3377 2653 3462 2707 di-

1892 2754 2227 2805 stinctionem
2258 2751 2522 2804 inferioris
2556 2760 2870 2813 :aeternum,
2907 2747 3301 2816 comparatione
3330 2744 3466 2799 facta

1894 2842 1959 2895 ad
1990 2842 2299 2909 temporale.
2329 2841 2435 2897 Sed
2465 2852 2517 2896 et
2542 2841 2830 2896 secundum
2863 2840 3255 2895 Testamentum
3296 2839 3467 2905 ipsum

1894 2942 2064 2987 vocat.
2096 2933 2229 2998 Quid
2274 2933 2340 2986 ita
2381 2932 2712 2987 secundum?
2762 2931 2832 2986 Ut
2859 2940 3039 2984 mutua
3085 2929 3468 2984 sententiarum

1895 3024 2223 3077 eonnexione
2262 3038 2422 3077 unum
2470 3022 2683 3076 efﬁciat.
2727 3021 2856 3075 Nam
2906 3020 3044 3089 quod
3085 3020 3375 3074 abscissum
3404 3019 3469 3073 ab

1896 3114 2072 3183 aliquo
2102 3125 2198 3177 est,
2226 3113 2516 3169 secundum
2556 3128 2661 3167 non
2704 3112 3021 3182 appellatur.
3060 3111 3317 3177 Quoniam
3341 3124 3467 3163 vero

1898 3207 2039 3260 Deus
2066 3207 2276 3260 oracula
2316 3221 2411 3259 sua
2452 3205 2615 3260 edidit
2639 3214 2692 3257 et
2722 3205 2771 3257 in
2803 3204 2994 3273 primo,
3038 3213 3089 3256 et
3137 3203 3186 3255 in
3213 3200 3468 3262 secundo,

1897 3299 2034 3352 idem
2062 3299 2149 3352 ille
2177 3298 2365 3351 Paulus
2408 3300 2635 3365 primum
2683 3306 2735 3350 et
2782 3295 3069 3351 secundum
3110 3301 3281 3357 vocat,
3310 3301 3468 3361 atque

1898 3404 2119 3443 numero
2147 3387 2565 3442 convenientiam
2600 3387 2871 3452 utriusque
2917 3393 2971 3437 et
3007 3397 3319 3437 consensum
3362 3381 3472 3433 de—

1899 3479 2085 3533 clarat.
2121 3479 2320 3532 Idcirco
2347 3478 2559 3540 Paulus,
2592 3477 2680 3545 qui
2707 3475 2987 3527 indivisuin
3020 3473 3207 3533 Patris,
3238 3480 3291 3524 et
3327 3470 3469 3534 Filii,

1901 3579 1953 3625 et
1979 3570 2206 3639 Spiritus
2227 3570 2391 3623 sancti
2424 3583 2642 3636 regnum
2668 3566 2935 3635 prmdieat,
2958 3564 3116 3618 modo
3141 3562 3472 3631 evangelium

1902 3662 1992 3715 Dei
2027 3660 2215 3723 Patris,
2253 3660 2411 3713 modo
2442 3658 2557 3712 Filii
2597 3656 2829 3726 appellat
2860 3653 3095 3708 :Paulus
3137 3668 3305 3707 servus
3349 3650 3471 3704 Jesu

1902 3753 2107 3817 Christi,
2142 3764 2343 3806 vocatus
2380 3750 2658 3821 apostolus,
2711 3757 2995 3819 segregatus
3045 3748 3096 3799 in
3146 3744 3473 3813 Evangelium

1901 3843 1996 3896 Dei
2022 3844 2197 3912 (Rom.
2247 3842 2399 3909 1.1).
2432 3840 2629 3894 Verum
2678 3854 2743 3892 ne
2783 3837 2921 3904 quis,
2971 3850 3088 3889 cuin
3134 3834 3312 3888 audiat
3347 3831 3473 3884 illud

1910 3934 2248 4000 Evangelium
2271 3932 2381 3993 Dei,
2410 3930 2697 3983 arbitretur
2724 3927 2913 3981 Filium
2953 3925 3145 3978 nullam
3192 3923 3255 3975 ad
3287 3920 3476 3989 prmdi-

1902 4025 2128 4079 eandum
2172 4022 2537 4076 auctoritatem
2581 4020 2844 4081 obtinere,
2894 4018 2944 4069 in
2994 4015 3179 4069 eadem
3215 4012 3471 4082 Epistola,

1904 4116 2060 4183 paulo
2090 4122 2206 4182 post
2231 4113 2301 4164 ait
2334 4130 2345 4162 :
2382 4111 2539 4164 Testis
2569 4111 2701 4162 enim
2739 4108 2863 4159 milii
2888 4105 3047 4170 Deus,
3077 4104 3155 4157 cui
3185 4103 3395 4155 inservio
3423 4102 3475 4152 in

1904 4206 2084 4275 spiritu
2106 4219 2211 4255 meo
2231 4200 2569 4267 inEvangelio
2600 4198 2723 4250 Filii
2749 4198 2856 4264 ejus
2884 4194 3059 4264 (Rom.
3094 4194 3145 4245 1.
3178 4191 3256 4260 9).
3289 4190 3477 4244 Viden'

1908 4292 2167 4364 praeconis
2195 4291 2348 4358 hujus
2372 4290 2563 4342 mirum
2598 4286 2887 4355 ingenium,
2925 4291 2977 4338 et
3010 4282 3322 4337 sententiain
3354 4294 3477 4348 per-

1904 4385 2137 4441 fectam?
2180 4382 2256 4436 Ne
2295 4374 2686 4434 existimaretur
2730 4376 2780 4430 in
2827 4375 2942 4445 lege
2991 4373 3201 4442 quidem
3241 4371 3328 4425 alii
3371 4372 3477 4425 Deo

1904 4478 2127 4543 servire,
2168 4472 2521 4541 inEvangelio
2548 4484 2679 4524 vero
2705 4468 2767 4522 ad
2795 4468 2951 4521 alium
2996 4466 3155 4518 Deum
3187 4464 3478 4517 successio-

1906 4584 2026 4624 nem
2057 4568 2249 4629 facere,
2279 4563 2446 4631 inquit
2475 4578 2487 4613 :
2520 4558 2813 4612 Benedictus
2841 4555 2996 4618 Deus,
3025 4554 3106 4606 cui
3130 4554 3288 4605 servio
3314 4568 3345 4602 a
3366 4567 3477 4602 ma-

1895 4658 2093 4726 joribus
2127 4657 2179 4709 in
2217 4651 2517 4706 conscientia
2555 4663 2682 4717 pura
2708 4644 2781 4711 (2.
2810 4643 2941 4696 Tim.
2976 4643 3026 4695 1.
3056 4642 3132 4707 5).
3170 4639 3281 4693 Νοη
3313 4640 3475 4703 enim,

1907 4750 2094 4819 inquit,
2122 4747 2186 4800 ab
2233 4744 2335 4796 alio
2374 4741 2436 4793 ad
2483 4739 2642 4791 alium
2692 4734 2921 4796 secessi;
2972 4729 3064 4784 sed
3096 4743 3252 4798 quem
3283 4728 3478 4781 inscius

1906 4841 2165 4900 colebam,
2203 4836 2316 4902 ejus
2359 4830 2661 4901 cognitione
2704 4824 2957 4886 imbutus,
2995 4818 3299 4886 complexus
3338 4831 3476 4871 sum.

1909 4936 1975 4989 Et
1998 4932 2118 4986 alibi
2148 4944 2265 4983 cum
2297 4926 2489 4978 docere
2517 4919 2695 4978 vellet,
2727 4913 2939 4967 oracula
2965 4908 3290 4964 Testamenti
3318 4909 3479 4962 Vete-

1907 5026 1981 5079 ris
2008 5033 2059 5077 et
2086 5020 2213 5075 Novi
2240 5018 2307 5070 ab
2334 5014 2521 5068 eodem
2546 5024 2638 5063 ore
2677 5004 2967 5071 eodemque
2999 5000 3220 5053 Domino
3244 4996 3477 5067 profecta

1908 5130 2044 5174 esse,
2077 5126 2234 5163 unum
2282 5100 2641 5159 testimonium
2673 5095 2802 5165 petit
2835 5108 2863 5145 a
2900 5092 3236 5145 Testamento
3280 5088 3477 5153 Veteri,

1908 5206 1989 5259 eui
2020 5201 2375 5270 evangelicum
2404 5192 2717 5248 sententiam
2746 5184 3017 5247 annexuit,
3046 5197 3164 5236 cum
3191 5181 3263 5234 ait
3290 5196 3303 5231 :
3336 5180 3480 5234 Scri-

1910 5307 2049 5366 ptum
2070 5269 2173 5359 est,
2191 5291 2311 5343 Non
2338 5284 2585 5340 obturabis
2628 5298 2681 5335 os
2726 5278 2835 5332 bovi
2866 5269 3245 5337 trituranti;ct,
3281 5272 3480 5340 Dignus

1910 5400 1978 5444 est
2004 5385 2259 5457 operarius
2298 5378 2519 5433 mercede
2563 5391 2657 5428 sua
2686 5372 2762 5440 (1.
2815 5368 2944 5421 Tim.
2978 5367 3030 5421 5.
3079 5365 3188 5432 l8).
3241 5364 3474 5430 Quorum

1911 5456 2060 5545 illud,
2096 5477 2214 5531 Non
2245 5472 2515 5533 oblurabis,
2542 5465 2698 5520 Mosis
2726 5472 2807 5515 est
2835 5479 2847 5513 :
2875 5460 2995 5524 hoc,
3026 5456 3221 5526 Dignus
3252 5465 3319 5507 est
3360 5470 3478 5521 ope-

1910 5543 2074 5629 rarius
2100 5570 2322 5623 mercede
2348 5580 2440 5617 sua
2475 5560 2651 5628 (Deut.
2680 5555 2769 5609 25.
2804 5553 2869 5617 4;
2901 5550 3026 5603 Luc.
3075 5549 3159 5601 10.
3203 5547 3283 5613 '7),
3326 5543 3480 5599 Chri-

1911 5674 2025 5722 stus
2044 5665 2097 5716 in
2116 5656 2417 5726 Evangeliis
2442 5651 2628 5706 effatus
2657 5653 2754 5701 est.
2784 5643 2851 5695 At
2877 5640 2984 5704 ille,
3014 5646 3067 5691 ut
3088 5640 3297 5705 planum
3337 5634 3477 5685 lace-

1914 5764 2014 5814 ret.
2063 5752 2130 5806 ab
2179 5724 2287 5803 uno
2324 5755 2377 5803 et
2422 5741 2612 5799 eodem
2652 5750 2746 5791 ore
2794 5732 2905 5787 hazc
2956 5736 3008 5782 ct
3058 5726 3142 5786 illa
3186 5724 3325 5779 edita
3359 5736 3477 5777 esse
