3996 6456
536 453 648 508 399

535 553 770 616 oracula,
799 552 938 619 ideo,
977 565 1093 620 qua:
1120 549 1380 604 distinctis
1419 548 1742 616 temporibus
1769 548 2101 616 pronuntiata

532 647 760 705 fuerant,
789 643 857 696 ob
888 641 1122 694 veritatis
1138 639 1538 694 consensionem
1558 637 1836 706 copulavit,
1855 652 1973 690 cum
1992 637 2065 690 ait
2089 656 2103 690 :

534 734 797 797 Scriptum
822 743 915 795 est,
949 731 1067 784 Non
1095 731 1343 783 obturabis
1369 746 1424 782 os
1453 729 1559 781 bovi
1589 728 1844 780 trituranti
1861 744 1879 792 ;
1898 738 1973 789 et,
2005 725 2103 778 Di-

532 839 659 891 gnus
686 831 756 874 est
784 822 1042 887 operarius
1069 821 1289 872 mercede
1313 834 1424 872 sua.
1457 818 1618 884 Hujus
1648 816 1963 884 evangelicae
1983 815 2104 868 har-

531 911 724 963 monia:
755 909 1036 978 imaginem
1069 910 1198 961 retia
1230 908 1315 960 illa
1356 907 1517 970 Petri,
1560 921 1677 974 qua:
1703 905 1859 958 hodie
1889 905 1942 957 in
1971 919 2102 958 con-

530 1006 712 1067 spectu
764 1006 941 1051 vestro
985 998 1156 1050 laxata
1207 1005 1362 1058 sunt,
1411 995 1680 1048 exhibent.
1728 993 1910 1062 Neque
1961 993 2099 1046 enim

527 1089 694 1142 semel
733 1089 918 1142 Petrus
947 1097 1148 1140 tantum
1179 1089 1307 1140 retia
1349 1087 1542 1139 laxavit
1575 1104 1586 1136 :
1620 1087 1712 1138 sed
1756 1086 1798 1136 si
1833 1084 2101 1138 historiam

529 1187 761 1245 spectes,
792 1177 956 1230 semel
976 1185 1203 1239 tantum;
1236 1175 1329 1230 sed
1355 1176 1405 1228 vi
1435 1183 1486 1228 et
1515 1174 1749 1228 efficacia
1777 1188 1936 1242 smpe.
1964 1174 2106 1239 Quo-

529 1267 630 1320 ties
660 1268 800 1320 enim
829 1267 1154 1335 evangelium
1182 1267 1511 1334 prmdicatur,
1543 1265 1669 1316 nihil
1699 1279 1796 1334 ego
1835 1264 1977 1317 aliud
2016 1265 2098 1316 in-

530 1364 698 1422 tueor,
735 1371 888 1425 quam
938 1357 1171 1421 Petrum,
1211 1365 1265 1408 et
1294 1354 1578 1419 Andream,
1630 1363 1682 1407 et
1739 1362 1903 1406 totum
1952 1354 2128 1406 illum'

532 1445 754 1500 chorum
773 1448 1141 1515 apostolicum,
1161 1445 1518 1514 evangelicum
1538 1445 1661 1498 illud
1680 1454 1792 1499 rete
1811 1445 2098 1498 laxantem.

597 1536 649 1588 2.
682 1535 748 1589 Et
777 1545 890 1590 erat
917 1550 1043 1589 sane
1074 1549 1265 1588 novum
1298 1535 1652 1603 spectaculum
1676 1533 2009 1587 Servatorem
2044 1533 2095 1586 in

527 1625 658 1677 mari
685 1624 1016 1692 conspicere,
1044 1633 1096 1676 et
1125 1623 1393 1675 auditores
1424 1624 1476 1675 in
1505 1623 1679 1676 littore
1707 1623 2058 1676 consistentes
2083 1640 2096 1675 :

528 1713 660 1766 mira
687 1727 771 1767 res
800 1730 814 1766 :
846 1715 1015 1782 pisces
1043 1714 1092 1764 in
1135 1723 1291 1775 terra,
1334 1714 1565 1780 piscator
1593 1714 1643 1766 in
1683 1715 1812 1766 mari
1855 1699 2100 1767 versaba;

528 1813 634 1858 tur.
667 1803 925 1857 lmmissio
955 1805 1090 1858 illius
1113 1805 1241 1858 retis
1272 1805 1442 1875 imago
1463 1817 1578 1859 erat
1599 1807 1849 1860 doctrina:
1869 1822 2095 1875 evange-

527 1892 663 1946 licze.
697 1893 917 1962 Reperit,
960 1893 1144 1962 inquit,
1177 1895 1448 1961 piscatores
1497 1894 1715 1948 lavantes
1769 1895 1892 1947 retia
1946 1895 2094 1954 (Luc.

526 1981 578 2035 5.
603 1982 638 2036 2
662 1983 704 2050 ),
725 1993 780 2034 ιιι
800 1983 885 2050 qui
907 1997 1117 2037 onmem
1137 1993 1368 2051 capturze
1391 1999 1534 2050 spem
1559 1983 1899 2049 abjecissent.
1923 1985 2097 2037 Pisca-

525 2081 610 2122 tor
630 2072 769 2123 enim
793 2071 892 2124 nisi
915 2072 1157 2137 desperet
1180 2087 1235 2124 se
1251 2072 1448 2139 aliquid
1474 2071 1690 2138 piscium
1712 2085 1864 2137 posse
1885 2086 2093 2138 capere,

524 2168 638 2213 rete
663 2173 766 2212 non
796 2159 950 2213 lavat.
982 2160 1160 2228 Itaque
1181 2161 1378 2230 reperit
1400 2161 1542 2230 ipsos
1572 2160 1822 2215 Servator
1864 2163 1994 2216 retia
2023 2164 2096 2216 la-

525 2257 730 2311 vantes,
751 2258 807 2303 ut
829 2250 916 2317 qui
936 2251 1104 2303 nullos
1128 2265 1247 2304 sese
1283 2253 1454 2318 pisces
1477 2267 1666 2320 capere
1689 2268 1843 2321 posse
1864 2253 2094 2309 conﬁde-

522 2351 652 2400 mm,
684 2340 998 2394 etDominus
1026 2342 1328 2408 piscationis
1357 2344 1550 2407 adstat,
1579 2353 1630 2398 et
1657 2346 1781 2413 quid
1808 2345 1963 2399 facit?
1981 2347 2095 2399 Pri-

522 2442 664 2479 mum
690 2428 901 2495 quidem
928 2430 1222 2482 doctrinam
1253 2433 1488 2484 veritatis
1519 2434 1618 2485 illis
1647 2436 1892 2501 proponit
1921 2453 1933 2488 :
1968 2436 2089 2490 hinc

519 2515 668 2585 jubet
694 2525 808 2571 rete
835 2518 1020 2572 laxari.
1050 2519 1184 2572 Cum
1213 2521 1353 2574 enim
1379 2521 1537 2574 verba
1565 2522 1680 2575 sine
1705 2523 1954 2589 operibus
1995 2524 2090 2578 de-

521 2610 899 2662 monstratione
949 2619 1221 2677 carerent,
1270 2611 1547 2680 oportebat
1599 2613 1890 2667 doctrinam
1941 2615 2090 2668 factis

518 2700 833 2753 confirmare
865 2717 878 2754 :
909 2716 1028 2754 nam
1076 2702 1184 2756 Deo
1226 2702 1466 2770 jubente,
1507 2719 1623 2771 qua:
1663 2705 1900 2771 nuspiam
1933 2720 2089 2773 repe-

516 2791 723 2841 riuntur
760 2789 997 2843 invenies
1029 2807 1043 2844 :
1071 2799 1124 2844 et
1160 2807 1276 2860 quae
1319 2806 1424 2844 non
1453 2800 1594 2855 sunt,
1635 2794 1832 2860 capies.
1875 2792 2085 2857 Luxata,

515 2878 609 2941 ait,
637 2878 762 2930 retia
787 2887 946 2931 vestra
968 2878 1114 2948 (Luc.
1146 2881 1198 2934 5.
1235 2881 1288 2935 4.
1322 2881 1398 2949 5).
1431 2881 1529 2934 Cui
1562 2881 1749 2936 Petrus
1776 2900 1791 2935 :
1820 2882 2084 2952 Magister,

515 2983 603 3036 per
629 2977 782 3020 totam
808 2979 999 3022 noctem
1018 2971 1319 3030 laborantes,
1340 2971 1469 3023 nihil
1494 2974 1730 3038 cepimus,
1761 2974 1850 3026 sed
1873 2974 1924 3025 in
1944 2973 2085 3025 verba

517 3067 604 3110 tuo
649 3059 829 3112 [amabo
873 3071 993 3113 rete.
1049 3061 1296 3114 Admiror
1347 3061 1485 3115 Petri
1545 3063 1697 3116 Iidem
1743 3081 1754 3115 :
1801 3065 1888 3132 qui
1919 3065 2083 3131 prima

514 3148 790 3217 desperata
836 3151 1072 3215 haberet,
1127 3162 1179 3205 et
1222 3167 1355 3205 nova
1397 3153 1683 3206 crederet:
1719 3153 1778 3206 ln
1821 3153 1964 3206 verba
2002 3163 2085 3207 tuo

515 3240 694 3292 (amabo
715 3250 834 3294 rete.
881 3241 1008 3304 Cur,
1039 3240 1106 3293 In
1143 3242 1287 3294 verbo
1332 3252 1436 3305 tuo,
1481 3243 1588 3295 ait?
1623 3243 1880 3309 Quoniam
1925 3244 2086 3298 verbo

513 3331 628 3397 ejus
656 3332 770 3384 caeli
801 3331 989 3384 firmati
1014 3340 1155 3397 sunt,
1177 3340 1233 3386 et
1263 3343 1400 3385 terra
1433 3331 1646 3386 fundata
1675 3343 1770 3395 est,
1817 3349 1960 3387 mare
1995 3348 2084 3388 se-

512 3434 750 3491 paratum
781 3432 862 3478 est
887 3422 1053 3494 (Psal.
1095 3424 1185 3478 32.
1227 3425 1280 3479 6.
1332 3435 1378 3476 et
1434 3425 1554 3479 101.
1597 3425 1686 3492 26)
1717 3442 1727 3476 :
1759 3424 1917 3478 homo
1957 3441 2084 3494 pro—

513 3516 641 3582 priis
667 3516 776 3568 suis
797 3515 1013 3568 floribus
1040 3524 1320 3569 coronatus
1365 3525 1465 3579 est,
1499 3525 1552 3569 et
1583 3516 1762 3568 omnia
1803 3516 1963 3569 verbo
1992 3525 2082 3568 tuo

512 3605 900 3658 constiterunt:
933 3606 1080 3658 utait
1106 3605 1297 3659 Paulus
1330 3622 1343 3658 :
1375 3605 1473 3669 Qui
1513 3614 1675 3672 portat
1723 3607 1890 3658 omnia
1940 3607 2083 3659 verba

519 3697 750 3762 potentia
773 3695 1073 3763 suw(ﬂebr.
1112 3697 1159 3750 1.
1192 3698 1270 3766 ὅ).
1306 3695 1370 3748 In
1388 3699 1532 3749 verba
1555 3706 1639 3749 tuo
1665 3697 1844 3749 laxabo
1868 3706 1985 3748 rete.
2019 3697 2081 3748 Et

515 3785 727 3837 verbum
759 3785 886 3838 illud
916 3785 1127 3853 quidem
1161 3795 1272 3839 rete
1294 3785 1579 3840 antecessit
1607 3804 1619 3837 :
1653 3801 1748 3839 nec
1777 3786 1949 3854 pisces
1987 3784 2081 3838 ad-

509 3881 653 3925 sunt.
675 3873 804 3925 Nam
835 3873 956 3927 licet
996 3873 1307 3936 adfuissent,
1349 3873 1418 3926 ob
1459 3874 1736 3926 tumultum
1767 3889 1948 3926 eurum
1991 3876 2077 3942 qui

512 3962 870 4030 piscabantur,
902 3962 1124 4016 fuissent
1173 3964 1383 4032 dilapsi.
1417 3964 1520 4018 Sed
1557 3964 1827 4018 descendit
1862 3966 2078 4020 verbum

509 4051 644 4117 ejus,
679 4051 777 4116 Qui
806 4061 943 4104 vocat
979 4068 1037 4104 ea
1061 4069 1172 4120 quas
1205 4069 1303 4106 non
1329 4063 1461 4117 sunt,
1494 4070 1554 4106 ac
1578 4055 1621 4106 si
1641 4064 1799 4107 essent
1821 4053 1990 4121 (Rom.
2025 4057 2077 4110 4.

509 4143 595 4208 17)
627 4159 639 4194 :
665 4143 898 4209 potentia
945 4143 1058 4211 ejus
1081 4145 1168 4211 qui
1190 4144 1428 4212 jubebat,
1454 4146 1601 4213 prius
1625 4161 1781 4214 quam
1807 4155 1918 4199 rete
1935 4163 2080 4201 mare

508 4230 670 4284 subiit
698 4247 710 4280 :
734 4240 788 4284 et
816 4245 1002 4299 magna
1034 4233 1111 4285 vis
1142 4233 1362 4300 piscium
1390 4243 1569 4287 coacta
1615 4244 1715 4287 est.
1761 4237 1937 4304 Imago
1965 4236 2080 4290 hinc.

506 4319 601 4372 fuit
626 4319 937 4373 universalis
970 4320 1246 4375 Ecclesia.
1290 4323 1652 4390 Rumpebatur
1697 4333 1848 4379 rete:
1876 4340 2078 4380 annue-

506 4419 630 4462 runt
654 4411 833 4471 sociis,
860 4412 947 4478 qui
980 4412 1030 4464 in
1057 4413 1156 4465 alia
1183 4414 1420 4467 navicula
1449 4424 1620 4479 erant,
1651 4423 1710 4468 ut
1736 4417 1998 4479 venirent,
2022 4428 2077 4470 et

506 4499 604 4552 sibi
650 4501 1032 4554 auxiliarentur
1083 4503 1229 4571 (Luc.
1274 4505 1327 4557 5.
1376 4506 1429 4558 6.
1482 4506 1558 4574 7).
1608 4506 1896 4572 Oportebat
1933 4509 2073 4560 enim

508 4605 672 4644 naves
709 4590 840 4644 duas
876 4606 1190 4645 concurrere
1245 4595 1309 4645 ad
1355 4595 1496 4646 illam
1551 4596 1913 4661 piscationem.
1965 4596 2074 4648 Nisi

509 4681 652 4732 enim
680 4681 1050 4749 prophetarum
1078 4682 1271 4736 chorus
1292 4684 1593 4750 apostolica:
1624 4686 1799 4737 manui
1821 4686 1979 4750 adsit,
2023 4695 2078 4740 et

511 4771 800 4838 opituletur
826 4789 839 4824 :
873 4782 924 4826 et
945 4774 1041 4825 nisi
1064 4775 1294 4827 oraculis
1317 4777 1690 4843 prophetarum
1718 4778 2074 4844 apostolorum

509 4869 731 4914 eventus
757 4864 1096 4928 respondeat,
1132 4879 1233 4916 non
1265 4867 1501 4932 capimus
1527 4880 1644 4932 quae
1675 4880 1952 4918 venamur.
1978 4865 2078 4918 Ita-

507 4965 609 5018 que
634 4965 752 5004 cum
774 4950 1024 5006 Servator
1045 4955 1410 5009 demonstrare
1445 4955 1616 5018 vellet,
1659 4955 1794 5009 hanc
1832 4958 2071 5024 piscatio-

507 5057 628 5094 nem
659 5044 940 5112 imaginem
971 5060 1089 5100 esse
1136 5046 1408 5109 Ecclesiae,
1456 5056 1512 5100 ut
1555 5048 1768 5101 Petrum
1803 5051 2070 5115 erudiret;

510 5132 610 5184 hoc
634 5135 875 5200 exemplo
911 5137 1052 5189 acuit
1087 5145 1139 5190 et
1178 5137 1414 5189 incitavit
1457 5136 1524 5188 ad
1579 5137 1958 5203 fortitudinem,
2013 5155 2072 5193 ac

505 5221 632 5275 dicit
659 5223 775 5290 ipsi,
825 5223 907 5276 Ne
939 5237 1148 5291 metuas,
1191 5229 1255 5280 ab
1307 5230 1400 5280 hac
1444 5239 1679 5297 tempore,
1728 5230 1949 5283 homines
1979 5233 2074 5283 eris

504 5314 708 5380 capiens
739 5313 884 5380 (Luc.
914 5316 1099 5383 5.10).
1131 5318 1202 5368 Ab
1241 5317 1335 5370 hoc
1385 5329 1620 5386 tempore,
1670 5335 1774 5387 quo
1825 5320 2073 5386 potentia:

504 5418 641 5456 .meze
692 5418 868 5456 coram
915 5407 1061 5458 vobis
1101 5409 1388 5474 periculum
1438 5407 1677 5461 factum:
1722 5409 1877 5476 idque
1923 5407 2071 5462 vobis

504 5494 771 5561 cognitum
795 5504 845 5546 et
873 5497 1024 5562 plane
1046 5507 1375 5563 perspectum
1407 5507 1506 5560 est,
1537 5500 1694 5550 etiam
1729 5499 1878 5552 bruta
1912 5497 2072 5552 verbo

507 5599 629 5637 meo
650 5584 885 5649 obedire,
914 5587 1191 5654 omniaque
1220 5598 1402 5639 nutum
1427 5602 1599 5640 meum
1628 5587 1796 5656 sequi.
1830 5587 1936 5639 Hoc
1961 5586 2071 5639 ido-

505 5686 608 5725 neo
646 5673 889 5741 exemplo
931 5674 999 5726 ob
1048 5677 1229 5728 oculos
1279 5677 1466 5743 posito,
1510 5675 1762 5744 deinceps
1804 5674 2070 5743 capiendis

509 5760 806 5819 hominibus
835 5780 1050 5834 opertui)
1079 5765 1221 5819 dato.
1255 5765 1433 5835 Neque
1459 5767 1599 5822 enim
1635 5767 1786 5833 dicit,
1828 5765 2067 5822 homines

2012 429 2288 486 INCERTI

3679 460 3796 515 400

2209 549 2514 618 piscaberis,
2551 550 2645 606 sed
2674 551 2915 606 Homines
2949 553 3084 606 viros
3117 553 3319 621 capiens
3347 554 3465 606 eris.
3494 551 3772 623 Siquidem

2209 639 2382 707 pisces
2406 639 2513 692 vivi
2543 641 2609 694 ad
2633 653 2857 695 mortem
2887 641 3055 695 solent
3080 644 3231 712 capi;
3257 642 3499 696 homines
3529 657 3660 697 vero
3689 657 3784 696 ca-

2207 727 2440 795 piuntur,
2475 739 2534 782 ut
2576 744 2606 782 a
2644 740 2816 784 morte
2845 730 2909 783 ad
2951 730 3110 783 vitam
3143 741 3408 784 transeant
3438 749 3453 786 :
3480 733 3660 800 itaque
3687 733 3784 797 ait,

2206 818 2282 870 Ab
2309 819 2401 871 hoc
2423 830 2643 888 tempore
2686 821 2910 874 homines
2937 821 3034 874 eris
3075 822 3295 887 capiens.
3328 821 3432 877 Sed
3460 838 3556 877 cur
3580 823 3655 875 ait
3684 823 3781 886 illi,

2208 905 2291 958 Ne
2318 910 2547 962 metuas?
2574 909 2722 971 Esto,
2749 911 3064 977 promissum
3087 910 3419 978 splendidum
3460 911 3616 966 fuerit
3643 929 3658 977 ;
3688 927 3786 967 cur

2204 994 2314 1048 ait:
2350 995 2430 1048 Ne
2454 1007 2646 1049 metuas
2672 999 2697 1049 Ρ
2721 998 2849 1064 Quia
2878 997 2951 1050 illi
2993 999 3042 1051 in
3075 1010 3304 1053 mentem
3355 1001 3497 1055 venit
3537 1003 3785 1069 priorum

2206 1091 2566 1150 peccatorum,
2616 1085 2870 1137 Dominus
2918 1084 2991 1138 ait
3036 1102 3050 1138 :
3104 1085 3186 1138 Ne
3235 1098 3426 1140 metuas
3479 1098 3530 1142 te
3580 1090 3782 1158 ipsum,

2206 1180 2471 1240 tamquam
2517 1181 2850 1242 peecatorem
2898 1191 2912 1228 :
2956 1174 3047 1227 sed
3079 1174 3330 1244 deinceps
3375 1177 3600 1245 teipsum
3647 1195 3784 1233 con-

2204 1262 2403 1316 sideres
2429 1272 2485 1317 ut
2508 1263 2828 1333 apostolum,
2876 1265 2962 1334 qui
3012 1265 3279 1319 dominico
3329 1268 3552 1336 imperio
3586 1271 3780 1322 orbem

2203 1352 2351 1419 quasi
2404 1367 2595 1422 sagcna
2643 1355 2922 1422 complecti
2973 1355 3192 1423 juberis.
3251 1356 3396 1410 Hanc
3436 1373 3648 1422 vocem,
3695 1358 3784 1414 Ne

2204 1450 2390 1494 ructuas
2418 1483 2432 1506 ,
2479 1443 2702 1512 quisque
2750 1459 2814 1498 ex
2866 1444 3077 1498 Christo
3127 1445 3342 1510 audiat;
3402 1445 3485 1500 Ne
3530 1458 3730 1502 metuas
3762 1463 3785 1502 :

2202 1529 2362 1582 modo
2390 1530 2456 1583 ab
2499 1531 2598 1583 hoc
2629 1542 2866 1600 tempore
2899 1535 3263 1601 paenitentiam
3299 1545 3436 1604 agat.
3481 1537 3618 1606 Ergo
3651 1547 3773 1593 rete

2205 1618 2335 1672 illud
2361 1661 2375 1684 ,
2407 1629 2462 1673 ut
2492 1621 2731 1674 ordinem
2761 1637 2941 1676 rerum
2971 1625 3403 1692 explicandarum
3437 1625 3580 1694 prius
3612 1629 3775 1682 insti-

2201 1716 2370 1761 tutum
2397 1724 2805 1778 prosequamur,
2838 1711 3013 1780 imago
3054 1713 3150 1764 fuit
3175 1715 3493 1783 evangelicae
3522 1715 3778 1770 Servato-

2200 1798 2276 1851 ris
2321 1798 2600 1852 doctrinm.
2650 1799 2761 1853 Hoc
2795 1808 2971 1854 autem
3012 1802 3342 1870 evangelium
3380 1801 3538 1856 modo
3577 1803 3781 1858 Paulus

2201 1887 2533 1956 evangelium
2581 1887 2841 1955 justitiae,
2888 1889 3047 1943 modo
3075 1891 3404 1958 evangelium
3451 1893 3625 1959 pacis,
3677 1894 3780 1947 ali-

2198 1977 2410 2046 quando
2464 1979 2799 2048 evangelium
2855 1981 3103 2048 potentize
3151 1982 3398 2050 appellat.
3446 1983 3577 2049 Quia
3626 1985 3775 2040 enim

2199 2067 2590 2134 praedicationis
2634 2069 2718 2120 illa
2747 2069 2915 2137 gratia
2959 2079 3167 2138 poterat
3198 2070 3336 2124 bella
3363 2070 3600 2138 auferre,
3629 2075 3780 2128 sedi-

2199 2155 2481 2224 tionesque
2511 2157 2787 2211 hominum
2832 2160 2970 2213 circa
3007 2160 3254 2227 pietatem
3291 2176 3394 2214 non
3424 2165 3777 2219 consentien-

2199 2246 2325 2299 tium
2352 2247 2635 2316 dissipare,
2665 2249 2785 2316 quia
2809 2263 2995 2302 omnes
3022 2249 3088 2303 ad
3112 2251 3337 2304 salutem
3376 2253 3582 2318 invitat,
3606 2269 3775 2308 evan-

2194 2337 2391 2402 gelium
2414 2337 2634 2405 justitize
2664 2338 2898 2392 dicitur:
2939 2340 3061 2408 quia
3113 2355 3237 2392 vero
3274 2339 3576 2396 dznmonum
3623 2343 3774 2400 bella

2193 2425 2370 2492 sedat,
2395 2429 2726 2497 evangelium
2755 2429 2900 2497 pacis
2940 2430 3239 2499 appellatur
3267 2448 3280 2484 :
3313 2446 3374 2484 ac
3399 2433 3517 2500 quia
3549 2432 3639 2487 Dei
3677 2449 3775 2488 co-

2193 2518 2488 2583 gnitionem
2523 2518 2702 2571 verbis
2732 2519 2926 2571 vilibus
2956 2520 3276 2588 promulgat.
3309 2523 3644 2590 evangelium
3673 2540 3773 2593 po—

2194 2606 2376 2658 tentia:
2403 2605 2616 2659 dicitur.
2659 2607 2795 2659 Audi
2845 2608 3063 2661 Paulum
3094 2609 3359 2663 dicentem
3389 2626 3404 2661 :
3442 2609 3564 2664 Non
3586 2615 3771 2666 erube-

2191 2713 2276 2749 sco
2323 2699 2640 2767 eoangelium
2664 2714 2683 2752 :
2714 2700 2868 2751 virtus
2896 2700 3028 2750 enim
3062 2699 3159 2752 Dei
3202 2709 3272 2753 est
3296 2701 3365 2752 ad
3388 2702 3597 2755 salutem
3626 2707 3771 2758 enini

2195 2787 2460 2853 credenti(
2499 2788 2651 2841 Rom.
2676 2789 2727 2841 1.
2757 2789 2824 2843 16
2855 2790 2893 2858 ).
2939 2789 3181 2844 Potentia
3225 2792 3485 2860 siquidem
3521 2801 3630 2847 tum
3672 2795 3771 2850 de-

2189 2891 2333 2929 mum
2370 2892 2496 2931 vere
2532 2879 2786 2932 eluceScit
2811 2919 2825 2942 ,
2863 2894 2983 2933 cum
3023 2880 3069 2933 is
3102 2881 3190 2949 qui
3231 2882 3502 2949 przedicat,
3528 2898 3639 2937 non
3667 2887 3771 2938 hu-

2190 2981 2345 3019 mana
2377 2968 2635 3021 rationum
2673 2968 2814 3022 serie
2849 2983 2975 3023 usus
2999 3010 3016 3034 ,
3045 2971 3303 3026 terminos
3333 2971 3480 3026 orbis
3508 2973 3715 3030 obtinet
3744 2993 3763 3041 ;

2188 3065 2244 3108 ut
2267 3056 2519 3112 Servator
2561 3058 2726 3112 Paulo
2751 3059 2879 3112 dicit
2910 3076 2924 3110 :
2954 3060 3146 3129 Suﬁcit
3167 3062 3260 3132 tibi
3291 3063 3454 3132 gratia
3481 3080 3591 3118 mea
3615 3081 3636 3118 :
3662 3067 3767 3120 vir-

2189 3153 2269 3197 tus
2293 3147 2425 3198 enim
2445 3163 2553 3199 mea
2579 3151 2632 3200 in
2655 3148 2948 3214 inﬁrmitate
2975 3151 3273 3222 perﬁcitur(
3299 3151 3352 3204 2.
3382 3151 3502 3206 Cor.
3534 3154 3618 3207 12.
3653 3157 3688 3210 9
3714 3156 3760 3224 ).

2188 3233 2374 3303 Neque
2403 3237 2545 3289 enim
2574 3251 2822 3305 magnum
2850 3239 3117 3307 quidpiam
3147 3239 3247 3292 hoc
3277 3239 3497 3305 fuisset,
3527 3243 3571 3296 si
3600 3242 3765 3297 Chri-

2187 3333 2303 3379 stus
2329 3325 2466 3379 nuda
2507 3341 2598 3380 sua
2624 3326 2898 3381 divinitate
2928 3330 3114 3382 orbem
3146 3330 3499 3384 illustrasset:
3531 3331 3624 3385 sed
3658 3332 3762 3389 hoc

2186 3417 2400 3481 mirum,
2435 3417 2572 3485 quod
2600 3433 2828 3486 corpore
2871 3433 2966 3472 suo
2997 3419 3373 3487 impassibilem
3418 3430 3472 3474 et
3505 3423 3759 3492 incorpo-

2186 3519 2332 3558 rcam
2365 3506 2660 3560 ostenderit
2685 3507 2932 3576 gloriam.
2966 3507 3150 3576 Neque
3181 3507 3310 3562 illud
3340 3508 3676 3578 admirabile,
3709 3513 3758 3567 si

2184 3598 2334 3651 vivus
2360 3607 2413 3651 et
2457 3599 2667 3653 vivifica
2712 3601 2877 3668 gloria
2925 3599 3306 3668 resplendens,
3333 3600 3448 3654 orbi
3480 3601 3641 3655 vitam
3673 3619 3760 3657 re-

2182 3691 2442 3744 stituisset
2464 3709 2478 3747 :
2502 3691 2596 3744 sed
2627 3692 2857 3758 potentia
2890 3690 3046 3744 Verbi
3068 3689 3313 3759 estquod
3335 3700 3503 3745 morte
3526 3702 3756 3747 mei-tem

2188 3780 2357 3846 tollat,
2385 3791 2440 3834 et
2468 3795 2562 3848 per
2585 3782 2935 3835 contumelias
2963 3782 3247 3834 immortali
3273 3782 3439 3850 gloria
3473 3781 3754 3851 refulgeat.

2184 3871 2324 3924 Alibi
2347 3873 2508 3925 etiam
2540 3872 2736 3926 Paulus
2761 3872 3091 3940 evangelium
3120 3872 3264 3940 pacis
3297 3872 3526 3939 appellat
3561 3891 3573 3924 :
3612 3873 3757 3928 Prte-

2184 3969 2376 4028 parate,
2406 3961 2500 4028 ait,
2527 3962 2676 4031 pedes
2705 3971 2891 4014 vestros
2919 3963 2972 4014 in
3007 3962 3373 4031 praeparatione
3397 3963 3641 4030 evangelii
3671 3981 3758 4031 pa-

2189 4050 2259 4101 cis
2284 4048 2302 4118 (
2332 4049 2523 4116 Epltes.
2556 4050 2610 4104 6.
2643 4049 2772 4122 15).
2801 4050 2941 4103 Alibi
2963 4050 3294 4118 evangelium
3321 4050 3539 4118 justitize
3580 4052 3756 4105 nomi-

2185 4147 2298 4203 nat,
2325 4153 2443 4191 cum
2465 4140 2576 4192 ait:
2613 4139 2733 4192 Non
2760 4141 2890 4192 enim
2919 4139 3150 4192 erubesco
3176 4140 3483 4207 evangelium
3509 4155 3526 4192 :
3545 4141 3754 4209 justitia

2181 4227 2312 4282 enim
2334 4227 2431 4282 Dei
2451 4231 2502 4282 in
2522 4230 2631 4295 ipso
2649 4228 2919 4282 revelatur‘
2945 4228 3120 4295 (Rom.
3154 4229 3202 4281 1.
3239 4228 3322 4282 16.
3355 4228 3460 4295 17).
3489 4229 3626 4293 Quid
3663 4238 3750 4284 est

2179 4323 2387 4378 Iustitia
2415 4321 2509 4374 Dei
2535 4321 2560 4372 ?
2586 4320 2935 4387 Posteaquam
2966 4319 3044 4372 les
3078 4319 3243 4386 prima
3274 4319 3399 4370 solis
3425 4318 3627 4374 Judzeis
3656 4321 3757 4374 fuit

2179 4413 2694 4484 data,Evangelium
2711 4425 2839 4464 vero
2865 4409 3136 4472 omnibus,
3165 4410 3498 4477 evangelium
3525 4412 3757 4478 justitite

2177 4504 2429 4574 appellat.
2475 4501 2746 4569 Siquidem
2778 4499 2917 4552 Deus
2959 4498 3136 4566 justus
3159 4499 3247 4566 qui
3291 4513 3475 4551 omnes
3504 4514 3758 4569 peraeque

2177 4595 2497 4664 procreavit,
2529 4605 2717 4644 onmes
2755 4603 3004 4656 peraeque
3045 4588 3327 4640 illustravit
3358 4605 3373 4641 :
3409 4588 3646 4656 illudque
3671 4591 3758 4658 ju-

2178 4685 2337 4738 stitize
2363 4684 2659 4746 erat,'nton
2691 4679 2790 4730 hos
2828 4677 3042 4744 quidem
3092 4691 3326 4742 servare,
3352 4677 3473 4730 illos
3505 4693 3634 4731 vero
3658 4681 3754 4733 mi-

2179 4774 2321 4827 nime
2348 4788 2362 4825 :
2389 4781 2442 4824 et
2473 4769 2570 4822 hos
2593 4782 2810 4829 vocare,
2855 4765 2973 4817 illos
3018 4779 3192 4818 secus.
3237 4764 3291 4818 In
3326 4764 3502 4818 Veteri
3533 4766 3750 4835 quidem

2178 4863 2538 4922 Testamento,
2570 4857 2774 4910 vocatic
2796 4856 2934 4925 justa
2963 4869 3066 4908 non
3099 4855 3196 4907 fuit
3224 4872 3236 4905 :
3266 4854 3357 4908 sed
3392 4857 3744 4921 (Bconomica,

2177 4967 2298 5021 quae
2343 4950 2562 5019 justitize
2599 4947 2738 5000 viam
2790 4945 3144 5015 pramunivit.
3178 4943 3356 5011 Neque
3403 4953 3576 4998 tamen
3611 4944 3752 5001 hanc

2177 5043 2388 5111 quidem
2422 5041 2640 5109 justam,
2672 5039 2814 5090 illam
2843 5051 2968 5090 vero
2996 5037 3245 5105 injustam
3274 5036 3461 5092 dixero
3488 5052 3500 5086 2
3536 5037 3631 5090 sed
3681 5038 3748 5090 il-

2177 5134 2280 5187 lam
2305 5132 2504 5185 aditum
2531 5129 2595 5182 ad
2625 5127 2761 5181 hanc
2789 5126 3104 5196 patefecisse
3125 5168 3137 5190 ,
3169 5135 3222 5180 et
3251 5127 3315 5180 ad
3363 5125 3499 5180 hanc
3523 5141 3752 5196 appara-

2177 5231 2287 5275 tum
2313 5218 2594 5289 quemdam
2627 5216 2809 5270 fuisse.
2845 5215 3038 5284 Legem
3069 5214 3249 5268 lsraeli
3271 5212 3437 5268 dedit.
3474 5215 3611 5268 llinc
3647 5217 3749 5270 Da-

2241 5353 2256 5382 ί
2293 5358 2404 5408 Qum
2426 5350 2533 5397 haec
2550 5347 2718 5406 verba,
2742 5344 2793 5408 in
2815 5345 2917 5407 ipso
2940 5344 3194 5408 revehitur,
3218 5351 3491 5408 sequuntur
3507 5346 3557 5392 in
3580 5359 3752 5394 excer-

2175 5414 2270 5483 rtis
2307 5405 3088 5483 haud.Rhotiumrevls'smtise
3105 5405 3751 5483 suetz_-?.~,§4.9:_9€‘9':e€9

2225 5465 2515 5532 iturjustitia
2530 5469 2633 5532 Δἢεί
2650 5465 2701 5516 iri
2722 5466 2823 5532 ipso
2845 5465 3126 5532 revelatur?
3149 5465 3383 5532 Quomodo
3404 5467 3569 5532 2’_Cum
3588 5467 3750 5532 prima

2225 5486 2515 5532 uut'justtua
2542 5486 2628 5518 ne!
2650 5486 2698 5516 tn
2722 5486 2823 5529 Ipso
2845 5486 3081 5534 revertitur
3103 5486 3122 5514 .'
3149 5486 3383 5534 ψᾳυπιυίψ
3404 5486 3423 5512 .'
3449 5486 3569 5514 cum
3588 5486 3750 5536 prynN

2173 5486 2255 5582 iga
2272 5531 2453 5580 Judteis
2470 5530 2579 5580 solis
2602 5531 2716 5594 data
2731 5529 2811 5594 sit,
2841 5525 2949 5576 licet
2971 5525 3056 5594 alii
3079 5525 3286 5594 horrentes
3307 5527 3522 5594 ejusdem
3544 5533 3751 5594 exsiste-

2174 5600 2279 5642 rent
2291 5598 2481 5656 natura
2498 5598 2546 5656 et_
2567 5587 2782 5656 originis,
2800 5585 3100 5656 euangelium
3122 5591 3230 5655 rem
3250 5585 3466 5656 omnibus
3496 5587 3748 5656 aquatiter

2174 5653 2402 5716 gentibus,
2427 5651 2595 5700 merito
2633 5642 2683 5698 in
2713 5642 2796 5697 illo
2823 5642 3030 5716 jus_t'itia_
3176 5651 3428 5716 revelatio,
3474 5653 3520 5716 et
3545 5642 3750 5716 justith

2173 5706 2462 5774 étmnaelium
2494 5718 2704 5762 vocatur.
2743 5716 2796 5757 tn
2824 5706 2985 5758 Veteri
3015 5707 3160 5771 igitur
3196 5713 3313 5758 rest.
3345 5709 3416 5758 Sic
3438 5710 3629 5758 notavit
3658 5714 3748 5757 Duv

2176 5786 2322 5826 απυδ.
