3996 6412
220 484 332 535 λίου
365 481 528 534 εἰκὼν
551 481 618 534 τὰ
649 480 835 533 δίκτυα
866 480 1091 549 Πέτρου,
1119 480 1188 532 τὰ
1220 481 1454 549 σήμερον
1484 480 1567 529 ἐπ’
1597 477 1780 545 ὄψεσιν

219 571 516 638 ἡμετέραις
546 569 638 620 καὶ
667 569 854 628 ἀκοαῖς
887 566 1237 634 χαλασθέντα.
1265 567 1336 618 Οὐ
1369 566 1476 633 γὰρ
1509 565 1652 628 am:
1688 563 1782 614 Πέ-

215 671 343 722 τρος
376 653 605 722 ἐχάλασε
635 653 702 704 τὰ
740 653 947 713 δίκτυα,
981 651 1115 703 ἀλλά
1145 655 1209 720 τῇ
1243 651 1340 719 μὲν
1376 649 1582 718 ἱστορίᾳ
1614 647 1778 712 ἅπαξ,

215 743 278 808 τῇ
322 738 378 790 δὲ
419 738 642 806 δυνάμει
677 739 951 799 πολλάκις.
997 737 1212 798 Ὁσάκις
1260 735 1366 804 γὰρ
1400 737 1494 786 ἐὰν
1538 734 1778 802 κηρυχθῇ

214 827 276 876 τὸ
301 824 649 891 Εὑαγγέλιον.
679 824 824 876 οὐδὲν
858 824 1039 894 ἕτερον
1065 821 1249 892 ὁρῶ,ή
1287 823 1506 890 Πέτρον,
1540 822 1632 872 καὶ
1669 822 1783 870 Ἀν-

213 911 400 980 δρέαν,
452 911 546 963 καὶ
597 910 686 960 τὸν
733 909 888 977 χορὸν
938 908 1044 960 τῶν
1093 907 1421 969 ἀποστόλων,
1465 907 1523 957 τὸ
1571 907 1780 957 δίκτυον

214 996 519 1056 ἀπλοῦντας
545 995 604 1045 τὸ
637 993 1004 1061 εύαγγελικόν.

285 1080 350 1149 β’.
387 1081 494 1131 Καὶ
520 1076 587 1148 ἦν
621 1079 765 1142 ξένον
803 1079 977 1146 θέαμα
1005 1079 1093 1130 τὸν
1127 1077 1352 1145 Σωτῆρα
1404 1076 1529 1127 ίδεῖν
1578 1076 1634 1126 ἐν
1681 1074 1780 1126 θα-

209 1166 404 1234 λάττῃ,
435 1166 527 1216 καὶ
575 1166 698 1224 τοὺς
738 1163 1147 1232 διδασκομένους
1187 1163 1334 1231 παρὰ
1389 1162 1478 1212 τὸν
1535 1161 1779 1226 αἰγιαλὸν

211 1252 473 1313 ἑστῶτας.
507 1252 664 1302 Ξένον
700 1252 948 1318 πρᾶγμα,
977 1251 1026 1300 οἱ
1063 1249 1240 1317 ἰχθύες
1273 1249 1363 1300 ἐπὶ
1389 1248 1487 1315 τὴν
1527 1249 1648 1316 γῆν,
1686 1247 1780 1299 καὶ

210 1341 238 1391 6
261 1338 446 1398 ἁλιεὺς
474 1340 530 1389 ὲν
561 1336 816 1404 Θαλάττῃ.
855 1336 916 1386 Ἠ
940 1334 1154 1395 κάθεσις
1173 1347 1196 1374 α
1216 1333 1421 1385 ἐκείνου
1446 1333 1537 1384 τοῦ
1565 1332 1777 1384 δικτύου

211 1423 376 1476 εἰκὼν
406 1418 472 1491 ῆν
510 1420 602 1473 τοῦ
635 1419 983 1487 εύαγγελικοῦ
1027 1420 1205 1482 λόγου.
1241 1414 1412 1485 Εὗρε,
1448 1418 1600 1485 φησὶ,
1640 1417 1779 1482 τοὺς

208 1511 400 1574 ἁλιεῖς
425 1510 883 1572 ἀποπλύνοντας
907 1508 1053 1580 [40Βῖ
1085 1509 1154 1558 τὰ
1177 1505 1408 1569 δίκτυα,
1430 1505 1503 1567 ὡς
1528 1506 1780 1556 ἀπειπόνο

208 1614 308 1658 τας
336 1597 431 1666 τῆς
460 1598 653 1664 ἄγρας.
691 1594 894 1650 Ἀλιευς
927 1594 1032 1662 γὰρ
1062 1593 1155 1644 ὲάν
1193 1592 1264 1660 μὴ
1296 1591 1646 1660 ἀπαγορεύσῃ
1679 1593 1776 1658 τῆς

210 1683 413 1750 θήρας,
456 1682 517 1731 ού
559 1679 743 1731 πλύνει
780 1679 840 1730 τὸ
884 1680 1115 1732 δίκτυον.
1165 1672 1336 1746 Εὗρεν
1377 1673 1468 1730 οὖν
1517 1678 1710 1738 αὐτοὺς
1749 1678 1778 1728 6

209 1769 399 1836 Σωτὴρ
444 1767 770 1827 ἀπειπόντας
815 1765 912 1835 τῆς
947 1765 1145 1834 ἄγρας,
1179 1765 1272 1816 καὶ
1311 1764 1592 1830 ἐφίσταται
1621 1765 1647 1815 6
1677 1763 1776 1830 τῆς

209 1856 380 1924 θήρας
406 1854 703 1918 Δεσπότης,
732 1852 826 1904 καὶ
856 1853 908 1903 τί
953 1855 1130 1916 ποιεῖς
1169 1850 1389 1920 Πρῶτον
1424 1849 1658 1902 διδάσκει
1687 1850 1776 1901 τὸν

206 1943 363 2008 λόγον
404 1939 503 2008 τῆς
535 1939 788 2008 ἀληθείας
809 1955 821 1966 ·
855 1934 972 1990 εἶτα
1005 1936 1211 1990 κελεύει
1247 1936 1579 2005 χαλασθῆναι
1610 1936 1669 1986 τὸ
1701 1936 1777 1986 δί-

207 2045 388 2081 κτυον.
429 2025 643 2094 Ἐπειδὴ
675 2024 782 2095 γὰρ
809 2024 875 2077 τὰ
906 2029 1120 2095 ῥήματα
1150 2020 1214 2092 ῆν
1252 2022 1609 2075 ἀναπόδεικτα
1650 2022 1775 2074 ἄνευ

203 2114 316 2165 τῶν
341 2115 536 2184 ἔργων,
575 2112 741 2182 ἐχρῆν
768 2111 1122 2179 ἀκολουθῆσαι
1152 2110 1230 2177 τῷ
1262 2110 1402 2177 λόγῳ
1434 2110 1531 2178 τὴν
1561 2108 1646 2160 διὰ
1670 2108 1775 2158 τῶν

205 2200 381 2269 Εργων
420 2199 724 2261 ἀπόδειξιν·
760 2199 838 2250 ὅτι
871 2197 1003 2249 Θεοῦ
1044 2197 1413 2258 κελεύσαντος,
1457 2197 1548 2246 καὶ
1593 2194 1659 2246 τὰ
1703 2195 1776 2264 μὴ

204 2286 566 2354 εὑρισκόμενα
595 2284 858 2352 θηρᾶται,
902 2286 995 2336 καὶ
1023 2284 1089 2335 τά
1134 2285 1205 2352 μὴ
1251 2283 1377 2333 ὄντα
1420 2280 1772 2348 λαμϐάνεται.

201 2373 539 2433 Χιιλάσατε,
577 2375 730 2441 φησὶ,
762 2373 827 2425 τὸ
869 2372 1113 2425 δίκτυον
1154 2371 1338 2439 ὑμῶν.
1381 2372 1438 2423 Ὀ
1477 2372 1532 2423 δὲ
1575 2371 1777 2440 Πέτρος

201 2464 383 2529 λέγει·
429 2459 765 2522 Ἐπιστάτα,
798 2460 870 2512 δι’
898 2459 1047 2524 ὅλης
1079 2458 1175 2525 τῆς
1213 2459 1429 2521 νυκτὸς
1457 2457 1778 2509 κοπιάσαν-

201 2567 303 2613 τες
326 2549 507 2600 οὐδὲν
534 2547 839 2613 ἐλάϐομεν,
866 2547 960 2596 ἐπὶ
986 2546 1053 2596 δὲ
1074 2545 1152 2608 τῷ
1175 2545 1264 2607 σῷ
1283 2544 1499 2611 ῥήματι
1526 2542 1774 2610 χαλάσω

199 2638 274 2691 τὸ
295 2637 562 2689 δίκτυον.
589 2633 862 2702 (θαυμάζω
890 2633 1094 2698 Πέτρου
1129 2632 1222 2700 τὴν
1259 2632 1458 2690 πίστιν,
1485 2630 1552 2682 τὰ
1586 2631 1772 2699 πρῶτα

199 2721 697 2789 ἀπογινώσκοντος,
751 2721 844 2771 καὶ
879 2719 946 2770 τὰ
980 2719 1073 2769 νέα
1125 2717 1480 2777 πιστεύοντος.
1523 2717 1644 2768 Ἐπί
1693 2716 1772 2779 τῷ

201 2808 294 2872 σῷ
317 2808 539 2876 ῥήματι
566 2804 810 2872 χαλάσω
844 2804 907 2856 τὸ
941 2804 1203 2855 δίκτυον.
1232 2803 1328 2853 Διά
1358 2802 1409 2853 τί
1439 2799 1609 2862 εἶπεν,
1649 2803 1769 2853 Ἑπί

201 2897 284 2962 τῷ
313 2896 402 2961 σῷ
422 2895 678 2964 ρήματι;
712 2893 925 2962 Ἐπειδὴ
957 2892 1047 2943 ἐπὶ
1072 2890 1146 2960 τῷ
1183 2891 1383 2959 ῥήματι
1420 2888 1582 2941 αὑτοῦ
1624 2890 1716 2942 καὶ
1745 2892 1773 2941 6

206 2984 436 3055 οὐρανὸς
467 2981 801 3052 ὲστερεώθη,
838 2981 928 3032 καὶ
977 2980 1009 3047 ή
1043 2981 1112 3048 γῆ
1153 2976 1504 3046 ὲθεμελιώθη,
1541 2977 1634 3028 καὶ
1679 2977 1773 3029 θά-

203 3069 380 3126 λασσα
402 3067 708 3138 ἀφωρίσθη,
738 3068 830 3119 καὶ
856 3066 950 3120 ἀνθ
959 3082 1137 3135 ρωπος
1157 3065 1374 3124 οἰκείοις
1396 3063 1608 3115 ἄνθεσιν
1633 3065 1774 3113 ἐστε-

203 3155 426 3225 φανώθη
449 3192 462 3214 ,
497 3153 588 3204 καὶ
635 3153 808 3204 πάντα
840 3151 916 3219 τῷ
956 3151 1034 3218 σῷ
1078 3153 1278 3219 ῥήματι
1314 3150 1656 3218 συνέστηκεν,
1699 3147 1771 3209 ὥς

199 3259 369 3310 φησιν
407 3241 438 3292 6
467 3238 709 3298 Παῦλοςο
748 3235 943 3303 Φέρων
982 3252 1044 3287 τε
1079 3237 1149 3287 τὰ
1191 3234 1388 3288 πάντα
1437 3234 1514 3298 τῷ
1553 3235 1770 3301 ῥήματι

196 3325 310 3395 τῆς
348 3325 653 3391 δυνάμεως
681 3321 885 3374 αὑτοῦ.
925 3322 1046 3374 Ἑπί
1085 3321 1153 3373 δὲ
1180 3319 1258 3385 τῷ
1300 3320 1390 3385 σῷ
1416 3321 1635 3388 ῥήματι
1666 3337 1770 3388 χα-

195 3412 370 3468 λάσω
396 3412 462 3463 τὸ
486 3410 747 3462 δίκτυον.
777 3407 1097 3478 Προκατέὸη
1139 3407 1232 3460 τοῦ
1259 3407 1472 3460 δικτύου
1503 3407 1560 3459 τὸ
1587 3408 1766 3476 ρῆμιυ

196 3498 262 3551 οὐ
302 3498 556 3568 πάρεισιν
589 3497 638 3548 οἰ
675 3495 869 3564 ἰχθύες.
905 3495 1011 3546 Καὶ
1040 3495 1147 3564 γὰρ
1173 3497 1219 3547 εἰ
1258 3496 1527 3564 παρῆσαν,
1559 3494 1644 3546 διὰ
1675 3494 1771 3563 τὴν

198 3583 424 3653 δχλησιν
470 3580 576 3633 τῶν
605 3581 941 3651 ἀγρευόντων
993 3580 1292 3648 διέφευγον.
1329 3579 1490 3632 Ἀλλά
1536 3579 1769 3649 κατῆλθε

196 3671 262 3722 τὸ
315 3669 465 3738 ῥῆμα
511 3668 716 3718 ἐκείνου
749 3666 841 3718 τοῦ
877 3666 1224 3730 Καλοῦντος
1268 3667 1340 3720 τὰ
1370 3666 1456 3735 μὴ
1490 3667 1653 3729 ὄντα,
1690 3667 1770 3732 ὡς

198 3755 348 3807 ὄντα
367 3770 379 3782 ’
413 3750 752 3820 προκατῆλθε
783 3749 874 3803 τοῦ
906 3749 1120 3802 δικτύου
1149 3753 1181 3821 ὴ
1206 3751 1433 3821 δύναμις
1465 3752 1557 3804 τοῦ
1590 3752 1771 3805 κελεύ-

197 3855 422 3901 σαντος·
459 3837 694 3907 συνήχθη
740 3835 940 3905 πλῆθος
989 3837 1202 3905 ἰχθύων.
1250 3837 1425 3890 Εἰκὼν
1451 3833 1518 3909 ἦν
1553 3838 1650 3907 τῆς
1687 3839 1766 3889 οῖ-

196 3923 531 3994 κουμενικῆς
599 3923 937 3991 Ἐκκλησίας.
996 3925 1356 3994 Διερρήγνυτο
1404 3924 1464 3975 τὸ
1513 3924 1761 3977 δίκτυον·

194 4014 422 4065 ἔνευσαν
459 4008 537 4078 τῷ
565 4007 733 4079 πλοίῳ
768 4008 845 4078 τῷ
889 4010 1215 4078 συμμετόχῳ
1251 4010 1444 4075 ἐλθεῖν,
1492 4013 1584 4064 καὶ
1641 4030 1765 4064 συν--

193 4098 434 4169 ἅρασθαι
481 4096 660 4157 αὐτοῖς
686 4096 732 4145 ι).
769 4096 917 4148 Ἔδει
957 4096 1062 4163 γάρ
1093 4096 1184 4150 δύο
1228 4097 1406 4166 σκάφη
1448 4098 1766 4168 συνδραμεῖν

195 4189 278 4249 εἰς
313 4186 412 4255 τὴν
448 4186 637 4253 ἄγραν.
684 4183 804 4236 Ἐάν
833 4184 938 4253 γὰρ
981 4185 1054 4253 μὴ
1086 4187 1231 4254 παρῇ
1277 4185 1431 4254 χορὸς
1472 4188 1765 4258 προφητῶν

196 4270 407 4341 βοηθῶν
462 4273 527 4340 τῇ
583 4269 907 4340 ἀποστολικῇ
965 4272 1141 4339 χειρὶ,
1191 4271 1282 4323 καὶ
1334 4274 1400 4341 τῇ
1452 4275 1761 4342 προφητικῇ

193 4359 498 4429 προρρήσει
534 4357 607 4425 μὴ
633 4356 968 4426 ἀκολουθήσῃ
996 4357 1101 4408 τῶν
1129 4357 1437 4408 ἀποστόλων
1461 4359 1494 4424 ή
1519 4356 1760 4420 ἔκϐασις,

191 4445 256 4498 οὐ
290 4445 521 4512 θηρᾶται
561 4443 626 4494 τά
655 4442 964 4513 θηρώμενα.
1001 4443 1286 4513 Βουληθεὶς
1313 4443 1489 4496 τοίνυν
1518 4447 1546 4497 6
1572 4446 1760 4516 Σωτὴρ

191 4529 384 4593 δεῖξαι,
415 4531 496 4580 ὅτι
533 4531 566 4596 ή
603 4527 709 4578 τῶν
744 4529 938 4596 ἰχθύων
983 4530 1124 4598 ἄγρα
1158 4529 1318 4581 εἰκών
1349 4531 1464 4582 ἐστι
1507 4532 1604 4600 τῆς
1639 4533 1761 4584 Ἐκ-

195 4613 450 4683 κλησίας,
499 4614 592 4664 καὶ⁵
633 4613 908 4682 βουληθεὶς
958 4615 1239 4666 παιδεῦσαι
1283 4617 1484 4686 Πέτρον
1526 4617 1635 4682 ἔτι,
1685 4617 1762 4684 τῷ

195 4699 554 4768 ὑποδείγματι
596 4698 768 4768 τούτῳ
801 4699 1018 4768 ήλειψεν
1059 4701 1219 4752 αὑτὸν
1254 4703 1332 4763 εἰς
1376 4703 1625 4773 ἀνδρείαν
1667 4707 1762 4758 καὶ

191 4784 340 4850 λέγει
369 4782 533 4852 αύτῷ-
578 4783 674 4850 Μὴ
719 4786 926 4852 φοϐοῦ,
963 4787 1080 4838 ἀπὸ
1128 4787 1233 4840 τοῦ
1267 4787 1383 4840 νῦν
1415 4789 1762 4856 ἀνθρώπους

191 4870 310 4936 ἔσῃ
348 4867 592 4936 ζωπκῦν.
631 4871 762 4924 Ἀπὸ
813 4873 916 4926 τοῦ
953 4874 1087 4936 νῦν,
1123 4874 1215 4941 ἀφ’
1244 4867 1332 4935 οὗ,
1381 4875 1563 4943 φησὶν,
1608 4877 1759 4928 ἐπει-

195 4955 400 5027 ράσθης
429 4955 530 5024 τῆς
556 4953 852 5024 δυνάμεως.
888 4961 979 5011 καὶ
1012 4959 1210 5028 ἔμαθες
1240 4961 1321 5011 ὅτι
1363 4961 1453 5012 καὶ
1485 4961 1550 5012 τὰ
1590 4961 1757 5029 ἄλογα

194 5045 460 5094 ὑπακούει
493 5041 656 5108 λόγῳ,
685 5043 776 5092 καὶ
808 5045 981 5096 πάντα
1009 5046 1199 5098 ’έπεται
1235 5045 1312 5115 τῷ
1347 5046 1464 5116 ἐμῷ
1508 5048 1753 5116 νεύματι.

191 5127 385 5181 Λαϐὼν
406 5126 610 5196 ἀρκοῦν
631 5127 690 5178 τὸ
717 5128 1036 5198 ὑπόδειγμα,
1065 5133 1265 5201 χρῆσαι
1295 5134 1475 5186 λοιπὸν
1501 5137 1567 5205 τῇ
1594 5135 1752 5204 θήρᾳ.

191 5215 303 5266 Καὶ
339 5215 440 5265 οὐκ
480 5210 649 5275 εἶπεν,
683 5213 1023 5283 Ἀνθρώπους
1049 5217 1144 5288 ἔσῃ
1174 5218 1418 5281 ἁλιεύων,
1448 5221 1601 5284 ἀλλὰ,
1642 5222 1755 5273 Ἀν-

192 5300 462 5365 θρώπους
489 5302 602 5366 ἐστι
643 5297 886 5367 ζωγρῶν.
925 5302 1138 5372 Ἐπειδὴ
1179 5307 1226 5357 οἱ
1272 5308 1447 5375 ἰχθύες
1476 5308 1581 5360 ἀπὸ
1616 5309 1754 5377 ζωῆς

191 5388 270 5448 εἰς
302 5389 528 5440 θάνατον
566 5387 865 5440 ἀλιεύονται
889 5400 911 5427 ε
934 5407 948 5421 θ
979 5392 1027 5442 οἱ
1058 5392 1112 5442 δὲ
1143 5393 1413 5463 ἀνθρωττοι
1447 5399 1552 5449 ἀπὸ
1589 5397 1751 5450 θανά-

251 5595 279 5663 f
302 5595 436 5663 I_J_nus
451 5599 480 5653 ἡ
501 5599 686 5663 κᾴθετις
705 5600 808 5663 γάρ.

250 5658 278 5696 δ
315 5657 449 5706 Unus
471 5660 550 5704 καὶ
575 5657 885 5710 συλλαϐέσθαι
908 5663 1077 5719 αὐτοῖς.

250 5720 276 5749 ⁸
299 5720 381 5767 Sic
400 5719 500 5766 duo
518 5733 655 5778 mss...
679 5725 855 5772 melius
877 5738 1020 5785 quam
1046 5726 1162 5775 edili
1187 5728 1447 5782 ἡλιιύοντο,

1389 363 1668 419 HOMILIA
1708 361 1795 417 DE
1834 359 2328 418 LEGISLATORE.

3351 381 3464 438 400

1889 493 1981 529 του
2012 479 2090 540 εἰς
2120 477 2260 546 ζωὴν
2294 475 2610 545 ἀγρεύονται
2631 490 2643 504 °
2687 475 2815 527 Ἀπὸ
2852 474 2956 527 τοῦ
2985 475 3128 540 νῦν,
3152 478 3331 546 φησὶν,
3361 480 3438 534 ἀν

1889 563 2154 629 θρώπους
2181 563 2293 630 ἔσῃ
2327 561 2572 629 ζωγρῶν.
2602 561 2698 612 Διὰ
2726 561 2776 612 τί
2808 557 2898 612 οῦν
2923 557 2947 596 δ
2981 562 3126 628 λέγει
3151 563 3321 632 αὐτῷ,
3352 566 3449 632 Μὴ

1888 649 2102 715 φοῦοῦ;
2139 650 2336 708 Ἔστω,
2381 650 2412 716 ή
2445 647 2739 712 ἐπαγγελία
2781 647 2947 715 καλὴν
2995 643 3136 716 εἶχεν
3173 649 3292 715 ὄψιν
3316 666 3329 678 ’
3367 651 3455 703 διὰ

1889 735 1937 786 τί
1977 731 2088 793 οὖν,
2130 733 2223 800 Μὴ
2268 734 2490 801 φυϐοῦ;
2539 732 2751 800 Ἐπειδὴ
2801 733 3102 801 προσέπεσε
3152 739 3214 803 τῇ
3266 737 3456 807 μνήμῃ

1887 819 1993 871 τῶν
2028 819 2256 889 πρώτων
2287 819 2722 888 ἁμαρτημάτων,
2755 822 2808 870 Μ
2817 817 2846 883 ἶι
2888 819 3096 884 φοϐοῦ,
3141 821 3294 887 φησὶ,
3328 837 3456 871 σαυ-

1887 905 1994 965 τὸν,
2019 904 2093 966 ὼς
2120 904 2459 973 ἁμαρτωλὸν,
2483 903 2620 956 ἀλλά
2648 902 2829 954 λοιπὸν
2858 905 2965 954 νόει
2995 905 3188 956 σαυτὸν
3216 906 3287 967 ὡς
3323 905 3455 958 ἀπό⁶

1889 992 2088 1053 στολον,
2127 993 2320 1061 ῥήματι
2350 991 2649 1059 δεσποτικῷ
2683 990 3030 1057 κελευόμενος
3069 993 3165 1058 τὴν
3204 994 3454 1059 οἰκουμέ-

1887 1096 1982 1147 νην
2017 1078 2363 1146 σαγηνεῦσαι.
2408 1079 2504 1144 Μὴ
2540 1079 2748 1144 φοϐοῦ,
2784 1080 2891 1139 πᾶς
2936 1079 3250 1147 ἁμαρτωλὸς
3303 1079 3452 1151 [406]

1885 1165 2035 1234 παρὰ
2074 1164 2304 1234 Χριστοῦ
2337 1166 2608 1217 ἀκουέτω·
2643 1164 2736 1229 Μὴ
2775 1163 2996 1231 φοϐοῦ·
3037 1166 3194 1232 μόνον
3224 1167 3328 1217 ἀπὸ
3358 1168 3452 1218 τοῦ

1886 1251 1977 1302 νῦν
2010 1251 2351 1320 μετανοείτω.
2392 1251 2464 1302 Τὸ
2489 1252 2664 1302 τοίνυν
2703 1249 2932 1311 δίκτυον,
2961 1250 3045 1302 ἵνα
3076 1253 3152 1312 εἰς
3193 1251 3288 1319 τὴν
3321 1269 3452 1322 προ-

1885 1336 2150 1390 λαϐοῦσαν
2193 1337 2329 1388 ἔλθω
2360 1336 2694 1396 ἀκολουθίαν,
2740 1335 2900 1387 εἰκών
2946 1339 3057 1387 ἐστι
3093 1337 3186 1404 τῆς
3220 1339 3448 1404 εὐαγγε-

1883 1422 2036 1490 λικῆς
2086 1423 2176 1473 τοῦ
2223 1423 2474 1492 Σωτῆρος
2524 1423 2884 1483 διδασκαλίας.
2934 1423 3004 1473 Τὸ
3037 1423 3091 1473 δὲ
3125 1422 3449 1490 Εύαγγέλιον

1883 1509 2037 1560 τοῦτο
2062 1509 2214 1561 καλεῖ
2243 1509 2449 1571 Παῦλος
2473 1510 2600 1561 ποτὲ
2631 1510 3066 1577 μὲνΕύαγγέλιον
3089 1510 3446 1578 δικαιοσύνης,

1884 1594 2012 1645 ποτὲ
2039 1595 2095 1646 δὲ
2125 1595 2453 1661 Εὑαγγέλιον
2481 1597 2720 1664 εἰρήνης,
2757 1596 2884 1647 ποτὲ
2916 1595 2971 1646 δὲ
2998 1595 3319 1661 Εὐαγγέλιον
3361 1597 3452 1647 δυ-

1881 1680 2113 1748 νάμεως.
2151 1681 2367 1750 Ἐπειδὴ
2393 1681 2498 1749 γὰρ
2517 1681 2714 1750 δυνατὴ
2740 1681 2770 1748 ή
2797 1681 2954 1748 χάρις
2977 1681 3068 1732 τοῦ
3097 1682 3447 1750 κηρύγματος

1883 1766 1974 1817 καὶ
2007 1766 2270 1835 πολέμους
2298 1767 2552 1833 ἀφανίσαι
2579 1778 2624 1826 θ,
2655 1767 2749 1818 καὶ
2785 1767 2998 1828 στάσεις
3031 1768 3327 1837 ἀνθρώπων
3372 1771 3450 1838 μὴ

1884 1853 2310 1920 συμφωνούντων
2356 1853 2491 1922 πρὸς
2540 1853 2815 1904 εὐσέϐειαν
2865 1854 3186 1921 σκορπίσαι,
3230 1856 3321 1906 καὶ
3362 1855 3449 1907 διά

1886 1939 1983 2006 μὲν
2012 1939 2072 1990 τὸ
2118 1941 2324 2000 πάντας
2355 1939 2578 1991 καλέσαι
2624 1939 2758 2008 πρὸς
2807 1940 3077 2009 σωτηρίαν
3104 1940 3314 2005 λέγεται
3346 1942 3449 1992 Εὑ-

1883 2025 2131 2090 αγγέλιον
2169 2025 2547 2094 δικαιοσύνης⁹
2599 2026 2685 2077 διὰ
2721 2026 2775 2077 δὲ
2819 2027 2880 2077 τὸ
2925 2026 3300 2078 καταστέλλειν
3356 2027 3448 2079 τὸν

1883 2110 2114 2178 πόλεμον
2157 2111 2264 2164 τῶν
2292 2113 2559 2181 δαιμόνων
2589 2113 2801 2180 λέγεται
2838 2113 3161 2178 Εὑαγγέλιον
3190 2114 3408 2183 εἰρήνης
3429 2126 3444 2141 ⁶

1881 2195 1967 2246 διά
2009 2197 2064 2247 δὲ
2101 2196 2161 2248 τὸ
2202 2198 2438 2250 εὐτελέσι
2499 2200 2703 2267 ῥήμασι
2748 2198 3034 2267 κηρύττειν
3081 2199 3214 2250 Θεοῦ
3247 2199 3447 2266 γνῶσιν

1882 2282 2120 2335 καλεῖται
2153 2284 2478 2350 Εὑαγγέλιον
2523 2285 2822 2354 δυνάμεως.
2855 2286 3050 2336 Ἀκουε
3099 2284 3307 2336 Παύλου
3356 2284 3446 2335 λέ-

1880 2385 2093 2435 γοντος·
2132 2370 2211 2422 Οὐ
2243 2371 2350 2438 γὰρ
2378 2372 2813 2438 ἐπαισχύνομαι
2837 2372 2904 2423 τὸ
2928 2371 3292 2438 Εὐαγγέλιον
3310 2389 3324 2402 ο
3355 2371 3450 2422 δύο

1880 2469 2054 2520 ναμις
2101 2457 2208 2520 γὰρ
2249 2456 2395 2506 Θεοῦ
2445 2458 2615 2508 ἐστιν
2646 2461 2730 2519 εἰς
2765 2458 3081 2523 σωτηρίαν.
3125 2458 3196 2507 Τὸ
3229 2457 3446 2508 δυνατὸν

1879 2542 1984 2609 γὰρ
2016 2542 2133 2592 τότε
2169 2543 2413 2608 φαίνεται
2445 2543 2685 2607 δυνατὸν,
2718 2545 2842 2594 ὅταν
2884 2543 2956 2612 μὴ
2991 2546 3100 2603 τοῖς
3138 2542 3447 2604 ἀκολούθοις

1879 2629 2213 2696 κεχρημένον
2249 2627 2558 2697 λογισμοῖς,
2603 2631 2848 2698 κρατήσῃ
2895 2629 3001 2680 τῶν
3054 2627 3302 2696 περάτων
3346 2628 3448 2696 τῆς

1878 2714 2008 2780 γῆς·
2040 2715 2112 2774 ὡς
2161 2714 2305 2781 λέγει
2349 2717 2376 2766 6
2421 2715 2606 2783 Σωτὴρ
2648 2715 2723 2783 τῷ
2770 2715 2995 2783 Παύλῳ·
3046 2714 3233 2781 Ἀρκεῖ
3272 2728 3370 2766 σοι
3407 2717 3440 2782 ἠ

1879 2799 2047 2867 χάρις
2079 2819 2195 2867 μου
2219 2817 2230 2830 ·
2266 2803 2302 2866 ἡ
2346 2802 2451 2867 γὰρ
2489 2800 2738 2867 δύναμίς
2780 2819 2899 2869 μου
2941 2801 3010 2854 ἐν
3035 2803 3316 2868 ἀσθενείᾳ
3352 2819 3444 2853 τε·

1877 2887 2156 2938 λειοῦται.
2187 2887 2351 2938 Ούδὲν
2380 2882 2446 2956 ἦν
2492 2887 2655 2955 μέγα,
2698 2889 2744 2938 ει
2771 2891 2947 2957 γυμνῇ
2997 2892 3064 2958 τῇ
3101 2888 3312 2958 θεότητι
3346 2889 3444 2954 τὴν

1877 2973 2196 3041 οἰκουμένην
2220 2972 2500 3040 ἐφώτισεν,
2526 2973 2636 3024 ἀλλ’
2654 2977 2734 3026 ὅτι
2757 2975 2842 3027 διὰ
2871 2976 3117 3044 σώματος
3139 2977 3236 3045 τὴν
3260 2975 3443 3046 ἀπαθῆ

1880 3059 1970 3110 καὶ
2011 3057 2298 3126 ἀσώματον
2333 3058 2494 3121 ἔδειξε
2525 3059 2698 3122 δόξαν.
2731 3061 2891 3112 Ούδὲν
2919 3057 2986 3130 ἦν
3027 3061 3356 3130 θαυμαστὸν,
3393 3065 3442 3115 εἰ

1877 3145 1904 3194 6
1943 3141 2049 3205 ζῶν
2084 3145 2344 3206 ζωοποιδν
2388 3146 2748 3214 ἀπαστράψας
2775 3147 2951 3211 δόξαν,
2981 3150 3078 3216 τὴν
3119 3150 3442 3219 οἰκουμένην

1877 3229 2256 3298 έζωοποίῃσεψ
2277 3230 2410 3282 ἀλλά
2439 3232 2497 3282 τὸ
2526 3232 2748 3283 δυνατὸν
2776 3231 2868 3282 τοῦ
2898 3233 3090 3299 Λόγου,
3116 3235 3195 3285 ὅτι
3226 3236 3439 3303 Θανάτῳ

1875 3317 1965 3367 τὸν
1996 3315 2220 3368 θάνατον
2250 3317 2519 3383 ἀφανίζει,
2551 3318 2641 3369 καὶ
2673 3317 2756 3368 διὰ
2786 3317 2892 3368 τῶν
2924 3316 3131 3386 ὕϐρεων
3164 3319 3261 3388 τὴν
3303 3320 3435 3372 ἀθά·

1875 3419 2031 3454 νατον
2074 3405 2448 3474 ἀπαστράπτει
2480 3404 2652 3467 δόξαν.
2700 3403 2954 3472 ’Λλλαχοῦ
2998 3403 3164 3471 λέγει,
3194 3407 3435 3472 Εὐαγγέι

1875 3491 1986 3545 λιον
2015 3493 2260 3561 εἰρήνης·
2298 3491 2440 3556 Τοὺς
2484 3492 2589 3561 γάρ
2633 3490 2820 3556 πόδας
2853 3490 3034 3558 ὑμῶν,
3072 3493 3222 3560 φησὶ,
3257 3509 3440 3559 παρα·-

1874 3575 2214 3630 σκευάσατε
2245 3577 2313 3629 ἐν
2341 3577 2646 3644 ἑτοιμασίᾳ
2678 3579 2782 3631 τοῦ
2821 3579 3188 3645 Εὐαγγελίου
3216 3574 3323 3647 τῆς
3360 3586 3439 3632 ει-

1866 3663 2089 3731 ρήνης’
2121 3663 2352 3732 ἀλλαχοῦ
2406 3663 2557 3716 καλεῖ
2596 3663 2965 3730 δικαιοσύνης,
3007 3665 3080 3727 ὥς
3126 3680 3323 3734 φησιν·
3354 3670 3439 3718 Ob

1873 3749 1980 3819 γὰρ
1998 3751 2430 3818 ἐπαισχύνομαι
2455 3751 2520 3803 τὸ
2547 3751 2928 3818 Εὑαγγέλιον
2953 3750 3300 3817 δικαιοσύνη
3330 3759 3438 3821 γὰρ

1875 3837 2022 3889 Θεοῦ
2052 3835 2307 3900 ἐν’-αὺτῷ
2334 3838 2814 3890 ἀποκαλύπτεται
2842 3837 2883 3891 τ.
2928 3838 2993 3888 Τί
3030 3839 3172 3902 ἐστι,
3215 3844 3437 3891 Δικαιο-

1873 3923 2028 3989 σύνη
2056 3923 2236 3982 Θεοῦ;
2275 3923 2487 3990 Ἐπειδὴ
2508 3925 2535 3974 ό
2562 3922 2772 3990 πρῶτος
2796 3923 2955 3990 νόμος
2991 3924 3255 3986 Ἰουδαίοις
3281 3924 3435 3994 ἐδόθη

1877 4010 2074 4077 μόνοις,
2110 4007 2170 4060 τὸ
2198 4007 2251 4059 δὲ
2286 4008 2612 4074 Εύαγγέλιον
2641 4008 2793 4071 πᾶσι,
2830 4007 2983 4058 καλεῖ
3009 4008 3336 4076 Εὑαγγέλιον
3364 4011 3438 4063 δι-

1874 4096 2177 4165 καιοσύνης.
2203 4096 2419 4156 Δίκαιος
2443 4098 2552 4164 γὰρ
2572 4097 2598 4147 6
2626 4094 2776 4158 θεὸς,
2803 4097 3004 4164 ὁμοίως
3040 4097 3245 4159 πάντας
3283 4101 3437 4166 ποιή-

1875 4201 1991 4245 σας,
2024 4183 2222 4252 όμοίως
2256 4183 2462 4242 πάντας
2495 4181 2746 4249 ἐφώτισε.
2779 4177 2888 4234 Καὶ
2923 4182 3081 4235 τοῦτο
3113 4179 3179 4252 ἦν
3209 4183 3432 4248 δίκαιον,

1871 4272 1928 4322 τὸ
1961 4269 2034 4339 μὴ
2062 4271 2186 4331 τοὺς
2216 4270 2312 4338 μὲν
2343 4268 2536 4332 σῶσαι,
2564 4269 2688 4330 τοὺς
2713 4269 2768 4320 δὲ
2801 4269 2875 4337 μὴ
2903 4269 3070 4320 σῶσαι
3088 4286 3102 4299 ·
3125 4270 3185 4321 τὸ
3213 4270 3288 4340 μὴ
3309 4273 3433 4333 τοὺς

1874 4356 1970 4424 μὲν
2011 4355 2266 4416 καλέσαι,
2314 4355 2438 4416 τοὺς
2492 4355 2547 4406 δὲ
2585 4355 2660 4424 μὴ
2703 4354 2946 4408 καλέσαι.
2984 4355 3071 4406 Ἐν
3115 4357 3177 4424 τῇ
3227 4356 3436 4424 Παλαιᾷ

1869 4442 2111 4514 Διαθήκῃ
2153 4442 2250 4493 οὐκ
2294 4437 2359 4510 ἦν
2389 4443 2421 4508 ὴ
2468 4441 2654 4509 κλῆσις
2700 4440 2912 4503 δικαία,
2943 4440 3056 4492 ἀλλ’
3085 4442 3432 4511 οἰκονομικὴ,

1871 4529 2456 4598 προκατασκευάζουσα
2476 4528 2591 4579 ὁδὸν
2616 4529 2679 4596 τῇ
2708 4525 3038 4594 δικαιοσύνῃ.
3059 4527 3132 4578 Οὐ
3159 4527 3266 4596 γὰρ
3290 4527 3433 4594 λέγω

1867 4613 2068 4684 ταύτην
2111 4613 2344 4677 δικαίαν,
2392 4614 2648 4679 κάκείνην
2679 4612 2880 4684 ἀδικον,
2919 4611 3030 4663 ἀλλ’
3064 4613 3276 4682 ἐκείνην
3317 4616 3433 4667 ὁδὸν

1867 4679 2094 4770 ταύτης,
2141 4701 2235 4754 καὶ
2274 4679 2724 4768 προκατασκευὴῦ
2766 4699 2988 4768 ταύτης.
3021 4679 3243 4754 Ἔδωκε
3270 4704 3433 4773 νόμον

1865 4788 1942 4857 τῷ
1978 4786 2205 4856 Ἰσραήλ.
2237 4785 2519 4858 Καὶρὲγει
2556 4787 2584 4836 6
2616 4785 2804 4837 Δαυῖδο
2846 4786 2897 4837 '0
2925 4787 3320 4855 ἀπαγγέλλων
3361 4790 3429 4842 τὸ

1864 4878 2070 4944 λόγιον
2123 4872 2306 4926 αὑτοῦ
2343 4872 2423 4937 τῷ
2458 4873 2689 4937 Ἰακὼϐ,
2741 4872 3101 4942 δικαιώματα
3156 4877 3253 4928 καί
3301 4879 3428 4944 κρί-

1926 5124 1950 5161 ά
1976 5124 2156 5173 Omnes
2169 5137 2282 5171 mss.
2305 5124 2428 5172 διατί
2447 5122 2990 5184 οὗν.(01ηἱίῑεὶ>ειιιτοῦν
3017 5124 3065 5171 in
3092 5121 3279 5184 editis.)
3300 5123 3428 5172 Infra

1862 5188 2124 5246 προσέπεσε
2145 5186 2256 5241 duo,
2282 5192 2433 5232 recte.
2462 5185 2729 5244 (Edebalur
2745 5186 3080 5246 προσέπεσον.)

1929 5258 1950 5283 υ
1978 5244 2046 5319 Ιιιι
2072 5254 2207 5315 τεριρ
2253 5247 2436 5319 Regius
2463 5260 2602 5316 unus.
2649 5244 2806 5319 ᾼιιιρέι
2848 5244 3342 5319 εόεὴειιυοήιράνισεν,
3373 5247 3424 5290 et

1861 5320 1969 5354 mox
1999 5306 2292 5367 ἐσκόρπισεν.
2321 5307 2441 5354 Jure
2466 5307 2735 5363 suspicatus
2762 5317 2977 5367 errorum
2998 5313 3104 5352 erat
3127 5306 3274 5367 Sadli.

1929 5368 1945 5405 ῐ
1978 5368 2093 5425 Quae
2118 5366 2389 5426 Sequuntur
2413 5369 2462 5413 in
2491 5368 2738 5426 excorplis
2757 5367 2881 5424 apud
2907 5366 3130 5426 Phou'um
3157 5366 3303 5426 paulo
3319 5375 3420 5409 am-

1863 5431 2016 5490 pliora
2033 5437 2160 5482 sum,
2178 5425 2220 5487 ρ.
2248 5428 2338 5474 διο
2362 5427 2614 5490 ελΠῶςῗοῦν
2636 5425 2917 5490 δικαιοσύνηΔ
2937 5425 3130 5490 Θεοῦγέν
3148 5425 3277 5490 αὐτῷ
3297 5426 3421 5490 ἀπο·-

1860 5484 2190 5543 κα).ύπτεται;’
2210 5490 2343 5542 πῶς;
2381 5488 2567 5543 Ἐπειδή
2601 5490 2626 5533 ὁ
2666 5490 2850 5547 πρῶτος
2870 5487 3008 5546 νόμος
3051 5485 3286 5547 Ἰουδαίοις
3318 5484 3416 5547 ἑδέ-

1862 5551 1989 5608 δοτο,
2024 5551 2103 5595 καὶ
2141 5552 2234 5596 τῶν
2254 5551 2408 5595 ἀλλων
2435 5549 2688 5608 ἀνθρώπων
2704 5544 2804 5604 ’τῆς
2826 5544 2967 5602 αὐτῆς
2990 5545 3289 5608 ὑπαρχόντων
3335 5544 3420 5608 δη-

1862 5604 2097 5671 μιουργίας
2131 5611 2211 5655 καὶ
2249 5610 2448 5670 φύσεως,
2473 5604 2848 5671 κτὸγῌύαγγέλιον
2877 5604 3286 5671 πᾶσιν-ὁμοτίμοις
3321 5604 3419 5657 τοῖς

1860 5663 2128 5731 όμοφξυεσιν,
2155 5663 2345 5723 εἰκότως
2368 5663 2852 5731 ἐναῦτῷςδικαιοούνῃ
2878 5665 2998 5731 Θεοῦ
3020 5663 3414 5731 ἀποκρύπτεται,

1862 5726 1940 5778 καὶ
1963 5726 2173 5778 καλεῖται
2197 5731 2495 5786 δικαιοσύνης
2513 5726 2809 5788 Εὐαγγέλιονο
2825 5729 2871 5776 έν
2891 5727 3040 5774 τοίνυν
3065 5731 3121 5785 τῇ
3148 5726 3351 5786 Παλαιᾷ.
