3996 6450
553 561 710 616 ματα
765 537 948 593 αὐτοῦ
1004 533 1082 599 τῷ
1126 529 1387 598 Ἰσραήλ.
1434 529 1556 580 Οὐκ
1621 525 1907 590 ἐποίησεν
1960 519 2114 572 οὕτω

558 608 732 685 παντὶ
762 629 937 686 ἔθνει,
965 623 1061 676 καὶ
1086 621 1155 674 τὰ
1183 620 1431 687 κρίματα
1457 611 1643 667 αὐτοῦ
1669 613 1779 665 οὐκ
1810 608 2116 673 ἐδήλωσεν

557 729 757 774 αυτοις

630 803 696 864 γ’.
738 773 892 845 Ἔπεὶ
931 784 1020 841 οῦν
1052 787 1266 854 ἐκείνην
1294 784 1432 836 ἔθνει
1476 778 1841 846 ἀπεκάλυψεν,
1887 773 2119 828 ἐνταῦθα

559 884 617 936 δέ
641 860 1052 946 ⁷ζυγοστατήσας
1082 873 1172 924 τὸν
1200 871 1296 940 τῆς
1326 867 1578 936 ἀληθείας
1611 866 1789 932 λόγον,
1826 863 1990 915 πᾶσιν
2021 860 2118 911 αύ-

558 969 650 1022 16v
675 967 732 1030 ἐξ
756 967 868 1017 ἴσου
899 962 1146 1029 ἐκέρασε.
1172 958 1430 1026 Πρόσεχε,
1460 950 1776 1022 παρακαλῶ·
1803 947 2118 1030 Δικαιοσύνη

558 1057 676 1109 ἐστὶ
700 1029 759 1105 16
789 1049 993 1108 πάντας
1016 1044 1214 1114 ὁμοίως
1245 1041 1434 1103 σῶσαι,
1460 1039 1553 1090 καὶ
1587 1038 1660 1105 μὴ
1702 1031 1837 1088 εῖναι
1863 1029 2121 1100 διαφορὰν

563 1137 711 1215 [407]
755 1135 938 1190 δούλου
967 1133 1059 1184 καὶ
1105 1128 1406 1196 ἐλευθέρου,
1453 1123 1726 1215 βαρϐάρου
1771 1118 2120 1211 vnum“:

549 1199 811 1296 ’γυναίκδς
840 1225 872 1293 ἢ
903 1217 1118 1290 ἁνδρός’
1145 1212 1258 1267 ἀλλ’
1283 1213 1310 1265 6
1339 1211 1487 1278 λέγει
1518 1208 1746 1270 Παῦλος,
1774 1208 1869 1258 Ἑν
1895 1199 2124 1271 Χριστῷ

572 1291 771 1381 ἶιησοῦ
810 1291 880 1361 o6
913 1304 1205 1371 βάρϐαρος
1228 1340 1242 1362 ,
1275 1300 1346 1352 οὺ
1377 1298 1631 1362 Σκύθης.
1672 1296 1778 1346 οὐκ
1813 1292 2018 1358 ἄρσεν,
2053 1291 2122 1342 οὐ

553 1378 735 1466 θῆλυ,
765 1397 834 1448 οὐ
866 1393 1102 1455 δοῦλος,
1127 1391 1236 1441 οὐκ
1261 1385 1591 1450 ἐλεύθερος.
1621 1382 1781 1451 Ὀρᾷς
1804 1378 2120 1466 όμοτιμίαν;

571 1463 789 1550 Ἐπειδὴ
820 1480 926 1548 γὰρ
956 1479 989 1546 ἡ
1023 1475 1182 1544 φύσις
1219 1473 1498 1541 ὁμότιμος,
1525 1470 1573 1520 εί
1604 1468 1697 1520 καὶ
1737 1468 1854 1526 ταῖς
1884 1463 2125 1550 γνώμαις

554 1547 946 1640 ἐμερίσθημεν,
979 1563 1197 1628 συνάγει
1225 1560 1324 1628 τὴν
1360 1555 1526 1625 φύσιν
1556 1555 1634 1615 είς
1663 1553 1721 1604 τὸ
1751 1547 2125 1640 άρχαῖονᾼκάλ-

698 1633 861 1706 Ὅταν
893 1651 1000 1720 γὰρ
1029 1645 1270 1715 ἐπλάσθη
1311 1646 1339 1696 6
1370 1642 1543 1711 Ἀδὰμ
1563 1679 1578 1702 ,
1623 1640 1721 1691 οὐκ
1763 1633 1831 1706 ἦν
1860 1653 1943 1696 τις
1975 1635 2128 1686 ἀλλοο

560 1742 741 1810 γενής,
767 1739 826 1789 06
860 1734 1087 1804 Σκύθης,
1115 1733 1175 1785 06
1215 1729 1505 1800 βάρϐαρος,
1546 1727 1643 1794 οὐχ
1664 1723 1882 1792 Ἕλλην,
1915 1722 1974 1810 06
2007 1720 2128 1810 δοῦῖ

561 1805 798 1889 λος,ὀύκ
830 1821 1127 1889 ἐλεύθερος,
1157 1818 1255 1869 ούκ
1289 1816 1473 1884 ἄρσεν,
1515 1812 1575 1863 06
1611 1810 1770 1879 θῆλυ·
1800 1810 1864 1861 ἐκ
1892 1807 1999 1876 γὰρ
2031 1805 2125 1859 τοῦ

560 1911 680 1971 ἐνὸς
715 1909 783 1960 τὰ
813 1907 905 1960 δύο
943 1907 1209 1974 ἐπήγαγε.
1244 1898 1492 1952 Δουλείαν
1530 1897 1590 1949 06
1627 1895 1787 1963 φύσις
1817 1896 2122 1964 ἐγέννησεν,

560 1995 696 2049 ἀλλά
719 1991 1033 2062 προαίρεσις
1062 1988 1238 2040 ἔτεκε.
1268 1986 1479 2037 Γίνεται
1507 1983 1564 2034 δέ
1595 1982 1687 2034 καὶ
1727 1980 1934 2033 δουλεία
1958 1982 2126 2047 ήναγο

562 2078 868 2150 κασμένηῆ
904 2078 960 2128 ἐν
996 2074 1245 2144 συμφορᾷ
1284 2069 1464 2140 λιμοῦ,
1497 2069 1528 2139 ἢ
1558 2066 1930 2136 αἰχμαλωσίας
1960 2065 2125 2150 ἀνάγέ

562 2184 654 2238 κῃ.
680 2149 687 2150 7
712 2165 866 2217 Ἐστι
905 2163 962 2215 δέ
1009 2162 1101 2212 καὶ
1139 2159 1298 2227 ἑτέρα
1339 2155 1550 2208 δουλεία
1598 2153 1912 2222 αὐθαίρετος
1935 2190 1948 2210 ,
1991 2152 2023 2219 ἠ
2057 2149 2122 2202 δι’

563 2237 858 2320 ἐπιγαμίαν
900 2244 1289 2316 θεραπαινίδων
1333 2242 1429 2309 τὴν
1458 2240 1654 2308 ἐαυτῆς
1686 2237 1990 2305 ἐλευθερίαν
2037 2253 2126 2287 πι-

563 2338 912 2408 πράσκουσα,
957 2333 1051 2385 καὶ
1101 2330 1205 2383 ὑπὸ
1250 2328 1413 2394 ζυγὸν
1462 2325 1701 2386 δουλείας
1739 2322 2027 2393 ἐρχομένη.
2061 2321 2126 2373 Ἢ

561 2407 618 2478 δέ
651 2422 837 2494 πρώτη
875 2419 1087 2472 δουλεία
1132 2415 1236 2469 ἀπδ
1265 2414 1442 2482 κακῆς
1488 2412 1713 2481 συνέστη
1745 2409 1987 2478 γνώμης.
2020 2407 2127 2460 Καὶ

564 2512 728 2564 πόθεν
757 2509 1066 2572 εὑρίσκεται
1101 2506 1133 2574 ή
1169 2503 1290 2573 ῥίζα
1328 2505 1426 2570 τῆς
1453 2500 1712 2562 δουλείας,
1743 2499 1931 2551 ἄκουε·
1976 2495 2129 2548 Μετὰ

563 2599 653 2651 τὸν
685 2592 1066 2662 κατακλυσμὸν
1087 2591 1119 2642 6
1149 2589 1270 2642 Νῶε
1304 2585 1442 2639 πιὼν
1468 2581 1631 2650 οἶνον,
1663 2585 1757 2637 καὶ
1788 2583 1861 2653 μὴ
1891 2581 2127 2650 κεράσας

564 2685 726 2738 αὑτὸν
757 2685 822 2752 τῇ
856 2679 1138 2750 πρεπούσῃ
1183 2676 1397 2747 κράσει,
1438 2674 1504 2726 δι’
1529 2671 1782 2742 ἀπειρίαν
1826 2667 2122 2738 ἐμεθύσθη,

563 2773 624 2823 06
663 2770 886 2838 γνώμης
941 2767 1091 2819 νόσον
1137 2762 1536 2831 ἐνδειξάμενος,
1583 2759 1694 2811 ἀλλ’
1739 2756 1990 2823 ἀγνοίας·
2036 2754 2129 2806 καὶ

563 2855 870 2926 ἐμεθύσθη,
917 2852 1011 2906 καὶ
1044 2848 1327 2921 μεθυσθεὶς
1367 2843 1673 2915 ἐγυμνώθη.
1725 2845 1834 2896 Καὶ
1875 2840 2129 2893 εἰσελθὼν

563 2937 646 3004 εἷς
682 2939 790 2992 τῶν
822 2938 949 2991 υίῶν
980 2935 1172 2996 αὑτοῦ,
1199 2931 1306 2986 εἶδε
1335 2933 1434 3000 τὴν
1465 2930 1557 2984 τοῦ
1602 2929 1803 2997 πατρὸς
1831 2928 2126 2996 γύμνωσιν,

566 3028 659 3082 καὶ
700 3025 946 3093 ἐγέλασε.
979 3021 1043 3073 Τί
1088 3015 1180 3073 06v
1209 3021 1236 3070 6
1265 3017 1443 3086 πατὴρ
1484 3015 1721 3083 ἐκνήψας
1759 3014 1936 3077 λέγει,
1980 3013 2130 3062 Ἐπι-

565 3114 893 3181 κατάρατος
949 3108 1190 3164 Χαναὰν
1210 3119 1259 3170 ι,
1311 3104 1450 3170 ,ταῖς
1505 3104 1738 3169 οἰκέτης
1788 3101 1959 3153 ἐσται
2008 3098 2130 3162 τοῖς

564 3198 848 3267 ἀδελφοῖς
874 3195 1084 3250 αὑτοῦ.
1115 3194 1276 3263 Ὁρᾷς
1312 3192 1426 3252 πῶς
1451 3190 1546 3259 τὴν
1567 3189 1809 3242 δουλείαν
1839 3187 2126 3255 ἐγέννησεν

566 3290 601 3357 ἡ
624 3285 895 3357 ἁμαρτίας
923 3282 1019 3335 Διὰ
1049 3280 1204 3334 τοῦτο
1245 3279 1389 3345 λέγει
1419 3279 1447 3330 6
1477 3277 1664 3346 Σωτήρ
1684 3293 1696 3305 ·
1721 3275 1843 3340 Πᾶς
1870 3278 1902 3328 ό
1938 3272 2127 3328 ποιῶν

566 3373 681 3440 τὴν
713 3372 1020 3441 ἁμαρτίαν,
1056 3367 1274 3429 δοῦλός
1318 3366 1447 3417 ἐστι
1485 3362 1593 3430 τῆς
1627 3364 1931 3429 ἁμαρτίας.
1979 3360 2132 3412 Ἐπεὶ

566 3457 658 3513 οὖν
706 3455 866 3529 ἦλθεν
904 3459 936 3509 6
977 3452 1342 3523 ἐλευθερωτής
1393 3449 1484 3502 τοῦ
1527 3449 1863 3518 ἀνθρωπίνου
1910 3447 2126 3514 γένους,

567 3547 662 3598 καὶ
695 3541 1037 3612 συνεχώρησε
1073 3538 1168 3607 τὴν
1197 3537 1487 3605 ἁμαρτίαν,
1531 3534 1726 3603 μᾶλλον
1756 3533 1812 3584 δέ
1852 3529 1984 3602 ἦρεν
2019 3533 2131 3599 (ἐκ-

566 3627 747 3698 τεμὼν
797 3627 904 3696 γὰρ
954 3625 1052 3694 τὴν
1099 3622 1272 3692 ῥίζαν,
1331 3618 1648 3688 συνεξέτεμε
1688 3619 1782 3670 καὶ
1831 3620 1952 3680 τοὺς
1993 3634 2128 3687 καρ-

569 3715 749 3782 ποὺς),
790 3712 943 3765 καλεῖ
974 3708 1314 3776 δικαιοσύνης
1350 3706 1672 3772 Εὑαγγέλιον
1711 3704 1796 3756 διὰ
1828 3704 1886 3755 τὸ
1929 3704 2131 3766 πάντας

568 3803 765 3872 ὁμοίιος
795 3801 1063 3869 φωτίζειν.
1107 3795 1514 3864 ’Υπελάμϐανον
1544 3790 1635 3846 οὖν
1671 3794 1720 3844 οί
1758 3792 2018 3853 Ἰουδαῖοι,
2050 3794 2132 3844 ὅτι

567 3890 628 3941 16
659 3886 986 3954 Εύαγγέλιον
1012 3885 1071 3936 τὸ
1108 3884 1505 3953 κηρυττόμενον
1545 3881 1611 3932 δι’
1650 3877 1812 3932 06106
1845 3879 2023 3940 αὐτοῖς
2051 3877 2131 3929 δί-

567 3975 713 4027 δοται
767 3974 964 4043 μόνοις.
999 3969 1188 4039 Ἐξέϐη
1229 3970 1283 4022 δέ
1317 3969 1442 4037 παρ’
1484 3966 1702 4028 ἐλπίδας
1740 3969 1771 4034 ή
1817 3964 2128 4035 προσδοκία.

569 4061 660 4112 Διό
719 4076 881 4129 φησιν
932 4059 961 4110 6
1010 4055 1171 4109 A0616
1197 4072 1210 4083 ·
1265 4053 1701 4120 ’Υπελάϐομεν,
1746 4054 1778 4104 ό
1835 4050 2014 4116 Θεὸς,
2066 4050 2132 4102 τὸ

571 4146 742 4210 ἔλεός
792 4161 906 4198 σου
959 4144 1028 4196 ἐν
1065 4141 1231 4211 μέσῳ
1294 4140 1400 4193 τοῦ
1458 4138 1610 4193 λαοῦ
1671 4153 1787 4190 σου
1809 4153 1821 4166 ⁸
1869 4137 2018 4190 κατὰ
2067 4134 2132 4188 τὸ

571 4233 757 4302 ὄνομὰ
804 4249 952 4293 σου,
993 4234 1026 4284 ό
1067 4229 1240 4294 Θεὸς,
1288 4228 1438 4282 οὕτω
1493 4226 1590 4279 καί
1641 4226 1679 4292 ἡ
1727 4226 1962 4290 αἵνεσίς
2017 4239 2132 4277 σου

570 4320 669 4372 ἐπὶ
722 4319 794 4372 τὰ
837 4317 1060 4385 πέρατα
1109 4314 1218 4383 τῆς
1259 4313 1391 4382 τῆς.
1432 4314 1541 4366 Καὶ
1587 4313 1675 4365 ἵνα
1728 4312 1908 4380 δείξῃ,
1953 4312 2034 4362 ὃτι
2073 4309 2133 4361 τὸ

572 4407 793 4475 ἐλεῆσαι
847 4405 914 4456 τά
969 4403 1180 4472 πέρατα
1233 4400 1329 4469 τῆς
1397 4397 1530 4466 γῆς,
1579 4397 1890 4464 δικαιοσύνη
1953 4396 2129 4460 ἐστὶν,

574 4496 857 4562 ἐπήγαγε·
907 4488 1298 4553 Δικαιοσύνης
1365 4484 1599 4552 πλήρης
1659 4484 1696 4549 ἡ
1766 4481 1934 4544 δεξιά
1992 4495 2128 4535 σου.

573 4581 740 4632 Ὅταν
773 4579 800 4618 δ
847 4576 979 4646 βαθύ
1020 4593 1072 4628 τι
1111 4574 1201 4626 καὶ
1233 4571 1562 4642 προφητικὸν
1594 4567 1840 4637 ἀνακύψῃ
1883 4568 2129 4636 ζήτημα,

573 4667 841 4734 σύνδραμε
904 4664 979 4732 τῷ
1039 4662 1201 4730 λόγῳ,
1259 4659 1332 4729 μὴ
1383 4658 1611 4727 κροτῶν,
1655 4656 1788 4708 ἀλλὰ
1850 4654 2005 4717 νοῶν,
2058 4654 2130 4724 μὴ

571 4752 756 4814 ἀπλῶς
779 4750 1062 4820 δεχόμενος
1087 4748 1176 4801 τὸν
1211 4746 1396 4816 κρότον
1428 4745 1535 4797 τῶν
1565 4743 1842 4813 ῥημάτων,
1876 4741 2010 4794 ἀλλὰ
2036 4741 2131 4810 τὴν

573 4841 780 4892 ἐννοιαν
821 4835 1120 4905 βασανίζων
1166 4834 1273 4886 τῶν
1324 4832 1628 4902 νοημάτων.
1680 4830 1803 4882 Ἐὰν
1856 4828 1962 4898 γὰρ
2005 4827 2133 4898 ᾅδης

571 4925 639 4977 τὰ
666 4923 758 4974 106
801 4920 934 4974 Θεοῦ
963 4919 1101 4989 μετά
1131 4918 1404 4986 ἀληθείας,
1437 4917 1527 4970 καὶ
1562 4917 1790 4986 μάλιστα
1826 4914 1924 4983 τὴν
1953 4913 2132 4982 φωνὴν

571 5011 791 5078 ταύτην,
824 5011 888 5078 ἢν
935 5007 962 5058 6
994 5005 1151 5057 Δαυῒδ
1183 5001 1368 5056 εἶπεν·
1413 5003 1833 5070 ’Υπελάϐομεν,
1878 5004 1909 5053 ό
1963 5001 2130 5064 Θεὸς,

570 5094 635 5146 τὸ
669 5095 838 5157 ἔλεός
874 5107 988 5145 σου
1037 5092 1103 5142 ἐν
1137 5089 1296 5157 μέσῳ
1342 5088 1446 5140 τοῦ
1487 5089 1638 5141 λαοῦ
1688 5104 1802 5140 σου
1825 5104 1836 5116 ⁸
1889 5087 2036 5139 κατὰ
2068 5086 2130 5138 τὸ

572 5177 758 5245 ὄνομα
791 5194 927 5238 σου,
957 5181 989 5229 ό
1021 5177 1182 5240 Θεὸς,
1223 5175 1372 5226 οὕτω
1409 5175 1504 5226 καὶ
1546 5175 1583 5240 η
1627 5173 1859 5237 αἴνεσίς
1894 5189 2009 5224 σου
2037 5170 2134 5222 ἐπὶ

573 5267 644 5319 τὰ
664 5265 885 5330 πέρατα
913 5260 1023 5328 τῆς
1051 5260 1189 5328 γῆς·
1232 5259 1621 5323 δικαιοσύνης
1649 5258 1882 5323 πλήρης
1909 5257 1944 5322 ἡ
1971 5253 2136 5319 δεξιά

573 5368 722 5407 σου·
769 5349 996 5418 εὑρίσκῃ
1029 5346 1122 5398 καὶ
1156 5347 1294 5416 ᾅδων
1339 5348 1405 5398 τὰ
1437 5347 1528 5398 τοῦ
1564 5345 1718 5408 Θεοῦ,
1764 5345 1856 5396 καὶ
1897 5343 2133 5415 πληρού-

639 5665 665 5693 ι
697 5661 780 5710 Sic
799 5672 988 5719 omnes,
1013 5664 1158 5718 atque
1184 5652 1247 5703 ita
1273 5655 1455 5716 legitur
1495 5650 1544 5699 in
1579 5653 1784 5714 Bnbliis;
1822 5667 1946 5702 unus
1979 5651 2134 5701 codex

575 5724 840 5833 Χάίιμᾟήυε
859 5783 969 5832 ὅταν
990 5779 1074 5844 μὲν
1097 5778 1191 5827 σῦν.
1218 5776 1358 5827 Alius
1381 5775 1490 5823 ὅταν
1513 5774 1609 5822 οὖν.

2098 402 2372 460 ΙΝΟΕΠΤΙ

3675 415 3789 467 402

2228 535 2388 586 μενος
2433 514 2745 584 Πνεύματος
2793 512 2968 581 ἁγίου.
3017 512 3074 564 '0
3110 511 3216 580 γὰρ
3261 511 3496 580 γνησίως
3549 507 3788 577 ψάλλων,

2223 602 2699 672 άνακαινιζόμενος
2742 602 2838 667 τὴν
2886 600 3082 669 ψυχὴν,
3135 598 3472 650 ἀποτελεῖται
3521 597 3648 658 ναὸς
3695 595 3789 648 τοῦ

2223 691 2377 757 ἁγίου
2406 689 2543 744 Πνεύ
2553 706 2738 758 ματος.
2763 687 2854 757 Μὴ
2869 688 2978 757 γάρ
3007 685 3201 755 μικρὸν
3227 685 3452 754 νομίσῃς
3472 682 3792 753 ψαλμῳδίαν

2225 773 2383 829 εἶναι.
2415 779 2572 828 Δοκεῖ
2612 776 2707 844 μέν
2737 774 2844 844 γὰρ
2871 773 2968 842 τὴν
3001 773 3169 842 ἀκοὴν
3209 769 3437 836 θέλγειν,
3472 773 3536 840 τῇ
3566 769 3623 821 δέ
3657 768 3792 836 ἀλη-

2227 867 2344 934 θεία
2371 866 2468 934 τὴν
2491 863 2639 935 [408]
2673 862 2848 932 ψυχὴν
2888 861 3137 931 ἐγείρειν.
3162 859 3318 912 Οὕτω
3345 860 3437 913 καὶ
3461 860 3488 910 6
3524 859 3794 930 μακάριος

2241 952 2537 1012 Ἐλισσαῖος
2565 951 2593 1001 6
2627 950 2907 1019 προφήτης
2936 947 3414 1016 παρακαλούμενος
3447 947 3598 1016 παρά
3631 956 3804 998 τινων

2232 1037 2494 1108 βασιλέων
2518 1034 2891 1106 προφητεῦσαι
2921 1034 2988 1084 τὰ
3025 1032 3298 1101 μέλλοντα,
3332 1030 3497 1100 λέγει’
3529 1032 3673 1084 Δότε
3695 1048 3797 1100 μοι

2229 1123 2415 1190 ἄνδρα
2444 1123 2640 1176 εἰδότα
2675 1121 2963 1190 ψάλλειν·
3005 1114 3165 1188 ἦλθεν
3196 1119 3224 1169 6
3254 1118 3354 1185 τῆς
3395 1118 3658 1187 μουσικῆς
3694 1116 3796 1186 ἐμ-

2230 1226 2436 1280 πειρος,
2464 1211 2557 1263 καὶ
2592 1210 2649 1261 ἐν
2679 1207 2758 1276 τῷ
2801 1206 3044 1275 ψάλλειν,
3079 1205 3260 1273 φησὶν,
3307 1206 3531 1268 ἐκεῖνον,
3571 1200 3699 1272 ἦλθε
3736 1203 3797 1256 16

2231 1296 2454 1366 Πνεῦμα
2500 1294 2558 1348 16
2600 1294 2756 1361 ἆγιον
2797 1294 2888 1346 ἐπὶ
2929 1291 3244 1344 Ἐλισσαῖον.
3303 1288 3367 1342 Τί
3410 1285 3536 1354 06v;
3579 1287 3689 1360 ἆρα
3735 1288 3799 1341 16

2233 1384 2455 1453 Πνεῦμα
2487 1382 2546 1436 16
2576 1383 2728 1449 ἆγιον
2757 1383 2957 1450 φωναῖς
2987 1379 3254 1446 θέλγεται,
3282 1379 3375 1430 καὶ
3401 1378 3634 1447 ἐπῳδαῖς
3659 1377 3797 1431 καθ-

2233 1472 2467 1531 έλκεται,
2516 1470 2564 1520 εί
2609 1471 2676 1538 τῇ
2717 1468 2859 1537 ψυχῇ
2921 1463 3286 1518 ἐπανεπαύετο
3327 1465 3393 1532 τῇ
3446 1465 3795 1533 προφητικῇς

2238 1557 2434 1624 Ἤρκει
2463 1557 2496 1626 ή
2529 1554 2833 1623 καθαρότης
2872 1551 2964 1604 τοῦ
3007 1551 3281 1622 προφήτου
3324 1548 3800 1617 προσκαλέσασθαι

2234 1643 2293 1696 τὸ
2319 1643 2539 1712 Πνεῦμα
2565 1642 2625 1694 16
2667 1641 2834 1709 ἅγιον.
2866 1639 2962 1692 Διά
2998 1639 3049 1692 τί
3086 1634 3177 1691 οῦν
3215 1635 3384 1702 λέγει,
3419 1637 3559 1689 Δότε
3608 1637 3800 1704 ἄνδρα

2233 1729 2431 1782 εἰδότα
2469 1729 2772 1797 ψόλλεινξ
2822 1728 2934 1796 Οὐχ
2977 1726 3065 1780 ἵνα
3110 1725 3171 1778 16
3208 1720 3430 1789 Πνεῦμα
3469 1724 3674 1794 τερφθῇ
3710 1723 3803 1775 διὰ

2232 1817 2331 1886 τῆς
2377 1814 2711 1885 ψαλμῳδίας,
2743 1813 2854 1866 ἀλλ’
2892 1813 2996 1876 ἵνα,
3031 1812 3236 1864 ἐκείνου
3276 1812 3584 1882 ψάλλοντος,
3614 1812 3642 1862 6
3673 1806 3802 1873 νοῦς

2231 1903 2324 1956 τοῦ
2367 1902 2645 1972 προφήτου
2683 1899 3104 1963 ἁνακαινισθεὶς,
3146 1898 3291 1963 ἄξιος
3321 1900 3544 1968 γένηται
3572 1897 3672 1966 τῆς
3702 1896 3801 1949 τοῦ

2231 1991 2384 2058 ἁγίου
2419 1989 2733 2059 Πνεύματος
2756 1988 3166 2056 ἐπιφοιτήσεως.
3185 1987 3283 2040 Διά
3305 1985 3462 2039 τοῦτο
3490 1986 3549 2038 16
3574 1983 3803 2054 Πνεῦμα

2231 2077 2400 2141 καλεῖ,
2440 2077 2523 2129 ἵνα
2550 2075 2716 2146 δείξῃ,
2760 2077 2841 2128 ὃτι
2887 2075 2947 2127 06
2978 2077 3043 2143 τῇ
3070 2073 3355 2144 ψαλμῳδίᾳ
3385 2072 3632 2142 ἐθέλχθη,
3663 2070 3803 2124 ἀλλὰ

2230 2167 2296 2234 τῇ
2329 2164 2473 2245 ψυχῇ
2522 2166 2587 2233 τῇ
2640 2162 2746 2215 ὑπὸ
2783 2164 2882 2232 τῆς
2926 2159 3241 2229 ψαλμῳδίας
3283 2158 3637 2230 διεγερθείσῃ.
3684 2158 3804 2212 Οὐκ

2231 2246 2391 2320 ἦλθεν
2425 2250 2517 2302 ἐπὶ
2543 2250 2636 2301 τὸν
2663 2247 2952 2316 ψάλλοντα,
2992 2246 3104 2300 ἀλλ’
3136 2247 3226 2298 ἐπὶ
3258 2245 3346 2299 τὸν
3372 2245 3660 2300 ἀκούοντα.
3709 2246 3805 2296 Δεῖ

2237 2337 2334 2404 μὲν
2367 2331 2458 2388 οὖν
2484 2334 2712 2388 καθόλου
2739 2333 2837 2396 τὰς
2862 2334 3116 2402 δυνάμεις
3144 2333 3249 2385 τῶν
3276 2333 3503 2402 ψαλμῶν
3549 2330 3802 2402 ἐρευνᾷν,

2234 2421 2525 2491 ἐξαιρέτως
2555 2421 2610 2473 δέ
2643 2418 2736 2471 τοῦ
2765 2421 3004 2489 σήμερον
3033 2420 3162 2488 ἡμῖν
3187 2418 3440 2490 ῥηθέντος
3468 2418 3625 2486 ἁγίου
3661 2417 3806 2486 ψαλ-

2238 2510 2338 2581 μοῦ
2371 2520 2427 2548 ο·
2482 2507 2535 2559 Ὀ
2579 2506 2790 2572 Κύριος
2839 2504 3271 2566 ἐϐασίλευσεν,
3335 2503 3718 2572 ἁτταλιάσθω
3760 2504 3802 2572 ἠ

2235 2599 2333 2668 Tn",
2363 2592 2869 2663 εὐφρανθήτωσαν
2891 2589 3069 2658 νῆσοι
3101 2591 3341 2644 πολλαί.
3373 2591 3466 2656 T6,
3501 2592 3556 2644 '0
3590 2592 3808 2659 Κύριος

2235 2683 2615 2743 ἐϐασίλευσε,
2637 2678 2752 2740 πῶς
2780 2675 3212 2746 ύπολαμϐάνειςς
3251 2671 3358 2745 ἆρα
3389 2675 3464 2739 ὼς
3495 2676 3808 2745 πρόσφατον

2235 2771 2467 2824 λαϐόντα
2485 2767 2544 2820 16
2567 2768 2665 2835 τῆς
2697 2764 2970 2834 βασιλείας
2996 2763 3241 2831 ἀξίωμα;
3279 2763 3338 2816 Εἰ
3371 2761 3470 2831 μὲν
3495 2762 3603 2830 γὰρ
3628 2757 3806 2826 εἶπεν,

2249 2858 2301 2908 '0
2339 2858 2548 2922 Κύριος
2571 2852 2907 2916 βασιλεύει,
2945 2851 3043 2920 τὴν
3082 2849 3247 2902 ἀΐδιον
3294 2848 3454 2902 06106
3493 2850 3810 2919 ήρμήνευεν

2237 2943 2386 3006 ἀξίαν
2409 2958 2420 2971 ·
2461 2940 2554 2993 νῦν
2581 2940 2637 2990 δὲ
2671 2938 2837 3005 λέγει,
2875 2939 2926 2988 '0
2957 2938 3166 3003 Κύριος
3190 2937 3604 2989 ἐϐασίλευσεν.
3641 2935 3809 3006 Εἴρη-

2237 3047 2324 3082 ται
2358 3028 2450 3080 καὶ
2480 3026 2668 3096 πρώην
2709 3027 2859 3093 ἡμῖν,
2889 3023 2980 3075 καὶ¹
3023 3023 3117 3075 νῦν
3166 3022 3502 3090 λεχθήσεται.
3558 3021 3671 3092 Πρὸ
3708 3023 3809 3092 τῆς

2236 3116 2328 3169 τοῦ
2359 3111 2590 3183 Χριστοῦ
2630 3110 2951 3182 παρουσίας,
2988 3109 3094 3176 πρὺ
3123 3108 3214 3160 τοῦ
3252 3108 3602 3176 εύαγγελικοῦ
3635 3109 3811 3179 κηρύ-

2238 3216 2464 3269 γματος,
2491 3195 2835 3250 ἐϐασιλεύετο
2857 3194 3011 3264 ἡμῶν
3034 3198 3066 3264 ή
3097 3194 3256 3262 φύσις
3282 3194 3385 3246 ὑπὸ
3419 3192 3511 3246 τοῦ
3536 3194 3808 3257 διαϐόλου,

2241 3288 2344 3341 ὑπὸ
2377 3287 2474 3356 τῆς
2515 3284 2803 3355 ἁμαρτίας,
2829 3282 2930 3334 ὑπὸ
2960 3280 3055 3334 τοῦ
3107 3281 3353 3334 θανάτου.
3407 3281 3576 3334 Πόθεν
3614 3281 3808 3347 τοῦτο;

2239 3374 2404 3440 Λέγει
2431 3371 2639 3432 Παῦλος
2660 3388 2672 3400 ο
2713 3370 2938 3433 ’Ὠσπερ
2975 3368 3084 3435 γὰρ
3111 3367 3508 3421 ἐϐασίλευσεν
3543 3368 3580 3432 ἠ
3621 3368 3810 3436 ἀμαρ-

2237 3459 2332 3511 τΙιι
2360 3459 2428 3509 ἐν
2456 3455 2534 3519 τῷ
2562 3451 2755 3519 θνητῷ
2780 3453 2946 3520 ἡμῶν
2973 3451 3219 3518 σώματι,
3250 3451 3401 3503 οὕτω
3427 3452 3523 3504 καί
3564 3453 3603 3519 ἠ
3634 3451 3810 3520 χάρις

2233 3543 2592 3608 βασιλεύσει
2622 3538 2719 3591 διὰ
2747 3538 3020 3616 Χριστοῦ.
3057 3537 3185 3590 Ἰδοὺ
3214 3538 3245 3606 ή
3272 3536 3372 3606 τῆς
3404 3539 3675 3608 ἁμαρτίας
3708 3538 3809 3607 βα-

2241 3631 2432 3684 σιλεία.
2478 3628 2587 3681 Ποῦ
2640 3629 2672 3696 ή
2722 3624 2815 3678 τοῦ
2853 3624 3130 3688 διαϐόλου;
3165 3626 3360 3676 Ἀκουε
3405 3623 3497 3676 τοῦ
3553 3624 3810 3695 Σωτῆρος

2239 3719 2515 3785 λέγοντος*
2552 3716 2621 3766 El
2663 3715 2694 3766 ό
2728 3710 2997 3776 Σατανᾶς
3044 3712 3150 3763 τὸν
3197 3709 3470 3763 Σατανᾶν
3507 3709 3808 3773 ἐκϐάλλει,

2239 3803 2380 3859 καθ’
2410 3802 2623 3856 ἑαυτοῦ
2665 3801 2975 3868 ἐμερίσθη’
3014 3797 3140 3863 πῶς
3187 3793 3301 3851 οὖν
3353 3797 3718 3864 σταθήσεται
3768 3800 3808 3868 ἡ

2234 3891 2520 3956 βασιλειά
2565 3887 2784 3950 αὑτοῦ;
2844 3886 2972 3937 Ἰδοὺ
3024 3887 3057 3954 ἡ
3098 3883 3189 3936 τοῦ
3237 3883 3481 3936 διαϐόλου
3537 3883 3806 3952 βασιλεία..

2241 3978 2350 4032 Ποῦ
2387 3979 2417 4045 ἠ
2449 3974 2541 4027 τοῦ
2569 3973 2834 4030 θανάτους
2863 3969 3061 4023 Ἀκουε
3089 3969 3298 4023 Παύλου
3325 3969 3570 4036 λέγοντος
3596 3985 3610 3999 ο
3653 3971 3814 4026 Ἐσα..

2239 4065 2530 4116 σίλευσεν
2560 4064 2592 4114 ό
2641 4059 2892 4122 θάνατος
2923 4055 3039 4111 ἀπὸ
3072 4054 3241 4123 Ἀδὰμ
3276 4055 3447 4124 μέχρι
3492 4055 3808 4121 Μωῠσέως,

2241 4151 2335 4203 καὶ
2369 4148 2464 4202 ἐπὶ
2495 4146 2636 4212 τοὺς
2660 4144 2746 4214 μὴ
2775 4143 3252 4212 ἁμαρτήσαντας.
3291 4141 3440 4193 Ἐπεὶ
3471 4139 3562 4194 οὖν
3588 4142 3814 4211 ἐκράτει

2241 4239 2273 4305 ή
2298 4234 2574 4303 διαϐολικὴ
2608 4231 2764 4303 τριὰς
2816 4232 2848 4299 ή
2896 4228 3035 4281 κατὰ
3080 4228 3178 4297 τῆς
3227 4226 3386 4293 ἁγίας
3421 4227 3511 4279 καὶ
3537 4227 3810 4296 ἀχράντου

2243 4321 2469 4391 Τριάδος
2501 4320 2898 4387 τυραννήσασα,
2917 4313 3212 4375 τουτέστιν,
3234 4315 3262 4363 ό
3287 4311 3546 4374 διάϐολος,
3575 4315 3607 4381 ή
3636 4315 3815 4386 ἀμαρ-

2240 4410 2348 4469 τία,
2367 4407 2397 4457 6
2429 4405 2683 4466 θάνατος’
2713 4402 2804 4454 καὶ
2823 4405 2852 4452 6
2881 4400 2977 4468 μὲν
3001 4397 3240 4458 διάϐολος
3267 4397 3470 4465 ήπάτα,
3493 4398 3526 4466 ἡ
3549 4398 3604 4450 δέ
3634 4399 3815 4470 ἁμαρ-

2241 4495 2328 4544 τία
2376 4490 2627 4559 ἔσφαξεν,
2660 4491 2688 4540 6
2723 4487 2781 4539 δέ
2826 4487 3050 4546 θάνατος
3094 4484 3351 4536 ἔθαπτεν·
3400 4485 3814 4551 εὐαγγελίζεται

2242 4581 2362 4640 τοὺς
2389 4574 2849 4646 τυραννουμένους
2879 4575 2906 4624 6
2947 4570 3127 4634 Δαυῗδ,
3155 4572 3247 4624 καὶ
3282 4571 3447 4638 λέγει,
3487 4571 3626 4625 ὥστε
3655 4574 3809 4638 ἐξελ-

2242 4665 2350 4716 θεῖν
2386 4664 2474 4716 τὸν
2504 4663 2664 4729 ζυγὸν
2697 4661 2796 4729 τῆς
2842 4659 3107 4721 δουλείας,
3141 4660 3234 4711 καὶ
3271 4658 3521 4722 δέξασθαι
3548 4659 3642 4713 τοῦ
3675 4661 3810 4728 Χρι-

2243 4750 2366 4804 στοῦ
2394 4749 2492 4820 τὴν
2516 4747 2829 4801 δεσποτείαν
2863 4745 3270 4816 κηρυττομένην
3295 4762 3308 4774 ·
3349 4747 3402 4796 '0
3433 4747 3647 4813 Κύριος
3674 4745 3812 4799 ἐϐα-

2241 4842 2511 4895 σίλευσε.
2536 4836 2815 4888 Πέπαυται
2841 4833 2933 4885 τοῦ
2967 4833 3194 4885 θανάτου
3232 4833 3264 4900 ή
3307 4831 3570 4898 βασιλεία,
3601 4831 3814 4884 πέπαυ-

2241 4946 2329 4981 ται
2357 4928 2453 4995 τῆς
2489 4922 2759 4994 ἀμαρτίας
2789 4922 2850 4972 τὸ
2879 4920 3100 4987 κράτος,
3137 4919 3409 4970 πέπαυται
3443 4917 3536 4970 τοῦ
3563 4917 3811 4971 διαϐόλου

2241 5018 2274 5083 ή
2306 5011 2538 5079 ἐξουσία.
2605 5010 2659 5060 '0
2702 5007 2915 5072 Κύριος
2956 5005 3374 5070 ἐϐασίλευσεν,
3423 5003 3812 5073 ἀγαλλιὰσθω

2242 5103 2280 5167 ἢ
2314 5099 2407 5169 γῆ.
2452 5094 2735 5163 Ἀγαλλιᾷν
2781 5092 2887 5161 γὰρ
2925 5090 3192 5160 ὸφείλειή
3237 5092 3364 5143 ποτέ
3413 5090 3810 5161 δεδουλωμένη,

2243 5188 2336 5241 καὶ
2375 5184 2468 5236 νῦν
2509 5179 2958 5250 ἐλευθερωθεῖσα·
3004 5179 3036 5246 ἡ
3091 5179 3217 5230 ποτέ
3259 5176 3668 5246 πεπλανημένη,
3721 5181 3813 5231 καὶ

2242 5273 2336 5326 νῦν
2361 5268 2751 5338 δεδοξασμένηο
2790 5268 2823 5334 ὴ
2859 5264 2988 5322 ποτὲ
3013 5267 3069 5317 ἐν
3101 5266 3310 5333 τάφοις,
3343 5263 3437 5317 καὶ
3467 5263 3560 5315 νῦν
3594 5265 3652 5316 ἐν
3683 5263 3810 5334 θρό-

2305 5529 2326 5555 ε
2379 5523 2514 5573 Unus
2551 5527 2661 5584 post
2693 5519 2884 5584 ψαλμοῦ
2917 5518 3236 5584 ὴαδείιτιοίου
3268 5515 3472 5584 ’τούτοξδς
3514 5515 3669 5584 ξ’δριο
3703 5523 3812 5584 ροῖίι

2243 5588 2372 5635 Idem
2393 5577 2663 5646 πρόσφατον
2686 5577 2924 5646 λαϐόντος,
2951 5589 3001 5628 eL
3023 5579 3140 5628 infra
3161 5577 3388 5646 ἡρμήνευε
3410 5577 3668 5646 βασιλείαν·
3701 5577 3740 5625 ει
3761 5579 3811 5646 δέ

2243 5650 2382 5707 λέγει,
2416 5638 2473 5693 ιζ)
2499 5638 2669 5706 Κύριος
2712 5644 3004 5707 ἐϐασίλευσε,
3049 5640 3277 5707 νεωτέραν
3299 5638 3402 5707 τινὰ
3423 5641 3686 5707 κυριότητα
3732 5641 3808 5686 καὶ

2244 5697 2518 5756 δεσποτείαν
2535 5709 2560 5753 6
2576 5697 2871 5767 ¹προφνισιτικὸς
2895 5705 3029 5767 λόγρς
3052 5697 3330 5767 αἰνίττεσθαι
3355 5697 3587 5757 βούλεται.
3612 5701 3808 5762 Εἰρηται

2241 5768 2394 5817 τοίνυν
2417 5767 2524 5831 ὑμῖν
2545 5759 2634 5816 καί
2645 5759 2827 5830 πρῴην,
2849 5765 2929 5812 καὶ
2951 5759 3032 5811 νῦν
3049 5761 3100 5809 δὲ
3124 5759 3413 5821 λεχθήσεται.
