3996 6420
175 423 284 475 401

170 518 256 571 vid
289 539 302 572 :
336 516 437 582 Qui
458 517 725 569 annuntiat
745 514 944 567 verbum
967 528 1114 567 suum
1137 509 1317 575 Jacob,
1333 509 1561 578 justitias
1596 514 1641 560 et
1658 510 1748 577 ju-

168 607 300 659 dicia
325 623 421 658 sua
447 605 632 659 Israel.
668 603 785 658 Non
812 604 927 675 fecit
968 603 1135 656 taliter
1176 601 1311 654 omni
1339 599 1551 665 nationi,
1580 609 1626 650 et
1657 598 1749 668 ju-

170 699 302 751 dicia
327 714 423 752 sua
453 715 554 752 non
592 697 928 768 manifestavit
954 696 1024 749 eis
1060 695 1079 764 (
1110 692 1256 749 Psal.
1286 695 1409 748 H7.
1460 693 1510 747 8.
1560 691 1612 745 9.
1663 689 1748 744 19.

170 794 236 847 eo
268 795 306 859 ).

240 885 293 938 5.
320 882 548 935 Iustitia:
574 880 883 950 evangelium
907 896 924 943 ;
954 879 1200 933 servitutis
1225 877 1412 945 species
1433 876 1658 928 diversas.
1679 903 1752 913 —

170 975 300 1041 Quia
325 989 456 1044 ergo
503 974 591 1026 uni
615 973 760 1041 genti
792 971 1070 1040 patefecit,
1111 969 1196 1021 hic
1232 984 1362 1021 vero
1392 967 1630 1020 doctrina
1657 981 1750 1020 ve-

171 1065 342 1118 ritatis
374 1073 641 1132 tamquam
687 1062 750 1116 ad
792 1071 1040 1115 stateram
1067 1069 1298 1126 appensa
1321 1097 1334 1121 ,
1361 1057 1607 1110 omnibus
1635 1071 1753 1108 eam

172 1169 232 1207 ex
265 1168 422 1223 sequo
446 1151 875 1208 communicavit.
909 1150 1367 1217 Adverte,qu:eso.
1398 1145 1613 1199 Justitia
1635 1153 1751 1208 est,

173 1258 359 1298 omnes
388 1259 455 1297 ex
486 1257 638 1311 aequo
659 1241 836 1295 salvos
865 1239 1002 1293 velle
1031 1256 1045 1291 :
1079 1252 1176 1291 nec
1199 1236 1548 1290 dilferentiam
1579 1234 1755 1288 facere

174 1334 316 1388 servi
346 1342 440 1386 aut
471 1331 642 1394 liberi,
676 1329 882 1383 barbari
903 1337 995 1380 aut
1022 1326 1215 1391 Gratci,
1241 1325 1476 1378 mulieris
1507 1324 1587 1377 vel
1614 1323 1747 1375 viri:

175 1427 267 1481 sed
297 1425 439 1494 quod
473 1423 662 1478 Paulus
687 1422 812 1476 dicit
844 1437 857 1472 :
893 1419 959 1472 In
980 1419 1178 1472 Christo
1202 1416 1327 1470 Jesu
1348 1433 1446 1470 non
1472 1416 1712 1468 barbarus
1735 1455 1750 1477 ,

176 1533 274 1569 non
298 1516 494 1584 Scytha
517 1530 535 1567 :
566 1530 664 1566 non
697 1528 824 1574 mas,
857 1527 958 1564 non
985 1511 1172 1578 femina
1202 1525 1219 1561 :
1253 1525 1341 1561 nec
1365 1525 1552 1571 servus,
1588 1523 1676 1560 nec
1695 1506 1758 1558 li-

175 1608 296 1675 θεν(
325 1606 521 1660 Coloss.
547 1605 599 1657 5.
634 1604 692 1656 11
727 1603 770 1656 ι.
804 1601 1031 1655 Videsne
1058 1598 1592 1670 aequalitatem?Quia
1614 1597 1755 1652 enim

179 1707 362 1749 natura
392 1695 626 1762 tequales
649 1707 832 1746 sumus
853 1732 867 1756 ,
897 1692 1021 1745 licet
1059 1691 1337 1745 sententiis
1376 1689 1748 1752 dissideamus,

179 1794 423 1837 naturam
459 1791 697 1837 nostram
726 1783 959 1850 pristinae
987 1782 1061 1835 illi
1092 1781 1469 1849 pulchritudini
1506 1781 1754 1834 restituit.

178 1871 307 1927 Cum
335 1873 480 1926 enim
512 1872 749 1925 Adamus
771 1886 801 1925 e
834 1880 972 1925 terra
1002 1869 1259 1924 formatus
1287 1869 1405 1934 fuit,
1441 1884 1546 1923 non
1573 1869 1759 1923 alieni-

178 1979 334 2032 gena,
369 1979 476 2016 non
508 1962 704 2032 Scytha
726 2003 743 2027 ,
777 1976 873 2015 nec
911 1961 1168 2014 barbarus
1194 2002 1207 2022 ,
1240 1975 1337 2014 nec
1366 1961 1584 2014 Grrccus
1604 2001 1617 2024 ,
1653 1975 1757 2012 non

177 2069 385 2119 servus,
416 2071 522 2108 non
552 2055 705 2118 liber,
731 2067 834 2106 non
863 2067 998 2117 mas,
1023 2067 1121 2106 nec
1147 2053 1340 2105 femina
1370 2059 1486 2106 erat
1517 2068 1530 2103 :
1559 2066 1622 2104 ex
1651 2065 1758 2104 uno

181 2145 439 2214 siquidem
467 2144 574 2198 duo
601 2144 684 2197 illa
711 2142 1022 2211 procreavit.
1069 2141 1388 2196 Servitutem
1437 2157 1540 2194 non
1575 2151 1759 2195 natura

181 2236 389 2303 genuit,
435 2234 530 2288 sed
565 2234 787 2288 liberum
814 2233 1090 2287 arbitrium
1141 2234 1365 2301 peperit.
1418 2233 1520 2286 Sed
1563 2242 1614 2285 ct
1662 2234 1760 2286 alia

180 2327 386 2392 species
414 2326 689 2380 servitutis
718 2334 818 2390 est,
848 2325 912 2378 ad
940 2340 1096 2393 quam
1143 2324 1463 2379 necessitate
1490 2323 1643 2377 famis
1673 2332 1762 2378 aut

181 2419 505 2487 captivitatis
550 2417 832 2486 adigimur.
885 2417 1084 2470 Prmter
1112 2417 1248 2469 hanc
1279 2430 1489 2484 quoque
1519 2416 1620 2469 alia
1649 2424 1760 2478 est,

182 2525 334 2577 quam
368 2519 562 2578 sponte
594 2508 863 2562 subimus:
891 2517 946 2559 ut
971 2507 1177 2562 ancillis
1203 2508 1252 2559 in
1278 2522 1472 2560 uxores
1490 2508 1682 2568 ductis,
1709 2509 1766 2560 li-

183 2598 441 2654 bertatem
473 2599 772 2663 vendimus,
795 2607 848 2651 et
873 2612 971 2652 nos
993 2597 1260 2651 servitutis
1274 2598 1400 2665 jugo
1428 2597 1760 2665 subiicimus.

182 2691 254 2742 Ac
287 2691 456 2758 prima
487 2688 700 2756 quidem
733 2688 819 2741 illa
846 2688 1005 2740 animi
1028 2686 1254 2756 quadam
1283 2688 1542 2755 pravitate
1567 2688 1765 2742 consti-

186 2791 287 2834 tuta
311 2791 414 2836 est.
448 2780 526 2834 Tu
558 2794 703 2841 vero,
735 2777 876 2833 unde
912 2779 1023 2832 hinc
1053 2779 1284 2832 servitus
1308 2779 1566 2847 originem
1595 2779 1762 2832 duxe-

185 2875 270 2937 rit,
304 2871 546 2925 attende.
578 2871 700 2924 Post
727 2870 991 2924 diluvium
1023 2870 1134 2924 Noé
1160 2886 1279 2924 cum
1308 2871 1485 2923 vinum
1522 2871 1762 2936 bibisset,

189 2980 284 3018 nec
313 2973 370 3017 ut
400 2979 494 3032 par
520 2974 635 3017 erat
669 2963 796 3018 illud
829 2971 1212 3030 temperasset,
1243 2963 1500 3030 imperitia
1539 2963 1764 3030 quadam

187 3054 482 3107 inebriatus
521 3062 602 3108 est
635 3073 646 3107 :
687 3069 858 3123 neque
883 3053 1200 3114 voluntatis,
1245 3053 1338 3106 sed
1374 3053 1597 3106 inscitiae
1626 3069 1769 3104 mor-

189 3146 309 3198 bum
339 3144 592 3207 admisit;
625 3155 676 3197 et
719 3143 929 3212 quidem
958 3143 1139 3196 ebrius
1169 3142 1400 3208 seipsum
1431 3141 1724 3194 denudavit
1749 3159 1761 3193 :

188 3245 347 3304 atque
375 3250 510 3289 unus
542 3250 571 3287 e
603 3234 724 3286 filiis
752 3233 1042 3300 ingressus,
1081 3239 1282 3299 patrem
1312 3229 1508 3283 nudum
1538 3244 1766 3296 conspe-

185 3338 329 3378 ctum
365 3326 553 3378 irrisit.
587 3323 720 3390 Quid
753 3323 910 3391 igitur
949 3329 1097 3389 pater
1118 3320 1225 3390 jam
1256 3319 1465 3374 sobrius
1487 3320 1549 3373 ad
1582 3319 1768 3372 illum?

191 3415 496 3469 Maledicta:
523 3413 790 3479 Chanaan,
828 3428 998 3467 servus
1027 3414 1117 3464 erit
1147 3412 1388 3481 fratribus
1416 3413 1518 3464 suis
1546 3410 1692 3480 (Gen.
1713 3410 1766 3464 9.

188 3508 303 3573 25).
345 3506 502 3559 Vides
534 3514 806 3573 peccatum
853 3503 1162 3557 servitutem
1217 3502 1609 3555 introduxisse?
1635 3501 1770 3554 [line

188 3598 445 3650 Servator
474 3613 486 3646 :
515 3594 692 3648 Omnis
718 3596 802 3663 qui
827 3602 1082 3663 peccatum
1112 3592 1231 3662 facit
1253 3632 1265 3653 ,
1290 3608 1458 3644 servus
1483 3601 1553 3644 est
1584 3591 1771 3658 peccati

186 3689 205 3753 (
235 3687 396 3740 Joan.
423 3686 476 3740 8.
505 3687 574 3740 54
597 3686 640 3754 ).
673 3685 955 3752 Postquam
986 3699 1114 3752 ergo
1138 3682 1414 3735 Liberator
1437 3682 1648 3734 humani
1674 3695 1769 3748 ge—

188 3779 332 3832 neris
361 3777 614 3838 advenit,
654 3775 858 3827 veniam
915 3774 1143 3840 peccatis
1171 3772 1472 3834 concessit,
1503 3773 1607 3823 imo
1644 3784 1768 3822 vero

190 3867 407 3921 sustulit
436 3865 454 3930 (
484 3863 744 3933 siquidem
777 3863 953 3916 radice
981 3863 1178 3926 excisa,
1211 3860 1411 3912 fructus
1440 3860 1596 3912 simul
1625 3859 1772 3912 exci-

191 3960 314 4028 dit},
348 3967 502 4011 vocat
528 3957 858 4024 evangelium
877 3954 1114 4022 justitire,
1145 3952 1283 4020 quod
1316 3966 1502 4003 omnes
1528 3966 1591 4003 ex
1619 3965 1771 4017 :equo

190 4046 434 4100 homines
461 4045 712 4099 illustret.
740 4044 908 4098 Judaei
941 4043 1082 4096 enim
1115 4040 1528 4102 arbitrabantur,
1547 4055 1772 4107 cvange-

192 4138 345 4201 liutn,
392 4134 532 4203 quod
587 4149 680 4203 per
725 4135 894 4202 ipsum
926 4129 1392 4200 promulgabatur,
1421 4129 1485 4182 ad
1535 4144 1593 4182 se
1631 4129 1772 4181 solos

193 4231 483 4296 pertinere.
524 4227 716 4282 Verum
759 4226 872 4279 haec
914 4225 1147 4294 ipsorum
1176 4222 1502 4290 exspectatio
1530 4221 1772 4289 inopina-

197 4331 304 4373 tum
330 4327 577 4373 eventum
604 4317 788 4371 sortita
821 4324 920 4369 est.
952 4313 1261 4382 llincigitur
1279 4311 1580 4364 Davidicum
1610 4311 1734 4363 illud
1758 4326 1769 4361 :

195 4411 542 4478 Suscepintus,
573 4408 724 4473 Deus,
759 4405 1152 4459 misericordiam
1177 4414 1312 4455 tuam
1338 4404 1389 4454 in
1415 4402 1575 4454 medio
1603 4402 1774 4469 populi

198 4501 271 4552 tui
299 4515 317 4552 :
350 4499 628 4552 secundum
658 4513 839 4549 nomen
881 4506 1022 4546 tuum
1042 4535 1056 4558 ,
1088 4492 1247 4557 Deus,
1280 4494 1350 4544 ita
1395 4500 1440 4544 et
1470 4492 1582 4544 laus
1613 4501 1696 4543 tua
1724 4491 1776 4541 in

196 4591 320 4658 ﬁnes
350 4598 497 4641 terra:
531 4589 552 4658 (
582 4586 723 4640 Psal.
751 4589 837 4640 47.
871 4586 955 4640 10.
988 4587 1046 4639 11
1090 4586 1129 4654 ).
1165 4585 1231 4637 Ει
1261 4595 1318 4637 ut
1353 4582 1772 4642 demonstraret,

195 4680 337 4751 quod
388 4679 804 4734 misericordiam
856 4693 1004 4733 suam
1035 4677 1304 4731 declarare
1354 4676 1404 4726 in
1460 4673 1594 4726 fines
1635 4672 1778 4724 orbis

197 4782 376 4834 terrm,
409 4771 479 4823 sit
509 4770 598 4822 illa
619 4770 844 4838 justitia,
877 4769 1101 4835 subjecit
1130 4785 1140 4819 :
1164 4766 1369 4818 Justitia
1392 4765 1538 4837 plena
1563 4771 1630 4814 est
1657 4762 1778 4814 dea:-

199 4874 302 4916 tera
333 4871 416 4914 tua
447 4861 463 4927 (
496 4859 627 4912 Ibid.
728 4859 1174 4926 Quotiescumque
1205 4853 1512 4922 profundior
1538 4853 1707 4919 aliqua
1727 4859 1780 4903 et

200 4955 509 5027 prophetica
542 4967 658 5005 sese
685 4952 933 5004 obtulerit
961 4950 1183 5018 quaestio
1202 4987 1216 5010 ,
1255 4962 1370 4999 eam
1415 4944 1737 5010 amplectere
1763 4958 1775 4993 :

201 5063 304 5100 non
335 5044 546 5114 quidem
578 5042 859 5110 applause,
912 5040 1002 5093 sed
1054 5037 1398 5106 intelligentia
1433 5052 1446 5086 :
1481 5049 1547 5086 ne
1577 5033 1780 5100 simpli-

202 5141 335 5192 citer
361 5135 644 5188 verborum
672 5131 903 5182 sonitum
935 5129 1216 5190 admirare,
1250 5126 1344 5180 sed
1375 5123 1695 5178 sententiam
1728 5130 1782 5174 et

206 5231 313 5282 vim
340 5227 581 5294 explora.
614 5223 666 5276 Si
697 5225 838 5275 enim
871 5235 997 5274 vere
1027 5229 1079 5273 et
1109 5235 1178 5273 ex
1219 5219 1396 5270 animo
1433 5215 1637 5268 divinas
1670 5213 1781 5264 lau-

205 5320 299 5372 des
331 5313 707 5378 celebraveris,
739 5311 1070 5377 maximeque
1098 5309 1410 5362 Davidicum
1441 5305 1568 5359 illud
1593 5320 1782 5358 oracu-

208 5410 314 5461 lum
369 5405 671 5462 cautaveris
702 5420 713 5456 :
764 5401 1088 5466 Suscepimus
1113 5440 1126 5462 ,
1157 5400 1290 5453 Deus
1326 5441 1341 5465 ,
1391 5396 1780 5458 misericordiam

209 5509 342 5551 tuam
378 5500 430 5550 in
484 5497 646 5548 medio
679 5494 848 5564 populi
893 5499 963 5544 tui
1001 5507 1019 5545 :
1065 5492 1340 5544 secundum
1383 5506 1564 5543 nomen
1601 5499 1776 5547 tuum,

211 5589 362 5654 Deus,
385 5591 455 5641 ita
483 5598 528 5641 et
555 5587 664 5640 laus
703 5596 788 5638 tua
816 5587 868 5638 in
911 5585 1032 5652 ﬁnes
1063 5592 1208 5636 terrm
1232 5599 1250 5636 :
1289 5579 1489 5644 justitia
1521 5579 1668 5650 plena
1710 5587 1780 5631 est

210 5680 412 5732 dextera
465 5688 552 5730 tua
583 5693 600 5732 τ
628 5676 781 5731 simul
837 5685 891 5730 et
929 5675 1132 5728 divinas
1172 5673 1354 5726 laudes
1394 5673 1704 5735 celebrans,
1729 5677 1782 5723 et

209 5781 390 5826 sancto
415 5768 617 5839 Spiritu
642 5770 873 5839 repletus
898 5767 1330 5838 deprehenderis.
1349 5768 1447 5833 Qui
1475 5769 1615 5823 enim
1633 5769 1780 5834 inge-

1337 390 1614 449 HOMILIA
1655 388 1743 444 DE
1783 387 2278 445 LEGISLATORE.

3315 411 3426 462 402

1862 520 1964 558 nue
1984 512 2038 558 et
2075 520 2138 558 ex
2177 505 2355 558 animo
2383 503 2555 572 psallit
2580 544 2595 570 ,
2625 502 2805 558 animo
2833 513 3148 572 renovatus,
3173 507 3426 576 templum

1858 593 2089 662 Spiritus
2130 594 2298 647 sancti
2328 593 2573 648 efﬁcitur.
2620 593 2804 662 Neque
2846 595 2985 648 enim
3025 611 3243 664 parvum
3272 597 3428 665 quid-

1858 686 1998 754 piam
2041 685 2368 755 psalmorum
2417 686 2832 739 modulationem
2881 687 3284 741 existimaveris.
3331 687 3426 740 Vi-

1857 774 2012 827 detur
2043 775 2129 827 illa
2162 773 2372 842 quidem
2399 788 2554 827 aures
2585 784 2784 827 tantum
2816 775 3147 840 demulcere,
3179 778 3321 846 atqui
3345 792 3430 831 re-

1861 864 1976 932 ipsa
2006 865 2235 918 mimum
2278 879 2488 934 quoque
2535 866 2749 918 excitat.
2793 865 2880 919 Sic
2909 867 3066 918 etiam
3101 866 3282 920 beatus
3319 866 3429 920 Eli-

1858 969 1999 1007 szeus
2029 953 2305 1022 propheta,
2331 968 2452 1007 cum
2477 967 2506 1005 a
2535 953 2744 1021 regibus
2788 954 3135 1022 quibusdam,
3173 965 3230 1008 ut
3251 954 3424 1008 futura

1862 1044 2192 1113 pra-diceret,
2225 1051 2518 1111 rogaretur,
2551 1042 2625 1096 ait
2657 1063 2671 1097 :
2702 1041 2832 1096 Date
2851 1045 2974 1097 mihi
2996 1045 3174 1110 virum,
3205 1046 3430 1113 quisciat

1862 1133 2076 1202 psallere
2100 1134 2117 1201 (
2141 1134 2192 1186 4.
2220 1132 2345 1201 Reg.
2377 1134 2428 1187 5.
2462 1133 2529 1188 15
2555 1133 2574 1202 )
2601 1148 2616 1185 :
2648 1132 2737 1201 qui
2764 1148 2886 1187 cum
2916 1133 3174 1198 venisset,
3211 1147 3263 1188 et
3291 1135 3434 1202 psal-

1862 1223 2017 1287 leret,
2042 1222 2232 1290 inquit,
2265 1222 2490 1289 Spiritus
2516 1230 2730 1275 sanctus
2755 1237 2916 1290 super
2941 1221 3188 1275 Eliszuum
3219 1222 3431 1275 cecidit.

1860 1312 1995 1376 Quid
2017 1312 2207 1379 igitur?
2228 1327 2424 1379 ergone
2441 1311 2669 1380 Spiritus
2695 1320 2910 1365 sanctus
2932 1311 3144 1364 vocibus
3169 1312 3437 1365 modulan-

1862 1402 1991 1454 tium
2013 1400 2309 1454 oblectatur
2328 1440 2341 1464 ,
2367 1408 2422 1453 et
2449 1400 2589 1453 velut
2616 1400 3062 1454 incantationibus
3091 1401 3338 1464 allicitur,
3360 1402 3436 1454 si-

1861 1491 2074 1558 quidem
2125 1492 2179 1543 in
2242 1489 2515 1557 propheta:
2563 1491 2742 1542 animo
2791 1489 3096 1558 acquievit?
3135 1489 3432 1545 Sufficiebat

1860 1592 2010 1636 certe
2040 1581 2308 1650 prophetae
2341 1581 2540 1649 puritas
2565 1622 2578 1643 ,
2613 1589 2670 1634 ut
2693 1581 2950 1648 Spiritum
2989 1591 3230 1634 sanctum
3273 1581 3432 1634 advoc

1863 1683 2027 1728 caret.
2052 1673 2158 1728 Cur
2181 1687 2309 1741 ergo
2339 1671 2464 1726 dicit
2489 1689 2501 1724 :
2534 1670 2666 1724 Date
2691 1672 2811 1724 mihi
2847 1672 3044 1736 virum,
3074 1673 3158 1741 qui
3188 1670 3436 1738 psallendi

1863 1767 1926 1818 sit
1955 1766 2115 1818 sciens
2138 1765 2163 1816 Ρ
2198 1765 2312 1818 Non
2344 1780 2472 1818 sane
2503 1773 2560 1817 ut
2583 1763 2815 1833 Spiritus
2857 1776 3071 1818 sanctus
3114 1764 3434 1832 psalmorum

1865 1855 2229 1908 modulatione
2257 1855 2634 1916 oblectaretur,
2664 1853 2755 1908 sed
2787 1862 2862 1916 ut,
2895 1853 2983 1906 illo
3010 1861 3275 1914 cantante,
3308 1867 3432 1920 pro-

1863 1947 2042 2016 pheta,
2067 1955 2244 1999 meute
2262 1955 2533 2009 renovata,
2551 1945 2776 2013 Spiritus
2802 1945 2969 1997 sancti
2998 1944 3224 1997 adventu
3249 1942 3441 2011 dignus

1864 2036 2180 2091 efficeretur.
2217 2035 2444 2104 Ideoque
2468 2035 2720 2103 Spiritum
2749 2037 2976 2098 invocat,
3009 2044 3064 2087 ttt
3100 2034 3310 2102 planum
3355 2030 3438 2085 fa-

1867 2137 2030 2190 ceret,
2062 2141 2164 2180 non
2195 2127 2488 2196 psalmodia
2532 2127 2690 2188 allici,
2724 2127 2816 2180 sed
2857 2127 3034 2178 animo
3071 2141 3162 2194 per
3203 2123 3442 2178 modula-

1867 2219 2064 2272 tionem
2101 2219 2354 2272 excitato.
2389 2217 2570 2286 Neque
2607 2218 2694 2271 ille
2726 2218 2789 2271 ad
2828 2218 3142 2285 psallentem
3177 2217 3436 2285 pervenit,

1866 2309 1961 2364 sed
2003 2309 2070 2362 ad
2116 2310 2438 2363 audientem.
2488 2308 2704 2376 Oportet
2752 2311 2925 2378 itaque
2971 2309 3290 2377 psalmorum
3337 2310 3441 2360 vim

1869 2403 2192 2470 perscrutari
2222 2418 2236 2453 :
2262 2401 2528 2468 praecipue
2558 2416 2683 2452 vero
2711 2400 2847 2467 ejus,
2876 2402 2964 2468 qui
2996 2402 3144 2453 nobis
3179 2400 3335 2453 hodie
3361 2407 3444 2454 est

1867 2493 2117 2544 recitatus
2145 2492 2160 2522 ¹
2191 2508 2207 2543 :
2233 2490 2478 2544 Dominus
2503 2490 2728 2558 regnavit
2749 2529 2764 2554 ,
2802 2491 3011 2542 exsultet
3037 2501 3186 2548 terra.
3216 2491 3444 2542 (tutentur

1868 2583 2048 2635 insula:
2097 2583 2266 2634 multra
2304 2581 2492 2651 (Psal.
2531 2582 2618 2635 96.
2658 2583 2680 2634 1
2718 2584 2759 2650 ).
2807 2581 3085 2647 Quomodo
3115 2597 3239 2650 ergo
3278 2581 3441 2648 illttd,

1869 2673 2114 2726 Dominus
2144 2672 2391 2739 regnavit,
2417 2671 2651 2738 accipis"
2678 2687 2801 2724 num
2825 2672 2972 2738 quasi
3003 2685 3192 2725 recens
3220 2671 3284 2725 ad
3305 2672 3444 2726 fasti-

1869 2766 2011 2834 gium
2036 2763 2162 2817 illud
2194 2764 2349 2832 regia:
2373 2763 2640 2832 dignitatis
2664 2763 3002 2830 pervenerit?
3031 2763 3084 2814 Si
3107 2761 3245 2816 enim
3269 2762 3445 2817 dixis-

1871 2866 1971 2917 set,
2007 2855 2260 2908 Dominus
2288 2862 2473 2922 regnat
2505 2868 2516 2903 :
2549 2853 2925 2919 sempiternam
2957 2851 3096 2904 illius
3136 2852 3331 2920 regiam
3360 2852 3444 2904 di-

1871 2945 2125 3013 gnitatem
2156 2953 2409 2997 notasset.
2434 2942 2550 2996 Jam
2577 2957 2702 2995 vero
2732 2941 2890 3002 dicit,
2921 2938 3170 2993 Dominus
3203 2941 3444 3008 regnavit.

1873 3037 2077 3088 Dictum
2107 3046 2188 3088 est
2230 3049 2397 3102 nuper
2424 3040 2477 3084 et
2501 3032 2607 3099 jam
2652 3033 2841 3084 iterum
2868 3031 3094 3083 dicetur.
3127 3033 3260 3084 Ante
3290 3031 3446 3084 Chri-

1872 3127 1940 3180 sti
1967 3126 2270 3187 adventum,
2305 3132 2426 3175 ante
2451 3121 2722 3190 Evangelii
2757 3121 3248 3188 promulgationem,
3275 3121 3326 3173 in
3355 3135 3446 3173 na-

1875 3226 2042 3271 turam
2077 3226 2309 3269 nostram
2361 3213 2638 3281 imperium
2672 3211 2943 3264 obtinebat
2964 3210 3223 3268 diabolus.
3260 3225 3448 3278 pecca-

1876 3317 2005 3370 tum,
2027 3319 2188 3358 mors.
2211 3302 2484 3356 Undenam
2506 3301 2639 3354 hoc?
2664 3300 2856 3353 Paulus
2876 3300 3104 3367 explicat
3129 3299 3450 3366 :tQuemad-

1874 3397 2088 3451 tnodum
2119 3395 2258 3448 enim
2311 3392 2546 3460 regnavit
2590 3399 2860 3458 peceatum
2909 3390 2959 3442 in
3018 3389 3224 3442 mortali
3267 3397 3450 3443 nostro

1873 3503 2115 3556 corpore,
2133 3487 2209 3540 sic
2227 3485 2382 3539 etiam
2411 3484 2574 3552 gratia
2595 3482 2827 3551 regnavit
2847 3497 2941 3550 per
2965 3480 3228 3534 Christum
3243 3500 3261 3531 ι
3277 3481 3448 3550 (Rom.

1876 3581 1928 3634 6.
1961 3579 2068 3648 12).
2103 3579 2241 3631 Ecce
2271 3574 2467 3644 peccati
2500 3588 2742 3642 regnum.
2772 3572 2993 3626 Ubinam
3024 3570 3217 3624 diaboli
3251 3570 3274 3622 ?
3314 3571 3449 3625 Audi

1876 3673 2214 3726 Set-valerem
2258 3668 2565 3721 dicentem:
2617 3663 2675 3717 Si
2722 3673 2925 3716 satanas
2971 3673 3198 3714 satanant
3223 3661 3446 3729 expellit,

1877 3765 2112 3817 adversus
2150 3763 2367 3830 seipsum
2395 3758 2583 3810 divisus
2612 3765 2682 3809 est
2712 3771 2729 3808 :
2758 3754 3005 3815 quomodo
3050 3769 3164 3821 ergo
3198 3754 3344 3806 stabit
3373 3769 3452 3806 re-

1877 3873 2030 3926 gnunt
2061 3854 2199 3907 illius
2228 3853 2244 3921 (
2273 3851 2461 3904 Matth.
2488 3849 2575 3903 12.
2605 3848 2674 3902 26
2703 3849 2759 3916 )?
2810 3847 2946 3900 Ecce
2982 3846 3175 3898 diaboli
3209 3862 3450 3916 regnum.

1880 3947 2106 4000 Ubinam
2150 3943 2376 3996 mortis?
2403 3939 2538 3993 Audi
2571 3939 2789 3992 Paulum
2821 3935 3173 3989 disserentem
3210 3954 3221 3988 :
3254 3935 3453 4005 Regna-

1879 4041 1944 4089 vit
1973 4052 2104 4087 ntors
2133 4035 2193 4085 ab
2219 4032 2379 4084 Adam
2409 4046 2563 4093 usque
2590 4028 2656 4080 ad
2691 4027 2897 4090 Mosen,
2926 4041 3076 4094 super
3107 4041 3206 4088 eos,
3241 4027 3327 4087 qui
3354 4041 3452 4077 non

1879 4133 2200 4195 peccaverant
2232 4124 2248 4190 (
2284 4122 2431 4173 llam.
2463 4120 2513 4174 5.
2543 4120 2607 4171 14
2629 4117 2668 4187 ).
2697 4118 2828 4170 Cum
2870 4117 3025 4183 igitur
3047 4115 3302 4168 diabclica
3329 4115 3454 4167 ttias

1881 4219 1931 4272 itt
1947 4227 2181 4272 sanctam
2201 4225 2254 4269 et
2274 4215 2599 4282 impollutam
2615 4211 2927 4264 Trinitatem
2953 4207 3281 4277 tyrannidem
3306 4222 3453 4259 suam

1883 4308 2249 4368 exercuisset,
2280 4305 2480 4358 scilicet
2500 4343 2512 4366 ,
2541 4301 2814 4364 diabolus,
2841 4309 3113 4367 peccatum
3137 4337 3151 4363 ,
3187 4312 3329 4350 mors
3360 4316 3372 4351 :
3403 4308 3455 4350 et

1882 4398 2124 4453 diabolus
2176 4394 2388 4464 quidem
2439 4393 2744 4457 deciperet,
2793 4397 3069 4457 peccatum
3099 4388 3454 4449 interficeret,

1883 4505 2027 4543 mors
2057 4503 2182 4541 vero
2221 4485 2476 4554 sepeliret
2506 4500 2516 4532 :
2554 4482 2715 4534 David
2742 4520 2756 4544 ,
2809 4481 2905 4533 hac
2937 4480 3135 4549 triplici
3178 4478 3455 4548 tyrannide

1886 4579 2159 4649 oppressis
2188 4577 2364 4628 laetum
2397 4573 2637 4627 nuntium
2680 4570 2831 4624 all‘ert
2855 4613 2869 4636 ,
2902 4579 3220 4638 monetque,
3255 4579 3309 4620 ut
3339 4583 3456 4621 sese

1886 4686 1950 4724 ex
1982 4668 2254 4723 servitutis
2282 4667 2410 4734 jugo
2433 4663 2750 4724 subducant,
2783 4669 2836 4713 et
2857 4660 3184 4713 dominatum
3215 4657 3410 4710 Christi
3438 4700 3453 4722 ,

1885 4760 2024 4830 quod
2073 4756 2492 4828 prtetlicabatur,
2526 4752 2953 4820 amplectantur:
2983 4747 3230 4799 Dominus
3274 4763 3456 4816 regna-

1886 4857 1970 4907 vit.
2004 4855 2246 4921 Regnum
2275 4850 2460 4906 mortis
2496 4846 2747 4900 abolitum
2777 4850 2880 4906 est,
2913 4852 2965 4896 et
2994 4842 3191 4910 peccati
3221 4841 3456 4909 potentia

1887 4946 2154 4997 destructa
2183 4950 2280 5003 est,
2311 4951 2362 4992 et
2389 4935 2582 4990 diaboli
2618 4942 2849 5003 potestas
2879 4931 3042 4984 fracta
3075 4939 3172 4983 est.
3210 4928 3452 4979 Dominus

1885 5033 2125 5103 regnavit,
2156 5032 2364 5084 exsultet
2396 5039 2544 5081 terra.
2579 5027 2644 5079 Et
2688 5025 2875 5078 merito
2906 5037 3032 5075 s:me
3062 5020 3327 5074 exsultare
3357 5018 3452 5071 de-

1887 5125 2022 5186 buit,
2053 5137 2169 5191 qua:
2191 5120 2456 5190 quondam
2494 5120 2542 5170 in
2583 5115 2890 5168 servitutem
2923 5111 3155 5174 redacta,
3185 5110 3291 5178 jam
3324 5108 3458 5160 libe-

1888 5227 1997 5268 rata
2025 5225 2106 5269 est
2140 5233 2151 5266 :
2183 5231 2299 5282 qua:
2330 5213 2453 5265 olim
2483 5207 2715 5270 erravit,
2745 5207 2853 5275 jam
2899 5204 3066 5272 gloria
3108 5199 3411 5268 reSpIendet
3444 5215 3457 5249 :

1951 5395 1966 5423 ί
2004 5399 2129 5439 Unus
2153 5396 2265 5450 post
2281 5389 2366 5450 bas
2406 5396 2564 5450 voces,
2590 5381 2732 5450 hodie
2755 5386 2822 5430 est
2845 5375 3100 5450 recitatus,‘
3119 5375 3305 5450 habet}
3326 5381 3458 5450 gua-

1889 5453 1947 5503 lt's
1971 5435 2231 5502 Paulinus?
2248 5435 2455 5496 Infra...
2484 5435 2762 5506 dignitatem
2799 5445 3028 5506 notasset;
3057 5437 3100 5486 si
3137 5441 3295 5506 autem
3319 5435 3453 5506 dicit,

1896 5492 2184 5563 T507135};
2192 5492 2419 5570 regnavit,
2438 5492 2459 5551 vi
2487 5492 2688 5570 mEntem
2705 5509 2913 5570 nostram
2930 5492 3182 5570 adducere,
3191 5492 3460 5570 sermo

1888 5560 2189 5646 manem
2207 5560 3458 5646 aii.ceae:ree93r£919i¥€£d“.flfi:.’i€3ﬁﬁt'53?

1888 5621 2090 5701 agitant.
2111 5634 2238 5692 Quod
2262 5629 2405 5692 igitur
2422 5621 2576 5701 nuper
2593 5625 2718 5697 vobis
2740 5624 2918 5701 dictum
2935 5627 3022 5678 est,
3045 5631 3168 5701 nunc
3191 5621 3459 5701 item-inridi-

1889 5675 2172 5750 EEile'iiziié
2181 5675 2339 5755 Boiis
2349 5675 2517 5739 retulit
2529 5675 2739 5747 it‘hotius,
2758 5683 2844 5734 sed
2861 5694 2957 5731 non
2981 5675 3182 5729 verbum
3202 5678 3265 5725 de
3289 5675 3458 5737 verbo,

1891 5769 2033 5823 atque
2060 5757 2277 5819 excerpti
2297 5766 2450 5803 more.
