3996 6448
548 459 659 511 403

535 563 653 618 quae
673 547 935 617 quondam
965 548 1016 602 in
1045 547 1302 616 sepulcris
1328 546 1536 601 condita
1566 544 1928 603 delitescebat.
1963 557 2102 596 nunc

538 639 588 690 in
617 639 749 692 solio
777 638 1036 691 collocata
1067 645 1146 690 est
1191 654 1204 690 :
1243 652 1359 703 quae
1388 635 1651 705 quondam
1699 632 1982 700 ignominia
2014 646 2109 698 op-

538 741 718 795 pressa
745 726 976 794 jacebat,
1005 741 1144 779 nunc
1172 726 1370 780 honore
1395 725 1641 778 afﬁcitur.
1660 722 1905 775 Dominus
1929 736 2109 788 regna-

538 816 624 868 uit.
655 814 742 869 Sic
767 816 924 868 etiam
947 815 1053 868 alio
1076 815 1126 868 in
1151 815 1267 867 loco
1297 815 1488 866 dicitur
1514 814 1531 880 (
1566 819 1778 880 oportet
1806 809 1945 862 cutim
1979 824 2105 860 sen-

539 909 735 961 tentias
774 917 1159 961 consentaneas
1187 907 1326 960 inter
1364 920 1421 957 se
1466 905 1519 956 in
1551 902 1780 957 medium
1817 901 2009 955 θιὼ-πο
2041 899 2059 968 )
2092 919 2105 953 :

538 996 784 1052 Dominus
822 999 1066 1067 regnavit,
1097 998 1321 1049 decorem
1351 994 1557 1046 indutus
1584 992 1697 1059 εει(
1723 990 1870 1043 Psat.
1909 989 1996 1044 92.
2035 989 2103 1052 t).

539 1085 646 1140 Nos
677 1096 824 1141 veste
855 1087 1141 1151 induimur,
1165 1093 1224 1139 ut
1248 1082 1502 1153 quidquid
1530 1090 1731 1134 naturae
1773 1088 1968 1133 nostra:
2006 1077 2106 1130 ml-

537 1191 641 1230 nus
686 1176 937 1230 decorum
974 1189 1091 1241 est,
1117 1175 1429 1228 occultetur.
1459 1171 1634 1238 Quare
1664 1171 1822 1239 igitur
1849 1170 1985 1222 Dens
2015 1183 2106 1218 na-

532 1277 703 1319 turam
757 1281 947 1327 suam,
993 1280 1114 1333 qua:
1151 1273 1202 1318 et
1232 1278 1455 1330 corpore
1484 1269 1663 1324 vacat,
1691 1268 1745 1313 et
1789 1259 1939 1327 plena
1974 1257 2107 1309 lucis

534 1367 636 1422 est,
669 1359 776 1410 imo
801 1374 916 1426 quae
948 1357 1064 1421 plus
1091 1371 1248 1426 quam
1275 1357 1361 1408 lnx
1392 1362 1657 1416 coruscat,
1690 1351 1961 1420 contegit?
2003 1347 2108 1403 Sed

536 1459 689 1500 vocat
720 1447 808 1501 ille
833 1461 1026 1514 corpns
1061 1445 1256 1498 Christi
1289 1455 1490 1496 vestem
1522 1458 1672 1496 suam
1702 1462 1714 1495 :
1757 1440 1999 1492 Dominus
2026 1454 2108 1491 re-

533 1536 724 1605 gnavit,
756 1537 984 1588 dccorem
1020 1535 1223 1587 indutus
1255 1543 1346 1586 est.
1380 1533 1633 1586 Decorcm
1668 1543 1820 1584 vocat
1847 1572 1860 1592 ,
1891 1543 2109 1583 carnem

531 1627 752 1680 Christi.
786 1627 910 1680 Erat
939 1626 1080 1678 enim
1112 1625 1195 1677 illa
1225 1639 1357 1676 sane
1385 1623 1610 1686 decora,
1649 1636 1744 1674 nec
1773 1621 1874 1672 ulla
1907 1620 2109 1687 peccati

537 1718 861 1784 turpitudine
901 1715 1062 1770 (inda.
1115 1715 1295 1782 Neque.
1341 1714 1483 1767 enim
1532 1723 1802 1780 peccaturo
1838 1711 1960 1764 fecit
1991 1727 2109 1763 um-

535 1822 714 1874 quam.
747 1823 844 1861 nec
876 1816 1120 1860 Inventus
1144 1815 1226 1858 est
1250 1805 1402 1857 dolus
1427 1805 1480 1856 in
1514 1819 1608 1856 ore
1636 1803 1748 1871 ejus
1795 1801 1814 1868 (
1860 1800 1982 1853 Isai.
2018 1801 2107 1854 55.

532 1897 608 1963 9).
633 1896 851 1950 Indutus
874 1908 944 1950 est
973 1897 1214 1949 Dominus
1235 1897 1481 1960 virtutem,
1509 1903 1554 1946 et
1581 1894 1840 1962 praecinxit
1862 1909 1912 1944 se
1936 1890 2106 1960 (i’sal.

527 1986 620 2042 9‘2.
657 1987 680 2039 i
712 1991 752 2055 ).
799 1986 1057 2054 Quoniam
1103 2001 1232 2038 zona
1268 1999 1444 2052 regem
1494 1991 1747 2044 exornat,
1779 1997 1911 2035 zona
1935 1991 2110 2034 autem

532 2086 615 2129 est
643 2075 892 2130 indicium
931 2077 1068 2144 regis
1103 2075 1399 2142 etjndicis:
1429 2071 1631 2126 inducit
1657 2074 1826 2140 ipsum
1855 2082 1908 2126 et
1929 2088 2110 2140 regem

534 2164 834 2232 etjudicem
852 2181 864 2226 ;
881 2165 1106 2217 aitenim
1121 2167 1309 2218 lsaias:
1331 2184 1347 2213 ‹
1371 2163 1685 2233 Egredietur
1700 2161 1840 2229 virga
1855 2163 1920 2215 de
1937 2163 2112 2215 radice

531 2255 717 2320 .lessre,
735 2264 788 2308 et
803 2254 898 2308 flos
913 2271 974 2308 cx
1004 2255 1114 2322 ipsa
1136 2254 1405 2318 aSt-endct,
1430 2263 1481 2307 et
1501 2254 1792 2320 requiescet
1811 2267 1970 2320 Super
1990 2267 2109 2304 eum

529 2343 758 2412 Spiritus
787 2344 874 2397 Dei
897 2362 910 2407 ;
933 2355 988 2397 et
1009 2344 1112 2398 erit
1131 2343 1332 2411 justitia
1363 2342 1628 2410 cingulum
1649 2341 1945 2392 lumborum
1974 2341 2106 2407 ejus,

531 2445 584 2487 et
610 2434 740 2487 ﬁdes
760 2433 1070 2486 cinctorium
1100 2447 1286 2487 renum
1309 2431 1423 2498 ejns
1448 2449 1465 2480 ι
1497 2429 1644 2498 (Isai.
1673 2431 1758 2482 Η.
1787 2430 1838 2481 1.
1866 2429 1920 2481 2.
1944 2429 2037 2496 5).

601 2523 656 2575 4.
708 2521 917 2574 Vestitus
945 2519 1194 2589 pontiﬁcis
1238 2521 1402 2588 ﬁgura
1429 2517 1632 2572 Christi.
1690 2515 1857 2569 Virtus
1895 2521 2112 2586 perfecto

530 2622 903 2668 ornamentum.
933 2641 1004 2652 —-
1030 2611 1194 2679 Hujus
1214 2611 1376 2677 ipsius
1397 2609 1559 2662 vestis
1586 2608 1904 2670 Servatoris,
1925 2609 1975 2660 in
1997 2623 2112 2662 ear-

533 2719 600 2757 ne
621 2704 760 2768 dico,
789 2702 1038 2756 latentem
1073 2701 1291 2768 figuram
1322 2714 1427 2767 prae
1453 2713 1511 2752 se
1541 2697 1656 2750 tulit
1687 2697 1921 2766 pontifex
1954 2698 2004 2750 in
2039 2698 2113 2750 lc-

529 2811 612 2864 gc.
647 2795 715 2848 Et
735 2809 858 2847 vero
885 2794 1162 2861 diligenter
1191 2792 1425 2850 adverte,
1459 2788 1726 2856 quomodo
1759 2789 1959 2841 umbra:
2003 2789 2108 2841 ilhc

529 2885 804 2939 veritatem
843 2883 993 2937 nobis
1018 2880 1434 2942 subindicarent,
1470 2878 1734 2946 quomodo
1775 2878 1898 2931 item
1951 2892 2113 2930 evan-

529 2977 710 3044 gelicm
741 2974 919 3041 figurae
948 2972 1306 3041 praeluxerint.
1330 2970 1543 3023 Leniter
1573 2969 1779 3036 loquor,
1815 2976 1867 3021 et
1888 2983 1984 3036 pro
2035 2968 2112 3022 vi-

531 3069 614 3122 rili
643 3081 728 3120 me
755 3064 1072 3133 simplicium
1103 3072 1155 3115 et
1199 3061 1562 3130 imperitorum
1593 3059 1766 3126 captui
1802 3072 2110 3111 accommoo

533 3159 623 3222 de,
666 3173 731 3212 ne
762 3157 834 3210 illi
894 3157 994 3210 huc
1034 3156 1116 3209 vel
1169 3156 1293 3208 illuc
1341 3151 1822 3208 circnmducantur.
1870 3149 2110 3204 Pontifex

534 3250 694 3318 igitur
721 3248 1020 3316 ingrediens
1051 3248 1105 3298 in
1140 3253 1319 3298 sancta
1351 3253 1674 3306 sanctorum,
1718 3241 1970 3295 induebat
2015 3256 2109 3294 ve-

535 3352 670 3395 stem
699 3340 941 3403 talarem,
971 3338 1172 3392 scilicet
1199 3345 1398 3388 veSIem
1425 3349 1451 3387 a
1475 3334 1647 3401 capite
1667 3347 1832 3400 usque
1857 3331 1923 3385 ad
1953 3330 2113 3399 pedes

534 3430 840 3492 demissam,
883 3424 1333 3495 superhumcrale,
1367 3437 1578 3484 zonam,
1611 3421 1904 3483 femoralia,
1955 3420 2111 3473 lami-

535 3534 658 3572 nam
687 3532 929 3579 auream,
966 3517 1174 3577 tiaram,
1199 3513 1299 3566 hoc
1324 3521 1404 3566 est
1445 3509 1810 3580 corybantium
1837 3507 1937 3578 (a),
1956 3518 2009 3561 et
2030 3523 2115 3561 ra-

536 3609 730 3662 tionale
753 3608 802 3658 in
825 3617 1060 3674 pectore,
1087 3613 1140 3658 ct
1173 3619 1291 3672 quae
1321 3601 1582 3669 scriptura
1625 3599 1818 3653 ibidem
1863 3599 2110 3667 explicat,

543 3699 824 3765 ridereque
849 3706 950 3750 est.
976 3697 1105 3748 Alia:
1143 3696 1344 3761 figurae,
1371 3692 1460 3744 alii
1502 3705 1708 3742 sensus.
1753 3689 1932 3756 Neque
1969 3688 2112 3741 enim

541 3791 682 3844 Deus
723 3788 942 3841 omnino
976 3785 1260 3854 hyacintho
1301 3789 1356 3835 et
1400 3793 1650 3849 purpura,
1691 3778 1818 3831 item
1865 3790 2025 3831 cocco
2058 3785 2114 3830 et

612 3919 683 3979 (α)
710 3919 895 3968 Omnes
925 3917 1034 3966 Mss.
1067 3917 1278 3971 habent,
1312 3915 1634 3979 κρρυόάντιεν.
1664 3913 1716 3960 ln
1742 3913 1866 3960 hanc
1888 3923 2005 3979 v_ero
2033 3911 2112 3958 le-

545 3973 766 4030 tationem
808 3980 911 4026 ἣκει
944 3980 1139 4026 erudite
1173 3982 1310 4024 notat
1352 3973 1534 4023 Fronto
1571 3973 1778 4021 ῡυοευε
1811 3987 1821 4020 2
1855 3987 1873 4019 ί
1904 3974 2113 4021 Romana

547 4040 732 4099 Editio,
757 4041 1020 4100 Anglicana
1045 4043 1097 4086 et
1117 4037 1303 4098 Regius
1319 4035 1568 4100 Mediceus
1591 4039 1872 4081 constanter
1892 4031 2117 4100 retinent

548 4094 814 4149 lectionem
839 4094 873 4146 'a
906 4100 1156 4158 nonnullis
1191 4094 1491 4158 repudiatam
1510 4131 1522 4152 ,
1552 4106 1770 4158 nempe‘
1791 4094 2112 4158 κορυϐάντιον,

546 4163 626 4221 cui
656 4174 715 4207 ex
744 4161 943 4221 ingenio
975 4153 1334 4221 substituerant
1359 4155 1638 4221 uupSaciav,
1665 4153 1956 4221 cureasiam,
1977 4160 2113 4221 et_ex

546 4220 752 4280 Polluce
782 4211 823 4266 ΙΪ
852 4220 876 4266 7
894 4254 912 4280 ,7
933 4233 974 4267 c.
1007 4219 1065 4266 l5
1085 4255 1113 4280 ,γ
1135 4220 1218 4280 uati
1260 4211 1510 4280 κνρϐαᾴία,
1531 4211 1826 4280 ⁸ἣνῌσίδθιρμν
1867 4215 1947 4261 καὶ
1979 4211 2116 4280 πῖλεξν

545 4279 765 4339 καλοῦσι.
795 4273 1000 4339 Legitur
1025 4280 1074 4327 in
1102 4277 1282 4325 Lexicu
1307 4273 1541 4339 Stephani
1568 4273 2117 4339 :ﬂKopu6dv‘rtovi‘stepi-

546 4333 893 4414 gangrenam};
924 4340 1175 4414 ὲγξόσμιον
1199 4338 1360 4414 30:163.
1391 4333 1510 4414 [leam
1537 4333 1779 4412 :‘Xibat'ptc,
1814 4333 2118 4414 XQQUMK-fSY

544 4401 576 4456 ἢ
598 4390 902 4458 Ῑεῖλοςξέστὶᾶι
931 4390 1052 4453 εἶδος
1072 4390 1413 4458 ἰαμελανχίρυ.
1445 4397 1470 4444 ὃ
1497 4397 1576 4458 atati
1595 4390 1746 4458 stripe
1769 4390 1969 4458 ννοεᾼίὲειι.
1997 4390 2118 4458 Hie:

544 4451 778 4519 ronymus
811 4459 961 4519 Epist.
1001 4451 1089 4505 128
1122 4451 1430 4505 :'Rotundum
1457 4451 1705 4519 pileolum',
1730 4454 1860 4515 quod
1887 4451 2046 4519 Graeci
2069 4455 2113 4496 et

540 4517 863 4584 austrinum;
886 4519 1098 4584 nonnulli
1121 4519 1340 4580 galerum
1378 4523 1559 4584 vocant.
1583 4518 1824 4584 Origenes
1862 4517 2046 4584 Hom.6_
2067 4519 2114 4564 in

543 4587 692 4633 Levit.
723 4598 735 4631 :
758 4575 812 4632 Et
827 4575 943 4649 quia
964 4580 1064 4649 ipse
1085 4575 1228 4640 caput
1251 4586 1323 4649 est
1350 4575 1584 4649 muniunt.
1611 4575 1721 4649 ideo
1739 4582 2007 4649 .etlo‘mntus
2028 4576 2115 4625 iste

541 4658 686 4707 super
709 4634 1035 4707 omnu'rcapiti
1052 4634 1401 4707 superponitur.
1423 4636 1471 4707 si
1501 4635 1748 4707 rnitragtibi
1763 4642 1807 4707 et
1834 4634 2010 4707 lamina
2031 4651 2116 4707 au-_

542 4695 645 4765 rea,
668 4704 915 4770 ptem'tudo
933 4695 1257 4770 ,ὑσὶ
1293 4705 1435 4770 caput
1467 4703 1674 4770 corpnft.
1713 4695 1830 4770 scito
1854 4705 1912 4770 te,
1933 4696 2118 4747 etiamsi

540 4760 909 4828 apridﬂomines
927 4763 1073 4812 lateas
1087 4769 1130 4811 et
1152 4760 1399 4828 ignoreris,
1425 4760 1555 4820 apud
1591 4767 1741 4828 lycum
1758 4764 1934 4828 ianum
1964 4771 2115 4828 agere

542 4817 868 4888 potuiﬁcatum
891 4825 1018 4888 intra
1039 4817 1339 4888 conscientite
1358 4817 1738 4888 ιυωίεηιρμιῃε..
1755 4817 2118 4880 ChrysostOmus

543 4880 701 4936 Persis
723 4887 888 4935 tiaram
907 4887 1090 4942 tribuit,
1109 4891 1162 4932 ut
1187 4885 1439 4945 prepriam,
1465 4880 1629 4929 Homil.
1651 4881 1706 4928 17
1728 4881 1774 4926 in
1793 4888 1899 4928 acta
1924 4893 1935 4925 :
1964 4892 2118 4943 ιαοάκιρ

541 4959 576 4995 οἱ
596 4962 728 5009 [Πρω
749 4960 816 5008 τὴν
838 4961 962 5009 τιάραν
998 4958 1229 5007 genitivus,
1265 4957 1324 4993 ιι).
1346 4956 1410 5000 τὰς
1433 4949 1641 5004 ἀναξυρίδας
1667 4954 1725 4989 καὶ
1739 4953 1787 4989 τὰ.
1823 4949 2035 4999 hominum
2071 4957 2121 4993 τὰ

546 5019 762 5069 ’.φθίνειν
781 5022 846 5067 τὴν
863 5016 973 5066 ὓλην
995 5018 1125 5064 στολὴν
1139 5019 1203 5064 τὴν
1216 5017 1300 5073 indv-
1319 5017 1497 5066 ικιχῶριον
1515 5014 1734 5073 tertiam“,
1832 5015 2118 5073 nstpdjuvloizrp,

543 5061 736 5136 Qui...
750 5061 803 5136 ᾖ)
817 5061 972 5136 mpiger
985 5080 1047 5136 «Et»
1062 5061 1216 5136 .31”...
1227 5061 1551 5136 {sicutjperstn
1562 5063 1687 5136 tiara
1702 5061 1936 5136 sublataet
1947 5061 2120 5136 gladiis

543 5123 863 5187 peculiaribus
876 5123 921 5176 ct
932 5123 1261 5177 calceamentis
1278 5123 1541 5176 barbaricis
1553 5123 1779 5179 dinussis,
1789 5123 1947 5187 alieno
1957 5123 2121 5174 habitu

543 5184 589 5249 et
600 5195 772 5249 nostrtc
783 5188 962 5249 regioni
984 5189 1152 5249 usitato
1167 5188 1448 5242 induuntur,
1467 5191 1510 5233 et
1525 5197 1725 5249 corpore
1732 5184 1801 5249 ad
1812 5184 1956 5231 cutim
1972 5191 2118 5245 tonso,

545 5247 706 5296 habitu
723 5244 896 5296 bellum
907 5248 1157 5297 occultant.
1184 5251 1398 5308 Ᾱναξυρίδας
1422 5244 1664 5308 interpres
1680 5244 1863 5305 gladios
1879 5257 1991 5294 esse
2017 5254 2119 5294 Per-

547 5311 669 5357 sicos
706 5310 910 5369 putavit;
935 5310 1020 5356 sed
1047 5309 1252 5356 Danieiis
1273 5306 1320 5364 5,
1345 5308 1421 5363 21,
1444 5308 1525 5354 ubi
1547 5306 1768 5352 dicuntur
1791 5314 1894 5354 tres
1914 5309 2048 5366 pueri
2073 5310 2121 5356 in

550 5369 787 5418 fornacem
810 5371 1189 5430 missi,scriptnm
1215 5378 1305 5429 est,
1327 5378 1545 5426 ιπιδήθησαν
1563 5379 1626 5430 ait?
1649 5383 1722 5422 τοῖς
1740 5379 1973 5430 ωμεάροις,
1993 5376 2121 5430 Sym-

551 5393 787 5418 ιυιύἅυτοιιι
811 5393 1189 5430 ιιιιδδι,διῖι-ιμιιιιιι
1215 5393 1305 5429 Chl,
1327 5393 1545 5426 ιπιοηυησαν
1563 5393 1626 5414 συν
1649 5393 1722 5422 τοις
1740 5393 1786 5415 σι
1836 5393 1973 5428 οαροιςν
1993 5393 2041 5430 ὗ]
2051 5393 2121 5415 ιιι·

548 5431 760 5487 machus,
775 5441 973 5497 ῥημαξυρῑσι,
992 5432 1318 5497 Hieronymus,
1331 5443 1438 5497 cum
1462 5425 1662 5476 braccis.
1687 5437 1777 5497 Ifro
1789 5393 1990 5497 braccis,
2006 5442 2124 5497 quas

545 5487 1083 5558 sym‘thQduEupwq
1117 5487 1450 5558 interpretatus
1472 5497 1558 5545 est,
1594 5487 1757 5558 Aquila
1791 5497 1836 5539 et
1877 5487 2126 5558 [negotiatio

547 5549 790 5600 sarabattu
813 5549 1055 5600 deterunt.
1079 5549 1396 5598 Tertullianus
1415 5564 1444 5598 e
1467 5558 1625 5597 Graeco
1647 5557 1844 5598 vertens
1859 5549 1980 5597 dixit
2005 5550 2125 5598 libro

545 5612 610 5659 de
633 5623 779 5662 carne
802 5612 991 5668 Christi,
1012 5624 1115 5660 ctan
1135 5610 1318 5660 braccis
1338 5612 1451 5660 suis.
1479 5628 1499 5654 1
1537 5611 1653 5660 Cum
1678 5623 1794 5672 ergo
1818 5621 1918 5672 tres
1929 5610 2126 5672 Codices

547 5673 938 5736 ιιοβιτὶιοᾳδεᾴντιογ
963 5674 1184 5736 habeant,
1209 5673 1276 5736 sic
1297 5674 1559 5736 restituere
1580 5671 1848 5736 visum’est.
1869 5671 2062 5736 Ibidem
2078 5680 2128 5736 et

547 5731 667 5803 infra
683 5730 904 5803 quaedam
928 5734 1033 5803 hinc
1061 5734 1278 5794 excerpit
1301 5732 1505 5793 Pbotius,
1533 5733 1621 5781 sed
1646 5730 1749 5783 aliis
1773 5732 1998 5796 demptis,
2024 5734 2129 5783 aliis

543 5792 758 5855 mutatis,
781 5796 852 5844 uti
873 5792 1015 5844 solet.

2028 427 2291 483 INCERTI

3677 450 3783 500 404

2217 543 2377 615 bysso
2420 549 2735 595 recreatur:
2785 540 2923 594 Deus
2971 539 3110 594 enim
3159 539 3451 593 animarum
3506 541 3789 608 puritatem

2212 633 2442 699 postulat
2474 648 2486 682 :
2515 631 2606 683 sed
2639 630 2691 683 in
2718 630 2989 696 corporeis
3021 631 3125 682 illis
3151 629 3369 684 ﬂoribus
3401 632 3657 686 virtutum
3703 634 3791 687 ille

2213 723 2467 791 imagines
2487 721 2755 774 describit.
2781 720 2836 775 Si
2864 720 3004 772 enim
3056 721 3194 774 Deus
3219 736 3402 774 revera
3457 723 3652 775 vestitu
3705 723 3793 776 illo

2213 811 2367 878 longe
2393 811 2734 863 ornatissimo
2757 809 3139 873 delectabatur,
3186 825 3279 863 cur
3306 826 3411 862 non
3439 811 3620 863 Mosen
3669 823 3794 867 ante

2213 901 2478 952 Aaronem
2524 898 2625 952 hoc
2655 898 2813 951 modo
2855 898 3058 951 induit?
3086 898 3189 953 Sed
3242 899 3415 954 Moses
3465 901 3686 968 quidem
3732 917 3795 956 ca

2212 999 2357 1042 veste
2402 988 2660 1050 carebat,
2703 989 2888 1042 eadem
2936 997 3109 1042 tamen
3160 990 3464 1044 sacerdotes
3513 991 3793 1044 induebat.

2211 1078 2380 1132 Moses
2401 1093 2533 1146 aqua
2553 1093 2655 1131 non
2678 1077 2770 1131 fuit
2798 1079 2954 1141 lotus,
2982 1088 3035 1132 et
3061 1087 3233 1133 tamen
3257 1081 3471 1135 lavabat
3503 1097 3515 1134 :
3545 1097 3648 1134 non
3673 1081 3797 1134 oleo

2214 1170 2459 1221 innnctns
2505 1168 2622 1233 fuit,
2655 1179 2709 1222 et
2731 1179 2904 1222 tamen
2936 1170 3200 1237 ungebat:
3235 1173 3428 1224 nullam
3464 1181 3664 1227 vestem
3713 1189 3802 1227 sa-

2212 1257 2533 1312 cerdotalem
2553 1258 2810 1326 gestabat,
2830 1259 2922 1312 sed
2947 1259 3250 1314 sacerdotes
3282 1261 3530 1316 induebat
3555 1273 3645 1316 :ut
3675 1264 3802 1318 inde

2215 1349 2523 1416 perspicias,
2570 1348 2682 1400 viro
2741 1349 2976 1416 perfecto
3015 1350 3262 1403 virtutem
3305 1353 3370 1406 ad
3413 1366 3798 1407 ornamentmn

2213 1438 2475 1492 sufficere.
2529 1441 2568 1492 A
2603 1440 2774 1507 capite
2801 1440 2958 1507 igitur
3007 1441 3342 1494 sacerdotem
3407 1445 3799 1512 contemplare.

2211 1528 2448 1598 Namque
2480 1530 2648 1598 ipsmn
2680 1530 2997 1583 vocabulum
3035 1531 3339 1584 vestimenti
3362 1534 3663 1602 ambiguum
3692 1545 3801 1600 est,

2214 1628 2265 1670 ει
2285 1617 2352 1672 de
2373 1633 2437 1672 80
2458 1619 2868 1670 εοιιιτονρτιίιιη·
2899 1635 2913 1669 τ
2943 1618 3128 1672 ϐτιυοο
3149 1635 3274 1672 vero
3294 1635 3540 1675 sermone
3561 1627 3802 1678 transla-

2215 1722 2323 1765 tum
2360 1721 2458 1766 est.
2488 1711 2694 1764 Initium
2725 1725 2850 1778 ergo
2897 1709 2976 1763 fac
3009 1725 3038 1762 a
3081 1711 3273 1778 capite.
3328 1711 3590 1778 Quidnam
3637 1716 3804 1784 igitur

2213 1813 2326 1856 erat
2355 1802 2621 1872 primum?
2669 1802 2946 1863 tiaramne,
2992 1801 3074 1854 vel
3117 1800 3242 1869 quid
3291 1805 3460 1869 primo
3513 1807 3803 1860 nominat?

2213 1893 2338 1961 quid
2375 1904 2491 1961 post
2521 1894 2706 1946 tiaram
2758 1892 2918 1954 illam,
2962 1891 3111 1959 quasi
3152 1893 3609 1947 conciliatricem?
3653 1895 3802 1950 Loco

2214 1987 2358 2038 tiara:
2381 1987 2538 2054 igitur
2566 1995 2647 2038 est
2678 1985 2885 2038 habitus
2917 1985 3076 2037 totius
3126 1984 3265 2037 illius
3315 1988 3497 2039 vestis.
3545 1985 3804 2054 Quando-

2214 2075 2424 2144 quidem
2459 2076 2688 2144 pontifex
2716 2083 2873 2143 capnt
2893 2083 3007 2128 erat
3034 2075 3234 2142 pepuli,
3263 2090 3356 2142 par
3379 2085 3494 2129 erat
3525 2091 3673 2142 eum,
3702 2079 3795 2147 qui

2214 2177 2371 2234 caput
2389 2175 2529 2220 esset
2553 2166 2812 2227 omnium,
2842 2166 2892 2217 in
2911 2165 3081 2233 capite
3102 2165 3214 2232 ejus
3246 2167 3322 2219 rei
3352 2167 3653 2233 symbolum
3701 2183 3799 2222 ex-

2216 2258 2416 2311 hibere.
2490 2257 2744 2312 Absoluta
2813 2256 3074 2324 siquidem
3118 2265 3172 2310 et
3234 2257 3454 2310 remissa
3508 2260 3802 2314 auctoritas

2216 2350 2336 2402 ferri
2368 2351 2552 2418 nequit
2582 2369 2594 2402 :
2619 2364 2735 2416 qum
2751 2364 2877 2402 vero
2900 2350 2979 2402 sui
3012 2349 3219 2416 imperii
3246 2349 3542 2418 symbolum
3571 2351 3801 2417 imposi-

2216 2447 2324 2492 tum
2346 2441 2499 2508 gerit,
2530 2441 2628 2508 legi
2660 2440 2937 2508 subjicitur
2957 2448 3010 2493 et
3032 2450 3199 2508 paret.
3225 2440 3403 2508 Itaque
3437 2440 3590 2508 jubet
3637 2451 3804 2509 caput

2217 2529 2434 2581 minime
2470 2544 2588 2582 esse
2623 2529 2840 2588 nudum,
2865 2528 2956 2580 sed
2978 2535 3304 2594 coopertum,
3339 2537 3393 2579 ut
3421 2527 3590 2580 discat
3616 2531 3802 2598 populi

2215 2627 2391 2685 caput,
2413 2634 2470 2672 se
2495 2630 2653 2688 caput
2679 2618 2889 2671 habere.
2924 2617 3120 2671 Idcirco
3140 2617 3296 2671 etiam
3318 2617 3368 2668 in
3388 2617 3650 2682 Ecclesia,
3673 2635 3801 2672 cum

2216 2707 2528 2761 ordinantur
2543 2709 2864 2770 sacerdotes,
2883 2707 3222 2775 Evangelium
3239 2704 3431 2758 Christi
3450 2706 3608 2773 capiti
3627 2707 3805 2774 impo-

2217 2798 2376 2854 nitur.
2403 2808 2457 2851 ut
2485 2799 2654 2852 discat
2695 2800 2758 2860 is,
2791 2796 2880 2865 qui
2905 2795 3203 2859 ordinatur,
3231 2809 3408 2848 veram
3440 2809 3499 2848 se
3546 2797 3801 2864 recipere

2218 2885 2725 2953 Evangeliitiaram;
2751 2893 2985 2953 atquent
3028 2886 3217 2949 discat,
3275 2885 3516 2952 quamvis
3559 2885 3631 2937 sit
3671 2899 3800 2937 om-

2215 2974 2358 3027 nium
2384 2985 2560 3040 caput,
2591 2989 2650 3028 se
2684 2982 2859 3026 tamen
2888 2974 3092 3041 legibus
3150 2973 3264 3025 iStis
3315 2972 3498 3040 subjici
3537 2982 3630 3026 :et
3669 2988 3800 3026 eum

2215 3065 2302 3133 qni
2328 3065 2572 3117 omnibus
2591 3065 2833 3132 imperat,
2857 3063 2987 3131 legis
3017 3063 3237 3130 imperio
3281 3061 3535 3124 subesse;
3565 3076 3804 3129 eumque

2216 3157 2301 3225 qui
2329 3155 2573 3208 omnibus
2590 3155 2681 3208 dat
2700 3154 2964 3216 mandata,
2992 3168 3022 3206 a
3053 3153 3258 3220 legibus
3283 3151 3590 3204 mandatum
3643 3151 3795 3204 acci-

2218 3263 2362 3317 pere.
2384 3248 2666 3316 Propterea
2698 3247 2887 3300 nobilis
2917 3248 2998 3299 vir
3017 3244 3229 3313 quidam
3265 3258 3332 3297 ex
3362 3243 3653 3307 veteribus,
3709 3244 3798 3296 cui

2218 3356 2409 3395 nomen
2442 3340 2688 3410 lgnatius,
2719 3339 2912 3408 quique
2939 3336 3235 3391 sacerdotio
3260 3335 3415 3388 simul
3460 3344 3513 3387 et
3538 3335 3802 3403 martyrio

2216 3432 2496 3487 decoratus
2526 3431 2642 3492 fuit,
2671 3431 2734 3482 ad
2764 3428 3091 3483 sacerdotem
3119 3426 3399 3496 quemdam
3431 3427 3674 3479 scribens
3709 3426 3796 3487 di-

2217 3525 2370 3578 cebat
2401 3541 2416 3577 :
2447 3523 2587 3577 Nihil
2614 3523 2727 3574 sine
2750 3531 2834 3574 tua
2863 3520 3132 3572 voluntate
3145 3525 3566 3584 geratur,neqne
3589 3517 3716 3569 item
3742 3525 3800 3568 tu

2216 3612 2492 3680 quicquam
2522 3607 2723 3678 absque
2776 3609 2868 3662 Dei
2900 3607 3057 3660 facias
3085 3606 3375 3658 voluntate.
3427 3604 3579 3669 Quod
3636 3605 3801 3674 igitur

2218 3699 2520 3767 impositum
2550 3698 2766 3752 haberet
2799 3697 3138 3765 Evangelium
3168 3694 3423 3763 pontifex,
3449 3694 3657 3762 signum
3716 3703 3803 3748 est

2216 3804 2338 3842 eum
2367 3803 2487 3842 esse
2509 3787 2606 3840 sub
2638 3795 2898 3854 potestate
2923 3787 3290 3841 constitutum.
3322 3785 3612 3853 Propterea
3665 3786 3803 3839 dicit

2216 3877 2411 3930 Paulus
2433 3877 2499 3931 de
2529 3877 2750 3930 muliere
2779 3892 2898 3944 qnze
2925 3875 3162 3928 velamen
3194 3874 3440 3936 habebat,
3467 3873 3657 3927 Mulier
3691 3874 3791 3928 de-

2219 3970 2307 4023 bet
2335 3969 2530 4022 habere
2556 3972 2794 4021 velamen
2840 3982 3000 4035 super
3045 3976 3221 4035 caput,
3272 3965 3413 4035 quod
3457 3975 3572 4020 erat
3623 3966 3802 4035 imago

2219 4063 2491 4129 potestatis
2519 4060 2535 4129 (
2557 4061 2605 4113 1.
2629 4059 2744 4112 Cor.
2779 4061 2868 4114 Η.
2891 4060 2999 4129 10).
3026 4060 3152 4112 Erat
3173 4058 3332 4127 igitur
3355 4059 3482 4111 tiara
3507 4059 3673 4126 ﬁgura
3708 4072 3804 4126 po-

2219 4151 2422 4205 testatis
2450 4167 2462 4202 :
2493 4159 2608 4204 erat
2627 4164 2785 4204 aurea
2815 4149 3028 4213 lamina,
3051 4150 3101 4200 in
3128 4163 3231 4217 qua
3257 4157 3375 4201 erat
3395 4155 3612 4202 exarata
3658 4148 3798 4202 scri-

2219 4251 2393 4312 ptura,
2422 4257 2539 4309 qua:
2567 4241 2659 4295 Dei
2682 4255 2875 4295 nomen
2903 4239 3251 4306 exprimebat,
3286 4253 3347 4291 ac
3399 4238 3630 4306 primum
3658 4237 3802 4291 indi-

2219 4341 2305 4386 cat
2326 4341 2636 4400 potestatem
2667 4346 2785 4384 esse
2817 4331 2906 4383 Dei
2960 4343 3150 4382 nomen
3182 4329 3292 4381 Dei.
3328 4328 3453 4381 Post
3504 4328 3692 4380 tiaram
3747 4337 3804 4382 et

2219 4427 2466 4481 laminam
2521 4427 2625 4479 duo
2654 4425 2856 4492 lapides
2909 4439 3067 4492 supra
3098 4424 3349 4477 humeros
3394 4429 3547 4474 erant
3588 4435 3803 4474 smara-

2220 4519 2386 4588 gdini,
2416 4532 2640 4586 quorum
2664 4517 2797 4568 alter
2825 4515 2947 4567 hinc
2972 4529 3065 4567 sex
3094 4513 3280 4574 tribus,
3315 4511 3536 4564 totidem
3565 4510 3704 4563 alter
3734 4526 3799 4565 ex

2220 4608 2382 4660 altera
2415 4615 2564 4675 parte
2592 4604 2917 4658 continebat.
2945 4603 3164 4672 Signum
3197 4617 3355 4667 porro
3384 4600 3483 4652 hoc
3509 4609 3592 4652 est
3619 4614 3803 4655 sacer-

2221 4697 2409 4752 dotalis
2443 4705 2688 4764 aspcctus
2723 4715 2738 4749 :
2783 4695 3020 4748 attribuit
3055 4704 3229 4747 autem
3276 4690 3538 4746 sacerdoti
3590 4707 3802 4746 smara-

2222 4787 2403 4855 gdum,
2435 4787 2517 4839 cui
2565 4785 2758 4854 duplex
2787 4785 2920 4838 inest
2955 4781 3284 4852 pulchritudo
3314 4799 3326 4832 :
3364 4779 3520 4834 habet
3563 4781 3710 4833 enim
3753 4791 3806 4834 et

2224 4877 2470 4930 decoram
2503 4876 2876 4928 virilitatcmet
2923 4874 3202 4941 puritatem
3261 4871 3425 4922 instar
3467 4871 3666 4938 speculi
3722 4887 3806 4923 ra-

2225 4966 2478 5020 diantem.
2503 4966 2759 5030 Quoniam
2789 4965 2945 5032 igitur
2961 4960 3291 5015 sacerdotem
3314 4961 3395 5028 pia
3419 4959 3806 5014 exercitatione

2225 5060 2458 5113 sobrium
2487 5073 2607 5112 esse
2636 5066 2864 5125 oportet,
2891 5064 2944 5131 et
2972 5055 3130 5106 vitam
3177 5067 3326 5105 suam
3355 5051 3510 5118 vuigo
3531 5059 3804 5118 tamquam

2227 5152 2498 5218 speculum
2533 5148 2804 5209 exhibere,
2836 5143 3164 5198 sacerdotem
3208 5141 3316 5195 vult
3347 5140 3398 5193 in
3426 5139 3662 5192 humeris
3690 5139 3803 5192 vir-

2230 5241 2355 5292 tutis
2379 5238 2658 5306 imaginem
2683 5244 2908 5302 gcstare.
2939 5234 3112 5296 Quare
3139 5245 3265 5284 vero
3287 5229 3337 5282 in
3369 5227 3644 5280 humeris?
3670 5226 3804 5292 Quia

2232 5346 2420 5384 nomen
2447 5328 2537 5381 Dei
2556 5340 2710 5394 supra
2727 5332 2884 5392 caput
2911 5332 3043 5386 erat,
3064 5320 3316 5374 articulus
3331 5332 3487 5385 super
3499 5317 3804 5372 articulum.

2231 5423 2338 5476 Cur
2353 5431 2525 5474 autem
2546 5419 2597 5470 in
2623 5415 2890 5469 humeris?
2908 5413 3164 5480 Quoniam
3193 5411 3458 5465 actionum
3474 5417 3557 5462 est
3573 5409 3803 5478 signum.

2234 5511 2470 5565 Actionis
2510 5509 2650 5561 enim
2680 5508 2910 5576 potentia
2958 5505 3024 5558 ab
3056 5503 3291 5557 humeris
3339 5499 3631 5568 dependet.
3683 5501 3806 5554 Vult

2239 5603 2396 5672 igitur
2415 5600 2651 5654 veritatis
2676 5596 3116 5667 pulchritudinem
3160 5593 3210 5646 in
3255 5591 3552 5645 actionibus
3579 5591 3804 5644 enitere.

2237 5695 2518 5762 Propterea
2538 5692 2615 5744 sic
2643 5690 2927 5758 alloquitur
2947 5684 3228 5754 aliquando
3279 5681 3574 5739 Jerusalem
3634 5680 3805 5733 Domi-

2239 5799 2338 5840 nus
2363 5801 2377 5838 :
2404 5784 2546 5837 Pone
2568 5797 2653 5836 cor
2675 5791 2812 5835 tuum
2831 5795 2978 5849 super
3004 5778 3231 5830 humeros
3250 5783 3380 5841 tuos,
3405 5773 3514 5839 ﬁlia
3556 5773 3805 5840 despecta,
