3996 6428
182 437 299 489 4υ3

166 548 309 595 νοιςο
340 532 377 601 ἠ
414 531 543 583 ποτὲ
590 530 735 603 μορ]
785 533 843 585 ἐν
880 532 1090 602 ἀτιμίᾳ,
1119 533 1211 585 καὶ
1252 531 1345 585 νῦν
1384 531 1442 583 ἐν
1484 528 1633 596 τιμῇ.
1669 523 1721 575 '0

168 620 385 685 Κύριος
409 617 823 671 ἐϐασίλευσεν.
842 616 997 670 Οὕτω
1024 618 1116 669 καὶ
1140 614 1369 685 ἀλλαχοῦ
1396 614 1609 680 λέγεται
1631 609 1730 679 (δεῖ

168 715 278 783 γάρ
303 713 372 766 τά
400 713 632 781 συγγενῆ
656 713 763 765 τῶν
786 713 1068 783 νοημάτων
1097 710 1404 781 παράγειν)·
1442 709 1492 760 '0
1516 708 1727 773 Κύριος

167 812 588 873 ἐδασίλευσεν,
604 811 955 878 εὐπρέπειαν
981 808 1322 861 ἐνεδύσατο.
1342 806 1529 875 Ἡμεῖς
1552 800 1727 854 ἐνδυό-

172 909 315 978 μεθα
361 908 557 971 ἔξωθεν
602 908 829 977 ἱμάτιον,
864 907 948 958 ῖνα
989 904 1050 957 τὸ
1093 904 1334 975 ἀπρεπὲς
1382 902 1481 970 τῆς
1516 900 1726 969 φύσεως

169 1005 519 1074 καλύψωμεν.
556 1005 612 1055 '0
644 1005 695 1055 δὲ
728 1004 874 1067 Θεὸς,
898 1003 984 1055 ἵνα
1004 1002 1056 1053 τί
1083 1000 1293 1071 καλύπ
1322 1000 1418 1069 τὴν
1442 997 1724 1066 ἀσώματον

168 1106 353 1172 φύσιν,
387 1104 486 1172 τὴν
525 1102 696 1168 φωτὸς
743 1101 1034 1169 γέμουσαν,
1089 1099 1285 1169 μᾶλλον
1322 1098 1375 1149 δέ
1410 1096 1582 1164 φωτὸς
1618 1095 1722 1146 ἀπ-

168 1205 585 1273 αστράπτουσαν
608 1212 657 1265 ·;
711 1202 866 1254 Ἀλλά
897 1199 1051 1254 καλεῖ
1085 1200 1283 1268 ἔνδυμα
1321 1196 1451 1250 αὐτὸ
1477 1196 1536 1248 τὸ
1567 1194 1721 1263 σῶμα

164 1302 258 1355 τοῦ
293 1299 531 1371 Χριστοῦ
551 1317 564 1327 ·
602 1300 654 1351 '0
682 1302 892 1365 Κύριος
920 1299 1333 1363 ἐϐασίλευσεν,
1368 1294 1721 1363 εὐπρέπειαν

163 1394 516 1447 ἐνεδύσατο.
559 1392 896 1463 Εὑπρέπειαν
930 1395 1083 1446 καλεί
1128 1393 1224 1463 τὴν
1261 1393 1434 1462 σάρκα
1464 1391 1554 1443 τοῦ
1584 1392 1718 1459 Χρισ-

167 1491 317 1547 στοῦ.
346 1492 636 1561 Εύπρεπὴς
662 1491 765 1560 γάρ
783 1487 871 1560 ἦν,
893 1492 992 1543 οὐκ
1012 1490 1203 1560 ἔχουσα
1225 1488 1407 1558 αἶσχος
1428 1488 1716 1559 ἁμαρτίας.

176 1592 479 1663 Ἀμαρτίαν
521 1592 627 1662 γὰρ
674 1593 773 1644 οὐκ
810 1593 1027 1662 ἐποίησε
1067 1592 1304 1653 πώποτε,
1353 1592 1470 1644 οὐδὲ
1512 1589 1715 1661 ηὑρέθη

164 1692 314 1754 δόλος
350 1694 408 1745 tv
431 1692 509 1761 τῷ
534 1694 755 1762 στόματι
782 1691 963 1746 αὑτοῦ.
998 1692 1345 1745 Ἐνεόὐσατο
1371 1691 1581 1755 Κύριος
1612 1688 1715 1741 δύ-

164 1806 375 1858 ναμιν·
412 1790 510 1843 καὶ
541 1788 939 1857 περιεᾰῦσατο.
972 1790 1183 1859 Ἐπειδὴ
1206 1790 1296 1841 τὸν
1328 1788 1547 1857 βασιλέα
1572 1787 1713 1856 ζώνη

164 1886 376 1953 κοσμεῖ,
404 1884 515 1935 ἔστι
546 1884 601 1936 δέ
634 1882 828 1953 ήζώνη
853 1884 1109 1954 βασιλέως
1136 1882 1436 1953 γνώρισμα.
1471 1882 1562 1932 καὶ
1596 1898 1715 1950 κρι-

161 1980 255 2032 τοῦ
282 1998 293 2011 ·
325 1981 529 2048 εἰσάγει
566 1982 725 2034 αὐτὸν
764 1983 855 2035 καὶ
894 1980 1256 2049 βασιλεύοντα,
1300 1982 1389 2032 καὶ
1431 1979 1711 2048 κρίνοντα’

161 2074 310 2140 λέγει
339 2076 447 2145 γάρ
487 2076 741 2138 Ἡσαΐας*
796 2077 1198 2139 Ἐξελεύσεται
1228 2074 1447 2143 ,ῥάϐδος
1493 2074 1560 2127 ἐκ
1603 2072 1715 2141 τῆς

152 2173 321 2239 ῥίζης
355 2172 595 2241 Ἰεσσαὶ,
648 2174 741 2227 καί
790 2175 967 2241 ἄνθος
1003 2174 1071 2239 ἐξ
1116 2173 1302 2241 αὐτῆς
1332 2172 1710 2237 ἀναϐήσεται,

159 2274 258 2327 καί
296 2276 704 2329 ἀναπαύσεται
752 2277 843 2329 ἐπ’
889 2277 1072 2331 αὐτὸν
1113 2275 1352 2342 Πνεῦμα
1406 2273 1579 2327 Θεοῦ’
1615 2273 1713 2326 καί

158 2378 327 2429 ἔσται
370 2378 721 2446 δικαιοσύνῃ
766 2378 1088 2448 ἐζωσμένος
1128 2377 1240 2446 τὴν
1275 2376 1474 2445 ὀσφὺν
1504 2376 1708 2440 αὑτοῦ,

158 2482 257 2535 καί
284 2483 532 2550 ἀληθείᾳ
563 2486 874 2553 είλημένος
902 2485 1006 2550 τὰς
1038 2484 1299 2552 πλευρὰς
1329 2481 1533 2537 αὐτοῦ.

225 2603 290 2656 δ’.
322 2600 491 2655 Τοῦτο
516 2602 577 2654 τὸ
608 2602 806 2672 ἔνδυμα
834 2602 927 2655 τοῦ
958 2602 1229 2674 Σωτῆρος,
1266 2601 1331 2655 τὸ
1366 2601 1462 2670 τῆς
1511 2599 1708 2671 σαρκὸς

155 2707 316 2772 λέγω,
351 2704 633 2774 κρυφαίως
663 2707 756 2759 καὶ
796 2708 851 2759 tv
894 2706 1060 2758 εἰκόνι
1104 2703 1246 2776 εἶχεν
1274 2706 1301 2758 6
1328 2706 1610 2775 ἀρχιερεὺς
1651 2705 1708 2755 ἐν

154 2809 231 2876 τῷ
254 2808 423 2877 νόμῳ.
455 2808 565 2859 Καὶ
608 2824 835 2878 προσεχε
866 2807 1125 2877 ἀκριϐῶς,
1178 2807 1294 2870 πῶς
1325 2809 1379 2859 αἱ
1427 2807 1573 2859 σκιαὶ
1608 2805 1707 2875 τὴν

153 2906 409 2974 ἀλήθειαν
450 2906 823 2975 ήρμήνευσαν,
860 2906 974 2968 πῶς
1002 2906 1053 2958 οἱ
1078 2905 1235 2959 τύποι
1261 2904 1353 2958 τοῦ
1377 2904 1704 2973 Εὐαγγελίου

155 3005 520 3075 προέλαμπον.
554 3004 710 3071 Λέγω
739 3005 795 3057 δὲ
842 3006 1041 3075 ἠρέμα,
1091 3005 1185 3057 καὶ
1226 3004 1364 3057 κατά
1398 3004 1459 3056 τὸ
1486 3004 1705 3058 δυνατὸν

154 3101 599 3173 συγκαταϐαίνων
621 3105 687 3171 τῇ
713 3103 846 3171 ἀκοῇ
872 3103 979 3154 τῶν
1010 3100 1277 3169 ἀκεραίων
1306 3103 1395 3153 καὶ
1416 3101 1521 3155 τῶν
1551 3100 1703 3153 ἀπεί-

152 3221 284 3275 ρων,
312 3202 399 3255 ἵνα
432 3200 506 3272 μὴ
542 3194 644 3253 ὧδε
692 3200 909 3251 κάκεῖσε
965 3200 1345 3269 περιάγωνται.
1383 3198 1649 3251 Ἐνεδύετο
1676 3199 1703 3239 δ

150 3306 180 3356 6
208 3302 498 3371 ἀρχιερεὺς
537 3298 718 3352 εἰσιὼν
745 3300 822 3361 είς
854 3298 922 3350 τά
954 3298 1114 3367 Ἀγια
1152 3297 1256 3352 τῶν
1285 3298 1449 3365 ἁγίων
1476 3298 1700 3369 ποδήρη,

151 3402 447 3465 τουτέστιν,
478 3398 687 3469 ἱμάτιον
724 3399 830 3452 ἀπὸ
872 3398 1109 3469 κεφαλῆς
1133 3400 1292 3469 μέχρι
1316 3398 1488 3452 ποδῶν
1517 3400 1704 3469 ἀπῃω-

153 3499 409 3570 ρημένον,
449 3497 716 3569 ἐπωμίδα,
765 3496 958 3567 ζώνην,
991 3496 1307 3566 περισκελῆ,
1334 3496 1556 3550 πέταλον
1580 3514 1702 3568 χρυ-

154 3598 299 3660 σοῦν,
338 3598 551 3666 τιάραν,
602 3595 843 3650 τουτέστι
883 3594 1248 3665 κορυϐάντιον,
1287 3594 1345 3645 τὸ
1400 3594 1574 3661 λόγιον
1611 3596 1703 3648 ἐπὶ

151 3697 242 3749 τοῦ
274 3694 520 3763 στήθους,
549 3695 641 3750 καὶ
669 3696 769 3747 ὅσα
799 3692 1153 3763 διαγορεύειή
1186 3692 1393 3763 Γραφὴ,
1433 3694 1525 3746 καὶ
1558 3693 1702 3747 ἐστιν

153 3795 300 3847 ἰδεῖν.
332 3791 500 3846 Ἀλλα
540 3792 636 3860 μὶν
678 3791 745 3849 τά
778 3794 1045 3861 σχήματα,
1075 3790 1210 3844 ἀλλα
1249 3791 1305 3844 δὲ
1332 3790 1401 3846 τά
1436 3792 1699 3863 νοήματα.

151 3893 222 3945 Οὐ
254 3893 359 3963 γάρ
383 3891 598 3953 πάντως
643 3890 774 3953 Θεὸς
809 3889 1140 3943 ἀναπαύεται
1170 3888 1426 3959 ὑακίνθῳ,
1452 3891 1543 3943 καὶ
1568 3906 1700 3961 πορ-

152 3990 316 4060 φύρᾳ,
368 3989 464 4042 καὶ
511 3988 692 4058 κόκκῳ
726 3998 774 4051 ο,
807 3988 899 4043 καὶ⁵
938 3987 1147 4056 βύσσῳ·
1195 3987 1323 4050 Θεὸς
1369 3988 1476 4057 γὰρ
1518 3988 1700 4057 ψυχῶν

150 4094 371 4146 ἀπαιτεῖ
401 4091 743 4161 καθαρότητα
760 4105 775 4119 ⁸
810 4090 923 4143 ἀλλ’
950 4092 1006 4143 tv
1029 4093 1140 4152 τοῖς
1168 4093 1494 4159 σωματικοῖς
1518 4090 1699 4143 ἄνθεσι

150 4196 436 4265 διαγράφει
479 4193 585 4246 τῶν
618 4191 826 4262 ἀρετῶν
853 4193 949 4263 τὴν
987 4192 1185 4249 εἱκόνα.
1231 4192 1292 4244 Εί
1335 4191 1442 4262 γὰρ
1488 4192 1701 4261 άληθῶς

150 4300 265 4357 ταῖς
297 4295 505 4357 στολαῖς
532 4295 761 4357 ἐκείναις
792 4297 911 4357 ταῖς
935 4294 1157 4358 ἐνδόξοις
1185 4294 1502 4359 ἀνεπαύετο,
1538 4296 1623 4347 διὰ
1647 4294 1699 4347 τί

151 4398 255 4466 πρὸ
278 4395 371 4448 τοῦ
401 4394 607 4466 ’Δαρὼν
632 4396 721 4448 τὸν
755 4397 988 4466 Μωῦσῆν
1026 4398 1124 4450 ούκ
1157 4397 1435 4463 ἐνέδυσεν;
1470 4398 1604 4451 Ἀλλ’
1632 4394 1698 4468 ἦν

149 4495 382 4562 Μωῡσῆς
414 4493 505 4546 καί
534 4495 946 4563 γεγυμνωμένος
977 4495 1071 4564 τῆς
1104 4495 1323 4567 ἐσθῆτος
1349 4498 1577 4565 ἐκείνης,
1606 4498 1697 4548 καὶ

148 4592 345 4650 ὲνδύων
365 4590 533 4661 αὐτὴν
559 4594 681 4653 τοὺς
716 4592 893 4661 ἱερεῖς.
917 4594 1152 4663 Μωῡσῆς
1179 4594 1273 4647 οὑκ
1303 4594 1492 4662 ἑλούθη
1525 4596 1694 4658 ὕδατι,

148 4700 239 4752 καὶ
268 4698 475 4750 ἕλουεν·
513 4696 611 4748 οὐκ
638 4697 855 4767 ὲχρίσθη
889 4699 1069 4767 ἐλαίῳ,
1106 4699 1195 4750 καὶ
1219 4698 1394 4768 ἔχριεν
1414 4716 1426 4729 ·
1455 4701 1553 4752 οὐκ
1576 4700 1696 4767 ἐφό-

150 4813 315 4869 ρησεν
347 4796 555 4864 ἱμάτιον
603 4796 899 4866 ἱερατικὸν,
949 4798 1192 4859 καὶτοὺς
1226 4800 1386 4866 ἱερεῖς
1419 4798 1659 4850 ἐνέδυσεν
1680 4814 1692 4829 ·

148 4897 234 4949 ἵνα
266 4894 443 4964 μάθῃς
474 4894 555 4945 ὃτι
579 4894 656 4963 τῷ
680 4894 865 4963 τελείῳ
890 4896 1097 4964 ἀρκεῖή
1123 4894 1286 4965 ἀρετὴ
1312 4895 1447 4965 πρὸς
1474 4896 1693 4964 κόσμον.

147 4992 295 5066 [410]
332 4994 477 5047 Λάϐε
512 4994 568 5047 δὲ
600 4994 801 5047 ἄνωθεν
831 4996 919 5048 τὸν
952 4995 1119 5066 ἱερέα.
1146 4997 1298 5049 Ἐστι
1324 4994 1429 5064 γάρ
1451 4998 1539 5047 καὶ
1570 4996 1699 5047 αὐτὸ

143 5096 202 5145 τὸ
231 5095 321 5146 τοῦ
362 5093 654 5162 ἐνδύματος
684 5093 850 5163 ὄνομα
891 5094 1183 5163 ἀμφίϐολον
1220 5095 1310 5146 καὶ
1352 5094 1695 5163 ζητούμενον,

144 5199 207 5266 τῇ
250 5197 306 5249 δὲ
356 5196 642 5265 Ἑλληνικῇ
675 5196 888 5266 γλώσσῃ
920 5195 1393 5265 μεταποιούμενον.
1434 5197 1578 5251 Λάϐε
1609 5192 1697 5251 οὖν

205 5398 229 5425 ⁸³
274 5398 355 5446 Sic
379 5397 520 5451 ediu.
542 5400 696 5453 recte,
720 5399 773 5442 ut
793 5395 997 5442 videtur.
1021 5394 1144 5443 Tres
1179 5408 1291 5443 mss.
1326 5394 1498 5455 μᾶλλον
1521 5395 1570 5442 δὲ
1602 5396 1698 5455 φῶς

146 5457 571 5504 ἀπαστράπτουσαν
579 5490 590 5501 .

206 5473 300 5504 act
362 5473 590 5503 πτουσαν.

206 5516 235 5555 δ
280 5473 391 5563 6:0
419 5530 535 5562 mss.
565 5514 766 5571 ἐνδύσω,
802 5525 924 5559 unus
955 5514 1083 5561 addit
1110 5514 1280 5562 τοίνυν.

207 5579 230 5635 ἦ
260 5577 365 5623 Duo
382 5578 462 5621 καὶ
491 5576 711 5635 κοκκίνῳ.

207 5634 231 5672 δ
257 5636 337 5681 Sic
362 5648 553 5692 omnes,
579 5631 920 5693 uno‘exceplo,
952 5631 1036 5692 qui
1083 5632 1231 5683 habet
1268 5634 1313 5681 τί
1347 5635 1462 5694 μετά
1498 5637 1550 5683 τὸ
1581 5634 1697 5697 πρὸ·

150 5711 321 5759 quam.

447 5786 713 5847 ΡΑτιιοι..
764 5790 876 5849 Gn.
930 5788 1079 5854 LVI.

1346 410 1622 470 HOMILIA
1658 406 1748 462 DE
1786 406 2274 466 LEGISLATORE.

3260 433 3369 488 404

1835 523 2006 592 ἀρχὴν
2046 524 2149 576 ἀπὸ
2184 526 2282 594 τῆς
2313 527 2563 597 κεφαλῆς.
2608 528 2827 595 Πρῶτον
2858 529 2909 581 τί
2935 528 3036 603 ἧνς
3069 532 3101 601 ἢ
3132 532 3310 602 τιάρα,
3340 535 3373 604 ἦ

1825 606 1877 657 τί
1907 606 2156 678 ὀνομάζει
2176 627 2191 673 ;
2224 612 2273 662 τί
2295 612 2432 680 μετά
2452 612 2511 665 τὸ
2533 613 2783 680 πρόξενον
2806 614 2855 678 ά,
2882 617 3043 686 τιάρα
3065 634 3078 673 :
3097 618 3235 670 Ἀντὶ
3258 620 3371 682 τοῦ,

1824 710 1985 780 τιάρα
2006 712 2121 764 ἐστὶ
2144 712 2202 764 τὸ
2227 714 2407 782 σχῆμα
2436 714 2528 767 τοῦ
2555 715 2864 786 ἐνδύματος.
2900 720 3111 790 Ἐπειδὴ
3143 722 3171 773 ό
3193 722 3374 791 ἀρχιε-

1826 812 1951 880 ρεὺς
1974 813 2178 883 κεφαλὴ
2202 809 2268 885 ἦν
2287 814 2378 867 τοῦ
2401 816 2547 884 λαοῦ,
2571 818 2676 873 ἔδει
2701 820 2759 873 δὲ
2787 821 2875 874 τὸν
2903 821 3115 875 πάντων
3138 824 3372 893 κεφαλήν

1823 914 2099 984 γινόμενον
2129 916 2271 985 ἔχειν
2302 917 2439 972 κατά
2473 922 2711 991 κεφαλῆς
2733 921 2830 992 τὴν
2858 921 3134 987 ἐξουσίαν’
3174 926 3367 978 ἀπολεο

1822 1014 2023 1085 λυμένη
2050 1017 2156 1087 γὰρ
2186 1018 2434 1072 αὐθεντία
2455 1022 2721 1092 άφόρητός
2744 1025 2887 1078 ἐστιν
2907 1042 2919 1055 ·
2952 1026 3144 1095 ἔχουσα
3173 1026 3227 1079 δὲ
3250 1030 3368 1081 tm-

1824 1116 2069 1184 κείμενον
2098 1119 2158 1171 τὸ
2186 1118 2424 1190 σύνθεμα
2453 1123 2549 1193 τῆς
2576 1124 2900 1192 δεσποτείας,
2933 1127 3035 1179 ὑπὸ
3061 1127 3218 1196 νόμον
3244 1128 3369 1195 ἄγευ

1820 1233 1908 1269 ται
1932 1234 1946 1247 ·
1976 1220 2182 1274 κελεύει
2212 1218 2302 1275 οὗν
2329 1224 2426 1295 τὴν
2454 1228 2690 1298 κεφαλὴν
2721 1229 2797 1299 μὴ
2821 1224 2958 1282 εἶναι
2976 1234 3204 1301 γυμνὴν,
3233 1232 3364 1284 ἀλλά

1820 1309 2256 1383 κεκαλυμμένην,
2314 1316 2397 1367 ἵνα
2438 1317 2581 1387 μάθῃ
2629 1320 2660 1387 ή
2706 1319 2911 1391 κεφαλὴ
2959 1321 3051 1373 τοῦ
3097 1322 3243 1384 λαοῦ,
3285 1324 3365 1377 ὅτι

1820 1407 2057 1478 κεφαλὴν
2090 1410 2221 1479 ἔχει.
2249 1411 2346 1466 Διά
2369 1414 2521 1466 τοῦτο
2546 1416 2638 1466 καὶ
2660 1417 2716 1469 tv
2739 1421 2802 1486 τῇ
2839 1419 3125 1490 Ἐκκλησία
3153 1422 3210 1473 tv
3247 1426 3366 1486 ταῖς

1816 1511 2163 1575 χειροτονίαις
2175 1512 2278 1564 τῶν
2304 1515 2488 1582 ἱερέων
2507 1516 2565 1567 τὸ
2578 1516 2901 1584 Εὑαγγέλιον
2917 1518 3007 1572 τοῦ
3030 1518 3259 1590 Χριστοῦ
3275 1523 3366 1574 ἐπὶ

1817 1606 2056 1674 κεφαλῆς
2087 1608 2312 1670 τίθεται,
2364 1612 2447 1664 ἱνα
2494 1612 2639 1684 μάθῃ
2678 1616 2706 1667 6
2752 1616 3236 1686 χειροτονούμενος,
3281 1620 3362 1674 ὅτι

1814 1704 1912 1773 τὴν
1941 1706 2192 1776 ἀληθινὴν
2219 1710 2309 1761 τοῦ
2348 1712 2672 1780 Εὐαγγελίου
2707 1715 2901 1786 τιάραν
2942 1717 3234 1788 λαμϐάνειο
3268 1723 3362 1773 καὶ

1815 1800 1899 1854 ἵνα
1940 1804 2103 1875 μάθῃ,
2146 1806 2226 1858 ὅτι
2260 1810 2307 1860 εί
2350 1809 2440 1861 καὶ
2470 1809 2682 1865 πάντων
2709 1814 2822 1865 ἐστὶ
2853 1816 3077 1886 κεφαλὴ,
3112 1817 3225 1870 ἀλλ’
3256 1819 3360 1872 ὑπὸ

1813 1902 2032 1965 τούτους
2065 1906 2290 1973 πράττει
2318 1910 2441 1971 τοὺς
2479 1912 2692 1980 νόμους,
2735 1915 2948 1969 πάντων
2985 1916 3220 1985 κρατῶν,
3265 1920 3358 1971 καὶ

1814 2002 1891 2070 τῷ
1918 2004 2063 2072 νόμῳ
2099 2007 2477 2075 κρατούμενος,
2514 2011 2686 2062 πάντα
2727 2010 3016 2079 λογοθετῶν
3048 2026 3091 2081 ⁸,
3131 2013 3224 2070 καὶ
3254 2019 3359 2072 ὑπὸ

1813 2103 1905 2157 τοῦ
1947 2104 2103 2173 λόγου
2148 2110 2615 2181 νομοθετούμενος.
2668 2116 2765 2169 Διά
2802 2116 2956 2170 τοῦτο
3000 2122 3239 2186 γενναῖος
3275 2139 3359 2184 τις

1810 2207 1918 2258 τῶν
1947 2208 2201 2278 ἀρχαίων,
2221 2212 2475 2278 Ἰγνάτιος
2497 2215 2553 2267 δὲ
2574 2211 2641 2288 ῆν
2660 2217 2827 2289 δνομα
2852 2219 3017 2291 αὐτῷ,
3046 2216 3195 2286 οὗτος
3210 2226 3360 2295 ἱερω-

1812 2309 1943 2380 σύνῃ
1966 2312 2058 2364 καὶ
2095 2316 2373 2386 μαρτυρίῳ
2392 2316 2713 2388 διαπρέψας,
2746 2321 3069 2378 ἐπιστέλλων
3089 2327 3193 2379 ’τινὶ⁵
3224 2328 3358 2398 ἱερεῖ

1810 2414 1979 2482 ἔλεγε
2018 2417 2192 2487 Μηδὲν
2236 2420 2361 2473 ἄνευ
2399 2422 2620 2493 γνώμης
2674 2442 2765 2477 σου
2814 2428 3070 2493 γενέσθω,
3120 2432 3251 2501 μηδέ
3289 2435 3353 2484 σὺ

1808 2514 1935 2566 ἀνευ
1968 2516 2189 2587 γνώμης
2219 2520 2350 2572 Θεοῦ
2390 2540 2442 2574 τι
2497 2525 2720 2593 πρᾶττε.
2774 2524 2847 2579 Τὸ
2879 2528 3053 2582 τοίνυν
3083 2530 3223 2599 ἔχειν
3266 2532 3355 2583 τόν

1808 2623 2062 2692 ἀρχιερέα
2089 2625 2148 2675 τὸ
2176 2624 2516 2693 Εὐαγγέλιον,
2550 2631 2769 2700 σημεῖόν
2798 2632 2912 2686 ἐστι
2940 2633 3000 2687 τὸ
3031 2634 3050 2673 ί
3087 2636 3172 2688 ἐπ’
3208 2639 3354 2703 ἐξου-

1809 2724 1926 2776 σίαν
1955 2719 2111 2777 εἶναι.
2150 2728 2248 2779 Διά
2296 2728 2449 2781 τοῦτο
2489 2730 2635 2798 λέγει
2674 2732 2881 2798 Παῦλος
2927 2737 3054 2807 περὶ
3102 2741 3354 2806 γυναικὸς

1806 2827 2030 2896 ἐχούσης
2052 2831 2327 2901 κάλυμμα·
2354 2833 2415 2884 Ἡ
2435 2834 2567 2904 γυνὴ
2582 2835 2781 2905 ὀφείλει
2805 2838 2947 2908 ἔχειν
2966 2840 3057 2893 ἐπὶ
3074 2844 3171 2912 τῆς
3186 2860 3353 2913 κεφα-

1805 2929 1901 3000 λῆς
1937 2930 1997 2983 τὸ
2032 2932 2310 3002 κάλυμμα,
2351 2937 2378 2987 ὃ
2421 2932 2488 3006 ἦν
2532 2938 2691 2991 εἰκὼν
2735 2939 2996 3007 ἐξουσίας.
3038 2938 3143 2999 Ἦν
3182 2946 3273 3002 οὖν
3315 2953 3348 3023 lg

1803 3034 1965 3104 τιάρα
1994 3035 2052 3086 τὸ
2085 3038 2264 3106 σχῆμα
2284 3040 2379 3108 τῆς
2410 3042 2673 3105 ἐξουσίας.
2691 3039 2797 3097 Ἦν
2818 3045 2877 3097 τὸ
2897 3048 3124 3104 πέταλον
3144 3052 3204 3104 τὸ
3226 3070 3351 3122 χρυ-

1806 3131 1950 3195 σοῦν,
1980 3128 2029 3201 ᾧ
2064 3136 2435 3206 ἐπεγέγραπτο
2465 3140 2525 3193 τὸ
2555 3144 2953 3214 γεγραμμένον,
2981 3147 3036 3200 tv
3065 3142 3110 3217 ᾧ
3138 3149 3352 3204 ἐκτετύ-

1804 3248 1949 3285 πωτο
1978 3234 2039 3285 τὸ
2062 3235 2154 3287 τοῦ
2181 3236 2312 3288 Θεοῦ
2355 3238 2542 3308 ὖνομα,
2574 3241 2666 3294 καὶ
2709 3243 2922 3311 πρῶτον
2952 3246 3236 3316 δείκνυσιν,
3269 3251 3353 3306 ὅτι

1804 3332 2018 3397 ἐξουσία
2045 3333 2173 3387 Θεοῦ
2212 3335 2382 3406 ὄνομα
2422 3338 2573 3392 Θεοῦ.
2616 3340 2771 3394 Μετά
2807 3342 2903 3413 τὴν
2930 3346 3118 3417 τιάραν
3160 3350 3252 3402 καὶ
3294 3350 3353 3405 τὸ

1804 3434 2032 3488 πέταλον
2056 3436 2145 3489 δύο
2172 3437 2304 3491 λίθοι
2326 3440 2417 3492 ἐπί
2440 3440 2547 3494 τῶν
2563 3441 2725 3512 ὤμων
2748 3447 3119 3516 σμαράγδινοι,
3144 3449 3353 3520 ἔχοντες

1802 3537 1899 3599 τὰς
1930 3537 1988 3600 ἓξ
2019 3539 2189 3605 φυλὰς
2212 3541 2473 3607 ἐντεῦθεν,
2500 3545 2591 3596 καὶ
2623 3545 2720 3608 τάς
2746 3546 2805 3611 ἐξ
2827 3548 3089 3603 ἐντεῦθεν.
3124 3552 3351 3622 Σημεῖωι

1802 3639 1955 3692 τοῦτο
1990 3641 2087 3709 τῆς
2131 3642 2407 3712 ίερατικῆς
2447 3645 2637 3713 ὄψεως.
2687 3648 2969 3720 Ἀπονέμει
3013 3652 3067 3704 δὲ
3100 3653 3175 3723 τῷ
3215 3657 3347 3725 ίερεῖ

1800 3744 1892 3794 τὸν
1925 3744 2233 3815 σμάραγδον
2257 3746 2349 3797 δύο
2376 3745 2561 3816 ἔχοντα
2588 3748 2754 3821 κάλλη
2771 3768 2783 3782 ·
2826 3753 3037 3826 καὶγὰρ
3063 3756 3342 3829 ὠχρότητα

1802 3847 1913 3918 ἔχει
1965 3849 2231 3919 εὐπρεπῆ,
2274 3851 2364 3902 καὶ
2398 3852 2632 3922 καθαρὸς
2664 3852 2737 3906 ὢν
2770 3856 3070 3929 κατόπτρου
3118 3861 3344 3932 δύναμιν

1802 3952 2005 4019 ἐπέχει.
2024 3950 2233 4020 Ἐπειδὴ
2259 3948 2350 4003 οῦν
2380 3951 2468 4004 τὸν
2492 3953 2635 4023 ἱερέα
2661 3955 2743 4008 δεῖ
2767 3958 2859 4010 καὶ
2885 3959 3109 4024 ἀσκήσει
3137 3964 3343 4032 νήφειν,

1802 4055 2007 4107 καὶτὸν
2040 4054 2149 4122 βίον
2184 4054 2483 4123 κάτοπτρον
2527 4056 2669 4125 ἔχειν
2697 4061 2806 4122 τοῖς
2838 4060 3066 4127 πολλοῖς,
3101 4064 3345 4133 βούλεται

1799 4155 1898 4225 τῆς
1942 4158 2141 4227 ἀρετῆς
2179 4160 2277 4230 τὴν
2319 4161 2499 4214 είκόνα
2542 4161 2727 4233 φέρειν
2770 4163 2860 4215 τὸν
2899 4166 3045 4235 ίερέα
3097 4168 3188 4221 ἐπὶ
3238 4170 3347 4223 τῶν

1799 4253 1982 4323 ὤμων.
2013 4256 2111 4308 Διά
2150 4256 2202 4308 τί
2236 4258 2327 4309 ἐπὶ
2367 4259 2472 4311 τῶν
2518 4258 2714 4329 ὥμων;
2768 4261 2980 4333 Ἐπειδὴ
3006 4264 3066 4319 τὸ
3090 4267 3182 4321 τοῦ
3213 4268 3344 4322 Θεοῦ

1799 4356 1965 4425 ὄνομα
1997 4357 2087 4408 ἐπὶ
2116 4360 2212 4427 τῆς
2240 4360 2498 4430 κεφαλῆς,
2528 4362 2589 4413 τὸ
2626 4362 2823 4433 ἄρθρον
2865 4365 2956 4417 ἐπὶ
2992 4366 3081 4419 τοῦ
3124 4370 3343 4439 ἄρθρου.

1800 4459 1905 4514 Καὶ
1948 4458 2031 4511 διὰ
2083 4459 2130 4510 τί
2176 4460 2406 4512 ἐπὶτῶν
2458 4462 2649 4531 ῶμων;
2697 4463 2907 4535 Ἐπειδὴ
2947 4468 3052 4537 γὰρ
3100 4472 3344 4540 πράξεώς

1800 4565 1913 4614 ἐστι
1934 4565 2153 4630 σημεῖον
2173 4580 2186 4593 ·
2233 4565 2264 4631 ή
2293 4564 2398 4633 γὰρ
2419 4566 2690 4635 πρακτικὴ
2714 4566 2937 4640 δύναμις
2963 4571 3020 4622 ἐν
3042 4573 3150 4634 τοῖς
3181 4573 3345 4645 ὤμοις

1798 4669 2055 4738 ἢρτηται·
2098 4670 2341 4738 βούλεται
2372 4667 2465 4723 οὖν
2509 4672 2567 4723 τὸ
2616 4673 2806 4736 κάλλος
2841 4674 2938 4744 τῆς
2975 4676 3225 4747 ἀληθείας
3253 4680 3344 4735 ἐπὶ

1798 4771 1904 4823 τῶν
1944 4771 2189 4839 πράξεων
2223 4769 2379 4826 εἶναι.
2408 4774 2504 4826 Διά
2531 4774 2686 4828 τοῦτο
2715 4776 2857 4844 λέγει
2883 4778 2910 4829 6
2939 4777 3068 4843 Θεὸς
3092 4781 3226 4851 πρὸς
3247 4784 3342 4853 τὴν

1812 4876 2158 4945 Ἰερουσαλήμ
2193 4894 2318 4930 ποτε
2338 4894 2355 4911 ο
2395 4879 2499 4944 Θὲς
2534 4879 2645 4948 τὴν
2674 4882 2923 4950 καρδίαν
2949 4897 3064 4939 σου
3093 4886 3190 4940 ἐπί
3229 4887 3343 4941 τῶν

1799 4979 1968 5045 ὤμων
1984 4992 2120 5042 σου,
2146 4980 2400 5047 θυγάτηρ
2428 4982 2778 5050 ήτιμωμένη,
2798 4984 2883 5037 ὅτι
2911 4985 3125 5055 Κύριος
3144 4989 3343 5042 ἔκτισε

1800 5082 2115 5147 σωτηρίαν.
2161 5083 2270 5145 Τάς
2301 5086 2485 5156 χεῖρας
2541 5087 2632 5138 καὶ
2675 5088 2799 5148 τοὺς
2848 5089 3030 5157 ὤμους
3081 5094 3160 5153 εἱς
3206 5092 3344 5161 πρά-

1801 5182 1909 5251 ξεις
1947 5183 2207 5255 λαμϐάνει
2237 5186 2269 5254 ή
2303 5186 2508 5256 Γραφὴ,
2533 5188 2607 5249 ὡς
2628 5188 2752 5241 ὅταν
2778 5188 2907 5259 λέγῃ
2932 5190 3076 5261 [411]
3098 5194 3219 5264 περὶ
3248 5193 3341 5247 τοῦ

1852 5394 2091 5462 §_Fronlo
2116 5393 2330 5462 Ducam;
2344 5401 2392 5462 e_t
2412 5395 2848 5462 Savi1._lgagend_um
2875 5406 3342 5462 ρυιοηινομοῡετών.

1799 5450 1917 5524 _Ibid.
1940 5466 2108 5524 om-nes
2122 5468 2235 5524 [ηδε.
2257 5457 2336 5524 καὶ
2464 5454 2550 5524 τοῦ
2568 5450 2723 5515 λὸἷου.
2747 5458 2836 5506 Ed.
2859 5450 3019 5520 ν’όμου.
3043 5450 3148 5508 Μοὶ
3175 5450 3345 5524 ἱειιοίίί

1799 5510 2028 5576 |uc_us_est
2049 5526 2120 5576 ex_
2139 5515 2351 5576 Epislqla
2377 5517 2433 5562 ad
2464 5510 2797 5576 Pplyca'rpum.

1866 5570 1882 5605 τ
1927 5570 2207 5633 Legendum
2233 5574 2422 5620 videtur
2445 5570 2691 5625 toﬁfhloi
2713 5590 2837 5631 unus
2872 5579 2949 5625 ὑπ’
2981 5580 3207 5633 ἐξουσίαν.
3251 5583 3345 5633 Alii

1799 5632 1869 5679 ἐπ’
1899 5632 2126 5685 ἐξουσίαν.
2165 5635 2284 5682 ἰωὰ.
2328 5635 2547 5692 quasdam
2582 5637 2788 5687 deerant
2824 5640 2872 5688 in
2898 5632 3065 5689 Morel.
3108 5648 3160 5689 el.
3194 5632 3343 5694 Sam.

1800 5705 1909 5752 quae
1932 5704 1991 5739 ex
2018 5706 2130 5741 mss.
2159 5695 2411 5754 prodeunt.

2958 5801 3032 5859 2b.
