3996 6456
590 437 704 491 405

594 534 787 588 Λαυῖδ·
830 535 938 589 Kal
970 533 1039 588 ἐν
1073 534 1196 601 ταῖς
1239 537 1527 590 συνέσεσι
1565 537 1682 590 τῶν
1716 533 1925 606 χειρῶν
1963 534 2145 589 αὐτοῦ

597 623 912 691 ὡδήγησεν
937 625 1173 688 αὐτούς.
1203 626 1312 676 Kal
1340 627 1372 694 ἡ
1407 626 1614 688 σύνεσις
1641 621 1749 696 ἆρα
1789 628 1845 677 ἐν
1876 627 1994 686 ταῖς
2025 640 2150 692 χερο

601 713 685 766 σίν
723 715 900 778 ἐστιν;
950 714 1085 766 Ἀλλ’
1118 717 1178 766 ἐν
1223 717 1342 778 ταῖς
1372 715 1614 768 συνέσεσι
1653 716 1798 782 λέγει
1841 715 2015 768 αὐτῶν
2042 713 2150 765 τῶν

602 803 869 874 πράξεων.
912 803 1022 854 Kal
1063 803 1154 856 ἐπὶ
1195 803 1288 856 τοῦ
1331 802 1555 874 στήθους
1589 804 1890 873 ἐλάμϐανεν
1916 805 1942 855 ὁ
1977 803 2150 872 ἱερεὺς

599 891 661 943 τὸ
715 893 916 959 λογεῖον
963 891 1085 953 τοὺς
1131 891 1334 945 δώδεκα
1381 892 1560 955 λίθους
1633 890 2150 960 ἐγκεκολαμμένους,

604 980 868 1043 τουτέστι,
923 979 1155 1048 σάρδιον,
1197 981 1469 1043 τοπάζιον,
1511 981 1836 1049 σμάραγδον,
1886 980 2148 1049 ἄνθρακα,

607 1070 924 1140 σάπφειρον,
980 1070 1182 1135 ἴασπιν,
1234 1071 1503 1136 ὑάκινθον,
1563 1072 1786 1142 ἀχάτην,
1861 1071 2150 1141 ἀμέθυσον,

606 1160 935 1229 χρυσόλιθον,
967 1159 1267 1230 βηρύλλιον,
1285 1160 1509 1230 ὀνύχιον.
1529 1160 1616 1212 Ἐν
1632 1164 1741 1224 τοῖς
1764 1160 1971 1214 δώδεκα
1990 1160 2154 1222 λίθοις

606 1250 812 1313 τούτοις
851 1249 1159 1319 ἐμερίζοντο
1185 1252 1242 1303 αἱ
1273 1250 1476 1304 δώδεκα
1506 1251 1696 1319 φυλαί·
1743 1251 1876 1321 βαρὺ
1897 1251 1957 1303 τὸ
1986 1251 2151 1320 ῥῆμα.

609 1344 755 1394 Ἀνω
786 1341 878 1394 ἐπὶ
913 1341 1021 1393 τῶν
1065 1340 1228 1411 ὤμων
1272 1342 1367 1410 μία
1393 1338 1460 1412 ἦν
1495 1344 1527 1412 ἡ
1558 1342 1665 1393 τῶν
1704 1340 1865 1393 λίθων
1899 1341 2056 1408 φύσις
2098 1339 2155 1390 ἓν

607 1433 778 1502 δνομα
809 1431 1025 1501 ἔχουσα,
1069 1431 1160 1484 τὸν
1193 1432 1500 1501 σμάραγδον
1522 1447 1534 1459 ⁸
1578 1430 1669 1484 ἐπὶ
1708 1432 1765 1484 δὲ
1807 1429 1898 1484 τοῦ
1934 1429 2157 1499 στήθους

608 1522 758 1575 κάτω
784 1520 1025 1590 διάφοροι
1070 1522 1118 1573 οἱ
1147 1520 1305 1573 λίθοι.
1336 1519 1400 1572 Τί
1439 1518 1680 1589 βούλεται
1722 1519 1909 1583 τοῦτο;
1943 1517 2156 1587 Ἐπειδὴ

613 1610 710 1680 μία
738 1609 894 1677 φύσις
919 1611 1064 1678 ἡμᾶς
1093 1609 1365 1678 ἐγέννησε,
1395 1607 1637 1676 διάφοροι
1671 1607 1726 1659 δέ
1763 1607 1974 1676 γνῶμαι
2014 1607 2159 1674 ἡμᾶς

614 1696 893 1767 ἐμέρισαν,
923 1697 985 1749 τὸ
1030 1697 1128 1766 μὲν
1159 1696 1340 1749 δίδωσι
1364 1699 1428 1767 τῇ
1461 1696 1673 1766 γνώμῃ,
1703 1697 1763 1748 τὸ
1799 1696 1855 1748 δέ
1882 1698 1946 1764 τῇ
1981 1695 2159 1762 φύσει.

611 1783 719 1840 ἿΙν
761 1787 939 1839 τοίνυν
1001 1786 1133 1838 Θεοῦ
1177 1785 1344 1854 δνομα
1380 1787 1413 1856 ή
1452 1785 1723 1855 πρακτικὴ
1764 1785 1953 1855 ἀρετὴ,
2006 1786 2038 1855 ἠ
2075 1783 2161 1838 διά

613 1877 770 1944 λόγου
801 1876 893 1927 καὶ
918 1872 1173 1943 ἀληθείας
1206 1874 1532 1928 συνεστῶσα.
1570 1872 1680 1925 Kal
1707 1872 1810 1924 ὑπὸ
1839 1871 1896 1923 τὸ
1925 1872 2162 1941 κράσπε-

615 1964 703 2016 δον
732 1962 825 2015 τοῦ
860 1963 1046 2031 ἱερέως
1087 1961 1146 2013 τὸ
1184 1960 1469 2030 λεγόμενον
1501 1959 1677 2028 λῶμα,
1714 1960 1869 2027 ἄνθη,
1905 1959 2037 2029 ρωἀ,
2071 1959 2162 2011 καὶ

619 2053 822 2122 ροἲσκοι
855 2062 881 2091 ι
913 2053 1121 2120 χρυσοῖ,
1161 2051 1255 2102 καὶ
1295 2050 1555 2111 κώδωνες.
1591 2049 1655 2101 Τί
1703 2048 1949 2101 ἐϐούλετο
1990 2046 2164 2100 ταῦτα

614 2143 676 2194 ἐν
707 2139 784 2210 τῷ
806 2141 971 2209 ἱερεῖς
1011 2133 1116 2209 ἄρα
1143 2137 1272 2200 Θεὸς
1299 2135 1596 2191 ἀνεπαύετο
1625 2135 1827 2198 τούτοις
1859 2138 1969 2197 τοῖς
2011 2134 2166 2187 ἀνθε-

621 2245 735 2294 σιν;
766 2225 874 2298 ἆρα
913 2227 1160 2279 ἐϐούλετο
1191 2227 1350 2297 γήϊνα
1375 2225 1506 2295 ἀνθη
1543 2219 1679 2278 εἶναι
1716 2225 1841 2293 περὶ
1862 2224 1950 2277 τὸν
1982 2223 2164 2293 ἱερέας

633 2318 770 2371 Ἀλλ’
799 2319 856 2371 ἐν
886 2318 964 2387 τῷ
993 2318 1228 2387 σχήματι
1260 2316 1352 2369 τοῦ
1385 2316 1568 2387 ἱερέως
1596 2313 1903 2378 ἐξεικονίζει
1931 2312 2029 2376 τὰς
2049 2314 2170 2383 ἀρε-

620 2411 740 2472 τάς.
761 2411 905 2463 Ἀνω
950 2409 1040 2461 ἐπὶ
1075 2407 1174 2475 τῆς
1215 2406 1453 2474 κεφαλῆς
1502 2404 1670 2471 ὄνομα
1719 2401 1872 2464 Θεοῦ,
1931 2401 2023 2453 ἐπὶ
2072 2399 2165 2454 τοῦ

624 2497 848 2567 στήθους
872 2496 932 2548 τὸ
968 2496 1171 2562 λογεῖον
1207 2495 1256 2557 ι),
1286 2494 1353 2546 τά
1386 2492 1533 2545 κάτω
1561 2491 1692 2558 ἀνθη
1722 2491 1816 2542 καὶ
1853 2488 2072 2558 καρποὶ,
2101 2487 2169 2540 τὰ

621 2585 730 2638 τῶν
759 2585 965 2655 ἀρετῶν
992 2582 1405 2652 κατορθώματα,
1441 2579 1595 2632 ama
1632 2579 1775 2631 ἐστιν
1818 2575 2167 2646 ἐλεημοσύνη,

634 2674 963 2746 δικαιοσύνη,
994 2670 1386 2742 φιλανθρωπία.

696 2863 756 2910 ε’.
789 2856 880 2908 Δεῖ
909 2851 1000 2906 οῦν
1026 2854 1170 2923 ἡμᾶς
1207 2851 1344 2920 ἔχειν
1371 2852 1464 2904 καὶ
1497 2855 1562 2903 τά
1591 2847 1851 2902 ἀνθοῦντα
1879 2843 2045 2913 κάλλη
2081 2841 2174 2895 καὶ

628 2947 698 3001 τά
724 2946 1142 3016 πεπληρωμένα.
1169 2942 1336 3011 Ἀνθη
1379 2943 1436 2994 δέ
1481 2943 1614 2994 είσιν
1647 2939 1852 3010 ἱερέως,
1900 2935 2172 3004 συντυχία,

631 3037 832 3107 ὁμιλία,
862 3032 991 3106 ἦθος
1037 3033 1260 3101 ἀγαθὸν,
1292 3032 1447 3099 λόγος
1490 3030 1741 3102 χρηστὸς,
1790 3028 1988 3088 πίστις.
2031 3023 2176 3087 δόξα,

632 3128 874 3198 ἀλήθεια,
927 3123 1232 3194 δικαιοσύνη
1257 3139 1271 3154 ⁶
1307 3122 1400 3176 καὶ
1442 3121 1639 3191 μεταξὺ
1676 3119 1876 3173 τούτων
1921 3119 1969 3169 οἱ
2000 3114 2179 3168 κώδω-

634 3234 742 3284 νες,
773 3219 806 3286 ή
836 3214 1116 3286 συμφωνία
1144 3211 1250 3265 τῶν
1278 3210 1454 3264 καλῶν
1482 3209 1674 3279 ἔργων.
1701 3209 1855 3260 Πᾶσα
1875 3206 1985 3274 γάρ
2012 3204 2180 3274 ἀρετὴ

634 3305 765 3379 ἦχον
807 3303 1074 3358 ἀποτελεῖ.
1119 3302 1208 3353 Διὸ
1239 3300 1385 3366 λέγει
1435 3297 1673 3359 Παῦλος·
1719 3296 1841 3362 Ἀφ’
1884 3293 2046 3379 ὑμῶν
2073 3293 2181 3361 γὰρ

635 3375 921 3462 ἐξήχηται
955 3394 987 3444 ό
1035 3391 1215 3458 λόγος
1263 3387 1368 3440 τοῦ
1420 3384 1582 3438 Θεοῦ.
1630 3382 1797 3436 Πόθεν
1841 3381 1894 3433 6t
1929 3375 2127 3448 ἤρξατο
2154 3379 2183 3429 6

635 3481 804 3554 ἦχοςς
847 3481 952 3534 Kal
1008 3479 1250 3547 περιῄει,
1302 3475 1484 3544 φησὶν,
1534 3477 1566 3526 ό
1615 3471 1841 3538 Ἰησοῦς
1891 3469 2186 3523 διδάσκων

639 3570 845 3626 πᾶσαν
880 3571 1077 3627 πόλιν.
1113 3566 1209 3620 καί
1238 3563 1439 3618 πᾶσαν
1480 3560 1700 3630 κώμην,
1734 3559 1828 3613 καί
1854 3559 2188 3625 θεραπεύων

640 3655 849 3710 πᾶσαν
873 3654 1078 3715 νόσον,
1106 3649 1203 3703 καί
1243 3647 1445 3702 πᾶσαν
1464 3644 1786 3714 μαλακίαν.
1830 3644 1938 3694 Καὶ
1969 3639 2187 3710 ἐξῆλθεν

641 3740 773 3812 ἦχος
805 3742 928 3810 περὶ
957 3736 1118 3792 αὑτοῦ
1152 3739 1229 3799 είς
1259 3738 1435 3788 πᾶσαν
1462 3733 1557 3801 τὴν
1590 3732 1711 3800 γῆν.
1758 3730 1993 3800 Πρόσεχε
2032 3732 2188 3799 ἀκρι-

645 3830 772 3891 ϐῶς·
808 3825 958 3889 Εἶδες
987 3824 1092 3878 τῶν
1121 3823 1328 3894 ἀρετῶν
1352 3822 1440 3873 τὸν
1461 3820 1689 3888 κόσμον;
1708 3819 1936 3879 Ἐκεῖνος
1965 3820 1992 3870 ό
2017 3818 2191 3887 ἱερεὺς

645 3915 876 3987 Χριστοῦ
906 3910 971 3983 ἦν
987 3912 1172 3974 τύπος.
1198 3911 1310 3963 Οὐκ
1334 3906 1730 3976 ἀλληγοροῦμεν
1762 3903 2009 3969 ἐνταῦθα,
2038 3907 2086 3957 εἱ
2118 3906 2192 3974 μὴ

648 4004 898 4075 ἀφορμάς
932 4002 1191 4071 ἐλάϐομεν
1218 3998 1366 4068 παρὰ
1400 3995 1629 4049 Παύλου.
1666 3995 1727 4046 Εί
1759 3995 1832 4064 μὴ
1872 3993 2074 4057 Παῦλος
2098 3996 2194 4066 ἡρ-

653 4092 883 4163 μήνευσε
906 4089 1004 4158 τὴν
1042 4088 1266 4155 δύναμιν
1307 4085 1401 4154 τῆς
1440 4082 1800 4151 δικαιοσύνης,
1833 4083 1990 4150 ἡμεῖς
2022 4081 2194 4133 ταῦτα

656 4177 845 4248 μαθεῖν
873 4177 972 4227 οὐκ
1004 4173 1330 4243 ἠδυνάμεθα.
1365 4170 1460 4224 Διὰ
1485 4171 1638 4222 τοῦτο
1672 4172 1812 4222 ποιεῖ
1847 4168 2055 4230 Παῦλος
2103 4169 2194 4221 τὸν

652 4267 799 4337 ἱερέα
853 4265 1053 4316 ἐκεῖνον
1094 4261 1261 4314 τύπον
1299 4260 1391 4313 τοῦ
1438 4258 1693 4328 Χριστοῦ.
1739 4257 1832 4310 καὶ
1887 4257 2071 4324 λέγει·
2114 4259 2195 4310 Οὐ

651 4354 759 4423 γὰρ
799 4354 886 4416 είς
921 4349 1294 4418 χειροποίητα
1346 4346 1482 4414 ἅγια
1527 4346 1810 4410 είσῆλθεν
1858 4348 1889 4397 ό
1922 4344 2192 4410 Χριστὸς,

652 4445 941 4497 ἀντίτυπα
969 4438 1084 4492 τῶν
1125 4435 1445 4503 ἀληθινῶν,
1469 4435 1612 4488 ἀλλ’
1641 4437 1725 4498 είς
1754 4433 1935 4486 αὐτὸν
1971 4435 2075 4485 τὸν
2102 4436 2198 4486 οὺ-

647 4534 857 4601 ρανόν,
884 4526 1316 4598 ἐμφανισθῆναι
1337 4526 1414 4591 τῷ
1443 4524 1734 4592 προσώπῳ
1751 4523 1854 4575 τοῦ
1878 4521 2021 4576 Θεοῦ
2053 4521 2199 4588 ὑπὲρ

656 4621 840 4691 ημῶν.
870 4617 1060 4679 Στάσις
1087 4612 1178 4669 οῦν
1208 4612 1276 4685 ἦν
1305 4618 1359 4666 ἐν
1383 4617 1492 4676 τοῖς
1520 4614 1638 4665 τότε
1673 4611 1960 4673 Ἰουδαίοις,
1992 4610 2084 4662 καὶ
2107 4607 2201 4678 ξή-

655 4725 804 4781 τημα
837 4709 1002 4775 ξένον.
1039 4705 1251 4772 Ἐπειδὴ
1284 4702 1390 4773 γὰρ
1419 4703 1466 4754 οἱ
1496 4701 1775 4753 ἀπόστολοι
1800 4701 2091 4768 ἐκήρυττον
2114 4699 2202 4750 τὸν

657 4802 906 4868 Σωτῆρα,
950 4796 1047 4850 καὶ
1104 4793 1344 4864 βασιλέα,
1393 4792 1484 4845 καὶ
1537 4791 1702 4860 ἱερέα,
1750 4790 1841 4842 καὶ
1898 4789 2200 4858 προφήτην,

659 4887 922 4956 ἐμάχοντο
973 4885 1022 4936 οἱ
1061 4882 1316 4939 Ἰουδαῖοι,
1357 4881 1450 4932 καὶ
1498 4879 1678 4946 ελεγον
1726 4877 1794 4928 τά
1835 4875 1974 4927 κατὰ
2020 4874 2198 4942 νόμον.

662 4976 851 5042 Ἄλλη,
886 4973 1036 5042 φησὶ,
1075 4971 1212 5039 φυλὴ
1263 4968 1550 5038 βασιλείας,
1593 4967 1684 5018 καὶ
1722 4965 1852 5033 ἄλλη
1892 4961 2202 5033 ἱερωσύνης.

673 5065 737 5116 Ἦ
769 5061 1023 5130 Λευῖτικὴ
1077 5059 1235 5129 φυλὴ,
1291 5057 1603 5126 ἱερωσύνης,
1645 5056 1675 5124 ή
1722 5055 1777 5107 δὲ
1814 5053 2000 5113 Ἰούδα,
2058 5050 2206 5122 βασι-

660 5152 828 5215 λείας,
854 5151 1033 5218 φησίν.
1073 5150 1134 5201 Εἱ
1167 5142 1258 5199 οῦν
1285 5149 1313 5199 6
1343 5147 1570 5216 Χριστὸς
1608 5143 1854 5212 βασιλεύς
1882 5144 2043 5203 ἐστιν,
2084 5140 2207 5191 οὐκ·

659 5242 737 5294 έτι
766 5239 912 5311 [412]
952 5238 1125 5309 ἱερεύς
1146 5255 1159 5268 ·
1193 5240 1240 5290 εἱ
1268 5236 1324 5290 δὲ
1350 5236 1543 5305 ἱερεὺς,
1570 5236 1748 5286 οὐκέτι
1771 5232 2036 5302 βασιλεύς.
2066 5231 2209 5282 Παῦ-

660 5333 749 5395 λος
812 5330 1132 5400 μαχόμενος,
1189 5328 1282 5380 καὶ
1336 5327 1468 5397 πρὸς
1529 5325 1624 5394 τὴν
1685 5324 1903 5374 ἐκείνων
1959 5321 2208 5374 ὑπόνοιαν

723 5603 750 5633 ⁸
780 5601 883 5664 Quo
908 5601 1018 5656 ἄνθη
1054 5600 1302 5664 ῥοιᾶςιῃκαὶ
1328 5599 1524 5664 ῥοΐσκοι.

729 5664 755 5700 b
796 5662 918 5709 'l'res
958 5653 1069 5707 mss:
1110 5661 1304 5716 στήθους
1330 5653 1484 5719 λόγος.
1529 5659 1626 5707 Sed
1664 5658 1796 5706 locus
1823 5657 1871 5703 in
1899 5655 2042 5703 editis
2081 5653 2212 5702 bene

665 5723 848 5772 habere
875 5721 1082 5770 videtur.

2083 420 2353 480 INCERTI

3682 429 3801 482 406

2254 532 2503 602 ἁρμόζων
2551 531 2639 584 τὸν
2685 531 2860 599 λόγον,
2895 531 3058 601 φησί·
3095 530 3178 598 Μὴ
3217 529 3322 598 γὰρ
3354 529 3490 582 κατά
3518 527 3616 596 τὴν
3645 530 3802 595 τάξιν

2251 622 2347 690 τῆς
2382 619 2643 690 ὑμετέρας
2672 620 2963 689 ἱερωσύνης
2989 621 3182 689 ἀνέστη
3211 619 3471 688 Χριστός;
3502 620 3639 688 Παρ⁹
3663 621 3796 688 ὑμῖν

2251 707 2498 777 διῄρηται
2528 706 2767 775 βασιλεία
2797 707 2888 758 καὶ
2934 705 3224 775 ἱερωσύνη·
3264 707 3320 757 ἐν
3363 706 3419 757 δὲ
3455 706 3533 773 τῷ
3577 706 3805 775 Χριστῷ

2255 793 2537 861 συνῆπται.
2586 792 2667 846 Σὺ
2705 792 2812 862 γὰρ
2861 793 3081 860 ἱερεὺς,
3122 792 3307 861 φησὶν,
3357 794 3442 856 εὶς
3469 791 3576 844 τὸν
3618 793 3808 845 αίῶνα

2253 881 2399 932 κατὰ
2432 880 2544 948 τὴν
2569 879 2739 944 τάξιν
2764 879 3151 948 Μελχισεδέκ.
3186 878 3282 931 Διά
3304 879 3458 932 τοῦτο
3487 879 3804 946 συλλογίζε-

2253 987 2361 1034 ται,
2395 969 2485 1021 καὶ
2510 969 2688 1036 λέγει·
2732 969 2780 1020 εί
2809 969 2917 1037 γάρ
2947 970 2980 1036 ὴ
3009 967 3195 1037 πρώτη
3238 969 3496 1037 ἱερωσύνη
3528 965 3596 1036 ἧν
3625 969 3808 1037 ἀμεμ-

2255 1073 2406 1118 πτος,
2431 1056 2512 1118 τίς
2535 1055 2688 1125 χρεία
2714 1055 2964 1124 λεχθῆναι
2994 1053 3130 1107 κατά
3160 1055 3257 1124 τὴν
3287 1054 3436 1118 τάξιν
3473 1054 3808 1122 Μελχισεδὲκ

2255 1145 2570 1197 ἀνίστασθαι
2616 1144 2786 1212 ἱερέα,
2835 1145 2930 1197 καὶ
2969 1145 3026 1196 ού
3068 1142 3206 1196 κατά
3240 1143 3337 1212 τὴν
3379 1143 3529 1207 τάξιν
3565 1143 3809 1211 ’Λαρώνς

2258 1234 2716 1302 Μετατιθεμένης
2766 1233 2878 1301 γὰρ
2922 1231 3026 1297 τῆς
3055 1232 3395 1296 ἱερωσύνης,
3438 1231 3506 1293 ἐξ
3537 1231 3810 1297 ἀνάγκης

2259 1325 2356 1377 καὶ
2385 1327 2570 1391 νόμου
2599 1323 2911 1390 μετάθεσις
2951 1323 3192 1388 γίνεται.
3222 1322 3529 1390 Ἀρχιερεὺς
3564 1324 3748 1372 τοίνυν
3783 1325 3812 1372 ό

2260 1411 2448 1480 Σωτὴρ
2477 1411 2651 1480 ἡμῶν,
2682 1411 2741 1461 οὐ
2771 1409 2908 1461 κατὰ
2949 1409 3040 1459 τὸν
3073 1410 3169 1476 τῆς
3195 1407 3439 1475 θεότητος
3463 1408 3638 1473 λόγον,
3673 1409 3812 1460 ἀλλά

2261 1500 2399 1553 κατὰ
2431 1500 2521 1551 τὸν
2553 1497 2651 1566 τῆς
2689 1498 2884 1566 σαρκὸς
2919 1496 3107 1548 τύπον·
3134 1496 3244 1548 ἀνω
3275 1495 3552 1564 σύνθρονος
3575 1495 3714 1547 Θεοῦ
3744 1497 3813 1548 δι’

2259 1591 2424 1658 ἡμᾶς,
2472 1589 2565 1640 καὶ
2600 1587 2886 1657 ἀρχιερεὺς
2927 1585 3065 1637 κατά
3117 1584 3213 1653 τὴν
3256 1583 3403 1647 τάξιν
3451 1584 3811 1652 Μελχισεδέκ.

2261 1678 2395 1746 Περὶ
2418 1669 2478 1728 οῦ
2509 1675 2670 1737 πολὺς
2707 1677 2734 1726 ὁ
2758 1674 2932 1741 λόγος,
2965 1672 3077 1725 ἀλλ’
3104 1673 3166 1724 οὐ
3194 1671 3286 1723 τοῦ
3318 1671 3597 1741 παρόντος.
3635 1673 3817 1742 Πρόσ-

2263 1783 2374 1836 εχε,
2415 1764 2744 1836 παρακαλῶ·
2781 1759 2888 1816 Ἧν
2941 1765 2997 1816 ἐν
3037 1762 3114 1832 τῷ
3165 1763 3311 1834 νόμῳ
3366 1763 3815 1832 ὁλοκαυτώματα,

2265 1855 2421 1909 θυσία
2465 1854 2589 1923 περὶ
2627 1853 2921 1924 ἁμαρτίας,
2968 1854 3276 1922 προσφορά·
3331 1851 3496 1906 ἐλθὼν
3541 1853 3570 1904 ό
3620 1851 3814 1920 Σωτὴρ

2266 1945 2424 1997 παύει
2453 1944 2550 2006 τὰς
2578 1942 2811 2004 τοπικὰς
2844 1941 3177 2012 προσφοράς,
3205 1942 3299 1993 xal
3331 1943 3473 1992 ποιεῖ
3490 1940 3548 1991 τὸ
3579 1941 3739 2003 σῶμα
3756 1938 3816 1988 τὸ

2267 2034 2391 2086 ἱδιον
2429 2033 2549 2086 ἀντὶ
2577 2031 2753 2100 πάσης
2782 2030 2987 2092 θυσίας.
3015 2029 3172 2096 Λέγει
3199 2027 3400 2090 Παῦλος
3429 2028 3556 2096 περὶ
3573 2028 3667 2078 τοῦ
3703 2028 3818 2077 Σω-

2264 2124 2459 2194 τῆρος·
2493 2123 2590 2176 Διό
2641 2121 3052 2190 εἰσερχόμενος
3090 2121 3174 2183 είς
3219 2117 3324 2170 τὸν
3357 2118 3584 2183 κόσμον
3611 2115 3772 2182 λέγει
3797 2130 3812 2144 ·

2270 2213 2498 2266 Θυσίαν
2528 2210 2626 2263 καὶ
2653 2208 3001 2277 προσφορὰν
3026 2208 3134 2260 οὐκ
3169 2205 3467 2274 ἠθέλησας
3492 2219 3504 2232 ·
3548 2203 3721 2270 σῶμα
3749 2203 3819 2254 δέ

2267 2302 2595 2369 κατηρτίσω
2635 2316 2765 2368 μοι·
2817 2295 3269 2364 ὁλοκαυτώματα
3313 2293 3410 2346 καί
3467 2292 3597 2359 περί
3630 2294 3816 2360 ἀμαρ-

2267 2391 2396 2456 τίας
2427 2391 2536 2443 οὐκ
2582 2387 2916 2453 εὐδόκησας
2944 2397 3003 2426 ο·
3054 2387 3184 2439 τότε
3224 2380 3421 2436 εἶπον·
3463 2381 3607 2435 Ἰδοὺ
3651 2381 3813 2446 ἥκω·

2268 2481 2336 2533 ἐν
2362 2477 2632 2547 κεφαλίδι
2658 2478 2897 2540 βιϐλίου
2922 2476 3232 2544 γέγραπται
3261 2472 3389 2540 περὶ
3419 2471 3583 2539 ἐμοῦ.
3627 2470 3817 2523 Εἰπὼν

2269 2571 2367 2639 τὴν
2406 2567 2731 2637 προφητείαν
2775 2564 3002 2626 Παῦλος,
3060 2562 3153 2615 καὶ
3190 2561 3442 2630 εἰρηκὼς,
3490 2563 3570 2613 ὅτι
3616 2560 3818 2612 Θυσίαν

2273 2659 2365 2710 καὶ
2410 2656 2720 2726 προσφοράν
2757 2656 2850 2707 καὶ
2901 2653 3026 2722 περὶ
3062 2651 3329 2720 ἁμαρτίας
3376 2650 3473 2701 οὐκ
3525 2647 3818 2717 ⁴ίλθέλησας,

2271 2745 2390 2797 τότε
2420 2741 2587 2809 εἷπον,
2620 2743 2746 2795 Ἰδοὺ
2773 2743 2909 2811 ἥκω,
2937 2742 3143 2810 ἀναιρεῖ
3169 2739 3230 2791 τὸ
3255 2737 3484 2807 πρῶτον,
3508 2735 3594 2786 ἵνα
3615 2736 3677 2788 τὸ
3699 2735 3789 2787 δεύ
3807 2767 3821 2776 -

2273 2851 2427 2905 τερον
2452 2834 2643 2904 στήσῃ.
2672 2832 2782 2885 Kal
2811 2831 2911 2883 ποῦ
2941 2832 2974 2900 ή
3003 2829 3158 2882 θυσία
3184 2827 3276 2881 καὶ
3300 2830 3332 2896 ἡ
3365 2826 3644 2895 προσφορά
3680 2826 3823 2893 36p!-

2279 2937 2462 2974 σκεται
2498 2921 2555 2972 tv
2604 2917 2682 2987 τῷ
2732 2917 2942 2987 σώματι
2987 2915 3086 2967 τοῦ
3113 2912 3380 2985 Χριστοῦς
3429 2907 3626 2972 Καθὼς
3673 2911 3822 2978 λέγει

2277 3013 2306 3063 6
2341 3007 2630 3068 ἀπόστολος
2683 3005 2919 3066 Παῦλος·
2986 3001 3311 3070 Παρακαλῶ
3342 2999 3513 3068 ὑμᾶς,
3547 2999 3824 3066 ἀδελφοὶ,

2278 3099 2377 3153 διὰ
2401 3097 2517 3151 τῶν
2547 3095 2856 3164 οἰκτιρμῶν
2885 3093 2988 3146 τοῦ
3035 3092 3198 3155 Θεοῦ,
3226 3091 3304 3154 ὡς
3327 3089 3502 3142 τέκνα
3529 3089 3824 3155 ἀγαπητὰ,

2280 3185 2643 3254 περιπατεῖτε
2671 3185 2738 3236 ἐν
2763 3181 2982 3250 ἀγάπῃ,
3013 3179 3202 3245 καθὼς
3231 3178 3326 3230 καί
3359 3179 3391 3230 ό
3412 3175 3830 3244 Χριστός-ἠγά-

2284 3289 2480 3340 πησεν
2505 3271 2681 3340 ἡμᾶς,
2728 3269 2823 3322 καί
2856 3265 3192 3333 παρέδωκεν
3222 3263 3434 3316 ἐαυτὸν
3473 3262 3622 3328 ὑπὲρ
3661 3261 3833 3330 ἡμῶν

2285 3364 2503 3418 θυσίαν
2549 3360 2644 3413 καὶ
2693 3358 3036 3425 προσφορὰν
3082 3354 3160 3418 τῷ
3205 3352 3352 3417 Θεῷ,
3382 3354 3467 3417 είς
3497 3351 3697 3419 ὀσμὴν
3730 3354 3831 3404 εὐ-

2287 3453 2479 3517 ωδίας.
2505 3449 2602 3502 Διὰ
2640 3450 2698 3503 ct
2729 3447 3031 3518 ἀρχιερεὺς,
3062 3443 3340 3496 δι’·ἐαυτὸν
3368 3442 3515 3504 Θεός.
3543 3441 3634 3509 Μὴ
3663 3442 3834 3509 μετά⁴

2288 3539 2445 3591 ϐαλλε
2479 3539 2696 3610 ῥήματα
2733 3533 2865 3588 Θεοῦ
2902 3533 3117 3595 ζῶντος.
3156 3532 3248 3593 Εἰς
3285 3530 3499 3600 Πατέρα
3546 3529 3637 3581 καὶ
3683 3529 3834 3590 Υίὸν,

2288 3632 2380 3683 καὶ
2408 3629 2558 3698 ἅγιον
2593 3626 2813 3696 Πνεῦμα
2855 3621 3182 3690 ἐϐαπτίσθης
3201 3637 3216 3652 ο
3264 3619 3322 3671 τί
3359 3620 3596 3688 ἀναιρεῖς
3623 3617 3691 3669 τὰ
3719 3619 3836 3669 ὀνό-

2295 3739 2436 3792 ματα
2461 3721 2528 3774 τά
2551 3719 2745 3784 ζῶντα,
2772 3717 2862 3770 καὶ
2887 3715 3122 3780 είσάγεις
3149 3712 3404 3781 ὀνόματα,
3425 3710 3699 3778 λογισμῶν
3715 3726 3839 3776 γεν-

2287 3813 2522 3882 νήματα,
2547 3809 2736 3875 λέγων,
2760 3805 3074 3873 Ἀγέννητος
3100 3801 3191 3853 καὶ
3212 3800 3478 3870 γεννητὸς,
3501 3797 3715 3861 κτιστδς
3743 3799 3840 3851 καὶ

2292 3903 2559 3964 ἄκτιστος,
2585 3897 2659 3951 ὢν
2698 3897 2784 3949 ἀεὶ
2827 3895 2920 3947 καὶ
2954 3892 3027 3962 μὴ
3073 3891 3145 3943 ὢν
3191 3890 3310 3950 ἀείς
3345 3888 3557 3940 Τούτων
3585 3887 3840 3956 ἀνέχεται

2291 3990 2424 4052 Θεὸς
2443 3989 2547 4041 τῶν
2569 3986 2808 4056 ματαίων
2835 3982 3123 4052 ρημάτων;
3151 3980 3245 4032 Ἐν
3274 3979 3420 4048 ῥῆμα
3447 3978 3532 4030 ῖνα
3564 3976 3844 4046 μεταϐάλῃ

2291 4077 2576 4149 προφήτης
2605 4073 2752 4137 ποτὲ,
2787 4070 3149 4124 ἐκινδύνευσεν
3180 4065 3498 4119 ἀπολέσθαι·
3541 4065 3632 4116 καὶ¹
3679 4063 3844 4130 βλέπε

2299 4167 2535 4234 ῥήματος
2575 4160 2769 4230 μικροῦ
2803 4156 3180 4227 ἀκριϐολογίαν
3197 4172 3210 4185 ·
3235 4153 3314 4205 Τά
3338 4154 3552 4221 ῥήματα
3581 4151 3686 4203 τῶν
3712 4167 3848 4220 προ-

2299 4251 2481 4324 φητῶν
2523 4265 2663 4310 τινες
2697 4246 2922 4299 ἐκάλουν
2957 4245 3060 4296 ὑπὸ
3096 4240 3367 4308 ἀπειρίας,
3400 4239 3588 4308 λῆμμα
3614 4239 3844 4307 Κυρίου,

2297 4343 2458 4409 Λέγει
2507 4342 2534 4391 ό
2574 4337 2702 4398 Θεὸς
2752 4333 2838 4386 διά
2877 4330 3164 4401 Ἰερεμίου·
3205 4328 3337 4380 Ἐὰν
3378 4326 3644 4394 ἐρωτήσῃ
3692 4341 3766 4378 σε
3814 4331 3848 4378 ό

2300 4428 2464 4491 λαὸς,
2501 4427 2538 4492 ἢ
2563 4428 2594 4476 ὀ
2620 4421 2828 4489 ἱερεὺς,
2861 4421 2899 4486 ἢ
2933 4422 2963 4471 ὀ
2994 4417 3318 4484 προφήτης,
3350 4415 3445 4467 καὶ
3469 4413 3604 4479 εἴπῃ
3633 4429 3751 4476 σοι,
3786 4415 3850 4466 Τί

2300 4516 2366 4568 τὸ
2403 4513 2639 4580 λῆμμας
2695 4509 2823 4562 εἰπὲ
2875 4506 3094 4567 αὐτοῖς,
3135 4505 3220 4556 ὅτι
3258 4503 3327 4557 Τὸ
3377 4501 3580 4570 λῆμμα
3625 4504 3851 4568 Κυρίου

2301 4602 2468 4671 ὑμεῖς
2495 4601 2649 4654 ἐστε.
2679 4598 2952 4665 Λήψομαι
2979 4594 3088 4663 γὰρ
3115 4591 3269 4661 ὑμᾶς
3295 4590 3517 4658 λῆμμα,
3550 4591 3646 4642 καί
3683 4590 3854 4657 ῥάξω

2306 4693 2474 4762 ὑμᾶς,
2498 4692 2596 4744 ἵνα
2633 4689 2718 4757 μὴ
2757 4689 2968 4754 λέγητε
3016 4683 3238 4750 λῆμμα.
3269 4682 3361 4734 ’Ἑν
3388 4682 3534 4750 ῥῆμα
3563 4680 3649 4732 ἵνα
3689 4697 3854 4748 μετα-

2303 4781 2522 4852 ποιηθῇ,
2551 4777 2759 4833 ἀπειλεῖ
2787 4777 2816 4828 6
2838 4774 2965 4835 Θεός
2993 4787 3006 4802 ·
3046 4772 3136 4824 καὶ
3168 4771 3230 4822 σὺ
3265 4767 3547 4838 ὁλόκληρον
3569 4767 3855 4836 δογμάτων

2306 4870 2470 4944 [415]
2494 4867 2776 4939 ἀκρίϐειαν
2815 4861 3173 4931 διαστρέφεις,
3230 4858 3434 4927 Πατρὸς
3471 4857 3639 4930 ὄνομα
3677 4873 3856 4924 παρα-

2305 4961 2665 5032 γραφόμενος,
2734 4953 2864 5007 Υίοῦ
2931 4952 3081 5016 ἀξίαν
3144 4948 3488 5018 ἀρνούμενος,
3542 4946 3856 5014 Πνεύματος

2312 5051 2467 5117 ἀγίου
2505 5047 2657 5109 δόξαν
2704 5042 2938 5104 ἀθετῶν;
2969 5036 3113 5108 Ἀρα
3149 5035 3404 5105 διαφεύξῃ
3435 5035 3530 5096 τὰς
3572 5034 3664 5084 τοῦ
3724 5033 3855 5084 Θεοῦ

2308 5144 2522 5211 χεῖρας;
2574 5137 2721 5207 Βαρὺ
2765 5134 2858 5186 καὶ
2897 5128 3122 5197 φοϐερὸν
3164 5123 3476 5195 διαστρέψαι
3523 5122 3678 5188 λόγον
3725 5121 3854 5172 Θεοῦ

2311 5230 2524 5294 ζῶντος,
2565 5224 2768 5295 Κυρίου
2805 5219 2899 5272 τοῦ
2940 5216 3073 5270 Θεοῦ
3105 5214 3279 5284 ἡμῶν.
3317 5213 3502 5278 Λόγων
3539 5211 3855 5278 διαστρεφο-

2315 5322 2486 5393 μένων
2529 5315 2820 5384 ἀγανακτεῖ
2862 5310 3017 5370 Θεός·
3073 5305 3350 5374 δογμάτων
3390 5301 3854 5368 διαστρεφομένων

2312 5388 2410 5466 οὐκ
2442 5407 2763 5478 ἀγανακτεῖ;
2806 5401 2895 5467 Μὴ
2929 5396 3227 5464 σοφώτερος
3255 5389 3304 5444 εἷ
3329 5390 3421 5441 τοῦ
3450 5388 3742 5478 ,Σωτῆροςς
3788 5388 3857 5457 μὴ

2313 5475 2693 5570 ἀκριϐέστερος
2742 5486 2790 5541 εἷ
2824 5487 2915 5539 τοῦ
2959 5483 3311 5550 Εὑαγγελίους
3359 5475 3629 5545 Φοϐήθητι
3693 5478 3856 5546 κρῖμα

2380 5709 2401 5736 θ
2449 5705 2570 5752 Tres
2593 5715 2702 5748 mss.
2734 5699 2819 5745 οὐκ
2845 5697 3085 5751 ἐζήτησας.
