3996 6416
248 404 364 458 405

242 504 481 571 quoniam
516 503 699 556 creavit
729 498 972 554 Dominus
1000 499 1207 553 salutem
1236 496 1381 562 (Jcr.
1402 498 1490 551 5i.
1517 495 1580 548 21
1612 495 1648 563 ).
1697 492 1805 546 Ma-

245 608 347 647 nus
366 602 421 646 et
449 592 701 645 humeros
730 606 822 658 pro
851 590 1143 643 aetionibus
1183 586 1372 653 accipit
1414 584 1704 651 Scriptura,
1750 588 1807 634 ut

241 697 363 735 cum
386 682 451 735 de
472 680 663 734 Davide
687 681 829 743 dicit,
856 678 919 731 Et
940 681 990 730 in
1006 677 1324 730 intellectibus
1352 690 1585 726 manuum
1605 687 1806 724 suarum

243 771 455 823 deduxit
489 787 573 823 eos
598 769 616 840 (
641 769 730 822 Ps.
759 771 841 821 77.
873 769 991 837 72).
1024 766 1282 834 Numquid
1334 766 1383 817 in
1441 764 1683 817 manibus
1725 771 1806 815 est

242 860 539 914 intellectus
566 860 712 913 ?Sed
745 862 795 911 in
843 858 1189 912 intellectibus
1209 856 1335 909 dicit
1380 856 1606 922 ipsarum
1642 854 1804 905 actio-

240 964 387 1001 num.
417 949 483 1001 Et
512 951 561 1000 in
606 958 816 1016 pectore
841 947 1129 1013 accipiebat
1161 945 1405 1000 sacerdos
1427 944 1715 1006 oraculum,
1748 943 1798 995 in

239 1054 347 1104 quo
366 1038 641 1091 duodecim
662 1047 809 1091 erant
831 1036 1026 1105 lapides
1052 1035 1315 1100 insculpti,
1340 1033 1437 1087 hoc.
1452 1042 1550 1097 est,
1576 1032 1797 1096 sardius,

240 1128 500 1194 topazius,
524 1127 845 1193 smaragdus,
879 1124 1251 1187 carbunculus,
1288 1122 1583 1189 sapphirus,
1608 1121 1793 1189 iaspis,

239 1215 577 1282 hyacinthus,
616 1214 850 1276 achates,
882 1211 1229 1279 amethystus,
1273 1208 1647 1276 chrysolithus,
1701 1209 1799 1263 be-

238 1303 424 1369 ryllus,
473 1302 785 1371 onychinus.
815 1300 869 1353 In
898 1300 1175 1353 duodecim
1229 1298 1487 1366 lapidibus
1523 1298 1798 1351 duodecim

240 1391 407 1443 tribus
436 1390 803 1443 dividebantur
831 1406 845 1441 :
878 1403 1033 1457 grave
1057 1388 1273 1440 dictum.
1316 1387 1484 1455 Supra
1509 1387 1719 1454 quidem
1746 1389 1795 1440 in

237 1480 478 1533 humeris
504 1495 605 1533 una
628 1479 854 1546 lapidum
879 1490 993 1532 erat
1017 1487 1200 1530 natura
1218 1492 1321 1530 uno
1333 1476 1601 1545 designata
1626 1479 1796 1531 nomi-

237 1584 325 1633 ne,
358 1568 698 1635 smaragdus;
731 1567 780 1620 in
799 1578 1007 1634 pectore
1029 1575 1204 1619 autem
1235 1565 1367 1617 infra
1398 1565 1595 1632 lapides
1623 1566 1797 1619 diver-

235 1659 303 1711 si.
334 1658 471 1724 Quid
499 1657 600 1711 hoc
615 1657 711 1710 sibi
744 1657 888 1709 vult?
907 1654 1325 1725 quandoquidem
1353 1669 1454 1707 una
1491 1668 1587 1706 nos
1614 1666 1794 1707 natura

235 1748 560 1815 procreavit,
582 1747 786 1799 diversa
813 1759 938 1798 vero
962 1759 1055 1796 nos
1086 1743 1301 1796 consilia
1334 1752 1389 1797 et
1408 1744 1683 1810 opiniones
1711 1742 1793 1795 di-

233 1839 496 1899 viserunt,
527 1835 629 1888 hoc
653 1833 861 1902 quidem
886 1833 1117 1900 opinioni
1151 1832 1350 1896 tribuit,
1374 1831 1499 1885 illud
1533 1847 1661 1885 vero
1698 1847 1794 1884 na-

236 1936 388 1979 tura.
414 1925 544 1977 Erat
586 1922 741 1991 igitur
762 1921 851 1975 Dei
874 1935 1065 1974 nomen
1092 1920 1255 1973 virtus
1282 1919 1333 1971 in
1361 1920 1568 1973 actione
1606 1919 1791 1985 posita,

232 2028 351 2081 quze
373 2027 468 2081 per
493 2012 749 2065 rationem
777 2023 838 2062 ac
867 2010 1141 2062 veritatem
1165 2008 1420 2061 subsistit.
1453 2007 1518 2060 Et
1573 2008 1625 2059 in
1678 2008 1791 2059 lim-

234 2103 348 2155 hria
392 2100 708 2160 sacerdotis,
738 2114 854 2167 qure
881 2099 1074 2151 dicitur
1110 2112 1224 2161 ora,
1258 2095 1414 2150 ﬂores
1442 2098 1565 2150 mali
1598 2097 1792 2165 punici,

237 2193 371 2243 mala
390 2191 584 2259 punica
604 2204 782 2253 aurea,
797 2197 846 2242 et
866 2187 1231 2241 tintinnabula.
1252 2187 1383 2253 Quid
1407 2188 1519 2241 hcce
1541 2189 1593 2239 in
1616 2203 1795 2241 sacer-

234 2283 358 2336 dote
400 2281 501 2334 sibi
532 2279 820 2333 volebant?
850 2278 1100 2346 numquid
1130 2278 1266 2331 Deus
1292 2277 1371 2331 his
1414 2276 1628 2330 ﬁoribus
1650 2278 1794 2332 dele-

233 2373 514 2427 ctabatur?
538 2387 661 2425 num
689 2371 907 2424 terrenis
930 2370 1144 2421 floribus
1169 2369 1395 2422 cinctum
1418 2383 1535 2422 esse
1552 2369 1797 2423 sacerdo-

234 2475 339 2519 tem
372 2462 734 2517 volcbat?Sed
762 2462 811 2513 in
842 2461 1029 2513 vestitu
1063 2459 1349 2513 sacerdotis
1394 2459 1610 2513 virtutes
1638 2460 1791 2513 enin-

234 2560 326 2625 git.
355 2557 526 2621 Supra
570 2553 777 2620 quidem
803 2552 851 2604 in
878 2552 1049 2617 capite
1087 2565 1274 2602 nomen
1315 2550 1444 2612 Dei;
1492 2551 1540 2601 in
1583 2562 1793 2617 pectore

234 2643 509 2695 oraculum
547 2657 560 2693 :
601 2639 731 2693 infra
763 2656 885 2692 vero
914 2638 1068 2691 flores
1094 2647 1145 2692 et
1176 2638 1390 2700 fructus,
1425 2640 1669 2691 virtutum
1713 2653 1792 2691 rc-

233 2744 320 2783 cte
364 2729 520 2794 facta,
551 2742 666 2795 qua:
686 2734 806 2780 sunt
834 2728 1186 2794 elcemosyna,
1219 2728 1435 2793 justitia,
1483 2728 1792 2795 benignitas.

311 2820 359 2873 5.
406 2817 586 2869 Flores
614 2817 895 2883 spiritttales
925 2816 1209 2867 sacerdotis.
1242 2814 1466 2868 Christus
1494 2818 1721 2869 sacerdos
1750 2828 1794 2869 et

234 2910 483 2977 pontifex.
499 2935 573 2945 —
591 2904 695 2957 Nos
722 2905 875 2972 igitur
901 2903 1092 2956 habere
1112 2911 1318 2971 oportet
1340 2911 1392 2955 ct
1408 2902 1653 2958 tlorentcs
1679 2905 1791 2971 pul-

234 2997 563 3052 chritudines
593 3003 640 3047 et
669 2993 954 3059 completas
978 3000 1133 3060 atque
1160 3002 1404 3045 maturas.
1439 2991 1619 3045 Flores
1641 3008 1795 3061 porro

234 3096 358 3140 sunt
386 3082 697 3145 sacerdotis,
721 3096 1053 3149 congressus,
1082 3080 1417 3148 colloquium,
1447 3080 1569 3134 boni
1598 3098 1789 3146 mores,

235 3175 379 3227 mitis
419 3187 615 3234 sermo,
649 3171 796 3233 lidcs,
830 3171 984 3232 fama,
1013 3170 1223 3231 veritas,
1260 3169 1488 3237 iustitia;
1521 3179 1574 3223 et
1602 3171 1682 3223 his
1717 3172 1795 3225 iu-

237 3266 454 3333 tcrjccta
506 3261 869 3327 tintinnabula,
920 3262 1198 3315 consensio
1245 3262 1487 3314 nimirum
1534 3262 1787 3316 bonorum

236 3368 477 3420 operum.
507 3351 690 3405 Omnis
728 3351 865 3403 enim
912 3351 1076 3404 virtus
1120 3364 1305 3403 sonum
1348 3351 1624 3418 quemdam
1664 3353 1790 3406 edit.

235 3444 388 3498 Unde
416 3443 607 3497 Paulus
633 3442 705 3494 ait
742 3458 754 3492 :
798 3443 840 3492 Α
884 3440 1013 3493 vobis
1043 3442 1173 3493 enim
1199 3456 1359 3493 sermo
1406 3440 1495 3493 Dei
1542 3444 1795 3507 personuit

236 3534 310 3597 (ί.
338 3532 516 3584 Thess.
552 3532 601 3583 ί.
633 3529 712 3596 8).
732 3530 798 3582 At
820 3529 1075 3582 undenam
1106 3529 1300 3598 incepit
1318 3530 1514 3583 sonus?
1542 3530 1791 3584 Circuibat

234 3622 404 3685 Iesus,
436 3622 530 3685 ait,
562 3622 740 3672 docens
764 3636 958 3672 omnem
979 3620 1221 3671 civitatem
1248 3628 1294 3671 et
1323 3636 1516 3673 omnem
1539 3621 1716 3685 vicum,
1743 3630 1790 3674 et

233 3727 417 3763 curans
447 3725 641 3761 onmem
668 3708 909 3769 morbum,
955 3717 999 3759 et
1042 3724 1233 3759 onmem
1262 3708 1595 3773 inﬁrmitatem
1620 3711 1670 3762 in
1700 3727 1791 3776 po-

236 3800 355 3867 pulo
385 3798 593 3865 (Matth.
623 3796 673 3849 0.
705 3795 793 3863 55)
829 3812 841 3847 :
872 3803 925 3849 et
950 3796 1108 3848 exivit
1137 3809 1297 3847 sonus
1323 3794 1387 3848 de
1412 3812 1475 3849 eo
1503 3797 1551 3849 in
1582 3812 1790 3850 omnem

235 3898 449 3941 terram.
502 3886 729 3939 Attende
776 3885 1067 3952 diligenter.
1112 3882 1375 3935 Virtutum
1422 3893 1662 3937 ornatum
1717 3886 1793 3937 vi-

233 3978 395 4031 disti?
426 3977 519 4030 ille
547 3977 657 4044 ipse
686 3975 932 4029 sacerdos
961 3972 1151 4027 Christi
1187 3972 1348 4040 ﬁgura
1377 3982 1507 4024 erat.
1546 3974 1639 4027 llic
1673 3975 1790 4041 qui-

234 4067 355 4117 dem
403 4064 534 4116 nihil
576 4063 715 4116 velut
762 4078 857 4131 per
898 4061 1197 4128 allegoriam
1247 4061 1643 4128 eXplicaremus,
1692 4062 1789 4113 nisi

234 4154 427 4209 Paulus
468 4152 618 4205 nobis
646 4166 825 4205 ansam
857 4151 1117 4218 prmberet
1158 4167 1169 4200 :
1215 4158 1267 4203 et
1314 4151 1411 4203 nisi
1458 4151 1643 4204 Paulus
1686 4152 1786 4202 vim

234 4243 376 4295 illaut
403 4243 625 4311 justitite
660 4242 810 4295 nobis
838 4240 1173 4308 explicasset,
1204 4254 1299 4293 nos
1340 4254 1465 4293 sane
1493 4240 1606 4293 hmc
1635 4256 1788 4292 num-

232 4348 388 4400 quam
418 4332 626 4399 assequi
652 4330 1023 4397 poluissemus.
1045 4328 1191 4382 Hanc
1211 4331 1277 4383 ob
1298 4345 1405 4382 rem
1432 4331 1623 4382 Paulus
1652 4330 1788 4384 hunc

232 4419 561 4472 sacerdotem
589 4418 783 4470 Christi
815 4418 1028 4484 ﬁguram
1070 4418 1334 4486 proponit,
1380 4428 1433 4469 et
1471 4418 1545 4471 ait
1575 4433 1592 4469 :
1628 4436 1645 4466 ‹
1677 4417 1787 4470 Non

230 4510 372 4561 enim
418 4510 469 4559 in
509 4518 684 4560 sancta
729 4508 1019 4560 manufacta
1058 4508 1290 4559 introivit
1318 4507 1579 4573 Christus,
1613 4523 1789 4562 exem-

232 4597 393 4666 plaria
439 4610 702 4658 verorum,
742 4595 833 4648 sed
881 4596 930 4647 in
975 4596 1143 4661 ipsum
1190 4595 1394 4657 cwlttm,
1438 4604 1495 4647 ut
1541 4606 1791 4664 appareat

232 4700 374 4740 nunc
404 4684 566 4736 vultui
607 4684 698 4737 Dei
746 4698 841 4750 pro
883 4685 1031 4735 nobis
1063 4701 1080 4733 ι
1137 4682 1315 4750 (Hebr.
1357 4684 1408 4737 9.
1456 4683 1570 4750 24).
1619 4687 1789 4752 Atque

229 4775 345 4831 h.cc
372 4771 583 4838 quidem
624 4785 709 4824 res
752 4770 994 4824 seditioni
1028 4771 1165 4822 inter
1206 4769 1418 4823 Judaros
1456 4772 1783 4825 occasionem

228 4866 515 4934 prmbebat,
550 4865 618 4915 ita
646 4871 701 4914 ut
726 4862 791 4915 de
816 4862 1058 4913 inusitata
1090 4860 1228 4912 inter
1259 4876 1315 4913 se
1344 4861 1634 4927 qtttnstione
1662 4877 1786 4914 con-

228 4957 524 5011 tenderent.
558 4952 686 5005 Cnm
718 4953 856 5005 enim
888 4952 1106 5019 apostoli
1140 4962 1480 5013 servatorem,
1508 4958 1560 5003 et
1590 4967 1783 5019 regem,

225 5056 278 5101 et
302 5044 653 5105 sacerdotem,
688 5049 739 5093 et
765 5041 1074 5107 prophetam
1104 5040 1472 5109 praedicarent,
1505 5039 1671 5093 Judaei
1700 5041 1783 5093 ius

226 5144 307 5187 ter
337 5148 395 5188 se
424 5129 833 5189 contendebant,
876 5128 1048 5180 allatis
1086 5130 1136 5180 in
1178 5129 1406 5181 medium
1450 5128 1530 5190 iis,
1577 5144 1694 5194 qua:
1732 5130 1783 5179 in

224 5224 340 5291 lege
383 5222 619 5288 ipsorum
666 5220 857 5284 scripta
908 5225 1078 5269 erant.
1129 5218 1259 5280 Alia,
1304 5217 1563 5279 dicebant,
1617 5216 1783 5269 tribus

227 5314 397 5379 regni,
420 5317 475 5363 et
501 5310 598 5362 alia
623 5306 920 5361 sacerdotii.
946 5305 1175 5357 Levitica
1202 5306 1433 5372 quidem,
1466 5304 1738 5357 sacerdotii
1766 5321 1780 5355 :

226 5402 394 5455 tribus
421 5416 547 5453 vero
576 5398 731 5461 Juda,
763 5396 929 5463 regni.
962 5395 1014 5449 Si
1054 5395 1213 5462 igitur
1240 5393 1481 5447 Christus
1512 5410 1622 5457 rex,
1656 5408 1781 5461 ergo

228 5504 331 5543 non
376 5486 629 5541 sacerdos
674 5502 688 5536 :
728 5486 808 5537 sin
851 5498 972 5536 vero
1014 5482 1284 5544 sacerdos,
1334 5496 1459 5549 ergo
1507 5496 1607 5533 non
1661 5496 1777 5533 rex.

227 5577 498 5631 Adversus
524 5590 656 5643 quos
688 5574 881 5627 Paulus
906 5586 1085 5640 agens,
1116 5571 1257 5622 omni
1279 5572 1516 5623 oratione
1542 5569 1607 5621 ad
1634 5585 1783 5622 ever-

227 5669 437 5722 tendam
474 5667 605 5719 ltanc
636 5666 933 5734 opinionem
962 5670 1285 5730 comparata,
1316 5661 1387 5714 ait
1414 5679 1425 5715 :
1459 5661 1591 5715 Num
1624 5661 1780 5729 igitur

1375 379 1650 439 HOMILIA
1692 377 1780 433 DE
1815 375 2302 434 LEGISLATORE.

3360 404 3473 460 406

1914 488 2152 544 Christus
2195 490 2481 545 secundum
2531 491 2813 545 sacerdotii
2858 495 3015 546 vestri
3068 494 3305 549 ordinem
3356 508 3468 548 Sur-

1910 580 2084 633 rexit?
2134 579 2285 647 Apud
2336 594 2430 633 vos
2483 579 2693 648 quidem
2742 596 2959 649 regnum
3016 591 3069 636 et
3114 583 3465 637 sacerdotium

1909 666 2153 722 distincta
2179 677 2301 721 sunt
2331 686 2342 719 :
2373 670 2423 721 in
2452 668 2663 722 Christo
2690 678 2967 738 utrumque
2995 672 3331 740 conjunctum
3362 684 3462 727 est.

1913 756 1985 809 Tu
2014 759 2176 822 enim,
2207 760 2300 821 ait,
2332 759 2558 811 sacerdos
2585 775 2635 811 es
2661 760 2711 811 in
2736 770 2993 823 a’termun,
3022 763 3293 815 secundum
3322 765 3462 815 ordi-

1907 865 2019 900 nem
2045 848 2370 901 Melchisedec
2410 848 2574 916 (Psal.
2627 848 2745 902 109.
2793 849 2865 918 4).
2900 850 3076 917 Itaque
3124 852 3463 907 ratiocinatnr

1909 938 2113 1000 Paulus,
2148 948 2202 991 et
2229 940 2301 991 ait
2344 957 2355 991 :
2401 939 2456 992 Si
2499 939 2638 993 enim
2688 939 2910 1005 primum
2956 939 3078 993 illud
3110 941 3456 996 sacerdotium

1906 1038 2019 1081 erat
2049 1028 2527 1098 irreprehensibile,
2567 1030 2688 1099 qttid
2732 1031 3007 1098 oportebat
3045 1031 3239 1096 dicere,
3269 1047 3458 1087 secun-

1906 1118 2031 1173 dum
2056 1120 2294 1174 ordinem
2321 1120 2667 1176 Melchisedec
2697 1122 3021 1177 sacerdotem
3052 1134 3405 1177 surrecturum
3436 1142 3455 1177 :

1904 1220 1958 1264 et
1982 1225 2085 1263 non
2129 1212 2416 1265 secundum
2455 1213 2694 1266 ordinem
2725 1214 2938 1266 Aaron?
2978 1213 3173 1267 Etenim
3216 1218 3454 1268 translato

1903 1300 2199 1361 sacerdotio,
2229 1316 2423 1353 necesse
2449 1310 2521 1353 est
2547 1309 2600 1352 ut
2626 1300 2747 1369 legis
2776 1302 3035 1354 translatio
3062 1302 3151 1369 ﬁat
3179 1301 3356 1368 (Hebr.
3399 1303 3451 1356 7.

1904 1389 2012 1455 12).
2044 1391 2181 1455 Ergo
2199 1390 2444 1444 Servator
2470 1399 2648 1445 noster
2674 1406 2909 1444 summus
2934 1400 3013 1444 est
3043 1390 3270 1458 pontifex
3305 1409 3317 1443 :
3348 1407 3453 1445 non

1902 1481 2108 1533 ratione
2141 1481 2429 1534 divinitatis
2474 1496 2602 1543 sum,
2646 1482 2734 1535 sed
2774 1482 2841 1534 ob
2888 1482 3103 1551 ﬁguram
3144 1483 3317 1535 carnis
3355 1499 3368 1532 :
3403 1483 3452 1535 in

1901 1571 2141 1636 supernis
2169 1570 2235 1624 ad
2264 1571 2532 1625 dexteram
2562 1571 2649 1623 Dei
2680 1570 2962 1625 considens
2991 1581 3203 1639 propter
3240 1586 3355 1635 nos,
3404 1583 3456 1625 et

1900 1673 2136 1712 summus
2183 1658 2447 1727 pontifex,
2501 1658 2781 1712 secundum
2830 1660 3060 1713 ordinem
3110 1659 3454 1715 Melchisech

1903 1748 2060 1819 (Ibid.
2091 1750 2145 1803 5.
2183 1748 2290 1818 ll).
2342 1750 2416 1803 De
2452 1763 2556 1818 quo
2596 1750 2757 1803 multa
2799 1750 2899 1803 dici
2939 1758 3170 1818 possent,
3202 1751 3293 1805 sed
3343 1766 3445 1804 non

1899 1846 2022 1889 sunt
2062 1835 2215 1904 hujus
2257 1837 2375 1890 loci.
2420 1838 2665 1890 Animum
2713 1836 2922 1901 adhibe,
2959 1853 3155 1906 quaeso.
3199 1840 3357 1893 Erant
3399 1841 3450 1893 in

1901 1924 2013 1993 lege
2048 1926 2211 1979 veteri
2252 1925 2685 1989 bolocantomata,
2714 1938 2825 1980 erat
2864 1928 3170 1980 sacriﬁcium
3203 1944 3295 1996 pro
3326 1944 3448 1997 pec-

1898 2023 2036 2078 cato,
2066 2023 2179 2067 erat
2198 2014 2393 2070 oblatio
2424 2033 2437 2068 :
2463 2016 2711 2070 Servator
2737 2025 2910 2069 autem
2938 2016 3023 2069 ubi
3054 2017 3102 2068 iu
3132 2017 3267 2070 hunc
3293 2033 3450 2071 mun-

1898 2104 2022 2157 dum
2074 2105 2302 2168 advenit,
2360 2107 2629 2160 sacriﬁciis
2679 2106 2784 2159 illis
2828 2105 3019 2175 ﬁguras
3066 2106 3446 2170 referentibus,

1901 2194 2055 2247 linem
2082 2195 2321 2262 imponit,
2355 2197 2565 2263 proprio
2594 2210 2691 2249 suo
2718 2209 2939 2263 corpore
2969 2209 3062 2261 pro
3087 2194 3226 2247 omni
3253 2195 3449 2248 sacriﬁ-

1898 2287 1981 2339 cio
2006 2286 2303 2340 substituto.
2334 2287 2406 2339 De
2429 2301 2531 2355 quo
2560 2286 2785 2339 Paulus:
2815 2303 2833 2336 ‹
2860 2286 2922 2339 Et
2943 2283 3278 2354 ingressus‘in
3301 2301 3451 2338 mun-

1899 2377 2044 2441 dum,
2071 2377 2235 2431 dicit:
2268 2377 2586 2431 Sacrilicinm
2616 2387 2668 2430 et
2694 2376 3007 2429 oblationem
3039 2375 3246 2429 noluisti
3282 2392 3295 2428 :
3326 2390 3445 2429 cor-

1901 2481 1996 2531 pus
2023 2476 2195 2520 autem
2231 2466 2417 2533 aptasti
2461 2466 2584 2517 mihi
2616 2481 2628 2514 :
2661 2465 3076 2517 holocautomata
3105 2471 3157 2515 et
3194 2477 3287 2530 pro
3328 2477 3449 2530 pec-

1898 2563 2016 2606 cato
2058 2568 2160 2607 non
2191 2552 2482 2619 postulasti.
2508 2553 2653 2605 Tunc
2676 2552 2804 2613 dixi,
2834 2551 2969 2604 Ecce
2999 2552 3172 2616 venio,
3206 2551 3256 2603 in
3278 2551 3450 2619 capite

1900 2642 2012 2695 libri
2042 2643 2289 2708 scriptum
2316 2650 2395 2694 est
2421 2641 2486 2694 de
2516 2656 2599 2693 me
2633 2660 2650 2690 ι
2682 2639 2860 2707 (Iiebr.
2893 2640 2976 2693 10.
3006 2640 3152 2702 5.-7;
3184 2639 3327 2693 Psat.
3359 2640 3447 2694 59.

1900 2732 1949 2783 7.
1977 2732 2050 2801 8).
2072 2732 2261 2784 Paulus
2285 2747 2407 2799 ergo
2428 2746 2544 2782 cum
2573 2730 2638 2782 de
2660 2728 2962 2797 prophetico
2981 2744 3194 2783 munere
3214 2729 3447 2790 dixisset,

1900 2838 1998 2875 nec
2025 2836 2131 2875 non
2158 2820 2277 2873 illud
2307 2834 2531 2888 quoque,
2561 2818 2689 2871 Cum
2718 2817 3025 2871 sacriﬁcium
3057 2827 3109 2872 et
3135 2818 3448 2872 oblationem

1899 2924 1944 2965 et
1981 2927 2073 2979 pro
2100 2918 2312 2979 peccato
2339 2909 2688 2976 repudiasses,
2732 2916 2854 2960 tunc
2896 2906 3023 2971 dixi,
3070 2907 3207 2960 Ecce
3242 2908 3395 2960 venio
3433 2924 3447 2960 :

1905 3003 2036 3055 tollit
2066 3002 2309 3067 prinnun,
2346 3009 2400 3052 ut
2436 2997 2724 3052 secundum
2764 2997 3008 3051 stabiliat.
3038 2998 3104 3050 At
3129 2997 3336 3050 ubinam
3363 3012 3448 3049 sa-

1902 3092 2149 3144 crit’icium
2200 3100 2251 3142 et
2307 3089 2499 3142 oblatio
2555 3089 2604 3140 iu
2650 3101 2869 3154 corpore
2912 3085 3104 3140 Christi
3157 3086 3449 3139 invenitur?

1902 3176 2349 3243 Quemadmodum
2376 3175 2641 3242 apostolus
2664 3174 2853 3227 Paulus
2880 3182 3129 3226 testatur:
3169 3191 3186 3221 ι
3220 3172 3449 3226 Obsecro

1900 3283 2012 3333 vos,
2049 3268 2256 3330 fratres,
2291 3281 2384 3331 per
2422 3264 2830 3318 misericordiam
2862 3263 2954 3316 Dei
2984 3272 3042 3317 ut
3072 3274 3329 3332 tamquam
3359 3264 3445 3316 ﬁlii

1900 3357 2071 3409 dilecti
2127 3354 2404 3407 ambuletis
2468 3354 2515 3405 in
2578 3352 2792 3405 caritate
2840 3368 2852 3403 :
2913 3351 3345 3419 quemadmodum
3397 3363 3449 3403 et

1898 3445 2134 3498 Christus
2171 3443 2349 3496 dilexit
2379 3457 2472 3494 nos
2491 3483 2505 3505 ,
2533 3450 2584 3494 et
2608 3440 2942 3507 semetipsum
2988 3455 3081 3508 pro
3110 3440 3259 3494 nobis
3302 3440 3448 3493 dedit

1900 3532 2207 3585 sacrificium
2230 3539 2282 3583 et
2302 3530 2612 3584 oblationem
2640 3529 2764 3593 Deo,
2798 3528 2849 3581 in
2879 3528 3091 3582 odorem
3124 3528 3395 3581 suavitatis
3425 3548 3443 3579 ι

1904 3623 2113 3693 (Ep/tes.
2160 3622 2213 3675 5.
2256 3622 2305 3673 1.
2349 3621 2425 3689 2).
2474 3621 2693 3687 Propter
2733 3628 2782 3673 te
2820 3616 3057 3671 Christus
3100 3632 3335 3671 summus
3371 3628 3450 3672 est

1902 3714 2137 3785 pontifex
2166 3728 2178 3762 :
2216 3719 2425 3778 propter
2452 3710 2677 3777 seipsum
2718 3708 2871 3761 Deus.
2911 3707 3024 3760 Noli
3059 3716 3257 3760 mutare
3286 3706 3438 3759 verba

1898 3801 1989 3853 Dei
2035 3801 2159 3852 vivi.
2201 3800 2253 3852 In
2295 3799 2521 3857 Patrem,
2570 3797 2777 3860 Filium,
2823 3804 2875 3848 et
2916 3796 3165 3863 Spiritum
3214 3809 3447 3848 sanctum

1900 3889 2186 3955 baptizatus
2210 3902 2265 3940 es
2297 3904 2308 3936 :
2337 3902 2429 3937 θυι·
2457 3885 2674 3937 sublatis
2705 3884 3000 3936 nominibus
3030 3882 3341 3946 viventibus,
3373 3884 3450 3935 iu-

1898 3976 2045 4029 ducis
2076 3975 2287 4027 nomina
2316 3973 2603 4040 excogitata
2634 3972 2828 4032 dicens,
2860 3971 3118 4037 ingenitus
3146 3977 3198 4021 et
3224 3970 3447 4037 genitus,

1896 4074 2102 4117 creatus
2122 4073 2173 4115 et
2195 4063 2472 4124 increatns,
2497 4061 2580 4128 qui
2607 4074 2817 4127 semper
2836 4067 2915 4111 est
2939 4068 2991 4111 et
3011 4059 3096 4127 qui
3121 4072 3327 4124 semper
3347 4073 3449 4111 non

1898 4155 2010 4207 est?
2037 4153 2277 4206 Hmccine
2308 4152 2444 4203 Deus
2473 4150 2639 4203 inania
2671 4149 2828 4203 verba
2860 4149 3081 4202 tolerat?
3111 4148 3325 4203 Unicum
3358 4164 3452 4201 vo-

1898 4241 2138 4295 cabulum
2170 4255 2285 4292 cum
2330 4238 2607 4305 aliquando
2644 4237 2894 4305 propheta
2940 4238 3256 4300 immutaret,
3295 4238 3449 4292 etiam

1896 4329 1962 4383 de
1991 4332 2092 4381 vita
2124 4328 2441 4395 periclitatus
2469 4335 2548 4381 est
2588 4345 2600 4379 :
2632 4327 2842 4381 attende
2880 4327 3030 4380 unius
3072 4326 3268 4381 vocula:
3296 4342 3421 4380 accu

1897 4420 2175 4471 rationem.
2208 4417 2425 4483 Quidam
2457 4417 2824 4485 prophetarum
2856 4416 3013 4469 verba
3042 4416 3299 4485 imperitia
3328 4431 3450 4483 qua-

1896 4507 2014 4560 dam
2036 4505 2367 4573 appellabant
2383 4506 2752 4571 sumptionem,
2776 4512 2958 4569 λῆμμα,
2986 4505 3207 4557 Domini.
3228 4505 3296 4557 At
3316 4504 3452 4557 Deus

1896 4612 1989 4664 per
2014 4596 2293 4649 Jeremiam
2326 4614 2336 4646 :
2375 4614 2391 4643 ‹
2427 4595 2481 4648 Si
2514 4596 2855 4664 interrogabit
2884 4604 2932 4647 te
2973 4595 3212 4662 populus,
3244 4594 3323 4645 vel
3365 4607 3450 4646 sa-

1895 4684 2099 4747 cerdos,
2131 4694 2219 4735 aut
2252 4688 2522 4751 prepbeta,
2564 4695 2610 4736 et
2651 4682 2841 4735 dixerit
2870 4681 2959 4733 tibi
2991 4699 3002 4733 :
3032 4682 3278 4745 Quaenam
3310 4695 3451 4734 sum-

1896 4772 2023 4839 ptio,
2060 4772 2258 4837 λῆμμαῖ
2288 4772 2372 4824 dic
2420 4772 2543 4839 ipsis
2588 4788 2599 4821 :
2635 4770 2738 4822 V'os
2785 4769 2910 4821 estis
2953 4770 3180 4836 sumptio
3226 4770 3450 4822 Domini.

1895 4860 2110 4927 Rapiam
2137 4862 2277 4914 enim
2308 4874 2401 4912 vos
2431 4860 2686 4925 rapinam,
2717 4867 2768 4910 et
2792 4871 3028 4925 rumpam
3061 4871 3172 4919 vos,
3208 4874 3272 4911 ne
3303 4858 3453 4911 dein-

1896 4964 2020 5014 ceps
2056 4949 2242 5003 dicatis
2272 4949 2620 5013 sumptionem
2656 4964 2673 4994 ›
2722 4943 2848 5013 (Jer.
2893 4944 2979 4999 ‘23.
3032 4945 3145 5012 35).
3187 4946 3241 4999 Si
3283 4947 3453 5013 itaque

1894 5054 2053 5090 unum
2086 5039 2300 5090 verbum
2327 5038 2648 5096 immutetur,
2674 5034 2810 5087 Deus
2832 5035 3181 5088 comminatur
3205 5052 3217 5085 :
3250 5044 3301 5087 tu
3330 5050 3454 5087 vero

1893 5126 2342 5193 integerrimorum
2380 5123 2678 5191 dogmatum
2724 5124 3110 5177 accurationem
3160 5125 3456 5189 pervertis?

1893 5215 2060 5275 Patris
2092 5229 2278 5265 nomen
2307 5214 2697 5266 circumscribis
2738 5232 2749 5266 :
2778 5214 2894 5265 Filii
2923 5214 3227 5282 dignitatem
3254 5213 3453 5267 inﬁcia-

1890 5302 1982 5365 ris,
2016 5304 2178 5354 sancti
2212 5302 2438 5369 Spiritus
2465 5304 2681 5371 gloriam
2712 5304 2969 5371 abrogas?
2996 5318 3117 5355 num
3149 5317 3330 5355 manus
3360 5302 3448 5353 Dei

1889 5393 2142 5461 effugies?
2171 5393 2340 5447 Grave
2384 5404 2462 5448 est
2509 5405 2562 5448 et
2610 5394 2877 5457 horribile,
2924 5396 3140 5448 verbum
3188 5393 3279 5446 Dei
3326 5392 3445 5454 vivi,

1890 5481 2097 5534 Domini
2126 5480 2221 5534 Dci
2250 5484 2437 5549 nostri,
2484 5492 2801 5550 pervertere.
2849 5481 2900 5537 Si
2943 5482 3098 5535 verba
3130 5481 3297 5547 aliqua
3334 5494 3452 5547 per-

1887 5580 2177 5635 vertuntur,
2210 5572 2352 5626 Deus
2384 5573 2682 5641 indignatur
2715 5591 2726 5624 :
2758 5583 2811 5627 et
2835 5572 3162 5640 dogmatibus
3188 5570 3452 5622 subversis

1887 5674 1991 5715 non
2014 5661 2305 5715 irascetur?
2326 5663 2472 5716 Tune
2498 5666 2775 5718 Servatore
2803 5664 3087 5731 sapientior
3104 5662 3125 5710 ‘?
3142 5671 3268 5715 teun
3289 5660 3447 5717 Evam
