3996 6418
205 400 317 456 407

207 498 363 566 Θεοῦ,
406 500 666 569 φοϐήθητι
703 499 877 553 ἐκεῖνο
900 502 960 554 τὸ
978 500 1202 570 φοϐερὸν
1237 503 1424 573 ὄνομα,
1450 502 1541 554 καὶ
1567 501 1761 553 ἀπόδυο

211 615 302 651 σαι
355 598 459 667 τὴν
507 596 739 661 κακίαν,
779 598 870 650 καί
912 598 1143 651 άνάλαϐε
1188 600 1286 670 τὴν
1330 600 1631 669 μετάνοιαν,
1666 600 1760 651 καὶ

206 696 475 764 ἐγγυᾶταί
508 696 657 764 σουή
687 695 865 758 πίστις
902 697 1002 765 τὴν
1036 699 1325 767 σωτηρίαν.
1357 698 1625 752 Μετάνοια
1653 698 1758 767 γὰρ

210 793 482 864 σωτηρίαν
498 796 655 857 ποιεῖ,
678 795 769 846 καὶ
791 793 896 847 τῶν
917 795 974 847 ἐν
999 795 1224 864 αἱρέσει,
1248 796 1340 848 καὶ
1360 794 1467 847 τῶν
1488 798 1543 847 ἐν
1567 799 1757 858 κακαῖς

208 892 441 959 πράξεσι
462 891 853 960 τυγχανόντων.

281 995 355 1051 ς’.
392 988 663 1042 Μετάνοια
693 987 813 1056 ῥίζα
842 990 1167 1054 θεοσεϐείας.
1198 993 1630 1063 Μετανοήσωμεν
1664 991 1756 1049 οῦν

208 1082 305 1133 καὶ
350 1082 755 1151 δυσωπήσωμεν
794 1082 884 1136 τὸν
920 1084 1050 1137 Θεὸν
1092 1088 1157 1155 τῇ
1203 1088 1487 1157 μετανοίᾳ,
1533 1089 1618 1140 ἴνα
1662 1091 1757 1141 καὶ

208 1181 479 1251 πολέμους
510 1184 764 1255 ἀφανίσῃ,
808 1187 900 1263 καὶ
933 1186 1232 1257 βαρϐάρους
1278 1188 1468 1260 σϐέσῃ,
1516 1191 1607 1242 καὶ
1648 1190 1755 1242 τῶν

208 1280 418 1350 ἐχθρῶν
466 1283 566 1344 τὰς
612 1283 999 1345 ἐπαναστάσεις
1042 1284 1282 1357 θραύσῃ,
1325 1287 1418 1339 καὶ
1465 1288 1574 1357 δῴη
1626 1290 1753 1358 ήμῖν

211 1377 431 1430 πάντων
453 1377 562 1430 τῶν
595 1377 813 1445 ἀγαθῶν
843 1378 940 1448 τήν
969 1380 1278 1436 ἀπόλαυσιν.
1322 1384 1457 1439 Πολὺ
1507 1384 1636 1437 Θεὸν
1665 1385 1751 1451 ἐξ-

206 1474 449 1527 ιλεοῦτιι
485 1476 768 1545 μετάνοια,
801 1477 928 1531 ὅταν
967 1495 1049 1541 τις
1073 1481 1306 1549 γνησίως
1343 1483 1660 1555 προσδράμῃ
1685 1486 1749 1553 τῇ

211 1569 485 1639 μετανοίᾳ.
513 1568 635 1622 Οῖόν
661 1588 712 1622 τι
739 1570 910 1639 λέγω’
940 1572 1187 1641 Ἦμαρτέ
1212 1590 1337 1626 ποτε
1365 1575 1392 1626 6
1419 1575 1542 1638 λαὸς
1560 1579 1607 1640 ⁸,
1634 1593 1751 1645 μετ-

202 1665 395 1735 ενόησε
425 1667 519 1719 καὶ
540 1668 815 1737 ἐδάκρυσε,
839 1670 983 1737 λέγει
1012 1671 1039 1722 6
1067 1670 1196 1733 Θεός
1215 1687 1228 1701 ’
1247 1672 1494 1726 Ἀκούων
1518 1673 1751 1742 ἥκουσα

206 1764 311 1817 τοῦ
350 1768 683 1834 στεναγμοῦ
713 1768 984 1836 Ἐφραῒμ,
1015 1768 1370 1838 ὀδυρομένου
1407 1770 1504 1823 καί
1547 1771 1751 1840 λέπτον-

202 1877 341 1926 τος·
379 1863 768 1928 Ἐπαίδευσάς
793 1880 887 1931 με,
907 1866 1094 1931 Κύριε,
1123 1865 1220 1918 καί
1239 1868 1346 1919 οὐκ
1378 1867 1746 1934 ἐπαιδεύθην,

202 1960 339 2011 ἀλλ’
366 1960 657 2026 ἐγενόμην
673 1961 751 2024 ὡς
765 1963 996 2029 μόσχος
1016 1962 1327 2028 ἀδίδακτος
1346 1979 1360 1993 ο
1382 1964 1749 2034 ἑπίστρεψόν

199 2073 293 2123 με,
318 2058 415 2109 καὶ
434 2057 963 2126 ἐπιστραφήσομαι.
981 2062 1087 2112 Καὶ
1118 2061 1168 2113 τί
1194 2061 1325 2131 πρὸς
1353 2061 1510 2116 αὐτὸν
1533 2064 1560 2116 6
1580 2064 1743 2130 Θεόςς

215 2153 358 2206 Ἀνθ*
386 2147 476 2205 ὧν
494 2158 547 2208 οἱ
574 2155 735 2222 λόγοι
758 2172 875 2222 μου
895 2156 1049 2209 εἰσὶν
1080 2157 1148 2211 ἐν
1182 2157 1357 2223 αὐτῷ,
1401 2162 1470 2213 οὐ
1493 2162 1578 2229 μὴ
1603 2162 1747 2217 ἀνα-

196 2251 623 2319 μνησθήσομαι
653 2253 856 2316 αὑτοῦ,
890 2254 987 2307 καί
1025 2256 1255 2321 ἐλεήσω
1295 2260 1496 2311 αὐτόν.
1546 2260 1747 2330 Μηδείς

201 2367 264 2402 σε
291 2349 554 2412 πτοείτων
597 2351 671 2421 μὴ
711 2353 895 2422 φήμη.
958 2354 1030 2422 μὴ
1084 2354 1368 2425 βαρϐάρων
1408 2358 1620 2425 γνόφοςο
1673 2360 1744 2429 μὴ

200 2450 397 2519 ὀμίχλη
434 2450 632 2519 πολλή·
662 2450 763 2503 κᾶν
794 2452 1147 2522 ἀναρίθμητοι
1171 2448 1302 2507 ὦσιν
1326 2458 1373 2508 ot
1406 2456 1649 2527 πολέμιοι
1670 2459 1745 2528 τῷ

198 2546 428 2615 πλήθει,
483 2548 512 2598 6
552 2548 810 2617 ήμέτερος
858 2549 1167 2621 ὕπέρμαχος
1214 2552 1569 2624 ἰσχυρότερος.
1621 2556 1744 2608 Ἐὰν

198 2645 471 2715 ἅιλιάσῃς
530 2646 590 2698 τὸ
639 2646 836 2716 πλῆθος
881 2647 1259 2719 ὑφορώμενος,
1305 2651 1447 2719 λέγει
1505 2652 1639 2722 πρὸς
1684 2654 1742 2705 σέ

212 2742 511 2801 Ἐλισσαῖος
544 2746 572 2796 6
602 2747 896 2813 προφήτης·
933 2740 1027 2813 Μὴ
1070 2748 1287 2814 φοϐοῦ*
1322 2751 1563 2814 πλείους
1587 2752 1744 2803 εἰσιν
1808 2792 1815 2793 κ

197 2844 254 2894 οὶ
286 2841 414 2908 μεθ’
454 2839 639 2908 ἡμῶν,
689 2841 727 2907 ἢ
759 2844 811 2893 οί
852 2844 975 2909 μετ’
1013 2842 1224 2897 αὐτῶν.
1271 2834 1413 2898 Ἐκεῖ
1458 2847 1743 2917 βαρϐάρων

199 2933 401 3003 πλῆθος
423 2973 439 2997 ,
478 2927 578 2987 ὧδε
606 2934 847 3001 ἀγγέλων
892 2935 1118 3004 φάλαγξ.
1156 2938 1274 2990 Τῶν
1322 2938 1554 2992 εὐσεϐῶν
1582 2942 1744 3011 ὑπερ-

202 3035 364 3101 μαχεῖ
407 3031 736 3099 ἀγγελικὸςδ
764 3033 1016 3101 στρατὸς,
1060 3036 1347 3105 προφητῶν
1384 3037 1573 3107 χορὸς,
1607 3040 1740 3092 ἀπο-

198 3129 399 3181 στόλων
424 3129 667 3199 δύναμις,
718 3130 1004 3201 μαρτύρων
1031 3133 1327 3202 πρεσϐεῖαι.
1359 3136 1449 3205 Μὴ
1480 3136 1702 3207 νομίσῃς
1724 3176 1738 3200 ν

197 3223 281 3274 ὅτι
316 3222 587 3294 μάρτυρες
625 3224 782 3293 μόνον
810 3224 1189 3295 πρεσϐεύουσιν
1219 3227 1354 3297 ὑπὲρ
1378 3229 1531 3297 ἡμῶν
1550 3246 1562 3258 θ
1604 3231 1735 3283 ἀλλὰ

196 3317 291 3369 καὶ
315 3318 532 3383 ἄγγελοι
560 3319 617 3368 ἐν
644 3322 759 3381 ταῖς
786 3320 1021 3387 θλίψεσιν
1050 3322 1343 3375 ἱκετεύουσι
1366 3325 1454 3376 τὸν
1474 3325 1623 3377 Θεόν·
1648 3327 1742 3378 καὶ⁸

194 3411 260 3463 ού
290 3410 449 3478 μόνον
479 3412 825 3475 ἱκετεύουσιν,
872 3412 1003 3466 ἀλλὰ
1041 3416 1132 3467 καὶ
1177 3416 1461 3486 ἀπόκρισιν
1501 3417 1740 3486 δέχονται

198 3505 348 3573 παρά
377 3504 469 3556 τοῦ
496 3504 813 3575 Εὐεργέτου.
862 3507 1022 3574 Λέγει
1064 3510 1330 3578 Ζαχαρίας
1362 3511 1390 3561 ὁ
1428 3512 1738 3581 προφήτης’

200 3602 307 3654 Καὶ
350 3602 634 3669 ἀπεκρίθη
664 3606 697 3658 ό
724 3603 1001 3673 ἅγγελος,
1038 3608 1071 3659 ό
1120 3605 1323 3659 λαλῶν
1348 3607 1416 3660 ἐν
1454 3610 1602 3676 ἐμοὶ,
1646 3611 1742 3663 καί

194 3695 326 3753 εἷπε
348 3702 494 3767 πρὸς
518 3703 756 3768 Κύριον.
777 3702 922 3773 Αὕτη
951 3706 983 3773 ή
1008 3705 1136 3774 εὐχὴ
1165 3705 1258 3757 τοῦ
1289 3706 1516 3773 ἀγγέλου
1536 3723 1547 3735 '
1567 3711 1615 3759 Κ
1621 3709 1741 3774 ὐριε

192 3799 622 3866 παντοκράτορ,
666 3800 776 3865 ἓως
810 3802 949 3853 πότε
998 3803 1069 3854 οὐ
1091 3803 1174 3869 μὴ
1218 3803 1475 3870 ἐλεήσῃς
1502 3805 1615 3871 τὴν
1643 3806 1742 3857 Ἰε-

189 3896 535 3961 ρουσαλὴμ,
564 3896 660 3948 καί
696 3899 802 3961 τὰς
827 3900 1029 3963 πόλεις
1078 3900 1277 3961 Ἰούδα,
1306 3900 1378 3965 ἂς
1401 3901 1739 3967 ὑπερεῖδες;

200 3990 381 4042 Τοῦτο
412 3989 848 4058 ἑϐδομηκοστὸν
891 3993 1042 4056 ἔτος.
1078 3993 1141 4044 Τί
1172 3989 1291 4057 οῦν;
1325 3995 1680 4063 ἀπεπέμψατο
1709 3997 1738 4047 6

191 4086 325 4149 Θεὸς
355 4086 451 4156 τὴν
490 4088 777 4157 πρεσϐείαν
804 4088 896 4144 τοῦ
930 4089 1193 4157 ἀγγέλους
1226 4092 1314 4160 Μὴ
1345 4092 1578 4156 γένοιτο·
1610 4094 1742 4146 ἀλλά

194 4180 247 4231 τί
266 4200 280 4245 ;
314 4182 633 4249 Ἀπεκρίθη,
664 4182 815 4251 φησὶ,
839 4184 1049 4250 Κύριος
1077 4185 1225 4251 πρὸς
1242 4186 1346 4238 τὸν
1369 4185 1619 4253 ἄγγελον
1640 4186 1742 4238 τὸν

193 4273 498 4325 λαλοῦντα
524 4274 592 4326 ἐν
629 4274 756 4342 ἐμοὶ
783 4276 1013 4343 ῥήματα
1054 4278 1474 4343 παρακλητικὰ,
1515 4279 1609 4331 καὶ
1638 4281 1740 4331 λό-

199 4382 343 4432 γους
376 4369 869 4433 παρωαὶητικούς.
901 4370 1368 4439 Παρακαλέσωμεν
1392 4370 1483 4423 τὸν
1507 4372 1609 4425 τῶν
1642 4374 1740 4440 άγο

196 4458 369 4523 γέλων
397 4461 689 4527 Δεσπότην,
721 4462 814 4513 καὶ
836 4462 931 4513 ἕνα
955 4462 1181 4529 ἄγγελον
1206 4464 1505 4527 ἀποστελεῖ,
1534 4466 1626 4519 καὶ
1647 4470 1742 4520 πᾶ-

197 4568 294 4603 σαν
322 4552 431 4603 τῶν
460 4554 709 4605 ἐναντίων
738 4554 833 4622 τὴν
864 4556 1110 4622 φάλαγγα
1146 4558 1445 4627 σκορπίσει.
1485 4558 1621 4626 Ἐγὼ
1648 4562 1740 4613 καὶ

193 4644 290 4714 τὴν
320 4646 614 4715 κηρόχυτον
644 4647 856 4716 γραφὴν
882 4648 1141 4718 ἠγάπησα
1172 4650 1449 4713 εὐσεϐείας
1477 4650 1621 4722 [414]
1646 4670 1742 4704 πε-

196 4741 582 4810 πληρωμένην.
611 4738 759 4793 Εἶδον
783 4746 835 4795 ἐν
863 4744 1026 4796 εἰκόνι
1053 4745 1277 4812 ἄγγελον
1306 4745 1587 4799 ἐλαύνοντα
1608 4748 1739 4818 νέφη

194 4834 507 4904 βαρϐάρων,
539 4832 673 4887 εἶδον
698 4838 1005 4905 πατούμενα
1048 4839 1333 4909 βαρϐάρων
1361 4840 1519 4908 φῦλα,
1548 4843 1742 4895 καὶτὸν

192 4927 357 4979 Δαυῖδ
377 4927 703 4996 ἀληθεύοντα
724 4944 736 4957 ·
769 4928 964 4997 Κύριε,
999 4930 1068 4983 ἐν
1091 4932 1164 4999 τῇ
1188 4936 1359 4986 πόλει
1382 4949 1495 4987 σου
1521 4934 1633 5001 τὴν
1664 4938 1743 4988 εί·-

190 5024 342 5076 κόνα
387 5022 583 5075 αὐτῶν
614 5023 1051 5089 ἐξουδενώσεις.
1096 5027 1311 5093 Λεγέτω
1342 5029 1432 5079 καὶ
1479 5028 1571 5081 νῦν
1618 5030 1741 5098 περὶ

186 5126 219 5189 ἡ
230 5122 349 5191 μῶν
381 5121 409 5172 6
446 5122 711 5193 μακάριος
753 5124 912 5175 Δαυῖδ
933 5139 945 5152 ·
985 5125 1297 5193 Γενηθήτω
1318 5127 1355 5193 ἠ
1384 5126 1521 5192 όδὸς
1548 5127 1742 5181 αὐτῶν

184 5216 409 5281 σκότος
432 5216 527 5268 καί
568 5217 877 5284 ὀλίσθημα,
904 5217 1000 5269 καί
1031 5217 1280 5287 ἄγγελος
1315 5219 1533 5287 Κυρίου
1566 5237 1740 5274 κοτα-

253 5527 278 5553 ι
305 5527 383 5572 Sic
408 5525 714 5572 reslituimus
735 5539 792 5574 ex
831 5528 983 5575 tribus
1009 5543 1119 5575 mss.

214 5584 386 5692 ἀναξία
424 5598 551 5634 unus
603 5592 753 5644 recte,
796 5596 844 5637 el
884 5590 949 5635 sic
989 5590 1109 5651 legit
1152 5589 1411 5648 interpres.
1464 5589 1557 5636 A'ii
1602 5590 1735 5648 εὐαγ-

187 5660 213 5701 Υ
347 5663 383 5699 C-

1319 385 1596 442 HOMILIA
1629 385 1715 439 DE
1753 385 2242 447 LEGISLATORE.

3292 412 3402 467 408

1863 504 2086 558 διώκων
2131 508 2366 569 αὐτούς.
2405 501 2554 558 Οἶδεν
2593 506 2622 555 6
2663 503 2795 565 Θεὸς
2839 504 3121 572 διαφόρους
3160 502 3405 571 ἀφορμὰς

1863 597 2161 663 παρασχεῖν
2178 595 2312 663 πρὸς
2330 596 2427 663 τὴν
2449 594 2553 646 τῶν
2578 591 2847 661 πολεμίων
2870 591 3201 659 καθαίρεσιν.
3231 590 3403 662 Πολλὴ

1859 679 1926 751 ἦν
1955 685 1987 753 ή
2020 683 2318 753 παράταξις
2354 683 2447 735 τοῦ
2483 682 2818 750 Σενναχηρψ
2846 680 3104 749 βασιλέως
3137 679 3244 732 τῶν
3280 681 3405 731 Ἀσ-

1862 771 2077 840 συρίων,
2124 773 2215 824 καὶ
2264 770 2345 834 είς
2378 771 2600 838 ἄγγελος
2635 769 2951 830 ἀποσταλεὶς
2992 768 3180 821 ἑκατὸν
3223 769 3402 839 ὁγδοή-

1860 878 2020 915 κοντα
2063 861 2221 914 πέντε
2260 861 2495 929 χιλιάδας
2520 860 2805 929 έστρωσεν.
2846 859 3028 926 Ἡμεῖς
3053 860 3098 910 οἰ
3130 858 3398 925 ἅνθρωποι

1857 949 2209 1020 ἀνθρωπίνοις
2256 949 2529 1017 λογισμοῖς
2567 946 2865 1016 μετροῦμεν
2905 946 2971 997 τὰ
3017 945 3395 1013 συμϐαίνοντα,

1858 1043 1948 1094 καὶ
1972 1040 2197 1109 λέγομεν
2224 1039 2342 1093 καθ’
2366 1036 2587 1099 ἐαυτούς
2605 1052 2619 1066 ο
2650 1036 2712 1087 Τί
2739 1035 2959 1103 γίνεται,
2983 1033 3074 1086 ἐὰν
3104 1034 3175 1104 μὴ
3201 1034 3393 1103 εὑρεθῇ

1857 1126 2187 1196 στρατιώτης
2207 1128 2262 1178 ἐν
2283 1127 2394 1187 τοῖς
2417 1124 2605 1194 μέρεσι
2630 1122 2832 1185 τούτοις
2853 1139 2866 1187 ;
2896 1122 2988 1173 ἐὰν
3008 1121 3135 1190 πρὶν
3163 1120 3194 1190 ἢ
3217 1121 3394 1191 φθάσῃ

1853 1218 1882 1268 6
1928 1216 2246 1285 στρατηγὸς,
2296 1214 2499 1275 πάντας
2531 1212 2873 1280 πορθήσωσι,
2904 1210 2956 1261 τί
2983 1209 3267 1277 ποιοῦμεν;
3302 1209 3392 1279 Μὴ

1853 1303 1960 1372 γὰρ
1994 1304 2173 1372 ἐπειδὴ
2218 1302 2279 1355 σὺ
2312 1301 2665 1372 προλαμϐάνῃ
2686 1339 2699 1361 ,
2735 1299 2828 1352 καὶ
2852 1298 2981 1360 Θεὸς
3022 1298 3393 1367 προλαμϐάνε-

1853 1410 1975 1458 ται;
2009 1394 2080 1462 μὴ
2123 1393 2228 1462 γὰρ
2257 1392 2439 1461 ἐπειδὴ
2471 1393 2534 1444 σὺ
2572 1391 2668 1443 οὐκ
2700 1385 2749 1442 εἷ
2790 1386 3079 1457 πανταχοῦ,
3123 1386 3249 1448 Θεὸς
3291 1388 3390 1437 οὐκ

1850 1482 1965 1535 ἔστι
2008 1480 2307 1549 πανταχοῦς
2341 1479 2415 1550 μὴ
2442 1479 2548 1549 γάρ
2573 1480 2631 1531 τὸ
2664 1479 2759 1547 μὲν
2801 1477 3015 1529 δύναται
3048 1475 3195 1537 Θεὸς,
3244 1474 3302 1526 τὸ
3333 1474 3390 1528 δὲ

1849 1570 1907 1621 οὒ
1940 1568 2185 1631 δύναται;
2221 1567 2282 1619 Ἦ
2314 1567 2511 1636 ἄψυχος
2545 1567 2780 1619 θάλασσα
2819 1566 3107 1633 ὑπήκουσε,
3143 1565 3233 1617 καὶ
3260 1563 3389 1617 ἐϐύ-

1851 1660 1996 1712 θισεν
2016 1675 2030 1688 ο
2063 1661 2108 1710 οἱ
2137 1658 2316 1724 ἄλογοι
2351 1656 2527 1724 ἰχθύες
2563 1658 2875 1725 ὑπήκουσαν
2892 1659 2956 1726 τῇ
2984 1656 3125 1725 ἄγρᾳ
3146 1657 3349 1723 Πέτρου
3369 1672 3384 1687 ο

1849 1749 1941 1799 καὶ
1970 1745 2213 1812 ἄγγελος,
2241 1745 2332 1797 ἐὰν
2358 1743 2615 1813 κελευσθῇ
2641 1783 2655 1806 ,
2683 1744 2833 1807 ὅλους
2859 1746 2955 1796 οὐκ
2979 1745 3227 1811 ἀφανίσει
3264 1745 3386 1805 τοὺς

1811 1877 1830 1887 -
1849 1835 2070 1904 ἐχθροὺς
2095 1834 2189 1902 τῆς
2214 1832 2490 1902 άληθείας;
2513 1834 2684 1886 Μόνον
2717 1833 2989 1903 νήφωμεν,
3023 1832 3177 1901 μόνον
3208 1848 3381 1900 παραο

1848 1922 2179 1992 καλέσωμεν,
2210 1921 2370 1989 μόνον
2400 1921 2776 1989 ἰκετεύσωμεν.
2815 1921 3057 1990 Ἐνόμισέ
3084 1935 3166 1983 τις
3190 1922 3247 1972 ἐν
3275 1922 3387 1983 τοῖς

1846 2014 2090 2083 ἀρχαίοις
2123 2012 2488 2083 στρατηλάτης
2518 2013 2762 2082 ἀριστοςο
2800 2010 2937 2077 λέγω
2974 2010 3037 2079 δὴ
3079 2009 3238 2078 κοινῷ
3265 2010 3382 2062 6V6-

1848 2121 1997 2173 ματι,
2029 2106 2113 2158 ῖνα
2133 2105 2263 2157 πᾶσι
2289 2105 2582 2174 κατάδηλος
2603 2104 2822 2173 γένηται
2839 2121 2850 2134 ·
2881 2103 3094 2172 ἐνόμισέ
3117 2120 3199 2163 τις
3222 2120 3385 2172 στρα-

1844 2194 2011 2262 τηγὸσ
2033 2193 2139 2245 τῶν
2170 2192 2471 2259 ἀλλοφύλων
2504 2194 2532 2245 6
2566 2190 2800 2261 Σισάρα·
2835 2190 3098 2259 μέμνηται
3127 2189 3182 2240 δέ
3221 2186 3381 2241 αὑτοῦ

1847 2282 1939 2335 καὶ
1967 2280 2125 2333 Δαυῒδ
2156 2280 2325 2347 λόγων
2345 2298 2358 2311 ·
2387 2280 2648 2347 Ποίησον
2684 2278 2882 2342 αὐτοῖς
2917 2278 2993 2340 ὡς
3021 2275 3095 2343 τῇ
3126 2274 3381 2341 Μαδιὰμ,

1845 2369 1943 2422 καί
1978 2368 2054 2432 τῷ
2092 2368 2332 2435 Σισάρᾳ,
2378 2369 2457 2433 ὡς
2503 2366 2581 2432 τῷ
2629 2366 2841 2433 Ἰαϐεὶμ
2876 2366 2943 2416 ἐν
2977 2362 3055 2427 τῷ
3098 2362 3382 2430 χειμάρῤφ

1843 2457 2104 2512 Κισσῶν.
2144 2459 2198 2510 '0
2238 2457 2439 2525 ἰαϐεἰμ
2470 2456 2717 2524 βασιλεὺς
2756 2450 2822 2523 ἦν
2866 2454 2971 2504 τῶν
3000 2451 3324 2518 ἀλλοφύλων,
3351 2451 3378 2500 6

1842 2544 2045 2614 Σισὰρα
2087 2545 2531 2613 ἀρχιστράτηγος.
2577 2537 2683 2594 Ἦν
2725 2540 2869 2611 αύτῷ
2919 2541 3137 2609 ἅρματα
3191 2538 3381 2606 σιδηρᾶ

1840 2632 2150 2695 ὀκτακόσια,
2170 2632 2263 2684 καὶ
2293 2632 2487 2700 πλῆθος
2512 2631 2751 2698 ἄπειρον.
2770 2626 3035 2693 Ἐφοϐήθη
3060 2627 3088 2676 6
3119 2624 3243 2685 λαὸς
3272 2623 3379 2673 τῶν

1854 2720 2133 2780 Ἰουδαίων,
2167 2715 2271 2769 εἶδε
2307 2717 2365 2767 τὸ
2398 2717 2570 2782 νέφος,
2602 2715 2693 2766 καὶ
2736 2712 2935 2782 ἔφριξε.
2968 2711 3032 2761 Τί
3066 2706 3155 2762 οὖν
3190 2711 3218 2761 6
3263 2708 3380 2776 φιλ-

1842 2806 2120 2880 άνθρωπος
2160 2805 2288 2866 Θεὸς
2322 2803 2467 2871 λέγει
2512 2803 2597 2855 διὰ
2629 2803 2727 2870 τῆς
2766 2799 3084 2870 προφήτιδος
3129 2799 3378 2867 Δεϐώρας

1839 2896 1917 2967 τῷ
1958 2895 2254 2964 ὑπερμάχῳ
2298 2894 2395 2962 τῆς
2443 2891 2752 2954 εὐσεϐείαςς
2791 2889 2884 2955 Μὴ
2928 2886 3221 2955 φοϐηθῇς·
3253 2887 3378 2940 ιδυὺ

1840 2984 2203 3053 παραδίδωσί
2230 2996 2325 3035 σοι
2352 2981 2534 3035 αὐτὸν
2556 2981 2763 3047 Κύριος
2786 2981 2869 3043 είς
2894 2978 2998 3042 τὰς
3022 2975 3220 3045 χεῖράς
3240 2992 3377 3037 σου,

1840 3075 1930 3128 καὶ
1958 3074 2105 3126 ἔσται
2132 3072 2192 3125 τὸ
2226 3071 2547 3140 κατόρθωμα
2583 3069 2640 3121 οὐ
2670 3068 2767 3136 τῆς
2803 3067 2977 3136 χειρός
3007 3083 3119 3126 σου,
3160 3065 3272 3117 ἀλλ’
3301 3065 3375 3125 εἰς

1839 3163 2020 3231 χεῖρας
2048 3159 2316 3226 γυναικός.
2361 3158 2532 3210 Βλέπε
2564 3157 2677 3218 πῶς
2717 3156 2745 3207 6
2776 3155 2903 3217 Θεὸς
2946 3153 3039 3223 τὴν
3073 3151 3376 3216 ἀλαζονείαν

1838 3247 2113 3299 ἐκόλασεν.
2149 3246 2368 3314 Ἀνδρες
2394 3245 2487 3311 οὑχ
2532 3243 2858 3312 ὑπέστησαν,
2894 3242 2985 3293 καὶ
3019 3239 3151 3309 γυνὴ
3187 3242 3370 3308 ἐστρα-

1838 3334 2090 3403 τήγησεν.
2143 3332 2395 3401 Εἰσῆλθεν
2433 3335 2459 3385 6
2493 3332 2695 3399 Σισάρα
2729 3330 2939 3398 φεύγων
2971 3330 3102 3398 πρὸς
3143 3328 3239 3397 τὴν
3278 3344 3373 3394 γυο

1840 3425 1996 3474 ναῖκα
2013 3422 2153 3490 Ἰαὴλ
2177 3420 2490 3490 λεγομένην,
2514 3422 2606 3471 καὶ
2631 3418 2865 3471 καύσωνι
2885 3417 3308 3485 κατειλημμένος
3329 3418 3375 3478 ⁸,

1843 3511 1984 3563 αίτεῖ
2014 3509 2141 3577 παρ’
2171 3508 2337 3577 αὐτῆς
2378 3506 2550 3576 ὕδωρ
2600 3508 2632 3575 ή
2671 3506 2728 3558 δὲ
2773 3506 2975 3568 ποτίζει
3011 3504 3169 3557 αὐτὸν
3214 3503 3372 3571 γάλα.

1842 3597 1982 3665 Ὅρα
2006 3597 2193 3663 σοφίαν
2218 3596 2484 3663 γυναικός.
2523 3594 2734 3664 Ἐπειδὴ
2761 3594 2867 3662 γὰρ
2985 3592 3378 3661 καταψυκτικδν

1838 3686 1897 3736 τὸ
1925 3686 2082 3752 γάλα,
2115 3686 2207 3736 καὶ
2235 3686 2311 3746 εἰς
2332 3684 2491 3737 ὕπνον
2522 3683 2974 3751 προκαλούμενον,
2993 3681 3194 3745 ποτίζει
3221 3680 3378 3733 αὑτὸν

1840 3774 1998 3840 γάλα,
2029 3774 2114 3825 ἵνα
2142 3772 2409 3842 ἁληθεύσῃ
2442 3774 2474 3841 ή
2506 3772 2695 3841 Γραφὴ
2724 3774 2755 3840 ή
2786 3772 3034 3838 λέγουσα,
3069 3771 3243 3837 Ὗδωρ
3272 3773 3379 3823 αὐ-

1840 3861 1951 3928 τὴν
1976 3863 2181 3929 ᾔτησε,
2222 3862 2319 3914 καὶ
2343 3861 2493 3930 γάλα
2524 3861 2760 3924 ἔδωκεν,
2804 3862 2886 3913 ἵνα
2921 3862 3013 3913 καλ⁵
3044 3861 3252 3931 ποτίσῃ,
3286 3860 3380 3910 καὶ

1839 3950 2079 4022 κοιμίσῃ.
2131 3946 2262 4003 Εἶτα
2308 3947 2652 4017 κοιμηθέντος
2696 3947 2789 3999 τοῦ
2840 3947 3157 4014 ἀλλοφύλου,
3199 3945 3376 4008 ἔλαϐε,

1840 4040 2021 4108 φησὶν,
2048 4042 2079 4107 ή
2108 4039 2243 4107 γυνὴ
2269 4038 2445 4106 ἐκείνη
2476 4037 2748 4089 πάσσαλον
2782 4037 2875 4089 καὶ
2907 4035 3134 4104 σφῦραν,
3164 4036 3255 4087 καὶ
3277 4038 3376 4086 ἐπ-

1839 4124 2037 4195 έδραμε
2058 4127 2134 4195 τῷ
2157 4126 2415 4194 πολεμίῳ.
2442 4126 2549 4176 Καὶ
2576 4126 2674 4194 ὅρα
2699 4126 2886 4189 σοφίαν
2913 4124 3183 4191 γυναικός.
3213 4124 3308 4175 Διὰ
3327 4125 3379 4175 τί

1839 4219 1937 4269 οὐκ
1965 4215 2118 4267 ἐλαϐε
2151 4215 2300 4280 ξίφος
2348 4215 2380 4282 ἢ
2415 4215 2698 4281 μάχαιραν,
2733 4213 2864 4264 ἀλλὰ
2888 4212 3189 4275 πάσσαλον;
3227 4213 3382 4278 Ἐφο-

1840 4307 1999 4376 ϐήθη,
2027 4307 2101 4368 ὡς
2124 4306 2278 4372 γυνὴ,
2299 4304 2372 4373 μὴ
2394 4303 2613 4367 ἔξυπνος
2636 4303 2915 4371 γενόμενος
2943 4300 3214 4370 καταλάϐῃ
3234 4298 3379 4372 [415]

1840 4396 2007 4466 αὐτὴν
2026 4394 2352 4463 κατέχουσαν
2374 4392 2541 4460 ξίφος.
2568 4392 2665 4444 Διὰ
2689 4393 2842 4443 τοῦτο
2860 4394 2919 4444 οὑ
2948 4390 3204 4459 λαμϐάνει
3224 4390 3383 4442 ὅπλον

1841 4484 2049 4554 ἀνδρὸς,
2079 4482 2192 4535 ἀλλ’
2221 4482 2550 4551 ἐπιτήδευμα
2581 4483 2900 4547 γυναικεῖον.
2937 4479 3095 4541 Ἐθος
3123 4477 3229 4548 γὰρ
3262 4481 3381 4541 ταῖς

1839 4571 2255 4643 διεζωσμέναιςά
2302 4571 2513 4638 γυναιξὶ
2546 4571 2815 4622 πάσσαλον
2843 4570 3191 4639 κατακρούειν
3221 4572 3276 4621 ἐν
3305 4568 3383 4637 τῷ

1843 4663 2022 4729 τοίχῳ,
2057 4662 2147 4713 καὶ
2175 4658 2315 4710 οὕτω
2348 4658 2581 4727 μετιέναι
2606 4656 2700 4725 τὴν
2738 4656 2865 4707 ἰδίαν
2898 4654 3172 4723 ἐργασίαν.
3204 4654 3384 4704 Κατα-

1844 4750 2089 4813 σκευάζει
2110 4745 2199 4800 οὖν
2219 4748 2323 4801 ἀπὸ
2346 4747 2436 4798 τοῦ
2454 4746 2759 4797 ἀνυπόπτου
2784 4744 2899 4796 ὁδὸν
2924 4744 3193 4813 δευτέραν.
3213 4743 3386 4795 Ἐπει-

1840 4840 1903 4909 δὴ
1933 4840 1986 4891 δὲ
2018 4842 2044 4891 6
2073 4838 2201 4899 Θεὸς
2236 4836 2560 4906 συνήργησε,
2611 4834 2701 4885 καὶ
2728 4833 2858 4884 Θεοῦ
2883 4828 2949 4901 ἦν
2978 4832 3133 4901 ἔργον
3164 4831 3381 4901 πληρῶ-

1843 4948 1929 4982 σαι
1953 4929 2021 4981 τά
2043 4929 2141 4997 τῆς
2183 4927 2514 4997 προφητείας
2533 4942 2544 4954 ·
2573 4927 2632 4975 οὺ
2666 4924 2771 4992 γὰρ
2806 4919 2871 4992 ἦν
2903 4923 3112 4989 ἐκείνης
3141 4921 3199 4973 τὸ
3228 4937 3386 4990 στρα-

1840 5021 2058 5089 τήγημα
2081 5058 2095 5081 ,
2133 5017 2265 5070 ἀλλὰ
2304 5016 2436 5068 Θεοῦ
2464 5014 2523 5066 τὸ
2571 5012 2925 5081 ἀπόφθεγμα·
2969 5011 3069 5065 Ἐν
3098 5008 3241 5075 χειρί
3280 5007 3387 5078 γὰρ

1840 5110 2118 5178 γυναικὸς
2154 5108 2322 5160 ἔσται
2365 5110 2396 5159 ό
2435 5104 2683 5168 θάνατός
2721 5118 2854 5156 σου.
2892 5101 3200 5169 Συνήργησε
3234 5097 3382 5158 Θεὸς,

1844 5204 1993 5273 ὕπνῳ
2017 5205 2179 5273 δήσας
2217 5202 2304 5254 τὸν
2330 5201 2628 5270 ἀλάστορα,
2656 5198 2747 5251 καὶ
2801 5195 3033 5248 λαϐοῦσα
3068 5194 3100 5261 ὴ
3135 5191 3268 5261 γυνὴ
3301 5191 3387 5243 τὸν

1910 5532 1929 5557 τ
1959 5527 2088 5574 L’nus
2109 5524 2486 5581 κατειὶημμένος,
2513 5527 2661 5568 recte.
2686 5520 2823 5567 Alius
2847 5516 3186 5577 ἐπειλημμένος.
3216 5513 3386 5561 Morel.

1842 5596 1893 5636 cl
1919 5587 2063 5633 SaVil.
2092 5582 2445 5641 ἀπειλημμένος.

1905 5647 1931 5685 ἀ
1972 5646 2075 5694 Duo
2098 5657 2210 5691 mss.
2233 5642 2532 5704 διαζομέναις.
